|j|☆S0ul H3arTT
|j|☆Testing Teams 596
|inactive|Battle timer is ON: inactive players will automatically lose when time's up.
|t:|1655317533
|gametype|singles
|player|p1|S0ul H3arTT|schoolkid-gen4dp|
|player|p2|Testing Teams 596|schoolkid-gen4dp|
|teamsize|p1|6
|teamsize|p2|6
|gen|8
|tier|[Gen 8] National Dex AG
|rated|Tournament battle
|rule|HP Percentage Mod: HP is shown in percentages
|rule|Endless Battle Clause: Forcing endless battles is banned
|clearpoke
|poke|p1|Necrozma-Dusk-Mane|
|poke|p1|Zygarde|
|poke|p1|Calyrex-Shadow|
|poke|p1|Marshadow|
|poke|p1|Xerneas-*|
|poke|p1|Skarmory, M|
|poke|p2|Mew|
|poke|p2|Groudon|
|poke|p2|Stakataka|
|poke|p2|Stakataka|
|poke|p2|Rayquaza|
|poke|p2|Lunala|
|teampreview
|inactive|Testing Teams 596 also wants the timer to be on.
|inactive|S0ul H3arTT also wants the timer to be on.
|j| UnknownCan
|
|t:|1655317539
|start
|switch|p1a: Calyrex|Calyrex-Shadow|100/100
|switch|p2a: Mew|Mew|100/100
|-ability|p1a: Calyrex|As One
|-ability|p1a: Calyrex|Unnerve
|turn|1
|j| MrChildK
|
|t:|1655317545
|move|p1a: Calyrex|Taunt|p2a: Mew
|-start|p2a: Mew|move: Taunt
|cant|p2a: Mew|move: Taunt|Trick Room
|
|upkeep
|turn|2
|
|t:|1655317548
|switch|p2a: Stakataka|Stakataka|100/100
|-item|p2a: Stakataka|Air Balloon
|move|p1a: Calyrex|Astral Barrage|p2a: Stakataka
|-damage|p2a: Stakataka|17/100
|-enditem|p2a: Stakataka|Air Balloon
|
|upkeep
|turn|3
|
|t:|1655317550
|move|p1a: Calyrex|Astral Barrage|p2a: Stakataka
|-damage|p2a: Stakataka|0 fnt
|faint|p2a: Stakataka
|-ability|p1a: Calyrex|Grim Neigh|boost
|-boost|p1a: Calyrex|spa|1
|
|upkeep
|
|t:|1655317552
|switch|p2a: Mew|Mew|100/100
|turn|4
|
|t:|1655317556
|move|p1a: Calyrex|Taunt|p2a: Mew
|-start|p2a: Mew|move: Taunt
|cant|p2a: Mew|move: Taunt|Trick Room
|
|upkeep
|turn|5
|
|t:|1655317558
|switch|p2a: Stakataka|Stakataka|100/100
|-item|p2a: Stakataka|Air Balloon
|move|p1a: Calyrex|Astral Barrage|p2a: Stakataka
|-damage|p2a: Stakataka|0 fnt
|-enditem|p2a: Stakataka|Air Balloon
|faint|p2a: Stakataka
|-ability|p1a: Calyrex|Grim Neigh|boost
|-boost|p1a: Calyrex|spa|1
|
|upkeep
|l| UnknownCan
|
|t:|1655317560
|switch|p2a: Mew|Mew|100/100
|turn|6
|
|t:|1655317564
|move|p2a: Mew|Magic Coat|p2a: Mew
|-singleturn|p2a: Mew|move: Magic Coat
|move|p1a: Calyrex|Taunt|p2a: Mew
|move|p2a: Mew|Taunt|p1a: Calyrex|[from]Magic Coat
|-start|p1a: Calyrex|move: Taunt
|
|upkeep
|turn|7
|
|t:|1655317566
|move|p1a: Calyrex|Astral Barrage|p2a: Mew
|-supereffective|p2a: Mew
|-enditem|p2a: Mew|Focus Sash
|-damage|p2a: Mew|1/100
|move|p2a: Mew|Stealth Rock|p1a: Calyrex
|-sidestart|p1: S0ul H3arTT|move: Stealth Rock
|
|upkeep
|turn|8
|
|t:|1655317569
|move|p1a: Calyrex|Astral Barrage|p2a: Mew
|-supereffective|p2a: Mew
|-damage|p2a: Mew|0 fnt
|faint|p2a: Mew
|-ability|p1a: Calyrex|Grim Neigh|boost
|-boost|p1a: Calyrex|spa|1
|
|upkeep
|
|t:|1655317572
|switch|p2a: Rayquaza|Rayquaza|100/100
|-ability|p2a: Rayquaza|Air Lock
|turn|9
|
|t:|1655317574
|detailschange|p2a: Rayquaza|Rayquaza-Mega
|-mega|p2a: Rayquaza|Rayquaza|
|-weather|DeltaStream|[from] ability: Delta Stream|[of] p2a: Rayquaza
|move|p2a: Rayquaza|Dragon Ascent|p1a: Calyrex
|-enditem|p1a: Calyrex|Focus Sash
|-damage|p1a: Calyrex|1/100
|-unboost|p2a: Rayquaza|def|1
|-unboost|p2a: Rayquaza|spd|1
|move|p1a: Calyrex|Astral Barrage|p2a: Rayquaza
|-damage|p2a: Rayquaza|0 fnt
|faint|p2a: Rayquaza
|-weather|none
|-ability|p1a: Calyrex|Grim Neigh|boost
|-boost|p1a: Calyrex|spa|1
|
|-end|p1a: Calyrex|move: Taunt
|upkeep
|j| kizi22122
|c|☆Testing Teams 596|I am stupid
|-message|Testing Teams 596 forfeited.
|
|win|S0ul H3arTT
|n|☆S0ul H3arTT|s0ulh3artt
|n|☆Testing Teams 596|testingteams596
|n| MrChildK|mrchildk
|n| kizi22122|kizi22122
|l|☆Testing Teams 596
|j|☆Testing Teams 596
|player|p2|Testing Teams 596|schoolkid-gen4dp
|c| kizi22122|the stupid thy am
|l| kizi22122
|c|☆Testing Teams 596|Bruh i missclicked twice
|l| MrChildK
|j| Apprenti buck
