|j|☆pA Pa pAnDa/K
|j|☆Naofumi_Bakugo_Jax
|t:|1665322059
|gametype|singles
|player|p1|pA Pa pAnDa/K|unknown|1742
|player|p2|Naofumi_Bakugo_Jax|blue|1679
|teamsize|p1|6
|teamsize|p2|6
|gen|8
|tier|[Gen 8] National Dex AG
|rated|
|rule|HP Percentage Mod: HP is shown in percentages
|rule|Endless Battle Clause: Forcing endless battles is banned
|clearpoke
|poke|p1|Calyrex-Shadow|
|poke|p1|Groudon|
|poke|p1|Rayquaza|
|poke|p1|Zacian-*|
|poke|p1|Ditto|
|poke|p1|Yveltal|
|poke|p2|Zacian-*|
|poke|p2|Calyrex-Shadow|
|poke|p2|Yveltal|
|poke|p2|Arceus-*|
|poke|p2|Swampert, F|
|poke|p2|Kyogre|
|teampreview
|inactive|Battle timer is ON: inactive players will automatically lose when time's up. (requested by pA Pa pAnDa/K)
|
|t:|1665322076
|start
|switch|p1a: depression|Groudon|100/100
|switch|p2a: Arceus|Arceus, shiny|100/100
|detailschange|p1a: depression|Groudon-Primal
|-primal|p1a: depression
|-weather|DesolateLand|[from] ability: Desolate Land|[of] p1a: depression
|turn|1
|
|t:|1665322101
|move|p2a: Arceus|Magic Coat|p2a: Arceus
|-singleturn|p2a: Arceus|move: Magic Coat
|move|p1a: depression|Stealth Rock|p2a: Arceus
|move|p2a: Arceus|Stealth Rock|p1a: depression|[from]Magic Coat
|-sidestart|p1: pA Pa pAnDa/K|move: Stealth Rock
|
|-weather|DesolateLand|[upkeep]
|upkeep
|turn|2
|inactive|Naofumi_Bakugo_Jax has 120 seconds left.
|
|t:|1665322122
|switch|p2a: Calyrex|Calyrex-Shadow|100/100
|-ability|p2a: Calyrex|As One
|-ability|p2a: Calyrex|Unnerve
|move|p1a: depression|Stealth Rock|p2a: Calyrex
|-sidestart|p2: Naofumi_Bakugo_Jax|move: Stealth Rock
|
|-weather|DesolateLand|[upkeep]
|upkeep
|turn|3
|inactive|Naofumi_Bakugo_Jax has 120 seconds left.
|
|t:|1665322132
|move|p2a: Calyrex|Nasty Plot|p2a: Calyrex
|-boost|p2a: Calyrex|spa|2
|move|p1a: depression|Fire Punch|p2a: Calyrex
|-enditem|p2a: Calyrex|Focus Sash
|-damage|p2a: Calyrex|1/100
|
|-weather|DesolateLand|[upkeep]
|upkeep
|turn|4
|inactive|Naofumi_Bakugo_Jax has 120 seconds left.
|
|t:|1665322140
|move|p2a: Calyrex|Astral Barrage|p1a: depression
|-damage|p1a: depression|0 fnt
|faint|p1a: depression
|-weather|none
|-ability|p2a: Calyrex|Grim Neigh|boost
|-boost|p2a: Calyrex|spa|1
|
|upkeep
|
|t:|1665322156
|switch|p1a: I'm fast|Ditto|100/100
|-damage|p1a: I'm fast|88/100|[from] Stealth Rock
|-transform|p1a: I'm fast|p2a: Calyrex|[from] ability: Imposter
|turn|5
|inactive|Naofumi_Bakugo_Jax has 120 seconds left.
|
|t:|1665322173
|switch|p2a: Arceus|Arceus, shiny|100/100
|-damage|p2a: Arceus|88/100|[from] Stealth Rock
|move|p1a: I'm fast|Astral Barrage|p2a: Arceus
|-immune|p2a: Arceus
|
|upkeep
|turn|6
|inactive|Naofumi_Bakugo_Jax has 120 seconds left.
|inactive|pA Pa pAnDa/K has 120 seconds left.
|inactive|pA Pa pAnDa/K has 90 seconds left.
|
|t:|1665322240
|switch|p1a: steel-type type|Zacian-Crowned|100/100
|-damage|p1a: steel-type type|94/100|[from] Stealth Rock
|-ability|p1a: steel-type type|Intrepid Sword|boost
|-boost|p1a: steel-type type|atk|1
|move|p2a: Arceus|Tailwind|p2a: Arceus
|-sidestart|p2: Naofumi_Bakugo_Jax|move: Tailwind
|
|upkeep
|turn|7
|inactive|pA Pa pAnDa/K has 90 seconds left.
|
|t:|1665322256
|move|p2a: Arceus|Reflect|p2a: Arceus
|-sidestart|p2: Naofumi_Bakugo_Jax|Reflect
|move|p1a: steel-type type|Close Combat|p2a: Arceus
|-supereffective|p2a: Arceus
|-damage|p2a: Arceus|34/100
|-unboost|p1a: steel-type type|def|1
|-unboost|p1a: steel-type type|spd|1
|
|upkeep
|turn|8
|
|t:|1665322271
|switch|p2a: Calyrex|Calyrex-Shadow|1/100
|-ability|p2a: Calyrex|As One
|-ability|p2a: Calyrex|Unnerve
|-damage|p2a: Calyrex|0 fnt|[from] Stealth Rock
|faint|p2a: Calyrex
|move|p1a: steel-type type|Close Combat|p2: Calyrex|[notarget]
|-fail|p1a: steel-type type
|
|upkeep
|inactive|Naofumi_Bakugo_Jax has 120 seconds left.
|
|t:|1665322297
|switch|p2a: Zacian|Zacian-Crowned|100/100
|-damage|p2a: Zacian|94/100|[from] Stealth Rock
|-ability|p2a: Zacian|Intrepid Sword|boost
|-boost|p2a: Zacian|atk|1
|turn|9
|inactive|pA Pa pAnDa/K has 90 seconds left.
|
|t:|1665322323
|switch|p1a: batman|Yveltal|100/100
|-damage|p1a: batman|76/100|[from] Stealth Rock
|-ability|p1a: batman|Dark Aura
|move|p2a: Zacian|Behemoth Blade|p1a: batman
|-damage|p1a: batman|0 fnt
|faint|p1a: batman
|
|-sideend|p2: Naofumi_Bakugo_Jax|move: Tailwind
|upkeep
|
|t:|1665322328
|switch|p1a: I'm fast|Ditto|88/100
|-damage|p1a: I'm fast|76/100|[from] Stealth Rock
|-transform|p1a: I'm fast|p2a: Zacian|[from] ability: Imposter
|-ability|p1a: I'm fast|Intrepid Sword|boost
|-boost|p1a: I'm fast|atk|1
|turn|10
|
|t:|1665322332
|move|p1a: I'm fast|Behemoth Blade|p2a: Zacian
|-crit|p2a: Zacian
|-damage|p2a: Zacian|0 fnt
|faint|p2a: Zacian
|
|upkeep
|inactive|Naofumi_Bakugo_Jax has 120 seconds left.
|
|t:|1665322363
|switch|p2a: Kyogre|Kyogre|100/100
|-damage|p2a: Kyogre|88/100|[from] Stealth Rock
|-weather|RainDance|[from] ability: Drizzle|[of] p2a: Kyogre
|turn|11
|inactive|pA Pa pAnDa/K has 90 seconds left.
|
|t:|1665322387
|move|p1a: I'm fast|Behemoth Blade|p2a: Kyogre
|-resisted|p2a: Kyogre
|-damage|p2a: Kyogre|47/100
|move|p2a: Kyogre|Origin Pulse|p1a: I'm fast
|-damage|p1a: I'm fast|2/100
|
|-weather|RainDance|[upkeep]
|upkeep
|turn|12
|inactive|Naofumi_Bakugo_Jax has 90 seconds left.
|
|t:|1665322428
|switch|p2a: Swampert|Swampert, F|100/100
|-damage|p2a: Swampert|94/100|[from] Stealth Rock
|move|p1a: I'm fast|Behemoth Blade|p2a: Swampert
|-resisted|p2a: Swampert
|-damage|p2a: Swampert|56/100
|
|-weather|RainDance|[upkeep]
|upkeep
|turn|13
|
|t:|1665322436
|detailschange|p2a: Swampert|Swampert-Mega, F
|-mega|p2a: Swampert|Swampert|Swampertite
|move|p2a: Swampert|Liquidation|p1a: I'm fast
|-damage|p1a: I'm fast|0 fnt
|faint|p1a: I'm fast
|
|-weather|RainDance|[upkeep]
|upkeep
|inactive|pA Pa pAnDa/K has 90 seconds left.
|
|t:|1665322476
|switch|p1a: french pok|Calyrex-Shadow|100/100
|-ability|p1a: french pok|As One
|-ability|p1a: french pok|Unnerve
|-damage|p1a: french pok|88/100|[from] Stealth Rock
|turn|14
|
|t:|1665322484
|move|p1a: french pok|Astral Barrage|p2a: Swampert
|-damage|p2a: Swampert|0 fnt
|faint|p2a: Swampert
|-ability|p1a: french pok|Grim Neigh|boost
|-boost|p1a: french pok|spa|1
|
|-weather|RainDance|[upkeep]
|-sideend|p2: Naofumi_Bakugo_Jax|Reflect
|upkeep
|
|t:|1665322504
|switch|p2a: Yveltal|Yveltal, shiny|100/100
|-damage|p2a: Yveltal|76/100|[from] Stealth Rock
|-ability|p2a: Yveltal|Dark Aura
|turn|15
|inactive|Naofumi_Bakugo_Jax has 60 seconds left.
|
|t:|1665322552
|switch|p1a: panda girl|Rayquaza|100/100
|-damage|p1a: panda girl|76/100|[from] Stealth Rock
|-ability|p1a: panda girl|Air Lock
|move|p2a: Yveltal|Tailwind|p2a: Yveltal
|-sidestart|p2: Naofumi_Bakugo_Jax|move: Tailwind
|
|-weather|none
|upkeep
|turn|16
|
|t:|1665322559
|detailschange|p1a: panda girl|Rayquaza-Mega
|-mega|p1a: panda girl|Rayquaza|
|-weather|DeltaStream|[from] ability: Delta Stream|[of] p1a: panda girl
|-start|p2a: Yveltal|Dynamax|
|-heal|p2a: Yveltal|76/100|[silent]
|move|p2a: Yveltal|Max Darkness|p1a: panda girl
|-damage|p1a: panda girl|0 fnt
|faint|p1a: panda girl
|-weather|none
|
|upkeep
|
|t:|1665322569
|switch|p1a: steel-type type|Zacian-Crowned|94/100
|-damage|p1a: steel-type type|88/100|[from] Stealth Rock
|-ability|p1a: steel-type type|Intrepid Sword|boost
|-boost|p1a: steel-type type|atk|1
|turn|17
|inactive|Naofumi_Bakugo_Jax has 30 seconds left.
|inactive|Naofumi_Bakugo_Jax has 20 seconds left.
|
|t:|1665322607
|-end|p2a: Yveltal|Dynamax
|-heal|p2a: Yveltal|76/100|[silent]
|switch|p2a: Arceus|Arceus, shiny|34/100
|-damage|p2a: Arceus|21/100|[from] Stealth Rock
|move|p1a: steel-type type|Behemoth Blade|p2a: Arceus
|-damage|p2a: Arceus|0 fnt
|faint|p2a: Arceus
|
|upkeep
|inactive|Naofumi_Bakugo_Jax has 25 seconds left this turn.
|
|t:|1665322610
|switch|p2a: Kyogre|Kyogre|47/100
|-damage|p2a: Kyogre|35/100|[from] Stealth Rock
|-weather|RainDance|[from] ability: Drizzle|[of] p2a: Kyogre
|turn|18
|
|t:|1665322620
|switch|p1a: french pok|Calyrex-Shadow|88/100
|-ability|p1a: french pok|As One
|-ability|p1a: french pok|Unnerve
|-damage|p1a: french pok|76/100|[from] Stealth Rock
|move|p2a: Kyogre|Origin Pulse|p1a: french pok
|-damage|p1a: french pok|0 fnt
|faint|p1a: french pok
|
|-weather|RainDance|[upkeep]
|-sideend|p2: Naofumi_Bakugo_Jax|move: Tailwind
|upkeep
|
|t:|1665322623
|switch|p1a: steel-type type|Zacian-Crowned|88/100
|-damage|p1a: steel-type type|82/100|[from] Stealth Rock
|-ability|p1a: steel-type type|Intrepid Sword|boost
|-boost|p1a: steel-type type|atk|1
|turn|19
|
|t:|1665322625
|move|p2a: Kyogre|Origin Pulse|p1a: steel-type type
|-damage|p1a: steel-type type|0 fnt
|faint|p1a: steel-type type
|
|win|Naofumi_Bakugo_Jax
|raw|pA Pa pAnDa&#x2f;K's rating: 1742 &rarr; <strong>1718</strong><br />(-24 for losing)
|raw|Naofumi_Bakugo_Jax's rating: 1679 &rarr; <strong>1703</strong><br />(+24 for winning)
|l|☆pA Pa pAnDa/K
||Ladder isn't responding, score probably updated but might not have (Request timeout).
