|j|☆Jamira!?
|j|☆chumbuddypalamigo
|player|p1|Jamira!?|iris-gen5bw2|1247
|player|p2|chumbuddypalamigo|hilbert|1208
|teamsize|p1|6
|teamsize|p2|6
|gametype|singles
|gen|8
|tier|[Gen 8] National Dex AG
|rated|
|clearpoke
|poke|p1|Lucario, F|
|poke|p1|Lucario, F|
|poke|p1|Lucario, F|
|poke|p1|Lucario, F|
|poke|p1|Lucario, F|
|poke|p1|Lucario, F|
|poke|p2|Braviary, M|
|poke|p2|Snorlax, F|
|poke|p2|Linoone, M|
|poke|p2|Spinda, F|
|poke|p2|Raticate, F|
|poke|p2|Ditto|
|rule|HP Percentage Mod: HP is shown in percentages
|rule|Endless Battle Clause: Forcing endless battles is banned
|teampreview
|
|start
|switch|p1a: Lucario|Lucario, F|100/100
|switch|p2a: Goope|Ditto|100/100
|-transform|p2a: Goope|p1a: Lucario|[from] ability: Imposter
|turn|1
|
|move|p2a: Goope|Force Palm|p1a: Lucario
|-supereffective|p1a: Lucario
|-damage|p1a: Lucario|17/100
|-status|p1a: Lucario|par
|move|p1a: Lucario|Force Palm|p2a: Goope
|-supereffective|p2a: Goope
|-damage|p2a: Goope|20/100
|-status|p2a: Goope|par
|
|upkeep
|turn|2
|
|move|p1a: Lucario|Extreme Speed|p2a: Goope
|-resisted|p2a: Goope
|-damage|p2a: Goope|0 fnt
|faint|p2a: Goope
|
|upkeep
|
|switch|p2a: Spinda|Spinda, F|100/100
|turn|3
|
|move|p1a: Lucario|Force Palm|p2a: Spinda
|-supereffective|p2a: Spinda
|-damage|p2a: Spinda|7/100
|move|p2a: Spinda|Superpower|p1a: Lucario
|-supereffective|p1a: Lucario
|-damage|p1a: Lucario|0 fnt
|-boost|p2a: Spinda|atk|1
|-boost|p2a: Spinda|def|1
|-damage|p2a: Spinda|0 fnt|[from] item: Life Orb
|faint|p1a: Lucario
|faint|p2a: Spinda
|
|upkeep
|
|switch|p1a: Lucario|Lucario, F|100/100
|switch|p2a: Ziggy|Linoone, M|100/100
|turn|4
|
|move|p2a: Ziggy|Belly Drum|p2a: Ziggy
|-damage|p2a: Ziggy|51/100
|-setboost|p2a: Ziggy|atk|6|[from] move: Belly Drum
|move|p1a: Lucario|Roar|p2a: Ziggy
|drag|p2a: Merica|Braviary, M|100/100
|
|upkeep
|turn|5
|inactive|Battle timer is ON: inactive players will automatically lose when time's up. (requested by Jamira!?)
|
|move|p2a: Merica|Close Combat|p1a: Lucario
|-supereffective|p1a: Lucario
|-crit|p1a: Lucario
|-enditem|p1a: Lucario|Focus Sash
|-damage|p1a: Lucario|1/100
|-unboost|p2a: Merica|def|1
|-unboost|p2a: Merica|spd|1
|move|p1a: Lucario|Steel Beam|p2a: Merica
|-damage|p2a: Merica|0 fnt
|-damage|p1a: Lucario|0 fnt|[from] mindblown
|faint|p1a: Lucario
|faint|p2a: Merica
|
|upkeep
|
|switch|p1a: Lucario|Lucario, F|100/100
|switch|p2a: Lax|Snorlax, F|100/100
|turn|6
|
|move|p1a: Lucario|Final Gambit|p2a: Lax
|-damage|p2a: Lax|31/100
|faint|p1a: Lucario
|move|p2a: Lax|Earthquake|p1: Lucario|[notarget]
|-fail|p2a: Lax
|
|upkeep
|
|switch|p1a: Lucario|Lucario, F|100/100
|turn|7
|
|move|p1a: Lucario|Earthquake|p2a: Lax
|-damage|p2a: Lax|6/100
|move|p2a: Lax|Earthquake|p1a: Lucario
|-supereffective|p1a: Lucario
|-damage|p1a: Lucario|26/100
|
|-heal|p1a: Lucario|32/100|[from] item: Leftovers
|upkeep
|turn|8
|
|move|p1a: Lucario|Earthquake|p2a: Lax
|-damage|p2a: Lax|0 fnt
|faint|p2a: Lax
|
|-heal|p1a: Lucario|38/100|[from] item: Leftovers
|upkeep
|
|switch|p2a: TGRTMATR|Raticate, F|100/100
|turn|9
|
|move|p2a: TGRTMATR|Zen Headbutt|p1a: Lucario|[miss]
|-miss|p2a: TGRTMATR|p1a: Lucario
|move|p1a: Lucario|Toxic|p2a: TGRTMATR
|-status|p2a: TGRTMATR|tox
|
|-heal|p1a: Lucario|44/100|[from] item: Leftovers
|-damage|p2a: TGRTMATR|95/100 tox|[from] psn
|upkeep
|turn|10
|
|-start|p2a: TGRTMATR|Dynamax
|-heal|p2a: TGRTMATR|95/100 tox|[silent]
|move|p2a: TGRTMATR|Max Mindstorm|p1a: Lucario
|-damage|p1a: Lucario|0 fnt
|-fieldstart|move: Psychic Terrain
|faint|p1a: Lucario
|
|-damage|p2a: TGRTMATR|89/100 tox|[from] psn
|upkeep
|
|switch|p1a: Lucario|Lucario, F|100/100
|turn|11
|
|-start|p1a: Lucario|Dynamax
|-heal|p1a: Lucario|100/100|[silent]
|move|p2a: TGRTMATR|Max Mindstorm|p1a: Lucario
|-damage|p1a: Lucario|50/100
|move|p1a: Lucario|Max Knuckle|p2a: TGRTMATR
|-supereffective|p2a: TGRTMATR
|-damage|p2a: TGRTMATR|0 fnt
|-boost|p1a: Lucario|atk|1
|-damage|p1a: Lucario|45/100|[from] item: Life Orb
|faint|p2a: TGRTMATR
|
|upkeep
|
|switch|p2a: Ziggy|Linoone, M|51/100
|turn|12
|
|move|p2a: Ziggy|Play Rough|p1a: Lucario
|-damage|p1a: Lucario|28/100
|move|p1a: Lucario|Max Mindstorm|p2a: Ziggy
|-damage|p2a: Ziggy|0 fnt
|-damage|p1a: Lucario|23/100|[from] item: Life Orb
|faint|p2a: Ziggy
|
|win|Jamira!?
|c|☆chumbuddypalamigo|gg
|l|☆chumbuddypalamigo
||Ladder (probably) updated, but score could not be retrieved (Request timeout).
