|j|☆xLeonisx
|j|☆Isnezhny
|t:|1658774915
|gametype|singles
|player|p1|xLeonisx|266|1652
|player|p2|Isnezhny|grimsley-gen7|1609
|teamsize|p1|6
|teamsize|p2|6
|gen|8
|tier|[Gen 8] National Dex AG
|rated|
|rule|HP Percentage Mod: HP is shown in percentages
|rule|Endless Battle Clause: Forcing endless battles is banned
|clearpoke
|poke|p1|Deoxys-Speed|
|poke|p1|Ditto|
|poke|p1|Kyogre|
|poke|p1|Calyrex-Shadow|
|poke|p1|Lugia|
|poke|p1|Zacian-*|
|poke|p2|Carbink|
|poke|p2|Marowak, F|
|poke|p2|Shedinja|
|poke|p2|Slowbro, M|
|poke|p2|Audino, F|
|poke|p2|Porygon2|
|teampreview
|inactive|Battle timer is ON: inactive players will automatically lose when time's up. (requested by xLeonisx)
|
|t:|1658774921
|start
|switch|p1a: Deoxys|Deoxys-Speed|100/100
|switch|p2a: Carbink|Carbink|100/100
|-ability|p1a: Deoxys|Pressure
|turn|1
|
|t:|1658774924
|move|p1a: Deoxys|Magic Coat|p1a: Deoxys
|-singleturn|p1a: Deoxys|move: Magic Coat
|move|p2a: Carbink|Magic Coat|p2a: Carbink
|-singleturn|p2a: Carbink|move: Magic Coat
|
|upkeep
|turn|2
|
|t:|1658774929
|move|p2a: Carbink|Magic Coat|p2a: Carbink
|-singleturn|p2a: Carbink|move: Magic Coat
|move|p1a: Deoxys|Knock Off|p2a: Carbink
|-resisted|p2a: Carbink
|-damage|p2a: Carbink|89/100
|-enditem|p2a: Carbink|Mental Herb|[from] move: Knock Off|[of] p1a: Deoxys
|
|upkeep
|turn|3
|
|t:|1658774936
|switch|p1a: Zacian|Zacian-Crowned|100/100
|-ability|p1a: Zacian|Intrepid Sword|boost
|-boost|p1a: Zacian|atk|1
|move|p2a: Carbink|Magic Coat|p2a: Carbink
|-singleturn|p2a: Carbink|move: Magic Coat
|
|upkeep
|turn|4
|
|t:|1658774944
|switch|p2a: Slowbro|Slowbro, M|100/100
|move|p1a: Zacian|Behemoth Blade|p2a: Slowbro
|-resisted|p2a: Slowbro
|-damage|p2a: Slowbro|72/100
|
|-heal|p2a: Slowbro|78/100|[from] item: Leftovers
|upkeep
|turn|5
|
|t:|1658774954
|switch|p1a: Kyogre|Kyogre|100/100
|detailschange|p1a: Kyogre|Kyogre-Primal
|-primal|p1a: Kyogre
|-weather|PrimordialSea|[from] ability: Primordial Sea|[of] p1a: Kyogre
|move|p2a: Slowbro|Trick Room|p2a: Slowbro
|-fieldstart|move: Trick Room|[of] p2a: Slowbro
|
|-weather|PrimordialSea|[upkeep]
|-heal|p2a: Slowbro|85/100|[from] item: Leftovers
|upkeep
|turn|6
|
|t:|1658774958
|switch|p2a: Shedinja|Shedinja|100/100
|move|p1a: Kyogre|Thunder|p2a: Shedinja
|-immune|p2a: Shedinja|[from] ability: Wonder Guard
|
|-weather|PrimordialSea|[upkeep]
|upkeep
|turn|7
|
|t:|1658774966
|-weather|none
|switch|p1a: Lugia|Lugia|100/100
|move|p2a: Shedinja|Poltergeist|p1a: Lugia
|-activate|p1a: Lugia|move: Poltergeist|Heavy-Duty Boots
|-supereffective|p1a: Lugia
|-damage|p1a: Lugia|66/100
|
|upkeep
|turn|8
|
|t:|1658774975
|move|p2a: Shedinja|Poltergeist|p1a: Lugia
|-activate|p1a: Lugia|move: Poltergeist|Heavy-Duty Boots
|-supereffective|p1a: Lugia
|-damage|p1a: Lugia|3/100
|move|p1a: Lugia|Toxic|p2a: Shedinja
|-status|p2a: Shedinja|tox
|
|-damage|p2a: Shedinja|0 fnt|[from] psn
|faint|p2a: Shedinja
|upkeep
|
|t:|1658774986
|switch|p2a: Carbink|Carbink|89/100
|turn|9
|
|t:|1658774990
|move|p2a: Carbink|Stealth Rock|p1a: Lugia
|-sidestart|p1: xLeonisx|move: Stealth Rock
|move|p1a: Lugia|Roost|p1a: Lugia
|-heal|p1a: Lugia|53/100
|-singleturn|p1a: Lugia|move: Roost
|
|-fieldend|move: Trick Room
|upkeep
|turn|10
|
|t:|1658774995
|move|p1a: Lugia|Roost|p1a: Lugia
|-heal|p1a: Lugia|100/100
|-singleturn|p1a: Lugia|move: Roost
|move|p2a: Carbink|Trick Room|p2a: Carbink
|-fieldstart|move: Trick Room|[of] p2a: Carbink
|
|upkeep
|turn|11
|
|t:|1658775006
|switch|p2a: Audino|Audino, F|100/100
|move|p1a: Lugia|Defog|p2a: Audino
|-unboost|p2a: Audino|evasion|1
|-sideend|p1: xLeonisx|Stealth Rock|[from] move: Defog|[of] p1a: Lugia
|
|upkeep
|turn|12
|
|t:|1658775009
|move|p2a: Audino|Toxic|p1a: Lugia
|-status|p1a: Lugia|tox
|move|p1a: Lugia|Toxic|p2a: Audino
|-status|p2a: Audino|tox
|
|-damage|p2a: Audino|94/100 tox|[from] psn
|-damage|p1a: Lugia|94/100 tox|[from] psn
|upkeep
|turn|13
|
|t:|1658775017
|switch|p1a: Deoxys|Deoxys-Speed|100/100
|-ability|p1a: Deoxys|Pressure
|move|p2a: Audino|Wish|p2a: Audino
|
|-damage|p2a: Audino|82/100 tox|[from] psn
|upkeep
|turn|14
|
|t:|1658775024
|switch|p2a: Carbink|Carbink|89/100
|move|p1a: Deoxys|Stealth Rock|p2a: Carbink
|-sidestart|p2: Isnezhny|move: Stealth Rock
|
|-heal|p2a: Carbink|100/100|[from] move: Wish|[wisher] Audino
|-fieldend|move: Trick Room
|upkeep
|turn|15
|
|t:|1658775031
|switch|p1a: Zacian|Zacian-Crowned|100/100
|-ability|p1a: Zacian|Intrepid Sword|boost
|-boost|p1a: Zacian|atk|1
|move|p2a: Carbink|Trick Room|p2a: Carbink
|-fieldstart|move: Trick Room|[of] p2a: Carbink
|
|upkeep
|turn|16
|
|t:|1658775034
|move|p2a: Carbink|Stealth Rock|p1a: Zacian
|-sidestart|p1: xLeonisx|move: Stealth Rock
|move|p1a: Zacian|Behemoth Blade|p2a: Carbink
|-supereffective|p2a: Carbink
|-ability|p2a: Carbink|Sturdy
|-damage|p2a: Carbink|1/100
|
|upkeep
|turn|17
|
|t:|1658775038
|move|p2a: Carbink|Misty Explosion|p1a: Zacian
|-resisted|p1a: Zacian
|-damage|p1a: Zacian|86/100
|faint|p2a: Carbink
|move|p1a: Zacian|Behemoth Blade|p2: Carbink|[notarget]
|-fail|p1a: Zacian
|
|upkeep
|
|t:|1658775045
|switch|p2a: Marowak|Marowak, F|100/100
|-damage|p2a: Marowak|94/100|[from] Stealth Rock
|turn|18
|
|t:|1658775049
|switch|p1a: Lugia|Lugia|94/100 tox
|move|p2a: Marowak|Earthquake|p1a: Lugia
|-immune|p1a: Lugia
|
|-damage|p1a: Lugia|88/100 tox|[from] psn
|upkeep
|turn|19
|
|t:|1658775064
|move|p2a: Marowak|Earthquake|p1a: Lugia
|-immune|p1a: Lugia
|move|p1a: Lugia|Toxic|p2a: Marowak
|-status|p2a: Marowak|tox
|
|-damage|p2a: Marowak|88/100 tox|[from] psn
|-damage|p1a: Lugia|76/100 tox|[from] psn
|-fieldend|move: Trick Room
|upkeep
|turn|20
|
|t:|1658775069
|move|p1a: Lugia|Roost|p1a: Lugia
|-heal|p1a: Lugia|100/100 tox
|-singleturn|p1a: Lugia|move: Roost
|move|p2a: Marowak|Knock Off|p1a: Lugia
|-supereffective|p1a: Lugia
|-crit|p1a: Lugia
|-damage|p1a: Lugia|49/100 tox
|-enditem|p1a: Lugia|Heavy-Duty Boots|[from] move: Knock Off|[of] p2a: Marowak
|
|-damage|p1a: Lugia|31/100 tox|[from] psn
|-damage|p2a: Marowak|76/100 tox|[from] psn
|upkeep
|turn|21
|
|t:|1658775081
|switch|p2a: Audino|Audino, F|100/100 tox
|-damage|p2a: Audino|88/100 tox|[from] Stealth Rock
|move|p1a: Lugia|Roost|p1a: Lugia
|-heal|p1a: Lugia|81/100 tox
|-singleturn|p1a: Lugia|move: Roost
|
|-damage|p1a: Lugia|57/100 tox|[from] psn
|-damage|p2a: Audino|82/100 tox|[from] psn
|upkeep
|turn|22
|
|t:|1658775087
|switch|p1a: Calyrex|Calyrex-Shadow|100/100
|-ability|p1a: Calyrex|As One
|-ability|p1a: Calyrex|Unnerve
|-damage|p1a: Calyrex|88/100|[from] Stealth Rock
|move|p2a: Audino|Trick Room|p2a: Audino
|-fieldstart|move: Trick Room|[of] p2a: Audino
|
|-damage|p2a: Audino|70/100 tox|[from] psn
|upkeep
|turn|23
|
|t:|1658775102
|-start|p1a: Calyrex|Dynamax|
|-heal|p1a: Calyrex|88/100|[silent]
|move|p2a: Audino|Healing Wish|p2a: Audino
|faint|p2a: Audino
|move|p1a: Calyrex|Max Mindstorm|p2: Audino|[notarget]
|-fail|p1a: Calyrex
|
|upkeep
|
|t:|1658775115
|switch|p2a: Marowak|Marowak, F|76/100 tox
|-heal|p2a: Marowak|100/100|[from] move: Healing Wish
|-damage|p2a: Marowak|94/100|[from] Stealth Rock
|turn|24
|
|t:|1658775125
|-start|p2a: Marowak|Dynamax|
|-heal|p2a: Marowak|94/100|[silent]
|move|p1a: Calyrex|Max Guard|p1a: Calyrex
|-singleturn|p1a: Calyrex|Max Guard
|move|p2a: Marowak|Max Darkness|p1a: Calyrex
|-activate|p1a: Calyrex|move: Max Guard
|
|upkeep
|turn|25
|
|t:|1658775134
|-end|p1a: Calyrex|Dynamax
|-heal|p1a: Calyrex|88/100|[silent]
|switch|p1a: Zacian|Zacian-Crowned|86/100
|-damage|p1a: Zacian|80/100|[from] Stealth Rock
|-ability|p1a: Zacian|Intrepid Sword|boost
|-boost|p1a: Zacian|atk|1
|move|p2a: Marowak|Max Quake|p1a: Zacian
|-supereffective|p1a: Zacian
|-damage|p1a: Zacian|0 fnt
|-boost|p2a: Marowak|spd|1
|faint|p1a: Zacian
|
|upkeep
|
|t:|1658775144
|switch|p1a: Kyogre|Kyogre-Primal|100/100
|-damage|p1a: Kyogre|88/100|[from] Stealth Rock
|-weather|PrimordialSea|[from] ability: Primordial Sea|[of] p1a: Kyogre
|turn|26
|
|t:|1658775151
|move|p2a: Marowak|Max Quake|p1a: Kyogre
|-damage|p1a: Kyogre|0 fnt
|-boost|p2a: Marowak|spd|1
|faint|p1a: Kyogre
|-weather|none
|
|-fieldend|move: Trick Room
|upkeep
|
|t:|1658775156
|switch|p1a: Calyrex|Calyrex-Shadow|88/100
|-ability|p1a: Calyrex|As One
|-ability|p1a: Calyrex|Unnerve
|-damage|p1a: Calyrex|76/100|[from] Stealth Rock
|-end|p2a: Marowak|Dynamax
|-heal|p2a: Marowak|94/100|[silent]
|turn|27
|
|t:|1658775160
|move|p1a: Calyrex|Psyshock|p2a: Marowak
|-damage|p2a: Marowak|48/100
|move|p2a: Marowak|Knock Off|p1a: Calyrex
|-supereffective|p1a: Calyrex
|-damage|p1a: Calyrex|0 fnt
|-enditem|p1a: Calyrex|Choice Scarf|[from] move: Knock Off|[of] p2a: Marowak
|faint|p1a: Calyrex
|
|upkeep
|
|t:|1658775168
|switch|p1a: Ditto|Ditto|100/100
|-damage|p1a: Ditto|88/100|[from] Stealth Rock
|-transform|p1a: Ditto|p2a: Marowak|[from] ability: Imposter
|turn|28
|
|t:|1658775178
|switch|p2a: Slowbro|Slowbro, M|100/100
|-damage|p2a: Slowbro|88/100|[from] Stealth Rock
|move|p1a: Ditto|Knock Off|p2a: Slowbro
|-supereffective|p2a: Slowbro
|-damage|p2a: Slowbro|56/100
|-enditem|p2a: Slowbro|Leftovers|[from] move: Knock Off|[of] p1a: Ditto
|
|upkeep
|turn|29
|
|t:|1658775186
|move|p1a: Ditto|Knock Off|p2a: Slowbro
|-supereffective|p2a: Slowbro
|-damage|p2a: Slowbro|34/100
|move|p2a: Slowbro|Slack Off|p2a: Slowbro
|-heal|p2a: Slowbro|84/100
|
|upkeep
|turn|30
|
|t:|1658775192
|switch|p1a: Lugia|Lugia|57/100 tox
|-damage|p1a: Lugia|32/100 tox|[from] Stealth Rock
|move|p2a: Slowbro|Trick Room|p2a: Slowbro
|-fieldstart|move: Trick Room|[of] p2a: Slowbro
|
|-damage|p1a: Lugia|26/100 tox|[from] psn
|upkeep
|turn|31
|
|t:|1658775195
|move|p2a: Slowbro|Scald|p1a: Lugia
|-damage|p1a: Lugia|10/100 tox
|move|p1a: Lugia|Toxic|p2a: Slowbro
|-status|p2a: Slowbro|tox
|
|-damage|p2a: Slowbro|78/100 tox|[from] psn
|-damage|p1a: Lugia|0 fnt|[from] psn
|faint|p1a: Lugia
|upkeep
|
|t:|1658775202
|switch|p1a: Deoxys|Deoxys-Speed|100/100
|-damage|p1a: Deoxys|88/100|[from] Stealth Rock
|-ability|p1a: Deoxys|Pressure
|turn|32
|c|☆xLeonisx|nice team
|
|t:|1658775215
|move|p2a: Slowbro|Scald|p1a: Deoxys
|-damage|p1a: Deoxys|44/100
|move|p1a: Deoxys|Knock Off|p2a: Slowbro
|-supereffective|p2a: Slowbro
|-damage|p2a: Slowbro|54/100 tox
|
|-damage|p2a: Slowbro|42/100 tox|[from] psn
|upkeep
|turn|33
|c|☆Isnezhny|Thanks
|
|t:|1658775232
|move|p2a: Slowbro|Scald|p1a: Deoxys
|-damage|p1a: Deoxys|2/100
|-status|p1a: Deoxys|brn
|move|p1a: Deoxys|Knock Off|p2a: Slowbro
|-supereffective|p2a: Slowbro
|-damage|p2a: Slowbro|30/100 tox
|
|-damage|p2a: Slowbro|12/100 tox|[from] psn
|-damage|p1a: Deoxys|0 fnt|[from] brn
|faint|p1a: Deoxys
|upkeep
|
|t:|1658775235
|switch|p1a: Ditto|Ditto|88/100
|-damage|p1a: Ditto|76/100|[from] Stealth Rock
|-transform|p1a: Ditto|p2a: Slowbro|[from] ability: Imposter
|turn|34
|
|t:|1658775252
|move|p2a: Slowbro|Slack Off|p2a: Slowbro
|-heal|p2a: Slowbro|62/100 tox
|move|p1a: Ditto|Scald|p2a: Slowbro
|-resisted|p2a: Slowbro
|-damage|p2a: Slowbro|48/100 tox
|
|-damage|p2a: Slowbro|23/100 tox|[from] psn
|-fieldend|move: Trick Room
|upkeep
|turn|35
|
|t:|1658775260
|move|p1a: Ditto|Scald|p2a: Slowbro
|-resisted|p2a: Slowbro
|-damage|p2a: Slowbro|9/100 tox
|move|p2a: Slowbro|Trick Room|p2a: Slowbro
|-fieldstart|move: Trick Room|[of] p2a: Slowbro
|
|-damage|p2a: Slowbro|0 fnt|[from] psn
|faint|p2a: Slowbro
|upkeep
|
|t:|1658775264
|switch|p2a: Porygon2|Porygon2, shiny|100/100
|-damage|p2a: Porygon2|88/100|[from] Stealth Rock
|-ability|p2a: Porygon2|Download|boost
|-boost|p2a: Porygon2|spa|1
|turn|36
|
|t:|1658775270
|move|p1a: Ditto|Scald|p2a: Porygon2
|-damage|p2a: Porygon2|72/100
|move|p2a: Porygon2|Tri Attack|p1a: Ditto
|-damage|p1a: Ditto|0 fnt
|faint|p1a: Ditto
|
|win|Isnezhny
|raw|xLeonisx's rating: 1652 &rarr; <strong>1630</strong><br />(-22 for losing)
|raw|Isnezhny's rating: 1609 &rarr; <strong>1631</strong><br />(+22 for winning)
|l|☆xLeonisx
||Ladder isn't responding, score probably updated but might not have (Request timeout).
