|j|☆SaintLaplace
|j|☆DarkboiJ
|t:|1664134868
|gametype|singles
|player|p1|SaintLaplace|hilda-wonderlauncher|1766
|player|p2|DarkboiJ|blue-gen3two|1795
|teamsize|p1|6
|teamsize|p2|6
|gen|8
|tier|[Gen 8] National Dex AG
|rated|
|rule|HP Percentage Mod: HP is shown in percentages
|rule|Endless Battle Clause: Forcing endless battles is banned
|clearpoke
|poke|p1|Zygarde|
|poke|p1|Rayquaza|
|poke|p1|Marshadow|
|poke|p1|Necrozma-Dusk-Mane|
|poke|p1|Smeargle, F|
|poke|p1|Xerneas-*|
|poke|p2|Lugia|
|poke|p2|Kommo-o, F|
|poke|p2|Ditto|
|poke|p2|Arceus-*|
|poke|p2|Necrozma-Dusk-Mane|
|poke|p2|Arceus-*|
|teampreview
|inactive|Battle timer is ON: inactive players will automatically lose when time's up. (requested by SaintLaplace)
|inactive|DarkboiJ also wants the timer to be on.
|
|t:|1664134879
|start
|switch|p1a: Necrozma|Necrozma-Dusk-Mane, shiny|100/100
|switch|p2a: Arceus|Arceus-Fairy|100/100
|turn|1
|
|t:|1664134883
|move|p2a: Arceus|Stealth Rock|p1a: Necrozma
|-sidestart|p1: SaintLaplace|move: Stealth Rock
|move|p1a: Necrozma|Dragon Dance|p1a: Necrozma
|-boost|p1a: Necrozma|atk|1
|-boost|p1a: Necrozma|spe|1
|
|upkeep
|turn|2
|
|t:|1664134889
|switch|p2a: Necrozma|Necrozma-Dusk-Mane|100/100
|move|p1a: Necrozma|Dragon Dance|p1a: Necrozma
|-boost|p1a: Necrozma|atk|1
|-boost|p1a: Necrozma|spe|1
|
|upkeep
|turn|3
|
|t:|1664134902
|switch|p2a: Lugia|Lugia|100/100
|move|p1a: Necrozma|Dragon Dance|p1a: Necrozma
|-boost|p1a: Necrozma|atk|1
|-boost|p1a: Necrozma|spe|1
|
|upkeep
|turn|4
|
|t:|1664134906
|move|p1a: Necrozma|Rock Blast|p2a: Lugia|[miss]
|-miss|p1a: Necrozma|p2a: Lugia
|move|p2a: Lugia|Thunder Wave|p1a: Necrozma
|-status|p1a: Necrozma|par
|
|upkeep
|turn|5
|c|☆SaintLaplace|Ffs
|
|t:|1664134920
|move|p2a: Lugia|Whirlpool|p1a: Necrozma|[miss]
|-miss|p2a: Lugia|p1a: Necrozma
|cant|p1a: Necrozma|par
|
|upkeep
|turn|6
|
|t:|1664134927
|move|p2a: Lugia|Whirlpool|p1a: Necrozma
|-damage|p1a: Necrozma|94/100 par
|-activate|p1a: Necrozma|move: Whirlpool|[of] p2a: Lugia
|cant|p1a: Necrozma|par
|
|-damage|p1a: Necrozma|82/100 par|[from] move: Whirlpool|[partiallytrapped]
|upkeep
|turn|7
|j| AnRandomGuy
|
|t:|1664134935
|move|p2a: Lugia|Curse|p2a: Lugia
|-unboost|p2a: Lugia|spe|1
|-boost|p2a: Lugia|atk|1
|-boost|p2a: Lugia|def|1
|move|p1a: Necrozma|Rock Blast|p2a: Lugia
|-supereffective|p2a: Lugia
|-damage|p2a: Lugia|90/100
|-supereffective|p2a: Lugia
|-damage|p2a: Lugia|70/100
|-supereffective|p2a: Lugia
|-damage|p2a: Lugia|49/100
|-supereffective|p2a: Lugia
|-damage|p2a: Lugia|27/100
|-supereffective|p2a: Lugia
|-damage|p2a: Lugia|8/100
|-hitcount|p2a: Lugia|5
|
|-damage|p1a: Necrozma|69/100 par|[from] move: Whirlpool|[partiallytrapped]
|upkeep
|turn|8
|
|t:|1664134951
|detailschange|p1a: Necrozma|Necrozma-Ultra, shiny
|-burst|p1a: Necrozma|Necrozma|Ultranecrozium Z
|move|p1a: Necrozma|Rock Blast|p2a: Lugia
|-supereffective|p2a: Lugia
|-damage|p2a: Lugia|0 fnt
|faint|p2a: Lugia
|-hitcount|p2: Lugia|1
|
|-end|p1a: Necrozma|Whirlpool|[partiallytrapped]|[silent]
|upkeep
|
|t:|1664134957
|switch|p2a: Ditto|Ditto, shiny|100/100
|-transform|p2a: Ditto|p1a: Necrozma|[from] ability: Imposter
|turn|9
|
|t:|1664134972
|move|p2a: Ditto|Earthquake|p1a: Necrozma
|-damage|p1a: Necrozma|0 fnt
|faint|p1a: Necrozma
|
|upkeep
|
|t:|1664134975
|switch|p1a: Marshadow|Marshadow|100/100
|-damage|p1a: Marshadow|94/100|[from] Stealth Rock
|turn|10
|
|t:|1664134979
|move|p1a: Marshadow|Shadow Sneak|p2a: Ditto
|-supereffective|p2a: Ditto
|-damage|p2a: Ditto|44/100
|move|p2a: Ditto|Earthquake|p1a: Marshadow
|-damage|p1a: Marshadow|0 fnt
|faint|p1a: Marshadow
|
|upkeep
|
|t:|1664134987
|switch|p1a: Rayquaza|Rayquaza|100/100
|-damage|p1a: Rayquaza|76/100|[from] Stealth Rock
|-ability|p1a: Rayquaza|Air Lock
|turn|11
|c|☆SaintLaplace|That fucking rock blast
|c|☆SaintLaplace|Christ if I didn't miss that
|
|t:|1664135000
|switch|p2a: Necrozma|Necrozma-Dusk-Mane|100/100
|detailschange|p1a: Rayquaza|Rayquaza-Mega
|-mega|p1a: Rayquaza|Rayquaza|
|-weather|DeltaStream|[from] ability: Delta Stream|[of] p1a: Rayquaza
|move|p1a: Rayquaza|Extreme Speed|p2a: Necrozma
|-resisted|p2a: Necrozma
|-damage|p2a: Necrozma|91/100
|-damage|p1a: Rayquaza|59/100|[from] item: Rocky Helmet|[of] p2a: Necrozma
|
|-weather|DeltaStream|[upkeep]
|upkeep
|turn|12
|
|t:|1664135010
|move|p1a: Rayquaza|V-create|p2a: Necrozma
|-supereffective|p2a: Necrozma
|-damage|p2a: Necrozma|19/100
|-unboost|p1a: Rayquaza|spe|1
|-unboost|p1a: Rayquaza|def|1
|-unboost|p1a: Rayquaza|spd|1
|-damage|p1a: Rayquaza|43/100|[from] item: Rocky Helmet|[of] p2a: Necrozma
|move|p2a: Necrozma|Sunsteel Strike|p1a: Rayquaza
|-damage|p1a: Rayquaza|0 fnt
|faint|p1a: Rayquaza
|-weather|none
|
|upkeep
|
|t:|1664135015
|switch|p1a: Smeargle|Smeargle, F|100/100
|-damage|p1a: Smeargle|88/100|[from] Stealth Rock
|turn|13
|
|t:|1664135019
|switch|p2a: Kommo-o|Kommo-o, F|100/100
|move|p1a: Smeargle|Spore|p2a: Kommo-o
|-immune|p2a: Kommo-o|[from] ability: Overcoat
|
|upkeep
|turn|14
|
|t:|1664135022
|move|p2a: Kommo-o|Substitute|p2a: Kommo-o
|-start|p2a: Kommo-o|Substitute
|-damage|p2a: Kommo-o|75/100
|move|p1a: Smeargle|Shell Smash|p1a: Smeargle
|-unboost|p1a: Smeargle|def|1
|-unboost|p1a: Smeargle|spd|1
|-boost|p1a: Smeargle|atk|2
|-boost|p1a: Smeargle|spa|2
|-boost|p1a: Smeargle|spe|2
|
|upkeep
|turn|15
|
|t:|1664135027
|move|p1a: Smeargle|Baton Pass|p1a: Smeargle
|
|t:|1664135030
|switch|p1a: Zygarde|Zygarde, shiny|100/100|[from]move: Baton Pass
|-damage|p1a: Zygarde|94/100|[from] Stealth Rock
|move|p2a: Kommo-o|Belly Drum|p2a: Kommo-o
|-damage|p2a: Kommo-o|25/100
|-setboost|p2a: Kommo-o|atk|6|[from] move: Belly Drum
|-enditem|p2a: Kommo-o|Salac Berry|[eat]
|-boost|p2a: Kommo-o|spe|1|[from] item: Salac Berry
|
|upkeep
|turn|16
|
|t:|1664135036
|-start|p1a: Zygarde|Dynamax|
|-heal|p1a: Zygarde|94/100|[silent]
|move|p1a: Zygarde|Max Rockfall|p2a: Kommo-o
|-resisted|p2a: Kommo-o
|-end|p2a: Kommo-o|Substitute
|-weather|Sandstorm
|move|p2a: Kommo-o|Ice Punch|p1a: Zygarde
|-supereffective|p1a: Zygarde
|-damage|p1a: Zygarde|0 fnt
|faint|p1a: Zygarde
|
|-weather|Sandstorm|[upkeep]
|upkeep
|-message|SaintLaplace forfeited.
|
|win|DarkboiJ
|raw|SaintLaplace's rating: 1766 &rarr; <strong>1748</strong><br />(-18 for losing)
|raw|DarkboiJ's rating: 1795 &rarr; <strong>1813</strong><br />(+18 for winning)
|l|☆SaintLaplace
