|j|☆oliwu
|j|‽NykterStein
|t:|1663897082
|gametype|singles
|player|p1|oliwu|psychicf-gen4|1358
|player|p2|NykterStein|lady|1369
|teamsize|p1|6
|teamsize|p2|6
|gen|8
|tier|[Gen 8] National Dex AG
|rated|
|rule|HP Percentage Mod: HP is shown in percentages
|rule|Endless Battle Clause: Forcing endless battles is banned
|clearpoke
|poke|p1|Ditto|
|poke|p1|Slurpuff, F|
|poke|p1|Klefki, M|
|poke|p1|Mew|
|poke|p1|Shaymin|
|poke|p1|Marshadow|
|poke|p2|Aerodactyl, M|
|poke|p2|Smeargle, F|
|poke|p2|Calyrex-Shadow|
|poke|p2|Arceus-*|
|poke|p2|Rayquaza|
|poke|p2|Zacian-*|
|teampreview
|inactive|Battle timer is ON: inactive players will automatically lose when time's up. (requested by NykterStein)
|
|t:|1663897099
|start
|switch|p1a: Klefki|Klefki, M|100/100
|switch|p2a: Aerodactyl|Aerodactyl, M|100/100
|-ability|p2a: Aerodactyl|Pressure
|turn|1
|
|t:|1663897127
|move|p1a: Klefki|Reflect|p1a: Klefki
|-sidestart|p1: oliwu|Reflect
|move|p2a: Aerodactyl|Taunt|p1a: Klefki
|-start|p1a: Klefki|move: Taunt
|
|upkeep
|turn|2
|
|t:|1663897137
|switch|p1a: Ditto|Ditto|100/100
|-transform|p1a: Ditto|p2a: Aerodactyl|[from] ability: Imposter
|-ability|p1a: Ditto|Pressure
|move|p2a: Aerodactyl|Stealth Rock|p1a: Ditto
|-sidestart|p1: oliwu|move: Stealth Rock
|
|upkeep
|turn|3
|
|t:|1663897150
|move|p1a: Ditto|Stealth Rock|p2a: Aerodactyl
|-sidestart|p2: NykterStein|move: Stealth Rock
|move|p2a: Aerodactyl|Taunt|p1a: Ditto
|-start|p1a: Ditto|move: Taunt
|
|upkeep
|turn|4
|
|t:|1663897157
|switch|p1a: Klefki|Klefki, M|100/100
|-damage|p1a: Klefki|95/100|[from] Stealth Rock
|move|p2a: Aerodactyl|Tailwind|p2a: Aerodactyl
|-sidestart|p2: NykterStein|move: Tailwind
|
|-heal|p1a: Klefki|100/100|[from] item: Leftovers
|upkeep
|turn|5
|
|t:|1663897177
|switch|p2a: Smeargle|Smeargle, F, shiny|100/100
|-damage|p2a: Smeargle|88/100|[from] Stealth Rock
|move|p1a: Klefki|Toxic|p2a: Smeargle|[miss]
|-miss|p1a: Klefki|p2a: Smeargle
|
|-heal|p2a: Smeargle|94/100|[from] item: Leftovers
|-sideend|p1: oliwu|Reflect
|-ability|p2a: Smeargle|Moody|boost
|-boost|p2a: Smeargle|spa|2
|-unboost|p2a: Smeargle|spe|1
|upkeep
|turn|6
|
|t:|1663897192
|move|p2a: Smeargle|Protect|p2a: Smeargle
|-singleturn|p2a: Smeargle|Protect
|move|p1a: Klefki|Light Screen|p1a: Klefki
|-sidestart|p1: oliwu|move: Light Screen
|
|-heal|p2a: Smeargle|99/100|[from] item: Leftovers
|-ability|p2a: Smeargle|Moody|boost
|-boost|p2a: Smeargle|spd|2
|-unboost|p2a: Smeargle|spa|1
|upkeep
|turn|7
|
|t:|1663897201
|move|p1a: Klefki|Toxic|p2a: Smeargle
|-status|p2a: Smeargle|tox
|move|p2a: Smeargle|Substitute|p2a: Smeargle
|-start|p2a: Smeargle|Substitute
|-damage|p2a: Smeargle|75/100 tox
|
|-heal|p2a: Smeargle|81/100 tox|[from] item: Leftovers
|-damage|p2a: Smeargle|75/100 tox|[from] psn
|-sideend|p2: NykterStein|move: Tailwind
|-ability|p2a: Smeargle|Moody|boost
|-boost|p2a: Smeargle|spe|2
|-unboost|p2a: Smeargle|def|1
|upkeep
|turn|8
|
|t:|1663897213
|switch|p1a: Shaymin|Shaymin|100/100
|-damage|p1a: Shaymin|88/100|[from] Stealth Rock
|move|p2a: Smeargle|Spore|p1a: Shaymin
|-immune|p1a: Shaymin
|
|-heal|p2a: Smeargle|81/100 tox|[from] item: Leftovers
|-damage|p2a: Smeargle|69/100 tox|[from] psn
|-ability|p2a: Smeargle|Moody|boost
|-boost|p2a: Smeargle|spa|2
|-unboost|p2a: Smeargle|spd|1
|upkeep
|turn|9
|
|t:|1663897226
|move|p2a: Smeargle|Power Trip|p1a: Shaymin
|-damage|p1a: Shaymin|72/100
|-zpower|p1a: Shaymin
|move|p1a: Shaymin|Z-Celebrate|p1a: Shaymin|[anim]Celebrate
|-boost|p1a: Shaymin|atk|1|[zeffect]
|-boost|p1a: Shaymin|def|1|[zeffect]
|-boost|p1a: Shaymin|spa|1|[zeffect]
|-boost|p1a: Shaymin|spd|1|[zeffect]
|-boost|p1a: Shaymin|spe|1|[zeffect]
|-activate|p1a: Shaymin|move: Celebrate
|
|-heal|p2a: Smeargle|75/100 tox|[from] item: Leftovers
|-damage|p2a: Smeargle|57/100 tox|[from] psn
|-ability|p2a: Smeargle|Moody|boost
|-boost|p2a: Smeargle|spa|2
|-unboost|p2a: Smeargle|def|1
|upkeep
|turn|10
|
|t:|1663897250
|switch|p2a: Rayquaza|Rayquaza, shiny|100/100
|-damage|p2a: Rayquaza|76/100|[from] Stealth Rock
|-ability|p2a: Rayquaza|Air Lock
|move|p1a: Shaymin|Earth Power|p2a: Rayquaza
|-immune|p2a: Rayquaza
|
|-sideend|p1: oliwu|move: Light Screen
|upkeep
|turn|11
|inactive|oliwu has 120 seconds left.
|
|t:|1663897272
|detailschange|p2a: Rayquaza|Rayquaza-Mega, shiny
|-mega|p2a: Rayquaza|Rayquaza|
|-weather|DeltaStream|[from] ability: Delta Stream|[of] p2a: Rayquaza
|move|p1a: Shaymin|Air Slash|p2a: Rayquaza
|-damage|p2a: Rayquaza|46/100
|move|p2a: Rayquaza|Dragon Dance|p2a: Rayquaza
|-boost|p2a: Rayquaza|atk|1
|-boost|p2a: Rayquaza|spe|1
|
|-weather|DeltaStream|[upkeep]
|upkeep
|turn|12
|inactive|oliwu has 120 seconds left.
|
|t:|1663897283
|switch|p1a: Marshadow|Marshadow|100/100
|-damage|p1a: Marshadow|94/100|[from] Stealth Rock
|move|p2a: Rayquaza|Dragon Ascent|p1a: Marshadow
|-supereffective|p1a: Marshadow
|-damage|p1a: Marshadow|0 fnt
|-unboost|p2a: Rayquaza|def|1
|-unboost|p2a: Rayquaza|spd|1
|faint|p1a: Marshadow
|-damage|p2a: Rayquaza|36/100|[from] item: Life Orb
|
|-weather|DeltaStream|[upkeep]
|upkeep
|
|t:|1663897294
|switch|p1a: Ditto|Ditto|100/100
|-damage|p1a: Ditto|88/100|[from] Stealth Rock
|-transform|p1a: Ditto|p2a: Rayquaza|[from] ability: Imposter
|turn|13
|
|t:|1663897309
|move|p1a: Ditto|Extreme Speed|p2a: Rayquaza
|-crit|p2a: Rayquaza
|-damage|p2a: Rayquaza|0 fnt
|faint|p2a: Rayquaza
|
|-weather|DeltaStream|[upkeep]
|upkeep
|
|t:|1663897316
|switch|p2a: Aerodactyl|Aerodactyl, M|100/100
|-damage|p2a: Aerodactyl|76/100|[from] Stealth Rock
|-ability|p2a: Aerodactyl|Pressure
|turn|14
|inactive|oliwu has 120 seconds left.
|
|t:|1663897322
|move|p1a: Ditto|Extreme Speed|p2a: Aerodactyl
|-resisted|p2a: Aerodactyl
|-damage|p2a: Aerodactyl|25/100
|move|p2a: Aerodactyl|Tailwind|p2a: Aerodactyl
|-sidestart|p2: NykterStein|move: Tailwind
|
|-weather|DeltaStream|[upkeep]
|upkeep
|turn|15
|
|t:|1663897329
|move|p1a: Ditto|Extreme Speed|p2a: Aerodactyl
|-resisted|p2a: Aerodactyl
|-damage|p2a: Aerodactyl|0 fnt
|faint|p2a: Aerodactyl
|
|-weather|DeltaStream|[upkeep]
|upkeep
|
|t:|1663897334
|switch|p2a: Zacian|Zacian-Crowned, shiny|100/100
|-damage|p2a: Zacian|94/100|[from] Stealth Rock
|-ability|p2a: Zacian|Intrepid Sword|boost
|-boost|p2a: Zacian|atk|1
|turn|16
|
|t:|1663897341
|-weather|none
|switch|p1a: Mew|Mew|100/100
|-damage|p1a: Mew|88/100|[from] Stealth Rock
|move|p2a: Zacian|Play Rough|p1a: Mew
|-damage|p1a: Mew|14/100
|
|upkeep
|turn|17
|
|t:|1663897351
|move|p2a: Zacian|Behemoth Blade|p1a: Mew
|-damage|p1a: Mew|0 fnt
|faint|p1a: Mew
|
|-sideend|p2: NykterStein|move: Tailwind
|upkeep
|inactive|oliwu has 120 seconds left.
|
|t:|1663897372
|switch|p1a: Ditto|Ditto|88/100
|-damage|p1a: Ditto|76/100|[from] Stealth Rock
|-transform|p1a: Ditto|p2a: Zacian|[from] ability: Imposter
|-ability|p1a: Ditto|Intrepid Sword|boost
|-boost|p1a: Ditto|atk|1
|turn|18
|inactive|oliwu has 120 seconds left.
|
|t:|1663897409
|move|p1a: Ditto|Behemoth Blade|p2a: Zacian
|-damage|p2a: Zacian|0 fnt
|faint|p2a: Zacian
|
|upkeep
|
|t:|1663897420
|switch|p2a: Calyrex|Calyrex-Shadow|100/100
|-ability|p2a: Calyrex|As One
|-ability|p2a: Calyrex|Unnerve
|-damage|p2a: Calyrex|88/100|[from] Stealth Rock
|turn|19
|
|t:|1663897438
|-start|p2a: Calyrex|Dynamax|
|-heal|p2a: Calyrex|88/100|[silent]
|move|p1a: Ditto|Behemoth Blade|p2a: Calyrex
|-damage|p2a: Calyrex|0 fnt
|faint|p2a: Calyrex
|
|upkeep
|
|t:|1663897452
|switch|p2a: Arceus|Arceus, shiny|100/100
|-damage|p2a: Arceus|88/100|[from] Stealth Rock
|turn|20
|
|t:|1663897456
|move|p1a: Ditto|Behemoth Blade|p2a: Arceus
|-damage|p2a: Arceus|0 fnt
|faint|p2a: Arceus
|
|upkeep
|c|☆oliwu|ditto is pretty strong isnt it
|inactive|NykterStein has 120 seconds left.
|inactive|NykterStein has 90 seconds left.
|inactive|NykterStein has 60 seconds left.
|inactive|NykterStein has 30 seconds left.
|inactive|NykterStein has 20 seconds left.
|inactive|NykterStein has 15 seconds left.
|inactive|NykterStein has 10 seconds left.
|inactive|NykterStein has 5 seconds left.
|-message|NykterStein lost due to inactivity.
|
|win|oliwu
|raw|oliwu's rating: 1358 &rarr; <strong>1380</strong><br />(+22 for winning)
|raw|NykterStein's rating: 1389 &rarr; <strong>1367</strong><br />(-22 for losing)
