|j|☆Xx_MLGprosniper_xX
|j|☆I See 6 Casualties
|t:|1655517807
|gametype|singles
|player|p1|Xx_MLGprosniper_xX|lance|1469
|player|p2|I See 6 Casualties|ghetsis|1472
|teamsize|p1|6
|teamsize|p2|6
|gen|8
|tier|[Gen 8] National Dex AG
|rated|
|rule|HP Percentage Mod: HP is shown in percentages
|rule|Endless Battle Clause: Forcing endless battles is banned
|clearpoke
|poke|p1|Weavile, F|
|poke|p1|Blissey, F|
|poke|p1|Ninetales-Alola, M|
|poke|p1|Suicune|
|poke|p1|Clefable, M|
|poke|p1|Amoonguss, M|
|poke|p2|Salazzle, F|
|poke|p2|Magnemite, L1|
|poke|p2|Probopass, L2, M|
|poke|p2|Mandibuzz, F|
|poke|p2|Probopass, L2, M|
|poke|p2|Tentacruel, M|
|teampreview
|inactive|Battle timer is ON: inactive players will automatically lose when time's up. (requested by Xx_MLGprosniper_xX)
|
|t:|1655517820
|start
|switch|p1a: Amoonguss|Amoonguss, M|100/100
|switch|p2a: No Fun Allowed|Salazzle, F|100/100
|turn|1
|
|t:|1655517828
|move|p2a: No Fun Allowed|Substitute|p2a: No Fun Allowed
|-start|p2a: No Fun Allowed|Substitute
|-damage|p2a: No Fun Allowed|76/100
|move|p1a: Amoonguss|Spore||[still]
|-fail|p1a: Amoonguss
|
|-heal|p2a: No Fun Allowed|82/100|[from] item: Black Sludge
|upkeep
|turn|2
|
|t:|1655517833
|switch|p1a: Clefable|Clefable, M|100/100
|move|p2a: No Fun Allowed|Toxic|p1a: Clefable
|-status|p1a: Clefable|tox
|
|-heal|p2a: No Fun Allowed|88/100|[from] item: Black Sludge
|-damage|p1a: Clefable|94/100 tox|[from] psn
|upkeep
|turn|3
|
|t:|1655517841
|move|p2a: No Fun Allowed|Flamethrower|p1a: Clefable
|-damage|p1a: Clefable|57/100 tox
|move|p1a: Clefable|Minimize|p1a: Clefable
|-boost|p1a: Clefable|evasion|2
|
|-heal|p2a: No Fun Allowed|94/100|[from] item: Black Sludge
|-heal|p1a: Clefable|63/100 tox|[from] item: Leftovers
|-damage|p1a: Clefable|51/100 tox|[from] psn
|upkeep
|turn|4
|
|t:|1655517846
|move|p2a: No Fun Allowed|Flamethrower|p1a: Clefable|[miss]
|-miss|p2a: No Fun Allowed|p1a: Clefable
|move|p1a: Clefable|Soft-Boiled|p1a: Clefable
|-heal|p1a: Clefable|100/100 tox
|
|-heal|p2a: No Fun Allowed|99/100|[from] item: Black Sludge
|-damage|p1a: Clefable|82/100 tox|[from] psn
|upkeep
|turn|5
|
|t:|1655517852
|move|p2a: No Fun Allowed|Flamethrower|p1a: Clefable
|-damage|p1a: Clefable|43/100 tox
|move|p1a: Clefable|Cosmic Power|p1a: Clefable
|-boost|p1a: Clefable|def|1
|-boost|p1a: Clefable|spd|1
|
|-heal|p2a: No Fun Allowed|100/100|[from] item: Black Sludge
|-heal|p1a: Clefable|49/100 tox|[from] item: Leftovers
|-damage|p1a: Clefable|24/100 tox|[from] psn
|upkeep
|turn|6
|
|t:|1655517857
|move|p2a: No Fun Allowed|Flamethrower|p1a: Clefable
|-damage|p1a: Clefable|1/100 tox
|move|p1a: Clefable|Baton Pass|p1a: Clefable
|
|t:|1655517874
|switch|p1a: Suicune|Suicune|100/100|[from]move: Baton Pass
|-ability|p1a: Suicune|Pressure
|
|upkeep
|turn|7
|
|t:|1655517894
|move|p2a: No Fun Allowed|Toxic|p1a: Suicune
|-status|p1a: Suicune|tox
|move|p1a: Suicune|Scald|p2a: No Fun Allowed
|-supereffective|p2a: No Fun Allowed
|-end|p2a: No Fun Allowed|Substitute
|
|-damage|p1a: Suicune|94/100 tox|[from] psn
|upkeep
|turn|8
|
|t:|1655517898
|move|p2a: No Fun Allowed|Protect|p2a: No Fun Allowed
|-singleturn|p2a: No Fun Allowed|Protect
|move|p1a: Suicune|Scald|p2a: No Fun Allowed
|-activate|p2a: No Fun Allowed|move: Protect
|
|-heal|p1a: Suicune|100/100 tox|[from] item: Leftovers
|-damage|p1a: Suicune|88/100 tox|[from] psn
|upkeep
|turn|9
|
|t:|1655517902
|move|p2a: No Fun Allowed|Substitute|p2a: No Fun Allowed
|-start|p2a: No Fun Allowed|Substitute
|-damage|p2a: No Fun Allowed|76/100
|move|p1a: Suicune|Scald|p2a: No Fun Allowed
|-supereffective|p2a: No Fun Allowed
|-end|p2a: No Fun Allowed|Substitute
|
|-heal|p2a: No Fun Allowed|82/100|[from] item: Black Sludge
|-heal|p1a: Suicune|94/100 tox|[from] item: Leftovers
|-damage|p1a: Suicune|76/100 tox|[from] psn
|upkeep
|turn|10
|
|t:|1655517920
|move|p2a: No Fun Allowed|Substitute|p2a: No Fun Allowed
|-start|p2a: No Fun Allowed|Substitute
|-damage|p2a: No Fun Allowed|57/100
|move|p1a: Suicune|Scald|p2a: No Fun Allowed
|-supereffective|p2a: No Fun Allowed
|-end|p2a: No Fun Allowed|Substitute
|
|-heal|p2a: No Fun Allowed|63/100|[from] item: Black Sludge
|-heal|p1a: Suicune|82/100 tox|[from] item: Leftovers
|-damage|p1a: Suicune|57/100 tox|[from] psn
|upkeep
|turn|11
|
|t:|1655517926
|move|p2a: No Fun Allowed|Protect|p2a: No Fun Allowed
|-singleturn|p2a: No Fun Allowed|Protect
|move|p1a: Suicune|Rest|p1a: Suicune
|-status|p1a: Suicune|slp|[from] move: Rest
|-heal|p1a: Suicune|100/100 slp|[silent]
|
|-heal|p2a: No Fun Allowed|69/100|[from] item: Black Sludge
|upkeep
|turn|12
|
|t:|1655517940
|move|p2a: No Fun Allowed|Substitute|p2a: No Fun Allowed
|-start|p2a: No Fun Allowed|Substitute
|-damage|p2a: No Fun Allowed|44/100
|cant|p1a: Suicune|slp
|
|-heal|p2a: No Fun Allowed|50/100|[from] item: Black Sludge
|upkeep
|turn|13
|
|t:|1655517944
|move|p2a: No Fun Allowed|Protect|p2a: No Fun Allowed
|-singleturn|p2a: No Fun Allowed|Protect
|cant|p1a: Suicune|slp
|
|-heal|p2a: No Fun Allowed|56/100|[from] item: Black Sludge
|upkeep
|turn|14
|inactive|I See 6 Casualties has 120 seconds left.
|
|t:|1655517994
|move|p2a: No Fun Allowed|Flamethrower|p1a: Suicune
|-resisted|p1a: Suicune
|-damage|p1a: Suicune|90/100 slp
|-curestatus|p1a: Suicune|slp|[msg]
|move|p1a: Suicune|Scald|p2a: No Fun Allowed
|-supereffective|p2a: No Fun Allowed
|-end|p2a: No Fun Allowed|Substitute
|
|-heal|p2a: No Fun Allowed|63/100|[from] item: Black Sludge
|-heal|p1a: Suicune|96/100|[from] item: Leftovers
|upkeep
|turn|15
|
|t:|1655518001
|move|p2a: No Fun Allowed|Protect|p2a: No Fun Allowed
|-singleturn|p2a: No Fun Allowed|Protect
|move|p1a: Suicune|Scald|p2a: No Fun Allowed
|-activate|p2a: No Fun Allowed|move: Protect
|
|-heal|p2a: No Fun Allowed|69/100|[from] item: Black Sludge
|-heal|p1a: Suicune|100/100|[from] item: Leftovers
|upkeep
|turn|16
|
|t:|1655518010
|move|p2a: No Fun Allowed|Substitute|p2a: No Fun Allowed
|-start|p2a: No Fun Allowed|Substitute
|-damage|p2a: No Fun Allowed|44/100
|move|p1a: Suicune|Scald|p2a: No Fun Allowed
|-supereffective|p2a: No Fun Allowed
|-end|p2a: No Fun Allowed|Substitute
|
|-heal|p2a: No Fun Allowed|50/100|[from] item: Black Sludge
|upkeep
|turn|17
|
|t:|1655518013
|move|p2a: No Fun Allowed|Protect|p2a: No Fun Allowed
|-singleturn|p2a: No Fun Allowed|Protect
|move|p1a: Suicune|Scald|p2a: No Fun Allowed
|-activate|p2a: No Fun Allowed|move: Protect
|
|-heal|p2a: No Fun Allowed|56/100|[from] item: Black Sludge
|upkeep
|turn|18
|inactive|I See 6 Casualties has 120 seconds left.
|inactive|I See 6 Casualties has 90 seconds left.
|
|t:|1655518082
|move|p2a: No Fun Allowed|Substitute|p2a: No Fun Allowed
|-start|p2a: No Fun Allowed|Substitute
|-damage|p2a: No Fun Allowed|31/100
|move|p1a: Suicune|Scald|p2a: No Fun Allowed
|-supereffective|p2a: No Fun Allowed
|-end|p2a: No Fun Allowed|Substitute
|
|-heal|p2a: No Fun Allowed|37/100|[from] item: Black Sludge
|upkeep
|turn|19
|
|t:|1655518087
|move|p2a: No Fun Allowed|Protect|p2a: No Fun Allowed
|-singleturn|p2a: No Fun Allowed|Protect
|move|p1a: Suicune|Scald|p2a: No Fun Allowed
|-activate|p2a: No Fun Allowed|move: Protect
|
|-heal|p2a: No Fun Allowed|43/100|[from] item: Black Sludge
|upkeep
|turn|20
|
|t:|1655518106
|move|p2a: No Fun Allowed|Substitute|p2a: No Fun Allowed
|-start|p2a: No Fun Allowed|Substitute
|-damage|p2a: No Fun Allowed|19/100
|move|p1a: Suicune|Scald|p2a: No Fun Allowed
|-supereffective|p2a: No Fun Allowed
|-end|p2a: No Fun Allowed|Substitute
|
|-heal|p2a: No Fun Allowed|25/100|[from] item: Black Sludge
|upkeep
|turn|21
|
|t:|1655518111
|move|p2a: No Fun Allowed|Protect|p2a: No Fun Allowed
|-singleturn|p2a: No Fun Allowed|Protect
|move|p1a: Suicune|Calm Mind|p1a: Suicune
|-boost|p1a: Suicune|spa|1
|-boost|p1a: Suicune|spd|1
|
|-heal|p2a: No Fun Allowed|31/100|[from] item: Black Sludge
|upkeep
|turn|22
|inactive|I See 6 Casualties has 90 seconds left.
|
|t:|1655518130
|switch|p2a: Sh*tsquid|Tentacruel, M|100/100
|move|p1a: Suicune|Scald|p2a: Sh*tsquid
|-resisted|p2a: Sh*tsquid
|-damage|p2a: Sh*tsquid|86/100
|
|-heal|p2a: Sh*tsquid|92/100|[from] item: Black Sludge
|upkeep
|turn|23
|
|t:|1655518149
|move|p2a: Sh*tsquid|Toxic|p1a: Suicune
|-status|p1a: Suicune|tox
|move|p1a: Suicune|Sheer Cold|p2a: Sh*tsquid|[miss]
|-miss|p1a: Suicune|p2a: Sh*tsquid
|
|-heal|p2a: Sh*tsquid|98/100|[from] item: Black Sludge
|-damage|p1a: Suicune|94/100 tox|[from] psn
|upkeep
|turn|24
|inactive|I See 6 Casualties has 90 seconds left.
|
|t:|1655518161
|move|p2a: Sh*tsquid|Knock Off|p1a: Suicune
|-damage|p1a: Suicune|89/100 tox
|-enditem|p1a: Suicune|Leftovers|[from] move: Knock Off|[of] p2a: Sh*tsquid
|move|p1a: Suicune|Sheer Cold|p2a: Sh*tsquid|[miss]
|-miss|p1a: Suicune|p2a: Sh*tsquid
|
|-heal|p2a: Sh*tsquid|100/100|[from] item: Black Sludge
|-damage|p1a: Suicune|77/100 tox|[from] psn
|upkeep
|turn|25
|inactive|I See 6 Casualties has 90 seconds left.
|
|t:|1655518172
|switch|p2a: Literally Level 1|Magnemite, L1|100/100
|move|p1a: Suicune|Sheer Cold|p2a: Literally Level 1
|-immune|p2a: Literally Level 1|[from] ability: Sturdy
|
|-damage|p1a: Suicune|58/100 tox|[from] psn
|upkeep
|turn|26
|
|t:|1655518177
|move|p2a: Literally Level 1|Protect|p2a: Literally Level 1
|-singleturn|p2a: Literally Level 1|Protect
|move|p1a: Suicune|Rest|p1a: Suicune
|-status|p1a: Suicune|slp|[from] move: Rest
|-heal|p1a: Suicune|100/100 slp|[silent]
|
|upkeep
|turn|27
|
|t:|1655518187
|switch|p2a: No Fun Allowed|Salazzle, F|31/100
|cant|p1a: Suicune|slp
|
|-heal|p2a: No Fun Allowed|37/100|[from] item: Black Sludge
|upkeep
|turn|28
|
|t:|1655518191
|move|p2a: No Fun Allowed|Substitute|p2a: No Fun Allowed
|-start|p2a: No Fun Allowed|Substitute
|-damage|p2a: No Fun Allowed|12/100
|cant|p1a: Suicune|slp
|
|-heal|p2a: No Fun Allowed|18/100|[from] item: Black Sludge
|upkeep
|turn|29
|inactive|I See 6 Casualties has 120 seconds left.
|
|t:|1655518203
|move|p2a: No Fun Allowed|Protect|p2a: No Fun Allowed
|-singleturn|p2a: No Fun Allowed|Protect
|-curestatus|p1a: Suicune|slp|[msg]
|move|p1a: Suicune|Calm Mind|p1a: Suicune
|-boost|p1a: Suicune|spa|1
|-boost|p1a: Suicune|spd|1
|
|-heal|p2a: No Fun Allowed|24/100|[from] item: Black Sludge
|upkeep
|turn|30
|
|t:|1655518205
|move|p2a: No Fun Allowed|Toxic|p1a: Suicune
|-status|p1a: Suicune|tox
|move|p1a: Suicune|Scald|p2a: No Fun Allowed
|-supereffective|p2a: No Fun Allowed
|-end|p2a: No Fun Allowed|Substitute
|
|-heal|p2a: No Fun Allowed|30/100|[from] item: Black Sludge
|-damage|p1a: Suicune|94/100 tox|[from] psn
|upkeep
|turn|31
|
|t:|1655518211
|move|p2a: No Fun Allowed|Protect|p2a: No Fun Allowed
|-singleturn|p2a: No Fun Allowed|Protect
|move|p1a: Suicune|Scald|p2a: No Fun Allowed
|-activate|p2a: No Fun Allowed|move: Protect
|
|-heal|p2a: No Fun Allowed|37/100|[from] item: Black Sludge
|-damage|p1a: Suicune|82/100 tox|[from] psn
|upkeep
|turn|32
|
|t:|1655518221
|move|p2a: No Fun Allowed|Substitute|p2a: No Fun Allowed
|-start|p2a: No Fun Allowed|Substitute
|-damage|p2a: No Fun Allowed|12/100
|move|p1a: Suicune|Scald|p2a: No Fun Allowed
|-supereffective|p2a: No Fun Allowed
|-end|p2a: No Fun Allowed|Substitute
|
|-heal|p2a: No Fun Allowed|18/100|[from] item: Black Sludge
|-damage|p1a: Suicune|63/100 tox|[from] psn
|upkeep
|turn|33
|
|t:|1655518225
|move|p2a: No Fun Allowed|Protect|p2a: No Fun Allowed
|-singleturn|p2a: No Fun Allowed|Protect
|move|p1a: Suicune|Rest|p1a: Suicune
|-status|p1a: Suicune|slp|[from] move: Rest
|-heal|p1a: Suicune|100/100 slp|[silent]
|
|-heal|p2a: No Fun Allowed|24/100|[from] item: Black Sludge
|upkeep
|turn|34
|
|t:|1655518237
|move|p2a: No Fun Allowed|Flamethrower|p1a: Suicune|[miss]
|-miss|p2a: No Fun Allowed|p1a: Suicune
|cant|p1a: Suicune|slp
|
|-heal|p2a: No Fun Allowed|30/100|[from] item: Black Sludge
|upkeep
|turn|35
|
|t:|1655518241
|move|p2a: No Fun Allowed|Substitute|p2a: No Fun Allowed
|-start|p2a: No Fun Allowed|Substitute
|-damage|p2a: No Fun Allowed|5/100
|cant|p1a: Suicune|slp
|
|-heal|p2a: No Fun Allowed|11/100|[from] item: Black Sludge
|upkeep
|turn|36
|
|t:|1655518251
|move|p2a: No Fun Allowed|Protect|p2a: No Fun Allowed
|-singleturn|p2a: No Fun Allowed|Protect
|-curestatus|p1a: Suicune|slp|[msg]
|move|p1a: Suicune|Calm Mind|p1a: Suicune
|-boost|p1a: Suicune|spa|1
|-boost|p1a: Suicune|spd|1
|
|-heal|p2a: No Fun Allowed|17/100|[from] item: Black Sludge
|upkeep
|turn|37
|
|t:|1655518253
|move|p2a: No Fun Allowed|Toxic|p1a: Suicune
|-status|p1a: Suicune|tox
|move|p1a: Suicune|Scald|p2a: No Fun Allowed
|-supereffective|p2a: No Fun Allowed
|-end|p2a: No Fun Allowed|Substitute
|
|-heal|p2a: No Fun Allowed|24/100|[from] item: Black Sludge
|-damage|p1a: Suicune|94/100 tox|[from] psn
|upkeep
|turn|38
|
|t:|1655518280
|move|p2a: No Fun Allowed|Protect|p2a: No Fun Allowed
|-singleturn|p2a: No Fun Allowed|Protect
|move|p1a: Suicune|Rest|p1a: Suicune
|-status|p1a: Suicune|slp|[from] move: Rest
|-heal|p1a: Suicune|100/100 slp|[silent]
|
|-heal|p2a: No Fun Allowed|30/100|[from] item: Black Sludge
|upkeep
|turn|39
|
|t:|1655518300
|move|p2a: No Fun Allowed|Substitute|p2a: No Fun Allowed
|-start|p2a: No Fun Allowed|Substitute
|-damage|p2a: No Fun Allowed|5/100
|cant|p1a: Suicune|slp
|
|-heal|p2a: No Fun Allowed|11/100|[from] item: Black Sludge
|upkeep
|turn|40
|
|t:|1655518304
|move|p2a: No Fun Allowed|Flamethrower|p1a: Suicune|[miss]
|-miss|p2a: No Fun Allowed|p1a: Suicune
|cant|p1a: Suicune|slp
|
|-heal|p2a: No Fun Allowed|17/100|[from] item: Black Sludge
|upkeep
|turn|41
|
|t:|1655518308
|move|p2a: No Fun Allowed|Protect|p2a: No Fun Allowed
|-singleturn|p2a: No Fun Allowed|Protect
|-curestatus|p1a: Suicune|slp|[msg]
|move|p1a: Suicune|Calm Mind|p1a: Suicune
|-boost|p1a: Suicune|spa|1
|-boost|p1a: Suicune|spd|1
|
|-heal|p2a: No Fun Allowed|23/100|[from] item: Black Sludge
|upkeep
|turn|42
|
|t:|1655518310
|move|p2a: No Fun Allowed|Toxic|p1a: Suicune
|-status|p1a: Suicune|tox
|move|p1a: Suicune|Scald|p2a: No Fun Allowed
|-supereffective|p2a: No Fun Allowed
|-end|p2a: No Fun Allowed|Substitute
|
|-heal|p2a: No Fun Allowed|29/100|[from] item: Black Sludge
|-damage|p1a: Suicune|94/100 tox|[from] psn
|upkeep
|turn|43
|
|t:|1655518319
|move|p2a: No Fun Allowed|Substitute|p2a: No Fun Allowed
|-start|p2a: No Fun Allowed|Substitute
|-damage|p2a: No Fun Allowed|4/100
|move|p1a: Suicune|Scald|p2a: No Fun Allowed
|-supereffective|p2a: No Fun Allowed
|-end|p2a: No Fun Allowed|Substitute
|
|-heal|p2a: No Fun Allowed|11/100|[from] item: Black Sludge
|-damage|p1a: Suicune|82/100 tox|[from] psn
|upkeep
|turn|44
|
|t:|1655518325
|move|p2a: No Fun Allowed|Protect|p2a: No Fun Allowed
|-singleturn|p2a: No Fun Allowed|Protect
|move|p1a: Suicune|Rest|p1a: Suicune
|-status|p1a: Suicune|slp|[from] move: Rest
|-heal|p1a: Suicune|100/100 slp|[silent]
|
|-heal|p2a: No Fun Allowed|17/100|[from] item: Black Sludge
|upkeep
|turn|45
|
|t:|1655518329
|move|p2a: No Fun Allowed|Flamethrower|p1a: Suicune
|-resisted|p1a: Suicune
|-damage|p1a: Suicune|96/100 slp
|cant|p1a: Suicune|slp
|
|-heal|p2a: No Fun Allowed|23/100|[from] item: Black Sludge
|upkeep
|turn|46
|
|t:|1655518340
|move|p2a: No Fun Allowed|Flamethrower|p1a: Suicune
|-resisted|p1a: Suicune
|-damage|p1a: Suicune|91/100 slp
|cant|p1a: Suicune|slp
|
|-heal|p2a: No Fun Allowed|29/100|[from] item: Black Sludge
|upkeep
|turn|47
|
|t:|1655518356
|move|p2a: No Fun Allowed|Substitute|p2a: No Fun Allowed
|-start|p2a: No Fun Allowed|Substitute
|-damage|p2a: No Fun Allowed|4/100
|-curestatus|p1a: Suicune|slp|[msg]
|move|p1a: Suicune|Calm Mind|p1a: Suicune
|-boost|p1a: Suicune|spa|1
|-boost|p1a: Suicune|spd|1
|
|-heal|p2a: No Fun Allowed|10/100|[from] item: Black Sludge
|upkeep
|turn|48
|
|t:|1655518362
|move|p2a: No Fun Allowed|Toxic|p1a: Suicune
|-status|p1a: Suicune|tox
|move|p1a: Suicune|Calm Mind|p1a: Suicune
|-boost|p1a: Suicune|spa|1
|-boost|p1a: Suicune|spd|0
|
|-heal|p2a: No Fun Allowed|16/100|[from] item: Black Sludge
|-damage|p1a: Suicune|85/100 tox|[from] psn
|upkeep
|turn|49
|
|t:|1655518368
|move|p2a: No Fun Allowed|Flamethrower|p1a: Suicune|[miss]
|-miss|p2a: No Fun Allowed|p1a: Suicune
|move|p1a: Suicune|Scald|p2a: No Fun Allowed
|-supereffective|p2a: No Fun Allowed
|-end|p2a: No Fun Allowed|Substitute
|
|-heal|p2a: No Fun Allowed|23/100|[from] item: Black Sludge
|-damage|p1a: Suicune|73/100 tox|[from] psn
|upkeep
|turn|50
|
|t:|1655518379
|move|p2a: No Fun Allowed|Flamethrower|p1a: Suicune
|-resisted|p1a: Suicune
|-crit|p1a: Suicune
|-damage|p1a: Suicune|48/100 tox
|move|p1a: Suicune|Calm Mind|p1a: Suicune
|-boost|p1a: Suicune|spa|0
|-boost|p1a: Suicune|spd|0
|
|-heal|p2a: No Fun Allowed|29/100|[from] item: Black Sludge
|-damage|p1a: Suicune|29/100 tox|[from] psn
|upkeep
|turn|51
|
|t:|1655518386
|move|p2a: No Fun Allowed|Substitute|p2a: No Fun Allowed
|-start|p2a: No Fun Allowed|Substitute
|-damage|p2a: No Fun Allowed|4/100
|move|p1a: Suicune|Rest|p1a: Suicune
|-status|p1a: Suicune|slp|[from] move: Rest
|-heal|p1a: Suicune|100/100 slp|[silent]
|
|-heal|p2a: No Fun Allowed|10/100|[from] item: Black Sludge
|upkeep
|turn|52
|
|t:|1655518408
|switch|p2a: Sh*tsquid|Tentacruel, M|100/100
|cant|p1a: Suicune|slp
|
|upkeep
|turn|53
|
|t:|1655518426
|move|p2a: Sh*tsquid|Rapid Spin|p1a: Suicune
|-damage|p1a: Suicune|98/100 slp
|-boost|p2a: Sh*tsquid|spe|1
|cant|p1a: Suicune|slp
|
|upkeep
|turn|54
|
|t:|1655518434
|move|p2a: Sh*tsquid|Knock Off|p1a: Suicune
|-damage|p1a: Suicune|94/100 slp
|-curestatus|p1a: Suicune|slp|[msg]
|move|p1a: Suicune|Sheer Cold|p2a: Sh*tsquid|[miss]
|-miss|p1a: Suicune|p2a: Sh*tsquid
|
|upkeep
|turn|55
|
|t:|1655518439
|move|p2a: Sh*tsquid|Toxic|p1a: Suicune
|-status|p1a: Suicune|tox
|move|p1a: Suicune|Scald|p2a: Sh*tsquid
|-resisted|p2a: Sh*tsquid
|-damage|p2a: Sh*tsquid|60/100
|
|-heal|p2a: Sh*tsquid|66/100|[from] item: Black Sludge
|-damage|p1a: Suicune|88/100 tox|[from] psn
|upkeep
|turn|56
|
|t:|1655518454
|move|p2a: Sh*tsquid|Knock Off|p1a: Suicune|[miss]
|-miss|p2a: Sh*tsquid|p1a: Suicune
|move|p1a: Suicune|Sheer Cold|p2a: Sh*tsquid
|-damage|p2a: Sh*tsquid|0 fnt
|faint|p2a: Sh*tsquid
|-ohko
|
|-damage|p1a: Suicune|75/100 tox|[from] psn
|upkeep
|
|t:|1655518461
|switch|p2a: Literally Level 1|Magnemite, L1|100/100
|turn|57
|
|t:|1655518465
|move|p2a: Literally Level 1|Protect|p2a: Literally Level 1
|-singleturn|p2a: Literally Level 1|Protect
|move|p1a: Suicune|Scald|p2a: Literally Level 1
|-activate|p2a: Literally Level 1|move: Protect
|
|-damage|p1a: Suicune|57/100 tox|[from] psn
|upkeep
|turn|58
|
|t:|1655518470
|move|p1a: Suicune|Scald|p2a: Literally Level 1
|-ability|p2a: Literally Level 1|Sturdy
|-damage|p2a: Literally Level 1|10/100
|-enditem|p2a: Literally Level 1|Berry Juice
|-heal|p2a: Literally Level 1|100/100|[from] item: Berry Juice
|move|p2a: Literally Level 1|Recycle|p2a: Literally Level 1
|-item|p2a: Literally Level 1|Berry Juice|[from] move: Recycle
|
|-damage|p1a: Suicune|32/100 tox|[from] psn
|upkeep
|turn|59
|
|t:|1655518477
|move|p2a: Literally Level 1|Protect|p2a: Literally Level 1
|-singleturn|p2a: Literally Level 1|Protect
|move|p1a: Suicune|Rest|p1a: Suicune
|-status|p1a: Suicune|slp|[from] move: Rest
|-heal|p1a: Suicune|100/100 slp|[silent]
|
|upkeep
|turn|60
|
|t:|1655518482
|switch|p2a: No Fun Allowed|Salazzle, F|10/100
|cant|p1a: Suicune|slp
|
|-heal|p2a: No Fun Allowed|16/100|[from] item: Black Sludge
|upkeep
|turn|61
|
|t:|1655518490
|switch|p2a: Literally Level 1|Magnemite, L1|100/100
|cant|p1a: Suicune|slp
|
|upkeep
|turn|62
|
|t:|1655518493
|move|p2a: Literally Level 1|Protect|p2a: Literally Level 1
|-singleturn|p2a: Literally Level 1|Protect
|-curestatus|p1a: Suicune|slp|[msg]
|move|p1a: Suicune|Scald|p2a: Literally Level 1
|-activate|p2a: Literally Level 1|move: Protect
|
|upkeep
|turn|63
|
|t:|1655518495
|move|p1a: Suicune|Scald|p2a: Literally Level 1
|-ability|p2a: Literally Level 1|Sturdy
|-damage|p2a: Literally Level 1|10/100
|-enditem|p2a: Literally Level 1|Berry Juice
|-heal|p2a: Literally Level 1|100/100|[from] item: Berry Juice
|move|p2a: Literally Level 1|Toxic|p1a: Suicune
|-status|p1a: Suicune|tox
|
|-damage|p1a: Suicune|94/100 tox|[from] psn
|upkeep
|turn|64
|
|t:|1655518501
|move|p1a: Suicune|Rest|p1a: Suicune
|-status|p1a: Suicune|slp|[from] move: Rest
|-heal|p1a: Suicune|100/100 slp|[silent]
|move|p2a: Literally Level 1|Recycle|p2a: Literally Level 1
|-item|p2a: Literally Level 1|Berry Juice|[from] move: Recycle
|
|upkeep
|turn|65
|
|t:|1655518508
|switch|p2a: No Fun Allowed|Salazzle, F|16/100
|cant|p1a: Suicune|slp
|
|-heal|p2a: No Fun Allowed|22/100|[from] item: Black Sludge
|upkeep
|turn|66
|
|t:|1655518525
|switch|p2a: Literally Level 1|Magnemite, L1|100/100
|cant|p1a: Suicune|slp
|
|upkeep
|turn|67
|
|t:|1655518532
|switch|p1a: Amoonguss|Amoonguss, M|100/100
|move|p2a: Literally Level 1|Toxic|p1a: Amoonguss
|-immune|p1a: Amoonguss
|
|upkeep
|turn|68
|
|t:|1655518538
|switch|p2a: Sh*tbird|Mandibuzz, F|100/100
|move|p1a: Amoonguss|Spore|p2a: Sh*tbird
|-immune|p2a: Sh*tbird|[from] ability: Overcoat
|
|upkeep
|turn|69
|
|t:|1655518544
|switch|p2a: No Fun Allowed|Salazzle, F|22/100
|switch|p1a: Ninetales|Ninetales-Alola, M|100/100
|-weather|Hail|[from] ability: Snow Warning|[of] p1a: Ninetales
|
|-weather|Hail|[upkeep]
|-damage|p2a: No Fun Allowed|16/100|[from] Hail
|-heal|p2a: No Fun Allowed|22/100|[from] item: Black Sludge
|upkeep
|turn|70
|
|t:|1655518553
|move|p2a: No Fun Allowed|Protect|p2a: No Fun Allowed
|-singleturn|p2a: No Fun Allowed|Protect
|move|p1a: Ninetales|Blizzard|p2a: No Fun Allowed
|-activate|p2a: No Fun Allowed|move: Protect
|
|-weather|Hail|[upkeep]
|-damage|p2a: No Fun Allowed|16/100|[from] Hail
|-heal|p2a: No Fun Allowed|22/100|[from] item: Black Sludge
|upkeep
|turn|71
|
|t:|1655518559
|-start|p2a: No Fun Allowed|Dynamax|
|-heal|p2a: No Fun Allowed|22/100|[silent]
|move|p2a: No Fun Allowed|Max Flare|p1a: Ninetales
|-supereffective|p1a: Ninetales
|-damage|p1a: Ninetales|0 fnt
|-weather|SunnyDay
|faint|p1a: Ninetales
|
|-weather|SunnyDay|[upkeep]
|-heal|p2a: No Fun Allowed|25/100|[from] item: Black Sludge
|upkeep
|
|t:|1655518568
|switch|p1a: Suicune|Suicune|100/100 slp
|-ability|p1a: Suicune|Pressure
|turn|72
|
|t:|1655518574
|move|p2a: No Fun Allowed|Max Guard|p2a: No Fun Allowed
|-singleturn|p2a: No Fun Allowed|Max Guard
|-curestatus|p1a: Suicune|slp|[msg]
|move|p1a: Suicune|Calm Mind|p1a: Suicune
|-boost|p1a: Suicune|spa|1
|-boost|p1a: Suicune|spd|1
|
|-weather|SunnyDay|[upkeep]
|-heal|p2a: No Fun Allowed|28/100|[from] item: Black Sludge
|upkeep
|turn|73
|
|t:|1655518587
|move|p2a: No Fun Allowed|Max Flare|p1a: Suicune
|-resisted|p1a: Suicune
|-crit|p1a: Suicune
|-damage|p1a: Suicune|54/100
|move|p1a: Suicune|Calm Mind|p1a: Suicune
|-boost|p1a: Suicune|spa|1
|-boost|p1a: Suicune|spd|1
|
|-weather|SunnyDay|[upkeep]
|-heal|p2a: No Fun Allowed|31/100|[from] item: Black Sludge
|upkeep
|-end|p2a: No Fun Allowed|Dynamax
|-heal|p2a: No Fun Allowed|32/100|[silent]
|turn|74
|
|t:|1655518604
|switch|p2a: UCantBeatALvl2Mon?|Probopass, L2, M|100/100
|move|p1a: Suicune|Rest|p1a: Suicune
|-status|p1a: Suicune|slp|[from] move: Rest
|-heal|p1a: Suicune|100/100 slp|[silent]
|
|-weather|SunnyDay|[upkeep]
|upkeep
|turn|75
|
|t:|1655518617
|switch|p1a: Amoonguss|Amoonguss, M|100/100
|move|p2a: UCantBeatALvl2Mon?|Pain Split|p1a: Amoonguss
|-sethp|p1a: Amoonguss|52/100|[from] move: Pain Split|[silent]
|-sethp|p2a: UCantBeatALvl2Mon?|100/100|[from] move: Pain Split
|
|-weather|none
|-heal|p1a: Amoonguss|58/100|[from] item: Black Sludge
|upkeep
|turn|76
|
|t:|1655518622
|switch|p1a: Weavile|Weavile, F|100/100
|switch|p2a: Sh*tbird|Mandibuzz, F|100/100
|
|upkeep
|turn|77
|
|t:|1655518626
|move|p1a: Weavile|Ice Punch|p2a: Sh*tbird
|-supereffective|p2a: Sh*tbird
|-damage|p2a: Sh*tbird|59/100
|move|p2a: Sh*tbird|Toxic|p1a: Weavile
|-status|p1a: Weavile|tox
|
|-damage|p1a: Weavile|94/100 tox|[from] psn
|upkeep
|turn|78
|
|t:|1655518631
|move|p1a: Weavile|Knock Off|p2a: Sh*tbird
|-resisted|p2a: Sh*tbird
|-damage|p2a: Sh*tbird|47/100
|-enditem|p2a: Sh*tbird|Heavy-Duty Boots|[from] move: Knock Off|[of] p1a: Weavile
|move|p2a: Sh*tbird|Roost|p2a: Sh*tbird
|-heal|p2a: Sh*tbird|97/100
|-singleturn|p2a: Sh*tbird|move: Roost
|
|-damage|p1a: Weavile|82/100 tox|[from] psn
|upkeep
|turn|79
|c|☆I See 6 Casualties|!dt ice punch
|raw|<ul class="utilichart"><li class="result"><span class="col movenamecol"><a href="https://dex.pokemonshowdown.com/moves/icepunch">Ice Punch</a></span> <span class="col typecol"><img src="//play.pokemonshowdown.com/sprites/types/Ice.png" alt="Ice" width="32" height="14"><img src="//play.pokemonshowdown.com/sprites/categories/Physical.png" alt="Physical" width="32" height="14"></span> <span class="col labelcol"><em>Power</em><br>75</span> <span class="col widelabelcol"><em>Accuracy</em><br>100%</span> <span class="col pplabelcol"><em>PP</em><br>24</span> <span class="col movedesccol">10% chance to freeze the target.</span> </li><li style="clear:both"></li></ul>
|raw|<font size="1"><font color="#686868">Priority:</font> 0&nbsp;|&ThickSpace;<font color="#686868">Gen:</font> 1&nbsp;|&ThickSpace;&#10003; Secondary effect&nbsp;|&ThickSpace;&#10003; Contact&nbsp;|&ThickSpace;&#10003; Punch&nbsp;|&ThickSpace;<font color="#686868">Z-Power:</font> 140&nbsp;|&ThickSpace;<font color="#686868">Dynamax Power:</font> 130&nbsp;|&ThickSpace;<font color="#686868">Target:</font> One Adjacent Pokémon</font>

|c|☆I See 6 Casualties|!dt triple axel
|raw|<ul class="utilichart"><li class="result"><span class="col movenamecol"><a href="https://dex.pokemonshowdown.com/moves/tripleaxel">Triple Axel</a></span> <span class="col typecol"><img src="//play.pokemonshowdown.com/sprites/types/Ice.png" alt="Ice" width="32" height="14"><img src="//play.pokemonshowdown.com/sprites/categories/Physical.png" alt="Physical" width="32" height="14"></span> <span class="col labelcol"><em>Power</em><br>20</span> <span class="col widelabelcol"><em>Accuracy</em><br>90%</span> <span class="col pplabelcol"><em>PP</em><br>16</span> <span class="col movedesccol">Hits 3 times. Each hit can miss, but power rises.</span> </li><li style="clear:both"></li></ul>
|raw|<font size="1"><font color="#686868">Priority:</font> 0&nbsp;|&ThickSpace;<font color="#686868">Gen:</font> 8&nbsp;|&ThickSpace;&#10003; Contact&nbsp;|&ThickSpace;<font color="#686868">Z-Power:</font> 120&nbsp;|&ThickSpace;<font color="#686868">Dynamax Power:</font> 140&nbsp;|&ThickSpace;<font color="#686868">Target:</font> One Adjacent Pokémon</font>

|
|t:|1655518644
|switch|p1a: Blissey|Blissey, F|100/100
|move|p2a: Sh*tbird|Foul Play|p1a: Blissey
|-damage|p1a: Blissey|98/100
|
|upkeep
|turn|80
|
|t:|1655518654
|switch|p2a: Literally Level 1|Magnemite, L1|100/100
|move|p1a: Blissey|Thunder Wave|p2a: Literally Level 1
|-immune|p2a: Literally Level 1
|
|upkeep
|turn|81
|c|☆I See 6 Casualties|!dt icicle crash
|raw|<ul class="utilichart"><li class="result"><span class="col movenamecol"><a href="https://dex.pokemonshowdown.com/moves/iciclecrash">Icicle Crash</a></span> <span class="col typecol"><img src="//play.pokemonshowdown.com/sprites/types/Ice.png" alt="Ice" width="32" height="14"><img src="//play.pokemonshowdown.com/sprites/categories/Physical.png" alt="Physical" width="32" height="14"></span> <span class="col labelcol"><em>Power</em><br>85</span> <span class="col widelabelcol"><em>Accuracy</em><br>90%</span> <span class="col pplabelcol"><em>PP</em><br>16</span> <span class="col movedesccol">30% chance to make the target flinch.</span> </li><li style="clear:both"></li></ul>
|raw|<font size="1"><font color="#686868">Priority:</font> 0&nbsp;|&ThickSpace;<font color="#686868">Gen:</font> 5&nbsp;|&ThickSpace;&#10003; Secondary effect&nbsp;|&ThickSpace;<font color="#686868">Z-Power:</font> 160&nbsp;|&ThickSpace;<font color="#686868">Dynamax Power:</font> 130&nbsp;|&ThickSpace;<font color="#686868">Target:</font> One Adjacent Pokémon</font>

|
|t:|1655518663
|move|p1a: Blissey|Stealth Rock|p2a: Literally Level 1
|-sidestart|p2: I See 6 Casualties|move: Stealth Rock
|move|p2a: Literally Level 1|Toxic|p1a: Blissey
|-status|p1a: Blissey|tox
|
|-damage|p1a: Blissey|91/100 tox|[from] psn
|upkeep
|turn|82
|
|t:|1655518672
|-curestatus|p1a: Blissey|tox|[from] ability: Natural Cure
|switch|p1a: Suicune|Suicune|100/100 slp
|-ability|p1a: Suicune|Pressure
|switch|p2a: Sh*tbird|Mandibuzz, F|97/100
|-damage|p2a: Sh*tbird|72/100|[from] Stealth Rock
|
|upkeep
|turn|83
|
|t:|1655518678
|cant|p1a: Suicune|slp
|move|p2a: Sh*tbird|Defog|p1a: Suicune
|-unboost|p1a: Suicune|evasion|1
|-sideend|p2: I See 6 Casualties|Stealth Rock|[from] move: Defog|[of] p2a: Sh*tbird
|
|upkeep
|turn|84
|
|t:|1655518683
|cant|p1a: Suicune|slp
|move|p2a: Sh*tbird|Roost|p2a: Sh*tbird
|-heal|p2a: Sh*tbird|100/100
|-singleturn|p2a: Sh*tbird|move: Roost
|
|upkeep
|turn|85
|
|t:|1655518687
|switch|p2a: Literally Level 1|Magnemite, L1|100/100
|-curestatus|p1a: Suicune|slp|[msg]
|move|p1a: Suicune|Calm Mind|p1a: Suicune
|-boost|p1a: Suicune|spa|1
|-boost|p1a: Suicune|spd|1
|
|upkeep
|turn|86
|
|t:|1655518692
|switch|p1a: Blissey|Blissey, F|91/100
|move|p2a: Literally Level 1|Toxic|p1a: Blissey
|-status|p1a: Blissey|tox
|
|-damage|p1a: Blissey|85/100 tox|[from] psn
|upkeep
|turn|87
|
|t:|1655518696
|move|p2a: Literally Level 1|Magic Coat|p2a: Literally Level 1
|-singleturn|p2a: Literally Level 1|move: Magic Coat
|move|p1a: Blissey|Stealth Rock|p2a: Literally Level 1
|move|p2a: Literally Level 1|Stealth Rock|p1a: Blissey|[from]Magic Coat
|-sidestart|p1: Xx_MLGprosniper_xX|move: Stealth Rock
|
|-damage|p1a: Blissey|73/100 tox|[from] psn
|upkeep
|turn|88
|
|t:|1655518699
|move|p2a: Literally Level 1|Magic Coat|p2a: Literally Level 1
|-singleturn|p2a: Literally Level 1|move: Magic Coat
|move|p1a: Blissey|Stealth Rock|p2a: Literally Level 1
|move|p2a: Literally Level 1|Stealth Rock||[from]Magic Coat|[still]
|-fail|p2a: Literally Level 1
|
|-damage|p1a: Blissey|54/100 tox|[from] psn
|upkeep
|turn|89
|
|t:|1655518704
|move|p2a: Literally Level 1|Magic Coat|p2a: Literally Level 1
|-singleturn|p2a: Literally Level 1|move: Magic Coat
|move|p1a: Blissey|Stealth Rock|p2a: Literally Level 1
|move|p2a: Literally Level 1|Stealth Rock||[from]Magic Coat|[still]
|-fail|p2a: Literally Level 1
|
|-damage|p1a: Blissey|30/100 tox|[from] psn
|upkeep
|turn|90
|
|t:|1655518708
|-curestatus|p1a: Blissey|tox|[from] ability: Natural Cure
|switch|p1a: Suicune|Suicune|100/100
|-damage|p1a: Suicune|88/100|[from] Stealth Rock
|-ability|p1a: Suicune|Pressure
|move|p2a: Literally Level 1|Magic Coat|p2a: Literally Level 1
|-singleturn|p2a: Literally Level 1|move: Magic Coat
|
|upkeep
|turn|91
|
|t:|1655518711
|move|p1a: Suicune|Calm Mind|p1a: Suicune
|-boost|p1a: Suicune|spa|1
|-boost|p1a: Suicune|spd|1
|move|p2a: Literally Level 1|Toxic|p1a: Suicune
|-status|p1a: Suicune|tox
|
|-damage|p1a: Suicune|82/100 tox|[from] psn
|upkeep
|turn|92
|
|t:|1655518729
|switch|p1a: Amoonguss|Amoonguss, M|92/100
|-damage|p1a: Amoonguss|79/100|[from] Stealth Rock
|move|p2a: Literally Level 1|Toxic|p1a: Amoonguss
|-immune|p1a: Amoonguss
|
|-heal|p1a: Amoonguss|85/100|[from] item: Black Sludge
|upkeep
|turn|93
|
|t:|1655518736
|move|p2a: Literally Level 1|Protect|p2a: Literally Level 1
|-singleturn|p2a: Literally Level 1|Protect
|move|p1a: Amoonguss|Spore|p2a: Literally Level 1
|-activate|p2a: Literally Level 1|move: Protect
|
|-heal|p1a: Amoonguss|92/100|[from] item: Black Sludge
|upkeep
|turn|94
|
|t:|1655518740
|switch|p2a: Sh*tbird|Mandibuzz, F|100/100
|move|p1a: Amoonguss|Spore|p2a: Sh*tbird
|-immune|p2a: Sh*tbird|[from] ability: Overcoat
|
|-heal|p1a: Amoonguss|98/100|[from] item: Black Sludge
|upkeep
|turn|95
|
|t:|1655518746
|move|p2a: Sh*tbird|Foul Play|p1a: Amoonguss
|-damage|p1a: Amoonguss|74/100
|move|p1a: Amoonguss|Clear Smog|p2a: Sh*tbird
|-damage|p2a: Sh*tbird|86/100
|-clearboost|p2a: Sh*tbird
|
|-heal|p1a: Amoonguss|80/100|[from] item: Black Sludge
|upkeep
|turn|96
|
|t:|1655518752
|switch|p2a: No Fun Allowed|Salazzle, F|32/100
|move|p1a: Amoonguss|Clear Smog|p2a: No Fun Allowed
|-resisted|p2a: No Fun Allowed
|-damage|p2a: No Fun Allowed|17/100
|-clearboost|p2a: No Fun Allowed
|
|-heal|p2a: No Fun Allowed|24/100|[from] item: Black Sludge
|-heal|p1a: Amoonguss|86/100|[from] item: Black Sludge
|upkeep
|turn|97
|
|t:|1655518760
|switch|p1a: Suicune|Suicune|82/100 tox
|-damage|p1a: Suicune|70/100 tox|[from] Stealth Rock
|-ability|p1a: Suicune|Pressure
|move|p2a: No Fun Allowed|Toxic|p1a: Suicune
|-fail|p1a: Suicune|tox
|
|-heal|p2a: No Fun Allowed|30/100|[from] item: Black Sludge
|-damage|p1a: Suicune|63/100 tox|[from] psn
|upkeep
|turn|98
|
|t:|1655518770
|switch|p2a: Literally Level 1|Magnemite, L1|100/100
|move|p1a: Suicune|Rest|p1a: Suicune
|-status|p1a: Suicune|slp|[from] move: Rest
|-heal|p1a: Suicune|100/100 slp|[silent]
|
|upkeep
|turn|99
|
|t:|1655518780
|move|p2a: Literally Level 1|Magic Coat|p2a: Literally Level 1
|-singleturn|p2a: Literally Level 1|move: Magic Coat
|cant|p1a: Suicune|slp
|
|upkeep
|turn|100
|
|t:|1655518784
|move|p2a: Literally Level 1|Magic Coat|p2a: Literally Level 1
|-singleturn|p2a: Literally Level 1|move: Magic Coat
|cant|p1a: Suicune|slp
|
|upkeep
|turn|101
|
|t:|1655518793
|-curestatus|p1a: Suicune|slp|[msg]
|move|p1a: Suicune|Calm Mind|p1a: Suicune
|-boost|p1a: Suicune|spa|1
|-boost|p1a: Suicune|spd|1
|move|p2a: Literally Level 1|Toxic|p1a: Suicune
|-status|p1a: Suicune|tox
|
|-damage|p1a: Suicune|94/100 tox|[from] psn
|upkeep
|turn|102
|
|t:|1655518800
|switch|p2a: Pain|Probopass, L2, M, shiny|100/100
|move|p1a: Suicune|Calm Mind|p1a: Suicune
|-boost|p1a: Suicune|spa|1
|-boost|p1a: Suicune|spd|1
|
|-damage|p1a: Suicune|82/100 tox|[from] psn
|upkeep
|turn|103
|
|t:|1655518804
|move|p1a: Suicune|Calm Mind|p1a: Suicune
|-boost|p1a: Suicune|spa|1
|-boost|p1a: Suicune|spd|1
|move|p2a: Pain|Pain Split|p1a: Suicune
|-sethp|p1a: Suicune|43/100 tox|[from] move: Pain Split|[silent]
|-sethp|p2a: Pain|100/100|[from] move: Pain Split
|
|-damage|p1a: Suicune|24/100 tox|[from] psn
|upkeep
|turn|104
|
|t:|1655518811
|move|p1a: Suicune|Rest|p1a: Suicune
|-status|p1a: Suicune|slp|[from] move: Rest
|-heal|p1a: Suicune|100/100 slp|[silent]
|move|p2a: Pain|Pain Split|p1a: Suicune
|-sethp|p1a: Suicune|52/100 slp|[from] move: Pain Split|[silent]
|-sethp|p2a: Pain|100/100|[from] move: Pain Split
|
|upkeep
|turn|105
|
|t:|1655518820
|switch|p1a: Amoonguss|Amoonguss, M|100/100
|-damage|p1a: Amoonguss|88/100|[from] Stealth Rock
|move|p2a: Pain|Toxic|p1a: Amoonguss
|-immune|p1a: Amoonguss
|
|-heal|p1a: Amoonguss|94/100|[from] item: Black Sludge
|upkeep
|turn|106
|
|t:|1655518827
|switch|p2a: Sh*tbird|Mandibuzz, F|86/100
|move|p1a: Amoonguss|Spore|p2a: Sh*tbird
|-immune|p2a: Sh*tbird|[from] ability: Overcoat
|
|-heal|p1a: Amoonguss|100/100|[from] item: Black Sludge
|upkeep
|turn|107
|
|t:|1655518831
|move|p2a: Sh*tbird|Foul Play|p1a: Amoonguss
|-damage|p1a: Amoonguss|79/100
|move|p1a: Amoonguss|Clear Smog|p2a: Sh*tbird
|-damage|p2a: Sh*tbird|74/100
|-clearboost|p2a: Sh*tbird
|
|-heal|p1a: Amoonguss|85/100|[from] item: Black Sludge
|upkeep
|turn|108
|
|t:|1655518834
|move|p2a: Sh*tbird|Foul Play|p1a: Amoonguss
|-damage|p1a: Amoonguss|63/100
|move|p1a: Amoonguss|Spore|p2a: Sh*tbird
|-immune|p2a: Sh*tbird|[from] ability: Overcoat
|
|-heal|p1a: Amoonguss|69/100|[from] item: Black Sludge
|upkeep
|turn|109
|
|t:|1655518837
|move|p2a: Sh*tbird|Foul Play|p1a: Amoonguss
|-damage|p1a: Amoonguss|47/100
|move|p1a: Amoonguss|Clear Smog|p2a: Sh*tbird
|-damage|p2a: Sh*tbird|60/100
|-clearboost|p2a: Sh*tbird
|
|-heal|p1a: Amoonguss|53/100|[from] item: Black Sludge
|upkeep
|turn|110
|
|t:|1655518840
|move|p1a: Amoonguss|Protect|p1a: Amoonguss
|-singleturn|p1a: Amoonguss|Protect
|move|p2a: Sh*tbird|Foul Play|p1a: Amoonguss
|-activate|p1a: Amoonguss|move: Protect
|
|-heal|p1a: Amoonguss|60/100|[from] item: Black Sludge
|upkeep
|turn|111
|
|t:|1655518845
|switch|p1a: Suicune|Suicune|52/100 slp
|-damage|p1a: Suicune|40/100 slp|[from] Stealth Rock
|-ability|p1a: Suicune|Pressure
|move|p2a: Sh*tbird|Foul Play|p1a: Suicune
|-crit|p1a: Suicune
|-damage|p1a: Suicune|24/100 slp
|
|upkeep
|turn|112
|
|t:|1655518850
|cant|p1a: Suicune|slp
|move|p2a: Sh*tbird|Roost|p2a: Sh*tbird
|-heal|p2a: Sh*tbird|100/100
|-singleturn|p2a: Sh*tbird|move: Roost
|
|upkeep
|turn|113
|
|t:|1655518855
|switch|p2a: No Fun Allowed|Salazzle, F|30/100
|cant|p1a: Suicune|slp
|
|-heal|p2a: No Fun Allowed|36/100|[from] item: Black Sludge
|upkeep
|turn|114
|
|t:|1655518860
|switch|p2a: Literally Level 1|Magnemite, L1|100/100
|-curestatus|p1a: Suicune|slp|[msg]
|move|p1a: Suicune|Rest|p1a: Suicune
|-status|p1a: Suicune|slp|[from] move: Rest
|-heal|p1a: Suicune|100/100 slp|[silent]
|
|upkeep
|turn|115
|
|t:|1655518866
|switch|p2a: No Fun Allowed|Salazzle, F|36/100
|cant|p1a: Suicune|slp
|
|-heal|p2a: No Fun Allowed|42/100|[from] item: Black Sludge
|upkeep
|turn|116
|
|t:|1655518875
|switch|p2a: UCantBeatALvl2Mon?|Probopass, L2, M|100/100
|cant|p1a: Suicune|slp
|
|upkeep
|turn|117
|
|t:|1655518880
|switch|p1a: Amoonguss|Amoonguss, M|93/100
|-damage|p1a: Amoonguss|80/100|[from] Stealth Rock
|move|p2a: UCantBeatALvl2Mon?|Toxic|p1a: Amoonguss
|-immune|p1a: Amoonguss
|
|-heal|p1a: Amoonguss|87/100|[from] item: Black Sludge
|upkeep
|turn|118
|
|t:|1655518888
|move|p2a: UCantBeatALvl2Mon?|Protect|p2a: UCantBeatALvl2Mon?
|-singleturn|p2a: UCantBeatALvl2Mon?|Protect
|move|p1a: Amoonguss|Clear Smog|p2a: UCantBeatALvl2Mon?
|-activate|p2a: UCantBeatALvl2Mon?|move: Protect
|
|-heal|p1a: Amoonguss|93/100|[from] item: Black Sludge
|upkeep
|turn|119
|
|t:|1655518894
|move|p2a: UCantBeatALvl2Mon?|Magic Coat|p2a: UCantBeatALvl2Mon?
|-singleturn|p2a: UCantBeatALvl2Mon?|move: Magic Coat
|move|p1a: Amoonguss|Spore|p2a: UCantBeatALvl2Mon?
|move|p2a: UCantBeatALvl2Mon?|Spore|p1a: Amoonguss|[from]Magic Coat
|-immune|p1a: Amoonguss
|
|-heal|p1a: Amoonguss|99/100|[from] item: Black Sludge
|upkeep
|turn|120
|
|t:|1655518899
|move|p2a: UCantBeatALvl2Mon?|Magic Coat|p2a: UCantBeatALvl2Mon?
|-singleturn|p2a: UCantBeatALvl2Mon?|move: Magic Coat
|move|p1a: Amoonguss|Giga Drain|p2a: UCantBeatALvl2Mon?
|-ability|p2a: UCantBeatALvl2Mon?|Sturdy
|-damage|p2a: UCantBeatALvl2Mon?|8/100
|-heal|p1a: Amoonguss|100/100|[from] drain|[of] p2a: UCantBeatALvl2Mon?
|-enditem|p2a: UCantBeatALvl2Mon?|Berry Juice
|-heal|p2a: UCantBeatALvl2Mon?|100/100|[from] item: Berry Juice
|
|upkeep
|turn|121
|
|t:|1655518906
|switch|p2a: Sh*tbird|Mandibuzz, F|100/100
|move|p1a: Amoonguss|Spore|p2a: Sh*tbird
|-immune|p2a: Sh*tbird|[from] ability: Overcoat
|
|upkeep
|turn|122
|
|t:|1655518914
|move|p2a: Sh*tbird|Foul Play|p1a: Amoonguss
|-damage|p1a: Amoonguss|75/100
|move|p1a: Amoonguss|Clear Smog|p2a: Sh*tbird
|-damage|p2a: Sh*tbird|88/100
|-clearboost|p2a: Sh*tbird
|
|-heal|p1a: Amoonguss|82/100|[from] item: Black Sludge
|upkeep
|turn|123
|
|t:|1655518918
|move|p1a: Amoonguss|Protect|p1a: Amoonguss
|-singleturn|p1a: Amoonguss|Protect
|move|p2a: Sh*tbird|Foul Play|p1a: Amoonguss
|-activate|p1a: Amoonguss|move: Protect
|
|-heal|p1a: Amoonguss|88/100|[from] item: Black Sludge
|upkeep
|turn|124
|
|t:|1655518920
|move|p2a: Sh*tbird|Foul Play|p1a: Amoonguss
|-damage|p1a: Amoonguss|64/100
|move|p1a: Amoonguss|Clear Smog|p2a: Sh*tbird
|-damage|p2a: Sh*tbird|76/100
|-clearboost|p2a: Sh*tbird
|
|-heal|p1a: Amoonguss|70/100|[from] item: Black Sludge
|upkeep
|turn|125
|
|t:|1655518925
|switch|p2a: No Fun Allowed|Salazzle, F|42/100
|switch|p1a: Suicune|Suicune|100/100 slp
|-damage|p1a: Suicune|88/100 slp|[from] Stealth Rock
|-ability|p1a: Suicune|Pressure
|
|-heal|p2a: No Fun Allowed|48/100|[from] item: Black Sludge
|upkeep
|turn|126
|
|t:|1655518934
|switch|p2a: Sh*tbird|Mandibuzz, F|76/100
|-curestatus|p1a: Suicune|slp|[msg]
|move|p1a: Suicune|Calm Mind|p1a: Suicune
|-boost|p1a: Suicune|spa|1
|-boost|p1a: Suicune|spd|1
|
|upkeep
|turn|127
|
|t:|1655518944
|switch|p2a: Literally Level 1|Magnemite, L1|100/100
|move|p1a: Suicune|Sheer Cold|p2a: Literally Level 1
|-immune|p2a: Literally Level 1|[from] ability: Sturdy
|
|upkeep
|turn|128
|
|t:|1655518949
|move|p1a: Suicune|Calm Mind|p1a: Suicune
|-boost|p1a: Suicune|spa|1
|-boost|p1a: Suicune|spd|1
|move|p2a: Literally Level 1|Toxic|p1a: Suicune
|-status|p1a: Suicune|tox
|
|-damage|p1a: Suicune|82/100 tox|[from] psn
|upkeep
|turn|129
|
|t:|1655518953
|switch|p2a: UCantBeatALvl2Mon?|Probopass, L2, M|100/100
|move|p1a: Suicune|Rest|p1a: Suicune
|-status|p1a: Suicune|slp|[from] move: Rest
|-heal|p1a: Suicune|100/100 slp|[silent]
|
|upkeep
|turn|130
|
|t:|1655518955
|switch|p1a: Amoonguss|Amoonguss, M|100/100
|-damage|p1a: Amoonguss|88/100|[from] Stealth Rock
|move|p2a: UCantBeatALvl2Mon?|Pain Split|p1a: Amoonguss
|-sethp|p1a: Amoonguss|46/100|[from] move: Pain Split|[silent]
|-sethp|p2a: UCantBeatALvl2Mon?|100/100|[from] move: Pain Split
|
|-heal|p1a: Amoonguss|52/100|[from] item: Black Sludge
|upkeep
|turn|131
|
|t:|1655518964
|move|p2a: UCantBeatALvl2Mon?|Protect|p2a: UCantBeatALvl2Mon?
|-singleturn|p2a: UCantBeatALvl2Mon?|Protect
|move|p1a: Amoonguss|Giga Drain|p2a: UCantBeatALvl2Mon?
|-activate|p2a: UCantBeatALvl2Mon?|move: Protect
|
|-heal|p1a: Amoonguss|58/100|[from] item: Black Sludge
|upkeep
|turn|132
|
|t:|1655518969
|switch|p2a: Sh*tbird|Mandibuzz, F|76/100
|move|p1a: Amoonguss|Giga Drain|p2a: Sh*tbird
|-resisted|p2a: Sh*tbird
|-damage|p2a: Sh*tbird|68/100
|-heal|p1a: Amoonguss|63/100|[from] drain|[of] p2a: Sh*tbird
|
|-heal|p1a: Amoonguss|69/100|[from] item: Black Sludge
|upkeep
|turn|133
|
|t:|1655518972
|move|p1a: Amoonguss|Protect|p1a: Amoonguss
|-singleturn|p1a: Amoonguss|Protect
|move|p2a: Sh*tbird|Roost|p2a: Sh*tbird
|-heal|p2a: Sh*tbird|100/100
|-singleturn|p2a: Sh*tbird|move: Roost
|
|-heal|p1a: Amoonguss|75/100|[from] item: Black Sludge
|upkeep
|turn|134
|
|t:|1655518979
|move|p2a: Sh*tbird|Foul Play|p1a: Amoonguss
|-damage|p1a: Amoonguss|54/100
|move|p1a: Amoonguss|Clear Smog|p2a: Sh*tbird
|-damage|p2a: Sh*tbird|88/100
|-clearboost|p2a: Sh*tbird
|
|-heal|p1a: Amoonguss|60/100|[from] item: Black Sludge
|upkeep
|turn|135
|
|t:|1655518984
|move|p1a: Amoonguss|Protect|p1a: Amoonguss
|-singleturn|p1a: Amoonguss|Protect
|move|p2a: Sh*tbird|Foul Play|p1a: Amoonguss
|-activate|p1a: Amoonguss|move: Protect
|
|-heal|p1a: Amoonguss|66/100|[from] item: Black Sludge
|upkeep
|turn|136
|
|t:|1655518993
|switch|p1a: Suicune|Suicune|100/100 slp
|-damage|p1a: Suicune|88/100 slp|[from] Stealth Rock
|-ability|p1a: Suicune|Pressure
|move|p2a: Sh*tbird|Foul Play|p1a: Suicune
|-damage|p1a: Suicune|78/100 slp
|
|upkeep
|turn|137
|
|t:|1655518996
|switch|p2a: No Fun Allowed|Salazzle, F|48/100
|cant|p1a: Suicune|slp
|
|-heal|p2a: No Fun Allowed|54/100|[from] item: Black Sludge
|upkeep
|turn|138
|
|t:|1655519007
|switch|p2a: UCantBeatALvl2Mon?|Probopass, L2, M|100/100
|cant|p1a: Suicune|slp
|
|upkeep
|turn|139
|
|t:|1655519014
|switch|p1a: Amoonguss|Amoonguss, M|99/100
|-damage|p1a: Amoonguss|87/100|[from] Stealth Rock
|switch|p2a: No Fun Allowed|Salazzle, F|54/100
|
|-heal|p2a: No Fun Allowed|60/100|[from] item: Black Sludge
|-heal|p1a: Amoonguss|93/100|[from] item: Black Sludge
|upkeep
|turn|140
|
|t:|1655519021
|switch|p2a: Sh*tbird|Mandibuzz, F|88/100
|move|p1a: Amoonguss|Spore|p2a: Sh*tbird
|-immune|p2a: Sh*tbird|[from] ability: Overcoat
|
|-heal|p1a: Amoonguss|99/100|[from] item: Black Sludge
|upkeep
|turn|141
|
|t:|1655519027
|switch|p2a: No Fun Allowed|Salazzle, F|60/100
|move|p1a: Amoonguss|Clear Smog|p2a: No Fun Allowed
|-resisted|p2a: No Fun Allowed
|-damage|p2a: No Fun Allowed|47/100
|-clearboost|p2a: No Fun Allowed
|
|-heal|p2a: No Fun Allowed|54/100|[from] item: Black Sludge
|-heal|p1a: Amoonguss|100/100|[from] item: Black Sludge
|upkeep
|turn|142
|
|t:|1655519033
|move|p2a: No Fun Allowed|Toxic|p1a: Amoonguss
|-status|p1a: Amoonguss|tox
|move|p1a: Amoonguss|Spore|p2a: No Fun Allowed
|-status|p2a: No Fun Allowed|slp|[from] move: Spore
|
|-heal|p2a: No Fun Allowed|60/100 slp|[from] item: Black Sludge
|-damage|p1a: Amoonguss|94/100 tox|[from] psn
|upkeep
|turn|143
|
|t:|1655519042
|switch|p1a: Weavile|Weavile, F|82/100 tox
|-damage|p1a: Weavile|57/100 tox|[from] Stealth Rock
|cant|p2a: No Fun Allowed|slp
|
|-heal|p2a: No Fun Allowed|66/100 slp|[from] item: Black Sludge
|-damage|p1a: Weavile|51/100 tox|[from] psn
|upkeep
|turn|144
|
|t:|1655519048
|switch|p2a: Sh*tbird|Mandibuzz, F|88/100
|move|p1a: Weavile|Knock Off|p2a: Sh*tbird
|-resisted|p2a: Sh*tbird
|-damage|p2a: Sh*tbird|78/100
|
|-damage|p1a: Weavile|39/100 tox|[from] psn
|upkeep
|turn|145
|
|t:|1655519060
|switch|p1a: Amoonguss|Amoonguss, M|100/100 tox
|-damage|p1a: Amoonguss|88/100 tox|[from] Stealth Rock
|move|p2a: Sh*tbird|Roost|p2a: Sh*tbird
|-heal|p2a: Sh*tbird|100/100
|-singleturn|p2a: Sh*tbird|move: Roost
|
|-heal|p1a: Amoonguss|94/100 tox|[from] item: Black Sludge
|-damage|p1a: Amoonguss|88/100 tox|[from] psn
|upkeep
|turn|146
|
|t:|1655519068
|switch|p2a: No Fun Allowed|Salazzle, F|66/100 slp
|move|p1a: Amoonguss|Spore|p2a: No Fun Allowed
|-fail|p2a: No Fun Allowed|slp
|
|-heal|p2a: No Fun Allowed|72/100 slp|[from] item: Black Sludge
|-heal|p1a: Amoonguss|94/100 tox|[from] item: Black Sludge
|-damage|p1a: Amoonguss|82/100 tox|[from] psn
|upkeep
|turn|147
|
|t:|1655519075
|switch|p1a: Blissey|Blissey, F|30/100
|-damage|p1a: Blissey|17/100|[from] Stealth Rock
|cant|p2a: No Fun Allowed|slp
|
|-heal|p2a: No Fun Allowed|78/100 slp|[from] item: Black Sludge
|upkeep
|turn|148
|
|t:|1655519083
|cant|p2a: No Fun Allowed|slp
|move|p1a: Blissey|Stealth Rock|p2a: No Fun Allowed
|-sidestart|p2: I See 6 Casualties|move: Stealth Rock
|
|-heal|p2a: No Fun Allowed|84/100 slp|[from] item: Black Sludge
|upkeep
|turn|149
|
|t:|1655519092
|-curestatus|p2a: No Fun Allowed|slp|[msg]
|move|p2a: No Fun Allowed|Flamethrower|p1a: Blissey
|-damage|p1a: Blissey|1/100
|move|p1a: Blissey|Healing Wish|p1a: Blissey
|faint|p1a: Blissey
|
|-heal|p2a: No Fun Allowed|90/100|[from] item: Black Sludge
|upkeep
|
|t:|1655519105
|switch|p1a: Weavile|Weavile, F|39/100 tox
|-heal|p1a: Weavile|100/100|[from] move: Healing Wish
|-damage|p1a: Weavile|76/100|[from] Stealth Rock
|turn|150
|
|t:|1655519113
|switch|p1a: Suicune|Suicune|78/100 slp
|-damage|p1a: Suicune|65/100 slp|[from] Stealth Rock
|-ability|p1a: Suicune|Pressure
|switch|p2a: Sh*tbird|Mandibuzz, F|100/100
|-damage|p2a: Sh*tbird|76/100|[from] Stealth Rock
|
|upkeep
|turn|151
|
|t:|1655519118
|-curestatus|p1a: Suicune|slp|[msg]
|move|p1a: Suicune|Sheer Cold|p2a: Sh*tbird
|-damage|p2a: Sh*tbird|0 fnt
|faint|p2a: Sh*tbird
|-ohko
|
|upkeep
|
|t:|1655519129
|switch|p2a: No Fun Allowed|Salazzle, F|90/100
|-damage|p2a: No Fun Allowed|65/100|[from] Stealth Rock
|turn|152
|
|t:|1655519133
|move|p2a: No Fun Allowed|Substitute|p2a: No Fun Allowed
|-start|p2a: No Fun Allowed|Substitute
|-damage|p2a: No Fun Allowed|41/100
|move|p1a: Suicune|Calm Mind|p1a: Suicune
|-boost|p1a: Suicune|spa|1
|-boost|p1a: Suicune|spd|1
|
|-heal|p2a: No Fun Allowed|47/100|[from] item: Black Sludge
|upkeep
|turn|153
|
|t:|1655519138
|move|p2a: No Fun Allowed|Toxic|p1a: Suicune
|-status|p1a: Suicune|tox
|move|p1a: Suicune|Calm Mind|p1a: Suicune
|-boost|p1a: Suicune|spa|1
|-boost|p1a: Suicune|spd|1
|
|-heal|p2a: No Fun Allowed|53/100|[from] item: Black Sludge
|-damage|p1a: Suicune|59/100 tox|[from] psn
|upkeep
|turn|154
|
|t:|1655519153
|switch|p2a: UCantBeatALvl2Mon?|Probopass, L2, M|100/100
|-damage|p2a: UCantBeatALvl2Mon?|93/100|[from] Stealth Rock
|move|p1a: Suicune|Rest|p1a: Suicune
|-status|p1a: Suicune|slp|[from] move: Rest
|-heal|p1a: Suicune|100/100 slp|[silent]
|
|upkeep
|turn|155
|
|t:|1655519157
|switch|p1a: Amoonguss|Amoonguss, M|100/100 tox
|-damage|p1a: Amoonguss|88/100 tox|[from] Stealth Rock
|move|p2a: UCantBeatALvl2Mon?|Pain Split|p1a: Amoonguss
|-sethp|p1a: Amoonguss|46/100 tox|[from] move: Pain Split|[silent]
|-sethp|p2a: UCantBeatALvl2Mon?|100/100|[from] move: Pain Split
|
|-heal|p1a: Amoonguss|52/100 tox|[from] item: Black Sludge
|-damage|p1a: Amoonguss|46/100 tox|[from] psn
|upkeep
|turn|156
|
|t:|1655519162
|move|p2a: UCantBeatALvl2Mon?|Protect|p2a: UCantBeatALvl2Mon?
|-singleturn|p2a: UCantBeatALvl2Mon?|Protect
|move|p1a: Amoonguss|Spore|p2a: UCantBeatALvl2Mon?
|-activate|p2a: UCantBeatALvl2Mon?|move: Protect
|
|-heal|p1a: Amoonguss|52/100 tox|[from] item: Black Sludge
|-damage|p1a: Amoonguss|39/100 tox|[from] psn
|upkeep
|turn|157
|
|t:|1655519166
|move|p2a: UCantBeatALvl2Mon?|Magic Coat|p2a: UCantBeatALvl2Mon?
|-singleturn|p2a: UCantBeatALvl2Mon?|move: Magic Coat
|move|p1a: Amoonguss|Spore|p2a: UCantBeatALvl2Mon?
|move|p2a: UCantBeatALvl2Mon?|Spore|p1a: Amoonguss|[from]Magic Coat
|-immune|p1a: Amoonguss
|
|-heal|p1a: Amoonguss|46/100 tox|[from] item: Black Sludge
|-damage|p1a: Amoonguss|27/100 tox|[from] psn
|upkeep
|turn|158
|
|t:|1655519173
|switch|p1a: Suicune|Suicune|100/100 slp
|-damage|p1a: Suicune|88/100 slp|[from] Stealth Rock
|-ability|p1a: Suicune|Pressure
|move|p2a: UCantBeatALvl2Mon?|Pain Split|p1a: Suicune
|-sethp|p1a: Suicune|46/100 slp|[from] move: Pain Split|[silent]
|-sethp|p2a: UCantBeatALvl2Mon?|100/100|[from] move: Pain Split
|
|upkeep
|turn|159
|
|t:|1655519180
|cant|p1a: Suicune|slp
|move|p2a: UCantBeatALvl2Mon?|Pain Split|p1a: Suicune
|-sethp|p1a: Suicune|25/100 slp|[from] move: Pain Split|[silent]
|-sethp|p2a: UCantBeatALvl2Mon?|100/100|[from] move: Pain Split
|
|upkeep
|turn|160
|
|t:|1655519185
|cant|p1a: Suicune|slp
|move|p2a: UCantBeatALvl2Mon?|Pain Split|p1a: Suicune
|-sethp|p1a: Suicune|14/100 slp|[from] move: Pain Split|[silent]
|-sethp|p2a: UCantBeatALvl2Mon?|100/100|[from] move: Pain Split
|
|upkeep
|turn|161
|
|t:|1655519188
|-curestatus|p1a: Suicune|slp|[msg]
|move|p1a: Suicune|Rest|p1a: Suicune
|-status|p1a: Suicune|slp|[from] move: Rest
|-heal|p1a: Suicune|100/100 slp|[silent]
|move|p2a: UCantBeatALvl2Mon?|Toxic||[still]
|-fail|p2a: UCantBeatALvl2Mon?
|
|upkeep
|turn|162
|
|t:|1655519196
|switch|p1a: Amoonguss|Amoonguss, M|60/100 tox
|-damage|p1a: Amoonguss|48/100 tox|[from] Stealth Rock
|move|p2a: UCantBeatALvl2Mon?|Pain Split|p1a: Amoonguss
|-sethp|p1a: Amoonguss|26/100 tox|[from] move: Pain Split|[silent]
|-sethp|p2a: UCantBeatALvl2Mon?|100/100|[from] move: Pain Split
|
|-heal|p1a: Amoonguss|32/100 tox|[from] item: Black Sludge
|-damage|p1a: Amoonguss|26/100 tox|[from] psn
|upkeep
|turn|163
|
|t:|1655519201
|move|p2a: UCantBeatALvl2Mon?|Protect|p2a: UCantBeatALvl2Mon?
|-singleturn|p2a: UCantBeatALvl2Mon?|Protect
|move|p1a: Amoonguss|Giga Drain|p2a: UCantBeatALvl2Mon?
|-activate|p2a: UCantBeatALvl2Mon?|move: Protect
|
|-heal|p1a: Amoonguss|32/100 tox|[from] item: Black Sludge
|-damage|p1a: Amoonguss|19/100 tox|[from] psn
|upkeep
|turn|164
|
|t:|1655519205
|move|p1a: Amoonguss|Giga Drain|p2a: UCantBeatALvl2Mon?
|-ability|p2a: UCantBeatALvl2Mon?|Sturdy
|-damage|p2a: UCantBeatALvl2Mon?|8/100
|-heal|p1a: Amoonguss|21/100 tox|[from] drain|[of] p2a: UCantBeatALvl2Mon?
|move|p2a: UCantBeatALvl2Mon?|Pain Split|p1a: Amoonguss
|-sethp|p1a: Amoonguss|11/100 tox|[from] move: Pain Split|[silent]
|-sethp|p2a: UCantBeatALvl2Mon?|100/100|[from] move: Pain Split
|
|-heal|p1a: Amoonguss|17/100 tox|[from] item: Black Sludge
|-damage|p1a: Amoonguss|0 fnt|[from] psn
|faint|p1a: Amoonguss
|upkeep
|
|t:|1655519216
|switch|p1a: Clefable|Clefable, M|1/100 tox
|-damage|p1a: Clefable|0 fnt|[from] Stealth Rock
|faint|p1a: Clefable
|
|t:|1655519217
|switch|p1a: Weavile|Weavile, F|76/100
|-damage|p1a: Weavile|51/100|[from] Stealth Rock
|turn|165
|c|☆I See 6 Casualties|lol
|
|t:|1655519227
|move|p2a: UCantBeatALvl2Mon?|Protect|p2a: UCantBeatALvl2Mon?
|-singleturn|p2a: UCantBeatALvl2Mon?|Protect
|move|p1a: Weavile|Ice Punch|p2a: UCantBeatALvl2Mon?
|-activate|p2a: UCantBeatALvl2Mon?|move: Protect
|
|upkeep
|turn|166
|
|t:|1655519231
|move|p1a: Weavile|Ice Punch|p2a: UCantBeatALvl2Mon?
|-resisted|p2a: UCantBeatALvl2Mon?
|-ability|p2a: UCantBeatALvl2Mon?|Sturdy
|-damage|p2a: UCantBeatALvl2Mon?|8/100
|move|p2a: UCantBeatALvl2Mon?|Pain Split|p1a: Weavile
|-sethp|p1a: Weavile|26/100|[from] move: Pain Split|[silent]
|-sethp|p2a: UCantBeatALvl2Mon?|100/100|[from] move: Pain Split
|
|upkeep
|turn|167
|
|t:|1655519236
|move|p1a: Weavile|Ice Punch|p2a: UCantBeatALvl2Mon?
|-resisted|p2a: UCantBeatALvl2Mon?
|-ability|p2a: UCantBeatALvl2Mon?|Sturdy
|-damage|p2a: UCantBeatALvl2Mon?|8/100
|move|p2a: UCantBeatALvl2Mon?|Toxic|p1a: Weavile
|-status|p1a: Weavile|tox
|
|-damage|p1a: Weavile|20/100 tox|[from] psn
|upkeep
|turn|168
|
|t:|1655519242
|move|p2a: UCantBeatALvl2Mon?|Protect|p2a: UCantBeatALvl2Mon?
|-singleturn|p2a: UCantBeatALvl2Mon?|Protect
|move|p1a: Weavile|Ice Punch|p2a: UCantBeatALvl2Mon?
|-activate|p2a: UCantBeatALvl2Mon?|move: Protect
|
|-damage|p1a: Weavile|8/100 tox|[from] psn
|upkeep
|turn|169
|
|t:|1655519247
|move|p2a: UCantBeatALvl2Mon?|Protect||[still]
|-fail|p2a: UCantBeatALvl2Mon?
|move|p1a: Weavile|Ice Punch|p2a: UCantBeatALvl2Mon?
|-resisted|p2a: UCantBeatALvl2Mon?
|-damage|p2a: UCantBeatALvl2Mon?|0 fnt
|faint|p2a: UCantBeatALvl2Mon?
|
|-damage|p1a: Weavile|0 fnt|[from] psn
|faint|p1a: Weavile
|upkeep
|
|t:|1655519251
|switch|p1a: Suicune|Suicune|100/100 slp
|switch|p2a: No Fun Allowed|Salazzle, F|53/100
|-damage|p2a: No Fun Allowed|28/100|[from] Stealth Rock
|-damage|p1a: Suicune|88/100 slp|[from] Stealth Rock
|-ability|p1a: Suicune|Pressure
|turn|170
|
|t:|1655519256
|move|p2a: No Fun Allowed|Substitute|p2a: No Fun Allowed
|-start|p2a: No Fun Allowed|Substitute
|-damage|p2a: No Fun Allowed|3/100
|cant|p1a: Suicune|slp
|
|-heal|p2a: No Fun Allowed|9/100|[from] item: Black Sludge
|upkeep
|turn|171
|
|t:|1655519258
|move|p2a: No Fun Allowed|Flamethrower|p1a: Suicune
|-resisted|p1a: Suicune
|-damage|p1a: Suicune|73/100 slp
|cant|p1a: Suicune|slp
|
|-heal|p2a: No Fun Allowed|15/100|[from] item: Black Sludge
|upkeep
|turn|172
|
|t:|1655519268
|-activate|p2a: No Fun Allowed|move: Struggle
|move|p2a: No Fun Allowed|Struggle|p1a: Suicune
|-damage|p1a: Suicune|69/100 slp
|-damage|p2a: No Fun Allowed|0 fnt|[from] recoil
|faint|p2a: No Fun Allowed
|-curestatus|p1a: Suicune|slp|[msg]
|move|p1a: Suicune|Calm Mind|p1a: Suicune
|-boost|p1a: Suicune|spa|1
|-boost|p1a: Suicune|spd|1
|
|upkeep
|
|t:|1655519273
|switch|p2a: Pain|Probopass, L2, M, shiny|100/100
|-damage|p2a: Pain|93/100|[from] Stealth Rock
|turn|173
|
|t:|1655519283
|move|p1a: Suicune|Sheer Cold|p2a: Pain
|-immune|p2a: Pain|[from] ability: Sturdy
|move|p2a: Pain|Toxic|p1a: Suicune
|-status|p1a: Suicune|tox
|
|-damage|p1a: Suicune|63/100 tox|[from] psn
|upkeep
|turn|174
|
|t:|1655519288
|move|p1a: Suicune|Calm Mind|p1a: Suicune
|-boost|p1a: Suicune|spa|1
|-boost|p1a: Suicune|spd|1
|move|p2a: Pain|Pain Split|p1a: Suicune
|-sethp|p1a: Suicune|33/100 tox|[from] move: Pain Split|[silent]
|-sethp|p2a: Pain|100/100|[from] move: Pain Split
|
|-damage|p1a: Suicune|21/100 tox|[from] psn
|upkeep
|turn|175
|
|t:|1655519292
|move|p1a: Suicune|Rest|p1a: Suicune
|-status|p1a: Suicune|slp|[from] move: Rest
|-heal|p1a: Suicune|100/100 slp|[silent]
|move|p2a: Pain|Pain Split|p1a: Suicune
|-sethp|p1a: Suicune|52/100 slp|[from] move: Pain Split|[silent]
|-sethp|p2a: Pain|100/100|[from] move: Pain Split
|
|upkeep
|turn|176
|
|t:|1655519299
|cant|p1a: Suicune|slp
|move|p2a: Pain|Pain Split|p1a: Suicune
|-sethp|p1a: Suicune|28/100 slp|[from] move: Pain Split|[silent]
|-sethp|p2a: Pain|100/100|[from] move: Pain Split
|
|upkeep
|turn|177
|
|t:|1655519301
|cant|p1a: Suicune|slp
|move|p2a: Pain|Pain Split|p1a: Suicune
|-sethp|p1a: Suicune|16/100 slp|[from] move: Pain Split|[silent]
|-sethp|p2a: Pain|100/100|[from] move: Pain Split
|
|upkeep
|turn|178
|
|t:|1655519308
|-curestatus|p1a: Suicune|slp|[msg]
|move|p1a: Suicune|Calm Mind|p1a: Suicune
|-boost|p1a: Suicune|spa|1
|-boost|p1a: Suicune|spd|1
|move|p2a: Pain|Toxic|p1a: Suicune
|-status|p1a: Suicune|tox
|
|-damage|p1a: Suicune|10/100 tox|[from] psn
|upkeep
|turn|179
|
|t:|1655519316
|move|p1a: Suicune|Calm Mind|p1a: Suicune
|-boost|p1a: Suicune|spa|1
|-boost|p1a: Suicune|spd|1
|move|p2a: Pain|Pain Split|p1a: Suicune
|-sethp|p1a: Suicune|7/100 tox|[from] move: Pain Split|[silent]
|-sethp|p2a: Pain|100/100|[from] move: Pain Split
|
|-damage|p1a: Suicune|0 fnt|[from] psn
|faint|p1a: Suicune
|
|win|I See 6 Casualties
|upkeep
|raw|Xx_MLGprosniper_xX's rating: 1469 &rarr; <strong>1448</strong><br />(-21 for losing)
|raw|I See 6 Casualties's rating: 1446 &rarr; <strong>1467</strong><br />(+21 for winning)
