|j|☆Arpitraj1
|j|☆Pokeashbattle
|t:|1666860833
|gametype|singles
|player|p1|Arpitraj1|skyla|1489
|player|p2|Pokeashbattle|leon|1585
|teamsize|p1|6
|teamsize|p2|6
|gen|8
|tier|[Gen 8] National Dex AG
|rated|
|rule|HP Percentage Mod: HP is shown in percentages
|rule|Endless Battle Clause: Forcing endless battles is banned
|clearpoke
|poke|p1|Zacian-*|
|poke|p1|Yveltal|
|poke|p1|Xerneas-*|
|poke|p1|Necrozma-Dusk-Mane|
|poke|p1|Ditto|
|poke|p1|Calyrex-Shadow|
|poke|p2|Rayquaza|
|poke|p2|Ditto|
|poke|p2|Deoxys-Speed|
|poke|p2|Calyrex-Shadow|
|poke|p2|Yveltal|
|poke|p2|Zacian-*|
|teampreview
|inactive|Battle timer is ON: inactive players will automatically lose when time's up. (requested by Arpitraj1)
|inactive|Pokeashbattle also wants the timer to be on.
|
|t:|1666860841
|start
|switch|p1a: Itachi's susanoo|Calyrex-Shadow|100/100
|switch|p2a: Deoxys|Deoxys-Speed, shiny|100/100
|-ability|p1a: Itachi's susanoo|As One
|-ability|p1a: Itachi's susanoo|Unnerve
|-ability|p2a: Deoxys|Pressure
|turn|1
|c|☆Pokeashbattle|Hello bhai
|
|t:|1666860854
|move|p1a: Itachi's susanoo|Astral Barrage|p2a: Deoxys
|-supereffective|p2a: Deoxys
|-crit|p2a: Deoxys
|-enditem|p2a: Deoxys|Focus Sash
|-damage|p2a: Deoxys|1/100
|move|p2a: Deoxys|Stealth Rock|p1a: Itachi's susanoo
|-sidestart|p1: Arpitraj1|move: Stealth Rock
|
|upkeep
|turn|2
|
|t:|1666860866
|switch|p2a: Yveltal|Yveltal, shiny|100/100
|-ability|p2a: Yveltal|Dark Aura
|move|p1a: Itachi's susanoo|Astral Barrage|p2a: Yveltal
|-resisted|p2a: Yveltal
|-damage|p2a: Yveltal|69/100
|
|upkeep
|turn|3
|
|t:|1666860881
|move|p1a: Itachi's susanoo|Astral Barrage|p2a: Yveltal
|-resisted|p2a: Yveltal
|-crit|p2a: Yveltal
|-damage|p2a: Yveltal|23/100
|move|p2a: Yveltal|Oblivion Wing|p1a: Itachi's susanoo
|-damage|p1a: Itachi's susanoo|50/100
|-heal|p2a: Yveltal|56/100|[from] drain|[of] p1a: Itachi's susanoo
|-damage|p2a: Yveltal|46/100|[from] item: Life Orb
|
|upkeep
|turn|4
|c|☆Arpitraj1|Hello
|
|t:|1666860893
|move|p2a: Yveltal|Sucker Punch|p1a: Itachi's susanoo
|-supereffective|p1a: Itachi's susanoo
|-damage|p1a: Itachi's susanoo|0 fnt
|faint|p1a: Itachi's susanoo
|-damage|p2a: Yveltal|36/100|[from] item: Life Orb
|
|upkeep
|c|☆Pokeashbattle|Or kese. Jo
|c|☆Pokeashbattle|Ho*
|c|☆Pokeashbattle|Switch kyu nhi kiya ?
|inactive|Arpitraj1 has 120 seconds left.
|
|t:|1666860929
|switch|p1a: Cute than sasuke|Xerneas|100/100
|-damage|p1a: Cute than sasuke|88/100|[from] Stealth Rock
|-ability|p1a: Cute than sasuke|Fairy Aura
|turn|5
|
|t:|1666860938
|switch|p2a: Deoxys|Deoxys-Speed, shiny|1/100
|-ability|p2a: Deoxys|Pressure
|move|p1a: Cute than sasuke|Geomancy||[still]
|-prepare|p1a: Cute than sasuke|Geomancy
|-enditem|p1a: Cute than sasuke|Power Herb
|-anim|p1a: Cute than sasuke|Geomancy|p1a: Cute than sasuke
|-boost|p1a: Cute than sasuke|spa|2
|-boost|p1a: Cute than sasuke|spd|2
|-boost|p1a: Cute than sasuke|spe|2
|
|upkeep
|turn|6
|c|☆Arpitraj1|Mai noob hu
|c|☆Pokeashbattle|Nope
|inactive|Arpitraj1 has 120 seconds left.
|c|☆Pokeashbattle|Noob hote to scarf use nhi karte
|c|☆Pokeashbattle|Na itne high ladder mein hote
|inactive|Pokeashbattle has 120 seconds left.
|c|☆Arpitraj1|Ye mere bhai ka id hai
|inactive|Arpitraj1 has 90 seconds left.
|c|☆Pokeashbattle|Aacha
|c|☆Arpitraj1|Mera account notyourtypepaapi hai
|
|t:|1666861001
|move|p1a: Cute than sasuke|Moonblast|p2a: Deoxys
|-damage|p2a: Deoxys|0 fnt
|faint|p2a: Deoxys
|
|upkeep
|inactive|Pokeashbattle has 120 seconds left.
|c|☆Pokeashbattle|Bhai tumse bhi aacha khelta hai kya
|
|t:|1666861021
|switch|p2a: Zacian|Zacian-Crowned, shiny|100/100
|-ability|p2a: Zacian|Intrepid Sword|boost
|-boost|p2a: Zacian|atk|1
|turn|7
|
|t:|1666861031
|move|p1a: Cute than sasuke|Hidden Power|p2a: Zacian
|-supereffective|p2a: Zacian
|-damage|p2a: Zacian|12/100
|move|p2a: Zacian|Behemoth Blade|p1a: Cute than sasuke
|-supereffective|p1a: Cute than sasuke
|-damage|p1a: Cute than sasuke|0 fnt
|faint|p1a: Cute than sasuke
|
|upkeep
|c|☆Arpitraj1|Haa
|c|☆Arpitraj1|Bare bhaiya hai
|c|☆Pokeashbattle|Aacha
|
|t:|1666861046
|switch|p1a: Necrozma|Necrozma-Dusk-Mane|100/100
|-damage|p1a: Necrozma|94/100|[from] Stealth Rock
|turn|8
|c|☆Pokeashbattle|Kitne sal ke hain
|
|t:|1666861052
|-start|p1a: Necrozma|Dynamax|
|-heal|p1a: Necrozma|94/100|[silent]
|move|p2a: Zacian|Close Combat|p1a: Necrozma
|-damage|p1a: Necrozma|72/100
|-unboost|p2a: Zacian|def|1
|-unboost|p2a: Zacian|spd|1
|-damage|p2a: Zacian|0 fnt|[from] item: Rocky Helmet|[of] p1a: Necrozma
|faint|p2a: Zacian
|move|p1a: Necrozma|Max Steelspike|p2: Zacian|[notarget]
|-fail|p1a: Necrozma
|
|upkeep
|inactive|Pokeashbattle has 120 seconds left.
|c|☆Pokeashbattle|Dynamax wasted ?
|
|t:|1666861078
|switch|p2a: Calyrex|Calyrex-Shadow|100/100
|-ability|p2a: Calyrex|As One
|-ability|p2a: Calyrex|Unnerve
|turn|9
|
|t:|1666861092
|-start|p2a: Calyrex|Dynamax|
|-heal|p2a: Calyrex|100/100|[silent]
|move|p2a: Calyrex|Max Phantasm|p1a: Necrozma
|-supereffective|p1a: Necrozma
|-crit|p1a: Necrozma
|-damage|p1a: Necrozma|0 fnt
|faint|p1a: Necrozma
|-ability|p2a: Calyrex|Grim Neigh|boost
|-boost|p2a: Calyrex|spa|1
|
|upkeep
|c|☆Arpitraj1|18 saal ke hai bhaiya
|inactive|Arpitraj1 has 90 seconds left.
|c|☆Pokeashbattle|Mein bhi same
|
|t:|1666861109
|switch|p1a: Madara's rinnegan|Yveltal|100/100
|-damage|p1a: Madara's rinnegan|76/100|[from] Stealth Rock
|-ability|p1a: Madara's rinnegan|Dark Aura
|turn|10
|c|☆Pokeashbattle|Or aap
|
|t:|1666861116
|-end|p2a: Calyrex|Dynamax
|-heal|p2a: Calyrex|100/100|[silent]
|switch|p2a: Rayquaza|Rayquaza, shiny|100/100
|-ability|p2a: Rayquaza|Air Lock
|move|p1a: Madara's rinnegan|Foul Play|p2a: Rayquaza
|-damage|p2a: Rayquaza|0 fnt
|faint|p2a: Rayquaza
|-damage|p1a: Madara's rinnegan|66/100|[from] item: Life Orb
|
|upkeep
|c|☆Arpitraj1|14
|inactive|Pokeashbattle has 120 seconds left.
|c|☆Pokeashbattle|Aacha nice
|
|t:|1666861133
|switch|p2a: Yveltal|Yveltal, shiny|36/100
|-ability|p2a: Yveltal|Dark Aura
|turn|11
|c|☆Arpitraj1|Russian gaming
|inactive|Pokeashbattle has 120 seconds left.
|c|☆Arpitraj1|Channel ko subscribe kro plz
|
|t:|1666861153
|move|p2a: Yveltal|Heat Wave|p1a: Madara's rinnegan
|-damage|p1a: Madara's rinnegan|26/100
|-damage|p2a: Yveltal|26/100|[from] item: Life Orb
|move|p1a: Madara's rinnegan|Foul Play|p2a: Yveltal
|-resisted|p2a: Yveltal
|-damage|p2a: Yveltal|0 fnt
|faint|p2a: Yveltal
|-damage|p1a: Madara's rinnegan|16/100|[from] item: Life Orb
|
|upkeep
|c|☆Pokeashbattle|Ok bro kar deta hu 🤞
|inactive|Pokeashbattle has 120 seconds left.
|
|t:|1666861165
|switch|p2a: Calyrex|Calyrex-Shadow|100/100
|-ability|p2a: Calyrex|As One
|-ability|p2a: Calyrex|Unnerve
|turn|12
|
|t:|1666861170
|move|p2a: Calyrex|Astral Barrage|p1a: Madara's rinnegan
|-resisted|p1a: Madara's rinnegan
|-damage|p1a: Madara's rinnegan|0 fnt
|faint|p1a: Madara's rinnegan
|-ability|p2a: Calyrex|Grim Neigh|boost
|-boost|p2a: Calyrex|spa|1
|
|upkeep
|
|t:|1666861172
|switch|p1a: Ditto|Ditto|100/100
|-damage|p1a: Ditto|88/100|[from] Stealth Rock
|-transform|p1a: Ditto|p2a: Calyrex|[from] ability: Imposter
|turn|13
|c|☆Pokeashbattle|Gg bro
|
|t:|1666861186
|switch|p2a: Ditto|Ditto, shiny|100/100
|move|p1a: Ditto|Astral Barrage|p2a: Ditto
|-immune|p2a: Ditto
|
|upkeep
|turn|14
|inactive|Arpitraj1 has 120 seconds left.
|
|t:|1666861210
|switch|p1a: Madara will kill u|Zacian-Crowned|100/100
|-damage|p1a: Madara will kill u|94/100|[from] Stealth Rock
|-ability|p1a: Madara will kill u|Intrepid Sword|boost
|-boost|p1a: Madara will kill u|atk|1
|move|p2a: Ditto|Transform|p1a: Madara will kill u
|-transform|p2a: Ditto|p1a: Madara will kill u
|-ability|p2a: Ditto|Intrepid Sword|boost
|-boost|p2a: Ditto|atk|1
|
|upkeep
|turn|15
|
|t:|1666861226
|move|p2a: Ditto|Behemoth Blade|p1a: Madara will kill u
|-damage|p1a: Madara will kill u|0 fnt
|faint|p1a: Madara will kill u
|
|upkeep
|
|t:|1666861230
|switch|p1a: Ditto|Ditto|88/100
|-damage|p1a: Ditto|76/100|[from] Stealth Rock
|turn|16
|c|☆Pokeashbattle|Ditto ko ese bhi use kar sakte hain
|-activate|p2a: Ditto|item: Quick Claw
|
|t:|1666861244
|move|p2a: Ditto|Close Combat|p1a: Ditto
|-supereffective|p1a: Ditto
|-damage|p1a: Ditto|0 fnt
|-unboost|p2a: Ditto|def|1
|-unboost|p2a: Ditto|spd|1
|faint|p1a: Ditto
|
|win|Pokeashbattle
|raw|Arpitraj1's rating: 1489 &rarr; <strong>1474</strong><br />(-15 for losing)
|raw|Pokeashbattle's rating: 1585 &rarr; <strong>1600</strong><br />(+15 for winning)
|c|☆Pokeashbattle|Bhai itna aacha khel lete ho aap to
|c|☆Arpitraj1|Thank u
||Ladder isn't responding, score probably updated but might not have (Request timeout).
|c|☆Pokeashbattle|308 subs hai kya
|c|☆Pokeashbattle|Channel pe ?
|c|☆Arpitraj1|Haa
|c|☆Pokeashbattle|Ok kar diya
|c|☆Pokeashbattle|Apne bhai ko bolna ek din mere se battle karne
|c|☆Arpitraj1|Ok
|c|☆Pokeashbattle|Mein unse bhi battle katna chata hu 🤞
|c|☆Pokeashbattle|Ok bye buddy
|c|☆Arpitraj1|Friend
|c|☆Arpitraj1|Request for vhejo
|c|☆Pokeashbattle|Yup friend
|c|☆Pokeashbattle|Request
|c|☆Pokeashbattle|Bhejta hu
|c|☆Pokeashbattle|Done
|c|☆Arpitraj1|Ok
|c|☆Pokeashbattle|Kar diya
