|j|‽ZeFrenchiestFry
|j|☆KokoroSenpai
|t:|1668534391
|gametype|singles
|player|p1|ZeFrenchiestFry|ghetsis|1551
|player|p2|KokoroSenpai|caitlin|1604
|teamsize|p1|6
|teamsize|p2|6
|gen|8
|tier|[Gen 8] National Dex AG
|rated|
|rule|HP Percentage Mod: HP is shown in percentages
|rule|Endless Battle Clause: Forcing endless battles is banned
|clearpoke
|poke|p1|Marshadow|
|poke|p1|Cinderace, F|
|poke|p1|Calyrex-Shadow|
|poke|p1|Mewtwo|
|poke|p1|Rayquaza|
|poke|p1|Seismitoad, F|
|poke|p2|Blaziken, M|
|poke|p2|Marshadow|
|poke|p2|Necrozma-Dusk-Mane|
|poke|p2|Eternatus|
|poke|p2|Yveltal|
|poke|p2|Zygarde|
|teampreview
|inactive|Battle timer is ON: inactive players will automatically lose when time's up. (requested by KokoroSenpai)
|
|t:|1668534407
|start
|switch|p1a: Seismitoad|Seismitoad, F, shiny|100/100
|switch|p2a: Necrozma|Necrozma-Dusk-Mane|100/100
|turn|1
|
|t:|1668534411
|move|p2a: Necrozma|Stealth Rock|p1a: Seismitoad
|-sidestart|p1: ZeFrenchiestFry|move: Stealth Rock
|move|p1a: Seismitoad|Earthquake|p2a: Necrozma
|-supereffective|p2a: Necrozma
|-damage|p2a: Necrozma|73/100
|
|upkeep
|turn|2
|
|t:|1668534416
|switch|p2a: Yveltal|Yveltal|100/100
|-ability|p2a: Yveltal|Dark Aura
|move|p1a: Seismitoad|Earthquake|p2a: Yveltal
|-immune|p2a: Yveltal
|
|upkeep
|turn|3
|
|t:|1668534426
|switch|p1a: Calyrex|Calyrex-Shadow|100/100
|-ability|p1a: Calyrex|As One
|-ability|p1a: Calyrex|Unnerve
|-damage|p1a: Calyrex|88/100|[from] Stealth Rock
|move|p2a: Yveltal|Dark Pulse|p1a: Calyrex
|-supereffective|p1a: Calyrex
|-damage|p1a: Calyrex|0 fnt
|faint|p1a: Calyrex
|
|upkeep
|
|t:|1668534429
|switch|p1a: Marshadow|Marshadow|100/100
|-damage|p1a: Marshadow|94/100|[from] Stealth Rock
|turn|4
|
|t:|1668534453
|move|p1a: Marshadow|Close Combat|p2a: Yveltal
|-damage|p2a: Yveltal|53/100
|-unboost|p1a: Marshadow|def|1
|-unboost|p1a: Marshadow|spd|1
|move|p2a: Yveltal|Dark Pulse|p1a: Marshadow
|-damage|p1a: Marshadow|18/100
|
|upkeep
|turn|5
|
|t:|1668534462
|move|p1a: Marshadow|Close Combat|p2a: Yveltal
|-damage|p2a: Yveltal|8/100
|-unboost|p1a: Marshadow|def|1
|-unboost|p1a: Marshadow|spd|1
|move|p2a: Yveltal|Roost|p2a: Yveltal
|-heal|p2a: Yveltal|58/100
|-singleturn|p2a: Yveltal|move: Roost
|
|upkeep
|turn|6
|
|t:|1668534468
|move|p1a: Marshadow|Close Combat|p2a: Yveltal
|-damage|p2a: Yveltal|11/100
|-unboost|p1a: Marshadow|def|1
|-unboost|p1a: Marshadow|spd|1
|move|p2a: Yveltal|Roost|p2a: Yveltal
|-heal|p2a: Yveltal|61/100
|-singleturn|p2a: Yveltal|move: Roost
|
|upkeep
|turn|7
|
|t:|1668534472
|move|p1a: Marshadow|Close Combat|p2a: Yveltal
|-damage|p2a: Yveltal|11/100
|-unboost|p1a: Marshadow|def|1
|-unboost|p1a: Marshadow|spd|1
|move|p2a: Yveltal|Roost|p2a: Yveltal
|-heal|p2a: Yveltal|61/100
|-singleturn|p2a: Yveltal|move: Roost
|
|upkeep
|turn|8
|
|t:|1668534477
|switch|p1a: Rayquaza|Rayquaza|100/100
|-damage|p1a: Rayquaza|76/100|[from] Stealth Rock
|-ability|p1a: Rayquaza|Air Lock
|move|p2a: Yveltal|Roost|p2a: Yveltal
|-heal|p2a: Yveltal|100/100
|-singleturn|p2a: Yveltal|move: Roost
|
|upkeep
|turn|9
|
|t:|1668534482
|detailschange|p1a: Rayquaza|Rayquaza-Mega
|-mega|p1a: Rayquaza|Rayquaza|
|-weather|DeltaStream|[from] ability: Delta Stream|[of] p1a: Rayquaza
|move|p1a: Rayquaza|V-create|p2a: Yveltal
|-damage|p2a: Yveltal|29/100
|-unboost|p1a: Rayquaza|spe|1
|-unboost|p1a: Rayquaza|def|1
|-unboost|p1a: Rayquaza|spd|1
|move|p2a: Yveltal|Dark Pulse|p1a: Rayquaza
|-damage|p1a: Rayquaza|6/100
|
|-weather|DeltaStream|[upkeep]
|upkeep
|turn|10
|
|t:|1668534488
|move|p1a: Rayquaza|Dragon Claw|p2a: Yveltal
|-damage|p2a: Yveltal|0 fnt
|faint|p2a: Yveltal
|
|-weather|DeltaStream|[upkeep]
|upkeep
|
|t:|1668534490
|switch|p2a: Blaziken|Blaziken, M|100/100
|turn|11
|
|t:|1668534493
|detailschange|p2a: Blaziken|Blaziken-Mega, M
|-mega|p2a: Blaziken|Blaziken|Blazikenite
|move|p2a: Blaziken|Protect|p2a: Blaziken
|-singleturn|p2a: Blaziken|Protect
|move|p1a: Rayquaza|Dragon Ascent|p2a: Blaziken
|-activate|p2a: Blaziken|move: Protect
|
|-weather|DeltaStream|[upkeep]
|-ability|p2a: Blaziken|Speed Boost|boost
|-boost|p2a: Blaziken|spe|1
|upkeep
|turn|12
|
|t:|1668534498
|move|p2a: Blaziken|Close Combat|p1a: Rayquaza
|-resisted|p1a: Rayquaza
|-damage|p1a: Rayquaza|0 fnt
|-unboost|p2a: Blaziken|def|1
|-unboost|p2a: Blaziken|spd|1
|faint|p1a: Rayquaza
|-weather|none
|
|-ability|p2a: Blaziken|Speed Boost|boost
|-boost|p2a: Blaziken|spe|1
|upkeep
|
|t:|1668534501
|switch|p1a: Marshadow|Marshadow|18/100
|-damage|p1a: Marshadow|12/100|[from] Stealth Rock
|turn|13
|
|t:|1668534505
|move|p2a: Blaziken|Flare Blitz|p1a: Marshadow
|-damage|p1a: Marshadow|0 fnt
|faint|p1a: Marshadow
|-damage|p2a: Blaziken|97/100|[from] Recoil
|
|-ability|p2a: Blaziken|Speed Boost|boost
|-boost|p2a: Blaziken|spe|1
|upkeep
|
|t:|1668534507
|switch|p1a: Cinderace|Cinderace, F|100/100
|-damage|p1a: Cinderace|76/100|[from] Stealth Rock
|turn|14
|
|t:|1668534511
|move|p2a: Blaziken|Baton Pass|p2a: Blaziken
|
|t:|1668534520
|switch|p2a: Zygarde|Zygarde|100/100|[from]move: Baton Pass
|move|p1a: Cinderace|Court Change|p1a: Cinderace
|-swapsideconditions
|-activate|p1a: Cinderace|move: Court Change
|
|upkeep
|turn|15
|
|t:|1668534525
|move|p2a: Zygarde|Glare|p1a: Cinderace
|-status|p1a: Cinderace|par
|move|p1a: Cinderace|Pyro Ball|p2a: Zygarde
|-resisted|p2a: Zygarde
|-damage|p2a: Zygarde|68/100
|
|-heal|p2a: Zygarde|74/100|[from] item: Leftovers
|upkeep
|turn|16
|
|t:|1668534528
|move|p2a: Zygarde|Dragon Dance|p2a: Zygarde
|-boost|p2a: Zygarde|atk|1
|-boost|p2a: Zygarde|spe|1
|move|p1a: Cinderace|Pyro Ball|p2a: Zygarde
|-resisted|p2a: Zygarde
|-damage|p2a: Zygarde|44/100
|
|-heal|p2a: Zygarde|50/100|[from] item: Leftovers
|-activate|p2a: Zygarde|ability: Power Construct
|detailschange|p2a: Zygarde|Zygarde-Complete
|-heal|p2a: Zygarde|69/100|[silent]
|upkeep
|turn|17
|
|t:|1668534535
|switch|p1a: Seismitoad|Seismitoad, F, shiny|100/100
|move|p2a: Zygarde|Dragon Dance|p2a: Zygarde
|-boost|p2a: Zygarde|atk|1
|-boost|p2a: Zygarde|spe|1
|
|-heal|p2a: Zygarde|75/100|[from] item: Leftovers
|upkeep
|turn|18
|
|t:|1668534538
|move|p2a: Zygarde|Substitute|p2a: Zygarde
|-start|p2a: Zygarde|Substitute
|-damage|p2a: Zygarde|50/100
|move|p1a: Seismitoad|Scald|p2a: Zygarde
|-activate|p2a: Zygarde|move: Substitute|[damage]
|
|-heal|p2a: Zygarde|56/100|[from] item: Leftovers
|upkeep
|turn|19
|
|t:|1668534542
|move|p2a: Zygarde|Glare|p1a: Seismitoad
|-status|p1a: Seismitoad|par
|move|p1a: Seismitoad|Scald|p2a: Zygarde
|-end|p2a: Zygarde|Substitute
|
|-heal|p2a: Zygarde|63/100|[from] item: Leftovers
|upkeep
|turn|20
|
|t:|1668534546
|move|p2a: Zygarde|Substitute|p2a: Zygarde
|-start|p2a: Zygarde|Substitute
|-damage|p2a: Zygarde|38/100
|move|p1a: Seismitoad|Scald|p2a: Zygarde
|-activate|p2a: Zygarde|move: Substitute|[damage]
|
|-heal|p2a: Zygarde|44/100|[from] item: Leftovers
|upkeep
|turn|21
|
|t:|1668534549
|move|p2a: Zygarde|Thousand Arrows|p1a: Seismitoad
|-crit|p1a: Seismitoad
|-damage|p1a: Seismitoad|12/100 par
|move|p1a: Seismitoad|Scald|p2a: Zygarde
|-end|p2a: Zygarde|Substitute
|
|-heal|p2a: Zygarde|50/100|[from] item: Leftovers
|-heal|p1a: Seismitoad|18/100 par|[from] item: Leftovers
|upkeep
|turn|22
|
|t:|1668534562
|switch|p1a: Mewtwo|Mewtwo|100/100
|-ability|p1a: Mewtwo|Pressure
|move|p2a: Zygarde|Thousand Arrows|p1a: Mewtwo
|-damage|p1a: Mewtwo|20/100
|
|-heal|p2a: Zygarde|56/100|[from] item: Leftovers
|upkeep
|turn|23
|
|t:|1668534570
|-start|p1a: Mewtwo|Dynamax|
|-heal|p1a: Mewtwo|20/100|[silent]
|move|p2a: Zygarde|Thousand Arrows|p1a: Mewtwo
|-damage|p1a: Mewtwo|0 fnt
|faint|p1a: Mewtwo
|
|-heal|p2a: Zygarde|63/100|[from] item: Leftovers
|upkeep
|
|t:|1668534574
|switch|p1a: Cinderace|Cinderace, F|76/100 par
|turn|24
|
|t:|1668534577
|-start|p2a: Zygarde|Dynamax|
|-heal|p2a: Zygarde|63/100|[silent]
|move|p2a: Zygarde|Max Quake|p1a: Cinderace
|-supereffective|p1a: Cinderace
|-damage|p1a: Cinderace|0 fnt
|-boost|p2a: Zygarde|spd|1
|faint|p1a: Cinderace
|
|-heal|p2a: Zygarde|66/100|[from] item: Leftovers
|upkeep
|
|t:|1668534581
|switch|p1a: Seismitoad|Seismitoad, F, shiny|18/100 par
|turn|25
|
|t:|1668534583
|move|p2a: Zygarde|Max Quake|p1a: Seismitoad
|-damage|p1a: Seismitoad|0 fnt
|-boost|p2a: Zygarde|spd|1
|faint|p1a: Seismitoad
|
|win|KokoroSenpai
|raw|ZeFrenchiestFry's rating: 1551 &rarr; <strong>1534</strong><br />(-17 for losing)
|raw|KokoroSenpai's rating: 1604 &rarr; <strong>1621</strong><br />(+17 for winning)
|l|‽ZeFrenchiestFry
||Ladder isn't responding, score probably updated but might not have (Request timeout).
