|j|☆OnMaWa
|j|☆Sept Winter
|player|p1|OnMaWa|psychic-gen4|1919
|player|p2|Sept Winter|liza|1680
|teamsize|p1|6
|teamsize|p2|6
|gametype|singles
|gen|8
|tier|[Gen 8] National Dex AG
|rated|
|clearpoke
|poke|p1|Necrozma-Dusk-Mane|
|poke|p1|Arceus-*|
|poke|p1|Xerneas|
|poke|p1|Lugia|
|poke|p1|Zacian-Crowned|
|poke|p1|Yveltal|
|poke|p2|Gengar, F|
|poke|p2|Groudon|
|poke|p2|Giratina|
|poke|p2|Zygarde|
|poke|p2|Necrozma-Dusk-Mane|
|poke|p2|Arceus-*|
|rule|HP Percentage Mod: HP is shown in percentages
|rule|Endless Battle Clause: Forcing endless battles is banned
|teampreview
|c|☆Sept Winter|oops
|c|☆Sept Winter|meeting serious people when trying to have fun
|
|start
|switch|p1a: Xerneas|Xerneas|100/100
|switch|p2a: John Churchill|Gengar, F|100/100
|-ability|p1a: Xerneas|Fairy Aura
|turn|1
|
|switch|p1a: Lugia|Lugia|100/100
|detailschange|p2a: John Churchill|Gengar-Mega, F
|-mega|p2a: John Churchill|Gengar|Gengarite
|move|p2a: John Churchill|Hypnosis|p1a: Lugia
|-status|p1a: Lugia|slp|[from] move: Hypnosis
|
|upkeep
|turn|2
|
|move|p2a: John Churchill|Substitute|p2a: John Churchill
|-start|p2a: John Churchill|Substitute
|-damage|p2a: John Churchill|76/100
|cant|p1a: Lugia|slp
|
|upkeep
|turn|3
|
|move|p2a: John Churchill|Nasty Plot|p2a: John Churchill
|-boost|p2a: John Churchill|spa|2
|cant|p1a: Lugia|slp
|
|upkeep
|turn|4
|
|move|p2a: John Churchill|Shadow Ball|p1a: Lugia
|-supereffective|p1a: Lugia
|-damage|p1a: Lugia|45/100 slp
|cant|p1a: Lugia|slp
|
|upkeep
|turn|5
|
|move|p2a: John Churchill|Shadow Ball|p1a: Lugia
|-supereffective|p1a: Lugia
|-damage|p1a: Lugia|0 fnt
|faint|p1a: Lugia
|
|upkeep
|
|switch|p1a: Yveltal|Yveltal|100/100
|-ability|p1a: Yveltal|Dark Aura
|turn|6
|
|-start|p1a: Yveltal|Dynamax
|-heal|p1a: Yveltal|100/100|[silent]
|move|p2a: John Churchill|Hypnosis|p1a: Yveltal|[miss]
|-miss|p2a: John Churchill|p1a: Yveltal
|move|p1a: Yveltal|Max Airstream|p2a: John Churchill
|-end|p2a: John Churchill|Substitute
|-boost|p1a: Yveltal|spe|1
|-damage|p1a: Yveltal|96/100|[from] item: Life Orb
|
|upkeep
|turn|7
|
|switch|p2a: Henry Mordaunt|Arceus-Dark|100/100
|move|p1a: Yveltal|Max Darkness|p2a: Henry Mordaunt
|-resisted|p2a: Henry Mordaunt
|-damage|p2a: Henry Mordaunt|70/100
|-unboost|p2a: Henry Mordaunt|spd|1
|-damage|p1a: Yveltal|91/100|[from] item: Life Orb
|
|upkeep
|turn|8
|
|switch|p2a: John Bridges|Giratina|100/100
|-ability|p2a: John Bridges|Pressure
|move|p1a: Yveltal|Max Ooze|p2a: John Bridges
|-resisted|p2a: John Bridges
|-damage|p2a: John Bridges|88/100
|-boost|p1a: Yveltal|spa|1
|-damage|p1a: Yveltal|86/100|[from] item: Life Orb
|
|-heal|p2a: John Bridges|94/100|[from] item: Leftovers
|-end|p1a: Yveltal|Dynamax
|-heal|p1a: Yveltal|86/100|[silent]
|upkeep
|turn|9
|
|move|p1a: Yveltal|Dark Pulse|p2a: John Bridges
|-supereffective|p2a: John Bridges
|-damage|p2a: John Bridges|0 fnt
|-damage|p1a: Yveltal|76/100|[from] item: Life Orb
|faint|p2a: John Bridges
|
|upkeep
|
|switch|p2a: Henry Mordaunt|Arceus-Dark|70/100
|turn|10
|
|move|p1a: Yveltal|Oblivion Wing|p2a: Henry Mordaunt
|-damage|p2a: Henry Mordaunt|25/100
|-heal|p1a: Yveltal|100/100|[from] drain|[of] p2a: Henry Mordaunt
|-damage|p1a: Yveltal|91/100|[from] item: Life Orb
|move|p2a: Henry Mordaunt|Recover|p2a: Henry Mordaunt
|-heal|p2a: Henry Mordaunt|75/100
|
|upkeep
|turn|11
|
|move|p1a: Yveltal|Dark Pulse|p2a: Henry Mordaunt
|-resisted|p2a: Henry Mordaunt
|-damage|p2a: Henry Mordaunt|44/100
|-damage|p1a: Yveltal|81/100|[from] item: Life Orb
|cant|p2a: Henry Mordaunt|flinch
|
|upkeep
|turn|12
|c|☆Sept Winter|oof
|
|-start|p2a: Henry Mordaunt|Dynamax
|-heal|p2a: Henry Mordaunt|44/100|[silent]
|move|p1a: Yveltal|Oblivion Wing|p2a: Henry Mordaunt
|-damage|p2a: Henry Mordaunt|22/100
|-heal|p1a: Yveltal|100/100|[from] drain|[of] p2a: Henry Mordaunt
|-damage|p1a: Yveltal|91/100|[from] item: Life Orb
|move|p2a: Henry Mordaunt|Max Darkness|p1a: Yveltal
|-resisted|p1a: Yveltal
|-damage|p1a: Yveltal|57/100
|-unboost|p1a: Yveltal|spd|1
|
|upkeep
|turn|13
|
|move|p1a: Yveltal|Oblivion Wing|p2a: Henry Mordaunt
|-damage|p2a: Henry Mordaunt|0 fnt
|-heal|p1a: Yveltal|94/100|[from] drain|[of] p2a: Henry Mordaunt
|-damage|p1a: Yveltal|84/100|[from] item: Life Orb
|faint|p2a: Henry Mordaunt
|
|upkeep
|
|switch|p2a: Edward Witham|Zygarde|100/100
|turn|14
|
|move|p1a: Yveltal|Dark Pulse|p2a: Edward Witham
|-damage|p2a: Edward Witham|5/100
|-damage|p1a: Yveltal|74/100|[from] item: Life Orb
|move|p2a: Edward Witham|Haze|p2a: Edward Witham
|-clearallboost
|
|-activate|p2a: Edward Witham|ability: Power Construct
|detailschange|p2a: Edward Witham|Zygarde-Complete
|-heal|p2a: Edward Witham|37/100|[silent]
|upkeep
|turn|15
|
|move|p1a: Yveltal|Dark Pulse|p2a: Edward Witham
|-damage|p2a: Edward Witham|0 fnt
|-damage|p1a: Yveltal|64/100|[from] item: Life Orb
|faint|p2a: Edward Witham
|
|upkeep
|
|switch|p2a: John Churchill|Gengar-Mega, F|76/100
|turn|16
|
|move|p2a: John Churchill|Hypnosis|p1a: Yveltal
|-status|p1a: Yveltal|slp|[from] move: Hypnosis
|cant|p1a: Yveltal|slp
|
|upkeep
|turn|17
|
|move|p2a: John Churchill|Substitute|p2a: John Churchill
|-start|p2a: John Churchill|Substitute
|-damage|p2a: John Churchill|51/100
|cant|p1a: Yveltal|slp
|
|upkeep
|turn|18
|
|move|p2a: John Churchill|Nasty Plot|p2a: John Churchill
|-boost|p2a: John Churchill|spa|2
|-curestatus|p1a: Yveltal|slp|[msg]
|move|p1a: Yveltal|Oblivion Wing|p2a: John Churchill
|-end|p2a: John Churchill|Substitute
|-heal|p1a: Yveltal|77/100|[from] drain|[of] p2a: John Churchill
|-damage|p1a: Yveltal|67/100|[from] item: Life Orb
|
|upkeep
|turn|19
|
|move|p2a: John Churchill|Hypnosis|p1a: Yveltal|[miss]
|-miss|p2a: John Churchill|p1a: Yveltal
|move|p1a: Yveltal|Dark Pulse|p2a: John Churchill
|-supereffective|p2a: John Churchill
|-damage|p2a: John Churchill|0 fnt
|-damage|p1a: Yveltal|57/100|[from] item: Life Orb
|faint|p2a: John Churchill
|
|upkeep
|
|switch|p2a: Andrew Rutherford|Groudon|100/100
|detailschange|p2a: Andrew Rutherford|Groudon-Primal
|-primal|p2a: Andrew Rutherford
|-weather|DesolateLand|[from] ability: Desolate Land|[of] p2a: Andrew Rutherford
|turn|20
|
|move|p1a: Yveltal|Oblivion Wing|p2a: Andrew Rutherford
|-damage|p2a: Andrew Rutherford|52/100
|-heal|p1a: Yveltal|94/100|[from] drain|[of] p2a: Andrew Rutherford
|-damage|p1a: Yveltal|84/100|[from] item: Life Orb
|move|p2a: Andrew Rutherford|Lava Plume|p1a: Yveltal
|-damage|p1a: Yveltal|35/100
|-status|p1a: Yveltal|brn
|
|-weather|DesolateLand|[upkeep]
|-damage|p1a: Yveltal|29/100 brn|[from] brn
|upkeep
|turn|21
|
|move|p1a: Yveltal|Dark Pulse|p2a: Andrew Rutherford
|-damage|p2a: Andrew Rutherford|0 fnt
|-damage|p1a: Yveltal|19/100 brn|[from] item: Life Orb
|faint|p2a: Andrew Rutherford
|-weather|none
|
|-damage|p1a: Yveltal|13/100 brn|[from] brn
|upkeep
|
|switch|p2a: Alexander Mackenzi|Necrozma-Dusk-Mane|100/100
|turn|22
|-message|Sept Winter forfeited.
|
|win|OnMaWa
|l|☆Sept Winter
|raw|OnMaWa's rating: 1919 &rarr; <strong>1927</strong><br />(+8 for winning)
|raw|Sept Winter's rating: 1680 &rarr; <strong>1672</strong><br />(-8 for losing)
