|j|☆doomguy1208
|j|☆SpookyMareep
|t:|1665551545
|gametype|singles
|player|p1|doomguy1208|2|1608
|player|p2|SpookyMareep|scientistf|1557
|teamsize|p1|6
|teamsize|p2|6
|gen|8
|tier|[Gen 8] National Dex AG
|rated|
|rule|HP Percentage Mod: HP is shown in percentages
|rule|Endless Battle Clause: Forcing endless battles is banned
|clearpoke
|poke|p1|Yveltal|
|poke|p1|Pheromosa|
|poke|p1|Zygarde|
|poke|p1|Ho-Oh|
|poke|p1|Calyrex-Shadow|
|poke|p1|Sawk, M|
|poke|p2|Ditto|
|poke|p2|Marshadow|
|poke|p2|Toxapex, M|
|poke|p2|Shedinja|
|poke|p2|Quagsire, F|
|poke|p2|Landorus-Therian, M|
|teampreview
|
|t:|1665551562
|start
|switch|p1a: Pheromosa|Pheromosa, shiny|100/100
|switch|p2a: >1440 ELO TEAM|Landorus-Therian, M|100/100
|-ability|p2a: >1440 ELO TEAM|Intimidate|boost
|-unboost|p1a: Pheromosa|atk|1
|turn|1
|
|t:|1665551570
|switch|p2a: Yakuza|Toxapex, M|100/100
|move|p1a: Pheromosa|Triple Axel|p2a: Yakuza
|-resisted|p2a: Yakuza
|-damage|p2a: Yakuza|99/100
|-damage|p1a: Pheromosa|84/100|[from] item: Rocky Helmet|[of] p2a: Yakuza
|-resisted|p2a: Yakuza
|-damage|p2a: Yakuza|96/100
|-damage|p1a: Pheromosa|67/100|[from] item: Rocky Helmet|[of] p2a: Yakuza
|-resisted|p2a: Yakuza
|-damage|p2a: Yakuza|91/100
|-damage|p1a: Pheromosa|51/100|[from] item: Rocky Helmet|[of] p2a: Yakuza
|-hitcount|p2a: Yakuza|3
|
|upkeep
|turn|2
|
|t:|1665551576
|move|p1a: Pheromosa|U-turn|p2a: Yakuza
|-resisted|p2a: Yakuza
|-damage|p2a: Yakuza|83/100
|-damage|p1a: Pheromosa|34/100|[from] item: Rocky Helmet|[of] p2a: Yakuza
|
|t:|1665551579
|switch|p1a: Zygarde|Zygarde, shiny|100/100|[from]move: U-turn
|move|p2a: Yakuza|Toxic Spikes|p1a: Zygarde
|-sidestart|p1: doomguy1208|move: Toxic Spikes
|
|upkeep
|turn|3
|
|t:|1665551589
|move|p1a: Zygarde|Glare|p2a: Yakuza
|-status|p2a: Yakuza|par
|cant|p2a: Yakuza|par
|
|upkeep
|turn|4
|
|t:|1665551592
|move|p1a: Zygarde|Coil|p1a: Zygarde
|-boost|p1a: Zygarde|atk|1
|-boost|p1a: Zygarde|def|1
|-boost|p1a: Zygarde|accuracy|1
|move|p2a: Yakuza|Toxic Spikes|p1a: Zygarde
|-sidestart|p1: doomguy1208|move: Toxic Spikes
|
|upkeep
|turn|5
|
|t:|1665551596
|move|p1a: Zygarde|Thousand Arrows|p2a: Yakuza
|-supereffective|p2a: Yakuza
|-damage|p2a: Yakuza|28/100 par
|move|p2a: Yakuza|Toxic|p1a: Zygarde
|-status|p1a: Zygarde|tox
|
|-damage|p1a: Zygarde|94/100 tox|[from] psn
|upkeep
|turn|6
|
|t:|1665551600
|switch|p2a: Yakuza.|Shedinja|100/100
|move|p1a: Zygarde|Thousand Arrows|p2a: Yakuza.
|-immune|p2a: Yakuza.|[from] ability: Wonder Guard
|
|-heal|p1a: Zygarde|100/100 tox|[from] item: Leftovers
|-damage|p1a: Zygarde|88/100 tox|[from] psn
|upkeep
|turn|7
|
|t:|1665551605
|switch|p1a: Ho-Oh|Ho-Oh|100/100
|switch|p2a: Yakuza|Toxapex, M|61/100 par
|
|upkeep
|turn|8
|
|t:|1665551608
|move|p1a: Ho-Oh|Defog|p2a: Yakuza
|-unboost|p2a: Yakuza|evasion|1
|-sideend|p1: doomguy1208|Toxic Spikes|[from] move: Defog|[of] p1a: Ho-Oh
|move|p2a: Yakuza|Toxic|p1a: Ho-Oh
|-status|p1a: Ho-Oh|tox
|
|-damage|p1a: Ho-Oh|94/100 tox|[from] psn
|upkeep
|turn|9
|
|t:|1665551611
|switch|p1a: Zygarde|Zygarde, shiny|88/100 tox
|cant|p2a: Yakuza|par
|
|-heal|p1a: Zygarde|94/100 tox|[from] item: Leftovers
|-damage|p1a: Zygarde|88/100 tox|[from] psn
|upkeep
|turn|10
|
|t:|1665551622
|switch|p2a: Yakuza.|Shedinja|100/100
|move|p1a: Zygarde|Glare|p2a: Yakuza.
|-status|p2a: Yakuza.|par
|
|-heal|p1a: Zygarde|94/100 tox|[from] item: Leftovers
|-damage|p1a: Zygarde|82/100 tox|[from] psn
|upkeep
|turn|11
|
|t:|1665551629
|move|p1a: Zygarde|Thousand Arrows|p2a: Yakuza.
|-immune|p2a: Yakuza.|[from] ability: Wonder Guard
|move|p2a: Yakuza.|Toxic|p1a: Zygarde
|-fail|p1a: Zygarde|tox
|
|-heal|p1a: Zygarde|88/100 tox|[from] item: Leftovers
|-damage|p1a: Zygarde|70/100 tox|[from] psn
|upkeep
|turn|12
|
|t:|1665551634
|move|p1a: Zygarde|Rest|p1a: Zygarde
|-status|p1a: Zygarde|slp|[from] move: Rest
|-heal|p1a: Zygarde|100/100 slp|[silent]
|cant|p2a: Yakuza.|par
|
|upkeep
|turn|13
|
|t:|1665551646
|switch|p1a: Yveltal|Yveltal, shiny|100/100
|-ability|p1a: Yveltal|Dark Aura
|switch|p2a: SpookyMareep(YT)|Marshadow|100/100
|
|upkeep
|turn|14
|
|t:|1665551650
|-start|p1a: Yveltal|Dynamax|
|-heal|p1a: Yveltal|100/100|[silent]
|move|p2a: SpookyMareep(YT)|Ice Punch|p1a: Yveltal
|-supereffective|p1a: Yveltal
|-damage|p1a: Yveltal|71/100
|-damage|p2a: SpookyMareep(YT)|91/100|[from] item: Life Orb
|move|p1a: Yveltal|Max Airstream|p2a: SpookyMareep(YT)
|-supereffective|p2a: SpookyMareep(YT)
|-damage|p2a: SpookyMareep(YT)|0 fnt
|-boost|p1a: Yveltal|spe|1
|faint|p2a: SpookyMareep(YT)
|-damage|p1a: Yveltal|66/100|[from] item: Life Orb
|
|upkeep
|
|t:|1665551653
|switch|p2a: >1440 ELO TEAM|Landorus-Therian, M|100/100
|-ability|p2a: >1440 ELO TEAM|Intimidate|boost
|-unboost|p1a: Yveltal|atk|1
|turn|15
|
|t:|1665551660
|switch|p2a: Yakuza|Toxapex, M|95/100 par
|move|p1a: Yveltal|Max Darkness|p2a: Yakuza
|-damage|p2a: Yakuza|0 fnt
|faint|p2a: Yakuza
|-damage|p1a: Yveltal|61/100|[from] item: Life Orb
|
|upkeep
|
|t:|1665551664
|switch|p2a: >1440 ELO TEAM|Landorus-Therian, M|100/100
|-ability|p2a: >1440 ELO TEAM|Intimidate|boost
|-unboost|p1a: Yveltal|atk|1
|turn|16
|
|t:|1665551667
|-start|p2a: >1440 ELO TEAM|Dynamax|
|-heal|p2a: >1440 ELO TEAM|100/100|[silent]
|move|p2a: >1440 ELO TEAM|Max Guard|p2a: >1440 ELO TEAM
|-singleturn|p2a: >1440 ELO TEAM|Max Guard
|move|p1a: Yveltal|Max Darkness|p2a: >1440 ELO TEAM
|-activate|p2a: >1440 ELO TEAM|move: Max Guard
|
|upkeep
|-end|p1a: Yveltal|Dynamax
|-heal|p1a: Yveltal|61/100|[silent]
|turn|17
|
|t:|1665551677
|move|p1a: Yveltal|Dark Pulse|p2a: >1440 ELO TEAM
|-damage|p2a: >1440 ELO TEAM|57/100
|-damage|p1a: Yveltal|51/100|[from] item: Life Orb
|move|p2a: >1440 ELO TEAM|Max Rockfall|p1a: Yveltal
|-supereffective|p1a: Yveltal
|-damage|p1a: Yveltal|0 fnt
|-weather|Sandstorm
|faint|p1a: Yveltal
|
|-weather|Sandstorm|[upkeep]
|upkeep
|
|t:|1665551686
|switch|p1a: Pheromosa|Pheromosa, shiny|34/100
|turn|18
|
|t:|1665551691
|-end|p2a: >1440 ELO TEAM|Dynamax
|-heal|p2a: >1440 ELO TEAM|57/100|[silent]
|switch|p2a: :)|Quagsire, F|100/100
|move|p1a: Pheromosa|Triple Axel|p2a: :)
|-damage|p2a: :)|95/100
|-damage|p1a: Pheromosa|17/100|[from] item: Rocky Helmet|[of] p2a: :)
|-hitcount|p2a: :)|1
|
|-weather|Sandstorm|[upkeep]
|-damage|p1a: Pheromosa|11/100|[from] Sandstorm
|upkeep
|turn|19
|
|t:|1665551704
|move|p1a: Pheromosa|Close Combat|p2a: :)
|-damage|p2a: :)|51/100
|-unboost|p1a: Pheromosa|def|1
|-unboost|p1a: Pheromosa|spd|1
|-damage|p1a: Pheromosa|0 fnt|[from] item: Rocky Helmet|[of] p2a: :)
|faint|p1a: Pheromosa
|move|p2a: :)|Scald|p1: Pheromosa|[notarget]
|-fail|p2a: :)
|
|-weather|Sandstorm|[upkeep]
|upkeep
|
|t:|1665551709
|switch|p1a: Calyrex|Calyrex-Shadow|100/100
|-ability|p1a: Calyrex|As One
|-ability|p1a: Calyrex|Unnerve
|turn|20
|
|t:|1665551720
|move|p1a: Calyrex|Astral Barrage|p2a: :)
|-damage|p2a: :)|0 fnt
|faint|p2a: :)
|-ability|p1a: Calyrex|Grim Neigh|boost
|-boost|p1a: Calyrex|spa|1
|
|-weather|Sandstorm|[upkeep]
|-damage|p1a: Calyrex|94/100|[from] Sandstorm
|upkeep
|
|t:|1665551722
|switch|p2a: Zacian! Wait STOP!|Ditto|100/100
|-transform|p2a: Zacian! Wait STOP!|p1a: Calyrex|[from] ability: Imposter
|turn|21
|
|t:|1665551727
|switch|p1a: Ho-Oh|Ho-Oh|100/100 tox
|move|p2a: Zacian! Wait STOP!|Astral Barrage|p1a: Ho-Oh
|-damage|p1a: Ho-Oh|40/100 tox
|
|-weather|none
|-damage|p1a: Ho-Oh|34/100 tox|[from] psn
|upkeep
|turn|22
|j| Hamster schmamster
|
|t:|1665551740
|switch|p1a: Zygarde|Zygarde, shiny|100/100 slp
|move|p2a: Zacian! Wait STOP!|Astral Barrage|p1a: Zygarde
|-damage|p1a: Zygarde|35/100 slp
|
|-heal|p1a: Zygarde|41/100 slp|[from] item: Leftovers
|-activate|p1a: Zygarde|ability: Power Construct
|detailschange|p1a: Zygarde|Zygarde-Complete, shiny
|-heal|p1a: Zygarde|62/100 slp|[silent]
|upkeep
|turn|23
|
|t:|1665551743
|move|p2a: Zacian! Wait STOP!|Astral Barrage|p1a: Zygarde
|-damage|p1a: Zygarde|19/100 slp
|cant|p1a: Zygarde|slp
|
|-heal|p1a: Zygarde|25/100 slp|[from] item: Leftovers
|upkeep
|turn|24
|
|t:|1665551746
|move|p2a: Zacian! Wait STOP!|Astral Barrage|p1a: Zygarde
|-damage|p1a: Zygarde|0 fnt
|faint|p1a: Zygarde
|-ability|p2a: Zacian! Wait STOP!|Grim Neigh|boost
|-boost|p2a: Zacian! Wait STOP!|spa|1
|
|upkeep
|
|t:|1665551749
|switch|p1a: Calyrex|Calyrex-Shadow|94/100
|-ability|p1a: Calyrex|As One
|-ability|p1a: Calyrex|Unnerve
|turn|25
|
|t:|1665551752
|move|p2a: Zacian! Wait STOP!|Astral Barrage|p1a: Calyrex
|-supereffective|p1a: Calyrex
|-damage|p1a: Calyrex|0 fnt
|faint|p1a: Calyrex
|-ability|p2a: Zacian! Wait STOP!|Grim Neigh|boost
|-boost|p2a: Zacian! Wait STOP!|spa|1
|
|upkeep
|
|t:|1665551756
|switch|p1a: Sawk|Sawk, M, shiny|100/100
|turn|26
|
|t:|1665551762
|switch|p2a: Yakuza.|Shedinja|100/100 par
|move|p1a: Sawk|Knock Off|p2a: Yakuza.
|-supereffective|p2a: Yakuza.
|-enditem|p2a: Yakuza.|Focus Sash
|-damage|p2a: Yakuza.|100/100 par
|
|upkeep
|turn|27
|
|t:|1665551773
|switch|p2a: >1440 ELO TEAM|Landorus-Therian, M|57/100
|-ability|p2a: >1440 ELO TEAM|Intimidate|boost
|-unboost|p1a: Sawk|atk|1
|move|p1a: Sawk|Knock Off|p2a: >1440 ELO TEAM
|-damage|p2a: >1440 ELO TEAM|32/100
|-enditem|p2a: >1440 ELO TEAM|Heavy-Duty Boots|[from] move: Knock Off|[of] p1a: Sawk
|
|upkeep
|turn|28
|
|t:|1665551783
|switch|p1a: Ho-Oh|Ho-Oh|67/100 tox
|move|p2a: >1440 ELO TEAM|Earthquake|p1a: Ho-Oh
|-immune|p1a: Ho-Oh
|
|-damage|p1a: Ho-Oh|61/100 tox|[from] psn
|upkeep
|turn|29
|
|t:|1665551803
|move|p2a: >1440 ELO TEAM|Stone Edge|p1a: Ho-Oh|[miss]
|-miss|p2a: >1440 ELO TEAM|p1a: Ho-Oh
|move|p1a: Ho-Oh|Sacred Fire|p2a: >1440 ELO TEAM
|-damage|p2a: >1440 ELO TEAM|0 fnt
|faint|p2a: >1440 ELO TEAM
|
|-damage|p1a: Ho-Oh|49/100 tox|[from] psn
|upkeep
|c|☆doomguy1208|yes
|c|☆SpookyMareep|lol
|
|t:|1665551815
|switch|p2a: Zacian! Wait STOP!|Ditto|100/100
|-transform|p2a: Zacian! Wait STOP!|p1a: Ho-Oh|[from] ability: Imposter
|turn|30
|c|☆doomguy1208|gg
|
|t:|1665551819
|move|p2a: Zacian! Wait STOP!|Sacred Fire|p1a: Ho-Oh
|-resisted|p1a: Ho-Oh
|-damage|p1a: Ho-Oh|36/100 tox
|move|p1a: Ho-Oh|Roost|p1a: Ho-Oh
|-heal|p1a: Ho-Oh|87/100 tox
|-singleturn|p1a: Ho-Oh|move: Roost
|
|-damage|p1a: Ho-Oh|68/100 tox|[from] psn
|upkeep
|turn|31
|
|t:|1665551826
|switch|p2a: Yakuza.|Shedinja|100/100 par
|move|p1a: Ho-Oh|Toxic||[still]
|-fail|p1a: Ho-Oh
|
|-damage|p1a: Ho-Oh|44/100 tox|[from] psn
|upkeep
|turn|32
|
|t:|1665551831
|switch|p2a: Zacian! Wait STOP!|Ditto|100/100
|-transform|p2a: Zacian! Wait STOP!|p1a: Ho-Oh|[from] ability: Imposter
|move|p1a: Ho-Oh|Sacred Fire|p2a: Zacian! Wait STOP!
|-resisted|p2a: Zacian! Wait STOP!
|-damage|p2a: Zacian! Wait STOP!|76/100
|
|-damage|p1a: Ho-Oh|14/100 tox|[from] psn
|upkeep
|turn|33
|
|t:|1665551834
|move|p2a: Zacian! Wait STOP!|Sacred Fire|p1a: Ho-Oh
|-resisted|p1a: Ho-Oh
|-damage|p1a: Ho-Oh|0 fnt
|faint|p1a: Ho-Oh
|
|upkeep
|
|t:|1665551839
|switch|p1a: Sawk|Sawk, M, shiny|100/100
|turn|34
|
|t:|1665551843
|move|p2a: Zacian! Wait STOP!|Sacred Fire|p1a: Sawk
|-damage|p1a: Sawk|34/100
|move|p1a: Sawk|Stone Edge|p2a: Zacian! Wait STOP!
|-supereffective|p2a: Zacian! Wait STOP!
|-damage|p2a: Zacian! Wait STOP!|0 fnt
|faint|p2a: Zacian! Wait STOP!
|
|upkeep
|
|t:|1665551845
|switch|p2a: Yakuza.|Shedinja|100/100 par
|turn|35
|
|t:|1665551849
|move|p2a: Yakuza.|Shadow Sneak|p1a: Sawk
|-damage|p1a: Sawk|8/100
|move|p1a: Sawk|Knock Off|p2a: Yakuza.
|-supereffective|p2a: Yakuza.
|-damage|p2a: Yakuza.|0 fnt
|faint|p2a: Yakuza.
|
|win|doomguy1208
|raw|doomguy1208's rating: 1608 &rarr; <strong>1626</strong><br />(+18 for winning)
|raw|SpookyMareep's rating: 1578 &rarr; <strong>1560</strong><br />(-18 for losing)
|c|☆SpookyMareep|ez
|c|☆SpookyMareep|next time
|l|☆SpookyMareep
