|j|☆rowletroost
|j|☆FenixFyre04
|t:|1636250429
|gametype|singles
|player|p1|rowletroost|wallace|1615
|player|p2|FenixFyre04|benga|1757
|teamsize|p1|6
|teamsize|p2|6
|gen|8
|tier|[Gen 8] National Dex AG
|rated|
|rule|HP Percentage Mod: HP is shown in percentages
|rule|Endless Battle Clause: Forcing endless battles is banned
|clearpoke
|poke|p1|Arceus-*|
|poke|p1|Xerneas-*|
|poke|p1|Kyogre|
|poke|p1|Marshadow|
|poke|p1|Ribombee, F|
|poke|p1|Vivillon-Savanna, F|
|poke|p2|Zygarde|
|poke|p2|Calyrex-Shadow|
|poke|p2|Gengar, F|
|poke|p2|Zacian-*|
|poke|p2|Arceus-*|
|poke|p2|Yveltal|
|teampreview
|inactive|Battle timer is ON: inactive players will automatically lose when time's up. (requested by rowletroost)
|
|t:|1636250439
|start
|switch|p1a: Arceus|Arceus-Ground|100/100
|switch|p2a: Arceus|Arceus-Ground|100/100
|turn|1
|
|t:|1636250444
|move|p2a: Arceus|Stealth Rock|p1a: Arceus
|-sidestart|p1: rowletroost|move: Stealth Rock
|move|p1a: Arceus|Ice Beam|p2a: Arceus
|-supereffective|p2a: Arceus
|-damage|p2a: Arceus|68/100
|-status|p2a: Arceus|frz
|
|upkeep
|turn|2
|
|t:|1636250449
|cant|p2a: Arceus|frz
|move|p1a: Arceus|Defog|p2a: Arceus
|-unboost|p2a: Arceus|evasion|1
|-sideend|p1: rowletroost|Stealth Rock|[from] move: Defog|[of] p1a: Arceus
|
|upkeep
|turn|3
|
|t:|1636250452
|-curestatus|p2a: Arceus|frz|[msg]
|move|p2a: Arceus|Stealth Rock|p1a: Arceus
|-sidestart|p1: rowletroost|move: Stealth Rock
|move|p1a: Arceus|Ice Beam|p2a: Arceus
|-supereffective|p2a: Arceus
|-damage|p2a: Arceus|35/100
|-status|p2a: Arceus|frz
|
|upkeep
|turn|4
|
|t:|1636250455
|cant|p2a: Arceus|frz
|move|p1a: Arceus|Defog|p2a: Arceus
|-unboost|p2a: Arceus|evasion|1
|-sideend|p1: rowletroost|Stealth Rock|[from] move: Defog|[of] p1a: Arceus
|
|upkeep
|turn|5
|c|☆rowletroost|omg sorry lmao
|
|t:|1636250461
|cant|p2a: Arceus|frz
|move|p1a: Arceus|Ice Beam|p2a: Arceus
|-supereffective|p2a: Arceus
|-damage|p2a: Arceus|2/100 frz
|
|upkeep
|turn|6
|
|t:|1636250468
|-curestatus|p2a: Arceus|frz|[msg]
|move|p2a: Arceus|Stealth Rock|p1a: Arceus
|-sidestart|p1: rowletroost|move: Stealth Rock
|move|p1a: Arceus|Ice Beam|p2a: Arceus
|-supereffective|p2a: Arceus
|-damage|p2a: Arceus|0 fnt
|faint|p2a: Arceus
|
|upkeep
|
|t:|1636250477
|switch|p2a: Gengar|Gengar, F|100/100
|turn|7
|
|t:|1636250484
|detailschange|p2a: Gengar|Gengar-Mega, F
|-mega|p2a: Gengar|Gengar|Gengarite
|move|p2a: Gengar|Taunt|p1a: Arceus
|-start|p1a: Arceus|move: Taunt
|cant|p1a: Arceus|move: Taunt|Defog
|
|upkeep
|turn|8
|
|t:|1636250495
|move|p2a: Gengar|Perish Song|p2a: Gengar
|-start|p1a: Arceus|perish3|[silent]
|-start|p2a: Gengar|perish3|[silent]
|-fieldactivate|move: Perish Song
|move|p1a: Arceus|Judgment|p2a: Gengar
|-supereffective|p2a: Gengar
|-damage|p2a: Gengar|0 fnt
|faint|p2a: Gengar
|
|-start|p1a: Arceus|perish3
|upkeep
|
|t:|1636250511
|switch|p2a: Calyrex|Calyrex-Shadow|100/100
|-ability|p2a: Calyrex|As One
|-ability|p2a: Calyrex|Unnerve
|turn|9
|
|t:|1636250529
|switch|p1a: Kyogre|Kyogre, shiny|100/100
|-damage|p1a: Kyogre|88/100|[from] Stealth Rock
|detailschange|p1a: Kyogre|Kyogre-Primal, shiny
|-primal|p1a: Kyogre
|-weather|PrimordialSea|[from] ability: Primordial Sea|[of] p1a: Kyogre
|move|p2a: Calyrex|Astral Barrage|p1a: Kyogre
|-damage|p1a: Kyogre|46/100
|
|-weather|PrimordialSea|[upkeep]
|upkeep
|turn|10
|
|t:|1636250545
|-start|p2a: Calyrex|Dynamax
|-heal|p2a: Calyrex|100/100|[silent]
|move|p2a: Calyrex|Max Phantasm|p1a: Kyogre
|-damage|p1a: Kyogre|0 fnt
|faint|p1a: Kyogre
|-weather|none
|-ability|p2a: Calyrex|Grim Neigh|boost
|-boost|p2a: Calyrex|spa|1
|
|upkeep
|
|t:|1636250548
|switch|p1a: Arceus|Arceus-Ground|100/100
|-damage|p1a: Arceus|94/100|[from] Stealth Rock
|turn|11
|
|t:|1636250555
|move|p2a: Calyrex|Max Phantasm|p1a: Arceus
|-damage|p1a: Arceus|9/100
|-unboost|p1a: Arceus|def|1
|move|p1a: Arceus|Defog|p2a: Calyrex
|-unboost|p2a: Calyrex|evasion|1
|-sideend|p1: rowletroost|Stealth Rock|[from] move: Defog|[of] p1a: Arceus
|
|upkeep
|turn|12
|
|t:|1636250560
|move|p2a: Calyrex|Max Mindstorm|p1a: Arceus
|-damage|p1a: Arceus|0 fnt
|-fieldstart|move: Psychic Terrain
|faint|p1a: Arceus
|-ability|p2a: Calyrex|Grim Neigh|boost
|-boost|p2a: Calyrex|spa|1
|
|-end|p2a: Calyrex|Dynamax
|-heal|p2a: Calyrex|100/100|[silent]
|upkeep
|
|t:|1636250568
|switch|p1a: Ribombee|Ribombee, F, shiny|100/100
|turn|13
|
|t:|1636250579
|move|p2a: Calyrex|Astral Barrage|p1a: Ribombee
|-enditem|p1a: Ribombee|Focus Sash
|-damage|p1a: Ribombee|1/100
|move|p1a: Ribombee|Sticky Web|p2a: Calyrex
|-sidestart|p2: FenixFyre04|move: Sticky Web
|
|upkeep
|turn|14
|
|t:|1636250587
|switch|p2a: Yveltal|Yveltal, shiny|100/100
|-ability|p2a: Yveltal|Dark Aura
|move|p1a: Ribombee|Moonblast|p2a: Yveltal
|-supereffective|p2a: Yveltal
|-damage|p2a: Yveltal|60/100
|
|-heal|p2a: Yveltal|66/100|[from] item: Leftovers
|upkeep
|turn|15
|
|t:|1636250596
|move|p1a: Ribombee|Moonblast|p2a: Yveltal
|-supereffective|p2a: Yveltal
|-damage|p2a: Yveltal|20/100
|move|p2a: Yveltal|Defog|p1a: Ribombee
|-unboost|p1a: Ribombee|evasion|1
|-sideend|p2: FenixFyre04|Sticky Web|[from] move: Defog|[of] p2a: Yveltal
|-fieldend|move: Psychic Terrain
|
|-heal|p2a: Yveltal|27/100|[from] item: Leftovers
|upkeep
|turn|16
|
|t:|1636250603
|move|p1a: Ribombee|Sticky Web|p2a: Yveltal
|-sidestart|p2: FenixFyre04|move: Sticky Web
|move|p2a: Yveltal|Defog|p1a: Ribombee
|-unboost|p1a: Ribombee|evasion|1
|-sideend|p2: FenixFyre04|Sticky Web|[from] move: Defog|[of] p2a: Yveltal
|
|-heal|p2a: Yveltal|33/100|[from] item: Leftovers
|upkeep
|turn|17
|inactive|FenixFyre04 has 120 seconds left.
|
|t:|1636250636
|move|p1a: Ribombee|Sticky Web|p2a: Yveltal
|-sidestart|p2: FenixFyre04|move: Sticky Web
|move|p2a: Yveltal|Defog|p1a: Ribombee
|-unboost|p1a: Ribombee|evasion|1
|-sideend|p2: FenixFyre04|Sticky Web|[from] move: Defog|[of] p2a: Yveltal
|
|-heal|p2a: Yveltal|39/100|[from] item: Leftovers
|upkeep
|turn|18
|
|t:|1636250638
|move|p1a: Ribombee|Sticky Web|p2a: Yveltal
|-sidestart|p2: FenixFyre04|move: Sticky Web
|move|p2a: Yveltal|Defog|p1a: Ribombee
|-unboost|p1a: Ribombee|evasion|1
|-sideend|p2: FenixFyre04|Sticky Web|[from] move: Defog|[of] p2a: Yveltal
|
|-heal|p2a: Yveltal|45/100|[from] item: Leftovers
|upkeep
|turn|19
|
|t:|1636250648
|switch|p2a: Zygarde|Zygarde|100/100
|move|p1a: Ribombee|Sticky Web|p2a: Zygarde
|-sidestart|p2: FenixFyre04|move: Sticky Web
|
|upkeep
|turn|20
|
|t:|1636250653
|move|p1a: Ribombee|Moonblast|p2a: Zygarde
|-supereffective|p2a: Zygarde
|-damage|p2a: Zygarde|29/100
|move|p2a: Zygarde|Glare|p1a: Ribombee
|-status|p1a: Ribombee|par
|
|-heal|p2a: Zygarde|35/100|[from] item: Leftovers
|-activate|p2a: Zygarde|ability: Power Construct
|detailschange|p2a: Zygarde|Zygarde-Complete
|-heal|p2a: Zygarde|57/100|[silent]
|upkeep
|turn|21
|
|t:|1636250665
|switch|p2a: Yveltal|Yveltal, shiny|45/100
|-ability|p2a: Yveltal|Dark Aura
|move|p1a: Ribombee|Aromatherapy|p1a: Ribombee
|-activate|p1a: Ribombee|move: Aromatherapy
|-curestatus|p1a: Ribombee|par|[msg]
|
|-heal|p2a: Yveltal|51/100|[from] item: Leftovers
|upkeep
|turn|22
|
|t:|1636250672
|move|p1a: Ribombee|Moonblast|p2a: Yveltal
|-supereffective|p2a: Yveltal
|-damage|p2a: Yveltal|5/100
|move|p2a: Yveltal|Defog|p1a: Ribombee
|-unboost|p1a: Ribombee|evasion|1
|-sideend|p2: FenixFyre04|Sticky Web|[from] move: Defog|[of] p2a: Yveltal
|
|-heal|p2a: Yveltal|11/100|[from] item: Leftovers
|upkeep
|turn|23
|
|t:|1636250700
|move|p1a: Ribombee|Sticky Web|p2a: Yveltal
|-sidestart|p2: FenixFyre04|move: Sticky Web
|move|p2a: Yveltal|Defog|p1a: Ribombee
|-unboost|p1a: Ribombee|evasion|1
|-sideend|p2: FenixFyre04|Sticky Web|[from] move: Defog|[of] p2a: Yveltal
|
|-heal|p2a: Yveltal|17/100|[from] item: Leftovers
|upkeep
|turn|24
|inactive|FenixFyre04 has 120 seconds left.
|
|t:|1636250744
|switch|p2a: Calyrex|Calyrex-Shadow|100/100
|-ability|p2a: Calyrex|As One
|-ability|p2a: Calyrex|Unnerve
|move|p1a: Ribombee|Sticky Web|p2a: Calyrex
|-sidestart|p2: FenixFyre04|move: Sticky Web
|
|upkeep
|turn|25
|
|t:|1636250751
|move|p2a: Calyrex|Astral Barrage|p1a: Ribombee
|-damage|p1a: Ribombee|0 fnt
|faint|p1a: Ribombee
|-ability|p2a: Calyrex|Grim Neigh|boost
|-boost|p2a: Calyrex|spa|1
|
|upkeep
|
|t:|1636250754
|switch|p1a: Marshadow|Marshadow|100/100
|turn|26
|
|t:|1636250759
|switch|p2a: Yveltal|Yveltal, shiny|17/100
|-ability|p2a: Yveltal|Dark Aura
|move|p1a: Marshadow|Rock Tomb|p2a: Yveltal
|-supereffective|p2a: Yveltal
|-damage|p2a: Yveltal|0 fnt
|faint|p2a: Yveltal
|
|upkeep
|
|t:|1636250763
|switch|p2a: Zygarde|Zygarde-Complete|57/100
|-activate|p2a: Zygarde|move: Sticky Web
|-unboost|p2a: Zygarde|spe|1
|turn|27
|
|t:|1636250768
|switch|p1a: Xerneas|Xerneas, shiny|100/100
|-ability|p1a: Xerneas|Fairy Aura
|move|p2a: Zygarde|Glare|p1a: Xerneas
|-status|p1a: Xerneas|par
|
|-heal|p2a: Zygarde|63/100|[from] item: Leftovers
|upkeep
|turn|28
|
|t:|1636250782
|switch|p2a: Zacian|Zacian-Crowned|100/100
|-activate|p2a: Zacian|move: Sticky Web
|-unboost|p2a: Zacian|spe|1
|-ability|p2a: Zacian|Intrepid Sword|boost
|-boost|p2a: Zacian|atk|1
|move|p1a: Xerneas|Moonblast|p2a: Zacian
|-resisted|p2a: Zacian
|-damage|p2a: Zacian|69/100
|-unboost|p2a: Zacian|spa|1
|
|upkeep
|turn|29
|inactive|FenixFyre04 has 120 seconds left.
|inactive|FenixFyre04 has 90 seconds left.
|
|t:|1636250845
|switch|p2a: Calyrex|Calyrex-Shadow|100/100
|-ability|p2a: Calyrex|As One
|-ability|p2a: Calyrex|Unnerve
|-activate|p2a: Calyrex|move: Sticky Web
|-unboost|p2a: Calyrex|spe|1
|move|p1a: Xerneas|Hidden Power|p2a: Calyrex
|-damage|p2a: Calyrex|78/100
|
|upkeep
|turn|30
|
|t:|1636250856
|move|p2a: Calyrex|Astral Barrage|p1a: Xerneas
|-damage|p1a: Xerneas|33/100 par
|move|p1a: Xerneas|Moonblast|p2a: Calyrex
|-damage|p2a: Calyrex|1/100
|
|upkeep
|turn|31
|
|t:|1636250864
|move|p2a: Calyrex|Astral Barrage|p1a: Xerneas
|-damage|p1a: Xerneas|0 fnt
|faint|p1a: Xerneas
|-ability|p2a: Calyrex|Grim Neigh|boost
|-boost|p2a: Calyrex|spa|1
|
|upkeep
|
|t:|1636250866
|switch|p1a: Marshadow|Marshadow|100/100
|turn|32
|
|t:|1636250887
|switch|p2a: Zygarde|Zygarde-Complete|63/100
|-activate|p2a: Zygarde|move: Sticky Web
|-unboost|p2a: Zygarde|spe|1
|-start|p1a: Marshadow|Dynamax
|-heal|p1a: Marshadow|100/100|[silent]
|move|p1a: Marshadow|Max Knuckle|p2a: Zygarde
|-damage|p2a: Zygarde|42/100
|-boost|p1a: Marshadow|atk|1
|
|-heal|p2a: Zygarde|48/100|[from] item: Leftovers
|upkeep
|turn|33
|inactive|FenixFyre04 has 90 seconds left.
|
|t:|1636250909
|move|p1a: Marshadow|Max Phantasm|p2a: Zygarde
|-damage|p2a: Zygarde|0 fnt
|faint|p2a: Zygarde
|
|upkeep
|inactive|FenixFyre04 has 90 seconds left.
|
|t:|1636250916
|switch|p2a: Calyrex|Calyrex-Shadow|1/100
|-ability|p2a: Calyrex|As One
|-ability|p2a: Calyrex|Unnerve
|-activate|p2a: Calyrex|move: Sticky Web
|-unboost|p2a: Calyrex|spe|1
|turn|34
|
|t:|1636250922
|move|p2a: Calyrex|Astral Barrage|p1a: Marshadow
|-supereffective|p1a: Marshadow
|-damage|p1a: Marshadow|13/100
|move|p1a: Marshadow|Max Phantasm|p2a: Calyrex
|-supereffective|p2a: Calyrex
|-damage|p2a: Calyrex|0 fnt
|faint|p2a: Calyrex
|
|-end|p1a: Marshadow|Dynamax
|-heal|p1a: Marshadow|13/100|[silent]
|upkeep
|
|t:|1636250926
|switch|p2a: Zacian|Zacian-Crowned|69/100
|-activate|p2a: Zacian|move: Sticky Web
|-unboost|p2a: Zacian|spe|1
|-ability|p2a: Zacian|Intrepid Sword|boost
|-boost|p2a: Zacian|atk|1
|turn|35
|
|t:|1636250929
|move|p1a: Marshadow|Spectral Thief||[still]
|-clearpositiveboost|p2a: Zacian|p1a: Marshadow|move: Spectral Thief
|-boost|p1a: Marshadow|atk|1
|-anim|p1a: Marshadow|Spectral Thief|p2a: Zacian
|-damage|p2a: Zacian|0 fnt
|faint|p2a: Zacian
|
|win|rowletroost
|raw|rowletroost's rating: 1615 &rarr; <strong>1643</strong><br />(+28 for winning)
|raw|FenixFyre04's rating: 1757 &rarr; <strong>1729</strong><br />(-28 for losing)
|l|☆FenixFyre04
