|j|☆TwentyTwan
|j|☆RGijsbers
|t:|1598466738
|player|p1|TwentyTwan|265|
|player|p2|RGijsbers|110|
|teamsize|p1|6
|teamsize|p2|6
|gametype|singles
|gen|8
|tier|[Gen 8] National Dex AG
|clearpoke
|poke|p1|Garchomp, M|
|poke|p1|Diancie|
|poke|p1|Corviknight, F|
|poke|p1|Amoonguss, F|
|poke|p1|Cinderace, M|
|poke|p1|Azelf|
|poke|p2|Arcanine, M|
|poke|p2|Gardevoir, F|
|poke|p2|Dragalge, M|
|poke|p2|Metagross|
|poke|p2|Xurkitree|
|poke|p2|Leafeon, F|
|rule|HP Percentage Mod: HP is shown in percentages
|rule|Endless Battle Clause: Forcing endless battles is banned
|teampreview
|j| Rashka99@!
|j| Tientje007
|j| Aerialbanana
|j| Curseroy1990
|j| Lucartes
|j| Reyggor
|c| Tientje007|Gg
|j| MeaTCaT
|c| Curseroy1990|Gl hf
|c| Tientje007|Gl hf*
|c| MeaTCaT|glhf
|c| Reyggor|glhf
|j| raiho_blackflame
|c| Aerialbanana|gl
|c| raiho_blackflame|gutentag
|c| raiho_blackflame|gl & hf
|c|☆TwentyTwan|Kunnen we starten
|c|☆TwentyTwan|?
|c| Lucartes|GLHF!
|n| Rashka99|rashka99
|c| Rashka99|ja :P
|
|t:|1598466857
|start
|switch|p1a: Azelf|Azelf|100/100
|switch|p2a: GamingPC|Metagross, shiny|100/100
|turn|1
|
|t:|1598466880
|move|p1a: Azelf|Taunt|p2a: GamingPC
|-start|p2a: GamingPC|move: Taunt
|cant|p2a: GamingPC|move: Taunt|Stealth Rock
|
|upkeep
|turn|2
|
|t:|1598466899
|switch|p2a: Powerplug|Xurkitree, shiny|100/100
|move|p1a: Azelf|Stealth Rock|p2a: Powerplug
|-sidestart|p2: RGijsbers|move: Stealth Rock
|
|upkeep
|turn|3
|j| Shinzaru
|j| NickePick
|
|t:|1598466910
|move|p2a: Powerplug|Thunderbolt|p1a: Azelf
|-damage|p1a: Azelf|9/100
|move|p1a: Azelf|Knock Off|p2a: Powerplug
|-damage|p2a: Powerplug|48/100
|-enditem|p2a: Powerplug|Choice Scarf|[from] move: Knock Off|[of] p1a: Azelf
|
|upkeep
|turn|4
|l| NickePick
|
|t:|1598466936
|switch|p2a: GamingPC|Metagross, shiny|100/100
|-damage|p2a: GamingPC|94/100|[from] Stealth Rock
|move|p1a: Azelf|Explosion|p2a: GamingPC
|-resisted|p2a: GamingPC
|-damage|p2a: GamingPC|63/100
|faint|p1a: Azelf
|
|-heal|p2a: GamingPC|69/100|[from] item: Leftovers
|upkeep
|
|t:|1598466946
|switch|p1a: Cinderace|Cinderace, M|100/100
|turn|5
|
|t:|1598466958
|switch|p2a: Best Boi|Arcanine, M|100/100
|-damage|p2a: Best Boi|75/100|[from] Stealth Rock
|-ability|p2a: Best Boi|Intimidate|boost
|-unboost|p1a: Cinderace|atk|1
|move|p1a: Cinderace|High Jump Kick|p2a: Best Boi
|-damage|p2a: Best Boi|38/100
|-damage|p1a: Cinderace|91/100|[from] item: Life Orb
|
|-heal|p2a: Best Boi|45/100|[from] item: Leftovers
|upkeep
|turn|6
|
|t:|1598466981
|move|p1a: Cinderace|U-turn|p2a: Best Boi
|-resisted|p2a: Best Boi
|-damage|p2a: Best Boi|35/100
|-damage|p1a: Cinderace|81/100|[from] item: Life Orb
|
|t:|1598466989
|switch|p1a: Garchomp|Garchomp, M, shiny|100/100|[from]move: U-turn
|move|p2a: Best Boi|Morning Sun|p2a: Best Boi
|-heal|p2a: Best Boi|85/100
|
|-heal|p2a: Best Boi|91/100|[from] item: Leftovers
|upkeep
|turn|7
|
|t:|1598467030
|switch|p2a: Green Glaceon|Leafeon, F, shiny|100/100
|-damage|p2a: Green Glaceon|88/100|[from] Stealth Rock
|move|p1a: Garchomp|Substitute|p1a: Garchomp
|-start|p1a: Garchomp|Substitute
|-damage|p1a: Garchomp|76/100
|
|-heal|p1a: Garchomp|82/100|[from] item: Leftovers
|-heal|p2a: Green Glaceon|94/100|[from] item: Leftovers
|upkeep
|turn|8
|
|t:|1598467046
|move|p1a: Garchomp|Swords Dance|p1a: Garchomp
|-boost|p1a: Garchomp|atk|2
|move|p2a: Green Glaceon|Swords Dance|p2a: Green Glaceon
|-boost|p2a: Green Glaceon|atk|2
|
|-heal|p1a: Garchomp|88/100|[from] item: Leftovers
|-heal|p2a: Green Glaceon|100/100|[from] item: Leftovers
|upkeep
|turn|9
|
|t:|1598467063
|move|p1a: Garchomp|Earthquake|p2a: Green Glaceon
|-resisted|p2a: Green Glaceon
|-damage|p2a: Green Glaceon|49/100
|move|p2a: Green Glaceon|Wish|p2a: Green Glaceon
|
|-heal|p1a: Garchomp|94/100|[from] item: Leftovers
|-heal|p2a: Green Glaceon|56/100|[from] item: Leftovers
|upkeep
|turn|10
|
|t:|1598467073
|move|p1a: Garchomp|Outrage|p2a: Green Glaceon
|-damage|p2a: Green Glaceon|0 fnt
|faint|p2a: Green Glaceon
|
|-heal|p1a: Garchomp|99/100|[from] item: Leftovers
|upkeep
|
|t:|1598467079
|switch|p2a: Trashwaifu|Gardevoir, F|100/100
|-damage|p2a: Trashwaifu|88/100|[from] Stealth Rock
|-ability|p2a: Trashwaifu|Rough Skin|[from] ability: Trace|[of] p1a: Garchomp
|turn|11
|
|t:|1598467089
|detailschange|p2a: Trashwaifu|Gardevoir-Mega, F
|-mega|p2a: Trashwaifu|Gardevoir|Gardevoirite
|move|p1a: Garchomp|Outrage|p2a: Trashwaifu|[from]lockedmove
|-immune|p2a: Trashwaifu
|-start|p1a: Garchomp|confusion|[fatigue]
|move|p2a: Trashwaifu|Moonblast|p1a: Garchomp
|-supereffective|p1a: Garchomp
|-end|p1a: Garchomp|Substitute
|
|-heal|p1a: Garchomp|100/100|[from] item: Leftovers
|upkeep
|turn|12
|
|t:|1598467116
|switch|p1a: Corviknight|Corviknight, F, shiny|100/100
|move|p2a: Trashwaifu|Moonblast|p1a: Corviknight
|-resisted|p1a: Corviknight
|-damage|p1a: Corviknight|80/100
|
|-heal|p1a: Corviknight|86/100|[from] item: Leftovers
|upkeep
|turn|13
|
|t:|1598467129
|switch|p2a: GamingPC|Metagross, shiny|69/100
|-damage|p2a: GamingPC|63/100|[from] Stealth Rock
|move|p1a: Corviknight|Bulk Up|p1a: Corviknight
|-boost|p1a: Corviknight|atk|1
|-boost|p1a: Corviknight|def|1
|
|-heal|p2a: GamingPC|69/100|[from] item: Leftovers
|-heal|p1a: Corviknight|92/100|[from] item: Leftovers
|upkeep
|turn|14
|
|t:|1598467140
|move|p2a: GamingPC|Stealth Rock|p1a: Corviknight
|-sidestart|p1: TwentyTwan|move: Stealth Rock
|move|p1a: Corviknight|Bulk Up|p1a: Corviknight
|-boost|p1a: Corviknight|atk|1
|-boost|p1a: Corviknight|def|1
|
|-heal|p2a: GamingPC|75/100|[from] item: Leftovers
|-heal|p1a: Corviknight|99/100|[from] item: Leftovers
|upkeep
|turn|15
|
|t:|1598467150
|move|p2a: GamingPC|Ice Punch|p1a: Corviknight
|-damage|p1a: Corviknight|88/100
|move|p1a: Corviknight|Bulk Up|p1a: Corviknight
|-boost|p1a: Corviknight|atk|1
|-boost|p1a: Corviknight|def|1
|
|-heal|p2a: GamingPC|81/100|[from] item: Leftovers
|-heal|p1a: Corviknight|94/100|[from] item: Leftovers
|upkeep
|turn|16
|
|t:|1598467174
|move|p2a: GamingPC|Ice Punch|p1a: Corviknight
|-damage|p1a: Corviknight|84/100
|move|p1a: Corviknight|Body Press|p2a: GamingPC
|-damage|p2a: GamingPC|40/100
|
|-heal|p2a: GamingPC|46/100|[from] item: Leftovers
|-heal|p1a: Corviknight|90/100|[from] item: Leftovers
|upkeep
|turn|17
|
|t:|1598467187
|move|p2a: GamingPC|Ice Punch|p1a: Corviknight
|-damage|p1a: Corviknight|81/100
|move|p1a: Corviknight|Body Press|p2a: GamingPC
|-damage|p2a: GamingPC|6/100
|
|-heal|p2a: GamingPC|12/100|[from] item: Leftovers
|-heal|p1a: Corviknight|87/100|[from] item: Leftovers
|upkeep
|turn|18
|
|t:|1598467216
|move|p2a: GamingPC|Ice Punch|p1a: Corviknight
|-damage|p1a: Corviknight|78/100
|move|p1a: Corviknight|Bulk Up|p1a: Corviknight
|-boost|p1a: Corviknight|atk|1
|-boost|p1a: Corviknight|def|1
|
|-heal|p2a: GamingPC|18/100|[from] item: Leftovers
|-heal|p1a: Corviknight|84/100|[from] item: Leftovers
|upkeep
|turn|19
|
|t:|1598467226
|move|p2a: GamingPC|Ice Punch|p1a: Corviknight
|-damage|p1a: Corviknight|76/100
|move|p1a: Corviknight|Bulk Up|p1a: Corviknight
|-boost|p1a: Corviknight|atk|1
|-boost|p1a: Corviknight|def|1
|
|-heal|p2a: GamingPC|24/100|[from] item: Leftovers
|-heal|p1a: Corviknight|82/100|[from] item: Leftovers
|upkeep
|turn|20
|
|t:|1598467238
|move|p2a: GamingPC|Ice Punch|p1a: Corviknight
|-damage|p1a: Corviknight|75/100
|move|p1a: Corviknight|Bulk Up|p1a: Corviknight
|-boost|p1a: Corviknight|atk|1
|-boost|p1a: Corviknight|def|1
|
|-heal|p2a: GamingPC|30/100|[from] item: Leftovers
|-heal|p1a: Corviknight|81/100|[from] item: Leftovers
|upkeep
|turn|21
|
|t:|1598467248
|move|p2a: GamingPC|Ice Punch|p1a: Corviknight
|-damage|p1a: Corviknight|75/100
|move|p1a: Corviknight|Defog|p2a: GamingPC
|-fail|p2a: GamingPC|unboost|[from] ability: Clear Body|[of] p2a: GamingPC
|-sideend|p2: RGijsbers|Stealth Rock|[from] move: Defog|[of] p1a: Corviknight
|-sideend|p1: TwentyTwan|Stealth Rock|[from] move: Defog|[of] p1a: Corviknight
|
|-heal|p2a: GamingPC|36/100|[from] item: Leftovers
|-heal|p1a: Corviknight|82/100|[from] item: Leftovers
|upkeep
|turn|22
|
|t:|1598467257
|move|p2a: GamingPC|Ice Punch|p1a: Corviknight
|-damage|p1a: Corviknight|76/100
|move|p1a: Corviknight|Body Press|p2a: GamingPC
|-damage|p2a: GamingPC|0 fnt
|faint|p2a: GamingPC
|
|-heal|p1a: Corviknight|82/100|[from] item: Leftovers
|upkeep
|
|t:|1598467268
|switch|p2a: Powerplug|Xurkitree, shiny|48/100
|turn|23
|
|t:|1598467275
|move|p2a: Powerplug|Thunderbolt|p1a: Corviknight
|-supereffective|p1a: Corviknight
|-damage|p1a: Corviknight|0 fnt
|faint|p1a: Corviknight
|-ability|p2a: Powerplug|Beast Boost|boost
|-boost|p2a: Powerplug|spa|1
|
|upkeep
|
|t:|1598467283
|switch|p1a: Diancie|Diancie|100/100
|turn|24
|
|t:|1598467290
|detailschange|p1a: Diancie|Diancie-Mega
|-mega|p1a: Diancie|Diancie|Diancite
|move|p1a: Diancie|Protect|p1a: Diancie
|-singleturn|p1a: Diancie|Protect
|move|p2a: Powerplug|Energy Ball|p1a: Diancie
|-activate|p1a: Diancie|move: Protect
|
|upkeep
|turn|25
|c|☆TwentyTwan|Ken heel da ding nie
|
|t:|1598467299
|move|p1a: Diancie|Earth Power|p2a: Powerplug
|-supereffective|p2a: Powerplug
|-damage|p2a: Powerplug|0 fnt
|faint|p2a: Powerplug
|
|upkeep
|
|t:|1598467304
|switch|p2a: Seahorse|Dragalge, M|100/100
|turn|26
|
|t:|1598467310
|move|p1a: Diancie|Moonblast|p2a: Seahorse
|-damage|p2a: Seahorse|48/100
|move|p2a: Seahorse|Sludge Wave|p1a: Diancie
|-damage|p1a: Diancie|16/100
|
|-heal|p2a: Seahorse|55/100|[from] item: Leftovers
|upkeep
|turn|27
|
|t:|1598467319
|move|p1a: Diancie|Moonblast|p2a: Seahorse
|-crit|p2a: Seahorse
|-damage|p2a: Seahorse|0 fnt
|faint|p2a: Seahorse
|
|upkeep
|
|t:|1598467327
|switch|p2a: Best Boi|Arcanine, M|91/100
|-ability|p2a: Best Boi|Intimidate|boost
|-unboost|p1a: Diancie|atk|1
|turn|28
|
|t:|1598467331
|move|p2a: Best Boi|Extreme Speed|p1a: Diancie
|-resisted|p1a: Diancie
|-damage|p1a: Diancie|0 fnt
|faint|p1a: Diancie
|
|-heal|p2a: Best Boi|97/100|[from] item: Leftovers
|upkeep
|
|t:|1598467338
|switch|p1a: Garchomp|Garchomp, M, shiny|100/100
|turn|29
|
|t:|1598467388
|move|p1a: Garchomp|Earthquake|p2a: Best Boi
|-supereffective|p2a: Best Boi
|-damage|p2a: Best Boi|0 fnt
|faint|p2a: Best Boi
|
|upkeep
|
|t:|1598467402
|switch|p2a: Trashwaifu|Gardevoir-Mega, F|88/100
|turn|30
|
|t:|1598467406
|move|p1a: Garchomp|Earthquake|p2a: Trashwaifu
|-damage|p2a: Trashwaifu|0 fnt
|faint|p2a: Trashwaifu
|
|win|TwentyTwan
|c| Lucartes|GG!
|c| Tientje007|gg
|c| Aerialbanana|gg
|c|☆TwentyTwan|GG
|c| Curseroy1990|gg
|l| Rashka99
|c| MeaTCaT|gg
|c| raiho_blackflame|gg
|l| Reyggor
|l| Lucartes
|l| Tientje007
