|j|☆ThievesBoom
|j|☆Nobodi_Nowan
|t:|1667333915
|gametype|singles
|player|p1|ThievesBoom|102|1720
|player|p2|Nobodi_Nowan|akari|1955
|teamsize|p1|6
|teamsize|p2|6
|gen|8
|tier|[Gen 8] National Dex AG
|rated|
|rule|HP Percentage Mod: HP is shown in percentages
|rule|Endless Battle Clause: Forcing endless battles is banned
|clearpoke
|poke|p1|Yveltal|
|poke|p1|Shedinja|
|poke|p1|Magearna|
|poke|p1|Arceus-*|
|poke|p1|Arceus-*|
|poke|p1|Arceus-*|
|poke|p2|Forretress, F|
|poke|p2|Arceus-*|
|poke|p2|Kyogre|
|poke|p2|Calyrex-Shadow|
|poke|p2|Zacian-*|
|poke|p2|Rayquaza|
|teampreview
|
|t:|1667333973
|start
|switch|p1a: Arceus|Arceus-Flying|100/100
|switch|p2a: Zacian|Zacian-Crowned, shiny|100/100
|-ability|p2a: Zacian|Intrepid Sword|boost
|-boost|p2a: Zacian|atk|1
|turn|1
|inactive|Battle timer is ON: inactive players will automatically lose when time's up. (requested by ThievesBoom)
|inactive|Nobodi_Nowan has 120 seconds left.
|inactive|Nobodi_Nowan has 90 seconds left.
|
|t:|1667334055
|switch|p1a: Shedinja|Shedinja|100/100
|move|p2a: Zacian|Behemoth Blade|p1a: Shedinja
|-immune|p1a: Shedinja|[from] ability: Wonder Guard
|
|upkeep
|turn|2
|
|t:|1667334084
|switch|p2a: Forretress|Forretress, F|100/100
|switch|p1a: Arceus|Arceus-Ground|100/100
|
|upkeep
|turn|3
|
|t:|1667334094
|move|p1a: Arceus|Judgment|p2a: Forretress
|-damage|p2a: Forretress|33/100
|move|p2a: Forretress|Stealth Rock|p1a: Arceus
|-sidestart|p1: ThievesBoom|move: Stealth Rock
|
|-heal|p2a: Forretress|39/100|[from] item: Leftovers
|upkeep
|turn|4
|
|t:|1667334101
|move|p1a: Arceus|Judgment|p2a: Forretress
|-damage|p2a: Forretress|0 fnt
|faint|p2a: Forretress
|
|upkeep
|
|t:|1667334106
|switch|p2a: Kyogre|Kyogre|100/100
|detailschange|p2a: Kyogre|Kyogre-Primal
|-primal|p2a: Kyogre
|-weather|PrimordialSea|[from] ability: Primordial Sea|[of] p2a: Kyogre
|turn|5
|
|t:|1667334111
|switch|p1a: Shedinja|Shedinja|100/100
|move|p2a: Kyogre|Water Spout|p1a: Shedinja
|-immune|p1a: Shedinja|[from] ability: Wonder Guard
|
|-weather|PrimordialSea|[upkeep]
|upkeep
|turn|6
|
|t:|1667334121
|-weather|none
|switch|p2a: Arceus|Arceus|100/100
|switch|p1a: Yveltal|Yveltal|100/100
|-ability|p1a: Yveltal|Dark Aura
|
|upkeep
|turn|7
|
|t:|1667334128
|move|p2a: Arceus|Swords Dance|p2a: Arceus
|-boost|p2a: Arceus|atk|2
|move|p1a: Yveltal|Defog|p2a: Arceus
|-unboost|p2a: Arceus|evasion|1
|-sideend|p1: ThievesBoom|Stealth Rock|[from] move: Defog|[of] p1a: Yveltal
|
|upkeep
|turn|8
|
|t:|1667334135
|-start|p2a: Arceus|Dynamax|
|-heal|p2a: Arceus|100/100|[silent]
|move|p2a: Arceus|Max Strike|p1a: Yveltal
|-damage|p1a: Yveltal|0 fnt
|faint|p1a: Yveltal
|
|upkeep
|
|t:|1667334141
|switch|p1a: Arceus|Arceus-Ground|100/100
|turn|9
|
|t:|1667334144
|move|p1a: Arceus|Will-O-Wisp|p2a: Arceus
|-status|p2a: Arceus|brn
|-enditem|p2a: Arceus|Lum Berry|[eat]
|-curestatus|p2a: Arceus|brn|[msg]
|move|p2a: Arceus|Max Phantasm|p1a: Arceus
|-damage|p1a: Arceus|57/100
|-unboost|p1a: Arceus|def|1
|
|upkeep
|turn|10
|
|t:|1667334155
|move|p2a: Arceus|Max Guard|p2a: Arceus
|-singleturn|p2a: Arceus|Max Guard
|move|p1a: Arceus|Will-O-Wisp|p2a: Arceus
|-activate|p2a: Arceus|move: Max Guard
|
|upkeep
|-end|p2a: Arceus|Dynamax
|-heal|p2a: Arceus|100/100|[silent]
|turn|11
|
|t:|1667334160
|switch|p1a: Magearna|Magearna|100/100
|move|p2a: Arceus|Extreme Speed|p1a: Magearna
|-resisted|p1a: Magearna
|-damage|p1a: Magearna|65/100
|
|upkeep
|turn|12
|
|t:|1667334166
|move|p2a: Arceus|Shadow Claw|p1a: Magearna
|-damage|p1a: Magearna|27/100
|move|p1a: Magearna|Heart Swap|p2a: Arceus
|-swapboost|p1a: Magearna|p2a: Arceus|[from] move: Heart Swap
|
|upkeep
|turn|13
|
|t:|1667334174
|move|p2a: Arceus|Shadow Claw|p1a: Magearna
|-crit|p1a: Magearna
|-damage|p1a: Magearna|0 fnt
|faint|p1a: Magearna
|
|upkeep
|
|t:|1667334179
|switch|p1a: Arceus|Arceus-Ground|57/100
|turn|14
|
|t:|1667334183
|switch|p2a: Kyogre|Kyogre-Primal|100/100
|-weather|PrimordialSea|[from] ability: Primordial Sea|[of] p2a: Kyogre
|move|p1a: Arceus|Recover|p1a: Arceus
|-heal|p1a: Arceus|100/100
|
|-weather|PrimordialSea|[upkeep]
|upkeep
|turn|15
|
|t:|1667334193
|-weather|none
|switch|p2a: Rayquaza|Rayquaza|100/100
|-ability|p2a: Rayquaza|Air Lock
|move|p1a: Arceus|Will-O-Wisp|p2a: Rayquaza
|-status|p2a: Rayquaza|brn
|
|-damage|p2a: Rayquaza|95/100 brn|[from] brn
|upkeep
|turn|16
|
|t:|1667334203
|detailschange|p2a: Rayquaza|Rayquaza-Mega
|-mega|p2a: Rayquaza|Rayquaza|
|-weather|DeltaStream|[from] ability: Delta Stream|[of] p2a: Rayquaza
|move|p2a: Rayquaza|Surf|p1a: Arceus
|-supereffective|p1a: Arceus
|-damage|p1a: Arceus|58/100
|move|p1a: Arceus|Ice Beam|p2a: Rayquaza
|-activate||deltastream
|-supereffective|p2a: Rayquaza
|-damage|p2a: Rayquaza|46/100 brn
|
|-weather|DeltaStream|[upkeep]
|-damage|p2a: Rayquaza|40/100 brn|[from] brn
|upkeep
|turn|17
|
|t:|1667334214
|-weather|none
|switch|p2a: Kyogre|Kyogre-Primal|100/100
|-weather|PrimordialSea|[from] ability: Primordial Sea|[of] p2a: Kyogre
|move|p1a: Arceus|Recover|p1a: Arceus
|-heal|p1a: Arceus|100/100
|
|-weather|PrimordialSea|[upkeep]
|upkeep
|turn|18
|
|t:|1667334224
|-weather|none
|switch|p2a: Rayquaza|Rayquaza-Mega|40/100 brn
|-weather|DeltaStream|[from] ability: Delta Stream|[of] p2a: Rayquaza
|switch|p1a: Shedinja|Shedinja|100/100
|
|-weather|DeltaStream|[upkeep]
|-damage|p2a: Rayquaza|34/100 brn|[from] brn
|upkeep
|turn|19
|
|t:|1667334233
|switch|p1a: Arceus|Arceus-Ground|100/100
|move|p2a: Rayquaza|Dragon Ascent|p1a: Arceus
|-damage|p1a: Arceus|80/100
|-unboost|p2a: Rayquaza|def|1
|-unboost|p2a: Rayquaza|spd|1
|
|-weather|DeltaStream|[upkeep]
|-damage|p2a: Rayquaza|28/100 brn|[from] brn
|upkeep
|turn|20
|
|t:|1667334244
|-weather|none
|switch|p2a: Kyogre|Kyogre-Primal|100/100
|-weather|PrimordialSea|[from] ability: Primordial Sea|[of] p2a: Kyogre
|move|p1a: Arceus|Recover|p1a: Arceus
|-heal|p1a: Arceus|100/100
|
|-weather|PrimordialSea|[upkeep]
|upkeep
|turn|21
|
|t:|1667334251
|-weather|none
|switch|p2a: Calyrex|Calyrex-Shadow|100/100
|-ability|p2a: Calyrex|As One
|-ability|p2a: Calyrex|Unnerve
|switch|p1a: Shedinja|Shedinja|100/100
|
|upkeep
|turn|22
|
|t:|1667334260
|switch|p1a: Arceus|Arceus|100/100
|move|p2a: Calyrex|Astral Barrage|p1a: Arceus
|-immune|p1a: Arceus
|
|upkeep
|turn|23
|
|t:|1667334270
|switch|p2a: Rayquaza|Rayquaza-Mega|28/100 brn
|-weather|DeltaStream|[from] ability: Delta Stream|[of] p2a: Rayquaza
|move|p1a: Arceus|Shadow Claw|p2a: Rayquaza
|-damage|p2a: Rayquaza|2/100 brn
|
|-weather|DeltaStream|[upkeep]
|-damage|p2a: Rayquaza|0 fnt|[from] brn
|faint|p2a: Rayquaza
|-weather|none
|upkeep
|
|t:|1667334282
|switch|p2a: Arceus|Arceus|100/100
|turn|24
|
|t:|1667334286
|move|p1a: Arceus|Swords Dance|p1a: Arceus
|-boost|p1a: Arceus|atk|2
|move|p2a: Arceus|Swords Dance|p2a: Arceus
|-boost|p2a: Arceus|atk|2
|
|upkeep
|turn|25
|
|t:|1667334292
|switch|p2a: Calyrex|Calyrex-Shadow|100/100
|-ability|p2a: Calyrex|As One
|-ability|p2a: Calyrex|Unnerve
|-start|p1a: Arceus|Dynamax|
|-heal|p1a: Arceus|100/100|[silent]
|move|p1a: Arceus|Max Strike|p2a: Calyrex
|-immune|p2a: Calyrex
|
|upkeep
|turn|26
|
|t:|1667334303
|switch|p2a: Arceus|Arceus|100/100
|move|p1a: Arceus|Max Phantasm|p2a: Arceus
|-immune|p2a: Arceus
|
|upkeep
|turn|27
|
|t:|1667334309
|move|p1a: Arceus|Max Strike|p2a: Arceus
|-damage|p2a: Arceus|4/100
|-unboost|p2a: Arceus|spe|1
|move|p2a: Arceus|Swords Dance|p2a: Arceus
|-boost|p2a: Arceus|atk|2
|
|upkeep
|-end|p1a: Arceus|Dynamax
|-heal|p1a: Arceus|100/100|[silent]
|turn|28
|
|t:|1667334322
|move|p1a: Arceus|Extreme Speed|p2a: Arceus
|-damage|p2a: Arceus|0 fnt
|faint|p2a: Arceus
|
|upkeep
|
|t:|1667334326
|switch|p2a: Zacian|Zacian-Crowned, shiny|100/100
|-ability|p2a: Zacian|Intrepid Sword|boost
|-boost|p2a: Zacian|atk|1
|turn|29
|
|t:|1667334330
|switch|p2a: Calyrex|Calyrex-Shadow|100/100
|-ability|p2a: Calyrex|As One
|-ability|p2a: Calyrex|Unnerve
|switch|p1a: Shedinja|Shedinja|100/100
|
|upkeep
|turn|30
|
|t:|1667334338
|switch|p1a: Arceus|Arceus-Flying|100/100
|move|p2a: Calyrex|Trick||[still]
|-fail|p2a: Calyrex
|
|upkeep
|turn|31
|
|t:|1667334344
|switch|p2a: Kyogre|Kyogre-Primal|100/100
|-weather|PrimordialSea|[from] ability: Primordial Sea|[of] p2a: Kyogre
|move|p1a: Arceus|Judgment|p2a: Kyogre
|-damage|p2a: Kyogre|70/100
|
|-weather|PrimordialSea|[upkeep]
|upkeep
|turn|32
|
|t:|1667334352
|switch|p1a: Shedinja|Shedinja|100/100
|-weather|none
|switch|p2a: Calyrex|Calyrex-Shadow|100/100
|-ability|p2a: Calyrex|As One
|-ability|p2a: Calyrex|Unnerve
|
|upkeep
|turn|33
|
|t:|1667334360
|switch|p1a: Arceus|Arceus|100/100
|move|p2a: Calyrex|Psyshock|p1a: Arceus
|-damage|p1a: Arceus|67/100
|
|upkeep
|turn|34
|
|t:|1667334365
|move|p2a: Calyrex|Psyshock|p1a: Arceus
|-damage|p1a: Arceus|35/100
|move|p1a: Arceus|Stealth Rock|p2a: Calyrex
|-sidestart|p2: Nobodi_Nowan|move: Stealth Rock
|
|upkeep
|turn|35
|
|t:|1667334376
|switch|p2a: Zacian|Zacian-Crowned, shiny|100/100
|-damage|p2a: Zacian|94/100|[from] Stealth Rock
|-ability|p2a: Zacian|Intrepid Sword|boost
|-boost|p2a: Zacian|atk|1
|switch|p1a: Shedinja|Shedinja|100/100
|
|upkeep
|turn|36
|
|t:|1667334388
|switch|p2a: Kyogre|Kyogre-Primal|70/100
|-damage|p2a: Kyogre|58/100|[from] Stealth Rock
|-weather|PrimordialSea|[from] ability: Primordial Sea|[of] p2a: Kyogre
|move|p1a: Shedinja|Poltergeist|p2a: Kyogre
|-activate|p2a: Kyogre|move: Poltergeist|Blue Orb
|-damage|p2a: Kyogre|7/100
|
|-weather|PrimordialSea|[upkeep]
|upkeep
|turn|37
|
|t:|1667334397
|move|p1a: Shedinja|Sucker Punch|p2a: Kyogre
|-damage|p2a: Kyogre|0 fnt
|faint|p2a: Kyogre
|-weather|none
|
|upkeep
|
|t:|1667334402
|switch|p2a: Calyrex|Calyrex-Shadow|100/100
|-ability|p2a: Calyrex|As One
|-ability|p2a: Calyrex|Unnerve
|-damage|p2a: Calyrex|88/100|[from] Stealth Rock
|turn|38
|
|t:|1667334408
|switch|p1a: Arceus|Arceus-Flying|100/100
|move|p2a: Calyrex|Astral Barrage|p1a: Arceus
|-damage|p1a: Arceus|55/100
|
|upkeep
|turn|39
|
|t:|1667334416
|switch|p2a: Zacian|Zacian-Crowned, shiny|94/100
|-damage|p2a: Zacian|88/100|[from] Stealth Rock
|-ability|p2a: Zacian|Intrepid Sword|boost
|-boost|p2a: Zacian|atk|1
|switch|p1a: Arceus|Arceus|35/100
|
|upkeep
|turn|40
|
|t:|1667334425
|switch|p2a: Calyrex|Calyrex-Shadow|88/100
|-ability|p2a: Calyrex|As One
|-ability|p2a: Calyrex|Unnerve
|-damage|p2a: Calyrex|76/100|[from] Stealth Rock
|switch|p1a: Shedinja|Shedinja|100/100
|
|upkeep
|turn|41
|
|t:|1667334436
|switch|p1a: Arceus|Arceus-Flying|55/100
|move|p2a: Calyrex|Psyshock|p1a: Arceus
|-damage|p1a: Arceus|30/100
|
|upkeep
|turn|42
|
|t:|1667334446
|move|p2a: Calyrex|Psyshock|p1a: Arceus
|-damage|p1a: Arceus|6/100
|move|p1a: Arceus|Recover|p1a: Arceus
|-heal|p1a: Arceus|56/100
|
|upkeep
|turn|43
|
|t:|1667334451
|switch|p2a: Zacian|Zacian-Crowned, shiny|88/100
|-damage|p2a: Zacian|82/100|[from] Stealth Rock
|-ability|p2a: Zacian|Intrepid Sword|boost
|-boost|p2a: Zacian|atk|1
|switch|p1a: Shedinja|Shedinja|100/100
|
|upkeep
|turn|44
|
|t:|1667334461
|move|p2a: Zacian|Behemoth Blade|p1a: Shedinja
|-immune|p1a: Shedinja|[from] ability: Wonder Guard
|move|p1a: Shedinja|Poltergeist|p2a: Zacian
|-activate|p2a: Zacian|move: Poltergeist|Rusted Sword
|-damage|p2a: Zacian|42/100
|
|upkeep
|turn|45
|
|t:|1667334469
|move|p2a: Zacian|Wild Charge|p1a: Shedinja
|-immune|p1a: Shedinja|[from] ability: Wonder Guard
|move|p1a: Shedinja|Will-O-Wisp|p2a: Zacian
|-status|p2a: Zacian|brn
|
|-damage|p2a: Zacian|36/100 brn|[from] brn
|upkeep
|turn|46
|
|t:|1667334476
|switch|p2a: Calyrex|Calyrex-Shadow|76/100
|-ability|p2a: Calyrex|As One
|-ability|p2a: Calyrex|Unnerve
|-damage|p2a: Calyrex|64/100|[from] Stealth Rock
|move|p1a: Shedinja|Poltergeist|p2a: Calyrex|[miss]
|-miss|p1a: Shedinja|p2a: Calyrex
|
|upkeep
|turn|47
|
|t:|1667334487
|move|p1a: Shedinja|Sucker Punch|p2a: Calyrex
|-supereffective|p2a: Calyrex
|-damage|p2a: Calyrex|0 fnt
|faint|p2a: Calyrex
|
|upkeep
|c|☆Nobodi_Nowan|gg
|-message|Nobodi_Nowan forfeited.
|
|win|ThievesBoom
|raw|ThievesBoom's rating: 1720 &rarr; <strong>1752</strong><br />(+32 for winning)
|raw|Nobodi_Nowan's rating: 1955 &rarr; <strong>1923</strong><br />(-32 for losing)
|c|☆ThievesBoom|gg
|l|☆Nobodi_Nowan
||Ladder isn't responding, score probably updated but might not have (Request timeout).
