|j|☆daehyung
|j|☆NykterStein
|t:|1665233068
|gametype|singles
|player|p1|daehyung|n|1465
|player|p2|NykterStein|lady|1476
|teamsize|p1|6
|teamsize|p2|6
|gen|8
|tier|[Gen 8] National Dex AG
|rated|
|rule|HP Percentage Mod: HP is shown in percentages
|rule|Endless Battle Clause: Forcing endless battles is banned
|clearpoke
|poke|p1|Zacian-*|
|poke|p1|Calyrex-Shadow|
|poke|p1|Arceus-*|
|poke|p1|Eternatus|
|poke|p1|Rayquaza|
|poke|p1|Ditto|
|poke|p2|Arceus-*|
|poke|p2|Smeargle, M|
|poke|p2|Arceus-*|
|poke|p2|Rayquaza|
|poke|p2|Kyogre|
|poke|p2|Necrozma-Dusk-Mane|
|teampreview
|inactive|Battle timer is ON: inactive players will automatically lose when time's up. (requested by NykterStein)
|
|t:|1665233078
|start
|switch|p1a: Eternatus|Eternatus|100/100
|switch|p2a: Smeargle|Smeargle, M|100/100
|-ability|p1a: Eternatus|Pressure
|turn|1
|
|t:|1665233088
|move|p1a: Eternatus|Toxic Spikes|p2a: Smeargle
|-sidestart|p2: NykterStein|move: Toxic Spikes
|move|p2a: Smeargle|Sticky Web|p1a: Eternatus
|-sidestart|p1: daehyung|move: Sticky Web
|
|upkeep
|turn|2
|
|t:|1665233094
|move|p1a: Eternatus|Dynamax Cannon|p2a: Smeargle
|-enditem|p2a: Smeargle|Focus Sash
|-damage|p2a: Smeargle|1/100
|-damage|p1a: Eternatus|91/100|[from] item: Life Orb
|move|p2a: Smeargle|Nuzzle|p1a: Eternatus
|-resisted|p1a: Eternatus
|-damage|p1a: Eternatus|90/100
|-status|p1a: Eternatus|par
|
|upkeep
|turn|3
|
|t:|1665233106
|move|p1a: Eternatus|Dynamax Cannon|p2a: Smeargle
|-crit|p2a: Smeargle
|-damage|p2a: Smeargle|0 fnt
|faint|p2a: Smeargle
|-damage|p1a: Eternatus|80/100 par|[from] item: Life Orb
|
|upkeep
|
|t:|1665233127
|switch|p2a: Necrozma|Necrozma-Dusk-Mane|100/100
|turn|4
|inactive|NykterStein has 120 seconds left.
|
|t:|1665233147
|detailschange|p2a: Necrozma|Necrozma-Ultra
|-burst|p2a: Necrozma|Necrozma|Ultranecrozium Z
|move|p2a: Necrozma|Photon Geyser|p1a: Eternatus
|-supereffective|p1a: Eternatus
|-damage|p1a: Eternatus|0 fnt
|faint|p1a: Eternatus
|
|upkeep
|
|t:|1665233158
|switch|p1a: Zacian|Zacian-Crowned|100/100
|-activate|p1a: Zacian|move: Sticky Web
|-unboost|p1a: Zacian|spe|1
|-ability|p1a: Zacian|Intrepid Sword|boost
|-boost|p1a: Zacian|atk|1
|turn|5
|
|t:|1665233166
|move|p2a: Necrozma|Heat Wave|p1a: Zacian
|-supereffective|p1a: Zacian
|-damage|p1a: Zacian|1/100
|move|p1a: Zacian|Play Rough|p2a: Necrozma
|-supereffective|p2a: Necrozma
|-damage|p2a: Necrozma|0 fnt
|faint|p2a: Necrozma
|
|upkeep
|
|t:|1665233174
|switch|p2a: Rayquaza|Rayquaza|100/100
|-ability|p2a: Rayquaza|Air Lock
|turn|6
|
|t:|1665233180
|detailschange|p2a: Rayquaza|Rayquaza-Mega
|-mega|p2a: Rayquaza|Rayquaza|
|-weather|DeltaStream|[from] ability: Delta Stream|[of] p2a: Rayquaza
|move|p2a: Rayquaza|Extreme Speed|p1a: Zacian
|-resisted|p1a: Zacian
|-damage|p1a: Zacian|0 fnt
|faint|p1a: Zacian
|-damage|p2a: Rayquaza|91/100|[from] item: Life Orb
|
|-weather|DeltaStream|[upkeep]
|upkeep
|
|t:|1665233192
|switch|p1a: Ditto|Ditto, shiny|100/100
|-activate|p1a: Ditto|move: Sticky Web
|-unboost|p1a: Ditto|spe|1
|-transform|p1a: Ditto|p2a: Rayquaza|[from] ability: Imposter
|turn|7
|
|t:|1665233200
|move|p1a: Ditto|Dragon Ascent|p2a: Rayquaza
|-damage|p2a: Rayquaza|7/100
|-unboost|p1a: Ditto|def|1
|-unboost|p1a: Ditto|spd|1
|move|p2a: Rayquaza|Dragon Ascent|p1a: Ditto
|-damage|p1a: Ditto|0 fnt
|-unboost|p2a: Rayquaza|def|1
|-unboost|p2a: Rayquaza|spd|1
|faint|p1a: Ditto
|-damage|p2a: Rayquaza|0 fnt|[from] item: Life Orb
|faint|p2a: Rayquaza
|-weather|none
|
|upkeep
|
|t:|1665233222
|switch|p2a: Kyogre|Kyogre|100/100
|switch|p1a: Rayquaza|Rayquaza|100/100
|-ability|p1a: Rayquaza|Air Lock
|-status|p2a: Kyogre|psn
|detailschange|p2a: Kyogre|Kyogre-Primal
|-primal|p2a: Kyogre
|-weather|PrimordialSea|[from] ability: Primordial Sea|[of] p2a: Kyogre
|turn|8
|
|t:|1665233233
|detailschange|p1a: Rayquaza|Rayquaza-Mega
|-mega|p1a: Rayquaza|Rayquaza|
|-weather|DeltaStream|[from] ability: Delta Stream|[of] p1a: Rayquaza
|move|p1a: Rayquaza|Dragon Dance|p1a: Rayquaza
|-boost|p1a: Rayquaza|atk|1
|-boost|p1a: Rayquaza|spe|1
|move|p2a: Kyogre|Ice Beam|p1a: Rayquaza
|-activate||deltastream
|-supereffective|p1a: Rayquaza
|-damage|p1a: Rayquaza|24/100
|-enditem|p1a: Rayquaza|Weakness Policy
|-boost|p1a: Rayquaza|atk|2|[from] item: Weakness Policy
|-boost|p1a: Rayquaza|spa|2|[from] item: Weakness Policy
|
|-weather|DeltaStream|[upkeep]
|-damage|p2a: Kyogre|88/100 psn|[from] psn
|upkeep
|turn|9
|
|t:|1665233246
|move|p1a: Rayquaza|Dragon Ascent|p2a: Kyogre
|-damage|p2a: Kyogre|0 fnt
|-unboost|p1a: Rayquaza|def|1
|-unboost|p1a: Rayquaza|spd|1
|faint|p2a: Kyogre
|
|-weather|DeltaStream|[upkeep]
|upkeep
|
|t:|1665233255
|switch|p2a: Arceus|Arceus|100/100
|-status|p2a: Arceus|psn
|turn|10
|
|t:|1665233267
|-start|p2a: Arceus|Dynamax|
|-heal|p2a: Arceus|100/100 psn|[silent]
|move|p1a: Rayquaza|Extreme Speed|p2a: Arceus
|-damage|p2a: Arceus|65/100 psn
|move|p2a: Arceus|Max Strike|p1a: Rayquaza
|-crit|p1a: Rayquaza
|-damage|p1a: Rayquaza|0 fnt
|faint|p1a: Rayquaza
|-weather|none
|-damage|p2a: Arceus|60/100 psn|[from] item: Life Orb
|
|-damage|p2a: Arceus|54/100 psn|[from] psn
|upkeep
|
|t:|1665233288
|switch|p1a: Arceus|Arceus-Dark|100/100
|-activate|p1a: Arceus|move: Sticky Web
|-unboost|p1a: Arceus|spe|1
|turn|11
|
|t:|1665233297
|move|p2a: Arceus|Max Strike|p1a: Arceus
|-damage|p1a: Arceus|32/100
|-unboost|p1a: Arceus|spe|1
|-damage|p2a: Arceus|49/100 psn|[from] item: Life Orb
|move|p1a: Arceus|Judgment|p2a: Arceus
|-damage|p2a: Arceus|25/100 psn
|
|-damage|p2a: Arceus|19/100 psn|[from] psn
|upkeep
|turn|12
|
|t:|1665233307
|move|p1a: Arceus|Extreme Speed|p2a: Arceus
|-damage|p2a: Arceus|12/100 psn
|move|p2a: Arceus|Max Strike|p1a: Arceus
|-damage|p1a: Arceus|0 fnt
|faint|p1a: Arceus
|-damage|p2a: Arceus|7/100 psn|[from] item: Life Orb
|
|-damage|p2a: Arceus|0 fnt|[from] psn
|faint|p2a: Arceus
|upkeep
|
|t:|1665233318
|switch|p1a: Calyrex|Calyrex-Shadow|100/100
|switch|p2a: Arceus|Arceus-Ghost|100/100
|-ability|p1a: Calyrex|As One
|-ability|p1a: Calyrex|Unnerve
|-activate|p1a: Calyrex|move: Sticky Web
|-unboost|p1a: Calyrex|spe|1
|-status|p2a: Arceus|psn
|turn|13
|
|t:|1665233330
|-start|p1a: Calyrex|Dynamax|
|-heal|p1a: Calyrex|100/100|[silent]
|move|p2a: Arceus|Shadow Force||[still]
|-prepare|p2a: Arceus|Shadow Force
|move|p1a: Calyrex|Max Phantasm|p2a: Arceus|[miss]
|-miss|p1a: Calyrex|p2a: Arceus
|
|-damage|p2a: Arceus|88/100 psn|[from] psn
|upkeep
|turn|14
|
|t:|1665233342
|move|p1a: Calyrex|Max Guard|p1a: Calyrex
|-singleturn|p1a: Calyrex|Max Guard
|move|p2a: Arceus|Shadow Force|p1a: Calyrex|[from]lockedmove
|-activate|p1a: Calyrex|move: Max Guard
|
|-damage|p2a: Arceus|76/100 psn|[from] psn
|upkeep
|turn|15
|
|t:|1665233349
|move|p2a: Arceus|Shadow Force||[still]
|-prepare|p2a: Arceus|Shadow Force
|move|p1a: Calyrex|Max Phantasm|p2a: Arceus|[miss]
|-miss|p1a: Calyrex|p2a: Arceus
|
|-damage|p2a: Arceus|64/100 psn|[from] psn
|upkeep
|-end|p1a: Calyrex|Dynamax
|-heal|p1a: Calyrex|100/100|[silent]
|turn|16
|
|t:|1665233359
|move|p2a: Arceus|Shadow Force|p1a: Calyrex|[from]lockedmove
|-supereffective|p1a: Calyrex
|-enditem|p1a: Calyrex|Focus Sash
|-damage|p1a: Calyrex|1/100
|move|p1a: Calyrex|Astral Barrage|p2a: Arceus
|-supereffective|p2a: Arceus
|-damage|p2a: Arceus|0 fnt
|faint|p2a: Arceus
|
|win|daehyung
|raw|daehyung's rating: 1465 &rarr; <strong>1486</strong><br />(+21 for winning)
|raw|NykterStein's rating: 1476 &rarr; <strong>1455</strong><br />(-21 for losing)
|l|☆NykterStein
|c|☆daehyung|gg
||Ladder isn't responding, score probably updated but might not have (Request timeout).
