|j|☆Glaliegoesboom ❤
|j|☆starkorea74
|t:|1641337851
|gametype|singles
|player|p1|Glaliegoesboom ❤|wulfric|1708
|player|p2|starkorea74|2|1923
|teamsize|p1|6
|teamsize|p2|6
|gen|8
|tier|[Gen 8] National Dex AG
|rated|
|rule|HP Percentage Mod: HP is shown in percentages
|rule|Endless Battle Clause: Forcing endless battles is banned
|clearpoke
|poke|p1|Excadrill, F|
|poke|p1|Calyrex-Shadow|
|poke|p1|Zacian-*|
|poke|p1|Yveltal|
|poke|p1|Necrozma-Dusk-Mane|
|poke|p1|Salamence, M|
|poke|p2|Calyrex-Shadow|
|poke|p2|Rayquaza|
|poke|p2|Arceus-*|
|poke|p2|Ho-Oh|
|poke|p2|Necrozma-Dusk-Mane|
|poke|p2|Yveltal|
|teampreview
|inactive|Battle timer is ON: inactive players will automatically lose when time's up. (requested by Glaliegoesboom ❤)
|
|t:|1641337867
|start
|switch|p1a: Excadrill|Excadrill, F|100/100
|switch|p2a: Ho-Oh|Ho-Oh|100/100
|-ability|p1a: Excadrill|Mold Breaker
|turn|1
|
|t:|1641337872
|move|p1a: Excadrill|Rock Tomb|p2a: Ho-Oh
|-supereffective|p2a: Ho-Oh
|-damage|p2a: Ho-Oh|41/100
|-unboost|p2a: Ho-Oh|spe|1
|move|p2a: Ho-Oh|Sacred Fire|p1a: Excadrill
|-supereffective|p1a: Excadrill
|-enditem|p1a: Excadrill|Focus Sash
|-damage|p1a: Excadrill|1/100
|
|upkeep
|turn|2
|
|t:|1641337890
|switch|p2a: Arceus|Arceus-Dark|100/100
|move|p1a: Excadrill|Stealth Rock|p2a: Arceus
|-sidestart|p2: starkorea74|move: Stealth Rock
|
|upkeep
|turn|3
|
|t:|1641337897
|move|p1a: Excadrill|Rapid Spin|p2a: Arceus
|-damage|p2a: Arceus|89/100
|-boost|p1a: Excadrill|spe|1
|move|p2a: Arceus|Judgment|p1a: Excadrill
|-damage|p1a: Excadrill|0 fnt
|faint|p1a: Excadrill
|
|upkeep
|
|t:|1641337906
|switch|p1a: Zacian|Zacian-Crowned|100/100
|-ability|p1a: Zacian|Intrepid Sword|boost
|-boost|p1a: Zacian|atk|1
|turn|4
|
|t:|1641337914
|switch|p2a: Ho-Oh|Ho-Oh|74/100
|move|p1a: Zacian|Close Combat|p2a: Ho-Oh
|-resisted|p2a: Ho-Oh
|-damage|p2a: Ho-Oh|48/100
|-unboost|p1a: Zacian|def|1
|-unboost|p1a: Zacian|spd|1
|
|upkeep
|turn|5
|
|t:|1641337921
|switch|p2a: Necrozma|Necrozma-Dusk-Mane|100/100
|-damage|p2a: Necrozma|94/100|[from] Stealth Rock
|move|p1a: Zacian|Wild Charge|p2a: Necrozma
|-damage|p2a: Necrozma|60/100
|-damage|p1a: Zacian|90/100|[from] Recoil
|
|-heal|p2a: Necrozma|66/100|[from] item: Leftovers
|upkeep
|turn|6
|
|t:|1641337930
|move|p1a: Zacian|Close Combat|p2a: Necrozma
|-damage|p2a: Necrozma|21/100
|-unboost|p1a: Zacian|def|1
|-unboost|p1a: Zacian|spd|1
|move|p2a: Necrozma|Morning Sun|p2a: Necrozma
|-heal|p2a: Necrozma|71/100
|
|-heal|p2a: Necrozma|77/100|[from] item: Leftovers
|upkeep
|turn|7
|
|t:|1641337939
|switch|p1a: Necrozma|Necrozma-Dusk-Mane|100/100
|move|p2a: Necrozma|Morning Sun|p2a: Necrozma
|-heal|p2a: Necrozma|100/100
|
|upkeep
|turn|8
|
|t:|1641337945
|switch|p2a: Ho-Oh|Ho-Oh|82/100
|move|p1a: Necrozma|Dragon Dance|p1a: Necrozma
|-boost|p1a: Necrozma|atk|1
|-boost|p1a: Necrozma|spe|1
|
|upkeep
|turn|9
|
|t:|1641337966
|move|p1a: Necrozma|Stone Edge|p2a: Ho-Oh
|-supereffective|p2a: Ho-Oh
|-crit|p2a: Ho-Oh
|-damage|p2a: Ho-Oh|0 fnt
|faint|p2a: Ho-Oh
|
|upkeep
|
|t:|1641337974
|switch|p2a: Yveltal|Yveltal|100/100
|-damage|p2a: Yveltal|76/100|[from] Stealth Rock
|-ability|p2a: Yveltal|Dark Aura
|turn|10
|
|t:|1641337982
|detailschange|p1a: Necrozma|Necrozma-Ultra
|-burst|p1a: Necrozma|Necrozma|Ultranecrozium Z
|-start|p2a: Yveltal|Dynamax
|-heal|p2a: Yveltal|76/100|[silent]
|move|p1a: Necrozma|Stone Edge|p2a: Yveltal|[miss]
|-miss|p1a: Necrozma|p2a: Yveltal
|move|p2a: Yveltal|Max Airstream|p1a: Necrozma
|-damage|p1a: Necrozma|0 fnt
|-boost|p2a: Yveltal|spe|1
|faint|p1a: Necrozma
|-damage|p2a: Yveltal|71/100|[from] item: Life Orb
|
|upkeep
|
|t:|1641338004
|switch|p1a: Yveltal|Yveltal|100/100
|-ability|p1a: Yveltal|Dark Aura
|turn|11
|
|t:|1641338007
|-start|p1a: Yveltal|Dynamax
|-heal|p1a: Yveltal|100/100|[silent]
|move|p2a: Yveltal|Max Airstream|p1a: Yveltal
|-damage|p1a: Yveltal|56/100
|-boost|p2a: Yveltal|spe|1
|-damage|p2a: Yveltal|66/100|[from] item: Life Orb
|move|p1a: Yveltal|Max Airstream|p2a: Yveltal
|-damage|p2a: Yveltal|36/100
|-boost|p1a: Yveltal|spe|1
|-damage|p1a: Yveltal|51/100|[from] item: Life Orb
|
|upkeep
|turn|12
|
|t:|1641338022
|move|p2a: Yveltal|Max Guard|p2a: Yveltal
|-singleturn|p2a: Yveltal|Max Guard
|move|p1a: Yveltal|Max Rockfall|p2a: Yveltal
|-activate|p2a: Yveltal|move: Max Guard
|
|-end|p2a: Yveltal|Dynamax
|-heal|p2a: Yveltal|36/100|[silent]
|upkeep
|turn|13
|
|t:|1641338029
|move|p2a: Yveltal|Oblivion Wing|p1a: Yveltal
|-damage|p1a: Yveltal|23/100
|-heal|p2a: Yveltal|78/100|[from] drain|[of] p1a: Yveltal
|-damage|p2a: Yveltal|68/100|[from] item: Life Orb
|move|p1a: Yveltal|Max Airstream|p2a: Yveltal
|-damage|p2a: Yveltal|7/100
|-boost|p1a: Yveltal|spe|1
|-damage|p1a: Yveltal|18/100|[from] item: Life Orb
|
|-end|p1a: Yveltal|Dynamax
|-heal|p1a: Yveltal|18/100|[silent]
|upkeep
|turn|14
|
|t:|1641338043
|move|p2a: Yveltal|Oblivion Wing|p1a: Yveltal
|-damage|p1a: Yveltal|0 fnt
|-heal|p2a: Yveltal|20/100|[from] drain|[of] p1a: Yveltal
|faint|p1a: Yveltal
|-damage|p2a: Yveltal|10/100|[from] item: Life Orb
|
|upkeep
|
|t:|1641338054
|switch|p1a: Zacian|Zacian-Crowned|90/100
|-ability|p1a: Zacian|Intrepid Sword|boost
|-boost|p1a: Zacian|atk|1
|turn|15
|
|t:|1641338059
|move|p2a: Yveltal|Hidden Power|p1a: Zacian
|-supereffective|p1a: Zacian
|-damage|p1a: Zacian|31/100
|-damage|p2a: Yveltal|0 fnt|[from] item: Life Orb
|faint|p2a: Yveltal
|move|p1a: Zacian|Behemoth Blade|p2: Yveltal|[notarget]
|-fail|p1a: Zacian
|
|upkeep
|
|t:|1641338066
|switch|p2a: Calyrex|Calyrex-Shadow|100/100
|-ability|p2a: Calyrex|As One
|-ability|p2a: Calyrex|Unnerve
|-damage|p2a: Calyrex|88/100|[from] Stealth Rock
|turn|16
|
|t:|1641338080
|move|p2a: Calyrex|Astral Barrage|p1a: Zacian
|-damage|p1a: Zacian|0 fnt
|faint|p1a: Zacian
|-ability|p2a: Calyrex|Grim Neigh|boost
|-boost|p2a: Calyrex|spa|1
|
|upkeep
|
|t:|1641338082
|switch|p1a: Calyrex|Calyrex-Shadow|100/100
|-ability|p1a: Calyrex|As One
|-ability|p1a: Calyrex|Unnerve
|turn|17
|
|t:|1641338094
|move|p2a: Calyrex|Baton Pass|p2a: Calyrex
|
|t:|1641338096
|switch|p2a: Arceus|Arceus-Dark|89/100|[from]move: Baton Pass
|-damage|p2a: Arceus|76/100|[from] Stealth Rock
|move|p1a: Calyrex|Astral Barrage|p2a: Arceus
|-resisted|p2a: Arceus
|-damage|p2a: Arceus|59/100
|
|upkeep
|turn|18
|
|t:|1641338108
|switch|p1a: Salamence|Salamence, M|100/100
|-ability|p1a: Salamence|Intimidate|boost
|-unboost|p2a: Arceus|atk|1
|move|p2a: Arceus|Calm Mind|p2a: Arceus
|-boost|p2a: Arceus|spa|1
|-boost|p2a: Arceus|spd|1
|
|upkeep
|turn|19
|
|t:|1641338121
|detailschange|p1a: Salamence|Salamence-Mega, M
|-mega|p1a: Salamence|Salamence|Salamencite
|move|p1a: Salamence|Dragon Dance|p1a: Salamence
|-boost|p1a: Salamence|atk|1
|-boost|p1a: Salamence|spe|1
|move|p2a: Arceus|Judgment|p1a: Salamence
|-damage|p1a: Salamence|0 fnt
|faint|p1a: Salamence
|
|upkeep
|-message|Glaliegoesboom ❤ forfeited.
|
|win|starkorea74
|raw|Glaliegoesboom ❤'s rating: 1708 &rarr; <strong>1699</strong><br />(-9 for losing)
|raw|starkorea74's rating: 1923 &rarr; <strong>1932</strong><br />(+9 for winning)
|l|☆Glaliegoesboom ❤
|j| CPCTZ
|n| CPCTZ|cpctz
||Ladder isn't responding, score probably updated but might not have (Request timeout).
