|j|☆kasak
|j|☆Georgo99
|t:|1667720302
|gametype|singles
|player|p1|kasak|youngster-gen4dp|1852
|player|p2|Georgo99|ingo|1717
|teamsize|p1|6
|teamsize|p2|6
|gen|8
|tier|[Gen 8] National Dex AG
|rated|
|rule|HP Percentage Mod: HP is shown in percentages
|rule|Endless Battle Clause: Forcing endless battles is banned
|clearpoke
|poke|p1|Arceus-*|
|poke|p1|Ditto|
|poke|p1|Chansey, F|
|poke|p1|Lugia|
|poke|p1|Groudon|
|poke|p1|Sableye, F|
|poke|p2|Calyrex-Shadow|
|poke|p2|Rayquaza|
|poke|p2|Ditto|
|poke|p2|Smeargle, M|
|poke|p2|Marshadow|
|poke|p2|Groudon|
|teampreview
|inactive|Battle timer is ON: inactive players will automatically lose when time's up. (requested by Georgo99)
|
|t:|1667720305
|start
|switch|p1a: 깜까미|Sableye, F|100/100
|switch|p2a: Primal Basic|Groudon, shiny|100/100
|detailschange|p2a: Primal Basic|Groudon-Primal, shiny
|-primal|p2a: Primal Basic
|-weather|DesolateLand|[from] ability: Desolate Land|[of] p2a: Primal Basic
|turn|1
|
|t:|1667720309
|detailschange|p1a: 깜까미|Sableye-Mega, F
|-mega|p1a: 깜까미|Sableye|Sablenite
|move|p2a: Primal Basic|Fire Punch|p1a: 깜까미
|-damage|p1a: 깜까미|56/100
|move|p1a: 깜까미|Recover|p1a: 깜까미
|-heal|p1a: 깜까미|100/100
|
|-weather|DesolateLand|[upkeep]
|upkeep
|turn|2
|
|t:|1667720313
|switch|p1a: 루기아|Lugia|100/100
|move|p2a: Primal Basic|Fire Punch|p1a: 루기아
|-damage|p1a: 루기아|82/100
|-damage|p2a: Primal Basic|84/100|[from] item: Rocky Helmet|[of] p1a: 루기아
|
|-weather|DesolateLand|[upkeep]
|upkeep
|turn|3
|
|t:|1667720316
|move|p1a: 루기아|Roost|p1a: 루기아
|-heal|p1a: 루기아|100/100
|-singleturn|p1a: 루기아|move: Roost
|move|p2a: Primal Basic|Stealth Rock|p1a: 루기아
|-sidestart|p1: kasak|move: Stealth Rock
|
|-weather|DesolateLand|[upkeep]
|upkeep
|turn|4
|
|t:|1667720319
|move|p1a: 루기아|Defog|p2a: Primal Basic
|-unboost|p2a: Primal Basic|evasion|1
|-sideend|p1: kasak|Stealth Rock|[from] move: Defog|[of] p1a: 루기아
|move|p2a: Primal Basic|Stone Edge|p1a: 루기아
|-supereffective|p1a: 루기아
|-damage|p1a: 루기아|81/100
|
|-weather|DesolateLand|[upkeep]
|upkeep
|turn|5
|
|t:|1667720323
|move|p1a: 루기아|Roost|p1a: 루기아
|-heal|p1a: 루기아|100/100
|-singleturn|p1a: 루기아|move: Roost
|move|p2a: Primal Basic|Stone Edge|p1a: 루기아
|-damage|p1a: 루기아|91/100
|
|-weather|DesolateLand|[upkeep]
|upkeep
|turn|6
|
|t:|1667720328
|move|p1a: 루기아|Toxic|p2a: Primal Basic
|-status|p2a: Primal Basic|tox
|move|p2a: Primal Basic|Fire Punch|p1a: 루기아
|-crit|p1a: 루기아
|-damage|p1a: 루기아|38/100
|-damage|p2a: Primal Basic|67/100 tox|[from] item: Rocky Helmet|[of] p1a: 루기아
|
|-weather|DesolateLand|[upkeep]
|-damage|p2a: Primal Basic|61/100 tox|[from] psn
|upkeep
|turn|7
|
|t:|1667720335
|-weather|none
|switch|p2a: Basic Cheap God|Smeargle, M|100/100
|move|p1a: 루기아|Roost|p1a: 루기아
|-heal|p1a: 루기아|88/100
|-singleturn|p1a: 루기아|move: Roost
|
|-ability|p2a: Basic Cheap God|Moody|boost
|-boost|p2a: Basic Cheap God|def|2
|-unboost|p2a: Basic Cheap God|spd|1
|upkeep
|turn|8
|
|t:|1667720338
|switch|p1a: 깜까미|Sableye-Mega, F|100/100
|move|p2a: Basic Cheap God|Minimize|p2a: Basic Cheap God
|-boost|p2a: Basic Cheap God|evasion|2
|
|-ability|p2a: Basic Cheap God|Moody|boost
|-boost|p2a: Basic Cheap God|atk|2
|-unboost|p2a: Basic Cheap God|spa|1
|upkeep
|turn|9
|
|t:|1667720343
|move|p2a: Basic Cheap God|Minimize|p2a: Basic Cheap God
|-boost|p2a: Basic Cheap God|evasion|2
|move|p1a: 깜까미|Encore|p2a: Basic Cheap God
|-start|p2a: Basic Cheap God|Encore
|
|-ability|p2a: Basic Cheap God|Moody|boost
|-boost|p2a: Basic Cheap God|atk|2
|-unboost|p2a: Basic Cheap God|spa|1
|upkeep
|turn|10
|
|t:|1667720351
|move|p2a: Basic Cheap God|Minimize|p2a: Basic Cheap God
|-boost|p2a: Basic Cheap God|evasion|2
|move|p1a: 깜까미|Snarl|p2a: Basic Cheap God|[miss]
|-miss|p1a: 깜까미|p2a: Basic Cheap God
|
|-ability|p2a: Basic Cheap God|Moody|boost
|-boost|p2a: Basic Cheap God|spe|2
|-unboost|p2a: Basic Cheap God|spd|1
|upkeep
|turn|11
|
|t:|1667720355
|move|p2a: Basic Cheap God|Minimize|p2a: Basic Cheap God
|-boost|p2a: Basic Cheap God|evasion|0
|move|p1a: 깜까미|Snarl|p2a: Basic Cheap God|[miss]
|-miss|p1a: 깜까미|p2a: Basic Cheap God
|
|-ability|p2a: Basic Cheap God|Moody|boost
|-boost|p2a: Basic Cheap God|spd|2
|-unboost|p2a: Basic Cheap God|atk|1
|upkeep
|turn|12
|
|t:|1667720362
|move|p2a: Basic Cheap God|Minimize|p2a: Basic Cheap God
|-boost|p2a: Basic Cheap God|evasion|0
|move|p1a: 깜까미|Snarl|p2a: Basic Cheap God|[miss]
|-miss|p1a: 깜까미|p2a: Basic Cheap God
|
|-end|p2a: Basic Cheap God|Encore
|-ability|p2a: Basic Cheap God|Moody|boost
|-boost|p2a: Basic Cheap God|def|2
|-unboost|p2a: Basic Cheap God|spe|1
|upkeep
|turn|13
|
|t:|1667720371
|move|p2a: Basic Cheap God|Protect|p2a: Basic Cheap God
|-singleturn|p2a: Basic Cheap God|Protect
|move|p1a: 깜까미|Snarl|p2a: Basic Cheap God
|-activate|p2a: Basic Cheap God|move: Protect
|
|-ability|p2a: Basic Cheap God|Moody|boost
|-boost|p2a: Basic Cheap God|spa|2
|-unboost|p2a: Basic Cheap God|spd|1
|upkeep
|turn|14
|
|t:|1667720385
|move|p2a: Basic Cheap God|Baton Pass|p2a: Basic Cheap God
|j| ArthurRadicchi
|
|t:|1667720393
|switch|p2a: Primal Basic|Groudon-Primal, shiny|61/100 tox|[from]move: Baton Pass
|-weather|DesolateLand|[from] ability: Desolate Land|[of] p2a: Primal Basic
|move|p1a: 깜까미|Snarl|p2a: Primal Basic|[miss]
|-miss|p1a: 깜까미|p2a: Primal Basic
|
|-weather|DesolateLand|[upkeep]
|-damage|p2a: Primal Basic|55/100 tox|[from] psn
|upkeep
|turn|15
|
|t:|1667720406
|switch|p1a: 메타몽|Ditto|100/100
|-transform|p1a: 메타몽|p2a: Primal Basic|[from] ability: Imposter
|move|p2a: Primal Basic|Fire Punch|p1a: 메타몽|[miss]
|-miss|p2a: Primal Basic|p1a: 메타몽
|
|-weather|DesolateLand|[upkeep]
|-damage|p2a: Primal Basic|43/100 tox|[from] psn
|upkeep
|turn|16
|
|t:|1667720415
|move|p1a: 메타몽|Fire Punch|p2a: Primal Basic|[miss]
|-miss|p1a: 메타몽|p2a: Primal Basic
|move|p2a: Primal Basic|Earthquake|p1a: 메타몽
|-supereffective|p1a: 메타몽
|-damage|p1a: 메타몽|44/100
|
|-weather|DesolateLand|[upkeep]
|-damage|p2a: Primal Basic|25/100 tox|[from] psn
|upkeep
|turn|17
|
|t:|1667720420
|move|p1a: 메타몽|Fire Punch|p2a: Primal Basic|[miss]
|-miss|p1a: 메타몽|p2a: Primal Basic
|move|p2a: Primal Basic|Earthquake|p1a: 메타몽|[miss]
|-miss|p2a: Primal Basic|p1a: 메타몽
|
|-weather|DesolateLand|[upkeep]
|-damage|p2a: Primal Basic|0 fnt|[from] psn
|faint|p2a: Primal Basic
|upkeep
|
|t:|1667720427
|switch|p2a: Basic Too|Marshadow|100/100
|turn|18
|
|t:|1667720441
|move|p1a: 메타몽|Fire Punch|p2a: Basic Too
|-enditem|p2a: Basic Too|Focus Sash
|-damage|p2a: Basic Too|1/100
|move|p2a: Basic Too|Spectral Thief|p1a: 메타몽|[miss]
|-miss|p2a: Basic Too|p1a: 메타몽
|
|-weather|DesolateLand|[upkeep]
|upkeep
|turn|19
|
|t:|1667720448
|move|p2a: Basic Too|Shadow Sneak|p1a: 메타몽|[miss]
|-miss|p2a: Basic Too|p1a: 메타몽
|move|p1a: 메타몽|Fire Punch|p2a: Basic Too
|-damage|p2a: Basic Too|0 fnt
|faint|p2a: Basic Too
|
|-weather|DesolateLand|[upkeep]
|upkeep
|
|t:|1667720453
|switch|p2a: Basic Cheap God|Smeargle, M|100/100
|turn|20
|
|t:|1667720466
|move|p2a: Basic Cheap God|Protect|p2a: Basic Cheap God
|-singleturn|p2a: Basic Cheap God|Protect
|move|p1a: 메타몽|Fire Punch|p2a: Basic Cheap God
|-activate|p2a: Basic Cheap God|move: Protect
|
|-weather|DesolateLand|[upkeep]
|-ability|p2a: Basic Cheap God|Moody|boost
|-boost|p2a: Basic Cheap God|def|2
|-unboost|p2a: Basic Cheap God|spa|1
|upkeep
|turn|21
|
|t:|1667720470
|-weather|none
|switch|p1a: 깜까미|Sableye-Mega, F|100/100
|move|p2a: Basic Cheap God|Minimize|p2a: Basic Cheap God
|-boost|p2a: Basic Cheap God|evasion|2
|
|-ability|p2a: Basic Cheap God|Moody|boost
|-boost|p2a: Basic Cheap God|spe|2
|-unboost|p2a: Basic Cheap God|spa|1
|upkeep
|turn|22
|
|t:|1667720480
|move|p2a: Basic Cheap God|Baton Pass|p2a: Basic Cheap God
|
|t:|1667720481
|switch|p2a: Mega Basic|Rayquaza, shiny|100/100|[from]move: Baton Pass
|-ability|p2a: Mega Basic|Air Lock
|move|p1a: 깜까미|Snarl|p2a: Mega Basic
|-damage|p2a: Mega Basic|83/100
|-unboost|p2a: Mega Basic|spa|1
|
|upkeep
|turn|23
|
|t:|1667720494
|switch|p1a: 루기아|Lugia|88/100
|detailschange|p2a: Mega Basic|Rayquaza-Mega, shiny
|-mega|p2a: Mega Basic|Rayquaza|
|-weather|DeltaStream|[from] ability: Delta Stream|[of] p2a: Mega Basic
|move|p2a: Mega Basic|Dragon Ascent|p1a: 루기아
|-damage|p1a: 루기아|33/100
|-unboost|p2a: Mega Basic|def|1
|-unboost|p2a: Mega Basic|spd|1
|-damage|p2a: Mega Basic|67/100|[from] item: Rocky Helmet|[of] p1a: 루기아
|-damage|p2a: Mega Basic|57/100|[from] item: Life Orb
|
|-weather|DeltaStream|[upkeep]
|upkeep
|turn|24
|j| Lonely grandpa
|
|t:|1667720503
|move|p2a: Mega Basic|Dragon Ascent|p1a: 루기아
|-damage|p1a: 루기아|0 fnt
|-unboost|p2a: Mega Basic|def|1
|-unboost|p2a: Mega Basic|spd|1
|-damage|p2a: Mega Basic|40/100|[from] item: Rocky Helmet|[of] p1a: 루기아
|faint|p1a: 루기아
|-damage|p2a: Mega Basic|30/100|[from] item: Life Orb
|
|-weather|DeltaStream|[upkeep]
|upkeep
|
|t:|1667720508
|switch|p1a: 악르세우스|Arceus-Fairy|100/100
|turn|25
|
|t:|1667720515
|-start|p1a: 악르세우스|Dynamax|
|-heal|p1a: 악르세우스|100/100|[silent]
|move|p2a: Mega Basic|Dragon Ascent|p1a: 악르세우스
|-damage|p1a: 악르세우스|67/100
|-unboost|p2a: Mega Basic|def|1
|-unboost|p2a: Mega Basic|spd|1
|-damage|p2a: Mega Basic|20/100|[from] item: Life Orb
|move|p1a: 악르세우스|Max Starfall|p2a: Mega Basic
|-supereffective|p2a: Mega Basic
|-damage|p2a: Mega Basic|0 fnt
|-fieldstart|move: Misty Terrain
|faint|p2a: Mega Basic
|-weather|none
|
|upkeep
|
|t:|1667720522
|switch|p2a: No U Basic|Ditto|100/100
|-transform|p2a: No U Basic|p1a: 악르세우스|[from] ability: Imposter
|turn|26
|
|t:|1667720547
|-start|p2a: No U Basic|Dynamax|
|-heal|p2a: No U Basic|100/100|[silent]
|move|p1a: 악르세우스|Max Quake|p2a: No U Basic
|-damage|p2a: No U Basic|80/100
|-boost|p1a: 악르세우스|spd|1
|move|p2a: No U Basic|Max Quake|p1a: 악르세우스
|-damage|p1a: 악르세우스|60/100
|-boost|p2a: No U Basic|spd|1
|
|upkeep
|turn|27
|
|t:|1667720557
|move|p2a: No U Basic|Max Quake|p1a: 악르세우스
|-damage|p1a: 악르세우스|52/100
|-boost|p2a: No U Basic|spd|1
|move|p1a: 악르세우스|Max Quake|p2a: No U Basic
|-damage|p2a: No U Basic|71/100
|-boost|p1a: 악르세우스|spd|1
|
|upkeep
|-end|p1a: 악르세우스|Dynamax
|-heal|p1a: 악르세우스|52/100|[silent]
|turn|28
|
|t:|1667720561
|move|p1a: 악르세우스|Recover|p1a: 악르세우스
|-heal|p1a: 악르세우스|100/100
|move|p2a: No U Basic|Max Strike|p1a: 악르세우스
|-damage|p1a: 악르세우스|89/100
|-unboost|p1a: 악르세우스|spe|1
|
|upkeep
|-end|p2a: No U Basic|Dynamax
|-heal|p2a: No U Basic|71/100|[silent]
|turn|29
|
|t:|1667720567
|move|p2a: No U Basic|Earth Power|p1a: 악르세우스
|-crit|p1a: 악르세우스
|-damage|p1a: 악르세우스|64/100
|move|p1a: 악르세우스|Judgment|p2a: No U Basic
|-damage|p2a: No U Basic|41/100
|
|-fieldend|Misty Terrain
|upkeep
|turn|30
|
|t:|1667720574
|move|p2a: No U Basic|Earth Power|p1a: 악르세우스
|-crit|p1a: 악르세우스
|-damage|p1a: 악르세우스|40/100
|move|p1a: 악르세우스|Recover|p1a: 악르세우스
|-heal|p1a: 악르세우스|90/100
|
|upkeep
|turn|31
|
|t:|1667720580
|move|p2a: No U Basic|Earth Power|p1a: 악르세우스
|-damage|p1a: 악르세우스|81/100
|move|p1a: 악르세우스|Calm Mind|p1a: 악르세우스
|-boost|p1a: 악르세우스|spa|1
|-boost|p1a: 악르세우스|spd|1
|
|upkeep
|turn|32
|
|t:|1667720584
|-activate|p2a: No U Basic|move: Struggle
|move|p2a: No U Basic|Struggle|p1a: 악르세우스
|-damage|p1a: 악르세우스|74/100
|-damage|p2a: No U Basic|16/100|[from] recoil
|move|p1a: 악르세우스|Judgment|p2a: No U Basic
|-crit|p2a: No U Basic
|-damage|p2a: No U Basic|0 fnt
|faint|p2a: No U Basic
|
|upkeep
|
|t:|1667720587
|switch|p2a: Basic Cheap God|Smeargle, M|100/100
|turn|33
|
|t:|1667720594
|switch|p1a: 깜까미|Sableye-Mega, F|100/100
|move|p2a: Basic Cheap God|Minimize|p2a: Basic Cheap God
|-boost|p2a: Basic Cheap God|evasion|2
|
|-ability|p2a: Basic Cheap God|Moody|boost
|-boost|p2a: Basic Cheap God|def|2
|-unboost|p2a: Basic Cheap God|atk|1
|upkeep
|turn|34
|
|t:|1667720599
|move|p2a: Basic Cheap God|Protect|p2a: Basic Cheap God
|-singleturn|p2a: Basic Cheap God|Protect
|move|p1a: 깜까미|Snarl|p2a: Basic Cheap God
|-activate|p2a: Basic Cheap God|move: Protect
|
|-ability|p2a: Basic Cheap God|Moody|boost
|-boost|p2a: Basic Cheap God|atk|2
|-unboost|p2a: Basic Cheap God|spd|1
|upkeep
|turn|35
|
|t:|1667720603
|move|p2a: Basic Cheap God|Minimize|p2a: Basic Cheap God
|-boost|p2a: Basic Cheap God|evasion|2
|move|p1a: 깜까미|Snarl|p2a: Basic Cheap God
|-damage|p2a: Basic Cheap God|59/100
|-unboost|p2a: Basic Cheap God|spa|1
|
|-ability|p2a: Basic Cheap God|Moody|boost
|-boost|p2a: Basic Cheap God|spe|2
|-unboost|p2a: Basic Cheap God|def|1
|upkeep
|turn|36
|
|t:|1667720611
|move|p2a: Basic Cheap God|Minimize|p2a: Basic Cheap God
|-boost|p2a: Basic Cheap God|evasion|2
|move|p1a: 깜까미|Snarl|p2a: Basic Cheap God|[miss]
|-miss|p1a: 깜까미|p2a: Basic Cheap God
|
|-ability|p2a: Basic Cheap God|Moody|boost
|-boost|p2a: Basic Cheap God|def|2
|-unboost|p2a: Basic Cheap God|spd|1
|upkeep
|turn|37
|
|t:|1667720618
|move|p2a: Basic Cheap God|Protect|p2a: Basic Cheap God
|-singleturn|p2a: Basic Cheap God|Protect
|move|p1a: 깜까미|Snarl|p2a: Basic Cheap God
|-activate|p2a: Basic Cheap God|move: Protect
|
|-ability|p2a: Basic Cheap God|Moody|boost
|-boost|p2a: Basic Cheap God|def|2
|-unboost|p2a: Basic Cheap God|spd|1
|upkeep
|turn|38
|
|t:|1667720624
|move|p2a: Basic Cheap God|Minimize|p2a: Basic Cheap God
|-boost|p2a: Basic Cheap God|evasion|0
|move|p1a: 깜까미|Snarl|p2a: Basic Cheap God|[miss]
|-miss|p1a: 깜까미|p2a: Basic Cheap God
|
|-ability|p2a: Basic Cheap God|Moody|boost
|-boost|p2a: Basic Cheap God|spe|2
|-unboost|p2a: Basic Cheap God|def|1
|upkeep
|turn|39
|
|t:|1667720631
|move|p2a: Basic Cheap God|Protect|p2a: Basic Cheap God
|-singleturn|p2a: Basic Cheap God|Protect
|move|p1a: 깜까미|Calm Mind|p1a: 깜까미
|-boost|p1a: 깜까미|spa|1
|-boost|p1a: 깜까미|spd|1
|
|-ability|p2a: Basic Cheap God|Moody|boost
|-boost|p2a: Basic Cheap God|atk|2
|-unboost|p2a: Basic Cheap God|def|1
|upkeep
|turn|40
|
|t:|1667720640
|move|p2a: Basic Cheap God|Protect|p2a: Basic Cheap God
|-singleturn|p2a: Basic Cheap God|Protect
|move|p1a: 깜까미|Snarl|p2a: Basic Cheap God
|-activate|p2a: Basic Cheap God|move: Protect
|
|-ability|p2a: Basic Cheap God|Moody|boost
|-boost|p2a: Basic Cheap God|spa|2
|-unboost|p2a: Basic Cheap God|atk|1
|upkeep
|turn|41
|l| ArthurRadicchi
|
|t:|1667720651
|move|p2a: Basic Cheap God|Baton Pass|p2a: Basic Cheap God
|
|t:|1667720653
|switch|p2a: Basic|Calyrex-Shadow|100/100|[from]move: Baton Pass
|-ability|p2a: Basic|As One
|-ability|p2a: Basic|Unnerve
|move|p1a: 깜까미|Snarl|p2a: Basic|[miss]
|-miss|p1a: 깜까미|p2a: Basic
|
|upkeep
|turn|42
|
|t:|1667720662
|switch|p1a: 럭키|Chansey, F|100/100
|move|p2a: Basic|Astral Barrage|p1a: 럭키
|-immune|p1a: 럭키
|
|upkeep
|turn|43
|
|t:|1667720667
|move|p2a: Basic|Psyshock|p1a: 럭키
|-damage|p1a: 럭키|54/100
|move|p1a: 럭키|Toxic|p2a: Basic|[miss]
|-miss|p1a: 럭키|p2a: Basic
|
|upkeep
|turn|44
|
|t:|1667720673
|move|p1a: 럭키|Protect|p1a: 럭키
|-singleturn|p1a: 럭키|Protect
|move|p2a: Basic|Psyshock|p1a: 럭키
|-activate|p1a: 럭키|move: Protect
|
|upkeep
|turn|45
|l| Lonely grandpa
|
|t:|1667720681
|switch|p1a: 메타몽|Ditto|44/100
|-transform|p1a: 메타몽|p2a: Basic|[from] ability: Imposter
|move|p2a: Basic|Psyshock|p1a: 메타몽|[miss]
|-miss|p2a: Basic|p1a: 메타몽
|
|upkeep
|turn|46
|
|t:|1667720688
|switch|p1a: 럭키|Chansey, F|54/100
|move|p2a: Basic|Astral Barrage|p1a: 럭키
|-immune|p1a: 럭키
|
|upkeep
|turn|47
|
|t:|1667720693
|move|p1a: 럭키|Protect|p1a: 럭키
|-singleturn|p1a: 럭키|Protect
|move|p2a: Basic|Psyshock|p1a: 럭키
|-activate|p1a: 럭키|move: Protect
|
|upkeep
|turn|48
|j| Lonely grandpa
|
|t:|1667720698
|switch|p1a: 메타몽|Ditto|44/100
|-transform|p1a: 메타몽|p2a: Basic|[from] ability: Imposter
|move|p2a: Basic|Psyshock|p1a: 메타몽|[miss]
|-miss|p2a: Basic|p1a: 메타몽
|
|upkeep
|turn|49
|
|t:|1667720704
|move|p1a: 메타몽|Astral Barrage|p2a: Basic|[miss]
|-miss|p1a: 메타몽|p2a: Basic
|move|p2a: Basic|Psyshock|p1a: 메타몽|[miss]
|-miss|p2a: Basic|p1a: 메타몽
|
|upkeep
|turn|50
|
|t:|1667720711
|move|p1a: 메타몽|Astral Barrage|p2a: Basic
|-supereffective|p2a: Basic
|-enditem|p2a: Basic|Focus Sash
|-damage|p2a: Basic|1/100
|move|p2a: Basic|Astral Barrage|p1a: 메타몽|[miss]
|-miss|p2a: Basic|p1a: 메타몽
|
|upkeep
|turn|51
|
|t:|1667720719
|switch|p1a: 럭키|Chansey, F|54/100
|move|p2a: Basic|Astral Barrage|p1a: 럭키
|-immune|p1a: 럭키
|
|upkeep
|turn|52
|
|t:|1667720724
|move|p1a: 럭키|Protect|p1a: 럭키
|-singleturn|p1a: 럭키|Protect
|move|p2a: Basic|Energy Ball|p1a: 럭키
|-activate|p1a: 럭키|move: Protect
|
|upkeep
|turn|53
|
|t:|1667720729
|move|p2a: Basic|Psyshock|p1a: 럭키
|-damage|p1a: 럭키|3/100
|move|p1a: 럭키|Wish|p1a: 럭키
|
|upkeep
|turn|54
|
|t:|1667720735
|move|p1a: 럭키|Protect|p1a: 럭키
|-singleturn|p1a: 럭키|Protect
|move|p2a: Basic|Energy Ball|p1a: 럭키
|-activate|p1a: 럭키|move: Protect
|
|-heal|p1a: 럭키|53/100|[from] move: Wish|[wisher] 럭키
|upkeep
|turn|55
|
|t:|1667720742
|move|p2a: Basic|Psyshock|p1a: 럭키
|-damage|p1a: 럭키|7/100
|move|p1a: 럭키|Wish|p1a: 럭키
|
|upkeep
|turn|56
|
|t:|1667720746
|move|p1a: 럭키|Protect|p1a: 럭키
|-singleturn|p1a: 럭키|Protect
|move|p2a: Basic|Draining Kiss|p1a: 럭키
|-activate|p1a: 럭키|move: Protect
|
|-heal|p1a: 럭키|57/100|[from] move: Wish|[wisher] 럭키
|upkeep
|turn|57
|
|t:|1667720751
|move|p2a: Basic|Psyshock|p1a: 럭키
|-damage|p1a: 럭키|11/100
|move|p1a: 럭키|Wish|p1a: 럭키
|
|upkeep
|turn|58
|
|t:|1667720757
|move|p1a: 럭키|Protect|p1a: 럭키
|-singleturn|p1a: 럭키|Protect
|move|p2a: Basic|Draining Kiss|p1a: 럭키
|-activate|p1a: 럭키|move: Protect
|
|-heal|p1a: 럭키|61/100|[from] move: Wish|[wisher] 럭키
|upkeep
|turn|59
|
|t:|1667720762
|move|p2a: Basic|Energy Ball|p1a: 럭키
|-damage|p1a: 럭키|44/100
|move|p1a: 럭키|Wish|p1a: 럭키
|
|upkeep
|turn|60
|
|t:|1667720768
|move|p1a: 럭키|Protect|p1a: 럭키
|-singleturn|p1a: 럭키|Protect
|move|p2a: Basic|Energy Ball|p1a: 럭키
|-activate|p1a: 럭키|move: Protect
|
|-heal|p1a: 럭키|94/100|[from] move: Wish|[wisher] 럭키
|upkeep
|turn|61
|
|t:|1667720773
|move|p2a: Basic|Energy Ball|p1a: 럭키
|-damage|p1a: 럭키|76/100
|move|p1a: 럭키|Wish|p1a: 럭키
|
|upkeep
|turn|62
|
|t:|1667720779
|move|p2a: Basic|Draining Kiss|p1a: 럭키
|-crit|p1a: 럭키
|-damage|p1a: 럭키|63/100
|-heal|p2a: Basic|20/100|[from] drain|[of] p1a: 럭키
|move|p1a: 럭키|Toxic|p2a: Basic|[miss]
|-miss|p1a: 럭키|p2a: Basic
|
|-heal|p1a: 럭키|100/100|[from] move: Wish|[wisher] 럭키
|upkeep
|turn|63
|
|t:|1667720785
|move|p1a: 럭키|Protect|p1a: 럭키
|-singleturn|p1a: 럭키|Protect
|move|p2a: Basic|Draining Kiss|p1a: 럭키
|-activate|p1a: 럭키|move: Protect
|
|upkeep
|turn|64
|
|t:|1667720789
|move|p2a: Basic|Draining Kiss|p1a: 럭키
|-damage|p1a: 럭키|92/100
|-heal|p2a: Basic|33/100|[from] drain|[of] p1a: 럭키
|move|p1a: 럭키|Toxic|p2a: Basic|[miss]
|-miss|p1a: 럭키|p2a: Basic
|
|upkeep
|turn|65
|
|t:|1667720795
|move|p2a: Basic|Psyshock|p1a: 럭키
|-damage|p1a: 럭키|38/100
|move|p1a: 럭키|Toxic|p2a: Basic|[miss]
|-miss|p1a: 럭키|p2a: Basic
|
|upkeep
|turn|66
|
|t:|1667720801
|move|p1a: 럭키|Protect|p1a: 럭키
|-singleturn|p1a: 럭키|Protect
|move|p2a: Basic|Psyshock|p1a: 럭키
|-activate|p1a: 럭키|move: Protect
|
|upkeep
|turn|67
|
|t:|1667720808
|switch|p1a: 깜까미|Sableye-Mega, F|100/100
|move|p2a: Basic|Psyshock|p1a: 깜까미
|-immune|p1a: 깜까미
|
|upkeep
|turn|68
|
|t:|1667720814
|move|p2a: Basic|Astral Barrage|p1a: 깜까미
|-damage|p1a: 깜까미|0 fnt
|faint|p1a: 깜까미
|-ability|p2a: Basic|Grim Neigh|boost
|-boost|p2a: Basic|spa|1
|
|upkeep
|
|t:|1667720818
|switch|p1a: 메타몽|Ditto|44/100
|-transform|p1a: 메타몽|p2a: Basic|[from] ability: Imposter
|turn|69
|
|t:|1667720821
|move|p1a: 메타몽|Astral Barrage|p2a: Basic|[miss]
|-miss|p1a: 메타몽|p2a: Basic
|move|p2a: Basic|Astral Barrage|p1a: 메타몽|[miss]
|-miss|p2a: Basic|p1a: 메타몽
|
|upkeep
|turn|70
|
|t:|1667720827
|move|p1a: 메타몽|Astral Barrage|p2a: Basic|[miss]
|-miss|p1a: 메타몽|p2a: Basic
|move|p2a: Basic|Energy Ball|p1a: 메타몽
|-damage|p1a: 메타몽|0 fnt
|faint|p1a: 메타몽
|-ability|p2a: Basic|Grim Neigh|boost
|-boost|p2a: Basic|spa|1
|
|upkeep
|
|t:|1667720837
|switch|p1a: 럭키|Chansey, F|38/100
|turn|71
|
|t:|1667720841
|move|p2a: Basic|Psyshock|p1a: 럭키
|-damage|p1a: 럭키|0 fnt
|faint|p1a: 럭키
|-ability|p2a: Basic|Grim Neigh|boost
|-boost|p2a: Basic|spa|1
|
|upkeep
|-message|kasak forfeited.
|
|win|Georgo99
|raw|kasak's rating: 1863 &rarr; <strong>1835</strong><br />(-28 for losing)
|raw|Georgo99's rating: 1717 &rarr; <strong>1745</strong><br />(+28 for winning)
|l|☆kasak
|l| Lonely grandpa
