|j|☆Snake of the Moon
|j|☆Glaliegoesboom
|t:|1661784828
|gametype|singles
|player|p1|Snake of the Moon|lance-masters|
|player|p2|Glaliegoesboom|169|
|teamsize|p1|6
|teamsize|p2|6
|gen|8
|tier|[Gen 8] National Dex AG
|rule|HP Percentage Mod: HP is shown in percentages
|rule|Endless Battle Clause: Forcing endless battles is banned
|clearpoke
|poke|p1|Tyranitar, M|
|poke|p1|Garchomp, M|
|poke|p1|Rotom-Wash|
|poke|p1|Ferrothorn, M|
|poke|p1|Urshifu-*, M|
|poke|p1|Dialga|
|poke|p2|Clefable, F|
|poke|p2|Ferrothorn, F|
|poke|p2|Dialga|
|poke|p2|Gyarados, M|
|poke|p2|Hippowdon, M|
|poke|p2|Giratina-Origin|
|teampreview
|inactive|Battle timer is ON: inactive players will automatically lose when time's up. (requested by Snake of the Moon)
|inactive|Glaliegoesboom also wants the timer to be on.
|
|t:|1661784842
|start
|switch|p1a: Tyranitar|Tyranitar, M|100/100
|switch|p2a: Giratina|Giratina-Origin|100/100
|-weather|Sandstorm|[from] ability: Sand Stream|[of] p1a: Tyranitar
|turn|1
|
|t:|1661784844
|move|p2a: Giratina|Will-O-Wisp|p1a: Tyranitar
|-status|p1a: Tyranitar|brn
|move|p1a: Tyranitar|Toxic|p2a: Giratina
|-status|p2a: Giratina|tox
|
|-weather|Sandstorm|[upkeep]
|-damage|p2a: Giratina|94/100 tox|[from] Sandstorm
|-damage|p2a: Giratina|88/100 tox|[from] psn
|-damage|p1a: Tyranitar|94/100 brn|[from] brn
|upkeep
|turn|2
|
|t:|1661784848
|switch|p2a: Ferrothorn|Ferrothorn, F|100/100
|-ability|p2a: Ferrothorn|Anticipation
|move|p1a: Tyranitar|Stealth Rock|p2a: Ferrothorn
|-sidestart|p2: Glaliegoesboom|move: Stealth Rock
|
|-weather|Sandstorm|[upkeep]
|-damage|p1a: Tyranitar|88/100 brn|[from] brn
|upkeep
|turn|3
|
|t:|1661784854
|switch|p2a: Giratina|Giratina-Origin|88/100 tox
|-damage|p2a: Giratina|76/100 tox|[from] Stealth Rock
|move|p1a: Tyranitar|Fire Blast|p2a: Giratina
|-resisted|p2a: Giratina
|-crit|p2a: Giratina
|-damage|p2a: Giratina|63/100 tox
|
|-weather|Sandstorm|[upkeep]
|-damage|p2a: Giratina|56/100 tox|[from] Sandstorm
|-damage|p2a: Giratina|50/100 tox|[from] psn
|-damage|p1a: Tyranitar|82/100 brn|[from] brn
|upkeep
|turn|4
|
|t:|1661784862
|move|p2a: Giratina|Defog|p1a: Tyranitar
|-unboost|p1a: Tyranitar|evasion|1
|-sideend|p2: Glaliegoesboom|Stealth Rock|[from] move: Defog|[of] p2a: Giratina
|move|p1a: Tyranitar|Stealth Rock|p2a: Giratina
|-sidestart|p2: Glaliegoesboom|move: Stealth Rock
|
|-weather|Sandstorm|[upkeep]
|-damage|p2a: Giratina|44/100 tox|[from] Sandstorm
|-damage|p2a: Giratina|32/100 tox|[from] psn
|-damage|p1a: Tyranitar|76/100 brn|[from] brn
|upkeep
|turn|5
|
|t:|1661784869
|switch|p2a: Hippowdon|Hippowdon, M|100/100
|-damage|p2a: Hippowdon|94/100|[from] Stealth Rock
|move|p1a: Tyranitar|Stealth Rock||[still]
|-fail|p1a: Tyranitar
|
|-weather|none
|-heal|p2a: Hippowdon|100/100|[from] item: Leftovers
|-damage|p1a: Tyranitar|70/100 brn|[from] brn
|upkeep
|turn|6
|
|t:|1661784875
|switch|p1a: Rotom|Rotom-Wash|100/100
|move|p2a: Hippowdon|Toxic|p1a: Rotom
|-status|p1a: Rotom|tox
|
|-damage|p1a: Rotom|95/100 tox|[from] psn
|upkeep
|turn|7
|
|t:|1661784879
|switch|p2a: Ferrothorn|Ferrothorn, F|100/100
|-damage|p2a: Ferrothorn|95/100|[from] Stealth Rock
|move|p1a: Rotom|Toxic|p2a: Ferrothorn
|-immune|p2a: Ferrothorn
|
|-damage|p1a: Rotom|83/100 tox|[from] psn
|upkeep
|turn|8
|
|t:|1661784883
|move|p1a: Rotom|Volt Switch|p2a: Ferrothorn
|-resisted|p2a: Ferrothorn
|-damage|p2a: Ferrothorn|87/100
|
|t:|1661784884
|switch|p1a: Urshifu|Urshifu, M|100/100|[from]move: Volt Switch
|move|p2a: Ferrothorn|Stealth Rock|p1a: Urshifu
|-sidestart|p1: Snake of the Moon|move: Stealth Rock
|
|upkeep
|turn|9
|
|t:|1661784888
|switch|p2a: Giratina|Giratina-Origin|32/100 tox
|-damage|p2a: Giratina|19/100 tox|[from] Stealth Rock
|move|p1a: Urshifu|Thunder Punch|p2a: Giratina
|-resisted|p2a: Giratina
|-damage|p2a: Giratina|13/100 tox
|
|-damage|p2a: Giratina|7/100 tox|[from] psn
|upkeep
|turn|10
|
|t:|1661784891
|move|p1a: Urshifu|Wicked Blow|p2a: Giratina
|-supereffective|p2a: Giratina
|-crit|p2a: Giratina
|-damage|p2a: Giratina|0 fnt
|faint|p2a: Giratina
|
|upkeep
|
|t:|1661784894
|switch|p2a: Clefable|Clefable, F|100/100
|-damage|p2a: Clefable|88/100|[from] Stealth Rock
|turn|11
|
|t:|1661784901
|switch|p1a: Dialga|Dialga|100/100
|-damage|p1a: Dialga|94/100|[from] Stealth Rock
|-ability|p1a: Dialga|Pressure
|move|p2a: Clefable|Teleport|p2a: Clefable
|
|t:|1661784912
|switch|p2a: Ferrothorn|Ferrothorn, F|87/100|[from]move: Teleport
|-damage|p2a: Ferrothorn|81/100|[from] Stealth Rock
|-ability|p2a: Ferrothorn|Anticipation
|
|upkeep
|turn|12
|
|t:|1661784918
|move|p1a: Dialga|Flamethrower|p2a: Ferrothorn
|-supereffective|p2a: Ferrothorn
|-enditem|p2a: Ferrothorn|Occa Berry|[eat]
|-enditem|p2a: Ferrothorn|Occa Berry|[weaken]
|-damage|p2a: Ferrothorn|36/100
|move|p2a: Ferrothorn|Leech Seed|p1a: Dialga
|-start|p1a: Dialga|move: Leech Seed
|
|-damage|p1a: Dialga|82/100|[from] Leech Seed|[of] p2a: Ferrothorn
|-heal|p2a: Ferrothorn|50/100|[silent]
|upkeep
|turn|13
|
|t:|1661784928
|switch|p1a: Ferrothorn|Ferrothorn, M|100/100
|-damage|p1a: Ferrothorn|95/100|[from] Stealth Rock
|-ability|p1a: Ferrothorn|Anticipation
|switch|p2a: Dialga|Dialga|100/100
|-damage|p2a: Dialga|94/100|[from] Stealth Rock
|-ability|p2a: Dialga|Pressure
|
|upkeep
|turn|14
|
|t:|1661784932
|move|p2a: Dialga|Flamethrower|p1a: Ferrothorn
|-supereffective|p1a: Ferrothorn
|-enditem|p1a: Ferrothorn|Occa Berry|[eat]
|-enditem|p1a: Ferrothorn|Occa Berry|[weaken]
|-damage|p1a: Ferrothorn|35/100
|move|p1a: Ferrothorn|Spikes|p2a: Dialga
|-sidestart|p2: Glaliegoesboom|Spikes
|
|upkeep
|turn|15
|
|t:|1661784942
|switch|p1a: Tyranitar|Tyranitar, M|70/100 brn
|-damage|p1a: Tyranitar|57/100 brn|[from] Stealth Rock
|-weather|Sandstorm|[from] ability: Sand Stream|[of] p1a: Tyranitar
|move|p2a: Dialga|Aura Sphere|p1a: Tyranitar
|-supereffective|p1a: Tyranitar
|-enditem|p1a: Tyranitar|Chople Berry|[eat]
|-enditem|p1a: Tyranitar|Chople Berry|[weaken]
|-damage|p1a: Tyranitar|27/100 brn
|
|-weather|Sandstorm|[upkeep]
|-damage|p1a: Tyranitar|21/100 brn|[from] brn
|upkeep
|turn|16
|
|t:|1661784948
|move|p2a: Dialga|Scale Shot|p1a: Tyranitar
|-damage|p1a: Tyranitar|14/100 brn
|-damage|p1a: Tyranitar|7/100 brn
|-damage|p1a: Tyranitar|0 fnt
|faint|p1a: Tyranitar
|-hitcount|p1: Tyranitar|3
|-unboost|p2a: Dialga|def|1
|-boost|p2a: Dialga|spe|1
|
|-weather|Sandstorm|[upkeep]
|upkeep
|
|t:|1661784952
|switch|p1a: Urshifu|Urshifu, M|100/100
|-damage|p1a: Urshifu|94/100|[from] Stealth Rock
|turn|17
|
|t:|1661784962
|-start|p1a: Urshifu|Dynamax|
|-heal|p1a: Urshifu|94/100|[silent]
|move|p2a: Dialga|Aura Sphere|p1a: Urshifu
|-supereffective|p1a: Urshifu
|-damage|p1a: Urshifu|51/100
|move|p1a: Urshifu|Max Knuckle|p2a: Dialga
|-supereffective|p2a: Dialga
|-damage|p2a: Dialga|0 fnt
|-boost|p1a: Urshifu|atk|1
|faint|p2a: Dialga
|
|-weather|Sandstorm|[upkeep]
|-damage|p1a: Urshifu|48/100|[from] Sandstorm
|upkeep
|
|t:|1661784966
|switch|p2a: Clefable|Clefable, F|88/100
|-damage|p2a: Clefable|76/100|[from] Stealth Rock
|-damage|p2a: Clefable|63/100|[from] Spikes
|turn|18
|
|t:|1661784970
|move|p1a: Urshifu|Max Lightning|p2a: Clefable
|-damage|p2a: Clefable|27/100
|-fieldstart|move: Electric Terrain
|move|p2a: Clefable|Moonblast|p1a: Urshifu
|-supereffective|p1a: Urshifu
|-damage|p1a: Urshifu|0 fnt
|faint|p1a: Urshifu
|
|-weather|Sandstorm|[upkeep]
|-damage|p2a: Clefable|21/100|[from] Sandstorm
|-heal|p2a: Clefable|27/100|[from] item: Leftovers
|upkeep
|
|t:|1661784972
|switch|p1a: Garchomp|Garchomp, M|100/100
|-damage|p1a: Garchomp|94/100|[from] Stealth Rock
|turn|19
|
|t:|1661784976
|detailschange|p1a: Garchomp|Garchomp-Mega, M
|-mega|p1a: Garchomp|Garchomp|Garchompite
|move|p1a: Garchomp|Earthquake|p2a: Clefable
|-damage|p2a: Clefable|0 fnt
|faint|p2a: Clefable
|
|-weather|none
|upkeep
|
|t:|1661784978
|switch|p2a: Gyarados|Gyarados, M|100/100
|-damage|p2a: Gyarados|76/100|[from] Stealth Rock
|-ability|p2a: Gyarados|Intimidate|boost
|-unboost|p1a: Garchomp|atk|1
|turn|20
|
|t:|1661784991
|move|p1a: Garchomp|Swords Dance|p1a: Garchomp
|-boost|p1a: Garchomp|atk|2
|move|p2a: Gyarados|Dragon Dance|p2a: Gyarados
|-boost|p2a: Gyarados|atk|1
|-boost|p2a: Gyarados|spe|1
|
|upkeep
|turn|21
|
|t:|1661784994
|detailschange|p2a: Gyarados|Gyarados-Mega, M
|-mega|p2a: Gyarados|Gyarados|Gyaradosite
|-ability|p2a: Gyarados|Mold Breaker
|move|p2a: Gyarados|Waterfall|p1a: Garchomp
|-damage|p1a: Garchomp|26/100
|move|p1a: Garchomp|Scale Shot|p2a: Gyarados
|-damage|p2a: Gyarados|51/100
|-damage|p2a: Gyarados|29/100
|-damage|p2a: Gyarados|8/100
|-hitcount|p2a: Gyarados|3
|-unboost|p1a: Garchomp|def|1
|-boost|p1a: Garchomp|spe|1
|
|upkeep
|turn|22
|
|t:|1661784997
|move|p1a: Garchomp|Earthquake|p2a: Gyarados
|-damage|p2a: Gyarados|0 fnt
|faint|p2a: Gyarados
|
|-fieldend|move: Electric Terrain
|upkeep
|
|t:|1661784999
|switch|p2a: Hippowdon|Hippowdon, M|100/100
|-damage|p2a: Hippowdon|94/100|[from] Stealth Rock
|-damage|p2a: Hippowdon|82/100|[from] Spikes
|turn|23
|c|☆Snake of the Moon|Ggwp
|
|t:|1661785006
|-start|p2a: Hippowdon|Dynamax|
|-heal|p2a: Hippowdon|82/100|[silent]
|move|p1a: Garchomp|Earthquake|p2a: Hippowdon
|-damage|p2a: Hippowdon|58/100
|move|p2a: Hippowdon|Max Quake|p1a: Garchomp
|-damage|p1a: Garchomp|0 fnt
|-boost|p2a: Hippowdon|spd|1
|faint|p1a: Garchomp
|
|-heal|p2a: Hippowdon|61/100|[from] item: Leftovers
|upkeep
|
|t:|1661785012
|switch|p1a: Rotom|Rotom-Wash|83/100 tox
|turn|24
|
|t:|1661785018
|move|p2a: Hippowdon|Max Guard|p2a: Hippowdon
|-singleturn|p2a: Hippowdon|Max Guard
|move|p1a: Rotom|Toxic|p2a: Hippowdon
|-activate|p2a: Hippowdon|move: Max Guard
|
|-heal|p2a: Hippowdon|64/100|[from] item: Leftovers
|-damage|p1a: Rotom|77/100 tox|[from] psn
|upkeep
|turn|25
|
|t:|1661785023
|switch|p1a: Ferrothorn|Ferrothorn, M|35/100
|-damage|p1a: Ferrothorn|29/100|[from] Stealth Rock
|move|p2a: Hippowdon|Max Guard||[still]
|-fail|p2a: Hippowdon
|
|-heal|p2a: Hippowdon|67/100|[from] item: Leftovers
|upkeep
|-end|p2a: Hippowdon|Dynamax
|-heal|p2a: Hippowdon|67/100|[silent]
|turn|26
|
|t:|1661785029
|move|p2a: Hippowdon|Earthquake|p1a: Ferrothorn
|-crit|p1a: Ferrothorn
|-damage|p1a: Ferrothorn|0 fnt
|faint|p1a: Ferrothorn
|
|-heal|p2a: Hippowdon|73/100|[from] item: Leftovers
|upkeep
|c|☆Snake of the Moon|That crit mattered
|c|☆Snake of the Moon|i was max def
|
|t:|1661785045
|switch|p1a: Rotom|Rotom-Wash|77/100 tox
|turn|27
|
|t:|1661785051
|move|p1a: Rotom|Volt Switch|p2a: Hippowdon
|-immune|p2a: Hippowdon
|move|p2a: Hippowdon|Slack Off|p2a: Hippowdon
|-heal|p2a: Hippowdon|100/100
|
|-damage|p1a: Rotom|71/100 tox|[from] psn
|upkeep
|turn|28
|c|☆Snake of the Moon|Hurry please
|
|t:|1661785073
|move|p1a: Rotom|Toxic|p2a: Hippowdon
|-status|p2a: Hippowdon|tox
|move|p2a: Hippowdon|Earthquake|p1a: Rotom
|-immune|p1a: Rotom|[from] ability: Levitate
|
|-damage|p1a: Rotom|59/100 tox|[from] psn
|-damage|p2a: Hippowdon|94/100 tox|[from] psn
|upkeep
|turn|29
|
|t:|1661785076
|move|p1a: Rotom|Pain Split|p2a: Hippowdon
|-sethp|p2a: Hippowdon|68/100 tox|[from] move: Pain Split|[silent]
|-sethp|p1a: Rotom|95/100 tox|[from] move: Pain Split
|move|p2a: Hippowdon|Earthquake|p1a: Rotom
|-immune|p1a: Rotom|[from] ability: Levitate
|
|-heal|p2a: Hippowdon|75/100 tox|[from] item: Leftovers
|-damage|p1a: Rotom|77/100 tox|[from] psn
|-damage|p2a: Hippowdon|62/100 tox|[from] psn
|upkeep
|turn|30
|
|t:|1661785099
|move|p1a: Rotom|Defog|p2a: Hippowdon
|-unboost|p2a: Hippowdon|evasion|1
|-sideend|p2: Glaliegoesboom|Spikes|[from] move: Defog|[of] p1a: Rotom
|-sideend|p2: Glaliegoesboom|Stealth Rock|[from] move: Defog|[of] p1a: Rotom
|-sideend|p1: Snake of the Moon|Stealth Rock|[from] move: Defog|[of] p1a: Rotom
|move|p2a: Hippowdon|Earthquake|p1a: Rotom
|-immune|p1a: Rotom|[from] ability: Levitate
|
|-heal|p2a: Hippowdon|68/100 tox|[from] item: Leftovers
|-damage|p1a: Rotom|53/100 tox|[from] psn
|-damage|p2a: Hippowdon|50/100 tox|[from] psn
|upkeep
|turn|31
|
|t:|1661785114
|switch|p1a: Dialga|Dialga|82/100
|-ability|p1a: Dialga|Pressure
|move|p2a: Hippowdon|Slack Off|p2a: Hippowdon
|-heal|p2a: Hippowdon|99/100 tox
|
|-heal|p2a: Hippowdon|100/100 tox|[from] item: Leftovers
|-damage|p2a: Hippowdon|76/100 tox|[from] psn
|upkeep
|turn|32
|
|t:|1661785118
|switch|p1a: Rotom|Rotom-Wash|53/100 tox
|switch|p2a: Ferrothorn|Ferrothorn, F|50/100
|
|-damage|p1a: Rotom|47/100 tox|[from] psn
|upkeep
|turn|33
|
|t:|1661785122
|move|p1a: Rotom|Volt Switch|p2a: Ferrothorn
|-resisted|p2a: Ferrothorn
|-damage|p2a: Ferrothorn|43/100
|
|t:|1661785123
|switch|p1a: Dialga|Dialga|82/100|[from]move: Volt Switch
|-ability|p1a: Dialga|Pressure
|move|p2a: Ferrothorn|Leech Seed|p1a: Dialga
|-start|p1a: Dialga|move: Leech Seed
|
|-damage|p1a: Dialga|70/100|[from] Leech Seed|[of] p2a: Ferrothorn
|-heal|p2a: Ferrothorn|57/100|[silent]
|upkeep
|turn|34
|
|t:|1661785128
|switch|p2a: Hippowdon|Hippowdon, M|76/100 tox
|move|p1a: Dialga|Flamethrower|p2a: Hippowdon
|-damage|p2a: Hippowdon|36/100 tox
|
|-heal|p2a: Hippowdon|42/100 tox|[from] item: Leftovers
|-damage|p1a: Dialga|57/100|[from] Leech Seed|[of] p2a: Hippowdon
|-heal|p2a: Hippowdon|54/100 tox|[silent]
|-damage|p2a: Hippowdon|48/100 tox|[from] psn
|upkeep
|turn|35
|
|t:|1661785134
|switch|p1a: Rotom|Rotom-Wash|47/100 tox
|switch|p2a: Ferrothorn|Ferrothorn, F|57/100
|
|-damage|p1a: Rotom|41/100 tox|[from] psn
|upkeep
|turn|36
|
|t:|1661785141
|move|p1a: Rotom|Pain Split|p2a: Ferrothorn
|-sethp|p2a: Ferrothorn|46/100|[from] move: Pain Split|[silent]
|-sethp|p1a: Rotom|53/100 tox|[from] move: Pain Split
|move|p2a: Ferrothorn|Leech Seed|p1a: Rotom
|-start|p1a: Rotom|move: Leech Seed
|
|-damage|p1a: Rotom|41/100 tox|[from] Leech Seed|[of] p2a: Ferrothorn
|-heal|p2a: Ferrothorn|57/100|[silent]
|-damage|p1a: Rotom|29/100 tox|[from] psn
|upkeep
|turn|37
|
|t:|1661785145
|move|p1a: Rotom|Pain Split|p2a: Ferrothorn
|-sethp|p2a: Ferrothorn|41/100|[from] move: Pain Split|[silent]
|-sethp|p1a: Rotom|47/100 tox|[from] move: Pain Split
|move|p2a: Ferrothorn|Body Press|p1a: Rotom
|-damage|p1a: Rotom|21/100 tox
|
|-damage|p1a: Rotom|9/100 tox|[from] Leech Seed|[of] p2a: Ferrothorn
|-heal|p2a: Ferrothorn|51/100|[silent]
|-damage|p1a: Rotom|0 fnt|[from] psn
|faint|p1a: Rotom
|upkeep
|
|t:|1661785148
|switch|p1a: Dialga|Dialga|57/100
|-ability|p1a: Dialga|Pressure
|turn|38
|
|t:|1661785150
|move|p1a: Dialga|Flamethrower|p2a: Ferrothorn
|-supereffective|p2a: Ferrothorn
|-damage|p2a: Ferrothorn|0 fnt
|faint|p2a: Ferrothorn
|
|upkeep
|
|t:|1661785153
|switch|p2a: Hippowdon|Hippowdon, M|48/100 tox
|turn|39
|
|t:|1661785155
|move|p1a: Dialga|Dragon Pulse|p2a: Hippowdon
|-damage|p2a: Hippowdon|0 fnt
|faint|p2a: Hippowdon
|
|win|Snake of the Moon
|c|☆Snake of the Moon|Ggy
|c|☆Snake of the Moon|ggwp
|c|☆Glaliegoesboom|Gg
|l|☆Glaliegoesboom
