|j|☆TheTraveler1
|j|☆VsP 2969
|t:|1662685738
|gametype|singles
|player|p1|TheTraveler1|dahlia|1370
|player|p2|VsP 2969|blackbelt|1470
|teamsize|p1|6
|teamsize|p2|6
|gen|8
|tier|[Gen 8] National Dex AG
|rated|
|rule|HP Percentage Mod: HP is shown in percentages
|rule|Endless Battle Clause: Forcing endless battles is banned
|clearpoke
|poke|p1|Greninja, M|
|poke|p1|Gliscor, M|
|poke|p1|Pheromosa|
|poke|p1|Milotic, F|
|poke|p1|Gengar, M|
|poke|p1|Salamence, M|
|poke|p2|Arceus-*|
|poke|p2|Rayquaza|
|poke|p2|Kyogre|
|poke|p2|Necrozma-Dusk-Mane|
|poke|p2|Calyrex-Shadow|
|poke|p2|Smeargle, M|
|teampreview
|
|t:|1662685746
|start
|switch|p1a: Pheromosa|Pheromosa, shiny|100/100
|switch|p2a: Smeargle|Smeargle, M|100/100
|turn|1
|
|t:|1662685760
|move|p1a: Pheromosa|Triple Axel|p2a: Smeargle
|-damage|p2a: Smeargle|82/100
|-damage|p2a: Smeargle|49/100
|-damage|p2a: Smeargle|0 fnt
|faint|p2a: Smeargle
|-ability|p1a: Pheromosa|Beast Boost|boost
|-boost|p1a: Pheromosa|spe|1
|-hitcount|p2: Smeargle|3
|
|upkeep
|inactive|Battle timer is ON: inactive players will automatically lose when time's up. (requested by TheTraveler1)
|
|t:|1662685774
|switch|p2a: Rayquaza|Rayquaza|100/100
|-ability|p2a: Rayquaza|Air Lock
|turn|2
|
|t:|1662685782
|switch|p2a: Kyogre|Kyogre|100/100
|detailschange|p2a: Kyogre|Kyogre-Primal
|-primal|p2a: Kyogre
|-weather|PrimordialSea|[from] ability: Primordial Sea|[of] p2a: Kyogre
|move|p1a: Pheromosa|Triple Axel|p2a: Kyogre
|-resisted|p2a: Kyogre
|-damage|p2a: Kyogre|97/100
|-resisted|p2a: Kyogre
|-damage|p2a: Kyogre|89/100
|-resisted|p2a: Kyogre
|-damage|p2a: Kyogre|77/100
|-hitcount|p2a: Kyogre|3
|
|-weather|PrimordialSea|[upkeep]
|upkeep
|turn|3
|
|t:|1662685798
|move|p1a: Pheromosa|U-turn|p2a: Kyogre
|-damage|p2a: Kyogre|32/100
|
|t:|1662685800
|switch|p1a: Milotic|Milotic, F, shiny|100/100|[from]move: U-turn
|move|p2a: Kyogre|Calm Mind|p2a: Kyogre
|-boost|p2a: Kyogre|spa|1
|-boost|p2a: Kyogre|spd|1
|
|-weather|PrimordialSea|[upkeep]
|-status|p1a: Milotic|brn|[from] item: Flame Orb
|upkeep
|turn|4
|
|t:|1662685811
|move|p2a: Kyogre|Thunder|p1a: Milotic
|-supereffective|p1a: Milotic
|-damage|p1a: Milotic|0 fnt
|faint|p1a: Milotic
|
|-weather|PrimordialSea|[upkeep]
|upkeep
|
|t:|1662685814
|switch|p1a: Pheromosa|Pheromosa, shiny|100/100
|turn|5
|
|t:|1662685819
|move|p1a: Pheromosa|U-turn|p2a: Kyogre
|-damage|p2a: Kyogre|0 fnt
|faint|p2a: Kyogre
|-weather|none
|-ability|p1a: Pheromosa|Beast Boost|boost
|-boost|p1a: Pheromosa|spe|1
|
|t:|1662685824
|switch|p1a: Greninja|Greninja, M|100/100|[from]move: U-turn
|
|upkeep
|
|t:|1662685842
|switch|p2a: Arceus|Arceus|100/100
|turn|6
|
|t:|1662685849
|-zpower|p1a: Greninja
|move|p1a: Greninja|Black Hole Eclipse|p2a: Arceus|[zeffect]
|-damage|p2a: Arceus|46/100
|move|p2a: Arceus|Swords Dance|p2a: Arceus
|-boost|p2a: Arceus|atk|2
|
|upkeep
|turn|7
|
|t:|1662685865
|switch|p1a: Gengar|Gengar, M, shiny|100/100
|move|p2a: Arceus|Extreme Speed|p1a: Gengar
|-immune|p1a: Gengar
|
|upkeep
|turn|8
|
|t:|1662685874
|detailschange|p1a: Gengar|Gengar-Mega, M, shiny
|-mega|p1a: Gengar|Gengar|Gengarite
|-start|p2a: Arceus|Dynamax|
|-heal|p2a: Arceus|46/100|[silent]
|move|p1a: Gengar|Sludge Bomb|p2a: Arceus
|-damage|p2a: Arceus|24/100
|move|p2a: Arceus|Max Phantasm|p1a: Gengar
|-supereffective|p1a: Gengar
|-damage|p1a: Gengar|0 fnt
|faint|p1a: Gengar
|-damage|p2a: Arceus|19/100|[from] item: Life Orb
|
|upkeep
|
|t:|1662685880
|switch|p1a: Pheromosa|Pheromosa, shiny|100/100
|turn|9
|inactive|VsP 2969 has 120 seconds left.
|
|t:|1662685923
|move|p1a: Pheromosa|U-turn|p2a: Arceus
|-damage|p2a: Arceus|4/100
|
|t:|1662685925
|switch|p1a: Sandglide|Gliscor, M, shiny|100/100|[from]move: U-turn
|move|p2a: Arceus|Max Strike|p1a: Sandglide
|-damage|p1a: Sandglide|0 fnt
|faint|p1a: Sandglide
|-damage|p2a: Arceus|0 fnt|[from] item: Life Orb
|faint|p2a: Arceus
|
|upkeep
|inactive|VsP 2969 has 120 seconds left.
|
|t:|1662685943
|switch|p2a: Rayquaza|Rayquaza|100/100
|switch|p1a: Pheromosa|Pheromosa, shiny|100/100
|-ability|p2a: Rayquaza|Air Lock
|turn|10
|
|t:|1662685954
|switch|p2a: Necrozma|Necrozma-Dusk-Mane|100/100
|move|p1a: Pheromosa|Triple Axel|p2a: Necrozma
|-resisted|p2a: Necrozma
|-damage|p2a: Necrozma|98/100
|-resisted|p2a: Necrozma
|-damage|p2a: Necrozma|91/100
|-resisted|p2a: Necrozma
|-damage|p2a: Necrozma|82/100
|-hitcount|p2a: Necrozma|3
|
|upkeep
|turn|11
|
|t:|1662685972
|move|p1a: Pheromosa|U-turn|p2a: Necrozma
|-damage|p2a: Necrozma|50/100
|
|t:|1662685973
|switch|p1a: Greninja|Greninja, M|100/100|[from]move: U-turn
|move|p2a: Necrozma|Heat Wave|p1a: Greninja
|-resisted|p1a: Greninja
|-damage|p1a: Greninja|77/100
|
|upkeep
|turn|12
|
|t:|1662685991
|switch|p2a: Calyrex|Calyrex-Shadow|100/100
|-ability|p2a: Calyrex|As One
|-ability|p2a: Calyrex|Unnerve
|move|p1a: Greninja|Dark Pulse|p2a: Calyrex
|-supereffective|p2a: Calyrex
|-enditem|p2a: Calyrex|Focus Sash
|-damage|p2a: Calyrex|1/100
|
|upkeep
|turn|13
|
|t:|1662686003
|move|p1a: Greninja|Water Shuriken|p2a: Calyrex
|-damage|p2a: Calyrex|0 fnt
|faint|p2a: Calyrex
|-activate|p1a: Greninja|ability: Battle Bond
|detailschange|p1a: Greninja|Greninja-Ash, M
|-hitcount|p2: Calyrex|1
|
|upkeep
|
|t:|1662686014
|switch|p2a: Rayquaza|Rayquaza|100/100
|-ability|p2a: Rayquaza|Air Lock
|turn|14
|
|t:|1662686020
|detailschange|p2a: Rayquaza|Rayquaza-Mega
|-mega|p2a: Rayquaza|Rayquaza|
|-weather|DeltaStream|[from] ability: Delta Stream|[of] p2a: Rayquaza
|move|p1a: Greninja|Ice Beam|p2a: Rayquaza
|-activate||deltastream
|-supereffective|p2a: Rayquaza
|-damage|p2a: Rayquaza|32/100
|move|p2a: Rayquaza|Dragon Dance|p2a: Rayquaza
|-boost|p2a: Rayquaza|atk|1
|-boost|p2a: Rayquaza|spe|1
|
|-weather|DeltaStream|[upkeep]
|upkeep
|turn|15
|
|t:|1662686034
|switch|p1a: Pheromosa|Pheromosa, shiny|100/100
|move|p2a: Rayquaza|Dragon Ascent|p1a: Pheromosa
|-supereffective|p1a: Pheromosa
|-damage|p1a: Pheromosa|0 fnt
|-unboost|p2a: Rayquaza|def|1
|-unboost|p2a: Rayquaza|spd|1
|faint|p1a: Pheromosa
|
|-weather|DeltaStream|[upkeep]
|upkeep
|
|t:|1662686035
|switch|p1a: Salamence|Salamence, M|100/100
|turn|16
|
|t:|1662686046
|-start|p1a: Salamence|Dynamax|
|-heal|p1a: Salamence|100/100|[silent]
|move|p2a: Rayquaza|Dragon Ascent|p1a: Salamence
|-damage|p1a: Salamence|16/100
|-unboost|p2a: Rayquaza|def|1
|-unboost|p2a: Rayquaza|spd|1
|move|p1a: Salamence|Max Airstream|p2a: Rayquaza
|-damage|p2a: Rayquaza|0 fnt
|-boost|p1a: Salamence|spe|1
|faint|p2a: Rayquaza
|-weather|none
|-ability|p1a: Salamence|Moxie|boost
|-boost|p1a: Salamence|atk|1
|
|upkeep
|
|t:|1662686062
|switch|p2a: Necrozma|Necrozma-Dusk-Mane|50/100
|turn|17
|
|t:|1662686072
|detailschange|p2a: Necrozma|Necrozma-Ultra
|-burst|p2a: Necrozma|Necrozma|Ultranecrozium Z
|move|p1a: Salamence|Max Quake|p2a: Necrozma
|-damage|p2a: Necrozma|0 fnt
|-boost|p1a: Salamence|spd|1
|faint|p2a: Necrozma
|
|win|TheTraveler1
|raw|TheTraveler1's rating: 1370 &rarr; <strong>1396</strong><br />(+26 for winning)
|raw|VsP 2969's rating: 1470 &rarr; <strong>1444</strong><br />(-26 for losing)
