|j|☆amnael1
|j|☆Apprenti Buck
|t:|1656345123
|gametype|singles
|player|p1|amnael1|dawn|1881
|player|p2|Apprenti Buck|lance|1987
|teamsize|p1|6
|teamsize|p2|6
|gen|8
|tier|[Gen 8] National Dex AG
|rated|
|rule|HP Percentage Mod: HP is shown in percentages
|rule|Endless Battle Clause: Forcing endless battles is banned
|clearpoke
|poke|p1|Smeargle, F|
|poke|p1|Groudon|
|poke|p1|Espeon, M|
|poke|p1|Rayquaza|
|poke|p1|Xerneas-*|
|poke|p1|Zacian-*|
|poke|p2|Rayquaza|
|poke|p2|Groudon|
|poke|p2|Yveltal|
|poke|p2|Marshadow|
|poke|p2|Necrozma-Dusk-Mane|
|poke|p2|Ho-Oh|
|teampreview
|inactive|Battle timer is ON: inactive players will automatically lose when time's up. (requested by Apprenti Buck)
|
|t:|1656345129
|start
|switch|p1a: Smeargle|Smeargle, F|100/100
|switch|p2a: Yveltal|Yveltal|100/100
|-ability|p2a: Yveltal|Dark Aura
|turn|1
|
|t:|1656345131
|move|p1a: Smeargle|Spiky Shield|p1a: Smeargle
|-singleturn|p1a: Smeargle|move: Protect
|move|p2a: Yveltal|Dark Pulse|p1a: Smeargle
|-activate|p1a: Smeargle|move: Protect
|
|-ability|p1a: Smeargle|Moody|boost
|-boost|p1a: Smeargle|spa|2
|-unboost|p1a: Smeargle|spd|1
|upkeep
|turn|2
|
|t:|1656345134
|move|p2a: Yveltal|Dark Pulse|p1a: Smeargle
|-enditem|p1a: Smeargle|Focus Sash
|-damage|p1a: Smeargle|1/100
|-damage|p2a: Yveltal|91/100|[from] item: Life Orb
|move|p1a: Smeargle|Spore|p2a: Yveltal
|-status|p2a: Yveltal|slp|[from] move: Spore
|
|-ability|p1a: Smeargle|Moody|boost
|-boost|p1a: Smeargle|spa|2
|-unboost|p1a: Smeargle|def|1
|upkeep
|turn|3
|
|t:|1656345138
|switch|p2a: Rayquaza|Rayquaza|100/100
|-ability|p2a: Rayquaza|Air Lock
|move|p1a: Smeargle|Shift Gear|p1a: Smeargle
|-boost|p1a: Smeargle|spe|2
|-boost|p1a: Smeargle|atk|1
|
|-ability|p1a: Smeargle|Moody|boost
|-boost|p1a: Smeargle|spa|2
|-unboost|p1a: Smeargle|spd|1
|upkeep
|turn|4
|
|t:|1656345145
|detailschange|p2a: Rayquaza|Rayquaza-Mega
|-mega|p2a: Rayquaza|Rayquaza|
|-weather|DeltaStream|[from] ability: Delta Stream|[of] p2a: Rayquaza
|move|p1a: Smeargle|Spiky Shield|p1a: Smeargle
|-singleturn|p1a: Smeargle|move: Protect
|move|p2a: Rayquaza|Extreme Speed|p1a: Smeargle
|-activate|p1a: Smeargle|move: Protect
|-damage|p2a: Rayquaza|88/100|[from] Spiky Shield|[of] p1a: Smeargle
|
|-weather|DeltaStream|[upkeep]
|-ability|p1a: Smeargle|Moody|boost
|-boost|p1a: Smeargle|spe|2
|-unboost|p1a: Smeargle|spd|1
|upkeep
|turn|5
|
|t:|1656345150
|switch|p1a: Zacian|Zacian-Crowned|100/100
|-ability|p1a: Zacian|Intrepid Sword|boost
|-boost|p1a: Zacian|atk|1
|move|p2a: Rayquaza|V-create|p1a: Zacian
|-supereffective|p1a: Zacian
|-damage|p1a: Zacian|0 fnt
|-unboost|p2a: Rayquaza|spe|1
|-unboost|p2a: Rayquaza|def|1
|-unboost|p2a: Rayquaza|spd|1
|faint|p1a: Zacian
|-damage|p2a: Rayquaza|78/100|[from] item: Life Orb
|
|-weather|DeltaStream|[upkeep]
|upkeep
|
|t:|1656345153
|switch|p1a: Rayquaza|Rayquaza|100/100
|-ability|p1a: Rayquaza|Air Lock
|turn|6
|
|t:|1656345158
|-weather|none
|switch|p2a: Groudon|Groudon|100/100
|detailschange|p2a: Groudon|Groudon-Primal
|-primal|p2a: Groudon
|-weather|DesolateLand|[from] ability: Desolate Land|[of] p2a: Groudon
|detailschange|p1a: Rayquaza|Rayquaza-Mega
|-mega|p1a: Rayquaza|Rayquaza|
|-weather|DeltaStream|[from] ability: Delta Stream|[of] p1a: Rayquaza
|move|p1a: Rayquaza|Dragon Ascent|p2a: Groudon
|-damage|p2a: Groudon|60/100
|-unboost|p1a: Rayquaza|def|1
|-unboost|p1a: Rayquaza|spd|1
|
|-weather|DeltaStream|[upkeep]
|upkeep
|turn|7
|
|t:|1656345160
|move|p1a: Rayquaza|Earthquake|p2a: Groudon
|-supereffective|p2a: Groudon
|-damage|p2a: Groudon|8/100
|move|p2a: Groudon|Stealth Rock|p1a: Rayquaza
|-sidestart|p1: amnael1|move: Stealth Rock
|
|-weather|DeltaStream|[upkeep]
|upkeep
|turn|8
|
|t:|1656345164
|move|p1a: Rayquaza|Earthquake|p2a: Groudon
|-supereffective|p2a: Groudon
|-damage|p2a: Groudon|0 fnt
|faint|p2a: Groudon
|
|-weather|DeltaStream|[upkeep]
|upkeep
|
|t:|1656345168
|switch|p2a: Ho-Oh|Ho-Oh|100/100
|turn|9
|
|t:|1656345171
|move|p1a: Rayquaza|Dragon Ascent|p2a: Ho-Oh
|-crit|p2a: Ho-Oh
|-damage|p2a: Ho-Oh|20/100
|-unboost|p1a: Rayquaza|def|1
|-unboost|p1a: Rayquaza|spd|1
|move|p2a: Ho-Oh|Sacred Fire|p1a: Rayquaza
|-resisted|p1a: Rayquaza
|-damage|p1a: Rayquaza|61/100
|-status|p1a: Rayquaza|brn
|
|-weather|DeltaStream|[upkeep]
|-damage|p1a: Rayquaza|55/100 brn|[from] brn
|upkeep
|turn|10
|
|t:|1656345174
|switch|p2a: Necrozma|Necrozma-Dusk-Mane|100/100
|move|p1a: Rayquaza|Dragon Ascent|p2a: Necrozma
|-resisted|p2a: Necrozma
|-damage|p2a: Necrozma|89/100
|-unboost|p1a: Rayquaza|def|1
|-unboost|p1a: Rayquaza|spd|1
|
|-weather|DeltaStream|[upkeep]
|-heal|p2a: Necrozma|95/100|[from] item: Leftovers
|-damage|p1a: Rayquaza|49/100 brn|[from] brn
|upkeep
|turn|11
|
|t:|1656345176
|move|p1a: Rayquaza|Earthquake|p2a: Necrozma
|-supereffective|p2a: Necrozma
|-damage|p2a: Necrozma|77/100
|move|p2a: Necrozma|Dragon Dance|p2a: Necrozma
|-boost|p2a: Necrozma|atk|1
|-boost|p2a: Necrozma|spe|1
|
|-weather|DeltaStream|[upkeep]
|-heal|p2a: Necrozma|83/100|[from] item: Leftovers
|-damage|p1a: Rayquaza|43/100 brn|[from] brn
|upkeep
|turn|12
|
|t:|1656345178
|move|p1a: Rayquaza|Dragon Dance|p1a: Rayquaza
|-boost|p1a: Rayquaza|atk|1
|-boost|p1a: Rayquaza|spe|1
|move|p2a: Necrozma|Dragon Dance|p2a: Necrozma
|-boost|p2a: Necrozma|atk|1
|-boost|p2a: Necrozma|spe|1
|
|-weather|DeltaStream|[upkeep]
|-heal|p2a: Necrozma|89/100|[from] item: Leftovers
|-damage|p1a: Rayquaza|37/100 brn|[from] brn
|upkeep
|turn|13
|
|t:|1656345180
|move|p1a: Rayquaza|Earthquake|p2a: Necrozma
|-supereffective|p2a: Necrozma
|-damage|p2a: Necrozma|61/100
|move|p2a: Necrozma|Dragon Dance|p2a: Necrozma
|-boost|p2a: Necrozma|atk|1
|-boost|p2a: Necrozma|spe|1
|
|-weather|DeltaStream|[upkeep]
|-heal|p2a: Necrozma|67/100|[from] item: Leftovers
|-damage|p1a: Rayquaza|31/100 brn|[from] brn
|upkeep
|turn|14
|
|t:|1656345183
|move|p2a: Necrozma|Dragon Dance|p2a: Necrozma
|-boost|p2a: Necrozma|atk|1
|-boost|p2a: Necrozma|spe|1
|move|p1a: Rayquaza|Earthquake|p2a: Necrozma
|-supereffective|p2a: Necrozma
|-damage|p2a: Necrozma|39/100
|
|-weather|DeltaStream|[upkeep]
|-heal|p2a: Necrozma|45/100|[from] item: Leftovers
|-damage|p1a: Rayquaza|25/100 brn|[from] brn
|upkeep
|turn|15
|
|t:|1656345189
|-start|p2a: Necrozma|Dynamax|
|-heal|p2a: Necrozma|45/100|[silent]
|move|p2a: Necrozma|Max Steelspike|p1a: Rayquaza
|-damage|p1a: Rayquaza|0 fnt
|-boost|p2a: Necrozma|def|1
|faint|p1a: Rayquaza
|-weather|none
|
|-heal|p2a: Necrozma|48/100|[from] item: Leftovers
|upkeep
|c|☆Apprenti Buck|Ggwp
|
|t:|1656345195
|switch|p1a: Groudon|Groudon|100/100
|-damage|p1a: Groudon|94/100|[from] Stealth Rock
|detailschange|p1a: Groudon|Groudon-Primal
|-primal|p1a: Groudon
|-weather|DesolateLand|[from] ability: Desolate Land|[of] p1a: Groudon
|turn|16
|
|t:|1656345197
|-weather|none
|switch|p1a: Smeargle|Smeargle, F|1/100
|-damage|p1a: Smeargle|0 fnt|[from] Stealth Rock
|faint|p1a: Smeargle
|move|p2a: Necrozma|Max Quake|p1: Smeargle|[notarget]
|-fail|p2a: Necrozma
|
|-heal|p2a: Necrozma|52/100|[from] item: Leftovers
|upkeep
|
|t:|1656345199
|switch|p1a: Espeon|Espeon, M|100/100
|-damage|p1a: Espeon|88/100|[from] Stealth Rock
|turn|17
|
|t:|1656345204
|move|p2a: Necrozma|Max Steelspike|p1a: Espeon
|-damage|p1a: Espeon|0 fnt
|-boost|p2a: Necrozma|def|1
|faint|p1a: Espeon
|
|-heal|p2a: Necrozma|55/100|[from] item: Leftovers
|upkeep
|
|t:|1656345206
|switch|p1a: Groudon|Groudon-Primal|94/100
|-damage|p1a: Groudon|82/100|[from] Stealth Rock
|-weather|DesolateLand|[from] ability: Desolate Land|[of] p1a: Groudon
|-end|p2a: Necrozma|Dynamax
|-heal|p2a: Necrozma|55/100|[silent]
|turn|18
|
|t:|1656345207
|move|p2a: Necrozma|Earthquake|p1a: Groudon
|-supereffective|p1a: Groudon
|-damage|p1a: Groudon|0 fnt
|faint|p1a: Groudon
|-weather|none
|
|-heal|p2a: Necrozma|61/100|[from] item: Leftovers
|upkeep
|
|t:|1656345210
|switch|p1a: Xerneas|Xerneas|100/100
|-damage|p1a: Xerneas|88/100|[from] Stealth Rock
|-ability|p1a: Xerneas|Fairy Aura
|turn|19
|
|t:|1656345212
|move|p2a: Necrozma|Sunsteel Strike|p1a: Xerneas
|-supereffective|p1a: Xerneas
|-damage|p1a: Xerneas|0 fnt
|faint|p1a: Xerneas
|
|win|Apprenti Buck
|raw|amnael1's rating: 1881 &rarr; <strong>1867</strong><br />(-14 for losing)
|raw|Apprenti Buck's rating: 1987 &rarr; <strong>2001</strong><br />(+14 for winning)
|l|☆amnael1
