|j|☆09-10a
|j|☆LaprasPlayer
|t:|1650697607
|gametype|singles
|player|p1|09-10a|schoolkid-gen4dp|
|player|p2|LaprasPlayer|clerkf|
|teamsize|p1|6
|teamsize|p2|6
|gen|8
|tier|[Gen 8] National Dex AG
|rule|HP Percentage Mod: HP is shown in percentages
|rule|Endless Battle Clause: Forcing endless battles is banned
|clearpoke
|poke|p1|Calyrex-Shadow|
|poke|p1|Zacian-*|
|poke|p1|Marshadow|
|poke|p1|Xerneas-*|
|poke|p1|Necrozma-Dusk-Mane|
|poke|p1|Yveltal|
|poke|p2|Arceus-*|
|poke|p2|Grimmsnarl, M|
|poke|p2|Yveltal|
|poke|p2|Ditto|
|poke|p2|Necrozma-Dusk-Mane|
|poke|p2|Calyrex-Ice|
|teampreview
|inactive|Battle timer is ON: inactive players will automatically lose when time's up. (requested by 09-10a)
|c|☆LaprasPlayer|hf
|inactive|09-10a has 270 seconds left.
|c|☆LaprasPlayer|I'll show you double weakness policy is
|c|☆LaprasPlayer|Wait why i reveal that
|c|☆LaprasPlayer|:I
|c|☆09-10a|x]
|
|t:|1650697659
|start
|switch|p1a: Zacian|Zacian|100/100
|switch|p2a: Arceus|Arceus-Ground|100/100
|-ability|p1a: Zacian|Intrepid Sword|boost
|-boost|p1a: Zacian|atk|1
|turn|1
|l|☆09-10a
|inactive|09-10a disconnected and has 300 seconds to reconnect!
|player|p1|
|c|☆LaprasPlayer|mhm
|inactive|LaprasPlayer has 270 seconds left.
|inactive|09-10a has 270 seconds to reconnect!
|inactive|LaprasPlayer has 240 seconds left.
|inactive|09-10a has 240 seconds to reconnect!
|c|☆LaprasPlayer|He shoulda turn off the timer
|inactive|09-10a has 210 seconds to reconnect!
|inactive|09-10a has 180 seconds to reconnect!
|j| SpaceSpeakers
|inactive|09-10a has 150 seconds to reconnect!
|l| SpaceSpeakers
|inactive|09-10a has 120 seconds to reconnect!
|inactive|09-10a has 90 seconds to reconnect!
|inactive|09-10a has 60 seconds to reconnect!
|j|☆09-10a
|inactive|09-10a reconnected and has 285 seconds left.
|player|p1|09-10a|schoolkid-gen4dp
|c|☆09-10a|Ah sorry about that
|c|☆09-10a|my net is p-
|c|☆09-10a|;-;
|c|☆LaprasPlayer|Its fine
|
|t:|1650697928
|move|p1a: Zacian|Play Rough|p2a: Arceus
|-damage|p2a: Arceus|51/100
|move|p2a: Arceus|Stealth Rock|p1a: Zacian
|-sidestart|p1: 09-10a|move: Stealth Rock
|
|upkeep
|turn|2
|c|☆LaprasPlayer|my net is also bad, my message got delayed frfr
|
|t:|1650697939
|move|p1a: Zacian|Play Rough|p2a: Arceus
|-damage|p2a: Arceus|3/100
|-zpower|p2a: Arceus
|move|p2a: Arceus|Tectonic Rage|p1a: Zacian|[zeffect]
|-damage|p1a: Zacian|21/100
|
|upkeep
|turn|3
|
|t:|1650697945
|move|p1a: Zacian|Play Rough|p2a: Arceus
|-damage|p2a: Arceus|0 fnt
|faint|p2a: Arceus
|
|upkeep
|
|t:|1650697949
|switch|p2a: Grimmsnarl|Grimmsnarl, M|100/100
|turn|4
|
|t:|1650697952
|move|p2a: Grimmsnarl|Reflect|p2a: Grimmsnarl
|-sidestart|p2: LaprasPlayer|Reflect
|move|p1a: Zacian|Swords Dance|p1a: Zacian
|-boost|p1a: Zacian|atk|2
|
|upkeep
|turn|5
|
|t:|1650697956
|move|p2a: Grimmsnarl|Light Screen|p2a: Grimmsnarl
|-sidestart|p2: LaprasPlayer|move: Light Screen
|move|p1a: Zacian|Play Rough|p2a: Grimmsnarl
|-supereffective|p2a: Grimmsnarl
|-crit|p2a: Grimmsnarl
|-damage|p2a: Grimmsnarl|0 fnt
|faint|p2a: Grimmsnarl
|
|upkeep
|
|t:|1650697959
|switch|p2a: Ditto|Ditto|100/100
|-transform|p2a: Ditto|p1a: Zacian|[from] ability: Imposter
|-ability|p2a: Ditto|Intrepid Sword|boost
|-boost|p2a: Ditto|atk|1
|turn|6
|
|t:|1650697965
|move|p2a: Ditto|Play Rough|p1a: Zacian
|-damage|p1a: Zacian|0 fnt
|faint|p1a: Zacian
|
|upkeep
|
|t:|1650697971
|switch|p1a: Necrozma|Necrozma-Dusk-Mane|100/100
|-damage|p1a: Necrozma|94/100|[from] Stealth Rock
|turn|7
|
|t:|1650697974
|switch|p2a: Calyrex|Calyrex-Ice|100/100
|-ability|p2a: Calyrex|As One
|-ability|p2a: Calyrex|Unnerve
|switch|p1a: Marshadow|Marshadow|100/100
|-damage|p1a: Marshadow|94/100|[from] Stealth Rock
|
|upkeep
|turn|8
|
|t:|1650697978
|move|p1a: Marshadow|Will-O-Wisp|p2a: Calyrex
|-status|p2a: Calyrex|brn
|move|p2a: Calyrex|Trick Room|p2a: Calyrex
|-fieldstart|move: Trick Room|[of] p2a: Calyrex
|
|-damage|p2a: Calyrex|94/100 brn|[from] brn
|upkeep
|turn|9
|
|t:|1650697982
|switch|p1a: Necrozma|Necrozma-Dusk-Mane|94/100
|-damage|p1a: Necrozma|88/100|[from] Stealth Rock
|move|p2a: Calyrex|Glacial Lance|p1a: Necrozma
|-resisted|p1a: Necrozma
|-damage|p1a: Necrozma|76/100
|
|-damage|p2a: Calyrex|88/100 brn|[from] brn
|upkeep
|turn|10
|
|t:|1650697987
|switch|p2a: Yveltal|Yveltal|100/100
|-ability|p2a: Yveltal|Dark Aura
|move|p1a: Necrozma|Trick Room|p1a: Necrozma
|-fieldend|move: Trick Room
|
|upkeep
|turn|11
|c|☆LaprasPlayer|mhm
|c|☆09-10a|>:)
|inactive|09-10a has 270 seconds left.
|
|t:|1650698021
|switch|p1a: Xerneas|Xerneas|100/100
|-damage|p1a: Xerneas|88/100|[from] Stealth Rock
|-ability|p1a: Xerneas|Fairy Aura
|move|p2a: Yveltal|Hone Claws|p2a: Yveltal
|-boost|p2a: Yveltal|atk|1
|-boost|p2a: Yveltal|accuracy|1
|
|-sideend|p2: LaprasPlayer|Reflect
|upkeep
|turn|12
|inactive|09-10a has 270 seconds left.
|
|t:|1650698040
|-start|p2a: Yveltal|Dynamax|
|-heal|p2a: Yveltal|100/100|[silent]
|move|p1a: Xerneas|Draining Kiss|p2a: Yveltal
|-supereffective|p2a: Yveltal
|-damage|p2a: Yveltal|84/100
|-heal|p1a: Xerneas|100/100|[from] drain|[of] p2a: Yveltal
|move|p2a: Yveltal|Max Airstream|p1a: Xerneas
|-damage|p1a: Xerneas|0 fnt
|-boost|p2a: Yveltal|spe|1
|faint|p1a: Xerneas
|-damage|p2a: Yveltal|79/100|[from] item: Life Orb
|
|-sideend|p2: LaprasPlayer|move: Light Screen
|upkeep
|c|☆09-10a|O-O
|c|☆LaprasPlayer|Nice
|
|t:|1650698065
|switch|p1a: Yveltal|Yveltal|100/100
|-damage|p1a: Yveltal|75/100|[from] Stealth Rock
|-ability|p1a: Yveltal|Dark Aura
|turn|13
|
|t:|1650698077
|move|p2a: Yveltal|Max Airstream|p1a: Yveltal
|-damage|p1a: Yveltal|0 fnt
|-boost|p2a: Yveltal|spe|1
|faint|p1a: Yveltal
|-damage|p2a: Yveltal|74/100|[from] item: Life Orb
|
|upkeep
|c|☆LaprasPlayer|:0
|l|☆09-10a
|inactive|09-10a disconnected and has 60 seconds to reconnect!
|player|p1|
|inactive|09-10a has 30 seconds to reconnect!
|inactive|09-10a has 20 seconds to reconnect!
|inactive|09-10a has 15 seconds to reconnect!
|c|☆LaprasPlayer|oh well
|inactive|09-10a has 10 seconds to reconnect!
|c|☆LaprasPlayer|Idt he'll come back
|inactive|09-10a has 5 seconds to reconnect!
|-message|LaprasPlayer forfeited.
|
|win|09-10a
|c|☆LaprasPlayer|ggwp
