|j|☆MVP2536
|j|☆smoolic alt
|t:|1662750165
|gametype|singles
|player|p1|MVP2536|giovanni|1796
|player|p2|smoolic alt|clemont|1728
|teamsize|p1|6
|teamsize|p2|6
|gen|8
|tier|[Gen 8] National Dex AG
|rated|
|rule|HP Percentage Mod: HP is shown in percentages
|rule|Endless Battle Clause: Forcing endless battles is banned
|clearpoke
|poke|p1|Groudon|
|poke|p1|Aegislash, M|
|poke|p1|Rotom-Wash|
|poke|p1|Scrafty, M|
|poke|p1|Whimsicott, F|
|poke|p1|Ditto|
|poke|p2|Smeargle, M|
|poke|p2|Groudon|
|poke|p2|Yveltal|
|poke|p2|Ho-Oh|
|poke|p2|Calyrex-Shadow|
|poke|p2|Rayquaza|
|teampreview
|inactive|Battle timer is ON: inactive players will automatically lose when time's up. (requested by smoolic alt)
|inactive|smoolic alt has 120 seconds left.
|
|t:|1662750198
|start
|switch|p1a: Ditto|Ditto|100/100
|switch|p2a: Smeargle|Smeargle, M|100/100
|-transform|p1a: Ditto|p2a: Smeargle|[from] ability: Imposter
|turn|1
|
|t:|1662750211
|switch|p2a: Ho-Oh|Ho-Oh, shiny|100/100
|move|p1a: Ditto|Taunt|p2a: Ho-Oh
|-start|p2a: Ho-Oh|move: Taunt
|
|-ability|p1a: Ditto|Moody|boost
|-boost|p1a: Ditto|atk|2
|-unboost|p1a: Ditto|spd|1
|upkeep
|turn|2
|
|t:|1662750220
|switch|p1a: garbage|Groudon|100/100
|detailschange|p1a: garbage|Groudon-Primal
|-primal|p1a: garbage
|-weather|DesolateLand|[from] ability: Desolate Land|[of] p1a: garbage
|switch|p2a: Smeargle|Smeargle, M|100/100
|
|-weather|DesolateLand|[upkeep]
|-ability|p2a: Smeargle|Moody|boost
|-boost|p2a: Smeargle|spa|2
|-unboost|p2a: Smeargle|def|1
|upkeep
|turn|3
|j| qw123qw
|
|t:|1662750230
|-weather|none
|switch|p1a: Whimsicott|Whimsicott, F|100/100
|move|p2a: Smeargle|Shell Smash|p2a: Smeargle
|-unboost|p2a: Smeargle|def|1
|-unboost|p2a: Smeargle|spd|1
|-boost|p2a: Smeargle|atk|2
|-boost|p2a: Smeargle|spa|2
|-boost|p2a: Smeargle|spe|2
|
|-ability|p2a: Smeargle|Moody|boost
|-boost|p2a: Smeargle|spd|2
|-unboost|p2a: Smeargle|def|1
|upkeep
|turn|4
|
|t:|1662750245
|move|p2a: Smeargle|Baton Pass|p2a: Smeargle
|
|t:|1662750256
|switch|p2a: Rayquaza|Rayquaza|100/100|[from]move: Baton Pass
|-ability|p2a: Rayquaza|Air Lock
|move|p1a: Whimsicott|Moonblast|p2a: Rayquaza
|-supereffective|p2a: Rayquaza
|-damage|p2a: Rayquaza|44/100
|
|upkeep
|turn|5
|
|t:|1662750264
|switch|p1a: Rotom|Rotom-Wash|100/100
|detailschange|p2a: Rayquaza|Rayquaza-Mega
|-mega|p2a: Rayquaza|Rayquaza|
|-weather|DeltaStream|[from] ability: Delta Stream|[of] p2a: Rayquaza
|move|p2a: Rayquaza|Dragon Ascent|p1a: Rotom
|-resisted|p1a: Rotom
|-damage|p1a: Rotom|13/100
|-unboost|p2a: Rayquaza|def|1
|-unboost|p2a: Rayquaza|spd|1
|-damage|p2a: Rayquaza|28/100|[from] item: Rocky Helmet|[of] p1a: Rotom
|-damage|p2a: Rayquaza|18/100|[from] item: Life Orb
|
|-weather|DeltaStream|[upkeep]
|upkeep
|turn|6
|
|t:|1662750278
|move|p2a: Rayquaza|Dragon Ascent|p1a: Rotom
|-resisted|p1a: Rotom
|-damage|p1a: Rotom|0 fnt
|-unboost|p2a: Rayquaza|def|1
|-unboost|p2a: Rayquaza|spd|1
|-damage|p2a: Rayquaza|1/100|[from] item: Rocky Helmet|[of] p1a: Rotom
|faint|p1a: Rotom
|-damage|p2a: Rayquaza|0 fnt|[from] item: Life Orb
|faint|p2a: Rayquaza
|-weather|none
|
|upkeep
|
|t:|1662750288
|switch|p2a: Smeargle|Smeargle, M|100/100
|switch|p1a: Whimsicott|Whimsicott, F|100/100
|turn|7
|
|t:|1662750295
|move|p1a: Whimsicott|Substitute|p1a: Whimsicott
|-start|p1a: Whimsicott|Substitute
|-damage|p1a: Whimsicott|76/100
|move|p2a: Smeargle|Shell Smash|p2a: Smeargle
|-unboost|p2a: Smeargle|def|1
|-unboost|p2a: Smeargle|spd|1
|-boost|p2a: Smeargle|atk|2
|-boost|p2a: Smeargle|spa|2
|-boost|p2a: Smeargle|spe|2
|
|-ability|p2a: Smeargle|Moody|boost
|-boost|p2a: Smeargle|atk|2
|-unboost|p2a: Smeargle|spa|1
|upkeep
|turn|8
|
|t:|1662750306
|switch|p2a: Ho-Oh|Ho-Oh, shiny|100/100
|move|p1a: Whimsicott|Moonblast|p2a: Ho-Oh
|-resisted|p2a: Ho-Oh
|-crit|p2a: Ho-Oh
|-damage|p2a: Ho-Oh|86/100
|-unboost|p2a: Ho-Oh|spa|1
|
|upkeep
|turn|9
|
|t:|1662750321
|move|p1a: Whimsicott|Leech Seed|p2a: Ho-Oh
|-start|p2a: Ho-Oh|move: Leech Seed
|move|p2a: Ho-Oh|Whirlwind|p1a: Whimsicott
|drag|p1a: Aegislash|Aegislash, M|100/100
|
|-damage|p2a: Ho-Oh|74/100|[from] Leech Seed|[of] p1a: Aegislash
|upkeep
|turn|10
|
|t:|1662750333
|switch|p2a: Smeargle|Smeargle, M|100/100
|switch|p1a: Ditto|Ditto|100/100
|-transform|p1a: Ditto|p2a: Smeargle|[from] ability: Imposter
|
|-ability|p1a: Ditto|Moody|boost
|-boost|p1a: Ditto|atk|2
|-unboost|p1a: Ditto|spe|1
|-ability|p2a: Smeargle|Moody|boost
|-boost|p2a: Smeargle|def|2
|-unboost|p2a: Smeargle|spe|1
|upkeep
|turn|11
|
|t:|1662750349
|switch|p2a: Yveltal|Yveltal|100/100
|-ability|p2a: Yveltal|Dark Aura
|move|p1a: Ditto|Spore|p2a: Yveltal
|-status|p2a: Yveltal|slp|[from] move: Spore
|
|-ability|p1a: Ditto|Moody|boost
|-boost|p1a: Ditto|spa|2
|-unboost|p1a: Ditto|spe|1
|upkeep
|turn|12
|
|t:|1662750359
|switch|p2a: Smeargle|Smeargle, M|100/100
|switch|p1a: garbage|Groudon-Primal|100/100
|-weather|DesolateLand|[from] ability: Desolate Land|[of] p1a: garbage
|
|-weather|DesolateLand|[upkeep]
|-ability|p2a: Smeargle|Moody|boost
|-boost|p2a: Smeargle|spd|2
|-unboost|p2a: Smeargle|atk|1
|upkeep
|turn|13
|
|t:|1662750368
|-weather|none
|switch|p1a: Whimsicott|Whimsicott, F|76/100
|move|p2a: Smeargle|Spore|p1a: Whimsicott
|-immune|p1a: Whimsicott
|
|-ability|p2a: Smeargle|Moody|boost
|-boost|p2a: Smeargle|spa|2
|-unboost|p2a: Smeargle|spd|1
|upkeep
|turn|14
|
|t:|1662750377
|move|p1a: Whimsicott|Taunt|p2a: Smeargle
|-start|p2a: Smeargle|move: Taunt
|cant|p2a: Smeargle|move: Taunt|Shell Smash
|
|-ability|p2a: Smeargle|Moody|boost
|-boost|p2a: Smeargle|def|2
|-unboost|p2a: Smeargle|spd|1
|upkeep
|turn|15
|
|t:|1662750385
|switch|p2a: Ho-Oh|Ho-Oh, shiny|100/100
|move|p1a: Whimsicott|Leech Seed|p2a: Ho-Oh
|-start|p2a: Ho-Oh|move: Leech Seed
|
|-damage|p2a: Ho-Oh|88/100|[from] Leech Seed|[of] p1a: Whimsicott
|-heal|p1a: Whimsicott|95/100|[silent]
|upkeep
|turn|16
|
|t:|1662750394
|move|p1a: Whimsicott|Substitute|p1a: Whimsicott
|-start|p1a: Whimsicott|Substitute
|-damage|p1a: Whimsicott|70/100
|move|p2a: Ho-Oh|Sacred Fire|p1a: Whimsicott
|-supereffective|p1a: Whimsicott
|-end|p1a: Whimsicott|Substitute
|
|-damage|p2a: Ho-Oh|76/100|[from] Leech Seed|[of] p1a: Whimsicott
|-heal|p1a: Whimsicott|90/100|[silent]
|upkeep
|turn|17
|
|t:|1662750404
|move|p1a: Whimsicott|Substitute|p1a: Whimsicott
|-start|p1a: Whimsicott|Substitute
|-damage|p1a: Whimsicott|65/100
|move|p2a: Ho-Oh|Whirlwind|p1a: Whimsicott
|drag|p1a: Ditto|Ditto|100/100
|-transform|p1a: Ditto|p2a: Ho-Oh|[from] ability: Imposter
|
|-damage|p2a: Ho-Oh|64/100|[from] Leech Seed|[of] p1a: Ditto
|upkeep
|turn|18
|
|t:|1662750418
|switch|p1a: garbage|Groudon-Primal|100/100
|-weather|DesolateLand|[from] ability: Desolate Land|[of] p1a: garbage
|switch|p2a: Yveltal|Yveltal|100/100 slp
|-ability|p2a: Yveltal|Dark Aura
|
|-weather|DesolateLand|[upkeep]
|upkeep
|turn|19
|
|t:|1662750428
|switch|p2a: Smeargle|Smeargle, M|100/100
|move|p1a: garbage|Heat Crash|p2a: Smeargle
|-enditem|p2a: Smeargle|Focus Sash
|-damage|p2a: Smeargle|1/100
|
|-weather|DesolateLand|[upkeep]
|-ability|p2a: Smeargle|Moody|boost
|-boost|p2a: Smeargle|def|2
|-unboost|p2a: Smeargle|atk|1
|upkeep
|turn|20
|j| Apprenti Buck
|
|t:|1662750438
|-weather|none
|switch|p1a: Whimsicott|Whimsicott, F|65/100
|move|p2a: Smeargle|Shell Smash|p2a: Smeargle
|-unboost|p2a: Smeargle|def|1
|-unboost|p2a: Smeargle|spd|1
|-boost|p2a: Smeargle|atk|2
|-boost|p2a: Smeargle|spa|2
|-boost|p2a: Smeargle|spe|2
|
|-ability|p2a: Smeargle|Moody|boost
|-boost|p2a: Smeargle|def|2
|-unboost|p2a: Smeargle|spe|1
|upkeep
|turn|21
|
|t:|1662750449
|move|p2a: Smeargle|Baton Pass|p2a: Smeargle
|
|t:|1662750461
|switch|p2a: Ho-Oh|Ho-Oh, shiny|97/100|[from]move: Baton Pass
|move|p1a: Whimsicott|Moonblast|p2a: Ho-Oh
|-resisted|p2a: Ho-Oh
|-damage|p2a: Ho-Oh|84/100
|-unboost|p2a: Ho-Oh|spa|1
|
|upkeep
|turn|22
|
|t:|1662750485
|switch|p1a: Ditto|Ditto|100/100
|-transform|p1a: Ditto|p2a: Ho-Oh|[from] ability: Imposter
|move|p2a: Ho-Oh|Sacred Fire|p1a: Ditto
|-resisted|p1a: Ditto
|-damage|p1a: Ditto|88/100
|
|upkeep
|turn|23
|
|t:|1662750497
|move|p1a: Ditto|Whirlwind|p2a: Ho-Oh
|drag|p2a: Groudon|Groudon|100/100
|detailschange|p2a: Groudon|Groudon-Primal
|-primal|p2a: Groudon
|-weather|DesolateLand|[from] ability: Desolate Land|[of] p2a: Groudon
|
|-weather|DesolateLand|[upkeep]
|upkeep
|turn|24
|
|t:|1662750504
|-start|p1a: Ditto|Dynamax|
|-heal|p1a: Ditto|88/100|[silent]
|move|p1a: Ditto|Max Airstream|p2a: Groudon
|-damage|p2a: Groudon|38/100
|-boost|p1a: Ditto|spe|1
|move|p2a: Groudon|Stealth Rock|p1a: Ditto
|-sidestart|p1: MVP2536|move: Stealth Rock
|
|-weather|DesolateLand|[upkeep]
|upkeep
|turn|25
|
|t:|1662750513
|-weather|none
|switch|p2a: Smeargle|Smeargle, M|1/100
|move|p1a: Ditto|Max Airstream|p2a: Smeargle
|-crit|p2a: Smeargle
|-damage|p2a: Smeargle|0 fnt
|-boost|p1a: Ditto|spe|1
|faint|p2a: Smeargle
|
|upkeep
|
|t:|1662750520
|switch|p2a: Ho-Oh|Ho-Oh, shiny|100/100
|turn|26
|
|t:|1662750524
|move|p1a: Ditto|Max Airstream|p2a: Ho-Oh
|-damage|p2a: Ho-Oh|45/100
|-boost|p1a: Ditto|spe|1
|move|p2a: Ho-Oh|Sacred Fire|p1a: Ditto
|-resisted|p1a: Ditto
|-damage|p1a: Ditto|84/100
|
|upkeep
|-end|p1a: Ditto|Dynamax
|-heal|p1a: Ditto|84/100|[silent]
|turn|27
|
|t:|1662750537
|switch|p1a: garbage|Groudon-Primal|100/100
|-damage|p1a: garbage|88/100|[from] Stealth Rock
|-weather|DesolateLand|[from] ability: Desolate Land|[of] p1a: garbage
|move|p2a: Ho-Oh|Whirlwind|p1a: garbage
|-weather|none
|drag|p1a: Whimsicott|Whimsicott, F|65/100
|
|upkeep
|turn|28
|
|t:|1662750565
|switch|p1a: garbage|Groudon-Primal|88/100
|-damage|p1a: garbage|76/100|[from] Stealth Rock
|-weather|DesolateLand|[from] ability: Desolate Land|[of] p1a: garbage
|move|p2a: Ho-Oh|Whirlwind|p1a: garbage
|-weather|none
|drag|p1a: Aegislash|Aegislash, M|100/100
|-damage|p1a: Aegislash|94/100|[from] Stealth Rock
|
|-heal|p1a: Aegislash|100/100|[from] item: Leftovers
|upkeep
|turn|29
|
|t:|1662750575
|move|p1a: Aegislash|King's Shield|p1a: Aegislash
|-singleturn|p1a: Aegislash|Protect
|move|p2a: Ho-Oh|Sacred Fire|p1a: Aegislash
|-activate|p1a: Aegislash|move: Protect
|
|upkeep
|turn|30
|
|t:|1662750581
|switch|p1a: garbage|Groudon-Primal|76/100
|-damage|p1a: garbage|63/100|[from] Stealth Rock
|-weather|DesolateLand|[from] ability: Desolate Land|[of] p1a: garbage
|move|p2a: Ho-Oh|Whirlwind|p1a: garbage
|-weather|none
|drag|p1a: Scrafty|Scrafty, M|100/100
|-damage|p1a: Scrafty|95/100|[from] Stealth Rock
|
|upkeep
|turn|31
|
|t:|1662750591
|move|p2a: Ho-Oh|Brave Bird|p1a: Scrafty
|-supereffective|p1a: Scrafty
|-damage|p1a: Scrafty|0 fnt
|faint|p1a: Scrafty
|-damage|p2a: Ho-Oh|20/100|[from] Recoil
|
|upkeep
|
|t:|1662750617
|switch|p1a: Aegislash|Aegislash, M|100/100
|-damage|p1a: Aegislash|94/100|[from] Stealth Rock
|turn|32
|
|t:|1662750625
|switch|p2a: Yveltal|Yveltal|100/100 slp
|-ability|p2a: Yveltal|Dark Aura
|-formechange|p1a: Aegislash|Aegislash-Blade||[from] ability: Stance Change
|move|p1a: Aegislash|Iron Head|p2a: Yveltal
|-damage|p2a: Yveltal|53/100 slp
|
|-heal|p1a: Aegislash|100/100|[from] item: Leftovers
|upkeep
|turn|33
|
|t:|1662750636
|cant|p2a: Yveltal|slp
|move|p1a: Aegislash|Iron Head|p2a: Yveltal
|-damage|p2a: Yveltal|7/100 slp
|
|upkeep
|turn|34
|
|t:|1662750641
|move|p1a: Aegislash|Shadow Sneak|p2a: Yveltal
|-resisted|p2a: Yveltal
|-damage|p2a: Yveltal|0 fnt
|faint|p2a: Yveltal
|
|upkeep
|
|t:|1662750650
|switch|p2a: Groudon|Groudon-Primal|38/100
|-weather|DesolateLand|[from] ability: Desolate Land|[of] p2a: Groudon
|turn|35
|
|t:|1662750654
|switch|p1a: Whimsicott|Whimsicott, F|65/100
|move|p2a: Groudon|Precipice Blades|p1a: Whimsicott
|-resisted|p1a: Whimsicott
|-damage|p1a: Whimsicott|14/100
|
|-weather|DesolateLand|[upkeep]
|upkeep
|turn|36
|
|t:|1662750661
|move|p1a: Whimsicott|Moonblast|p2a: Groudon
|-resisted|p2a: Groudon
|-damage|p2a: Groudon|18/100
|move|p2a: Groudon|Precipice Blades|p1a: Whimsicott
|-resisted|p1a: Whimsicott
|-damage|p1a: Whimsicott|0 fnt
|faint|p1a: Whimsicott
|
|-weather|DesolateLand|[upkeep]
|upkeep
|
|t:|1662750670
|switch|p1a: Ditto|Ditto|100/100
|-damage|p1a: Ditto|88/100|[from] Stealth Rock
|-transform|p1a: Ditto|p2a: Groudon|[from] ability: Imposter
|turn|37
|
|t:|1662750692
|move|p1a: Ditto|Stone Edge|p2a: Groudon
|-damage|p2a: Groudon|0 fnt
|faint|p2a: Groudon
|
|-weather|DesolateLand|[upkeep]
|upkeep
|c| qw123qw|man am I back at gen 6
|
|t:|1662750696
|switch|p2a: Calyrex|Calyrex-Shadow|100/100
|-ability|p2a: Calyrex|As One
|-ability|p2a: Calyrex|Unnerve
|turn|38
|c| qw123qw|I see an aegislash
|j| Nate2017
|c|☆MVP2536|yes
|c| qw123qw|cooooool
|
|t:|1662750711
|-weather|none
|switch|p1a: garbage|Groudon-Primal|63/100
|-damage|p1a: garbage|51/100|[from] Stealth Rock
|-weather|DesolateLand|[from] ability: Desolate Land|[of] p1a: garbage
|move|p2a: Calyrex|Substitute|p2a: Calyrex
|-start|p2a: Calyrex|Substitute
|-damage|p2a: Calyrex|76/100
|
|-weather|DesolateLand|[upkeep]
|upkeep
|turn|39
|c| qw123qw|really cool mon
|j| LemongrassGogulope
|c|☆MVP2536|ik right?
|
|t:|1662750723
|move|p2a: Calyrex|Astral Barrage|p1a: garbage
|-damage|p1a: garbage|0 fnt
|faint|p1a: garbage
|-weather|none
|-ability|p2a: Calyrex|Grim Neigh|boost
|-boost|p2a: Calyrex|spa|1
|-damage|p2a: Calyrex|66/100|[from] item: Life Orb
|
|upkeep
|c| qw123qw|it has king's shield tooooo
|c| qw123qw|vvvvvv cooool
|
|t:|1662750731
|switch|p1a: Aegislash|Aegislash, M|100/100
|-damage|p1a: Aegislash|94/100|[from] Stealth Rock
|turn|40
|c| qw123qw|yep yep yep
|l| Apprenti Buck
|
|t:|1662750737
|switch|p2a: Ho-Oh|Ho-Oh, shiny|54/100
|-formechange|p1a: Aegislash|Aegislash-Blade||[from] ability: Stance Change
|move|p1a: Aegislash|Shadow Sneak|p2a: Ho-Oh
|-damage|p2a: Ho-Oh|38/100
|
|-heal|p1a: Aegislash|100/100|[from] item: Leftovers
|upkeep
|turn|41
|
|t:|1662750744
|-start|p2a: Ho-Oh|Dynamax|
|-heal|p2a: Ho-Oh|38/100|[silent]
|-formechange|p1a: Aegislash|Aegislash||[from] ability: Stance Change
|move|p1a: Aegislash|King's Shield|p1a: Aegislash
|-singleturn|p1a: Aegislash|Protect
|move|p2a: Ho-Oh|Max Flare|p1a: Aegislash
|-supereffective|p1a: Aegislash
|-zbroken|p1a: Aegislash
|-damage|p1a: Aegislash|77/100
|-weather|SunnyDay
|
|-weather|SunnyDay|[upkeep]
|-heal|p1a: Aegislash|83/100|[from] item: Leftovers
|upkeep
|turn|42
|
|t:|1662750758
|switch|p1a: Ditto|Ditto|88/100
|-damage|p1a: Ditto|76/100|[from] Stealth Rock
|-transform|p1a: Ditto|p2a: Ho-Oh|[from] ability: Imposter
|move|p2a: Ho-Oh|Max Flare|p1a: Ditto
|-resisted|p1a: Ditto
|-damage|p1a: Ditto|35/100
|
|-weather|SunnyDay|[upkeep]
|upkeep
|turn|43
|
|t:|1662750770
|switch|p1a: Aegislash|Aegislash, M|83/100
|-damage|p1a: Aegislash|77/100|[from] Stealth Rock
|move|p2a: Ho-Oh|Max Airstream|p1a: Aegislash
|-resisted|p1a: Aegislash
|-damage|p1a: Aegislash|55/100
|-boost|p2a: Ho-Oh|spe|1
|
|-weather|SunnyDay|[upkeep]
|-heal|p1a: Aegislash|61/100|[from] item: Leftovers
|upkeep
|-end|p2a: Ho-Oh|Dynamax
|-heal|p2a: Ho-Oh|38/100|[silent]
|turn|44
|
|t:|1662750782
|move|p1a: Aegislash|King's Shield|p1a: Aegislash
|-singleturn|p1a: Aegislash|Protect
|move|p2a: Ho-Oh|Whirlwind|p1a: Aegislash
|drag|p1a: Ditto|Ditto|69/100
|-damage|p1a: Ditto|57/100|[from] Stealth Rock
|-transform|p1a: Ditto|p2a: Ho-Oh|[from] ability: Imposter
|
|-weather|SunnyDay|[upkeep]
|upkeep
|turn|45
|l| Nate2017
|
|t:|1662750793
|move|p1a: Ditto|Brave Bird|p2a: Ho-Oh
|-damage|p2a: Ho-Oh|7/100
|-damage|p1a: Ditto|42/100|[from] Recoil
|move|p2a: Ho-Oh|Brave Bird|p1a: Ditto
|-damage|p1a: Ditto|0 fnt
|faint|p1a: Ditto
|-damage|p2a: Ho-Oh|0 fnt|[from] Recoil
|faint|p2a: Ho-Oh
|
|-weather|none
|upkeep
|c|☆MVP2536|gg
|
|t:|1662750803
|switch|p2a: Calyrex|Calyrex-Shadow|66/100
|switch|p1a: Aegislash|Aegislash, M|61/100
|-ability|p2a: Calyrex|As One
|-ability|p2a: Calyrex|Unnerve
|-damage|p1a: Aegislash|55/100|[from] Stealth Rock
|turn|46
|c|☆smoolic alt|gg
|j| TaxFraud094
|
|t:|1662750810
|-formechange|p1a: Aegislash|Aegislash-Blade||[from] ability: Stance Change
|move|p1a: Aegislash|Shadow Sneak|p2a: Calyrex
|-supereffective|p2a: Calyrex
|-damage|p2a: Calyrex|0 fnt
|faint|p2a: Calyrex
|
|win|MVP2536
|raw|MVP2536's rating: 1796 &rarr; <strong>1812</strong><br />(+16 for winning)
|raw|smoolic alt's rating: 1728 &rarr; <strong>1712</strong><br />(-16 for losing)
|l|☆smoolic alt
|c| LemongrassGogulope|aegislash W
|c|☆MVP2536|why so many people here
|c|☆MVP2536|also yes aegislash w
|l| LemongrassGogulope
|l| TaxFraud094
