|j|☆gotei 14
|j|☆Insectoid Warrior
|t:|1665769035
|gametype|singles
|player|p1|gotei 14|266|1313
|player|p2|Insectoid Warrior|collector|1246
|teamsize|p1|6
|teamsize|p2|6
|gen|8
|tier|[Gen 8] National Dex AG
|rated|
|rule|HP Percentage Mod: HP is shown in percentages
|rule|Endless Battle Clause: Forcing endless battles is banned
|clearpoke
|poke|p1|Kyogre|
|poke|p1|Manaphy|
|poke|p1|Gengar, M|
|poke|p1|Salamence, F|
|poke|p1|Calyrex-Shadow|
|poke|p1|Zapdos|
|poke|p2|Volbeat, M|
|poke|p2|Yanmega, M|
|poke|p2|Crustle, M|
|poke|p2|Buzzwole|
|poke|p2|Accelgor, M|
|poke|p2|Butterfree, F|
|teampreview
|
|t:|1665769040
|start
|switch|p1a: Manaphy|Manaphy|100/100
|switch|p2a: Destro|Volbeat, M|100/100
|turn|1
|
|t:|1665769047
|move|p2a: Destro|Tail Glow|p2a: Destro
|-boost|p2a: Destro|spa|3
|-zpower|p1a: Manaphy
|move|p1a: Manaphy|Z-Rain Dance|p1a: Manaphy|[anim]Rain Dance
|-boost|p1a: Manaphy|spe|1|[zeffect]
|-weather|RainDance
|
|-weather|RainDance|[upkeep]
|upkeep
|turn|2
|
|t:|1665769054
|move|p2a: Destro|Double Team|p2a: Destro
|-boost|p2a: Destro|evasion|1
|move|p1a: Manaphy|Tail Glow|p1a: Manaphy
|-boost|p1a: Manaphy|spa|3
|
|-weather|RainDance|[upkeep]
|upkeep
|turn|3
|
|t:|1665769067
|move|p2a: Destro|Encore|p1a: Manaphy
|-start|p1a: Manaphy|Encore
|move|p1a: Manaphy|Tail Glow|p1a: Manaphy
|-boost|p1a: Manaphy|spa|3
|
|-weather|RainDance|[upkeep]
|upkeep
|turn|4
|
|t:|1665769073
|move|p2a: Destro|Baton Pass|p2a: Destro
|
|t:|1665769075
|switch|p2a: Attack Helicopter|Yanmega, M, shiny|100/100|[from]move: Baton Pass
|move|p1a: Manaphy|Tail Glow|p1a: Manaphy
|-boost|p1a: Manaphy|spa|0
|
|-weather|RainDance|[upkeep]
|upkeep
|turn|5
|
|t:|1665769084
|-start|p2a: Attack Helicopter|Dynamax|
|-heal|p2a: Attack Helicopter|100/100|[silent]
|move|p1a: Manaphy|Tail Glow|p1a: Manaphy
|-boost|p1a: Manaphy|spa|0
|move|p2a: Attack Helicopter|Max Airstream|p1a: Manaphy
|-crit|p1a: Manaphy
|-damage|p1a: Manaphy|0 fnt
|-boost|p2a: Attack Helicopter|spe|1
|faint|p1a: Manaphy
|
|-weather|none
|upkeep
|
|t:|1665769093
|switch|p1a: Zapdos|Zapdos|100/100
|turn|6
|
|t:|1665769097
|move|p2a: Attack Helicopter|Max Airstream|p1a: Zapdos
|-resisted|p1a: Zapdos
|-damage|p1a: Zapdos|0 fnt
|-boost|p2a: Attack Helicopter|spe|1
|faint|p1a: Zapdos
|
|upkeep
|
|t:|1665769103
|switch|p1a: Salamence|Salamence, F|100/100
|turn|7
|
|t:|1665769109
|move|p2a: Attack Helicopter|Max Airstream|p1a: Salamence
|-damage|p1a: Salamence|0 fnt
|-boost|p2a: Attack Helicopter|spe|1
|faint|p1a: Salamence
|
|upkeep
|
|t:|1665769113
|switch|p1a: Gengar|Gengar, M|100/100
|-end|p2a: Attack Helicopter|Dynamax
|-heal|p2a: Attack Helicopter|100/100|[silent]
|turn|8
|
|t:|1665769121
|detailschange|p1a: Gengar|Gengar-Mega, M
|-mega|p1a: Gengar|Gengar|Gengarite
|move|p2a: Attack Helicopter|Bug Buzz|p1a: Gengar
|-resisted|p1a: Gengar
|-damage|p1a: Gengar|5/100
|move|p1a: Gengar|Shadow Ball|p2a: Attack Helicopter|[miss]
|-miss|p1a: Gengar|p2a: Attack Helicopter
|
|upkeep
|turn|9
|
|t:|1665769129
|move|p2a: Attack Helicopter|Bug Buzz|p1a: Gengar
|-resisted|p1a: Gengar
|-damage|p1a: Gengar|0 fnt
|faint|p1a: Gengar
|
|upkeep
|
|t:|1665769132
|switch|p1a: Kyogre|Kyogre|100/100
|detailschange|p1a: Kyogre|Kyogre-Primal
|-primal|p1a: Kyogre
|-weather|PrimordialSea|[from] ability: Primordial Sea|[of] p1a: Kyogre
|turn|10
|
|t:|1665769136
|move|p2a: Attack Helicopter|Bug Buzz|p1a: Kyogre
|-damage|p1a: Kyogre|31/100
|move|p1a: Kyogre|Thunder|p2a: Attack Helicopter
|-supereffective|p2a: Attack Helicopter
|-damage|p2a: Attack Helicopter|0 fnt
|faint|p2a: Attack Helicopter
|
|-weather|PrimordialSea|[upkeep]
|upkeep
|
|t:|1665769150
|switch|p2a: Machosquito|Buzzwole|100/100
|turn|11
|
|t:|1665769153
|move|p2a: Machosquito|Dynamic Punch|p1a: Kyogre
|-damage|p1a: Kyogre|0 fnt
|faint|p1a: Kyogre
|-weather|none
|-ability|p2a: Machosquito|Beast Boost|boost
|-boost|p2a: Machosquito|atk|1
|
|upkeep
|
|t:|1665769157
|switch|p1a: Calyrex|Calyrex-Shadow|100/100
|-ability|p1a: Calyrex|As One
|-ability|p1a: Calyrex|Unnerve
|turn|12
|
|t:|1665769168
|-start|p1a: Calyrex|Dynamax|
|-heal|p1a: Calyrex|100/100|[silent]
|move|p1a: Calyrex|Max Mindstorm|p2a: Machosquito
|-supereffective|p2a: Machosquito
|-damage|p2a: Machosquito|0 fnt
|-fieldstart|move: Psychic Terrain
|faint|p2a: Machosquito
|-ability|p1a: Calyrex|Grim Neigh|boost
|-boost|p1a: Calyrex|spa|1
|
|upkeep
|
|t:|1665769176
|switch|p2a: Destro|Volbeat, M|100/100
|turn|13
|
|t:|1665769188
|move|p2a: Destro|Double Team|p2a: Destro
|-boost|p2a: Destro|evasion|1
|move|p1a: Calyrex|Max Phantasm|p2a: Destro
|-crit|p2a: Destro
|-enditem|p2a: Destro|Focus Sash
|-damage|p2a: Destro|1/100
|-unboost|p2a: Destro|def|1
|
|upkeep
|turn|14
|inactive|Battle timer is ON: inactive players will automatically lose when time's up. (requested by Insectoid Warrior)
|
|t:|1665769197
|move|p2a: Destro|Double Team|p2a: Destro
|-boost|p2a: Destro|evasion|1
|move|p1a: Calyrex|Max Phantasm|p2a: Destro
|-damage|p2a: Destro|0 fnt
|faint|p2a: Destro
|-ability|p1a: Calyrex|Grim Neigh|boost
|-boost|p1a: Calyrex|spa|1
|
|upkeep
|
|t:|1665769199
|switch|p2a: King Tut|Accelgor, M, shiny|100/100
|-end|p1a: Calyrex|Dynamax
|-heal|p1a: Calyrex|100/100|[silent]
|turn|15
|
|t:|1665769210
|move|p1a: Calyrex|Astral Barrage|p2a: King Tut
|-enditem|p2a: King Tut|Focus Sash
|-damage|p2a: King Tut|1/100
|move|p2a: King Tut|Bug Buzz|p1a: Calyrex
|-damage|p1a: Calyrex|60/100
|
|upkeep
|turn|16
|
|t:|1665769218
|move|p2a: King Tut|Bug Buzz|p1a: Calyrex
|-damage|p1a: Calyrex|24/100
|move|p1a: Calyrex|Astral Barrage|p2a: King Tut
|-damage|p2a: King Tut|0 fnt
|faint|p2a: King Tut
|-ability|p1a: Calyrex|Grim Neigh|boost
|-boost|p1a: Calyrex|spa|1
|
|-fieldend|move: Psychic Terrain
|upkeep
|
|t:|1665769220
|switch|p2a: Toxic Slutch|Crustle, M, shiny|100/100
|turn|17
|
|t:|1665769229
|move|p1a: Calyrex|Astral Barrage|p2a: Toxic Slutch
|-ability|p2a: Toxic Slutch|Sturdy
|-damage|p2a: Toxic Slutch|1/100
|move|p2a: Toxic Slutch|X-Scissor|p1a: Calyrex
|-damage|p1a: Calyrex|0 fnt
|faint|p1a: Calyrex
|
|win|Insectoid Warrior
|raw|gotei 14's rating: 1313 &rarr; <strong>1289</strong><br />(-24 for losing)
|raw|Insectoid Warrior's rating: 1246 &rarr; <strong>1276</strong><br />(+30 for winning)
|c|☆Insectoid Warrior|Gg, well played! Hope you have a good day!
|l|☆gotei 14
