|j|☆MVP2536
|j|☆Snake of the Moon
|t:|1661688309
|gametype|singles
|player|p1|MVP2536|giovanni|
|player|p2|Snake of the Moon|lance-masters|
|teamsize|p1|6
|teamsize|p2|6
|gen|8
|tier|[Gen 8] National Dex AG
|rule|HP Percentage Mod: HP is shown in percentages
|rule|Endless Battle Clause: Forcing endless battles is banned
|clearpoke
|poke|p1|Blaziken, F|
|poke|p1|Rotom-Wash|
|poke|p1|Weezing-Galar, M|
|poke|p1|Aegislash, F|
|poke|p1|Zarude-Dada|
|poke|p1|Krookodile, M|
|poke|p2|Dialga|
|poke|p2|Giratina|
|poke|p2|Dragonite, F|
|poke|p2|Ferrothorn, M|
|poke|p2|Rotom-Wash|
|poke|p2|Lucario, M|
|teampreview
|inactive|Battle timer is ON: inactive players will automatically lose when time's up. (requested by Snake of the Moon)
|
|t:|1661688317
|start
|switch|p1a: Weezing|Weezing-Galar, M|100/100
|switch|p2a: Ferrothorn|Ferrothorn, M|100/100
|-ability|p2a: Ferrothorn|Anticipation
|turn|1
|
|t:|1661688338
|move|p1a: Weezing|Fire Blast|p2a: Ferrothorn
|-supereffective|p2a: Ferrothorn
|-enditem|p2a: Ferrothorn|Occa Berry|[eat]
|-enditem|p2a: Ferrothorn|Occa Berry|[weaken]
|-damage|p2a: Ferrothorn|68/100
|move|p2a: Ferrothorn|Stealth Rock|p1a: Weezing
|-sidestart|p1: MVP2536|move: Stealth Rock
|
|upkeep
|turn|2
|j| Wanted Burglar
|
|t:|1661688354
|switch|p2a: Dialga|Dialga|100/100
|-ability|p2a: Dialga|Pressure
|move|p1a: Weezing|Fire Blast|p2a: Dialga
|-damage|p2a: Dialga|90/100
|
|upkeep
|turn|3
|
|t:|1661688362
|switch|p1a: Aegislash|Aegislash, F|100/100
|-damage|p1a: Aegislash|94/100|[from] Stealth Rock
|move|p2a: Dialga|Flash Cannon|p1a: Aegislash
|-resisted|p1a: Aegislash
|-damage|p1a: Aegislash|81/100
|
|-heal|p1a: Aegislash|88/100|[from] item: Leftovers
|upkeep
|turn|4
|inactive|Snake of the Moon has 270 seconds left.
|
|t:|1661688390
|switch|p2a: Giratina|Giratina|100/100
|-ability|p2a: Giratina|Pressure
|-formechange|p1a: Aegislash|Aegislash-Blade||[from] ability: Stance Change
|move|p1a: Aegislash|Flash Cannon|p2a: Giratina
|-crit|p2a: Giratina
|-damage|p2a: Giratina|73/100
|
|-heal|p1a: Aegislash|94/100|[from] item: Leftovers
|upkeep
|turn|5
|inactive|Snake of the Moon has 270 seconds left.
|
|t:|1661688410
|switch|p2a: Dragonite|Dragonite, F|100/100
|switch|p1a: Weezing|Weezing-Galar, M|100/100
|-damage|p1a: Weezing|88/100|[from] Stealth Rock
|
|-heal|p1a: Weezing|94/100|[from] item: Black Sludge
|upkeep
|turn|6
|
|t:|1661688420
|move|p2a: Dragonite|Dragon Dance|p2a: Dragonite
|-boost|p2a: Dragonite|atk|1
|-boost|p2a: Dragonite|spe|1
|move|p1a: Weezing|Strange Steam|p2a: Dragonite
|-supereffective|p2a: Dragonite
|-damage|p2a: Dragonite|62/100
|-enditem|p2a: Dragonite|Weakness Policy
|-boost|p2a: Dragonite|atk|2|[from] item: Weakness Policy
|-boost|p2a: Dragonite|spa|2|[from] item: Weakness Policy
|
|-heal|p1a: Weezing|99/100|[from] item: Black Sludge
|upkeep
|turn|7
|inactive|Snake of the Moon has 270 seconds left.
|
|t:|1661688430
|-start|p2a: Dragonite|Dynamax|
|-heal|p2a: Dragonite|62/100|[silent]
|-start|p1a: Weezing|Dynamax|
|-heal|p1a: Weezing|99/100|[silent]
|move|p2a: Dragonite|Max Flare|p1a: Weezing
|-damage|p1a: Weezing|50/100
|-weather|SunnyDay
|move|p1a: Weezing|Max Starfall|p2a: Dragonite
|-supereffective|p2a: Dragonite
|-damage|p2a: Dragonite|14/100
|-fieldstart|move: Misty Terrain
|
|-weather|SunnyDay|[upkeep]
|-heal|p1a: Weezing|53/100|[from] item: Black Sludge
|upkeep
|turn|8
|inactive|Snake of the Moon has 270 seconds left.
|
|t:|1661688452
|move|p2a: Dragonite|Max Flare|p1a: Weezing
|-damage|p1a: Weezing|0 fnt
|faint|p1a: Weezing
|
|-weather|SunnyDay|[upkeep]
|upkeep
|
|t:|1661688458
|switch|p1a: Aegislash|Aegislash, F|94/100
|-damage|p1a: Aegislash|88/100|[from] Stealth Rock
|turn|9
|
|t:|1661688465
|move|p1a: Aegislash|King's Shield|p1a: Aegislash
|-singleturn|p1a: Aegislash|Protect
|move|p2a: Dragonite|Max Flare|p1a: Aegislash
|-supereffective|p1a: Aegislash
|-zbroken|p1a: Aegislash
|-damage|p1a: Aegislash|10/100
|
|-weather|SunnyDay|[upkeep]
|-heal|p1a: Aegislash|16/100|[from] item: Leftovers
|upkeep
|-end|p2a: Dragonite|Dynamax
|-heal|p2a: Dragonite|14/100|[silent]
|turn|10
|
|t:|1661688478
|-formechange|p1a: Aegislash|Aegislash-Blade||[from] ability: Stance Change
|move|p1a: Aegislash|Shadow Sneak|p2a: Dragonite
|-damage|p2a: Dragonite|0 fnt
|faint|p2a: Dragonite
|
|-weather|SunnyDay|[upkeep]
|-heal|p1a: Aegislash|22/100|[from] item: Leftovers
|upkeep
|inactive|Snake of the Moon has 270 seconds left.
|
|t:|1661688501
|switch|p2a: Lucario|Lucario, M|100/100
|turn|11
|
|t:|1661688507
|detailschange|p2a: Lucario|Lucario-Mega, M
|-mega|p2a: Lucario|Lucario|Lucarionite
|move|p2a: Lucario|Dark Pulse|p1a: Aegislash
|-supereffective|p1a: Aegislash
|-damage|p1a: Aegislash|0 fnt
|faint|p1a: Aegislash
|
|-weather|none
|-fieldend|Misty Terrain
|upkeep
|inactive|MVP2536 has 270 seconds left.
|
|t:|1661688550
|switch|p1a: Rotom|Rotom-Wash|100/100
|-damage|p1a: Rotom|88/100|[from] Stealth Rock
|turn|12
|
|t:|1661688562
|move|p2a: Lucario|Focus Blast|p1a: Rotom
|-damage|p1a: Rotom|2/100
|move|p1a: Rotom|Volt Switch|p2a: Lucario
|-damage|p2a: Lucario|56/100
|
|t:|1661688567
|switch|p1a: Blaziken|Blaziken, F|100/100|[from]move: Volt Switch
|-damage|p1a: Blaziken|88/100|[from] Stealth Rock
|
|upkeep
|turn|13
|inactive|MVP2536 has 270 seconds left.
|
|t:|1661688579
|detailschange|p1a: Blaziken|Blaziken-Mega, F
|-mega|p1a: Blaziken|Blaziken|Blazikenite
|move|p2a: Lucario|Focus Blast|p1a: Blaziken
|-damage|p1a: Blaziken|0 fnt
|faint|p1a: Blaziken
|
|upkeep
|c|☆MVP2536|crap
|c|☆MVP2536|need a miss
|
|t:|1661688591
|switch|p1a: Zarude|Zarude-Dada|100/100
|-damage|p1a: Zarude|88/100|[from] Stealth Rock
|turn|14
|
|t:|1661688599
|move|p2a: Lucario|Focus Blast|p1a: Zarude|[miss]
|-miss|p2a: Lucario|p1a: Zarude
|move|p1a: Zarude|Drain Punch|p2a: Lucario
|-supereffective|p2a: Lucario
|-damage|p2a: Lucario|0 fnt
|-heal|p1a: Zarude|100/100|[from] drain|[of] p2a: Lucario
|faint|p2a: Lucario
|
|upkeep
|
|t:|1661688621
|switch|p2a: Giratina|Giratina|73/100
|-ability|p2a: Giratina|Pressure
|turn|15
|
|t:|1661688633
|move|p1a: Zarude|Bulk Up|p1a: Zarude
|-boost|p1a: Zarude|atk|1
|-boost|p1a: Zarude|def|1
|move|p2a: Giratina|Toxic|p1a: Zarude
|-status|p1a: Zarude|tox
|
|-damage|p1a: Zarude|94/100 tox|[from] psn
|upkeep
|turn|16
|
|t:|1661688641
|move|p1a: Zarude|Darkest Lariat|p2a: Giratina
|-supereffective|p2a: Giratina
|-enditem|p2a: Giratina|Colbur Berry|[eat]
|-enditem|p2a: Giratina|Colbur Berry|[weaken]
|-damage|p2a: Giratina|35/100
|move|p2a: Giratina|Roar|p1a: Zarude
|drag|p1a: Rotom|Rotom-Wash|2/100
|-damage|p1a: Rotom|0 fnt|[from] Stealth Rock
|faint|p1a: Rotom
|
|upkeep
|inactive|MVP2536 has 270 seconds left.
|
|t:|1661688657
|switch|p1a: Zarude|Zarude-Dada|94/100 tox
|-damage|p1a: Zarude|82/100 tox|[from] Stealth Rock
|turn|17
|
|t:|1661688667
|move|p1a: Zarude|Darkest Lariat|p2a: Giratina
|-supereffective|p2a: Giratina
|-damage|p2a: Giratina|0 fnt
|faint|p2a: Giratina
|
|-damage|p1a: Zarude|76/100 tox|[from] psn
|upkeep
|
|t:|1661688681
|switch|p2a: Dialga|Dialga|90/100
|-ability|p2a: Dialga|Pressure
|turn|18
|inactive|MVP2536 has 270 seconds left.
|
|t:|1661688702
|move|p1a: Zarude|Drain Punch|p2a: Dialga
|-supereffective|p2a: Dialga
|-damage|p2a: Dialga|54/100
|-heal|p1a: Zarude|96/100 tox|[from] drain|[of] p2a: Dialga
|move|p2a: Dialga|Flamethrower|p1a: Zarude
|-supereffective|p1a: Zarude
|-damage|p1a: Zarude|39/100 tox
|
|-damage|p1a: Zarude|27/100 tox|[from] psn
|upkeep
|turn|19
|inactive|MVP2536 has 270 seconds left.
|
|t:|1661688722
|-zpower|p1a: Zarude
|move|p1a: Zarude|Bloom Doom|p2a: Dialga|[zeffect]
|-resisted|p2a: Dialga
|-damage|p2a: Dialga|36/100
|move|p2a: Dialga|Flamethrower|p1a: Zarude
|-supereffective|p1a: Zarude
|-damage|p1a: Zarude|0 fnt
|faint|p1a: Zarude
|
|upkeep
|c|☆MVP2536|rah i forgot thats quad resist
|
|t:|1661688741
|switch|p1a: Krookodile|Krookodile, M|100/100
|-damage|p1a: Krookodile|94/100|[from] Stealth Rock
|turn|20
|
|t:|1661688748
|move|p1a: Krookodile|Earthquake|p2a: Dialga
|-supereffective|p2a: Dialga
|-damage|p2a: Dialga|0 fnt
|faint|p2a: Dialga
|-ability|p1a: Krookodile|Moxie|boost
|-boost|p1a: Krookodile|atk|1
|
|upkeep
|
|t:|1661688760
|switch|p2a: Rotom|Rotom-Wash|100/100
|turn|21
|c|☆MVP2536|ahhh im dumb
|inactive|MVP2536 has 270 seconds left.
|
|t:|1661688767
|move|p1a: Krookodile|Knock Off|p2a: Rotom
|-damage|p2a: Rotom|31/100
|-enditem|p2a: Rotom|Aguav Berry|[from] move: Knock Off|[of] p1a: Krookodile
|move|p2a: Rotom|Hydro Pump|p1a: Krookodile
|-supereffective|p1a: Krookodile
|-damage|p1a: Krookodile|3/100
|
|upkeep
|turn|22
|
|t:|1661688776
|move|p1a: Krookodile|Rest|p1a: Krookodile
|-status|p1a: Krookodile|slp|[from] move: Rest
|-heal|p1a: Krookodile|100/100 slp|[silent]
|move|p2a: Rotom|Hydro Pump|p1a: Krookodile|[miss]
|-miss|p2a: Rotom|p1a: Krookodile
|
|upkeep
|turn|23
|
|t:|1661688783
|cant|p1a: Krookodile|slp
|move|p1a: Krookodile|Sleep Talk|p1a: Krookodile
|move|p1a: Krookodile|Earthquake|p2a: Rotom|[from]move: Sleep Talk
|-immune|p2a: Rotom|[from] ability: Levitate
|move|p2a: Rotom|Pain Split|p1a: Krookodile
|-sethp|p1a: Krookodile|63/100 slp|[from] move: Pain Split|[silent]
|-sethp|p2a: Rotom|75/100|[from] move: Pain Split
|
|upkeep
|turn|24
|
|t:|1661688794
|cant|p1a: Krookodile|slp
|move|p1a: Krookodile|Sleep Talk|p1a: Krookodile
|move|p1a: Krookodile|Rest||[from]move: Sleep Talk|[still]
|-fail|p1a: Krookodile
|move|p2a: Rotom|Hydro Pump|p1a: Krookodile
|-supereffective|p1a: Krookodile
|-damage|p1a: Krookodile|0 fnt
|faint|p1a: Krookodile
|
|win|Snake of the Moon
|c|☆MVP2536|gg
|c|☆Snake of the Moon|Gg
|l|☆MVP2536
