|j|☆debord's chosen
|j|☆Le Big Moist
|t:|1668640013
|gametype|singles
|player|p1|debord's chosen|169|1555
|player|p2|Le Big Moist|shauntal|1497
|teamsize|p1|6
|teamsize|p2|6
|gen|8
|tier|[Gen 8] National Dex AG
|rated|
|rule|HP Percentage Mod: HP is shown in percentages
|rule|Endless Battle Clause: Forcing endless battles is banned
|clearpoke
|poke|p1|Necrozma-Dusk-Mane|
|poke|p1|Ditto|
|poke|p1|Chansey, F|
|poke|p1|Zygarde|
|poke|p1|Ho-Oh|
|poke|p1|Zacian-*|
|poke|p2|Shuckle, F|
|poke|p2|Cinderace, M|
|poke|p2|Calyrex-Shadow|
|poke|p2|Zacian-*|
|poke|p2|Salamence, M|
|poke|p2|Yveltal|
|teampreview
|inactive|Battle timer is ON: inactive players will automatically lose when time's up. (requested by Le Big Moist)
|
|t:|1668640017
|start
|switch|p1a: Necrozma|Necrozma-Dusk-Mane|100/100
|switch|p2a: Shuckle|Shuckle, F|100/100
|turn|1
|
|t:|1668640025
|move|p1a: Necrozma|Sunsteel Strike|p2a: Shuckle
|-supereffective|p2a: Shuckle
|-damage|p2a: Shuckle|41/100
|move|p2a: Shuckle|Encore|p1a: Necrozma
|-start|p1a: Necrozma|Encore
|
|upkeep
|turn|2
|
|t:|1668640034
|move|p1a: Necrozma|Sunsteel Strike|p2a: Shuckle
|-supereffective|p2a: Shuckle
|-damage|p2a: Shuckle|0 fnt
|faint|p2a: Shuckle
|
|upkeep
|
|t:|1668640044
|switch|p2a: Zacian|Zacian-Crowned|100/100
|-ability|p2a: Zacian|Intrepid Sword|boost
|-boost|p2a: Zacian|atk|1
|turn|3
|
|t:|1668640054
|move|p2a: Zacian|Behemoth Blade|p1a: Necrozma
|-resisted|p1a: Necrozma
|-damage|p1a: Necrozma|77/100
|-damage|p2a: Zacian|84/100|[from] item: Rocky Helmet|[of] p1a: Necrozma
|move|p1a: Necrozma|Sunsteel Strike|p2a: Zacian
|-damage|p2a: Zacian|36/100
|
|upkeep
|turn|4
|
|t:|1668640066
|move|p2a: Zacian|Close Combat|p1a: Necrozma
|-damage|p1a: Necrozma|36/100
|-unboost|p2a: Zacian|def|1
|-unboost|p2a: Zacian|spd|1
|-damage|p2a: Zacian|19/100|[from] item: Rocky Helmet|[of] p1a: Necrozma
|move|p1a: Necrozma|Sunsteel Strike|p2a: Zacian
|-damage|p2a: Zacian|0 fnt
|faint|p2a: Zacian
|
|-end|p1a: Necrozma|Encore
|upkeep
|
|t:|1668640080
|switch|p2a: Calyrex|Calyrex-Shadow|100/100
|-ability|p2a: Calyrex|As One
|-ability|p2a: Calyrex|Unnerve
|turn|5
|
|t:|1668640087
|switch|p1a: Chansey|Chansey, F|100/100
|move|p2a: Calyrex|Nasty Plot|p2a: Calyrex
|-boost|p2a: Calyrex|spa|2
|
|upkeep
|turn|6
|
|t:|1668640099
|move|p2a: Calyrex|Psyshock|p1a: Chansey
|-damage|p1a: Chansey|26/100
|move|p1a: Chansey|Toxic|p2a: Calyrex|[miss]
|-miss|p1a: Chansey|p2a: Calyrex
|
|upkeep
|turn|7
|
|t:|1668640112
|move|p2a: Calyrex|Psyshock|p1a: Chansey
|-damage|p1a: Chansey|0 fnt
|faint|p1a: Chansey
|-ability|p2a: Calyrex|Grim Neigh|boost
|-boost|p2a: Calyrex|spa|1
|
|upkeep
|
|t:|1668640115
|switch|p1a: Ditto|Ditto|100/100
|-transform|p1a: Ditto|p2a: Calyrex|[from] ability: Imposter
|turn|8
|
|t:|1668640124
|move|p1a: Ditto|Astral Barrage|p2a: Calyrex
|-supereffective|p2a: Calyrex
|-enditem|p2a: Calyrex|Focus Sash
|-damage|p2a: Calyrex|1/100
|move|p2a: Calyrex|Astral Barrage|p1a: Ditto
|-supereffective|p1a: Ditto
|-damage|p1a: Ditto|0 fnt
|faint|p1a: Ditto
|-ability|p2a: Calyrex|Grim Neigh|boost
|-boost|p2a: Calyrex|spa|1
|
|upkeep
|
|t:|1668640130
|switch|p1a: Zygarde|Zygarde|100/100
|turn|9
|
|t:|1668640143
|-start|p2a: Calyrex|Dynamax|
|-heal|p2a: Calyrex|1/100|[silent]
|-start|p1a: Zygarde|Dynamax|
|-heal|p1a: Zygarde|100/100|[silent]
|move|p2a: Calyrex|Max Phantasm|p1a: Zygarde
|-damage|p1a: Zygarde|0 fnt
|faint|p1a: Zygarde
|-ability|p2a: Calyrex|Grim Neigh|boost
|-boost|p2a: Calyrex|spa|1
|
|upkeep
|c|☆debord's chosen|ggs
|c|☆debord's chosen|nice luck
|-message|debord's chosen forfeited.
|
|win|Le Big Moist
|raw|debord&apos;s chosen's rating: 1555 &rarr; <strong>1532</strong><br />(-23 for losing)
|raw|Le Big Moist's rating: 1497 &rarr; <strong>1520</strong><br />(+23 for winning)
|l|☆debord's chosen
|c|☆Le Big Moist|Only skill
