|j|☆Pokefuneral
|j|☆Lance's Time
|t:|1661517740
|gametype|singles
|player|p1|Pokefuneral|1|1692
|player|p2|Lance's Time|lass-gen6|1790
|teamsize|p1|6
|teamsize|p2|6
|gen|8
|tier|[Gen 8] National Dex AG
|rated|
|rule|HP Percentage Mod: HP is shown in percentages
|rule|Endless Battle Clause: Forcing endless battles is banned
|clearpoke
|poke|p1|Mewtwo|
|poke|p1|Zacian-*|
|poke|p1|Yveltal|
|poke|p1|Ditto|
|poke|p1|Arceus-*|
|poke|p1|Arceus-*|
|poke|p2|Rayquaza|
|poke|p2|Calyrex-Ice|
|poke|p2|Grimmsnarl, M|
|poke|p2|Groudon|
|poke|p2|Kyogre|
|poke|p2|Yveltal|
|teampreview
|
|t:|1661517759
|start
|switch|p1a: Mewtwo|Mewtwo|100/100
|switch|p2a: Rayquaza|Rayquaza|100/100
|-ability|p1a: Mewtwo|Unnerve
|-ability|p2a: Rayquaza|Air Lock
|turn|1
|j| 69399375www
|
|t:|1661517768
|detailschange|p2a: Rayquaza|Rayquaza-Mega
|-mega|p2a: Rayquaza|Rayquaza|
|-weather|DeltaStream|[from] ability: Delta Stream|[of] p2a: Rayquaza
|move|p1a: Mewtwo|Ice Beam|p2a: Rayquaza
|-activate||deltastream
|-supereffective|p2a: Rayquaza
|-damage|p2a: Rayquaza|4/100
|move|p2a: Rayquaza|Dragon Ascent|p1a: Mewtwo
|-damage|p1a: Mewtwo|13/100
|-unboost|p2a: Rayquaza|def|1
|-unboost|p2a: Rayquaza|spd|1
|
|-weather|DeltaStream|[upkeep]
|upkeep
|turn|2
|
|t:|1661517786
|move|p2a: Rayquaza|Extreme Speed|p1a: Mewtwo
|-damage|p1a: Mewtwo|0 fnt
|faint|p1a: Mewtwo
|
|-weather|DeltaStream|[upkeep]
|upkeep
|
|t:|1661517797
|switch|p1a: Arceus|Arceus|100/100
|turn|3
|
|t:|1661517802
|move|p1a: Arceus|Extreme Speed|p2a: Rayquaza
|-damage|p2a: Rayquaza|0 fnt
|faint|p2a: Rayquaza
|-weather|none
|
|upkeep
|
|t:|1661517816
|switch|p2a: Grimmsnarl|Grimmsnarl, M|100/100
|turn|4
|
|t:|1661517821
|move|p2a: Grimmsnarl|Taunt|p1a: Arceus
|-start|p1a: Arceus|move: Taunt
|cant|p1a: Arceus|move: Taunt|Toxic
|
|upkeep
|turn|5
|
|t:|1661517830
|switch|p1a: Zacian|Zacian-Crowned, shiny|100/100
|-ability|p1a: Zacian|Intrepid Sword|boost
|-boost|p1a: Zacian|atk|1
|move|p2a: Grimmsnarl|Reflect|p2a: Grimmsnarl
|-sidestart|p2: Lance's Time|Reflect
|
|upkeep
|turn|6
|
|t:|1661517835
|switch|p2a: Groudon|Groudon|100/100
|detailschange|p2a: Groudon|Groudon-Primal
|-primal|p2a: Groudon
|-weather|DesolateLand|[from] ability: Desolate Land|[of] p2a: Groudon
|move|p1a: Zacian|Behemoth Blade|p2a: Groudon
|-resisted|p2a: Groudon
|-crit|p2a: Groudon
|-damage|p2a: Groudon|60/100
|
|-weather|DesolateLand|[upkeep]
|upkeep
|turn|7
|
|t:|1661517847
|switch|p1a: Yveltal|Yveltal, shiny|100/100
|-ability|p1a: Yveltal|Dark Aura
|move|p2a: Groudon|Thunder Wave|p1a: Yveltal
|-status|p1a: Yveltal|par
|
|-weather|DesolateLand|[upkeep]
|upkeep
|turn|8
|
|t:|1661517864
|move|p2a: Groudon|Stealth Rock|p1a: Yveltal
|-sidestart|p1: Pokefuneral|move: Stealth Rock
|move|p1a: Yveltal|Dark Pulse|p2a: Groudon
|-damage|p2a: Groudon|0 fnt
|faint|p2a: Groudon
|-weather|none
|-damage|p1a: Yveltal|91/100 par|[from] item: Life Orb
|
|upkeep
|
|t:|1661517874
|switch|p2a: Kyogre|Kyogre|100/100
|detailschange|p2a: Kyogre|Kyogre-Primal
|-primal|p2a: Kyogre
|-weather|PrimordialSea|[from] ability: Primordial Sea|[of] p2a: Kyogre
|turn|9
|
|t:|1661517888
|move|p2a: Kyogre|Origin Pulse|p1a: Yveltal
|-damage|p1a: Yveltal|0 fnt
|faint|p1a: Yveltal
|
|-weather|PrimordialSea|[upkeep]
|upkeep
|
|t:|1661517901
|switch|p1a: Zacian|Zacian-Crowned, shiny|100/100
|-damage|p1a: Zacian|94/100|[from] Stealth Rock
|-ability|p1a: Zacian|Intrepid Sword|boost
|-boost|p1a: Zacian|atk|1
|turn|10
|j| Farce Of The Death
|
|t:|1661517922
|move|p1a: Zacian|Wild Charge|p2a: Kyogre
|-supereffective|p2a: Kyogre
|-damage|p2a: Kyogre|48/100
|-damage|p1a: Zacian|78/100|[from] Recoil
|move|p2a: Kyogre|Origin Pulse|p1a: Zacian
|-damage|p1a: Zacian|0 fnt
|faint|p1a: Zacian
|
|-weather|PrimordialSea|[upkeep]
|upkeep
|
|t:|1661517929
|switch|p1a: Arceus|Arceus-Ground|100/100
|-damage|p1a: Arceus|94/100|[from] Stealth Rock
|turn|11
|
|t:|1661517933
|-zpower|p1a: Arceus
|move|p1a: Arceus|Tectonic Rage|p2a: Kyogre|[zeffect]
|-damage|p2a: Kyogre|8/100
|move|p2a: Kyogre|Origin Pulse|p1a: Arceus
|-supereffective|p1a: Arceus
|-damage|p1a: Arceus|0 fnt
|faint|p1a: Arceus
|
|-weather|PrimordialSea|[upkeep]
|upkeep
|
|t:|1661517942
|switch|p1a: Arceus|Arceus|100/100
|-damage|p1a: Arceus|88/100|[from] Stealth Rock
|turn|12
|
|t:|1661517960
|move|p1a: Arceus|Extreme Speed|p2a: Kyogre
|-damage|p2a: Kyogre|0 fnt
|faint|p2a: Kyogre
|-weather|none
|
|-sideend|p2: Lance's Time|Reflect
|upkeep
|
|t:|1661517963
|switch|p2a: Grimmsnarl|Grimmsnarl, M|100/100
|turn|13
|
|t:|1661517970
|switch|p1a: Ditto|Ditto|100/100
|-damage|p1a: Ditto|88/100|[from] Stealth Rock
|-transform|p1a: Ditto|p2a: Grimmsnarl|[from] ability: Imposter
|move|p2a: Grimmsnarl|Taunt|p1a: Ditto
|-hint|Since gen 7, Dark is immune to Prankster moves.
|-immune|p1a: Ditto
|
|upkeep
|turn|14
|-message|Pokefuneral forfeited.
|
|win|Lance's Time
|raw|Pokefuneral's rating: 1692 &rarr; <strong>1678</strong><br />(-14 for losing)
|raw|Lance&apos;s Time's rating: 1800 &rarr; <strong>1814</strong><br />(+14 for winning)
|l|☆Pokefuneral
|l|☆Lance's Time
||Ladder isn't responding, score probably updated but might not have (Request timeout).
|l| 69399375www
