|j|☆WhiteCapeMarth
|j|☆WahooMario64
|t:|1663789365
|gametype|singles
|player|p1|WhiteCapeMarth|emmet|1394
|player|p2|WahooMario64|elesa-gen5bw2|1389
|teamsize|p1|6
|teamsize|p2|6
|gen|8
|tier|[Gen 8] National Dex AG
|rated|
|rule|HP Percentage Mod: HP is shown in percentages
|rule|Endless Battle Clause: Forcing endless battles is banned
|clearpoke
|poke|p1|Kangaskhan, F|
|poke|p1|Calyrex-Shadow|
|poke|p1|Kyurem-White|
|poke|p1|Groudon|
|poke|p1|Xerneas-*|
|poke|p1|Butterfree, F|
|poke|p2|Cinderace, M|
|poke|p2|Marshadow|
|poke|p2|Tapu Fini|
|poke|p2|Ribombee, F|
|poke|p2|Darmanitan-Galar, M|
|poke|p2|Melmetal|
|teampreview
|
|t:|1663789379
|start
|switch|p1a: Groudon|Groudon|100/100
|switch|p2a: Wario|Darmanitan-Galar, M, shiny|100/100
|detailschange|p1a: Groudon|Groudon-Primal
|-primal|p1a: Groudon
|-weather|DesolateLand|[from] ability: Desolate Land|[of] p1a: Groudon
|turn|1
|
|t:|1663789388
|move|p2a: Wario|Icicle Crash|p1a: Groudon
|-damage|p1a: Groudon|52/100
|move|p1a: Groudon|Power-Up Punch|p2a: Wario
|-supereffective|p2a: Wario
|-damage|p2a: Wario|36/100
|-boost|p1a: Groudon|atk|1
|
|-weather|DesolateLand|[upkeep]
|upkeep
|turn|2
|
|t:|1663789399
|move|p2a: Wario|Icicle Crash|p1a: Groudon
|-damage|p1a: Groudon|2/100
|cant|p1a: Groudon|flinch
|
|-weather|DesolateLand|[upkeep]
|upkeep
|turn|3
|
|t:|1663789404
|move|p2a: Wario|Icicle Crash|p1a: Groudon
|-damage|p1a: Groudon|0 fnt
|faint|p1a: Groudon
|-weather|none
|
|upkeep
|
|t:|1663789409
|switch|p1a: Kangaskhan|Kangaskhan, F|100/100
|turn|4
|
|t:|1663789418
|detailschange|p1a: Kangaskhan|Kangaskhan-Mega, F
|-mega|p1a: Kangaskhan|Kangaskhan|Kangaskhanite
|move|p2a: Wario|Icicle Crash|p1a: Kangaskhan
|-damage|p1a: Kangaskhan|34/100
|move|p1a: Kangaskhan|Power-Up Punch|p2a: Wario
|-supereffective|p2a: Wario
|-crit|p2a: Wario
|-damage|p2a: Wario|0 fnt
|-boost|p1a: Kangaskhan|atk|1
|faint|p2a: Wario
|-hitcount|p2: Wario|1
|
|upkeep
|
|t:|1663789430
|switch|p2a: Weegee|Marshadow|100/100
|turn|5
|
|t:|1663789433
|move|p1a: Kangaskhan|Sucker Punch|p2a: Weegee
|-damage|p2a: Weegee|57/100
|-crit|p2a: Weegee
|-damage|p2a: Weegee|39/100
|-hitcount|p2a: Weegee|2
|move|p2a: Weegee|Low Kick|p1a: Kangaskhan
|-supereffective|p1a: Kangaskhan
|-damage|p1a: Kangaskhan|0 fnt
|faint|p1a: Kangaskhan
|
|upkeep
|
|t:|1663789445
|switch|p1a: Calyrex|Calyrex-Shadow|100/100
|-ability|p1a: Calyrex|As One
|-ability|p1a: Calyrex|Unnerve
|turn|6
|
|t:|1663789451
|move|p2a: Weegee|Shadow Sneak|p1a: Calyrex
|-supereffective|p1a: Calyrex
|-enditem|p1a: Calyrex|Focus Sash
|-damage|p1a: Calyrex|1/100
|move|p1a: Calyrex|Astral Barrage|p2a: Weegee
|-supereffective|p2a: Weegee
|-damage|p2a: Weegee|0 fnt
|faint|p2a: Weegee
|-ability|p1a: Calyrex|Grim Neigh|boost
|-boost|p1a: Calyrex|spa|1
|
|upkeep
|
|t:|1663789462
|switch|p2a: Vani T.|Ribombee, F, shiny|100/100
|turn|7
|
|t:|1663789476
|move|p1a: Calyrex|Astral Barrage|p2a: Vani T.
|-enditem|p2a: Vani T.|Focus Sash
|-damage|p2a: Vani T.|1/100
|move|p2a: Vani T.|Bug Buzz|p1a: Calyrex
|-damage|p1a: Calyrex|0 fnt
|faint|p1a: Calyrex
|
|upkeep
|
|t:|1663789487
|switch|p1a: Butterfree|Butterfree, F|100/100
|turn|8
|
|t:|1663789492
|move|p2a: Vani T.|Moonblast|p1a: Butterfree
|-damage|p1a: Butterfree|42/100
|-unboost|p1a: Butterfree|spa|1
|move|p1a: Butterfree|Sleep Powder|p2a: Vani T.
|-status|p2a: Vani T.|slp|[from] move: Sleep Powder
|
|upkeep
|turn|9
|
|t:|1663789511
|switch|p2a: Kari|Tapu Fini|100/100
|-fieldstart|move: Misty Terrain|[from] ability: Misty Surge|[of] p2a: Kari
|move|p1a: Butterfree|Quiver Dance|p1a: Butterfree
|-boost|p1a: Butterfree|spa|1
|-boost|p1a: Butterfree|spd|1
|-boost|p1a: Butterfree|spe|1
|
|upkeep
|turn|10
|
|t:|1663789519
|move|p1a: Butterfree|Baton Pass|p1a: Butterfree
|
|t:|1663789522
|switch|p1a: Xerneas|Xerneas|100/100|[from]move: Baton Pass
|-ability|p1a: Xerneas|Fairy Aura
|move|p2a: Kari|Moonblast|p1a: Xerneas
|-damage|p1a: Xerneas|79/100
|
|upkeep
|turn|11
|
|t:|1663789530
|move|p1a: Xerneas|Geomancy||[still]
|-prepare|p1a: Xerneas|Geomancy
|-enditem|p1a: Xerneas|Power Herb
|-anim|p1a: Xerneas|Geomancy|p1a: Xerneas
|-boost|p1a: Xerneas|spa|2
|-boost|p1a: Xerneas|spd|2
|-boost|p1a: Xerneas|spe|2
|move|p2a: Kari|Haze|p2a: Kari
|-clearallboost
|
|upkeep
|turn|12
|
|t:|1663789539
|-start|p1a: Xerneas|Dynamax|
|-heal|p1a: Xerneas|79/100|[silent]
|move|p2a: Kari|Scald|p1a: Xerneas
|-damage|p1a: Xerneas|69/100
|move|p1a: Xerneas|Max Steelspike|p2a: Kari
|-damage|p2a: Kari|59/100
|-boost|p1a: Xerneas|def|1
|
|-heal|p2a: Kari|65/100|[from] item: Leftovers
|upkeep
|turn|13
|
|t:|1663789552
|move|p2a: Kari|Haze|p2a: Kari
|-clearallboost
|move|p1a: Xerneas|Max Steelspike|p2a: Kari
|-damage|p2a: Kari|23/100
|-boost|p1a: Xerneas|def|1
|
|-heal|p2a: Kari|29/100|[from] item: Leftovers
|-fieldend|Misty Terrain
|upkeep
|turn|14
|
|t:|1663789564
|switch|p2a: Vani T.|Ribombee, F, shiny|1/100 slp
|move|p1a: Xerneas|Max Steelspike|p2a: Vani T.
|-supereffective|p2a: Vani T.
|-damage|p2a: Vani T.|0 fnt
|-boost|p1a: Xerneas|def|1
|faint|p2a: Vani T.
|
|upkeep
|
|t:|1663789580
|switch|p2a: Metal Mario|Melmetal|100/100
|-end|p1a: Xerneas|Dynamax
|-heal|p1a: Xerneas|69/100|[silent]
|turn|15
|
|t:|1663789586
|-start|p2a: Metal Mario|Dynamax|Gmax
|-heal|p2a: Metal Mario|100/100|[silent]
|move|p1a: Xerneas|Thunderbolt|p2a: Metal Mario
|-damage|p2a: Metal Mario|82/100
|move|p2a: Metal Mario|G-Max Meltdown|p1a: Xerneas
|-supereffective|p1a: Xerneas
|-damage|p1a: Xerneas|3/100
|-start|p1a: Xerneas|Torment
|
|upkeep
|turn|16
|
|t:|1663789601
|move|p1a: Xerneas|Moonblast|p2a: Metal Mario
|-resisted|p2a: Metal Mario
|-damage|p2a: Metal Mario|65/100
|move|p2a: Metal Mario|Max Knuckle|p1a: Xerneas
|-resisted|p1a: Xerneas
|-damage|p1a: Xerneas|0 fnt
|-boost|p2a: Metal Mario|atk|1
|faint|p1a: Xerneas
|
|upkeep
|
|t:|1663789611
|switch|p1a: Butterfree|Butterfree, F|42/100
|turn|17
|
|t:|1663789615
|move|p1a: Butterfree|Sleep Powder|p2a: Metal Mario
|-status|p2a: Metal Mario|slp|[from] move: Sleep Powder
|cant|p2a: Metal Mario|slp
|
|upkeep
|-end|p2a: Metal Mario|Dynamax
|-heal|p2a: Metal Mario|65/100 slp|[silent]
|turn|18
|
|t:|1663789626
|switch|p2a: Kari|Tapu Fini|29/100
|-fieldstart|move: Misty Terrain|[from] ability: Misty Surge|[of] p2a: Kari
|move|p1a: Butterfree|Quiver Dance|p1a: Butterfree
|-boost|p1a: Butterfree|spa|1
|-boost|p1a: Butterfree|spd|1
|-boost|p1a: Butterfree|spe|1
|
|-heal|p2a: Kari|35/100|[from] item: Leftovers
|upkeep
|turn|19
|
|t:|1663789640
|move|p1a: Butterfree|Quiver Dance|p1a: Butterfree
|-boost|p1a: Butterfree|spa|1
|-boost|p1a: Butterfree|spd|1
|-boost|p1a: Butterfree|spe|1
|move|p2a: Kari|Haze|p2a: Kari
|-clearallboost
|
|-heal|p2a: Kari|41/100|[from] item: Leftovers
|upkeep
|turn|20
|
|t:|1663789648
|move|p1a: Butterfree|Stun Spore|p2a: Kari
|-activate|p2a: Kari|move: Misty Terrain
|move|p2a: Kari|Moonblast|p1a: Butterfree
|-damage|p1a: Butterfree|1/100
|
|-heal|p2a: Kari|47/100|[from] item: Leftovers
|upkeep
|turn|21
|
|t:|1663789657
|move|p1a: Butterfree|Quiver Dance|p1a: Butterfree
|-boost|p1a: Butterfree|spa|1
|-boost|p1a: Butterfree|spd|1
|-boost|p1a: Butterfree|spe|1
|move|p2a: Kari|Moonblast|p1a: Butterfree
|-damage|p1a: Butterfree|0 fnt
|faint|p1a: Butterfree
|
|-heal|p2a: Kari|54/100|[from] item: Leftovers
|upkeep
|
|t:|1663789666
|switch|p1a: Kyurem|Kyurem-White|100/100
|-ability|p1a: Kyurem|Turboblaze
|turn|22
|
|t:|1663789671
|move|p1a: Kyurem|Flash Cannon|p2a: Kari
|-damage|p2a: Kari|24/100
|move|p2a: Kari|Moonblast|p1a: Kyurem
|-supereffective|p1a: Kyurem
|-crit|p1a: Kyurem
|-damage|p1a: Kyurem|43/100
|-unboost|p1a: Kyurem|spa|1
|
|-heal|p2a: Kari|30/100|[from] item: Leftovers
|-fieldend|Misty Terrain
|upkeep
|turn|23
|
|t:|1663789680
|move|p1a: Kyurem|Flash Cannon|p2a: Kari
|-damage|p2a: Kari|13/100
|move|p2a: Kari|Moonblast|p1a: Kyurem
|-supereffective|p1a: Kyurem
|-damage|p1a: Kyurem|5/100
|-unboost|p1a: Kyurem|spa|1
|
|-heal|p2a: Kari|19/100|[from] item: Leftovers
|upkeep
|turn|24
|-message|WhiteCapeMarth forfeited.
|
|win|WahooMario64
|raw|WhiteCapeMarth's rating: 1394 &rarr; <strong>1374</strong><br />(-20 for losing)
|raw|WahooMario64's rating: 1389 &rarr; <strong>1409</strong><br />(+20 for winning)
|l|☆WhiteCapeMarth
