|j|☆Poke2Gen
|j|☆Defensive0
|t:|1666593476
|gametype|singles
|player|p1|Poke2Gen|silver-gen2|1405
|player|p2|Defensive0|riley|1503
|teamsize|p1|6
|teamsize|p2|6
|gen|8
|tier|[Gen 8] National Dex AG
|rated|
|rule|HP Percentage Mod: HP is shown in percentages
|rule|Endless Battle Clause: Forcing endless battles is banned
|clearpoke
|poke|p1|Donphan, F|
|poke|p1|Feraligatr, M|
|poke|p1|Scizor, M|
|poke|p1|Smeargle, F|
|poke|p1|Tyranitar, F|
|poke|p1|Sneasel, M|
|poke|p2|Alakazam, F|
|poke|p2|Shuckle, L1, M|
|poke|p2|Salamence, F|
|poke|p2|Garchomp, F|
|poke|p2|Bisharp, F|
|poke|p2|Aegislash, F|
|teampreview
|inactive|Battle timer is ON: inactive players will automatically lose when time's up. (requested by Defensive0)
|
|t:|1666593497
|start
|switch|p1a: Sneasel|Sneasel, M, shiny|100/100
|switch|p2a: Shuckle|Shuckle, L1, M, shiny|100/100
|turn|1
|
|t:|1666593506
|switch|p2a: Aegislash|Aegislash, F|100/100
|move|p1a: Sneasel|Fake Out|p2a: Aegislash
|-immune|p2a: Aegislash
|
|upkeep
|turn|2
|
|t:|1666593512
|move|p2a: Aegislash|King's Shield|p2a: Aegislash
|-singleturn|p2a: Aegislash|Protect
|move|p1a: Sneasel|Swords Dance|p1a: Sneasel
|-boost|p1a: Sneasel|atk|2
|
|upkeep
|turn|3
|
|t:|1666593518
|move|p1a: Sneasel|Knock Off|p2a: Aegislash
|-supereffective|p2a: Aegislash
|-damage|p2a: Aegislash|0 fnt
|-enditem|p2a: Aegislash|Leftovers|[from] move: Knock Off|[of] p1a: Sneasel
|faint|p2a: Aegislash
|
|upkeep
|
|t:|1666593525
|switch|p2a: Alakazam|Alakazam, F|100/100
|turn|4
|
|t:|1666593530
|move|p2a: Alakazam|Dazzling Gleam|p1a: Sneasel
|-supereffective|p1a: Sneasel
|-damage|p1a: Sneasel|8/100
|move|p1a: Sneasel|Knock Off|p2a: Alakazam
|-supereffective|p2a: Alakazam
|-enditem|p2a: Alakazam|Focus Sash
|-damage|p2a: Alakazam|1/100
|
|upkeep
|turn|5
|
|t:|1666593541
|switch|p1a: Mr. Scizor|Scizor, M, shiny|100/100
|move|p2a: Alakazam|Dazzling Gleam|p1a: Mr. Scizor
|-resisted|p1a: Mr. Scizor
|-damage|p1a: Mr. Scizor|84/100
|
|upkeep
|turn|6
|
|t:|1666593548
|switch|p2a: Shuckle|Shuckle, L1, M, shiny|100/100
|detailschange|p1a: Mr. Scizor|Scizor-Mega, M, shiny
|-mega|p1a: Mr. Scizor|Scizor|Scizorite
|move|p1a: Mr. Scizor|Swords Dance|p1a: Mr. Scizor
|-boost|p1a: Mr. Scizor|atk|2
|
|upkeep
|turn|7
|
|t:|1666593556
|move|p1a: Mr. Scizor|Bullet Punch|p2a: Shuckle
|-supereffective|p2a: Shuckle
|-ability|p2a: Shuckle|Sturdy
|-damage|p2a: Shuckle|10/100
|-enditem|p2a: Shuckle|Berry Juice
|-heal|p2a: Shuckle|100/100|[from] item: Berry Juice
|move|p2a: Shuckle|Encore|p1a: Mr. Scizor
|-start|p1a: Mr. Scizor|Encore
|
|upkeep
|turn|8
|
|t:|1666593563
|move|p1a: Mr. Scizor|Bullet Punch|p2a: Shuckle
|-supereffective|p2a: Shuckle
|-ability|p2a: Shuckle|Sturdy
|-damage|p2a: Shuckle|10/100
|move|p2a: Shuckle|Stealth Rock|p1a: Mr. Scizor
|-sidestart|p1: Poke2Gen|move: Stealth Rock
|
|upkeep
|turn|9
|
|t:|1666593569
|move|p1a: Mr. Scizor|Bullet Punch|p2a: Shuckle
|-supereffective|p2a: Shuckle
|-crit|p2a: Shuckle
|-damage|p2a: Shuckle|0 fnt
|faint|p2a: Shuckle
|
|upkeep
|
|t:|1666593572
|switch|p2a: Salamence|Salamence, F|100/100
|-ability|p2a: Salamence|Intimidate|boost
|-unboost|p1a: Mr. Scizor|atk|1
|turn|10
|inactive|Poke2Gen has 120 seconds left.
|
|t:|1666593608
|switch|p2a: Alakazam|Alakazam, F|1/100
|move|p1a: Mr. Scizor|Bullet Punch|p2a: Alakazam
|-damage|p2a: Alakazam|0 fnt
|faint|p2a: Alakazam
|
|-end|p1a: Mr. Scizor|Encore
|upkeep
|
|t:|1666593612
|switch|p2a: Salamence|Salamence, F|100/100
|-ability|p2a: Salamence|Intimidate|boost
|-unboost|p1a: Mr. Scizor|atk|1
|turn|11
|inactive|Poke2Gen has 120 seconds left.
|
|t:|1666593625
|detailschange|p2a: Salamence|Salamence-Mega, F
|-mega|p2a: Salamence|Salamence|Salamencite
|move|p2a: Salamence|Dragon Dance|p2a: Salamence
|-boost|p2a: Salamence|atk|1
|-boost|p2a: Salamence|spe|1
|move|p1a: Mr. Scizor|Dual Wingbeat|p2a: Salamence
|-damage|p2a: Salamence|80/100
|-damage|p2a: Salamence|59/100
|-hitcount|p2a: Salamence|2
|
|upkeep
|turn|12
|
|t:|1666593633
|move|p1a: Mr. Scizor|Bullet Punch|p2a: Salamence
|-damage|p2a: Salamence|25/100
|move|p2a: Salamence|Frustration|p1a: Mr. Scizor
|-damage|p1a: Mr. Scizor|11/100
|
|upkeep
|turn|13
|
|t:|1666593644
|move|p1a: Mr. Scizor|Bullet Punch|p2a: Salamence
|-damage|p2a: Salamence|0 fnt
|faint|p2a: Salamence
|
|upkeep
|
|t:|1666593646
|switch|p2a: Garchomp|Garchomp, F, shiny|100/100
|turn|14
|
|t:|1666593650
|move|p1a: Mr. Scizor|Bullet Punch|p2a: Garchomp
|-damage|p2a: Garchomp|62/100
|-damage|p1a: Mr. Scizor|0 fnt|[from] ability: Rough Skin|[of] p2a: Garchomp
|faint|p1a: Mr. Scizor
|move|p2a: Garchomp|Swords Dance|p2a: Garchomp
|-boost|p2a: Garchomp|atk|2
|
|-heal|p2a: Garchomp|68/100|[from] item: Leftovers
|upkeep
|
|t:|1666593659
|switch|p1a: Mrs. Donphan|Donphan, F, shiny|100/100
|-damage|p1a: Mrs. Donphan|94/100|[from] Stealth Rock
|turn|15
|
|t:|1666593672
|move|p2a: Garchomp|Earthquake|p1a: Mrs. Donphan
|-damage|p1a: Mrs. Donphan|12/100
|-zpower|p1a: Mrs. Donphan
|move|p1a: Mrs. Donphan|Tectonic Rage|p2a: Garchomp|[zeffect]
|-damage|p2a: Garchomp|0 fnt
|faint|p2a: Garchomp
|
|upkeep
|
|t:|1666593676
|switch|p2a: Bisharp|Bisharp, F, shiny|100/100
|turn|16
|
|t:|1666593681
|move|p2a: Bisharp|Sucker Punch|p1a: Mrs. Donphan
|-damage|p1a: Mrs. Donphan|0 fnt
|faint|p1a: Mrs. Donphan
|
|upkeep
|
|t:|1666593689
|switch|p1a: Sneasel|Sneasel, M, shiny|8/100
|-damage|p1a: Sneasel|0 fnt|[from] Stealth Rock
|faint|p1a: Sneasel
|
|t:|1666593694
|switch|p1a: Mrs. Tyranitar|Tyranitar, F, shiny|100/100
|-damage|p1a: Mrs. Tyranitar|88/100|[from] Stealth Rock
|-weather|Sandstorm|[from] ability: Sand Stream|[of] p1a: Mrs. Tyranitar
|turn|17
|
|t:|1666593700
|-start|p2a: Bisharp|Dynamax|
|-heal|p2a: Bisharp|100/100|[silent]
|-start|p1a: Mrs. Tyranitar|Dynamax|
|-heal|p1a: Mrs. Tyranitar|88/100|[silent]
|move|p2a: Bisharp|Max Steelspike|p1a: Mrs. Tyranitar
|-supereffective|p1a: Mrs. Tyranitar
|-damage|p1a: Mrs. Tyranitar|26/100
|-boost|p2a: Bisharp|def|1
|move|p1a: Mrs. Tyranitar|Max Quake|p2a: Bisharp
|-supereffective|p2a: Bisharp
|-damage|p2a: Bisharp|45/100
|-boost|p1a: Mrs. Tyranitar|spd|1
|-damage|p1a: Mrs. Tyranitar|21/100|[from] item: Life Orb
|
|-weather|Sandstorm|[upkeep]
|upkeep
|turn|18
|
|t:|1666593715
|move|p1a: Mrs. Tyranitar|Max Guard|p1a: Mrs. Tyranitar
|-singleturn|p1a: Mrs. Tyranitar|Max Guard
|move|p2a: Bisharp|Max Steelspike|p1a: Mrs. Tyranitar
|-activate|p1a: Mrs. Tyranitar|move: Max Guard
|
|-weather|Sandstorm|[upkeep]
|upkeep
|turn|19
|
|t:|1666593720
|move|p1a: Mrs. Tyranitar|Max Guard|p1a: Mrs. Tyranitar
|-singleturn|p1a: Mrs. Tyranitar|Max Guard
|move|p2a: Bisharp|Max Steelspike|p1a: Mrs. Tyranitar
|-activate|p1a: Mrs. Tyranitar|move: Max Guard
|
|-weather|Sandstorm|[upkeep]
|upkeep
|-end|p2a: Bisharp|Dynamax
|-heal|p2a: Bisharp|46/100|[silent]
|-end|p1a: Mrs. Tyranitar|Dynamax
|-heal|p1a: Mrs. Tyranitar|21/100|[silent]
|turn|20
|
|t:|1666593729
|move|p2a: Bisharp|Iron Head|p1a: Mrs. Tyranitar
|-supereffective|p1a: Mrs. Tyranitar
|-damage|p1a: Mrs. Tyranitar|0 fnt
|faint|p1a: Mrs. Tyranitar
|
|-weather|Sandstorm|[upkeep]
|upkeep
|
|t:|1666593733
|switch|p1a: Mrs. Smeargle|Smeargle, F, shiny|100/100
|-damage|p1a: Mrs. Smeargle|88/100|[from] Stealth Rock
|turn|21
|
|t:|1666593738
|move|p1a: Mrs. Smeargle|Spore|p2a: Bisharp
|-status|p2a: Bisharp|slp|[from] move: Spore
|cant|p2a: Bisharp|slp
|
|-weather|none
|-ability|p1a: Mrs. Smeargle|Moody|boost
|-boost|p1a: Mrs. Smeargle|spd|2
|-unboost|p1a: Mrs. Smeargle|spe|1
|upkeep
|turn|22
|
|t:|1666593745
|-curestatus|p2a: Bisharp|slp|[msg]
|move|p2a: Bisharp|Knock Off|p1a: Mrs. Smeargle
|-damage|p1a: Mrs. Smeargle|0 fnt
|-enditem|p1a: Mrs. Smeargle|Focus Sash|[from] move: Knock Off|[of] p2a: Bisharp
|faint|p1a: Mrs. Smeargle
|
|upkeep
|
|t:|1666593752
|switch|p1a: Mr. Feraligatr|Feraligatr, M, shiny|100/100
|-damage|p1a: Mr. Feraligatr|88/100|[from] Stealth Rock
|turn|23
|
|t:|1666593757
|move|p2a: Bisharp|Knock Off|p1a: Mr. Feraligatr
|-damage|p1a: Mr. Feraligatr|33/100
|-enditem|p1a: Mr. Feraligatr|Life Orb|[from] move: Knock Off|[of] p2a: Bisharp
|move|p1a: Mr. Feraligatr|Liquidation|p2a: Bisharp
|-damage|p2a: Bisharp|2/100
|
|upkeep
|turn|24
|
|t:|1666593766
|move|p2a: Bisharp|Sucker Punch|p1a: Mr. Feraligatr
|-damage|p1a: Mr. Feraligatr|0 fnt
|faint|p1a: Mr. Feraligatr
|
|win|Defensive0
|raw|Poke2Gen's rating: 1405 &rarr; <strong>1390</strong><br />(-15 for losing)
|raw|Defensive0's rating: 1503 &rarr; <strong>1518</strong><br />(+15 for winning)
