|j|☆IamHrrimann
|j|☆Arundrago
|t:|1633186480
|gametype|singles
|player|p1|IamHrrimann|266|
|player|p2|Arundrago|ash-kalos|
|teamsize|p1|6
|teamsize|p2|6
|gen|8
|tier|[Gen 8] National Dex AG
|rule|HP Percentage Mod: HP is shown in percentages
|rule|Endless Battle Clause: Forcing endless battles is banned
|clearpoke
|poke|p1|Lucario, M|
|poke|p1|Incineroar, F|
|poke|p1|Bisharp, F|
|poke|p1|Toxapex, M|
|poke|p1|Ferrothorn, F|
|poke|p1|Tapu Fini|
|poke|p2|Calyrex-Shadow|
|poke|p2|Azumarill, M|
|poke|p2|Quagsire, M|
|poke|p2|Tyranitar, M|
|poke|p2|Blissey, F|
|poke|p2|Mienshao, F|
|teampreview
|c|☆IamHrrimann|Linl die de
|c|☆Arundrago|diyechi
|inactive|Battle timer is ON: inactive players will automatically lose when time's up. (requested by Arundrago)
|
|t:|1633186523
|start
|switch|p1a: Ferrothorn|Ferrothorn, F|100/100
|switch|p2a: Mienshao|Mienshao, F|100/100
|turn|1
|j| Swagata2004
|
|t:|1633186538
|switch|p1a: Tapu Fini|Tapu Fini|100/100
|-fieldstart|move: Misty Terrain|[from] ability: Misty Surge|[of] p1a: Tapu Fini
|move|p2a: Mienshao|U-turn|p1a: Tapu Fini
|-resisted|p1a: Tapu Fini
|-damage|p1a: Tapu Fini|87/100
|
|t:|1633186547
|switch|p2a: Azumarill|Azumarill, M|100/100|[from]move: U-turn
|
|-heal|p1a: Tapu Fini|93/100|[from] item: Leftovers
|upkeep
|turn|2
|
|t:|1633186561
|move|p1a: Tapu Fini|Moonblast|p2a: Azumarill
|-damage|p2a: Azumarill|58/100
|move|p2a: Azumarill|Belly Drum|p2a: Azumarill
|-damage|p2a: Azumarill|8/100
|-setboost|p2a: Azumarill|atk|6|[from] move: Belly Drum
|-enditem|p2a: Azumarill|Sitrus Berry|[eat]
|-heal|p2a: Azumarill|33/100|[from] item: Sitrus Berry
|
|-heal|p1a: Tapu Fini|99/100|[from] item: Leftovers
|upkeep
|turn|3
|
|t:|1633186582
|move|p2a: Azumarill|Aqua Jet|p1a: Tapu Fini
|-resisted|p1a: Tapu Fini
|-damage|p1a: Tapu Fini|43/100
|move|p1a: Tapu Fini|Haze|p1a: Tapu Fini
|-clearallboost
|
|-heal|p1a: Tapu Fini|49/100|[from] item: Leftovers
|upkeep
|turn|4
|
|t:|1633186597
|move|p2a: Azumarill|Aqua Jet|p1a: Tapu Fini
|-resisted|p1a: Tapu Fini
|-damage|p1a: Tapu Fini|35/100
|move|p1a: Tapu Fini|Moonblast|p2a: Azumarill
|-damage|p2a: Azumarill|0 fnt
|faint|p2a: Azumarill
|
|-heal|p1a: Tapu Fini|41/100|[from] item: Leftovers
|upkeep
|
|t:|1633186611
|switch|p2a: Tyranitar|Tyranitar, M|100/100
|-weather|Sandstorm|[from] ability: Sand Stream|[of] p2a: Tyranitar
|turn|5
|
|t:|1633186617
|switch|p1a: Ferrothorn|Ferrothorn, F|100/100
|detailschange|p2a: Tyranitar|Tyranitar-Mega, M
|-mega|p2a: Tyranitar|Tyranitar|Tyranitarite
|move|p2a: Tyranitar|Dragon Dance|p2a: Tyranitar
|-boost|p2a: Tyranitar|atk|1
|-boost|p2a: Tyranitar|spe|1
|
|-weather|Sandstorm|[upkeep]
|-fieldend|Misty Terrain
|upkeep
|turn|6
|
|t:|1633186629
|move|p2a: Tyranitar|Earthquake|p1a: Ferrothorn
|-damage|p1a: Ferrothorn|64/100
|move|p1a: Ferrothorn|Gyro Ball|p2a: Tyranitar
|-supereffective|p2a: Tyranitar
|-damage|p2a: Tyranitar|35/100
|
|-weather|Sandstorm|[upkeep]
|upkeep
|turn|7
|
|t:|1633186638
|move|p2a: Tyranitar|Earthquake|p1a: Ferrothorn
|-damage|p1a: Ferrothorn|30/100
|move|p1a: Ferrothorn|Leech Seed|p2a: Tyranitar
|-start|p2a: Tyranitar|move: Leech Seed
|
|-weather|Sandstorm|[upkeep]
|-damage|p2a: Tyranitar|23/100|[from] Leech Seed|[of] p1a: Ferrothorn
|-heal|p1a: Ferrothorn|42/100|[silent]
|upkeep
|turn|8
|
|t:|1633186648
|move|p1a: Ferrothorn|Protect|p1a: Ferrothorn
|-singleturn|p1a: Ferrothorn|Protect
|move|p2a: Tyranitar|Earthquake|p1a: Ferrothorn
|-activate|p1a: Ferrothorn|move: Protect
|
|-weather|Sandstorm|[upkeep]
|-damage|p2a: Tyranitar|11/100|[from] Leech Seed|[of] p1a: Ferrothorn
|-heal|p1a: Ferrothorn|54/100|[silent]
|upkeep
|turn|9
|
|t:|1633186672
|move|p2a: Tyranitar|Earthquake|p1a: Ferrothorn
|-damage|p1a: Ferrothorn|21/100
|move|p1a: Ferrothorn|Stealth Rock|p2a: Tyranitar
|-sidestart|p2: Arundrago|move: Stealth Rock
|
|-weather|none
|-damage|p2a: Tyranitar|0 fnt|[from] Leech Seed|[of] p1a: Ferrothorn
|-heal|p1a: Ferrothorn|31/100|[silent]
|faint|p2a: Tyranitar
|upkeep
|
|t:|1633186681
|switch|p2a: Calyrex|Calyrex-Shadow|100/100
|-ability|p2a: Calyrex|As One
|-ability|p2a: Calyrex|Unnerve
|-damage|p2a: Calyrex|88/100|[from] Stealth Rock
|turn|10
|
|t:|1633186694
|move|p1a: Ferrothorn|Protect|p1a: Ferrothorn
|-singleturn|p1a: Ferrothorn|Protect
|move|p2a: Calyrex|Draining Kiss|p1a: Ferrothorn
|-activate|p1a: Ferrothorn|move: Protect
|
|upkeep
|turn|11
|
|t:|1633186703
|switch|p1a: Incineroar|Incineroar, F|100/100
|-ability|p1a: Incineroar|Intimidate|boost
|-unboost|p2a: Calyrex|atk|1
|move|p2a: Calyrex|Astral Barrage|p1a: Incineroar
|-resisted|p1a: Incineroar
|-damage|p1a: Incineroar|62/100
|
|upkeep
|turn|12
|
|t:|1633186723
|switch|p2a: Quagsire|Quagsire, M|100/100
|-damage|p2a: Quagsire|94/100|[from] Stealth Rock
|move|p1a: Incineroar|Darkest Lariat|p2a: Quagsire
|-crit|p2a: Quagsire
|-damage|p2a: Quagsire|48/100
|
|-heal|p2a: Quagsire|55/100|[from] item: Leftovers
|upkeep
|turn|13
|
|t:|1633186744
|switch|p1a: Ferrothorn|Ferrothorn, F|31/100
|move|p2a: Quagsire|Recover|p2a: Quagsire
|-heal|p2a: Quagsire|100/100
|
|upkeep
|turn|14
|
|t:|1633186752
|move|p2a: Quagsire|Earthquake|p1a: Ferrothorn
|-damage|p1a: Ferrothorn|13/100
|move|p1a: Ferrothorn|Leech Seed|p2a: Quagsire
|-start|p2a: Quagsire|move: Leech Seed
|
|-damage|p2a: Quagsire|88/100|[from] Leech Seed|[of] p1a: Ferrothorn
|-heal|p1a: Ferrothorn|27/100|[silent]
|upkeep
|turn|15
|
|t:|1633186761
|switch|p2a: Mienshao|Mienshao, F|100/100
|-damage|p2a: Mienshao|95/100|[from] Stealth Rock
|move|p1a: Ferrothorn|Leech Seed|p2a: Mienshao
|-start|p2a: Mienshao|move: Leech Seed
|
|-damage|p2a: Mienshao|82/100|[from] Leech Seed|[of] p1a: Ferrothorn
|-heal|p1a: Ferrothorn|37/100|[silent]
|upkeep
|turn|16
|
|t:|1633186771
|move|p1a: Ferrothorn|Protect|p1a: Ferrothorn
|-singleturn|p1a: Ferrothorn|Protect
|move|p2a: Mienshao|Close Combat|p1a: Ferrothorn
|-activate|p1a: Ferrothorn|move: Protect
|
|-damage|p2a: Mienshao|70/100|[from] Leech Seed|[of] p1a: Ferrothorn
|-heal|p1a: Ferrothorn|46/100|[silent]
|upkeep
|turn|17
|
|t:|1633186784
|switch|p2a: Blissey|Blissey, F|100/100
|-damage|p2a: Blissey|88/100|[from] Stealth Rock
|switch|p1a: Tapu Fini|Tapu Fini|41/100
|-fieldstart|move: Misty Terrain|[from] ability: Misty Surge|[of] p1a: Tapu Fini
|
|-heal|p1a: Tapu Fini|47/100|[from] item: Leftovers
|-heal|p2a: Blissey|94/100|[from] item: Leftovers
|upkeep
|turn|18
|
|t:|1633186804
|switch|p1a: Toxapex|Toxapex, M, shiny|100/100
|move|p2a: Blissey|Seismic Toss|p1a: Toxapex
|-damage|p1a: Toxapex|68/100
|
|-heal|p2a: Blissey|99/100|[from] item: Leftovers
|-heal|p1a: Toxapex|74/100|[from] item: Black Sludge
|upkeep
|turn|19
|j| Grounded16
|
|t:|1633186815
|move|p2a: Blissey|Wish|p2a: Blissey
|move|p1a: Toxapex|Toxic Spikes|p2a: Blissey
|-sidestart|p2: Arundrago|move: Toxic Spikes
|
|-heal|p2a: Blissey|100/100|[from] item: Leftovers
|-heal|p1a: Toxapex|80/100|[from] item: Black Sludge
|upkeep
|turn|20
|
|t:|1633186827
|switch|p2a: Calyrex|Calyrex-Shadow|88/100
|-ability|p2a: Calyrex|As One
|-ability|p2a: Calyrex|Unnerve
|-damage|p2a: Calyrex|76/100|[from] Stealth Rock
|move|p1a: Toxapex|Toxic Spikes|p2a: Calyrex
|-sidestart|p2: Arundrago|move: Toxic Spikes
|
|-heal|p2a: Calyrex|100/100|[from] move: Wish|[wisher] Blissey
|-heal|p1a: Toxapex|86/100|[from] item: Black Sludge
|upkeep
|turn|21
|
|t:|1633186841
|move|p1a: Toxapex|Baneful Bunker|p1a: Toxapex
|-singleturn|p1a: Toxapex|move: Protect
|move|p2a: Calyrex|Nasty Plot|p2a: Calyrex
|-boost|p2a: Calyrex|spa|2
|
|-heal|p1a: Toxapex|93/100|[from] item: Black Sludge
|-fieldend|Misty Terrain
|upkeep
|turn|22
|
|t:|1633186858
|-start|p2a: Calyrex|Dynamax
|-heal|p2a: Calyrex|100/100|[silent]
|move|p2a: Calyrex|Max Phantasm|p1a: Toxapex
|-damage|p1a: Toxapex|0 fnt
|faint|p1a: Toxapex
|-ability|p2a: Calyrex|Grim Neigh|boost
|-boost|p2a: Calyrex|spa|1
|
|upkeep
|
|t:|1633186875
|switch|p1a: Bisharp|Bisharp, F|100/100
|turn|23
|inactive|IamHrrimann has 270 seconds left.
|
|t:|1633186894
|-start|p1a: Bisharp|Dynamax
|-heal|p1a: Bisharp|100/100|[silent]
|move|p2a: Calyrex|Max Guard|p2a: Calyrex
|-singleturn|p2a: Calyrex|Max Guard
|move|p1a: Bisharp|Max Guard||[still]
|-fail|p1a: Bisharp
|
|upkeep
|turn|24
|inactive|IamHrrimann has 270 seconds left.
|
|t:|1633186916
|move|p2a: Calyrex|Max Starfall|p1a: Bisharp
|-damage|p1a: Bisharp|18/100
|-fieldstart|move: Misty Terrain
|move|p1a: Bisharp|Max Darkness|p2a: Calyrex
|-supereffective|p2a: Calyrex
|-enditem|p2a: Calyrex|Focus Sash
|-damage|p2a: Calyrex|1/100
|-unboost|p2a: Calyrex|spd|1
|-damage|p1a: Bisharp|13/100|[from] item: Life Orb
|
|-end|p2a: Calyrex|Dynamax
|-heal|p2a: Calyrex|1/100|[silent]
|upkeep
|turn|25
|
|t:|1633186933
|move|p1a: Bisharp|Max Guard|p1a: Bisharp
|-singleturn|p1a: Bisharp|Max Guard
|move|p2a: Calyrex|Draining Kiss|p1a: Bisharp
|-activate|p1a: Bisharp|move: Max Guard
|
|-end|p1a: Bisharp|Dynamax
|-heal|p1a: Bisharp|13/100|[silent]
|upkeep
|turn|26
|
|t:|1633186941
|move|p1a: Bisharp|Sucker Punch|p2a: Calyrex
|-supereffective|p2a: Calyrex
|-damage|p2a: Calyrex|0 fnt
|faint|p2a: Calyrex
|-damage|p1a: Bisharp|3/100|[from] item: Life Orb
|
|upkeep
|
|t:|1633186944
|switch|p2a: Mienshao|Mienshao, F|100/100
|-damage|p2a: Mienshao|95/100|[from] Stealth Rock
|turn|27
|inactive|IamHrrimann has 270 seconds left.
|
|t:|1633186956
|move|p1a: Bisharp|Sucker Punch|p2a: Mienshao
|-resisted|p2a: Mienshao
|-damage|p2a: Mienshao|48/100
|-damage|p1a: Bisharp|0 fnt|[from] item: Life Orb
|faint|p1a: Bisharp
|move|p2a: Mienshao|U-turn|p1: Bisharp|[notarget]
|-fail|p2a: Mienshao
|
|upkeep
|j| Dstricker
|inactive|IamHrrimann has 240 seconds left.
|
|t:|1633186990
|switch|p1a: Incineroar|Incineroar, F|62/100
|-ability|p1a: Incineroar|Intimidate|boost
|-unboost|p2a: Mienshao|atk|1
|turn|28
|j| zizboybolt
|inactive|IamHrrimann has 240 seconds left.
|j| Devdut Ghosh
|
|t:|1633187004
|switch|p2a: Quagsire|Quagsire, M|88/100
|-damage|p2a: Quagsire|82/100|[from] Stealth Rock
|switch|p1a: Tapu Fini|Tapu Fini|47/100
|
|-heal|p1a: Tapu Fini|54/100|[from] item: Leftovers
|-heal|p2a: Quagsire|88/100|[from] item: Leftovers
|-fieldend|Misty Terrain
|upkeep
|turn|29
|c| zizboybolt|Gg
|inactive|IamHrrimann has 240 seconds left.
|
|t:|1633187016
|switch|p1a: Ferrothorn|Ferrothorn, F|46/100
|move|p2a: Quagsire|Toxic|p1a: Ferrothorn
|-immune|p1a: Ferrothorn
|
|-heal|p2a: Quagsire|94/100|[from] item: Leftovers
|upkeep
|turn|30
|
|t:|1633187027
|switch|p2a: Mienshao|Mienshao, F|81/100
|-status|p2a: Mienshao|tox
|-damage|p2a: Mienshao|75/100 tox|[from] Stealth Rock
|move|p1a: Ferrothorn|Leech Seed|p2a: Mienshao|[miss]
|-miss|p1a: Ferrothorn|p2a: Mienshao
|
|-damage|p2a: Mienshao|69/100 tox|[from] psn
|upkeep
|turn|31
|
|t:|1633187039
|move|p1a: Ferrothorn|Protect|p1a: Ferrothorn
|-singleturn|p1a: Ferrothorn|Protect
|move|p2a: Mienshao|Close Combat|p1a: Ferrothorn
|-activate|p1a: Ferrothorn|move: Protect
|
|-damage|p2a: Mienshao|57/100 tox|[from] psn
|upkeep
|turn|32
|inactive|IamHrrimann has 240 seconds left.
|
|t:|1633187057
|switch|p1a: Tapu Fini|Tapu Fini|54/100
|-fieldstart|move: Misty Terrain|[from] ability: Misty Surge|[of] p1a: Tapu Fini
|move|p2a: Mienshao|Close Combat|p1a: Tapu Fini
|-resisted|p1a: Tapu Fini
|-damage|p1a: Tapu Fini|15/100
|-unboost|p2a: Mienshao|def|1
|-unboost|p2a: Mienshao|spd|1
|
|-heal|p1a: Tapu Fini|21/100|[from] item: Leftovers
|-damage|p2a: Mienshao|40/100 tox|[from] psn
|upkeep
|turn|33
|inactive|IamHrrimann has 240 seconds left.
|
|t:|1633187073
|move|p2a: Mienshao|Close Combat|p1a: Tapu Fini
|-resisted|p1a: Tapu Fini
|-damage|p1a: Tapu Fini|0 fnt
|-unboost|p2a: Mienshao|def|1
|-unboost|p2a: Mienshao|spd|1
|faint|p1a: Tapu Fini
|
|-damage|p2a: Mienshao|16/100 tox|[from] psn
|upkeep
|
|t:|1633187082
|switch|p1a: Lucario|Lucario, M|100/100
|turn|34
|inactive|IamHrrimann has 240 seconds left.
|
|t:|1633187089
|switch|p2a: Quagsire|Quagsire, M|94/100
|-damage|p2a: Quagsire|88/100|[from] Stealth Rock
|detailschange|p1a: Lucario|Lucario-Mega, M
|-mega|p1a: Lucario|Lucario|Lucarionite
|move|p1a: Lucario|Bullet Punch|p2a: Quagsire
|-resisted|p2a: Quagsire
|-damage|p2a: Quagsire|77/100
|
|-heal|p2a: Quagsire|83/100|[from] item: Leftovers
|upkeep
|turn|35
|inactive|IamHrrimann has 240 seconds left.
|
|t:|1633187102
|switch|p1a: Ferrothorn|Ferrothorn, F|46/100
|move|p2a: Quagsire|Earthquake|p1a: Ferrothorn
|-damage|p1a: Ferrothorn|29/100
|
|-heal|p2a: Quagsire|89/100|[from] item: Leftovers
|upkeep
|turn|36
|
|t:|1633187114
|move|p2a: Quagsire|Earthquake|p1a: Ferrothorn
|-damage|p1a: Ferrothorn|12/100
|move|p1a: Ferrothorn|Leech Seed|p2a: Quagsire
|-start|p2a: Quagsire|move: Leech Seed
|
|-heal|p2a: Quagsire|95/100|[from] item: Leftovers
|-damage|p2a: Quagsire|83/100|[from] Leech Seed|[of] p1a: Ferrothorn
|-heal|p1a: Ferrothorn|26/100|[silent]
|-fieldend|Misty Terrain
|upkeep
|turn|37
|
|t:|1633187126
|switch|p2a: Mienshao|Mienshao, F|49/100 tox
|-damage|p2a: Mienshao|43/100 tox|[from] Stealth Rock
|move|p1a: Ferrothorn|Leech Seed|p2a: Mienshao
|-start|p2a: Mienshao|move: Leech Seed
|
|-damage|p2a: Mienshao|31/100 tox|[from] Leech Seed|[of] p1a: Ferrothorn
|-heal|p1a: Ferrothorn|35/100|[silent]
|-damage|p2a: Mienshao|25/100 tox|[from] psn
|upkeep
|turn|38
|l| Devdut Ghosh
|
|t:|1633187137
|switch|p2a: Blissey|Blissey, F|100/100
|-status|p2a: Blissey|tox
|-damage|p2a: Blissey|88/100 tox|[from] Stealth Rock
|move|p1a: Ferrothorn|Protect||[still]
|-fail|p1a: Ferrothorn
|
|-heal|p2a: Blissey|94/100 tox|[from] item: Leftovers
|-damage|p2a: Blissey|88/100 tox|[from] psn
|upkeep
|turn|39
|c| Swagata2004|Regen
|inactive|IamHrrimann has 240 seconds left.
|
|t:|1633187158
|switch|p1a: Lucario|Lucario-Mega, M|100/100
|move|p2a: Blissey|Wish|p2a: Blissey
|
|-heal|p2a: Blissey|94/100 tox|[from] item: Leftovers
|-damage|p2a: Blissey|82/100 tox|[from] psn
|upkeep
|turn|40
|inactive|IamHrrimann has 240 seconds left.
|
|t:|1633187169
|switch|p2a: Quagsire|Quagsire, M|83/100
|-damage|p2a: Quagsire|77/100|[from] Stealth Rock
|-status|p2a: Quagsire|tox
|move|p1a: Lucario|Close Combat|p2a: Quagsire
|-damage|p2a: Quagsire|18/100 tox
|-unboost|p1a: Lucario|def|1
|-unboost|p1a: Lucario|spd|1
|
|-heal|p2a: Quagsire|100/100 tox|[from] move: Wish|[wisher] Blissey
|-damage|p2a: Quagsire|94/100 tox|[from] psn
|upkeep
|turn|41
|inactive|IamHrrimann has 240 seconds left.
|
|t:|1633187186
|switch|p1a: Ferrothorn|Ferrothorn, F|35/100
|move|p2a: Quagsire|Earthquake|p1a: Ferrothorn
|-damage|p1a: Ferrothorn|16/100
|
|-heal|p2a: Quagsire|100/100 tox|[from] item: Leftovers
|-damage|p2a: Quagsire|88/100 tox|[from] psn
|upkeep
|turn|42
|
|t:|1633187197
|move|p2a: Quagsire|Earthquake|p1a: Ferrothorn
|-damage|p1a: Ferrothorn|0 fnt
|faint|p1a: Ferrothorn
|
|-heal|p2a: Quagsire|94/100 tox|[from] item: Leftovers
|-damage|p2a: Quagsire|76/100 tox|[from] psn
|upkeep
|
|t:|1633187206
|switch|p1a: Incineroar|Incineroar, F|62/100
|-ability|p1a: Incineroar|Intimidate|boost
|-unboost|p2a: Quagsire|atk|1
|turn|43
|
|t:|1633187222
|move|p1a: Incineroar|Knock Off|p2a: Quagsire
|-damage|p2a: Quagsire|38/100 tox
|-enditem|p2a: Quagsire|Leftovers|[from] move: Knock Off|[of] p1a: Incineroar
|move|p2a: Quagsire|Scald|p1a: Incineroar
|-supereffective|p1a: Incineroar
|-damage|p1a: Incineroar|25/100
|-enditem|p1a: Incineroar|Aguav Berry|[eat]
|-heal|p1a: Incineroar|58/100|[from] item: Aguav Berry
|
|-damage|p2a: Quagsire|13/100 tox|[from] psn
|upkeep
|turn|44
|
|t:|1633187246
|move|p1a: Incineroar|Darkest Lariat|p2a: Quagsire
|-damage|p2a: Quagsire|0 fnt
|faint|p2a: Quagsire
|
|upkeep
|
|t:|1633187249
|switch|p2a: Mienshao|Mienshao, F|58/100 tox
|-damage|p2a: Mienshao|53/100 tox|[from] Stealth Rock
|turn|45
|inactive|IamHrrimann has 210 seconds left.
|
|t:|1633187270
|move|p2a: Mienshao|Close Combat|p1a: Incineroar
|-supereffective|p1a: Incineroar
|-crit|p1a: Incineroar
|-damage|p1a: Incineroar|0 fnt
|-unboost|p2a: Mienshao|def|1
|-unboost|p2a: Mienshao|spd|1
|faint|p1a: Incineroar
|
|-damage|p2a: Mienshao|47/100 tox|[from] psn
|upkeep
|inactive|IamHrrimann has 210 seconds left.
|
|t:|1633187280
|switch|p1a: Lucario|Lucario-Mega, M|100/100
|turn|46
|
|t:|1633187285
|switch|p2a: Blissey|Blissey, F|82/100
|-damage|p2a: Blissey|69/100|[from] Stealth Rock
|-status|p2a: Blissey|tox
|move|p1a: Lucario|Close Combat|p2a: Blissey
|-supereffective|p2a: Blissey
|-damage|p2a: Blissey|0 fnt
|-unboost|p1a: Lucario|def|1
|-unboost|p1a: Lucario|spd|1
|faint|p2a: Blissey
|
|upkeep
|
|t:|1633187287
|switch|p2a: Mienshao|Mienshao, F|80/100 tox
|-damage|p2a: Mienshao|74/100 tox|[from] Stealth Rock
|turn|47
|c| Swagata2004|Gg
|c|☆Arundrago|gg
|
|t:|1633187302
|move|p2a: Mienshao|Close Combat|p1a: Lucario
|-supereffective|p1a: Lucario
|-damage|p1a: Lucario|0 fnt
|-unboost|p2a: Mienshao|def|1
|-unboost|p2a: Mienshao|spd|1
|faint|p1a: Lucario
|
|win|Arundrago
