|j|☆kabutobruh
|j|☆dexagon
|t:|1660044285
|gametype|singles
|player|p1|kabutobruh|169|1469
|player|p2|dexagon|fisherman|1554
|teamsize|p1|6
|teamsize|p2|6
|gen|8
|tier|[Gen 8] National Dex AG
|rated|
|rule|HP Percentage Mod: HP is shown in percentages
|rule|Endless Battle Clause: Forcing endless battles is banned
|clearpoke
|poke|p1|Zacian-*|
|poke|p1|Rayquaza|
|poke|p1|Ditto|
|poke|p1|Groudon|
|poke|p1|Xerneas-*|
|poke|p1|Lugia|
|poke|p2|Diancie|
|poke|p2|Muk-Alola, M|
|poke|p2|Groudon|
|poke|p2|Yveltal|
|poke|p2|Chansey, F|
|poke|p2|Calyrex-Shadow|
|teampreview
|inactive|Battle timer is ON: inactive players will automatically lose when time's up. (requested by kabutobruh)
|
|t:|1660044292
|start
|switch|p1a: Xerneas|Xerneas|100/100
|switch|p2a: Yveltal|Yveltal|100/100
|-ability|p2a: Yveltal|Dark Aura
|-ability|p1a: Xerneas|Fairy Aura
|turn|1
|
|t:|1660044303
|switch|p2a: Chansey|Chansey, F|100/100
|move|p1a: Xerneas|Geomancy||[still]
|-prepare|p1a: Xerneas|Geomancy
|-enditem|p1a: Xerneas|Power Herb
|-anim|p1a: Xerneas|Geomancy|p1a: Xerneas
|-boost|p1a: Xerneas|spa|2
|-boost|p1a: Xerneas|spd|2
|-boost|p1a: Xerneas|spe|2
|
|upkeep
|turn|2
|
|t:|1660044314
|move|p1a: Xerneas|Moonblast|p2a: Chansey
|-crit|p2a: Chansey
|-damage|p2a: Chansey|41/100
|-unboost|p2a: Chansey|spa|1
|move|p2a: Chansey|Wish|p2a: Chansey
|
|upkeep
|turn|3
|
|t:|1660044320
|move|p2a: Chansey|Protect|p2a: Chansey
|-singleturn|p2a: Chansey|Protect
|move|p1a: Xerneas|Moonblast|p2a: Chansey
|-activate|p2a: Chansey|move: Protect
|
|-heal|p2a: Chansey|91/100|[from] move: Wish|[wisher] Chansey
|upkeep
|turn|4
|
|t:|1660044330
|move|p1a: Xerneas|Geomancy||[still]
|-prepare|p1a: Xerneas|Geomancy
|move|p2a: Chansey|Toxic|p1a: Xerneas|[miss]
|-miss|p2a: Chansey|p1a: Xerneas
|
|upkeep
|turn|5
|
|t:|1660044335
|move|p1a: Xerneas|Geomancy|p1a: Xerneas|[from]lockedmove
|-boost|p1a: Xerneas|spa|2
|-boost|p1a: Xerneas|spd|2
|-boost|p1a: Xerneas|spe|2
|move|p2a: Chansey|Toxic|p1a: Xerneas|[miss]
|-miss|p2a: Chansey|p1a: Xerneas
|
|upkeep
|turn|6
|c|☆kabutobruh|bruh
|
|t:|1660044346
|move|p1a: Xerneas|Moonblast|p2a: Chansey
|-damage|p2a: Chansey|30/100
|move|p2a: Chansey|Wish|p2a: Chansey
|
|upkeep
|turn|7
|c|☆dexagon|im speechless XD
|
|t:|1660044354
|move|p2a: Chansey|Protect|p2a: Chansey
|-singleturn|p2a: Chansey|Protect
|move|p1a: Xerneas|Geomancy||[still]
|-prepare|p1a: Xerneas|Geomancy
|
|-heal|p2a: Chansey|80/100|[from] move: Wish|[wisher] Chansey
|upkeep
|turn|8
|
|t:|1660044360
|move|p1a: Xerneas|Geomancy|p1a: Xerneas|[from]lockedmove
|-boost|p1a: Xerneas|spa|2
|-boost|p1a: Xerneas|spd|2
|-boost|p1a: Xerneas|spe|2
|move|p2a: Chansey|Toxic|p1a: Xerneas
|-status|p1a: Xerneas|tox
|
|-damage|p1a: Xerneas|94/100 tox|[from] psn
|upkeep
|turn|9
|
|t:|1660044369
|move|p2a: Chansey|Protect|p2a: Chansey
|-singleturn|p2a: Chansey|Protect
|move|p1a: Xerneas|Moonblast|p2a: Chansey
|-activate|p2a: Chansey|move: Protect
|
|-damage|p1a: Xerneas|82/100 tox|[from] psn
|upkeep
|turn|10
|
|t:|1660044376
|move|p1a: Xerneas|Moonblast|p2a: Chansey
|-damage|p2a: Chansey|0 fnt
|faint|p2a: Chansey
|
|-damage|p1a: Xerneas|64/100 tox|[from] psn
|upkeep
|
|t:|1660044391
|switch|p2a: Yveltal|Yveltal|100/100
|-ability|p2a: Yveltal|Dark Aura
|turn|11
|
|t:|1660044397
|move|p1a: Xerneas|Moonblast|p2a: Yveltal
|-supereffective|p2a: Yveltal
|-damage|p2a: Yveltal|0 fnt
|faint|p2a: Yveltal
|
|-damage|p1a: Xerneas|39/100 tox|[from] psn
|upkeep
|inactive|dexagon has 120 seconds left.
|inactive|dexagon has 90 seconds left.
|
|t:|1660044462
|switch|p2a: Calyrex|Calyrex-Shadow|100/100
|-ability|p2a: Calyrex|As One
|-ability|p2a: Calyrex|Unnerve
|turn|12
|
|t:|1660044480
|move|p1a: Xerneas|Moonblast|p2a: Calyrex
|-enditem|p2a: Calyrex|Focus Sash
|-damage|p2a: Calyrex|1/100
|move|p2a: Calyrex|Psyshock|p1a: Xerneas
|-damage|p1a: Xerneas|0 fnt
|faint|p1a: Xerneas
|-ability|p2a: Calyrex|Grim Neigh|boost
|-boost|p2a: Calyrex|spa|1
|
|upkeep
|
|t:|1660044495
|switch|p1a: Big Loog|Lugia|100/100
|turn|13
|
|t:|1660044499
|switch|p2a: Muk|Muk-Alola, M|100/100
|move|p1a: Big Loog|Ice Beam|p2a: Muk
|-damage|p2a: Muk|91/100
|
|upkeep
|turn|14
|
|t:|1660044508
|switch|p1a: Groudon-Red Orb|Groudon|100/100
|detailschange|p1a: Groudon-Red Orb|Groudon-Primal
|-primal|p1a: Groudon-Red Orb
|-weather|DesolateLand|[from] ability: Desolate Land|[of] p1a: Groudon-Red Orb
|switch|p2a: Diancie|Diancie|100/100
|
|-weather|DesolateLand|[upkeep]
|upkeep
|turn|15
|inactive|dexagon has 120 seconds left.
|
|t:|1660044519
|detailschange|p2a: Diancie|Diancie-Mega
|-mega|p2a: Diancie|Diancie|Diancite
|move|p2a: Diancie|Earth Power|p1a: Groudon-Red Orb
|-supereffective|p1a: Groudon-Red Orb
|-crit|p1a: Groudon-Red Orb
|-damage|p1a: Groudon-Red Orb|0 fnt
|faint|p1a: Groudon-Red Orb
|-weather|none
|
|upkeep
|
|t:|1660044531
|switch|p1a: Zacian|Zacian-Crowned|100/100
|-ability|p1a: Zacian|Intrepid Sword|boost
|-boost|p1a: Zacian|atk|1
|turn|16
|
|t:|1660044536
|switch|p2a: Groudon|Groudon|100/100
|detailschange|p2a: Groudon|Groudon-Primal
|-primal|p2a: Groudon
|-weather|DesolateLand|[from] ability: Desolate Land|[of] p2a: Groudon
|move|p1a: Zacian|Behemoth Blade|p2a: Groudon
|-resisted|p2a: Groudon
|-damage|p2a: Groudon|79/100
|
|-weather|DesolateLand|[upkeep]
|upkeep
|turn|17
|
|t:|1660044547
|switch|p1a: Big Loog|Lugia|100/100
|move|p2a: Groudon|Thunder Wave|p1a: Big Loog
|-status|p1a: Big Loog|par
|
|-weather|DesolateLand|[upkeep]
|upkeep
|turn|18
|
|t:|1660044553
|-weather|none
|switch|p2a: Diancie|Diancie-Mega|100/100
|cant|p1a: Big Loog|par
|
|upkeep
|turn|19
|
|t:|1660044559
|move|p2a: Diancie|Earth Power|p1a: Big Loog
|-immune|p1a: Big Loog
|cant|p1a: Big Loog|par
|
|upkeep
|turn|20
|
|t:|1660044565
|move|p2a: Diancie|Moonblast|p1a: Big Loog
|-damage|p1a: Big Loog|85/100 par
|move|p1a: Big Loog|Toxic|p2a: Diancie
|move|p2a: Diancie|Toxic|p1a: Big Loog|[from]ability: Magic Bounce|[miss]
|-miss|p2a: Diancie|p1a: Big Loog
|
|upkeep
|turn|21
|
|t:|1660044575
|switch|p1a: Zacian|Zacian-Crowned|100/100
|-ability|p1a: Zacian|Intrepid Sword|boost
|-boost|p1a: Zacian|atk|1
|move|p2a: Diancie|Moonblast|p1a: Zacian
|-resisted|p1a: Zacian
|-damage|p1a: Zacian|72/100
|-unboost|p1a: Zacian|spa|1
|
|upkeep
|turn|22
|
|t:|1660044584
|switch|p2a: Groudon|Groudon-Primal|79/100
|-weather|DesolateLand|[from] ability: Desolate Land|[of] p2a: Groudon
|move|p1a: Zacian|Swords Dance|p1a: Zacian
|-boost|p1a: Zacian|atk|2
|
|-weather|DesolateLand|[upkeep]
|upkeep
|turn|23
|
|t:|1660044596
|move|p1a: Zacian|Play Rough|p2a: Groudon
|-resisted|p2a: Groudon
|-damage|p2a: Groudon|47/100
|move|p2a: Groudon|Fire Punch|p1a: Zacian
|-supereffective|p1a: Zacian
|-damage|p1a: Zacian|0 fnt
|faint|p1a: Zacian
|
|-weather|DesolateLand|[upkeep]
|upkeep
|
|t:|1660044605
|switch|p1a: Rayquaza|Rayquaza|100/100
|-ability|p1a: Rayquaza|Air Lock
|turn|24
|
|t:|1660044614
|detailschange|p1a: Rayquaza|Rayquaza-Mega
|-mega|p1a: Rayquaza|Rayquaza|
|-weather|DeltaStream|[from] ability: Delta Stream|[of] p1a: Rayquaza
|move|p1a: Rayquaza|Dragon Ascent|p2a: Groudon
|-damage|p2a: Groudon|0 fnt
|-unboost|p1a: Rayquaza|def|1
|-unboost|p1a: Rayquaza|spd|1
|faint|p2a: Groudon
|-damage|p1a: Rayquaza|91/100|[from] item: Life Orb
|
|-weather|DeltaStream|[upkeep]
|upkeep
|
|t:|1660044620
|switch|p2a: Calyrex|Calyrex-Shadow|1/100
|-ability|p2a: Calyrex|As One
|-ability|p2a: Calyrex|Unnerve
|turn|25
|
|t:|1660044636
|move|p2a: Calyrex|Astral Barrage|p1a: Rayquaza
|-damage|p1a: Rayquaza|0 fnt
|faint|p1a: Rayquaza
|-weather|none
|-ability|p2a: Calyrex|Grim Neigh|boost
|-boost|p2a: Calyrex|spa|1
|
|upkeep
|
|t:|1660044643
|switch|p1a: Better Zacian|Ditto, shiny|100/100
|-transform|p1a: Better Zacian|p2a: Calyrex|[from] ability: Imposter
|turn|26
|c|☆dexagon|idk how i got out of that
|
|t:|1660044658
|switch|p2a: Muk|Muk-Alola, M|91/100
|-start|p1a: Better Zacian|Dynamax|
|-heal|p1a: Better Zacian|100/100|[silent]
|move|p1a: Better Zacian|Max Phantasm|p2a: Muk
|-resisted|p2a: Muk
|-damage|p2a: Muk|60/100
|-unboost|p2a: Muk|def|1
|
|upkeep
|turn|27
|
|t:|1660044677
|move|p1a: Better Zacian|Max Starfall|p2a: Muk
|-damage|p2a: Muk|32/100
|-fieldstart|move: Misty Terrain
|move|p2a: Muk|Pursuit|p1a: Better Zacian
|-supereffective|p1a: Better Zacian
|-damage|p1a: Better Zacian|50/100
|
|upkeep
|turn|28
|
|t:|1660044687
|-start|p2a: Muk|Dynamax|
|-heal|p2a: Muk|32/100|[silent]
|move|p1a: Better Zacian|Max Starfall|p2a: Muk
|-damage|p2a: Muk|17/100
|move|p2a: Muk|Max Darkness|p1a: Better Zacian
|-supereffective|p1a: Better Zacian
|-damage|p1a: Better Zacian|0 fnt
|faint|p1a: Better Zacian
|
|upkeep
|c|☆dexagon|gg
|
|t:|1660044698
|switch|p1a: Big Loog|Lugia|85/100 par
|turn|29
|
|t:|1660044704
|move|p2a: Muk|Max Darkness|p1a: Big Loog
|-supereffective|p1a: Big Loog
|-damage|p1a: Big Loog|45/100 par
|-unboost|p1a: Big Loog|spd|1
|move|p1a: Big Loog|Ice Beam|p2a: Muk
|-damage|p2a: Muk|13/100
|
|upkeep
|turn|30
|c|☆kabutobruh|gg
|
|t:|1660044715
|move|p2a: Muk|Max Phantasm|p1a: Big Loog
|-supereffective|p1a: Big Loog
|-damage|p1a: Big Loog|19/100 par
|-unboost|p1a: Big Loog|def|1
|move|p1a: Big Loog|Roost|p1a: Big Loog
|-heal|p1a: Big Loog|69/100 par
|-singleturn|p1a: Big Loog|move: Roost
|
|upkeep
|-end|p2a: Muk|Dynamax
|-heal|p2a: Muk|13/100|[silent]
|turn|31
|
|t:|1660044727
|move|p2a: Muk|Pursuit|p1a: Big Loog
|-supereffective|p1a: Big Loog
|-damage|p1a: Big Loog|43/100 par
|move|p1a: Big Loog|Ice Beam|p2a: Muk
|-damage|p2a: Muk|3/100
|
|-fieldend|Misty Terrain
|upkeep
|turn|32
|
|t:|1660044734
|move|p2a: Muk|Pursuit|p1a: Big Loog
|-supereffective|p1a: Big Loog
|-damage|p1a: Big Loog|14/100 par
|move|p1a: Big Loog|Ice Beam|p2a: Muk
|-damage|p2a: Muk|0 fnt
|faint|p2a: Muk
|
|upkeep
|
|t:|1660044737
|switch|p2a: Calyrex|Calyrex-Shadow|1/100
|-ability|p2a: Calyrex|As One
|-ability|p2a: Calyrex|Unnerve
|turn|33
|
|t:|1660044748
|move|p2a: Calyrex|Astral Barrage|p1a: Big Loog
|-supereffective|p1a: Big Loog
|-damage|p1a: Big Loog|0 fnt
|faint|p1a: Big Loog
|
|win|dexagon
|raw|kabutobruh's rating: 1469 &rarr; <strong>1454</strong><br />(-15 for losing)
|raw|dexagon's rating: 1554 &rarr; <strong>1569</strong><br />(+15 for winning)
|l|☆kabutobruh
||Ladder isn't responding, score probably updated but might not have (Request timeout).
