|j|☆imsaf
|j|☆jxdn
|t:|1662373487
|gametype|singles
|player|p1|imsaf|jasmine|1456
|player|p2|jxdn|red|1505
|teamsize|p1|6
|teamsize|p2|6
|gen|8
|tier|[Gen 8] National Dex AG
|rated|
|rule|HP Percentage Mod: HP is shown in percentages
|rule|Endless Battle Clause: Forcing endless battles is banned
|clearpoke
|poke|p1|Aerodactyl, M|
|poke|p1|Magearna|
|poke|p1|Tyranitar, M|
|poke|p1|Volcarona, F|
|poke|p1|Smeargle, M|
|poke|p1|Honchkrow, M|
|poke|p2|Yveltal|
|poke|p2|Rayquaza|
|poke|p2|Calyrex-Shadow|
|poke|p2|Kyogre|
|poke|p2|Zacian-*|
|poke|p2|Groudon|
|teampreview
|inactive|Battle timer is ON: inactive players will automatically lose when time's up. (requested by imsaf)
|
|t:|1662373500
|start
|switch|p1a: Aerodactyl|Aerodactyl, M|100/100
|switch|p2a: Calyrex|Calyrex-Shadow|100/100
|-ability|p2a: Calyrex|As One
|-ability|p2a: Calyrex|Unnerve
|-ability|p1a: Aerodactyl|Pressure
|turn|1
|
|t:|1662373512
|-start|p2a: Calyrex|Dynamax|
|-heal|p2a: Calyrex|100/100|[silent]
|move|p2a: Calyrex|Max Phantasm|p1a: Aerodactyl
|-enditem|p1a: Aerodactyl|Focus Sash
|-damage|p1a: Aerodactyl|1/100
|-unboost|p1a: Aerodactyl|def|1
|move|p1a: Aerodactyl|Tailwind|p1a: Aerodactyl
|-sidestart|p1: imsaf|move: Tailwind
|
|upkeep
|turn|2
|
|t:|1662373523
|move|p1a: Aerodactyl|Stealth Rock|p2a: Calyrex
|-sidestart|p2: jxdn|move: Stealth Rock
|move|p2a: Calyrex|Max Phantasm|p1a: Aerodactyl
|-damage|p1a: Aerodactyl|0 fnt
|faint|p1a: Aerodactyl
|-ability|p2a: Calyrex|Grim Neigh|boost
|-boost|p2a: Calyrex|spa|1
|
|upkeep
|
|t:|1662373528
|switch|p1a: Annoying Artist|Smeargle, M, shiny|100/100
|turn|3
|
|t:|1662373532
|move|p1a: Annoying Artist|Spore|p2a: Calyrex
|-status|p2a: Calyrex|slp|[from] move: Spore
|cant|p2a: Calyrex|slp
|
|-ability|p1a: Annoying Artist|Moody|boost
|-boost|p1a: Annoying Artist|def|2
|-unboost|p1a: Annoying Artist|spe|1
|upkeep
|-end|p2a: Calyrex|Dynamax
|-heal|p2a: Calyrex|100/100 slp|[silent]
|turn|4
|
|t:|1662373535
|cant|p2a: Calyrex|slp
|move|p1a: Annoying Artist|Substitute|p1a: Annoying Artist
|-start|p1a: Annoying Artist|Substitute
|-damage|p1a: Annoying Artist|76/100
|
|-heal|p1a: Annoying Artist|82/100|[from] item: Leftovers
|-sideend|p1: imsaf|move: Tailwind
|-ability|p1a: Annoying Artist|Moody|boost
|-boost|p1a: Annoying Artist|spe|2
|-unboost|p1a: Annoying Artist|spd|1
|upkeep
|turn|5
|
|t:|1662373538
|-curestatus|p2a: Calyrex|slp|[msg]
|move|p2a: Calyrex|Astral Barrage|p1a: Annoying Artist
|-immune|p1a: Annoying Artist
|move|p1a: Annoying Artist|Shell Smash|p1a: Annoying Artist
|-unboost|p1a: Annoying Artist|def|1
|-unboost|p1a: Annoying Artist|spd|1
|-boost|p1a: Annoying Artist|atk|2
|-boost|p1a: Annoying Artist|spa|2
|-boost|p1a: Annoying Artist|spe|2
|
|-heal|p1a: Annoying Artist|88/100|[from] item: Leftovers
|-ability|p1a: Annoying Artist|Moody|boost
|-boost|p1a: Annoying Artist|def|2
|-unboost|p1a: Annoying Artist|spd|1
|upkeep
|turn|6
|
|t:|1662373542
|move|p1a: Annoying Artist|Spore|p2a: Calyrex
|-status|p2a: Calyrex|slp|[from] move: Spore
|cant|p2a: Calyrex|slp
|
|-heal|p1a: Annoying Artist|94/100|[from] item: Leftovers
|-ability|p1a: Annoying Artist|Moody|boost
|-boost|p1a: Annoying Artist|spd|2
|-unboost|p1a: Annoying Artist|atk|1
|upkeep
|turn|7
|
|t:|1662373545
|move|p1a: Annoying Artist|Shell Smash|p1a: Annoying Artist
|-unboost|p1a: Annoying Artist|def|1
|-unboost|p1a: Annoying Artist|spd|1
|-boost|p1a: Annoying Artist|atk|2
|-boost|p1a: Annoying Artist|spa|2
|-boost|p1a: Annoying Artist|spe|2
|cant|p2a: Calyrex|slp
|
|-heal|p1a: Annoying Artist|99/100|[from] item: Leftovers
|-ability|p1a: Annoying Artist|Moody|boost
|-boost|p1a: Annoying Artist|spd|2
|-unboost|p1a: Annoying Artist|spa|1
|upkeep
|turn|8
|
|t:|1662373550
|move|p1a: Annoying Artist|Shell Smash|p1a: Annoying Artist
|-unboost|p1a: Annoying Artist|def|1
|-unboost|p1a: Annoying Artist|spd|1
|-boost|p1a: Annoying Artist|atk|2
|-boost|p1a: Annoying Artist|spa|2
|-boost|p1a: Annoying Artist|spe|1
|-curestatus|p2a: Calyrex|slp|[msg]
|move|p2a: Calyrex|Astral Barrage|p1a: Annoying Artist
|-immune|p1a: Annoying Artist
|
|-heal|p1a: Annoying Artist|100/100|[from] item: Leftovers
|-ability|p1a: Annoying Artist|Moody|boost
|-boost|p1a: Annoying Artist|def|2
|-unboost|p1a: Annoying Artist|spa|1
|upkeep
|turn|9
|
|t:|1662373556
|move|p1a: Annoying Artist|Spore|p2a: Calyrex
|-status|p2a: Calyrex|slp|[from] move: Spore
|cant|p2a: Calyrex|slp
|
|-ability|p1a: Annoying Artist|Moody|boost
|-boost|p1a: Annoying Artist|spa|2
|-unboost|p1a: Annoying Artist|atk|1
|upkeep
|turn|10
|
|t:|1662373560
|move|p1a: Annoying Artist|Shell Smash|p1a: Annoying Artist
|-unboost|p1a: Annoying Artist|def|1
|-unboost|p1a: Annoying Artist|spd|1
|-boost|p1a: Annoying Artist|atk|2
|-boost|p1a: Annoying Artist|spa|0
|-boost|p1a: Annoying Artist|spe|0
|-curestatus|p2a: Calyrex|slp|[msg]
|move|p2a: Calyrex|Astral Barrage|p1a: Annoying Artist
|-immune|p1a: Annoying Artist
|
|-ability|p1a: Annoying Artist|Moody|boost
|-boost|p1a: Annoying Artist|spd|2
|-unboost|p1a: Annoying Artist|spe|1
|upkeep
|turn|11
|
|t:|1662373563
|move|p1a: Annoying Artist|Power Trip|p2a: Calyrex
|-supereffective|p2a: Calyrex
|-damage|p2a: Calyrex|0 fnt
|faint|p2a: Calyrex
|
|-ability|p1a: Annoying Artist|Moody|boost
|-boost|p1a: Annoying Artist|spe|1
|-unboost|p1a: Annoying Artist|atk|1
|upkeep
|
|t:|1662373581
|switch|p2a: Rayquaza|Rayquaza|100/100
|-damage|p2a: Rayquaza|75/100|[from] Stealth Rock
|-ability|p2a: Rayquaza|Air Lock
|turn|12
|
|t:|1662373583
|detailschange|p2a: Rayquaza|Rayquaza-Mega
|-mega|p2a: Rayquaza|Rayquaza|
|-weather|DeltaStream|[from] ability: Delta Stream|[of] p2a: Rayquaza
|move|p1a: Annoying Artist|Spore|p2a: Rayquaza
|-status|p2a: Rayquaza|slp|[from] move: Spore
|cant|p2a: Rayquaza|slp
|
|-weather|DeltaStream|[upkeep]
|-ability|p1a: Annoying Artist|Moody|boost
|-boost|p1a: Annoying Artist|def|2
|-unboost|p1a: Annoying Artist|atk|1
|upkeep
|turn|13
|
|t:|1662373599
|move|p1a: Annoying Artist|Power Trip|p2a: Rayquaza
|-damage|p2a: Rayquaza|0 fnt
|faint|p2a: Rayquaza
|-weather|none
|
|-ability|p1a: Annoying Artist|Moody|boost
|-boost|p1a: Annoying Artist|spd|2
|-unboost|p1a: Annoying Artist|def|1
|upkeep
|
|t:|1662373605
|switch|p2a: Groudon|Groudon|100/100
|-damage|p2a: Groudon|94/100|[from] Stealth Rock
|detailschange|p2a: Groudon|Groudon-Primal
|-primal|p2a: Groudon
|-weather|DesolateLand|[from] ability: Desolate Land|[of] p2a: Groudon
|turn|14
|
|t:|1662373610
|move|p1a: Annoying Artist|Spore|p2a: Groudon
|-status|p2a: Groudon|slp|[from] move: Spore
|cant|p2a: Groudon|slp
|
|-weather|DesolateLand|[upkeep]
|-ability|p1a: Annoying Artist|Moody|boost
|-boost|p1a: Annoying Artist|atk|2
|-unboost|p1a: Annoying Artist|spe|1
|upkeep
|turn|15
|
|t:|1662373631
|move|p1a: Annoying Artist|Power Trip|p2a: Groudon
|-damage|p2a: Groudon|5/100 slp
|cant|p2a: Groudon|slp
|
|-weather|DesolateLand|[upkeep]
|-ability|p1a: Annoying Artist|Moody|boost
|-boost|p1a: Annoying Artist|spd|2
|-unboost|p1a: Annoying Artist|spe|1
|upkeep
|turn|16
|
|t:|1662373637
|move|p1a: Annoying Artist|Power Trip|p2a: Groudon
|-damage|p2a: Groudon|0 fnt
|faint|p2a: Groudon
|-weather|none
|
|-ability|p1a: Annoying Artist|Moody|boost
|-boost|p1a: Annoying Artist|spe|2
|-unboost|p1a: Annoying Artist|spa|1
|upkeep
|
|t:|1662373657
|switch|p2a: Yveltal|Yveltal|100/100
|-damage|p2a: Yveltal|76/100|[from] Stealth Rock
|-ability|p2a: Yveltal|Dark Aura
|turn|17
|
|t:|1662373660
|move|p1a: Annoying Artist|Spore|p2a: Yveltal
|-status|p2a: Yveltal|slp|[from] move: Spore
|cant|p2a: Yveltal|slp
|
|-ability|p1a: Annoying Artist|Moody|boost
|-boost|p1a: Annoying Artist|def|2
|-unboost|p1a: Annoying Artist|spe|1
|upkeep
|turn|18
|
|t:|1662373663
|move|p1a: Annoying Artist|Power Trip|p2a: Yveltal
|-resisted|p2a: Yveltal
|-damage|p2a: Yveltal|0 fnt
|faint|p2a: Yveltal
|
|-ability|p1a: Annoying Artist|Moody|boost
|-boost|p1a: Annoying Artist|spe|1
|-unboost|p1a: Annoying Artist|atk|1
|upkeep
|-message|jxdn forfeited.
|
|win|imsaf
|raw|imsaf's rating: 1456 &rarr; <strong>1479</strong><br />(+23 for winning)
|raw|jxdn's rating: 1505 &rarr; <strong>1482</strong><br />(-23 for losing)
|l|☆jxdn
