|j|☆alwaysrinse
|j|☆lasombralegendaria
|t:|1621285071
|gametype|singles
|player|p1|alwaysrinse|170|1880
|player|p2|lasombralegendaria|riley|1892
|teamsize|p1|6
|teamsize|p2|6
|gen|8
|tier|[Gen 8] National Dex AG
|rated|
|rule|HP Percentage Mod: HP is shown in percentages
|rule|Endless Battle Clause: Forcing endless battles is banned
|clearpoke
|poke|p1|Quagsire, M|
|poke|p1|Chansey, F|
|poke|p1|Tyranitar, M|
|poke|p1|Lugia|
|poke|p1|Sableye, F|
|poke|p1|Giratina|
|poke|p2|Arceus-*|
|poke|p2|Necrozma-Dusk-Mane|
|poke|p2|Rayquaza|
|poke|p2|Ditto|
|poke|p2|Arceus-*|
|poke|p2|Yveltal|
|teampreview
|
|t:|1621285093
|start
|switch|p1a: Sableye|Sableye, F|100/100
|switch|p2a: Rayquaza|Rayquaza|100/100
|-ability|p2a: Rayquaza|Air Lock
|turn|1
|
|t:|1621285097
|detailschange|p2a: Rayquaza|Rayquaza-Mega
|-mega|p2a: Rayquaza|Rayquaza|
|-weather|DeltaStream|[from] ability: Delta Stream|[of] p2a: Rayquaza
|move|p1a: Sableye|Will-O-Wisp|p2a: Rayquaza
|-status|p2a: Rayquaza|brn
|move|p2a: Rayquaza|Draco Meteor|p1a: Sableye
|-damage|p1a: Sableye|0 fnt
|-unboost|p2a: Rayquaza|spa|2
|faint|p1a: Sableye
|-damage|p2a: Rayquaza|91/100 brn|[from] item: Life Orb
|
|-weather|DeltaStream|[upkeep]
|-damage|p2a: Rayquaza|85/100 brn|[from] brn
|upkeep
|
|t:|1621285107
|switch|p1a: Tyranitar|Tyranitar, M|100/100
|-ability|p1a: Tyranitar|Sand Stream|[from] deltastream|[fail]
|turn|2
|
|t:|1621285111
|-weather|none
|switch|p2a: Arceus|Arceus-Water|100/100
|move|p1a: Tyranitar|Stealth Rock|p2a: Arceus
|-sidestart|p2: lasombralegendaria|move: Stealth Rock
|
|upkeep
|turn|3
|c|☆alwaysrinse|lol
|
|t:|1621285116
|switch|p1a: Giratina|Giratina|100/100
|-ability|p1a: Giratina|Pressure
|move|p2a: Arceus|Defog|p1a: Giratina
|-unboost|p1a: Giratina|evasion|1
|-sideend|p2: lasombralegendaria|Stealth Rock|[from] move: Defog|[of] p2a: Arceus
|
|upkeep
|turn|4
|
|t:|1621285125
|switch|p2a: Rayquaza|Rayquaza-Mega|85/100 brn
|-weather|DeltaStream|[from] ability: Delta Stream|[of] p2a: Rayquaza
|move|p1a: Giratina|Will-O-Wisp|p2a: Rayquaza
|-fail|p2a: Rayquaza|brn
|
|-weather|DeltaStream|[upkeep]
|-damage|p2a: Rayquaza|79/100 brn|[from] brn
|upkeep
|turn|5
|c|☆lasombralegendaria|sableye was a problem
|
|t:|1621285131
|switch|p1a: Lugia|Lugia|100/100
|move|p2a: Rayquaza|Dragon Ascent|p1a: Lugia
|-damage|p1a: Lugia|87/100
|-unboost|p2a: Rayquaza|def|1
|-unboost|p2a: Rayquaza|spd|1
|-damage|p2a: Rayquaza|69/100 brn|[from] item: Life Orb
|
|-weather|DeltaStream|[upkeep]
|-damage|p2a: Rayquaza|63/100 brn|[from] brn
|upkeep
|turn|6
|
|t:|1621285136
|move|p2a: Rayquaza|Draco Meteor|p1a: Lugia
|-damage|p1a: Lugia|33/100
|-unboost|p2a: Rayquaza|spa|2
|-damage|p2a: Rayquaza|53/100 brn|[from] item: Life Orb
|move|p1a: Lugia|Roost|p1a: Lugia
|-heal|p1a: Lugia|83/100
|-singleturn|p1a: Lugia|move: Roost
|
|-weather|DeltaStream|[upkeep]
|-damage|p2a: Rayquaza|47/100 brn|[from] brn
|upkeep
|turn|7
|
|t:|1621285144
|-weather|none
|switch|p2a: Arceus|Arceus-Water|100/100
|move|p1a: Lugia|Roost|p1a: Lugia
|-heal|p1a: Lugia|100/100
|-singleturn|p1a: Lugia|move: Roost
|
|upkeep
|turn|8
|
|t:|1621285146
|move|p2a: Arceus|Toxic|p1a: Lugia
|-status|p1a: Lugia|tox
|move|p1a: Lugia|Toxic|p2a: Arceus
|-status|p2a: Arceus|tox
|
|-damage|p2a: Arceus|94/100 tox|[from] psn
|-damage|p1a: Lugia|94/100 tox|[from] psn
|upkeep
|turn|9
|
|t:|1621285149
|switch|p2a: Necrozma|Necrozma-Dusk-Mane|100/100
|switch|p1a: Chansey|Chansey, F|100/100
|
|upkeep
|turn|10
|
|t:|1621285152
|switch|p1a: Giratina|Giratina|100/100
|-ability|p1a: Giratina|Pressure
|move|p2a: Necrozma|Sunsteel Strike|p1a: Giratina
|-damage|p1a: Giratina|77/100
|
|-heal|p1a: Giratina|83/100|[from] item: Leftovers
|upkeep
|turn|11
|j| Mak the ZekLord
|
|t:|1621285159
|switch|p2a: Arceus|Arceus-Water|94/100 tox
|move|p1a: Giratina|Will-O-Wisp||[still]
|-fail|p1a: Giratina
|
|-heal|p1a: Giratina|90/100|[from] item: Leftovers
|-damage|p2a: Arceus|88/100 tox|[from] psn
|upkeep
|turn|12
|
|t:|1621285163
|switch|p2a: Necrozma|Necrozma-Dusk-Mane|100/100
|switch|p1a: Chansey|Chansey, F|100/100
|
|upkeep
|turn|13
|
|t:|1621285167
|move|p2a: Necrozma|Toxic|p1a: Chansey
|-status|p1a: Chansey|tox
|move|p1a: Chansey|Heal Bell|p1a: Chansey
|-activate|p1a: Chansey|move: Heal Bell
|-curestatus|p1a: Chansey|tox|[msg]
|-curestatus|p1: Lugia|tox|[msg]
|
|upkeep
|turn|14
|
|t:|1621285170
|switch|p1a: Giratina|Giratina|90/100
|-ability|p1a: Giratina|Pressure
|move|p2a: Necrozma|Stealth Rock|p1a: Giratina
|-sidestart|p1: alwaysrinse|move: Stealth Rock
|
|-heal|p1a: Giratina|96/100|[from] item: Leftovers
|upkeep
|turn|15
|
|t:|1621285173
|move|p2a: Necrozma|Toxic|p1a: Giratina
|-status|p1a: Giratina|tox
|move|p1a: Giratina|Will-O-Wisp|p2a: Necrozma
|-status|p2a: Necrozma|brn
|
|-heal|p1a: Giratina|100/100 tox|[from] item: Leftovers
|-damage|p1a: Giratina|94/100 tox|[from] psn
|-damage|p2a: Necrozma|94/100 brn|[from] brn
|upkeep
|turn|16
|
|t:|1621285178
|switch|p2a: Ditto|Ditto|100/100
|-transform|p2a: Ditto|p1a: Giratina|[from] ability: Imposter
|-ability|p2a: Ditto|Pressure
|move|p1a: Giratina|Defog|p2a: Ditto
|-unboost|p2a: Ditto|evasion|1
|-sideend|p1: alwaysrinse|Stealth Rock|[from] move: Defog|[of] p1a: Giratina
|
|-heal|p1a: Giratina|100/100 tox|[from] item: Leftovers
|-damage|p1a: Giratina|88/100 tox|[from] psn
|upkeep
|turn|17
|
|t:|1621285183
|move|p2a: Ditto|Hex|p1a: Giratina
|-supereffective|p1a: Giratina
|-damage|p1a: Giratina|34/100 tox
|move|p1a: Giratina|Will-O-Wisp|p2a: Ditto
|-status|p2a: Ditto|brn
|
|-heal|p1a: Giratina|40/100 tox|[from] item: Leftovers
|-damage|p1a: Giratina|22/100 tox|[from] psn
|-damage|p2a: Ditto|94/100 brn|[from] brn
|upkeep
|turn|18
|
|t:|1621285188
|switch|p2a: Arceus|Arceus|100/100
|switch|p1a: Chansey|Chansey, F|100/100
|
|upkeep
|turn|19
|
|t:|1621285194
|switch|p1a: Quagsire|Quagsire, M|100/100
|move|p2a: Arceus|Swords Dance|p2a: Arceus
|-boost|p2a: Arceus|atk|2
|
|upkeep
|turn|20
|
|t:|1621285197
|-start|p2a: Arceus|Dynamax
|-heal|p2a: Arceus|100/100|[silent]
|move|p2a: Arceus|Max Strike|p1a: Quagsire
|-damage|p1a: Quagsire|42/100
|-unboost|p1a: Quagsire|spe|1
|-damage|p2a: Arceus|96/100|[from] item: Life Orb
|move|p1a: Quagsire|Toxic|p2a: Arceus
|-status|p2a: Arceus|tox
|
|-heal|p1a: Quagsire|48/100|[from] item: Leftovers
|-damage|p2a: Arceus|93/100 tox|[from] psn
|upkeep
|turn|21
|
|t:|1621285213
|switch|p1a: Lugia|Lugia|94/100
|move|p2a: Arceus|Max Phantasm|p1a: Lugia
|-supereffective|p1a: Lugia
|-damage|p1a: Lugia|0 fnt
|faint|p1a: Lugia
|-damage|p2a: Arceus|88/100 tox|[from] item: Life Orb
|
|-damage|p2a: Arceus|82/100 tox|[from] psn
|upkeep
|
|t:|1621285219
|switch|p1a: Quagsire|Quagsire, M|48/100
|turn|22
|
|t:|1621285227
|switch|p1a: Tyranitar|Tyranitar, M|100/100
|-weather|Sandstorm|[from] ability: Sand Stream|[of] p1a: Tyranitar
|move|p2a: Arceus|Max Strike|p1a: Tyranitar
|-resisted|p1a: Tyranitar
|-damage|p1a: Tyranitar|35/100
|-unboost|p1a: Tyranitar|spe|1
|-damage|p2a: Arceus|77/100 tox|[from] item: Life Orb
|
|-weather|Sandstorm|[upkeep]
|-damage|p2a: Arceus|74/100 tox|[from] Sandstorm
|-heal|p1a: Tyranitar|42/100|[from] item: Leftovers
|-damage|p2a: Arceus|65/100 tox|[from] psn
|-end|p2a: Arceus|Dynamax
|-heal|p2a: Arceus|65/100 tox|[silent]
|upkeep
|turn|23
|
|t:|1621285234
|switch|p1a: Quagsire|Quagsire, M|48/100
|move|p2a: Arceus|Extreme Speed|p1a: Quagsire
|-damage|p1a: Quagsire|12/100
|-damage|p2a: Arceus|55/100 tox|[from] item: Life Orb
|
|-weather|Sandstorm|[upkeep]
|-damage|p2a: Arceus|49/100 tox|[from] Sandstorm
|-heal|p1a: Quagsire|18/100|[from] item: Leftovers
|-damage|p2a: Arceus|25/100 tox|[from] psn
|upkeep
|turn|24
|
|t:|1621285245
|-start|p1a: Quagsire|Dynamax
|-heal|p1a: Quagsire|18/100|[silent]
|move|p1a: Quagsire|Max Guard|p1a: Quagsire
|-singleturn|p1a: Quagsire|Max Guard
|move|p2a: Arceus|Shadow Claw|p1a: Quagsire
|-activate|p1a: Quagsire|move: Max Guard
|
|-weather|Sandstorm|[upkeep]
|-damage|p2a: Arceus|19/100 tox|[from] Sandstorm
|-heal|p1a: Quagsire|21/100|[from] item: Leftovers
|-damage|p2a: Arceus|0 fnt|[from] psn
|faint|p2a: Arceus
|upkeep
|
|t:|1621285255
|switch|p2a: Arceus|Arceus-Water|88/100 tox
|turn|25
|
|t:|1621285259
|-end|p1a: Quagsire|Dynamax
|-heal|p1a: Quagsire|21/100|[silent]
|switch|p1a: Chansey|Chansey, F|100/100
|move|p2a: Arceus|Judgment|p1a: Chansey
|-damage|p1a: Chansey|89/100
|
|-weather|Sandstorm|[upkeep]
|-damage|p2a: Arceus|82/100 tox|[from] Sandstorm
|-damage|p1a: Chansey|83/100|[from] Sandstorm
|-damage|p2a: Arceus|76/100 tox|[from] psn
|upkeep
|turn|26
|
|t:|1621285262
|switch|p2a: Ditto|Ditto|94/100 brn
|-transform|p2a: Ditto|p1a: Chansey|[from] ability: Imposter
|move|p1a: Chansey|Heal Bell|p1a: Chansey
|-activate|p1a: Chansey|move: Heal Bell
|-curestatus|p1: Giratina|tox|[msg]
|
|-weather|none
|-damage|p2a: Ditto|88/100 brn|[from] brn
|upkeep
|turn|27
|
|t:|1621285266
|switch|p1a: Quagsire|Quagsire, M|21/100
|move|p2a: Ditto|Heal Bell|p2a: Ditto
|-activate|p2a: Ditto|move: Heal Bell
|-curestatus|p2a: Ditto|brn|[msg]
|-curestatus|p2: Rayquaza|brn|[msg]
|-curestatus|p2: Necrozma|brn|[msg]
|-curestatus|p2: Arceus|tox|[msg]
|
|-heal|p1a: Quagsire|27/100|[from] item: Leftovers
|upkeep
|turn|28
|
|t:|1621285268
|switch|p2a: Rayquaza|Rayquaza-Mega|47/100
|-weather|DeltaStream|[from] ability: Delta Stream|[of] p2a: Rayquaza
|move|p1a: Quagsire|Recover|p1a: Quagsire
|-heal|p1a: Quagsire|77/100
|
|-weather|DeltaStream|[upkeep]
|-heal|p1a: Quagsire|83/100|[from] item: Leftovers
|upkeep
|turn|29
|
|t:|1621285277
|switch|p1a: Chansey|Chansey, F|83/100
|move|p2a: Rayquaza|Draco Meteor|p1a: Chansey
|-damage|p1a: Chansey|59/100
|-unboost|p2a: Rayquaza|spa|2
|-damage|p2a: Rayquaza|37/100|[from] item: Life Orb
|
|-weather|DeltaStream|[upkeep]
|upkeep
|turn|30
|
|t:|1621285286
|switch|p1a: Tyranitar|Tyranitar, M|42/100
|-ability|p1a: Tyranitar|Sand Stream|[from] deltastream|[fail]
|move|p2a: Rayquaza|Dragon Ascent|p1a: Tyranitar
|-resisted|p1a: Tyranitar
|-damage|p1a: Tyranitar|4/100
|-unboost|p2a: Rayquaza|def|1
|-unboost|p2a: Rayquaza|spd|1
|-damage|p2a: Rayquaza|27/100|[from] item: Life Orb
|
|-weather|DeltaStream|[upkeep]
|-heal|p1a: Tyranitar|10/100|[from] item: Leftovers
|upkeep
|turn|31
|
|t:|1621285293
|move|p2a: Rayquaza|Dragon Ascent|p1a: Tyranitar
|-resisted|p1a: Tyranitar
|-damage|p1a: Tyranitar|0 fnt
|-unboost|p2a: Rayquaza|def|1
|-unboost|p2a: Rayquaza|spd|1
|faint|p1a: Tyranitar
|-damage|p2a: Rayquaza|17/100|[from] item: Life Orb
|
|-weather|DeltaStream|[upkeep]
|upkeep
|
|t:|1621285299
|switch|p1a: Giratina|Giratina|22/100
|-ability|p1a: Giratina|Pressure
|turn|32
|
|t:|1621285302
|move|p2a: Rayquaza|Dragon Ascent|p1a: Giratina
|-crit|p1a: Giratina
|-damage|p1a: Giratina|0 fnt
|-unboost|p2a: Rayquaza|def|1
|-unboost|p2a: Rayquaza|spd|1
|faint|p1a: Giratina
|-damage|p2a: Rayquaza|7/100|[from] item: Life Orb
|
|-weather|DeltaStream|[upkeep]
|upkeep
|
|t:|1621285307
|switch|p1a: Quagsire|Quagsire, M|83/100
|turn|33
|
|t:|1621285311
|-weather|none
|switch|p2a: Necrozma|Necrozma-Dusk-Mane|94/100
|move|p1a: Quagsire|Recover|p1a: Quagsire
|-heal|p1a: Quagsire|100/100
|
|upkeep
|turn|34
|
|t:|1621285315
|move|p2a: Necrozma|Toxic|p1a: Quagsire
|-status|p1a: Quagsire|tox
|move|p1a: Quagsire|Earthquake|p2a: Necrozma
|-supereffective|p2a: Necrozma
|-damage|p2a: Necrozma|69/100
|
|-damage|p1a: Quagsire|94/100 tox|[from] psn
|upkeep
|turn|35
|
|t:|1621285318
|move|p2a: Necrozma|Stealth Rock|p1a: Quagsire
|-sidestart|p1: alwaysrinse|move: Stealth Rock
|move|p1a: Quagsire|Earthquake|p2a: Necrozma
|-supereffective|p2a: Necrozma
|-damage|p2a: Necrozma|43/100
|
|-heal|p1a: Quagsire|100/100 tox|[from] item: Leftovers
|-damage|p1a: Quagsire|88/100 tox|[from] psn
|upkeep
|turn|36
|
|t:|1621285321
|switch|p1a: Chansey|Chansey, F|59/100
|-damage|p1a: Chansey|46/100|[from] Stealth Rock
|move|p2a: Necrozma|Morning Sun|p2a: Necrozma
|-heal|p2a: Necrozma|93/100
|
|upkeep
|turn|37
|c|☆alwaysrinse|ydea gg
|c|☆alwaysrinse|U kise
|
|t:|1621285337
|move|p2a: Necrozma|Sunsteel Strike|p1a: Chansey
|-damage|p1a: Chansey|9/100
|move|p1a: Chansey|Soft-Boiled|p1a: Chansey
|-heal|p1a: Chansey|59/100
|
|upkeep
|turn|38
|c|☆lasombralegendaria|lol
|
|t:|1621285349
|move|p2a: Necrozma|Toxic|p1a: Chansey|[miss]
|-miss|p2a: Necrozma|p1a: Chansey
|move|p1a: Chansey|Soft-Boiled|p1a: Chansey
|-heal|p1a: Chansey|100/100
|
|upkeep
|turn|39
|
|t:|1621285353
|switch|p2a: Arceus|Arceus-Water|76/100
|move|p1a: Chansey|Heal Bell|p1a: Chansey
|-activate|p1a: Chansey|move: Heal Bell
|-curestatus|p1: Quagsire|tox|[msg]
|
|upkeep
|turn|40
|
|t:|1621285358
|switch|p2a: Necrozma|Necrozma-Dusk-Mane|93/100
|move|p1a: Chansey|Toxic|p2a: Necrozma
|-immune|p2a: Necrozma
|
|upkeep
|turn|41
|
|t:|1621285361
|switch|p2a: Arceus|Arceus-Water|76/100
|switch|p1a: Quagsire|Quagsire, M|88/100
|-damage|p1a: Quagsire|82/100|[from] Stealth Rock
|
|-heal|p1a: Quagsire|88/100|[from] item: Leftovers
|upkeep
|turn|42
|
|t:|1621285365
|switch|p1a: Chansey|Chansey, F|100/100
|-damage|p1a: Chansey|88/100|[from] Stealth Rock
|move|p2a: Arceus|Judgment|p1a: Chansey
|-damage|p1a: Chansey|75/100
|
|upkeep
|turn|43
|
|t:|1621285377
|switch|p2a: Ditto|Ditto|88/100
|-transform|p2a: Ditto|p1a: Chansey|[from] ability: Imposter
|move|p1a: Chansey|Toxic|p2a: Ditto
|-status|p2a: Ditto|tox
|
|-damage|p2a: Ditto|82/100 tox|[from] psn
|upkeep
|turn|44
|
|t:|1621285385
|move|p2a: Ditto|Toxic|p1a: Chansey
|-status|p1a: Chansey|tox
|move|p1a: Chansey|Soft-Boiled|p1a: Chansey
|-heal|p1a: Chansey|100/100 tox
|
|-damage|p2a: Ditto|70/100 tox|[from] psn
|-damage|p1a: Chansey|94/100 tox|[from] psn
|upkeep
|turn|45
|
|t:|1621285392
|switch|p2a: Necrozma|Necrozma-Dusk-Mane|93/100
|move|p1a: Chansey|Confide|p2a: Necrozma
|-unboost|p2a: Necrozma|spa|1
|
|-damage|p1a: Chansey|82/100 tox|[from] psn
|upkeep
|turn|46
|
|t:|1621285396
|switch|p1a: Quagsire|Quagsire, M|88/100
|-damage|p1a: Quagsire|82/100|[from] Stealth Rock
|move|p2a: Necrozma|Sunsteel Strike|p1a: Quagsire
|-resisted|p1a: Quagsire
|-damage|p1a: Quagsire|63/100
|
|-heal|p1a: Quagsire|70/100|[from] item: Leftovers
|upkeep
|turn|47
|
|t:|1621285405
|move|p2a: Necrozma|Toxic|p1a: Quagsire
|-status|p1a: Quagsire|tox
|move|p1a: Quagsire|Earthquake|p2a: Necrozma
|-supereffective|p2a: Necrozma
|-damage|p2a: Necrozma|71/100
|
|-heal|p1a: Quagsire|76/100 tox|[from] item: Leftovers
|-damage|p1a: Quagsire|70/100 tox|[from] psn
|upkeep
|turn|48
|
|t:|1621285409
|switch|p2a: Yveltal|Yveltal|100/100
|-ability|p2a: Yveltal|Dark Aura
|switch|p1a: Chansey|Chansey, F|82/100
|-damage|p1a: Chansey|69/100|[from] Stealth Rock
|
|upkeep
|turn|49
|
|t:|1621285413
|move|p2a: Yveltal|Taunt|p1a: Chansey
|-start|p1a: Chansey|move: Taunt
|cant|p1a: Chansey|move: Taunt|Heal Bell
|
|upkeep
|turn|50
|
|t:|1621285418
|switch|p1a: Quagsire|Quagsire, M|70/100 tox
|-damage|p1a: Quagsire|63/100 tox|[from] Stealth Rock
|move|p2a: Yveltal|Snarl|p1a: Quagsire
|-damage|p1a: Quagsire|27/100 tox
|-unboost|p1a: Quagsire|spa|1
|
|-heal|p1a: Quagsire|33/100 tox|[from] item: Leftovers
|-damage|p1a: Quagsire|27/100 tox|[from] psn
|upkeep
|turn|51
|
|t:|1621285422
|move|p2a: Yveltal|Snarl|p1a: Quagsire
|-damage|p1a: Quagsire|0 fnt
|faint|p1a: Quagsire
|
|upkeep
|
|t:|1621285424
|switch|p1a: Chansey|Chansey, F|69/100
|-damage|p1a: Chansey|57/100|[from] Stealth Rock
|turn|52
|
|t:|1621285426
|move|p2a: Yveltal|Taunt|p1a: Chansey
|-start|p1a: Chansey|move: Taunt
|cant|p1a: Chansey|move: Taunt|Soft-Boiled
|
|upkeep
|turn|53
|
|t:|1621285428
|move|p2a: Yveltal|Snarl|p1a: Chansey
|-damage|p1a: Chansey|50/100
|-unboost|p1a: Chansey|spa|1
|-activate|p1a: Chansey|move: Struggle
|move|p1a: Chansey|Struggle|p2a: Yveltal
|-crit|p2a: Yveltal
|-damage|p2a: Yveltal|99/100
|-damage|p1a: Chansey|25/100|[from] recoil
|
|upkeep
|turn|54
|c|☆lasombralegendaria|gg
|
|t:|1621285441
|move|p2a: Yveltal|Snarl|p1a: Chansey
|-damage|p1a: Chansey|16/100
|-unboost|p1a: Chansey|spa|1
|-activate|p1a: Chansey|move: Struggle
|move|p1a: Chansey|Struggle|p2a: Yveltal
|-damage|p2a: Yveltal|99/100
|-damage|p1a: Chansey|0 fnt|[from] recoil
|faint|p1a: Chansey
|
|win|lasombralegendaria
|raw|alwaysrinse's rating: 1896 &rarr; <strong>1876</strong><br />(-20 for losing)
|raw|lasombralegendaria's rating: 1892 &rarr; <strong>1912</strong><br />(+20 for winning)
|l|☆alwaysrinse
