|j|☆Jamalquavious
|j|☆Obito 2001
|t:|1666363123
|gametype|singles
|player|p1|Jamalquavious|proton|1728
|player|p2|Obito 2001|teamrocket|1840
|teamsize|p1|6
|teamsize|p2|6
|gen|8
|tier|[Gen 8] National Dex AG
|rated|
|rule|HP Percentage Mod: HP is shown in percentages
|rule|Endless Battle Clause: Forcing endless battles is banned
|clearpoke
|poke|p1|Blissey, F|
|poke|p1|Rayquaza|
|poke|p1|Necrozma-Dusk-Mane|
|poke|p1|Ditto|
|poke|p1|Calyrex-Shadow|
|poke|p1|Sableye, F|
|poke|p2|Ditto|
|poke|p2|Arceus-*|
|poke|p2|Smeargle, F|
|poke|p2|Lucario, M|
|poke|p2|Rayquaza|
|poke|p2|Necrozma-Dusk-Mane|
|teampreview
|inactive|Battle timer is ON: inactive players will automatically lose when time's up. (requested by Jamalquavious)
|inactive|Obito 2001 also wants the timer to be on.
|inactive|Jamalquavious has 120 seconds left.
|
|t:|1666363161
|start
|switch|p1a: Groudon protester|Calyrex-Shadow|100/100
|switch|p2a: Lucario|Lucario, M|100/100
|-ability|p1a: Groudon protester|As One
|-ability|p1a: Groudon protester|Unnerve
|turn|1
|
|t:|1666363168
|switch|p1a: Groudon reflector|Sableye, F|100/100
|switch|p2a: Arceus|Arceus|100/100
|
|upkeep
|turn|2
|l|☆Jamalquavious
|inactive|Jamalquavious disconnected and has a minute to reconnect!
|player|p1|
|j|☆Jamalquavious
|inactive|Jamalquavious reconnected and has 110 seconds left.
|player|p1|Jamalquavious|proton
|
|t:|1666363214
|switch|p2a: Necrozma|Necrozma-Dusk-Mane|100/100
|move|p1a: Groudon reflector|Will-O-Wisp|p2a: Necrozma
|-status|p2a: Necrozma|brn
|
|-damage|p2a: Necrozma|94/100 brn|[from] brn
|upkeep
|turn|3
|
|t:|1666363220
|move|p1a: Groudon reflector|Taunt|p2a: Necrozma
|-start|p2a: Necrozma|move: Taunt
|move|p2a: Necrozma|Iron Head|p1a: Groudon reflector
|-damage|p1a: Groudon reflector|82/100
|
|-damage|p2a: Necrozma|88/100 brn|[from] brn
|upkeep
|turn|4
|
|t:|1666363224
|switch|p2a: Ditto|Ditto, shiny|100/100
|-transform|p2a: Ditto|p1a: Groudon reflector|[from] ability: Imposter
|move|p1a: Groudon reflector|Encore|p2a: Ditto
|-hint|Since gen 7, Dark is immune to Prankster moves.
|-immune|p2a: Ditto
|
|upkeep
|turn|5
|
|t:|1666363236
|switch|p2a: Necrozma|Necrozma-Dusk-Mane|88/100 brn
|move|p1a: Groudon reflector|Taunt|p2a: Necrozma
|-start|p2a: Necrozma|move: Taunt
|
|-damage|p2a: Necrozma|82/100 brn|[from] brn
|upkeep
|turn|6
|inactive|Jamalquavious has 120 seconds left.
|
|t:|1666363256
|switch|p2a: Ditto|Ditto, shiny|100/100
|-transform|p2a: Ditto|p1a: Groudon reflector|[from] ability: Imposter
|switch|p1a: Idk groudon ugly|Necrozma-Dusk-Mane|100/100
|
|upkeep
|turn|7
|
|t:|1666363262
|switch|p1a: Groudon reflector|Sableye, F|82/100
|move|p2a: Ditto|Will-O-Wisp|p1a: Groudon reflector
|-hint|Since gen 7, Dark is immune to Prankster moves.
|-immune|p1a: Groudon reflector
|
|upkeep
|turn|8
|
|t:|1666363266
|move|p2a: Ditto|Will-O-Wisp|p1a: Groudon reflector
|-hint|Since gen 7, Dark is immune to Prankster moves.
|-immune|p1a: Groudon reflector
|move|p1a: Groudon reflector|Taunt|p2a: Ditto
|-hint|Since gen 7, Dark is immune to Prankster moves.
|-immune|p2a: Ditto
|
|upkeep
|turn|9
|
|t:|1666363270
|move|p2a: Ditto|Will-O-Wisp|p1a: Groudon reflector
|-hint|Since gen 7, Dark is immune to Prankster moves.
|-immune|p1a: Groudon reflector
|move|p1a: Groudon reflector|Taunt|p2a: Ditto
|-hint|Since gen 7, Dark is immune to Prankster moves.
|-immune|p2a: Ditto
|
|upkeep
|turn|10
|c|☆Obito 2001|Why moonlight you can use recover instead
|inactive|Jamalquavious has 120 seconds left.
|c|☆Jamalquavious|Moonlight is cooler
|c|☆Jamalquavious|And
|c|☆Jamalquavious|Groudon
|
|t:|1666363314
|move|p2a: Ditto|Will-O-Wisp|p1a: Groudon reflector
|-hint|Since gen 7, Dark is immune to Prankster moves.
|-immune|p1a: Groudon reflector
|move|p1a: Groudon reflector|Taunt|p2a: Ditto
|-hint|Since gen 7, Dark is immune to Prankster moves.
|-immune|p2a: Ditto
|
|upkeep
|turn|11
|c|☆Obito 2001|lol ok
|
|t:|1666363324
|move|p2a: Ditto|Will-O-Wisp|p1a: Groudon reflector
|-hint|Since gen 7, Dark is immune to Prankster moves.
|-immune|p1a: Groudon reflector
|move|p1a: Groudon reflector|Taunt|p2a: Ditto
|-hint|Since gen 7, Dark is immune to Prankster moves.
|-immune|p2a: Ditto
|
|upkeep
|turn|12
|
|t:|1666363327
|switch|p2a: Necrozma|Necrozma-Dusk-Mane|82/100 brn
|move|p1a: Groudon reflector|Taunt|p2a: Necrozma
|-start|p2a: Necrozma|move: Taunt
|
|-damage|p2a: Necrozma|76/100 brn|[from] brn
|upkeep
|turn|13
|
|t:|1666363331
|switch|p2a: Ditto|Ditto, shiny|100/100
|-transform|p2a: Ditto|p1a: Groudon reflector|[from] ability: Imposter
|switch|p1a: Idk groudon ugly|Necrozma-Dusk-Mane|100/100
|
|upkeep
|turn|14
|
|t:|1666363334
|switch|p1a: Groudon reflector|Sableye, F|82/100
|move|p2a: Ditto|Will-O-Wisp|p1a: Groudon reflector
|-hint|Since gen 7, Dark is immune to Prankster moves.
|-immune|p1a: Groudon reflector
|
|upkeep
|turn|15
|
|t:|1666363346
|move|p2a: Ditto|Will-O-Wisp|p1a: Groudon reflector
|-hint|Since gen 7, Dark is immune to Prankster moves.
|-immune|p1a: Groudon reflector
|move|p1a: Groudon reflector|Taunt|p2a: Ditto
|-hint|Since gen 7, Dark is immune to Prankster moves.
|-immune|p2a: Ditto
|
|upkeep
|turn|16
|
|t:|1666363351
|switch|p1a: Groudon bad|Blissey, F, shiny|100/100
|move|p2a: Ditto|Will-O-Wisp|p1a: Groudon bad
|-status|p1a: Groudon bad|brn
|
|-damage|p1a: Groudon bad|94/100 brn|[from] brn
|upkeep
|turn|17
|
|t:|1666363356
|switch|p2a: Smeargle|Smeargle, F, shiny|100/100
|move|p1a: Groudon bad|Reflect|p1a: Groudon bad
|-sidestart|p1: Jamalquavious|Reflect
|
|-heal|p1a: Groudon bad|100/100 brn|[from] item: Leftovers
|-damage|p1a: Groudon bad|94/100 brn|[from] brn
|-ability|p2a: Smeargle|Moody|boost
|-boost|p2a: Smeargle|def|2
|-unboost|p2a: Smeargle|spa|1
|upkeep
|turn|18
|
|t:|1666363360
|move|p2a: Smeargle|Substitute|p2a: Smeargle
|-start|p2a: Smeargle|Substitute
|-damage|p2a: Smeargle|75/100
|move|p1a: Groudon bad|Seismic Toss|p2a: Smeargle
|-end|p2a: Smeargle|Substitute
|
|-heal|p1a: Groudon bad|100/100 brn|[from] item: Leftovers
|-damage|p1a: Groudon bad|94/100 brn|[from] brn
|-ability|p2a: Smeargle|Moody|boost
|-boost|p2a: Smeargle|spa|2
|-unboost|p2a: Smeargle|spd|1
|upkeep
|turn|19
|
|t:|1666363364
|move|p2a: Smeargle|Spore||[still]
|-fail|p2a: Smeargle
|move|p1a: Groudon bad|Seismic Toss|p2a: Smeargle
|-damage|p2a: Smeargle|36/100
|
|-heal|p1a: Groudon bad|100/100 brn|[from] item: Leftovers
|-damage|p1a: Groudon bad|94/100 brn|[from] brn
|-ability|p2a: Smeargle|Moody|boost
|-boost|p2a: Smeargle|atk|2
|-unboost|p2a: Smeargle|def|1
|upkeep
|turn|20
|
|t:|1666363373
|move|p2a: Smeargle|Power Trip|p1a: Groudon bad
|-damage|p1a: Groudon bad|82/100 brn
|move|p1a: Groudon bad|Seismic Toss|p2a: Smeargle
|-damage|p2a: Smeargle|0 fnt
|faint|p2a: Smeargle
|
|-heal|p1a: Groudon bad|88/100 brn|[from] item: Leftovers
|-damage|p1a: Groudon bad|82/100 brn|[from] brn
|upkeep
|
|t:|1666363377
|switch|p2a: Arceus|Arceus|100/100
|turn|21
|
|t:|1666363382
|-curestatus|p1a: Groudon bad|brn|[from] ability: Natural Cure
|switch|p1a: Groudon reflector|Sableye, F|82/100
|move|p2a: Arceus|Swords Dance|p2a: Arceus
|-boost|p2a: Arceus|atk|2
|
|-sideend|p1: Jamalquavious|Reflect
|upkeep
|turn|22
|
|t:|1666363391
|-start|p2a: Arceus|Dynamax|
|-heal|p2a: Arceus|100/100|[silent]
|move|p1a: Groudon reflector|Will-O-Wisp|p2a: Arceus
|-status|p2a: Arceus|brn
|-enditem|p2a: Arceus|Lum Berry|[eat]
|-curestatus|p2a: Arceus|brn|[msg]
|move|p2a: Arceus|Max Phantasm|p1a: Groudon reflector
|-damage|p1a: Groudon reflector|0 fnt
|faint|p1a: Groudon reflector
|
|upkeep
|c|☆Jamalquavious|Oh
|
|t:|1666363411
|switch|p1a: Groudon protester|Calyrex-Shadow|100/100
|-ability|p1a: Groudon protester|As One
|-ability|p1a: Groudon protester|Unnerve
|turn|23
|
|t:|1666363414
|move|p1a: Groudon protester|Substitute|p1a: Groudon protester
|-start|p1a: Groudon protester|Substitute
|-damage|p1a: Groudon protester|76/100
|move|p2a: Arceus|Max Phantasm|p1a: Groudon protester
|-supereffective|p1a: Groudon protester
|-end|p1a: Groudon protester|Substitute
|-unboost|p1a: Groudon protester|def|1
|
|-heal|p1a: Groudon protester|82/100|[from] item: Leftovers
|upkeep
|turn|24
|
|t:|1666363421
|move|p1a: Groudon protester|Substitute|p1a: Groudon protester
|-start|p1a: Groudon protester|Substitute
|-damage|p1a: Groudon protester|57/100
|move|p2a: Arceus|Max Phantasm|p1a: Groudon protester
|-supereffective|p1a: Groudon protester
|-end|p1a: Groudon protester|Substitute
|-unboost|p1a: Groudon protester|def|1
|
|-heal|p1a: Groudon protester|63/100|[from] item: Leftovers
|upkeep
|-end|p2a: Arceus|Dynamax
|-heal|p2a: Arceus|100/100|[silent]
|turn|25
|
|t:|1666363430
|switch|p1a: Groudon bad|Blissey, F, shiny|82/100
|move|p2a: Arceus|Shadow Claw|p1a: Groudon bad
|-immune|p1a: Groudon bad
|
|-heal|p1a: Groudon bad|88/100|[from] item: Leftovers
|upkeep
|turn|26
|
|t:|1666363433
|switch|p1a: Idk groudon ugly|Necrozma-Dusk-Mane|100/100
|move|p2a: Arceus|Extreme Speed|p1a: Idk groudon ugly
|-resisted|p1a: Idk groudon ugly
|-damage|p1a: Idk groudon ugly|77/100
|-damage|p2a: Arceus|84/100|[from] item: Rocky Helmet|[of] p1a: Idk groudon ugly
|
|upkeep
|turn|27
|
|t:|1666363439
|move|p2a: Arceus|Shadow Claw|p1a: Idk groudon ugly
|-supereffective|p1a: Idk groudon ugly
|-crit|p1a: Idk groudon ugly
|-damage|p1a: Idk groudon ugly|19/100
|-damage|p2a: Arceus|67/100|[from] item: Rocky Helmet|[of] p1a: Idk groudon ugly
|move|p1a: Idk groudon ugly|Thunder Wave|p2a: Arceus
|-status|p2a: Arceus|par
|
|upkeep
|turn|28
|
|t:|1666363444
|cant|p2a: Arceus|par
|move|p1a: Idk groudon ugly|Moonlight|p1a: Idk groudon ugly
|-heal|p1a: Idk groudon ugly|69/100
|
|upkeep
|turn|29
|
|t:|1666363451
|move|p1a: Idk groudon ugly|Stealth Rock|p2a: Arceus
|-sidestart|p2: Obito 2001|move: Stealth Rock
|cant|p2a: Arceus|par
|
|upkeep
|turn|30
|
|t:|1666363458
|move|p1a: Idk groudon ugly|Knock Off|p2a: Arceus
|-damage|p2a: Arceus|52/100 par
|move|p2a: Arceus|Recover|p2a: Arceus
|-heal|p2a: Arceus|100/100 par
|
|upkeep
|turn|31
|
|t:|1666363464
|move|p1a: Idk groudon ugly|Knock Off|p2a: Arceus
|-damage|p2a: Arceus|85/100 par
|move|p2a: Arceus|Shadow Claw|p1a: Idk groudon ugly
|-supereffective|p1a: Idk groudon ugly
|-damage|p1a: Idk groudon ugly|26/100
|-damage|p2a: Arceus|69/100 par|[from] item: Rocky Helmet|[of] p1a: Idk groudon ugly
|
|upkeep
|turn|32
|
|t:|1666363470
|move|p1a: Idk groudon ugly|Moonlight|p1a: Idk groudon ugly
|-heal|p1a: Idk groudon ugly|76/100
|move|p2a: Arceus|Shadow Claw|p1a: Idk groudon ugly
|-supereffective|p1a: Idk groudon ugly
|-damage|p1a: Idk groudon ugly|36/100
|-damage|p2a: Arceus|52/100 par|[from] item: Rocky Helmet|[of] p1a: Idk groudon ugly
|
|upkeep
|turn|33
|
|t:|1666363477
|move|p1a: Idk groudon ugly|Moonlight|p1a: Idk groudon ugly
|-heal|p1a: Idk groudon ugly|86/100
|cant|p2a: Arceus|par
|
|upkeep
|turn|34
|
|t:|1666363499
|switch|p1a: Groudon protester|Calyrex-Shadow|63/100
|-ability|p1a: Groudon protester|As One
|-ability|p1a: Groudon protester|Unnerve
|move|p2a: Arceus|Recover|p2a: Arceus
|-heal|p2a: Arceus|100/100 par
|
|-heal|p1a: Groudon protester|69/100|[from] item: Leftovers
|upkeep
|turn|35
|
|t:|1666363509
|move|p1a: Groudon protester|Psyshock|p2a: Arceus
|-damage|p2a: Arceus|67/100 par
|move|p2a: Arceus|Shadow Claw|p1a: Groudon protester
|-supereffective|p1a: Groudon protester
|-damage|p1a: Groudon protester|0 fnt
|faint|p1a: Groudon protester
|
|upkeep
|
|t:|1666363513
|switch|p1a: Just hates groudon|Ditto, shiny|100/100
|-transform|p1a: Just hates groudon|p2a: Arceus|[from] ability: Imposter
|turn|36
|
|t:|1666363517
|switch|p2a: Necrozma|Necrozma-Dusk-Mane|76/100 brn
|-damage|p2a: Necrozma|70/100 brn|[from] Stealth Rock
|move|p1a: Just hates groudon|Extreme Speed|p2a: Necrozma
|-resisted|p2a: Necrozma
|-damage|p2a: Necrozma|49/100 brn
|-damage|p1a: Just hates groudon|84/100|[from] item: Rocky Helmet|[of] p2a: Necrozma
|
|-damage|p2a: Necrozma|43/100 brn|[from] brn
|upkeep
|turn|37
|
|t:|1666363521
|switch|p1a: Idk groudon ugly|Necrozma-Dusk-Mane|86/100
|switch|p2a: Arceus|Arceus|67/100 par
|-damage|p2a: Arceus|55/100 par|[from] Stealth Rock
|
|upkeep
|turn|38
|
|t:|1666363526
|move|p1a: Idk groudon ugly|Knock Off|p2a: Arceus
|-damage|p2a: Arceus|40/100 par
|cant|p2a: Arceus|par
|
|upkeep
|turn|39
|
|t:|1666363532
|switch|p1a: FUCK GROUDON|Rayquaza|100/100
|-ability|p1a: FUCK GROUDON|Air Lock
|move|p2a: Arceus|Recover|p2a: Arceus
|-heal|p2a: Arceus|90/100 par
|
|upkeep
|turn|40
|l|☆Obito 2001
|inactive|Obito 2001 disconnected and has a minute to reconnect!
|player|p2|
|j|☆Obito 2001
|inactive|Obito 2001 reconnected and has 120 seconds left.
|player|p2|Obito 2001|teamrocket
|
|t:|1666363572
|detailschange|p1a: FUCK GROUDON|Rayquaza-Mega
|-mega|p1a: FUCK GROUDON|Rayquaza|
|-weather|DeltaStream|[from] ability: Delta Stream|[of] p1a: FUCK GROUDON
|move|p1a: FUCK GROUDON|Dragon Ascent|p2a: Arceus
|-damage|p2a: Arceus|17/100 par
|-unboost|p1a: FUCK GROUDON|def|1
|-unboost|p1a: FUCK GROUDON|spd|1
|-damage|p1a: FUCK GROUDON|91/100|[from] item: Life Orb
|move|p2a: Arceus|Shadow Claw|p1a: FUCK GROUDON
|-damage|p1a: FUCK GROUDON|51/100
|
|-weather|DeltaStream|[upkeep]
|upkeep
|turn|41
|
|t:|1666363579
|move|p1a: FUCK GROUDON|Extreme Speed|p2a: Arceus
|-damage|p2a: Arceus|0 fnt
|faint|p2a: Arceus
|-damage|p1a: FUCK GROUDON|41/100|[from] item: Life Orb
|
|-weather|DeltaStream|[upkeep]
|upkeep
|inactive|Obito 2001 has 120 seconds left.
|
|t:|1666363586
|switch|p2a: Lucario|Lucario, M|100/100
|-damage|p2a: Lucario|98/100|[from] Stealth Rock
|turn|42
|inactive|Obito 2001 has 120 seconds left.
|
|t:|1666363597
|-weather|none
|switch|p1a: Idk groudon ugly|Necrozma-Dusk-Mane|86/100
|move|p2a: Lucario|Bullet Punch|p1a: Idk groudon ugly
|-resisted|p1a: Idk groudon ugly
|-damage|p1a: Idk groudon ugly|82/100
|-damage|p2a: Lucario|81/100|[from] item: Rocky Helmet|[of] p1a: Idk groudon ugly
|
|upkeep
|turn|43
|
|t:|1666363610
|switch|p2a: Necrozma|Necrozma-Dusk-Mane|43/100 brn
|-damage|p2a: Necrozma|37/100 brn|[from] Stealth Rock
|move|p1a: Idk groudon ugly|Thunder Wave||[still]
|-fail|p1a: Idk groudon ugly
|
|-damage|p2a: Necrozma|31/100 brn|[from] brn
|upkeep
|turn|44
|
|t:|1666363612
|move|p2a: Necrozma|Morning Sun|p2a: Necrozma
|-heal|p2a: Necrozma|81/100 brn
|move|p1a: Idk groudon ugly|Knock Off|p2a: Necrozma
|-supereffective|p2a: Necrozma
|-crit|p2a: Necrozma
|-damage|p2a: Necrozma|43/100 brn
|-damage|p1a: Idk groudon ugly|65/100|[from] item: Rocky Helmet|[of] p2a: Necrozma
|-enditem|p2a: Necrozma|Rocky Helmet|[from] move: Knock Off|[of] p1a: Idk groudon ugly
|
|-damage|p2a: Necrozma|37/100 brn|[from] brn
|upkeep
|turn|45
|
|t:|1666363617
|move|p2a: Necrozma|Morning Sun|p2a: Necrozma
|-heal|p2a: Necrozma|87/100 brn
|move|p1a: Idk groudon ugly|Knock Off|p2a: Necrozma
|-supereffective|p2a: Necrozma
|-damage|p2a: Necrozma|68/100 brn
|
|-damage|p2a: Necrozma|62/100 brn|[from] brn
|upkeep
|turn|46
|
|t:|1666363620
|move|p2a: Necrozma|Thunder Wave|p1a: Idk groudon ugly
|-status|p1a: Idk groudon ugly|par
|move|p1a: Idk groudon ugly|Knock Off|p2a: Necrozma
|-supereffective|p2a: Necrozma
|-damage|p2a: Necrozma|46/100 brn
|
|-damage|p2a: Necrozma|40/100 brn|[from] brn
|upkeep
|turn|47
|
|t:|1666363623
|move|p2a: Necrozma|Morning Sun|p2a: Necrozma
|-heal|p2a: Necrozma|90/100 brn
|move|p1a: Idk groudon ugly|Moonlight|p1a: Idk groudon ugly
|-heal|p1a: Idk groudon ugly|100/100 par
|
|-damage|p2a: Necrozma|84/100 brn|[from] brn
|upkeep
|turn|48
|
|t:|1666363628
|move|p2a: Necrozma|Stealth Rock|p1a: Idk groudon ugly
|-sidestart|p1: Jamalquavious|move: Stealth Rock
|move|p1a: Idk groudon ugly|Knock Off|p2a: Necrozma
|-supereffective|p2a: Necrozma
|-damage|p2a: Necrozma|68/100 brn
|
|-damage|p2a: Necrozma|62/100 brn|[from] brn
|upkeep
|turn|49
|
|t:|1666363632
|move|p2a: Necrozma|Morning Sun|p2a: Necrozma
|-heal|p2a: Necrozma|100/100 brn
|move|p1a: Idk groudon ugly|Knock Off|p2a: Necrozma
|-supereffective|p2a: Necrozma
|-damage|p2a: Necrozma|82/100 brn
|
|-damage|p2a: Necrozma|76/100 brn|[from] brn
|upkeep
|turn|50
|
|t:|1666363639
|move|p2a: Necrozma|Iron Head|p1a: Idk groudon ugly
|-resisted|p1a: Idk groudon ugly
|-damage|p1a: Idk groudon ugly|95/100 par
|-damage|p2a: Necrozma|60/100 brn|[from] item: Rocky Helmet|[of] p1a: Idk groudon ugly
|cant|p1a: Idk groudon ugly|par
|
|-damage|p2a: Necrozma|54/100 brn|[from] brn
|upkeep
|turn|51
|
|t:|1666363645
|move|p2a: Necrozma|Iron Head|p1a: Idk groudon ugly
|-resisted|p1a: Idk groudon ugly
|-damage|p1a: Idk groudon ugly|90/100 par
|-damage|p2a: Necrozma|37/100 brn|[from] item: Rocky Helmet|[of] p1a: Idk groudon ugly
|move|p1a: Idk groudon ugly|Knock Off|p2a: Necrozma
|-supereffective|p2a: Necrozma
|-damage|p2a: Necrozma|21/100 brn
|
|-damage|p2a: Necrozma|15/100 brn|[from] brn
|upkeep
|turn|52
|
|t:|1666363649
|move|p2a: Necrozma|Morning Sun|p2a: Necrozma
|-heal|p2a: Necrozma|65/100 brn
|move|p1a: Idk groudon ugly|Knock Off|p2a: Necrozma
|-supereffective|p2a: Necrozma
|-damage|p2a: Necrozma|46/100 brn
|
|-damage|p2a: Necrozma|40/100 brn|[from] brn
|upkeep
|turn|53
|
|t:|1666363654
|move|p2a: Necrozma|Morning Sun|p2a: Necrozma
|-heal|p2a: Necrozma|90/100 brn
|move|p1a: Idk groudon ugly|Knock Off|p2a: Necrozma
|-supereffective|p2a: Necrozma
|-damage|p2a: Necrozma|73/100 brn
|
|-damage|p2a: Necrozma|67/100 brn|[from] brn
|upkeep
|turn|54
|
|t:|1666363659
|switch|p2a: Ditto|Ditto, shiny|100/100
|-damage|p2a: Ditto|88/100|[from] Stealth Rock
|-transform|p2a: Ditto|p1a: Idk groudon ugly|[from] ability: Imposter
|move|p1a: Idk groudon ugly|Knock Off|p2a: Ditto
|-supereffective|p2a: Ditto
|-crit|p2a: Ditto
|-damage|p2a: Ditto|36/100
|-enditem|p2a: Ditto|Choice Scarf|[from] move: Knock Off|[of] p1a: Idk groudon ugly
|
|upkeep
|turn|55
|
|t:|1666363662
|move|p2a: Ditto|Knock Off|p1a: Idk groudon ugly
|-supereffective|p1a: Idk groudon ugly
|-damage|p1a: Idk groudon ugly|65/100 par
|-damage|p2a: Ditto|19/100|[from] item: Rocky Helmet|[of] p1a: Idk groudon ugly
|-enditem|p1a: Idk groudon ugly|Rocky Helmet|[from] move: Knock Off|[of] p2a: Ditto
|move|p1a: Idk groudon ugly|Thunder Wave|p2a: Ditto
|-status|p2a: Ditto|par
|
|upkeep
|turn|56
|
|t:|1666363669
|move|p2a: Ditto|Moonlight|p2a: Ditto
|-heal|p2a: Ditto|69/100 par
|move|p1a: Idk groudon ugly|Knock Off|p2a: Ditto
|-supereffective|p2a: Ditto
|-damage|p2a: Ditto|47/100 par
|
|upkeep
|turn|57
|
|t:|1666363673
|move|p1a: Idk groudon ugly|Knock Off|p2a: Ditto
|-supereffective|p2a: Ditto
|-damage|p2a: Ditto|25/100 par
|move|p2a: Ditto|Moonlight|p2a: Ditto
|-heal|p2a: Ditto|75/100 par
|
|upkeep
|turn|58
|
|t:|1666363678
|move|p2a: Ditto|Knock Off|p1a: Idk groudon ugly
|-supereffective|p1a: Idk groudon ugly
|-damage|p1a: Idk groudon ugly|47/100 par
|move|p1a: Idk groudon ugly|Knock Off|p2a: Ditto
|-supereffective|p2a: Ditto
|-damage|p2a: Ditto|54/100 par
|
|upkeep
|turn|59
|
|t:|1666363683
|cant|p2a: Ditto|par
|cant|p1a: Idk groudon ugly|par
|
|upkeep
|turn|60
|
|t:|1666363685
|move|p2a: Ditto|Knock Off|p1a: Idk groudon ugly
|-supereffective|p1a: Idk groudon ugly
|-damage|p1a: Idk groudon ugly|31/100 par
|move|p1a: Idk groudon ugly|Moonlight|p1a: Idk groudon ugly
|-heal|p1a: Idk groudon ugly|81/100 par
|
|upkeep
|turn|61
|
|t:|1666363691
|move|p1a: Idk groudon ugly|Knock Off|p2a: Ditto
|-supereffective|p2a: Ditto
|-damage|p2a: Ditto|32/100 par
|move|p2a: Ditto|Moonlight|p2a: Ditto
|-heal|p2a: Ditto|81/100 par
|
|upkeep
|turn|62
|
|t:|1666363696
|move|p1a: Idk groudon ugly|Knock Off|p2a: Ditto
|-supereffective|p2a: Ditto
|-damage|p2a: Ditto|56/100 par
|move|p2a: Ditto|Knock Off|p1a: Idk groudon ugly
|-supereffective|p1a: Idk groudon ugly
|-damage|p1a: Idk groudon ugly|63/100 par
|
|upkeep
|turn|63
|
|t:|1666363699
|move|p1a: Idk groudon ugly|Knock Off|p2a: Ditto
|-supereffective|p2a: Ditto
|-damage|p2a: Ditto|33/100 par
|move|p2a: Ditto|Moonlight|p2a: Ditto
|-heal|p2a: Ditto|83/100 par
|
|upkeep
|turn|64
|
|t:|1666363703
|move|p1a: Idk groudon ugly|Knock Off|p2a: Ditto
|-supereffective|p2a: Ditto
|-damage|p2a: Ditto|62/100 par
|move|p2a: Ditto|Knock Off|p1a: Idk groudon ugly
|-supereffective|p1a: Idk groudon ugly
|-damage|p1a: Idk groudon ugly|45/100 par
|
|upkeep
|turn|65
|
|t:|1666363705
|move|p1a: Idk groudon ugly|Moonlight|p1a: Idk groudon ugly
|-heal|p1a: Idk groudon ugly|95/100 par
|move|p2a: Ditto|Moonlight|p2a: Ditto
|-heal|p2a: Ditto|100/100 par
|
|upkeep
|turn|66
|
|t:|1666363708
|switch|p2a: Necrozma|Necrozma-Dusk-Mane|67/100 brn
|-damage|p2a: Necrozma|61/100 brn|[from] Stealth Rock
|cant|p1a: Idk groudon ugly|par
|
|-damage|p2a: Necrozma|55/100 brn|[from] brn
|upkeep
|turn|67
|
|t:|1666363713
|move|p2a: Necrozma|Morning Sun|p2a: Necrozma
|-heal|p2a: Necrozma|100/100 brn
|move|p1a: Idk groudon ugly|Knock Off|p2a: Necrozma
|-supereffective|p2a: Necrozma
|-damage|p2a: Necrozma|84/100 brn
|
|-damage|p2a: Necrozma|78/100 brn|[from] brn
|upkeep
|turn|68
|
|t:|1666363719
|switch|p2a: Ditto|Ditto, shiny|100/100 par
|-damage|p2a: Ditto|88/100 par|[from] Stealth Rock
|-transform|p2a: Ditto|p1a: Idk groudon ugly|[from] ability: Imposter
|move|p1a: Idk groudon ugly|Knock Off|p2a: Ditto
|-supereffective|p2a: Ditto
|-damage|p2a: Ditto|63/100 par
|
|upkeep
|turn|69
|
|t:|1666363724
|switch|p1a: FUCK GROUDON|Rayquaza-Mega|41/100
|-damage|p1a: FUCK GROUDON|16/100|[from] Stealth Rock
|-weather|DeltaStream|[from] ability: Delta Stream|[of] p1a: FUCK GROUDON
|cant|p2a: Ditto|par
|
|-weather|DeltaStream|[upkeep]
|upkeep
|turn|70
|
|t:|1666363737
|switch|p2a: Necrozma|Necrozma-Dusk-Mane|78/100 brn
|-damage|p2a: Necrozma|72/100 brn|[from] Stealth Rock
|move|p1a: FUCK GROUDON|Dragon Ascent|p2a: Necrozma
|-resisted|p2a: Necrozma
|-damage|p2a: Necrozma|40/100 brn
|-unboost|p1a: FUCK GROUDON|def|1
|-unboost|p1a: FUCK GROUDON|spd|1
|-damage|p1a: FUCK GROUDON|6/100|[from] item: Life Orb
|
|-weather|DeltaStream|[upkeep]
|-damage|p2a: Necrozma|34/100 brn|[from] brn
|upkeep
|turn|71
|
|t:|1666363743
|move|p1a: FUCK GROUDON|Earthquake|p2a: Necrozma
|-supereffective|p2a: Necrozma
|-damage|p2a: Necrozma|0 fnt
|faint|p2a: Necrozma
|-damage|p1a: FUCK GROUDON|0 fnt|[from] item: Life Orb
|faint|p1a: FUCK GROUDON
|-weather|none
|
|upkeep
|
|t:|1666363760
|switch|p1a: Just hates groudon|Ditto, shiny|84/100
|switch|p2a: Lucario|Lucario, M|81/100
|-damage|p1a: Just hates groudon|71/100|[from] Stealth Rock
|-transform|p1a: Just hates groudon|p2a: Lucario|[from] ability: Imposter
|-damage|p2a: Lucario|78/100|[from] Stealth Rock
|turn|72
|
|t:|1666363767
|switch|p2a: Ditto|Ditto, shiny|63/100 par
|-damage|p2a: Ditto|50/100 par|[from] Stealth Rock
|move|p1a: Just hates groudon|Close Combat|p2a: Ditto
|-supereffective|p2a: Ditto
|-damage|p2a: Ditto|0 fnt
|-unboost|p1a: Just hates groudon|def|1
|-unboost|p1a: Just hates groudon|spd|1
|faint|p2a: Ditto
|
|upkeep
|
|t:|1666363770
|switch|p2a: Rayquaza|Rayquaza|100/100
|-damage|p2a: Rayquaza|76/100|[from] Stealth Rock
|-ability|p2a: Rayquaza|Air Lock
|turn|73
|
|t:|1666363776
|switch|p1a: Idk groudon ugly|Necrozma-Dusk-Mane|95/100 par
|-damage|p1a: Idk groudon ugly|89/100 par|[from] Stealth Rock
|move|p2a: Rayquaza|Earthquake|p1a: Idk groudon ugly
|-supereffective|p1a: Idk groudon ugly
|-damage|p1a: Idk groudon ugly|48/100 par
|-damage|p2a: Rayquaza|66/100|[from] item: Life Orb
|
|upkeep
|turn|74
|
|t:|1666363793
|move|p2a: Rayquaza|Earthquake|p1a: Idk groudon ugly
|-supereffective|p1a: Idk groudon ugly
|-damage|p1a: Idk groudon ugly|6/100 par
|-damage|p2a: Rayquaza|56/100|[from] item: Life Orb
|cant|p1a: Idk groudon ugly|par
|
|upkeep
|turn|75
|c|☆Jamalquavious|:(
|
|t:|1666363798
|move|p2a: Rayquaza|Earthquake|p1a: Idk groudon ugly
|-supereffective|p1a: Idk groudon ugly
|-damage|p1a: Idk groudon ugly|0 fnt
|faint|p1a: Idk groudon ugly
|-damage|p2a: Rayquaza|46/100|[from] item: Life Orb
|
|upkeep
|
|t:|1666363800
|switch|p1a: Just hates groudon|Ditto, shiny|71/100
|-damage|p1a: Just hates groudon|59/100|[from] Stealth Rock
|-transform|p1a: Just hates groudon|p2a: Rayquaza|[from] ability: Imposter
|turn|76
|
|t:|1666363809
|move|p1a: Just hates groudon|Dragon Ascent|p2a: Rayquaza
|-damage|p2a: Rayquaza|0 fnt
|-unboost|p1a: Just hates groudon|def|1
|-unboost|p1a: Just hates groudon|spd|1
|faint|p2a: Rayquaza
|
|upkeep
|
|t:|1666363812
|switch|p2a: Lucario|Lucario, M|78/100
|-damage|p2a: Lucario|76/100|[from] Stealth Rock
|turn|77
|
|t:|1666363833
|switch|p1a: Groudon bad|Blissey, F, shiny|88/100
|-damage|p1a: Groudon bad|75/100|[from] Stealth Rock
|move|p2a: Lucario|Swords Dance|p2a: Lucario
|-boost|p2a: Lucario|atk|2
|
|-heal|p1a: Groudon bad|82/100|[from] item: Leftovers
|upkeep
|turn|78
|
|t:|1666363839
|move|p2a: Lucario|Close Combat|p1a: Groudon bad
|-supereffective|p1a: Groudon bad
|-crit|p1a: Groudon bad
|-damage|p1a: Groudon bad|0 fnt
|-unboost|p2a: Lucario|def|1
|-unboost|p2a: Lucario|spd|1
|faint|p1a: Groudon bad
|
|upkeep
|
|t:|1666363841
|switch|p1a: Just hates groudon|Ditto, shiny|59/100
|-damage|p1a: Just hates groudon|47/100|[from] Stealth Rock
|-transform|p1a: Just hates groudon|p2a: Lucario|[from] ability: Imposter
|turn|79
|
|t:|1666363844
|detailschange|p2a: Lucario|Lucario-Mega, M
|-mega|p2a: Lucario|Lucario|Lucarionite
|move|p2a: Lucario|Bullet Punch|p1a: Just hates groudon
|-resisted|p1a: Just hates groudon
|-damage|p1a: Just hates groudon|0 fnt
|faint|p1a: Just hates groudon
|
|win|Obito 2001
|raw|Jamalquavious's rating: 1728 &rarr; <strong>1714</strong><br />(-14 for losing)
|raw|Obito 2001's rating: 1840 &rarr; <strong>1854</strong><br />(+14 for winning)
|c|☆Jamalquavious|:O
|c|☆Jamalquavious|Gg
|c|☆Obito 2001|Gg
|l|☆Jamalquavious
