|j|☆harsh634
|j|☆Blackstar152001
|t:|1665507850
|gametype|singles
|player|p1|harsh634|red|1783
|player|p2|Blackstar152001|blue-gen3two|1997
|teamsize|p1|6
|teamsize|p2|6
|gen|8
|tier|[Gen 8] National Dex AG
|rated|
|rule|HP Percentage Mod: HP is shown in percentages
|rule|Endless Battle Clause: Forcing endless battles is banned
|clearpoke
|poke|p1|Mewtwo|
|poke|p1|Tyranitar, M|
|poke|p1|Ferrothorn, F|
|poke|p1|Ho-Oh|
|poke|p1|Arceus-*|
|poke|p1|Ditto|
|poke|p2|Necrozma-Dusk-Mane|
|poke|p2|Yveltal|
|poke|p2|Zygarde|
|poke|p2|Arceus-*|
|poke|p2|Ditto|
|poke|p2|Arceus-*|
|teampreview
|inactive|Battle timer is ON: inactive players will automatically lose when time's up. (requested by harsh634)
|inactive|Blackstar152001 also wants the timer to be on.
|c|☆harsh634|OMG
|c|☆harsh634|1997
|j| luisYR_b
|
|t:|1665507878
|start
|switch|p1a: Ferrothorn|Ferrothorn, F|100/100
|switch|p2a: Yveltal|Yveltal, shiny|100/100
|-ability|p2a: Yveltal|Dark Aura
|turn|1
|
|t:|1665507888
|switch|p1a: Tyranitar|Tyranitar, M|100/100
|-weather|Sandstorm|[from] ability: Sand Stream|[of] p1a: Tyranitar
|move|p2a: Yveltal|U-turn|p1a: Tyranitar
|-supereffective|p1a: Tyranitar
|-damage|p1a: Tyranitar|68/100
|
|t:|1665507899
|switch|p2a: Arceus|Arceus-Fairy|100/100|[from]move: U-turn
|
|-weather|Sandstorm|[upkeep]
|-damage|p2a: Arceus|94/100|[from] Sandstorm
|upkeep
|turn|2
|
|t:|1665507902
|switch|p1a: Ferrothorn|Ferrothorn, F|100/100
|move|p2a: Arceus|Will-O-Wisp|p1a: Ferrothorn
|-status|p1a: Ferrothorn|brn
|
|-weather|Sandstorm|[upkeep]
|-damage|p2a: Arceus|88/100|[from] Sandstorm
|-damage|p1a: Ferrothorn|94/100 brn|[from] brn
|upkeep
|turn|3
|
|t:|1665507905
|move|p2a: Arceus|Stealth Rock|p1a: Ferrothorn
|-sidestart|p1: harsh634|move: Stealth Rock
|move|p1a: Ferrothorn|Leech Seed|p2a: Arceus
|-start|p2a: Arceus|move: Leech Seed
|
|-weather|Sandstorm|[upkeep]
|-damage|p2a: Arceus|82/100|[from] Sandstorm
|-heal|p1a: Ferrothorn|100/100 brn|[from] item: Leftovers
|-damage|p2a: Arceus|70/100|[from] Leech Seed|[of] p1a: Ferrothorn
|-damage|p1a: Ferrothorn|94/100 brn|[from] brn
|upkeep
|turn|4
|
|t:|1665507911
|switch|p2a: Zygarde|Zygarde, shiny|100/100
|move|p1a: Ferrothorn|Spikes|p2a: Zygarde
|-sidestart|p2: Blackstar152001|Spikes
|
|-weather|Sandstorm|[upkeep]
|-heal|p1a: Ferrothorn|100/100 brn|[from] item: Leftovers
|-damage|p1a: Ferrothorn|94/100 brn|[from] brn
|upkeep
|turn|5
|
|t:|1665507915
|switch|p2a: Ditto|Ditto, shiny|100/100
|-damage|p2a: Ditto|88/100|[from] Spikes
|-transform|p2a: Ditto|p1a: Ferrothorn|[from] ability: Imposter
|move|p1a: Ferrothorn|Knock Off|p2a: Ditto
|-damage|p2a: Ditto|79/100
|-damage|p1a: Ferrothorn|82/100 brn|[from] ability: Iron Barbs|[of] p2a: Ditto
|-enditem|p2a: Ditto|Choice Scarf|[from] move: Knock Off|[of] p1a: Ferrothorn
|
|-weather|none
|-heal|p1a: Ferrothorn|88/100 brn|[from] item: Leftovers
|-damage|p1a: Ferrothorn|82/100 brn|[from] brn
|upkeep
|turn|6
|c|☆harsh634|ok
|
|t:|1665507923
|move|p1a: Ferrothorn|Spikes|p2a: Ditto
|-sidestart|p2: Blackstar152001|Spikes
|move|p2a: Ditto|Spikes|p1a: Ferrothorn
|-sidestart|p1: harsh634|Spikes
|
|-heal|p1a: Ferrothorn|88/100 brn|[from] item: Leftovers
|-damage|p1a: Ferrothorn|82/100 brn|[from] brn
|upkeep
|turn|7
|c|☆harsh634|nice
|
|t:|1665507928
|move|p1a: Ferrothorn|Spikes|p2a: Ditto
|-sidestart|p2: Blackstar152001|Spikes
|move|p2a: Ditto|Spikes|p1a: Ferrothorn
|-sidestart|p1: harsh634|Spikes
|
|-heal|p1a: Ferrothorn|88/100 brn|[from] item: Leftovers
|-damage|p1a: Ferrothorn|82/100 brn|[from] brn
|upkeep
|turn|8
|
|t:|1665507930
|switch|p1a: Tyranitar|Tyranitar, M|68/100
|-damage|p1a: Tyranitar|56/100|[from] Stealth Rock
|-damage|p1a: Tyranitar|39/100|[from] Spikes
|-weather|Sandstorm|[from] ability: Sand Stream|[of] p1a: Tyranitar
|move|p2a: Ditto|Spikes|p1a: Tyranitar
|-sidestart|p1: harsh634|Spikes
|
|-weather|Sandstorm|[upkeep]
|upkeep
|turn|9
|
|t:|1665507935
|detailschange|p1a: Tyranitar|Tyranitar-Mega, M
|-mega|p1a: Tyranitar|Tyranitar|Tyranitarite
|move|p2a: Ditto|Protect|p2a: Ditto
|-singleturn|p2a: Ditto|Protect
|move|p1a: Tyranitar|Stealth Rock|p2a: Ditto
|-sidestart|p2: Blackstar152001|move: Stealth Rock
|
|-weather|Sandstorm|[upkeep]
|upkeep
|turn|10
|
|t:|1665507940
|move|p1a: Tyranitar|Rest|p1a: Tyranitar
|-status|p1a: Tyranitar|slp|[from] move: Rest
|-heal|p1a: Tyranitar|100/100 slp|[silent]
|move|p2a: Ditto|Leech Seed|p1a: Tyranitar
|-start|p1a: Tyranitar|move: Leech Seed
|
|-weather|Sandstorm|[upkeep]
|-damage|p1a: Tyranitar|88/100 slp|[from] Leech Seed|[of] p2a: Ditto
|-heal|p2a: Ditto|95/100|[silent]
|upkeep
|turn|11
|
|t:|1665507945
|cant|p1a: Tyranitar|slp
|move|p2a: Ditto|Knock Off|p1a: Tyranitar
|-resisted|p1a: Tyranitar
|-damage|p1a: Tyranitar|84/100 slp
|
|-weather|Sandstorm|[upkeep]
|-damage|p1a: Tyranitar|71/100 slp|[from] Leech Seed|[of] p2a: Ditto
|-heal|p2a: Ditto|100/100|[silent]
|upkeep
|turn|12
|
|t:|1665507958
|cant|p1a: Tyranitar|slp
|move|p2a: Ditto|Knock Off|p1a: Tyranitar
|-resisted|p1a: Tyranitar
|-damage|p1a: Tyranitar|67/100 slp
|
|-weather|none
|-damage|p1a: Tyranitar|55/100 slp|[from] Leech Seed|[of] p2a: Ditto
|upkeep
|turn|13
|
|t:|1665507970
|-curestatus|p1a: Tyranitar|slp|[msg]
|move|p1a: Tyranitar|Pursuit|p2a: Ditto
|-damage|p2a: Ditto|82/100
|-damage|p1a: Tyranitar|42/100|[from] ability: Iron Barbs|[of] p2a: Ditto
|move|p2a: Ditto|Knock Off|p1a: Tyranitar
|-resisted|p1a: Tyranitar
|-damage|p1a: Tyranitar|38/100
|
|-damage|p1a: Tyranitar|26/100|[from] Leech Seed|[of] p2a: Ditto
|-heal|p2a: Ditto|99/100|[silent]
|upkeep
|turn|14
|
|t:|1665507989
|switch|p2a: Yveltal|Yveltal, shiny|100/100
|-ability|p2a: Yveltal|Dark Aura
|move|p1a: Tyranitar|Rest|p1a: Tyranitar
|-status|p1a: Tyranitar|slp|[from] move: Rest
|-heal|p1a: Tyranitar|100/100 slp|[silent]
|
|-damage|p1a: Tyranitar|88/100 slp|[from] Leech Seed|[of] p2a: Yveltal
|upkeep
|turn|15
|
|t:|1665507995
|move|p2a: Yveltal|Knock Off|p1a: Tyranitar
|-resisted|p1a: Tyranitar
|-crit|p1a: Tyranitar
|-damage|p1a: Tyranitar|70/100 slp
|cant|p1a: Tyranitar|slp
|
|-damage|p1a: Tyranitar|58/100 slp|[from] Leech Seed|[of] p2a: Yveltal
|upkeep
|turn|16
|
|t:|1665508000
|switch|p1a: Ferrothorn|Ferrothorn, F|82/100 brn
|-damage|p1a: Ferrothorn|75/100 brn|[from] Stealth Rock
|-damage|p1a: Ferrothorn|50/100 brn|[from] Spikes
|move|p2a: Yveltal|Knock Off|p1a: Ferrothorn
|-damage|p1a: Ferrothorn|7/100 brn
|-damage|p2a: Yveltal|88/100|[from] ability: Iron Barbs|[of] p1a: Ferrothorn
|-enditem|p1a: Ferrothorn|Leftovers|[from] move: Knock Off|[of] p2a: Yveltal
|
|-damage|p1a: Ferrothorn|1/100 brn|[from] brn
|upkeep
|turn|17
|
|t:|1665508007
|move|p2a: Yveltal|Knock Off|p1a: Ferrothorn
|-damage|p1a: Ferrothorn|0 fnt
|-damage|p2a: Yveltal|76/100|[from] ability: Iron Barbs|[of] p1a: Ferrothorn
|faint|p1a: Ferrothorn
|
|upkeep
|
|t:|1665508018
|switch|p1a: Ho-Oh|Ho-Oh|100/100
|turn|18
|
|t:|1665508022
|move|p2a: Yveltal|Knock Off|p1a: Ho-Oh
|-damage|p1a: Ho-Oh|64/100
|-enditem|p1a: Ho-Oh|Heavy-Duty Boots|[from] move: Knock Off|[of] p2a: Yveltal
|move|p1a: Ho-Oh|Brave Bird|p2a: Yveltal
|-crit|p2a: Yveltal
|-damage|p2a: Yveltal|19/100
|-damage|p1a: Ho-Oh|43/100|[from] Recoil
|
|upkeep
|turn|19
|-message|harsh634 forfeited.
|
|win|Blackstar152001
|raw|harsh634's rating: 1783 &rarr; <strong>1774</strong><br />(-9 for losing)
|raw|Blackstar152001's rating: 1997 &rarr; <strong>2006</strong><br />(+9 for winning)
|l|☆harsh634
