|j|☆CLEAR GEM清瑜
|j|☆OhLooord
|t:|1665031855
|gametype|singles
|player|p1|CLEAR GEM清瑜|skierf|1939
|player|p2|OhLooord|lucas|1927
|teamsize|p1|6
|teamsize|p2|6
|gen|8
|tier|[Gen 8] National Dex AG
|rated|
|rule|HP Percentage Mod: HP is shown in percentages
|rule|Endless Battle Clause: Forcing endless battles is banned
|clearpoke
|poke|p1|Rayquaza|
|poke|p1|Groudon|
|poke|p1|Necrozma-Dusk-Mane|
|poke|p1|Arceus-*|
|poke|p1|Zacian-*|
|poke|p1|Yveltal|
|poke|p2|Groudon|
|poke|p2|Rayquaza|
|poke|p2|Zygarde|
|poke|p2|Calyrex-Shadow|
|poke|p2|Arceus-*|
|poke|p2|Arceus-*|
|teampreview
|inactive|Battle timer is ON: inactive players will automatically lose when time's up. (requested by CLEAR GEM清瑜)
|
|t:|1665031862
|start
|switch|p1a: 老烈|Rayquaza, shiny|100/100
|switch|p2a: Arceus|Arceus-Fairy|100/100
|-ability|p1a: 老烈|Air Lock
|turn|1
|
|t:|1665031884
|switch|p2a: Pyra|Groudon|100/100
|detailschange|p2a: Pyra|Groudon-Primal
|-primal|p2a: Pyra
|-weather|DesolateLand|[from] ability: Desolate Land|[of] p2a: Pyra
|switch|p1a: 不会(?)|Groudon|100/100
|detailschange|p1a: 不会(?)|Groudon-Primal
|-primal|p1a: 不会(?)
|
|-weather|DesolateLand|[upkeep]
|upkeep
|turn|2
|
|t:|1665031891
|move|p2a: Pyra|Stealth Rock|p1a: 不会(?)
|-sidestart|p1: CLEAR GEM清瑜|move: Stealth Rock
|move|p1a: 不会(?)|Stealth Rock|p2a: Pyra
|-sidestart|p2: OhLooord|move: Stealth Rock
|
|-weather|DesolateLand|[upkeep]
|upkeep
|turn|3
|inactive|OhLooord has 120 seconds left.
|
|t:|1665031926
|move|p2a: Pyra|Precipice Blades|p1a: 不会(?)
|-supereffective|p1a: 不会(?)
|-damage|p1a: 不会(?)|40/100
|move|p1a: 不会(?)|Roar|p2a: Pyra
|drag|p2a: Arceus|Arceus|100/100
|-damage|p2a: Arceus|88/100|[from] Stealth Rock
|
|-weather|DesolateLand|[upkeep]
|upkeep
|turn|4
|
|t:|1665031931
|move|p2a: Arceus|Swords Dance|p2a: Arceus
|-boost|p2a: Arceus|atk|2
|move|p1a: 不会(?)|Thunder Wave|p2a: Arceus
|-status|p2a: Arceus|par
|-enditem|p2a: Arceus|Lum Berry|[eat]
|-curestatus|p2a: Arceus|par|[msg]
|
|-weather|DesolateLand|[upkeep]
|upkeep
|turn|5
|
|t:|1665031934
|move|p2a: Arceus|Extreme Speed|p1a: 不会(?)
|-damage|p1a: 不会(?)|5/100
|move|p1a: 不会(?)|Roar|p2a: Arceus
|drag|p2a: Pyra|Groudon-Primal|100/100
|-damage|p2a: Pyra|88/100|[from] Stealth Rock
|
|-weather|DesolateLand|[upkeep]
|upkeep
|turn|6
|
|t:|1665031940
|move|p2a: Pyra|Stone Edge|p1a: 不会(?)
|-damage|p1a: 不会(?)|0 fnt
|faint|p1a: 不会(?)
|
|-weather|DesolateLand|[upkeep]
|upkeep
|
|t:|1665031943
|switch|p1a: 老烈|Rayquaza, shiny|100/100
|-damage|p1a: 老烈|76/100|[from] Stealth Rock
|-ability|p1a: 老烈|Air Lock
|turn|7
|
|t:|1665031947
|detailschange|p1a: 老烈|Rayquaza-Mega, shiny
|-mega|p1a: 老烈|Rayquaza|
|-weather|DeltaStream|[from] ability: Delta Stream|[of] p1a: 老烈
|move|p1a: 老烈|Dragon Ascent|p2a: Pyra
|-damage|p2a: Pyra|39/100
|-unboost|p1a: 老烈|def|1
|-unboost|p1a: 老烈|spd|1
|-damage|p1a: 老烈|66/100|[from] item: Life Orb
|move|p2a: Pyra|Thunder Wave|p1a: 老烈|[miss]
|-miss|p2a: Pyra|p1a: 老烈
|
|-weather|DeltaStream|[upkeep]
|upkeep
|turn|8
|c|☆OhLooord|ouf
|
|t:|1665031954
|move|p1a: 老烈|Scale Shot|p2a: Pyra
|-damage|p2a: Pyra|28/100
|-damage|p2a: Pyra|18/100
|-damage|p2a: Pyra|7/100
|-damage|p2a: Pyra|0 fnt
|faint|p2a: Pyra
|-hitcount|p2: Pyra|4
|-unboost|p1a: 老烈|def|1
|-boost|p1a: 老烈|spe|1
|-damage|p1a: 老烈|56/100|[from] item: Life Orb
|
|-weather|DeltaStream|[upkeep]
|upkeep
|
|t:|1665031960
|switch|p2a: the gwoat|Rayquaza|100/100
|-damage|p2a: the gwoat|76/100|[from] Stealth Rock
|-ability|p2a: the gwoat|Air Lock
|turn|9
|
|t:|1665031964
|detailschange|p2a: the gwoat|Rayquaza-Mega
|-mega|p2a: the gwoat|Rayquaza|
|move|p1a: 老烈|Extreme Speed|p2a: the gwoat
|-damage|p2a: the gwoat|23/100
|-damage|p1a: 老烈|46/100|[from] item: Life Orb
|move|p2a: the gwoat|Extreme Speed|p1a: 老烈
|-damage|p1a: 老烈|0 fnt
|faint|p1a: 老烈
|-damage|p2a: the gwoat|13/100|[from] item: Life Orb
|
|-weather|DeltaStream|[upkeep]
|upkeep
|
|t:|1665031972
|switch|p1a: 嘉然小姐的狗|Zacian-Crowned|100/100
|-damage|p1a: 嘉然小姐的狗|94/100|[from] Stealth Rock
|-ability|p1a: 嘉然小姐的狗|Intrepid Sword|boost
|-boost|p1a: 嘉然小姐的狗|atk|1
|turn|10
|
|t:|1665031990
|switch|p1a: 悬空羊驼|Arceus-Flying|100/100
|-damage|p1a: 悬空羊驼|76/100|[from] Stealth Rock
|move|p2a: the gwoat|Extreme Speed|p1a: 悬空羊驼
|-damage|p1a: 悬空羊驼|38/100
|-damage|p2a: the gwoat|3/100|[from] item: Life Orb
|
|-weather|DeltaStream|[upkeep]
|upkeep
|turn|11
|
|t:|1665031998
|move|p2a: the gwoat|Dragon Ascent|p1a: 悬空羊驼
|-damage|p1a: 悬空羊驼|0 fnt
|-unboost|p2a: the gwoat|def|1
|-unboost|p2a: the gwoat|spd|1
|faint|p1a: 悬空羊驼
|-damage|p2a: the gwoat|0 fnt|[from] item: Life Orb
|faint|p2a: the gwoat
|-weather|none
|
|upkeep
|
|t:|1665032007
|switch|p2a: the goat|Zygarde, shiny|100/100
|switch|p1a: Y鸟|Yveltal|100/100
|-damage|p1a: Y鸟|76/100|[from] Stealth Rock
|-ability|p1a: Y鸟|Dark Aura
|-damage|p2a: the goat|94/100|[from] Stealth Rock
|turn|12
|
|t:|1665032011
|-start|p1a: Y鸟|Dynamax|
|-heal|p1a: Y鸟|76/100|[silent]
|move|p1a: Y鸟|Max Darkness|p2a: the goat
|-damage|p2a: the goat|0 fnt
|faint|p2a: the goat
|-damage|p1a: Y鸟|71/100|[from] item: Life Orb
|
|upkeep
|
|t:|1665032014
|switch|p2a: Arceus|Arceus-Fairy|100/100
|-damage|p2a: Arceus|88/100|[from] Stealth Rock
|turn|13
|
|t:|1665032020
|-start|p2a: Arceus|Dynamax|
|-heal|p2a: Arceus|88/100|[silent]
|move|p2a: Arceus|Max Starfall|p1a: Y鸟
|-supereffective|p1a: Y鸟
|-damage|p1a: Y鸟|16/100
|-fieldstart|move: Misty Terrain
|move|p1a: Y鸟|Max Airstream|p2a: Arceus
|-damage|p2a: Arceus|59/100
|-boost|p1a: Y鸟|spe|1
|-damage|p1a: Y鸟|11/100|[from] item: Life Orb
|
|upkeep
|turn|14
|
|t:|1665032025
|move|p1a: Y鸟|Max Airstream|p2a: Arceus
|-damage|p2a: Arceus|30/100
|-boost|p1a: Y鸟|spe|1
|-damage|p1a: Y鸟|6/100|[from] item: Life Orb
|move|p2a: Arceus|Max Geyser|p1a: Y鸟
|-damage|p1a: Y鸟|0 fnt
|-weather|RainDance
|faint|p1a: Y鸟
|
|-weather|RainDance|[upkeep]
|upkeep
|
|t:|1665032032
|switch|p1a: 钢铁之躯|Necrozma-Dusk-Mane|100/100
|-damage|p1a: 钢铁之躯|94/100|[from] Stealth Rock
|turn|15
|
|t:|1665032035
|move|p2a: Arceus|Max Geyser|p1a: 钢铁之躯
|-damage|p1a: 钢铁之躯|63/100
|move|p1a: 钢铁之躯|Dragon Dance|p1a: 钢铁之躯
|-boost|p1a: 钢铁之躯|atk|1
|-boost|p1a: 钢铁之躯|spe|1
|
|-weather|RainDance|[upkeep]
|upkeep
|-end|p2a: Arceus|Dynamax
|-heal|p2a: Arceus|30/100|[silent]
|turn|16
|
|t:|1665032042
|move|p1a: 钢铁之躯|Dragon Dance|p1a: 钢铁之躯
|-boost|p1a: 钢铁之躯|atk|1
|-boost|p1a: 钢铁之躯|spe|1
|move|p2a: Arceus|Judgment|p1a: 钢铁之躯
|-resisted|p1a: 钢铁之躯
|-damage|p1a: 钢铁之躯|42/100
|
|-weather|RainDance|[upkeep]
|upkeep
|turn|17
|
|t:|1665032050
|move|p1a: 钢铁之躯|Dragon Dance|p1a: 钢铁之躯
|-boost|p1a: 钢铁之躯|atk|1
|-boost|p1a: 钢铁之躯|spe|1
|move|p2a: Arceus|Perish Song|p2a: Arceus
|-start|p1a: 钢铁之躯|perish3|[silent]
|-start|p2a: Arceus|perish3|[silent]
|-fieldactivate|move: Perish Song
|
|-weather|RainDance|[upkeep]
|-start|p1a: 钢铁之躯|perish3
|-start|p2a: Arceus|perish3
|-fieldend|Misty Terrain
|upkeep
|turn|18
|
|t:|1665032054
|detailschange|p1a: 钢铁之躯|Necrozma-Ultra
|-burst|p1a: 钢铁之躯|Necrozma|Ultranecrozium Z
|move|p1a: 钢铁之躯|Photon Geyser|p2a: Arceus
|-damage|p2a: Arceus|0 fnt
|faint|p2a: Arceus
|
|-weather|none
|-start|p1a: 钢铁之躯|perish2
|upkeep
|
|t:|1665032060
|switch|p2a: Arceus|Arceus|88/100
|-damage|p2a: Arceus|76/100|[from] Stealth Rock
|turn|19
|
|t:|1665032066
|move|p2a: Arceus|Extreme Speed|p1a: 钢铁之躯
|-damage|p1a: 钢铁之躯|2/100
|-zpower|p1a: 钢铁之躯
|move|p1a: 钢铁之躯|Light That Burns the Sky|p2a: Arceus|[zeffect]
|-damage|p2a: Arceus|0 fnt
|faint|p2a: Arceus
|
|-start|p1a: 钢铁之躯|perish1
|upkeep
|
|t:|1665032069
|switch|p2a: Calyrex|Calyrex-Shadow|100/100
|-ability|p2a: Calyrex|As One
|-ability|p2a: Calyrex|Unnerve
|-damage|p2a: Calyrex|88/100|[from] Stealth Rock
|turn|20
|
|t:|1665032076
|move|p1a: 钢铁之躯|Earthquake|p2a: Calyrex
|-damage|p2a: Calyrex|0 fnt
|faint|p2a: Calyrex
|
|win|CLEAR GEM清瑜
|raw|CLEAR GEM清瑜's rating: 1939 &rarr; <strong>1958</strong><br />(+19 for winning)
|raw|OhLooord's rating: 1927 &rarr; <strong>1908</strong><br />(-19 for losing)
|l|☆OhLooord
