|j|☆Log4j
|j|☆Goku Uchiha 2001
|t:|1664263839
|gametype|singles
|player|p1|Log4j|170|1942
|player|p2|Goku Uchiha 2001|blue-gen3two|1804
|teamsize|p1|6
|teamsize|p2|6
|gen|8
|tier|[Gen 8] National Dex AG
|rated|
|rule|HP Percentage Mod: HP is shown in percentages
|rule|Endless Battle Clause: Forcing endless battles is banned
|clearpoke
|poke|p1|Calyrex-Shadow|
|poke|p1|Groudon|
|poke|p1|Yveltal|
|poke|p1|Ho-Oh|
|poke|p1|Rayquaza|
|poke|p1|Arceus-*|
|poke|p2|Scizor, M|
|poke|p2|Ditto|
|poke|p2|Zamazenta-*|
|poke|p2|Dragonite, M|
|poke|p2|Arceus-*|
|poke|p2|Arceus-*|
|teampreview
|inactive|Battle timer is ON: inactive players will automatically lose when time's up. (requested by Goku Uchiha 2001)
|
|t:|1664263853
|start
|switch|p1a: Arceus|Arceus-Fairy|100/100
|switch|p2a: Arceus|Arceus-Fairy|100/100
|turn|1
|
|t:|1664263859
|move|p2a: Arceus|Judgment|p1a: Arceus
|-damage|p1a: Arceus|76/100
|move|p1a: Arceus|Toxic|p2a: Arceus
|-status|p2a: Arceus|tox
|
|-damage|p2a: Arceus|94/100 tox|[from] psn
|upkeep
|turn|2
|
|t:|1664263864
|move|p2a: Arceus|Toxic|p1a: Arceus
|-status|p1a: Arceus|tox
|move|p1a: Arceus|Judgment|p2a: Arceus
|-damage|p2a: Arceus|70/100 tox
|
|-damage|p2a: Arceus|58/100 tox|[from] psn
|-damage|p1a: Arceus|70/100 tox|[from] psn
|upkeep
|turn|3
|
|t:|1664263872
|move|p2a: Arceus|Stealth Rock|p1a: Arceus
|-sidestart|p1: Log4j|move: Stealth Rock
|move|p1a: Arceus|Refresh|p1a: Arceus
|-curestatus|p1a: Arceus|tox|[msg]
|
|-damage|p2a: Arceus|40/100 tox|[from] psn
|upkeep
|turn|4
|
|t:|1664263880
|move|p2a: Arceus|Recover|p2a: Arceus
|-heal|p2a: Arceus|90/100 tox
|move|p1a: Arceus|Judgment|p2a: Arceus
|-damage|p2a: Arceus|65/100 tox
|
|-damage|p2a: Arceus|41/100 tox|[from] psn
|upkeep
|turn|5
|
|t:|1664263883
|switch|p2a: Zamazenta|Zamazenta-Crowned|100/100
|-ability|p2a: Zamazenta|Dauntless Shield|boost
|-boost|p2a: Zamazenta|def|1
|move|p1a: Arceus|Judgment|p2a: Zamazenta
|-damage|p2a: Zamazenta|78/100
|
|upkeep
|turn|6
|
|t:|1664263890
|switch|p2a: Arceus|Arceus-Fairy|41/100 tox
|switch|p1a: Groudon|Groudon|100/100
|-damage|p1a: Groudon|94/100|[from] Stealth Rock
|detailschange|p1a: Groudon|Groudon-Primal
|-primal|p1a: Groudon
|-weather|DesolateLand|[from] ability: Desolate Land|[of] p1a: Groudon
|
|-weather|DesolateLand|[upkeep]
|-damage|p2a: Arceus|35/100 tox|[from] psn
|upkeep
|turn|7
|
|t:|1664263897
|-weather|none
|switch|p1a: Ho-Oh|Ho-Oh|100/100
|move|p2a: Arceus|Toxic|p1a: Ho-Oh
|-status|p1a: Ho-Oh|tox
|
|-damage|p2a: Arceus|23/100 tox|[from] psn
|-damage|p1a: Ho-Oh|94/100 tox|[from] psn
|upkeep
|turn|8
|
|t:|1664263901
|move|p2a: Arceus|Recover|p2a: Arceus
|-heal|p2a: Arceus|73/100 tox
|move|p1a: Ho-Oh|Defog|p2a: Arceus
|-unboost|p2a: Arceus|evasion|1
|-sideend|p1: Log4j|Stealth Rock|[from] move: Defog|[of] p1a: Ho-Oh
|
|-damage|p2a: Arceus|55/100 tox|[from] psn
|-damage|p1a: Ho-Oh|82/100 tox|[from] psn
|upkeep
|turn|9
|
|t:|1664263908
|move|p2a: Arceus|Recover|p2a: Arceus
|-heal|p2a: Arceus|100/100 tox
|move|p1a: Ho-Oh|Sacred Fire|p2a: Arceus
|-damage|p2a: Arceus|70/100 tox
|
|-damage|p2a: Arceus|46/100 tox|[from] psn
|-damage|p1a: Ho-Oh|64/100 tox|[from] psn
|upkeep
|turn|10
|
|t:|1664263917
|switch|p2a: Ditto|Ditto, shiny|100/100
|-transform|p2a: Ditto|p1a: Ho-Oh|[from] ability: Imposter
|move|p1a: Ho-Oh|Sacred Fire|p2a: Ditto
|-resisted|p2a: Ditto
|-damage|p2a: Ditto|79/100
|
|-damage|p1a: Ho-Oh|40/100 tox|[from] psn
|upkeep
|turn|11
|
|t:|1664263923
|switch|p2a: Arceus|Arceus-Fairy|46/100 tox
|switch|p1a: Arceus|Arceus-Fairy|70/100
|
|-damage|p2a: Arceus|40/100 tox|[from] psn
|upkeep
|turn|12
|
|t:|1664263933
|switch|p1a: Ho-Oh|Ho-Oh|74/100 tox
|move|p2a: Arceus|Recover|p2a: Arceus
|-heal|p2a: Arceus|90/100 tox
|
|-damage|p2a: Arceus|78/100 tox|[from] psn
|-damage|p1a: Ho-Oh|67/100 tox|[from] psn
|upkeep
|turn|13
|
|t:|1664263936
|move|p2a: Arceus|Stealth Rock|p1a: Ho-Oh
|-sidestart|p1: Log4j|move: Stealth Rock
|move|p1a: Ho-Oh|Sacred Fire|p2a: Arceus
|-damage|p2a: Arceus|48/100 tox
|
|-damage|p2a: Arceus|30/100 tox|[from] psn
|-damage|p1a: Ho-Oh|55/100 tox|[from] psn
|upkeep
|turn|14
|
|t:|1664263941
|switch|p2a: Dragonite|Dragonite, M|100/100
|move|p1a: Ho-Oh|Defog|p2a: Dragonite
|-unboost|p2a: Dragonite|evasion|1
|-sideend|p1: Log4j|Stealth Rock|[from] move: Defog|[of] p1a: Ho-Oh
|
|-damage|p1a: Ho-Oh|37/100 tox|[from] psn
|upkeep
|turn|15
|
|t:|1664263944
|move|p2a: Dragonite|Thunder Punch|p1a: Ho-Oh
|-supereffective|p1a: Ho-Oh
|-damage|p1a: Ho-Oh|2/100 tox
|move|p1a: Ho-Oh|Toxic|p2a: Dragonite
|-status|p2a: Dragonite|tox
|
|-damage|p2a: Dragonite|94/100 tox|[from] psn
|-damage|p1a: Ho-Oh|0 fnt|[from] psn
|faint|p1a: Ho-Oh
|upkeep
|
|t:|1664263961
|switch|p1a: Rayquaza|Rayquaza|100/100
|-ability|p1a: Rayquaza|Air Lock
|turn|16
|
|t:|1664263977
|detailschange|p1a: Rayquaza|Rayquaza-Mega
|-mega|p1a: Rayquaza|Rayquaza|
|-weather|DeltaStream|[from] ability: Delta Stream|[of] p1a: Rayquaza
|move|p1a: Rayquaza|Dragon Ascent|p2a: Dragonite
|-damage|p2a: Dragonite|3/100 tox
|-unboost|p1a: Rayquaza|def|1
|-unboost|p1a: Rayquaza|spd|1
|move|p2a: Dragonite|Dual Wingbeat|p1a: Rayquaza
|-damage|p1a: Rayquaza|66/100
|-damage|p1a: Rayquaza|33/100
|-hitcount|p1a: Rayquaza|2
|
|-weather|DeltaStream|[upkeep]
|-damage|p2a: Dragonite|0 fnt|[from] psn
|faint|p2a: Dragonite
|upkeep
|
|t:|1664263988
|switch|p2a: Arceus|Arceus-Ghost|100/100
|turn|17
|
|t:|1664263994
|move|p2a: Arceus|Judgment|p1a: Rayquaza
|-damage|p1a: Rayquaza|0 fnt
|faint|p1a: Rayquaza
|-weather|none
|
|upkeep
|
|t:|1664264001
|switch|p1a: Yveltal|Yveltal|100/100
|-ability|p1a: Yveltal|Dark Aura
|turn|18
|
|t:|1664264007
|switch|p2a: Zamazenta|Zamazenta-Crowned|78/100
|-ability|p2a: Zamazenta|Dauntless Shield|boost
|-boost|p2a: Zamazenta|def|1
|-start|p1a: Yveltal|Dynamax|
|-heal|p1a: Yveltal|100/100|[silent]
|move|p1a: Yveltal|Max Airstream|p2a: Zamazenta
|-damage|p2a: Zamazenta|29/100
|-boost|p1a: Yveltal|spe|1
|-damage|p1a: Yveltal|96/100|[from] item: Life Orb
|
|upkeep
|turn|19
|
|t:|1664264015
|move|p1a: Yveltal|Max Airstream|p2a: Zamazenta
|-damage|p2a: Zamazenta|0 fnt
|-boost|p1a: Yveltal|spe|1
|faint|p2a: Zamazenta
|-damage|p1a: Yveltal|91/100|[from] item: Life Orb
|
|upkeep
|
|t:|1664264024
|switch|p2a: Arceus|Arceus-Fairy|30/100 tox
|turn|20
|
|t:|1664264026
|move|p1a: Yveltal|Max Airstream|p2a: Arceus
|-damage|p2a: Arceus|0 fnt
|-boost|p1a: Yveltal|spe|1
|faint|p2a: Arceus
|-damage|p1a: Yveltal|86/100|[from] item: Life Orb
|
|upkeep
|
|t:|1664264030
|switch|p2a: Ditto|Ditto, shiny|100/100
|-transform|p2a: Ditto|p1a: Yveltal|[from] ability: Imposter
|-ability|p2a: Ditto|Dark Aura
|-end|p1a: Yveltal|Dynamax
|-heal|p1a: Yveltal|86/100|[silent]
|turn|21
|inactive|Log4j has 120 seconds left.
|
|t:|1664264083
|-start|p2a: Ditto|Dynamax|
|-heal|p2a: Ditto|100/100|[silent]
|move|p2a: Ditto|Max Airstream|p1a: Yveltal
|-damage|p1a: Yveltal|21/100
|-boost|p2a: Ditto|spe|1
|move|p1a: Yveltal|Oblivion Wing|p2a: Ditto
|-damage|p2a: Ditto|66/100
|-heal|p1a: Yveltal|60/100|[from] drain|[of] p2a: Ditto
|-damage|p1a: Yveltal|50/100|[from] item: Life Orb
|
|upkeep
|turn|22
|
|t:|1664264101
|move|p2a: Ditto|Max Airstream|p1a: Yveltal
|-damage|p1a: Yveltal|0 fnt
|-boost|p2a: Ditto|spe|1
|faint|p1a: Yveltal
|
|upkeep
|
|t:|1664264105
|switch|p1a: Arceus|Arceus-Fairy|70/100
|turn|23
|
|t:|1664264120
|move|p2a: Ditto|Max Darkness|p1a: Arceus
|-resisted|p1a: Arceus
|-damage|p1a: Arceus|44/100
|-unboost|p1a: Arceus|spd|1
|move|p1a: Arceus|Recover|p1a: Arceus
|-heal|p1a: Arceus|94/100
|
|upkeep
|-end|p2a: Ditto|Dynamax
|-heal|p2a: Ditto|66/100|[silent]
|turn|24
|
|t:|1664264128
|move|p2a: Ditto|Oblivion Wing|p1a: Arceus
|-damage|p1a: Arceus|58/100
|-heal|p2a: Ditto|100/100|[from] drain|[of] p1a: Arceus
|move|p1a: Arceus|Judgment|p2a: Ditto
|-supereffective|p2a: Ditto
|-damage|p2a: Ditto|0 fnt
|faint|p2a: Ditto
|
|upkeep
|j| Wiso
|
|t:|1664264139
|switch|p2a: Arceus|Arceus-Ghost|100/100
|turn|25
|
|t:|1664264142
|move|p2a: Arceus|Calm Mind|p2a: Arceus
|-boost|p2a: Arceus|spa|1
|-boost|p2a: Arceus|spd|1
|move|p1a: Arceus|Toxic|p2a: Arceus
|-status|p2a: Arceus|tox
|
|-damage|p2a: Arceus|94/100 tox|[from] psn
|upkeep
|turn|26
|
|t:|1664264151
|move|p2a: Arceus|Judgment|p1a: Arceus
|-damage|p1a: Arceus|5/100
|move|p1a: Arceus|Recover|p1a: Arceus
|-heal|p1a: Arceus|55/100
|
|-damage|p2a: Arceus|82/100 tox|[from] psn
|upkeep
|turn|27
|
|t:|1664264161
|move|p2a: Arceus|Calm Mind|p2a: Arceus
|-boost|p2a: Arceus|spa|1
|-boost|p2a: Arceus|spd|1
|move|p1a: Arceus|Recover|p1a: Arceus
|-heal|p1a: Arceus|100/100
|
|-damage|p2a: Arceus|64/100 tox|[from] psn
|upkeep
|turn|28
|
|t:|1664264167
|move|p2a: Arceus|Refresh|p2a: Arceus
|-curestatus|p2a: Arceus|tox|[msg]
|move|p1a: Arceus|Recover||[still]
|-fail|p1a: Arceus|heal
|
|upkeep
|turn|29
|
|t:|1664264172
|move|p2a: Arceus|Calm Mind|p2a: Arceus
|-boost|p2a: Arceus|spa|1
|-boost|p2a: Arceus|spd|1
|move|p1a: Arceus|Toxic|p2a: Arceus
|-status|p2a: Arceus|tox
|
|-damage|p2a: Arceus|58/100 tox|[from] psn
|upkeep
|turn|30
|
|t:|1664264179
|switch|p1a: Calyrex|Calyrex-Shadow|100/100
|-ability|p1a: Calyrex|As One
|-ability|p1a: Calyrex|Unnerve
|move|p2a: Arceus|Recover|p2a: Arceus
|-heal|p2a: Arceus|100/100 tox
|
|-damage|p2a: Arceus|88/100 tox|[from] psn
|upkeep
|turn|31
|
|t:|1664264190
|move|p1a: Calyrex|Astral Barrage|p2a: Arceus
|-supereffective|p2a: Arceus
|-damage|p2a: Arceus|46/100 tox
|move|p2a: Arceus|Judgment|p1a: Calyrex
|-supereffective|p1a: Calyrex
|-enditem|p1a: Calyrex|Focus Sash
|-damage|p1a: Calyrex|1/100
|
|-damage|p2a: Arceus|28/100 tox|[from] psn
|upkeep
|turn|32
|
|t:|1664264198
|move|p1a: Calyrex|Astral Barrage|p2a: Arceus
|-supereffective|p2a: Arceus
|-damage|p2a: Arceus|0 fnt
|faint|p2a: Arceus
|-ability|p1a: Calyrex|Grim Neigh|boost
|-boost|p1a: Calyrex|spa|1
|
|upkeep
|
|t:|1664264199
|switch|p2a: Scizor|Scizor, M|100/100
|turn|33
|
|t:|1664264206
|move|p2a: Scizor|Bullet Punch|p1a: Calyrex
|-damage|p1a: Calyrex|0 fnt
|faint|p1a: Calyrex
|
|upkeep
|
|t:|1664264208
|switch|p1a: Groudon|Groudon-Primal|94/100
|-weather|DesolateLand|[from] ability: Desolate Land|[of] p1a: Groudon
|turn|34
|
|t:|1664264211
|move|p2a: Scizor|Bullet Punch|p1a: Groudon
|-resisted|p1a: Groudon
|-damage|p1a: Groudon|91/100
|move|p1a: Groudon|Overheat|p2a: Scizor
|-supereffective|p2a: Scizor
|-damage|p2a: Scizor|0 fnt
|-unboost|p1a: Groudon|spa|2
|faint|p2a: Scizor
|
|win|Log4j
|raw|Log4j's rating: 1942 &rarr; <strong>1954</strong><br />(+12 for winning)
|raw|Goku Uchiha 2001's rating: 1804 &rarr; <strong>1792</strong><br />(-12 for losing)
|l|☆Goku Uchiha 2001
|l|☆Log4j
