|j|☆iroeweuio
|j|☆OnTheGrindTo1
|t:|1661210887
|gametype|singles
|player|p1|iroeweuio|265|1398
|player|p2|OnTheGrindTo1|1|1446
|teamsize|p1|6
|teamsize|p2|6
|gen|8
|tier|[Gen 8] National Dex AG
|rated|
|rule|HP Percentage Mod: HP is shown in percentages
|rule|Endless Battle Clause: Forcing endless battles is banned
|clearpoke
|poke|p1|Ferrothorn, F|
|poke|p1|Rillaboom, F|
|poke|p1|Blastoise, M|
|poke|p1|Tapu Bulu|
|poke|p1|Dhelmise|
|poke|p1|Heatran, M|
|poke|p2|Excadrill, F|
|poke|p2|Gyarados, M|
|poke|p2|Dragapult, F|
|poke|p2|Kyogre|
|poke|p2|Beedrill, M|
|poke|p2|Cloyster, M|
|teampreview
|
|t:|1661210894
|start
|switch|p1a: Ferrothorn|Ferrothorn, F|100/100
|switch|p2a: Excadrill|Excadrill, F|100/100
|-ability|p2a: Excadrill|Mold Breaker
|turn|1
|
|t:|1661210899
|move|p2a: Excadrill|Stealth Rock|p1a: Ferrothorn
|-sidestart|p1: iroeweuio|move: Stealth Rock
|move|p1a: Ferrothorn|Leech Seed|p2a: Excadrill
|-start|p2a: Excadrill|move: Leech Seed
|
|-damage|p2a: Excadrill|88/100|[from] Leech Seed|[of] p1a: Ferrothorn
|upkeep
|turn|2
|inactive|Battle timer is ON: inactive players will automatically lose when time's up. (requested by OnTheGrindTo1)
|
|t:|1661210902
|move|p2a: Excadrill|Rapid Spin|p1a: Ferrothorn
|-resisted|p1a: Ferrothorn
|-damage|p1a: Ferrothorn|96/100
|-boost|p2a: Excadrill|spe|1
|-damage|p2a: Excadrill|76/100|[from] ability: Iron Barbs|[of] p1a: Ferrothorn
|-end|p2a: Excadrill|Leech Seed|[from] move: Rapid Spin|[of] p2a: Excadrill
|move|p1a: Ferrothorn|Stealth Rock|p2a: Excadrill
|-sidestart|p2: OnTheGrindTo1|move: Stealth Rock
|
|-heal|p1a: Ferrothorn|100/100|[from] item: Leftovers
|upkeep
|turn|3
|
|t:|1661210907
|switch|p1a: Dhelmise|Dhelmise|100/100
|-damage|p1a: Dhelmise|88/100|[from] Stealth Rock
|move|p2a: Excadrill|Rapid Spin|p1a: Dhelmise
|-immune|p1a: Dhelmise
|
|upkeep
|turn|4
|
|t:|1661210911
|move|p2a: Excadrill|Iron Head|p1a: Dhelmise
|-damage|p1a: Dhelmise|47/100
|move|p1a: Dhelmise|Rapid Spin|p2a: Excadrill
|-resisted|p2a: Excadrill
|-damage|p2a: Excadrill|61/100
|-boost|p1a: Dhelmise|spe|1
|-sideend|p1: iroeweuio|Stealth Rock|[from] move: Rapid Spin|[of] p1a: Dhelmise
|
|upkeep
|turn|5
|
|t:|1661210915
|move|p2a: Excadrill|Stealth Rock|p1a: Dhelmise
|-sidestart|p1: iroeweuio|move: Stealth Rock
|move|p1a: Dhelmise|Poltergeist|p2a: Excadrill
|-activate|p2a: Excadrill|move: Poltergeist|Focus Sash
|-damage|p2a: Excadrill|0 fnt
|faint|p2a: Excadrill
|
|upkeep
|
|t:|1661210923
|switch|p2a: Cloyster|Cloyster, M|100/100
|-damage|p2a: Cloyster|76/100|[from] Stealth Rock
|turn|6
|
|t:|1661210926
|move|p2a: Cloyster|Shell Smash|p2a: Cloyster
|-unboost|p2a: Cloyster|def|1
|-unboost|p2a: Cloyster|spd|1
|-boost|p2a: Cloyster|atk|2
|-boost|p2a: Cloyster|spa|2
|-boost|p2a: Cloyster|spe|2
|move|p1a: Dhelmise|Rapid Spin|p2a: Cloyster
|-damage|p2a: Cloyster|50/100
|-boost|p1a: Dhelmise|spe|1
|-sideend|p1: iroeweuio|Stealth Rock|[from] move: Rapid Spin|[of] p1a: Dhelmise
|
|upkeep
|turn|7
|
|t:|1661210930
|switch|p1a: Tapu Bulu|Tapu Bulu|100/100
|-fieldstart|move: Grassy Terrain|[from] ability: Grassy Surge|[of] p1a: Tapu Bulu
|move|p2a: Cloyster|Icicle Spear|p1a: Tapu Bulu
|-supereffective|p1a: Tapu Bulu
|-crit|p1a: Tapu Bulu
|-damage|p1a: Tapu Bulu|48/100
|-supereffective|p1a: Tapu Bulu
|-damage|p1a: Tapu Bulu|15/100
|-supereffective|p1a: Tapu Bulu
|-damage|p1a: Tapu Bulu|0 fnt
|faint|p1a: Tapu Bulu
|-hitcount|p1: Tapu Bulu|3
|
|-heal|p2a: Cloyster|57/100|[from] Grassy Terrain
|upkeep
|
|t:|1661210934
|switch|p1a: Dhelmise|Dhelmise|47/100
|turn|8
|
|t:|1661210936
|move|p1a: Dhelmise|Grassy Glide|p2a: Cloyster
|-supereffective|p2a: Cloyster
|-damage|p2a: Cloyster|0 fnt
|faint|p2a: Cloyster
|
|-heal|p1a: Dhelmise|53/100|[from] Grassy Terrain
|upkeep
|
|t:|1661210946
|switch|p2a: Beedrill|Beedrill, M|100/100
|-damage|p2a: Beedrill|76/100|[from] Stealth Rock
|turn|9
|
|t:|1661210950
|detailschange|p2a: Beedrill|Beedrill-Mega, M
|-mega|p2a: Beedrill|Beedrill|Beedrillite
|move|p1a: Dhelmise|Grassy Glide|p2a: Beedrill
|-resisted|p2a: Beedrill
|-damage|p2a: Beedrill|41/100
|move|p2a: Beedrill|Knock Off|p1a: Dhelmise
|-supereffective|p1a: Dhelmise
|-damage|p1a: Dhelmise|0 fnt
|-enditem|p1a: Dhelmise|Assault Vest|[from] move: Knock Off|[of] p2a: Beedrill
|faint|p1a: Dhelmise
|
|-heal|p2a: Beedrill|47/100|[from] Grassy Terrain
|upkeep
|
|t:|1661210955
|switch|p1a: Blastoise|Blastoise, M|100/100
|turn|10
|
|t:|1661210958
|detailschange|p1a: Blastoise|Blastoise-Mega, M
|-mega|p1a: Blastoise|Blastoise|Blastoisinite
|move|p2a: Beedrill|Poison Jab|p1a: Blastoise
|-damage|p1a: Blastoise|40/100
|-status|p1a: Blastoise|psn
|move|p1a: Blastoise|Shell Smash|p1a: Blastoise
|-unboost|p1a: Blastoise|def|1
|-unboost|p1a: Blastoise|spd|1
|-boost|p1a: Blastoise|atk|2
|-boost|p1a: Blastoise|spa|2
|-boost|p1a: Blastoise|spe|2
|
|-heal|p1a: Blastoise|46/100 psn|[from] Grassy Terrain
|-heal|p2a: Beedrill|53/100|[from] Grassy Terrain
|-damage|p1a: Blastoise|34/100 psn|[from] psn
|upkeep
|turn|11
|
|t:|1661210965
|move|p1a: Blastoise|Ice Beam|p2a: Beedrill
|-damage|p2a: Beedrill|0 fnt
|faint|p2a: Beedrill
|
|-heal|p1a: Blastoise|40/100 psn|[from] Grassy Terrain
|-damage|p1a: Blastoise|28/100 psn|[from] psn
|upkeep
|
|t:|1661210970
|switch|p2a: Gyarados|Gyarados, M|100/100
|-damage|p2a: Gyarados|76/100|[from] Stealth Rock
|turn|12
|
|t:|1661210973
|move|p1a: Blastoise|Terrain Pulse|p2a: Gyarados
|-damage|p2a: Gyarados|0 fnt
|faint|p2a: Gyarados
|
|-heal|p1a: Blastoise|34/100 psn|[from] Grassy Terrain
|-damage|p1a: Blastoise|21/100 psn|[from] psn
|upkeep
|
|t:|1661210978
|switch|p2a: Dragapult|Dragapult, F|100/100
|-damage|p2a: Dragapult|88/100|[from] Stealth Rock
|turn|13
|
|t:|1661210981
|move|p1a: Blastoise|Ice Beam|p2a: Dragapult
|-supereffective|p2a: Dragapult
|-damage|p2a: Dragapult|0 fnt
|faint|p2a: Dragapult
|
|-heal|p1a: Blastoise|27/100 psn|[from] Grassy Terrain
|-damage|p1a: Blastoise|15/100 psn|[from] psn
|upkeep
|
|t:|1661210983
|switch|p2a: Kyogre|Kyogre|100/100
|-damage|p2a: Kyogre|88/100|[from] Stealth Rock
|-weather|RainDance|[from] ability: Drizzle|[of] p2a: Kyogre
|turn|14
|
|t:|1661210986
|-start|p2a: Kyogre|Dynamax|
|-heal|p2a: Kyogre|88/100|[silent]
|move|p1a: Blastoise|Terrain Pulse|p2a: Kyogre
|-supereffective|p2a: Kyogre
|-damage|p2a: Kyogre|0 fnt
|faint|p2a: Kyogre
|
|win|iroeweuio
|raw|iroeweuio's rating: 1398 &rarr; <strong>1421</strong><br />(+23 for winning)
|raw|OnTheGrindTo1's rating: 1446 &rarr; <strong>1423</strong><br />(-23 for losing)
|c|☆iroeweuio|gg
|l|☆OnTheGrindTo1
||Ladder isn't responding, score probably updated but might not have (Request timeout).
