|j|☆boi in the back
|j|☆fail55
|t:|1664314439
|gametype|singles
|player|p1|boi in the back|rocketgrunt|1578
|player|p2|fail55|schoolkidf-gen4|1566
|teamsize|p1|6
|teamsize|p2|6
|gen|8
|tier|[Gen 8] National Dex AG
|rated|
|rule|HP Percentage Mod: HP is shown in percentages
|rule|Endless Battle Clause: Forcing endless battles is banned
|clearpoke
|poke|p1|Mewtwo|
|poke|p1|Deoxys-Speed|
|poke|p1|Zacian-*|
|poke|p1|Groudon|
|poke|p1|Calyrex-Shadow|
|poke|p1|Zygarde|
|poke|p2|Eternatus|
|poke|p2|Ditto|
|poke|p2|Yveltal|
|poke|p2|Lugia|
|poke|p2|Pyukumuku, F|
|poke|p2|Chansey, F|
|teampreview
|inactive|Battle timer is ON: inactive players will automatically lose when time's up. (requested by boi in the back)
|
|t:|1664314443
|start
|switch|p1a: Deoxys|Deoxys-Speed|100/100
|switch|p2a: Ditto|Ditto|100/100
|-ability|p1a: Deoxys|Pressure
|-transform|p2a: Ditto|p1a: Deoxys|[from] ability: Imposter
|-ability|p2a: Ditto|Pressure
|turn|1
|
|t:|1664314453
|switch|p1a: Calyrex|Calyrex-Shadow|100/100
|-ability|p1a: Calyrex|As One
|-ability|p1a: Calyrex|Unnerve
|move|p2a: Ditto|Taunt|p1a: Calyrex
|-start|p1a: Calyrex|move: Taunt
|
|upkeep
|turn|2
|
|t:|1664314457
|switch|p2a: Yveltal|Yveltal|100/100
|-ability|p2a: Yveltal|Dark Aura
|move|p1a: Calyrex|Astral Barrage|p2a: Yveltal
|-resisted|p2a: Yveltal
|-damage|p2a: Yveltal|71/100
|
|upkeep
|turn|3
|
|t:|1664314461
|switch|p1a: Zacian|Zacian-Crowned, shiny|100/100
|-ability|p1a: Zacian|Intrepid Sword|boost
|-boost|p1a: Zacian|atk|1
|move|p2a: Yveltal|Oblivion Wing|p1a: Zacian
|-resisted|p1a: Zacian
|-damage|p1a: Zacian|80/100
|-heal|p2a: Yveltal|84/100|[from] drain|[of] p1a: Zacian
|
|upkeep
|turn|4
|
|t:|1664314465
|switch|p2a: Pyukumuku|Pyukumuku, F|100/100
|move|p1a: Zacian|Play Rough|p2a: Pyukumuku
|-crit|p2a: Pyukumuku
|-damage|p2a: Pyukumuku|40/100
|
|-heal|p2a: Pyukumuku|46/100|[from] item: Leftovers
|upkeep
|turn|5
|
|t:|1664314471
|move|p1a: Zacian|Play Rough|p2a: Pyukumuku
|-damage|p2a: Pyukumuku|5/100
|move|p2a: Pyukumuku|Recover|p2a: Pyukumuku
|-heal|p2a: Pyukumuku|55/100
|
|-heal|p2a: Pyukumuku|61/100|[from] item: Leftovers
|upkeep
|turn|6
|
|t:|1664314479
|move|p1a: Zacian|Play Rough|p2a: Pyukumuku
|-damage|p2a: Pyukumuku|23/100
|move|p2a: Pyukumuku|Recover|p2a: Pyukumuku
|-heal|p2a: Pyukumuku|73/100
|
|-heal|p2a: Pyukumuku|79/100|[from] item: Leftovers
|upkeep
|turn|7
|
|t:|1664314484
|move|p1a: Zacian|Play Rough|p2a: Pyukumuku
|-damage|p2a: Pyukumuku|40/100
|move|p2a: Pyukumuku|Block|p1a: Zacian
|-activate|p1a: Zacian|trapped
|
|-heal|p2a: Pyukumuku|46/100|[from] item: Leftovers
|upkeep
|turn|8
|
|t:|1664314489
|move|p1a: Zacian|Play Rough|p2a: Pyukumuku
|-damage|p2a: Pyukumuku|8/100
|move|p2a: Pyukumuku|Recover|p2a: Pyukumuku
|-heal|p2a: Pyukumuku|58/100
|
|-heal|p2a: Pyukumuku|65/100|[from] item: Leftovers
|upkeep
|turn|9
|
|t:|1664314493
|move|p1a: Zacian|Play Rough|p2a: Pyukumuku
|-damage|p2a: Pyukumuku|29/100
|-unboost|p2a: Pyukumuku|atk|1
|move|p2a: Pyukumuku|Recover|p2a: Pyukumuku
|-heal|p2a: Pyukumuku|79/100
|
|-heal|p2a: Pyukumuku|85/100|[from] item: Leftovers
|upkeep
|turn|10
|
|t:|1664314498
|move|p1a: Zacian|Quick Attack|p2a: Pyukumuku
|-damage|p2a: Pyukumuku|74/100
|move|p2a: Pyukumuku|Soak|p1a: Zacian
|-start|p1a: Zacian|typechange|Water
|
|-heal|p2a: Pyukumuku|80/100|[from] item: Leftovers
|upkeep
|turn|11
|
|t:|1664314503
|move|p1a: Zacian|Play Rough|p2a: Pyukumuku
|-damage|p2a: Pyukumuku|56/100
|-unboost|p2a: Pyukumuku|atk|1
|move|p2a: Pyukumuku|Toxic|p1a: Zacian
|-status|p1a: Zacian|tox
|
|-heal|p2a: Pyukumuku|62/100|[from] item: Leftovers
|-damage|p1a: Zacian|74/100 tox|[from] psn
|upkeep
|turn|12
|
|t:|1664314507
|move|p1a: Zacian|Play Rough|p2a: Pyukumuku
|-damage|p2a: Pyukumuku|39/100
|move|p2a: Pyukumuku|Recover|p2a: Pyukumuku
|-heal|p2a: Pyukumuku|89/100
|
|-heal|p2a: Pyukumuku|95/100|[from] item: Leftovers
|-damage|p1a: Zacian|62/100 tox|[from] psn
|upkeep
|turn|13
|
|t:|1664314514
|move|p1a: Zacian|Close Combat|p2a: Pyukumuku
|-damage|p2a: Pyukumuku|63/100
|-unboost|p1a: Zacian|def|1
|-unboost|p1a: Zacian|spd|1
|move|p2a: Pyukumuku|Soak|p1a: Zacian
|-fail|p1a: Zacian
|
|-heal|p2a: Pyukumuku|69/100|[from] item: Leftovers
|-damage|p1a: Zacian|44/100 tox|[from] psn
|upkeep
|turn|14
|
|t:|1664314524
|move|p1a: Zacian|Quick Attack|p2a: Pyukumuku
|-damage|p2a: Pyukumuku|57/100
|move|p2a: Pyukumuku|Recover|p2a: Pyukumuku
|-heal|p2a: Pyukumuku|100/100
|
|-damage|p1a: Zacian|19/100 tox|[from] psn
|upkeep
|turn|15
|
|t:|1664314535
|move|p1a: Zacian|Play Rough|p2a: Pyukumuku
|-damage|p2a: Pyukumuku|77/100
|-unboost|p2a: Pyukumuku|atk|1
|move|p2a: Pyukumuku|Soak|p1a: Zacian
|-fail|p1a: Zacian
|
|-heal|p2a: Pyukumuku|83/100|[from] item: Leftovers
|-damage|p1a: Zacian|0 fnt|[from] psn
|faint|p1a: Zacian
|upkeep
|j| TheGodGuardian
|
|t:|1664314539
|switch|p1a: Calyrex|Calyrex-Shadow|100/100
|-ability|p1a: Calyrex|As One
|-ability|p1a: Calyrex|Unnerve
|turn|16
|
|t:|1664314544
|switch|p2a: Yveltal|Yveltal|84/100
|-ability|p2a: Yveltal|Dark Aura
|move|p1a: Calyrex|Substitute|p1a: Calyrex
|-start|p1a: Calyrex|Substitute
|-damage|p1a: Calyrex|75/100
|
|upkeep
|turn|17
|
|t:|1664314547
|move|p1a: Calyrex|Leech Seed|p2a: Yveltal
|-start|p2a: Yveltal|move: Leech Seed
|move|p2a: Yveltal|Oblivion Wing|p1a: Calyrex
|-end|p1a: Calyrex|Substitute
|-heal|p2a: Yveltal|100/100|[from] drain|[of] p1a: Calyrex
|
|-damage|p2a: Yveltal|88/100|[from] Leech Seed|[of] p1a: Calyrex
|-heal|p1a: Calyrex|88/100|[silent]
|upkeep
|turn|18
|
|t:|1664314551
|move|p1a: Calyrex|Substitute|p1a: Calyrex
|-start|p1a: Calyrex|Substitute
|-damage|p1a: Calyrex|63/100
|move|p2a: Yveltal|Oblivion Wing|p1a: Calyrex
|-end|p1a: Calyrex|Substitute
|-heal|p2a: Yveltal|100/100|[from] drain|[of] p1a: Calyrex
|
|-damage|p2a: Yveltal|88/100|[from] Leech Seed|[of] p1a: Calyrex
|-heal|p1a: Calyrex|75/100|[silent]
|upkeep
|turn|19
|
|t:|1664314558
|move|p1a: Calyrex|Draining Kiss|p2a: Yveltal
|-supereffective|p2a: Yveltal
|-damage|p2a: Yveltal|54/100
|-heal|p1a: Calyrex|99/100|[from] drain|[of] p2a: Yveltal
|move|p2a: Yveltal|Oblivion Wing|p1a: Calyrex
|-damage|p1a: Calyrex|65/100
|-heal|p2a: Yveltal|81/100|[from] drain|[of] p1a: Calyrex
|
|-damage|p2a: Yveltal|69/100|[from] Leech Seed|[of] p1a: Calyrex
|-heal|p1a: Calyrex|77/100|[silent]
|upkeep
|turn|20
|
|t:|1664314566
|move|p2a: Yveltal|Sucker Punch||[still]
|-fail|p2a: Yveltal
|move|p1a: Calyrex|Substitute|p1a: Calyrex
|-start|p1a: Calyrex|Substitute
|-damage|p1a: Calyrex|52/100
|
|-damage|p2a: Yveltal|56/100|[from] Leech Seed|[of] p1a: Calyrex
|-heal|p1a: Calyrex|64/100|[silent]
|upkeep
|turn|21
|
|t:|1664314576
|move|p1a: Calyrex|Draining Kiss|p2a: Yveltal
|-supereffective|p2a: Yveltal
|-damage|p2a: Yveltal|22/100
|-heal|p1a: Calyrex|89/100|[from] drain|[of] p2a: Yveltal
|move|p2a: Yveltal|Oblivion Wing|p1a: Calyrex
|-end|p1a: Calyrex|Substitute
|-heal|p2a: Yveltal|41/100|[from] drain|[of] p1a: Calyrex
|
|-damage|p2a: Yveltal|28/100|[from] Leech Seed|[of] p1a: Calyrex
|-heal|p1a: Calyrex|100/100|[silent]
|upkeep
|turn|22
|
|t:|1664314589
|switch|p2a: Eternatus|Eternatus|100/100
|-ability|p2a: Eternatus|Pressure
|move|p1a: Calyrex|Draining Kiss|p2a: Eternatus
|-damage|p2a: Eternatus|88/100
|
|-heal|p2a: Eternatus|95/100|[from] item: Leftovers
|upkeep
|turn|23
|
|t:|1664314593
|move|p1a: Calyrex|Substitute|p1a: Calyrex
|-start|p1a: Calyrex|Substitute
|-damage|p1a: Calyrex|75/100
|move|p2a: Eternatus|Cosmic Power|p2a: Eternatus
|-boost|p2a: Eternatus|def|1
|-boost|p2a: Eternatus|spd|1
|
|-heal|p2a: Eternatus|100/100|[from] item: Leftovers
|upkeep
|turn|24
|
|t:|1664314595
|move|p1a: Calyrex|Leech Seed|p2a: Eternatus
|-start|p2a: Eternatus|move: Leech Seed
|move|p2a: Eternatus|Cosmic Power|p2a: Eternatus
|-boost|p2a: Eternatus|def|1
|-boost|p2a: Eternatus|spd|1
|
|-damage|p2a: Eternatus|88/100|[from] Leech Seed|[of] p1a: Calyrex
|-heal|p1a: Calyrex|90/100|[silent]
|upkeep
|turn|25
|
|t:|1664314598
|move|p1a: Calyrex|Astral Barrage|p2a: Eternatus
|-damage|p2a: Eternatus|64/100
|move|p2a: Eternatus|Cosmic Power|p2a: Eternatus
|-boost|p2a: Eternatus|def|1
|-boost|p2a: Eternatus|spd|1
|
|-heal|p2a: Eternatus|70/100|[from] item: Leftovers
|-damage|p2a: Eternatus|58/100|[from] Leech Seed|[of] p1a: Calyrex
|-heal|p1a: Calyrex|100/100|[silent]
|upkeep
|turn|26
|
|t:|1664314608
|move|p1a: Calyrex|Draining Kiss|p2a: Eternatus
|-damage|p2a: Eternatus|53/100
|move|p2a: Eternatus|Recover|p2a: Eternatus
|-heal|p2a: Eternatus|100/100
|
|-damage|p2a: Eternatus|88/100|[from] Leech Seed|[of] p1a: Calyrex
|upkeep
|turn|27
|-message|fail55 forfeited.
|
|win|boi in the back
|raw|boi in the back's rating: 1578 &rarr; <strong>1597</strong><br />(+19 for winning)
|raw|fail55's rating: 1566 &rarr; <strong>1547</strong><br />(-19 for losing)
|l|☆fail55
