|j|☆DrMario69
|j|☆chopforce8
|t:|1664333642
|gametype|singles
|player|p1|DrMario69|lucas|1867
|player|p2|chopforce8|red|1997
|teamsize|p1|6
|teamsize|p2|6
|gen|8
|tier|[Gen 8] National Dex AG
|rated|
|rule|HP Percentage Mod: HP is shown in percentages
|rule|Endless Battle Clause: Forcing endless battles is banned
|clearpoke
|poke|p1|Groudon|
|poke|p1|Rayquaza|
|poke|p1|Zygarde|
|poke|p1|Calyrex-Shadow|
|poke|p1|Arceus-*|
|poke|p1|Arceus-*|
|poke|p2|Yveltal|
|poke|p2|Diancie|
|poke|p2|Calyrex-Shadow|
|poke|p2|Zacian-*|
|poke|p2|Ditto|
|poke|p2|Arceus-*|
|teampreview
|inactive|Battle timer is ON: inactive players will automatically lose when time's up. (requested by DrMario69)
|
|t:|1664333671
|start
|switch|p1a: the gwoat|Rayquaza|100/100
|switch|p2a: ProfessorQuirrell|Calyrex-Shadow|100/100
|-ability|p2a: ProfessorQuirrell|As One
|-ability|p2a: ProfessorQuirrell|Unnerve
|-ability|p1a: the gwoat|Air Lock
|turn|1
|
|t:|1664333679
|detailschange|p1a: the gwoat|Rayquaza-Mega
|-mega|p1a: the gwoat|Rayquaza|
|-weather|DeltaStream|[from] ability: Delta Stream|[of] p1a: the gwoat
|move|p2a: ProfessorQuirrell|Astral Barrage|p1a: the gwoat
|-damage|p1a: the gwoat|24/100
|move|p1a: the gwoat|Scale Shot|p2a: ProfessorQuirrell
|-damage|p2a: ProfessorQuirrell|73/100
|-damage|p2a: ProfessorQuirrell|44/100
|-damage|p2a: ProfessorQuirrell|15/100
|-damage|p2a: ProfessorQuirrell|0 fnt
|faint|p2a: ProfessorQuirrell
|-hitcount|p2: ProfessorQuirrell|4
|-unboost|p1a: the gwoat|def|1
|-boost|p1a: the gwoat|spe|1
|-damage|p1a: the gwoat|14/100|[from] item: Life Orb
|
|-weather|DeltaStream|[upkeep]
|upkeep
|
|t:|1664333702
|switch|p2a: MirrorofErised|Ditto|100/100
|-transform|p2a: MirrorofErised|p1a: the gwoat|[from] ability: Imposter
|turn|2
|
|t:|1664333712
|switch|p1a: the goat|Zygarde, shiny|100/100
|move|p2a: MirrorofErised|Dragon Ascent|p1a: the goat
|-damage|p1a: the goat|57/100
|-unboost|p2a: MirrorofErised|def|1
|-unboost|p2a: MirrorofErised|spd|1
|
|-weather|DeltaStream|[upkeep]
|-heal|p1a: the goat|64/100|[from] item: Leftovers
|upkeep
|turn|3
|
|t:|1664333722
|-weather|none
|switch|p2a: Harry Potter|Diancie|100/100
|move|p1a: the goat|Glare|p2a: Harry Potter
|-status|p2a: Harry Potter|par
|
|-heal|p1a: the goat|70/100|[from] item: Leftovers
|upkeep
|turn|4
|
|t:|1664333728
|move|p1a: the goat|Substitute|p1a: the goat
|-start|p1a: the goat|Substitute
|-damage|p1a: the goat|45/100
|cant|p2a: Harry Potter|par
|
|-heal|p1a: the goat|51/100|[from] item: Leftovers
|upkeep
|turn|5
|
|t:|1664333737
|move|p1a: the goat|Coil|p1a: the goat
|-boost|p1a: the goat|atk|1
|-boost|p1a: the goat|def|1
|-boost|p1a: the goat|accuracy|1
|move|p2a: Harry Potter|Stealth Rock|p1a: the goat
|-sidestart|p1: DrMario69|move: Stealth Rock
|
|-heal|p1a: the goat|57/100|[from] item: Leftovers
|upkeep
|turn|6
|
|t:|1664333746
|switch|p2a: Chess Wizard|Arceus-Flying|100/100
|move|p1a: the goat|Coil|p1a: the goat
|-boost|p1a: the goat|atk|1
|-boost|p1a: the goat|def|1
|-boost|p1a: the goat|accuracy|1
|
|-heal|p1a: the goat|63/100|[from] item: Leftovers
|upkeep
|turn|7
|
|t:|1664333754
|move|p2a: Chess Wizard|Perish Song|p2a: Chess Wizard
|-start|p1a: the goat|perish3|[silent]
|-start|p2a: Chess Wizard|perish3|[silent]
|-fieldactivate|move: Perish Song
|move|p1a: the goat|Glare|p2a: Chess Wizard
|-status|p2a: Chess Wizard|par
|
|-heal|p1a: the goat|70/100|[from] item: Leftovers
|-start|p1a: the goat|perish3
|-start|p2a: Chess Wizard|perish3
|upkeep
|turn|8
|
|t:|1664333763
|switch|p2a: Harry Potter|Diancie|100/100 par
|move|p1a: the goat|Thousand Arrows|p2a: Harry Potter
|-supereffective|p2a: Harry Potter
|-damage|p2a: Harry Potter|0 fnt
|faint|p2a: Harry Potter
|
|-heal|p1a: the goat|76/100|[from] item: Leftovers
|-start|p1a: the goat|perish2
|upkeep
|
|t:|1664333772
|switch|p2a: Fluffy|Zacian-Crowned|100/100
|-ability|p2a: Fluffy|Intrepid Sword|boost
|-boost|p2a: Fluffy|atk|1
|turn|9
|
|t:|1664333776
|move|p2a: Fluffy|Substitute|p2a: Fluffy
|-start|p2a: Fluffy|Substitute
|-damage|p2a: Fluffy|76/100
|move|p1a: the goat|Thousand Arrows|p2a: Fluffy
|-supereffective|p2a: Fluffy
|-end|p2a: Fluffy|Substitute
|
|-heal|p1a: the goat|82/100|[from] item: Leftovers
|-start|p1a: the goat|perish1
|upkeep
|turn|10
|
|t:|1664333787
|move|p2a: Fluffy|Substitute|p2a: Fluffy
|-start|p2a: Fluffy|Substitute
|-damage|p2a: Fluffy|51/100
|move|p1a: the goat|Thousand Arrows|p2a: Fluffy
|-supereffective|p2a: Fluffy
|-end|p2a: Fluffy|Substitute
|
|-heal|p1a: the goat|88/100|[from] item: Leftovers
|-start|p1a: the goat|perish0
|faint|p1a: the goat
|upkeep
|
|t:|1664333790
|switch|p1a: Pyra|Groudon|100/100
|-damage|p1a: Pyra|94/100|[from] Stealth Rock
|detailschange|p1a: Pyra|Groudon-Primal
|-primal|p1a: Pyra
|-weather|DesolateLand|[from] ability: Desolate Land|[of] p1a: Pyra
|turn|11
|
|t:|1664333801
|move|p2a: Fluffy|Close Combat|p1a: Pyra
|-damage|p1a: Pyra|57/100
|-unboost|p2a: Fluffy|def|1
|-unboost|p2a: Fluffy|spd|1
|move|p1a: Pyra|Stone Edge|p2a: Fluffy
|-resisted|p2a: Fluffy
|-damage|p2a: Fluffy|23/100
|
|-weather|DesolateLand|[upkeep]
|upkeep
|turn|12
|
|t:|1664333808
|move|p2a: Fluffy|Close Combat|p1a: Pyra
|-damage|p1a: Pyra|25/100
|-unboost|p2a: Fluffy|def|1
|-unboost|p2a: Fluffy|spd|1
|move|p1a: Pyra|Stealth Rock|p2a: Fluffy
|-sidestart|p2: chopforce8|move: Stealth Rock
|
|-weather|DesolateLand|[upkeep]
|upkeep
|turn|13
|
|t:|1664333822
|switch|p2a: MirrorofErised|Ditto|100/100
|-damage|p2a: MirrorofErised|88/100|[from] Stealth Rock
|-transform|p2a: MirrorofErised|p1a: Pyra|[from] ability: Imposter
|move|p1a: Pyra|Precipice Blades|p2a: MirrorofErised|[miss]
|-miss|p1a: Pyra|p2a: MirrorofErised
|
|-weather|DesolateLand|[upkeep]
|upkeep
|turn|14
|j| rowletroost
|c|☆DrMario69|maaan
|
|t:|1664333833
|move|p2a: MirrorofErised|Precipice Blades|p1a: Pyra
|-supereffective|p1a: Pyra
|-damage|p1a: Pyra|0 fnt
|faint|p1a: Pyra
|
|-weather|DesolateLand|[upkeep]
|upkeep
|
|t:|1664333841
|switch|p1a: Arceus|Arceus-Fairy|100/100
|-damage|p1a: Arceus|88/100|[from] Stealth Rock
|turn|15
|
|t:|1664333867
|move|p2a: MirrorofErised|Precipice Blades|p1a: Arceus
|-damage|p1a: Arceus|41/100
|move|p1a: Arceus|Defog|p2a: MirrorofErised
|-unboost|p2a: MirrorofErised|evasion|1
|-sideend|p2: chopforce8|Stealth Rock|[from] move: Defog|[of] p1a: Arceus
|-sideend|p1: DrMario69|Stealth Rock|[from] move: Defog|[of] p1a: Arceus
|
|-weather|DesolateLand|[upkeep]
|upkeep
|turn|16
|
|t:|1664333874
|-weather|none
|switch|p2a: Fluffy|Zacian-Crowned|23/100
|-ability|p2a: Fluffy|Intrepid Sword|boost
|-boost|p2a: Fluffy|atk|1
|move|p1a: Arceus|Recover|p1a: Arceus
|-heal|p1a: Arceus|91/100
|
|upkeep
|turn|17
|
|t:|1664333881
|move|p2a: Fluffy|Behemoth Blade|p1a: Arceus
|-supereffective|p1a: Arceus
|-damage|p1a: Arceus|0 fnt
|faint|p1a: Arceus
|
|upkeep
|
|t:|1664333885
|switch|p1a: Calyrex|Calyrex-Shadow|100/100
|-ability|p1a: Calyrex|As One
|-ability|p1a: Calyrex|Unnerve
|turn|18
|
|t:|1664333890
|switch|p2a: Voldemort|Yveltal|100/100
|-ability|p2a: Voldemort|Dark Aura
|move|p1a: Calyrex|Substitute|p1a: Calyrex
|-start|p1a: Calyrex|Substitute
|-damage|p1a: Calyrex|76/100
|
|-heal|p1a: Calyrex|82/100|[from] item: Leftovers
|upkeep
|turn|19
|
|t:|1664333898
|-start|p2a: Voldemort|Dynamax|
|-heal|p2a: Voldemort|100/100|[silent]
|move|p1a: Calyrex|Leech Seed|p2a: Voldemort
|-start|p2a: Voldemort|move: Leech Seed
|move|p2a: Voldemort|Max Airstream|p1a: Calyrex
|-end|p1a: Calyrex|Substitute
|-boost|p2a: Voldemort|spe|1
|-damage|p2a: Voldemort|96/100|[from] item: Life Orb
|
|-heal|p1a: Calyrex|88/100|[from] item: Leftovers
|-damage|p2a: Voldemort|89/100|[from] Leech Seed|[of] p1a: Calyrex
|-heal|p1a: Calyrex|100/100|[silent]
|upkeep
|turn|20
|
|t:|1664333910
|switch|p1a: the gwoat|Rayquaza-Mega|14/100
|-weather|DeltaStream|[from] ability: Delta Stream|[of] p1a: the gwoat
|move|p2a: Voldemort|Max Darkness|p1a: the gwoat
|-damage|p1a: the gwoat|0 fnt
|faint|p1a: the gwoat
|-weather|none
|-damage|p2a: Voldemort|84/100|[from] item: Life Orb
|
|upkeep
|
|t:|1664333913
|switch|p1a: Arceus|Arceus|100/100
|turn|21
|
|t:|1664333921
|-start|p1a: Arceus|Dynamax|
|-heal|p1a: Arceus|100/100|[silent]
|move|p1a: Arceus|Max Guard|p1a: Arceus
|-singleturn|p1a: Arceus|Max Guard
|move|p2a: Voldemort|Max Darkness|p1a: Arceus
|-activate|p1a: Arceus|move: Max Guard
|
|-damage|p2a: Voldemort|78/100|[from] Leech Seed|[of] p1a: Arceus
|upkeep
|-end|p2a: Voldemort|Dynamax
|-heal|p2a: Voldemort|78/100|[silent]
|turn|22
|
|t:|1664333940
|switch|p2a: MirrorofErised|Ditto|88/100
|-transform|p2a: MirrorofErised|p1a: Arceus|[from] ability: Imposter
|move|p1a: Arceus|Max Strike|p2a: MirrorofErised
|-damage|p2a: MirrorofErised|20/100
|-unboost|p2a: MirrorofErised|spe|1
|
|upkeep
|turn|23
|
|t:|1664333950
|move|p1a: Arceus|Max Guard|p1a: Arceus
|-singleturn|p1a: Arceus|Max Guard
|move|p2a: MirrorofErised|Extreme Speed|p1a: Arceus
|-activate|p1a: Arceus|move: Max Guard
|
|upkeep
|-end|p1a: Arceus|Dynamax
|-heal|p1a: Arceus|100/100|[silent]
|turn|24
|
|t:|1664333959
|switch|p2a: Chess Wizard|Arceus-Flying|100/100 par
|move|p1a: Arceus|Swords Dance|p1a: Arceus
|-boost|p1a: Arceus|atk|2
|
|upkeep
|turn|25
|
|t:|1664333974
|move|p1a: Arceus|Extreme Speed|p2a: Chess Wizard
|-damage|p2a: Chess Wizard|46/100 par
|cant|p2a: Chess Wizard|par
|
|upkeep
|turn|26
|
|t:|1664333981
|switch|p2a: Fluffy|Zacian-Crowned|23/100
|-ability|p2a: Fluffy|Intrepid Sword|boost
|-boost|p2a: Fluffy|atk|1
|move|p1a: Arceus|Extreme Speed|p2a: Fluffy
|-resisted|p2a: Fluffy
|-damage|p2a: Fluffy|0 fnt
|faint|p2a: Fluffy
|
|upkeep
|c|☆DrMario69|gg
|
|t:|1664333995
|switch|p2a: MirrorofErised|Ditto|20/100
|-transform|p2a: MirrorofErised|p1a: Arceus|[from] ability: Imposter
|turn|27
|
|t:|1664334005
|move|p2a: MirrorofErised|Extreme Speed|p1a: Arceus
|-damage|p1a: Arceus|45/100
|move|p1a: Arceus|Extreme Speed|p2a: MirrorofErised
|-damage|p2a: MirrorofErised|0 fnt
|faint|p2a: MirrorofErised
|
|upkeep
|
|t:|1664334012
|switch|p2a: Voldemort|Yveltal|78/100
|-ability|p2a: Voldemort|Dark Aura
|turn|28
|
|t:|1664334019
|move|p1a: Arceus|Extreme Speed|p2a: Voldemort
|-damage|p2a: Voldemort|0 fnt
|faint|p2a: Voldemort
|
|upkeep
|
|t:|1664334023
|switch|p2a: Chess Wizard|Arceus-Flying|46/100 par
|turn|29
|
|t:|1664334026
|move|p1a: Arceus|Extreme Speed|p2a: Chess Wizard
|-damage|p2a: Chess Wizard|0 fnt
|faint|p2a: Chess Wizard
|
|win|DrMario69
|raw|DrMario69's rating: 1867 &rarr; <strong>1894</strong><br />(+27 for winning)
|raw|chopforce8's rating: 1997 &rarr; <strong>1970</strong><br />(-27 for losing)
|c|☆chopforce8|gg
|l|☆chopforce8
|l| rowletroost
||Ladder isn't responding, score probably updated but might not have (Request timeout).
