|j|☆Emorawr79
|j|☆CLEAR GEM清瑜
|t:|1658384803
|gametype|singles
|player|p1|Emorawr79|ghetsis|1716
|player|p2|CLEAR GEM清瑜|skierf|1672
|teamsize|p1|6
|teamsize|p2|6
|gen|8
|tier|[Gen 8] National Dex AG
|rated|
|rule|HP Percentage Mod: HP is shown in percentages
|rule|Endless Battle Clause: Forcing endless battles is banned
|clearpoke
|poke|p1|Calyrex-Shadow|
|poke|p1|Zygarde|
|poke|p1|Yveltal|
|poke|p1|Ho-Oh|
|poke|p1|Smeargle, F|
|poke|p1|Rayquaza|
|poke|p2|Rayquaza|
|poke|p2|Groudon|
|poke|p2|Arceus-*|
|poke|p2|Yveltal|
|poke|p2|Zacian-*|
|poke|p2|Necrozma-Dusk-Mane|
|teampreview
|inactive|Battle timer is ON: inactive players will automatically lose when time's up. (requested by CLEAR GEM清瑜)
|
|t:|1658384814
|start
|switch|p1a: Smeargle|Smeargle, F|100/100
|switch|p2a: 不会(?)|Groudon|100/100
|detailschange|p2a: 不会(?)|Groudon-Primal
|-primal|p2a: 不会(?)
|-weather|DesolateLand|[from] ability: Desolate Land|[of] p2a: 不会(?)
|turn|1
|
|t:|1658384819
|move|p1a: Smeargle|Spore|p2a: 不会(?)
|-status|p2a: 不会(?)|slp|[from] move: Spore
|cant|p2a: 不会(?)|slp
|
|-weather|DesolateLand|[upkeep]
|-ability|p1a: Smeargle|Moody|boost
|-boost|p1a: Smeargle|spa|2
|-unboost|p1a: Smeargle|spe|1
|upkeep
|turn|2
|
|t:|1658384822
|move|p1a: Smeargle|Stealth Rock|p2a: 不会(?)
|-sidestart|p2: CLEAR GEM清瑜|move: Stealth Rock
|-curestatus|p2a: 不会(?)|slp|[msg]
|move|p2a: 不会(?)|Roar|p1a: Smeargle
|drag|p1a: Yveltal|Yveltal|100/100
|-ability|p1a: Yveltal|Dark Aura
|
|-weather|DesolateLand|[upkeep]
|upkeep
|turn|3
|
|t:|1658384825
|move|p1a: Yveltal|Taunt|p2a: 不会(?)
|-start|p2a: 不会(?)|move: Taunt
|cant|p2a: 不会(?)|move: Taunt|Stealth Rock
|
|-weather|DesolateLand|[upkeep]
|upkeep
|turn|4
|
|t:|1658384827
|move|p1a: Yveltal|Dark Pulse|p2a: 不会(?)
|-damage|p2a: 不会(?)|36/100
|-damage|p1a: Yveltal|91/100|[from] item: Life Orb
|move|p2a: 不会(?)|Heat Crash|p1a: Yveltal
|-damage|p1a: Yveltal|0 fnt
|faint|p1a: Yveltal
|
|-weather|DesolateLand|[upkeep]
|upkeep
|
|t:|1658384831
|switch|p1a: Rayquaza|Rayquaza|100/100
|-ability|p1a: Rayquaza|Air Lock
|turn|5
|
|t:|1658384835
|detailschange|p1a: Rayquaza|Rayquaza-Mega
|-mega|p1a: Rayquaza|Rayquaza|
|-weather|DeltaStream|[from] ability: Delta Stream|[of] p1a: Rayquaza
|move|p1a: Rayquaza|Dragon Ascent|p2a: 不会(?)
|-damage|p2a: 不会(?)|0 fnt
|-unboost|p1a: Rayquaza|def|1
|-unboost|p1a: Rayquaza|spd|1
|faint|p2a: 不会(?)
|
|-weather|DeltaStream|[upkeep]
|upkeep
|
|t:|1658384842
|switch|p2a: 剑狗|Zacian-Crowned|100/100
|-damage|p2a: 剑狗|94/100|[from] Stealth Rock
|-ability|p2a: 剑狗|Intrepid Sword|boost
|-boost|p2a: 剑狗|atk|1
|turn|6
|
|t:|1658384844
|move|p1a: Rayquaza|Endure|p1a: Rayquaza
|-singleturn|p1a: Rayquaza|move: Endure
|move|p2a: 剑狗|Behemoth Blade|p1a: Rayquaza
|-activate|p1a: Rayquaza|move: Endure
|-damage|p1a: Rayquaza|1/100
|
|-weather|DeltaStream|[upkeep]
|upkeep
|turn|7
|-enditem|p1a: Rayquaza|Custap Berry|[eat]
|-activate|p1a: Rayquaza|item: Custap Berry|[consumed]
|
|t:|1658384852
|move|p2a: 剑狗|Quick Attack|p1a: Rayquaza
|-damage|p1a: Rayquaza|0 fnt
|faint|p1a: Rayquaza
|-weather|none
|
|upkeep
|
|t:|1658384856
|switch|p1a: Smeargle|Smeargle, F|100/100
|turn|8
|
|t:|1658384860
|move|p2a: 剑狗|Quick Attack|p1a: Smeargle
|-damage|p1a: Smeargle|7/100
|move|p1a: Smeargle|Spore|p2a: 剑狗
|-status|p2a: 剑狗|slp|[from] move: Spore
|
|-ability|p1a: Smeargle|Moody|boost
|-boost|p1a: Smeargle|atk|2
|-unboost|p1a: Smeargle|def|1
|upkeep
|turn|9
|
|t:|1658384863
|cant|p2a: 剑狗|slp
|move|p1a: Smeargle|Endeavor|p2a: 剑狗
|-damage|p2a: 剑狗|4/100 slp
|
|-ability|p1a: Smeargle|Moody|boost
|-boost|p1a: Smeargle|def|2
|-unboost|p1a: Smeargle|atk|1
|upkeep
|turn|10
|
|t:|1658384866
|move|p1a: Smeargle|Extreme Speed|p2a: 剑狗
|-resisted|p2a: 剑狗
|-damage|p2a: 剑狗|0 fnt
|faint|p2a: 剑狗
|
|-ability|p1a: Smeargle|Moody|boost
|-boost|p1a: Smeargle|spa|2
|-unboost|p1a: Smeargle|spe|1
|upkeep
|
|t:|1658384884
|switch|p2a: Y鸟|Yveltal|100/100
|-damage|p2a: Y鸟|76/100|[from] Stealth Rock
|-ability|p2a: Y鸟|Dark Aura
|turn|11
|
|t:|1658384887
|move|p1a: Smeargle|Extreme Speed|p2a: Y鸟
|-damage|p2a: Y鸟|54/100
|move|p2a: Y鸟|Oblivion Wing|p1a: Smeargle
|-damage|p1a: Smeargle|0 fnt
|-heal|p2a: Y鸟|57/100|[from] drain|[of] p1a: Smeargle
|faint|p1a: Smeargle
|
|upkeep
|
|t:|1658384891
|switch|p1a: Ho-Oh|Ho-Oh|100/100
|turn|12
|
|t:|1658384893
|move|p2a: Y鸟|Taunt|p1a: Ho-Oh
|-start|p1a: Ho-Oh|move: Taunt
|cant|p1a: Ho-Oh|move: Taunt|Toxic
|
|upkeep
|turn|13
|
|t:|1658384901
|move|p2a: Y鸟|Oblivion Wing|p1a: Ho-Oh
|-damage|p1a: Ho-Oh|80/100
|-heal|p2a: Y鸟|73/100|[from] drain|[of] p1a: Ho-Oh
|move|p1a: Ho-Oh|Sacred Fire|p2a: Y鸟
|-damage|p2a: Y鸟|32/100
|
|upkeep
|turn|14
|
|t:|1658384910
|move|p2a: Y鸟|Dark Pulse|p1a: Ho-Oh
|-damage|p1a: Ho-Oh|50/100
|move|p1a: Ho-Oh|Sacred Fire|p2a: Y鸟
|-damage|p2a: Y鸟|0 fnt
|faint|p2a: Y鸟
|
|-end|p1a: Ho-Oh|move: Taunt
|upkeep
|
|t:|1658384918
|switch|p2a: 悬空羊驼|Arceus-Flying|100/100
|-damage|p2a: 悬空羊驼|76/100|[from] Stealth Rock
|turn|15
|
|t:|1658384921
|move|p2a: 悬空羊驼|Calm Mind|p2a: 悬空羊驼
|-boost|p2a: 悬空羊驼|spa|1
|-boost|p2a: 悬空羊驼|spd|1
|move|p1a: Ho-Oh|Toxic|p2a: 悬空羊驼|[miss]
|-miss|p1a: Ho-Oh|p2a: 悬空羊驼
|
|upkeep
|turn|16
|
|t:|1658384927
|-start|p2a: 悬空羊驼|Dynamax|
|-heal|p2a: 悬空羊驼|76/100|[silent]
|move|p2a: 悬空羊驼|Max Airstream|p1a: Ho-Oh
|-damage|p1a: Ho-Oh|0 fnt
|-boost|p2a: 悬空羊驼|spe|1
|faint|p1a: Ho-Oh
|
|upkeep
|
|t:|1658384932
|switch|p1a: Zygarde|Zygarde|100/100
|turn|17
|
|t:|1658384934
|move|p2a: 悬空羊驼|Max Airstream|p1a: Zygarde
|-damage|p1a: Zygarde|0 fnt
|-boost|p2a: 悬空羊驼|spe|1
|faint|p1a: Zygarde
|
|upkeep
|
|t:|1658384935
|switch|p1a: Calyrex|Calyrex-Shadow|100/100
|-ability|p1a: Calyrex|As One
|-ability|p1a: Calyrex|Unnerve
|turn|18
|
|t:|1658384939
|-start|p1a: Calyrex|Dynamax|
|-heal|p1a: Calyrex|100/100|[silent]
|move|p1a: Calyrex|Max Guard|p1a: Calyrex
|-singleturn|p1a: Calyrex|Max Guard
|move|p2a: 悬空羊驼|Max Quake|p1a: Calyrex
|-activate|p1a: Calyrex|move: Max Guard
|
|upkeep
|-end|p2a: 悬空羊驼|Dynamax
|-heal|p2a: 悬空羊驼|76/100|[silent]
|turn|19
|
|t:|1658384944
|move|p2a: 悬空羊驼|Calm Mind|p2a: 悬空羊驼
|-boost|p2a: 悬空羊驼|spa|1
|-boost|p2a: 悬空羊驼|spd|1
|move|p1a: Calyrex|Max Phantasm|p2a: 悬空羊驼
|-damage|p2a: 悬空羊驼|43/100
|-unboost|p2a: 悬空羊驼|def|1
|
|upkeep
|turn|20
|
|t:|1658384951
|move|p2a: 悬空羊驼|Recover|p2a: 悬空羊驼
|-heal|p2a: 悬空羊驼|93/100
|move|p1a: Calyrex|Max Phantasm|p2a: 悬空羊驼
|-damage|p2a: 悬空羊驼|60/100
|-unboost|p2a: 悬空羊驼|def|1
|
|upkeep
|-end|p1a: Calyrex|Dynamax
|-heal|p1a: Calyrex|100/100|[silent]
|turn|21
|
|t:|1658384954
|move|p2a: 悬空羊驼|Judgment|p1a: Calyrex
|-enditem|p1a: Calyrex|Focus Sash
|-damage|p1a: Calyrex|1/100
|move|p1a: Calyrex|Nasty Plot|p1a: Calyrex
|-boost|p1a: Calyrex|spa|2
|
|upkeep
|turn|22
|-message|Emorawr79 forfeited.
|
|win|CLEAR GEM清瑜
|raw|Emorawr79's rating: 1716 &rarr; <strong>1693</strong><br />(-23 for losing)
|raw|CLEAR GEM清瑜's rating: 1672 &rarr; <strong>1695</strong><br />(+23 for winning)
|l|☆Emorawr79
