|j|☆MVP2536
|j|☆SlayingOfUnicorns
|t:|1661534109
|gametype|singles
|player|p1|MVP2536|giovanni|
|player|p2|SlayingOfUnicorns|cynthia-masters|
|teamsize|p1|6
|teamsize|p2|6
|gen|8
|tier|[Gen 8] National Dex AG
|rule|HP Percentage Mod: HP is shown in percentages
|rule|Endless Battle Clause: Forcing endless battles is banned
|clearpoke
|poke|p1|Groudon|
|poke|p1|Aegislash, M|
|poke|p1|Rotom-Wash|
|poke|p1|Scrafty, M|
|poke|p1|Whimsicott, F|
|poke|p1|Ditto|
|poke|p2|Groudon|
|poke|p2|Necrozma-Dusk-Mane|
|poke|p2|Zygarde|
|poke|p2|Arceus-*|
|poke|p2|Chansey, F|
|poke|p2|Arceus-*|
|teampreview
|inactive|Battle timer is ON: inactive players will automatically lose when time's up. (requested by SlayingOfUnicorns)
|c|☆SlayingOfUnicorns|Ah thats who u t
|c|☆SlayingOfUnicorns|r
|c|☆MVP2536|ye
|c|☆MVP2536|my connection slow af rn
|
|t:|1661534137
|start
|switch|p1a: Ditto|Ditto|100/100
|switch|p2a: Arceus|Arceus-Fairy|100/100
|-transform|p1a: Ditto|p2a: Arceus|[from] ability: Imposter
|turn|1
|
|t:|1661534146
|switch|p1a: garbage|Groudon|100/100
|detailschange|p1a: garbage|Groudon-Primal
|-primal|p1a: garbage
|-weather|DesolateLand|[from] ability: Desolate Land|[of] p1a: garbage
|move|p2a: Arceus|Will-O-Wisp|p1a: garbage
|-immune|p1a: garbage
|
|-weather|DesolateLand|[upkeep]
|upkeep
|turn|2
|
|t:|1661534155
|switch|p2a: Zygarde|Zygarde, shiny|100/100
|move|p1a: garbage|Precipice Blades|p2a: Zygarde|[miss]
|-miss|p1a: garbage|p2a: Zygarde
|
|-weather|DesolateLand|[upkeep]
|upkeep
|turn|3
|
|t:|1661534161
|-weather|none
|switch|p1a: Rotom|Rotom-Wash|100/100
|move|p2a: Zygarde|Thousand Arrows|p1a: Rotom
|-supereffective|p1a: Rotom
|-damage|p1a: Rotom|52/100
|-start|p1a: Rotom|Smack Down
|
|upkeep
|turn|4
|
|t:|1661534170
|switch|p1a: Whimsicott|Whimsicott, F|100/100
|move|p2a: Zygarde|Thousand Arrows|p1a: Whimsicott
|-resisted|p1a: Whimsicott
|-damage|p1a: Whimsicott|81/100
|
|upkeep
|turn|5
|c|☆MVP2536|was expecting glare
|
|t:|1661534178
|switch|p2a: Arceus|Arceus-Fairy|100/100
|move|p1a: Whimsicott|Stun Spore|p2a: Arceus
|-status|p2a: Arceus|par
|
|upkeep
|turn|6
|
|t:|1661534185
|switch|p1a: garbage|Groudon-Primal|100/100
|-weather|DesolateLand|[from] ability: Desolate Land|[of] p1a: garbage
|switch|p2a: Zygarde|Zygarde, shiny|100/100
|
|-weather|DesolateLand|[upkeep]
|upkeep
|turn|7
|
|t:|1661534192
|move|p2a: Zygarde|Thousand Arrows|p1a: garbage
|-supereffective|p1a: garbage
|-damage|p1a: garbage|69/100
|move|p1a: garbage|Precipice Blades|p2a: Zygarde|[miss]
|-miss|p1a: garbage|p2a: Zygarde
|
|-weather|DesolateLand|[upkeep]
|upkeep
|turn|8
|c|☆MVP2536|damn two misses
|
|t:|1661534205
|move|p2a: Zygarde|Thousand Arrows|p1a: garbage
|-supereffective|p1a: garbage
|-damage|p1a: garbage|33/100
|move|p1a: garbage|Precipice Blades|p2a: Zygarde
|-damage|p2a: Zygarde|65/100
|
|-weather|DesolateLand|[upkeep]
|upkeep
|turn|9
|
|t:|1661534211
|-weather|none
|switch|p1a: Whimsicott|Whimsicott, F|81/100
|move|p2a: Zygarde|Thousand Arrows|p1a: Whimsicott
|-resisted|p1a: Whimsicott
|-damage|p1a: Whimsicott|62/100
|
|upkeep
|turn|10
|
|t:|1661534220
|switch|p2a: Arceus|Arceus-Dark|100/100
|move|p1a: Whimsicott|Leech Seed|p2a: Arceus
|-start|p2a: Arceus|move: Leech Seed
|
|-damage|p2a: Arceus|88/100|[from] Leech Seed|[of] p1a: Whimsicott
|-heal|p1a: Whimsicott|79/100|[silent]
|upkeep
|turn|11
|
|t:|1661534227
|switch|p2a: Necrozma|Necrozma-Dusk-Mane|100/100
|move|p1a: Whimsicott|Stun Spore|p2a: Necrozma
|-status|p2a: Necrozma|par
|
|upkeep
|turn|12
|
|t:|1661534234
|switch|p1a: Ditto|Ditto|100/100
|-transform|p1a: Ditto|p2a: Necrozma|[from] ability: Imposter
|switch|p2a: Groudon|Groudon|100/100
|detailschange|p2a: Groudon|Groudon-Primal
|-primal|p2a: Groudon
|-weather|DesolateLand|[from] ability: Desolate Land|[of] p2a: Groudon
|
|-weather|DesolateLand|[upkeep]
|upkeep
|turn|13
|
|t:|1661534245
|switch|p1a: Rotom|Rotom-Wash|52/100
|move|p2a: Groudon|Eruption|p1a: Rotom
|-resisted|p1a: Rotom
|-damage|p1a: Rotom|0 fnt
|faint|p1a: Rotom
|
|-weather|DesolateLand|[upkeep]
|upkeep
|
|t:|1661534252
|switch|p1a: Ditto|Ditto|100/100
|-transform|p1a: Ditto|p2a: Groudon|[from] ability: Imposter
|turn|14
|
|t:|1661534259
|switch|p2a: Chansey|Chansey, F|100/100
|move|p1a: Ditto|Earth Power|p2a: Chansey
|-damage|p2a: Chansey|86/100
|
|-weather|DesolateLand|[upkeep]
|upkeep
|turn|15
|
|t:|1661534265
|-weather|none
|switch|p1a: Aegislash|Aegislash, M|100/100
|move|p2a: Chansey|Aromatherapy|p2a: Chansey
|-activate|p2a: Chansey|move: Aromatherapy
|-curestatus|p2: Arceus|par|[msg]
|-curestatus|p2: Necrozma|par|[msg]
|
|upkeep
|turn|16
|
|t:|1661534276
|switch|p1a: Scrafty|Scrafty, M|100/100
|switch|p2a: Arceus|Arceus-Fairy|100/100
|
|upkeep
|turn|17
|
|t:|1661534284
|switch|p1a: Aegislash|Aegislash, M|100/100
|move|p2a: Arceus|Toxic|p1a: Aegislash
|-immune|p1a: Aegislash
|
|upkeep
|turn|18
|
|t:|1661534291
|switch|p1a: garbage|Groudon-Primal|33/100
|-weather|DesolateLand|[from] ability: Desolate Land|[of] p1a: garbage
|move|p2a: Arceus|Will-O-Wisp|p1a: garbage
|-immune|p1a: garbage
|
|-weather|DesolateLand|[upkeep]
|upkeep
|turn|19
|
|t:|1661534297
|switch|p2a: Groudon|Groudon-Primal|100/100
|move|p1a: garbage|Rest|p1a: garbage
|-status|p1a: garbage|slp|[from] move: Rest
|-heal|p1a: garbage|100/100 slp|[silent]
|
|-weather|DesolateLand|[upkeep]
|upkeep
|turn|20
|
|t:|1661534304
|switch|p1a: Scrafty|Scrafty, M|100/100
|move|p2a: Groudon|Earth Power|p1a: Scrafty
|-damage|p1a: Scrafty|68/100
|
|-weather|DesolateLand|[upkeep]
|upkeep
|turn|21
|
|t:|1661534317
|-start|p1a: Scrafty|Dynamax|
|-heal|p1a: Scrafty|68/100|[silent]
|move|p2a: Groudon|Eruption|p1a: Scrafty
|-damage|p1a: Scrafty|27/100
|move|p1a: Scrafty|Max Knuckle|p2a: Groudon
|-damage|p2a: Groudon|83/100
|-boost|p1a: Scrafty|atk|1
|
|-weather|DesolateLand|[upkeep]
|upkeep
|turn|22
|c|☆MVP2536|oh god
|
|t:|1661534329
|move|p2a: Groudon|Earth Power|p1a: Scrafty
|-damage|p1a: Scrafty|12/100
|-unboost|p1a: Scrafty|spd|1
|move|p1a: Scrafty|Max Quake|p2a: Groudon
|-supereffective|p2a: Groudon
|-damage|p2a: Groudon|31/100
|-boost|p1a: Scrafty|spd|1
|
|-weather|DesolateLand|[upkeep]
|upkeep
|turn|23
|
|t:|1661534342
|move|p2a: Groudon|Earth Power|p1a: Scrafty
|-damage|p1a: Scrafty|0 fnt
|faint|p1a: Scrafty
|
|-weather|DesolateLand|[upkeep]
|upkeep
|
|t:|1661534348
|switch|p1a: Ditto|Ditto|100/100
|-transform|p1a: Ditto|p2a: Groudon|[from] ability: Imposter
|turn|24
|
|t:|1661534353
|switch|p2a: Chansey|Chansey, F|86/100
|move|p1a: Ditto|Eruption|p2a: Chansey
|-damage|p2a: Chansey|49/100
|
|-weather|DesolateLand|[upkeep]
|upkeep
|turn|25
|
|t:|1661534360
|move|p1a: Ditto|Eruption|p2a: Chansey
|-damage|p2a: Chansey|9/100
|move|p2a: Chansey|Soft-Boiled|p2a: Chansey
|-heal|p2a: Chansey|59/100
|
|-weather|DesolateLand|[upkeep]
|upkeep
|turn|26
|
|t:|1661534366
|move|p1a: Ditto|Eruption|p2a: Chansey
|-damage|p2a: Chansey|23/100
|move|p2a: Chansey|Soft-Boiled|p2a: Chansey
|-heal|p2a: Chansey|73/100
|
|-weather|DesolateLand|[upkeep]
|upkeep
|turn|27
|
|t:|1661534377
|-weather|none
|switch|p1a: garbage|Groudon-Primal|100/100 slp
|-weather|DesolateLand|[from] ability: Desolate Land|[of] p1a: garbage
|move|p2a: Chansey|Soft-Boiled|p2a: Chansey
|-heal|p2a: Chansey|100/100
|
|-weather|DesolateLand|[upkeep]
|upkeep
|turn|28
|
|t:|1661534389
|cant|p1a: garbage|slp
|move|p1a: garbage|Sleep Talk|p1a: garbage
|move|p1a: garbage|Heat Crash|p2a: Chansey|[from]move: Sleep Talk
|-damage|p2a: Chansey|31/100
|move|p2a: Chansey|Wish|p2a: Chansey
|
|-weather|DesolateLand|[upkeep]
|upkeep
|turn|29
|
|t:|1661534402
|switch|p2a: Zygarde|Zygarde, shiny|65/100
|cant|p1a: garbage|slp
|move|p1a: garbage|Sleep Talk|p1a: garbage
|move|p1a: garbage|Rest||[from]move: Sleep Talk|[still]
|-fail|p1a: garbage
|
|-weather|DesolateLand|[upkeep]
|-heal|p2a: Zygarde|100/100|[from] move: Wish|[wisher] Chansey
|upkeep
|turn|30
|
|t:|1661534411
|-weather|none
|switch|p1a: Whimsicott|Whimsicott, F|79/100
|move|p2a: Zygarde|Thousand Arrows|p1a: Whimsicott
|-resisted|p1a: Whimsicott
|-damage|p1a: Whimsicott|57/100
|
|upkeep
|turn|31
|
|t:|1661534418
|switch|p2a: Chansey|Chansey, F|31/100
|move|p1a: Whimsicott|Leech Seed|p2a: Chansey
|-start|p2a: Chansey|move: Leech Seed
|
|-damage|p2a: Chansey|19/100|[from] Leech Seed|[of] p1a: Whimsicott
|-heal|p1a: Whimsicott|84/100|[silent]
|upkeep
|turn|32
|
|t:|1661534431
|move|p1a: Whimsicott|Stun Spore|p2a: Chansey|[miss]
|-miss|p1a: Whimsicott|p2a: Chansey
|move|p2a: Chansey|Soft-Boiled|p2a: Chansey
|-heal|p2a: Chansey|69/100
|
|-damage|p2a: Chansey|56/100|[from] Leech Seed|[of] p1a: Whimsicott
|-heal|p1a: Whimsicott|100/100|[silent]
|upkeep
|turn|33
|
|t:|1661534442
|switch|p1a: Aegislash|Aegislash, M|100/100
|move|p2a: Chansey|Wish|p2a: Chansey
|
|-damage|p2a: Chansey|44/100|[from] Leech Seed|[of] p1a: Aegislash
|upkeep
|turn|34
|
|t:|1661534449
|switch|p1a: garbage|Groudon-Primal|100/100 slp
|-weather|DesolateLand|[from] ability: Desolate Land|[of] p1a: garbage
|switch|p2a: Groudon|Groudon-Primal|31/100
|
|-weather|DesolateLand|[upkeep]
|-heal|p2a: Groudon|100/100|[from] move: Wish|[wisher] Chansey
|upkeep
|turn|35
|
|t:|1661534457
|move|p2a: Groudon|Earth Power|p1a: garbage
|-supereffective|p1a: garbage
|-damage|p1a: garbage|20/100 slp
|-unboost|p1a: garbage|spd|1
|-curestatus|p1a: garbage|slp|[msg]
|move|p1a: garbage|Precipice Blades|p2a: Groudon|[miss]
|-miss|p1a: garbage|p2a: Groudon
|
|-weather|DesolateLand|[upkeep]
|upkeep
|turn|36
|c|☆MVP2536|damn three misses
|inactive|MVP2536 has 270 seconds left.
|c|☆MVP2536|is it cool i forfiet this cause i dont see me winning this
|
|t:|1661534513
|switch|p1a: Whimsicott|Whimsicott, F|100/100
|move|p2a: Groudon|Eruption|p1a: Whimsicott
|-supereffective|p1a: Whimsicott
|-damage|p1a: Whimsicott|0 fnt
|faint|p1a: Whimsicott
|
|-weather|DesolateLand|[upkeep]
|upkeep
|c|☆SlayingOfUnicorns|Ofc
|inactive|MVP2536 has 240 seconds left.
|c|☆MVP2536|ye this match is urs
|
|t:|1661534530
|switch|p1a: Ditto|Ditto|100/100
|-transform|p1a: Ditto|p2a: Groudon|[from] ability: Imposter
|turn|37
|inactive|MVP2536 has 240 seconds left.
|-message|MVP2536 forfeited.
|
|win|SlayingOfUnicorns
