|j|☆Hoenn Militian
|j|☆Eby Sobak
|t:|1649776253
|gametype|singles
|player|p1|Hoenn Militian|ingo|1789
|player|p2|Eby Sobak|unknownf|1799
|teamsize|p1|6
|teamsize|p2|6
|gen|8
|tier|[Gen 8] National Dex AG
|rated|
|rule|HP Percentage Mod: HP is shown in percentages
|rule|Endless Battle Clause: Forcing endless battles is banned
|clearpoke
|poke|p1|Yveltal|
|poke|p1|Quagsire, F|
|poke|p1|Mamoswine, F|
|poke|p1|Shedinja|
|poke|p1|Kyogre|
|poke|p1|Zacian-*|
|poke|p2|Zacian-*|
|poke|p2|Marshadow|
|poke|p2|Arceus-*|
|poke|p2|Arceus-*|
|poke|p2|Rayquaza|
|poke|p2|Groudon|
|teampreview
|inactive|Battle timer is ON: inactive players will automatically lose when time's up. (requested by Eby Sobak)
|
|t:|1649776270
|start
|switch|p1a: Mamoswine|Mamoswine, F|100/100
|switch|p2a: Groudon|Groudon|100/100
|detailschange|p2a: Groudon|Groudon-Primal
|-primal|p2a: Groudon
|-weather|DesolateLand|[from] ability: Desolate Land|[of] p2a: Groudon
|turn|1
|
|t:|1649776279
|move|p1a: Mamoswine|Earthquake|p2a: Groudon
|-supereffective|p2a: Groudon
|-damage|p2a: Groudon|38/100
|move|p2a: Groudon|Eruption|p1a: Mamoswine
|-supereffective|p1a: Mamoswine
|-enditem|p1a: Mamoswine|Focus Sash
|-damage|p1a: Mamoswine|1/100
|
|-weather|DesolateLand|[upkeep]
|upkeep
|turn|2
|
|t:|1649776287
|-weather|none
|switch|p2a: Rayquaza|Rayquaza|100/100
|-ability|p2a: Rayquaza|Air Lock
|move|p1a: Mamoswine|Stealth Rock|p2a: Rayquaza
|-sidestart|p2: Eby Sobak|move: Stealth Rock
|
|upkeep
|turn|3
|
|t:|1649776295
|detailschange|p2a: Rayquaza|Rayquaza-Mega
|-mega|p2a: Rayquaza|Rayquaza|
|-weather|DeltaStream|[from] ability: Delta Stream|[of] p2a: Rayquaza
|move|p2a: Rayquaza|Waterfall|p1a: Mamoswine
|-supereffective|p1a: Mamoswine
|-damage|p1a: Mamoswine|0 fnt
|faint|p1a: Mamoswine
|-damage|p2a: Rayquaza|91/100|[from] item: Life Orb
|
|-weather|DeltaStream|[upkeep]
|upkeep
|
|t:|1649776304
|switch|p1a: Zacian|Zacian-Crowned|100/100
|-ability|p1a: Zacian|Intrepid Sword|boost
|-boost|p1a: Zacian|atk|1
|turn|4
|
|t:|1649776311
|-weather|none
|switch|p2a: Arceus|Arceus-Electric|100/100
|-damage|p2a: Arceus|88/100|[from] Stealth Rock
|move|p1a: Zacian|Behemoth Blade|p2a: Arceus
|-resisted|p2a: Arceus
|-damage|p2a: Arceus|65/100
|
|upkeep
|turn|5
|
|t:|1649776320
|switch|p1a: Quagsire|Quagsire, F|100/100
|move|p2a: Arceus|Defog|p1a: Quagsire
|-unboost|p1a: Quagsire|evasion|1
|-sideend|p2: Eby Sobak|Stealth Rock|[from] move: Defog|[of] p2a: Arceus
|
|upkeep
|turn|6
|
|t:|1649776327
|move|p2a: Arceus|Toxic|p1a: Quagsire
|-status|p1a: Quagsire|tox
|move|p1a: Quagsire|Curse|p1a: Quagsire
|-unboost|p1a: Quagsire|spe|1
|-boost|p1a: Quagsire|atk|1
|-boost|p1a: Quagsire|def|1
|
|-damage|p1a: Quagsire|94/100 tox|[from] psn
|upkeep
|turn|7
|j| ImBadWithMegaPkmon
|
|t:|1649776335
|switch|p2a: Arceus|Arceus-Dark|100/100
|move|p1a: Quagsire|Earthquake|p2a: Arceus
|-damage|p2a: Arceus|71/100
|
|-damage|p1a: Quagsire|82/100 tox|[from] psn
|upkeep
|turn|8
|
|t:|1649776343
|switch|p1a: Zacian|Zacian-Crowned|100/100
|-ability|p1a: Zacian|Intrepid Sword|boost
|-boost|p1a: Zacian|atk|1
|move|p2a: Arceus|Recover|p2a: Arceus
|-heal|p2a: Arceus|100/100
|
|upkeep
|turn|9
|
|t:|1649776350
|switch|p2a: Arceus|Arceus-Electric|65/100
|move|p1a: Zacian|Close Combat|p2a: Arceus
|-damage|p2a: Arceus|28/100
|-unboost|p1a: Zacian|def|1
|-unboost|p1a: Zacian|spd|1
|
|upkeep
|turn|10
|
|t:|1649776357
|move|p1a: Zacian|Close Combat|p2a: Arceus
|-damage|p2a: Arceus|0 fnt
|-unboost|p1a: Zacian|def|1
|-unboost|p1a: Zacian|spd|1
|faint|p2a: Arceus
|
|upkeep
|
|t:|1649776363
|switch|p2a: Zacian|Zacian-Crowned|100/100
|-ability|p2a: Zacian|Intrepid Sword|boost
|-boost|p2a: Zacian|atk|1
|turn|11
|
|t:|1649776369
|switch|p1a: Quagsire|Quagsire, F|82/100 tox
|move|p2a: Zacian|Close Combat|p1a: Quagsire
|-damage|p1a: Quagsire|44/100 tox
|-unboost|p2a: Zacian|def|1
|-unboost|p2a: Zacian|spd|1
|-damage|p2a: Zacian|84/100|[from] item: Rocky Helmet|[of] p1a: Quagsire
|
|-damage|p1a: Quagsire|38/100 tox|[from] psn
|upkeep
|turn|12
|
|t:|1649776379
|switch|p1a: Shedinja|Shedinja|100/100
|move|p2a: Zacian|Close Combat|p1a: Shedinja
|-immune|p1a: Shedinja|[from] ability: Wonder Guard
|
|upkeep
|turn|13
|
|t:|1649776388
|switch|p2a: Groudon|Groudon-Primal|38/100
|-weather|DesolateLand|[from] ability: Desolate Land|[of] p2a: Groudon
|move|p1a: Shedinja|Baton Pass|p1a: Shedinja
|
|t:|1649776404
|switch|p1a: Yveltal|Yveltal|100/100|[from]move: Baton Pass
|-ability|p1a: Yveltal|Dark Aura
|
|-weather|DesolateLand|[upkeep]
|upkeep
|turn|14
|
|t:|1649776411
|-start|p1a: Yveltal|Dynamax|
|-heal|p1a: Yveltal|100/100|[silent]
|move|p1a: Yveltal|Max Airstream|p2a: Groudon
|-damage|p2a: Groudon|0 fnt
|-boost|p1a: Yveltal|spe|1
|faint|p2a: Groudon
|-weather|none
|
|upkeep
|
|t:|1649776417
|switch|p2a: Arceus|Arceus-Dark|100/100
|turn|15
|
|t:|1649776429
|-end|p1a: Yveltal|Dynamax
|-heal|p1a: Yveltal|100/100|[silent]
|switch|p1a: Quagsire|Quagsire, F|38/100 tox
|move|p2a: Arceus|Recover||[still]
|-fail|p2a: Arceus|heal
|
|-damage|p1a: Quagsire|32/100 tox|[from] psn
|upkeep
|turn|16
|
|t:|1649776437
|move|p2a: Arceus|Judgment|p1a: Quagsire
|-damage|p1a: Quagsire|0 fnt
|faint|p1a: Quagsire
|
|upkeep
|
|t:|1649776442
|switch|p1a: Zacian|Zacian-Crowned|100/100
|-ability|p1a: Zacian|Intrepid Sword|boost
|-boost|p1a: Zacian|atk|1
|turn|17
|
|t:|1649776448
|move|p1a: Zacian|Behemoth Blade|p2a: Arceus
|-damage|p2a: Arceus|39/100
|move|p2a: Arceus|Judgment|p1a: Zacian
|-resisted|p1a: Zacian
|-damage|p1a: Zacian|77/100
|
|upkeep
|turn|18
|
|t:|1649776455
|move|p1a: Zacian|Behemoth Blade|p2a: Arceus
|-damage|p2a: Arceus|0 fnt
|faint|p2a: Arceus
|
|upkeep
|
|t:|1649776458
|switch|p2a: Marshadow|Marshadow|100/100
|turn|19
|
|t:|1649776464
|switch|p1a: Yveltal|Yveltal|100/100
|-ability|p1a: Yveltal|Dark Aura
|move|p2a: Marshadow|Spectral Thief|p1a: Yveltal
|-resisted|p1a: Yveltal
|-damage|p1a: Yveltal|79/100
|
|upkeep
|turn|20
|
|t:|1649776473
|-start|p2a: Marshadow|Dynamax|
|-heal|p2a: Marshadow|100/100|[silent]
|move|p2a: Marshadow|Max Hailstorm|p1a: Yveltal
|-supereffective|p1a: Yveltal
|-damage|p1a: Yveltal|0 fnt
|-weather|Hail
|faint|p1a: Yveltal
|
|-weather|Hail|[upkeep]
|-damage|p2a: Marshadow|97/100|[from] Hail
|upkeep
|
|t:|1649776481
|switch|p1a: Zacian|Zacian-Crowned|77/100
|-ability|p1a: Zacian|Intrepid Sword|boost
|-boost|p1a: Zacian|atk|1
|turn|21
|
|t:|1649776489
|move|p1a: Zacian|Behemoth Blade|p2a: Marshadow
|-damage|p2a: Marshadow|0 fnt
|faint|p2a: Marshadow
|
|-weather|Hail|[upkeep]
|-damage|p1a: Zacian|71/100|[from] Hail
|upkeep
|
|t:|1649776492
|switch|p2a: Zacian|Zacian-Crowned|84/100
|-ability|p2a: Zacian|Intrepid Sword|boost
|-boost|p2a: Zacian|atk|1
|turn|22
|
|t:|1649776500
|switch|p1a: Kyogre|Kyogre|100/100
|-weather|RainDance|[from] ability: Drizzle|[of] p1a: Kyogre
|move|p2a: Zacian|Behemoth Blade|p1a: Kyogre
|-resisted|p1a: Kyogre
|-damage|p1a: Kyogre|55/100
|
|-weather|RainDance|[upkeep]
|upkeep
|turn|23
|
|t:|1649776508
|switch|p1a: Shedinja|Shedinja|100/100
|move|p2a: Zacian|Wild Charge|p1a: Shedinja
|-immune|p1a: Shedinja|[from] ability: Wonder Guard
|
|-weather|RainDance|[upkeep]
|upkeep
|turn|24
|
|t:|1649776519
|switch|p2a: Rayquaza|Rayquaza-Mega|91/100
|-weather|DeltaStream|[from] ability: Delta Stream|[of] p2a: Rayquaza
|move|p1a: Shedinja|Baton Pass|p1a: Shedinja
|
|t:|1649776525
|switch|p1a: Zacian|Zacian-Crowned|71/100|[from]move: Baton Pass
|-ability|p1a: Zacian|Intrepid Sword|boost
|-boost|p1a: Zacian|atk|1
|
|-weather|DeltaStream|[upkeep]
|upkeep
|turn|25
|
|t:|1649776530
|-weather|none
|switch|p2a: Zacian|Zacian-Crowned|84/100
|-ability|p2a: Zacian|Intrepid Sword|boost
|-boost|p2a: Zacian|atk|1
|move|p1a: Zacian|Behemoth Blade|p2a: Zacian
|-damage|p2a: Zacian|0 fnt
|faint|p2a: Zacian
|
|upkeep
|
|t:|1649776537
|switch|p2a: Rayquaza|Rayquaza-Mega|91/100
|-weather|DeltaStream|[from] ability: Delta Stream|[of] p2a: Rayquaza
|turn|26
|
|t:|1649776544
|move|p1a: Zacian|Behemoth Blade|p2a: Rayquaza
|-damage|p2a: Rayquaza|0 fnt
|faint|p2a: Rayquaza
|-weather|none
|
|win|Hoenn Militian
|raw|Hoenn Militian's rating: 1789 &rarr; <strong>1810</strong><br />(+21 for winning)
|raw|Eby Sobak's rating: 1799 &rarr; <strong>1778</strong><br />(-21 for losing)
|l|☆Eby Sobak
||Ladder isn't responding, score probably updated but might not have (Request timeout).
