|j|☆Hoenn Militian
|j|☆Freeity
|t:|1649433570
|gametype|singles
|player|p1|Hoenn Militian|ingo|1662
|player|p2|Freeity|iris-gen5bw2|1871
|teamsize|p1|6
|teamsize|p2|6
|gen|8
|tier|[Gen 8] National Dex AG
|rated|
|rule|HP Percentage Mod: HP is shown in percentages
|rule|Endless Battle Clause: Forcing endless battles is banned
|clearpoke
|poke|p1|Yveltal|
|poke|p1|Quagsire, M|
|poke|p1|Mamoswine, F|
|poke|p1|Shedinja|
|poke|p1|Kyogre|
|poke|p1|Zacian-*|
|poke|p2|Arceus-*|
|poke|p2|Rayquaza|
|poke|p2|Arceus-*|
|poke|p2|Necrozma-Dusk-Mane|
|poke|p2|Kyogre|
|poke|p2|Arceus-*|
|teampreview
|
|t:|1649433578
|start
|switch|p1a: Mamoswine|Mamoswine, F|100/100
|switch|p2a: Rayquaza|Rayquaza|100/100
|-ability|p2a: Rayquaza|Air Lock
|turn|1
|
|t:|1649433586
|detailschange|p2a: Rayquaza|Rayquaza-Mega
|-mega|p2a: Rayquaza|Rayquaza|
|-weather|DeltaStream|[from] ability: Delta Stream|[of] p2a: Rayquaza
|move|p2a: Rayquaza|V-create|p1a: Mamoswine
|-supereffective|p1a: Mamoswine
|-enditem|p1a: Mamoswine|Focus Sash
|-damage|p1a: Mamoswine|1/100
|-unboost|p2a: Rayquaza|spe|1
|-unboost|p2a: Rayquaza|def|1
|-unboost|p2a: Rayquaza|spd|1
|-damage|p2a: Rayquaza|91/100|[from] item: Life Orb
|move|p1a: Mamoswine|Stealth Rock|p2a: Rayquaza
|-sidestart|p2: Freeity|move: Stealth Rock
|
|-weather|DeltaStream|[upkeep]
|upkeep
|turn|2
|
|t:|1649433599
|move|p1a: Mamoswine|Ice Shard|p2a: Rayquaza
|-activate||deltastream
|-supereffective|p2a: Rayquaza
|-crit|p2a: Rayquaza
|-damage|p2a: Rayquaza|6/100
|move|p2a: Rayquaza|Scale Shot|p1a: Mamoswine
|-damage|p1a: Mamoswine|0 fnt
|faint|p1a: Mamoswine
|-hitcount|p1: Mamoswine|1
|-unboost|p2a: Rayquaza|def|1
|-boost|p2a: Rayquaza|spe|1
|-damage|p2a: Rayquaza|0 fnt|[from] item: Life Orb
|faint|p2a: Rayquaza
|-weather|none
|
|upkeep
|c|☆Freeity|bruh
|c|☆Freeity|seriously
|c|☆Freeity|crit
|
|t:|1649433613
|switch|p2a: Arceus|Arceus-Dark|100/100
|switch|p1a: Zacian|Zacian-Crowned|100/100
|-ability|p1a: Zacian|Intrepid Sword|boost
|-boost|p1a: Zacian|atk|1
|-damage|p2a: Arceus|88/100|[from] Stealth Rock
|turn|3
|
|t:|1649433622
|switch|p2a: Necrozma|Necrozma-Dusk-Mane|100/100
|-damage|p2a: Necrozma|94/100|[from] Stealth Rock
|move|p1a: Zacian|Swords Dance|p1a: Zacian
|-boost|p1a: Zacian|atk|2
|
|upkeep
|turn|4
|
|t:|1649433633
|-start|p2a: Necrozma|Dynamax|
|-heal|p2a: Necrozma|94/100|[silent]
|move|p1a: Zacian|Swords Dance|p1a: Zacian
|-boost|p1a: Zacian|atk|2
|move|p2a: Necrozma|Max Steelspike|p1a: Zacian
|-damage|p1a: Zacian|38/100
|-boost|p2a: Necrozma|def|1
|
|upkeep
|turn|5
|
|t:|1649433644
|switch|p1a: Quagsire|Quagsire, M|100/100
|move|p2a: Necrozma|Max Steelspike|p1a: Quagsire
|-resisted|p1a: Quagsire
|-damage|p1a: Quagsire|77/100
|-boost|p2a: Necrozma|def|1
|
|upkeep
|turn|6
|
|t:|1649433652
|move|p2a: Necrozma|Max Darkness|p1a: Quagsire
|-damage|p1a: Quagsire|48/100
|-unboost|p1a: Quagsire|spd|1
|move|p1a: Quagsire|Curse|p1a: Quagsire
|-unboost|p1a: Quagsire|spe|1
|-boost|p1a: Quagsire|atk|1
|-boost|p1a: Quagsire|def|1
|
|-end|p2a: Necrozma|Dynamax
|-heal|p2a: Necrozma|94/100|[silent]
|upkeep
|turn|7
|
|t:|1649433663
|move|p2a: Necrozma|Knock Off|p1a: Quagsire
|-damage|p1a: Quagsire|32/100
|-damage|p2a: Necrozma|78/100|[from] item: Rocky Helmet|[of] p1a: Quagsire
|-enditem|p1a: Quagsire|Rocky Helmet|[from] move: Knock Off|[of] p2a: Necrozma
|move|p1a: Quagsire|Recover|p1a: Quagsire
|-heal|p1a: Quagsire|82/100
|
|upkeep
|turn|8
|
|t:|1649433671
|switch|p2a: Kyogre|Kyogre|100/100
|-damage|p2a: Kyogre|88/100|[from] Stealth Rock
|detailschange|p2a: Kyogre|Kyogre-Primal
|-primal|p2a: Kyogre
|-weather|PrimordialSea|[from] ability: Primordial Sea|[of] p2a: Kyogre
|move|p1a: Quagsire|Earthquake|p2a: Kyogre
|-damage|p2a: Kyogre|57/100
|
|-weather|PrimordialSea|[upkeep]
|upkeep
|turn|9
|
|t:|1649433680
|switch|p1a: Shedinja|Shedinja|100/100
|move|p2a: Kyogre|Scald|p1a: Shedinja
|-immune|p1a: Shedinja|[from] ability: Wonder Guard
|
|-weather|PrimordialSea|[upkeep]
|upkeep
|turn|10
|j| AnswerzWasLast
|c| AnswerzWasLast|standing here
|c| AnswerzWasLast|I realise
|c| AnswerzWasLast|you were just like me
|c| AnswerzWasLast|trying to make history
|
|t:|1649433696
|-weather|none
|switch|p2a: Arceus|Arceus-Dark|88/100
|-damage|p2a: Arceus|76/100|[from] Stealth Rock
|move|p1a: Shedinja|Baton Pass|p1a: Shedinja
|l| AnswerzWasLast
|c|☆Freeity|wtf
|
|t:|1649433703
|switch|p1a: Zacian|Zacian-Crowned|38/100|[from]move: Baton Pass
|-ability|p1a: Zacian|Intrepid Sword|boost
|-boost|p1a: Zacian|atk|1
|
|upkeep
|turn|11
|j| AnswerzWasLast
|c|☆Freeity|this man just flexed on me
|
|t:|1649433715
|switch|p2a: Necrozma|Necrozma-Dusk-Mane|78/100
|-damage|p2a: Necrozma|72/100|[from] Stealth Rock
|move|p1a: Zacian|Behemoth Blade|p2a: Necrozma
|-resisted|p2a: Necrozma
|-damage|p2a: Necrozma|49/100
|-damage|p1a: Zacian|21/100|[from] item: Rocky Helmet|[of] p2a: Necrozma
|
|upkeep
|turn|12
|
|t:|1649433724
|switch|p1a: Kyogre|Kyogre|100/100
|-weather|RainDance|[from] ability: Drizzle|[of] p1a: Kyogre
|move|p2a: Necrozma|Moonlight|p2a: Necrozma
|-heal|p2a: Necrozma|74/100
|
|-weather|RainDance|[upkeep]
|upkeep
|turn|13
|
|t:|1649433736
|switch|p2a: Arceus|Arceus-Ground|100/100
|-damage|p2a: Arceus|94/100|[from] Stealth Rock
|move|p1a: Kyogre|Water Spout|p2a: Arceus
|-supereffective|p2a: Arceus
|-damage|p2a: Arceus|0 fnt
|faint|p2a: Arceus
|
|-weather|RainDance|[upkeep]
|upkeep
|
|t:|1649433751
|switch|p2a: Kyogre|Kyogre-Primal|57/100
|-damage|p2a: Kyogre|44/100|[from] Stealth Rock
|-weather|PrimordialSea|[from] ability: Primordial Sea|[of] p2a: Kyogre
|turn|14
|
|t:|1649433758
|switch|p1a: Quagsire|Quagsire, M|82/100
|move|p2a: Kyogre|Rest|p2a: Kyogre
|-status|p2a: Kyogre|slp|[from] move: Rest
|-heal|p2a: Kyogre|100/100 slp|[silent]
|
|-weather|PrimordialSea|[upkeep]
|upkeep
|turn|15
|c|☆Freeity|YESSSS
|c|☆Freeity|scald does 80% btw
|
|t:|1649433771
|cant|p2a: Kyogre|slp
|move|p2a: Kyogre|Sleep Talk|p2a: Kyogre
|move|p2a: Kyogre|Rest||[from]move: Sleep Talk|[still]
|-fail|p2a: Kyogre
|move|p1a: Quagsire|Curse|p1a: Quagsire
|-unboost|p1a: Quagsire|spe|1
|-boost|p1a: Quagsire|atk|1
|-boost|p1a: Quagsire|def|1
|
|-weather|PrimordialSea|[upkeep]
|upkeep
|turn|16
|c|☆Freeity|just so u know that u folded
|
|t:|1649433780
|switch|p1a: Shedinja|Shedinja|100/100
|cant|p2a: Kyogre|slp
|move|p2a: Kyogre|Sleep Talk|p2a: Kyogre
|move|p2a: Kyogre|Calm Mind|p2a: Kyogre|[from]move: Sleep Talk
|-boost|p2a: Kyogre|spa|1
|-boost|p2a: Kyogre|spd|1
|
|-weather|PrimordialSea|[upkeep]
|upkeep
|turn|17
|j| Noel0522
|
|t:|1649433797
|-curestatus|p2a: Kyogre|slp|[msg]
|move|p2a: Kyogre|Scald|p1a: Shedinja
|-immune|p1a: Shedinja|[from] ability: Wonder Guard
|move|p1a: Shedinja|Will-O-Wisp|p2a: Kyogre
|-status|p2a: Kyogre|brn
|
|-weather|PrimordialSea|[upkeep]
|-damage|p2a: Kyogre|94/100 brn|[from] brn
|upkeep
|turn|18
|
|t:|1649433809
|move|p2a: Kyogre|Scald|p1a: Shedinja
|-immune|p1a: Shedinja|[from] ability: Wonder Guard
|move|p1a: Shedinja|Baton Pass|p1a: Shedinja
|
|t:|1649433814
|switch|p1a: Zacian|Zacian-Crowned|21/100|[from]move: Baton Pass
|-ability|p1a: Zacian|Intrepid Sword|boost
|-boost|p1a: Zacian|atk|1
|
|-weather|PrimordialSea|[upkeep]
|-damage|p2a: Kyogre|88/100 brn|[from] brn
|upkeep
|turn|19
|
|t:|1649433823
|switch|p1a: Shedinja|Shedinja|100/100
|move|p2a: Kyogre|Rest|p2a: Kyogre
|-status|p2a: Kyogre|slp|[from] move: Rest
|-heal|p2a: Kyogre|100/100 slp|[silent]
|
|-weather|PrimordialSea|[upkeep]
|upkeep
|turn|20
|
|t:|1649433831
|cant|p2a: Kyogre|slp
|move|p2a: Kyogre|Sleep Talk|p2a: Kyogre
|move|p2a: Kyogre|Calm Mind|p2a: Kyogre|[from]move: Sleep Talk
|-boost|p2a: Kyogre|spa|1
|-boost|p2a: Kyogre|spd|1
|move|p1a: Shedinja|Baton Pass|p1a: Shedinja
|
|t:|1649433838
|switch|p1a: Quagsire|Quagsire, M|82/100|[from]move: Baton Pass
|
|-weather|PrimordialSea|[upkeep]
|upkeep
|turn|21
|
|t:|1649433844
|switch|p1a: Shedinja|Shedinja|100/100
|cant|p2a: Kyogre|slp
|move|p2a: Kyogre|Sleep Talk|p2a: Kyogre
|move|p2a: Kyogre|Scald|p1a: Shedinja|[from]move: Sleep Talk
|-immune|p1a: Shedinja|[from] ability: Wonder Guard
|
|-weather|PrimordialSea|[upkeep]
|upkeep
|turn|22
|
|t:|1649433854
|move|p1a: Shedinja|Endure|p1a: Shedinja
|-singleturn|p1a: Shedinja|move: Endure
|-curestatus|p2a: Kyogre|slp|[msg]
|move|p2a: Kyogre|Calm Mind|p2a: Kyogre
|-boost|p2a: Kyogre|spa|1
|-boost|p2a: Kyogre|spd|1
|
|-weather|PrimordialSea|[upkeep]
|upkeep
|turn|23
|
|t:|1649433861
|move|p1a: Shedinja|Endure|p1a: Shedinja
|-singleturn|p1a: Shedinja|move: Endure
|move|p2a: Kyogre|Calm Mind|p2a: Kyogre
|-boost|p2a: Kyogre|spa|1
|-boost|p2a: Kyogre|spd|1
|
|-weather|PrimordialSea|[upkeep]
|upkeep
|turn|24
|c|☆Freeity|wtf are you doing
|
|t:|1649433876
|move|p2a: Kyogre|Calm Mind|p2a: Kyogre
|-boost|p2a: Kyogre|spa|1
|-boost|p2a: Kyogre|spd|1
|move|p1a: Shedinja|Baton Pass|p1a: Shedinja
|
|t:|1649433881
|switch|p1a: Quagsire|Quagsire, M|82/100|[from]move: Baton Pass
|
|-weather|PrimordialSea|[upkeep]
|upkeep
|turn|25
|
|t:|1649433886
|switch|p1a: Shedinja|Shedinja|100/100
|move|p2a: Kyogre|Scald|p1a: Shedinja
|-immune|p1a: Shedinja|[from] ability: Wonder Guard
|
|-weather|PrimordialSea|[upkeep]
|upkeep
|turn|26
|
|t:|1649433894
|move|p2a: Kyogre|Calm Mind|p2a: Kyogre
|-boost|p2a: Kyogre|spa|1
|-boost|p2a: Kyogre|spd|1
|move|p1a: Shedinja|Baton Pass|p1a: Shedinja
|
|t:|1649433902
|switch|p1a: Quagsire|Quagsire, M|82/100|[from]move: Baton Pass
|
|-weather|PrimordialSea|[upkeep]
|upkeep
|turn|27
|
|t:|1649433909
|-weather|none
|switch|p2a: Necrozma|Necrozma-Dusk-Mane|74/100
|-damage|p2a: Necrozma|68/100|[from] Stealth Rock
|switch|p1a: Shedinja|Shedinja|100/100
|
|upkeep
|turn|28
|
|t:|1649433920
|switch|p1a: Quagsire|Quagsire, M|82/100
|move|p2a: Necrozma|Stealth Rock|p1a: Quagsire
|-sidestart|p1: Hoenn Militian|move: Stealth Rock
|
|upkeep
|turn|29
|c| AnswerzWasLast|wtf am I watching
|
|t:|1649433933
|switch|p2a: Kyogre|Kyogre-Primal|100/100
|-damage|p2a: Kyogre|88/100|[from] Stealth Rock
|-weather|PrimordialSea|[from] ability: Primordial Sea|[of] p2a: Kyogre
|move|p1a: Quagsire|Toxic|p2a: Kyogre
|-status|p2a: Kyogre|tox
|
|-weather|PrimordialSea|[upkeep]
|-damage|p2a: Kyogre|82/100 tox|[from] psn
|upkeep
|turn|30
|c| Noel0522|Good question
|
|t:|1649433943
|switch|p1a: Shedinja|Shedinja|100/100
|move|p2a: Kyogre|Calm Mind|p2a: Kyogre
|-boost|p2a: Kyogre|spa|1
|-boost|p2a: Kyogre|spd|1
|
|-weather|PrimordialSea|[upkeep]
|-damage|p2a: Kyogre|70/100 tox|[from] psn
|upkeep
|turn|31
|c|☆Freeity|well fuck.
|
|t:|1649433951
|move|p2a: Kyogre|Rest|p2a: Kyogre
|-status|p2a: Kyogre|slp|[from] move: Rest
|-heal|p2a: Kyogre|100/100 slp|[silent]
|move|p1a: Shedinja|Baton Pass|p1a: Shedinja
|
|t:|1649433957
|switch|p1a: Yveltal|Yveltal|100/100|[from]move: Baton Pass
|-ability|p1a: Yveltal|Dark Aura
|
|-weather|PrimordialSea|[upkeep]
|upkeep
|turn|32
|
|t:|1649433963
|switch|p1a: Shedinja|Shedinja|100/100
|cant|p2a: Kyogre|slp
|move|p2a: Kyogre|Sleep Talk|p2a: Kyogre
|move|p2a: Kyogre|Scald|p1a: Shedinja|[from]move: Sleep Talk
|-immune|p1a: Shedinja|[from] ability: Wonder Guard
|
|-weather|PrimordialSea|[upkeep]
|upkeep
|turn|33
|
|t:|1649433976
|-weather|none
|switch|p2a: Necrozma|Necrozma-Dusk-Mane|68/100
|-damage|p2a: Necrozma|62/100|[from] Stealth Rock
|move|p1a: Shedinja|Baton Pass|p1a: Shedinja
|
|t:|1649433984
|switch|p1a: Kyogre|Kyogre|100/100|[from]move: Baton Pass
|-damage|p1a: Kyogre|88/100|[from] Stealth Rock
|-weather|RainDance|[from] ability: Drizzle|[of] p1a: Kyogre
|
|-weather|RainDance|[upkeep]
|-heal|p1a: Kyogre|94/100|[from] item: Leftovers
|upkeep
|turn|34
|
|t:|1649434000
|switch|p2a: Arceus|Arceus-Dark|76/100
|-damage|p2a: Arceus|63/100|[from] Stealth Rock
|move|p1a: Kyogre|Water Spout|p2a: Arceus
|-damage|p2a: Arceus|4/100
|
|-weather|RainDance|[upkeep]
|-heal|p1a: Kyogre|99/100|[from] item: Leftovers
|upkeep
|turn|35
|
|t:|1649434015
|-start|p1a: Kyogre|Dynamax|
|-heal|p1a: Kyogre|99/100|[silent]
|move|p1a: Kyogre|Max Geyser|p2a: Arceus
|-damage|p2a: Arceus|0 fnt
|faint|p2a: Arceus
|
|-weather|RainDance|[upkeep]
|-heal|p1a: Kyogre|100/100|[from] item: Leftovers
|upkeep
|
|t:|1649434029
|switch|p2a: Kyogre|Kyogre-Primal|100/100 slp
|-damage|p2a: Kyogre|88/100 slp|[from] Stealth Rock
|-weather|PrimordialSea|[from] ability: Primordial Sea|[of] p2a: Kyogre
|turn|36
|
|t:|1649434038
|move|p1a: Kyogre|Max Lightning|p2a: Kyogre
|-supereffective|p2a: Kyogre
|-damage|p2a: Kyogre|23/100 slp
|-fieldstart|move: Electric Terrain
|cant|p2a: Kyogre|slp
|move|p2a: Kyogre|Sleep Talk|p2a: Kyogre
|move|p2a: Kyogre|Rest||[from]move: Sleep Talk|[still]
|-fail|p2a: Kyogre
|
|-weather|PrimordialSea|[upkeep]
|upkeep
|turn|37
|
|t:|1649434057
|move|p1a: Kyogre|Max Geyser|p2a: Kyogre
|-resisted|p2a: Kyogre
|-damage|p2a: Kyogre|0 fnt
|-weather|RainDance
|faint|p2a: Kyogre
|
|-weather|RainDance|[upkeep]
|-end|p1a: Kyogre|Dynamax
|-heal|p1a: Kyogre|100/100|[silent]
|upkeep
|
|t:|1649434063
|switch|p2a: Necrozma|Necrozma-Dusk-Mane|62/100
|-damage|p2a: Necrozma|56/100|[from] Stealth Rock
|turn|38
|
|t:|1649434073
|move|p1a: Kyogre|Water Spout|p2a: Necrozma
|-damage|p2a: Necrozma|0 fnt
|faint|p2a: Necrozma
|
|-weather|RainDance|[upkeep]
|upkeep
|
|t:|1649434076
|switch|p2a: Arceus|Arceus-Fairy|100/100
|-damage|p2a: Arceus|88/100|[from] Stealth Rock
|turn|39
|
|t:|1649434081
|move|p2a: Arceus|Judgment|p1a: Kyogre
|-damage|p1a: Kyogre|64/100
|move|p1a: Kyogre|Water Spout|p2a: Arceus
|-damage|p2a: Arceus|29/100
|
|-weather|RainDance|[upkeep]
|-heal|p1a: Kyogre|70/100|[from] item: Leftovers
|upkeep
|turn|40
|
|t:|1649434102
|move|p2a: Arceus|Recover|p2a: Arceus
|-heal|p2a: Arceus|79/100
|move|p1a: Kyogre|Surf|p2a: Arceus
|-damage|p2a: Arceus|27/100
|
|-weather|RainDance|[upkeep]
|-heal|p1a: Kyogre|76/100|[from] item: Leftovers
|-fieldend|move: Electric Terrain
|upkeep
|turn|41
|
|t:|1649434116
|move|p2a: Arceus|Judgment|p1a: Kyogre
|-damage|p1a: Kyogre|42/100
|move|p1a: Kyogre|Water Spout|p2a: Arceus
|-crit|p2a: Arceus
|-damage|p2a: Arceus|0 fnt
|faint|p2a: Arceus
|
|win|Hoenn Militian
|raw|Hoenn Militian's rating: 1662 &rarr; <strong>1693</strong><br />(+31 for winning)
|raw|Freeity's rating: 1871 &rarr; <strong>1840</strong><br />(-31 for losing)
|c|☆Hoenn Militian|gg
|l|☆Freeity
||Ladder isn't responding, score probably updated but might not have (Request timeout).
|l| Noel0522
