|j|☆dusknoir898
|j|☆ReactJS3
|t:|1649646671
|gametype|singles
|player|p1|dusknoir898|1|1674
|player|p2|ReactJS3|2|1899
|teamsize|p1|6
|teamsize|p2|6
|gen|8
|tier|[Gen 8] National Dex AG
|rated|
|rule|HP Percentage Mod: HP is shown in percentages
|rule|Endless Battle Clause: Forcing endless battles is banned
|clearpoke
|poke|p1|Thundurus, M|
|poke|p1|Rillaboom, F|
|poke|p1|Marshadow|
|poke|p1|Necrozma-Dusk-Mane|
|poke|p1|Arceus-*|
|poke|p1|Kyurem-White|
|poke|p2|Rayquaza|
|poke|p2|Zacian-*|
|poke|p2|Yveltal|
|poke|p2|Groudon|
|poke|p2|Ho-Oh|
|poke|p2|Ditto|
|teampreview
|j| CryoIthink
|inactive|Battle timer is ON: inactive players will automatically lose when time's up. (requested by dusknoir898)
|
|t:|1649646698
|start
|switch|p1a: Necrozma|Necrozma-Dusk-Mane|100/100
|switch|p2a: Ho-Oh|Ho-Oh|100/100
|turn|1
|
|t:|1649646703
|move|p2a: Ho-Oh|Sacred Fire|p1a: Necrozma
|-supereffective|p1a: Necrozma
|-damage|p1a: Necrozma|64/100
|-status|p1a: Necrozma|brn
|move|p1a: Necrozma|Stealth Rock|p2a: Ho-Oh
|-sidestart|p2: ReactJS3|move: Stealth Rock
|
|-damage|p1a: Necrozma|58/100 brn|[from] brn
|upkeep
|turn|2
|
|t:|1649646711
|move|p2a: Ho-Oh|Defog|p1a: Necrozma
|-unboost|p1a: Necrozma|evasion|1
|-sideend|p2: ReactJS3|Stealth Rock|[from] move: Defog|[of] p2a: Ho-Oh
|move|p1a: Necrozma|Morning Sun|p1a: Necrozma
|-heal|p1a: Necrozma|100/100 brn
|
|-damage|p1a: Necrozma|94/100 brn|[from] brn
|upkeep
|turn|3
|
|t:|1649646720
|switch|p2a: Groudon|Groudon|100/100
|detailschange|p2a: Groudon|Groudon-Primal
|-primal|p2a: Groudon
|-weather|DesolateLand|[from] ability: Desolate Land|[of] p2a: Groudon
|switch|p1a: Thundurus|Thundurus, M|100/100
|
|-weather|DesolateLand|[upkeep]
|upkeep
|turn|4
|
|t:|1649646727
|move|p1a: Thundurus|Taunt|p2a: Groudon
|-start|p2a: Groudon|move: Taunt
|cant|p2a: Groudon|move: Taunt|Stealth Rock
|
|-weather|DesolateLand|[upkeep]
|upkeep
|turn|5
|
|t:|1649646733
|move|p1a: Thundurus|U-turn|p2a: Groudon
|-resisted|p2a: Groudon
|-damage|p2a: Groudon|97/100
|
|t:|1649646745
|switch|p1a: Kyurem|Kyurem-White|100/100|[from]move: U-turn
|-ability|p1a: Kyurem|Turboblaze
|move|p2a: Groudon|Overheat|p1a: Kyurem
|-damage|p1a: Kyurem|18/100
|-unboost|p2a: Groudon|spa|2
|
|-weather|DesolateLand|[upkeep]
|upkeep
|turn|6
|
|t:|1649646754
|-weather|none
|switch|p2a: Ho-Oh|Ho-Oh|100/100
|move|p1a: Kyurem|Earth Power|p2a: Ho-Oh
|-immune|p2a: Ho-Oh
|
|upkeep
|turn|7
|
|t:|1649646760
|switch|p1a: Thundurus|Thundurus, M|100/100
|move|p2a: Ho-Oh|Sacred Fire|p1a: Thundurus
|-damage|p1a: Thundurus|60/100
|-enditem|p1a: Thundurus|Red Card|[of] p2a: Ho-Oh
|drag|p2a: Yveltal|Yveltal|100/100
|-ability|p2a: Yveltal|Dark Aura
|
|upkeep
|turn|8
|
|t:|1649646768
|move|p2a: Yveltal|Dark Pulse|p1a: Thundurus
|-damage|p1a: Thundurus|0 fnt
|faint|p1a: Thundurus
|-damage|p2a: Yveltal|91/100|[from] item: Life Orb
|
|upkeep
|
|t:|1649646775
|switch|p1a: Arceus|Arceus-Fairy|100/100
|turn|9
|
|t:|1649646778
|switch|p2a: Ho-Oh|Ho-Oh|100/100
|move|p1a: Arceus|Calm Mind|p1a: Arceus
|-boost|p1a: Arceus|spa|1
|-boost|p1a: Arceus|spd|1
|
|upkeep
|turn|10
|
|t:|1649646784
|move|p1a: Arceus|Judgment|p2a: Ho-Oh
|-resisted|p2a: Ho-Oh
|-damage|p2a: Ho-Oh|81/100
|move|p2a: Ho-Oh|Toxic|p1a: Arceus
|-status|p1a: Arceus|tox
|
|-damage|p1a: Arceus|94/100 tox|[from] psn
|upkeep
|turn|11
|
|t:|1649646794
|switch|p2a: Zacian|Zacian-Crowned|100/100
|-ability|p2a: Zacian|Intrepid Sword|boost
|-boost|p2a: Zacian|atk|1
|move|p1a: Arceus|Refresh|p1a: Arceus
|-curestatus|p1a: Arceus|tox|[msg]
|
|upkeep
|turn|12
|
|t:|1649646802
|switch|p1a: Necrozma|Necrozma-Dusk-Mane|94/100 brn
|move|p2a: Zacian|Behemoth Blade|p1a: Necrozma
|-resisted|p1a: Necrozma
|-damage|p1a: Necrozma|70/100 brn
|-damage|p2a: Zacian|84/100|[from] item: Rocky Helmet|[of] p1a: Necrozma
|
|-damage|p1a: Necrozma|64/100 brn|[from] brn
|upkeep
|turn|13
|
|t:|1649646811
|switch|p2a: Groudon|Groudon-Primal|97/100
|-weather|DesolateLand|[from] ability: Desolate Land|[of] p2a: Groudon
|move|p1a: Necrozma|Thunder Wave|p2a: Groudon
|-immune|p2a: Groudon
|
|-weather|DesolateLand|[upkeep]
|-damage|p1a: Necrozma|58/100 brn|[from] brn
|upkeep
|turn|14
|
|t:|1649646821
|switch|p1a: Kyurem|Kyurem-White|18/100
|-ability|p1a: Kyurem|Turboblaze
|move|p2a: Groudon|Overheat|p1a: Kyurem
|-damage|p1a: Kyurem|0 fnt
|-unboost|p2a: Groudon|spa|2
|faint|p1a: Kyurem
|
|-weather|DesolateLand|[upkeep]
|upkeep
|
|t:|1649646833
|switch|p1a: Necrozma|Necrozma-Dusk-Mane|58/100 brn
|turn|15
|
|t:|1649646837
|move|p2a: Groudon|Overheat|p1a: Necrozma
|-supereffective|p1a: Necrozma
|-damage|p1a: Necrozma|0 fnt
|-unboost|p2a: Groudon|spa|2
|faint|p1a: Necrozma
|
|-weather|DesolateLand|[upkeep]
|upkeep
|
|t:|1649646847
|switch|p1a: Marshadow|Marshadow|100/100
|turn|16
|
|t:|1649646851
|move|p1a: Marshadow|Bulk Up|p1a: Marshadow
|-boost|p1a: Marshadow|atk|1
|-boost|p1a: Marshadow|def|1
|move|p2a: Groudon|Toxic|p1a: Marshadow
|-status|p1a: Marshadow|tox
|
|-weather|DesolateLand|[upkeep]
|-damage|p1a: Marshadow|94/100 tox|[from] psn
|upkeep
|turn|17
|
|t:|1649646860
|move|p1a: Marshadow|Close Combat|p2a: Groudon
|-damage|p2a: Groudon|59/100
|-unboost|p1a: Marshadow|def|1
|-unboost|p1a: Marshadow|spd|1
|move|p2a: Groudon|Stealth Rock|p1a: Marshadow
|-sidestart|p1: dusknoir898|move: Stealth Rock
|
|-weather|DesolateLand|[upkeep]
|-damage|p1a: Marshadow|82/100 tox|[from] psn
|upkeep
|turn|18
|-message|dusknoir898 forfeited.
|
|win|ReactJS3
|raw|dusknoir898's rating: 1674 &rarr; <strong>1665</strong><br />(-9 for losing)
|raw|ReactJS3's rating: 1899 &rarr; <strong>1908</strong><br />(+9 for winning)
|l|☆dusknoir898
|c| CryoIthink|Gg
|c| CryoIthink|Nice team
||Ladder isn't responding, score probably updated but might not have (Request timeout).
