|j|☆niun
|j|☆CLEAR GEM清瑜
|t:|1664773015
|gametype|singles
|player|p1|niun|gentleman-gen4dp|1761
|player|p2|CLEAR GEM清瑜|skierf|1810
|teamsize|p1|6
|teamsize|p2|6
|gen|8
|tier|[Gen 8] National Dex AG
|rated|
|rule|HP Percentage Mod: HP is shown in percentages
|rule|Endless Battle Clause: Forcing endless battles is banned
|clearpoke
|poke|p1|Zygarde|
|poke|p1|Kyurem-White|
|poke|p1|Ho-Oh|
|poke|p1|Zacian-*|
|poke|p1|Necrozma-Dusk-Mane|
|poke|p1|Arceus-*|
|poke|p2|Rayquaza|
|poke|p2|Groudon|
|poke|p2|Necrozma-Dusk-Mane|
|poke|p2|Arceus-*|
|poke|p2|Zacian-*|
|poke|p2|Yveltal|
|teampreview
|inactive|Battle timer is ON: inactive players will automatically lose when time's up. (requested by niun)
|
|t:|1664773041
|start
|switch|p1a: Zacian|Zacian-Crowned|100/100
|switch|p2a: 不会(?)|Groudon|100/100
|-ability|p1a: Zacian|Intrepid Sword|boost
|-boost|p1a: Zacian|atk|1
|detailschange|p2a: 不会(?)|Groudon-Primal
|-primal|p2a: 不会(?)
|-weather|DesolateLand|[from] ability: Desolate Land|[of] p2a: 不会(?)
|turn|1
|
|t:|1664773051
|switch|p1a: Zygarde|Zygarde|100/100
|move|p2a: 不会(?)|Stealth Rock|p1a: Zygarde
|-sidestart|p1: niun|move: Stealth Rock
|
|-weather|DesolateLand|[upkeep]
|upkeep
|turn|2
|
|t:|1664773056
|move|p1a: Zygarde|Glare|p2a: 不会(?)
|-status|p2a: 不会(?)|par
|move|p2a: 不会(?)|Roar|p1a: Zygarde
|drag|p1a: Kyurem|Kyurem-White|100/100
|-damage|p1a: Kyurem|75/100|[from] Stealth Rock
|-ability|p1a: Kyurem|Turboblaze
|
|-weather|DesolateLand|[upkeep]
|upkeep
|turn|3
|
|t:|1664773065
|move|p1a: Kyurem|Ice Beam|p2a: 不会(?)
|-damage|p2a: 不会(?)|23/100 par
|move|p2a: 不会(?)|Roar|p1a: Kyurem
|drag|p1a: Zygarde|Zygarde|100/100
|-damage|p1a: Zygarde|94/100|[from] Stealth Rock
|
|-weather|DesolateLand|[upkeep]
|-heal|p1a: Zygarde|100/100|[from] item: Leftovers
|upkeep
|turn|4
|
|t:|1664773073
|move|p1a: Zygarde|Thousand Arrows|p2a: 不会(?)
|-supereffective|p2a: 不会(?)
|-damage|p2a: 不会(?)|0 fnt
|faint|p2a: 不会(?)
|-weather|none
|
|upkeep
|
|t:|1664773076
|switch|p2a: Y鸟|Yveltal|100/100
|-ability|p2a: Y鸟|Dark Aura
|turn|5
|
|t:|1664773081
|move|p1a: Zygarde|Glare|p2a: Y鸟
|-status|p2a: Y鸟|par
|move|p2a: Y鸟|Taunt|p1a: Zygarde
|-start|p1a: Zygarde|move: Taunt
|
|upkeep
|turn|6
|
|t:|1664773087
|switch|p1a: Ho-Oh|Ho-Oh|100/100
|move|p2a: Y鸟|Dark Pulse|p1a: Ho-Oh
|-damage|p1a: Ho-Oh|67/100
|-damage|p2a: Y鸟|91/100 par|[from] item: Life Orb
|
|upkeep
|turn|7
|
|t:|1664773095
|move|p1a: Ho-Oh|Defog|p2a: Y鸟
|-unboost|p2a: Y鸟|evasion|1
|-sideend|p1: niun|Stealth Rock|[from] move: Defog|[of] p1a: Ho-Oh
|move|p2a: Y鸟|Taunt|p1a: Ho-Oh
|-start|p1a: Ho-Oh|move: Taunt
|
|upkeep
|turn|8
|
|t:|1664773101
|switch|p1a: Arceus|Arceus-Dark|100/100
|move|p2a: Y鸟|Dark Pulse|p1a: Arceus
|-resisted|p1a: Arceus
|-damage|p1a: Arceus|79/100
|-damage|p2a: Y鸟|81/100 par|[from] item: Life Orb
|
|upkeep
|turn|9
|
|t:|1664773110
|move|p1a: Arceus|Snarl|p2a: Y鸟
|-resisted|p2a: Y鸟
|-damage|p2a: Y鸟|65/100 par
|-unboost|p2a: Y鸟|spa|1
|move|p2a: Y鸟|Taunt|p1a: Arceus
|-start|p1a: Arceus|move: Taunt
|
|upkeep
|turn|10
|
|t:|1664773118
|switch|p1a: Ho-Oh|Ho-Oh|99/100
|switch|p2a: 嘉然小姐的狗|Zacian-Crowned|100/100
|-ability|p2a: 嘉然小姐的狗|Intrepid Sword|boost
|-boost|p2a: 嘉然小姐的狗|atk|1
|
|upkeep
|turn|11
|
|t:|1664773125
|switch|p1a: Necrozma|Necrozma-Dusk-Mane|100/100
|move|p2a: 嘉然小姐的狗|Wild Charge|p1a: Necrozma
|-damage|p1a: Necrozma|69/100
|-damage|p2a: 嘉然小姐的狗|84/100|[from] item: Rocky Helmet|[of] p1a: Necrozma
|-damage|p2a: 嘉然小姐的狗|76/100|[from] Recoil
|
|upkeep
|turn|12
|
|t:|1664773132
|switch|p2a: 钢铁之躯|Necrozma-Dusk-Mane|100/100
|move|p1a: Necrozma|Moonlight|p1a: Necrozma
|-heal|p1a: Necrozma|100/100
|
|upkeep
|turn|13
|
|t:|1664773138
|switch|p1a: Zygarde|Zygarde|100/100
|move|p2a: 钢铁之躯|Dragon Dance|p2a: 钢铁之躯
|-boost|p2a: 钢铁之躯|atk|1
|-boost|p2a: 钢铁之躯|spe|1
|
|upkeep
|turn|14
|
|t:|1664773145
|detailschange|p2a: 钢铁之躯|Necrozma-Ultra
|-burst|p2a: 钢铁之躯|Necrozma|Ultranecrozium Z
|move|p2a: 钢铁之躯|Photon Geyser|p1a: Zygarde
|-damage|p1a: Zygarde|31/100
|move|p1a: Zygarde|Glare|p2a: 钢铁之躯
|-status|p2a: 钢铁之躯|par
|
|-heal|p1a: Zygarde|37/100|[from] item: Leftovers
|-activate|p1a: Zygarde|ability: Power Construct
|detailschange|p1a: Zygarde|Zygarde-Complete
|-heal|p1a: Zygarde|59/100|[silent]
|upkeep
|turn|15
|
|t:|1664773160
|move|p1a: Zygarde|Substitute|p1a: Zygarde
|-start|p1a: Zygarde|Substitute
|-damage|p1a: Zygarde|34/100
|cant|p2a: 钢铁之躯|par
|
|-heal|p1a: Zygarde|40/100|[from] item: Leftovers
|upkeep
|turn|16
|
|t:|1664773167
|move|p1a: Zygarde|Thousand Arrows|p2a: 钢铁之躯
|-damage|p2a: 钢铁之躯|72/100 par
|move|p2a: 钢铁之躯|Photon Geyser|p1a: Zygarde
|-end|p1a: Zygarde|Substitute
|
|-heal|p1a: Zygarde|46/100|[from] item: Leftovers
|upkeep
|turn|17
|
|t:|1664773184
|switch|p1a: Zacian|Zacian-Crowned|100/100
|-ability|p1a: Zacian|Intrepid Sword|boost
|-boost|p1a: Zacian|atk|1
|move|p2a: 钢铁之躯|Photon Geyser|p1a: Zacian
|-resisted|p1a: Zacian
|-damage|p1a: Zacian|59/100
|
|upkeep
|turn|18
|
|t:|1664773193
|move|p1a: Zacian|Behemoth Blade|p2a: 钢铁之躯
|-damage|p2a: 钢铁之躯|0 fnt
|faint|p2a: 钢铁之躯
|
|upkeep
|
|t:|1664773196
|switch|p2a: 老烈|Rayquaza, shiny|100/100
|-ability|p2a: 老烈|Air Lock
|turn|19
|
|t:|1664773200
|detailschange|p2a: 老烈|Rayquaza-Mega, shiny
|-mega|p2a: 老烈|Rayquaza|
|-weather|DeltaStream|[from] ability: Delta Stream|[of] p2a: 老烈
|move|p1a: Zacian|Behemoth Blade|p2a: 老烈
|-damage|p2a: 老烈|8/100
|move|p2a: 老烈|Dragon Dance|p2a: 老烈
|-boost|p2a: 老烈|atk|1
|-boost|p2a: 老烈|spe|1
|
|-weather|DeltaStream|[upkeep]
|upkeep
|turn|20
|
|t:|1664773209
|move|p2a: 老烈|Earthquake|p1a: Zacian
|-supereffective|p1a: Zacian
|-crit|p1a: Zacian
|-damage|p1a: Zacian|0 fnt
|faint|p1a: Zacian
|
|-weather|DeltaStream|[upkeep]
|upkeep
|
|t:|1664773220
|switch|p1a: Necrozma|Necrozma-Dusk-Mane|100/100
|turn|21
|
|t:|1664773223
|-start|p1a: Necrozma|Dynamax|
|-heal|p1a: Necrozma|100/100|[silent]
|move|p2a: 老烈|Earthquake|p1a: Necrozma
|-supereffective|p1a: Necrozma
|-damage|p1a: Necrozma|69/100
|move|p1a: Necrozma|Max Steelspike|p2a: 老烈
|-damage|p2a: 老烈|0 fnt
|-boost|p1a: Necrozma|def|1
|faint|p2a: 老烈
|-weather|none
|
|upkeep
|
|t:|1664773227
|switch|p2a: Y鸟|Yveltal|65/100 par
|-ability|p2a: Y鸟|Dark Aura
|turn|22
|
|t:|1664773237
|-end|p1a: Necrozma|Dynamax
|-heal|p1a: Necrozma|70/100|[silent]
|switch|p1a: Arceus|Arceus-Dark|79/100
|move|p2a: Y鸟|Dark Pulse|p1a: Arceus
|-resisted|p1a: Arceus
|-damage|p1a: Arceus|58/100
|-damage|p2a: Y鸟|55/100 par|[from] item: Life Orb
|
|upkeep
|turn|23
|
|t:|1664773247
|switch|p2a: 嘉然小姐的狗|Zacian-Crowned|76/100
|-ability|p2a: 嘉然小姐的狗|Intrepid Sword|boost
|-boost|p2a: 嘉然小姐的狗|atk|1
|move|p1a: Arceus|Snarl|p2a: 嘉然小姐的狗
|-resisted|p2a: 嘉然小姐的狗
|-damage|p2a: 嘉然小姐的狗|66/100
|-unboost|p2a: 嘉然小姐的狗|spa|1
|
|upkeep
|turn|24
|
|t:|1664773258
|switch|p2a: 悬空羊驼|Arceus-Flying|100/100
|switch|p1a: Zygarde|Zygarde-Complete|46/100
|
|-heal|p1a: Zygarde|52/100|[from] item: Leftovers
|upkeep
|turn|25
|
|t:|1664773264
|-start|p2a: 悬空羊驼|Dynamax|
|-heal|p2a: 悬空羊驼|100/100|[silent]
|move|p2a: 悬空羊驼|Max Airstream|p1a: Zygarde
|-damage|p1a: Zygarde|3/100
|-boost|p2a: 悬空羊驼|spe|1
|move|p1a: Zygarde|Glare|p2a: 悬空羊驼
|-status|p2a: 悬空羊驼|par
|
|-heal|p1a: Zygarde|9/100|[from] item: Leftovers
|upkeep
|turn|26
|
|t:|1664773276
|move|p1a: Zygarde|Thousand Arrows|p2a: 悬空羊驼
|-damage|p2a: 悬空羊驼|89/100 par
|-start|p2a: 悬空羊驼|Smack Down
|move|p2a: 悬空羊驼|Max Airstream|p1a: Zygarde
|-damage|p1a: Zygarde|0 fnt
|-boost|p2a: 悬空羊驼|spe|1
|faint|p1a: Zygarde
|
|upkeep
|
|t:|1664773291
|switch|p1a: Arceus|Arceus-Dark|58/100
|turn|27
|
|t:|1664773302
|switch|p1a: Ho-Oh|Ho-Oh|100/100
|move|p2a: 悬空羊驼|Max Airstream|p1a: Ho-Oh
|-damage|p1a: Ho-Oh|65/100
|-boost|p2a: 悬空羊驼|spe|1
|
|upkeep
|-end|p2a: 悬空羊驼|Dynamax
|-heal|p2a: 悬空羊驼|89/100 par|[silent]
|turn|28
|
|t:|1664773311
|cant|p2a: 悬空羊驼|par
|move|p1a: Ho-Oh|Whirlwind|p2a: 悬空羊驼
|drag|p2a: 嘉然小姐的狗|Zacian-Crowned|66/100
|-ability|p2a: 嘉然小姐的狗|Intrepid Sword|boost
|-boost|p2a: 嘉然小姐的狗|atk|1
|
|upkeep
|turn|29
|
|t:|1664773319
|switch|p1a: Necrozma|Necrozma-Dusk-Mane|70/100
|move|p2a: 嘉然小姐的狗|Close Combat|p1a: Necrozma
|-damage|p1a: Necrozma|32/100
|-unboost|p2a: 嘉然小姐的狗|def|1
|-unboost|p2a: 嘉然小姐的狗|spd|1
|-damage|p2a: 嘉然小姐的狗|50/100|[from] item: Rocky Helmet|[of] p1a: Necrozma
|
|upkeep
|turn|30
|
|t:|1664773327
|move|p2a: 嘉然小姐的狗|Close Combat|p1a: Necrozma
|-damage|p1a: Necrozma|0 fnt
|-unboost|p2a: 嘉然小姐的狗|def|1
|-unboost|p2a: 嘉然小姐的狗|spd|1
|-damage|p2a: 嘉然小姐的狗|33/100|[from] item: Rocky Helmet|[of] p1a: Necrozma
|faint|p1a: Necrozma
|
|upkeep
|
|t:|1664773334
|switch|p1a: Ho-Oh|Ho-Oh|98/100
|turn|31
|
|t:|1664773338
|switch|p2a: Y鸟|Yveltal|55/100 par
|-ability|p2a: Y鸟|Dark Aura
|move|p1a: Ho-Oh|Sacred Fire|p2a: Y鸟
|-damage|p2a: Y鸟|18/100 par
|
|upkeep
|turn|32
|
|t:|1664773346
|switch|p1a: Arceus|Arceus-Dark|58/100
|move|p2a: Y鸟|Dark Pulse|p1a: Arceus
|-resisted|p1a: Arceus
|-damage|p1a: Arceus|35/100
|-damage|p2a: Y鸟|8/100 par|[from] item: Life Orb
|
|upkeep
|turn|33
|
|t:|1664773354
|move|p1a: Arceus|Recover|p1a: Arceus
|-heal|p1a: Arceus|85/100
|move|p2a: Y鸟|Taunt|p1a: Arceus
|-start|p1a: Arceus|move: Taunt
|
|upkeep
|turn|34
|
|t:|1664773360
|move|p1a: Arceus|Snarl|p2a: Y鸟
|-resisted|p2a: Y鸟
|-damage|p2a: Y鸟|0 fnt
|faint|p2a: Y鸟
|
|upkeep
|
|t:|1664773362
|switch|p2a: 嘉然小姐的狗|Zacian-Crowned|33/100
|-ability|p2a: 嘉然小姐的狗|Intrepid Sword|boost
|-boost|p2a: 嘉然小姐的狗|atk|1
|turn|35
|
|t:|1664773367
|move|p2a: 嘉然小姐的狗|Close Combat|p1a: Arceus
|-supereffective|p1a: Arceus
|-damage|p1a: Arceus|0 fnt
|-unboost|p2a: 嘉然小姐的狗|def|1
|-unboost|p2a: 嘉然小姐的狗|spd|1
|faint|p1a: Arceus
|
|upkeep
|
|t:|1664773373
|switch|p1a: Ho-Oh|Ho-Oh|100/100
|turn|36
|
|t:|1664773378
|switch|p2a: 悬空羊驼|Arceus-Flying|89/100 par
|move|p1a: Ho-Oh|Sacred Fire|p2a: 悬空羊驼
|-damage|p2a: 悬空羊驼|59/100 par
|
|upkeep
|turn|37
|
|t:|1664773384
|switch|p1a: Kyurem|Kyurem-White|75/100
|-ability|p1a: Kyurem|Turboblaze
|cant|p2a: 悬空羊驼|par
|
|upkeep
|turn|38
|
|t:|1664773390
|move|p1a: Kyurem|Ice Beam|p2a: 悬空羊驼
|-supereffective|p2a: 悬空羊驼
|-damage|p2a: 悬空羊驼|0 fnt
|faint|p2a: 悬空羊驼
|
|upkeep
|
|t:|1664773392
|switch|p2a: 嘉然小姐的狗|Zacian-Crowned|33/100
|-ability|p2a: 嘉然小姐的狗|Intrepid Sword|boost
|-boost|p2a: 嘉然小姐的狗|atk|1
|turn|39
|
|t:|1664773396
|move|p2a: 嘉然小姐的狗|Behemoth Blade|p1a: Kyurem
|-supereffective|p1a: Kyurem
|-damage|p1a: Kyurem|0 fnt
|faint|p1a: Kyurem
|
|upkeep
|
|t:|1664773401
|switch|p1a: Ho-Oh|Ho-Oh|100/100
|turn|40
|
|t:|1664773404
|move|p2a: 嘉然小姐的狗|Wild Charge|p1a: Ho-Oh
|-supereffective|p1a: Ho-Oh
|-damage|p1a: Ho-Oh|0 fnt
|faint|p1a: Ho-Oh
|-damage|p2a: 嘉然小姐的狗|7/100|[from] Recoil
|
|win|CLEAR GEM清瑜
|raw|niun's rating: 1761 &rarr; <strong>1744</strong><br />(-17 for losing)
|raw|CLEAR GEM清瑜's rating: 1810 &rarr; <strong>1827</strong><br />(+17 for winning)
|l|☆niun
