|j|☆1WeedBeard
|j|‽Michel Fonseca RJ
|inactive|Battle timer is ON: inactive players will automatically lose when time's up.
|t:|1603237823
|player|p1|1WeedBeard|zinzolin|
|player|p2|Michel Fonseca RJ|101|
|teamsize|p1|6
|teamsize|p2|6
|gametype|singles
|gen|8
|tier|[Gen 8] National Dex AG
|rated|Tournament battle
|clearpoke
|poke|p1|Zacian-Crowned|
|poke|p1|Tyranitar, F|
|poke|p1|Arceus-*|
|poke|p1|Smeargle, F|
|poke|p1|Groudon|
|poke|p1|Ditto|
|poke|p2|Zacian-Crowned|
|poke|p2|Yveltal|
|poke|p2|Groudon|
|poke|p2|Ho-Oh|
|poke|p2|Necrozma-Dusk-Mane|
|poke|p2|Arceus-*|
|rule|HP Percentage Mod: HP is shown in percentages
|rule|Endless Battle Clause: Forcing endless battles is banned
|teampreview
|
|t:|1603237845
|start
|switch|p1a: Smeargle|Smeargle, F|100/100
|switch|p2a: Yveltal|Yveltal|100/100
|-ability|p2a: Yveltal|Dark Aura
|turn|1
|j| EdgySW
|c| EdgySW|1WeedBeard
|
|t:|1603237866
|switch|p1a: Groudon|Groudon|100/100
|detailschange|p1a: Groudon|Groudon-Primal
|-primal|p1a: Groudon
|-weather|DesolateLand|[from] ability: Desolate Land|[of] p1a: Groudon
|move|p2a: Yveltal|U-turn|p1a: Groudon
|-resisted|p1a: Groudon
|-damage|p1a: Groudon|90/100
|c| EdgySW|Confio irmão
|c| EdgySW|:v
|
|t:|1603237876
|switch|p2a: Arceus|Arceus-Ground|100/100|[from]move: U-turn
|
|-weather|DesolateLand|[upkeep]
|upkeep
|turn|2
|c|☆1WeedBeard|essa eu ja perdi...mas vlw kkkk
|
|t:|1603237891
|move|p2a: Arceus|Judgment|p1a: Groudon
|-supereffective|p1a: Groudon
|-damage|p1a: Groudon|18/100
|move|p1a: Groudon|Precipice Blades|p2a: Arceus
|-damage|p2a: Arceus|60/100
|
|-weather|DesolateLand|[upkeep]
|upkeep
|turn|3
|j| flacio
|j| Bunda Gorda
|
|t:|1603237914
|move|p2a: Arceus|Judgment|p1a: Groudon
|-supereffective|p1a: Groudon
|-damage|p1a: Groudon|0 fnt
|faint|p1a: Groudon
|-weather|none
|
|upkeep
|c| flacio|batalha épica
|c| EdgySW|Se esse dusk mane for weakness policy com dragon dance
|c| EdgySW|Ferrou
|
|t:|1603237922
|switch|p1a: Smeargle|Smeargle, F|100/100
|turn|4
|
|t:|1603237927
|move|p2a: Arceus|Judgment|p1a: Smeargle
|-crit|p1a: Smeargle
|-enditem|p1a: Smeargle|Focus Sash
|-damage|p1a: Smeargle|1/100
|move|p1a: Smeargle|Spore|p2a: Arceus
|-status|p2a: Arceus|slp|[from] move: Spore
|
|-ability|p1a: Smeargle|Moody|boost
|-boost|p1a: Smeargle|spd|2
|-unboost|p1a: Smeargle|spe|1
|upkeep
|turn|5
|
|t:|1603237934
|cant|p2a: Arceus|slp
|move|p1a: Smeargle|Sticky Web|p2a: Arceus
|-sidestart|p2: Michel Fonseca RJ|move: Sticky Web
|
|-ability|p1a: Smeargle|Moody|boost
|-boost|p1a: Smeargle|atk|2
|-unboost|p1a: Smeargle|spd|1
|upkeep
|turn|6
|
|t:|1603237939
|switch|p2a: Ho-Oh|Ho-Oh|100/100
|move|p1a: Smeargle|Shell Smash|p1a: Smeargle
|-unboost|p1a: Smeargle|def|1
|-unboost|p1a: Smeargle|spd|1
|-boost|p1a: Smeargle|atk|2
|-boost|p1a: Smeargle|spa|2
|-boost|p1a: Smeargle|spe|2
|
|-ability|p1a: Smeargle|Moody|boost
|-boost|p1a: Smeargle|atk|2
|-unboost|p1a: Smeargle|spe|1
|upkeep
|turn|7
|
|t:|1603237945
|move|p1a: Smeargle|Spore|p2a: Ho-Oh
|-status|p2a: Ho-Oh|slp|[from] move: Spore
|cant|p2a: Ho-Oh|slp
|
|-ability|p1a: Smeargle|Moody|boost
|-boost|p1a: Smeargle|def|2
|-unboost|p1a: Smeargle|spa|1
|upkeep
|turn|8
|
|t:|1603237959
|move|p1a: Smeargle|Shell Smash|p1a: Smeargle
|-unboost|p1a: Smeargle|def|1
|-unboost|p1a: Smeargle|spd|1
|-boost|p1a: Smeargle|atk|0
|-boost|p1a: Smeargle|spa|2
|-boost|p1a: Smeargle|spe|2
|-curestatus|p2a: Ho-Oh|slp|[msg]
|move|p2a: Ho-Oh|Defog|p1a: Smeargle
|-unboost|p1a: Smeargle|evasion|1
|-sideend|p2: Michel Fonseca RJ|Sticky Web|[from] move: Defog|[of] p2a: Ho-Oh
|
|-ability|p1a: Smeargle|Moody|boost
|-boost|p1a: Smeargle|def|2
|-unboost|p1a: Smeargle|spe|1
|upkeep
|turn|9
|
|t:|1603237969
|move|p1a: Smeargle|Spore|p2a: Ho-Oh
|-status|p2a: Ho-Oh|slp|[from] move: Spore
|cant|p2a: Ho-Oh|slp
|
|-ability|p1a: Smeargle|Moody|boost
|-boost|p1a: Smeargle|spd|2
|-unboost|p1a: Smeargle|spe|1
|upkeep
|turn|10
|c| EdgySW|QUE
|
|t:|1603237979
|move|p1a: Smeargle|Sticky Web|p2a: Ho-Oh
|-sidestart|p2: Michel Fonseca RJ|move: Sticky Web
|cant|p2a: Ho-Oh|slp
|
|-ability|p1a: Smeargle|Moody|boost
|-boost|p1a: Smeargle|def|2
|-unboost|p1a: Smeargle|atk|1
|upkeep
|turn|11
|j| minelol12
|
|t:|1603237994
|move|p1a: Smeargle|Shell Smash|p1a: Smeargle
|-unboost|p1a: Smeargle|def|1
|-unboost|p1a: Smeargle|spd|1
|-boost|p1a: Smeargle|atk|1
|-boost|p1a: Smeargle|spa|2
|-boost|p1a: Smeargle|spe|2
|cant|p2a: Ho-Oh|slp
|
|-ability|p1a: Smeargle|Moody|boost
|-boost|p1a: Smeargle|spe|2
|-unboost|p1a: Smeargle|spd|1
|upkeep
|turn|12
|
|t:|1603238002
|move|p1a: Smeargle|Baton Pass|p1a: Smeargle
|
|t:|1603238018
|switch|p1a: Arceus-Normal|Arceus-Ghost|100/100|[from]move: Baton Pass
|-curestatus|p2a: Ho-Oh|slp|[msg]
|move|p2a: Ho-Oh|Sacred Fire|p1a: Arceus-Normal
|-damage|p1a: Arceus-Normal|88/100
|
|upkeep
|turn|13
|c| flacio|como que funciona moody mesmo??
|c| EdgySW|Usa /dt moody
|c|☆1WeedBeard|sobe 2 stats cai um aleatório
|
|t:|1603238047
|-start|p1a: Arceus-Normal|Dynamax
|-heal|p1a: Arceus-Normal|88/100|[silent]
|move|p1a: Arceus-Normal|Max Phantasm|p2a: Ho-Oh
|-damage|p2a: Ho-Oh|0 fnt
|faint|p2a: Ho-Oh
|
|upkeep
|
|t:|1603238051
|switch|p2a: Arceus|Arceus-Ground|60/100 slp
|-activate|p2a: Arceus|move: Sticky Web
|-unboost|p2a: Arceus|spe|1
|turn|14
|c| flacio|ata
|
|t:|1603238057
|move|p1a: Arceus-Normal|Max Phantasm|p2a: Arceus
|-damage|p2a: Arceus|0 fnt
|faint|p2a: Arceus
|
|upkeep
|
|t:|1603238068
|switch|p2a: Necrozma|Necrozma-Dusk-Mane|100/100
|-activate|p2a: Necrozma|move: Sticky Web
|-unboost|p2a: Necrozma|spe|1
|turn|15
|
|t:|1603238071
|move|p1a: Arceus-Normal|Max Phantasm|p2a: Necrozma
|-supereffective|p2a: Necrozma
|-damage|p2a: Necrozma|0 fnt
|faint|p2a: Necrozma
|
|-end|p1a: Arceus-Normal|Dynamax
|-heal|p1a: Arceus-Normal|88/100|[silent]
|upkeep
|
|t:|1603238073
|switch|p2a: Yveltal|Yveltal|100/100
|-ability|p2a: Yveltal|Dark Aura
|turn|16
|
|t:|1603238081
|move|p1a: Arceus-Normal|Shadow Force||[still]
|-prepare|p1a: Arceus-Normal|Shadow Force
|move|p2a: Yveltal|Foul Play|p1a: Arceus-Normal|[miss]
|-miss|p2a: Yveltal|p1a: Arceus-Normal
|
|upkeep
|turn|17
|
|t:|1603238085
|move|p1a: Arceus-Normal|Shadow Force|p2a: Yveltal|[from]lockedmove
|-resisted|p2a: Yveltal
|-damage|p2a: Yveltal|0 fnt
|faint|p2a: Yveltal
|
|upkeep
|l|‽Michel Fonseca RJ
|inactive|Michel Fonseca RJ disconnected and has a minute to reconnect!
|player|p2|
|c| EdgySW|Wow
|c|☆1WeedBeard|=(
|c| EdgySW|Noice
|c|☆1WeedBeard|tilto
|c| EdgySW|Pq ele deu defog kkk
|inactive|Michel Fonseca RJ has 30 seconds to reconnect!
|inactive|Michel Fonseca RJ has 20 seconds to reconnect!
|inactive|Michel Fonseca RJ has 15 seconds to reconnect!
|c|☆1WeedBeard|eu sabia q ele ia defogar...é por causa do zacian
|inactive|Michel Fonseca RJ has 10 seconds to reconnect!
|j| Batata❤plays★
|inactive|Michel Fonseca RJ has 5 seconds to reconnect!
|-message|Michel Fonseca RJ lost due to inactivity.
|
|win|1WeedBeard
|l|☆1WeedBeard
|l| EdgySW
|l| Bunda Gorda
|l| flacio
