|j|☆JedTheHumanoid
|j|☆AaravS12
|t:|1653974979
|gametype|singles
|player|p1|JedTheHumanoid|tuber-gen3|1748
|player|p2|AaravS12|265|1625
|teamsize|p1|6
|teamsize|p2|6
|gen|8
|tier|[Gen 8] National Dex AG
|rated|
|rule|HP Percentage Mod: HP is shown in percentages
|rule|Endless Battle Clause: Forcing endless battles is banned
|clearpoke
|poke|p1|Arceus-*|
|poke|p1|Rayquaza|
|poke|p1|Calyrex-Shadow|
|poke|p1|Yveltal|
|poke|p1|Groudon|
|poke|p1|Marshadow|
|poke|p2|Necrozma-Dusk-Mane|
|poke|p2|Zacian-*|
|poke|p2|Rayquaza|
|poke|p2|Groudon|
|poke|p2|Yveltal|
|poke|p2|Ditto|
|teampreview
|
|t:|1653974993
|start
|switch|p1a: Jeffrey|Rayquaza|100/100
|switch|p2a: Groudon|Groudon|100/100
|-ability|p1a: Jeffrey|Air Lock
|detailschange|p2a: Groudon|Groudon-Primal
|-primal|p2a: Groudon
|-weather|DesolateLand|[from] ability: Desolate Land|[of] p2a: Groudon
|turn|1
|inactive|Battle timer is ON: inactive players will automatically lose when time's up. (requested by AaravS12)
|
|t:|1653975004
|detailschange|p1a: Jeffrey|Rayquaza-Mega
|-mega|p1a: Jeffrey|Rayquaza|
|-weather|DeltaStream|[from] ability: Delta Stream|[of] p1a: Jeffrey
|move|p1a: Jeffrey|Surf|p2a: Groudon
|-supereffective|p2a: Groudon
|-damage|p2a: Groudon|0 fnt
|faint|p2a: Groudon
|-damage|p1a: Jeffrey|91/100|[from] item: Life Orb
|
|-weather|DeltaStream|[upkeep]
|upkeep
|
|t:|1653975018
|switch|p2a: Zacian|Zacian-Crowned|100/100
|-ability|p2a: Zacian|Intrepid Sword|boost
|-boost|p2a: Zacian|atk|1
|turn|2
|
|t:|1653975025
|move|p2a: Zacian|Behemoth Blade|p1a: Jeffrey
|-damage|p1a: Jeffrey|9/100
|move|p1a: Jeffrey|Dragon Ascent|p2a: Zacian
|-resisted|p2a: Zacian
|-damage|p2a: Zacian|52/100
|-unboost|p1a: Jeffrey|def|1
|-unboost|p1a: Jeffrey|spd|1
|-damage|p1a: Jeffrey|0 fnt|[from] item: Life Orb
|faint|p1a: Jeffrey
|-weather|none
|
|upkeep
|
|t:|1653975029
|switch|p1a: Groudon|Groudon|100/100
|detailschange|p1a: Groudon|Groudon-Primal
|-primal|p1a: Groudon
|-weather|DesolateLand|[from] ability: Desolate Land|[of] p1a: Groudon
|turn|3
|
|t:|1653975046
|switch|p2a: Rayquaza|Rayquaza|100/100
|-ability|p2a: Rayquaza|Air Lock
|move|p1a: Groudon|Stealth Rock|p2a: Rayquaza
|-sidestart|p2: AaravS12|move: Stealth Rock
|
|-weather|DesolateLand|[upkeep]
|upkeep
|turn|4
|
|t:|1653975059
|detailschange|p2a: Rayquaza|Rayquaza-Mega
|-mega|p2a: Rayquaza|Rayquaza|
|-weather|DeltaStream|[from] ability: Delta Stream|[of] p2a: Rayquaza
|move|p2a: Rayquaza|Earthquake|p1a: Groudon
|-supereffective|p1a: Groudon
|-damage|p1a: Groudon|51/100
|move|p1a: Groudon|Rock Tomb|p2a: Rayquaza
|-activate||deltastream
|-damage|p2a: Rayquaza|77/100
|-unboost|p2a: Rayquaza|spe|1
|
|-weather|DeltaStream|[upkeep]
|upkeep
|turn|5
|
|t:|1653975071
|move|p1a: Groudon|Rock Tomb|p2a: Rayquaza|[miss]
|-miss|p1a: Groudon|p2a: Rayquaza
|move|p2a: Rayquaza|Dragon Dance|p2a: Rayquaza
|-boost|p2a: Rayquaza|atk|1
|-boost|p2a: Rayquaza|spe|1
|
|-weather|DeltaStream|[upkeep]
|upkeep
|turn|6
|
|t:|1653975080
|move|p2a: Rayquaza|Earthquake|p1a: Groudon
|-supereffective|p1a: Groudon
|-damage|p1a: Groudon|0 fnt
|faint|p1a: Groudon
|
|-weather|DeltaStream|[upkeep]
|upkeep
|
|t:|1653975085
|switch|p1a: Marshadow|Marshadow|100/100
|turn|7
|
|t:|1653975098
|move|p1a: Marshadow|Spectral Thief||[still]
|-clearpositiveboost|p2a: Rayquaza|p1a: Marshadow|move: Spectral Thief
|-boost|p1a: Marshadow|atk|1
|-anim|p1a: Marshadow|Spectral Thief|p2a: Rayquaza
|-damage|p2a: Rayquaza|6/100
|move|p2a: Rayquaza|Dragon Ascent|p1a: Marshadow
|-supereffective|p1a: Marshadow
|-enditem|p1a: Marshadow|Focus Sash
|-damage|p1a: Marshadow|1/100
|-unboost|p2a: Rayquaza|def|1
|-unboost|p2a: Rayquaza|spd|1
|
|-weather|DeltaStream|[upkeep]
|upkeep
|turn|8
|
|t:|1653975117
|-weather|none
|switch|p2a: Yveltal|Yveltal|100/100
|-damage|p2a: Yveltal|76/100|[from] Stealth Rock
|-ability|p2a: Yveltal|Dark Aura
|move|p1a: Marshadow|Shadow Sneak|p2a: Yveltal
|-resisted|p2a: Yveltal
|-damage|p2a: Yveltal|57/100
|
|upkeep
|turn|9
|
|t:|1653975132
|move|p1a: Marshadow|Close Combat|p2a: Yveltal
|-damage|p2a: Yveltal|0 fnt
|-unboost|p1a: Marshadow|def|1
|-unboost|p1a: Marshadow|spd|1
|faint|p2a: Yveltal
|
|upkeep
|
|t:|1653975146
|switch|p2a: Zacian|Zacian-Crowned|52/100
|-damage|p2a: Zacian|46/100|[from] Stealth Rock
|-ability|p2a: Zacian|Intrepid Sword|boost
|-boost|p2a: Zacian|atk|1
|turn|10
|
|t:|1653975154
|move|p1a: Marshadow|Shadow Sneak|p2a: Zacian
|-damage|p2a: Zacian|4/100
|move|p2a: Zacian|Behemoth Blade|p1a: Marshadow
|-damage|p1a: Marshadow|0 fnt
|faint|p1a: Marshadow
|
|upkeep
|
|t:|1653975162
|switch|p1a: Calyrex|Calyrex-Shadow|100/100
|-ability|p1a: Calyrex|As One
|-ability|p1a: Calyrex|Unnerve
|turn|11
|
|t:|1653975171
|move|p1a: Calyrex|Astral Barrage|p2a: Zacian
|-damage|p2a: Zacian|0 fnt
|faint|p2a: Zacian
|-ability|p1a: Calyrex|Grim Neigh|boost
|-boost|p1a: Calyrex|spa|1
|
|upkeep
|
|t:|1653975181
|switch|p2a: Ditto|Ditto|100/100
|-damage|p2a: Ditto|88/100|[from] Stealth Rock
|-transform|p2a: Ditto|p1a: Calyrex|[from] ability: Imposter
|turn|12
|
|t:|1653975192
|switch|p1a: Yveltal|Yveltal|100/100
|-ability|p1a: Yveltal|Dark Aura
|move|p2a: Ditto|Astral Barrage|p1a: Yveltal
|-resisted|p1a: Yveltal
|-damage|p1a: Yveltal|69/100
|
|upkeep
|turn|13
|
|t:|1653975207
|switch|p2a: Rayquaza|Rayquaza-Mega|6/100
|-damage|p2a: Rayquaza|0 fnt|[from] Stealth Rock
|faint|p2a: Rayquaza
|move|p1a: Yveltal|Knock Off|p2: Rayquaza|[notarget]
|-fail|p1a: Yveltal
|
|upkeep
|
|t:|1653975215
|switch|p2a: Necrozma|Necrozma-Dusk-Mane|100/100
|-damage|p2a: Necrozma|94/100|[from] Stealth Rock
|turn|14
|
|t:|1653975220
|move|p1a: Yveltal|Knock Off|p2a: Necrozma
|-supereffective|p2a: Necrozma
|-damage|p2a: Necrozma|37/100
|-enditem|p2a: Necrozma|Weakness Policy
|-boost|p2a: Necrozma|atk|2|[from] item: Weakness Policy
|-boost|p2a: Necrozma|spa|2|[from] item: Weakness Policy
|move|p2a: Necrozma|Dragon Dance|p2a: Necrozma
|-boost|p2a: Necrozma|atk|1
|-boost|p2a: Necrozma|spe|1
|
|upkeep
|turn|15
|
|t:|1653975234
|-start|p2a: Necrozma|Dynamax|
|-heal|p2a: Necrozma|37/100|[silent]
|move|p2a: Necrozma|Max Steelspike|p1a: Yveltal
|-damage|p1a: Yveltal|0 fnt
|-boost|p2a: Necrozma|def|1
|faint|p1a: Yveltal
|
|upkeep
|
|t:|1653975251
|switch|p1a: Arceus|Arceus-Electric|100/100
|turn|16
|
|t:|1653975261
|switch|p1a: Calyrex|Calyrex-Shadow|100/100
|-ability|p1a: Calyrex|As One
|-ability|p1a: Calyrex|Unnerve
|move|p2a: Necrozma|Max Quake|p1a: Calyrex
|-damage|p1a: Calyrex|0 fnt
|-boost|p2a: Necrozma|spd|1
|faint|p1a: Calyrex
|
|upkeep
|
|t:|1653975264
|switch|p1a: Arceus|Arceus-Electric|100/100
|turn|17
|c|☆AaravS12|Gg
|
|t:|1653975278
|-start|p1a: Arceus|Dynamax|
|-heal|p1a: Arceus|100/100|[silent]
|move|p1a: Arceus|Max Guard|p1a: Arceus
|-singleturn|p1a: Arceus|Max Guard
|move|p2a: Necrozma|Max Quake|p1a: Arceus
|-activate|p1a: Arceus|move: Max Guard
|
|upkeep
|-end|p2a: Necrozma|Dynamax
|-heal|p2a: Necrozma|37/100|[silent]
|turn|18
|
|t:|1653975293
|move|p1a: Arceus|Max Lightning|p2a: Necrozma
|-damage|p2a: Necrozma|5/100
|-fieldstart|move: Electric Terrain
|move|p2a: Necrozma|Earthquake|p1a: Arceus
|-supereffective|p1a: Arceus
|-damage|p1a: Arceus|39/100
|
|upkeep
|turn|19
|
|t:|1653975303
|move|p1a: Arceus|Max Lightning|p2a: Necrozma
|-damage|p2a: Necrozma|0 fnt
|faint|p2a: Necrozma
|
|upkeep
|
|t:|1653975309
|switch|p2a: Ditto|Ditto|88/100
|-damage|p2a: Ditto|76/100|[from] Stealth Rock
|-transform|p2a: Ditto|p1a: Arceus|[from] ability: Imposter
|-end|p1a: Arceus|Dynamax
|-heal|p1a: Arceus|39/100|[silent]
|turn|20
|
|t:|1653975324
|move|p2a: Ditto|Ice Beam|p1a: Arceus
|-damage|p1a: Arceus|23/100
|move|p1a: Arceus|Recover|p1a: Arceus
|-heal|p1a: Arceus|73/100
|
|upkeep
|turn|21
|
|t:|1653975331
|move|p2a: Ditto|Ice Beam|p1a: Arceus
|-damage|p1a: Arceus|56/100
|move|p1a: Arceus|Recover|p1a: Arceus
|-heal|p1a: Arceus|100/100
|
|upkeep
|turn|22
|
|t:|1653975339
|move|p2a: Ditto|Ice Beam|p1a: Arceus
|-damage|p1a: Arceus|85/100
|move|p1a: Arceus|Recover|p1a: Arceus
|-heal|p1a: Arceus|100/100
|
|-fieldend|move: Electric Terrain
|upkeep
|turn|23
|c|☆JedTheHumanoid|gg
|
|t:|1653975348
|move|p2a: Ditto|Ice Beam|p1a: Arceus
|-damage|p1a: Arceus|86/100
|move|p1a: Arceus|Recover|p1a: Arceus
|-heal|p1a: Arceus|100/100
|
|upkeep
|turn|24
|c|☆AaravS12|Wp
|
|t:|1653975357
|move|p2a: Ditto|Ice Beam|p1a: Arceus
|-damage|p1a: Arceus|86/100
|move|p1a: Arceus|Recover|p1a: Arceus
|-heal|p1a: Arceus|100/100
|
|upkeep
|turn|25
|c|☆JedTheHumanoid|u2
|
|t:|1653975365
|-activate|p2a: Ditto|move: Struggle
|move|p2a: Ditto|Struggle|p1a: Arceus
|-damage|p1a: Arceus|93/100
|-damage|p2a: Ditto|51/100|[from] recoil
|move|p1a: Arceus|Judgment|p2a: Ditto
|-resisted|p2a: Ditto
|-damage|p2a: Ditto|26/100
|
|upkeep
|turn|26
|
|t:|1653975375
|-activate|p2a: Ditto|move: Struggle
|move|p2a: Ditto|Struggle|p1a: Arceus
|-damage|p1a: Arceus|86/100
|-damage|p2a: Ditto|0 fnt|[from] recoil
|faint|p2a: Ditto
|
|win|JedTheHumanoid
|raw|JedTheHumanoid's rating: 1748 &rarr; <strong>1761</strong><br />(+13 for winning)
|raw|AaravS12's rating: 1625 &rarr; <strong>1612</strong><br />(-13 for losing)
