|j|☆FenixFyre04
|j|☆SolarROX
|t:|1635568669
|gametype|singles
|player|p1|FenixFyre04|benga|1801
|player|p2|SolarROX|102|1748
|teamsize|p1|6
|teamsize|p2|6
|gen|8
|tier|[Gen 8] National Dex AG
|rated|
|rule|HP Percentage Mod: HP is shown in percentages
|rule|Endless Battle Clause: Forcing endless battles is banned
|clearpoke
|poke|p1|Calyrex-Shadow|
|poke|p1|Zygarde|
|poke|p1|Necrozma-Dusk-Mane|
|poke|p1|Rayquaza|
|poke|p1|Zacian-*|
|poke|p1|Yveltal|
|poke|p2|Zacian-*|
|poke|p2|Yveltal|
|poke|p2|Calyrex-Shadow|
|poke|p2|Ditto|
|poke|p2|Rayquaza|
|poke|p2|Shuckle, M|
|teampreview
|inactive|Battle timer is ON: inactive players will automatically lose when time's up. (requested by FenixFyre04)
|inactive|FenixFyre04 has 120 seconds left.
|inactive|SolarROX has 120 seconds left.
|
|t:|1635568726
|start
|switch|p1a: Necrozma|Necrozma-Dusk-Mane|100/100
|switch|p2a: Shuckle|Shuckle, M|100/100
|turn|1
|
|t:|1635568736
|move|p1a: Necrozma|Sunsteel Strike|p2a: Shuckle
|-supereffective|p2a: Shuckle
|-damage|p2a: Shuckle|34/100
|move|p2a: Shuckle|Encore|p1a: Necrozma
|-start|p1a: Necrozma|Encore
|
|upkeep
|turn|2
|
|t:|1635568745
|switch|p2a: Zacian|Zacian-Crowned|100/100
|-ability|p2a: Zacian|Intrepid Sword|boost
|-boost|p2a: Zacian|atk|1
|move|p1a: Necrozma|Sunsteel Strike|p2a: Zacian
|-damage|p2a: Zacian|55/100
|
|upkeep
|turn|3
|
|t:|1635568753
|move|p2a: Zacian|Crunch|p1a: Necrozma
|-supereffective|p1a: Necrozma
|-damage|p1a: Necrozma|54/100
|-damage|p2a: Zacian|38/100|[from] item: Rocky Helmet|[of] p1a: Necrozma
|move|p1a: Necrozma|Sunsteel Strike|p2a: Zacian
|-damage|p2a: Zacian|0 fnt
|faint|p2a: Zacian
|
|upkeep
|
|t:|1635568762
|switch|p2a: Calyrex|Calyrex-Shadow|100/100
|-ability|p2a: Calyrex|As One
|-ability|p2a: Calyrex|Unnerve
|turn|4
|j| boyboiboyboi
|c| boyboiboyboi|hi
|
|t:|1635568791
|switch|p1a: Yveltal|Yveltal, shiny|100/100
|-ability|p1a: Yveltal|Dark Aura
|move|p2a: Calyrex|Astral Barrage|p1a: Yveltal
|-resisted|p1a: Yveltal
|-damage|p1a: Yveltal|78/100
|
|upkeep
|turn|5
|c|☆FenixFyre04|hello
|
|t:|1635568803
|switch|p2a: Shuckle|Shuckle, M|34/100
|move|p1a: Yveltal|Foul Play|p2a: Shuckle
|-damage|p2a: Shuckle|27/100
|
|upkeep
|turn|6
|
|t:|1635568818
|move|p1a: Yveltal|Knock Off|p2a: Shuckle
|-damage|p2a: Shuckle|0 fnt
|-enditem|p2a: Shuckle|Mental Herb|[from] move: Knock Off|[of] p1a: Yveltal
|faint|p2a: Shuckle
|
|upkeep
|
|t:|1635568826
|switch|p2a: Rayquaza|Rayquaza|100/100
|-ability|p2a: Rayquaza|Air Lock
|turn|7
|
|t:|1635568837
|switch|p1a: Necrozma|Necrozma-Dusk-Mane|54/100
|detailschange|p2a: Rayquaza|Rayquaza-Mega
|-mega|p2a: Rayquaza|Rayquaza|
|-weather|DeltaStream|[from] ability: Delta Stream|[of] p2a: Rayquaza
|move|p2a: Rayquaza|Dragon Dance|p2a: Rayquaza
|-boost|p2a: Rayquaza|atk|1
|-boost|p2a: Rayquaza|spe|1
|
|-weather|DeltaStream|[upkeep]
|upkeep
|turn|8
|
|t:|1635568858
|-start|p1a: Necrozma|Dynamax
|-heal|p1a: Necrozma|54/100|[silent]
|move|p2a: Rayquaza|Earthquake|p1a: Necrozma
|-supereffective|p1a: Necrozma
|-damage|p1a: Necrozma|19/100
|-damage|p2a: Rayquaza|91/100|[from] item: Life Orb
|move|p1a: Necrozma|Max Steelspike|p2a: Rayquaza
|-damage|p2a: Rayquaza|29/100
|-boost|p1a: Necrozma|def|1
|
|-weather|DeltaStream|[upkeep]
|upkeep
|turn|9
|
|t:|1635568872
|move|p2a: Rayquaza|Earthquake|p1a: Necrozma
|-supereffective|p1a: Necrozma
|-crit|p1a: Necrozma
|-damage|p1a: Necrozma|0 fnt
|faint|p1a: Necrozma
|-damage|p2a: Rayquaza|19/100|[from] item: Life Orb
|
|-weather|DeltaStream|[upkeep]
|upkeep
|
|t:|1635568880
|switch|p1a: Rayquaza|Rayquaza|100/100
|-ability|p1a: Rayquaza|Air Lock
|turn|10
|
|t:|1635568884
|detailschange|p1a: Rayquaza|Rayquaza-Mega
|-mega|p1a: Rayquaza|Rayquaza|
|move|p1a: Rayquaza|Extreme Speed|p2a: Rayquaza
|-damage|p2a: Rayquaza|0 fnt
|faint|p2a: Rayquaza
|
|-weather|DeltaStream|[upkeep]
|upkeep
|
|t:|1635568891
|switch|p2a: Calyrex|Calyrex-Shadow|100/100
|-ability|p2a: Calyrex|As One
|-ability|p2a: Calyrex|Unnerve
|turn|11
|
|t:|1635568896
|-weather|none
|switch|p1a: Yveltal|Yveltal, shiny|78/100
|-ability|p1a: Yveltal|Dark Aura
|-start|p2a: Calyrex|Dynamax
|-heal|p2a: Calyrex|100/100|[silent]
|move|p2a: Calyrex|Max Starfall|p1a: Yveltal
|-supereffective|p1a: Yveltal
|-damage|p1a: Yveltal|36/100
|-fieldstart|move: Misty Terrain
|
|upkeep
|turn|12
|
|t:|1635568919
|switch|p1a: Zacian|Zacian-Crowned, shiny|100/100
|-ability|p1a: Zacian|Intrepid Sword|boost
|-boost|p1a: Zacian|atk|1
|move|p2a: Calyrex|Max Starfall|p1a: Zacian
|-resisted|p1a: Zacian
|-damage|p1a: Zacian|83/100
|
|upkeep
|turn|13
|
|t:|1635568927
|move|p2a: Calyrex|Max Phantasm|p1a: Zacian
|-damage|p1a: Zacian|0 fnt
|faint|p1a: Zacian
|-ability|p2a: Calyrex|Grim Neigh|boost
|-boost|p2a: Calyrex|spa|1
|
|-end|p2a: Calyrex|Dynamax
|-heal|p2a: Calyrex|100/100|[silent]
|upkeep
|
|t:|1635568938
|switch|p1a: Yveltal|Yveltal, shiny|36/100
|-ability|p1a: Yveltal|Dark Aura
|turn|14
|
|t:|1635568943
|move|p2a: Calyrex|Draining Kiss|p1a: Yveltal
|-supereffective|p1a: Yveltal
|-damage|p1a: Yveltal|0 fnt
|faint|p1a: Yveltal
|-ability|p2a: Calyrex|Grim Neigh|boost
|-boost|p2a: Calyrex|spa|1
|
|upkeep
|
|t:|1635568949
|switch|p1a: Calyrex|Calyrex-Shadow|100/100
|-ability|p1a: Calyrex|As One
|-ability|p1a: Calyrex|Unnerve
|turn|15
|
|t:|1635568954
|move|p1a: Calyrex|Astral Barrage|p2a: Calyrex
|-supereffective|p2a: Calyrex
|-enditem|p2a: Calyrex|Focus Sash
|-damage|p2a: Calyrex|1/100
|move|p2a: Calyrex|Astral Barrage|p1a: Calyrex
|-supereffective|p1a: Calyrex
|-damage|p1a: Calyrex|0 fnt
|faint|p1a: Calyrex
|-ability|p2a: Calyrex|Grim Neigh|boost
|-boost|p2a: Calyrex|spa|1
|
|-fieldend|Misty Terrain
|upkeep
|
|t:|1635568958
|switch|p1a: Zygarde|Zygarde, shiny|100/100
|turn|16
|
|t:|1635568969
|move|p2a: Calyrex|Draining Kiss|p1a: Zygarde
|-supereffective|p1a: Zygarde
|-damage|p1a: Zygarde|0 fnt
|-heal|p2a: Calyrex|79/100|[from] drain|[of] p1a: Zygarde
|faint|p1a: Zygarde
|-ability|p2a: Calyrex|Grim Neigh|boost
|-boost|p2a: Calyrex|spa|1
|
|upkeep
|
|t:|1635568976
|switch|p1a: Rayquaza|Rayquaza-Mega|100/100
|-weather|DeltaStream|[from] ability: Delta Stream|[of] p1a: Rayquaza
|turn|17
|c|☆FenixFyre04|gg
|
|t:|1635568982
|move|p2a: Calyrex|Draining Kiss|p1a: Rayquaza
|-supereffective|p1a: Rayquaza
|-damage|p1a: Rayquaza|0 fnt
|-heal|p2a: Calyrex|100/100|[from] drain|[of] p1a: Rayquaza
|faint|p1a: Rayquaza
|-weather|none
|
|win|SolarROX
|raw|FenixFyre04's rating: 1801 &rarr; <strong>1778</strong><br />(-23 for losing)
|raw|SolarROX's rating: 1748 &rarr; <strong>1771</strong><br />(+23 for winning)
|c| boyboiboyboi|gg
|c|☆FenixFyre04|wp
|c|☆SolarROX|gg
|c|☆FenixFyre04|__sigh__
|l|☆SolarROX
|c|☆FenixFyre04|not to get back up
|l|☆FenixFyre04
