|j|☆Psicicite
|j|☆PM77Switch
|t:|1626169607
|gametype|singles
|player|p1|Psicicite|266|1484
|player|p2|PM77Switch|102|1552
|teamsize|p1|6
|teamsize|p2|6
|gen|8
|tier|[Gen 8] National Dex AG
|rated|
|rule|HP Percentage Mod: HP is shown in percentages
|rule|Endless Battle Clause: Forcing endless battles is banned
|clearpoke
|poke|p1|Rayquaza|
|poke|p1|Kartana|
|poke|p1|Deoxys-Attack|
|poke|p1|Tapu Lele|
|poke|p1|Arceus-*|
|poke|p1|Necrozma-Dusk-Mane|
|poke|p2|Arceus-*|
|poke|p2|Groudon|
|poke|p2|Ditto|
|poke|p2|Mew|
|poke|p2|Landorus-Therian, M|
|poke|p2|Xerneas-*|
|teampreview
|inactive|Battle timer is ON: inactive players will automatically lose when time's up. (requested by PM77Switch)
|
|t:|1626169613
|start
|switch|p1a: Arceus|Arceus-Ground|100/100
|switch|p2a: Mew|Mew, shiny|100/100
|turn|1
|
|t:|1626169620
|move|p1a: Arceus|Stealth Rock|p2a: Mew
|-sidestart|p2: PM77Switch|move: Stealth Rock
|move|p2a: Mew|Stealth Rock|p1a: Arceus
|-sidestart|p1: Psicicite|move: Stealth Rock
|
|upkeep
|turn|2
|
|t:|1626169624
|move|p1a: Arceus|Ice Beam|p2a: Mew
|-damage|p2a: Mew|76/100
|-status|p2a: Mew|frz
|cant|p2a: Mew|frz
|
|upkeep
|turn|3
|
|t:|1626169631
|switch|p1a: Rayquaza|Rayquaza|100/100
|-damage|p1a: Rayquaza|76/100|[from] Stealth Rock
|-ability|p1a: Rayquaza|Air Lock
|cant|p2a: Mew|frz
|
|upkeep
|turn|4
|
|t:|1626169638
|detailschange|p1a: Rayquaza|Rayquaza-Mega
|-mega|p1a: Rayquaza|Rayquaza|
|-weather|DeltaStream|[from] ability: Delta Stream|[of] p1a: Rayquaza
|move|p1a: Rayquaza|Dragon Dance|p1a: Rayquaza
|-boost|p1a: Rayquaza|atk|1
|-boost|p1a: Rayquaza|spe|1
|-curestatus|p2a: Mew|frz|[msg]
|move|p2a: Mew|Flip Turn|p1a: Rayquaza
|-resisted|p1a: Rayquaza
|-damage|p1a: Rayquaza|70/100
|
|t:|1626169647
|switch|p2a: Ditto|Ditto|100/100|[from]move: Flip Turn
|-damage|p2a: Ditto|88/100|[from] Stealth Rock
|-transform|p2a: Ditto|p1a: Rayquaza|[from] ability: Imposter
|
|-weather|DeltaStream|[upkeep]
|upkeep
|turn|5
|
|t:|1626169657
|move|p2a: Ditto|Extreme Speed|p1a: Rayquaza
|-crit|p1a: Rayquaza
|-damage|p1a: Rayquaza|0 fnt
|faint|p1a: Rayquaza
|
|-weather|DeltaStream|[upkeep]
|upkeep
|
|t:|1626169668
|switch|p1a: Arceus|Arceus-Ground|100/100
|-damage|p1a: Arceus|94/100|[from] Stealth Rock
|turn|6
|
|t:|1626169672
|-weather|none
|switch|p2a: Mew|Mew, shiny|76/100
|-damage|p2a: Mew|64/100|[from] Stealth Rock
|move|p1a: Arceus|Ice Beam|p2a: Mew
|-damage|p2a: Mew|38/100
|
|upkeep
|turn|7
|
|t:|1626169680
|move|p1a: Arceus|Judgment|p2a: Mew
|-damage|p2a: Mew|0 fnt
|faint|p2a: Mew
|
|upkeep
|
|t:|1626169685
|switch|p2a: Arceus|Arceus|100/100
|-damage|p2a: Arceus|88/100|[from] Stealth Rock
|turn|8
|
|t:|1626169691
|move|p2a: Arceus|Ice Beam|p1a: Arceus
|-supereffective|p1a: Arceus
|-damage|p1a: Arceus|47/100
|-damage|p2a: Arceus|78/100|[from] item: Life Orb
|move|p1a: Arceus|Ice Beam|p2a: Arceus
|-damage|p2a: Arceus|60/100
|-status|p2a: Arceus|frz
|
|upkeep
|turn|9
|
|t:|1626169700
|switch|p1a: Necrozma|Necrozma-Dusk-Mane|100/100
|-damage|p1a: Necrozma|95/100|[from] Stealth Rock
|cant|p2a: Arceus|frz
|
|upkeep
|turn|10
|c|☆PM77Switch|lol
|
|t:|1626169707
|cant|p2a: Arceus|frz
|move|p1a: Necrozma|Swords Dance|p1a: Necrozma
|-boost|p1a: Necrozma|atk|2
|
|upkeep
|turn|11
|
|t:|1626169725
|cant|p2a: Arceus|frz
|move|p1a: Necrozma|Photon Geyser|p2a: Arceus
|-crit|p2a: Arceus
|-damage|p2a: Arceus|0 fnt
|faint|p2a: Arceus
|
|upkeep
|
|t:|1626169738
|switch|p2a: Ditto|Ditto|88/100
|-damage|p2a: Ditto|76/100|[from] Stealth Rock
|-transform|p2a: Ditto|p1a: Necrozma|[from] ability: Imposter
|turn|12
|
|t:|1626169745
|detailschange|p1a: Necrozma|Necrozma-Ultra
|-burst|p1a: Necrozma|Necrozma|Ultranecrozium Z
|move|p2a: Ditto|Earthquake|p1a: Necrozma
|-damage|p1a: Necrozma|13/100
|move|p1a: Necrozma|Earthquake|p2a: Ditto
|-supereffective|p2a: Ditto
|-damage|p2a: Ditto|0 fnt
|faint|p2a: Ditto
|
|upkeep
|
|t:|1626169757
|switch|p2a: Landorus|Landorus-Therian, M|100/100
|-damage|p2a: Landorus|88/100|[from] Stealth Rock
|-ability|p2a: Landorus|Intimidate|boost
|-unboost|p1a: Necrozma|atk|1
|turn|13
|
|t:|1626169762
|move|p1a: Necrozma|Photon Geyser|p2a: Landorus
|-damage|p2a: Landorus|0 fnt
|faint|p2a: Landorus
|
|upkeep
|
|t:|1626169768
|switch|p2a: Groudon|Groudon, shiny|100/100
|-damage|p2a: Groudon|94/100|[from] Stealth Rock
|detailschange|p2a: Groudon|Groudon-Primal, shiny
|-primal|p2a: Groudon
|-weather|DesolateLand|[from] ability: Desolate Land|[of] p2a: Groudon
|turn|14
|
|t:|1626169775
|-zpower|p1a: Necrozma
|move|p1a: Necrozma|Light That Burns the Sky|p2a: Groudon|[zeffect]
|-damage|p2a: Groudon|0 fnt
|faint|p2a: Groudon
|-weather|none
|
|upkeep
|
|t:|1626169782
|switch|p2a: Xerneas|Xerneas, shiny|100/100
|-damage|p2a: Xerneas|88/100|[from] Stealth Rock
|-ability|p2a: Xerneas|Fairy Aura
|turn|15
|
|t:|1626169789
|move|p1a: Necrozma|Sunsteel Strike|p2a: Xerneas
|-supereffective|p2a: Xerneas
|-damage|p2a: Xerneas|0 fnt
|faint|p2a: Xerneas
|
|win|Psicicite
|raw|Psicicite's rating: 1484 &rarr; <strong>1508</strong><br />(+24 for winning)
|raw|PM77Switch's rating: 1552 &rarr; <strong>1528</strong><br />(-24 for losing)
|l|☆PM77Switch
|c|☆Psicicite|lol gg
