|j|☆FunnyPheesh
|j|☆the thin mints lad
|t:|1662840045
|gametype|singles
|player|p1|FunnyPheesh|fisherman-gen4|1553
|player|p2|the thin mints lad|cress|1715
|teamsize|p1|6
|teamsize|p2|6
|gen|8
|tier|[Gen 8] National Dex AG
|rated|
|rule|HP Percentage Mod: HP is shown in percentages
|rule|Endless Battle Clause: Forcing endless battles is banned
|clearpoke
|poke|p1|Xerneas-*|
|poke|p1|Calyrex-Shadow|
|poke|p1|Shaymin-Sky|
|poke|p1|Urshifu-*, F|
|poke|p1|Tyranitar, F|
|poke|p1|Groudon|
|poke|p2|Marshadow|
|poke|p2|Ditto|
|poke|p2|Zygarde|
|poke|p2|Xerneas-*|
|poke|p2|Shuckle, F|
|poke|p2|Diancie|
|teampreview
|
|t:|1662840058
|start
|switch|p1a: Calyrex|Calyrex-Shadow|100/100
|switch|p2a: Shuckle|Shuckle, F|100/100
|-ability|p1a: Calyrex|As One
|-ability|p1a: Calyrex|Unnerve
|turn|1
|
|t:|1662840063
|move|p1a: Calyrex|Trick|p2a: Shuckle
|-activate|p1a: Calyrex|move: Trick|[of] p2a: Shuckle
|-item|p2a: Shuckle|Choice Scarf|[from] move: Trick
|-item|p1a: Calyrex|Mental Herb|[from] move: Trick
|move|p2a: Shuckle|Encore|p1a: Calyrex
|-start|p1a: Calyrex|Encore
|-enditem|p1a: Calyrex|Mental Herb
|-end|p1a: Calyrex|Encore
|
|upkeep
|turn|2
|c|☆FunnyPheesh|neat
|c|☆the thin mints lad|true
|
|t:|1662840084
|move|p1a: Calyrex|Astral Barrage|p2a: Shuckle
|-damage|p2a: Shuckle|57/100
|move|p2a: Shuckle|Encore|p1a: Calyrex
|-start|p1a: Calyrex|Encore
|
|upkeep
|turn|3
|
|t:|1662840097
|move|p1a: Calyrex|Astral Barrage|p2a: Shuckle
|-damage|p2a: Shuckle|16/100
|move|p2a: Shuckle|Encore||[still]
|-fail|p2a: Shuckle
|
|upkeep
|turn|4
|
|t:|1662840099
|move|p1a: Calyrex|Astral Barrage|p2a: Shuckle
|-damage|p2a: Shuckle|0 fnt
|faint|p2a: Shuckle
|-ability|p1a: Calyrex|Grim Neigh|boost
|-boost|p1a: Calyrex|spa|1
|
|upkeep
|
|t:|1662840109
|switch|p2a: Yoinker|Marshadow|100/100
|turn|5
|
|t:|1662840120
|switch|p1a: Groudon|Groudon|100/100
|detailschange|p1a: Groudon|Groudon-Primal
|-primal|p1a: Groudon
|-weather|DesolateLand|[from] ability: Desolate Land|[of] p1a: Groudon
|move|p2a: Yoinker|Shadow Sneak|p1a: Groudon
|-damage|p1a: Groudon|69/100
|
|-weather|DesolateLand|[upkeep]
|upkeep
|turn|6
|
|t:|1662840125
|-start|p2a: Yoinker|Dynamax|
|-heal|p2a: Yoinker|100/100|[silent]
|move|p2a: Yoinker|Max Knuckle|p1a: Groudon
|-damage|p1a: Groudon|34/100
|-boost|p2a: Yoinker|atk|1
|move|p1a: Groudon|Rock Polish|p1a: Groudon
|-boost|p1a: Groudon|spe|2
|
|-weather|DesolateLand|[upkeep]
|upkeep
|turn|7
|j| Toxic Ariados
|c|☆FunnyPheesh|i meant to click tomb
|c|☆FunnyPheesh|rip
|c|☆the thin mints lad|f
|
|t:|1662840142
|move|p1a: Groudon|Rock Tomb|p2a: Yoinker
|-resisted|p2a: Yoinker
|-damage|p2a: Yoinker|92/100
|-unboost|p2a: Yoinker|spe|1
|move|p2a: Yoinker|Max Knuckle|p1a: Groudon
|-damage|p1a: Groudon|0 fnt
|-boost|p2a: Yoinker|atk|1
|faint|p1a: Groudon
|-weather|none
|
|upkeep
|
|t:|1662840145
|switch|p1a: Calyrex|Calyrex-Shadow|100/100
|-ability|p1a: Calyrex|As One
|-ability|p1a: Calyrex|Unnerve
|turn|8
|l| Toxic Ariados
|
|t:|1662840157
|move|p1a: Calyrex|Astral Barrage|p2a: Yoinker
|-supereffective|p2a: Yoinker
|-damage|p2a: Yoinker|9/100
|move|p2a: Yoinker|Max Phantasm|p1a: Calyrex
|-supereffective|p1a: Calyrex
|-damage|p1a: Calyrex|0 fnt
|faint|p1a: Calyrex
|
|upkeep
|
|t:|1662840164
|switch|p1a: Urshifu|Urshifu-Rapid-Strike, F|100/100
|-end|p2a: Yoinker|Dynamax
|-heal|p2a: Yoinker|9/100|[silent]
|turn|9
|
|t:|1662840171
|move|p1a: Urshifu|Aqua Jet|p2a: Yoinker
|-damage|p2a: Yoinker|0 fnt
|faint|p2a: Yoinker
|
|upkeep
|
|t:|1662840187
|switch|p2a: Diancie|Diancie|100/100
|turn|10
|c|☆FunnyPheesh|yea this looks like a gg
|c|☆the thin mints lad|dunno man, i hate urshifu
|c|☆the thin mints lad|and i got nothing for the shaymin
|c|☆FunnyPheesh|a xern
|
|t:|1662840214
|switch|p1a: Tyranitar|Tyranitar, F|100/100
|-weather|Sandstorm|[from] ability: Sand Stream|[of] p1a: Tyranitar
|detailschange|p2a: Diancie|Diancie-Mega
|-mega|p2a: Diancie|Diancie|Diancite
|move|p2a: Diancie|Moonblast|p1a: Tyranitar
|-supereffective|p1a: Tyranitar
|-damage|p1a: Tyranitar|57/100
|
|-weather|Sandstorm|[upkeep]
|upkeep
|turn|11
|
|t:|1662840231
|move|p2a: Diancie|Calm Mind|p2a: Diancie
|-boost|p2a: Diancie|spa|1
|-boost|p2a: Diancie|spd|1
|move|p1a: Tyranitar|Ice Beam|p2a: Diancie
|-damage|p2a: Diancie|87/100
|
|-weather|Sandstorm|[upkeep]
|upkeep
|turn|12
|
|t:|1662840233
|move|p2a: Diancie|Moonblast|p1a: Tyranitar
|-supereffective|p1a: Tyranitar
|-damage|p1a: Tyranitar|0 fnt
|faint|p1a: Tyranitar
|
|-weather|Sandstorm|[upkeep]
|upkeep
|
|t:|1662840235
|switch|p1a: Urshifu|Urshifu-Rapid-Strike, F|100/100
|turn|13
|
|t:|1662840239
|move|p1a: Urshifu|Surging Strikes|p2a: Diancie
|-supereffective|p2a: Diancie
|-crit|p2a: Diancie
|-damage|p2a: Diancie|39/100
|-supereffective|p2a: Diancie
|-crit|p2a: Diancie
|-damage|p2a: Diancie|0 fnt
|faint|p2a: Diancie
|-hitcount|p2: Diancie|2
|
|-weather|Sandstorm|[upkeep]
|-damage|p1a: Urshifu|94/100|[from] Sandstorm
|upkeep
|
|t:|1662840246
|switch|p2a: LooksLikeaYToMeNgl|Xerneas|100/100
|-ability|p2a: LooksLikeaYToMeNgl|Fairy Aura
|turn|14
|
|t:|1662840255
|move|p1a: Urshifu|Surging Strikes|p2a: LooksLikeaYToMeNgl
|-crit|p2a: LooksLikeaYToMeNgl
|-damage|p2a: LooksLikeaYToMeNgl|81/100
|-crit|p2a: LooksLikeaYToMeNgl
|-damage|p2a: LooksLikeaYToMeNgl|62/100
|-crit|p2a: LooksLikeaYToMeNgl
|-damage|p2a: LooksLikeaYToMeNgl|45/100
|-hitcount|p2a: LooksLikeaYToMeNgl|3
|move|p2a: LooksLikeaYToMeNgl|Geomancy||[still]
|-prepare|p2a: LooksLikeaYToMeNgl|Geomancy
|-enditem|p2a: LooksLikeaYToMeNgl|Power Herb
|-anim|p2a: LooksLikeaYToMeNgl|Geomancy|p2a: LooksLikeaYToMeNgl
|-boost|p2a: LooksLikeaYToMeNgl|spa|2
|-boost|p2a: LooksLikeaYToMeNgl|spd|2
|-boost|p2a: LooksLikeaYToMeNgl|spe|2
|
|-weather|none
|upkeep
|turn|15
|
|t:|1662840267
|move|p2a: LooksLikeaYToMeNgl|Moonblast|p1a: Urshifu
|-supereffective|p1a: Urshifu
|-damage|p1a: Urshifu|0 fnt
|faint|p1a: Urshifu
|
|upkeep
|c|☆FunnyPheesh|yea gg lol
|c|☆the thin mints lad|ggs :/
|
|t:|1662840280
|switch|p1a: Xerneas|Xerneas|100/100
|-ability|p1a: Xerneas|Fairy Aura
|turn|16
|c|☆FunnyPheesh|unless
|c|☆FunnyPheesh|go my son
|c|☆the thin mints lad|looks like i overestimated shifu
|
|t:|1662840288
|-start|p1a: Xerneas|Dynamax|
|-heal|p1a: Xerneas|100/100|[silent]
|move|p2a: LooksLikeaYToMeNgl|Moonblast|p1a: Xerneas
|-damage|p1a: Xerneas|34/100
|-unboost|p1a: Xerneas|spa|1
|move|p1a: Xerneas|Max Starfall|p2a: LooksLikeaYToMeNgl
|-damage|p2a: LooksLikeaYToMeNgl|0 fnt
|-fieldstart|move: Misty Terrain
|faint|p2a: LooksLikeaYToMeNgl
|
|upkeep
|
|t:|1662840297
|switch|p2a: The better Yoinker|Ditto|100/100
|-transform|p2a: The better Yoinker|p1a: Xerneas|[from] ability: Imposter
|-ability|p2a: The better Yoinker|Fairy Aura
|turn|17
|c|☆FunnyPheesh|nah xern bulky af
|c|☆the thin mints lad|physical xern, respect
|c|☆FunnyPheesh|ty
|c|☆FunnyPheesh|thought it would be funny
|
|t:|1662840318
|move|p2a: The better Yoinker|Play Rough|p1a: Xerneas|[miss]
|-miss|p2a: The better Yoinker|p1a: Xerneas
|move|p1a: Xerneas|Max Starfall|p2a: The better Yoinker
|-enditem|p2a: The better Yoinker|Focus Sash
|-damage|p2a: The better Yoinker|1/100
|
|upkeep
|turn|18
|
|t:|1662840325
|move|p2a: The better Yoinker|Play Rough|p1a: Xerneas
|-damage|p1a: Xerneas|5/100
|move|p1a: Xerneas|Max Overgrowth|p2a: The better Yoinker
|-damage|p2a: The better Yoinker|0 fnt
|-fieldstart|move: Grassy Terrain
|faint|p2a: The better Yoinker
|
|-heal|p1a: Xerneas|8/100|[from] Grassy Terrain
|upkeep
|
|t:|1662840328
|switch|p2a: 10 literal dogs|Zygarde|100/100
|-end|p1a: Xerneas|Dynamax
|-heal|p1a: Xerneas|8/100|[silent]
|turn|19
|
|t:|1662840335
|move|p1a: Xerneas|Play Rough|p2a: 10 literal dogs
|-supereffective|p2a: 10 literal dogs
|-damage|p2a: 10 literal dogs|5/100
|-damage|p1a: Xerneas|0 fnt|[from] item: Rocky Helmet|[of] p2a: 10 literal dogs
|faint|p1a: Xerneas
|move|p2a: 10 literal dogs|Thousand Arrows|p1: Xerneas|[notarget]
|-fail|p2a: 10 literal dogs
|
|-heal|p2a: 10 literal dogs|11/100|[from] Grassy Terrain
|-activate|p2a: 10 literal dogs|ability: Power Construct
|detailschange|p2a: 10 literal dogs|Zygarde-Complete
|-heal|p2a: 10 literal dogs|41/100|[silent]
|upkeep
|
|t:|1662840338
|switch|p1a: Shaymin|Shaymin-Sky|100/100
|turn|20
|
|t:|1662840342
|move|p1a: Shaymin|Substitute|p1a: Shaymin
|-start|p1a: Shaymin|Substitute
|-damage|p1a: Shaymin|76/100
|move|p2a: 10 literal dogs|Glare||[still]
|-fail|p2a: 10 literal dogs
|
|-heal|p1a: Shaymin|82/100|[from] item: Leftovers
|-heal|p2a: 10 literal dogs|48/100|[from] Grassy Terrain
|upkeep
|turn|21
|c|☆FunnyPheesh|oof
|c|☆FunnyPheesh|knew it
|
|t:|1662840350
|move|p1a: Shaymin|Air Slash|p2a: 10 literal dogs
|-damage|p2a: 10 literal dogs|26/100
|cant|p2a: 10 literal dogs|flinch
|
|-heal|p1a: Shaymin|88/100|[from] item: Leftovers
|-heal|p2a: 10 literal dogs|32/100|[from] Grassy Terrain
|upkeep
|turn|22
|c|☆the thin mints lad|ggs :/
|
|t:|1662840354
|move|p1a: Shaymin|Air Slash|p2a: 10 literal dogs
|-damage|p2a: 10 literal dogs|11/100
|cant|p2a: 10 literal dogs|flinch
|
|-heal|p1a: Shaymin|94/100|[from] item: Leftovers
|-heal|p2a: 10 literal dogs|17/100|[from] Grassy Terrain
|-fieldend|move: Grassy Terrain
|upkeep
|turn|23
|
|t:|1662840359
|move|p1a: Shaymin|Air Slash|p2a: 10 literal dogs
|-damage|p2a: 10 literal dogs|0 fnt
|faint|p2a: 10 literal dogs
|
|win|FunnyPheesh
|raw|FunnyPheesh's rating: 1553 &rarr; <strong>1582</strong><br />(+29 for winning)
|raw|the thin mints lad's rating: 1715 &rarr; <strong>1686</strong><br />(-29 for losing)
|c|☆FunnyPheesh|gg
|c|☆FunnyPheesh|that was a fun game
|l|☆the thin mints lad
|c|☆FunnyPheesh|ngl
||Ladder isn't responding, score probably updated but might not have (Request timeout).
