|j|☆xLeonisx
|j|☆876ModernDayNinja
|t:|1658889792
|gametype|singles
|player|p1|xLeonisx|170|1625
|player|p2|876ModernDayNinja|shadowtriad|1555
|teamsize|p1|6
|teamsize|p2|6
|gen|8
|tier|[Gen 8] National Dex AG
|rated|
|rule|HP Percentage Mod: HP is shown in percentages
|rule|Endless Battle Clause: Forcing endless battles is banned
|clearpoke
|poke|p1|Deoxys-Speed|
|poke|p1|Ditto|
|poke|p1|Kyogre|
|poke|p1|Calyrex-Shadow|
|poke|p1|Lugia|
|poke|p1|Zacian-*|
|poke|p2|Arceus-*|
|poke|p2|Groudon|
|poke|p2|Chansey, F|
|poke|p2|Marshadow|
|poke|p2|Eternatus|
|poke|p2|Giratina-Origin|
|teampreview
|inactive|Battle timer is ON: inactive players will automatically lose when time's up. (requested by xLeonisx)
|
|t:|1658889801
|start
|switch|p1a: Kyogre|Kyogre|100/100
|switch|p2a: Groudon|Groudon|100/100
|detailschange|p1a: Kyogre|Kyogre-Primal
|-primal|p1a: Kyogre
|-weather|PrimordialSea|[from] ability: Primordial Sea|[of] p1a: Kyogre
|detailschange|p2a: Groudon|Groudon-Primal
|-primal|p2a: Groudon
|-weather|DesolateLand|[from] ability: Desolate Land|[of] p2a: Groudon
|turn|1
|
|t:|1658889811
|switch|p1a: Lugia|Lugia|100/100
|move|p2a: Groudon|Stealth Rock|p1a: Lugia
|-sidestart|p1: xLeonisx|move: Stealth Rock
|
|-weather|DesolateLand|[upkeep]
|upkeep
|turn|2
|
|t:|1658889816
|-weather|none
|switch|p2a: Chansey|Chansey, F|100/100
|move|p1a: Lugia|Toxic|p2a: Chansey
|-status|p2a: Chansey|tox
|
|-damage|p2a: Chansey|94/100 tox|[from] psn
|upkeep
|turn|3
|
|t:|1658889824
|move|p1a: Lugia|Defog|p2a: Chansey
|-unboost|p2a: Chansey|evasion|1
|-sideend|p1: xLeonisx|Stealth Rock|[from] move: Defog|[of] p1a: Lugia
|move|p2a: Chansey|Wish|p2a: Chansey
|
|-damage|p2a: Chansey|82/100 tox|[from] psn
|upkeep
|turn|4
|
|t:|1658889830
|switch|p1a: Calyrex|Calyrex-Shadow|100/100
|-ability|p1a: Calyrex|As One
|-ability|p1a: Calyrex|Unnerve
|move|p2a: Chansey|Toxic|p1a: Calyrex
|-status|p1a: Calyrex|tox
|
|-heal|p2a: Chansey|100/100 tox|[from] move: Wish|[wisher] Chansey
|-damage|p1a: Calyrex|94/100 tox|[from] psn
|-damage|p2a: Chansey|82/100 tox|[from] psn
|upkeep
|turn|5
|
|t:|1658889846
|-curestatus|p2a: Chansey|tox|[from] ability: Natural Cure
|switch|p2a: Eternatus|Eternatus|100/100
|-ability|p2a: Eternatus|Pressure
|move|p1a: Calyrex|Psyshock|p2a: Eternatus
|-supereffective|p2a: Eternatus
|-damage|p2a: Eternatus|47/100
|
|-heal|p2a: Eternatus|53/100|[from] item: Black Sludge
|-damage|p1a: Calyrex|82/100 tox|[from] psn
|upkeep
|turn|6
|
|t:|1658889857
|switch|p2a: Chansey|Chansey, F|82/100
|move|p1a: Calyrex|Psyshock|p2a: Chansey
|-damage|p2a: Chansey|48/100
|
|-damage|p1a: Calyrex|64/100 tox|[from] psn
|upkeep
|turn|7
|
|t:|1658889864
|switch|p1a: Zacian|Zacian-Crowned|100/100
|-ability|p1a: Zacian|Intrepid Sword|boost
|-boost|p1a: Zacian|atk|1
|move|p2a: Chansey|Wish|p2a: Chansey
|
|upkeep
|turn|8
|
|t:|1658889879
|move|p2a: Chansey|Protect|p2a: Chansey
|-singleturn|p2a: Chansey|Protect
|move|p1a: Zacian|Play Rough|p2a: Chansey
|-activate|p2a: Chansey|move: Protect
|
|-heal|p2a: Chansey|98/100|[from] move: Wish|[wisher] Chansey
|upkeep
|turn|9
|
|t:|1658889887
|switch|p2a: Groudon|Groudon-Primal|100/100
|-weather|DesolateLand|[from] ability: Desolate Land|[of] p2a: Groudon
|move|p1a: Zacian|Close Combat|p2a: Groudon
|-damage|p2a: Groudon|57/100
|-unboost|p1a: Zacian|def|1
|-unboost|p1a: Zacian|spd|1
|
|-weather|DesolateLand|[upkeep]
|upkeep
|turn|10
|
|t:|1658889897
|switch|p1a: Kyogre|Kyogre-Primal|100/100
|-weather|PrimordialSea|[from] ability: Primordial Sea|[of] p1a: Kyogre
|move|p2a: Groudon|Earthquake|p1a: Kyogre
|-damage|p1a: Kyogre|22/100
|
|-weather|PrimordialSea|[upkeep]
|upkeep
|turn|11
|
|t:|1658889921
|switch|p2a: Chansey|Chansey, F|98/100
|move|p1a: Kyogre|Origin Pulse|p2a: Chansey
|-damage|p2a: Chansey|66/100
|
|-weather|PrimordialSea|[upkeep]
|upkeep
|turn|12
|
|t:|1658889927
|-weather|none
|switch|p1a: Zacian|Zacian-Crowned|100/100
|-ability|p1a: Zacian|Intrepid Sword|boost
|-boost|p1a: Zacian|atk|1
|move|p2a: Chansey|Wish|p2a: Chansey
|
|upkeep
|turn|13
|
|t:|1658889933
|switch|p2a: Groudon|Groudon-Primal|57/100
|-weather|DesolateLand|[from] ability: Desolate Land|[of] p2a: Groudon
|move|p1a: Zacian|Swords Dance|p1a: Zacian
|-boost|p1a: Zacian|atk|2
|
|-weather|DesolateLand|[upkeep]
|-heal|p2a: Groudon|100/100|[from] move: Wish|[wisher] Chansey
|upkeep
|turn|14
|
|t:|1658889943
|switch|p1a: Lugia|Lugia|100/100
|move|p2a: Groudon|Earthquake|p1a: Lugia
|-immune|p1a: Lugia
|
|-weather|DesolateLand|[upkeep]
|upkeep
|turn|15
|
|t:|1658889950
|-weather|none
|switch|p2a: Chansey|Chansey, F|66/100
|move|p1a: Lugia|Toxic|p2a: Chansey
|-status|p2a: Chansey|tox
|
|-damage|p2a: Chansey|60/100 tox|[from] psn
|upkeep
|turn|16
|
|t:|1658889958
|switch|p1a: Zacian|Zacian-Crowned|100/100
|-ability|p1a: Zacian|Intrepid Sword|boost
|-boost|p1a: Zacian|atk|1
|move|p2a: Chansey|Wish|p2a: Chansey
|
|-damage|p2a: Chansey|47/100 tox|[from] psn
|upkeep
|turn|17
|
|t:|1658889965
|-curestatus|p2a: Chansey|tox|[from] ability: Natural Cure
|switch|p2a: Groudon|Groudon-Primal|100/100
|-weather|DesolateLand|[from] ability: Desolate Land|[of] p2a: Groudon
|move|p1a: Zacian|Close Combat|p2a: Groudon
|-damage|p2a: Groudon|56/100
|-unboost|p1a: Zacian|def|1
|-unboost|p1a: Zacian|spd|1
|
|-weather|DesolateLand|[upkeep]
|-heal|p2a: Groudon|100/100|[from] move: Wish|[wisher] Chansey
|upkeep
|turn|18
|j| MeloMeloMeloetta
|
|t:|1658889977
|switch|p1a: Kyogre|Kyogre-Primal|22/100
|-weather|PrimordialSea|[from] ability: Primordial Sea|[of] p1a: Kyogre
|move|p2a: Groudon|Stealth Rock|p1a: Kyogre
|-sidestart|p1: xLeonisx|move: Stealth Rock
|
|-weather|PrimordialSea|[upkeep]
|upkeep
|turn|19
|
|t:|1658889984
|switch|p2a: Chansey|Chansey, F|47/100
|move|p1a: Kyogre|Origin Pulse|p2a: Chansey
|-damage|p2a: Chansey|11/100
|
|-weather|PrimordialSea|[upkeep]
|upkeep
|turn|20
|
|t:|1658889991
|switch|p2a: Groudon|Groudon-Primal|100/100
|-weather|DesolateLand|[from] ability: Desolate Land|[of] p2a: Groudon
|move|p1a: Kyogre|Ice Beam|p2a: Groudon
|-damage|p2a: Groudon|64/100
|
|-weather|DesolateLand|[upkeep]
|upkeep
|turn|21
|
|t:|1658889999
|move|p1a: Kyogre|Ice Beam|p2a: Groudon
|-damage|p2a: Groudon|25/100
|move|p2a: Groudon|Heat Crash|p1a: Kyogre
|-resisted|p1a: Kyogre
|-crit|p1a: Kyogre
|-damage|p1a: Kyogre|0 fnt
|faint|p1a: Kyogre
|
|-weather|DesolateLand|[upkeep]
|upkeep
|
|t:|1658890002
|switch|p1a: Calyrex|Calyrex-Shadow|64/100 tox
|-ability|p1a: Calyrex|As One
|-ability|p1a: Calyrex|Unnerve
|-damage|p1a: Calyrex|51/100 tox|[from] Stealth Rock
|turn|22
|inactive|876ModernDayNinja has 120 seconds left.
|
|t:|1658890043
|-weather|none
|switch|p2a: Chansey|Chansey, F|11/100
|-start|p1a: Calyrex|Dynamax|
|-heal|p1a: Calyrex|51/100 tox|[silent]
|move|p1a: Calyrex|Max Mindstorm|p2a: Chansey
|-damage|p2a: Chansey|0 fnt
|-fieldstart|move: Psychic Terrain
|faint|p2a: Chansey
|-ability|p1a: Calyrex|Grim Neigh|boost
|-boost|p1a: Calyrex|spa|1
|
|-damage|p1a: Calyrex|48/100 tox|[from] psn
|upkeep
|
|t:|1658890060
|switch|p2a: Marshadow|Marshadow|100/100
|turn|23
|inactive|876ModernDayNinja has 90 seconds left.
|
|t:|1658890104
|move|p1a: Calyrex|Max Phantasm|p2a: Marshadow
|-supereffective|p2a: Marshadow
|-enditem|p2a: Marshadow|Focus Sash
|-damage|p2a: Marshadow|1/100
|-unboost|p2a: Marshadow|def|1
|move|p2a: Marshadow|Spectral Thief||[still]
|-clearpositiveboost|p1a: Calyrex|p2a: Marshadow|move: Spectral Thief
|-boost|p2a: Marshadow|spa|1
|-anim|p2a: Marshadow|Spectral Thief|p1a: Calyrex
|-supereffective|p1a: Calyrex
|-damage|p1a: Calyrex|0 fnt
|faint|p1a: Calyrex
|
|upkeep
|
|t:|1658890110
|switch|p1a: Deoxys|Deoxys-Speed|100/100
|-damage|p1a: Deoxys|88/100|[from] Stealth Rock
|-ability|p1a: Deoxys|Pressure
|turn|24
|l| MeloMeloMeloetta
|j| MeloMeloMeloetta
|inactive|876ModernDayNinja has 60 seconds left.
|
|t:|1658890164
|switch|p2a: Groudon|Groudon-Primal|25/100
|-weather|DesolateLand|[from] ability: Desolate Land|[of] p2a: Groudon
|move|p1a: Deoxys|Knock Off|p2a: Groudon
|-damage|p2a: Groudon|15/100
|
|-weather|DesolateLand|[upkeep]
|upkeep
|turn|25
|
|t:|1658890170
|move|p1a: Deoxys|Knock Off|p2a: Groudon
|-crit|p2a: Groudon
|-damage|p2a: Groudon|1/100
|move|p2a: Groudon|Heat Crash|p1a: Deoxys
|-damage|p1a: Deoxys|0 fnt
|faint|p1a: Deoxys
|
|-weather|DesolateLand|[upkeep]
|upkeep
|c|☆876ModernDayNinja|oh crap
|c|☆876ModernDayNinja|messed up
|
|t:|1658890185
|switch|p1a: Zacian|Zacian-Crowned|100/100
|-damage|p1a: Zacian|94/100|[from] Stealth Rock
|-ability|p1a: Zacian|Intrepid Sword|boost
|-boost|p1a: Zacian|atk|1
|turn|26
|
|t:|1658890193
|move|p1a: Zacian|Behemoth Blade|p2a: Groudon
|-resisted|p2a: Groudon
|-damage|p2a: Groudon|0 fnt
|faint|p2a: Groudon
|-weather|none
|
|-fieldend|move: Psychic Terrain
|upkeep
|
|t:|1658890203
|switch|p2a: Eternatus|Eternatus|53/100
|-ability|p2a: Eternatus|Pressure
|turn|27
|
|t:|1658890208
|move|p1a: Zacian|Play Rough|p2a: Eternatus
|-damage|p2a: Eternatus|5/100
|move|p2a: Eternatus|Flamethrower|p1a: Zacian
|-supereffective|p1a: Zacian
|-damage|p1a: Zacian|44/100
|
|-heal|p2a: Eternatus|11/100|[from] item: Black Sludge
|upkeep
|turn|28
|inactive|876ModernDayNinja has 60 seconds left.
|
|t:|1658890220
|move|p1a: Zacian|Behemoth Blade|p2a: Eternatus
|-damage|p2a: Eternatus|0 fnt
|faint|p2a: Eternatus
|
|upkeep
|
|t:|1658890228
|switch|p2a: Marshadow|Marshadow|1/100
|turn|29
|
|t:|1658890232
|move|p2a: Marshadow|Shadow Sneak|p1a: Zacian
|-damage|p1a: Zacian|18/100
|move|p1a: Zacian|Behemoth Blade|p2a: Marshadow
|-damage|p2a: Marshadow|0 fnt
|faint|p2a: Marshadow
|
|upkeep
|
|t:|1658890240
|switch|p2a: Arceus|Arceus-Electric|100/100
|turn|30
|c|☆xLeonisx|yuk
|inactive|876ModernDayNinja has 60 seconds left.
|
|t:|1658890255
|-start|p2a: Arceus|Dynamax|
|-heal|p2a: Arceus|100/100|[silent]
|move|p1a: Zacian|Close Combat|p2a: Arceus
|-damage|p2a: Arceus|70/100
|-unboost|p1a: Zacian|def|1
|-unboost|p1a: Zacian|spd|1
|move|p2a: Arceus|Max Lightning|p1a: Zacian
|-damage|p1a: Zacian|0 fnt
|-fieldstart|move: Electric Terrain
|faint|p1a: Zacian
|
|upkeep
|
|t:|1658890259
|switch|p1a: Lugia|Lugia|100/100
|turn|31
|
|t:|1658890271
|move|p2a: Arceus|Max Lightning|p1a: Lugia
|-supereffective|p1a: Lugia
|-damage|p1a: Lugia|48/100
|move|p1a: Lugia|Roost|p1a: Lugia
|-heal|p1a: Lugia|98/100
|-singleturn|p1a: Lugia|move: Roost
|
|upkeep
|turn|32
|
|t:|1658890280
|move|p2a: Arceus|Max Lightning|p1a: Lugia
|-supereffective|p1a: Lugia
|-damage|p1a: Lugia|0 fnt
|faint|p1a: Lugia
|
|upkeep
|
|t:|1658890283
|switch|p1a: Ditto|Ditto|100/100
|-damage|p1a: Ditto|88/100|[from] Stealth Rock
|-transform|p1a: Ditto|p2a: Arceus|[from] ability: Imposter
|-end|p2a: Arceus|Dynamax
|-heal|p2a: Arceus|70/100|[silent]
|turn|33
|-message|xLeonisx forfeited.
|
|win|876ModernDayNinja
|raw|xLeonisx's rating: 1625 &rarr; <strong>1601</strong><br />(-24 for losing)
|raw|876ModernDayNinja's rating: 1555 &rarr; <strong>1579</strong><br />(+24 for winning)
|l|☆xLeonisx
|c|☆876ModernDayNinja|gg
