|j|☆Wizard of Pokes
|j|☆Kamikasero
|t:|1662995451
|gametype|singles
|player|p1|Wizard of Pokes|juggler|1449
|player|p2|Kamikasero|gentleman-gen4|1498
|teamsize|p1|6
|teamsize|p2|6
|gen|8
|tier|[Gen 8] National Dex AG
|rated|
|rule|HP Percentage Mod: HP is shown in percentages
|rule|Endless Battle Clause: Forcing endless battles is banned
|clearpoke
|poke|p1|Ninetales, F|
|poke|p1|Charizard, M|
|poke|p1|Charizard, F|
|poke|p1|Cinderace, F|
|poke|p1|Blaziken, M|
|poke|p1|Groudon|
|poke|p2|Melmetal|
|poke|p2|Hatterene, F|
|poke|p2|Melmetal|
|poke|p2|Hatterene, F|
|poke|p2|Melmetal|
|poke|p2|Hatterene, F|
|teampreview
|inactive|Battle timer is ON: inactive players will automatically lose when time's up. (requested by Kamikasero)
|
|t:|1662995462
|start
|switch|p1a: Ninetales|Ninetales, F|100/100
|switch|p2a: Hatterene|Hatterene, F|100/100
|-weather|SunnyDay|[from] ability: Drought|[of] p1a: Ninetales
|turn|1
|
|t:|1662995472
|-zpower|p1a: Ninetales
|move|p1a: Ninetales|Inferno Overdrive|p2a: Hatterene|[zeffect]
|-crit|p2a: Hatterene
|-enditem|p2a: Hatterene|Focus Sash
|-damage|p2a: Hatterene|1/100
|move|p2a: Hatterene|Trick Room|p2a: Hatterene
|-fieldstart|move: Trick Room|[of] p2a: Hatterene
|
|-weather|SunnyDay|[upkeep]
|upkeep
|turn|2
|
|t:|1662995485
|move|p2a: Hatterene|Mystical Fire|p1a: Ninetales
|-resisted|p1a: Ninetales
|-damage|p1a: Ninetales|73/100
|-unboost|p1a: Ninetales|spa|1
|move|p1a: Ninetales|Nasty Plot|p1a: Ninetales
|-boost|p1a: Ninetales|spa|2
|
|-weather|SunnyDay|[upkeep]
|upkeep
|turn|3
|
|t:|1662995493
|move|p2a: Hatterene|Psychic|p1a: Ninetales
|-damage|p1a: Ninetales|4/100
|move|p1a: Ninetales|Nasty Plot|p1a: Ninetales
|-boost|p1a: Ninetales|spa|2
|
|-weather|SunnyDay|[upkeep]
|upkeep
|turn|4
|
|t:|1662995506
|move|p2a: Hatterene|Mystical Fire|p1a: Ninetales
|-resisted|p1a: Ninetales
|-damage|p1a: Ninetales|0 fnt
|faint|p1a: Ninetales
|
|-weather|SunnyDay|[upkeep]
|upkeep
|
|t:|1662995511
|switch|p1a: Charizard|Charizard, M|100/100
|turn|5
|
|t:|1662995518
|-start|p1a: Charizard|Dynamax|Gmax
|-heal|p1a: Charizard|100/100|[silent]
|move|p2a: Hatterene|Psychic|p1a: Charizard
|-damage|p1a: Charizard|79/100
|move|p1a: Charizard|Max Airstream|p2a: Hatterene
|-damage|p2a: Hatterene|0 fnt
|-boost|p1a: Charizard|spe|1
|faint|p2a: Hatterene
|
|-weather|none
|-fieldend|move: Trick Room
|upkeep
|
|t:|1662995529
|switch|p2a: Hatterene|Hatterene, F|100/100
|turn|6
|
|t:|1662995534
|move|p1a: Charizard|G-Max Wildfire|p2a: Hatterene
|-damage|p2a: Hatterene|35/100
|-sidestart|p2: Kamikasero|G-Max Wildfire
|move|p2a: Hatterene|Trick Room|p2a: Hatterene
|-fieldstart|move: Trick Room|[of] p2a: Hatterene
|
|-damage|p2a: Hatterene|19/100|[from] G-Max Wildfire
|upkeep
|turn|7
|
|t:|1662995544
|move|p2a: Hatterene|Misty Explosion|p1a: Charizard
|-resisted|p1a: Charizard
|-damage|p1a: Charizard|65/100
|faint|p2a: Hatterene
|move|p1a: Charizard|Max Overgrowth|p2: Hatterene|[notarget]
|-fail|p1a: Charizard
|
|upkeep
|
|t:|1662995553
|switch|p2a: Melmetal|Melmetal|100/100
|-end|p1a: Charizard|Dynamax
|-heal|p1a: Charizard|65/100|[silent]
|turn|8
|
|t:|1662995558
|-start|p2a: Melmetal|Dynamax|
|-heal|p2a: Melmetal|100/100|[silent]
|move|p2a: Melmetal|Max Lightning|p1a: Charizard
|-supereffective|p1a: Charizard
|-damage|p1a: Charizard|0 fnt
|-fieldstart|move: Electric Terrain
|faint|p1a: Charizard
|
|-damage|p2a: Melmetal|92/100|[from] G-Max Wildfire
|upkeep
|
|t:|1662995573
|switch|p1a: Blaziken|Blaziken, M|100/100
|turn|9
|
|t:|1662995591
|move|p2a: Melmetal|Max Quake|p1a: Blaziken
|-supereffective|p1a: Blaziken
|-enditem|p1a: Blaziken|Focus Sash
|-damage|p1a: Blaziken|1/100
|-boost|p2a: Melmetal|spd|1
|move|p1a: Blaziken|High Jump Kick|p2a: Melmetal
|-supereffective|p2a: Melmetal
|-damage|p2a: Melmetal|55/100
|
|-damage|p2a: Melmetal|47/100|[from] G-Max Wildfire
|-sideend|p2: Kamikasero|G-Max Wildfire
|-ability|p1a: Blaziken|Speed Boost|boost
|-boost|p1a: Blaziken|spe|1
|upkeep
|turn|10
|
|t:|1662995606
|move|p2a: Melmetal|Max Steelspike|p1a: Blaziken
|-resisted|p1a: Blaziken
|-damage|p1a: Blaziken|0 fnt
|-boost|p2a: Melmetal|def|1
|faint|p1a: Blaziken
|
|-fieldend|move: Trick Room
|upkeep
|
|t:|1662995619
|switch|p1a: Charizard|Charizard, F|100/100
|-end|p2a: Melmetal|Dynamax
|-heal|p2a: Melmetal|47/100|[silent]
|turn|11
|
|t:|1662995632
|detailschange|p1a: Charizard|Charizard-Mega-X, F
|-mega|p1a: Charizard|Charizard|Charizardite X
|move|p1a: Charizard|Dragon Dance|p1a: Charizard
|-boost|p1a: Charizard|atk|1
|-boost|p1a: Charizard|spe|1
|move|p2a: Melmetal|Double Iron Bash|p1a: Charizard
|-resisted|p1a: Charizard
|-damage|p1a: Charizard|63/100
|-resisted|p1a: Charizard
|-damage|p1a: Charizard|25/100
|-hitcount|p1a: Charizard|2
|
|upkeep
|turn|12
|
|t:|1662995644
|move|p1a: Charizard|Flare Blitz|p2a: Melmetal
|-supereffective|p2a: Melmetal
|-damage|p2a: Melmetal|0 fnt
|faint|p2a: Melmetal
|-damage|p1a: Charizard|1/100|[from] Recoil
|
|-fieldend|move: Electric Terrain
|upkeep
|
|t:|1662995647
|switch|p2a: Hatterene|Hatterene, F|100/100
|turn|13
|
|t:|1662995655
|move|p1a: Charizard|Earthquake|p2a: Hatterene
|-damage|p2a: Hatterene|47/100
|move|p2a: Hatterene|Trick Room|p2a: Hatterene
|-fieldstart|move: Trick Room|[of] p2a: Hatterene
|
|upkeep
|turn|14
|
|t:|1662995671
|move|p2a: Hatterene|Psyshock|p1a: Charizard
|-damage|p1a: Charizard|0 fnt
|faint|p1a: Charizard
|
|upkeep
|
|t:|1662995675
|switch|p1a: Cinderace|Cinderace, F|100/100
|turn|15
|
|t:|1662995681
|move|p1a: Cinderace|Sucker Punch|p2a: Hatterene
|-start|p1a: Cinderace|typechange|Dark|[from] ability: Libero
|-damage|p2a: Hatterene|2/100
|-damage|p1a: Cinderace|91/100|[from] item: Life Orb
|move|p2a: Hatterene|Psyshock|p1a: Cinderace
|-immune|p1a: Cinderace
|
|upkeep
|turn|16
|
|t:|1662995709
|move|p1a: Cinderace|Sucker Punch|p2a: Hatterene
|-damage|p2a: Hatterene|0 fnt
|faint|p2a: Hatterene
|-damage|p1a: Cinderace|81/100|[from] item: Life Orb
|
|upkeep
|
|t:|1662995714
|switch|p2a: Melmetal|Melmetal|100/100
|turn|17
|
|t:|1662995719
|move|p2a: Melmetal|Earthquake|p1a: Cinderace
|-crit|p1a: Cinderace
|-damage|p1a: Cinderace|0 fnt
|faint|p1a: Cinderace
|
|-fieldend|move: Trick Room
|upkeep
|
|t:|1662995724
|switch|p1a: Groudon|Groudon|100/100
|detailschange|p1a: Groudon|Groudon-Primal
|-primal|p1a: Groudon
|-weather|DesolateLand|[from] ability: Desolate Land|[of] p1a: Groudon
|turn|18
|
|t:|1662995730
|move|p1a: Groudon|Eruption|p2a: Melmetal
|-supereffective|p2a: Melmetal
|-damage|p2a: Melmetal|0 fnt
|faint|p2a: Melmetal
|
|-weather|DesolateLand|[upkeep]
|upkeep
|
|t:|1662995733
|switch|p2a: Melmetal|Melmetal, shiny|100/100
|turn|19
|
|t:|1662995736
|move|p1a: Groudon|Eruption|p2a: Melmetal
|-supereffective|p2a: Melmetal
|-damage|p2a: Melmetal|0 fnt
|faint|p2a: Melmetal
|
|win|Wizard of Pokes
|raw|Wizard of Pokes's rating: 1449 &rarr; <strong>1472</strong><br />(+23 for winning)
|raw|Kamikasero's rating: 1498 &rarr; <strong>1475</strong><br />(-23 for losing)
|l|☆Kamikasero
||Ladder isn't responding, score probably updated but might not have (Request timeout).
