|j|☆Naofumi_Bakugo_Jax
|j|☆Blackstar152001
|t:|1665285208
|gametype|singles
|player|p1|Naofumi_Bakugo_Jax|blue|1635
|player|p2|Blackstar152001|blue-gen3two|1915
|teamsize|p1|6
|teamsize|p2|6
|gen|8
|tier|[Gen 8] National Dex AG
|rated|
|rule|HP Percentage Mod: HP is shown in percentages
|rule|Endless Battle Clause: Forcing endless battles is banned
|clearpoke
|poke|p1|Zacian-*|
|poke|p1|Calyrex-Shadow|
|poke|p1|Yveltal|
|poke|p1|Arceus-*|
|poke|p1|Swampert, M|
|poke|p1|Kyogre|
|poke|p2|Mewtwo|
|poke|p2|Arceus-*|
|poke|p2|Ditto|
|poke|p2|Arceus-*|
|poke|p2|Zygarde|
|poke|p2|Kyogre|
|teampreview
|inactive|Battle timer is ON: inactive players will automatically lose when time's up. (requested by Blackstar152001)
|
|t:|1665285233
|start
|switch|p1a: Arceus|Arceus, shiny|100/100
|switch|p2a: Mewtwo|Mewtwo|100/100
|-ability|p2a: Mewtwo|Pressure
|turn|1
|
|t:|1665285259
|move|p1a: Arceus|Extreme Speed|p2a: Mewtwo
|-damage|p2a: Mewtwo|54/100
|move|p2a: Mewtwo|Will-O-Wisp|p1a: Arceus
|-status|p1a: Arceus|brn
|
|-damage|p1a: Arceus|94/100 brn|[from] brn
|upkeep
|turn|2
|
|t:|1665285273
|switch|p2a: Arceus|Arceus-Fairy|100/100
|move|p1a: Arceus|Tailwind|p1a: Arceus
|-sidestart|p1: Naofumi_Bakugo_Jax|move: Tailwind
|
|-damage|p1a: Arceus|88/100 brn|[from] brn
|upkeep
|turn|3
|
|t:|1665285284
|move|p1a: Arceus|Reflect|p1a: Arceus
|-sidestart|p1: Naofumi_Bakugo_Jax|Reflect
|move|p2a: Arceus|Stealth Rock|p1a: Arceus
|-sidestart|p1: Naofumi_Bakugo_Jax|move: Stealth Rock
|
|-damage|p1a: Arceus|82/100 brn|[from] brn
|upkeep
|turn|4
|
|t:|1665285300
|switch|p1a: Zacian|Zacian-Crowned|100/100
|-damage|p1a: Zacian|94/100|[from] Stealth Rock
|-ability|p1a: Zacian|Intrepid Sword|boost
|-boost|p1a: Zacian|atk|1
|switch|p2a: Ditto|Ditto, shiny|100/100
|-transform|p2a: Ditto|p1a: Zacian|[from] ability: Imposter
|-ability|p2a: Ditto|Intrepid Sword|boost
|-boost|p2a: Ditto|atk|1
|
|upkeep
|turn|5
|
|t:|1665285310
|move|p1a: Zacian|Behemoth Blade|p2a: Ditto
|-damage|p2a: Ditto|3/100
|move|p2a: Ditto|Behemoth Blade|p1a: Zacian
|-damage|p1a: Zacian|24/100
|
|-sideend|p1: Naofumi_Bakugo_Jax|move: Tailwind
|upkeep
|turn|6
|
|t:|1665285318
|move|p1a: Zacian|Quick Attack|p2a: Ditto
|-resisted|p2a: Ditto
|-damage|p2a: Ditto|0 fnt
|faint|p2a: Ditto
|
|upkeep
|
|t:|1665285324
|switch|p2a: Zygarde|Zygarde, shiny|100/100
|turn|7
|
|t:|1665285329
|switch|p1a: Arceus|Arceus, shiny|82/100 brn
|-damage|p1a: Arceus|70/100 brn|[from] Stealth Rock
|move|p2a: Zygarde|Thousand Arrows|p1a: Arceus
|-damage|p1a: Arceus|59/100 brn
|
|-damage|p1a: Arceus|53/100 brn|[from] brn
|upkeep
|turn|8
|
|t:|1665285338
|move|p1a: Arceus|Tailwind|p1a: Arceus
|-sidestart|p1: Naofumi_Bakugo_Jax|move: Tailwind
|move|p2a: Zygarde|Thousand Arrows|p1a: Arceus
|-damage|p1a: Arceus|43/100 brn
|
|-damage|p1a: Arceus|37/100 brn|[from] brn
|upkeep
|turn|9
|
|t:|1665285360
|switch|p1a: Kyogre|Kyogre|100/100
|-damage|p1a: Kyogre|88/100|[from] Stealth Rock
|-weather|RainDance|[from] ability: Drizzle|[of] p1a: Kyogre
|move|p2a: Zygarde|Thousand Arrows|p1a: Kyogre
|-damage|p1a: Kyogre|71/100
|
|-weather|RainDance|[upkeep]
|upkeep
|turn|10
|
|t:|1665285368
|switch|p2a: Arceus|Arceus-Fairy|100/100
|-start|p1a: Kyogre|Dynamax|
|-heal|p1a: Kyogre|71/100|[silent]
|move|p1a: Kyogre|Max Hailstorm|p2a: Arceus
|-damage|p2a: Arceus|78/100
|-weather|Hail
|
|-weather|Hail|[upkeep]
|-damage|p1a: Kyogre|68/100|[from] Hail
|-damage|p2a: Arceus|71/100|[from] Hail
|-sideend|p1: Naofumi_Bakugo_Jax|Reflect
|upkeep
|turn|11
|
|t:|1665285379
|move|p1a: Kyogre|Max Geyser|p2a: Arceus
|-damage|p2a: Arceus|31/100
|-weather|RainDance
|move|p2a: Arceus|Toxic|p1a: Kyogre
|-status|p1a: Kyogre|tox
|
|-weather|RainDance|[upkeep]
|-damage|p1a: Kyogre|65/100 tox|[from] psn
|-sideend|p1: Naofumi_Bakugo_Jax|move: Tailwind
|upkeep
|turn|12
|
|t:|1665285405
|move|p1a: Kyogre|Max Geyser|p2a: Arceus
|-damage|p2a: Arceus|0 fnt
|faint|p2a: Arceus
|
|-weather|RainDance|[upkeep]
|-damage|p1a: Kyogre|59/100 tox|[from] psn
|upkeep
|inactive|Blackstar152001 has 120 seconds left.
|
|t:|1665285416
|switch|p2a: Zygarde|Zygarde, shiny|100/100
|-end|p1a: Kyogre|Dynamax
|-heal|p1a: Kyogre|59/100 tox|[silent]
|turn|13
|
|t:|1665285421
|switch|p2a: Kyogre|Kyogre|100/100
|detailschange|p2a: Kyogre|Kyogre-Primal
|-primal|p2a: Kyogre
|-weather|PrimordialSea|[from] ability: Primordial Sea|[of] p2a: Kyogre
|move|p1a: Kyogre|Ice Beam|p2a: Kyogre
|-resisted|p2a: Kyogre
|-damage|p2a: Kyogre|89/100
|
|-weather|PrimordialSea|[upkeep]
|-damage|p1a: Kyogre|40/100 tox|[from] psn
|upkeep
|turn|14
|
|t:|1665285436
|switch|p1a: Arceus|Arceus, shiny|37/100 brn
|-damage|p1a: Arceus|25/100 brn|[from] Stealth Rock
|move|p2a: Kyogre|Thunder|p1a: Arceus
|-damage|p1a: Arceus|0 fnt
|faint|p1a: Arceus
|
|-weather|PrimordialSea|[upkeep]
|upkeep
|inactive|Naofumi_Bakugo_Jax has 120 seconds left.
|
|t:|1665285459
|switch|p1a: Swampert|Swampert, M|100/100
|-damage|p1a: Swampert|94/100|[from] Stealth Rock
|turn|15
|
|t:|1665285470
|detailschange|p1a: Swampert|Swampert-Mega, M
|-mega|p1a: Swampert|Swampert|Swampertite
|move|p1a: Swampert|Earthquake|p2a: Kyogre
|-crit|p2a: Kyogre
|-damage|p2a: Kyogre|0 fnt
|faint|p2a: Kyogre
|-weather|none
|
|upkeep
|
|t:|1665285483
|switch|p2a: Mewtwo|Mewtwo|54/100
|-ability|p2a: Mewtwo|Pressure
|turn|16
|
|t:|1665285488
|switch|p1a: Kyogre|Kyogre|40/100 tox
|-damage|p1a: Kyogre|28/100 tox|[from] Stealth Rock
|-weather|RainDance|[from] ability: Drizzle|[of] p1a: Kyogre
|move|p2a: Mewtwo|Will-O-Wisp|p1a: Kyogre|[miss]
|-miss|p2a: Mewtwo|p1a: Kyogre
|
|-weather|RainDance|[upkeep]
|-damage|p1a: Kyogre|22/100 tox|[from] psn
|upkeep
|turn|17
|
|t:|1665285501
|move|p1a: Kyogre|Origin Pulse|p2a: Mewtwo
|-damage|p2a: Mewtwo|0 fnt
|faint|p2a: Mewtwo
|
|-weather|RainDance|[upkeep]
|-damage|p1a: Kyogre|10/100 tox|[from] psn
|upkeep
|
|t:|1665285515
|switch|p2a: Arceus|Arceus|100/100
|turn|18
|
|t:|1665285526
|move|p2a: Arceus|Extreme Speed|p1a: Kyogre
|-damage|p1a: Kyogre|0 fnt
|faint|p1a: Kyogre
|
|-weather|RainDance|[upkeep]
|upkeep
|
|t:|1665285536
|switch|p1a: Swampert|Swampert-Mega, M|94/100
|-damage|p1a: Swampert|88/100|[from] Stealth Rock
|turn|19
|
|t:|1665285547
|switch|p2a: Zygarde|Zygarde, shiny|100/100
|move|p1a: Swampert|Yawn|p2a: Zygarde
|-start|p2a: Zygarde|move: Yawn|[of] p1a: Swampert
|
|-weather|RainDance|[upkeep]
|upkeep
|turn|20
|
|t:|1665285554
|switch|p2a: Arceus|Arceus|100/100
|move|p1a: Swampert|Liquidation|p2a: Arceus
|-damage|p2a: Arceus|52/100
|-unboost|p2a: Arceus|def|1
|
|-weather|none
|upkeep
|turn|21
|j| shadowmew2x
|
|t:|1665285559
|move|p2a: Arceus|Recover|p2a: Arceus
|-heal|p2a: Arceus|100/100
|move|p1a: Swampert|Liquidation|p2a: Arceus
|-damage|p2a: Arceus|50/100
|
|upkeep
|turn|22
|
|t:|1665285566
|switch|p2a: Zygarde|Zygarde, shiny|100/100
|move|p1a: Swampert|Liquidation|p2a: Zygarde
|-damage|p2a: Zygarde|77/100
|
|-heal|p2a: Zygarde|84/100|[from] item: Leftovers
|upkeep
|turn|23
|
|t:|1665285573
|move|p1a: Swampert|Yawn|p2a: Zygarde
|-start|p2a: Zygarde|move: Yawn|[of] p1a: Swampert
|move|p2a: Zygarde|Glare|p1a: Swampert
|-status|p1a: Swampert|par
|
|-heal|p2a: Zygarde|90/100|[from] item: Leftovers
|upkeep
|turn|24
|
|t:|1665285592
|switch|p2a: Arceus|Arceus|50/100
|switch|p1a: Calyrex|Calyrex-Shadow|100/100
|-ability|p1a: Calyrex|As One
|-ability|p1a: Calyrex|Unnerve
|-damage|p1a: Calyrex|88/100|[from] Stealth Rock
|
|upkeep
|turn|25
|
|t:|1665285599
|move|p1a: Calyrex|Nasty Plot|p1a: Calyrex
|-boost|p1a: Calyrex|spa|2
|move|p2a: Arceus|Recover|p2a: Arceus
|-heal|p2a: Arceus|100/100
|
|upkeep
|turn|26
|
|t:|1665285619
|-start|p2a: Arceus|Dynamax|
|-heal|p2a: Arceus|100/100|[silent]
|move|p1a: Calyrex|Baton Pass|p1a: Calyrex
|
|t:|1665285627
|switch|p1a: Yveltal|Yveltal, shiny|100/100|[from]move: Baton Pass
|-damage|p1a: Yveltal|76/100|[from] Stealth Rock
|-ability|p1a: Yveltal|Dark Aura
|move|p2a: Arceus|Max Phantasm|p1a: Yveltal
|-resisted|p1a: Yveltal
|-damage|p1a: Yveltal|55/100
|-unboost|p1a: Yveltal|def|1
|
|upkeep
|turn|27
|inactive|Naofumi_Bakugo_Jax has 120 seconds left.
|
|t:|1665285671
|move|p1a: Yveltal|Dark Pulse|p2a: Arceus
|-damage|p2a: Arceus|59/100
|move|p2a: Arceus|Max Strike|p1a: Yveltal
|-damage|p1a: Yveltal|0 fnt
|faint|p1a: Yveltal
|
|upkeep
|
|t:|1665285685
|switch|p1a: Zacian|Zacian-Crowned|24/100
|-damage|p1a: Zacian|18/100|[from] Stealth Rock
|-ability|p1a: Zacian|Intrepid Sword|boost
|-boost|p1a: Zacian|atk|1
|turn|28
|
|t:|1665285695
|-end|p2a: Arceus|Dynamax
|-heal|p2a: Arceus|59/100|[silent]
|switch|p2a: Zygarde|Zygarde, shiny|90/100
|move|p1a: Zacian|Behemoth Blade|p2a: Zygarde
|-damage|p2a: Zygarde|35/100
|
|-heal|p2a: Zygarde|41/100|[from] item: Leftovers
|-activate|p2a: Zygarde|ability: Power Construct
|detailschange|p2a: Zygarde|Zygarde-Complete, shiny
|-heal|p2a: Zygarde|61/100|[silent]
|upkeep
|turn|29
|inactive|Naofumi_Bakugo_Jax has 120 seconds left.
|
|t:|1665285709
|switch|p1a: Swampert|Swampert-Mega, M|88/100 par
|-damage|p1a: Swampert|82/100 par|[from] Stealth Rock
|move|p2a: Zygarde|Glare|p1a: Swampert
|-fail|p1a: Swampert|par
|
|-heal|p2a: Zygarde|67/100|[from] item: Leftovers
|upkeep
|turn|30
|inactive|Naofumi_Bakugo_Jax has 120 seconds left.
|
|t:|1665285720
|switch|p2a: Arceus|Arceus|59/100
|move|p1a: Swampert|Earthquake|p2a: Arceus
|-damage|p2a: Arceus|24/100
|
|upkeep
|turn|31
|
|t:|1665285726
|move|p2a: Arceus|Recover|p2a: Arceus
|-heal|p2a: Arceus|74/100
|move|p1a: Swampert|Yawn|p2a: Arceus
|-start|p2a: Arceus|move: Yawn|[of] p1a: Swampert
|
|upkeep
|turn|32
|
|t:|1665285733
|switch|p2a: Zygarde|Zygarde-Complete, shiny|67/100
|move|p1a: Swampert|Earthquake|p2a: Zygarde
|-damage|p2a: Zygarde|47/100
|
|-heal|p2a: Zygarde|53/100|[from] item: Leftovers
|upkeep
|turn|33
|
|t:|1665285738
|switch|p2a: Arceus|Arceus|74/100
|move|p1a: Swampert|Earthquake|p2a: Arceus
|-damage|p2a: Arceus|33/100
|
|upkeep
|turn|34
|
|t:|1665285746
|move|p2a: Arceus|Recover|p2a: Arceus
|-heal|p2a: Arceus|83/100
|move|p1a: Swampert|Earthquake|p2a: Arceus
|-damage|p2a: Arceus|43/100
|
|upkeep
|turn|35
|
|t:|1665285761
|move|p2a: Arceus|Recover|p2a: Arceus
|-heal|p2a: Arceus|93/100
|move|p1a: Swampert|Yawn|p2a: Arceus
|-start|p2a: Arceus|move: Yawn|[of] p1a: Swampert
|
|upkeep
|turn|36
|
|t:|1665285767
|move|p2a: Arceus|Swords Dance|p2a: Arceus
|-boost|p2a: Arceus|atk|2
|move|p1a: Swampert|Earthquake|p2a: Arceus
|-damage|p2a: Arceus|53/100
|
|-end|p2a: Arceus|move: Yawn|[silent]
|-status|p2a: Arceus|slp
|-enditem|p2a: Arceus|Lum Berry|[eat]
|-curestatus|p2a: Arceus|slp|[msg]
|upkeep
|turn|37
|
|t:|1665285774
|move|p2a: Arceus|Extreme Speed|p1a: Swampert
|-damage|p1a: Swampert|0 fnt
|faint|p1a: Swampert
|
|upkeep
|
|t:|1665285778
|switch|p1a: Calyrex|Calyrex-Shadow|88/100
|-ability|p1a: Calyrex|As One
|-ability|p1a: Calyrex|Unnerve
|-damage|p1a: Calyrex|76/100|[from] Stealth Rock
|turn|38
|
|t:|1665285786
|move|p1a: Calyrex|Nasty Plot|p1a: Calyrex
|-boost|p1a: Calyrex|spa|2
|move|p2a: Arceus|Shadow Claw|p1a: Calyrex
|-supereffective|p1a: Calyrex
|-damage|p1a: Calyrex|0 fnt
|faint|p1a: Calyrex
|
|upkeep
|
|t:|1665285788
|switch|p1a: Zacian|Zacian-Crowned|18/100
|-damage|p1a: Zacian|12/100|[from] Stealth Rock
|-ability|p1a: Zacian|Intrepid Sword|boost
|-boost|p1a: Zacian|atk|1
|turn|39
|-message|Naofumi_Bakugo_Jax forfeited.
|
|win|Blackstar152001
|raw|Naofumi_Bakugo_Jax's rating: 1635 &rarr; <strong>1628</strong><br />(-7 for losing)
|raw|Blackstar152001's rating: 1915 &rarr; <strong>1922</strong><br />(+7 for winning)
|l|☆Naofumi_Bakugo_Jax
|l| shadowmew2x
