|j|☆Abichubirebo
|j|☆Delta780
|t:|1667828292
|gametype|singles
|player|p1|Abichubirebo|cynthia-gen4|1317
|player|p2|Delta780|rosa|1321
|teamsize|p1|6
|teamsize|p2|6
|gen|8
|tier|[Gen 8] National Dex AG
|rated|
|rule|HP Percentage Mod: HP is shown in percentages
|rule|Endless Battle Clause: Forcing endless battles is banned
|clearpoke
|poke|p1|Kangaskhan, F|
|poke|p1|Kyogre|
|poke|p1|Dialga|
|poke|p1|Landorus-Therian, M|
|poke|p1|Magearna|
|poke|p1|Blaziken, F|
|poke|p2|Calyrex-Shadow|
|poke|p2|Ditto|
|poke|p2|Rayquaza|
|poke|p2|Zacian-*|
|poke|p2|Necrozma-Dusk-Mane|
|poke|p2|Groudon|
|teampreview
|inactive|Battle timer is ON: inactive players will automatically lose when time's up. (requested by Abichubirebo)
|inactive|Delta780 has 120 seconds left.
|
|t:|1667828325
|start
|switch|p1a: Landorus|Landorus-Therian, M|100/100
|switch|p2a: Calyrex|Calyrex-Shadow|100/100
|-ability|p2a: Calyrex|As One
|-ability|p2a: Calyrex|Unnerve
|-ability|p1a: Landorus|Intimidate|boost
|-unboost|p2a: Calyrex|atk|1
|turn|1
|
|t:|1667828332
|move|p2a: Calyrex|Nasty Plot|p2a: Calyrex
|-boost|p2a: Calyrex|spa|2
|move|p1a: Landorus|Stealth Rock|p2a: Calyrex
|-sidestart|p2: Delta780|move: Stealth Rock
|
|upkeep
|turn|2
|
|t:|1667828336
|move|p2a: Calyrex|Astral Barrage|p1a: Landorus
|-damage|p1a: Landorus|0 fnt
|faint|p1a: Landorus
|-ability|p2a: Calyrex|Grim Neigh|boost
|-boost|p2a: Calyrex|spa|1
|
|upkeep
|
|t:|1667828353
|switch|p1a: Blaziken|Blaziken, F|100/100
|turn|3
|
|t:|1667828361
|-start|p2a: Calyrex|Dynamax|
|-heal|p2a: Calyrex|100/100|[silent]
|move|p2a: Calyrex|Max Mindstorm|p1a: Blaziken
|-supereffective|p1a: Blaziken
|-enditem|p1a: Blaziken|Focus Sash
|-damage|p1a: Blaziken|1/100
|-fieldstart|move: Psychic Terrain
|move|p1a: Blaziken|Work Up|p1a: Blaziken
|-boost|p1a: Blaziken|atk|1
|-boost|p1a: Blaziken|spa|1
|
|-ability|p1a: Blaziken|Speed Boost|boost
|-boost|p1a: Blaziken|spe|1
|upkeep
|turn|4
|
|t:|1667828375
|move|p1a: Blaziken|Protect|p1a: Blaziken
|-singleturn|p1a: Blaziken|Protect
|move|p2a: Calyrex|Max Phantasm|p1a: Blaziken
|-zbroken|p1a: Blaziken
|-damage|p1a: Blaziken|0 fnt
|faint|p1a: Blaziken
|-ability|p2a: Calyrex|Grim Neigh|boost
|-boost|p2a: Calyrex|spa|1
|
|upkeep
|
|t:|1667828391
|switch|p1a: Kyogre|Kyogre, shiny|100/100
|detailschange|p1a: Kyogre|Kyogre-Primal, shiny
|-primal|p1a: Kyogre
|-weather|PrimordialSea|[from] ability: Primordial Sea|[of] p1a: Kyogre
|turn|5
|
|t:|1667828399
|move|p2a: Calyrex|Max Phantasm|p1a: Kyogre
|-damage|p1a: Kyogre|0 fnt
|faint|p1a: Kyogre
|-weather|none
|-ability|p2a: Calyrex|Grim Neigh|boost
|-boost|p2a: Calyrex|spa|1
|
|upkeep
|
|t:|1667828406
|switch|p1a: Dialga|Dialga|100/100
|-ability|p1a: Dialga|Pressure
|-end|p2a: Calyrex|Dynamax
|-heal|p2a: Calyrex|100/100|[silent]
|turn|6
|
|t:|1667828413
|-start|p1a: Dialga|Dynamax|
|-heal|p1a: Dialga|100/100|[silent]
|move|p2a: Calyrex|Astral Barrage|p1a: Dialga
|-crit|p1a: Dialga
|-damage|p1a: Dialga|0 fnt
|faint|p1a: Dialga
|-ability|p2a: Calyrex|Grim Neigh|boost
|-boost|p2a: Calyrex|spa|1
|
|upkeep
|
|t:|1667828424
|switch|p1a: Magearna|Magearna|100/100
|turn|7
|
|t:|1667828428
|move|p2a: Calyrex|Astral Barrage|p1a: Magearna
|-damage|p1a: Magearna|0 fnt
|faint|p1a: Magearna
|
|-fieldend|move: Psychic Terrain
|upkeep
|
|t:|1667828432
|switch|p1a: Kangaskhan|Kangaskhan, F|100/100
|turn|8
|
|t:|1667828437
|detailschange|p1a: Kangaskhan|Kangaskhan-Mega, F
|-mega|p1a: Kangaskhan|Kangaskhan|Kangaskhanite
|move|p1a: Kangaskhan|Sucker Punch|p2a: Calyrex
|-supereffective|p2a: Calyrex
|-enditem|p2a: Calyrex|Focus Sash
|-damage|p2a: Calyrex|1/100
|-supereffective|p2a: Calyrex
|-damage|p2a: Calyrex|0 fnt
|faint|p2a: Calyrex
|-hitcount|p2: Calyrex|2
|
|upkeep
|c|☆Abichubirebo|LMAO
|
|t:|1667828457
|switch|p2a: Zacian|Zacian-Crowned|100/100
|-damage|p2a: Zacian|94/100|[from] Stealth Rock
|-ability|p2a: Zacian|Intrepid Sword|boost
|-boost|p2a: Zacian|atk|1
|turn|9
|
|t:|1667828466
|move|p2a: Zacian|Close Combat|p1a: Kangaskhan
|-supereffective|p1a: Kangaskhan
|-damage|p1a: Kangaskhan|0 fnt
|-unboost|p2a: Zacian|def|1
|-unboost|p2a: Zacian|spd|1
|faint|p1a: Kangaskhan
|
|win|Delta780
|raw|Abichubirebo's rating: 1317 &rarr; <strong>1297</strong><br />(-20 for losing)
|raw|Delta780's rating: 1321 &rarr; <strong>1341</strong><br />(+20 for winning)
|l|☆Abichubirebo
||Ladder isn't responding, score probably updated but might not have (Request timeout).
