|j|☆a bread sandwich
|j|‽Hogwashimperial
|player|p1|a bread sandwich|wattson|1910
|player|p2|Hogwashimperial|swimmer-gen4|1494
|teamsize|p1|6
|teamsize|p2|6
|gametype|singles
|gen|8
|tier|[Gen 8] National Dex AG
|rated|
|clearpoke
|poke|p1|Arceus-*|
|poke|p1|Excadrill, M|
|poke|p1|Smeargle, M|
|poke|p1|Smeargle, M|
|poke|p1|Xerneas|
|poke|p1|Rayquaza|
|poke|p2|Rayquaza|
|poke|p2|Zacian-Crowned|
|poke|p2|Groudon|
|poke|p2|Smeargle, M|
|poke|p2|Necrozma-Dusk-Mane|
|poke|p2|Yveltal|
|rule|HP Percentage Mod: HP is shown in percentages
|rule|Endless Battle Clause: Forcing endless battles is banned
|teampreview
|
|start
|switch|p1a: Excadrill|Excadrill, M|100/100
|switch|p2a: Smeargle|Smeargle, M|100/100
|-ability|p1a: Excadrill|Mold Breaker
|turn|1
|
|move|p1a: Excadrill|Rock Tomb|p2a: Smeargle
|-damage|p2a: Smeargle|49/100
|-unboost|p2a: Smeargle|spe|1
|move|p2a: Smeargle|Spore|p1a: Excadrill
|-status|p1a: Excadrill|slp|[from] move: Spore
|
|-ability|p2a: Smeargle|Moody|boost
|-boost|p2a: Smeargle|spa|2
|-unboost|p2a: Smeargle|def|1
|upkeep
|turn|2
|
|switch|p1a: Smeargle|Smeargle, M|100/100
|move|p2a: Smeargle|Shell Smash|p2a: Smeargle
|-unboost|p2a: Smeargle|def|1
|-unboost|p2a: Smeargle|spd|1
|-boost|p2a: Smeargle|atk|2
|-boost|p2a: Smeargle|spa|2
|-boost|p2a: Smeargle|spe|2
|
|-ability|p2a: Smeargle|Moody|boost
|-boost|p2a: Smeargle|spd|2
|-unboost|p2a: Smeargle|atk|1
|-ability|p1a: Smeargle|Moody|boost
|-boost|p1a: Smeargle|def|2
|-unboost|p1a: Smeargle|atk|1
|upkeep
|turn|3
|
|move|p2a: Smeargle|Magic Coat|p2a: Smeargle
|-singleturn|p2a: Smeargle|move: Magic Coat
|move|p1a: Smeargle|Substitute|p1a: Smeargle
|-start|p1a: Smeargle|Substitute
|-damage|p1a: Smeargle|76/100
|
|-heal|p1a: Smeargle|82/100|[from] item: Leftovers
|-ability|p2a: Smeargle|Moody|boost
|-boost|p2a: Smeargle|spe|2
|-unboost|p2a: Smeargle|atk|1
|-ability|p1a: Smeargle|Moody|boost
|-boost|p1a: Smeargle|spd|2
|-unboost|p1a: Smeargle|def|1
|upkeep
|turn|4
|j| Zayele
|
|move|p2a: Smeargle|Baton Pass|p2a: Smeargle
|
|switch|p2a: Groudon|Groudon|100/100|[from]move: Baton Pass
|detailschange|p2a: Groudon|Groudon-Primal
|-primal|p2a: Groudon
|-weather|DesolateLand|[from] ability: Desolate Land|[of] p2a: Groudon
|move|p1a: Smeargle|Spore|p2a: Groudon
|-status|p2a: Groudon|slp|[from] move: Spore
|
|-weather|DesolateLand|[upkeep]
|-heal|p1a: Smeargle|88/100|[from] item: Leftovers
|-ability|p1a: Smeargle|Moody|boost
|-boost|p1a: Smeargle|spa|2
|-unboost|p1a: Smeargle|spe|1
|upkeep
|turn|5
|-message|Hogwashimperial forfeited.
|
|win|a bread sandwich
|l|‽Hogwashimperial
|c|☆a bread sandwich|ok then
|c|☆a bread sandwich|what
|raw|a bread sandwich's rating: 1910 &rarr; <strong>1913</strong><br />(+3 for winning)
|raw|Hogwashimperial's rating: 1494 &rarr; <strong>1491</strong><br />(-3 for losing)
