|j|☆Jayki11
|j|☆agltdlc chlo
|player|p1|Jayki11|red|1430
|player|p2|agltdlc chlo|#chloe|1528
|teamsize|p1|6
|teamsize|p2|6
|gametype|singles
|gen|8
|tier|[Gen 8] National Dex AG
|rated|
|clearpoke
|poke|p1|Groudon|
|poke|p1|Zacian-Crowned|
|poke|p1|Rayquaza|
|poke|p1|Mewtwo|
|poke|p1|Ho-Oh|
|poke|p1|Necrozma-Dusk-Mane|
|poke|p2|Darkrai|
|poke|p2|Groudon|
|poke|p2|Necrozma-Dusk-Mane|
|poke|p2|Ho-Oh|
|poke|p2|Zygarde|
|poke|p2|Zacian-Crowned|
|rule|HP Percentage Mod: HP is shown in percentages
|rule|Endless Battle Clause: Forcing endless battles is banned
|teampreview
|inactive|Battle timer is ON: inactive players will automatically lose when time's up. (requested by Jayki11)
|
|start
|switch|p1a: Groudon|Groudon|100/100
|switch|p2a: Darkrai|Darkrai|100/100
|detailschange|p1a: Groudon|Groudon-Primal
|-primal|p1a: Groudon
|-weather|DesolateLand|[from] ability: Desolate Land|[of] p1a: Groudon
|turn|1
|
|move|p2a: Darkrai|Dark Pulse|p1a: Groudon
|-damage|p1a: Groudon|55/100
|-damage|p2a: Darkrai|91/100|[from] item: Life Orb
|cant|p1a: Groudon|flinch
|
|-weather|DesolateLand|[upkeep]
|upkeep
|turn|2
|
|move|p2a: Darkrai|Dark Pulse|p1a: Groudon
|-damage|p1a: Groudon|16/100
|-damage|p2a: Darkrai|81/100|[from] item: Life Orb
|move|p1a: Groudon|Toxic|p2a: Darkrai
|-status|p2a: Darkrai|tox
|
|-weather|DesolateLand|[upkeep]
|-damage|p2a: Darkrai|75/100 tox|[from] psn
|upkeep
|turn|3
|
|-weather|none
|switch|p1a: Zacian|Zacian-Crowned|100/100
|-ability|p1a: Zacian|Intrepid Sword|boost
|-boost|p1a: Zacian|atk|1
|move|p2a: Darkrai|Dark Pulse|p1a: Zacian
|-resisted|p1a: Zacian
|-damage|p1a: Zacian|73/100
|-damage|p2a: Darkrai|65/100 tox|[from] item: Life Orb
|
|-damage|p2a: Darkrai|52/100 tox|[from] psn
|upkeep
|turn|4
|j| Zayele
|
|switch|p2a: Groudon|Groudon|100/100
|detailschange|p2a: Groudon|Groudon-Primal
|-primal|p2a: Groudon
|-weather|DesolateLand|[from] ability: Desolate Land|[of] p2a: Groudon
|move|p1a: Zacian|Behemoth Blade|p2a: Groudon
|-resisted|p2a: Groudon
|-damage|p2a: Groudon|68/100
|
|-weather|DesolateLand|[upkeep]
|upkeep
|turn|5
|
|switch|p1a: Ho-Oh|Ho-Oh|100/100
|move|p2a: Groudon|Stealth Rock|p1a: Ho-Oh
|-sidestart|p1: Jayki11|move: Stealth Rock
|
|-weather|DesolateLand|[upkeep]
|upkeep
|turn|6
|
|move|p2a: Groudon|Stone Edge|p1a: Ho-Oh
|-supereffective|p1a: Ho-Oh
|-damage|p1a: Ho-Oh|0 fnt
|faint|p1a: Ho-Oh
|
|-weather|DesolateLand|[upkeep]
|upkeep
|
|switch|p1a: Mewtwo|Mewtwo|100/100
|-ability|p1a: Mewtwo|Unnerve|p2: agltdlc chlo
|-damage|p1a: Mewtwo|88/100|[from] Stealth Rock
|turn|7
|inactive|agltdlc chlo has 120 seconds left.
|
|-start|p1a: Mewtwo|Dynamax
|-heal|p1a: Mewtwo|88/100|[silent]
|move|p1a: Mewtwo|Max Airstream|p2a: Groudon
|-damage|p2a: Groudon|12/100
|-boost|p1a: Mewtwo|spe|1
|-damage|p1a: Mewtwo|83/100|[from] item: Life Orb
|move|p2a: Groudon|Precipice Blades|p1a: Mewtwo
|-damage|p1a: Mewtwo|41/100
|
|-weather|DesolateLand|[upkeep]
|upkeep
|turn|8
|
|move|p1a: Mewtwo|Max Airstream|p2a: Groudon
|-damage|p2a: Groudon|0 fnt
|-boost|p1a: Mewtwo|spe|1
|-damage|p1a: Mewtwo|36/100|[from] item: Life Orb
|faint|p2a: Groudon
|-weather|none
|
|upkeep
|
|switch|p2a: Zacian|Zacian-Crowned|100/100
|-ability|p2a: Zacian|Intrepid Sword|boost
|-boost|p2a: Zacian|atk|1
|turn|9
|
|switch|p2a: Ho-Oh|Ho-Oh|100/100
|move|p1a: Mewtwo|Max Flare|p2a: Ho-Oh
|-resisted|p2a: Ho-Oh
|-damage|p2a: Ho-Oh|79/100
|-weather|SunnyDay
|-damage|p1a: Mewtwo|31/100|[from] item: Life Orb
|
|-weather|SunnyDay|[upkeep]
|-end|p1a: Mewtwo|Dynamax
|-heal|p1a: Mewtwo|31/100|[silent]
|upkeep
|turn|10
|
|move|p1a: Mewtwo|Psystrike|p2a: Ho-Oh
|-damage|p2a: Ho-Oh|27/100
|-damage|p1a: Mewtwo|21/100|[from] item: Life Orb
|move|p2a: Ho-Oh|Sacred Fire|p1a: Mewtwo
|-damage|p1a: Mewtwo|0 fnt
|faint|p1a: Mewtwo
|
|-weather|SunnyDay|[upkeep]
|upkeep
|
|switch|p1a: Rayquaza|Rayquaza|100/100
|-damage|p1a: Rayquaza|76/100|[from] Stealth Rock
|-ability|p1a: Rayquaza|Air Lock
|turn|11
|
|switch|p2a: Zygarde|Zygarde|100/100
|detailschange|p1a: Rayquaza|Rayquaza-Mega
|-mega|p1a: Rayquaza|Rayquaza|
|-weather|DeltaStream|[from] ability: Delta Stream|[of] p1a: Rayquaza
|move|p1a: Rayquaza|Earthquake|p2a: Zygarde
|-damage|p2a: Zygarde|68/100
|-damage|p1a: Rayquaza|66/100|[from] item: Life Orb
|
|-weather|DeltaStream|[upkeep]
|upkeep
|turn|12
|
|move|p1a: Rayquaza|Dragon Dance|p1a: Rayquaza
|-boost|p1a: Rayquaza|atk|1
|-boost|p1a: Rayquaza|spe|1
|move|p2a: Zygarde|Glare|p1a: Rayquaza
|-status|p1a: Rayquaza|par
|
|-weather|DeltaStream|[upkeep]
|upkeep
|turn|13
|
|move|p1a: Rayquaza|Extreme Speed|p2a: Zygarde
|-damage|p2a: Zygarde|26/100
|-damage|p1a: Rayquaza|56/100 par|[from] item: Life Orb
|move|p2a: Zygarde|Haze|p2a: Zygarde
|-clearallboost
|
|-weather|DeltaStream|[upkeep]
|-activate|p2a: Zygarde|ability: Power Construct
|detailschange|p2a: Zygarde|Zygarde-Complete
|-heal|p2a: Zygarde|51/100|[silent]
|upkeep
|turn|14
|
|move|p1a: Rayquaza|Extreme Speed|p2a: Zygarde
|-damage|p2a: Zygarde|34/100
|-damage|p1a: Rayquaza|46/100 par|[from] item: Life Orb
|move|p2a: Zygarde|Thousand Arrows|p1a: Rayquaza
|-damage|p1a: Rayquaza|15/100 par
|-start|p1a: Rayquaza|Smack Down
|
|-weather|DeltaStream|[upkeep]
|upkeep
|turn|15
|
|move|p2a: Zygarde|Rest|p2a: Zygarde
|-status|p2a: Zygarde|slp|[from] move: Rest
|-heal|p2a: Zygarde|100/100 slp|[silent]
|move|p1a: Rayquaza|Dragon Ascent|p2a: Zygarde
|-damage|p2a: Zygarde|63/100 slp
|-unboost|p1a: Rayquaza|def|1
|-unboost|p1a: Rayquaza|spd|1
|-damage|p1a: Rayquaza|5/100 par|[from] item: Life Orb
|
|-weather|DeltaStream|[upkeep]
|upkeep
|turn|16
|l|☆Jayki11
|inactive|Jayki11 disconnected and has a minute to reconnect!
|player|p1|
|inactive|Jayki11 has 30 seconds to reconnect!
|inactive|Jayki11 has 20 seconds to reconnect!
|j|☆Jayki11
|inactive|Jayki11 reconnected and has 85 seconds left.
|player|p1|Jayki11|red
|
|cant|p2a: Zygarde|slp
|move|p1a: Rayquaza|Dragon Ascent|p2a: Zygarde
|-damage|p2a: Zygarde|24/100 slp
|-unboost|p1a: Rayquaza|def|1
|-unboost|p1a: Rayquaza|spd|1
|-damage|p1a: Rayquaza|0 fnt|[from] item: Life Orb
|faint|p1a: Rayquaza
|-weather|none
|
|upkeep
|
|switch|p1a: Groudon|Groudon-Primal|16/100
|-damage|p1a: Groudon|4/100|[from] Stealth Rock
|-weather|DesolateLand|[from] ability: Desolate Land|[of] p1a: Groudon
|turn|17
|
|cant|p2a: Zygarde|slp
|move|p1a: Groudon|Stealth Rock|p2a: Zygarde
|-sidestart|p2: agltdlc chlo|move: Stealth Rock
|
|-weather|DesolateLand|[upkeep]
|upkeep
|turn|18
|
|-curestatus|p2a: Zygarde|slp|[msg]
|move|p2a: Zygarde|Rest|p2a: Zygarde
|-status|p2a: Zygarde|slp|[from] move: Rest
|-heal|p2a: Zygarde|100/100 slp|[silent]
|move|p1a: Groudon|Precipice Blades|p2a: Zygarde
|-damage|p2a: Zygarde|78/100 slp
|
|-weather|DesolateLand|[upkeep]
|upkeep
|turn|19
|inactive|Jayki11 has 90 seconds left.
|
|cant|p2a: Zygarde|slp
|move|p1a: Groudon|Precipice Blades|p2a: Zygarde
|-damage|p2a: Zygarde|52/100 slp
|
|-weather|DesolateLand|[upkeep]
|upkeep
|turn|20
|inactive|Jayki11 has 90 seconds left.
|
|cant|p2a: Zygarde|slp
|move|p1a: Groudon|Toxic||[still]
|-fail|p1a: Groudon
|
|-weather|DesolateLand|[upkeep]
|upkeep
|turn|21
|
|-curestatus|p2a: Zygarde|slp|[msg]
|move|p2a: Zygarde|Thousand Arrows|p1a: Groudon
|-supereffective|p1a: Groudon
|-damage|p1a: Groudon|0 fnt
|faint|p1a: Groudon
|-weather|none
|
|upkeep
|
|switch|p1a: Zacian|Zacian-Crowned|73/100
|-damage|p1a: Zacian|67/100|[from] Stealth Rock
|-ability|p1a: Zacian|Intrepid Sword|boost
|-boost|p1a: Zacian|atk|1
|turn|22
|
|move|p1a: Zacian|Play Rough|p2a: Zygarde
|-supereffective|p2a: Zygarde
|-damage|p2a: Zygarde|0 fnt
|faint|p2a: Zygarde
|
|upkeep
|
|switch|p2a: Necrozma|Necrozma-Dusk-Mane|100/100
|-damage|p2a: Necrozma|94/100|[from] Stealth Rock
|turn|23
|
|-start|p2a: Necrozma|Dynamax
|-heal|p2a: Necrozma|94/100|[silent]
|move|p1a: Zacian|Fire Fang|p2a: Necrozma
|-supereffective|p2a: Necrozma
|-damage|p2a: Necrozma|75/100
|move|p2a: Necrozma|Max Steelspike|p1a: Zacian
|-damage|p1a: Zacian|3/100
|-boost|p2a: Necrozma|def|1
|
|-heal|p2a: Necrozma|78/100|[from] item: Leftovers
|upkeep
|turn|24
|-message|Jayki11 forfeited.
|
|win|agltdlc chlo
|l|☆Jayki11
|raw|Jayki11's rating: 1430 &rarr; <strong>1416</strong><br />(-14 for losing)
|raw|agltdlc chlo's rating: 1528 &rarr; <strong>1542</strong><br />(+14 for winning)
