|j|☆Turtonator44
|j|☆Log4j
|t:|1621153597
|gametype|singles
|player|p1|Turtonator44|roxanne-gen3|1646
|player|p2|Log4j|170|1916
|teamsize|p1|6
|teamsize|p2|6
|gen|8
|tier|[Gen 8] National Dex AG
|rated|
|rule|HP Percentage Mod: HP is shown in percentages
|rule|Endless Battle Clause: Forcing endless battles is banned
|clearpoke
|poke|p1|Palkia|
|poke|p1|Necrozma-Dusk-Mane|
|poke|p1|Yveltal|
|poke|p1|Groudon|
|poke|p1|Zygarde|
|poke|p1|Arceus-*|
|poke|p2|Rayquaza|
|poke|p2|Calyrex-Shadow|
|poke|p2|Yveltal|
|poke|p2|Xerneas-*|
|poke|p2|Ho-Oh|
|poke|p2|Ditto|
|teampreview
|
|t:|1621153609
|start
|switch|p1a: Palkia|Palkia|100/100
|switch|p2a: Calyrex|Calyrex-Shadow|100/100
|-ability|p2a: Calyrex|As One
|-ability|p2a: Calyrex|Unnerve
|-ability|p1a: Palkia|Pressure
|turn|1
|
|t:|1621153614
|switch|p1a: Yveltal|Yveltal|100/100
|-ability|p1a: Yveltal|Dark Aura
|move|p2a: Calyrex|Astral Barrage|p1a: Yveltal
|-resisted|p1a: Yveltal
|-crit|p1a: Yveltal
|-damage|p1a: Yveltal|69/100
|
|upkeep
|turn|2
|
|t:|1621153622
|switch|p2a: Ho-Oh|Ho-Oh|100/100
|move|p1a: Yveltal|Roost|p1a: Yveltal
|-heal|p1a: Yveltal|100/100
|-singleturn|p1a: Yveltal|move: Roost
|
|upkeep
|turn|3
|
|t:|1621153630
|switch|p1a: Groudon|Groudon|100/100
|detailschange|p1a: Groudon|Groudon-Primal
|-primal|p1a: Groudon
|-weather|DesolateLand|[from] ability: Desolate Land|[of] p1a: Groudon
|move|p2a: Ho-Oh|Toxic|p1a: Groudon
|-status|p1a: Groudon|tox
|
|-weather|DesolateLand|[upkeep]
|-damage|p1a: Groudon|94/100 tox|[from] psn
|upkeep
|turn|4
|inactive|Battle timer is ON: inactive players will automatically lose when time's up. (requested by Log4j)
|
|t:|1621153641
|switch|p2a: Calyrex|Calyrex-Shadow|100/100
|-ability|p2a: Calyrex|As One
|-ability|p2a: Calyrex|Unnerve
|move|p1a: Groudon|Swords Dance|p1a: Groudon
|-boost|p1a: Groudon|atk|2
|
|-weather|DesolateLand|[upkeep]
|-damage|p1a: Groudon|82/100 tox|[from] psn
|upkeep
|turn|5
|
|t:|1621153646
|-weather|none
|switch|p1a: Yveltal|Yveltal|100/100
|-ability|p1a: Yveltal|Dark Aura
|move|p2a: Calyrex|Astral Barrage|p1a: Yveltal
|-resisted|p1a: Yveltal
|-damage|p1a: Yveltal|81/100
|
|upkeep
|turn|6
|
|t:|1621153653
|switch|p2a: Xerneas|Xerneas|100/100
|-ability|p2a: Xerneas|Fairy Aura
|move|p1a: Yveltal|Roost|p1a: Yveltal
|-heal|p1a: Yveltal|100/100
|-singleturn|p1a: Yveltal|move: Roost
|
|upkeep
|turn|7
|
|t:|1621153665
|switch|p1a: Groudon|Groudon-Primal|82/100 tox
|-weather|DesolateLand|[from] ability: Desolate Land|[of] p1a: Groudon
|move|p2a: Xerneas|Moonblast|p1a: Groudon
|-resisted|p1a: Groudon
|-damage|p1a: Groudon|39/100 tox
|-unboost|p1a: Groudon|spa|1
|
|-weather|DesolateLand|[upkeep]
|-damage|p1a: Groudon|33/100 tox|[from] psn
|upkeep
|turn|8
|
|t:|1621153672
|move|p1a: Groudon|Precipice Blades|p2a: Xerneas
|-damage|p2a: Xerneas|43/100
|move|p2a: Xerneas|Geomancy||[still]
|-prepare|p2a: Xerneas|Geomancy
|-enditem|p2a: Xerneas|Power Herb
|-anim|p2a: Xerneas|Geomancy|p2a: Xerneas
|-boost|p2a: Xerneas|spa|2
|-boost|p2a: Xerneas|spd|2
|-boost|p2a: Xerneas|spe|2
|
|-weather|DesolateLand|[upkeep]
|-damage|p1a: Groudon|20/100 tox|[from] psn
|upkeep
|turn|9
|
|t:|1621153676
|move|p2a: Xerneas|Moonblast|p1a: Groudon
|-resisted|p1a: Groudon
|-damage|p1a: Groudon|0 fnt
|faint|p1a: Groudon
|-weather|none
|
|upkeep
|
|t:|1621153679
|switch|p1a: Necrozma|Necrozma-Dusk-Mane|100/100
|turn|10
|
|t:|1621153684
|move|p2a: Xerneas|Moonblast|p1a: Necrozma
|-resisted|p1a: Necrozma
|-damage|p1a: Necrozma|43/100
|-unboost|p1a: Necrozma|spa|1
|move|p1a: Necrozma|Sunsteel Strike|p2a: Xerneas
|-supereffective|p2a: Xerneas
|-damage|p2a: Xerneas|0 fnt
|faint|p2a: Xerneas
|
|upkeep
|
|t:|1621153689
|switch|p2a: Yveltal|Yveltal|100/100
|-ability|p2a: Yveltal|Dark Aura
|turn|11
|j| Beatboxing_Phantom
|
|t:|1621153699
|switch|p1a: Arceus|Arceus-Fairy|100/100
|-start|p2a: Yveltal|Dynamax
|-heal|p2a: Yveltal|100/100|[silent]
|move|p2a: Yveltal|Max Darkness|p1a: Arceus
|-resisted|p1a: Arceus
|-damage|p1a: Arceus|55/100
|-unboost|p1a: Arceus|spd|1
|-damage|p2a: Yveltal|96/100|[from] item: Life Orb
|
|upkeep
|turn|12
|
|t:|1621153707
|switch|p1a: Necrozma|Necrozma-Dusk-Mane|43/100
|move|p2a: Yveltal|Max Airstream|p1a: Necrozma
|-resisted|p1a: Necrozma
|-damage|p1a: Necrozma|7/100
|-boost|p2a: Yveltal|spe|1
|-damage|p2a: Yveltal|91/100|[from] item: Life Orb
|
|upkeep
|turn|13
|c|☆Log4j|trying out calyrex
|
|t:|1621153716
|move|p2a: Yveltal|Max Darkness|p1a: Necrozma
|-supereffective|p1a: Necrozma
|-damage|p1a: Necrozma|0 fnt
|faint|p1a: Necrozma
|-damage|p2a: Yveltal|86/100|[from] item: Life Orb
|
|-end|p2a: Yveltal|Dynamax
|-heal|p2a: Yveltal|86/100|[silent]
|upkeep
|
|t:|1621153721
|switch|p1a: Arceus|Arceus-Fairy|55/100
|turn|14
|
|t:|1621153726
|switch|p2a: Ho-Oh|Ho-Oh|100/100
|move|p1a: Arceus|Recover|p1a: Arceus
|-heal|p1a: Arceus|100/100
|
|upkeep
|turn|15
|
|t:|1621153736
|switch|p1a: Zygarde|Zygarde|100/100
|move|p2a: Ho-Oh|Toxic|p1a: Zygarde
|-status|p1a: Zygarde|tox
|
|-damage|p1a: Zygarde|94/100 tox|[from] psn
|upkeep
|turn|16
|
|t:|1621153745
|switch|p2a: Yveltal|Yveltal|86/100
|-ability|p2a: Yveltal|Dark Aura
|move|p1a: Zygarde|Glare|p2a: Yveltal
|-status|p2a: Yveltal|par
|
|-heal|p1a: Zygarde|100/100 tox|[from] item: Leftovers
|-damage|p1a: Zygarde|88/100 tox|[from] psn
|upkeep
|turn|17
|
|t:|1621153750
|switch|p1a: Arceus|Arceus-Fairy|100/100
|move|p2a: Yveltal|Dark Pulse|p1a: Arceus
|-resisted|p1a: Arceus
|-damage|p1a: Arceus|76/100
|-damage|p2a: Yveltal|76/100 par|[from] item: Life Orb
|
|upkeep
|turn|18
|
|t:|1621153758
|switch|p1a: Palkia|Palkia|100/100
|-ability|p1a: Palkia|Pressure
|switch|p2a: Ho-Oh|Ho-Oh|100/100
|
|upkeep
|turn|19
|
|t:|1621153764
|move|p1a: Palkia|Hydro Pump|p2a: Ho-Oh
|-supereffective|p2a: Ho-Oh
|-damage|p2a: Ho-Oh|4/100
|move|p2a: Ho-Oh|Toxic|p1a: Palkia
|-status|p1a: Palkia|tox
|
|-damage|p1a: Palkia|94/100 tox|[from] psn
|upkeep
|turn|20
|c|☆Turtonator44|f
|
|t:|1621153776
|switch|p2a: Ditto|Ditto|100/100
|-transform|p2a: Ditto|p1a: Palkia|[from] ability: Imposter
|-ability|p2a: Ditto|Pressure
|move|p1a: Palkia|Hydro Pump|p2a: Ditto
|-resisted|p2a: Ditto
|-damage|p2a: Ditto|78/100
|
|-damage|p1a: Palkia|82/100 tox|[from] psn
|upkeep
|turn|21
|
|t:|1621153786
|switch|p1a: Arceus|Arceus-Fairy|76/100
|move|p2a: Ditto|Hydro Pump|p1a: Arceus
|-damage|p1a: Arceus|37/100
|
|upkeep
|turn|22
|
|t:|1621153800
|switch|p1a: Yveltal|Yveltal|100/100
|-ability|p1a: Yveltal|Dark Aura
|move|p2a: Ditto|Hydro Pump|p1a: Yveltal
|-damage|p1a: Yveltal|65/100
|
|upkeep
|turn|23
|
|t:|1621153808
|switch|p2a: Ho-Oh|Ho-Oh|37/100
|move|p1a: Yveltal|Roost|p1a: Yveltal
|-heal|p1a: Yveltal|100/100
|-singleturn|p1a: Yveltal|move: Roost
|
|upkeep
|turn|24
|
|t:|1621153817
|switch|p1a: Palkia|Palkia|82/100 tox
|-ability|p1a: Palkia|Pressure
|move|p2a: Ho-Oh|Sacred Fire|p1a: Palkia
|-resisted|p1a: Palkia
|-damage|p1a: Palkia|69/100 tox
|
|-damage|p1a: Palkia|63/100 tox|[from] psn
|upkeep
|turn|25
|
|t:|1621153823
|switch|p2a: Yveltal|Yveltal|76/100 par
|-ability|p2a: Yveltal|Dark Aura
|move|p1a: Palkia|Draco Meteor|p2a: Yveltal
|-damage|p2a: Yveltal|0 fnt
|-unboost|p1a: Palkia|spa|2
|faint|p2a: Yveltal
|
|-damage|p1a: Palkia|51/100 tox|[from] psn
|upkeep
|
|t:|1621153828
|switch|p2a: Calyrex|Calyrex-Shadow|100/100
|-ability|p2a: Calyrex|As One
|-ability|p2a: Calyrex|Unnerve
|turn|26
|
|t:|1621153839
|switch|p2a: Rayquaza|Rayquaza|100/100
|-ability|p2a: Rayquaza|Air Lock
|switch|p1a: Yveltal|Yveltal|100/100
|-ability|p1a: Yveltal|Dark Aura
|
|upkeep
|turn|27
|
|t:|1621153861
|switch|p1a: Zygarde|Zygarde|88/100 tox
|detailschange|p2a: Rayquaza|Rayquaza-Mega
|-mega|p2a: Rayquaza|Rayquaza|
|-weather|DeltaStream|[from] ability: Delta Stream|[of] p2a: Rayquaza
|move|p2a: Rayquaza|Dragon Dance|p2a: Rayquaza
|-boost|p2a: Rayquaza|atk|1
|-boost|p2a: Rayquaza|spe|1
|
|-weather|DeltaStream|[upkeep]
|-heal|p1a: Zygarde|94/100 tox|[from] item: Leftovers
|-damage|p1a: Zygarde|88/100 tox|[from] psn
|upkeep
|turn|28
|
|t:|1621153869
|move|p2a: Rayquaza|Dragon Dance|p2a: Rayquaza
|-boost|p2a: Rayquaza|atk|1
|-boost|p2a: Rayquaza|spe|1
|move|p1a: Zygarde|Glare|p2a: Rayquaza
|-status|p2a: Rayquaza|par
|
|-weather|DeltaStream|[upkeep]
|-heal|p1a: Zygarde|94/100 tox|[from] item: Leftovers
|-damage|p1a: Zygarde|82/100 tox|[from] psn
|upkeep
|turn|29
|
|t:|1621153878
|switch|p1a: Arceus|Arceus-Fairy|37/100
|cant|p2a: Rayquaza|par
|
|-weather|DeltaStream|[upkeep]
|upkeep
|turn|30
|
|t:|1621153882
|move|p1a: Arceus|Judgment|p2a: Rayquaza
|-supereffective|p2a: Rayquaza
|-damage|p2a: Rayquaza|12/100 par
|move|p2a: Rayquaza|Dragon Ascent|p1a: Arceus
|-damage|p1a: Arceus|0 fnt
|-unboost|p2a: Rayquaza|def|1
|-unboost|p2a: Rayquaza|spd|1
|faint|p1a: Arceus
|
|-weather|DeltaStream|[upkeep]
|upkeep
|
|t:|1621153893
|switch|p1a: Palkia|Palkia|51/100 tox
|-ability|p1a: Palkia|Pressure
|turn|31
|
|t:|1621153913
|-start|p1a: Palkia|Dynamax
|-heal|p1a: Palkia|51/100 tox|[silent]
|move|p2a: Rayquaza|Extreme Speed|p1a: Palkia
|-damage|p1a: Palkia|11/100 tox
|move|p1a: Palkia|Max Wyrmwind|p2a: Rayquaza
|-supereffective|p2a: Rayquaza
|-damage|p2a: Rayquaza|0 fnt
|faint|p2a: Rayquaza
|-weather|none
|
|-damage|p1a: Palkia|8/100 tox|[from] psn
|upkeep
|
|t:|1621153923
|switch|p2a: Calyrex|Calyrex-Shadow|100/100
|-ability|p2a: Calyrex|As One
|-ability|p2a: Calyrex|Unnerve
|turn|32
|
|t:|1621153942
|move|p2a: Calyrex|Draining Kiss|p1a: Palkia
|-supereffective|p1a: Palkia
|-damage|p1a: Palkia|0 fnt
|faint|p1a: Palkia
|-ability|p2a: Calyrex|Grim Neigh|boost
|-boost|p2a: Calyrex|spa|1
|
|upkeep
|
|t:|1621153945
|switch|p1a: Yveltal|Yveltal|100/100
|-ability|p1a: Yveltal|Dark Aura
|turn|33
|
|t:|1621153950
|switch|p2a: Ditto|Ditto|78/100
|-transform|p2a: Ditto|p1a: Yveltal|[from] ability: Imposter
|-ability|p2a: Ditto|Dark Aura
|move|p1a: Yveltal|Foul Play|p2a: Ditto
|-resisted|p2a: Ditto
|-damage|p2a: Ditto|54/100
|
|upkeep
|turn|34
|c| Beatboxing_Phantom|u gonna kiss em to death?
|c|☆Log4j|he has snarl
|c|☆Log4j|so no
|
|t:|1621153972
|move|p2a: Ditto|Foul Play|p1a: Yveltal
|-resisted|p1a: Yveltal
|-damage|p1a: Yveltal|84/100
|move|p1a: Yveltal|Snarl|p2a: Ditto
|-resisted|p2a: Ditto
|-damage|p2a: Ditto|41/100
|-unboost|p2a: Ditto|spa|1
|
|upkeep
|turn|35
|c|☆Log4j|think I lose
|
|t:|1621153984
|switch|p2a: Ho-Oh|Ho-Oh|70/100
|move|p1a: Yveltal|Foul Play|p2a: Ho-Oh
|-damage|p2a: Ho-Oh|37/100
|
|upkeep
|turn|36
|
|t:|1621153990
|switch|p1a: Zygarde|Zygarde|82/100 tox
|move|p2a: Ho-Oh|Toxic|p1a: Zygarde
|-fail|p1a: Zygarde|tox
|
|-heal|p1a: Zygarde|88/100 tox|[from] item: Leftovers
|-damage|p1a: Zygarde|82/100 tox|[from] psn
|upkeep
|turn|37
|
|t:|1621154005
|switch|p2a: Ditto|Ditto|41/100
|-transform|p2a: Ditto|p1a: Zygarde|[from] ability: Imposter
|move|p1a: Zygarde|Glare|p2a: Ditto
|-status|p2a: Ditto|par
|
|-heal|p1a: Zygarde|88/100 tox|[from] item: Leftovers
|-damage|p1a: Zygarde|76/100 tox|[from] psn
|upkeep
|turn|38
|
|t:|1621154013
|move|p1a: Zygarde|Coil|p1a: Zygarde
|-boost|p1a: Zygarde|atk|1
|-boost|p1a: Zygarde|def|1
|-boost|p1a: Zygarde|accuracy|1
|move|p2a: Ditto|Rest|p2a: Ditto
|-status|p2a: Ditto|slp|[from] move: Rest
|-heal|p2a: Ditto|100/100 slp|[silent]
|
|-heal|p1a: Zygarde|82/100 tox|[from] item: Leftovers
|-damage|p1a: Zygarde|63/100 tox|[from] psn
|upkeep
|turn|39
|
|t:|1621154021
|cant|p2a: Ditto|slp
|move|p1a: Zygarde|Rest|p1a: Zygarde
|-status|p1a: Zygarde|slp|[from] move: Rest
|-heal|p1a: Zygarde|100/100 slp|[silent]
|
|upkeep
|turn|40
|j| Plugservinrocks
|
|t:|1621154028
|switch|p1a: Yveltal|Yveltal|84/100
|-ability|p1a: Yveltal|Dark Aura
|cant|p2a: Ditto|slp
|
|upkeep
|turn|41
|
|t:|1621154033
|switch|p1a: Zygarde|Zygarde|100/100 slp
|-curestatus|p2a: Ditto|slp|[msg]
|move|p2a: Ditto|Rest|p2a: Ditto
|-fail|p2a: Ditto|heal
|
|upkeep
|turn|42
|
|t:|1621154038
|switch|p2a: Calyrex|Calyrex-Shadow|100/100
|-ability|p2a: Calyrex|As One
|-ability|p2a: Calyrex|Unnerve
|cant|p1a: Zygarde|slp
|
|upkeep
|turn|43
|
|t:|1621154043
|switch|p1a: Yveltal|Yveltal|84/100
|-ability|p1a: Yveltal|Dark Aura
|move|p2a: Calyrex|Substitute|p2a: Calyrex
|-start|p2a: Calyrex|Substitute
|-damage|p2a: Calyrex|76/100
|
|upkeep
|turn|44
|l| Plugservinrocks
|c| Beatboxing_Phantom|...
|c| Beatboxing_Phantom|i have no idea what ur gonna do here
|inactive|Log4j has 120 seconds left.
|c|☆Log4j|no way to win
|
|t:|1621154085
|move|p2a: Calyrex|Draining Kiss|p1a: Yveltal
|-supereffective|p1a: Yveltal
|-damage|p1a: Yveltal|60/100
|-heal|p2a: Calyrex|99/100|[from] drain|[of] p1a: Yveltal
|move|p1a: Yveltal|Snarl|p2a: Calyrex
|-supereffective|p2a: Calyrex
|-damage|p2a: Calyrex|0 fnt
|faint|p2a: Calyrex
|
|upkeep
|c|☆Turtonator44|f
|
|t:|1621154094
|switch|p2a: Ditto|Ditto|100/100
|-transform|p2a: Ditto|p1a: Yveltal|[from] ability: Imposter
|-ability|p2a: Ditto|Dark Aura
|turn|45
|
|t:|1621154099
|move|p2a: Ditto|Foul Play|p1a: Yveltal
|-resisted|p1a: Yveltal
|-damage|p1a: Yveltal|44/100
|move|p1a: Yveltal|Roost|p1a: Yveltal
|-heal|p1a: Yveltal|94/100
|-singleturn|p1a: Yveltal|move: Roost
|
|upkeep
|turn|46
|j| Plugservinrocks
|
|t:|1621154103
|move|p2a: Ditto|Foul Play|p1a: Yveltal
|-resisted|p1a: Yveltal
|-damage|p1a: Yveltal|76/100
|move|p1a: Yveltal|Foul Play|p2a: Ditto
|-resisted|p2a: Ditto
|-damage|p2a: Ditto|76/100
|
|upkeep
|turn|47
|l| Plugservinrocks
|c|☆Log4j|gg
|c|☆Turtonator44|gg
|inactive|Log4j has 120 seconds left.
|-message|Log4j forfeited.
|
|win|Turtonator44
|raw|Turtonator44's rating: 1646 &rarr; <strong>1679</strong><br />(+33 for winning)
|raw|Log4j's rating: 1916 &rarr; <strong>1883</strong><br />(-33 for losing)
