|j|☆frostcrush
|j|☆MixedTiers
|t:|1657240510
|gametype|singles
|player|p1|frostcrush|102|1526
|player|p2|MixedTiers|170|1539
|teamsize|p1|6
|teamsize|p2|6
|gen|8
|tier|[Gen 8] National Dex AG
|rated|
|rule|HP Percentage Mod: HP is shown in percentages
|rule|Endless Battle Clause: Forcing endless battles is banned
|clearpoke
|poke|p1|Pyukumuku, F|
|poke|p1|Magnemite, L1|
|poke|p1|Lugia|
|poke|p1|Gloom, M|
|poke|p1|Manectric, M|
|poke|p1|Alomomola, F|
|poke|p2|Arceus-*|
|poke|p2|Xerneas-*|
|poke|p2|Ditto|
|poke|p2|Deoxys-Speed|
|poke|p2|Calyrex-Shadow|
|poke|p2|Yveltal|
|teampreview
|inactive|Battle timer is ON: inactive players will automatically lose when time's up. (requested by MixedTiers)
|
|t:|1657240522
|start
|switch|p1a: Manectric|Manectric, M|100/100
|switch|p2a: Deoxys|Deoxys-Speed|100/100
|-ability|p2a: Deoxys|Pressure
|turn|1
|
|t:|1657240525
|detailschange|p1a: Manectric|Manectric-Mega, M
|-mega|p1a: Manectric|Manectric|Manectite
|-ability|p1a: Manectric|Intimidate|boost
|-unboost|p2a: Deoxys|atk|1
|move|p2a: Deoxys|Stealth Rock|p1a: Manectric
|-sidestart|p1: frostcrush|move: Stealth Rock
|move|p1a: Manectric|Volt Switch|p2a: Deoxys
|-crit|p2a: Deoxys
|-damage|p2a: Deoxys|37/100
|
|t:|1657240532
|switch|p1a: Lugia|Lugia|100/100|[from]move: Volt Switch
|-damage|p1a: Lugia|76/100|[from] Stealth Rock
|-ability|p1a: Lugia|Pressure
|
|-heal|p1a: Lugia|82/100|[from] item: Leftovers
|upkeep
|turn|2
|
|t:|1657240535
|move|p2a: Deoxys|Taunt|p1a: Lugia
|-start|p1a: Lugia|move: Taunt
|cant|p1a: Lugia|move: Taunt|Defog
|
|-heal|p1a: Lugia|88/100|[from] item: Leftovers
|upkeep
|turn|3
|
|t:|1657240542
|switch|p1a: Manectric|Manectric-Mega, M|100/100
|-damage|p1a: Manectric|88/100|[from] Stealth Rock
|-ability|p1a: Manectric|Intimidate|boost
|-unboost|p2a: Deoxys|atk|1
|move|p2a: Deoxys|Light Screen|p2a: Deoxys
|-sidestart|p2: MixedTiers|move: Light Screen
|
|upkeep
|turn|4
|
|t:|1657240553
|move|p2a: Deoxys|Taunt|p1a: Manectric
|-start|p1a: Manectric|move: Taunt
|move|p1a: Manectric|Volt Switch|p2a: Deoxys
|-damage|p2a: Deoxys|14/100
|
|t:|1657240561
|switch|p1a: Lugia|Lugia|88/100|[from]move: Volt Switch
|-damage|p1a: Lugia|63/100|[from] Stealth Rock
|-ability|p1a: Lugia|Pressure
|
|-heal|p1a: Lugia|69/100|[from] item: Leftovers
|upkeep
|turn|5
|
|t:|1657240577
|switch|p1a: Manectric|Manectric-Mega, M|88/100
|-damage|p1a: Manectric|76/100|[from] Stealth Rock
|-ability|p1a: Manectric|Intimidate|boost
|-unboost|p2a: Deoxys|atk|1
|move|p2a: Deoxys|Taunt|p1a: Manectric
|-start|p1a: Manectric|move: Taunt
|
|upkeep
|turn|6
|
|t:|1657240583
|move|p2a: Deoxys|Reflect|p2a: Deoxys
|-sidestart|p2: MixedTiers|Reflect
|move|p1a: Manectric|Volt Switch|p2a: Deoxys
|-damage|p2a: Deoxys|0 fnt
|faint|p2a: Deoxys
|
|t:|1657240587
|switch|p1a: Lugia|Lugia|69/100|[from]move: Volt Switch
|-damage|p1a: Lugia|44/100|[from] Stealth Rock
|-ability|p1a: Lugia|Pressure
|
|-heal|p1a: Lugia|50/100|[from] item: Leftovers
|upkeep
|
|t:|1657240593
|switch|p2a: Yveltal|Yveltal|100/100
|-ability|p2a: Yveltal|Dark Aura
|turn|7
|
|t:|1657240609
|move|p1a: Lugia|Defog|p2a: Yveltal
|-unboost|p2a: Yveltal|evasion|1
|-sideend|p2: MixedTiers|Reflect
|-sideend|p2: MixedTiers|move: Light Screen
|-sideend|p1: frostcrush|Stealth Rock|[from] move: Defog|[of] p1a: Lugia
|move|p2a: Yveltal|Knock Off|p1a: Lugia
|-supereffective|p1a: Lugia
|-damage|p1a: Lugia|0 fnt
|-enditem|p1a: Lugia|Leftovers|[from] move: Knock Off|[of] p2a: Yveltal
|faint|p1a: Lugia
|
|upkeep
|
|t:|1657240613
|switch|p1a: Magnemite|Magnemite, L1|100/100
|turn|8
|
|t:|1657240626
|switch|p2a: Calyrex|Calyrex-Shadow|100/100
|-ability|p2a: Calyrex|As One
|-ability|p2a: Calyrex|Unnerve
|switch|p1a: Manectric|Manectric-Mega, M|76/100
|-ability|p1a: Manectric|Intimidate|boost
|-unboost|p2a: Calyrex|atk|1
|
|upkeep
|turn|9
|
|t:|1657240634
|move|p2a: Calyrex|Substitute|p2a: Calyrex
|-start|p2a: Calyrex|Substitute
|-damage|p2a: Calyrex|75/100
|move|p1a: Manectric|Volt Switch|p2a: Calyrex
|-end|p2a: Calyrex|Substitute
|
|t:|1657240644
|switch|p1a: Magnemite|Magnemite, L1|100/100|[from]move: Volt Switch
|
|-heal|p2a: Calyrex|82/100|[from] item: Leftovers
|upkeep
|turn|10
|
|t:|1657240651
|switch|p1a: Manectric|Manectric-Mega, M|76/100
|-ability|p1a: Manectric|Intimidate|boost
|-unboost|p2a: Calyrex|atk|1
|move|p2a: Calyrex|Leech Seed|p1a: Manectric
|-start|p1a: Manectric|move: Leech Seed
|
|-heal|p2a: Calyrex|88/100|[from] item: Leftovers
|-damage|p1a: Manectric|63/100|[from] Leech Seed|[of] p2a: Calyrex
|-heal|p2a: Calyrex|97/100|[silent]
|upkeep
|turn|11
|
|t:|1657240658
|move|p2a: Calyrex|Substitute|p2a: Calyrex
|-start|p2a: Calyrex|Substitute
|-damage|p2a: Calyrex|72/100
|move|p1a: Manectric|Roar|p2a: Calyrex
|drag|p2a: Xerneas|Xerneas|100/100
|-ability|p2a: Xerneas|Fairy Aura
|
|-damage|p1a: Manectric|51/100|[from] Leech Seed|[of] p2a: Xerneas
|upkeep
|turn|12
|
|t:|1657240664
|move|p1a: Manectric|Volt Switch|p2a: Xerneas
|-damage|p2a: Xerneas|69/100
|
|t:|1657240667
|switch|p1a: Magnemite|Magnemite, L1|100/100|[from]move: Volt Switch
|move|p2a: Xerneas|Hidden Power|p1a: Magnemite
|-supereffective|p1a: Magnemite
|-ability|p1a: Magnemite|Sturdy
|-damage|p1a: Magnemite|10/100
|-enditem|p1a: Magnemite|Berry Juice
|-heal|p1a: Magnemite|100/100|[from] item: Berry Juice
|
|upkeep
|turn|13
|
|t:|1657240681
|switch|p2a: Calyrex|Calyrex-Shadow|72/100
|-ability|p2a: Calyrex|As One
|-ability|p2a: Calyrex|Unnerve
|move|p1a: Magnemite|Toxic|p2a: Calyrex
|-status|p2a: Calyrex|tox
|
|-heal|p2a: Calyrex|78/100 tox|[from] item: Leftovers
|-damage|p2a: Calyrex|72/100 tox|[from] psn
|upkeep
|turn|14
|
|t:|1657240695
|move|p2a: Calyrex|Leech Seed|p1a: Magnemite
|-start|p1a: Magnemite|move: Leech Seed
|move|p1a: Magnemite|Recycle|p1a: Magnemite
|-item|p1a: Magnemite|Berry Juice|[from] move: Recycle
|
|-heal|p2a: Calyrex|78/100 tox|[from] item: Leftovers
|-damage|p1a: Magnemite|91/100|[from] Leech Seed|[of] p2a: Calyrex
|-heal|p2a: Calyrex|78/100 tox|[silent]
|-damage|p2a: Calyrex|66/100 tox|[from] psn
|upkeep
|turn|15
|
|t:|1657240705
|move|p1a: Magnemite|Protect|p1a: Magnemite
|-singleturn|p1a: Magnemite|Protect
|move|p2a: Calyrex|Astral Barrage|p1a: Magnemite
|-activate|p1a: Magnemite|move: Protect
|
|-heal|p2a: Calyrex|72/100 tox|[from] item: Leftovers
|-damage|p1a: Magnemite|82/100|[from] Leech Seed|[of] p2a: Calyrex
|-heal|p2a: Calyrex|72/100 tox|[silent]
|-damage|p2a: Calyrex|53/100 tox|[from] psn
|upkeep
|turn|16
|
|t:|1657240711
|switch|p1a: Alomomola|Alomomola, F|100/100
|move|p2a: Calyrex|Astral Barrage|p1a: Alomomola
|-damage|p1a: Alomomola|22/100
|
|-heal|p2a: Calyrex|60/100 tox|[from] item: Leftovers
|-heal|p1a: Alomomola|29/100|[from] item: Leftovers
|-damage|p2a: Calyrex|35/100 tox|[from] psn
|upkeep
|turn|17
|
|t:|1657240719
|move|p1a: Alomomola|Protect|p1a: Alomomola
|-singleturn|p1a: Alomomola|Protect
|move|p2a: Calyrex|Astral Barrage|p1a: Alomomola
|-activate|p1a: Alomomola|move: Protect
|
|-heal|p2a: Calyrex|41/100 tox|[from] item: Leftovers
|-heal|p1a: Alomomola|35/100|[from] item: Leftovers
|-damage|p2a: Calyrex|10/100 tox|[from] psn
|upkeep
|turn|18
|
|t:|1657240739
|switch|p1a: Magnemite|Magnemite, L1|82/100
|move|p2a: Calyrex|Leech Seed|p1a: Magnemite
|-start|p1a: Magnemite|move: Leech Seed
|
|-heal|p2a: Calyrex|16/100 tox|[from] item: Leftovers
|-damage|p1a: Magnemite|73/100|[from] Leech Seed|[of] p2a: Calyrex
|-heal|p2a: Calyrex|17/100 tox|[silent]
|-damage|p2a: Calyrex|0 fnt|[from] psn
|faint|p2a: Calyrex
|upkeep
|
|t:|1657240747
|switch|p2a: Yveltal|Yveltal|100/100
|-ability|p2a: Yveltal|Dark Aura
|turn|19
|
|t:|1657240754
|move|p2a: Yveltal|Knock Off|p1a: Magnemite
|-damage|p1a: Magnemite|0 fnt
|-enditem|p1a: Magnemite|Berry Juice|[from] move: Knock Off|[of] p2a: Yveltal
|faint|p1a: Magnemite
|
|upkeep
|
|t:|1657240761
|switch|p1a: Manectric|Manectric-Mega, M|51/100
|-ability|p1a: Manectric|Intimidate|boost
|-unboost|p2a: Yveltal|atk|1
|turn|20
|
|t:|1657240766
|move|p2a: Yveltal|Sucker Punch|p1a: Manectric
|-damage|p1a: Manectric|11/100
|move|p1a: Manectric|Volt Switch|p2a: Yveltal
|-supereffective|p2a: Yveltal
|-damage|p2a: Yveltal|53/100
|
|t:|1657240773
|switch|p1a: Alomomola|Alomomola, F|68/100|[from]move: Volt Switch
|
|-heal|p1a: Alomomola|74/100|[from] item: Leftovers
|upkeep
|turn|21
|
|t:|1657240776
|switch|p1a: Manectric|Manectric-Mega, M|11/100
|-ability|p1a: Manectric|Intimidate|boost
|-unboost|p2a: Yveltal|atk|1
|move|p2a: Yveltal|Roost|p2a: Yveltal
|-heal|p2a: Yveltal|100/100
|-singleturn|p2a: Yveltal|move: Roost
|
|upkeep
|turn|22
|
|t:|1657240784
|switch|p1a: Alomomola|Alomomola, F|100/100
|move|p2a: Yveltal|Sucker Punch||[still]
|-fail|p2a: Yveltal
|
|upkeep
|turn|23
|
|t:|1657240789
|move|p2a: Yveltal|Knock Off|p1a: Alomomola
|-damage|p1a: Alomomola|85/100
|-enditem|p1a: Alomomola|Leftovers|[from] move: Knock Off|[of] p2a: Yveltal
|move|p1a: Alomomola|Toxic|p2a: Yveltal
|-status|p2a: Yveltal|tox
|
|-damage|p2a: Yveltal|94/100 tox|[from] psn
|upkeep
|turn|24
|
|t:|1657240801
|switch|p2a: Xerneas|Xerneas|69/100
|-ability|p2a: Xerneas|Fairy Aura
|move|p1a: Alomomola|Protect||[still]
|-fail|p1a: Alomomola
|
|upkeep
|turn|25
|
|t:|1657240804
|move|p2a: Xerneas|Thunderbolt|p1a: Alomomola
|-supereffective|p1a: Alomomola
|-damage|p1a: Alomomola|8/100
|move|p1a: Alomomola|Toxic|p2a: Xerneas
|-status|p2a: Xerneas|tox
|
|-damage|p2a: Xerneas|63/100 tox|[from] psn
|upkeep
|turn|26
|
|t:|1657240811
|switch|p1a: Gloom|Gloom, M|100/100
|move|p2a: Xerneas|Thunderbolt|p1a: Gloom
|-resisted|p1a: Gloom
|-damage|p1a: Gloom|89/100
|-status|p1a: Gloom|par
|
|-damage|p2a: Xerneas|51/100 tox|[from] psn
|upkeep
|turn|27
|
|t:|1657240817
|-start|p2a: Xerneas|Dynamax|
|-heal|p2a: Xerneas|51/100 tox|[silent]
|move|p2a: Xerneas|Max Starfall|p1a: Gloom
|-resisted|p1a: Gloom
|-damage|p1a: Gloom|55/100 par
|-fieldstart|move: Misty Terrain
|move|p1a: Gloom|Leech Seed|p2a: Xerneas
|-start|p2a: Xerneas|move: Leech Seed
|
|-damage|p2a: Xerneas|45/100 tox|[from] Leech Seed|[of] p1a: Gloom
|-heal|p1a: Gloom|72/100 par|[silent]
|-damage|p2a: Xerneas|35/100 tox|[from] psn
|upkeep
|turn|28
|
|t:|1657240825
|move|p2a: Xerneas|Max Quake|p1a: Gloom
|-damage|p1a: Gloom|42/100 par
|-boost|p2a: Xerneas|spd|1
|cant|p1a: Gloom|par
|
|-damage|p2a: Xerneas|29/100 tox|[from] Leech Seed|[of] p1a: Gloom
|-heal|p1a: Gloom|60/100 par|[silent]
|-damage|p2a: Xerneas|17/100 tox|[from] psn
|upkeep
|turn|29
|
|t:|1657240835
|move|p2a: Xerneas|Max Guard|p2a: Xerneas
|-singleturn|p2a: Xerneas|Max Guard
|move|p1a: Gloom|Protect||[still]
|-fail|p1a: Gloom
|
|-damage|p2a: Xerneas|11/100 tox|[from] Leech Seed|[of] p1a: Gloom
|-heal|p1a: Gloom|77/100 par|[silent]
|-damage|p2a: Xerneas|0 fnt|[from] psn
|faint|p2a: Xerneas
|upkeep
|
|t:|1657240846
|switch|p2a: Arceus|Arceus|100/100
|turn|30
|
|t:|1657240857
|move|p2a: Arceus|Swords Dance|p2a: Arceus
|-boost|p2a: Arceus|atk|2
|move|p1a: Gloom|Toxic|p2a: Arceus
|-activate|p2a: Arceus|move: Misty Terrain
|
|upkeep
|turn|31
|
|t:|1657240864
|move|p2a: Arceus|Extreme Speed|p1a: Gloom
|-damage|p1a: Gloom|0 fnt
|faint|p1a: Gloom
|-damage|p2a: Arceus|91/100|[from] item: Life Orb
|
|-fieldend|Misty Terrain
|upkeep
|
|t:|1657240868
|switch|p1a: Pyukumuku|Pyukumuku, F|100/100
|turn|32
|
|t:|1657240872
|move|p2a: Arceus|Extreme Speed|p1a: Pyukumuku
|-damage|p1a: Pyukumuku|54/100
|-damage|p2a: Arceus|81/100|[from] item: Life Orb
|move|p1a: Pyukumuku|Counter|p2a: Arceus
|-damage|p2a: Arceus|15/100
|
|-heal|p1a: Pyukumuku|60/100|[from] item: Leftovers
|upkeep
|turn|33
|
|t:|1657240883
|move|p2a: Arceus|Recover|p2a: Arceus
|-heal|p2a: Arceus|65/100
|move|p1a: Pyukumuku|Toxic|p2a: Arceus
|-status|p2a: Arceus|tox
|
|-heal|p1a: Pyukumuku|66/100|[from] item: Leftovers
|-damage|p2a: Arceus|59/100 tox|[from] psn
|upkeep
|turn|34
|
|t:|1657240890
|move|p2a: Arceus|Extreme Speed|p1a: Pyukumuku
|-damage|p1a: Pyukumuku|20/100
|-damage|p2a: Arceus|49/100 tox|[from] item: Life Orb
|move|p1a: Pyukumuku|Recover|p1a: Pyukumuku
|-heal|p1a: Pyukumuku|70/100
|
|-heal|p1a: Pyukumuku|76/100|[from] item: Leftovers
|-damage|p2a: Arceus|37/100 tox|[from] psn
|upkeep
|turn|35
|
|t:|1657240897
|move|p2a: Arceus|Swords Dance|p2a: Arceus
|-boost|p2a: Arceus|atk|2
|move|p1a: Pyukumuku|Recover|p1a: Pyukumuku
|-heal|p1a: Pyukumuku|100/100
|
|-damage|p2a: Arceus|19/100 tox|[from] psn
|upkeep
|turn|36
|
|t:|1657240907
|move|p2a: Arceus|Extreme Speed|p1a: Pyukumuku
|-damage|p1a: Pyukumuku|52/100
|-damage|p2a: Arceus|9/100 tox|[from] item: Life Orb
|move|p1a: Pyukumuku|Recover|p1a: Pyukumuku
|-heal|p1a: Pyukumuku|100/100
|
|-damage|p2a: Arceus|0 fnt|[from] psn
|faint|p2a: Arceus
|upkeep
|
|t:|1657240911
|switch|p2a: Yveltal|Yveltal|94/100 tox
|-ability|p2a: Yveltal|Dark Aura
|turn|37
|
|t:|1657240920
|switch|p1a: Alomomola|Alomomola, F|42/100
|move|p2a: Yveltal|Knock Off|p1a: Alomomola
|-crit|p1a: Alomomola
|-damage|p1a: Alomomola|12/100
|
|-damage|p2a: Yveltal|88/100 tox|[from] psn
|upkeep
|turn|38
|
|t:|1657240928
|switch|p1a: Pyukumuku|Pyukumuku, F|100/100
|move|p2a: Yveltal|Sucker Punch||[still]
|-fail|p2a: Yveltal
|
|-damage|p2a: Yveltal|76/100 tox|[from] psn
|upkeep
|turn|39
|
|t:|1657240931
|switch|p1a: Alomomola|Alomomola, F|45/100
|move|p2a: Yveltal|Knock Off|p1a: Alomomola
|-crit|p1a: Alomomola
|-damage|p1a: Alomomola|18/100
|
|-damage|p2a: Yveltal|57/100 tox|[from] psn
|upkeep
|turn|40
|
|t:|1657240935
|switch|p1a: Pyukumuku|Pyukumuku, F|100/100
|move|p2a: Yveltal|Roost|p2a: Yveltal
|-heal|p2a: Yveltal|100/100 tox
|-singleturn|p2a: Yveltal|move: Roost
|
|-damage|p2a: Yveltal|76/100 tox|[from] psn
|upkeep
|turn|41
|
|t:|1657240947
|switch|p1a: Alomomola|Alomomola, F|51/100
|move|p2a: Yveltal|Knock Off|p1a: Alomomola
|-damage|p1a: Alomomola|30/100
|
|-damage|p2a: Yveltal|45/100 tox|[from] psn
|upkeep
|turn|42
|
|t:|1657240957
|move|p1a: Alomomola|Protect|p1a: Alomomola
|-singleturn|p1a: Alomomola|Protect
|move|p2a: Yveltal|Roost|p2a: Yveltal
|-heal|p2a: Yveltal|95/100 tox
|-singleturn|p2a: Yveltal|move: Roost
|
|-damage|p2a: Yveltal|58/100 tox|[from] psn
|upkeep
|turn|43
|
|t:|1657240962
|switch|p1a: Pyukumuku|Pyukumuku, F|100/100
|move|p2a: Yveltal|Knock Off|p1a: Pyukumuku
|-damage|p1a: Pyukumuku|53/100
|-enditem|p1a: Pyukumuku|Leftovers|[from] move: Knock Off|[of] p2a: Yveltal
|
|-damage|p2a: Yveltal|15/100 tox|[from] psn
|upkeep
|turn|44
|
|t:|1657240975
|move|p2a: Yveltal|Roost|p2a: Yveltal
|-heal|p2a: Yveltal|65/100 tox
|-singleturn|p2a: Yveltal|move: Roost
|move|p1a: Pyukumuku|Recover|p1a: Pyukumuku
|-heal|p1a: Pyukumuku|100/100
|
|-damage|p2a: Yveltal|16/100 tox|[from] psn
|upkeep
|turn|45
|c|☆frostcrush|gg
|
|t:|1657240983
|move|p2a: Yveltal|Knock Off|p1a: Pyukumuku
|-damage|p1a: Pyukumuku|69/100
|move|p1a: Pyukumuku|Recover|p1a: Pyukumuku
|-heal|p1a: Pyukumuku|100/100
|
|-damage|p2a: Yveltal|0 fnt|[from] psn
|faint|p2a: Yveltal
|upkeep
|
|t:|1657240988
|switch|p2a: Ditto|Ditto|100/100
|-transform|p2a: Ditto|p1a: Pyukumuku|[from] ability: Imposter
|turn|46
|c|☆frostcrush|ditto cant do shit to me xD
|
|t:|1657240997
|move|p2a: Ditto|Toxic|p1a: Pyukumuku
|-status|p1a: Pyukumuku|tox
|move|p1a: Pyukumuku|Toxic|p2a: Ditto
|-status|p2a: Ditto|tox
|
|-damage|p2a: Ditto|94/100 tox|[from] psn
|-damage|p1a: Pyukumuku|94/100 tox|[from] psn
|upkeep
|turn|47
|c|☆MixedTiers|ok
|inactive|frostcrush has 120 seconds left.
|
|t:|1657241033
|move|p2a: Ditto|Toxic|p1a: Pyukumuku|[miss]
|-miss|p2a: Ditto|p1a: Pyukumuku
|move|p1a: Pyukumuku|Recover|p1a: Pyukumuku
|-heal|p1a: Pyukumuku|100/100 tox
|
|-damage|p2a: Ditto|82/100 tox|[from] psn
|-damage|p1a: Pyukumuku|88/100 tox|[from] psn
|upkeep
|turn|48
|inactive|frostcrush has 120 seconds left.
|-message|MixedTiers forfeited.
|
|win|frostcrush
|raw|frostcrush's rating: 1526 &rarr; <strong>1547</strong><br />(+21 for winning)
|raw|MixedTiers's rating: 1539 &rarr; <strong>1518</strong><br />(-21 for losing)
|l|☆MixedTiers
||Ladder isn't responding, score probably updated but might not have (Request timeout).
