|j|☆karakura_red
|j|☆ElitetoN
|t:|1662203828
|gametype|singles
|player|p1|karakura_red|102|1652
|player|p2|ElitetoN|lance-masters|1832
|teamsize|p1|6
|teamsize|p2|6
|gen|8
|tier|[Gen 8] National Dex AG
|rated|
|rule|HP Percentage Mod: HP is shown in percentages
|rule|Endless Battle Clause: Forcing endless battles is banned
|clearpoke
|poke|p1|Arceus-*|
|poke|p1|Arceus-*|
|poke|p1|Arceus-*|
|poke|p1|Arceus-*|
|poke|p1|Arceus-*|
|poke|p1|Arceus-*|
|poke|p2|Arceus-*|
|poke|p2|Rayquaza|
|poke|p2|Kyogre|
|poke|p2|Yveltal|
|poke|p2|Tyranitar, F|
|poke|p2|Necrozma-Dusk-Mane|
|teampreview
|inactive|Battle timer is ON: inactive players will automatically lose when time's up. (requested by ElitetoN)
|
|t:|1662203848
|start
|switch|p1a: Peace|Arceus|100/100
|switch|p2a: Kyogre|Kyogre|100/100
|-weather|RainDance|[from] ability: Drizzle|[of] p2a: Kyogre
|turn|1
|
|t:|1662203854
|move|p2a: Kyogre|Water Spout|p1a: Peace
|-damage|p1a: Peace|15/100
|move|p1a: Peace|Light Screen|p1a: Peace
|-sidestart|p1: karakura_red|move: Light Screen
|
|-weather|RainDance|[upkeep]
|upkeep
|turn|2
|j| Testing teams 596
|
|t:|1662203873
|move|p2a: Kyogre|Water Spout|p1a: Peace
|-damage|p1a: Peace|0 fnt
|faint|p1a: Peace
|
|-weather|RainDance|[upkeep]
|upkeep
|
|t:|1662203888
|switch|p1a: Self-Control|Arceus|100/100
|turn|3
|
|t:|1662203892
|move|p2a: Kyogre|Water Spout|p1a: Self-Control
|-damage|p1a: Self-Control|57/100
|move|p1a: Self-Control|Swords Dance|p1a: Self-Control
|-boost|p1a: Self-Control|atk|2
|
|-weather|RainDance|[upkeep]
|upkeep
|turn|4
|
|t:|1662203901
|switch|p2a: Tyranitar|Tyranitar, F|100/100
|-weather|Sandstorm|[from] ability: Sand Stream|[of] p2a: Tyranitar
|move|p1a: Self-Control|Extreme Speed|p2a: Tyranitar
|-resisted|p2a: Tyranitar
|-damage|p2a: Tyranitar|65/100
|
|-weather|Sandstorm|[upkeep]
|-damage|p1a: Self-Control|51/100|[from] Sandstorm
|-heal|p2a: Tyranitar|71/100|[from] item: Leftovers
|upkeep
|turn|5
|
|t:|1662203904
|move|p1a: Self-Control|Earthquake|p2a: Tyranitar
|-supereffective|p2a: Tyranitar
|-damage|p2a: Tyranitar|0 fnt
|faint|p2a: Tyranitar
|
|-weather|Sandstorm|[upkeep]
|-damage|p1a: Self-Control|45/100|[from] Sandstorm
|upkeep
|
|t:|1662203908
|switch|p2a: Rayquaza|Rayquaza|100/100
|-ability|p2a: Rayquaza|Air Lock
|turn|6
|
|t:|1662203911
|detailschange|p2a: Rayquaza|Rayquaza-Mega
|-mega|p2a: Rayquaza|Rayquaza|
|-weather|DeltaStream|[from] ability: Delta Stream|[of] p2a: Rayquaza
|move|p1a: Self-Control|Extreme Speed|p2a: Rayquaza
|-damage|p2a: Rayquaza|13/100
|move|p2a: Rayquaza|Dragon Ascent|p1a: Self-Control
|-damage|p1a: Self-Control|0 fnt
|-unboost|p2a: Rayquaza|def|1
|-unboost|p2a: Rayquaza|spd|1
|faint|p1a: Self-Control
|
|-weather|DeltaStream|[upkeep]
|upkeep
|
|t:|1662203916
|switch|p1a: Patience|Arceus|100/100
|turn|7
|
|t:|1662203928
|-weather|none
|switch|p2a: Necrozma|Necrozma-Dusk-Mane|100/100
|move|p1a: Patience|Extreme Speed|p2a: Necrozma
|-resisted|p2a: Necrozma
|-damage|p2a: Necrozma|90/100
|-damage|p1a: Patience|84/100|[from] item: Rocky Helmet|[of] p2a: Necrozma
|
|upkeep
|turn|8
|
|t:|1662203940
|switch|p2a: Yveltal|Yveltal, shiny|100/100
|-ability|p2a: Yveltal|Dark Aura
|move|p1a: Patience|Swords Dance|p1a: Patience
|-boost|p1a: Patience|atk|2
|
|-sideend|p1: karakura_red|move: Light Screen
|upkeep
|turn|9
|
|t:|1662203948
|-start|p2a: Yveltal|Dynamax|
|-heal|p2a: Yveltal|100/100|[silent]
|-zpower|p1a: Patience
|move|p1a: Patience|Breakneck Blitz|p2a: Yveltal|[zeffect]
|-damage|p2a: Yveltal|8/100
|move|p2a: Yveltal|Max Airstream|p1a: Patience
|-damage|p1a: Patience|19/100
|-boost|p2a: Yveltal|spe|1
|-damage|p2a: Yveltal|3/100|[from] item: Life Orb
|
|upkeep
|turn|10
|
|t:|1662203962
|move|p1a: Patience|Extreme Speed|p2a: Yveltal
|-damage|p2a: Yveltal|0 fnt
|faint|p2a: Yveltal
|
|upkeep
|
|t:|1662203965
|switch|p2a: Rayquaza|Rayquaza-Mega|13/100
|-weather|DeltaStream|[from] ability: Delta Stream|[of] p2a: Rayquaza
|turn|11
|
|t:|1662203971
|move|p2a: Rayquaza|Extreme Speed|p1a: Patience
|-damage|p1a: Patience|0 fnt
|faint|p1a: Patience
|
|-weather|DeltaStream|[upkeep]
|upkeep
|
|t:|1662203983
|switch|p1a: Kindness|Arceus|100/100
|turn|12
|
|t:|1662203988
|move|p2a: Rayquaza|Extreme Speed|p1a: Kindness
|-damage|p1a: Kindness|76/100
|move|p1a: Kindness|Swords Dance|p1a: Kindness
|-boost|p1a: Kindness|atk|2
|
|-weather|DeltaStream|[upkeep]
|upkeep
|turn|13
|
|t:|1662203992
|move|p2a: Rayquaza|Extreme Speed|p1a: Kindness
|-damage|p1a: Kindness|51/100
|move|p1a: Kindness|Extreme Speed|p2a: Rayquaza
|-damage|p2a: Rayquaza|0 fnt
|faint|p2a: Rayquaza
|-weather|none
|
|upkeep
|
|t:|1662204000
|switch|p2a: Kyogre|Kyogre|100/100
|-weather|RainDance|[from] ability: Drizzle|[of] p2a: Kyogre
|turn|14
|
|t:|1662204011
|switch|p2a: Necrozma|Necrozma-Dusk-Mane|90/100
|move|p1a: Kindness|Extreme Speed|p2a: Necrozma
|-resisted|p2a: Necrozma
|-damage|p2a: Necrozma|66/100
|-damage|p1a: Kindness|35/100|[from] item: Rocky Helmet|[of] p2a: Necrozma
|
|-weather|RainDance|[upkeep]
|upkeep
|turn|15
|
|t:|1662204016
|move|p1a: Kindness|Shadow Claw|p2a: Necrozma
|-supereffective|p2a: Necrozma
|-damage|p2a: Necrozma|29/100
|-damage|p1a: Kindness|18/100|[from] item: Rocky Helmet|[of] p2a: Necrozma
|move|p2a: Necrozma|Sunsteel Strike|p1a: Kindness
|-damage|p1a: Kindness|0 fnt
|faint|p1a: Kindness
|
|-weather|RainDance|[upkeep]
|upkeep
|
|t:|1662204021
|switch|p1a: Joy|Arceus|100/100
|turn|16
|
|t:|1662204026
|move|p1a: Joy|Substitute|p1a: Joy
|-start|p1a: Joy|Substitute
|-damage|p1a: Joy|76/100
|move|p2a: Necrozma|Sunsteel Strike|p1a: Joy
|-end|p1a: Joy|Substitute
|
|-weather|RainDance|[upkeep]
|-heal|p1a: Joy|82/100|[from] item: Leftovers
|upkeep
|turn|17
|
|t:|1662204029
|move|p1a: Joy|Swords Dance|p1a: Joy
|-boost|p1a: Joy|atk|2
|move|p2a: Necrozma|Sunsteel Strike|p1a: Joy
|-damage|p1a: Joy|46/100
|
|-weather|RainDance|[upkeep]
|-heal|p1a: Joy|52/100|[from] item: Leftovers
|upkeep
|turn|18
|
|t:|1662204038
|move|p1a: Joy|Shadow Force||[still]
|-prepare|p1a: Joy|Shadow Force
|move|p2a: Necrozma|Sunsteel Strike|p1a: Joy|[miss]
|-miss|p2a: Necrozma|p1a: Joy
|
|-weather|none
|-heal|p1a: Joy|58/100|[from] item: Leftovers
|upkeep
|turn|19
|
|t:|1662204049
|move|p1a: Joy|Shadow Force|p2a: Necrozma|[from]lockedmove
|-supereffective|p2a: Necrozma
|-damage|p2a: Necrozma|0 fnt
|-damage|p1a: Joy|42/100|[from] item: Rocky Helmet|[of] p2a: Necrozma
|faint|p2a: Necrozma
|
|-heal|p1a: Joy|48/100|[from] item: Leftovers
|upkeep
|
|t:|1662204054
|switch|p2a: Kyogre|Kyogre|100/100
|-weather|RainDance|[from] ability: Drizzle|[of] p2a: Kyogre
|turn|20
|
|t:|1662204060
|move|p1a: Joy|Extreme Speed|p2a: Kyogre
|-damage|p2a: Kyogre|8/100
|move|p2a: Kyogre|Scald|p1a: Joy
|-damage|p1a: Joy|0 fnt
|faint|p1a: Joy
|
|-weather|RainDance|[upkeep]
|upkeep
|
|t:|1662204066
|switch|p1a: Gentleness|Arceus-Flying|100/100
|turn|21
|
|t:|1662204071
|move|p2a: Kyogre|Scald|p1a: Gentleness
|-damage|p1a: Gentleness|54/100
|move|p1a: Gentleness|Calm Mind|p1a: Gentleness
|-boost|p1a: Gentleness|spa|1
|-boost|p1a: Gentleness|spd|1
|
|-weather|RainDance|[upkeep]
|upkeep
|turn|22
|
|t:|1662204074
|move|p2a: Kyogre|Scald|p1a: Gentleness
|-damage|p1a: Gentleness|21/100
|move|p1a: Gentleness|Recover|p1a: Gentleness
|-heal|p1a: Gentleness|72/100
|
|-weather|RainDance|[upkeep]
|upkeep
|turn|23
|
|t:|1662204077
|move|p2a: Kyogre|Scald|p1a: Gentleness
|-damage|p1a: Gentleness|38/100
|move|p1a: Gentleness|Calm Mind|p1a: Gentleness
|-boost|p1a: Gentleness|spa|1
|-boost|p1a: Gentleness|spd|1
|
|-weather|RainDance|[upkeep]
|upkeep
|turn|24
|
|t:|1662204079
|move|p2a: Kyogre|Scald|p1a: Gentleness
|-damage|p1a: Gentleness|14/100
|move|p1a: Gentleness|Recover|p1a: Gentleness
|-heal|p1a: Gentleness|64/100
|
|-weather|none
|upkeep
|turn|25
|
|t:|1662204082
|move|p2a: Kyogre|Scald|p1a: Gentleness
|-damage|p1a: Gentleness|49/100
|move|p1a: Gentleness|Recover|p1a: Gentleness
|-heal|p1a: Gentleness|99/100
|
|upkeep
|turn|26
|
|t:|1662204084
|move|p2a: Kyogre|Scald|p1a: Gentleness
|-damage|p1a: Gentleness|85/100
|move|p1a: Gentleness|Judgment|p2a: Kyogre
|-damage|p2a: Kyogre|0 fnt
|faint|p2a: Kyogre
|
|upkeep
|
|t:|1662204087
|switch|p2a: Arceus|Arceus-Ground|100/100
|turn|27
|
|t:|1662204090
|-start|p1a: Gentleness|Dynamax|
|-heal|p1a: Gentleness|85/100|[silent]
|move|p2a: Arceus|Calm Mind|p2a: Arceus
|-boost|p2a: Arceus|spa|1
|-boost|p2a: Arceus|spd|1
|move|p1a: Gentleness|Max Airstream|p2a: Arceus
|-damage|p2a: Arceus|46/100
|-boost|p1a: Gentleness|spe|1
|
|upkeep
|turn|28
|
|t:|1662204092
|move|p1a: Gentleness|Max Airstream|p2a: Arceus
|-damage|p2a: Arceus|0 fnt
|-boost|p1a: Gentleness|spe|1
|faint|p2a: Arceus
|
|win|karakura_red
|raw|karakura_red's rating: 1652 &rarr; <strong>1682</strong><br />(+30 for winning)
|raw|ElitetoN's rating: 1832 &rarr; <strong>1802</strong><br />(-30 for losing)
|l|☆ElitetoN
|c|☆karakura_red|Gg
