|j|☆Flynn Watson ^~^
|j|☆Horseradisk
|t:|1641100010
|gametype|singles
|player|p1|Flynn Watson ^~^|lady|1829
|player|p2|Horseradisk|266|1848
|teamsize|p1|6
|teamsize|p2|6
|gen|8
|tier|[Gen 8] National Dex AG
|rated|
|rule|HP Percentage Mod: HP is shown in percentages
|rule|Endless Battle Clause: Forcing endless battles is banned
|clearpoke
|poke|p1|Excadrill, M|
|poke|p1|Rayquaza|
|poke|p1|Calyrex-Shadow|
|poke|p1|Kyurem-Black|
|poke|p1|Yveltal|
|poke|p1|Xerneas-*|
|poke|p2|Groudon|
|poke|p2|Zacian-*|
|poke|p2|Yveltal|
|poke|p2|Necrozma-Dusk-Mane|
|poke|p2|Rayquaza|
|poke|p2|Arceus-*|
|teampreview
|
|t:|1641100014
|start
|switch|p1a: Excadrill|Excadrill, M|100/100
|switch|p2a: Rayquaza|Rayquaza|100/100
|-ability|p2a: Rayquaza|Air Lock
|-ability|p1a: Excadrill|Mold Breaker
|turn|1
|
|t:|1641100017
|detailschange|p2a: Rayquaza|Rayquaza-Mega
|-mega|p2a: Rayquaza|Rayquaza|
|-weather|DeltaStream|[from] ability: Delta Stream|[of] p2a: Rayquaza
|move|p2a: Rayquaza|Earthquake|p1a: Excadrill
|-supereffective|p1a: Excadrill
|-enditem|p1a: Excadrill|Focus Sash
|-damage|p1a: Excadrill|1/100
|move|p1a: Excadrill|Stealth Rock|p2a: Rayquaza
|-sidestart|p2: Horseradisk|move: Stealth Rock
|
|-weather|DeltaStream|[upkeep]
|upkeep
|turn|2
|
|t:|1641100027
|move|p2a: Rayquaza|Dragon Dance|p2a: Rayquaza
|-boost|p2a: Rayquaza|atk|1
|-boost|p2a: Rayquaza|spe|1
|move|p1a: Excadrill|Stealth Rock||[still]
|-fail|p1a: Excadrill
|
|-weather|DeltaStream|[upkeep]
|upkeep
|turn|3
|
|t:|1641100040
|move|p2a: Rayquaza|Extreme Speed|p1a: Excadrill
|-resisted|p1a: Excadrill
|-damage|p1a: Excadrill|0 fnt
|faint|p1a: Excadrill
|
|-weather|DeltaStream|[upkeep]
|upkeep
|
|t:|1641100043
|switch|p1a: Kyurem|Kyurem-Black|100/100
|-ability|p1a: Kyurem|Teravolt
|turn|4
|
|t:|1641100052
|-weather|none
|switch|p2a: Necrozma|Necrozma-Dusk-Mane|100/100
|-damage|p2a: Necrozma|94/100|[from] Stealth Rock
|move|p1a: Kyurem|Icicle Spear|p2a: Necrozma
|-resisted|p2a: Necrozma
|-damage|p2a: Necrozma|89/100
|-resisted|p2a: Necrozma
|-damage|p2a: Necrozma|83/100
|-resisted|p2a: Necrozma
|-damage|p2a: Necrozma|77/100
|-hitcount|p2a: Necrozma|3
|-damage|p1a: Kyurem|91/100|[from] item: Life Orb
|
|upkeep
|turn|5
|
|t:|1641100057
|move|p1a: Kyurem|Substitute|p1a: Kyurem
|-start|p1a: Kyurem|Substitute
|-damage|p1a: Kyurem|66/100
|move|p2a: Necrozma|Thunder Wave||[still]
|-fail|p2a: Necrozma
|
|upkeep
|turn|6
|
|t:|1641100061
|move|p1a: Kyurem|Dragon Dance|p1a: Kyurem
|-boost|p1a: Kyurem|atk|1
|-boost|p1a: Kyurem|spe|1
|move|p2a: Necrozma|Sunsteel Strike|p1a: Kyurem
|-supereffective|p1a: Kyurem
|-end|p1a: Kyurem|Substitute
|
|upkeep
|turn|7
|
|t:|1641100071
|move|p1a: Kyurem|Fusion Bolt|p2a: Necrozma
|-damage|p2a: Necrozma|34/100
|-damage|p1a: Kyurem|56/100|[from] item: Life Orb
|move|p2a: Necrozma|Sunsteel Strike|p1a: Kyurem
|-supereffective|p1a: Kyurem
|-damage|p1a: Kyurem|0 fnt
|faint|p1a: Kyurem
|
|upkeep
|
|t:|1641100075
|switch|p1a: Calyrex|Calyrex-Shadow|100/100
|-ability|p1a: Calyrex|As One
|-ability|p1a: Calyrex|Unnerve
|turn|8
|
|t:|1641100078
|switch|p2a: Yveltal|Yveltal|100/100
|-ability|p2a: Yveltal|Dark Aura
|move|p1a: Calyrex|Nasty Plot|p1a: Calyrex
|-boost|p1a: Calyrex|spa|2
|
|upkeep
|turn|9
|
|t:|1641100084
|move|p1a: Calyrex|Baton Pass|p1a: Calyrex
|
|t:|1641100087
|switch|p1a: Yveltal|Yveltal|100/100|[from]move: Baton Pass
|-ability|p1a: Yveltal|Dark Aura
|move|p2a: Yveltal|Snarl|p1a: Yveltal
|-resisted|p1a: Yveltal
|-damage|p1a: Yveltal|86/100
|-unboost|p1a: Yveltal|spa|1
|
|upkeep
|turn|10
|
|t:|1641100091
|-start|p1a: Yveltal|Dynamax
|-heal|p1a: Yveltal|86/100|[silent]
|move|p1a: Yveltal|Max Airstream|p2a: Yveltal
|-damage|p2a: Yveltal|20/100
|-boost|p1a: Yveltal|spe|1
|-damage|p1a: Yveltal|81/100|[from] item: Life Orb
|move|p2a: Yveltal|Snarl|p1a: Yveltal
|-resisted|p1a: Yveltal
|-damage|p1a: Yveltal|74/100
|-unboost|p1a: Yveltal|spa|1
|
|upkeep
|turn|11
|
|t:|1641100099
|move|p1a: Yveltal|Max Airstream|p2a: Yveltal
|-damage|p2a: Yveltal|0 fnt
|-boost|p1a: Yveltal|spe|1
|faint|p2a: Yveltal
|-damage|p1a: Yveltal|70/100|[from] item: Life Orb
|
|upkeep
|
|t:|1641100104
|switch|p2a: Necrozma|Necrozma-Dusk-Mane|34/100
|-damage|p2a: Necrozma|28/100|[from] Stealth Rock
|turn|12
|
|t:|1641100107
|move|p1a: Yveltal|Max Flare|p2a: Necrozma
|-supereffective|p2a: Necrozma
|-damage|p2a: Necrozma|0 fnt
|-weather|SunnyDay
|faint|p2a: Necrozma
|-damage|p1a: Yveltal|65/100|[from] item: Life Orb
|
|-weather|SunnyDay|[upkeep]
|-end|p1a: Yveltal|Dynamax
|-heal|p1a: Yveltal|65/100|[silent]
|upkeep
|
|t:|1641100129
|switch|p2a: Groudon|Groudon|100/100
|-damage|p2a: Groudon|94/100|[from] Stealth Rock
|detailschange|p2a: Groudon|Groudon-Primal
|-primal|p2a: Groudon
|-weather|DesolateLand|[from] ability: Desolate Land|[of] p2a: Groudon
|turn|13
|
|t:|1641100133
|move|p1a: Yveltal|Dark Pulse|p2a: Groudon
|-damage|p2a: Groudon|10/100
|-damage|p1a: Yveltal|55/100|[from] item: Life Orb
|cant|p2a: Groudon|flinch
|
|-weather|DesolateLand|[upkeep]
|upkeep
|turn|14
|
|t:|1641100141
|move|p1a: Yveltal|Oblivion Wing|p2a: Groudon
|-damage|p2a: Groudon|0 fnt
|-heal|p1a: Yveltal|61/100|[from] drain|[of] p2a: Groudon
|faint|p2a: Groudon
|-weather|none
|-damage|p1a: Yveltal|52/100|[from] item: Life Orb
|
|upkeep
|
|t:|1641100151
|switch|p2a: Arceus|Arceus-Steel|100/100
|-damage|p2a: Arceus|94/100|[from] Stealth Rock
|turn|15
|
|t:|1641100156
|-start|p2a: Arceus|Dynamax
|-heal|p2a: Arceus|94/100|[silent]
|move|p1a: Yveltal|Heat Wave|p2a: Arceus
|-supereffective|p2a: Arceus
|-damage|p2a: Arceus|61/100
|-damage|p1a: Yveltal|42/100|[from] item: Life Orb
|move|p2a: Arceus|Max Steelspike|p1a: Yveltal
|-damage|p1a: Yveltal|0 fnt
|-boost|p2a: Arceus|def|1
|faint|p1a: Yveltal
|
|upkeep
|
|t:|1641100168
|switch|p1a: Calyrex|Calyrex-Shadow|100/100
|-ability|p1a: Calyrex|As One
|-ability|p1a: Calyrex|Unnerve
|turn|16
|
|t:|1641100172
|move|p1a: Calyrex|Nasty Plot|p1a: Calyrex
|-boost|p1a: Calyrex|spa|2
|move|p2a: Arceus|Max Steelspike|p1a: Calyrex
|-damage|p1a: Calyrex|43/100
|-boost|p2a: Arceus|def|1
|
|upkeep
|turn|17
|
|t:|1641100179
|move|p1a: Calyrex|Astral Barrage|p2a: Arceus
|-damage|p2a: Arceus|14/100
|move|p2a: Arceus|Max Steelspike|p1a: Calyrex
|-damage|p1a: Calyrex|0 fnt
|-boost|p2a: Arceus|def|1
|faint|p1a: Calyrex
|
|-end|p2a: Arceus|Dynamax
|-heal|p2a: Arceus|14/100|[silent]
|upkeep
|
|t:|1641100185
|switch|p1a: Rayquaza|Rayquaza|100/100
|-ability|p1a: Rayquaza|Air Lock
|turn|18
|
|t:|1641100188
|detailschange|p1a: Rayquaza|Rayquaza-Mega
|-mega|p1a: Rayquaza|Rayquaza|
|-weather|DeltaStream|[from] ability: Delta Stream|[of] p1a: Rayquaza
|move|p2a: Arceus|Judgment|p1a: Rayquaza
|-damage|p1a: Rayquaza|54/100
|move|p1a: Rayquaza|Dragon Dance|p1a: Rayquaza
|-boost|p1a: Rayquaza|atk|1
|-boost|p1a: Rayquaza|spe|1
|
|-weather|DeltaStream|[upkeep]
|upkeep
|turn|19
|
|t:|1641100194
|move|p1a: Rayquaza|Dragon Ascent|p2a: Arceus
|-resisted|p2a: Arceus
|-damage|p2a: Arceus|0 fnt
|-unboost|p1a: Rayquaza|def|1
|-unboost|p1a: Rayquaza|spd|1
|faint|p2a: Arceus
|-damage|p1a: Rayquaza|44/100|[from] item: Life Orb
|
|-weather|DeltaStream|[upkeep]
|upkeep
|
|t:|1641100196
|switch|p2a: Rayquaza|Rayquaza-Mega|100/100
|-damage|p2a: Rayquaza|76/100|[from] Stealth Rock
|turn|20
|
|t:|1641100199
|move|p1a: Rayquaza|Extreme Speed|p2a: Rayquaza
|-damage|p2a: Rayquaza|4/100
|-damage|p1a: Rayquaza|34/100|[from] item: Life Orb
|move|p2a: Rayquaza|Extreme Speed|p1a: Rayquaza
|-damage|p1a: Rayquaza|0 fnt
|faint|p1a: Rayquaza
|
|-weather|DeltaStream|[upkeep]
|upkeep
|
|t:|1641100202
|switch|p1a: Xerneas|Xerneas|100/100
|-ability|p1a: Xerneas|Fairy Aura
|turn|21
|
|t:|1641100205
|move|p2a: Rayquaza|Dragon Ascent|p1a: Xerneas
|-damage|p1a: Xerneas|33/100
|-unboost|p2a: Rayquaza|def|1
|-unboost|p2a: Rayquaza|spd|1
|move|p1a: Xerneas|Geomancy||[still]
|-prepare|p1a: Xerneas|Geomancy
|-enditem|p1a: Xerneas|Power Herb
|-anim|p1a: Xerneas|Geomancy|p1a: Xerneas
|-boost|p1a: Xerneas|spa|2
|-boost|p1a: Xerneas|spd|2
|-boost|p1a: Xerneas|spe|2
|
|-weather|DeltaStream|[upkeep]
|upkeep
|turn|22
|
|t:|1641100208
|move|p2a: Rayquaza|Extreme Speed|p1a: Xerneas
|-damage|p1a: Xerneas|2/100
|move|p1a: Xerneas|Moonblast|p2a: Rayquaza
|-supereffective|p2a: Rayquaza
|-damage|p2a: Rayquaza|0 fnt
|faint|p2a: Rayquaza
|-weather|none
|
|upkeep
|
|t:|1641100211
|switch|p2a: Zacian|Zacian-Crowned|100/100
|-damage|p2a: Zacian|94/100|[from] Stealth Rock
|-ability|p2a: Zacian|Intrepid Sword|boost
|-boost|p2a: Zacian|atk|1
|turn|23
|
|t:|1641100214
|move|p1a: Xerneas|Thunder|p2a: Zacian
|-damage|p2a: Zacian|19/100
|-status|p2a: Zacian|par
|cant|p2a: Zacian|par
|
|upkeep
|turn|24
|c|☆Horseradisk|Oh come on
|c|☆Horseradisk|The fuck was that
|
|t:|1641100236
|move|p1a: Xerneas|Moonblast|p2a: Zacian
|-resisted|p2a: Zacian
|-damage|p2a: Zacian|0 fnt
|faint|p2a: Zacian
|
|win|Flynn Watson ^~^
|raw|Flynn Watson ^~^'s rating: 1829 &rarr; <strong>1850</strong><br />(+21 for winning)
|raw|Horseradisk's rating: 1848 &rarr; <strong>1827</strong><br />(-21 for losing)
|l|☆Horseradisk
|c|☆Flynn Watson ^~^|Poggers
|c|☆Flynn Watson ^~^|Now that's pure hax
|j| D→luxe
|j| the mightyena69
|l| the mightyena69
|c| D→luxe|LMAO
|l| D→luxe
|j| 08-11b
|c| 08-11b|rip
|c| 08-11b|;-;
|l| 08-11b
|j| I am best in ag
|n| AGofz4 Pokemh|agofz4pokemh
|n| pokemhs|agofz4pokemh
|l| I am best in ag
|l|☆Flynn Watson ^~^
