|j|☆TxunT
|j|☆A Bread Sandwich
|inactive|Battle timer is ON: inactive players will automatically lose when time's up.
|t:|1665963895
|gametype|singles
|player|p1|TxunT|beni-ninja|
|player|p2|A Bread Sandwich|102|
|teamsize|p1|6
|teamsize|p2|6
|gen|8
|tier|[Gen 8] National Dex AG
|rated|Tournament battle
|rule|HP Percentage Mod: HP is shown in percentages
|rule|Endless Battle Clause: Forcing endless battles is banned
|clearpoke
|poke|p1|Zygarde|
|poke|p1|Yveltal|
|poke|p1|Calyrex-Shadow|
|poke|p1|Necrozma-Dusk-Mane|
|poke|p1|Rayquaza|
|poke|p1|Arceus-*|
|poke|p2|Arceus-*|
|poke|p2|Aerodactyl, F|
|poke|p2|Smeargle, M|
|poke|p2|Smeargle, F|
|poke|p2|Xerneas-*|
|poke|p2|Rayquaza|
|teampreview
|
|t:|1665963915
|start
|switch|p1a: Rayquaza|Rayquaza|100/100
|switch|p2a: Aerodactyl|Aerodactyl, F|100/100
|-ability|p2a: Aerodactyl|Unnerve
|-ability|p1a: Rayquaza|Air Lock
|turn|1
|
|t:|1665963922
|detailschange|p1a: Rayquaza|Rayquaza-Mega
|-mega|p1a: Rayquaza|Rayquaza|
|-weather|DeltaStream|[from] ability: Delta Stream|[of] p1a: Rayquaza
|move|p2a: Aerodactyl|Stealth Rock|p1a: Rayquaza
|-sidestart|p1: TxunT|move: Stealth Rock
|move|p1a: Rayquaza|Scale Shot|p2a: Aerodactyl
|-damage|p2a: Aerodactyl|73/100
|-damage|p2a: Aerodactyl|43/100
|-damage|p2a: Aerodactyl|16/100
|-hitcount|p2a: Aerodactyl|3
|-unboost|p1a: Rayquaza|def|1
|-boost|p1a: Rayquaza|spe|1
|
|-weather|DeltaStream|[upkeep]
|upkeep
|turn|2
|
|t:|1665963937
|move|p1a: Rayquaza|Scale Shot|p2a: Aerodactyl
|-damage|p2a: Aerodactyl|0 fnt
|faint|p2a: Aerodactyl
|-hitcount|p2: Aerodactyl|1
|-unboost|p1a: Rayquaza|def|1
|-boost|p1a: Rayquaza|spe|1
|
|-weather|DeltaStream|[upkeep]
|upkeep
|
|t:|1665963943
|switch|p2a: Xerneas|Xerneas|100/100
|-ability|p2a: Xerneas|Fairy Aura
|turn|3
|j| Wizarhrd2
|
|t:|1665963946
|move|p1a: Rayquaza|Dragon Ascent|p2a: Xerneas
|-damage|p2a: Xerneas|26/100
|-unboost|p1a: Rayquaza|def|1
|-unboost|p1a: Rayquaza|spd|1
|move|p2a: Xerneas|Moonblast|p1a: Rayquaza
|-supereffective|p1a: Rayquaza
|-enditem|p1a: Rayquaza|Focus Sash
|-damage|p1a: Rayquaza|1/100
|
|-weather|DeltaStream|[upkeep]
|upkeep
|turn|4
|
|t:|1665963949
|move|p1a: Rayquaza|Dragon Ascent|p2a: Xerneas
|-damage|p2a: Xerneas|0 fnt
|-unboost|p1a: Rayquaza|def|1
|-unboost|p1a: Rayquaza|spd|1
|faint|p2a: Xerneas
|
|-weather|DeltaStream|[upkeep]
|upkeep
|
|t:|1665963951
|switch|p2a: Arceus|Arceus-Ghost|100/100
|turn|5
|
|t:|1665963954
|-weather|none
|switch|p1a: Calyrex|Calyrex-Shadow|100/100
|-ability|p1a: Calyrex|As One
|-ability|p1a: Calyrex|Unnerve
|-damage|p1a: Calyrex|88/100|[from] Stealth Rock
|move|p2a: Arceus|Extreme Speed|p1a: Calyrex
|-immune|p1a: Calyrex
|
|upkeep
|turn|6
|
|t:|1665963960
|switch|p2a: Smeargle|Smeargle, F|100/100
|move|p1a: Calyrex|Substitute|p1a: Calyrex
|-start|p1a: Calyrex|Substitute
|-damage|p1a: Calyrex|63/100
|
|-ability|p2a: Smeargle|Moody|boost
|-boost|p2a: Smeargle|spd|2
|-unboost|p2a: Smeargle|atk|1
|upkeep
|turn|7
|
|t:|1665963967
|move|p1a: Calyrex|Psyshock|p2a: Smeargle
|-enditem|p2a: Smeargle|Focus Sash
|-damage|p2a: Smeargle|1/100
|move|p2a: Smeargle|Sticky Web|p1a: Calyrex
|-sidestart|p1: TxunT|move: Sticky Web
|
|-ability|p2a: Smeargle|Moody|boost
|-boost|p2a: Smeargle|spe|2
|-unboost|p2a: Smeargle|def|1
|upkeep
|turn|8
|
|t:|1665963972
|move|p2a: Smeargle|Baton Pass|p2a: Smeargle
|
|t:|1665963974
|switch|p2a: Arceus|Arceus-Ghost|100/100|[from]move: Baton Pass
|move|p1a: Calyrex|Psyshock|p2a: Arceus
|-damage|p2a: Arceus|42/100
|
|upkeep
|turn|9
|
|t:|1665963978
|move|p2a: Arceus|Shadow Force||[still]
|-prepare|p2a: Arceus|Shadow Force
|move|p1a: Calyrex|Astral Barrage|p2a: Arceus|[miss]
|-miss|p1a: Calyrex|p2a: Arceus
|
|upkeep
|turn|10
|
|t:|1665963982
|move|p2a: Arceus|Shadow Force|p1a: Calyrex|[from]lockedmove
|-supereffective|p1a: Calyrex
|-end|p1a: Calyrex|Substitute
|move|p1a: Calyrex|Astral Barrage|p2a: Arceus
|-supereffective|p2a: Arceus
|-damage|p2a: Arceus|0 fnt
|faint|p2a: Arceus
|-ability|p1a: Calyrex|Grim Neigh|boost
|-boost|p1a: Calyrex|spa|1
|
|upkeep
|c| Wizarhrd2|lets go taunt
|
|t:|1665963987
|switch|p2a: Rayquaza|Rayquaza|100/100
|-ability|p2a: Rayquaza|Air Lock
|turn|11
|
|t:|1665963993
|detailschange|p2a: Rayquaza|Rayquaza-Mega
|-mega|p2a: Rayquaza|Rayquaza|
|-weather|DeltaStream|[from] ability: Delta Stream|[of] p2a: Rayquaza
|move|p1a: Calyrex|Astral Barrage|p2a: Rayquaza
|-damage|p2a: Rayquaza|0 fnt
|faint|p2a: Rayquaza
|-weather|none
|-ability|p1a: Calyrex|Grim Neigh|boost
|-boost|p1a: Calyrex|spa|1
|
|upkeep
|c| Wizarhrd2|beat the smeargles
|
|t:|1665964003
|switch|p2a: Smeargle|Smeargle, M|100/100
|turn|12
|
|t:|1665964006
|-start|p2a: Smeargle|Dynamax|
|-heal|p2a: Smeargle|100/100|[silent]
|move|p2a: Smeargle|Max Guard|p2a: Smeargle
|-singleturn|p2a: Smeargle|Max Guard
|move|p1a: Calyrex|Substitute|p1a: Calyrex
|-start|p1a: Calyrex|Substitute
|-damage|p1a: Calyrex|38/100
|
|-ability|p2a: Smeargle|Moody|boost
|-boost|p2a: Smeargle|spd|2
|-unboost|p2a: Smeargle|spa|1
|upkeep
|turn|13
|
|t:|1665964013
|move|p2a: Smeargle|Max Guard||[still]
|-fail|p2a: Smeargle
|move|p1a: Calyrex|Psyshock|p2a: Smeargle
|-damage|p2a: Smeargle|0 fnt
|faint|p2a: Smeargle
|-ability|p1a: Calyrex|Grim Neigh|boost
|-boost|p1a: Calyrex|spa|1
|
|upkeep
|-message|A Bread Sandwich forfeited.
|
|win|TxunT
|n|☆TxunT|txunt
|n|☆A Bread Sandwich|abreadsandwich
|n| Wizarhrd2|wizarhrd2
|c|☆TxunT|Gg wp
|c| Wizarhrd2|gg
