|j|☆Masta SkillZ
|j|☆Amelia Diane
|t:|1618184195
|gametype|singles
|player|p1|Masta SkillZ|birdkeeper|
|player|p2|Amelia Diane|clown|
|teamsize|p1|6
|teamsize|p2|6
|gen|8
|tier|[Gen 8] National Dex AG
|rated|Tournament battle
|clearpoke
|poke|p1|Xerneas|
|poke|p1|Ditto|
|poke|p1|Kyogre|
|poke|p1|Kyogre|
|poke|p1|Rayquaza|
|poke|p1|Groudon|
|poke|p2|Groudon|
|poke|p2|Ditto|
|poke|p2|Arceus-*|
|poke|p2|Arceus-*|
|poke|p2|Necrozma-Dusk-Mane|
|poke|p2|Yveltal|
|rule|HP Percentage Mod: HP is shown in percentages
|rule|Endless Battle Clause: Forcing endless battles is banned
|teampreview
|inactive|Battle timer is ON: inactive players will automatically lose when time's up. (requested by Amelia Diane)
|j| DrewCareysFeet
|j| Just The
|c|☆Amelia Diane|hf
|
|t:|1618184211
|start
|switch|p1a: Xerneas|Xerneas|100/100
|switch|p2a: Ditto|Ditto, shiny|100/100
|-ability|p1a: Xerneas|Fairy Aura
|-transform|p2a: Ditto|p1a: Xerneas|[from] ability: Imposter
|-ability|p2a: Ditto|Fairy Aura
|turn|1
|j| default0
|
|t:|1618184220
|switch|p2a: Necrozma|Necrozma-Dusk-Mane|100/100
|move|p1a: Xerneas|Moonblast|p2a: Necrozma
|-resisted|p2a: Necrozma
|-damage|p2a: Necrozma|73/100
|
|upkeep
|turn|2
|
|t:|1618184226
|switch|p1a: Groudon|Groudon|100/100
|detailschange|p1a: Groudon|Groudon-Primal
|-primal|p1a: Groudon
|-weather|DesolateLand|[from] ability: Desolate Land|[of] p1a: Groudon
|move|p2a: Necrozma|Earthquake|p1a: Groudon
|-supereffective|p1a: Groudon
|-damage|p1a: Groudon|59/100
|
|-weather|DesolateLand|[upkeep]
|upkeep
|turn|3
|
|t:|1618184235
|switch|p2a: Arceus|Arceus-Water|100/100
|move|p1a: Groudon|Stealth Rock|p2a: Arceus
|-sidestart|p2: Amelia Diane|move: Stealth Rock
|
|-weather|DesolateLand|[upkeep]
|upkeep
|turn|4
|
|t:|1618184243
|move|p1a: Groudon|Precipice Blades|p2a: Arceus
|-crit|p2a: Arceus
|-damage|p2a: Arceus|46/100
|move|p2a: Arceus|Toxic|p1a: Groudon
|-status|p1a: Groudon|tox
|
|-weather|DesolateLand|[upkeep]
|-damage|p1a: Groudon|53/100 tox|[from] psn
|upkeep
|turn|5
|j| Fofgofx
|
|t:|1618184255
|-weather|none
|switch|p1a: Kyogre|Kyogre|100/100
|detailschange|p1a: Kyogre|Kyogre-Primal
|-primal|p1a: Kyogre
|-weather|PrimordialSea|[from] ability: Primordial Sea|[of] p1a: Kyogre
|move|p2a: Arceus|Recover|p2a: Arceus
|-heal|p2a: Arceus|96/100
|
|-weather|PrimordialSea|[upkeep]
|upkeep
|turn|6
|
|t:|1618184262
|move|p2a: Arceus|Toxic|p1a: Kyogre
|-status|p1a: Kyogre|tox
|move|p1a: Kyogre|Thunder|p2a: Arceus
|-supereffective|p2a: Arceus
|-damage|p2a: Arceus|34/100
|-status|p2a: Arceus|par
|
|-weather|PrimordialSea|[upkeep]
|-damage|p1a: Kyogre|94/100 tox|[from] psn
|upkeep
|turn|7
|
|t:|1618184266
|move|p1a: Kyogre|Thunder|p2a: Arceus
|-supereffective|p2a: Arceus
|-damage|p2a: Arceus|0 fnt
|faint|p2a: Arceus
|
|-weather|PrimordialSea|[upkeep]
|-damage|p1a: Kyogre|82/100 tox|[from] psn
|upkeep
|
|t:|1618184268
|switch|p2a: Groudon|Groudon|100/100
|-damage|p2a: Groudon|94/100|[from] Stealth Rock
|detailschange|p2a: Groudon|Groudon-Primal
|-primal|p2a: Groudon
|-weather|DesolateLand|[from] ability: Desolate Land|[of] p2a: Groudon
|turn|8
|
|t:|1618184279
|switch|p1a: Rayquaza|Rayquaza|100/100
|-ability|p1a: Rayquaza|Air Lock
|move|p2a: Groudon|Stealth Rock|p1a: Rayquaza
|-sidestart|p1: Masta SkillZ|move: Stealth Rock
|
|-weather|DesolateLand|[upkeep]
|upkeep
|turn|9
|
|t:|1618184299
|-weather|none
|switch|p2a: Yveltal|Yveltal|100/100
|-ability|p2a: Yveltal|Dark Aura
|detailschange|p1a: Rayquaza|Rayquaza-Mega
|-mega|p1a: Rayquaza|Rayquaza|
|-weather|DeltaStream|[from] ability: Delta Stream|[of] p1a: Rayquaza
|move|p1a: Rayquaza|Dragon Ascent|p2a: Yveltal
|-damage|p2a: Yveltal|14/100
|-unboost|p1a: Rayquaza|def|1
|-unboost|p1a: Rayquaza|spd|1
|-damage|p1a: Rayquaza|91/100|[from] item: Life Orb
|
|-weather|DeltaStream|[upkeep]
|upkeep
|turn|10
|
|t:|1618184303
|move|p1a: Rayquaza|Extreme Speed|p2a: Yveltal
|-crit|p2a: Yveltal
|-damage|p2a: Yveltal|0 fnt
|-damage|p1a: Rayquaza|81/100|[from] item: Life Orb
|faint|p2a: Yveltal
|
|-weather|DeltaStream|[upkeep]
|upkeep
|
|t:|1618184306
|switch|p2a: Arceus|Arceus-Fairy|100/100
|-damage|p2a: Arceus|88/100|[from] Stealth Rock
|turn|11
|
|t:|1618184317
|-weather|none
|switch|p1a: Xerneas|Xerneas|100/100
|-damage|p1a: Xerneas|88/100|[from] Stealth Rock
|-ability|p1a: Xerneas|Fairy Aura
|move|p2a: Arceus|Judgment|p1a: Xerneas
|-damage|p1a: Xerneas|28/100
|
|upkeep
|turn|12
|
|t:|1618184328
|switch|p2a: Necrozma|Necrozma-Dusk-Mane|73/100
|-damage|p2a: Necrozma|67/100|[from] Stealth Rock
|move|p1a: Xerneas|Moonblast|p2a: Necrozma
|-resisted|p2a: Necrozma
|-damage|p2a: Necrozma|37/100
|-unboost|p2a: Necrozma|spa|1
|
|upkeep
|turn|13
|
|t:|1618184337
|switch|p1a: Groudon|Groudon-Primal|53/100 tox
|-damage|p1a: Groudon|40/100 tox|[from] Stealth Rock
|-weather|DesolateLand|[from] ability: Desolate Land|[of] p1a: Groudon
|move|p2a: Necrozma|Morning Sun|p2a: Necrozma
|-heal|p2a: Necrozma|100/100
|
|-weather|DesolateLand|[upkeep]
|-damage|p1a: Groudon|34/100 tox|[from] psn
|upkeep
|turn|14
|j| Makaai(pokechamp)
|inactive|Amelia Diane has 120 seconds left.
|inactive|Amelia Diane has 90 seconds left.
|
|t:|1618184403
|switch|p2a: Arceus|Arceus-Fairy|88/100
|-damage|p2a: Arceus|76/100|[from] Stealth Rock
|move|p1a: Groudon|Precipice Blades|p2a: Arceus|[miss]
|-miss|p1a: Groudon|p2a: Arceus
|
|-weather|DesolateLand|[upkeep]
|-damage|p1a: Groudon|22/100 tox|[from] psn
|upkeep
|turn|15
|inactive|Amelia Diane has 90 seconds left.
|
|t:|1618184411
|move|p2a: Arceus|Earth Power|p1a: Groudon
|-supereffective|p1a: Groudon
|-damage|p1a: Groudon|0 fnt
|faint|p1a: Groudon
|-weather|none
|
|upkeep
|
|t:|1618184426
|switch|p1a: Kyogre|Kyogre-Primal|82/100 tox
|-damage|p1a: Kyogre|70/100 tox|[from] Stealth Rock
|-weather|PrimordialSea|[from] ability: Primordial Sea|[of] p1a: Kyogre
|turn|16
|
|t:|1618184432
|move|p2a: Arceus|Judgment|p1a: Kyogre
|-damage|p1a: Kyogre|42/100 tox
|move|p1a: Kyogre|Roar|p2a: Arceus
|drag|p2a: Necrozma|Necrozma-Dusk-Mane|100/100
|-damage|p2a: Necrozma|94/100|[from] Stealth Rock
|
|-weather|PrimordialSea|[upkeep]
|-damage|p1a: Kyogre|36/100 tox|[from] psn
|upkeep
|turn|17
|
|t:|1618184438
|switch|p2a: Groudon|Groudon-Primal|94/100
|-damage|p2a: Groudon|82/100|[from] Stealth Rock
|-weather|DesolateLand|[from] ability: Desolate Land|[of] p2a: Groudon
|move|p1a: Kyogre|Scald||[still]
|-fail|p1a: Kyogre|Scald|[from] Desolate Land
|
|-weather|DesolateLand|[upkeep]
|-damage|p1a: Kyogre|24/100 tox|[from] psn
|upkeep
|turn|18
|
|t:|1618184441
|move|p2a: Groudon|Precipice Blades|p1a: Kyogre
|-damage|p1a: Kyogre|0 fnt
|faint|p1a: Kyogre
|
|-weather|DesolateLand|[upkeep]
|upkeep
|
|t:|1618184447
|switch|p1a: Rayquaza|Rayquaza-Mega|81/100
|-damage|p1a: Rayquaza|56/100|[from] Stealth Rock
|-weather|DeltaStream|[from] ability: Delta Stream|[of] p1a: Rayquaza
|turn|19
|
|t:|1618184456
|switch|p2a: Arceus|Arceus-Fairy|76/100
|-damage|p2a: Arceus|63/100|[from] Stealth Rock
|move|p1a: Rayquaza|Dragon Ascent|p2a: Arceus
|-damage|p2a: Arceus|0 fnt
|-unboost|p1a: Rayquaza|def|1
|-unboost|p1a: Rayquaza|spd|1
|-damage|p1a: Rayquaza|46/100|[from] item: Life Orb
|faint|p2a: Arceus
|
|-weather|DeltaStream|[upkeep]
|upkeep
|
|t:|1618184458
|switch|p2a: Necrozma|Necrozma-Dusk-Mane|94/100
|-damage|p2a: Necrozma|88/100|[from] Stealth Rock
|turn|20
|
|t:|1618184467
|-start|p2a: Necrozma|Dynamax
|-heal|p2a: Necrozma|88/100|[silent]
|move|p1a: Rayquaza|V-create|p2a: Necrozma
|-supereffective|p2a: Necrozma
|-damage|p2a: Necrozma|40/100
|-unboost|p1a: Rayquaza|spe|1
|-unboost|p1a: Rayquaza|def|1
|-unboost|p1a: Rayquaza|spd|1
|-damage|p1a: Rayquaza|29/100|[from] item: Rocky Helmet|[of] p2a: Necrozma
|-damage|p1a: Rayquaza|19/100|[from] item: Life Orb
|move|p2a: Necrozma|Max Steelspike|p1a: Rayquaza
|-damage|p1a: Rayquaza|0 fnt
|-boost|p2a: Necrozma|def|1
|faint|p1a: Rayquaza
|-weather|none
|
|upkeep
|
|t:|1618184476
|switch|p1a: Kyogre|Kyogre|100/100
|-damage|p1a: Kyogre|88/100|[from] Stealth Rock
|-weather|RainDance|[from] ability: Drizzle|[of] p1a: Kyogre
|turn|21
|
|t:|1618184484
|-start|p1a: Kyogre|Dynamax
|-heal|p1a: Kyogre|88/100|[silent]
|move|p1a: Kyogre|Max Geyser|p2a: Necrozma
|-damage|p2a: Necrozma|0 fnt
|faint|p2a: Necrozma
|
|-weather|RainDance|[upkeep]
|upkeep
|
|t:|1618184492
|switch|p2a: Groudon|Groudon-Primal|82/100
|-damage|p2a: Groudon|69/100|[from] Stealth Rock
|-weather|DesolateLand|[from] ability: Desolate Land|[of] p2a: Groudon
|turn|22
|
|t:|1618184516
|move|p1a: Kyogre|Max Hailstorm|p2a: Groudon
|-damage|p2a: Groudon|33/100
|move|p2a: Groudon|Precipice Blades|p1a: Kyogre|[miss]
|-miss|p2a: Groudon|p1a: Kyogre
|
|-weather|DesolateLand|[upkeep]
|upkeep
|turn|23
|c|☆Amelia Diane|fuck
|c|☆Amelia Diane|YES
|c| Fofgofx|Rip
|c|☆Amelia Diane|lets GO
|
|t:|1618184536
|move|p1a: Kyogre|Max Hailstorm|p2a: Groudon
|-damage|p2a: Groudon|2/100
|move|p2a: Groudon|Precipice Blades|p1a: Kyogre
|-damage|p1a: Kyogre|53/100
|
|-weather|DesolateLand|[upkeep]
|-end|p1a: Kyogre|Dynamax
|-heal|p1a: Kyogre|53/100|[silent]
|upkeep
|turn|24
|
|t:|1618184545
|switch|p1a: Xerneas|Xerneas|28/100
|-damage|p1a: Xerneas|16/100|[from] Stealth Rock
|-ability|p1a: Xerneas|Fairy Aura
|move|p2a: Groudon|Precipice Blades|p1a: Xerneas
|-damage|p1a: Xerneas|0 fnt
|faint|p1a: Xerneas
|
|-weather|DesolateLand|[upkeep]
|upkeep
|c| Fofgofx|Lol u ain’t sweeping w ditto
|
|t:|1618184549
|switch|p1a: Ditto|Ditto|100/100
|-damage|p1a: Ditto|88/100|[from] Stealth Rock
|-transform|p1a: Ditto|p2a: Groudon|[from] ability: Imposter
|turn|25
|
|t:|1618184554
|move|p1a: Ditto|Precipice Blades|p2a: Groudon
|-supereffective|p2a: Groudon
|-damage|p2a: Groudon|0 fnt
|faint|p2a: Groudon
|
|-weather|DesolateLand|[upkeep]
|upkeep
|c| Fofgofx|Ggs
|-message|Amelia Diane forfeited.
|
|win|Masta SkillZ
|n|☆Masta SkillZ|mastaskillz
|n|☆Amelia Diane|ameliadiane
|n| DrewCareysFeet|drewcareysfeet
|n| Just The|justthe
|n| default0|default0
|n| Fofgofx|fofgofx
|n| Makaai(pokechamp)|makaaipokechamp
