|j|☆jaykI11
|j|☆Test Clone #169
|player|p1|jaykI11|red|1636
|player|p2|Test Clone #169|gladion|1550
|teamsize|p1|6
|teamsize|p2|6
|gametype|singles
|gen|8
|tier|[Gen 8] National Dex AG
|rated|
|clearpoke
|poke|p1|Yveltal|
|poke|p1|Groudon|
|poke|p1|Necrozma-Dusk-Mane|
|poke|p1|Ho-Oh|
|poke|p1|Zacian-Crowned|
|poke|p1|Smeargle, F|
|poke|p2|Necrozma-Dusk-Mane|
|poke|p2|Arceus-*|
|poke|p2|Zygarde|
|poke|p2|Ho-Oh|
|poke|p2|Pheromosa|
|poke|p2|Grimmsnarl, M|
|rule|HP Percentage Mod: HP is shown in percentages
|rule|Endless Battle Clause: Forcing endless battles is banned
|teampreview
|inactive|Battle timer is ON: inactive players will automatically lose when time's up. (requested by jaykI11)
|
|start
|switch|p1a: Smeargle|Smeargle, F|100/100
|switch|p2a: Grimmsnarl|Grimmsnarl, M, shiny|100/100
|turn|1
|
|move|p2a: Grimmsnarl|Taunt|p1a: Smeargle
|-start|p1a: Smeargle|move: Taunt
|move|p1a: Smeargle|Nuzzle|p2a: Grimmsnarl
|-damage|p2a: Grimmsnarl|98/100
|-status|p2a: Grimmsnarl|par
|
|upkeep
|turn|2
|
|move|p1a: Smeargle|Nuzzle|p2a: Grimmsnarl
|-damage|p2a: Grimmsnarl|97/100 par
|cant|p2a: Grimmsnarl|par
|
|upkeep
|turn|3
|
|move|p1a: Smeargle|Nuzzle|p2a: Grimmsnarl
|-damage|p2a: Grimmsnarl|95/100 par
|move|p2a: Grimmsnarl|Spirit Break|p1a: Smeargle
|-damage|p1a: Smeargle|48/100
|-unboost|p1a: Smeargle|spa|1
|
|-end|p1a: Smeargle|move: Taunt
|upkeep
|turn|4
|
|cant|p2a: Grimmsnarl|par
|move|p1a: Smeargle|Taunt|p2a: Grimmsnarl
|-start|p2a: Grimmsnarl|move: Taunt
|
|upkeep
|turn|5
|
|switch|p2a: Zygarde|Zygarde|100/100
|move|p1a: Smeargle|Sticky Web|p2a: Zygarde
|-sidestart|p2: Test Clone #169|move: Sticky Web
|
|upkeep
|turn|6
|
|move|p2a: Zygarde|Substitute|p2a: Zygarde
|-start|p2a: Zygarde|Substitute
|-damage|p2a: Zygarde|76/100
|move|p1a: Smeargle|Rapid Spin|p2a: Zygarde
|-activate|p2a: Zygarde|move: Substitute|[damage]
|-boost|p1a: Smeargle|spe|1
|
|-heal|p2a: Zygarde|82/100|[from] item: Leftovers
|upkeep
|turn|7
|
|switch|p1a: Ho-Oh|Ho-Oh|100/100
|move|p2a: Zygarde|Dragon Dance|p2a: Zygarde
|-boost|p2a: Zygarde|atk|1
|-boost|p2a: Zygarde|spe|1
|
|-heal|p2a: Zygarde|88/100|[from] item: Leftovers
|upkeep
|turn|8
|
|move|p2a: Zygarde|Thousand Arrows|p1a: Ho-Oh
|-damage|p1a: Ho-Oh|65/100
|-start|p1a: Ho-Oh|Smack Down
|move|p1a: Ho-Oh|Whirlwind|p2a: Zygarde
|drag|p2a: Grimmsnarl|Grimmsnarl, M, shiny|95/100 par
|-activate|p2a: Grimmsnarl|move: Sticky Web
|-unboost|p2a: Grimmsnarl|spe|1
|
|upkeep
|turn|9
|
|move|p2a: Grimmsnarl|Reflect|p2a: Grimmsnarl
|-sidestart|p2: Test Clone #169|Reflect
|move|p1a: Ho-Oh|Sacred Fire|p2a: Grimmsnarl
|-damage|p2a: Grimmsnarl|79/100 par
|
|upkeep
|turn|10
|
|move|p2a: Grimmsnarl|Taunt|p1a: Ho-Oh
|-start|p1a: Ho-Oh|move: Taunt
|move|p1a: Ho-Oh|Sacred Fire|p2a: Grimmsnarl
|-damage|p2a: Grimmsnarl|61/100 par
|
|upkeep
|turn|11
|
|cant|p2a: Grimmsnarl|par
|move|p1a: Ho-Oh|Sacred Fire|p2a: Grimmsnarl
|-damage|p2a: Grimmsnarl|45/100 par
|
|upkeep
|turn|12
|
|move|p2a: Grimmsnarl|Light Screen|p2a: Grimmsnarl
|-sidestart|p2: Test Clone #169|move: Light Screen
|move|p1a: Ho-Oh|Sacred Fire|p2a: Grimmsnarl
|-damage|p2a: Grimmsnarl|26/100 par
|
|-end|p1a: Ho-Oh|move: Taunt
|upkeep
|turn|13
|
|switch|p2a: Arceus|Arceus-Water|100/100
|-activate|p2a: Arceus|move: Sticky Web
|-unboost|p2a: Arceus|spe|1
|move|p1a: Ho-Oh|Sacred Fire|p2a: Arceus
|-resisted|p2a: Arceus
|-damage|p2a: Arceus|93/100
|-status|p2a: Arceus|brn
|
|-damage|p2a: Arceus|87/100 brn|[from] brn
|upkeep
|turn|14
|
|switch|p1a: Groudon|Groudon|100/100
|detailschange|p1a: Groudon|Groudon-Primal
|-primal|p1a: Groudon
|-weather|DesolateLand|[from] ability: Desolate Land|[of] p1a: Groudon
|move|p2a: Arceus|Stealth Rock|p1a: Groudon
|-sidestart|p1: jaykI11|move: Stealth Rock
|
|-weather|DesolateLand|[upkeep]
|-damage|p2a: Arceus|81/100 brn|[from] brn
|upkeep
|turn|15
|
|move|p2a: Arceus|Toxic|p1a: Groudon|[miss]
|-miss|p2a: Arceus|p1a: Groudon
|move|p1a: Groudon|Stealth Rock|p2a: Arceus
|-sidestart|p2: Test Clone #169|move: Stealth Rock
|
|-weather|DesolateLand|[upkeep]
|-damage|p2a: Arceus|74/100 brn|[from] brn
|upkeep
|turn|16
|
|-weather|none
|switch|p1a: Smeargle|Smeargle, F|48/100
|-damage|p1a: Smeargle|35/100|[from] Stealth Rock
|move|p2a: Arceus|Toxic|p1a: Smeargle
|-status|p1a: Smeargle|tox
|
|-damage|p1a: Smeargle|29/100 tox|[from] psn
|-damage|p2a: Arceus|68/100 brn|[from] brn
|-sideend|p2: Test Clone #169|Reflect
|upkeep
|turn|17
|
|move|p1a: Smeargle|Rapid Spin|p2a: Arceus
|-damage|p2a: Arceus|63/100 brn
|-boost|p1a: Smeargle|spe|1
|-sideend|p1: jaykI11|Stealth Rock|[from] move: Rapid Spin|[of] p1a: Smeargle
|move|p2a: Arceus|Judgment|p1a: Smeargle
|-damage|p1a: Smeargle|0 fnt
|faint|p1a: Smeargle
|
|-damage|p2a: Arceus|57/100 brn|[from] brn
|upkeep
|
|switch|p1a: Yveltal|Yveltal|100/100
|-ability|p1a: Yveltal|Dark Aura
|turn|18
|
|-start|p1a: Yveltal|Dynamax
|-heal|p1a: Yveltal|100/100|[silent]
|move|p1a: Yveltal|Max Airstream|p2a: Arceus
|-damage|p2a: Arceus|31/100 brn
|-boost|p1a: Yveltal|spe|1
|-damage|p1a: Yveltal|96/100|[from] item: Life Orb
|move|p2a: Arceus|Toxic|p1a: Yveltal
|-status|p1a: Yveltal|tox
|
|-damage|p1a: Yveltal|93/100 tox|[from] psn
|-damage|p2a: Arceus|25/100 brn|[from] brn
|upkeep
|turn|19
|
|move|p1a: Yveltal|Max Darkness|p2a: Arceus
|-damage|p2a: Arceus|0 fnt
|-damage|p1a: Yveltal|88/100 tox|[from] item: Life Orb
|faint|p2a: Arceus
|
|-damage|p1a: Yveltal|81/100 tox|[from] psn
|-sideend|p2: Test Clone #169|move: Light Screen
|upkeep
|
|switch|p2a: Grimmsnarl|Grimmsnarl, M, shiny|26/100 par
|-activate|p2a: Grimmsnarl|move: Sticky Web
|-unboost|p2a: Grimmsnarl|spe|1
|-damage|p2a: Grimmsnarl|14/100 par|[from] Stealth Rock
|turn|20
|
|move|p2a: Grimmsnarl|Light Screen|p2a: Grimmsnarl
|-sidestart|p2: Test Clone #169|move: Light Screen
|move|p1a: Yveltal|Max Airstream|p2a: Grimmsnarl
|-damage|p2a: Grimmsnarl|0 fnt
|-boost|p1a: Yveltal|spe|1
|-damage|p1a: Yveltal|77/100 tox|[from] item: Life Orb
|faint|p2a: Grimmsnarl
|
|-damage|p1a: Yveltal|67/100 tox|[from] psn
|-end|p1a: Yveltal|Dynamax
|-heal|p1a: Yveltal|68/100 tox|[silent]
|upkeep
|
|switch|p2a: Zygarde|Zygarde|88/100
|-activate|p2a: Zygarde|move: Sticky Web
|-unboost|p2a: Zygarde|spe|1
|-damage|p2a: Zygarde|82/100|[from] Stealth Rock
|turn|21
|
|move|p1a: Yveltal|Dark Pulse|p2a: Zygarde
|-damage|p2a: Zygarde|44/100
|-damage|p1a: Yveltal|58/100 tox|[from] item: Life Orb
|move|p2a: Zygarde|Dragon Tail|p1a: Yveltal
|-damage|p1a: Yveltal|36/100 tox
|drag|p1a: Necrozma|Necrozma-Dusk-Mane|100/100
|
|-heal|p2a: Zygarde|50/100|[from] item: Leftovers
|-activate|p2a: Zygarde|ability: Power Construct
|detailschange|p2a: Zygarde|Zygarde-Complete
|-heal|p2a: Zygarde|69/100|[silent]
|upkeep
|turn|22
|
|switch|p1a: Ho-Oh|Ho-Oh|98/100
|move|p2a: Zygarde|Dragon Dance|p2a: Zygarde
|-boost|p2a: Zygarde|atk|1
|-boost|p2a: Zygarde|spe|1
|
|-heal|p2a: Zygarde|75/100|[from] item: Leftovers
|upkeep
|turn|23
|
|move|p2a: Zygarde|Substitute|p2a: Zygarde
|-start|p2a: Zygarde|Substitute
|-damage|p2a: Zygarde|50/100
|move|p1a: Ho-Oh|Whirlwind|p2a: Zygarde
|drag|p2a: Ho-Oh|Ho-Oh|100/100
|
|upkeep
|turn|24
|
|move|p2a: Ho-Oh|Defog|p1a: Ho-Oh
|-unboost|p1a: Ho-Oh|evasion|1
|-sideend|p2: Test Clone #169|Stealth Rock|[from] move: Defog|[of] p2a: Ho-Oh
|-sideend|p2: Test Clone #169|Sticky Web|[from] move: Defog|[of] p2a: Ho-Oh
|move|p1a: Ho-Oh|Toxic|p2a: Ho-Oh|[miss]
|-miss|p1a: Ho-Oh|p2a: Ho-Oh
|
|upkeep
|turn|25
|
|switch|p2a: Necrozma|Necrozma-Dusk-Mane|100/100
|move|p1a: Ho-Oh|Toxic|p2a: Necrozma
|-immune|p2a: Necrozma
|
|upkeep
|turn|26
|
|detailschange|p2a: Necrozma|Necrozma-Ultra
|-burst|p2a: Necrozma|Necrozma|Ultranecrozium Z
|move|p2a: Necrozma|Dragon Dance|p2a: Necrozma
|-boost|p2a: Necrozma|atk|1
|-boost|p2a: Necrozma|spe|1
|move|p1a: Ho-Oh|Sacred Fire|p2a: Necrozma
|-resisted|p2a: Necrozma
|-damage|p2a: Necrozma|86/100
|-status|p2a: Necrozma|brn
|
|-damage|p2a: Necrozma|80/100 brn|[from] brn
|upkeep
|turn|27
|
|move|p2a: Necrozma|Rock Blast|p1a: Ho-Oh
|-supereffective|p1a: Ho-Oh
|-damage|p1a: Ho-Oh|75/100
|-supereffective|p1a: Ho-Oh
|-damage|p1a: Ho-Oh|51/100
|-supereffective|p1a: Ho-Oh
|-damage|p1a: Ho-Oh|30/100
|-hitcount|p1a: Ho-Oh|3
|move|p1a: Ho-Oh|Whirlwind|p2a: Necrozma
|drag|p2a: Pheromosa|Pheromosa, shiny|100/100
|
|-sideend|p2: Test Clone #169|move: Light Screen
|upkeep
|turn|28
|
|-start|p2a: Pheromosa|Dynamax
|-heal|p2a: Pheromosa|100/100|[silent]
|move|p2a: Pheromosa|Max Airstream|p1a: Ho-Oh
|-damage|p1a: Ho-Oh|0 fnt
|-boost|p2a: Pheromosa|spe|1
|faint|p1a: Ho-Oh
|-ability|p2a: Pheromosa|Beast Boost|boost
|-boost|p2a: Pheromosa|atk|1
|
|upkeep
|inactive|jaykI11 has 120 seconds left.
|
|switch|p1a: Groudon|Groudon-Primal|100/100
|-weather|DesolateLand|[from] ability: Desolate Land|[of] p1a: Groudon
|turn|29
|
|move|p2a: Pheromosa|Max Quake|p1a: Groudon
|-supereffective|p1a: Groudon
|-crit|p1a: Groudon
|-damage|p1a: Groudon|0 fnt
|-boost|p2a: Pheromosa|spd|1
|faint|p1a: Groudon
|-weather|none
|-ability|p2a: Pheromosa|Beast Boost|boost
|-boost|p2a: Pheromosa|atk|1
|
|upkeep
|
|switch|p1a: Yveltal|Yveltal|36/100 tox
|-ability|p1a: Yveltal|Dark Aura
|turn|30
|
|move|p2a: Pheromosa|Max Knuckle|p1a: Yveltal
|-damage|p1a: Yveltal|0 fnt
|-boost|p2a: Pheromosa|atk|1
|faint|p1a: Yveltal
|-ability|p2a: Pheromosa|Beast Boost|boost
|-boost|p2a: Pheromosa|atk|1
|
|-end|p2a: Pheromosa|Dynamax
|-heal|p2a: Pheromosa|100/100|[silent]
|upkeep
|inactive|jaykI11 has 90 seconds left.
|
|switch|p1a: Zacian|Zacian-Crowned|100/100
|-ability|p1a: Zacian|Intrepid Sword|boost
|-boost|p1a: Zacian|atk|1
|turn|31
|
|move|p2a: Pheromosa|Drill Run|p1a: Zacian
|-supereffective|p1a: Zacian
|-damage|p1a: Zacian|0 fnt
|faint|p1a: Zacian
|-ability|p2a: Pheromosa|Beast Boost|boost
|-boost|p2a: Pheromosa|atk|1
|
|upkeep
|
|switch|p1a: Necrozma|Necrozma-Dusk-Mane|100/100
|turn|32
|
|move|p2a: Pheromosa|Drill Run|p1a: Necrozma
|-supereffective|p1a: Necrozma
|-damage|p1a: Necrozma|0 fnt
|faint|p1a: Necrozma
|
|win|Test Clone #169
