|j|☆Gieros
|j|☆hanwujiwandou
|t:|1664853979
|gametype|singles
|player|p1|Gieros|102|1737
|player|p2|hanwujiwandou|lillie-z|1681
|teamsize|p1|6
|teamsize|p2|6
|gen|8
|tier|[Gen 8] National Dex AG
|rated|
|rule|HP Percentage Mod: HP is shown in percentages
|rule|Endless Battle Clause: Forcing endless battles is banned
|clearpoke
|poke|p1|Deoxys-Attack|
|poke|p1|Tapu Lele|
|poke|p1|Calyrex-Shadow|
|poke|p1|Necrozma-Dusk-Mane|
|poke|p1|Xerneas-*|
|poke|p1|Ditto|
|poke|p2|Zacian-*|
|poke|p2|Ho-Oh|
|poke|p2|Groudon|
|poke|p2|Calyrex-Shadow|
|poke|p2|Yveltal|
|poke|p2|Rayquaza|
|teampreview
|l|☆hanwujiwandou
|player|p2|
|inactive|Battle timer is ON: inactive players will automatically lose when time's up. (requested by Gieros)
|j|☆hanwujiwandou
|inactive|hanwujiwandou reconnected and has 145 seconds left.
|player|p2|hanwujiwandou|lillie-z
|inactive|hanwujiwandou has 120 seconds left.
|
|t:|1664854062
|start
|switch|p1a: Deoxys|Deoxys-Attack|100/100
|switch|p2a: Yveltal|Yveltal|100/100
|-ability|p1a: Deoxys|Pressure
|-ability|p2a: Yveltal|Dark Aura
|turn|1
|
|t:|1664854072
|move|p1a: Deoxys|Ice Beam|p2a: Yveltal
|-supereffective|p2a: Yveltal
|-damage|p2a: Yveltal|55/100
|-status|p2a: Yveltal|frz
|cant|p2a: Yveltal|frz
|
|upkeep
|turn|2
|c|☆Gieros|mb
|
|t:|1664854080
|cant|p2a: Yveltal|frz
|move|p1a: Deoxys|Stealth Rock|p2a: Yveltal
|-sidestart|p2: hanwujiwandou|move: Stealth Rock
|
|upkeep
|turn|3
|
|t:|1664854085
|move|p1a: Deoxys|Ice Beam|p2a: Yveltal
|-supereffective|p2a: Yveltal
|-damage|p2a: Yveltal|7/100 frz
|cant|p2a: Yveltal|frz
|
|upkeep
|turn|4
|c|☆hanwujiwandou|。。
|
|t:|1664854099
|cant|p2a: Yveltal|frz
|move|p1a: Deoxys|Ice Beam|p2a: Yveltal
|-supereffective|p2a: Yveltal
|-damage|p2a: Yveltal|0 fnt
|faint|p2a: Yveltal
|
|upkeep
|
|t:|1664854108
|switch|p2a: Ho-Oh|Ho-Oh|100/100
|turn|5
|
|t:|1664854113
|move|p1a: Deoxys|Taunt|p2a: Ho-Oh
|-start|p2a: Ho-Oh|move: Taunt
|move|p2a: Ho-Oh|Sacred Fire|p1a: Deoxys
|-enditem|p1a: Deoxys|Focus Sash
|-damage|p1a: Deoxys|1/100
|
|upkeep
|turn|6
|
|t:|1664854122
|move|p1a: Deoxys|Ice Beam|p2a: Ho-Oh
|-damage|p2a: Ho-Oh|79/100
|move|p2a: Ho-Oh|Sacred Fire|p1a: Deoxys
|-damage|p1a: Deoxys|0 fnt
|faint|p1a: Deoxys
|
|upkeep
|
|t:|1664854125
|switch|p1a: Tapu Lele|Tapu Lele|100/100
|-fieldstart|move: Psychic Terrain|[from] ability: Psychic Surge|[of] p1a: Tapu Lele
|turn|7
|
|t:|1664854134
|move|p1a: Tapu Lele|Nature's Madness|p2a: Ho-Oh
|-damage|p2a: Ho-Oh|40/100
|move|p2a: Ho-Oh|Sacred Fire|p1a: Tapu Lele
|-damage|p1a: Tapu Lele|34/100
|-status|p1a: Tapu Lele|brn
|
|-damage|p1a: Tapu Lele|28/100 brn|[from] brn
|-end|p2a: Ho-Oh|move: Taunt
|upkeep
|turn|8
|
|t:|1664854148
|move|p1a: Tapu Lele|Taunt|p2a: Ho-Oh
|-start|p2a: Ho-Oh|move: Taunt
|cant|p2a: Ho-Oh|move: Taunt|Recover
|
|-damage|p1a: Tapu Lele|22/100 brn|[from] brn
|upkeep
|turn|9
|
|t:|1664854155
|move|p1a: Tapu Lele|Nature's Madness|p2a: Ho-Oh
|-damage|p2a: Ho-Oh|20/100
|move|p2a: Ho-Oh|Sacred Fire|p1a: Tapu Lele
|-damage|p1a: Tapu Lele|0 fnt
|faint|p1a: Tapu Lele
|
|upkeep
|
|t:|1664854160
|switch|p1a: Calyrex|Calyrex-Shadow|100/100
|-ability|p1a: Calyrex|As One
|-ability|p1a: Calyrex|Unnerve
|turn|10
|
|t:|1664854186
|move|p1a: Calyrex|Astral Barrage|p2a: Ho-Oh
|-damage|p2a: Ho-Oh|0 fnt
|faint|p2a: Ho-Oh
|-ability|p1a: Calyrex|Grim Neigh|boost
|-boost|p1a: Calyrex|spa|1
|
|upkeep
|
|t:|1664854196
|switch|p2a: Rayquaza|Rayquaza|100/100
|-damage|p2a: Rayquaza|76/100|[from] Stealth Rock
|-ability|p2a: Rayquaza|Air Lock
|turn|11
|
|t:|1664854213
|switch|p1a: Necrozma|Necrozma-Dusk-Mane|100/100
|detailschange|p2a: Rayquaza|Rayquaza-Mega
|-mega|p2a: Rayquaza|Rayquaza|
|-weather|DeltaStream|[from] ability: Delta Stream|[of] p2a: Rayquaza
|move|p2a: Rayquaza|V-create|p1a: Necrozma
|-supereffective|p1a: Necrozma
|-damage|p1a: Necrozma|0 fnt
|-unboost|p2a: Rayquaza|spe|1
|-unboost|p2a: Rayquaza|def|1
|-unboost|p2a: Rayquaza|spd|1
|faint|p1a: Necrozma
|
|-weather|DeltaStream|[upkeep]
|upkeep
|inactive|Gieros has 120 seconds left.
|
|t:|1664854236
|switch|p1a: Ditto|Ditto|100/100
|-transform|p1a: Ditto|p2a: Rayquaza|[from] ability: Imposter
|turn|12
|inactive|Gieros has 120 seconds left.
|
|t:|1664854250
|move|p1a: Ditto|V-create|p2a: Rayquaza
|-resisted|p2a: Rayquaza
|-damage|p2a: Rayquaza|16/100
|-unboost|p1a: Ditto|spe|1
|-unboost|p1a: Ditto|def|1
|-unboost|p1a: Ditto|spd|1
|move|p2a: Rayquaza|V-create|p1a: Ditto
|-resisted|p1a: Ditto
|-damage|p1a: Ditto|0 fnt
|-unboost|p2a: Rayquaza|spe|1
|-unboost|p2a: Rayquaza|def|1
|-unboost|p2a: Rayquaza|spd|1
|faint|p1a: Ditto
|
|-weather|DeltaStream|[upkeep]
|upkeep
|
|t:|1664854254
|switch|p1a: Xerneas|Xerneas|100/100
|-ability|p1a: Xerneas|Fairy Aura
|turn|13
|
|t:|1664854266
|move|p1a: Xerneas|Geomancy||[still]
|-prepare|p1a: Xerneas|Geomancy
|-enditem|p1a: Xerneas|Power Herb
|-anim|p1a: Xerneas|Geomancy|p1a: Xerneas
|-boost|p1a: Xerneas|spa|2
|-boost|p1a: Xerneas|spd|2
|-boost|p1a: Xerneas|spe|2
|move|p2a: Rayquaza|V-create|p1a: Xerneas
|-damage|p1a: Xerneas|26/100
|-unboost|p2a: Rayquaza|spe|1
|-unboost|p2a: Rayquaza|def|1
|-unboost|p2a: Rayquaza|spd|1
|
|-weather|DeltaStream|[upkeep]
|upkeep
|turn|14
|c|☆Gieros|i fucked up gg
|
|t:|1664854278
|move|p1a: Xerneas|Moonblast|p2a: Rayquaza
|-supereffective|p2a: Rayquaza
|-damage|p2a: Rayquaza|0 fnt
|faint|p2a: Rayquaza
|-weather|none
|
|-fieldend|move: Psychic Terrain
|upkeep
|
|t:|1664854294
|switch|p2a: Zacian|Zacian-Crowned|100/100
|-damage|p2a: Zacian|94/100|[from] Stealth Rock
|-ability|p2a: Zacian|Intrepid Sword|boost
|-boost|p2a: Zacian|atk|1
|turn|15
|
|t:|1664854303
|move|p2a: Zacian|Quick Attack|p1a: Xerneas
|-damage|p1a: Xerneas|4/100
|move|p1a: Xerneas|Moonblast|p2a: Zacian
|-resisted|p2a: Zacian
|-damage|p2a: Zacian|27/100
|-unboost|p2a: Zacian|spa|1
|
|upkeep
|turn|16
|
|t:|1664854311
|move|p1a: Xerneas|Moonblast|p2a: Zacian
|-resisted|p2a: Zacian
|-damage|p2a: Zacian|0 fnt
|faint|p2a: Zacian
|
|upkeep
|
|t:|1664854320
|switch|p2a: Groudon|Groudon|100/100
|-damage|p2a: Groudon|94/100|[from] Stealth Rock
|detailschange|p2a: Groudon|Groudon-Primal
|-primal|p2a: Groudon
|-weather|DesolateLand|[from] ability: Desolate Land|[of] p2a: Groudon
|turn|17
|
|t:|1664854334
|-start|p1a: Xerneas|Dynamax|
|-heal|p1a: Xerneas|4/100|[silent]
|move|p1a: Xerneas|Max Mindstorm|p2a: Groudon
|-damage|p2a: Groudon|0 fnt
|-fieldstart|move: Psychic Terrain
|faint|p2a: Groudon
|-weather|none
|
|upkeep
|
|t:|1664854342
|switch|p2a: Calyrex|Calyrex-Shadow|100/100
|-ability|p2a: Calyrex|As One
|-ability|p2a: Calyrex|Unnerve
|-damage|p2a: Calyrex|88/100|[from] Stealth Rock
|turn|18
|
|t:|1664854351
|move|p2a: Calyrex|Astral Barrage|p1a: Xerneas
|-damage|p1a: Xerneas|0 fnt
|faint|p1a: Xerneas
|-ability|p2a: Calyrex|Grim Neigh|boost
|-boost|p2a: Calyrex|spa|1
|
|upkeep
|
|t:|1664854354
|switch|p1a: Calyrex|Calyrex-Shadow|100/100
|-ability|p1a: Calyrex|As One
|-ability|p1a: Calyrex|Unnerve
|turn|19
|c|☆Gieros|gg
|
|t:|1664854365
|move|p2a: Calyrex|Astral Barrage|p1a: Calyrex
|-supereffective|p1a: Calyrex
|-enditem|p1a: Calyrex|Focus Sash
|-damage|p1a: Calyrex|1/100
|move|p1a: Calyrex|Astral Barrage|p2a: Calyrex
|-supereffective|p2a: Calyrex
|-damage|p2a: Calyrex|0 fnt
|faint|p2a: Calyrex
|
|win|Gieros
|raw|Gieros's rating: 1737 &rarr; <strong>1754</strong><br />(+17 for winning)
|raw|hanwujiwandou's rating: 1681 &rarr; <strong>1664</strong><br />(-17 for losing)
|l|☆hanwujiwandou
|l|☆Gieros
|j|☆Gieros
|player|p1|Gieros|102
||Ladder isn't responding, score probably updated but might not have (Request timeout).
