|j|☆Arcspam Domination
|j|☆hjksgdf
|inactive|Battle timer is ON: inactive players will automatically lose when time's up.
|t:|1646953448
|gametype|singles
|player|p1|Arcspam Domination|leon|
|player|p2|hjksgdf|102|
|teamsize|p1|6
|teamsize|p2|6
|gen|8
|tier|[Gen 8] National Dex AG
|rated|Tournament battle
|rule|HP Percentage Mod: HP is shown in percentages
|rule|Endless Battle Clause: Forcing endless battles is banned
|clearpoke
|poke|p1|Arceus-*|
|poke|p1|Arceus-*|
|poke|p1|Arceus-*|
|poke|p1|Arceus-*|
|poke|p1|Arceus-*|
|poke|p1|Arceus-*|
|poke|p2|Necrozma-Dusk-Mane|
|poke|p2|Calyrex-Shadow|
|poke|p2|Yveltal|
|poke|p2|Zacian-*|
|poke|p2|Lugia|
|poke|p2|Arceus-*|
|teampreview
|inactive|hjksgdf also wants the timer to be on.
|j| JAY100064
|c|☆hjksgdf|wait fuck
|j|+Ransei
|c|☆hjksgdf|wrong team
|j| zacians brother
|c| JAY100064|...
|j| moonlit waves
|c|☆hjksgdf|just go onb
|c|+Ransei|lol
|c|☆hjksgdf|on*
|j| Aerythlea
|c|☆hjksgdf|i will manage
|l| Aerythlea
|inactive|Arcspam Domination has 120 seconds left.
|c|+Ransei|__finally a worthy opponent. our battle will be legendary__
|c|☆hjksgdf|kek
|inactive|Arcspam Domination has 90 seconds left.
|c|☆hjksgdf|i imange this battle being like 30-50 turns
|j|@Frito135 ❤
|inactive|Arcspam Domination has 60 seconds left.
|j|@Nevelle
|
|t:|1646953549
|start
|switch|p1a: Arceus|Arceus-Water|100/100
|switch|p2a: Lugia|Lugia|100/100
|turn|1
|
|t:|1646953567
|switch|p1a: Arceus|Arceus-Poison|100/100
|move|p2a: Lugia|Toxic|p1a: Arceus
|-immune|p1a: Arceus
|
|upkeep
|turn|2
|j| ahmber
|inactive|Arcspam Domination has 120 seconds left.
|c| ahmber|thats some different arcspam
|c|☆hjksgdf|kek
|c|☆hjksgdf|you thought 3 arceus was bad??
|
|t:|1646953602
|switch|p2a: Necrozma|Necrozma-Dusk-Mane|100/100
|move|p1a: Arceus|Stealth Rock|p2a: Necrozma
|-sidestart|p2: hjksgdf|move: Stealth Rock
|
|upkeep
|turn|3
|c|☆hjksgdf|what about 6
|c| JAY100064|I wanna spam Arc too
|
|t:|1646953610
|switch|p1a: Arceus|Arceus-Water|100/100
|switch|p2a: Yveltal|Yveltal|100/100
|-ability|p2a: Yveltal|Dark Aura
|
|upkeep
|turn|4
|c| JAY100064|>:)
|c|☆hjksgdf|no will o wisp??
|l| moonlit waves
|inactive|Arcspam Domination has 90 seconds left.
|c|+Ransei|six pieces of arkoos
|c|☆hjksgdf|#calyrexsweeps
|
|t:|1646953642
|switch|p1a: Arceus|Arceus-Dark|100/100
|switch|p2a: Zacian|Zacian-Crowned|100/100
|-damage|p2a: Zacian|94/100|[from] Stealth Rock
|-ability|p2a: Zacian|Intrepid Sword|boost
|-boost|p2a: Zacian|atk|1
|
|upkeep
|turn|5
|c|@Frito135 ❤|caly does not sweep
|c|@Frito135 ❤|speaking from experience
|c|☆hjksgdf|mhm
|c|☆hjksgdf|i will try to sweep with calyrex
|c|☆hjksgdf|(no dyna)
|inactive|Arcspam Domination has 60 seconds left.
|c| JAY100064|zacian looks nervous
|c| JAY100064|:(
|
|t:|1646953691
|switch|p1a: Arceus|Arceus-Water|100/100
|move|p2a: Zacian|Close Combat|p1a: Arceus
|-damage|p1a: Arceus|63/100
|-unboost|p2a: Zacian|def|1
|-unboost|p2a: Zacian|spd|1
|
|upkeep
|turn|6
|
|t:|1646953699
|switch|p2a: Yveltal|Yveltal|100/100
|-ability|p2a: Yveltal|Dark Aura
|move|p1a: Arceus|Will-O-Wisp|p2a: Yveltal
|-status|p2a: Yveltal|brn
|
|-damage|p2a: Yveltal|94/100 brn|[from] brn
|upkeep
|turn|7
|inactive|Arcspam Domination has 60 seconds left.
|j| High ladder bros
|c|☆hjksgdf|will o wisp on the wrong set my boi
|
|t:|1646953733
|move|p1a: Arceus|Recover|p1a: Arceus
|-heal|p1a: Arceus|100/100
|move|p2a: Yveltal|Defog|p1a: Arceus
|-unboost|p1a: Arceus|evasion|1
|-sideend|p2: hjksgdf|Stealth Rock|[from] move: Defog|[of] p2a: Yveltal
|
|-damage|p2a: Yveltal|88/100 brn|[from] brn
|upkeep
|turn|8
|c| JAY100064|I need me an Arceus team
|
|t:|1646953750
|switch|p1a: Arceus|Arceus-Ground|100/100
|move|p2a: Yveltal|U-turn|p1a: Arceus
|-damage|p1a: Arceus|94/100
|inactive|hjksgdf has 120 seconds left.
|
|t:|1646953766
|switch|p2a: Lugia|Lugia|100/100|[from]move: U-turn
|
|upkeep
|turn|9
|
|t:|1646953772
|switch|p1a: Arceus|Arceus-Poison|100/100
|move|p2a: Lugia|Thunder Wave|p1a: Arceus
|-status|p1a: Arceus|par
|
|upkeep
|turn|10
|c|☆hjksgdf|yup yup
|
|t:|1646953778
|switch|p2a: Yveltal|Yveltal|88/100 brn
|-ability|p2a: Yveltal|Dark Aura
|move|p1a: Arceus|Stealth Rock|p2a: Yveltal
|-sidestart|p2: hjksgdf|move: Stealth Rock
|
|-damage|p2a: Yveltal|82/100 brn|[from] brn
|upkeep
|turn|11
|inactive|Arcspam Domination has 60 seconds left.
|
|t:|1646953793
|switch|p1a: Arceus|Arceus-Ground|94/100
|move|p2a: Yveltal|Defog|p1a: Arceus
|-unboost|p1a: Arceus|evasion|1
|-sideend|p2: hjksgdf|Stealth Rock|[from] move: Defog|[of] p2a: Yveltal
|
|-damage|p2a: Yveltal|76/100 brn|[from] brn
|upkeep
|turn|12
|
|t:|1646953800
|switch|p2a: Necrozma|Necrozma-Dusk-Mane|100/100
|move|p1a: Arceus|Swords Dance|p1a: Arceus
|-boost|p1a: Arceus|atk|2
|
|upkeep
|turn|13
|c| JAY100064|oh no
|inactive|Arcspam Domination has 60 seconds left.
|inactive|hjksgdf has 120 seconds left.
|
|t:|1646953837
|move|p1a: Arceus|Earthquake|p2a: Necrozma
|-supereffective|p2a: Necrozma
|-damage|p2a: Necrozma|0 fnt
|faint|p2a: Necrozma
|
|upkeep
|
|t:|1646953839
|switch|p2a: Lugia|Lugia|100/100
|turn|14
|l| ahmber
|
|t:|1646953856
|-start|p1a: Arceus|Dynamax
|-heal|p1a: Arceus|94/100|[silent]
|move|p1a: Arceus|Max Rockfall|p2a: Lugia
|-supereffective|p2a: Lugia
|-damage|p2a: Lugia|53/100
|-weather|Sandstorm
|move|p2a: Lugia|Whirlwind|p1a: Arceus
|-block|p1a: Arceus|Dynamax
|
|-weather|Sandstorm|[upkeep]
|-damage|p2a: Lugia|46/100|[from] Sandstorm
|upkeep
|turn|15
|c|☆hjksgdf|gg
|
|t:|1646953870
|switch|p2a: Zacian|Zacian-Crowned|94/100
|-ability|p2a: Zacian|Intrepid Sword|boost
|-boost|p2a: Zacian|atk|1
|move|p1a: Arceus|Max Quake|p2a: Zacian
|-supereffective|p2a: Zacian
|-damage|p2a: Zacian|0 fnt
|-boost|p1a: Arceus|spd|1
|faint|p2a: Zacian
|
|-weather|Sandstorm|[upkeep]
|upkeep
|j| ahmber
|
|t:|1646953881
|switch|p2a: Arceus|Arceus-Ground|100/100
|turn|16
|inactive|Arcspam Domination has 60 seconds left.
|
|t:|1646953890
|-start|p2a: Arceus|Dynamax
|-heal|p2a: Arceus|100/100|[silent]
|move|p2a: Arceus|Max Guard|p2a: Arceus
|-singleturn|p2a: Arceus|Max Guard
|move|p1a: Arceus|Max Rockfall|p2a: Arceus
|-activate|p2a: Arceus|move: Max Guard
|
|-weather|Sandstorm|[upkeep]
|-end|p1a: Arceus|Dynamax
|-heal|p1a: Arceus|94/100|[silent]
|upkeep
|turn|17
|
|t:|1646953896
|move|p1a: Arceus|Earthquake|p2a: Arceus
|-damage|p2a: Arceus|67/100
|move|p2a: Arceus|Max Hailstorm|p1a: Arceus
|-supereffective|p1a: Arceus
|-damage|p1a: Arceus|60/100
|-weather|Hail
|
|-weather|Hail|[upkeep]
|-damage|p1a: Arceus|54/100|[from] Hail
|-damage|p2a: Arceus|64/100|[from] Hail
|upkeep
|turn|18
|inactive|Arcspam Domination has 60 seconds left.
|
|t:|1646953918
|move|p1a: Arceus|Recover|p1a: Arceus
|-heal|p1a: Arceus|100/100
|move|p2a: Arceus|Max Hailstorm|p1a: Arceus
|-supereffective|p1a: Arceus
|-damage|p1a: Arceus|68/100
|
|-weather|Hail|[upkeep]
|-damage|p1a: Arceus|62/100|[from] Hail
|-damage|p2a: Arceus|61/100|[from] Hail
|-end|p2a: Arceus|Dynamax
|-heal|p2a: Arceus|61/100|[silent]
|upkeep
|turn|19
|
|t:|1646953929
|move|p1a: Arceus|Earthquake|p2a: Arceus
|-damage|p2a: Arceus|1/100
|move|p2a: Arceus|Recover|p2a: Arceus
|-heal|p2a: Arceus|51/100
|
|-weather|Hail|[upkeep]
|-damage|p1a: Arceus|56/100|[from] Hail
|-damage|p2a: Arceus|45/100|[from] Hail
|upkeep
|turn|20
|inactive|Arcspam Domination has 60 seconds left.
|c| JAY100064|how that Arcy outspeed zacian?
|
|t:|1646953958
|move|p1a: Arceus|Earthquake|p2a: Arceus
|-damage|p2a: Arceus|0 fnt
|faint|p2a: Arceus
|
|-weather|Hail|[upkeep]
|-damage|p1a: Arceus|50/100|[from] Hail
|upkeep
|c| ahmber|zacian doesnt run max speed usually
|c| ahmber|prolly forgot to creep 373
|inactive|hjksgdf has 120 seconds left.
|c| JAY100064|oh
|inactive|hjksgdf has 90 seconds left.
|c| JAY100064|Imagine Zac had Dynamax
|
|t:|1646954028
|switch|p2a: Calyrex|Calyrex-Shadow|100/100
|-ability|p2a: Calyrex|As One
|-ability|p2a: Calyrex|Unnerve
|turn|21
|c| JAY100064|Id leave this tier
|inactive|Arcspam Domination has 60 seconds left.
|
|t:|1646954042
|move|p2a: Calyrex|Astral Barrage|p1a: Arceus
|-damage|p1a: Arceus|14/100
|move|p1a: Arceus|Recover|p1a: Arceus
|-heal|p1a: Arceus|64/100
|
|-weather|none
|upkeep
|turn|22
|
|t:|1646954047
|move|p2a: Calyrex|Nasty Plot|p2a: Calyrex
|-boost|p2a: Calyrex|spa|2
|move|p1a: Arceus|Recover|p1a: Arceus
|-heal|p1a: Arceus|100/100
|
|upkeep
|turn|23
|c| JAY100064|...
|inactive|hjksgdf has 90 seconds left.
|j|%Rotten
|
|t:|1646954077
|move|p2a: Calyrex|Astral Barrage|p1a: Arceus
|-damage|p1a: Arceus|31/100
|move|p1a: Arceus|Earthquake|p2a: Calyrex
|-damage|p2a: Calyrex|0 fnt
|faint|p2a: Calyrex
|
|upkeep
|c|☆hjksgdf|gg
|c|☆hjksgdf|6-0
|c|☆hjksgdf|not bad
|-message|hjksgdf forfeited.
|
|win|Arcspam Domination
|n|☆Arcspam Domination|arcspamdomination
|n|☆hjksgdf|hjksgdf
|n| JAY100064|jay100064
|n|+Ransei|ransei
|n| zacians brother|zaciansbrother
|n| Frito135 ❤|frito135
|n| Nevelle|nevelle
|n| High ladder bros|highladderbros
|n| ahmber|ahmber
|n| Rotten|rotten
|l|☆hjksgdf
|c| Nevelle|oml
|l| Frito135 ❤
|c| JAY100064|finally
|l| Rotten
|l| High ladder bros
|l| JAY100064
|c|☆Arcspam Domination|gg
