|j|☆soviet glonk
|j|☆Zboy_7
|t:|1634015739
|gametype|singles
|player|p1|soviet glonk|ghetsis|1693
|player|p2|Zboy_7|265|1533
|teamsize|p1|6
|teamsize|p2|6
|gen|8
|tier|[Gen 8] National Dex AG
|rated|
|rule|HP Percentage Mod: HP is shown in percentages
|rule|Endless Battle Clause: Forcing endless battles is banned
|clearpoke
|poke|p1|Eternatus|
|poke|p1|Necrozma-Dusk-Mane|
|poke|p1|Yveltal|
|poke|p1|Rayquaza|
|poke|p1|Arceus-*|
|poke|p1|Zacian-*|
|poke|p2|Ditto|
|poke|p2|Kyogre|
|poke|p2|Eternatus|
|poke|p2|Ho-Oh|
|poke|p2|Calyrex-Shadow|
|poke|p2|Zamazenta-*|
|teampreview
|inactive|Battle timer is ON: inactive players will automatically lose when time's up. (requested by soviet glonk)
|j| adhiraj8202
|inactive|Zboy_7 has 120 seconds left.
|l| adhiraj8202
|
|t:|1634015790
|start
|switch|p1a: Necrozma|Necrozma-Dusk-Mane|100/100
|switch|p2a: Ventois|Eternatus|100/100
|-ability|p2a: Ventois|Pressure
|turn|1
|
|t:|1634015796
|switch|p2a: Go-Go|Ho-Oh|100/100
|move|p1a: Necrozma|Stealth Rock|p2a: Go-Go
|-sidestart|p2: Zboy_7|move: Stealth Rock
|
|upkeep
|turn|2
|
|t:|1634015801
|move|p2a: Go-Go|Sacred Fire|p1a: Necrozma
|-supereffective|p1a: Necrozma
|-damage|p1a: Necrozma|69/100
|-status|p1a: Necrozma|brn
|move|p1a: Necrozma|Toxic|p2a: Go-Go
|-status|p2a: Go-Go|tox
|
|-damage|p2a: Go-Go|94/100 tox|[from] psn
|-damage|p1a: Necrozma|63/100 brn|[from] brn
|upkeep
|turn|3
|
|t:|1634015809
|move|p2a: Go-Go|Defog|p1a: Necrozma
|-unboost|p1a: Necrozma|evasion|1
|-sideend|p2: Zboy_7|Stealth Rock|[from] move: Defog|[of] p2a: Go-Go
|move|p1a: Necrozma|Morning Sun|p1a: Necrozma
|-heal|p1a: Necrozma|100/100 brn
|
|-damage|p2a: Go-Go|82/100 tox|[from] psn
|-damage|p1a: Necrozma|94/100 brn|[from] brn
|upkeep
|turn|4
|
|t:|1634015820
|switch|p2a: Hermitolsis|Zamazenta-Crowned|100/100
|-ability|p2a: Hermitolsis|Dauntless Shield|boost
|-boost|p2a: Hermitolsis|def|1
|move|p1a: Necrozma|Stealth Rock|p2a: Hermitolsis
|-sidestart|p2: Zboy_7|move: Stealth Rock
|
|-damage|p1a: Necrozma|88/100 brn|[from] brn
|upkeep
|turn|5
|
|t:|1634015831
|switch|p1a: Arceus|Arceus-Water|100/100
|move|p2a: Hermitolsis|Iron Defense|p2a: Hermitolsis
|-boost|p2a: Hermitolsis|def|2
|
|upkeep
|turn|6
|
|t:|1634015838
|move|p2a: Hermitolsis|Behemoth Bash|p1a: Arceus
|-resisted|p1a: Arceus
|-damage|p1a: Arceus|89/100
|move|p1a: Arceus|Judgment|p2a: Hermitolsis
|-damage|p2a: Hermitolsis|69/100
|
|upkeep
|turn|7
|
|t:|1634015866
|switch|p2a: Kamila|Kyogre|100/100
|-damage|p2a: Kamila|88/100|[from] Stealth Rock
|-weather|RainDance|[from] ability: Drizzle|[of] p2a: Kamila
|move|p1a: Arceus|Toxic|p2a: Kamila|[miss]
|-miss|p1a: Arceus|p2a: Kamila
|
|-weather|RainDance|[upkeep]
|-heal|p2a: Kamila|94/100|[from] item: Leftovers
|upkeep
|turn|8
|
|t:|1634015877
|move|p2a: Kamila|Protect|p2a: Kamila
|-singleturn|p2a: Kamila|Protect
|move|p1a: Arceus|Toxic|p2a: Kamila
|-activate|p2a: Kamila|move: Protect
|
|-weather|RainDance|[upkeep]
|-heal|p2a: Kamila|100/100|[from] item: Leftovers
|upkeep
|turn|9
|inactive|Zboy_7 has 120 seconds left.
|
|t:|1634015898
|switch|p2a: Hermitolsis|Zamazenta-Crowned|69/100
|-damage|p2a: Hermitolsis|65/100|[from] Stealth Rock
|-ability|p2a: Hermitolsis|Dauntless Shield|boost
|-boost|p2a: Hermitolsis|def|1
|move|p1a: Arceus|Toxic|p2a: Hermitolsis
|-immune|p2a: Hermitolsis
|
|-weather|RainDance|[upkeep]
|upkeep
|turn|10
|inactive|Zboy_7 has 120 seconds left.
|
|t:|1634015907
|move|p2a: Hermitolsis|Iron Defense|p2a: Hermitolsis
|-boost|p2a: Hermitolsis|def|2
|move|p1a: Arceus|Judgment|p2a: Hermitolsis
|-damage|p2a: Hermitolsis|18/100
|
|-weather|RainDance|[upkeep]
|upkeep
|turn|11
|
|t:|1634015915
|move|p2a: Hermitolsis|Rest|p2a: Hermitolsis
|-status|p2a: Hermitolsis|slp|[from] move: Rest
|-heal|p2a: Hermitolsis|100/100 slp|[silent]
|move|p1a: Arceus|Toxic||[still]
|-fail|p1a: Arceus
|
|-weather|none
|upkeep
|turn|12
|
|t:|1634015936
|cant|p2a: Hermitolsis|slp
|move|p2a: Hermitolsis|Sleep Talk|p2a: Hermitolsis
|move|p2a: Hermitolsis|Rest||[from]move: Sleep Talk|[still]
|-fail|p2a: Hermitolsis
|move|p1a: Arceus|Judgment|p2a: Hermitolsis
|-damage|p2a: Hermitolsis|67/100 slp
|
|upkeep
|turn|13
|
|t:|1634015946
|cant|p2a: Hermitolsis|slp
|move|p2a: Hermitolsis|Sleep Talk|p2a: Hermitolsis
|move|p2a: Hermitolsis|Rest||[from]move: Sleep Talk|[still]
|-fail|p2a: Hermitolsis
|move|p1a: Arceus|Judgment|p2a: Hermitolsis
|-damage|p2a: Hermitolsis|36/100 slp
|
|upkeep
|turn|14
|
|t:|1634015959
|-curestatus|p2a: Hermitolsis|slp|[msg]
|move|p2a: Hermitolsis|Rest|p2a: Hermitolsis
|-status|p2a: Hermitolsis|slp|[from] move: Rest
|-heal|p2a: Hermitolsis|100/100 slp|[silent]
|move|p1a: Arceus|Judgment|p2a: Hermitolsis
|-damage|p2a: Hermitolsis|70/100 slp
|
|upkeep
|turn|15
|
|t:|1634015966
|switch|p1a: Eternatus|Eternatus|100/100
|-ability|p1a: Eternatus|Pressure
|cant|p2a: Hermitolsis|slp
|move|p2a: Hermitolsis|Sleep Talk|p2a: Hermitolsis
|move|p2a: Hermitolsis|Iron Defense|p2a: Hermitolsis|[from]move: Sleep Talk
|-boost|p2a: Hermitolsis|def|2
|
|upkeep
|turn|16
|
|t:|1634015975
|move|p1a: Eternatus|Flamethrower|p2a: Hermitolsis
|-supereffective|p2a: Hermitolsis
|-damage|p2a: Hermitolsis|14/100 slp
|-damage|p1a: Eternatus|91/100|[from] item: Life Orb
|cant|p2a: Hermitolsis|slp
|move|p2a: Hermitolsis|Sleep Talk|p2a: Hermitolsis
|move|p2a: Hermitolsis|Rest||[from]move: Sleep Talk|[still]
|-fail|p2a: Hermitolsis
|
|upkeep
|turn|17
|c|☆Zboy_7|lol
|
|t:|1634015998
|switch|p2a: Go-Go|Ho-Oh|100/100 tox
|move|p1a: Eternatus|Dynamax Cannon|p2a: Go-Go
|-damage|p2a: Go-Go|67/100 tox
|-damage|p1a: Eternatus|81/100|[from] item: Life Orb
|
|-damage|p2a: Go-Go|61/100 tox|[from] psn
|upkeep
|turn|18
|
|t:|1634016014
|switch|p1a: Arceus|Arceus-Water|89/100
|move|p2a: Go-Go|Sacred Fire|p1a: Arceus
|-resisted|p1a: Arceus
|-damage|p1a: Arceus|78/100
|
|-damage|p2a: Go-Go|49/100 tox|[from] psn
|upkeep
|turn|19
|inactive|Zboy_7 has 120 seconds left.
|
|t:|1634016035
|switch|p2a: Ventois|Eternatus|100/100
|-damage|p2a: Ventois|88/100|[from] Stealth Rock
|-ability|p2a: Ventois|Pressure
|move|p1a: Arceus|Toxic|p2a: Ventois
|-immune|p2a: Ventois
|
|-heal|p2a: Ventois|94/100|[from] item: Leftovers
|upkeep
|turn|20
|inactive|Zboy_7 has 120 seconds left.
|
|t:|1634016048
|switch|p1a: Yveltal|Yveltal|100/100
|-ability|p1a: Yveltal|Dark Aura
|move|p2a: Ventois|Sludge Bomb|p1a: Yveltal
|-crit|p1a: Yveltal
|-damage|p1a: Yveltal|66/100
|
|-heal|p2a: Ventois|100/100|[from] item: Leftovers
|upkeep
|turn|21
|inactive|Zboy_7 has 120 seconds left.
|
|t:|1634016059
|move|p2a: Ventois|Sludge Bomb|p1a: Yveltal
|-damage|p1a: Yveltal|43/100
|move|p1a: Yveltal|Roost|p1a: Yveltal
|-heal|p1a: Yveltal|93/100
|-singleturn|p1a: Yveltal|move: Roost
|
|upkeep
|turn|22
|inactive|Zboy_7 has 120 seconds left.
|
|t:|1634016076
|move|p2a: Ventois|Toxic Spikes|p1a: Yveltal
|-sidestart|p1: soviet glonk|move: Toxic Spikes
|move|p1a: Yveltal|U-turn|p2a: Ventois
|-resisted|p2a: Ventois
|-damage|p2a: Ventois|93/100
|
|t:|1634016095
|switch|p1a: Zacian|Zacian-Crowned|100/100|[from]move: U-turn
|-ability|p1a: Zacian|Intrepid Sword|boost
|-boost|p1a: Zacian|atk|1
|
|-heal|p2a: Ventois|99/100|[from] item: Leftovers
|upkeep
|turn|23
|
|t:|1634016102
|move|p1a: Zacian|Behemoth Blade|p2a: Ventois
|-crit|p2a: Ventois
|-damage|p2a: Ventois|0 fnt
|faint|p2a: Ventois
|
|upkeep
|inactive|Zboy_7 has 120 seconds left.
|
|t:|1634016119
|switch|p2a: Go-Go|Ho-Oh|82/100 tox
|turn|24
|
|t:|1634016127
|switch|p1a: Yveltal|Yveltal|93/100
|-ability|p1a: Yveltal|Dark Aura
|move|p2a: Go-Go|Sacred Fire|p1a: Yveltal
|-damage|p1a: Yveltal|59/100
|
|-damage|p2a: Go-Go|76/100 tox|[from] psn
|upkeep
|turn|25
|inactive|Zboy_7 has 120 seconds left.
|
|t:|1634016148
|move|p1a: Yveltal|Roost|p1a: Yveltal
|-heal|p1a: Yveltal|100/100
|-singleturn|p1a: Yveltal|move: Roost
|move|p2a: Go-Go|Defog|p1a: Yveltal
|-unboost|p1a: Yveltal|evasion|1
|-sideend|p1: soviet glonk|Toxic Spikes|[from] move: Defog|[of] p2a: Go-Go
|-sideend|p2: Zboy_7|Stealth Rock|[from] move: Defog|[of] p2a: Go-Go
|
|-damage|p2a: Go-Go|64/100 tox|[from] psn
|upkeep
|turn|26
|
|t:|1634016156
|switch|p2a: Hermitolsis|Zamazenta-Crowned|14/100 slp
|-ability|p2a: Hermitolsis|Dauntless Shield|boost
|-boost|p2a: Hermitolsis|def|1
|move|p1a: Yveltal|Foul Play|p2a: Hermitolsis
|-resisted|p2a: Hermitolsis
|-damage|p2a: Hermitolsis|3/100 slp
|
|upkeep
|turn|27
|
|t:|1634016163
|-curestatus|p2a: Hermitolsis|slp|[msg]
|move|p2a: Hermitolsis|Rest|p2a: Hermitolsis
|-status|p2a: Hermitolsis|slp|[from] move: Rest
|-heal|p2a: Hermitolsis|100/100 slp|[silent]
|move|p1a: Yveltal|Foul Play|p2a: Hermitolsis
|-resisted|p2a: Hermitolsis
|-damage|p2a: Hermitolsis|89/100 slp
|
|upkeep
|turn|28
|
|t:|1634016171
|cant|p2a: Hermitolsis|slp
|move|p2a: Hermitolsis|Sleep Talk|p2a: Hermitolsis
|move|p2a: Hermitolsis|Iron Defense|p2a: Hermitolsis|[from]move: Sleep Talk
|-boost|p2a: Hermitolsis|def|2
|move|p1a: Yveltal|U-turn|p2a: Hermitolsis
|-resisted|p2a: Hermitolsis
|-damage|p2a: Hermitolsis|88/100 slp
|
|t:|1634016184
|switch|p1a: Eternatus|Eternatus|81/100|[from]move: U-turn
|-ability|p1a: Eternatus|Pressure
|
|upkeep
|turn|29
|
|t:|1634016192
|switch|p2a: Go-Go|Ho-Oh|97/100 tox
|move|p1a: Eternatus|Flamethrower|p2a: Go-Go
|-resisted|p2a: Go-Go
|-damage|p2a: Go-Go|88/100 tox
|-damage|p1a: Eternatus|71/100|[from] item: Life Orb
|
|-damage|p2a: Go-Go|82/100 tox|[from] psn
|upkeep
|turn|30
|
|t:|1634016205
|move|p1a: Eternatus|Recover|p1a: Eternatus
|-heal|p1a: Eternatus|100/100
|move|p2a: Go-Go|Sacred Fire|p1a: Eternatus
|-resisted|p1a: Eternatus
|-damage|p1a: Eternatus|83/100
|
|-damage|p2a: Go-Go|70/100 tox|[from] psn
|upkeep
|turn|31
|
|t:|1634016216
|move|p1a: Eternatus|Dynamax Cannon|p2a: Go-Go
|-damage|p2a: Go-Go|37/100 tox
|-damage|p1a: Eternatus|73/100|[from] item: Life Orb
|move|p2a: Go-Go|Recover|p2a: Go-Go
|-heal|p2a: Go-Go|87/100 tox
|
|-damage|p2a: Go-Go|69/100 tox|[from] psn
|upkeep
|turn|32
|
|t:|1634016232
|switch|p2a: Hermitolsis|Zamazenta-Crowned|88/100 slp
|-ability|p2a: Hermitolsis|Dauntless Shield|boost
|-boost|p2a: Hermitolsis|def|1
|move|p1a: Eternatus|Sludge Bomb|p2a: Hermitolsis
|-immune|p2a: Hermitolsis
|
|upkeep
|turn|33
|
|t:|1634016242
|switch|p2a: Go-Go|Ho-Oh|100/100 tox
|move|p1a: Eternatus|Flamethrower|p2a: Go-Go
|-resisted|p2a: Go-Go
|-damage|p2a: Go-Go|91/100 tox
|-damage|p1a: Eternatus|64/100|[from] item: Life Orb
|
|-damage|p2a: Go-Go|85/100 tox|[from] psn
|upkeep
|turn|34
|
|t:|1634016250
|switch|p1a: Arceus|Arceus-Water|78/100
|move|p2a: Go-Go|Sacred Fire|p1a: Arceus
|-resisted|p1a: Arceus
|-damage|p1a: Arceus|66/100
|
|-damage|p2a: Go-Go|73/100 tox|[from] psn
|upkeep
|turn|35
|
|t:|1634016263
|switch|p2a: Hermitolsis|Zamazenta-Crowned|88/100 slp
|-ability|p2a: Hermitolsis|Dauntless Shield|boost
|-boost|p2a: Hermitolsis|def|1
|move|p1a: Arceus|Recover|p1a: Arceus
|-heal|p1a: Arceus|100/100
|
|upkeep
|turn|36
|
|t:|1634016282
|-start|p1a: Arceus|Dynamax
|-heal|p1a: Arceus|100/100|[silent]
|cant|p2a: Hermitolsis|slp
|move|p2a: Hermitolsis|Sleep Talk|p2a: Hermitolsis
|move|p2a: Hermitolsis|Behemoth Bash|p1a: Arceus|[from]move: Sleep Talk
|-resisted|p1a: Arceus
|-damage|p1a: Arceus|89/100
|move|p1a: Arceus|Max Geyser|p2a: Hermitolsis
|-damage|p2a: Hermitolsis|45/100 slp
|-weather|RainDance
|
|-weather|RainDance|[upkeep]
|upkeep
|turn|37
|
|t:|1634016298
|-curestatus|p2a: Hermitolsis|slp|[msg]
|move|p2a: Hermitolsis|Rest|p2a: Hermitolsis
|-status|p2a: Hermitolsis|slp|[from] move: Rest
|-heal|p2a: Hermitolsis|100/100 slp|[silent]
|move|p1a: Arceus|Max Geyser|p2a: Hermitolsis
|-damage|p2a: Hermitolsis|44/100 slp
|
|-weather|RainDance|[upkeep]
|upkeep
|turn|38
|
|t:|1634016315
|cant|p2a: Hermitolsis|slp
|move|p2a: Hermitolsis|Sleep Talk|p2a: Hermitolsis
|move|p2a: Hermitolsis|Behemoth Bash|p1a: Arceus|[from]move: Sleep Talk
|-resisted|p1a: Arceus
|-damage|p1a: Arceus|77/100
|move|p1a: Arceus|Max Geyser|p2a: Hermitolsis
|-damage|p2a: Hermitolsis|0 fnt
|faint|p2a: Hermitolsis
|
|-weather|RainDance|[upkeep]
|-end|p1a: Arceus|Dynamax
|-heal|p1a: Arceus|77/100|[silent]
|upkeep
|
|t:|1634016322
|switch|p2a: Kamila|Kyogre|100/100
|turn|39
|
|t:|1634016328
|move|p2a: Kamila|Protect|p2a: Kamila
|-singleturn|p2a: Kamila|Protect
|move|p1a: Arceus|Toxic|p2a: Kamila
|-activate|p2a: Kamila|move: Protect
|
|-weather|RainDance|[upkeep]
|upkeep
|turn|40
|
|t:|1634016348
|-start|p2a: Kamila|Dynamax
|-heal|p2a: Kamila|100/100|[silent]
|move|p1a: Arceus|Toxic|p2a: Kamila
|-status|p2a: Kamila|tox
|move|p2a: Kamila|Max Lightning|p1a: Arceus
|-supereffective|p1a: Arceus
|-damage|p1a: Arceus|4/100
|-fieldstart|move: Electric Terrain
|
|-weather|none
|-damage|p2a: Kamila|97/100 tox|[from] psn
|upkeep
|turn|41
|inactive|soviet glonk has 120 seconds left.
|
|t:|1634016404
|move|p1a: Arceus|Recover|p1a: Arceus
|-heal|p1a: Arceus|54/100
|move|p2a: Kamila|Max Lightning|p1a: Arceus
|-supereffective|p1a: Arceus
|-damage|p1a: Arceus|0 fnt
|faint|p1a: Arceus
|
|-heal|p2a: Kamila|100/100 tox|[from] item: Leftovers
|-damage|p2a: Kamila|94/100 tox|[from] psn
|upkeep
|inactive|soviet glonk has 90 seconds left.
|
|t:|1634016416
|switch|p1a: Eternatus|Eternatus|64/100
|-ability|p1a: Eternatus|Pressure
|turn|42
|
|t:|1634016420
|move|p1a: Eternatus|Recover|p1a: Eternatus
|-heal|p1a: Eternatus|100/100
|move|p2a: Kamila|Max Geyser|p1a: Eternatus
|-resisted|p1a: Eternatus
|-damage|p1a: Eternatus|64/100
|-weather|RainDance
|
|-weather|RainDance|[upkeep]
|-heal|p2a: Kamila|97/100 tox|[from] item: Leftovers
|-damage|p2a: Kamila|88/100 tox|[from] psn
|-end|p2a: Kamila|Dynamax
|-heal|p2a: Kamila|88/100 tox|[silent]
|upkeep
|turn|43
|
|t:|1634016430
|move|p1a: Eternatus|Dynamax Cannon|p2a: Kamila
|-damage|p2a: Kamila|44/100 tox
|-damage|p1a: Eternatus|54/100|[from] item: Life Orb
|move|p2a: Kamila|Thunder|p1a: Eternatus
|-resisted|p1a: Eternatus
|-damage|p1a: Eternatus|26/100
|
|-weather|RainDance|[upkeep]
|-heal|p2a: Kamila|50/100 tox|[from] item: Leftovers
|-damage|p2a: Kamila|25/100 tox|[from] psn
|upkeep
|turn|44
|
|t:|1634016439
|switch|p2a: Go-Go|Ho-Oh|100/100 tox
|move|p1a: Eternatus|Recover|p1a: Eternatus
|-heal|p1a: Eternatus|76/100
|
|-weather|RainDance|[upkeep]
|-damage|p2a: Go-Go|94/100 tox|[from] psn
|-fieldend|move: Electric Terrain
|upkeep
|turn|45
|inactive|soviet glonk has 120 seconds left.
|
|t:|1634016450
|move|p1a: Eternatus|Sludge Bomb|p2a: Go-Go
|-damage|p2a: Go-Go|65/100 tox
|-damage|p1a: Eternatus|66/100|[from] item: Life Orb
|move|p2a: Go-Go|Whirlwind|p1a: Eternatus
|drag|p1a: Zacian|Zacian-Crowned|100/100
|-ability|p1a: Zacian|Intrepid Sword|boost
|-boost|p1a: Zacian|atk|1
|
|-weather|RainDance|[upkeep]
|-damage|p2a: Go-Go|53/100 tox|[from] psn
|upkeep
|turn|46
|inactive|soviet glonk has 120 seconds left.
|
|t:|1634016475
|switch|p1a: Yveltal|Yveltal|100/100
|-ability|p1a: Yveltal|Dark Aura
|switch|p2a: Kamila|Kyogre|25/100 tox
|
|-weather|none
|-heal|p2a: Kamila|31/100 tox|[from] item: Leftovers
|-damage|p2a: Kamila|25/100 tox|[from] psn
|upkeep
|turn|47
|
|t:|1634016486
|move|p1a: Yveltal|Roost||[still]
|-fail|p1a: Yveltal|heal
|move|p2a: Kamila|Thunder|p1a: Yveltal
|-supereffective|p1a: Yveltal
|-damage|p1a: Yveltal|47/100
|
|-heal|p2a: Kamila|31/100 tox|[from] item: Leftovers
|-damage|p2a: Kamila|19/100 tox|[from] psn
|upkeep
|turn|48
|
|t:|1634016492
|move|p1a: Yveltal|Roost|p1a: Yveltal
|-heal|p1a: Yveltal|97/100
|-singleturn|p1a: Yveltal|move: Roost
|move|p2a: Kamila|Thunder|p1a: Yveltal
|-damage|p1a: Yveltal|71/100
|-status|p1a: Yveltal|par
|
|-heal|p2a: Kamila|25/100 tox|[from] item: Leftovers
|-damage|p2a: Kamila|7/100 tox|[from] psn
|upkeep
|turn|49
|inactive|soviet glonk has 120 seconds left.
|
|t:|1634016502
|move|p2a: Kamila|Thunder|p1a: Yveltal
|-supereffective|p1a: Yveltal
|-damage|p1a: Yveltal|17/100 par
|move|p1a: Yveltal|Roost|p1a: Yveltal
|-heal|p1a: Yveltal|67/100 par
|-singleturn|p1a: Yveltal|move: Roost
|
|-heal|p2a: Kamila|13/100 tox|[from] item: Leftovers
|-damage|p2a: Kamila|0 fnt|[from] psn
|faint|p2a: Kamila
|upkeep
|
|t:|1634016531
|switch|p2a: Go-Go|Ho-Oh|86/100 tox
|turn|50
|
|t:|1634016543
|switch|p1a: Eternatus|Eternatus|66/100
|-ability|p1a: Eternatus|Pressure
|move|p2a: Go-Go|Sacred Fire|p1a: Eternatus
|-resisted|p1a: Eternatus
|-damage|p1a: Eternatus|47/100
|-status|p1a: Eternatus|brn
|
|-damage|p2a: Go-Go|80/100 tox|[from] psn
|-damage|p1a: Eternatus|41/100 brn|[from] brn
|upkeep
|turn|51
|inactive|Zboy_7 has 120 seconds left.
|
|t:|1634016568
|move|p1a: Eternatus|Recover|p1a: Eternatus
|-heal|p1a: Eternatus|91/100 brn
|move|p2a: Go-Go|Recover|p2a: Go-Go
|-heal|p2a: Go-Go|100/100 tox
|
|-damage|p2a: Go-Go|88/100 tox|[from] psn
|-damage|p1a: Eternatus|85/100 brn|[from] brn
|upkeep
|turn|52
|
|t:|1634016580
|move|p1a: Eternatus|Sludge Bomb|p2a: Go-Go
|-damage|p2a: Go-Go|62/100 tox
|-damage|p1a: Eternatus|75/100 brn|[from] item: Life Orb
|move|p2a: Go-Go|Whirlwind|p1a: Eternatus
|drag|p1a: Necrozma|Necrozma-Dusk-Mane|88/100 brn
|
|-damage|p2a: Go-Go|44/100 tox|[from] psn
|-damage|p1a: Necrozma|82/100 brn|[from] brn
|upkeep
|turn|53
|
|t:|1634016594
|move|p2a: Go-Go|Recover|p2a: Go-Go
|-heal|p2a: Go-Go|94/100 tox
|move|p1a: Necrozma|Stealth Rock|p2a: Go-Go
|-sidestart|p2: Zboy_7|move: Stealth Rock
|
|-damage|p2a: Go-Go|70/100 tox|[from] psn
|-damage|p1a: Necrozma|76/100 brn|[from] brn
|upkeep
|turn|54
|
|t:|1634016613
|switch|p2a: Rimaru Tempest|Ditto|100/100
|-damage|p2a: Rimaru Tempest|88/100|[from] Stealth Rock
|-transform|p2a: Rimaru Tempest|p1a: Necrozma|[from] ability: Imposter
|switch|p1a: Rayquaza|Rayquaza|100/100
|-ability|p1a: Rayquaza|Air Lock
|
|upkeep
|turn|55
|
|t:|1634016629
|detailschange|p1a: Rayquaza|Rayquaza-Mega
|-mega|p1a: Rayquaza|Rayquaza|
|-weather|DeltaStream|[from] ability: Delta Stream|[of] p1a: Rayquaza
|move|p1a: Rayquaza|V-create|p2a: Rimaru Tempest
|-supereffective|p2a: Rimaru Tempest
|-damage|p2a: Rimaru Tempest|0 fnt
|-unboost|p1a: Rayquaza|spe|1
|-unboost|p1a: Rayquaza|def|1
|-unboost|p1a: Rayquaza|spd|1
|faint|p2a: Rimaru Tempest
|
|-weather|DeltaStream|[upkeep]
|upkeep
|
|t:|1634016637
|switch|p2a: Go-Go|Ho-Oh|100/100 tox
|turn|56
|
|t:|1634016654
|-weather|none
|switch|p1a: Necrozma|Necrozma-Dusk-Mane|76/100 brn
|move|p2a: Go-Go|Defog|p1a: Necrozma
|-unboost|p1a: Necrozma|evasion|1
|-sideend|p2: Zboy_7|Stealth Rock|[from] move: Defog|[of] p2a: Go-Go
|
|-damage|p2a: Go-Go|94/100 tox|[from] psn
|-damage|p1a: Necrozma|70/100 brn|[from] brn
|upkeep
|turn|57
|
|t:|1634016659
|switch|p2a: Kail|Calyrex-Shadow|100/100
|-ability|p2a: Kail|As One
|-ability|p2a: Kail|Unnerve
|move|p1a: Necrozma|Morning Sun|p1a: Necrozma
|-heal|p1a: Necrozma|100/100 brn
|
|-damage|p1a: Necrozma|94/100 brn|[from] brn
|upkeep
|turn|58
|
|t:|1634016669
|switch|p1a: Yveltal|Yveltal|67/100 par
|-ability|p1a: Yveltal|Dark Aura
|move|p2a: Kail|Calm Mind|p2a: Kail
|-boost|p2a: Kail|spa|1
|-boost|p2a: Kail|spd|1
|
|upkeep
|turn|59
|
|t:|1634016678
|move|p2a: Kail|Astral Barrage|p1a: Yveltal
|-resisted|p1a: Yveltal
|-damage|p1a: Yveltal|37/100 par
|move|p1a: Yveltal|Foul Play|p2a: Kail
|-supereffective|p2a: Kail
|-enditem|p2a: Kail|Focus Sash
|-damage|p2a: Kail|1/100
|
|upkeep
|turn|60
|
|t:|1634016687
|move|p2a: Kail|Astral Barrage|p1a: Yveltal
|-resisted|p1a: Yveltal
|-damage|p1a: Yveltal|5/100 par
|move|p1a: Yveltal|Roost|p1a: Yveltal
|-heal|p1a: Yveltal|55/100 par
|-singleturn|p1a: Yveltal|move: Roost
|
|upkeep
|turn|61
|
|t:|1634016699
|move|p2a: Kail|Astral Barrage|p1a: Yveltal
|-resisted|p1a: Yveltal
|-damage|p1a: Yveltal|25/100 par
|move|p1a: Yveltal|Foul Play|p2a: Kail
|-supereffective|p2a: Kail
|-damage|p2a: Kail|0 fnt
|faint|p2a: Kail
|
|upkeep
|-message|Zboy_7 forfeited.
|
|win|soviet glonk
|raw|soviet glonk's rating: 1693 &rarr; <strong>1704</strong><br />(+11 for winning)
|raw|Zboy_7's rating: 1533 &rarr; <strong>1522</strong><br />(-11 for losing)
|l|☆Zboy_7
