|j|☆Pokemon Master 801
|j|☆Soda49
|t:|1660763776
|gametype|singles
|player|p1|Pokemon Master 801|red|1666
|player|p2|Soda49|265|1741
|teamsize|p1|6
|teamsize|p2|6
|gen|8
|tier|[Gen 8] National Dex AG
|rated|
|rule|HP Percentage Mod: HP is shown in percentages
|rule|Endless Battle Clause: Forcing endless battles is banned
|clearpoke
|poke|p1|Yveltal|
|poke|p1|Ho-Oh|
|poke|p1|Groudon|
|poke|p1|Rayquaza|
|poke|p1|Zacian-*|
|poke|p1|Calyrex-Shadow|
|poke|p2|Charizard, F|
|poke|p2|Mimikyu, M|
|poke|p2|Smeargle, M|
|poke|p2|Calyrex-Shadow|
|poke|p2|Thundurus, M|
|poke|p2|Groudon|
|teampreview
|inactive|Battle timer is ON: inactive players will automatically lose when time's up. (requested by Pokemon Master 801)
|j| Deschutes13
|j| ThisIsntHilarious
|
|t:|1660763790
|start
|switch|p1a: Bringer of Death|Yveltal, shiny|100/100
|switch|p2a: Charizard|Charizard, F|100/100
|-ability|p1a: Bringer of Death|Dark Aura
|turn|1
|
|t:|1660763795
|-start|p2a: Charizard|Dynamax|Gmax
|-heal|p2a: Charizard|100/100|[silent]
|move|p2a: Charizard|Max Airstream|p1a: Bringer of Death
|-damage|p1a: Bringer of Death|44/100
|-boost|p2a: Charizard|spe|1
|move|p1a: Bringer of Death|Dark Pulse|p2a: Charizard
|-damage|p2a: Charizard|58/100
|
|upkeep
|turn|2
|
|t:|1660763805
|move|p1a: Bringer of Death|Sucker Punch|p2a: Charizard
|-damage|p2a: Charizard|30/100
|move|p2a: Charizard|G-Max Wildfire|p1a: Bringer of Death
|-damage|p1a: Bringer of Death|0 fnt
|-sidestart|p1: Pokemon Master 801|G-Max Wildfire
|faint|p1a: Bringer of Death
|
|upkeep
|
|t:|1660763819
|switch|p1a: God|Rayquaza, shiny|100/100
|-ability|p1a: God|Air Lock
|turn|3
|
|t:|1660763823
|detailschange|p1a: God|Rayquaza-Mega, shiny
|-mega|p1a: God|Rayquaza|
|-weather|DeltaStream|[from] ability: Delta Stream|[of] p1a: God
|move|p1a: God|Extreme Speed|p2a: Charizard
|-crit|p2a: Charizard
|-damage|p2a: Charizard|0 fnt
|faint|p2a: Charizard
|-damage|p1a: God|91/100|[from] item: Life Orb
|
|-weather|DeltaStream|[upkeep]
|-damage|p1a: God|74/100|[from] G-Max Wildfire
|upkeep
|
|t:|1660763833
|switch|p2a: Groudon|Groudon|100/100
|detailschange|p2a: Groudon|Groudon-Primal
|-primal|p2a: Groudon
|-weather|DesolateLand|[from] ability: Desolate Land|[of] p2a: Groudon
|turn|4
|
|t:|1660763837
|move|p1a: God|Dragon Dance|p1a: God
|-boost|p1a: God|atk|1
|-boost|p1a: God|spe|1
|move|p2a: Groudon|Rock Tomb|p1a: God
|-supereffective|p1a: God
|-damage|p1a: God|24/100
|-unboost|p1a: God|spe|1
|
|-weather|DesolateLand|[upkeep]
|-damage|p1a: God|8/100|[from] G-Max Wildfire
|upkeep
|turn|5
|
|t:|1660763846
|move|p1a: God|Earthquake|p2a: Groudon
|-supereffective|p2a: Groudon
|-crit|p2a: Groudon
|-damage|p2a: Groudon|0 fnt
|faint|p2a: Groudon
|-weather|none
|-damage|p1a: God|0 fnt|[from] item: Life Orb
|faint|p1a: God
|
|-sideend|p1: Pokemon Master 801|G-Max Wildfire
|upkeep
|
|t:|1660763855
|switch|p1a: Ho-Oh|Ho-Oh|100/100
|switch|p2a: Thundurus|Thundurus, M|100/100
|turn|6
|
|t:|1660763860
|move|p2a: Thundurus|Knock Off|p1a: Ho-Oh
|-damage|p1a: Ho-Oh|78/100
|-enditem|p1a: Ho-Oh|Heavy-Duty Boots|[from] move: Knock Off|[of] p2a: Thundurus
|move|p1a: Ho-Oh|Sacred Fire|p2a: Thundurus
|-damage|p2a: Thundurus|27/100
|
|upkeep
|turn|7
|
|t:|1660763868
|move|p2a: Thundurus|Scary Face|p1a: Ho-Oh
|-unboost|p1a: Ho-Oh|spe|2
|move|p1a: Ho-Oh|Sacred Fire|p2a: Thundurus
|-damage|p2a: Thundurus|0 fnt
|faint|p2a: Thundurus
|
|upkeep
|
|t:|1660763871
|switch|p2a: Smeargle|Smeargle, M|100/100
|turn|8
|
|t:|1660763875
|move|p2a: Smeargle|Spore|p1a: Ho-Oh
|-status|p1a: Ho-Oh|slp|[from] move: Spore
|cant|p1a: Ho-Oh|slp
|
|-ability|p2a: Smeargle|Moody|boost
|-boost|p2a: Smeargle|spe|2
|-unboost|p2a: Smeargle|spa|1
|upkeep
|turn|9
|
|t:|1660763878
|switch|p1a: Crowned Sword|Zacian-Crowned, shiny|100/100
|-ability|p1a: Crowned Sword|Intrepid Sword|boost
|-boost|p1a: Crowned Sword|atk|1
|move|p2a: Smeargle|Substitute|p2a: Smeargle
|-start|p2a: Smeargle|Substitute
|-damage|p2a: Smeargle|76/100
|
|-heal|p2a: Smeargle|82/100|[from] item: Leftovers
|-ability|p2a: Smeargle|Moody|boost
|-boost|p2a: Smeargle|atk|2
|-unboost|p2a: Smeargle|spe|1
|upkeep
|turn|10
|
|t:|1660763880
|move|p1a: Crowned Sword|Behemoth Blade|p2a: Smeargle
|-end|p2a: Smeargle|Substitute
|move|p2a: Smeargle|Spore|p1a: Crowned Sword
|-status|p1a: Crowned Sword|slp|[from] move: Spore
|
|-heal|p2a: Smeargle|88/100|[from] item: Leftovers
|-ability|p2a: Smeargle|Moody|boost
|-boost|p2a: Smeargle|def|2
|-unboost|p2a: Smeargle|spa|1
|upkeep
|turn|11
|
|t:|1660763884
|cant|p1a: Crowned Sword|slp
|move|p2a: Smeargle|Substitute|p2a: Smeargle
|-start|p2a: Smeargle|Substitute
|-damage|p2a: Smeargle|63/100
|
|-heal|p2a: Smeargle|69/100|[from] item: Leftovers
|-ability|p2a: Smeargle|Moody|boost
|-boost|p2a: Smeargle|spe|2
|-unboost|p2a: Smeargle|spd|1
|upkeep
|turn|12
|
|t:|1660763886
|move|p2a: Smeargle|Shell Smash|p2a: Smeargle
|-unboost|p2a: Smeargle|def|1
|-unboost|p2a: Smeargle|spd|1
|-boost|p2a: Smeargle|atk|2
|-boost|p2a: Smeargle|spa|2
|-boost|p2a: Smeargle|spe|2
|cant|p1a: Crowned Sword|slp
|
|-heal|p2a: Smeargle|75/100|[from] item: Leftovers
|-ability|p2a: Smeargle|Moody|boost
|-boost|p2a: Smeargle|spd|2
|-unboost|p2a: Smeargle|def|1
|upkeep
|turn|13
|
|t:|1660763906
|move|p2a: Smeargle|Shell Smash|p2a: Smeargle
|-unboost|p2a: Smeargle|def|1
|-unboost|p2a: Smeargle|spd|1
|-boost|p2a: Smeargle|atk|2
|-boost|p2a: Smeargle|spa|2
|-boost|p2a: Smeargle|spe|1
|-curestatus|p1a: Crowned Sword|slp|[msg]
|move|p1a: Crowned Sword|Behemoth Blade|p2a: Smeargle
|-end|p2a: Smeargle|Substitute
|
|-heal|p2a: Smeargle|81/100|[from] item: Leftovers
|-ability|p2a: Smeargle|Moody|boost
|-boost|p2a: Smeargle|spa|2
|-unboost|p2a: Smeargle|atk|1
|upkeep
|turn|14
|
|t:|1660763913
|move|p2a: Smeargle|Spore|p1a: Crowned Sword
|-status|p1a: Crowned Sword|slp|[from] move: Spore
|cant|p1a: Crowned Sword|slp
|
|-heal|p2a: Smeargle|87/100|[from] item: Leftovers
|-ability|p2a: Smeargle|Moody|boost
|-boost|p2a: Smeargle|atk|1
|-unboost|p2a: Smeargle|spd|1
|upkeep
|turn|15
|
|t:|1660763918
|move|p2a: Smeargle|Substitute|p2a: Smeargle
|-start|p2a: Smeargle|Substitute
|-damage|p2a: Smeargle|62/100
|cant|p1a: Crowned Sword|slp
|
|-heal|p2a: Smeargle|68/100|[from] item: Leftovers
|-ability|p2a: Smeargle|Moody|boost
|-boost|p2a: Smeargle|def|2
|-unboost|p2a: Smeargle|spd|1
|upkeep
|turn|16
|
|t:|1660763930
|move|p2a: Smeargle|Power Trip|p1a: Crowned Sword
|-resisted|p1a: Crowned Sword
|-damage|p1a: Crowned Sword|16/100 slp
|cant|p1a: Crowned Sword|slp
|
|-heal|p2a: Smeargle|74/100|[from] item: Leftovers
|-ability|p2a: Smeargle|Moody|boost
|-boost|p2a: Smeargle|def|2
|-unboost|p2a: Smeargle|spe|1
|upkeep
|turn|17
|
|t:|1660763936
|move|p2a: Smeargle|Power Trip|p1a: Crowned Sword
|-resisted|p1a: Crowned Sword
|-damage|p1a: Crowned Sword|0 fnt
|faint|p1a: Crowned Sword
|
|-heal|p2a: Smeargle|80/100|[from] item: Leftovers
|-ability|p2a: Smeargle|Moody|boost
|-boost|p2a: Smeargle|spd|2
|-unboost|p2a: Smeargle|spa|1
|upkeep
|
|t:|1660763941
|switch|p1a: God’s Shadow|Calyrex-Shadow|100/100
|-ability|p1a: God’s Shadow|As One
|-ability|p1a: God’s Shadow|Unnerve
|turn|18
|
|t:|1660763951
|move|p2a: Smeargle|Spore|p1a: God’s Shadow
|-status|p1a: God’s Shadow|slp|[from] move: Spore
|cant|p1a: God’s Shadow|slp
|
|-heal|p2a: Smeargle|86/100|[from] item: Leftovers
|-ability|p2a: Smeargle|Moody|boost
|-boost|p2a: Smeargle|def|2
|-unboost|p2a: Smeargle|spa|1
|upkeep
|turn|19
|
|t:|1660763955
|move|p2a: Smeargle|Power Trip|p1a: God’s Shadow
|-supereffective|p1a: God’s Shadow
|-enditem|p1a: God’s Shadow|Focus Sash
|-damage|p1a: God’s Shadow|1/100 slp
|cant|p1a: God’s Shadow|slp
|
|-heal|p2a: Smeargle|92/100|[from] item: Leftovers
|-ability|p2a: Smeargle|Moody|boost
|-boost|p2a: Smeargle|spe|1
|-unboost|p2a: Smeargle|spd|1
|upkeep
|turn|20
|
|t:|1660763963
|move|p2a: Smeargle|Power Trip|p1a: God’s Shadow
|-supereffective|p1a: God’s Shadow
|-damage|p1a: God’s Shadow|0 fnt
|faint|p1a: God’s Shadow
|
|-heal|p2a: Smeargle|98/100|[from] item: Leftovers
|-ability|p2a: Smeargle|Moody|boost
|-boost|p2a: Smeargle|def|1
|-unboost|p2a: Smeargle|spa|1
|upkeep
|-message|Pokemon Master 801 forfeited.
|
|win|Soda49
|raw|Pokemon Master 801's rating: 1666 &rarr; <strong>1650</strong><br />(-16 for losing)
|raw|Soda49's rating: 1741 &rarr; <strong>1757</strong><br />(+16 for winning)
|l|☆Pokemon Master 801
|l|☆Soda49
|l| Deschutes13
|l| ThisIsntHilarious
||Ladder isn't responding, score probably updated but might not have (Request timeout).
