|j|☆SaintLaplace
|j|☆DrMario69
|t:|1663214239
|gametype|singles
|player|p1|SaintLaplace|hilda-wonderlauncher|1715
|player|p2|DrMario69|hiker-gen4|1896
|teamsize|p1|6
|teamsize|p2|6
|gen|8
|tier|[Gen 8] National Dex AG
|rated|
|rule|HP Percentage Mod: HP is shown in percentages
|rule|Endless Battle Clause: Forcing endless battles is banned
|clearpoke
|poke|p1|Necrozma-Dusk-Mane|
|poke|p1|Zygarde|
|poke|p1|Rayquaza|
|poke|p1|Necrozma-Dawn-Wings|
|poke|p1|Marshadow|
|poke|p1|Arceus-*|
|poke|p2|Groudon|
|poke|p2|Rayquaza|
|poke|p2|Zygarde|
|poke|p2|Arceus-*|
|poke|p2|Calyrex-Shadow|
|poke|p2|Arceus-*|
|teampreview
|inactive|Battle timer is ON: inactive players will automatically lose when time's up. (requested by SaintLaplace)
|
|t:|1663214243
|start
|switch|p1a: Arceus|Arceus|100/100
|switch|p2a: Pneuma|Rayquaza|100/100
|-ability|p2a: Pneuma|Air Lock
|turn|1
|
|t:|1663214247
|detailschange|p2a: Pneuma|Rayquaza-Mega
|-mega|p2a: Pneuma|Rayquaza|
|-weather|DeltaStream|[from] ability: Delta Stream|[of] p2a: Pneuma
|move|p2a: Pneuma|Dragon Ascent|p1a: Arceus
|-damage|p1a: Arceus|47/100
|-unboost|p2a: Pneuma|def|1
|-unboost|p2a: Pneuma|spd|1
|-enditem|p1a: Arceus|Red Card|[of] p2a: Pneuma
|-weather|none
|drag|p2a: Arceus|Arceus-Dark|100/100
|move|p1a: Arceus|Thunder Wave|p2a: Arceus
|-status|p2a: Arceus|par
|
|upkeep
|turn|2
|
|t:|1663214260
|move|p1a: Arceus|Recover|p1a: Arceus
|-heal|p1a: Arceus|97/100
|cant|p2a: Arceus|par
|
|upkeep
|turn|3
|
|t:|1663214264
|move|p1a: Arceus|Stealth Rock|p2a: Arceus
|-sidestart|p2: DrMario69|move: Stealth Rock
|move|p2a: Arceus|Thunder Wave|p1a: Arceus
|-status|p1a: Arceus|par
|
|upkeep
|turn|4
|
|t:|1663214269
|cant|p2a: Arceus|par
|move|p1a: Arceus|Roar|p2a: Arceus
|drag|p2a: Arceus|Arceus|100/100
|-damage|p2a: Arceus|88/100|[from] Stealth Rock
|
|upkeep
|turn|5
|
|t:|1663214275
|move|p2a: Arceus|Swords Dance|p2a: Arceus
|-boost|p2a: Arceus|atk|2
|cant|p1a: Arceus|par
|
|upkeep
|turn|6
|
|t:|1663214279
|-start|p2a: Arceus|Dynamax|
|-heal|p2a: Arceus|88/100|[silent]
|move|p2a: Arceus|Max Airstream|p1a: Arceus
|-damage|p1a: Arceus|40/100 par
|-boost|p2a: Arceus|spe|1
|-damage|p2a: Arceus|83/100|[from] item: Life Orb
|move|p1a: Arceus|Thunder Wave|p2a: Arceus
|-status|p2a: Arceus|par
|
|upkeep
|turn|7
|
|t:|1663214293
|cant|p2a: Arceus|par
|move|p1a: Arceus|Recover|p1a: Arceus
|-heal|p1a: Arceus|90/100 par
|
|upkeep
|turn|8
|
|t:|1663214297
|move|p2a: Arceus|Max Strike|p1a: Arceus
|-damage|p1a: Arceus|5/100 par
|-unboost|p1a: Arceus|spe|1
|-damage|p2a: Arceus|78/100 par|[from] item: Life Orb
|move|p1a: Arceus|Recover|p1a: Arceus
|-heal|p1a: Arceus|55/100 par
|
|upkeep
|-end|p2a: Arceus|Dynamax
|-heal|p2a: Arceus|78/100 par|[silent]
|turn|9
|
|t:|1663214309
|move|p2a: Arceus|Extreme Speed|p1a: Arceus
|-damage|p1a: Arceus|5/100 par
|-damage|p2a: Arceus|68/100 par|[from] item: Life Orb
|move|p1a: Arceus|Roar|p2a: Arceus
|drag|p2a: Shi Oh You|Zygarde, shiny|100/100
|-damage|p2a: Shi Oh You|94/100|[from] Stealth Rock
|
|-heal|p2a: Shi Oh You|100/100|[from] item: Leftovers
|upkeep
|turn|10
|c|☆DrMario69|this para rng
|
|t:|1663214321
|move|p2a: Shi Oh You|Thousand Arrows|p1a: Arceus
|-damage|p1a: Arceus|0 fnt
|faint|p1a: Arceus
|
|upkeep
|
|t:|1663214329
|switch|p1a: Necrozma|Necrozma-Dawn-Wings, shiny|100/100
|turn|11
|c|☆SaintLaplace|Expect rng when you open the game
|inactive|DrMario69 has 120 seconds left.
|
|t:|1663214369
|move|p2a: Shi Oh You|Glare|p1a: Necrozma
|-status|p1a: Necrozma|par
|move|p1a: Necrozma|Dragon Dance|p1a: Necrozma
|-boost|p1a: Necrozma|atk|1
|-boost|p1a: Necrozma|spe|1
|
|upkeep
|turn|12
|
|t:|1663214376
|detailschange|p1a: Necrozma|Necrozma-Ultra, shiny
|-burst|p1a: Necrozma|Necrozma|Ultranecrozium Z
|move|p2a: Shi Oh You|Substitute|p2a: Shi Oh You
|-start|p2a: Shi Oh You|Substitute
|-damage|p2a: Shi Oh You|75/100
|cant|p1a: Necrozma|par
|
|-heal|p2a: Shi Oh You|82/100|[from] item: Leftovers
|upkeep
|turn|13
|
|t:|1663214384
|move|p2a: Shi Oh You|Coil|p2a: Shi Oh You
|-boost|p2a: Shi Oh You|atk|1
|-boost|p2a: Shi Oh You|def|1
|-boost|p2a: Shi Oh You|accuracy|1
|move|p1a: Necrozma|Photon Geyser|p2a: Shi Oh You
|-end|p2a: Shi Oh You|Substitute
|
|-heal|p2a: Shi Oh You|88/100|[from] item: Leftovers
|upkeep
|turn|14
|
|t:|1663214396
|move|p2a: Shi Oh You|Substitute|p2a: Shi Oh You
|-start|p2a: Shi Oh You|Substitute
|-damage|p2a: Shi Oh You|63/100
|move|p1a: Necrozma|Dragon Dance|p1a: Necrozma
|-boost|p1a: Necrozma|atk|1
|-boost|p1a: Necrozma|spe|1
|
|-heal|p2a: Shi Oh You|69/100|[from] item: Leftovers
|upkeep
|turn|15
|
|t:|1663214401
|move|p1a: Necrozma|Photon Geyser|p2a: Shi Oh You
|-end|p2a: Shi Oh You|Substitute
|move|p2a: Shi Oh You|Coil|p2a: Shi Oh You
|-boost|p2a: Shi Oh You|atk|1
|-boost|p2a: Shi Oh You|def|1
|-boost|p2a: Shi Oh You|accuracy|1
|
|-heal|p2a: Shi Oh You|75/100|[from] item: Leftovers
|upkeep
|turn|16
|
|t:|1663214410
|-zpower|p1a: Necrozma
|move|p1a: Necrozma|Light That Burns the Sky|p2a: Shi Oh You|[zeffect]
|-damage|p2a: Shi Oh You|7/100
|move|p2a: Shi Oh You|Substitute|p2a: Shi Oh You
|-fail|p2a: Shi Oh You|move: Substitute|[weak]
|
|-heal|p2a: Shi Oh You|13/100|[from] item: Leftovers
|-activate|p2a: Shi Oh You|ability: Power Construct
|detailschange|p2a: Shi Oh You|Zygarde-Complete, shiny
|-heal|p2a: Shi Oh You|43/100|[silent]
|upkeep
|turn|17
|
|t:|1663214419
|move|p1a: Necrozma|Photon Geyser|p2a: Shi Oh You
|-damage|p2a: Shi Oh You|19/100
|move|p2a: Shi Oh You|Coil|p2a: Shi Oh You
|-boost|p2a: Shi Oh You|atk|1
|-boost|p2a: Shi Oh You|def|1
|-boost|p2a: Shi Oh You|accuracy|1
|
|-heal|p2a: Shi Oh You|25/100|[from] item: Leftovers
|upkeep
|turn|18
|c|☆SaintLaplace|Why are you using coil against a special attacker???
|
|t:|1663214444
|move|p1a: Necrozma|Photon Geyser|p2a: Shi Oh You
|-damage|p2a: Shi Oh You|8/100
|move|p2a: Shi Oh You|Thousand Arrows|p1a: Necrozma
|-damage|p1a: Necrozma|35/100 par
|
|-heal|p2a: Shi Oh You|14/100|[from] item: Leftovers
|upkeep
|turn|19
|c|☆DrMario69|photon is physical
|
|t:|1663214455
|move|p1a: Necrozma|Photon Geyser|p2a: Shi Oh You
|-crit|p2a: Shi Oh You
|-damage|p2a: Shi Oh You|0 fnt
|faint|p2a: Shi Oh You
|
|upkeep
|
|t:|1663214457
|switch|p2a: Calyrex|Calyrex-Shadow|100/100
|-ability|p2a: Calyrex|As One
|-ability|p2a: Calyrex|Unnerve
|-damage|p2a: Calyrex|88/100|[from] Stealth Rock
|turn|20
|c|☆SaintLaplace|Uses my attack stat, remains special
|
|t:|1663214473
|move|p2a: Calyrex|Astral Barrage|p1a: Necrozma
|-supereffective|p1a: Necrozma
|-damage|p1a: Necrozma|0 fnt
|faint|p1a: Necrozma
|-ability|p2a: Calyrex|Grim Neigh|boost
|-boost|p2a: Calyrex|spa|1
|
|-heal|p2a: Calyrex|94/100|[from] item: Leftovers
|upkeep
|
|t:|1663214476
|switch|p1a: Marshadow|Marshadow|100/100
|turn|21
|c|☆DrMario69|no it is not lol
|
|t:|1663214486
|switch|p2a: Pyra|Groudon|100/100
|-damage|p2a: Pyra|94/100|[from] Stealth Rock
|detailschange|p2a: Pyra|Groudon-Primal
|-primal|p2a: Pyra
|-weather|DesolateLand|[from] ability: Desolate Land|[of] p2a: Pyra
|move|p1a: Marshadow|Rock Tomb|p2a: Pyra
|-damage|p2a: Pyra|77/100
|-unboost|p2a: Pyra|spe|1
|
|-weather|DesolateLand|[upkeep]
|upkeep
|turn|22
|c|☆SaintLaplace|Wait
|c|☆SaintLaplace|I'm thinking psyshock
|c|☆DrMario69|yes
|c|☆SaintLaplace|Stupid
|c|☆DrMario69|lmao
|
|t:|1663214509
|move|p1a: Marshadow|Close Combat|p2a: Pyra
|-damage|p2a: Pyra|44/100
|-unboost|p1a: Marshadow|def|1
|-unboost|p1a: Marshadow|spd|1
|move|p2a: Pyra|Stealth Rock|p1a: Marshadow
|-sidestart|p1: SaintLaplace|move: Stealth Rock
|
|-weather|DesolateLand|[upkeep]
|upkeep
|turn|23
|
|t:|1663214514
|move|p1a: Marshadow|Close Combat|p2a: Pyra
|-damage|p2a: Pyra|13/100
|-unboost|p1a: Marshadow|def|1
|-unboost|p1a: Marshadow|spd|1
|move|p2a: Pyra|Heat Crash|p1a: Marshadow
|-enditem|p1a: Marshadow|Focus Sash
|-damage|p1a: Marshadow|1/100
|
|-weather|DesolateLand|[upkeep]
|upkeep
|turn|24
|
|t:|1663214524
|move|p1a: Marshadow|Close Combat|p2a: Pyra
|-damage|p2a: Pyra|0 fnt
|-unboost|p1a: Marshadow|def|1
|-unboost|p1a: Marshadow|spd|1
|faint|p2a: Pyra
|-weather|none
|
|upkeep
|
|t:|1663214527
|switch|p2a: Pneuma|Rayquaza-Mega|100/100
|-damage|p2a: Pneuma|76/100|[from] Stealth Rock
|-weather|DeltaStream|[from] ability: Delta Stream|[of] p2a: Pneuma
|turn|25
|
|t:|1663214530
|move|p1a: Marshadow|Shadow Sneak|p2a: Pneuma
|-damage|p2a: Pneuma|46/100
|move|p2a: Pneuma|Scale Shot|p1a: Marshadow
|-damage|p1a: Marshadow|0 fnt
|faint|p1a: Marshadow
|-hitcount|p1: Marshadow|1
|-unboost|p2a: Pneuma|def|1
|-boost|p2a: Pneuma|spe|1
|-damage|p2a: Pneuma|36/100|[from] item: Life Orb
|
|-weather|DeltaStream|[upkeep]
|upkeep
|
|t:|1663214538
|switch|p1a: Rayquaza|Rayquaza|100/100
|-damage|p1a: Rayquaza|76/100|[from] Stealth Rock
|-ability|p1a: Rayquaza|Air Lock
|turn|26
|
|t:|1663214540
|detailschange|p1a: Rayquaza|Rayquaza-Mega
|-mega|p1a: Rayquaza|Rayquaza|
|move|p2a: Pneuma|Extreme Speed|p1a: Rayquaza
|-damage|p1a: Rayquaza|29/100
|-damage|p2a: Pneuma|26/100|[from] item: Life Orb
|move|p1a: Rayquaza|Extreme Speed|p2a: Pneuma
|-damage|p2a: Pneuma|0 fnt
|faint|p2a: Pneuma
|
|-weather|DeltaStream|[upkeep]
|upkeep
|
|t:|1663214542
|switch|p2a: Calyrex|Calyrex-Shadow|94/100
|-ability|p2a: Calyrex|As One
|-ability|p2a: Calyrex|Unnerve
|-damage|p2a: Calyrex|82/100|[from] Stealth Rock
|turn|27
|
|t:|1663214548
|move|p2a: Calyrex|Astral Barrage|p1a: Rayquaza
|-damage|p1a: Rayquaza|0 fnt
|faint|p1a: Rayquaza
|-weather|none
|-ability|p2a: Calyrex|Grim Neigh|boost
|-boost|p2a: Calyrex|spa|1
|
|-heal|p2a: Calyrex|88/100|[from] item: Leftovers
|upkeep
|
|t:|1663214552
|switch|p1a: Zygarde|Zygarde, shiny|100/100
|-damage|p1a: Zygarde|94/100|[from] Stealth Rock
|turn|28
|
|t:|1663214561
|-start|p1a: Zygarde|Dynamax|
|-heal|p1a: Zygarde|94/100|[silent]
|move|p2a: Calyrex|Leech Seed|p1a: Zygarde
|-start|p1a: Zygarde|move: Leech Seed
|move|p1a: Zygarde|Max Quake|p2a: Calyrex
|-damage|p2a: Calyrex|20/100
|-boost|p1a: Zygarde|spd|1
|
|-heal|p2a: Calyrex|26/100|[from] item: Leftovers
|-damage|p1a: Zygarde|88/100|[from] Leech Seed|[of] p2a: Calyrex
|-heal|p2a: Calyrex|39/100|[silent]
|upkeep
|turn|29
|
|t:|1663214573
|move|p2a: Calyrex|Substitute|p2a: Calyrex
|-start|p2a: Calyrex|Substitute
|-damage|p2a: Calyrex|15/100
|move|p1a: Zygarde|Max Rockfall|p2a: Calyrex
|-end|p2a: Calyrex|Substitute
|-weather|Sandstorm
|
|-weather|Sandstorm|[upkeep]
|-damage|p2a: Calyrex|8/100|[from] Sandstorm
|-heal|p2a: Calyrex|15/100|[from] item: Leftovers
|-damage|p1a: Zygarde|82/100|[from] Leech Seed|[of] p2a: Calyrex
|-heal|p2a: Calyrex|28/100|[silent]
|upkeep
|turn|30
|
|t:|1663214578
|move|p2a: Calyrex|Substitute|p2a: Calyrex
|-start|p2a: Calyrex|Substitute
|-damage|p2a: Calyrex|3/100
|move|p1a: Zygarde|Max Quake|p2a: Calyrex
|-end|p2a: Calyrex|Substitute
|-boost|p1a: Zygarde|spd|1
|
|-weather|Sandstorm|[upkeep]
|-damage|p2a: Calyrex|0 fnt|[from] Sandstorm
|faint|p2a: Calyrex
|upkeep
|
|t:|1663214587
|switch|p2a: Arceus|Arceus|68/100 par
|-damage|p2a: Arceus|56/100 par|[from] Stealth Rock
|-end|p1a: Zygarde|Dynamax
|-heal|p1a: Zygarde|82/100|[silent]
|turn|31
|
|t:|1663214594
|move|p1a: Zygarde|Dragon Dance|p1a: Zygarde
|-boost|p1a: Zygarde|atk|1
|-boost|p1a: Zygarde|spe|1
|move|p2a: Arceus|Swords Dance|p2a: Arceus
|-boost|p2a: Arceus|atk|2
|
|-weather|Sandstorm|[upkeep]
|-damage|p2a: Arceus|50/100 par|[from] Sandstorm
|-damage|p1a: Zygarde|70/100|[from] Leech Seed|[of] p2a: Arceus
|-heal|p2a: Arceus|61/100 par|[silent]
|upkeep
|turn|32
|
|t:|1663214598
|move|p1a: Zygarde|Thousand Arrows|p2a: Arceus
|-damage|p2a: Arceus|20/100 par
|move|p2a: Arceus|Swords Dance|p2a: Arceus
|-boost|p2a: Arceus|atk|2
|
|-weather|Sandstorm|[upkeep]
|-damage|p2a: Arceus|14/100 par|[from] Sandstorm
|-damage|p1a: Zygarde|57/100|[from] Leech Seed|[of] p2a: Arceus
|-heal|p2a: Arceus|25/100 par|[silent]
|upkeep
|turn|33
|
|t:|1663214603
|move|p2a: Arceus|Extreme Speed|p1a: Zygarde
|-damage|p1a: Zygarde|0 fnt
|faint|p1a: Zygarde
|-damage|p2a: Arceus|15/100 par|[from] item: Life Orb
|
|-weather|none
|upkeep
|
|t:|1663214607
|switch|p1a: Necrozma|Necrozma-Dusk-Mane, shiny|100/100
|-damage|p1a: Necrozma|95/100|[from] Stealth Rock
|turn|34
|
|t:|1663214612
|move|p2a: Arceus|Extreme Speed|p1a: Necrozma
|-resisted|p1a: Necrozma
|-damage|p1a: Necrozma|37/100
|-damage|p2a: Arceus|6/100 par|[from] item: Life Orb
|move|p1a: Necrozma|Sunsteel Strike|p2a: Arceus
|-damage|p2a: Arceus|0 fnt
|faint|p2a: Arceus
|
|upkeep
|
|t:|1663214615
|switch|p2a: Arceus|Arceus-Dark|100/100 par
|-damage|p2a: Arceus|88/100 par|[from] Stealth Rock
|turn|35
|
|t:|1663214617
|move|p1a: Necrozma|Sunsteel Strike|p2a: Arceus
|-damage|p2a: Arceus|42/100 par
|move|p2a: Arceus|Judgment|p1a: Necrozma
|-supereffective|p1a: Necrozma
|-damage|p1a: Necrozma|0 fnt
|faint|p1a: Necrozma
|
|win|DrMario69
|raw|SaintLaplace's rating: 1715 &rarr; <strong>1705</strong><br />(-10 for losing)
|raw|DrMario69's rating: 1896 &rarr; <strong>1906</strong><br />(+10 for winning)
|c|☆DrMario69|u r
|c|☆DrMario69|stupid
|c|☆DrMario69|af
