|j|☆Eby Sobak
|j|☆rowletroost
|t:|1626636921
|gametype|singles
|player|p1|Eby Sobak|unknownf|1660
|player|p2|rowletroost|viola|1710
|teamsize|p1|6
|teamsize|p2|6
|gen|8
|tier|[Gen 8] National Dex AG
|rated|
|rule|HP Percentage Mod: HP is shown in percentages
|rule|Endless Battle Clause: Forcing endless battles is banned
|clearpoke
|poke|p1|Arceus-*|
|poke|p1|Ditto|
|poke|p1|Groudon|
|poke|p1|Rayquaza|
|poke|p1|Kyogre|
|poke|p1|Arceus-*|
|poke|p2|Arceus-*|
|poke|p2|Xerneas-*|
|poke|p2|Kyogre|
|poke|p2|Marshadow|
|poke|p2|Ribombee, F|
|poke|p2|Vivillon-Savanna, M|
|teampreview
|inactive|Battle timer is ON: inactive players will automatically lose when time's up. (requested by rowletroost)
|inactive|Eby Sobak also wants the timer to be on.
|
|t:|1626636931
|start
|switch|p1a: Arceus|Arceus-Ground|100/100
|switch|p2a: Ribombee|Ribombee, F, shiny|100/100
|turn|1
|
|t:|1626636934
|switch|p2a: Kyogre|Kyogre, shiny|100/100
|detailschange|p2a: Kyogre|Kyogre-Primal, shiny
|-primal|p2a: Kyogre
|-weather|PrimordialSea|[from] ability: Primordial Sea|[of] p2a: Kyogre
|move|p1a: Arceus|Magic Coat|p1a: Arceus
|-singleturn|p1a: Arceus|move: Magic Coat
|
|-weather|PrimordialSea|[upkeep]
|upkeep
|turn|2
|
|t:|1626636937
|move|p1a: Arceus|Earthquake|p2a: Kyogre
|-damage|p2a: Kyogre|39/100
|move|p2a: Kyogre|Ice Beam|p1a: Arceus
|-supereffective|p1a: Arceus
|-crit|p1a: Arceus
|-damage|p1a: Arceus|0 fnt
|faint|p1a: Arceus
|
|-weather|PrimordialSea|[upkeep]
|upkeep
|j| Beatboxing_Phantom
|
|t:|1626636948
|switch|p1a: Groudon|Groudon|100/100
|detailschange|p1a: Groudon|Groudon-Primal
|-primal|p1a: Groudon
|-weather|DesolateLand|[from] ability: Desolate Land|[of] p1a: Groudon
|turn|3
|
|t:|1626636952
|switch|p2a: Arceus|Arceus-Ground|100/100
|move|p1a: Groudon|Rock Polish|p1a: Groudon
|-boost|p1a: Groudon|spe|2
|
|-weather|DesolateLand|[upkeep]
|upkeep
|turn|4
|
|t:|1626636956
|move|p1a: Groudon|Precipice Blades|p2a: Arceus
|-damage|p2a: Arceus|61/100
|move|p2a: Arceus|Judgment|p1a: Groudon
|-supereffective|p1a: Groudon
|-damage|p1a: Groudon|0 fnt
|faint|p1a: Groudon
|-weather|none
|
|upkeep
|
|t:|1626636962
|switch|p1a: Kyogre|Kyogre|100/100
|-weather|RainDance|[from] ability: Drizzle|[of] p1a: Kyogre
|turn|5
|
|t:|1626636973
|move|p1a: Kyogre|Water Spout|p2a: Arceus
|-supereffective|p2a: Arceus
|-damage|p2a: Arceus|0 fnt
|faint|p2a: Arceus
|
|-weather|RainDance|[upkeep]
|upkeep
|
|t:|1626636978
|switch|p2a: Kyogre|Kyogre-Primal, shiny|39/100
|-weather|PrimordialSea|[from] ability: Primordial Sea|[of] p2a: Kyogre
|turn|6
|
|t:|1626636981
|move|p1a: Kyogre|Water Spout|p2a: Kyogre
|-resisted|p2a: Kyogre
|-damage|p2a: Kyogre|0 fnt
|faint|p2a: Kyogre
|-weather|none
|
|upkeep
|
|t:|1626636991
|switch|p2a: Ribombee|Ribombee, F, shiny|100/100
|turn|7
|
|t:|1626636993
|move|p1a: Kyogre|Water Spout|p2a: Ribombee
|-enditem|p2a: Ribombee|Focus Sash
|-damage|p2a: Ribombee|1/100
|move|p2a: Ribombee|Sticky Web|p1a: Kyogre
|-sidestart|p1: Eby Sobak|move: Sticky Web
|
|upkeep
|turn|8
|
|t:|1626636997
|move|p1a: Kyogre|Water Spout|p2a: Ribombee
|-damage|p2a: Ribombee|0 fnt
|faint|p2a: Ribombee
|
|upkeep
|
|t:|1626636999
|switch|p2a: Marshadow|Marshadow|100/100
|turn|9
|
|t:|1626637002
|move|p1a: Kyogre|Water Spout|p2a: Marshadow
|-enditem|p2a: Marshadow|Focus Sash
|-damage|p2a: Marshadow|1/100
|move|p2a: Marshadow|Rock Tomb|p1a: Kyogre
|-damage|p1a: Kyogre|66/100
|-unboost|p1a: Kyogre|spe|1
|
|upkeep
|turn|10
|
|t:|1626637013
|switch|p1a: Arceus|Arceus-Fairy|100/100
|-activate|p1a: Arceus|move: Sticky Web
|-unboost|p1a: Arceus|spe|1
|move|p2a: Marshadow|Close Combat|p1a: Arceus
|-resisted|p1a: Arceus
|-damage|p1a: Arceus|82/100
|-unboost|p2a: Marshadow|def|1
|-unboost|p2a: Marshadow|spd|1
|
|upkeep
|turn|11
|
|t:|1626637026
|switch|p2a: Vivillon|Vivillon-Savanna, M|100/100
|move|p1a: Arceus|Defog|p2a: Vivillon
|-unboost|p2a: Vivillon|evasion|1
|-sideend|p1: Eby Sobak|Sticky Web|[from] move: Defog|[of] p1a: Arceus
|
|upkeep
|turn|12
|
|t:|1626637042
|-start|p1a: Arceus|Dynamax
|-heal|p1a: Arceus|82/100|[silent]
|move|p1a: Arceus|Max Guard|p1a: Arceus
|-singleturn|p1a: Arceus|Max Guard
|move|p2a: Vivillon|Sleep Powder|p1a: Arceus
|-activate|p1a: Arceus|move: Max Guard
|
|upkeep
|turn|13
|
|t:|1626637050
|move|p2a: Vivillon|Sleep Powder|p1a: Arceus
|-status|p1a: Arceus|slp|[from] move: Sleep Powder
|cant|p1a: Arceus|slp
|
|upkeep
|turn|14
|
|t:|1626637053
|move|p2a: Vivillon|Substitute|p2a: Vivillon
|-start|p2a: Vivillon|Substitute
|-damage|p2a: Vivillon|76/100
|-curestatus|p1a: Arceus|slp|[msg]
|move|p1a: Arceus|Max Starfall|p2a: Vivillon
|-end|p2a: Vivillon|Substitute
|-fieldstart|move: Misty Terrain
|
|-heal|p2a: Vivillon|82/100|[from] item: Leftovers
|-end|p1a: Arceus|Dynamax
|-heal|p1a: Arceus|82/100|[silent]
|upkeep
|turn|15
|
|t:|1626637067
|switch|p2a: Marshadow|Marshadow|1/100
|move|p1a: Arceus|Judgment|p2a: Marshadow
|-supereffective|p2a: Marshadow
|-damage|p2a: Marshadow|0 fnt
|faint|p2a: Marshadow
|
|upkeep
|
|t:|1626637069
|switch|p2a: Xerneas|Xerneas, shiny|100/100
|-ability|p2a: Xerneas|Fairy Aura
|turn|16
|
|t:|1626637073
|move|p2a: Xerneas|Geomancy||[still]
|-prepare|p2a: Xerneas|Geomancy
|-enditem|p2a: Xerneas|Power Herb
|-anim|p2a: Xerneas|Geomancy|p2a: Xerneas
|-boost|p2a: Xerneas|spa|2
|-boost|p2a: Xerneas|spd|2
|-boost|p2a: Xerneas|spe|2
|move|p1a: Arceus|Toxic|p2a: Xerneas
|-activate|p2a: Xerneas|move: Misty Terrain
|
|upkeep
|turn|17
|
|t:|1626637077
|move|p2a: Xerneas|Moonblast|p1a: Arceus
|-damage|p1a: Arceus|7/100
|-unboost|p1a: Arceus|spa|1
|move|p1a: Arceus|Recover|p1a: Arceus
|-heal|p1a: Arceus|57/100
|
|upkeep
|turn|18
|
|t:|1626637082
|move|p2a: Xerneas|Moonblast|p1a: Arceus
|-damage|p1a: Arceus|0 fnt
|faint|p1a: Arceus
|
|-fieldend|Misty Terrain
|upkeep
|c| Beatboxing_Phantom|big brain time
|
|t:|1626637095
|switch|p1a: Rayquaza|Rayquaza|100/100
|-ability|p1a: Rayquaza|Air Lock
|turn|19
|
|t:|1626637102
|detailschange|p1a: Rayquaza|Rayquaza-Mega
|-mega|p1a: Rayquaza|Rayquaza|
|-weather|DeltaStream|[from] ability: Delta Stream|[of] p1a: Rayquaza
|-start|p2a: Xerneas|Dynamax
|-heal|p2a: Xerneas|100/100|[silent]
|move|p1a: Rayquaza|Extreme Speed|p2a: Xerneas
|-damage|p2a: Xerneas|76/100
|-damage|p1a: Rayquaza|91/100|[from] item: Life Orb
|move|p2a: Xerneas|Max Mindstorm|p1a: Rayquaza
|-damage|p1a: Rayquaza|0 fnt
|-fieldstart|move: Psychic Terrain
|faint|p1a: Rayquaza
|-weather|none
|
|upkeep
|
|t:|1626637112
|switch|p1a: Ditto|Ditto|100/100
|-transform|p1a: Ditto|p2a: Xerneas|[from] ability: Imposter
|-ability|p1a: Ditto|Fairy Aura
|turn|20
|
|t:|1626637116
|move|p1a: Ditto|Geomancy||[still]
|-prepare|p1a: Ditto|Geomancy
|move|p2a: Xerneas|Max Starfall|p1a: Ditto
|-damage|p1a: Ditto|0 fnt
|-fieldstart|move: Misty Terrain
|faint|p1a: Ditto
|
|upkeep
|c| Beatboxing_Phantom|man just threw the game
|c|☆Eby Sobak|And i missclocked
|c|☆rowletroost|its ok u still died
|c|☆Eby Sobak|Missclicked*
|c| Beatboxing_Phantom|either way u still made some serious missplays
|inactive|Eby Sobak has 120 seconds left.
|-message|Eby Sobak forfeited.
|
|win|rowletroost
|raw|Eby Sobak's rating: 1660 &rarr; <strong>1643</strong><br />(-17 for losing)
|raw|rowletroost's rating: 1710 &rarr; <strong>1727</strong><br />(+17 for winning)
|l|☆Eby Sobak
