|j|☆MVP2536
|j|☆Snake of the Moon
|t:|1661691283
|gametype|singles
|player|p1|MVP2536|giovanni|
|player|p2|Snake of the Moon|lance-masters|
|teamsize|p1|6
|teamsize|p2|6
|gen|8
|tier|[Gen 8] National Dex AG
|rule|HP Percentage Mod: HP is shown in percentages
|rule|Endless Battle Clause: Forcing endless battles is banned
|clearpoke
|poke|p1|Blaziken, M|
|poke|p1|Rotom-Wash|
|poke|p1|Weezing-Galar, M|
|poke|p1|Aegislash, F|
|poke|p1|Zarude-Dada|
|poke|p1|Krookodile, M|
|poke|p2|Dialga|
|poke|p2|Giratina|
|poke|p2|Dragonite, M|
|poke|p2|Ferrothorn, F|
|poke|p2|Rotom-Wash|
|poke|p2|Lucario, F|
|teampreview
|inactive|Battle timer is ON: inactive players will automatically lose when time's up. (requested by Snake of the Moon)
|
|t:|1661691293
|start
|switch|p1a: Weezing|Weezing-Galar, M|100/100
|switch|p2a: Ferrothorn|Ferrothorn, F|100/100
|-ability|p2a: Ferrothorn|Anticipation
|turn|1
|
|t:|1661691302
|move|p1a: Weezing|Fire Blast|p2a: Ferrothorn
|-supereffective|p2a: Ferrothorn
|-enditem|p2a: Ferrothorn|Occa Berry|[eat]
|-enditem|p2a: Ferrothorn|Occa Berry|[weaken]
|-damage|p2a: Ferrothorn|69/100
|move|p2a: Ferrothorn|Stealth Rock|p1a: Weezing
|-sidestart|p1: MVP2536|move: Stealth Rock
|
|upkeep
|turn|2
|
|t:|1661691327
|switch|p2a: Dialga|Dialga|100/100
|-ability|p2a: Dialga|Pressure
|move|p1a: Weezing|Strange Steam|p2a: Dialga
|-damage|p2a: Dialga|86/100
|
|upkeep
|turn|3
|
|t:|1661691342
|switch|p1a: Krookodile|Krookodile, M|100/100
|-damage|p1a: Krookodile|94/100|[from] Stealth Rock
|move|p2a: Dialga|Dragon Pulse|p1a: Krookodile
|-damage|p1a: Krookodile|40/100
|
|upkeep
|turn|4
|
|t:|1661691350
|switch|p2a: Dragonite|Dragonite, M|100/100
|move|p1a: Krookodile|Knock Off|p2a: Dragonite
|-damage|p2a: Dragonite|74/100
|-enditem|p2a: Dragonite|Weakness Policy|[from] move: Knock Off|[of] p1a: Krookodile
|
|upkeep
|turn|5
|
|t:|1661691358
|switch|p1a: Rotom|Rotom-Wash|100/100
|-damage|p1a: Rotom|88/100|[from] Stealth Rock
|move|p2a: Dragonite|Dragon Dance|p2a: Dragonite
|-boost|p2a: Dragonite|atk|1
|-boost|p2a: Dragonite|spe|1
|
|upkeep
|turn|6
|
|t:|1661691367
|switch|p2a: Ferrothorn|Ferrothorn, F|69/100
|move|p1a: Rotom|Hidden Power|p2a: Ferrothorn
|-damage|p2a: Ferrothorn|59/100
|
|upkeep
|turn|7
|j| Glaliegoesboom ❤
|
|t:|1661691379
|move|p1a: Rotom|Volt Switch|p2a: Ferrothorn
|-resisted|p2a: Ferrothorn
|-damage|p2a: Ferrothorn|51/100
|
|t:|1661691384
|switch|p1a: Zarude|Zarude-Dada|100/100|[from]move: Volt Switch
|-damage|p1a: Zarude|88/100|[from] Stealth Rock
|move|p2a: Ferrothorn|Knock Off|p1a: Zarude
|-resisted|p1a: Zarude
|-damage|p1a: Zarude|81/100
|
|upkeep
|turn|8
|
|t:|1661691398
|switch|p2a: Giratina|Giratina|100/100
|-ability|p2a: Giratina|Pressure
|-zpower|p1a: Zarude
|move|p1a: Zarude|All-Out Pummeling|p2a: Giratina|[zeffect]
|-immune|p2a: Giratina
|
|upkeep
|turn|9
|c|☆MVP2536|oh no
|c|☆MVP2536|right ima change z move
|c|☆MVP2536|after this
|inactive|MVP2536 has 270 seconds left.
|
|t:|1661691430
|move|p1a: Zarude|Darkest Lariat|p2a: Giratina
|-supereffective|p2a: Giratina
|-crit|p2a: Giratina
|-enditem|p2a: Giratina|Colbur Berry|[eat]
|-enditem|p2a: Giratina|Colbur Berry|[weaken]
|-damage|p2a: Giratina|65/100
|move|p2a: Giratina|Will-O-Wisp|p1a: Zarude
|-status|p1a: Zarude|brn
|
|-damage|p1a: Zarude|75/100 brn|[from] brn
|upkeep
|turn|10
|
|t:|1661691439
|switch|p2a: Lucario|Lucario, F|100/100
|move|p1a: Zarude|Jungle Healing|p1a: Zarude
|-heal|p1a: Zarude|99/100 brn
|-curestatus|p1a: Zarude|brn|[msg]
|
|upkeep
|turn|11
|c|☆Snake of the Moon|I should have seen that coming
|
|t:|1661691459
|switch|p1a: Aegislash|Aegislash, F|100/100
|-damage|p1a: Aegislash|94/100|[from] Stealth Rock
|switch|p2a: Giratina|Giratina|65/100
|-ability|p2a: Giratina|Pressure
|
|-heal|p1a: Aegislash|100/100|[from] item: Leftovers
|upkeep
|turn|12
|c|☆MVP2536|lol
|
|t:|1661691468
|switch|p2a: Rotom|Rotom-Wash|100/100
|switch|p1a: Zarude|Zarude-Dada|99/100
|-damage|p1a: Zarude|87/100|[from] Stealth Rock
|
|upkeep
|turn|13
|
|t:|1661691497
|move|p1a: Zarude|Darkest Lariat|p2a: Rotom
|-damage|p2a: Rotom|57/100
|move|p2a: Rotom|Pain Split|p1a: Zarude
|-sethp|p1a: Zarude|68/100|[from] move: Pain Split|[silent]
|-sethp|p2a: Rotom|79/100|[from] move: Pain Split
|
|upkeep
|turn|14
|
|t:|1661691506
|switch|p2a: Dialga|Dialga|86/100
|-ability|p2a: Dialga|Pressure
|move|p1a: Zarude|Jungle Healing|p1a: Zarude
|-heal|p1a: Zarude|93/100
|
|upkeep
|turn|15
|c|☆MVP2536|oh?
|
|t:|1661691524
|-start|p2a: Dialga|Dynamax|
|-heal|p2a: Dialga|86/100|[silent]
|move|p1a: Zarude|Drain Punch|p2a: Dialga
|-supereffective|p2a: Dialga
|-damage|p2a: Dialga|68/100
|-heal|p1a: Zarude|100/100|[from] drain|[of] p2a: Dialga
|move|p2a: Dialga|Max Flare|p1a: Zarude
|-supereffective|p1a: Zarude
|-damage|p1a: Zarude|13/100
|-weather|SunnyDay
|
|-weather|SunnyDay|[upkeep]
|upkeep
|turn|16
|c|☆MVP2536|hm
|inactive|MVP2536 has 270 seconds left.
|
|t:|1661691563
|move|p1a: Zarude|Drain Punch|p2a: Dialga
|-supereffective|p2a: Dialga
|-damage|p2a: Dialga|51/100
|-heal|p1a: Zarude|32/100|[from] drain|[of] p2a: Dialga
|move|p2a: Dialga|Max Steelspike|p1a: Zarude
|-damage|p1a: Zarude|0 fnt
|-boost|p2a: Dialga|def|1
|faint|p1a: Zarude
|
|-weather|SunnyDay|[upkeep]
|upkeep
|
|t:|1661691578
|switch|p1a: Aegislash|Aegislash, F|100/100
|-damage|p1a: Aegislash|94/100|[from] Stealth Rock
|turn|17
|
|t:|1661691588
|move|p1a: Aegislash|King's Shield|p1a: Aegislash
|-singleturn|p1a: Aegislash|Protect
|move|p2a: Dialga|Max Flare|p1a: Aegislash
|-supereffective|p1a: Aegislash
|-crit|p1a: Aegislash
|-zbroken|p1a: Aegislash
|-damage|p1a: Aegislash|62/100
|
|-weather|SunnyDay|[upkeep]
|-heal|p1a: Aegislash|68/100|[from] item: Leftovers
|upkeep
|-end|p2a: Dialga|Dynamax
|-heal|p2a: Dialga|51/100|[silent]
|turn|18
|
|t:|1661691605
|switch|p1a: Rotom|Rotom-Wash|88/100
|-damage|p1a: Rotom|76/100|[from] Stealth Rock
|move|p2a: Dialga|Flamethrower|p1a: Rotom
|-resisted|p1a: Rotom
|-damage|p1a: Rotom|53/100
|
|-weather|SunnyDay|[upkeep]
|upkeep
|turn|19
|
|t:|1661691621
|move|p2a: Dialga|Dragon Pulse|p1a: Rotom
|-damage|p1a: Rotom|8/100
|move|p1a: Rotom|Volt Switch|p2a: Dialga
|-resisted|p2a: Dialga
|-damage|p2a: Dialga|46/100
|
|t:|1661691628
|switch|p1a: Krookodile|Krookodile, M|40/100|[from]move: Volt Switch
|-damage|p1a: Krookodile|34/100|[from] Stealth Rock
|
|-weather|none
|upkeep
|turn|20
|c|☆Snake of the Moon|Ur rotom doesn’t do shit tbh
|
|t:|1661691640
|switch|p2a: Dragonite|Dragonite, M|74/100
|move|p1a: Krookodile|Earthquake|p2a: Dragonite
|-immune|p2a: Dragonite
|
|upkeep
|turn|21
|c|☆MVP2536|ye lol
|
|t:|1661691649
|switch|p1a: Rotom|Rotom-Wash|8/100
|-damage|p1a: Rotom|0 fnt|[from] Stealth Rock
|faint|p1a: Rotom
|move|p2a: Dragonite|Dragon Dance|p2a: Dragonite
|-boost|p2a: Dragonite|atk|1
|-boost|p2a: Dragonite|spe|1
|
|upkeep
|inactive|MVP2536 has 240 seconds left.
|c|☆MVP2536|normall its good against ray, melmetal ice horse that i forgot name of, and some primal groudon
|
|t:|1661691685
|switch|p1a: Weezing|Weezing-Galar, M|100/100
|-damage|p1a: Weezing|88/100|[from] Stealth Rock
|turn|22
|l| Glaliegoesboom ❤
|c|☆Snake of the Moon|Im tempted to use eq
|inactive|Snake of the Moon has 270 seconds left.
|
|t:|1661691719
|-start|p1a: Weezing|Dynamax|
|-heal|p1a: Weezing|88/100|[silent]
|move|p2a: Dragonite|Fire Punch|p1a: Weezing
|-crit|p1a: Weezing
|-damage|p1a: Weezing|64/100
|move|p1a: Weezing|Max Starfall|p2a: Dragonite
|-supereffective|p2a: Dragonite
|-damage|p2a: Dragonite|0 fnt
|-fieldstart|move: Misty Terrain
|faint|p2a: Dragonite
|
|-heal|p1a: Weezing|67/100|[from] item: Black Sludge
|upkeep
|c|☆MVP2536|wich ability is it tho?
|inactive|Snake of the Moon has 270 seconds left.
|
|t:|1661691735
|switch|p2a: Dialga|Dialga|46/100
|-ability|p2a: Dialga|Pressure
|turn|23
|
|t:|1661691754
|move|p2a: Dialga|Flash Cannon|p1a: Weezing
|-supereffective|p1a: Weezing
|-damage|p1a: Weezing|14/100
|move|p1a: Weezing|Max Starfall|p2a: Dialga
|-damage|p2a: Dialga|27/100
|
|-heal|p1a: Weezing|17/100|[from] item: Black Sludge
|upkeep
|turn|24
|inactive|Snake of the Moon has 270 seconds left.
|j| Freeeenchsu Bread
|
|t:|1661691775
|move|p2a: Dialga|Flash Cannon|p1a: Weezing
|-supereffective|p1a: Weezing
|-damage|p1a: Weezing|0 fnt
|faint|p1a: Weezing
|
|upkeep
|l| Freeeenchsu Bread
|inactive|MVP2536 has 210 seconds left.
|
|t:|1661691796
|switch|p1a: Blaziken|Blaziken, M|100/100
|-damage|p1a: Blaziken|88/100|[from] Stealth Rock
|turn|25
|inactive|MVP2536 has 210 seconds left.
|inactive|Snake of the Moon has 270 seconds left.
|
|t:|1661691807
|switch|p2a: Giratina|Giratina|65/100
|-ability|p2a: Giratina|Pressure
|detailschange|p1a: Blaziken|Blaziken-Mega, M
|-mega|p1a: Blaziken|Blaziken|Blazikenite
|move|p1a: Blaziken|Blaze Kick|p2a: Giratina
|-resisted|p2a: Giratina
|-damage|p2a: Giratina|49/100
|
|-ability|p1a: Blaziken|Speed Boost|boost
|-boost|p1a: Blaziken|spe|1
|upkeep
|turn|26
|inactive|Snake of the Moon has 270 seconds left.
|inactive|MVP2536 has 210 seconds left.
|
|t:|1661691822
|move|p1a: Blaziken|Blaze Kick|p2a: Giratina
|-resisted|p2a: Giratina
|-damage|p2a: Giratina|34/100
|move|p2a: Giratina|Hex|p1a: Blaziken
|-damage|p1a: Blaziken|62/100
|
|-fieldend|Misty Terrain
|-ability|p1a: Blaziken|Speed Boost|boost
|-boost|p1a: Blaziken|spe|1
|upkeep
|turn|27
|inactive|MVP2536 has 210 seconds left.
|
|t:|1661691833
|move|p1a: Blaziken|Bulk Up|p1a: Blaziken
|-boost|p1a: Blaziken|atk|1
|-boost|p1a: Blaziken|def|1
|move|p2a: Giratina|Toxic|p1a: Blaziken|[miss]
|-miss|p2a: Giratina|p1a: Blaziken
|
|-ability|p1a: Blaziken|Speed Boost|boost
|-boost|p1a: Blaziken|spe|1
|upkeep
|turn|28
|
|t:|1661691840
|move|p1a: Blaziken|Blaze Kick|p2a: Giratina
|-resisted|p2a: Giratina
|-damage|p2a: Giratina|11/100
|-status|p2a: Giratina|brn
|move|p2a: Giratina|Roar|p1a: Blaziken
|drag|p1a: Aegislash|Aegislash, F|68/100
|-damage|p1a: Aegislash|62/100|[from] Stealth Rock
|
|-heal|p1a: Aegislash|68/100|[from] item: Leftovers
|-damage|p2a: Giratina|5/100 brn|[from] brn
|upkeep
|turn|29
|inactive|MVP2536 has 210 seconds left.
|
|t:|1661691858
|-formechange|p1a: Aegislash|Aegislash-Blade||[from] ability: Stance Change
|move|p1a: Aegislash|Shadow Sneak|p2a: Giratina
|-supereffective|p2a: Giratina
|-damage|p2a: Giratina|0 fnt
|faint|p2a: Giratina
|
|-heal|p1a: Aegislash|74/100|[from] item: Leftovers
|upkeep
|inactive|Snake of the Moon has 270 seconds left.
|
|t:|1661691883
|switch|p2a: Dialga|Dialga|27/100
|-ability|p2a: Dialga|Pressure
|turn|30
|
|t:|1661691892
|-formechange|p1a: Aegislash|Aegislash||[from] ability: Stance Change
|move|p1a: Aegislash|King's Shield|p1a: Aegislash
|-singleturn|p1a: Aegislash|Protect
|move|p2a: Dialga|Flamethrower|p1a: Aegislash
|-activate|p1a: Aegislash|move: Protect
|
|-heal|p1a: Aegislash|80/100|[from] item: Leftovers
|upkeep
|turn|31
|
|t:|1661691901
|move|p2a: Dialga|Flamethrower|p1a: Aegislash
|-supereffective|p1a: Aegislash
|-damage|p1a: Aegislash|42/100
|-formechange|p1a: Aegislash|Aegislash-Blade||[from] ability: Stance Change
|move|p1a: Aegislash|Flash Cannon|p2a: Dialga
|-resisted|p2a: Dialga
|-damage|p2a: Dialga|20/100
|
|-heal|p1a: Aegislash|48/100|[from] item: Leftovers
|upkeep
|turn|32
|
|t:|1661691910
|-formechange|p1a: Aegislash|Aegislash||[from] ability: Stance Change
|move|p1a: Aegislash|King's Shield|p1a: Aegislash
|-singleturn|p1a: Aegislash|Protect
|move|p2a: Dialga|Flamethrower|p1a: Aegislash
|-activate|p1a: Aegislash|move: Protect
|
|-heal|p1a: Aegislash|55/100|[from] item: Leftovers
|upkeep
|turn|33
|
|t:|1661691919
|move|p2a: Dialga|Flamethrower|p1a: Aegislash
|-supereffective|p1a: Aegislash
|-damage|p1a: Aegislash|17/100
|-status|p1a: Aegislash|brn
|-formechange|p1a: Aegislash|Aegislash-Blade||[from] ability: Stance Change
|move|p1a: Aegislash|Flash Cannon|p2a: Dialga
|-resisted|p2a: Dialga
|-damage|p2a: Dialga|12/100
|
|-heal|p1a: Aegislash|24/100 brn|[from] item: Leftovers
|-damage|p1a: Aegislash|17/100 brn|[from] brn
|upkeep
|turn|34
|inactive|MVP2536 has 240 seconds left.
|
|t:|1661691930
|move|p1a: Aegislash|Shadow Sneak|p2a: Dialga
|-damage|p2a: Dialga|4/100
|move|p2a: Dialga|Dragon Pulse|p1a: Aegislash
|-resisted|p1a: Aegislash
|-damage|p1a: Aegislash|0 fnt
|faint|p1a: Aegislash
|
|upkeep
|c|☆MVP2536|thats pain
|
|t:|1661691937
|switch|p1a: Blaziken|Blaziken-Mega, M|62/100
|-damage|p1a: Blaziken|50/100|[from] Stealth Rock
|turn|35
|inactive|MVP2536 has 240 seconds left.
|
|t:|1661691956
|move|p1a: Blaziken|Close Combat|p2a: Dialga
|-supereffective|p2a: Dialga
|-damage|p2a: Dialga|0 fnt
|-unboost|p1a: Blaziken|def|1
|-unboost|p1a: Blaziken|spd|1
|faint|p2a: Dialga
|
|-ability|p1a: Blaziken|Speed Boost|boost
|-boost|p1a: Blaziken|spe|1
|upkeep
|c|☆MVP2536|rotom go away
|
|t:|1661691972
|switch|p2a: Rotom|Rotom-Wash|79/100
|turn|36
|
|t:|1661691980
|move|p1a: Blaziken|Close Combat|p2a: Rotom
|-damage|p2a: Rotom|1/100
|-unboost|p1a: Blaziken|def|1
|-unboost|p1a: Blaziken|spd|1
|-enditem|p2a: Rotom|Aguav Berry|[eat]
|-heal|p2a: Rotom|34/100|[from] item: Aguav Berry
|move|p2a: Rotom|Hydro Pump|p1a: Blaziken|[miss]
|-miss|p2a: Rotom|p1a: Blaziken
|
|-ability|p1a: Blaziken|Speed Boost|boost
|-boost|p1a: Blaziken|spe|1
|upkeep
|turn|37
|c|☆MVP2536|NOOOOOO
|c|☆Snake of the Moon|Fuck
|
|t:|1661691995
|move|p1a: Blaziken|Close Combat|p2a: Rotom
|-damage|p2a: Rotom|0 fnt
|-unboost|p1a: Blaziken|def|1
|-unboost|p1a: Blaziken|spd|1
|faint|p2a: Rotom
|
|-ability|p1a: Blaziken|Speed Boost|boost
|-boost|p1a: Blaziken|spe|1
|upkeep
|c|☆MVP2536|well gg
|inactive|Snake of the Moon has 270 seconds left.
|
|t:|1661692011
|switch|p2a: Ferrothorn|Ferrothorn, F|51/100
|-ability|p2a: Ferrothorn|Anticipation
|turn|38
|inactive|Snake of the Moon has 270 seconds left.
|
|t:|1661692019
|move|p1a: Blaziken|Close Combat|p2a: Ferrothorn
|-supereffective|p2a: Ferrothorn
|-damage|p2a: Ferrothorn|0 fnt
|-unboost|p1a: Blaziken|def|1
|-unboost|p1a: Blaziken|spd|1
|faint|p2a: Ferrothorn
|
|-ability|p1a: Blaziken|Speed Boost|boost
|-boost|p1a: Blaziken|spe|1
|upkeep
|
|t:|1661692020
|switch|p2a: Lucario|Lucario, F|100/100
|turn|39
|c|☆MVP2536|i dotn ahve the balls to blaze kick
|inactive|MVP2536 has 270 seconds left.
|c|☆MVP2536|have*
|
|t:|1661692035
|detailschange|p2a: Lucario|Lucario-Mega, F
|-mega|p2a: Lucario|Lucario|Lucarionite
|move|p1a: Blaziken|Close Combat|p2a: Lucario
|-supereffective|p2a: Lucario
|-damage|p2a: Lucario|0 fnt
|-unboost|p1a: Blaziken|def|1
|-unboost|p1a: Blaziken|spd|1
|faint|p2a: Lucario
|
|win|MVP2536
|c|☆MVP2536|gg
|c|☆Snake of the Moon|Gg
|l|☆Snake of the Moon
|l|☆MVP2536
|j|☆Snake of the Moon
|player|p2|Snake of the Moon|lance-masters
