|j|☆soda49
|j|☆rowletroost
|t:|1642194688
|gametype|singles
|player|p1|soda49|266|1706
|player|p2|rowletroost|lance|1903
|teamsize|p1|6
|teamsize|p2|6
|gen|8
|tier|[Gen 8] National Dex AG
|rated|
|rule|HP Percentage Mod: HP is shown in percentages
|rule|Endless Battle Clause: Forcing endless battles is banned
|clearpoke
|poke|p1|Smeargle, F|
|poke|p1|Charizard, F|
|poke|p1|Mimikyu, F|
|poke|p1|Thundurus, M|
|poke|p1|Calyrex-Shadow|
|poke|p1|Yveltal|
|poke|p2|Arceus-*|
|poke|p2|Xerneas-*|
|poke|p2|Kyogre|
|poke|p2|Marshadow|
|poke|p2|Ribombee, F|
|poke|p2|Vivillon-Savanna, M|
|teampreview
|inactive|Battle timer is ON: inactive players will automatically lose when time's up. (requested by rowletroost)
|inactive|soda49 also wants the timer to be on.
|
|t:|1642194701
|start
|switch|p1a: Charizard|Charizard, F|100/100
|switch|p2a: Ribombee|Ribombee, F, shiny|100/100
|turn|1
|
|t:|1642194706
|-start|p1a: Charizard|Dynamax
|-formechange|p1a: Charizard|Charizard-Gmax
|-heal|p1a: Charizard|100/100|[silent]
|move|p2a: Ribombee|Sticky Web|p1a: Charizard
|-sidestart|p1: soda49|move: Sticky Web
|move|p1a: Charizard|G-Max Wildfire|p2a: Ribombee
|-supereffective|p2a: Ribombee
|-enditem|p2a: Ribombee|Focus Sash
|-damage|p2a: Ribombee|1/100
|-sidestart|p2: rowletroost|G-Max Wildfire
|
|-damage|p2a: Ribombee|0 fnt|[from] G-Max Wildfire
|faint|p2a: Ribombee
|upkeep
|
|t:|1642194713
|switch|p2a: Kyogre|Kyogre, shiny|100/100
|detailschange|p2a: Kyogre|Kyogre-Primal, shiny
|-primal|p2a: Kyogre
|-weather|PrimordialSea|[from] ability: Primordial Sea|[of] p2a: Kyogre
|turn|2
|
|t:|1642194722
|move|p1a: Charizard|Max Guard|p1a: Charizard
|-singleturn|p1a: Charizard|Max Guard
|move|p2a: Kyogre|Origin Pulse|p1a: Charizard
|-activate|p1a: Charizard|move: Max Guard
|
|-weather|PrimordialSea|[upkeep]
|-damage|p2a: Kyogre|84/100|[from] G-Max Wildfire
|upkeep
|turn|3
|
|t:|1642194724
|move|p1a: Charizard|Max Airstream|p2a: Kyogre
|-damage|p2a: Kyogre|50/100
|-boost|p1a: Charizard|spe|1
|move|p2a: Kyogre|Origin Pulse|p1a: Charizard
|-supereffective|p1a: Charizard
|-damage|p1a: Charizard|0 fnt
|faint|p1a: Charizard
|
|-weather|PrimordialSea|[upkeep]
|-damage|p2a: Kyogre|34/100|[from] G-Max Wildfire
|upkeep
|
|t:|1642194745
|switch|p1a: Thundurus|Thundurus, M|100/100
|turn|4
|
|t:|1642194751
|move|p1a: Thundurus|Wild Charge|p2a: Kyogre
|-supereffective|p2a: Kyogre
|-damage|p2a: Kyogre|0 fnt
|faint|p2a: Kyogre
|-weather|none
|-damage|p1a: Thundurus|89/100|[from] Recoil
|
|-sideend|p2: rowletroost|G-Max Wildfire
|upkeep
|
|t:|1642194755
|switch|p2a: Arceus|Arceus-Ground|100/100
|turn|5
|
|t:|1642194762
|move|p1a: Thundurus|Taunt|p2a: Arceus
|-start|p2a: Arceus|move: Taunt
|move|p2a: Arceus|Ice Beam|p1a: Thundurus
|-supereffective|p1a: Thundurus
|-damage|p1a: Thundurus|20/100
|
|upkeep
|turn|6
|
|t:|1642194781
|move|p1a: Thundurus|Defog|p2a: Arceus
|-unboost|p2a: Arceus|evasion|1
|-sideend|p1: soda49|Sticky Web|[from] move: Defog|[of] p1a: Thundurus
|move|p2a: Arceus|Ice Beam|p1a: Thundurus
|-supereffective|p1a: Thundurus
|-damage|p1a: Thundurus|0 fnt
|faint|p1a: Thundurus
|
|upkeep
|
|t:|1642194789
|switch|p1a: Mimikyu|Mimikyu, F|100/100
|turn|7
|
|t:|1642194798
|move|p2a: Arceus|Judgment|p1a: Mimikyu
|-activate|p1a: Mimikyu|ability: Disguise
|-damage|p1a: Mimikyu|100/100
|detailschange|p1a: Mimikyu|Mimikyu-Busted, F
|-damage|p1a: Mimikyu|88/100|[from] pokemon: Mimikyu-Busted
|move|p1a: Mimikyu|Trick Room|p1a: Mimikyu
|-fieldstart|move: Trick Room|[of] p1a: Mimikyu
|
|-end|p2a: Arceus|move: Taunt
|upkeep
|turn|8
|
|t:|1642194806
|move|p1a: Mimikyu|Curse|p2a: Arceus
|-start|p2a: Arceus|Curse|[of] p1a: Mimikyu
|-damage|p1a: Mimikyu|38/100
|move|p2a: Arceus|Judgment|p1a: Mimikyu
|-damage|p1a: Mimikyu|0 fnt
|faint|p1a: Mimikyu
|
|-damage|p2a: Arceus|75/100|[from] Curse
|upkeep
|
|t:|1642194808
|switch|p1a: The wobbler|Smeargle, F|100/100
|turn|9
|
|t:|1642194816
|move|p1a: The wobbler|Spore|p2a: Arceus
|-status|p2a: Arceus|slp|[from] move: Spore
|cant|p2a: Arceus|slp
|
|-damage|p2a: Arceus|50/100 slp|[from] Curse
|-ability|p1a: The wobbler|Moody|boost
|-boost|p1a: The wobbler|spe|2
|-unboost|p1a: The wobbler|def|1
|upkeep
|turn|10
|
|t:|1642194827
|-curestatus|p2a: Arceus|slp|[msg]
|move|p2a: Arceus|Recover|p2a: Arceus
|-heal|p2a: Arceus|100/100
|move|p1a: The wobbler|Substitute|p1a: The wobbler
|-start|p1a: The wobbler|Substitute
|-damage|p1a: The wobbler|76/100
|
|-heal|p1a: The wobbler|82/100|[from] item: Leftovers
|-damage|p2a: Arceus|75/100|[from] Curse
|-ability|p1a: The wobbler|Moody|boost
|-boost|p1a: The wobbler|spe|2
|-unboost|p1a: The wobbler|def|1
|upkeep
|turn|11
|
|t:|1642194845
|move|p2a: Arceus|Ice Beam|p1a: The wobbler
|-end|p1a: The wobbler|Substitute
|move|p1a: The wobbler|Shell Smash|p1a: The wobbler
|-unboost|p1a: The wobbler|def|1
|-unboost|p1a: The wobbler|spd|1
|-boost|p1a: The wobbler|atk|2
|-boost|p1a: The wobbler|spa|2
|-boost|p1a: The wobbler|spe|2
|
|-heal|p1a: The wobbler|88/100|[from] item: Leftovers
|-damage|p2a: Arceus|50/100|[from] Curse
|-fieldend|move: Trick Room
|-ability|p1a: The wobbler|Moody|boost
|-boost|p1a: The wobbler|spd|2
|-unboost|p1a: The wobbler|spe|1
|upkeep
|turn|12
|
|t:|1642194852
|move|p1a: The wobbler|Spore|p2a: Arceus
|-status|p2a: Arceus|slp|[from] move: Spore
|cant|p2a: Arceus|slp
|
|-heal|p1a: The wobbler|94/100|[from] item: Leftovers
|-damage|p2a: Arceus|25/100 slp|[from] Curse
|-ability|p1a: The wobbler|Moody|boost
|-boost|p1a: The wobbler|spe|1
|-unboost|p1a: The wobbler|atk|1
|upkeep
|turn|13
|
|t:|1642194869
|move|p1a: The wobbler|Substitute|p1a: The wobbler
|-start|p1a: The wobbler|Substitute
|-damage|p1a: The wobbler|69/100
|-curestatus|p2a: Arceus|slp|[msg]
|move|p2a: Arceus|Ice Beam|p1a: The wobbler
|-end|p1a: The wobbler|Substitute
|
|-heal|p1a: The wobbler|75/100|[from] item: Leftovers
|-damage|p2a: Arceus|0 fnt|[from] Curse
|faint|p2a: Arceus
|-ability|p1a: The wobbler|Moody|boost
|-boost|p1a: The wobbler|def|2
|-unboost|p1a: The wobbler|spa|1
|upkeep
|
|t:|1642194887
|switch|p2a: Xerneas|Xerneas, shiny|100/100
|-ability|p2a: Xerneas|Fairy Aura
|turn|14
|
|t:|1642194893
|move|p1a: The wobbler|Spore|p2a: Xerneas
|-status|p2a: Xerneas|slp|[from] move: Spore
|cant|p2a: Xerneas|slp
|
|-heal|p1a: The wobbler|81/100|[from] item: Leftovers
|-ability|p1a: The wobbler|Moody|boost
|-boost|p1a: The wobbler|def|2
|-unboost|p1a: The wobbler|spe|1
|upkeep
|turn|15
|
|t:|1642194895
|move|p1a: The wobbler|Substitute|p1a: The wobbler
|-start|p1a: The wobbler|Substitute
|-damage|p1a: The wobbler|56/100
|cant|p2a: Xerneas|slp
|
|-heal|p1a: The wobbler|62/100|[from] item: Leftovers
|-ability|p1a: The wobbler|Moody|boost
|-boost|p1a: The wobbler|def|2
|-unboost|p1a: The wobbler|atk|1
|upkeep
|turn|16
|
|t:|1642194904
|move|p1a: The wobbler|Shell Smash|p1a: The wobbler
|-unboost|p1a: The wobbler|def|1
|-unboost|p1a: The wobbler|spd|1
|-boost|p1a: The wobbler|atk|2
|-boost|p1a: The wobbler|spa|2
|-boost|p1a: The wobbler|spe|1
|-curestatus|p2a: Xerneas|slp|[msg]
|move|p2a: Xerneas|Geomancy||[still]
|-prepare|p2a: Xerneas|Geomancy
|-enditem|p2a: Xerneas|Power Herb
|-anim|p2a: Xerneas|Geomancy|p2a: Xerneas
|-boost|p2a: Xerneas|spa|2
|-boost|p2a: Xerneas|spd|2
|-boost|p2a: Xerneas|spe|2
|
|-heal|p1a: The wobbler|68/100|[from] item: Leftovers
|-ability|p1a: The wobbler|Moody|boost
|-boost|p1a: The wobbler|spa|2
|-unboost|p1a: The wobbler|def|1
|upkeep
|turn|17
|
|t:|1642194910
|move|p1a: The wobbler|Spore|p2a: Xerneas
|-status|p2a: Xerneas|slp|[from] move: Spore
|cant|p2a: Xerneas|slp
|
|-heal|p1a: The wobbler|74/100|[from] item: Leftovers
|-ability|p1a: The wobbler|Moody|boost
|-boost|p1a: The wobbler|spd|2
|-unboost|p1a: The wobbler|def|1
|upkeep
|turn|18
|
|t:|1642194916
|move|p1a: The wobbler|Power Trip|p2a: Xerneas
|-resisted|p2a: Xerneas
|-damage|p2a: Xerneas|68/100 slp
|-curestatus|p2a: Xerneas|slp|[msg]
|move|p2a: Xerneas|Moonblast|p1a: The wobbler
|-end|p1a: The wobbler|Substitute
|
|-heal|p1a: The wobbler|80/100|[from] item: Leftovers
|-ability|p1a: The wobbler|Moody|boost
|-boost|p1a: The wobbler|atk|2
|-unboost|p1a: The wobbler|spe|1
|upkeep
|turn|19
|
|t:|1642194923
|move|p1a: The wobbler|Spore|p2a: Xerneas
|-status|p2a: Xerneas|slp|[from] move: Spore
|cant|p2a: Xerneas|slp
|
|-heal|p1a: The wobbler|86/100|[from] item: Leftovers
|-ability|p1a: The wobbler|Moody|boost
|-boost|p1a: The wobbler|spa|1
|-unboost|p1a: The wobbler|spd|1
|upkeep
|turn|20
|
|t:|1642194930
|-start|p2a: Xerneas|Dynamax
|-heal|p2a: Xerneas|68/100 slp|[silent]
|move|p1a: The wobbler|Substitute|p1a: The wobbler
|-start|p1a: The wobbler|Substitute
|-damage|p1a: The wobbler|61/100
|-curestatus|p2a: Xerneas|slp|[msg]
|move|p2a: Xerneas|Max Starfall|p1a: The wobbler
|-crit|p1a: The wobbler
|-end|p1a: The wobbler|Substitute
|-fieldstart|move: Misty Terrain
|
|-heal|p1a: The wobbler|67/100|[from] item: Leftovers
|-ability|p1a: The wobbler|Moody|boost
|-boost|p1a: The wobbler|spe|1
|-unboost|p1a: The wobbler|atk|1
|upkeep
|turn|21
|
|t:|1642194933
|move|p1a: The wobbler|Substitute|p1a: The wobbler
|-start|p1a: The wobbler|Substitute
|-damage|p1a: The wobbler|43/100
|move|p2a: Xerneas|Max Starfall|p1a: The wobbler
|-end|p1a: The wobbler|Substitute
|
|-heal|p1a: The wobbler|49/100|[from] item: Leftovers
|-ability|p1a: The wobbler|Moody|boost
|-boost|p1a: The wobbler|atk|2
|-unboost|p1a: The wobbler|def|1
|upkeep
|turn|22
|
|t:|1642194945
|move|p1a: The wobbler|Substitute|p1a: The wobbler
|-start|p1a: The wobbler|Substitute
|-damage|p1a: The wobbler|24/100
|move|p2a: Xerneas|Max Starfall|p1a: The wobbler
|-end|p1a: The wobbler|Substitute
|
|-heal|p1a: The wobbler|30/100|[from] item: Leftovers
|-ability|p1a: The wobbler|Moody|boost
|-boost|p1a: The wobbler|spd|2
|-unboost|p1a: The wobbler|atk|1
|-end|p2a: Xerneas|Dynamax
|-heal|p2a: Xerneas|68/100|[silent]
|upkeep
|turn|23
|
|t:|1642194963
|move|p1a: The wobbler|Substitute|p1a: The wobbler
|-start|p1a: The wobbler|Substitute
|-damage|p1a: The wobbler|5/100
|move|p2a: Xerneas|Moonblast|p1a: The wobbler
|-end|p1a: The wobbler|Substitute
|
|-heal|p1a: The wobbler|11/100|[from] item: Leftovers
|-ability|p1a: The wobbler|Moody|boost
|-boost|p1a: The wobbler|spd|2
|-unboost|p1a: The wobbler|spa|1
|upkeep
|turn|24
|
|t:|1642194966
|move|p1a: The wobbler|Power Trip|p2a: Xerneas
|-resisted|p2a: Xerneas
|-damage|p2a: Xerneas|5/100
|move|p2a: Xerneas|Moonblast|p1a: The wobbler
|-damage|p1a: The wobbler|0 fnt
|faint|p1a: The wobbler
|
|-fieldend|Misty Terrain
|upkeep
|
|t:|1642194971
|switch|p1a: Yveltal|Yveltal|100/100
|-ability|p1a: Yveltal|Dark Aura
|turn|25
|
|t:|1642194974
|move|p1a: Yveltal|Sucker Punch|p2a: Xerneas
|-resisted|p2a: Xerneas
|-damage|p2a: Xerneas|0 fnt
|faint|p2a: Xerneas
|-damage|p1a: Yveltal|91/100|[from] item: Life Orb
|
|upkeep
|
|t:|1642194992
|switch|p2a: Marshadow|Marshadow|100/100
|turn|26
|
|t:|1642195001
|move|p2a: Marshadow|Rock Tomb|p1a: Yveltal
|-supereffective|p1a: Yveltal
|-damage|p1a: Yveltal|37/100
|-unboost|p1a: Yveltal|spe|1
|move|p1a: Yveltal|Dual Wingbeat|p2a: Marshadow
|-supereffective|p2a: Marshadow
|-damage|p2a: Marshadow|27/100
|-supereffective|p2a: Marshadow
|-damage|p2a: Marshadow|0 fnt
|faint|p2a: Marshadow
|-hitcount|p2: Marshadow|2
|-damage|p1a: Yveltal|27/100|[from] item: Life Orb
|
|upkeep
|
|t:|1642195005
|switch|p2a: Vivillon|Vivillon-Savanna, M|100/100
|turn|27
|
|t:|1642195015
|move|p2a: Vivillon|Sleep Powder|p1a: Yveltal
|-status|p1a: Yveltal|slp|[from] move: Sleep Powder
|cant|p1a: Yveltal|slp
|
|upkeep
|turn|28
|
|t:|1642195019
|move|p2a: Vivillon|Quiver Dance|p2a: Vivillon
|-boost|p2a: Vivillon|spa|1
|-boost|p2a: Vivillon|spd|1
|-boost|p2a: Vivillon|spe|1
|cant|p1a: Yveltal|slp
|
|upkeep
|turn|29
|
|t:|1642195022
|move|p2a: Vivillon|Hurricane|p1a: Yveltal
|-damage|p1a: Yveltal|0 fnt
|faint|p1a: Yveltal
|
|upkeep
|
|t:|1642195024
|switch|p1a: Calyrex|Calyrex-Shadow|100/100
|-ability|p1a: Calyrex|As One
|-ability|p1a: Calyrex|Unnerve
|turn|30
|
|t:|1642195034
|move|p2a: Vivillon|Sleep Powder|p1a: Calyrex
|-status|p1a: Calyrex|slp|[from] move: Sleep Powder
|cant|p1a: Calyrex|slp
|
|upkeep
|turn|31
|
|t:|1642195036
|move|p2a: Vivillon|Substitute|p2a: Vivillon
|-start|p2a: Vivillon|Substitute
|-damage|p2a: Vivillon|76/100
|-curestatus|p1a: Calyrex|slp|[msg]
|move|p1a: Calyrex|Psyshock|p2a: Vivillon
|-end|p2a: Vivillon|Substitute
|
|-heal|p2a: Vivillon|82/100|[from] item: Leftovers
|upkeep
|turn|32
|
|t:|1642195041
|move|p2a: Vivillon|Sleep Powder|p1a: Calyrex
|-status|p1a: Calyrex|slp|[from] move: Sleep Powder
|cant|p1a: Calyrex|slp
|
|-heal|p2a: Vivillon|88/100|[from] item: Leftovers
|upkeep
|turn|33
|
|t:|1642195043
|move|p2a: Vivillon|Substitute|p2a: Vivillon
|-start|p2a: Vivillon|Substitute
|-damage|p2a: Vivillon|63/100
|-curestatus|p1a: Calyrex|slp|[msg]
|move|p1a: Calyrex|Psyshock|p2a: Vivillon
|-end|p2a: Vivillon|Substitute
|
|-heal|p2a: Vivillon|69/100|[from] item: Leftovers
|upkeep
|turn|34
|
|t:|1642195046
|move|p2a: Vivillon|Sleep Powder|p1a: Calyrex
|-status|p1a: Calyrex|slp|[from] move: Sleep Powder
|cant|p1a: Calyrex|slp
|
|-heal|p2a: Vivillon|75/100|[from] item: Leftovers
|upkeep
|turn|35
|
|t:|1642195048
|move|p2a: Vivillon|Substitute|p2a: Vivillon
|-start|p2a: Vivillon|Substitute
|-damage|p2a: Vivillon|50/100
|-curestatus|p1a: Calyrex|slp|[msg]
|move|p1a: Calyrex|Psyshock|p2a: Vivillon
|-end|p2a: Vivillon|Substitute
|
|-heal|p2a: Vivillon|56/100|[from] item: Leftovers
|upkeep
|turn|36
|
|t:|1642195051
|move|p2a: Vivillon|Sleep Powder|p1a: Calyrex
|-status|p1a: Calyrex|slp|[from] move: Sleep Powder
|cant|p1a: Calyrex|slp
|
|-heal|p2a: Vivillon|62/100|[from] item: Leftovers
|upkeep
|turn|37
|
|t:|1642195053
|move|p2a: Vivillon|Substitute|p2a: Vivillon
|-start|p2a: Vivillon|Substitute
|-damage|p2a: Vivillon|37/100
|-curestatus|p1a: Calyrex|slp|[msg]
|move|p1a: Calyrex|Psyshock|p2a: Vivillon
|-end|p2a: Vivillon|Substitute
|
|-heal|p2a: Vivillon|43/100|[from] item: Leftovers
|upkeep
|turn|38
|
|t:|1642195056
|move|p2a: Vivillon|Sleep Powder|p1a: Calyrex
|-status|p1a: Calyrex|slp|[from] move: Sleep Powder
|cant|p1a: Calyrex|slp
|
|-heal|p2a: Vivillon|49/100|[from] item: Leftovers
|upkeep
|turn|39
|
|t:|1642195057
|move|p2a: Vivillon|Substitute|p2a: Vivillon
|-start|p2a: Vivillon|Substitute
|-damage|p2a: Vivillon|24/100
|cant|p1a: Calyrex|slp
|
|-heal|p2a: Vivillon|30/100|[from] item: Leftovers
|upkeep
|turn|40
|
|t:|1642195059
|move|p2a: Vivillon|Hurricane|p1a: Calyrex
|-damage|p1a: Calyrex|35/100 slp
|-curestatus|p1a: Calyrex|slp|[msg]
|move|p1a: Calyrex|Psyshock|p2a: Vivillon
|-end|p2a: Vivillon|Substitute
|
|-heal|p2a: Vivillon|36/100|[from] item: Leftovers
|upkeep
|turn|41
|
|t:|1642195062
|move|p2a: Vivillon|Sleep Powder|p1a: Calyrex
|-status|p1a: Calyrex|slp|[from] move: Sleep Powder
|cant|p1a: Calyrex|slp
|
|-heal|p2a: Vivillon|42/100|[from] item: Leftovers
|upkeep
|turn|42
|
|t:|1642195066
|move|p2a: Vivillon|Hurricane|p1a: Calyrex|[miss]
|-miss|p2a: Vivillon|p1a: Calyrex
|cant|p1a: Calyrex|slp
|
|-heal|p2a: Vivillon|48/100|[from] item: Leftovers
|upkeep
|turn|43
|
|t:|1642195068
|move|p2a: Vivillon|Hurricane|p1a: Calyrex
|-damage|p1a: Calyrex|0 fnt
|faint|p1a: Calyrex
|
|win|rowletroost
|raw|soda49's rating: 1706 &rarr; <strong>1696</strong><br />(-10 for losing)
|raw|rowletroost's rating: 1903 &rarr; <strong>1913</strong><br />(+10 for winning)
