|j|☆WolfYokai
|j|☆WhatStyle?
|t:|1610287776
|player|p1|WolfYokai|102|1619
|player|p2|WhatStyle?|2|1389
|teamsize|p1|6
|teamsize|p2|6
|gametype|singles
|gen|8
|tier|[Gen 8] National Dex AG
|rated|
|clearpoke
|poke|p1|Groudon|
|poke|p1|Ho-Oh|
|poke|p1|Rayquaza|
|poke|p1|Yveltal|
|poke|p1|Ditto|
|poke|p1|Kyogre|
|poke|p2|Lopunny, M|
|poke|p2|Arceus-*|
|poke|p2|Pheromosa|
|poke|p2|Lugia|
|poke|p2|Minior-Blue|
|poke|p2|Xerneas|
|rule|HP Percentage Mod: HP is shown in percentages
|rule|Endless Battle Clause: Forcing endless battles is banned
|teampreview
|
|t:|1610287801
|start
|switch|p1a: Groudon|Groudon|100/100
|switch|p2a: Pheromosa|Pheromosa, shiny|100/100
|detailschange|p1a: Groudon|Groudon-Primal
|-primal|p1a: Groudon
|-weather|DesolateLand|[from] ability: Desolate Land|[of] p1a: Groudon
|turn|1
|c|☆WhatStyle?|every single team looks the saem
|c|☆WhatStyle?|*same
|
|t:|1610287819
|move|p2a: Pheromosa|Quiver Dance|p2a: Pheromosa
|-boost|p2a: Pheromosa|spa|1
|-boost|p2a: Pheromosa|spd|1
|-boost|p2a: Pheromosa|spe|1
|move|p1a: Groudon|Thunder Wave|p2a: Pheromosa
|-status|p2a: Pheromosa|par
|
|-weather|DesolateLand|[upkeep]
|upkeep
|turn|2
|
|t:|1610287826
|move|p2a: Pheromosa|Focus Blast|p1a: Groudon
|-crit|p1a: Groudon
|-damage|p1a: Groudon|0 fnt
|faint|p1a: Groudon
|-weather|none
|-ability|p2a: Pheromosa|Beast Boost|boost
|-boost|p2a: Pheromosa|spa|1
|
|upkeep
|
|t:|1610287831
|switch|p1a: Rayquaza|Rayquaza|100/100
|-ability|p1a: Rayquaza|Air Lock
|turn|3
|
|t:|1610287836
|detailschange|p1a: Rayquaza|Rayquaza-Mega
|-mega|p1a: Rayquaza|Rayquaza|
|-weather|DeltaStream|[from] ability: Delta Stream|[of] p1a: Rayquaza
|move|p1a: Rayquaza|Dragon Ascent|p2a: Pheromosa
|-supereffective|p2a: Pheromosa
|-enditem|p2a: Pheromosa|Focus Sash
|-damage|p2a: Pheromosa|1/100 par
|-unboost|p1a: Rayquaza|def|1
|-unboost|p1a: Rayquaza|spd|1
|move|p2a: Pheromosa|Hidden Power|p1a: Rayquaza
|-activate||deltastream
|-damage|p1a: Rayquaza|30/100
|
|-weather|DeltaStream|[upkeep]
|upkeep
|turn|4
|
|t:|1610287848
|move|p1a: Rayquaza|Dragon Ascent|p2a: Pheromosa
|-supereffective|p2a: Pheromosa
|-damage|p2a: Pheromosa|0 fnt
|-unboost|p1a: Rayquaza|def|1
|-unboost|p1a: Rayquaza|spd|1
|faint|p2a: Pheromosa
|
|-weather|DeltaStream|[upkeep]
|upkeep
|
|t:|1610287855
|switch|p2a: Arceus|Arceus-Flying|100/100
|turn|5
|
|t:|1610287860
|-weather|none
|switch|p1a: Ho-Oh|Ho-Oh|100/100
|move|p2a: Arceus|Judgment|p1a: Ho-Oh
|-damage|p1a: Ho-Oh|71/100
|
|upkeep
|turn|6
|
|t:|1610287872
|move|p2a: Arceus|Calm Mind|p2a: Arceus
|-boost|p2a: Arceus|spa|1
|-boost|p2a: Arceus|spd|1
|move|p1a: Ho-Oh|Toxic|p2a: Arceus
|-status|p2a: Arceus|tox
|
|-damage|p2a: Arceus|94/100 tox|[from] psn
|upkeep
|turn|7
|
|t:|1610287880
|-start|p2a: Arceus|Dynamax
|-heal|p2a: Arceus|94/100 tox|[silent]
|move|p2a: Arceus|Max Airstream|p1a: Ho-Oh
|-damage|p1a: Ho-Oh|14/100
|-boost|p2a: Arceus|spe|1
|move|p1a: Ho-Oh|Sacred Fire|p2a: Arceus
|-damage|p2a: Arceus|81/100 tox
|
|-damage|p2a: Arceus|75/100 tox|[from] psn
|upkeep
|turn|8
|
|t:|1610287892
|switch|p1a: Ditto|Ditto|100/100
|-transform|p1a: Ditto|p2a: Arceus|[from] ability: Imposter
|move|p2a: Arceus|Max Lightning|p1a: Ditto
|-supereffective|p1a: Ditto
|-damage|p1a: Ditto|17/100
|-fieldstart|move: Electric Terrain
|
|-damage|p2a: Arceus|66/100 tox|[from] psn
|upkeep
|turn|9
|
|t:|1610287903
|move|p1a: Ditto|Thunderbolt|p2a: Arceus
|-supereffective|p2a: Arceus
|-damage|p2a: Arceus|46/100 tox
|move|p2a: Arceus|Max Airstream|p1a: Ditto
|-damage|p1a: Ditto|0 fnt
|-boost|p2a: Arceus|spe|1
|faint|p1a: Ditto
|
|-damage|p2a: Arceus|34/100 tox|[from] psn
|-end|p2a: Arceus|Dynamax
|-heal|p2a: Arceus|34/100 tox|[silent]
|upkeep
|
|t:|1610287910
|switch|p1a: Rayquaza|Rayquaza-Mega|30/100
|-weather|DeltaStream|[from] ability: Delta Stream|[of] p1a: Rayquaza
|turn|10
|
|t:|1610287918
|move|p2a: Arceus|Judgment|p1a: Rayquaza
|-damage|p1a: Rayquaza|0 fnt
|faint|p1a: Rayquaza
|-weather|none
|
|-damage|p2a: Arceus|4/100 tox|[from] psn
|upkeep
|-message|WolfYokai forfeited.
|
|win|WhatStyle?
|l|☆WolfYokai
|raw|WolfYokai's rating: 1619 &rarr; <strong>1588</strong><br />(-31 for losing)
|raw|WhatStyle?'s rating: 1390 &rarr; <strong>1421</strong><br />(+31 for winning)
