|j|☆TxunT
|j|☆Leafstorm121❤
|inactive|Battle timer is ON: inactive players will automatically lose when time's up.
|t:|1665964136
|gametype|singles
|player|p1|TxunT|beni-ninja|
|player|p2|Leafstorm121❤|sina|
|teamsize|p1|6
|teamsize|p2|6
|gen|8
|tier|[Gen 8] National Dex AG
|rated|Tournament battle
|rule|HP Percentage Mod: HP is shown in percentages
|rule|Endless Battle Clause: Forcing endless battles is banned
|clearpoke
|poke|p1|Zygarde|
|poke|p1|Yveltal|
|poke|p1|Calyrex-Shadow|
|poke|p1|Necrozma-Dusk-Mane|
|poke|p1|Rayquaza|
|poke|p1|Arceus-*|
|poke|p2|Smeargle, F|
|poke|p2|Rayquaza|
|poke|p2|Groudon|
|poke|p2|Yveltal|
|poke|p2|Arceus-*|
|poke|p2|Calyrex-Shadow|
|teampreview
|
|t:|1665964141
|start
|switch|p1a: Rayquaza|Rayquaza|100/100
|switch|p2a: Rayquaza|Rayquaza|100/100
|-ability|p2a: Rayquaza|Air Lock
|-ability|p1a: Rayquaza|Air Lock
|turn|1
|
|t:|1665964149
|detailschange|p1a: Rayquaza|Rayquaza-Mega
|-mega|p1a: Rayquaza|Rayquaza|
|-weather|DeltaStream|[from] ability: Delta Stream|[of] p1a: Rayquaza
|detailschange|p2a: Rayquaza|Rayquaza-Mega
|-mega|p2a: Rayquaza|Rayquaza|
|move|p1a: Rayquaza|Scale Shot|p2a: Rayquaza
|-supereffective|p2a: Rayquaza
|-damage|p2a: Rayquaza|67/100
|-supereffective|p2a: Rayquaza
|-damage|p2a: Rayquaza|38/100
|-supereffective|p2a: Rayquaza
|-damage|p2a: Rayquaza|7/100
|-hitcount|p2a: Rayquaza|3
|-unboost|p1a: Rayquaza|def|1
|-boost|p1a: Rayquaza|spe|1
|move|p2a: Rayquaza|Dragon Ascent|p1a: Rayquaza
|-enditem|p1a: Rayquaza|Focus Sash
|-damage|p1a: Rayquaza|1/100
|-unboost|p2a: Rayquaza|def|1
|-unboost|p2a: Rayquaza|spd|1
|-damage|p2a: Rayquaza|0 fnt|[from] item: Life Orb
|faint|p2a: Rayquaza
|
|-weather|DeltaStream|[upkeep]
|upkeep
|
|t:|1665964166
|switch|p2a: Arceus|Arceus|100/100
|turn|2
|
|t:|1665964172
|-weather|none
|switch|p1a: Zygarde|Zygarde|100/100
|move|p2a: Arceus|Extreme Speed|p1a: Zygarde
|-crit|p1a: Zygarde
|-damage|p1a: Zygarde|61/100
|-damage|p2a: Arceus|91/100|[from] item: Life Orb
|
|-heal|p1a: Zygarde|68/100|[from] item: Leftovers
|upkeep
|turn|3
|
|t:|1665964176
|switch|p2a: Smeargle|Smeargle, F|100/100
|move|p1a: Zygarde|Toxic|p2a: Smeargle
|-status|p2a: Smeargle|tox
|
|-heal|p1a: Zygarde|74/100|[from] item: Leftovers
|-damage|p2a: Smeargle|94/100 tox|[from] psn
|upkeep
|turn|4
|
|t:|1665964184
|switch|p1a: Rayquaza|Rayquaza-Mega|1/100
|-weather|DeltaStream|[from] ability: Delta Stream|[of] p1a: Rayquaza
|move|p2a: Smeargle|Sticky Web|p1a: Rayquaza
|-sidestart|p1: TxunT|move: Sticky Web
|
|-weather|DeltaStream|[upkeep]
|-damage|p2a: Smeargle|82/100 tox|[from] psn
|upkeep
|turn|5
|
|t:|1665964188
|move|p1a: Rayquaza|Dragon Ascent|p2a: Smeargle
|-damage|p2a: Smeargle|0 fnt
|-unboost|p1a: Rayquaza|def|1
|-unboost|p1a: Rayquaza|spd|1
|faint|p2a: Smeargle
|
|-weather|DeltaStream|[upkeep]
|upkeep
|
|t:|1665964193
|switch|p2a: Groudon|Groudon|100/100
|detailschange|p2a: Groudon|Groudon-Primal
|-primal|p2a: Groudon
|-weather|DesolateLand|[from] ability: Desolate Land|[of] p2a: Groudon
|turn|6
|
|t:|1665964206
|move|p1a: Rayquaza|Dragon Ascent|p2a: Groudon
|-damage|p2a: Groudon|45/100
|-unboost|p1a: Rayquaza|def|1
|-unboost|p1a: Rayquaza|spd|1
|move|p2a: Groudon|Stealth Rock|p1a: Rayquaza
|-sidestart|p1: TxunT|move: Stealth Rock
|
|-weather|DesolateLand|[upkeep]
|upkeep
|turn|7
|
|t:|1665964209
|move|p1a: Rayquaza|Dragon Ascent|p2a: Groudon
|-damage|p2a: Groudon|0 fnt
|-unboost|p1a: Rayquaza|def|1
|-unboost|p1a: Rayquaza|spd|1
|faint|p2a: Groudon
|-weather|none
|
|upkeep
|
|t:|1665964212
|switch|p2a: Arceus|Arceus|91/100
|turn|8
|
|t:|1665964222
|move|p2a: Arceus|Swords Dance|p2a: Arceus
|-boost|p2a: Arceus|atk|2
|move|p1a: Rayquaza|Dragon Ascent|p2a: Arceus
|-damage|p2a: Arceus|31/100
|-unboost|p1a: Rayquaza|def|1
|-unboost|p1a: Rayquaza|spd|1
|
|upkeep
|turn|9
|
|t:|1665964225
|move|p2a: Arceus|Extreme Speed|p1a: Rayquaza
|-damage|p1a: Rayquaza|0 fnt
|faint|p1a: Rayquaza
|-damage|p2a: Arceus|21/100|[from] item: Life Orb
|
|upkeep
|
|t:|1665964230
|switch|p1a: Necrozma|Necrozma-Dusk-Mane|100/100
|-activate|p1a: Necrozma|move: Sticky Web
|-unboost|p1a: Necrozma|spe|1
|-damage|p1a: Necrozma|94/100|[from] Stealth Rock
|turn|10
|
|t:|1665964239
|move|p2a: Arceus|Shadow Force||[still]
|-prepare|p2a: Arceus|Shadow Force
|move|p1a: Necrozma|Sunsteel Strike|p2a: Arceus|[miss]
|-miss|p1a: Necrozma|p2a: Arceus
|
|upkeep
|turn|11
|
|t:|1665964242
|switch|p1a: Arceus|Arceus|100/100
|-activate|p1a: Arceus|move: Sticky Web
|-unboost|p1a: Arceus|spe|1
|-damage|p1a: Arceus|88/100|[from] Stealth Rock
|move|p2a: Arceus|Shadow Force|p1a: Arceus|[from]lockedmove
|-immune|p1a: Arceus
|
|upkeep
|turn|12
|inactive|TxunT has 120 seconds left.
|inactive|TxunT has 90 seconds left.
|
|t:|1665964312
|move|p2a: Arceus|Extreme Speed|p1a: Arceus
|-damage|p1a: Arceus|20/100
|-damage|p2a: Arceus|11/100|[from] item: Life Orb
|move|p1a: Arceus|Defog|p2a: Arceus
|-unboost|p2a: Arceus|evasion|1
|-sideend|p1: TxunT|Stealth Rock|[from] move: Defog|[of] p1a: Arceus
|-sideend|p1: TxunT|Sticky Web|[from] move: Defog|[of] p1a: Arceus
|
|upkeep
|turn|13
|
|t:|1665964319
|switch|p1a: Necrozma|Necrozma-Dusk-Mane|94/100
|move|p2a: Arceus|Extreme Speed|p1a: Necrozma
|-resisted|p1a: Necrozma
|-damage|p1a: Necrozma|70/100
|-damage|p2a: Arceus|0 fnt|[from] item: Rocky Helmet|[of] p1a: Necrozma
|faint|p2a: Arceus
|
|upkeep
|
|t:|1665964331
|switch|p2a: Yveltal|Yveltal|100/100
|-ability|p2a: Yveltal|Dark Aura
|turn|14
|
|t:|1665964336
|move|p2a: Yveltal|Knock Off|p1a: Necrozma
|-supereffective|p1a: Necrozma
|-damage|p1a: Necrozma|0 fnt
|-damage|p2a: Yveltal|84/100|[from] item: Rocky Helmet|[of] p1a: Necrozma
|-enditem|p1a: Necrozma|Rocky Helmet|[from] move: Knock Off|[of] p2a: Yveltal
|faint|p1a: Necrozma
|-damage|p2a: Yveltal|74/100|[from] item: Life Orb
|
|upkeep
|
|t:|1665964341
|switch|p1a: Yveltal|Yveltal|100/100
|-ability|p1a: Yveltal|Dark Aura
|turn|15
|
|t:|1665964344
|-start|p2a: Yveltal|Dynamax|
|-heal|p2a: Yveltal|74/100|[silent]
|-start|p1a: Yveltal|Dynamax|
|-heal|p1a: Yveltal|100/100|[silent]
|move|p2a: Yveltal|Max Airstream|p1a: Yveltal
|-damage|p1a: Yveltal|60/100
|-boost|p2a: Yveltal|spe|1
|-damage|p2a: Yveltal|69/100|[from] item: Life Orb
|move|p1a: Yveltal|Max Airstream|p2a: Yveltal
|-damage|p2a: Yveltal|21/100
|-boost|p1a: Yveltal|spe|1
|-damage|p1a: Yveltal|55/100|[from] item: Life Orb
|
|upkeep
|turn|16
|inactive|TxunT has 120 seconds left.
|
|t:|1665964358
|move|p2a: Yveltal|Max Airstream|p1a: Yveltal
|-damage|p1a: Yveltal|13/100
|-boost|p2a: Yveltal|spe|1
|-damage|p2a: Yveltal|16/100|[from] item: Life Orb
|move|p1a: Yveltal|Max Airstream|p2a: Yveltal
|-damage|p2a: Yveltal|0 fnt
|-boost|p1a: Yveltal|spe|1
|faint|p2a: Yveltal
|-damage|p1a: Yveltal|8/100|[from] item: Life Orb
|
|upkeep
|
|t:|1665964362
|switch|p2a: Calyrex|Calyrex-Shadow|100/100
|-ability|p2a: Calyrex|As One
|-ability|p2a: Calyrex|Unnerve
|turn|17
|
|t:|1665964369
|move|p1a: Yveltal|Max Darkness|p2a: Calyrex
|-supereffective|p2a: Calyrex
|-damage|p2a: Calyrex|0 fnt
|faint|p2a: Calyrex
|-damage|p1a: Yveltal|3/100|[from] item: Life Orb
|
|win|TxunT
|n|☆TxunT|txunt
|n|☆Leafstorm121❤|leafstorm121
