|j|☆rajof
|j|☆Lance's Time
|t:|1666424155
|gametype|singles
|player|p1|rajof|youngster-gen4dp|1858
|player|p2|Lance's Time|lucas|1776
|teamsize|p1|6
|teamsize|p2|6
|gen|8
|tier|[Gen 8] National Dex AG
|rated|
|rule|HP Percentage Mod: HP is shown in percentages
|rule|Endless Battle Clause: Forcing endless battles is banned
|clearpoke
|poke|p1|Arceus-*|
|poke|p1|Ditto|
|poke|p1|Chansey, F|
|poke|p1|Lugia|
|poke|p1|Groudon|
|poke|p1|Arceus-*|
|poke|p2|Zygarde|
|poke|p2|Yveltal|
|poke|p2|Calyrex-Shadow|
|poke|p2|Arceus-*|
|poke|p2|Necrozma-Dusk-Mane|
|poke|p2|Rayquaza|
|teampreview
|
|t:|1666424164
|start
|switch|p1a: 그란돈|Groudon|100/100
|switch|p2a: Calyrex|Calyrex-Shadow|100/100
|-ability|p2a: Calyrex|As One
|-ability|p2a: Calyrex|Unnerve
|detailschange|p1a: 그란돈|Groudon-Primal
|-primal|p1a: 그란돈
|-weather|DesolateLand|[from] ability: Desolate Land|[of] p1a: 그란돈
|turn|1
|
|t:|1666424168
|switch|p2a: Zygarde|Zygarde|100/100
|-weather|none
|switch|p1a: 악르세우스|Arceus-Dark|100/100
|
|upkeep
|turn|2
|j| Voidoflife1
|
|t:|1666424172
|switch|p2a: Yveltal|Yveltal|100/100
|-ability|p2a: Yveltal|Dark Aura
|move|p1a: 악르세우스|Calm Mind|p1a: 악르세우스
|-boost|p1a: 악르세우스|spa|1
|-boost|p1a: 악르세우스|spd|1
|
|upkeep
|turn|3
|
|t:|1666424186
|move|p1a: 악르세우스|Calm Mind|p1a: 악르세우스
|-boost|p1a: 악르세우스|spa|1
|-boost|p1a: 악르세우스|spd|1
|move|p2a: Yveltal|U-turn|p1a: 악르세우스
|-supereffective|p1a: 악르세우스
|-damage|p1a: 악르세우스|72/100
|
|t:|1666424189
|switch|p2a: Rayquaza|Rayquaza|100/100|[from]move: U-turn
|-ability|p2a: Rayquaza|Air Lock
|
|upkeep
|turn|4
|
|t:|1666424191
|detailschange|p2a: Rayquaza|Rayquaza-Mega
|-mega|p2a: Rayquaza|Rayquaza|
|-weather|DeltaStream|[from] ability: Delta Stream|[of] p2a: Rayquaza
|move|p1a: 악르세우스|Judgment|p2a: Rayquaza
|-crit|p2a: Rayquaza
|-damage|p2a: Rayquaza|0 fnt
|faint|p2a: Rayquaza
|-weather|none
|
|upkeep
|c|☆Lance's Time|crit
|
|t:|1666424197
|switch|p2a: Arceus|Arceus|100/100
|turn|5
|
|t:|1666424208
|move|p1a: 악르세우스|Judgment|p2a: Arceus
|-damage|p2a: Arceus|32/100
|move|p2a: Arceus|Swords Dance|p2a: Arceus
|-boost|p2a: Arceus|atk|2
|
|upkeep
|turn|6
|
|t:|1666424211
|switch|p1a: 루기아|Lugia|100/100
|move|p2a: Arceus|Extreme Speed|p1a: 루기아
|-damage|p1a: 루기아|72/100
|-damage|p2a: Arceus|15/100|[from] item: Rocky Helmet|[of] p1a: 루기아
|-damage|p2a: Arceus|5/100|[from] item: Life Orb
|
|upkeep
|turn|7
|
|t:|1666424214
|move|p2a: Arceus|Recover|p2a: Arceus
|-heal|p2a: Arceus|55/100
|move|p1a: 루기아|Roost|p1a: 루기아
|-heal|p1a: 루기아|100/100
|-singleturn|p1a: 루기아|move: Roost
|
|upkeep
|turn|8
|
|t:|1666424223
|move|p2a: Arceus|Recover|p2a: Arceus
|-heal|p2a: Arceus|100/100
|move|p1a: 루기아|Toxic|p2a: Arceus
|-status|p2a: Arceus|tox
|
|-damage|p2a: Arceus|94/100 tox|[from] psn
|upkeep
|turn|9
|
|t:|1666424229
|switch|p2a: Necrozma|Necrozma-Dusk-Mane|100/100
|move|p1a: 루기아|Aeroblast|p2a: Necrozma
|-resisted|p2a: Necrozma
|-damage|p2a: Necrozma|87/100
|
|upkeep
|turn|10
|
|t:|1666424257
|switch|p1a: 악르세우스|Arceus-Dark|72/100
|move|p2a: Necrozma|Toxic|p1a: 악르세우스|[miss]
|-miss|p2a: Necrozma|p1a: 악르세우스
|
|upkeep
|turn|11
|c|☆Lance's Time|haha
|
|t:|1666424265
|switch|p2a: Calyrex|Calyrex-Shadow|100/100
|-ability|p2a: Calyrex|As One
|-ability|p2a: Calyrex|Unnerve
|move|p1a: 악르세우스|Recover|p1a: 악르세우스
|-heal|p1a: 악르세우스|100/100
|
|upkeep
|turn|12
|
|t:|1666424268
|move|p2a: Calyrex|Substitute|p2a: Calyrex
|-start|p2a: Calyrex|Substitute
|-damage|p2a: Calyrex|76/100
|move|p1a: 악르세우스|Judgment|p2a: Calyrex
|-supereffective|p2a: Calyrex
|-crit|p2a: Calyrex
|-end|p2a: Calyrex|Substitute
|
|upkeep
|turn|13
|
|t:|1666424273
|-zpower|p2a: Calyrex
|move|p2a: Calyrex|Savage Spin-Out|p1a: 악르세우스|[zeffect]
|-supereffective|p1a: 악르세우스
|-damage|p1a: 악르세우스|5/100
|move|p1a: 악르세우스|Judgment|p2a: Calyrex
|-supereffective|p2a: Calyrex
|-damage|p2a: Calyrex|0 fnt
|faint|p2a: Calyrex
|
|upkeep
|
|t:|1666424275
|switch|p2a: Arceus|Arceus|94/100 tox
|turn|14
|
|t:|1666424285
|switch|p1a: 루기아|Lugia|100/100
|move|p2a: Arceus|Extreme Speed|p1a: 루기아
|-damage|p1a: 루기아|87/100
|-damage|p2a: Arceus|78/100 tox|[from] item: Rocky Helmet|[of] p1a: 루기아
|-damage|p2a: Arceus|68/100 tox|[from] item: Life Orb
|
|-damage|p2a: Arceus|62/100 tox|[from] psn
|upkeep
|turn|15
|
|t:|1666424288
|switch|p2a: Necrozma|Necrozma-Dusk-Mane|87/100
|move|p1a: 루기아|Roost|p1a: 루기아
|-heal|p1a: 루기아|100/100
|-singleturn|p1a: 루기아|move: Roost
|
|upkeep
|turn|16
|
|t:|1666424291
|switch|p1a: 그란돈|Groudon-Primal|100/100
|-weather|DesolateLand|[from] ability: Desolate Land|[of] p1a: 그란돈
|move|p2a: Necrozma|Sunsteel Strike|p1a: 그란돈
|-resisted|p1a: 그란돈
|-damage|p1a: 그란돈|85/100
|
|-weather|DesolateLand|[upkeep]
|upkeep
|turn|17
|
|t:|1666424298
|move|p1a: 그란돈|Swords Dance|p1a: 그란돈
|-boost|p1a: 그란돈|atk|2
|move|p2a: Necrozma|Stealth Rock|p1a: 그란돈
|-sidestart|p1: rajof|move: Stealth Rock
|
|-weather|DesolateLand|[upkeep]
|upkeep
|turn|18
|
|t:|1666424303
|switch|p2a: Zygarde|Zygarde|100/100
|move|p1a: 그란돈|Precipice Blades|p2a: Zygarde
|-damage|p2a: Zygarde|8/100
|
|-weather|DesolateLand|[upkeep]
|-heal|p2a: Zygarde|14/100|[from] item: Leftovers
|-activate|p2a: Zygarde|ability: Power Construct
|detailschange|p2a: Zygarde|Zygarde-Complete
|-heal|p2a: Zygarde|44/100|[silent]
|upkeep
|turn|19
|
|t:|1666424310
|move|p2a: Zygarde|Coil|p2a: Zygarde
|-boost|p2a: Zygarde|atk|1
|-boost|p2a: Zygarde|def|1
|-boost|p2a: Zygarde|accuracy|1
|move|p1a: 그란돈|Precipice Blades|p2a: Zygarde
|-damage|p2a: Zygarde|1/100
|
|-weather|DesolateLand|[upkeep]
|-heal|p2a: Zygarde|7/100|[from] item: Leftovers
|upkeep
|turn|20
|
|t:|1666424325
|move|p2a: Zygarde|Thousand Arrows|p1a: 그란돈
|-supereffective|p1a: 그란돈
|-damage|p1a: 그란돈|31/100
|move|p1a: 그란돈|Precipice Blades|p2a: Zygarde
|-damage|p2a: Zygarde|0 fnt
|faint|p2a: Zygarde
|
|-weather|DesolateLand|[upkeep]
|upkeep
|
|t:|1666424330
|switch|p2a: Arceus|Arceus|62/100 tox
|turn|21
|
|t:|1666424337
|-weather|none
|switch|p1a: 루기아|Lugia|100/100
|-damage|p1a: 루기아|75/100|[from] Stealth Rock
|move|p2a: Arceus|Earthquake|p1a: 루기아
|-immune|p1a: 루기아
|
|-damage|p2a: Arceus|55/100 tox|[from] psn
|upkeep
|turn|22
|
|t:|1666424341
|move|p2a: Arceus|Recover|p2a: Arceus
|-heal|p2a: Arceus|100/100 tox
|move|p1a: 루기아|Defog|p2a: Arceus
|-unboost|p2a: Arceus|evasion|1
|-sideend|p1: rajof|Stealth Rock|[from] move: Defog|[of] p1a: 루기아
|
|-damage|p2a: Arceus|88/100 tox|[from] psn
|upkeep
|turn|23
|inactive|Battle timer is ON: inactive players will automatically lose when time's up. (requested by Lance's Time)
|
|t:|1666424348
|switch|p2a: Yveltal|Yveltal|100/100
|-ability|p2a: Yveltal|Dark Aura
|move|p1a: 루기아|Roost|p1a: 루기아
|-heal|p1a: 루기아|100/100
|-singleturn|p1a: 루기아|move: Roost
|
|upkeep
|turn|24
|
|t:|1666424352
|move|p1a: 루기아|Toxic|p2a: Yveltal
|-status|p2a: Yveltal|tox
|move|p2a: Yveltal|Foul Play|p1a: 루기아
|-supereffective|p1a: 루기아
|-damage|p1a: 루기아|85/100
|-damage|p2a: Yveltal|84/100 tox|[from] item: Rocky Helmet|[of] p1a: 루기아
|
|-damage|p2a: Yveltal|78/100 tox|[from] psn
|upkeep
|turn|25
|
|t:|1666424356
|move|p1a: 루기아|Roost|p1a: 루기아
|-heal|p1a: 루기아|100/100
|-singleturn|p1a: 루기아|move: Roost
|move|p2a: Yveltal|U-turn|p1a: 루기아
|-supereffective|p1a: 루기아
|-damage|p1a: 루기아|91/100
|-damage|p2a: Yveltal|61/100 tox|[from] item: Rocky Helmet|[of] p1a: 루기아
|c|☆Lance's Time|ye
|c|☆Lance's Time|fucking noob
|-message|Lance's Time forfeited.
|
|win|rajof
|raw|rajof's rating: 1858 &rarr; <strong>1873</strong><br />(+15 for winning)
|raw|Lance&apos;s Time's rating: 1776 &rarr; <strong>1761</strong><br />(-15 for losing)
|l|☆Lance's Time
