|j|☆KeldeoCrowned
|j|☆Pikaslayer2001
|t:|1667154883
|gametype|singles
|player|p1|KeldeoCrowned|#ptpl3medicham|
|player|p2|Pikaslayer2001|brendan-contest|
|teamsize|p1|6
|teamsize|p2|6
|gen|8
|tier|[Gen 8] National Dex AG
|rule|HP Percentage Mod: HP is shown in percentages
|rule|Endless Battle Clause: Forcing endless battles is banned
|clearpoke
|poke|p1|Toxapex, M|
|poke|p1|Clefable, F|
|poke|p1|Quagsire, M|
|poke|p1|Corviknight, F|
|poke|p1|Wailord, F|
|poke|p1|Chansey, F|
|poke|p2|Gengar, F|
|poke|p2|Darmanitan-Galar, M|
|poke|p2|Rotom-Wash|
|poke|p2|Toxapex, M|
|poke|p2|Weavile, F|
|poke|p2|Salamence, M|
|teampreview
|
|t:|1667154909
|start
|switch|p1a: Clefable|Clefable, F|100/100
|switch|p2a: Gengar|Gengar, F, shiny|100/100
|turn|1
|
|t:|1667154916
|switch|p1a: Chansey|Chansey, F|100/100
|detailschange|p2a: Gengar|Gengar-Mega, F, shiny
|-mega|p2a: Gengar|Gengar|Gengarite
|move|p2a: Gengar|Shadow Ball|p1a: Chansey
|-immune|p1a: Chansey
|
|upkeep
|turn|2
|
|t:|1667154926
|switch|p2a: Weavile|Weavile, F|100/100
|-ability|p2a: Weavile|Pressure
|move|p1a: Chansey|Stealth Rock|p2a: Weavile
|-sidestart|p2: Pikaslayer2001|move: Stealth Rock
|
|upkeep
|turn|3
|
|t:|1667154932
|switch|p1a: Toxapex|Toxapex, M|100/100
|move|p2a: Weavile|Knock Off|p1a: Toxapex
|-damage|p1a: Toxapex|61/100
|-damage|p2a: Weavile|84/100|[from] item: Rocky Helmet|[of] p1a: Toxapex
|-enditem|p1a: Toxapex|Rocky Helmet|[from] move: Knock Off|[of] p2a: Weavile
|
|upkeep
|turn|4
|
|t:|1667154955
|switch|p2a: Gengar|Gengar-Mega, F, shiny|100/100
|-damage|p2a: Gengar|88/100|[from] Stealth Rock
|move|p1a: Toxapex|Recover|p1a: Toxapex
|-heal|p1a: Toxapex|100/100
|
|upkeep
|turn|5
|
|t:|1667154961
|-start|p1a: Toxapex|Dynamax|
|-heal|p1a: Toxapex|100/100|[silent]
|move|p2a: Gengar|Shadow Ball|p1a: Toxapex
|-damage|p1a: Toxapex|79/100
|move|p1a: Toxapex|Max Darkness|p2a: Gengar
|-supereffective|p2a: Gengar
|-damage|p2a: Gengar|30/100
|-unboost|p2a: Gengar|spd|1
|
|upkeep
|turn|6
|
|t:|1667154966
|switch|p2a: Rotom|Rotom-Wash, shiny|100/100
|-damage|p2a: Rotom|88/100|[from] Stealth Rock
|move|p1a: Toxapex|Max Darkness|p2a: Rotom
|-damage|p2a: Rotom|73/100
|-unboost|p2a: Rotom|spd|1
|
|-heal|p2a: Rotom|79/100|[from] item: Leftovers
|upkeep
|turn|7
|
|t:|1667154972
|move|p2a: Rotom|Will-O-Wisp|p1a: Toxapex
|-status|p1a: Toxapex|brn
|move|p1a: Toxapex|Max Darkness|p2a: Rotom
|-damage|p2a: Rotom|72/100
|-unboost|p2a: Rotom|spd|1
|
|-heal|p2a: Rotom|78/100|[from] item: Leftovers
|-damage|p1a: Toxapex|75/100 brn|[from] brn
|upkeep
|-end|p1a: Toxapex|Dynamax
|-heal|p1a: Toxapex|75/100 brn|[silent]
|turn|8
|
|t:|1667154981
|move|p2a: Rotom|Defog|p1a: Toxapex
|-unboost|p1a: Toxapex|evasion|1
|-sideend|p2: Pikaslayer2001|Stealth Rock|[from] move: Defog|[of] p2a: Rotom
|move|p1a: Toxapex|Knock Off|p2a: Rotom
|-damage|p2a: Rotom|71/100
|-enditem|p2a: Rotom|Leftovers|[from] move: Knock Off|[of] p1a: Toxapex
|
|-damage|p1a: Toxapex|69/100 brn|[from] brn
|upkeep
|turn|9
|
|t:|1667154988
|switch|p1a: Quagsire|Quagsire, M|100/100
|move|p2a: Rotom|Volt Switch|p1a: Quagsire
|-immune|p1a: Quagsire
|
|upkeep
|turn|10
|
|t:|1667154993
|switch|p2a: Toxapex|Toxapex, M|100/100
|move|p1a: Quagsire|Toxic|p2a: Toxapex
|-immune|p2a: Toxapex
|
|upkeep
|turn|11
|
|t:|1667154997
|switch|p1a: Chansey|Chansey, F|100/100
|move|p2a: Toxapex|Knock Off|p1a: Chansey
|-damage|p1a: Chansey|92/100
|-enditem|p1a: Chansey|Eviolite|[from] move: Knock Off|[of] p2a: Toxapex
|
|upkeep
|turn|12
|
|t:|1667155010
|switch|p2a: Darmanitan|Darmanitan-Galar, M, shiny|100/100
|move|p1a: Chansey|Stealth Rock|p2a: Darmanitan
|-sidestart|p2: Pikaslayer2001|move: Stealth Rock
|
|upkeep
|turn|13
|
|t:|1667155013
|switch|p1a: Toxapex|Toxapex, M|100/100 brn
|move|p2a: Darmanitan|U-turn|p1a: Toxapex
|-resisted|p1a: Toxapex
|-damage|p1a: Toxapex|90/100 brn
|
|t:|1667155019
|switch|p2a: Salamence|Salamence, M|100/100|[from]move: U-turn
|-damage|p2a: Salamence|76/100|[from] Stealth Rock
|
|-damage|p1a: Toxapex|83/100 brn|[from] brn
|upkeep
|turn|14
|
|t:|1667155027
|switch|p1a: Clefable|Clefable, F|100/100
|move|p2a: Salamence|Dragon Dance|p2a: Salamence
|-boost|p2a: Salamence|atk|1
|-boost|p2a: Salamence|spe|1
|
|upkeep
|turn|15
|
|t:|1667155031
|-start|p2a: Salamence|Dynamax|
|-heal|p2a: Salamence|76/100|[silent]
|move|p2a: Salamence|Max Airstream|p1a: Clefable
|-damage|p1a: Clefable|32/100
|-boost|p2a: Salamence|spe|1
|-damage|p2a: Salamence|71/100|[from] item: Life Orb
|move|p1a: Clefable|Moonblast|p2a: Salamence
|-supereffective|p2a: Salamence
|-damage|p2a: Salamence|31/100
|
|-heal|p1a: Clefable|38/100|[from] item: Leftovers
|upkeep
|turn|16
|
|t:|1667155041
|switch|p1a: Corviknight|Corviknight, F|100/100
|-ability|p1a: Corviknight|Pressure
|move|p2a: Salamence|Max Airstream|p1a: Corviknight
|-resisted|p1a: Corviknight
|-damage|p1a: Corviknight|63/100
|-boost|p2a: Salamence|spe|1
|-damage|p2a: Salamence|26/100|[from] item: Life Orb
|
|-heal|p1a: Corviknight|69/100|[from] item: Leftovers
|upkeep
|turn|17
|
|t:|1667155045
|move|p2a: Salamence|Max Flare|p1a: Corviknight
|-supereffective|p1a: Corviknight
|-damage|p1a: Corviknight|0 fnt
|-weather|SunnyDay
|faint|p1a: Corviknight
|-ability|p2a: Salamence|Moxie|boost
|-boost|p2a: Salamence|atk|1
|-damage|p2a: Salamence|21/100|[from] item: Life Orb
|
|-weather|SunnyDay|[upkeep]
|upkeep
|
|t:|1667155049
|switch|p1a: Quagsire|Quagsire, M|100/100
|-end|p2a: Salamence|Dynamax
|-heal|p2a: Salamence|22/100|[silent]
|turn|18
|
|t:|1667155055
|move|p2a: Salamence|Dual Wingbeat|p1a: Quagsire
|-damage|p1a: Quagsire|81/100
|-damage|p1a: Quagsire|62/100
|-hitcount|p1a: Quagsire|2
|-damage|p2a: Salamence|12/100|[from] item: Life Orb
|move|p1a: Quagsire|Curse|p1a: Quagsire
|-unboost|p1a: Quagsire|spe|1
|-boost|p1a: Quagsire|atk|1
|-boost|p1a: Quagsire|def|1
|
|-weather|SunnyDay|[upkeep]
|-heal|p1a: Quagsire|68/100|[from] item: Leftovers
|upkeep
|turn|19
|
|t:|1667155064
|move|p2a: Salamence|Dual Wingbeat|p1a: Quagsire
|-damage|p1a: Quagsire|54/100
|-damage|p1a: Quagsire|41/100
|-hitcount|p1a: Quagsire|2
|-damage|p2a: Salamence|2/100|[from] item: Life Orb
|move|p1a: Quagsire|Recover|p1a: Quagsire
|-heal|p1a: Quagsire|91/100
|
|-weather|SunnyDay|[upkeep]
|-heal|p1a: Quagsire|97/100|[from] item: Leftovers
|upkeep
|turn|20
|
|t:|1667155067
|move|p2a: Salamence|Dual Wingbeat|p1a: Quagsire
|-damage|p1a: Quagsire|84/100
|-damage|p1a: Quagsire|71/100
|-hitcount|p1a: Quagsire|2
|-damage|p2a: Salamence|0 fnt|[from] item: Life Orb
|faint|p2a: Salamence
|move|p1a: Quagsire|Recover|p1a: Quagsire
|-heal|p1a: Quagsire|100/100
|
|-weather|SunnyDay|[upkeep]
|upkeep
|
|t:|1667155069
|switch|p2a: Rotom|Rotom-Wash, shiny|71/100
|-damage|p2a: Rotom|59/100|[from] Stealth Rock
|turn|21
|
|t:|1667155075
|move|p2a: Rotom|Will-O-Wisp|p1a: Quagsire
|-status|p1a: Quagsire|brn
|move|p1a: Quagsire|Toxic|p2a: Rotom
|-status|p2a: Rotom|tox
|
|-weather|none
|-damage|p2a: Rotom|52/100 tox|[from] psn
|-damage|p1a: Quagsire|94/100 brn|[from] brn
|upkeep
|turn|22
|
|t:|1667155078
|move|p2a: Rotom|Defog|p1a: Quagsire
|-unboost|p1a: Quagsire|evasion|1
|-sideend|p2: Pikaslayer2001|Stealth Rock|[from] move: Defog|[of] p2a: Rotom
|move|p1a: Quagsire|Curse|p1a: Quagsire
|-unboost|p1a: Quagsire|spe|1
|-boost|p1a: Quagsire|atk|1
|-boost|p1a: Quagsire|def|1
|
|-heal|p1a: Quagsire|100/100 brn|[from] item: Leftovers
|-damage|p2a: Rotom|40/100 tox|[from] psn
|-damage|p1a: Quagsire|94/100 brn|[from] brn
|upkeep
|turn|23
|
|t:|1667155083
|move|p2a: Rotom|Hydro Pump|p1a: Quagsire
|-damage|p1a: Quagsire|49/100 brn
|move|p1a: Quagsire|Curse|p1a: Quagsire
|-unboost|p1a: Quagsire|spe|1
|-boost|p1a: Quagsire|atk|1
|-boost|p1a: Quagsire|def|1
|
|-heal|p1a: Quagsire|56/100 brn|[from] item: Leftovers
|-damage|p2a: Rotom|21/100 tox|[from] psn
|-damage|p1a: Quagsire|49/100 brn|[from] brn
|upkeep
|turn|24
|
|t:|1667155087
|switch|p2a: Gengar|Gengar-Mega, F, shiny|30/100
|move|p1a: Quagsire|Recover|p1a: Quagsire
|-heal|p1a: Quagsire|99/100 brn
|
|-heal|p1a: Quagsire|100/100 brn|[from] item: Leftovers
|-damage|p1a: Quagsire|94/100 brn|[from] brn
|upkeep
|turn|25
|
|t:|1667155090
|move|p2a: Gengar|Shadow Ball|p1a: Quagsire
|-damage|p1a: Quagsire|33/100 brn
|move|p1a: Quagsire|Earthquake|p2a: Gengar
|-supereffective|p2a: Gengar
|-damage|p2a: Gengar|0 fnt
|faint|p2a: Gengar
|
|-heal|p1a: Quagsire|40/100 brn|[from] item: Leftovers
|-damage|p1a: Quagsire|33/100 brn|[from] brn
|upkeep
|
|t:|1667155093
|switch|p2a: Rotom|Rotom-Wash, shiny|21/100 tox
|turn|26
|
|t:|1667155100
|switch|p1a: Chansey|Chansey, F|92/100
|move|p2a: Rotom|Hydro Pump|p1a: Chansey
|-damage|p1a: Chansey|73/100
|
|-damage|p2a: Rotom|15/100 tox|[from] psn
|upkeep
|turn|27
|
|t:|1667155102
|move|p2a: Rotom|Volt Switch|p1a: Chansey
|-damage|p1a: Chansey|62/100
|
|t:|1667155106
|switch|p2a: Weavile|Weavile, F|84/100|[from]move: Volt Switch
|-ability|p2a: Weavile|Pressure
|move|p1a: Chansey|Stealth Rock|p2a: Weavile
|-sidestart|p2: Pikaslayer2001|move: Stealth Rock
|
|upkeep
|turn|28
|
|t:|1667155113
|-activate|p1a: Chansey|move: Pursuit
|move|p2a: Weavile|Pursuit|p1a: Chansey|[from]Pursuit
|-damage|p1a: Chansey|9/100
|switch|p1a: Toxapex|Toxapex, M|100/100 brn
|
|-damage|p1a: Toxapex|94/100 brn|[from] brn
|upkeep
|turn|29
|
|t:|1667155133
|switch|p2a: Rotom|Rotom-Wash, shiny|15/100 tox
|-damage|p2a: Rotom|2/100 tox|[from] Stealth Rock
|move|p1a: Toxapex|Knock Off|p2a: Rotom
|-damage|p2a: Rotom|0 fnt
|faint|p2a: Rotom
|
|-damage|p1a: Toxapex|88/100 brn|[from] brn
|upkeep
|
|t:|1667155140
|switch|p2a: Toxapex|Toxapex, M|100/100
|-damage|p2a: Toxapex|88/100|[from] Stealth Rock
|turn|30
|
|t:|1667155144
|switch|p1a: Quagsire|Quagsire, M|33/100 brn
|move|p2a: Toxapex|Knock Off|p1a: Quagsire
|-damage|p1a: Quagsire|23/100 brn
|-enditem|p1a: Quagsire|Leftovers|[from] move: Knock Off|[of] p2a: Toxapex
|
|-damage|p1a: Quagsire|17/100 brn|[from] brn
|upkeep
|turn|31
|
|t:|1667155146
|move|p2a: Toxapex|Scald|p1a: Quagsire
|-damage|p1a: Quagsire|0 fnt
|faint|p1a: Quagsire
|
|upkeep
|
|t:|1667155158
|switch|p1a: Wailord|Wailord, F|100/100
|turn|32
|
|t:|1667155162
|move|p1a: Wailord|Block|p2a: Toxapex
|-activate|p2a: Toxapex|trapped
|move|p2a: Toxapex|Scald|p1a: Wailord
|-resisted|p1a: Wailord
|-damage|p1a: Wailord|94/100
|
|-heal|p1a: Wailord|100/100|[from] item: Leftovers
|upkeep
|turn|33
|
|t:|1667155168
|move|p1a: Wailord|Soak|p2a: Toxapex
|-start|p2a: Toxapex|typechange|Water
|move|p2a: Toxapex|Knock Off|p1a: Wailord
|-damage|p1a: Wailord|84/100
|-enditem|p1a: Wailord|Leftovers|[from] move: Knock Off|[of] p2a: Toxapex
|
|upkeep
|turn|34
|
|t:|1667155174
|move|p1a: Wailord|Toxic|p2a: Toxapex
|-status|p2a: Toxapex|tox
|move|p2a: Toxapex|Scald|p1a: Wailord
|-resisted|p1a: Wailord
|-damage|p1a: Wailord|78/100
|
|-damage|p2a: Toxapex|82/100 tox|[from] psn
|upkeep
|turn|35
|
|t:|1667155180
|move|p1a: Wailord|Rest|p1a: Wailord
|-status|p1a: Wailord|slp|[from] move: Rest
|-heal|p1a: Wailord|100/100 slp|[silent]
|move|p2a: Toxapex|Scald|p1a: Wailord
|-resisted|p1a: Wailord
|-damage|p1a: Wailord|95/100 slp
|
|-damage|p2a: Toxapex|69/100 tox|[from] psn
|upkeep
|turn|36
|
|t:|1667155182
|cant|p1a: Wailord|slp
|move|p2a: Toxapex|Scald|p1a: Wailord
|-resisted|p1a: Wailord
|-damage|p1a: Wailord|89/100 slp
|
|-damage|p2a: Toxapex|50/100 tox|[from] psn
|upkeep
|turn|37
|
|t:|1667155187
|cant|p1a: Wailord|slp
|move|p2a: Toxapex|Recover|p2a: Toxapex
|-heal|p2a: Toxapex|100/100 tox
|
|-damage|p2a: Toxapex|75/100 tox|[from] psn
|upkeep
|turn|38
|
|t:|1667155190
|-curestatus|p1a: Wailord|slp|[msg]
|move|p1a: Wailord|Toxic|p2a: Toxapex
|-fail|p2a: Toxapex|tox
|move|p2a: Toxapex|Recover|p2a: Toxapex
|-heal|p2a: Toxapex|100/100 tox
|
|-damage|p2a: Toxapex|69/100 tox|[from] psn
|upkeep
|turn|39
|
|t:|1667155198
|move|p1a: Wailord|Toxic|p2a: Toxapex
|-fail|p2a: Toxapex|tox
|move|p2a: Toxapex|Recover|p2a: Toxapex
|-heal|p2a: Toxapex|100/100 tox
|
|-damage|p2a: Toxapex|63/100 tox|[from] psn
|upkeep
|turn|40
|
|t:|1667155202
|move|p1a: Wailord|Rest|p1a: Wailord
|-status|p1a: Wailord|slp|[from] move: Rest
|-heal|p1a: Wailord|100/100 slp|[silent]
|move|p2a: Toxapex|Recover|p2a: Toxapex
|-heal|p2a: Toxapex|100/100 tox
|
|-damage|p2a: Toxapex|57/100 tox|[from] psn
|upkeep
|turn|41
|
|t:|1667155204
|switch|p2a: Weavile|Weavile, F|84/100
|-damage|p2a: Weavile|59/100|[from] Stealth Rock
|-ability|p2a: Weavile|Pressure
|cant|p1a: Wailord|slp
|
|upkeep
|turn|42
|
|t:|1667155216
|switch|p1a: Toxapex|Toxapex, M|100/100 brn
|move|p2a: Weavile|Knock Off|p1a: Toxapex
|-damage|p1a: Toxapex|72/100 brn
|
|-damage|p1a: Toxapex|66/100 brn|[from] brn
|upkeep
|turn|43
|
|t:|1667155223
|move|p2a: Weavile|Knock Off|p1a: Toxapex
|-damage|p1a: Toxapex|35/100 brn
|move|p1a: Toxapex|Recover|p1a: Toxapex
|-heal|p1a: Toxapex|85/100 brn
|
|-damage|p1a: Toxapex|79/100 brn|[from] brn
|upkeep
|turn|44
|
|t:|1667155229
|move|p2a: Weavile|Knock Off|p1a: Toxapex
|-damage|p1a: Toxapex|52/100 brn
|move|p1a: Toxapex|Toxic Spikes|p2a: Weavile
|-sidestart|p2: Pikaslayer2001|move: Toxic Spikes
|
|-damage|p1a: Toxapex|46/100 brn|[from] brn
|upkeep
|turn|45
|
|t:|1667155234
|move|p2a: Weavile|Knock Off|p1a: Toxapex
|-damage|p1a: Toxapex|15/100 brn
|move|p1a: Toxapex|Recover|p1a: Toxapex
|-heal|p1a: Toxapex|65/100 brn
|
|-damage|p1a: Toxapex|58/100 brn|[from] brn
|upkeep
|turn|46
|
|t:|1667155237
|move|p2a: Weavile|Knock Off|p1a: Toxapex
|-damage|p1a: Toxapex|30/100 brn
|move|p1a: Toxapex|Recover|p1a: Toxapex
|-heal|p1a: Toxapex|80/100 brn
|
|-damage|p1a: Toxapex|74/100 brn|[from] brn
|upkeep
|turn|47
|
|t:|1667155243
|switch|p1a: Chansey|Chansey, F|9/100
|move|p2a: Weavile|Knock Off|p1a: Chansey
|-damage|p1a: Chansey|0 fnt
|faint|p1a: Chansey
|
|upkeep
|
|t:|1667155245
|switch|p1a: Clefable|Clefable, F|38/100
|turn|48
|
|t:|1667155248
|switch|p2a: Darmanitan|Darmanitan-Galar, M, shiny|100/100
|-damage|p2a: Darmanitan|76/100|[from] Stealth Rock
|-status|p2a: Darmanitan|psn
|move|p1a: Clefable|Wish|p1a: Clefable
|
|-heal|p1a: Clefable|44/100|[from] item: Leftovers
|-damage|p2a: Darmanitan|63/100 psn|[from] psn
|upkeep
|turn|49
|
|t:|1667155256
|move|p1a: Clefable|Protect|p1a: Clefable
|-singleturn|p1a: Clefable|Protect
|move|p2a: Darmanitan|U-turn|p1a: Clefable
|-activate|p1a: Clefable|move: Protect
|
|-heal|p1a: Clefable|94/100|[from] move: Wish|[wisher] Clefable
|-heal|p1a: Clefable|99/100|[from] item: Leftovers
|-damage|p2a: Darmanitan|51/100 psn|[from] psn
|upkeep
|turn|50
|
|t:|1667155283
|switch|p2a: Toxapex|Toxapex, M|90/100 tox
|-damage|p2a: Toxapex|77/100 tox|[from] Stealth Rock
|-sideend|p2: Pikaslayer2001|move: Toxic Spikes|[of] p2a: Toxapex
|move|p1a: Clefable|Wish|p1a: Clefable
|
|-heal|p1a: Clefable|100/100|[from] item: Leftovers
|-damage|p2a: Toxapex|71/100 tox|[from] psn
|upkeep
|turn|51
|
|t:|1667155296
|switch|p2a: Darmanitan|Darmanitan-Galar, M, shiny|51/100 psn
|-damage|p2a: Darmanitan|26/100 psn|[from] Stealth Rock
|move|p1a: Clefable|Moonblast|p2a: Darmanitan
|-damage|p2a: Darmanitan|0 fnt
|faint|p2a: Darmanitan
|
|upkeep
|
|t:|1667155299
|switch|p2a: Weavile|Weavile, F|59/100
|-damage|p2a: Weavile|34/100|[from] Stealth Rock
|-ability|p2a: Weavile|Pressure
|turn|52
|
|t:|1667155301
|move|p2a: Weavile|Triple Axel|p1a: Clefable
|-damage|p1a: Clefable|89/100
|-damage|p1a: Clefable|65/100
|-damage|p1a: Clefable|29/100
|-hitcount|p1a: Clefable|3
|move|p1a: Clefable|Moonblast|p2a: Weavile
|-supereffective|p2a: Weavile
|-damage|p2a: Weavile|0 fnt
|faint|p2a: Weavile
|
|-heal|p1a: Clefable|35/100|[from] item: Leftovers
|upkeep
|
|t:|1667155304
|switch|p2a: Toxapex|Toxapex, M|100/100 tox
|-damage|p2a: Toxapex|88/100 tox|[from] Stealth Rock
|turn|53
|
|t:|1667155307
|move|p1a: Clefable|Wish|p1a: Clefable
|move|p2a: Toxapex|Knock Off|p1a: Clefable
|-resisted|p1a: Clefable
|-damage|p1a: Clefable|30/100
|-enditem|p1a: Clefable|Leftovers|[from] move: Knock Off|[of] p2a: Toxapex
|
|-damage|p2a: Toxapex|82/100 tox|[from] psn
|upkeep
|turn|54
|
|t:|1667155310
|move|p1a: Clefable|Protect|p1a: Clefable
|-singleturn|p1a: Clefable|Protect
|move|p2a: Toxapex|Scald|p1a: Clefable
|-activate|p1a: Clefable|move: Protect
|
|-heal|p1a: Clefable|80/100|[from] move: Wish|[wisher] Clefable
|-damage|p2a: Toxapex|69/100 tox|[from] psn
|upkeep
|turn|55
|
|t:|1667155313
|move|p1a: Clefable|Moonblast|p2a: Toxapex
|-resisted|p2a: Toxapex
|-damage|p2a: Toxapex|59/100 tox
|-unboost|p2a: Toxapex|spa|1
|move|p2a: Toxapex|Scald|p1a: Clefable
|-damage|p1a: Clefable|64/100
|
|-damage|p2a: Toxapex|40/100 tox|[from] psn
|upkeep
|turn|56
|
|t:|1667155316
|move|p1a: Clefable|Moonblast|p2a: Toxapex
|-resisted|p2a: Toxapex
|-damage|p2a: Toxapex|30/100 tox
|move|p2a: Toxapex|Scald|p1a: Clefable
|-damage|p1a: Clefable|48/100
|
|-damage|p2a: Toxapex|5/100 tox|[from] psn
|upkeep
|turn|57
|
|t:|1667155318
|move|p1a: Clefable|Moonblast|p2a: Toxapex
|-resisted|p2a: Toxapex
|-damage|p2a: Toxapex|0 fnt
|faint|p2a: Toxapex
|
|win|KeldeoCrowned
|l|☆Pikaslayer2001
|j|☆Pikaslayer2001
|player|p2|Pikaslayer2001|brendan-contest
