|j|☆ImAbroom
|j|☆cromagnet
|inactive|Battle timer is ON: inactive players will automatically lose when time's up.
|t:|1651260396
|gametype|singles
|player|p1|ImAbroom|red|
|player|p2|cromagnet|#cromagnet|
|teamsize|p1|6
|teamsize|p2|6
|gen|8
|tier|[Gen 8] National Dex AG
|rated|Tournament battle
|rule|HP Percentage Mod: HP is shown in percentages
|rule|Endless Battle Clause: Forcing endless battles is banned
|clearpoke
|poke|p1|Rayquaza|
|poke|p1|Xerneas-*|
|poke|p1|Zacian-*|
|poke|p1|Zygarde|
|poke|p1|Groudon|
|poke|p1|Ho-Oh|
|poke|p2|Rayquaza|
|poke|p2|Yveltal|
|poke|p2|Arceus-*|
|poke|p2|Arceus-*|
|poke|p2|Necrozma-Dusk-Mane|
|poke|p2|Calyrex-Shadow|
|teampreview
|j| Kishou the Badger
|c|☆cromagnet|hf
|j| Odins will
|j| Xaolong
|
|t:|1651260404
|start
|switch|p1a: Upper Moon 3|Zacian-Crowned|100/100
|switch|p2a: Arceus|Arceus-Ground|100/100
|-ability|p1a: Upper Moon 3|Intrepid Sword|boost
|-boost|p1a: Upper Moon 3|atk|1
|turn|1
|j| skylink42\
|
|t:|1651260410
|switch|p1a: Upper Moon 6|Ho-Oh|100/100
|move|p2a: Arceus|Stealth Rock|p1a: Upper Moon 6
|-sidestart|p1: ImAbroom|move: Stealth Rock
|
|upkeep
|turn|2
|
|t:|1651260413
|move|p2a: Arceus|Toxic|p1a: Upper Moon 6
|-status|p1a: Upper Moon 6|tox
|move|p1a: Upper Moon 6|Toxic|p2a: Arceus
|-status|p2a: Arceus|tox
|
|-damage|p2a: Arceus|94/100 tox|[from] psn
|-damage|p1a: Upper Moon 6|94/100 tox|[from] psn
|upkeep
|turn|3
|
|t:|1651260422
|move|p2a: Arceus|Magic Coat|p2a: Arceus
|-singleturn|p2a: Arceus|move: Magic Coat
|move|p1a: Upper Moon 6|Defog|p2a: Arceus
|move|p2a: Arceus|Defog|p1a: Upper Moon 6|[from]Magic Coat
|-unboost|p1a: Upper Moon 6|evasion|1
|-sideend|p1: ImAbroom|Stealth Rock|[from] move: Defog|[of] p2a: Arceus
|
|-damage|p2a: Arceus|82/100 tox|[from] psn
|-damage|p1a: Upper Moon 6|82/100 tox|[from] psn
|upkeep
|turn|4
|
|t:|1651260428
|move|p2a: Arceus|Stealth Rock|p1a: Upper Moon 6
|-sidestart|p1: ImAbroom|move: Stealth Rock
|move|p1a: Upper Moon 6|Defog|p2a: Arceus
|-unboost|p2a: Arceus|evasion|1
|-sideend|p1: ImAbroom|Stealth Rock|[from] move: Defog|[of] p1a: Upper Moon 6
|
|-damage|p2a: Arceus|64/100 tox|[from] psn
|-damage|p1a: Upper Moon 6|64/100 tox|[from] psn
|upkeep
|turn|5
|
|t:|1651260432
|switch|p1a: Upper Moon 3|Zacian-Crowned|100/100
|-ability|p1a: Upper Moon 3|Intrepid Sword|boost
|-boost|p1a: Upper Moon 3|atk|1
|move|p2a: Arceus|Stealth Rock|p1a: Upper Moon 3
|-sidestart|p1: ImAbroom|move: Stealth Rock
|
|-damage|p2a: Arceus|40/100 tox|[from] psn
|upkeep
|turn|6
|
|t:|1651260435
|move|p1a: Upper Moon 3|Behemoth Blade|p2a: Arceus
|-damage|p2a: Arceus|0 fnt
|faint|p2a: Arceus
|
|upkeep
|
|t:|1651260437
|switch|p2a: Necrozma|Necrozma-Dusk-Mane|100/100
|turn|7
|
|t:|1651260441
|switch|p1a: Upper Moon 4|Zygarde|100/100
|-damage|p1a: Upper Moon 4|94/100|[from] Stealth Rock
|move|p2a: Necrozma|Dragon Dance|p2a: Necrozma
|-boost|p2a: Necrozma|atk|1
|-boost|p2a: Necrozma|spe|1
|
|-heal|p1a: Upper Moon 4|100/100|[from] item: Leftovers
|upkeep
|turn|8
|
|t:|1651260456
|switch|p2a: Rayquaza|Rayquaza|100/100
|-ability|p2a: Rayquaza|Air Lock
|move|p1a: Upper Moon 4|Glare|p2a: Rayquaza
|-status|p2a: Rayquaza|par
|
|upkeep
|turn|9
|
|t:|1651260459
|switch|p1a: Upper Moon 6|Ho-Oh|98/100 tox
|detailschange|p2a: Rayquaza|Rayquaza-Mega
|-mega|p2a: Rayquaza|Rayquaza|
|-weather|DeltaStream|[from] ability: Delta Stream|[of] p2a: Rayquaza
|move|p2a: Rayquaza|Dragon Dance|p2a: Rayquaza
|-boost|p2a: Rayquaza|atk|1
|-boost|p2a: Rayquaza|spe|1
|
|-weather|DeltaStream|[upkeep]
|-damage|p1a: Upper Moon 6|92/100 tox|[from] psn
|upkeep
|turn|10
|
|t:|1651260467
|switch|p1a: Upper Moon 4|Zygarde|100/100
|-damage|p1a: Upper Moon 4|94/100|[from] Stealth Rock
|move|p2a: Rayquaza|Dragon Ascent|p1a: Upper Moon 4
|-damage|p1a: Upper Moon 4|13/100
|-unboost|p2a: Rayquaza|def|1
|-unboost|p2a: Rayquaza|spd|1
|
|-weather|DeltaStream|[upkeep]
|-heal|p1a: Upper Moon 4|19/100|[from] item: Leftovers
|-activate|p1a: Upper Moon 4|ability: Power Construct
|detailschange|p1a: Upper Moon 4|Zygarde-Complete
|-heal|p1a: Upper Moon 4|47/100|[silent]
|upkeep
|turn|11
|
|t:|1651260472
|cant|p2a: Rayquaza|par
|move|p1a: Upper Moon 4|Thousand Arrows|p2a: Rayquaza
|-damage|p2a: Rayquaza|60/100 par
|-start|p2a: Rayquaza|Smack Down
|
|-weather|DeltaStream|[upkeep]
|-heal|p1a: Upper Moon 4|53/100|[from] item: Leftovers
|upkeep
|turn|12
|
|t:|1651260481
|cant|p2a: Rayquaza|par
|move|p1a: Upper Moon 4|Dragon Dance|p1a: Upper Moon 4
|-boost|p1a: Upper Moon 4|atk|1
|-boost|p1a: Upper Moon 4|spe|1
|
|-weather|DeltaStream|[upkeep]
|-heal|p1a: Upper Moon 4|59/100|[from] item: Leftovers
|upkeep
|turn|13
|
|t:|1651260484
|move|p1a: Upper Moon 4|Thousand Arrows|p2a: Rayquaza
|-damage|p2a: Rayquaza|0 fnt
|faint|p2a: Rayquaza
|-weather|none
|
|-heal|p1a: Upper Moon 4|65/100|[from] item: Leftovers
|upkeep
|j| hjksgdf
|
|t:|1651260489
|switch|p2a: Yveltal|Yveltal|100/100
|-ability|p2a: Yveltal|Dark Aura
|turn|14
|
|t:|1651260495
|-start|p2a: Yveltal|Dynamax|
|-heal|p2a: Yveltal|100/100|[silent]
|move|p1a: Upper Moon 4|Glare|p2a: Yveltal
|-status|p2a: Yveltal|par
|move|p2a: Yveltal|Max Airstream|p1a: Upper Moon 4
|-damage|p1a: Upper Moon 4|9/100
|-boost|p2a: Yveltal|spe|1
|-damage|p2a: Yveltal|96/100 par|[from] item: Life Orb
|
|-heal|p1a: Upper Moon 4|15/100|[from] item: Leftovers
|upkeep
|turn|15
|
|t:|1651260498
|move|p1a: Upper Moon 4|Thousand Arrows|p2a: Yveltal
|-damage|p2a: Yveltal|74/100 par
|-start|p2a: Yveltal|Smack Down
|move|p2a: Yveltal|Max Airstream|p1a: Upper Moon 4
|-damage|p1a: Upper Moon 4|0 fnt
|-boost|p2a: Yveltal|spe|1
|faint|p1a: Upper Moon 4
|-damage|p2a: Yveltal|69/100 par|[from] item: Life Orb
|
|upkeep
|
|t:|1651260502
|switch|p1a: Upper Moon 6|Ho-Oh|100/100 tox
|turn|16
|
|t:|1651260506
|cant|p2a: Yveltal|par
|move|p1a: Upper Moon 6|Defog|p2a: Yveltal
|-unboost|p2a: Yveltal|evasion|1
|-sideend|p1: ImAbroom|Stealth Rock|[from] move: Defog|[of] p1a: Upper Moon 6
|
|-damage|p1a: Upper Moon 6|94/100 tox|[from] psn
|upkeep
|-end|p2a: Yveltal|Dynamax
|-heal|p2a: Yveltal|69/100 par|[silent]
|turn|17
|
|t:|1651260509
|move|p2a: Yveltal|Oblivion Wing|p1a: Upper Moon 6
|-damage|p1a: Upper Moon 6|60/100 tox
|-heal|p2a: Yveltal|97/100 par|[from] drain|[of] p1a: Upper Moon 6
|-damage|p2a: Yveltal|87/100 par|[from] item: Life Orb
|move|p1a: Upper Moon 6|Sacred Fire|p2a: Yveltal
|-damage|p2a: Yveltal|49/100 par
|
|-damage|p1a: Upper Moon 6|48/100 tox|[from] psn
|upkeep
|turn|18
|c|☆cromagnet|man
|
|t:|1651260516
|move|p2a: Yveltal|Heat Wave|p1a: Upper Moon 6|[miss]
|-miss|p2a: Yveltal|p1a: Upper Moon 6
|move|p1a: Upper Moon 6|Sacred Fire|p2a: Yveltal
|-damage|p2a: Yveltal|11/100 par
|
|-damage|p1a: Upper Moon 6|30/100 tox|[from] psn
|upkeep
|turn|19
|
|t:|1651260520
|cant|p2a: Yveltal|par
|move|p1a: Upper Moon 6|Toxic||[still]
|-fail|p1a: Upper Moon 6
|
|-damage|p1a: Upper Moon 6|6/100 tox|[from] psn
|upkeep
|turn|20
|
|t:|1651260523
|move|p2a: Yveltal|Heat Wave|p1a: Upper Moon 6
|-resisted|p1a: Upper Moon 6
|-damage|p1a: Upper Moon 6|0 fnt
|faint|p1a: Upper Moon 6
|-damage|p2a: Yveltal|1/100 par|[from] item: Life Orb
|
|upkeep
|c| Kishou the Badger|when you think about it, Zygarde complete is kind of a dynamax too
|
|t:|1651260532
|switch|p1a: Upper Moon 2|Xerneas|100/100
|-ability|p1a: Upper Moon 2|Fairy Aura
|turn|21
|
|t:|1651260535
|cant|p2a: Yveltal|par
|move|p1a: Upper Moon 2|Geomancy||[still]
|-prepare|p1a: Upper Moon 2|Geomancy
|-enditem|p1a: Upper Moon 2|Power Herb
|-anim|p1a: Upper Moon 2|Geomancy|p1a: Upper Moon 2
|-boost|p1a: Upper Moon 2|spa|2
|-boost|p1a: Upper Moon 2|spd|2
|-boost|p1a: Upper Moon 2|spe|2
|
|upkeep
|turn|22
|c| Kishou the Badger|just... more of a prototype
|c|☆cromagnet|bro
|c|☆cromagnet|why
|c|☆cromagnet|are you getting
|c|☆cromagnet|every
|c|☆cromagnet|para
|
|t:|1651260546
|cant|p2a: Yveltal|par
|move|p1a: Upper Moon 2|Moonblast|p2a: Yveltal
|-supereffective|p2a: Yveltal
|-damage|p2a: Yveltal|0 fnt
|faint|p2a: Yveltal
|
|upkeep
|c| hjksgdf|the broom
|
|t:|1651260554
|switch|p2a: Arceus|Arceus|100/100
|turn|23
|c|☆ImAbroom|Hue hue
|
|t:|1651260559
|-start|p1a: Upper Moon 2|Dynamax|
|-heal|p1a: Upper Moon 2|100/100|[silent]
|move|p2a: Arceus|Extreme Speed|p1a: Upper Moon 2
|-damage|p1a: Upper Moon 2|83/100
|move|p1a: Upper Moon 2|Max Starfall|p2a: Arceus
|-damage|p2a: Arceus|0 fnt
|-fieldstart|move: Misty Terrain
|faint|p2a: Arceus
|
|upkeep
|c|☆cromagnet|g
|c|☆cromagnet|g
|
|t:|1651260566
|switch|p2a: Calyrex|Calyrex-Shadow|100/100
|-ability|p2a: Calyrex|As One
|-ability|p2a: Calyrex|Unnerve
|turn|24
|c|☆ImAbroom|I'm sorry-
|
|t:|1651260572
|move|p1a: Upper Moon 2|Max Starfall|p2a: Calyrex
|-damage|p2a: Calyrex|0 fnt
|faint|p2a: Calyrex
|
|upkeep
|
|t:|1651260574
|switch|p2a: Necrozma|Necrozma-Dusk-Mane|100/100
|turn|25
|
|t:|1651260578
|detailschange|p2a: Necrozma|Necrozma-Ultra
|-burst|p2a: Necrozma|Necrozma|Ultranecrozium Z
|move|p1a: Upper Moon 2|Max Flare|p2a: Necrozma
|-resisted|p2a: Necrozma
|-damage|p2a: Necrozma|64/100
|-weather|SunnyDay
|move|p2a: Necrozma|Dragon Dance|p2a: Necrozma
|-boost|p2a: Necrozma|atk|1
|-boost|p2a: Necrozma|spe|1
|
|-weather|SunnyDay|[upkeep]
|upkeep
|-end|p1a: Upper Moon 2|Dynamax
|-heal|p1a: Upper Moon 2|83/100|[silent]
|turn|26
|c| Kishou the Badger|them's the rng breaks
|c|☆cromagnet|wait
|c|☆cromagnet|why
|c|☆cromagnet|am i so slow
|c|☆cromagnet|?????
|c|☆ImAbroom|:0
|c|☆cromagnet|this is
|inactive|cromagnet has 120 seconds left.
|c|☆cromagnet|such a bad set
|c|☆cromagnet|LOL
|
|t:|1651260610
|move|p1a: Upper Moon 2|Moonblast|p2a: Necrozma
|-supereffective|p2a: Necrozma
|-crit|p2a: Necrozma
|-damage|p2a: Necrozma|0 fnt
|faint|p2a: Necrozma
|
|win|ImAbroom
|n|☆ImAbroom|imabroom
|n|☆cromagnet|cromagnet
|n| Kishou the Badger|kishouthebadger
|n| Odins will|odinswill
|n| Xaolong|xaolong
|n| skylink42\|skylink42
|n| hjksgdf|hjksgdf
