|j|☆Anna moshi
|j|☆TwTv Bepersch
|t:|1654519611
|gametype|singles
|player|p1|Anna moshi|irida|1652
|player|p2|TwTv Bepersch|marnie|1668
|teamsize|p1|6
|teamsize|p2|6
|gen|8
|tier|[Gen 8] National Dex AG
|rated|
|rule|HP Percentage Mod: HP is shown in percentages
|rule|Endless Battle Clause: Forcing endless battles is banned
|clearpoke
|poke|p1|Deoxys-Speed|
|poke|p1|Marshadow|
|poke|p1|Zacian-*|
|poke|p1|Calyrex-Shadow|
|poke|p1|Yveltal|
|poke|p1|Ditto|
|poke|p2|Yveltal|
|poke|p2|Zacian-*|
|poke|p2|Ditto|
|poke|p2|Calyrex-Shadow|
|poke|p2|Marshadow|
|poke|p2|Deoxys-Speed|
|teampreview
|inactive|Battle timer is ON: inactive players will automatically lose when time's up. (requested by Anna moshi)
|j| Lance's Time
|c|☆TwTv Bepersch|LOL
|c|☆Anna moshi|...
|c| Lance's Time|o_O
|inactive|TwTv Bepersch has 120 seconds left.
|
|t:|1654519649
|start
|switch|p1a: Deoxys|Deoxys-Speed|100/100
|switch|p2a: Deoxys|Deoxys-Speed|100/100
|-ability|p2a: Deoxys|Pressure
|-ability|p1a: Deoxys|Pressure
|turn|1
|j| Wurst Jonny
|c|☆Anna moshi|How many time have we met
|c| Lance's Time|good teams...
|c| Wurst Jonny|o_O
|
|t:|1654519661
|move|p1a: Deoxys|Magic Coat|p1a: Deoxys
|-singleturn|p1a: Deoxys|move: Magic Coat
|move|p2a: Deoxys|Taunt|p1a: Deoxys
|move|p1a: Deoxys|Taunt|p2a: Deoxys|[from]Magic Coat
|-start|p2a: Deoxys|move: Taunt
|
|upkeep
|turn|2
|
|t:|1654519671
|move|p1a: Deoxys|Stealth Rock|p2a: Deoxys
|-sidestart|p2: TwTv Bepersch|move: Stealth Rock
|move|p2a: Deoxys|Knock Off|p1a: Deoxys
|-supereffective|p1a: Deoxys
|-damage|p1a: Deoxys|44/100
|-enditem|p1a: Deoxys|Focus Sash|[from] move: Knock Off|[of] p2a: Deoxys
|
|upkeep
|turn|3
|
|t:|1654519686
|move|p2a: Deoxys|Knock Off|p1a: Deoxys
|-supereffective|p1a: Deoxys
|-damage|p1a: Deoxys|7/100
|move|p1a: Deoxys|Knock Off|p2a: Deoxys
|-supereffective|p2a: Deoxys
|-damage|p2a: Deoxys|52/100
|-enditem|p2a: Deoxys|Focus Sash|[from] move: Knock Off|[of] p1a: Deoxys
|
|upkeep
|turn|4
|
|t:|1654519696
|move|p2a: Deoxys|Knock Off|p1a: Deoxys
|-supereffective|p1a: Deoxys
|-damage|p1a: Deoxys|0 fnt
|faint|p1a: Deoxys
|
|-end|p2a: Deoxys|move: Taunt
|upkeep
|
|t:|1654519705
|switch|p1a: Marshadow|Marshadow|100/100
|turn|5
|
|t:|1654519708
|switch|p2a: Yveltal|Yveltal|100/100
|-damage|p2a: Yveltal|76/100|[from] Stealth Rock
|-ability|p2a: Yveltal|Dark Aura
|move|p1a: Marshadow|Shadow Sneak|p2a: Yveltal
|-resisted|p2a: Yveltal
|-damage|p2a: Yveltal|60/100
|
|upkeep
|turn|6
|
|t:|1654519712
|move|p1a: Marshadow|Rock Tomb|p2a: Yveltal
|-supereffective|p2a: Yveltal
|-damage|p2a: Yveltal|1/100
|-unboost|p2a: Yveltal|spe|1
|move|p2a: Yveltal|Oblivion Wing|p1a: Marshadow
|-supereffective|p1a: Marshadow
|-enditem|p1a: Marshadow|Focus Sash
|-damage|p1a: Marshadow|1/100
|-heal|p2a: Yveltal|62/100|[from] drain|[of] p1a: Marshadow
|-damage|p2a: Yveltal|52/100|[from] item: Life Orb
|
|upkeep
|turn|7
|
|t:|1654519722
|move|p2a: Yveltal|Sucker Punch|p1a: Marshadow
|-damage|p1a: Marshadow|0 fnt
|faint|p1a: Marshadow
|-damage|p2a: Yveltal|42/100|[from] item: Life Orb
|
|upkeep
|
|t:|1654519727
|switch|p1a: Yveltal|Yveltal|100/100
|-ability|p1a: Yveltal|Dark Aura
|turn|8
|
|t:|1654519731
|-start|p1a: Yveltal|Dynamax|
|-heal|p1a: Yveltal|100/100|[silent]
|move|p1a: Yveltal|Max Airstream|p2a: Yveltal
|-damage|p2a: Yveltal|0 fnt
|-boost|p1a: Yveltal|spe|1
|faint|p2a: Yveltal
|-damage|p1a: Yveltal|96/100|[from] item: Life Orb
|
|upkeep
|
|t:|1654519738
|switch|p2a: Ditto|Ditto|100/100
|-damage|p2a: Ditto|88/100|[from] Stealth Rock
|-transform|p2a: Ditto|p1a: Yveltal|[from] ability: Imposter
|-ability|p2a: Ditto|Dark Aura
|turn|9
|c| Wurst Jonny|rano
|
|t:|1654519757
|-start|p2a: Ditto|Dynamax|
|-heal|p2a: Ditto|88/100|[silent]
|move|p2a: Ditto|Max Airstream|p1a: Yveltal
|-damage|p1a: Yveltal|63/100
|-boost|p2a: Ditto|spe|1
|move|p1a: Yveltal|Max Airstream|p2a: Ditto
|-damage|p2a: Ditto|40/100
|-boost|p1a: Yveltal|spe|1
|-damage|p1a: Yveltal|58/100|[from] item: Life Orb
|
|upkeep
|turn|10
|c| Wurst Jonny|di fue ze Luf
|
|t:|1654519776
|move|p2a: Ditto|Max Airstream|p1a: Yveltal
|-damage|p1a: Yveltal|30/100
|-boost|p2a: Ditto|spe|1
|move|p1a: Yveltal|Max Airstream|p2a: Ditto
|-damage|p2a: Ditto|0 fnt
|-boost|p1a: Yveltal|spe|1
|faint|p2a: Ditto
|-damage|p1a: Yveltal|25/100|[from] item: Life Orb
|
|upkeep
|
|t:|1654519780
|switch|p2a: Zacian|Zacian-Crowned|100/100
|-damage|p2a: Zacian|94/100|[from] Stealth Rock
|-ability|p2a: Zacian|Intrepid Sword|boost
|-boost|p2a: Zacian|atk|1
|-end|p1a: Yveltal|Dynamax
|-heal|p1a: Yveltal|25/100|[silent]
|turn|11
|
|t:|1654519797
|move|p1a: Yveltal|Heat Wave|p2a: Zacian
|-supereffective|p2a: Zacian
|-damage|p2a: Zacian|0 fnt
|faint|p2a: Zacian
|-damage|p1a: Yveltal|15/100|[from] item: Life Orb
|
|upkeep
|
|t:|1654519807
|switch|p2a: Marshadow|Marshadow|100/100
|turn|12
|
|t:|1654519811
|move|p1a: Yveltal|Oblivion Wing|p2a: Marshadow
|-supereffective|p2a: Marshadow
|-damage|p2a: Marshadow|0 fnt
|-heal|p1a: Yveltal|76/100|[from] drain|[of] p2a: Marshadow
|faint|p2a: Marshadow
|-damage|p1a: Yveltal|66/100|[from] item: Life Orb
|
|upkeep
|-message|TwTv Bepersch forfeited.
|
|win|Anna moshi
|raw|Anna moshi's rating: 1652 &rarr; <strong>1673</strong><br />(+21 for winning)
|raw|TwTv Bepersch's rating: 1668 &rarr; <strong>1647</strong><br />(-21 for losing)
|l|☆TwTv Bepersch
|c|☆Anna moshi|gg
|l|☆Anna moshi
