|j|☆Hogwashimperial
|j|☆wHoAt
|player|p1|Hogwashimperial|swimmer-gen4|1482
|player|p2|wHoAt|depotagent|1339
|teamsize|p1|6
|teamsize|p2|6
|gametype|singles
|gen|8
|tier|[Gen 8] National Dex AG
|rated|
|clearpoke
|poke|p1|Rayquaza|
|poke|p1|Zacian-Crowned|
|poke|p1|Groudon|
|poke|p1|Smeargle, F|
|poke|p1|Necrozma-Dusk-Mane|
|poke|p1|Zygarde|
|poke|p2|Scizor, F|
|poke|p2|Garchomp, M|
|poke|p2|Tyranitar, M|
|poke|p2|Silvally-*|
|poke|p2|Zekrom|
|poke|p2|Gyarados, M|
|rule|HP Percentage Mod: HP is shown in percentages
|rule|Endless Battle Clause: Forcing endless battles is banned
|teampreview
|
|start
|switch|p1a: Groudon|Groudon|100/100
|switch|p2a: Tyranitar|Tyranitar, M|100/100
|-weather|Sandstorm|[from] ability: Sand Stream|[of] p2a: Tyranitar
|-item|p2a: Tyranitar|Air Balloon
|detailschange|p1a: Groudon|Groudon-Primal
|-primal|p1a: Groudon
|-weather|DesolateLand|[from] ability: Desolate Land|[of] p1a: Groudon
|turn|1
|inactive|Battle timer is ON: inactive players will automatically lose when time's up. (requested by Hogwashimperial)
|
|switch|p2a: Gyarados|Gyarados, M, shiny|100/100
|-ability|p2a: Gyarados|Intimidate|boost
|-unboost|p1a: Groudon|atk|1
|move|p1a: Groudon|Eruption|p2a: Gyarados
|-resisted|p2a: Gyarados
|-damage|p2a: Gyarados|43/100
|
|-weather|DesolateLand|[upkeep]
|-heal|p2a: Gyarados|49/100|[from] item: Leftovers
|upkeep
|turn|2
|
|move|p2a: Gyarados|Earthquake|p1a: Groudon
|-supereffective|p1a: Groudon
|-damage|p1a: Groudon|68/100
|move|p1a: Groudon|Solar Beam||[still]
|-prepare|p1a: Groudon|Solar Beam|p2a: Gyarados
|-anim|p1a: Groudon|Solar Beam|p2a: Gyarados
|-damage|p2a: Gyarados|2/100
|
|-weather|DesolateLand|[upkeep]
|-heal|p2a: Gyarados|8/100|[from] item: Leftovers
|upkeep
|turn|3
|
|move|p2a: Gyarados|Earthquake|p1a: Groudon
|-supereffective|p1a: Groudon
|-damage|p1a: Groudon|36/100
|move|p1a: Groudon|Solar Beam||[still]
|-prepare|p1a: Groudon|Solar Beam|p2a: Gyarados
|-anim|p1a: Groudon|Solar Beam|p2a: Gyarados
|-damage|p2a: Gyarados|0 fnt
|faint|p2a: Gyarados
|
|-weather|DesolateLand|[upkeep]
|upkeep
|
|switch|p2a: Silvally|Silvally, shiny|100/100
|turn|4
|inactive|Hogwashimperial has 120 seconds left.
|
|move|p2a: Silvally|Flame Charge|p1a: Groudon
|-resisted|p1a: Groudon
|-damage|p1a: Groudon|30/100
|-boost|p2a: Silvally|spe|1
|move|p1a: Groudon|Stealth Rock|p2a: Silvally
|-sidestart|p2: wHoAt|move: Stealth Rock
|
|-weather|DesolateLand|[upkeep]
|upkeep
|turn|5
|
|move|p2a: Silvally|Swords Dance|p2a: Silvally
|-boost|p2a: Silvally|atk|2
|move|p1a: Groudon|Earth Power|p2a: Silvally
|-damage|p2a: Silvally|35/100
|
|-weather|DesolateLand|[upkeep]
|upkeep
|turn|6
|
|move|p2a: Silvally|Multi-Attack|p1a: Groudon
|-damage|p1a: Groudon|0 fnt
|faint|p1a: Groudon
|-weather|none
|
|upkeep
|inactive|Hogwashimperial has 90 seconds left.
|
|switch|p1a: Zygarde|Zygarde|100/100
|turn|7
|
|-zpower|p2a: Silvally
|move|p2a: Silvally|Breakneck Blitz|p1a: Zygarde|[zeffect]
|-damage|p1a: Zygarde|0 fnt
|faint|p1a: Zygarde
|
|upkeep
|inactive|Hogwashimperial has 90 seconds left.
|inactive|Hogwashimperial has 60 seconds left.
|
|switch|p1a: Necrozma|Necrozma-Dusk-Mane|100/100
|turn|8
|
|move|p2a: Silvally|Defog|p1a: Necrozma
|-unboost|p1a: Necrozma|evasion|1
|-sideend|p2: wHoAt|Stealth Rock|[from] move: Defog|[of] p2a: Silvally
|move|p1a: Necrozma|Autotomize|p1a: Necrozma
|-boost|p1a: Necrozma|spe|2
|-start|p1a: Necrozma|Autotomize
|
|upkeep
|turn|9
|inactive|Hogwashimperial has 60 seconds left.
|
|move|p2a: Silvally|Multi-Attack|p1a: Necrozma
|-resisted|p1a: Necrozma
|-damage|p1a: Necrozma|63/100
|move|p1a: Necrozma|Sunsteel Strike|p2a: Silvally
|-damage|p2a: Silvally|0 fnt
|faint|p2a: Silvally
|
|upkeep
|
|switch|p2a: Scizor|Scizor, F|100/100
|turn|10
|inactive|Hogwashimperial has 60 seconds left.
|
|detailschange|p2a: Scizor|Scizor-Mega, F
|-mega|p2a: Scizor|Scizor|Scizorite
|-start|p1a: Necrozma|Dynamax
|-heal|p1a: Necrozma|63/100|[silent]
|move|p1a: Necrozma|Max Quake|p2a: Scizor
|-damage|p2a: Scizor|56/100
|-boost|p1a: Necrozma|spd|1
|move|p2a: Scizor|Swords Dance|p2a: Scizor
|-boost|p2a: Scizor|atk|2
|
|upkeep
|turn|11
|inactive|wHoAt has 120 seconds left.
|
|move|p1a: Necrozma|Max Steelspike|p2a: Scizor
|-resisted|p2a: Scizor
|-damage|p2a: Scizor|25/100
|-boost|p1a: Necrozma|def|1
|move|p2a: Scizor|Roost|p2a: Scizor
|-heal|p2a: Scizor|75/100
|-singleturn|p2a: Scizor|move: Roost
|
|upkeep
|turn|12
|inactive|wHoAt has 120 seconds left.
|
|move|p1a: Necrozma|Max Steelspike|p2a: Scizor
|-resisted|p2a: Scizor
|-damage|p2a: Scizor|40/100
|-boost|p1a: Necrozma|def|1
|move|p2a: Scizor|Roost|p2a: Scizor
|-heal|p2a: Scizor|90/100
|-singleturn|p2a: Scizor|move: Roost
|
|-end|p1a: Necrozma|Dynamax
|-heal|p1a: Necrozma|63/100|[silent]
|upkeep
|turn|13
|inactive|wHoAt has 120 seconds left.
|
|move|p1a: Necrozma|Earthquake|p2a: Scizor
|-crit|p2a: Scizor
|-damage|p2a: Scizor|40/100
|move|p2a: Scizor|Swords Dance|p2a: Scizor
|-boost|p2a: Scizor|atk|2
|
|upkeep
|turn|14
|inactive|wHoAt has 120 seconds left.
|inactive|Hogwashimperial has 30 seconds left.
|inactive|Hogwashimperial has 20 seconds left.
|inactive|Hogwashimperial has 15 seconds left.
|
|move|p1a: Necrozma|Earthquake|p2a: Scizor
|-damage|p2a: Scizor|5/100
|move|p2a: Scizor|Roost|p2a: Scizor
|-heal|p2a: Scizor|56/100
|-singleturn|p2a: Scizor|move: Roost
|
|upkeep
|turn|15
|inactive|Hogwashimperial has 25 seconds left this turn.
|inactive|Hogwashimperial has 20 seconds left.
|inactive|wHoAt has 120 seconds left.
|c|☆Hogwashimperial|gudge
|c|☆Hogwashimperial|fudge
|
|move|p1a: Necrozma|Earthquake|p2a: Scizor
|-damage|p2a: Scizor|21/100
|move|p2a: Scizor|Roost|p2a: Scizor
|-heal|p2a: Scizor|71/100
|-singleturn|p2a: Scizor|move: Roost
|
|upkeep
|turn|16
|inactive|Hogwashimperial has 30 seconds left this turn.
|inactive|wHoAt has 120 seconds left.
|
|move|p2a: Scizor|Bullet Punch|p1a: Necrozma
|-resisted|p1a: Necrozma
|-damage|p1a: Necrozma|45/100
|move|p1a: Necrozma|Earthquake|p2a: Scizor
|-damage|p2a: Scizor|40/100
|
|upkeep
|turn|17
|c|☆Hogwashimperial|...
|c|☆Hogwashimperial|ur 3x attack
|inactive|wHoAt has 120 seconds left.
|c|☆Hogwashimperial|and u cant kill me
|
|move|p1a: Necrozma|Earthquake|p2a: Scizor
|-damage|p2a: Scizor|8/100
|move|p2a: Scizor|Roost|p2a: Scizor
|-heal|p2a: Scizor|58/100
|-singleturn|p2a: Scizor|move: Roost
|
|upkeep
|turn|18
|
|move|p1a: Necrozma|Earthquake|p2a: Scizor
|-damage|p2a: Scizor|27/100
|move|p2a: Scizor|U-turn|p1a: Necrozma
|-damage|p1a: Necrozma|0 fnt
|faint|p1a: Necrozma
|c|☆Hogwashimperial|wtf
|
|switch|p2a: Tyranitar|Tyranitar, M|100/100|[from]move: U-turn
|-weather|Sandstorm|[from] ability: Sand Stream|[of] p2a: Tyranitar
|-item|p2a: Tyranitar|Air Balloon
|
|-weather|Sandstorm|[upkeep]
|upkeep
|inactive|Hogwashimperial has 30 seconds left.
|inactive|Hogwashimperial has 20 seconds left.
|
|switch|p1a: Zacian|Zacian-Crowned|100/100
|-ability|p1a: Zacian|Intrepid Sword|boost
|-boost|p1a: Zacian|atk|1
|turn|19
|inactive|Hogwashimperial has 30 seconds left this turn.
|c|☆Hogwashimperial|sweeperrr
|c|☆Hogwashimperial|HES A SWEEEPER
|inactive|wHoAt has 120 seconds left.
|c|☆Hogwashimperial|HESS A SWEEEEEEEPER
|c|☆Hogwashimperial|gg
|
|switch|p2a: Garchomp|Garchomp, M|100/100
|move|p1a: Zacian|Play Rough|p2a: Garchomp
|-supereffective|p2a: Garchomp
|-damage|p2a: Garchomp|0 fnt
|faint|p2a: Garchomp
|
|-weather|Sandstorm|[upkeep]
|upkeep
|c|☆Hogwashimperial|...
|c|☆Hogwashimperial|nicep lay
|inactive|wHoAt has 90 seconds left.
|
|switch|p2a: Scizor|Scizor-Mega, F|27/100
|turn|20
|
|move|p2a: Scizor|Bullet Punch|p1a: Zacian
|-damage|p1a: Zacian|65/100
|move|p1a: Zacian|Crunch|p2a: Scizor
|-damage|p2a: Scizor|0 fnt
|faint|p2a: Scizor
|
|-weather|Sandstorm|[upkeep]
|upkeep
|c|☆Hogwashimperial|sweppppppppppppper
|c|☆Hogwashimperial|lmaoooooooooooooooooooooooooo
|
|switch|p2a: Zekrom|Zekrom, shiny|100/100
|-ability|p2a: Zekrom|Teravolt
|turn|21
|inactive|wHoAt has 90 seconds left.
|
|move|p1a: Zacian|Play Rough|p2a: Zekrom
|-supereffective|p2a: Zekrom
|-damage|p2a: Zekrom|0 fnt
|faint|p2a: Zekrom
|
|-weather|Sandstorm|[upkeep]
|upkeep
|c|☆Hogwashimperial|SWEEEEEEEEEEEEEEEEPER
|-message|wHoAt forfeited.
|
|win|Hogwashimperial
|l|☆wHoAt
|raw|Hogwashimperial's rating: 1482 &rarr; <strong>1494</strong><br />(+12 for winning)
|raw|wHoAt's rating: 1339 &rarr; <strong>1326</strong><br />(-13 for losing)
