|j|☆ImAbroom
|j|☆darkmonita567
|t:|1608587895
|player|p1|ImAbroom|red|
|player|p2|darkmonita567|madame-gen4dp|
|teamsize|p1|6
|teamsize|p2|6
|gametype|singles
|gen|8
|tier|[Gen 8] National Dex AG
|rated|Tournament battle
|clearpoke
|poke|p1|Rayquaza|
|poke|p1|Xerneas|
|poke|p1|Zacian-Crowned|
|poke|p1|Zygarde|
|poke|p1|Groudon|
|poke|p1|Ho-Oh|
|poke|p2|Rayquaza|
|poke|p2|Necrozma-Dusk-Mane|
|poke|p2|Arceus-*|
|poke|p2|Arceus-*|
|poke|p2|Arceus-*|
|poke|p2|Groudon|
|rule|HP Percentage Mod: HP is shown in percentages
|rule|Endless Battle Clause: Forcing endless battles is banned
|teampreview
|inactive|Battle timer is ON: inactive players will automatically lose when time's up. (requested by ImAbroom)
|
|t:|1608587905
|start
|switch|p1a: Upper Moon 4|Zygarde|100/100
|switch|p2a: Arceus|Arceus-Water|100/100
|turn|1
|
|t:|1608587914
|switch|p1a: Upper Moon 5|Groudon|100/100
|detailschange|p1a: Upper Moon 5|Groudon-Primal
|-primal|p1a: Upper Moon 5
|-weather|DesolateLand|[from] ability: Desolate Land|[of] p1a: Upper Moon 5
|move|p2a: Arceus|Toxic|p1a: Upper Moon 5
|-status|p1a: Upper Moon 5|tox
|
|-weather|DesolateLand|[upkeep]
|-damage|p1a: Upper Moon 5|94/100 tox|[from] psn
|upkeep
|turn|2
|
|t:|1608587926
|move|p2a: Arceus|Toxic|p1a: Upper Moon 5
|-fail|p1a: Upper Moon 5|tox
|move|p1a: Upper Moon 5|Rock Tomb|p2a: Arceus
|-damage|p2a: Arceus|86/100
|-unboost|p2a: Arceus|spe|1
|
|-weather|DesolateLand|[upkeep]
|-damage|p1a: Upper Moon 5|82/100 tox|[from] psn
|upkeep
|turn|3
|j| 1VIC ALRIGHT
|
|t:|1608587932
|move|p1a: Upper Moon 5|Stealth Rock|p2a: Arceus
|-sidestart|p2: darkmonita567|move: Stealth Rock
|move|p2a: Arceus|Recover|p2a: Arceus
|-heal|p2a: Arceus|100/100
|
|-weather|DesolateLand|[upkeep]
|-damage|p1a: Upper Moon 5|64/100 tox|[from] psn
|upkeep
|turn|4
|
|t:|1608587937
|-weather|none
|switch|p1a: Upper Moon 2|Xerneas|100/100
|-ability|p1a: Upper Moon 2|Fairy Aura
|move|p2a: Arceus|Toxic|p1a: Upper Moon 2
|-status|p1a: Upper Moon 2|tox
|
|-damage|p1a: Upper Moon 2|94/100 tox|[from] psn
|upkeep
|turn|5
|
|t:|1608587940
|move|p1a: Upper Moon 2|Geomancy||[still]
|-prepare|p1a: Upper Moon 2|Geomancy
|-enditem|p1a: Upper Moon 2|Power Herb
|-anim|p1a: Upper Moon 2|Geomancy|p1a: Upper Moon 2
|-boost|p1a: Upper Moon 2|spa|2
|-boost|p1a: Upper Moon 2|spd|2
|-boost|p1a: Upper Moon 2|spe|2
|move|p2a: Arceus|Defog|p1a: Upper Moon 2
|-unboost|p1a: Upper Moon 2|evasion|1
|-sideend|p2: darkmonita567|Stealth Rock|[from] move: Defog|[of] p2a: Arceus
|
|-damage|p1a: Upper Moon 2|82/100 tox|[from] psn
|upkeep
|turn|6
|
|t:|1608587946
|switch|p2a: Groudon|Groudon|100/100
|detailschange|p2a: Groudon|Groudon-Primal
|-primal|p2a: Groudon
|-weather|DesolateLand|[from] ability: Desolate Land|[of] p2a: Groudon
|-start|p1a: Upper Moon 2|Dynamax
|-heal|p1a: Upper Moon 2|82/100 tox|[silent]
|move|p1a: Upper Moon 2|Max Starfall|p2a: Groudon
|-resisted|p2a: Groudon
|-damage|p2a: Groudon|33/100
|-fieldstart|move: Misty Terrain
|
|-weather|DesolateLand|[upkeep]
|-damage|p1a: Upper Moon 2|72/100 tox|[from] psn
|upkeep
|turn|7
|
|t:|1608587949
|move|p1a: Upper Moon 2|Max Starfall|p2a: Groudon
|-resisted|p2a: Groudon
|-damage|p2a: Groudon|0 fnt
|faint|p2a: Groudon
|-weather|none
|
|-damage|p1a: Upper Moon 2|60/100 tox|[from] psn
|upkeep
|
|t:|1608587951
|switch|p2a: Necrozma|Necrozma-Dusk-Mane|100/100
|turn|8
|
|t:|1608587954
|-start|p2a: Necrozma|Dynamax
|-heal|p2a: Necrozma|100/100|[silent]
|move|p2a: Necrozma|Max Guard|p2a: Necrozma
|-singleturn|p2a: Necrozma|Max Guard
|move|p1a: Upper Moon 2|Max Lightning|p2a: Necrozma
|-activate|p2a: Necrozma|move: Max Guard
|
|-damage|p1a: Upper Moon 2|44/100 tox|[from] psn
|-end|p1a: Upper Moon 2|Dynamax
|-heal|p1a: Upper Moon 2|44/100 tox|[silent]
|upkeep
|turn|9
|
|t:|1608587967
|switch|p1a: Upper Moon 4|Zygarde|100/100
|move|p2a: Necrozma|Max Steelspike|p1a: Upper Moon 4
|-damage|p1a: Upper Moon 4|68/100
|-boost|p2a: Necrozma|def|1
|
|-heal|p1a: Upper Moon 4|74/100|[from] item: Leftovers
|upkeep
|turn|10
|
|t:|1608587972
|move|p1a: Upper Moon 4|Substitute|p1a: Upper Moon 4
|-start|p1a: Upper Moon 4|Substitute
|-damage|p1a: Upper Moon 4|49/100
|move|p2a: Necrozma|Max Steelspike|p1a: Upper Moon 4
|-end|p1a: Upper Moon 4|Substitute
|-boost|p2a: Necrozma|def|1
|
|-heal|p1a: Upper Moon 4|55/100|[from] item: Leftovers
|-fieldend|Misty Terrain
|-end|p2a: Necrozma|Dynamax
|-heal|p2a: Necrozma|100/100|[silent]
|upkeep
|turn|11
|
|t:|1608587978
|switch|p2a: Arceus|Arceus-Dark|100/100
|move|p1a: Upper Moon 4|Glare|p2a: Arceus
|-status|p2a: Arceus|par
|
|-heal|p1a: Upper Moon 4|61/100|[from] item: Leftovers
|upkeep
|turn|12
|
|t:|1608587987
|move|p1a: Upper Moon 4|Substitute|p1a: Upper Moon 4
|-start|p1a: Upper Moon 4|Substitute
|-damage|p1a: Upper Moon 4|37/100
|move|p2a: Arceus|Refresh|p2a: Arceus
|-curestatus|p2a: Arceus|par|[msg]
|
|-heal|p1a: Upper Moon 4|43/100|[from] item: Leftovers
|-activate|p1a: Upper Moon 4|ability: Power Construct
|detailschange|p1a: Upper Moon 4|Zygarde-Complete
|-heal|p1a: Upper Moon 4|62/100|[silent]
|upkeep
|turn|13
|j|%Nevelle
|
|t:|1608587991
|move|p2a: Arceus|Judgment|p1a: Upper Moon 4
|-end|p1a: Upper Moon 4|Substitute
|move|p1a: Upper Moon 4|Glare|p2a: Arceus
|-status|p2a: Arceus|par
|
|-heal|p1a: Upper Moon 4|69/100|[from] item: Leftovers
|upkeep
|turn|14
|
|t:|1608587995
|switch|p1a: Upper Moon 2|Xerneas|44/100 tox
|-ability|p1a: Upper Moon 2|Fairy Aura
|move|p2a: Arceus|Judgment|p1a: Upper Moon 2
|-resisted|p1a: Upper Moon 2
|-damage|p1a: Upper Moon 2|23/100 tox
|
|-damage|p1a: Upper Moon 2|17/100 tox|[from] psn
|upkeep
|turn|15
|
|t:|1608588000
|switch|p2a: Necrozma|Necrozma-Dusk-Mane|100/100
|move|p1a: Upper Moon 2|Thunder|p2a: Necrozma
|-damage|p2a: Necrozma|65/100
|
|-damage|p1a: Upper Moon 2|5/100 tox|[from] psn
|upkeep
|turn|16
|
|t:|1608588004
|move|p1a: Upper Moon 2|Thunder|p2a: Necrozma
|-damage|p2a: Necrozma|31/100
|move|p2a: Necrozma|Moonlight|p2a: Necrozma
|-heal|p2a: Necrozma|81/100
|
|-damage|p1a: Upper Moon 2|0 fnt|[from] psn
|faint|p1a: Upper Moon 2
|upkeep
|
|t:|1608588012
|switch|p1a: Upper Moon 3|Zacian-Crowned|100/100
|-ability|p1a: Upper Moon 3|Intrepid Sword|boost
|-boost|p1a: Upper Moon 3|atk|1
|turn|17
|
|t:|1608588020
|switch|p1a: Upper Moon 5|Groudon-Primal|64/100 tox
|-weather|DesolateLand|[from] ability: Desolate Land|[of] p1a: Upper Moon 5
|move|p2a: Necrozma|Thunder Wave|p1a: Upper Moon 5
|-immune|p1a: Upper Moon 5
|
|-weather|DesolateLand|[upkeep]
|-damage|p1a: Upper Moon 5|57/100 tox|[from] psn
|upkeep
|turn|18
|
|t:|1608588028
|switch|p2a: Rayquaza|Rayquaza|100/100
|-ability|p2a: Rayquaza|Air Lock
|move|p1a: Upper Moon 5|Precipice Blades|p2a: Rayquaza
|-immune|p2a: Rayquaza
|
|-weather|DesolateLand|[upkeep]
|-damage|p1a: Upper Moon 5|45/100 tox|[from] psn
|upkeep
|turn|19
|
|t:|1608588034
|detailschange|p2a: Rayquaza|Rayquaza-Mega
|-mega|p2a: Rayquaza|Rayquaza|
|-weather|DeltaStream|[from] ability: Delta Stream|[of] p2a: Rayquaza
|move|p2a: Rayquaza|Dragon Ascent|p1a: Upper Moon 5
|-damage|p1a: Upper Moon 5|0 fnt
|-unboost|p2a: Rayquaza|def|1
|-unboost|p2a: Rayquaza|spd|1
|-damage|p2a: Rayquaza|91/100|[from] item: Life Orb
|faint|p1a: Upper Moon 5
|
|-weather|DeltaStream|[upkeep]
|upkeep
|
|t:|1608588040
|switch|p1a: Upper Moon 3|Zacian-Crowned|100/100
|-ability|p1a: Upper Moon 3|Intrepid Sword|boost
|-boost|p1a: Upper Moon 3|atk|1
|turn|20
|
|t:|1608588043
|-weather|none
|switch|p2a: Necrozma|Necrozma-Dusk-Mane|81/100
|move|p1a: Upper Moon 3|Behemoth Blade|p2a: Necrozma
|-resisted|p2a: Necrozma
|-damage|p2a: Necrozma|56/100
|-damage|p1a: Upper Moon 3|84/100|[from] item: Rocky Helmet|[of] p2a: Necrozma
|
|upkeep
|turn|21
|
|t:|1608588046
|move|p1a: Upper Moon 3|Focus Energy|p1a: Upper Moon 3
|-start|p1a: Upper Moon 3|move: Focus Energy
|move|p2a: Necrozma|Moonlight|p2a: Necrozma
|-heal|p2a: Necrozma|100/100
|
|upkeep
|turn|22
|
|t:|1608588048
|move|p1a: Upper Moon 3|Crunch|p2a: Necrozma
|-supereffective|p2a: Necrozma
|-crit|p2a: Necrozma
|-damage|p2a: Necrozma|41/100
|-damage|p1a: Upper Moon 3|67/100|[from] item: Rocky Helmet|[of] p2a: Necrozma
|move|p2a: Necrozma|Thunder Wave|p1a: Upper Moon 3
|-status|p1a: Upper Moon 3|par
|
|upkeep
|turn|23
|
|t:|1608588052
|cant|p1a: Upper Moon 3|par
|move|p2a: Necrozma|Moonlight|p2a: Necrozma
|-heal|p2a: Necrozma|91/100
|
|upkeep
|turn|24
|
|t:|1608588057
|move|p1a: Upper Moon 3|Crunch|p2a: Necrozma
|-supereffective|p2a: Necrozma
|-crit|p2a: Necrozma
|-damage|p2a: Necrozma|33/100
|-damage|p1a: Upper Moon 3|51/100 par|[from] item: Rocky Helmet|[of] p2a: Necrozma
|move|p2a: Necrozma|Sunsteel Strike|p1a: Upper Moon 3
|-damage|p1a: Upper Moon 3|2/100 par
|
|upkeep
|turn|25
|
|t:|1608588062
|move|p1a: Upper Moon 3|Crunch|p2a: Necrozma
|-supereffective|p2a: Necrozma
|-crit|p2a: Necrozma
|-damage|p2a: Necrozma|0 fnt
|-damage|p1a: Upper Moon 3|0 fnt|[from] item: Rocky Helmet|[of] p2a: Necrozma
|faint|p2a: Necrozma
|faint|p1a: Upper Moon 3
|
|upkeep
|
|t:|1608588072
|switch|p1a: Upper Moon 1|Rayquaza|100/100
|switch|p2a: Arceus|Arceus|100/100
|-ability|p1a: Upper Moon 1|Air Lock
|turn|26
|
|t:|1608588080
|switch|p1a: Upper Moon 4|Zygarde-Complete|69/100
|move|p2a: Arceus|Swords Dance|p2a: Arceus
|-boost|p2a: Arceus|atk|2
|
|-heal|p1a: Upper Moon 4|75/100|[from] item: Leftovers
|upkeep
|turn|27
|
|t:|1608588082
|move|p2a: Arceus|Magic Coat|p2a: Arceus
|-singleturn|p2a: Arceus|move: Magic Coat
|move|p1a: Upper Moon 4|Glare|p2a: Arceus
|move|p2a: Arceus|Glare|p1a: Upper Moon 4|[from]Magic Coat
|-status|p1a: Upper Moon 4|par
|
|-heal|p1a: Upper Moon 4|81/100 par|[from] item: Leftovers
|upkeep
|turn|28
|
|t:|1608588086
|move|p2a: Arceus|Swords Dance|p2a: Arceus
|-boost|p2a: Arceus|atk|2
|cant|p1a: Upper Moon 4|par
|
|-heal|p1a: Upper Moon 4|87/100 par|[from] item: Leftovers
|upkeep
|turn|29
|
|t:|1608588089
|move|p2a: Arceus|Extreme Speed|p1a: Upper Moon 4
|-damage|p1a: Upper Moon 4|27/100 par
|-damage|p2a: Arceus|91/100|[from] item: Life Orb
|cant|p1a: Upper Moon 4|par
|
|-heal|p1a: Upper Moon 4|34/100 par|[from] item: Leftovers
|upkeep
|turn|30
|c|☆darkmonita567|free
|
|t:|1608588096
|move|p2a: Arceus|Extreme Speed|p1a: Upper Moon 4
|-damage|p1a: Upper Moon 4|0 fnt
|-damage|p2a: Arceus|81/100|[from] item: Life Orb
|faint|p1a: Upper Moon 4
|
|upkeep
|
|t:|1608588098
|switch|p1a: Upper Moon 6|Ho-Oh|100/100
|turn|31
|
|t:|1608588100
|move|p2a: Arceus|Extreme Speed|p1a: Upper Moon 6
|-damage|p1a: Upper Moon 6|0 fnt
|-damage|p2a: Arceus|71/100|[from] item: Life Orb
|faint|p1a: Upper Moon 6
|
|upkeep
|
|t:|1608588103
|switch|p1a: Upper Moon 1|Rayquaza|100/100
|-ability|p1a: Upper Moon 1|Air Lock
|turn|32
|
|t:|1608588105
|detailschange|p1a: Upper Moon 1|Rayquaza-Mega
|-mega|p1a: Upper Moon 1|Rayquaza|
|-weather|DeltaStream|[from] ability: Delta Stream|[of] p1a: Upper Moon 1
|move|p2a: Arceus|Extreme Speed|p1a: Upper Moon 1
|-enditem|p1a: Upper Moon 1|Focus Sash
|-damage|p1a: Upper Moon 1|1/100
|-damage|p2a: Arceus|61/100|[from] item: Life Orb
|move|p1a: Upper Moon 1|Dragon Ascent|p2a: Arceus
|-damage|p2a: Arceus|3/100
|-unboost|p1a: Upper Moon 1|def|1
|-unboost|p1a: Upper Moon 1|spd|1
|
|-weather|DeltaStream|[upkeep]
|upkeep
|turn|33
|c| Kgb#35|ouch
|
|t:|1608588109
|move|p1a: Upper Moon 1|Extreme Speed|p2a: Arceus
|-damage|p2a: Arceus|0 fnt
|faint|p2a: Arceus
|
|-weather|DeltaStream|[upkeep]
|upkeep
|
|t:|1608588111
|switch|p2a: Rayquaza|Rayquaza-Mega|91/100
|turn|34
|
|t:|1608588113
|move|p2a: Rayquaza|Extreme Speed|p1a: Upper Moon 1
|-damage|p1a: Upper Moon 1|0 fnt
|-damage|p2a: Rayquaza|81/100|[from] item: Life Orb
|faint|p1a: Upper Moon 1
|
|win|darkmonita567
|n|☆ImAbroom|imabroom
|n|☆darkmonita567|darkmonita567
|n| 1VIC ALRIGHT|1vicalright
|n| Nevelle|nevelle
|n| Kgb#35|kgb35
|l|☆ImAbroom
|l| 1VIC ALRIGHT
