|j|☆Lasombralegendaria
|j|☆iHaveAsthma
|t:|1646234872
|gametype|singles
|player|p1|Lasombralegendaria|boarder-gen2|1829
|player|p2|iHaveAsthma|doctor|1905
|teamsize|p1|6
|teamsize|p2|6
|gen|8
|tier|[Gen 8] National Dex AG
|rated|
|rule|HP Percentage Mod: HP is shown in percentages
|rule|Endless Battle Clause: Forcing endless battles is banned
|clearpoke
|poke|p1|Deoxys-Speed|
|poke|p1|Arceus-*|
|poke|p1|Rayquaza|
|poke|p1|Zacian-*|
|poke|p1|Calyrex-Shadow|
|poke|p1|Yveltal|
|poke|p2|Rayquaza|
|poke|p2|Lugia|
|poke|p2|Calyrex-Shadow|
|poke|p2|Groudon|
|poke|p2|Arceus-*|
|poke|p2|Arceus-*|
|teampreview
|inactive|Battle timer is ON: inactive players will automatically lose when time's up. (requested by Lasombralegendaria)
|
|t:|1646234885
|start
|switch|p1a: Deoxys|Deoxys-Speed|100/100
|switch|p2a: Rayquaza|Rayquaza|100/100
|-ability|p1a: Deoxys|Pressure
|-ability|p2a: Rayquaza|Air Lock
|turn|1
|inactive|iHaveAsthma has 120 seconds left.
|
|t:|1646234917
|detailschange|p2a: Rayquaza|Rayquaza-Mega
|-mega|p2a: Rayquaza|Rayquaza|
|-weather|DeltaStream|[from] ability: Delta Stream|[of] p2a: Rayquaza
|move|p1a: Deoxys|Stealth Rock|p2a: Rayquaza
|-sidestart|p2: iHaveAsthma|move: Stealth Rock
|move|p2a: Rayquaza|Scale Shot|p1a: Deoxys
|-damage|p1a: Deoxys|79/100
|-damage|p1a: Deoxys|55/100
|-hitcount|p1a: Deoxys|2
|-unboost|p2a: Rayquaza|def|1
|-boost|p2a: Rayquaza|spe|1
|
|-weather|DeltaStream|[upkeep]
|upkeep
|turn|2
|inactive|iHaveAsthma has 120 seconds left.
|
|t:|1646234942
|move|p1a: Deoxys|Knock Off|p2a: Rayquaza
|-damage|p2a: Rayquaza|70/100
|-enditem|p2a: Rayquaza|Focus Sash|[from] move: Knock Off|[of] p1a: Deoxys
|move|p2a: Rayquaza|Dragon Ascent|p1a: Deoxys
|-damage|p1a: Deoxys|0 fnt
|-unboost|p2a: Rayquaza|def|1
|-unboost|p2a: Rayquaza|spd|1
|faint|p1a: Deoxys
|
|-weather|DeltaStream|[upkeep]
|upkeep
|
|t:|1646234954
|switch|p1a: Calyrex|Calyrex-Shadow|100/100
|-ability|p1a: Calyrex|As One
|-ability|p1a: Calyrex|Unnerve
|turn|3
|inactive|iHaveAsthma has 120 seconds left.
|
|t:|1646234975
|move|p1a: Calyrex|Astral Barrage|p2a: Rayquaza
|-damage|p2a: Rayquaza|0 fnt
|faint|p2a: Rayquaza
|-weather|none
|-ability|p1a: Calyrex|Grim Neigh|boost
|-boost|p1a: Calyrex|spa|1
|
|upkeep
|
|t:|1646234977
|switch|p2a: Lugia|Lugia|100/100
|turn|4
|
|t:|1646234980
|move|p1a: Calyrex|Astral Barrage|p2a: Lugia
|-supereffective|p2a: Lugia
|-damage|p2a: Lugia|46/100
|move|p2a: Lugia|Thunder Wave|p1a: Calyrex
|-status|p1a: Calyrex|par
|
|upkeep
|turn|5
|inactive|iHaveAsthma has 120 seconds left.
|
|t:|1646234992
|move|p1a: Calyrex|Astral Barrage|p2a: Lugia
|-supereffective|p2a: Lugia
|-damage|p2a: Lugia|0 fnt
|faint|p2a: Lugia
|-ability|p1a: Calyrex|Grim Neigh|boost
|-boost|p1a: Calyrex|spa|1
|
|upkeep
|
|t:|1646234997
|switch|p2a: Calyrex|Calyrex-Shadow|100/100
|-ability|p2a: Calyrex|As One
|-ability|p2a: Calyrex|Unnerve
|-damage|p2a: Calyrex|88/100|[from] Stealth Rock
|turn|6
|
|t:|1646235002
|switch|p1a: Yveltal|Yveltal|100/100
|-ability|p1a: Yveltal|Dark Aura
|move|p2a: Calyrex|Draining Kiss|p1a: Yveltal
|-supereffective|p1a: Yveltal
|-damage|p1a: Yveltal|61/100
|-heal|p2a: Calyrex|100/100|[from] drain|[of] p1a: Yveltal
|
|upkeep
|turn|7
|
|t:|1646235013
|-start|p1a: Yveltal|Dynamax
|-heal|p1a: Yveltal|61/100|[silent]
|move|p2a: Calyrex|Draining Kiss|p1a: Yveltal
|-supereffective|p1a: Yveltal
|-damage|p1a: Yveltal|42/100
|move|p1a: Yveltal|Max Airstream|p2a: Calyrex
|-enditem|p2a: Calyrex|Focus Sash
|-damage|p2a: Calyrex|1/100
|-boost|p1a: Yveltal|spe|1
|-damage|p1a: Yveltal|37/100|[from] item: Life Orb
|
|upkeep
|turn|8
|
|t:|1646235021
|move|p1a: Yveltal|Max Ooze|p2a: Calyrex
|-resisted|p2a: Calyrex
|-damage|p2a: Calyrex|0 fnt
|-boost|p1a: Yveltal|spa|1
|faint|p2a: Calyrex
|-damage|p1a: Yveltal|32/100|[from] item: Life Orb
|
|upkeep
|
|t:|1646235025
|switch|p2a: Arceus|Arceus-Flying|100/100
|-damage|p2a: Arceus|76/100|[from] Stealth Rock
|turn|9
|
|t:|1646235028
|-start|p2a: Arceus|Dynamax
|-heal|p2a: Arceus|76/100|[silent]
|move|p2a: Arceus|Max Guard|p2a: Arceus
|-singleturn|p2a: Arceus|Max Guard
|move|p1a: Yveltal|Max Darkness|p2a: Arceus
|-activate|p2a: Arceus|move: Max Guard
|
|-end|p1a: Yveltal|Dynamax
|-heal|p1a: Yveltal|32/100|[silent]
|upkeep
|turn|10
|
|t:|1646235033
|move|p1a: Yveltal|Dark Pulse|p2a: Arceus
|-damage|p2a: Arceus|35/100
|-damage|p1a: Yveltal|22/100|[from] item: Life Orb
|move|p2a: Arceus|Max Airstream|p1a: Yveltal
|-damage|p1a: Yveltal|0 fnt
|-boost|p2a: Arceus|spe|1
|faint|p1a: Yveltal
|
|upkeep
|
|t:|1646235037
|switch|p1a: Calyrex|Calyrex-Shadow|100/100 par
|-ability|p1a: Calyrex|As One
|-ability|p1a: Calyrex|Unnerve
|turn|11
|
|t:|1646235041
|move|p2a: Arceus|Max Quake|p1a: Calyrex
|-damage|p1a: Calyrex|45/100 par
|-boost|p2a: Arceus|spd|1
|move|p1a: Calyrex|Astral Barrage|p2a: Arceus
|-damage|p2a: Arceus|17/100
|
|-end|p2a: Arceus|Dynamax
|-heal|p2a: Arceus|17/100|[silent]
|upkeep
|turn|12
|
|t:|1646235043
|move|p2a: Arceus|Recover|p2a: Arceus
|-heal|p2a: Arceus|67/100
|move|p1a: Calyrex|Astral Barrage|p2a: Arceus
|-damage|p2a: Arceus|32/100
|
|upkeep
|turn|13
|
|t:|1646235047
|switch|p1a: Rayquaza|Rayquaza|100/100
|-ability|p1a: Rayquaza|Air Lock
|move|p2a: Arceus|Recover|p2a: Arceus
|-heal|p2a: Arceus|82/100
|
|upkeep
|turn|14
|
|t:|1646235050
|detailschange|p1a: Rayquaza|Rayquaza-Mega
|-mega|p1a: Rayquaza|Rayquaza|
|-weather|DeltaStream|[from] ability: Delta Stream|[of] p1a: Rayquaza
|move|p2a: Arceus|Fly||[still]
|-prepare|p2a: Arceus|Fly
|move|p1a: Rayquaza|Dragon Ascent|p2a: Arceus|[miss]
|-miss|p1a: Rayquaza|p2a: Arceus
|
|-weather|DeltaStream|[upkeep]
|upkeep
|turn|15
|
|t:|1646235068
|move|p2a: Arceus|Fly|p1a: Rayquaza|[from]lockedmove
|-damage|p1a: Rayquaza|46/100
|move|p1a: Rayquaza|Dragon Ascent|p2a: Arceus
|-crit|p2a: Arceus
|-damage|p2a: Arceus|0 fnt
|-unboost|p1a: Rayquaza|def|1
|-unboost|p1a: Rayquaza|spd|1
|faint|p2a: Arceus
|-damage|p1a: Rayquaza|36/100|[from] item: Life Orb
|
|-weather|DeltaStream|[upkeep]
|upkeep
|
|t:|1646235074
|switch|p2a: Arceus|Arceus-Ground|100/100
|-damage|p2a: Arceus|94/100|[from] Stealth Rock
|turn|16
|
|t:|1646235077
|-weather|none
|switch|p1a: Calyrex|Calyrex-Shadow|45/100 par
|-ability|p1a: Calyrex|As One
|-ability|p1a: Calyrex|Unnerve
|move|p2a: Arceus|Ice Beam|p1a: Calyrex
|-damage|p1a: Calyrex|19/100 par
|
|upkeep
|turn|17
|
|t:|1646235083
|move|p1a: Calyrex|Astral Barrage|p2a: Arceus
|-damage|p2a: Arceus|46/100
|move|p2a: Arceus|Calm Mind|p2a: Arceus
|-boost|p2a: Arceus|spa|1
|-boost|p2a: Arceus|spd|1
|
|upkeep
|turn|18
|
|t:|1646235088
|cant|p1a: Calyrex|par
|move|p2a: Arceus|Recover|p2a: Arceus
|-heal|p2a: Arceus|96/100
|
|upkeep
|turn|19
|
|t:|1646235102
|move|p1a: Calyrex|Astral Barrage|p2a: Arceus
|-damage|p2a: Arceus|61/100
|move|p2a: Arceus|Calm Mind|p2a: Arceus
|-boost|p2a: Arceus|spa|1
|-boost|p2a: Arceus|spd|1
|
|upkeep
|turn|20
|c|☆Lasombralegendaria|that looks bad
|
|t:|1646235105
|switch|p1a: Rayquaza|Rayquaza-Mega|36/100
|-weather|DeltaStream|[from] ability: Delta Stream|[of] p1a: Rayquaza
|move|p2a: Arceus|Recover|p2a: Arceus
|-heal|p2a: Arceus|100/100
|
|-weather|DeltaStream|[upkeep]
|upkeep
|turn|21
|c|☆iHaveAsthma|why?
|
|t:|1646235109
|move|p1a: Rayquaza|Extreme Speed|p2a: Arceus
|-damage|p2a: Arceus|76/100
|-damage|p1a: Rayquaza|26/100|[from] item: Life Orb
|move|p2a: Arceus|Ice Beam|p1a: Rayquaza
|-activate||deltastream
|-supereffective|p1a: Rayquaza
|-damage|p1a: Rayquaza|0 fnt
|faint|p1a: Rayquaza
|-weather|none
|
|upkeep
|c|☆Lasombralegendaria|my situation
|
|t:|1646235117
|switch|p1a: Zacian|Zacian-Crowned|100/100
|-ability|p1a: Zacian|Intrepid Sword|boost
|-boost|p1a: Zacian|atk|1
|turn|22
|
|t:|1646235120
|move|p1a: Zacian|Behemoth Blade|p2a: Arceus
|-damage|p2a: Arceus|28/100
|move|p2a: Arceus|Recover|p2a: Arceus
|-heal|p2a: Arceus|78/100
|
|upkeep
|turn|23
|
|t:|1646235126
|move|p1a: Zacian|Behemoth Blade|p2a: Arceus
|-damage|p2a: Arceus|23/100
|move|p2a: Arceus|Recover|p2a: Arceus
|-heal|p2a: Arceus|73/100
|
|upkeep
|turn|24
|
|t:|1646235129
|move|p1a: Zacian|Behemoth Blade|p2a: Arceus
|-damage|p2a: Arceus|23/100
|move|p2a: Arceus|Recover|p2a: Arceus
|-heal|p2a: Arceus|73/100
|
|upkeep
|turn|25
|c|☆Lasombralegendaria|uff
|
|t:|1646235140
|switch|p2a: Groudon|Groudon|100/100
|-damage|p2a: Groudon|94/100|[from] Stealth Rock
|detailschange|p2a: Groudon|Groudon-Primal
|-primal|p2a: Groudon
|-weather|DesolateLand|[from] ability: Desolate Land|[of] p2a: Groudon
|move|p1a: Zacian|Behemoth Blade|p2a: Groudon
|-resisted|p2a: Groudon
|-damage|p2a: Groudon|62/100
|
|-weather|DesolateLand|[upkeep]
|upkeep
|turn|26
|c|☆Lasombralegendaria|full defense and hp?
|
|t:|1646235145
|switch|p1a: Calyrex|Calyrex-Shadow|19/100 par
|-ability|p1a: Calyrex|As One
|-ability|p1a: Calyrex|Unnerve
|move|p2a: Groudon|Earth Power|p1a: Calyrex
|-damage|p1a: Calyrex|0 fnt
|faint|p1a: Calyrex
|
|-weather|DesolateLand|[upkeep]
|upkeep
|
|t:|1646235147
|switch|p1a: Arceus|Arceus-Ground|100/100
|turn|27
|
|t:|1646235150
|move|p1a: Arceus|Earthquake|p2a: Groudon
|-supereffective|p2a: Groudon
|-damage|p2a: Groudon|0 fnt
|faint|p2a: Groudon
|-weather|none
|
|upkeep
|
|t:|1646235152
|switch|p2a: Arceus|Arceus-Ground|73/100
|-damage|p2a: Arceus|67/100|[from] Stealth Rock
|turn|28
|
|t:|1646235155
|move|p1a: Arceus|Swords Dance|p1a: Arceus
|-boost|p1a: Arceus|atk|2
|move|p2a: Arceus|Recover|p2a: Arceus
|-heal|p2a: Arceus|100/100
|
|upkeep
|turn|29
|
|t:|1646235158
|move|p1a: Arceus|Earthquake|p2a: Arceus
|-damage|p2a: Arceus|41/100
|move|p2a: Arceus|Calm Mind|p2a: Arceus
|-boost|p2a: Arceus|spa|1
|-boost|p2a: Arceus|spd|1
|
|upkeep
|turn|30
|c|☆iHaveAsthma|gg wp
|
|t:|1646235163
|move|p1a: Arceus|Earthquake|p2a: Arceus
|-damage|p2a: Arceus|0 fnt
|faint|p2a: Arceus
|
|win|Lasombralegendaria
|raw|Lasombralegendaria's rating: 1829 &rarr; <strong>1853</strong><br />(+24 for winning)
|raw|iHaveAsthma's rating: 1905 &rarr; <strong>1881</strong><br />(-24 for losing)
|c|☆Lasombralegendaria|gg
|l|☆iHaveAsthma
|c|☆Lasombralegendaria|you too
