|j|☆Glaliegoesboom ❤
|j|☆Takemitchy-kun
|t:|1661256121
|gametype|singles
|player|p1|Glaliegoesboom ❤|cynthia-masters|
|player|p2|Takemitchy-kun|lance-masters|
|teamsize|p1|6
|teamsize|p2|6
|gen|8
|tier|[Gen 8] National Dex AG
|rule|HP Percentage Mod: HP is shown in percentages
|rule|Endless Battle Clause: Forcing endless battles is banned
|clearpoke
|poke|p1|Celesteela|
|poke|p1|Diancie|
|poke|p1|Marshadow|
|poke|p1|Groudon|
|poke|p1|Giratina|
|poke|p1|Urshifu-*, M|
|poke|p2|Tapu Koko|
|poke|p2|Arcanine, M|
|poke|p2|Marshadow|
|poke|p2|Groudon|
|poke|p2|Zamazenta-*|
|poke|p2|Dragonite, F|
|teampreview
|inactive|Battle timer is ON: inactive players will automatically lose when time's up. (requested by Glaliegoesboom ❤)
|inactive|Takemitchy-kun also wants the timer to be on.
|
|t:|1661256127
|start
|switch|p1a: Groudon|Groudon|100/100
|switch|p2a: Groudon|Groudon|100/100
|-weather|SunnyDay|[from] ability: Drought|[of] p2a: Groudon
|turn|1
|
|t:|1661256131
|move|p2a: Groudon|Stealth Rock|p1a: Groudon
|-sidestart|p1: Glaliegoesboom ❤|move: Stealth Rock
|move|p1a: Groudon|Solar Beam||[still]
|-prepare|p1a: Groudon|Solar Beam
|-anim|p1a: Groudon|Solar Beam|p2a: Groudon
|-supereffective|p2a: Groudon
|-damage|p2a: Groudon|48/100
|
|-weather|SunnyDay|[upkeep]
|-heal|p2a: Groudon|54/100|[from] item: Leftovers
|upkeep
|turn|2
|
|t:|1661256145
|move|p2a: Groudon|Lava Plume|p1a: Groudon
|-damage|p1a: Groudon|88/100
|move|p1a: Groudon|Solar Beam||[still]
|-prepare|p1a: Groudon|Solar Beam
|-anim|p1a: Groudon|Solar Beam|p2a: Groudon
|-supereffective|p2a: Groudon
|-damage|p2a: Groudon|0 fnt
|faint|p2a: Groudon
|
|-weather|SunnyDay|[upkeep]
|upkeep
|
|t:|1661256159
|switch|p2a: Dragonite|Dragonite, F|100/100
|turn|3
|l|☆Takemitchy-kun
|inactive|Takemitchy-kun disconnected and has 300 seconds to reconnect!
|player|p2|
|j|☆Takemitchy-kun
|inactive|Takemitchy-kun reconnected and has 290 seconds left.
|player|p2|Takemitchy-kun|lance-masters
|
|t:|1661256175
|move|p2a: Dragonite|Dragon Dance|p2a: Dragonite
|-boost|p2a: Dragonite|atk|1
|-boost|p2a: Dragonite|spe|1
|move|p1a: Groudon|Dragon Tail|p2a: Dragonite
|-supereffective|p2a: Dragonite
|-damage|p2a: Dragonite|79/100
|drag|p2a: Tapu Koko|Tapu Koko|100/100
|-fieldstart|move: Electric Terrain|[from] ability: Electric Surge|[of] p2a: Tapu Koko
|
|-weather|SunnyDay|[upkeep]
|upkeep
|turn|4
|
|t:|1661256180
|move|p2a: Tapu Koko|Substitute|p2a: Tapu Koko
|-start|p2a: Tapu Koko|Substitute
|-damage|p2a: Tapu Koko|76/100
|move|p1a: Groudon|Earthquake|p2a: Tapu Koko
|-supereffective|p2a: Tapu Koko
|-end|p2a: Tapu Koko|Substitute
|
|-weather|SunnyDay|[upkeep]
|upkeep
|turn|5
|
|t:|1661256184
|switch|p2a: Arcanine|Arcanine, M|100/100
|-ability|p2a: Arcanine|Intimidate|boost
|-unboost|p1a: Groudon|atk|1
|-item|p2a: Arcanine|Air Balloon
|move|p1a: Groudon|Earthquake|p2a: Arcanine
|-immune|p2a: Arcanine
|
|-weather|none
|upkeep
|turn|6
|
|t:|1661256190
|switch|p1a: Giratina|Giratina|100/100
|-damage|p1a: Giratina|88/100|[from] Stealth Rock
|-ability|p1a: Giratina|Pressure
|move|p2a: Arcanine|Flare Blitz|p1a: Giratina
|-resisted|p1a: Giratina
|-damage|p1a: Giratina|79/100
|-damage|p2a: Arcanine|97/100|[from] Recoil
|
|upkeep
|turn|7
|
|t:|1661256195
|move|p1a: Giratina|Toxic|p2a: Arcanine
|-status|p2a: Arcanine|tox
|move|p2a: Arcanine|Teleport|p2a: Arcanine
|
|t:|1661256199
|switch|p2a: Tapu Koko|Tapu Koko|76/100|[from]move: Teleport
|
|-fieldend|move: Electric Terrain
|upkeep
|turn|8
|
|t:|1661256206
|move|p2a: Tapu Koko|Dazzling Gleam|p1a: Giratina
|-supereffective|p1a: Giratina
|-enditem|p1a: Giratina|Roseli Berry|[eat]
|-enditem|p1a: Giratina|Roseli Berry|[weaken]
|-damage|p1a: Giratina|52/100
|-damage|p2a: Tapu Koko|66/100|[from] item: Life Orb
|move|p1a: Giratina|Hex|p2a: Tapu Koko
|-damage|p2a: Tapu Koko|34/100
|
|upkeep
|turn|9
|
|t:|1661256224
|move|p2a: Tapu Koko|Dazzling Gleam|p1a: Giratina
|-supereffective|p1a: Giratina
|-damage|p1a: Giratina|5/100
|-damage|p2a: Tapu Koko|24/100|[from] item: Life Orb
|move|p1a: Giratina|Hex|p2a: Tapu Koko
|-damage|p2a: Tapu Koko|0 fnt
|faint|p2a: Tapu Koko
|
|upkeep
|
|t:|1661256229
|switch|p2a: Marshadow|Marshadow|100/100
|turn|10
|
|t:|1661256232
|move|p2a: Marshadow|Shadow Sneak|p1a: Giratina
|-supereffective|p1a: Giratina
|-damage|p1a: Giratina|0 fnt
|faint|p1a: Giratina
|
|upkeep
|
|t:|1661256238
|switch|p1a: Diancie|Diancie|100/100
|-damage|p1a: Diancie|88/100|[from] Stealth Rock
|turn|11
|
|t:|1661256243
|switch|p2a: Arcanine|Arcanine, M|97/100 tox
|-ability|p2a: Arcanine|Intimidate|boost
|-fail|p1a: Diancie|unboost|[from] ability: Clear Body|[of] p1a: Diancie
|-item|p2a: Arcanine|Air Balloon
|move|p1a: Diancie|Substitute|p1a: Diancie
|-start|p1a: Diancie|Substitute
|-damage|p1a: Diancie|63/100
|
|-damage|p2a: Arcanine|91/100 tox|[from] psn
|upkeep
|turn|12
|
|t:|1661256251
|detailschange|p1a: Diancie|Diancie-Mega
|-mega|p1a: Diancie|Diancie|Diancite
|move|p1a: Diancie|Moonblast|p2a: Arcanine
|-resisted|p2a: Arcanine
|-damage|p2a: Arcanine|66/100 tox
|-unboost|p2a: Arcanine|spa|1
|-enditem|p2a: Arcanine|Air Balloon
|move|p2a: Arcanine|Flare Blitz|p1a: Diancie
|-resisted|p1a: Diancie
|-end|p1a: Diancie|Substitute
|-damage|p2a: Arcanine|61/100 tox|[from] Recoil|[of] p1a: Diancie
|
|-damage|p2a: Arcanine|49/100 tox|[from] psn
|upkeep
|turn|13
|
|t:|1661256256
|move|p1a: Diancie|Earth Power|p2a: Arcanine
|-supereffective|p2a: Arcanine
|-damage|p2a: Arcanine|0 fnt
|faint|p2a: Arcanine
|
|upkeep
|
|t:|1661256260
|switch|p2a: Marshadow|Marshadow|100/100
|turn|14
|
|t:|1661256265
|switch|p1a: Urshifu|Urshifu, M|100/100
|-damage|p1a: Urshifu|94/100|[from] Stealth Rock
|move|p2a: Marshadow|Close Combat|p1a: Urshifu
|-supereffective|p1a: Urshifu
|-damage|p1a: Urshifu|0 fnt
|-unboost|p2a: Marshadow|def|1
|-unboost|p2a: Marshadow|spd|1
|faint|p1a: Urshifu
|
|upkeep
|
|t:|1661256270
|switch|p1a: Marshadow|Marshadow|100/100
|-damage|p1a: Marshadow|94/100|[from] Stealth Rock
|turn|15
|
|t:|1661256279
|switch|p2a: Zamazenta|Zamazenta|100/100
|-ability|p2a: Zamazenta|Dauntless Shield|boost
|-boost|p2a: Zamazenta|def|1
|move|p1a: Marshadow|Poltergeist|p2a: Zamazenta|[miss]
|-miss|p1a: Marshadow|p2a: Zamazenta
|
|upkeep
|turn|16
|
|t:|1661256293
|switch|p1a: Groudon|Groudon|88/100
|-damage|p1a: Groudon|82/100|[from] Stealth Rock
|-weather|SunnyDay|[from] ability: Drought|[of] p1a: Groudon
|switch|p2a: Marshadow|Marshadow|100/100
|
|-weather|SunnyDay|[upkeep]
|upkeep
|turn|17
|
|t:|1661256297
|move|p2a: Marshadow|Bulk Up|p2a: Marshadow
|-boost|p2a: Marshadow|atk|1
|-boost|p2a: Marshadow|def|1
|move|p1a: Groudon|Lava Plume|p2a: Marshadow
|-damage|p2a: Marshadow|71/100
|
|-weather|SunnyDay|[upkeep]
|upkeep
|turn|18
|
|t:|1661256301
|-zpower|p2a: Marshadow
|move|p2a: Marshadow|Soul-Stealing 7-Star Strike|p1a: Groudon|[zeffect]
|-damage|p1a: Groudon|0 fnt
|faint|p1a: Groudon
|
|-weather|SunnyDay|[upkeep]
|upkeep
|
|t:|1661256305
|switch|p1a: Celesteela|Celesteela|100/100
|-damage|p1a: Celesteela|88/100|[from] Stealth Rock
|turn|19
|
|t:|1661256308
|-start|p1a: Celesteela|Dynamax|
|-heal|p1a: Celesteela|88/100|[silent]
|move|p2a: Marshadow|Close Combat|p1a: Celesteela
|-damage|p1a: Celesteela|59/100
|-unboost|p2a: Marshadow|def|1
|-unboost|p2a: Marshadow|spd|1
|move|p1a: Celesteela|Max Airstream|p2a: Marshadow
|-supereffective|p2a: Marshadow
|-damage|p2a: Marshadow|0 fnt
|-boost|p1a: Celesteela|spe|1
|faint|p2a: Marshadow
|-ability|p1a: Celesteela|Beast Boost|boost
|-boost|p1a: Celesteela|def|1
|
|-weather|SunnyDay|[upkeep]
|-heal|p1a: Celesteela|62/100|[from] item: Leftovers
|upkeep
|
|t:|1661256321
|switch|p2a: Zamazenta|Zamazenta|100/100
|-ability|p2a: Zamazenta|Dauntless Shield|boost
|-boost|p2a: Zamazenta|def|1
|turn|20
|
|t:|1661256327
|move|p2a: Zamazenta|Wild Charge|p1a: Celesteela
|-supereffective|p1a: Celesteela
|-damage|p1a: Celesteela|44/100
|-damage|p2a: Zamazenta|89/100|[from] Recoil
|move|p1a: Celesteela|Max Airstream|p2a: Zamazenta
|-supereffective|p2a: Zamazenta
|-damage|p2a: Zamazenta|28/100
|-boost|p1a: Celesteela|spe|1
|
|-weather|none
|-heal|p1a: Celesteela|47/100|[from] item: Leftovers
|upkeep
|turn|21
|
|t:|1661256333
|move|p2a: Zamazenta|Wild Charge|p1a: Celesteela
|-supereffective|p1a: Celesteela
|-damage|p1a: Celesteela|27/100
|-damage|p2a: Zamazenta|16/100|[from] Recoil
|move|p1a: Celesteela|Max Airstream|p2a: Zamazenta
|-supereffective|p2a: Zamazenta
|-damage|p2a: Zamazenta|0 fnt
|-boost|p1a: Celesteela|spe|1
|faint|p2a: Zamazenta
|-ability|p1a: Celesteela|Beast Boost|boost
|-boost|p1a: Celesteela|def|1
|
|-heal|p1a: Celesteela|30/100|[from] item: Leftovers
|upkeep
|
|t:|1661256335
|switch|p2a: Dragonite|Dragonite, F|79/100
|-end|p1a: Celesteela|Dynamax
|-heal|p1a: Celesteela|30/100|[silent]
|turn|22
|
|t:|1661256339
|move|p1a: Celesteela|Leech Seed|p2a: Dragonite|[miss]
|-miss|p1a: Celesteela|p2a: Dragonite
|move|p2a: Dragonite|Dragon Dance|p2a: Dragonite
|-boost|p2a: Dragonite|atk|1
|-boost|p2a: Dragonite|spe|1
|
|-heal|p1a: Celesteela|36/100|[from] item: Leftovers
|upkeep
|turn|23
|
|t:|1661256347
|move|p1a: Celesteela|Leech Seed|p2a: Dragonite
|-start|p2a: Dragonite|move: Leech Seed
|move|p2a: Dragonite|Dragon Dance|p2a: Dragonite
|-boost|p2a: Dragonite|atk|1
|-boost|p2a: Dragonite|spe|1
|
|-heal|p1a: Celesteela|42/100|[from] item: Leftovers
|-damage|p2a: Dragonite|66/100|[from] Leech Seed|[of] p1a: Celesteela
|-heal|p1a: Celesteela|52/100|[silent]
|upkeep
|turn|24
|
|t:|1661256351
|-start|p2a: Dragonite|Dynamax|
|-heal|p2a: Dragonite|66/100|[silent]
|move|p2a: Dragonite|Max Flare|p1a: Celesteela
|-supereffective|p1a: Celesteela
|-damage|p1a: Celesteela|0 fnt
|-weather|SunnyDay
|faint|p1a: Celesteela
|
|-weather|SunnyDay|[upkeep]
|upkeep
|
|t:|1661256356
|switch|p1a: Marshadow|Marshadow|94/100
|-damage|p1a: Marshadow|88/100|[from] Stealth Rock
|turn|25
|c|☆Takemitchy-kun|Ggwp
|
|t:|1661256360
|move|p1a: Marshadow|Spectral Thief||[still]
|-clearpositiveboost|p2a: Dragonite|p1a: Marshadow|move: Spectral Thief
|-boost|p1a: Marshadow|atk|2
|-boost|p1a: Marshadow|spe|2
|-anim|p1a: Marshadow|Spectral Thief|p2a: Dragonite
|-damage|p2a: Dragonite|17/100
|move|p2a: Dragonite|Max Airstream|p1a: Marshadow
|-supereffective|p1a: Marshadow
|-damage|p1a: Marshadow|0 fnt
|-boost|p2a: Dragonite|spe|1
|faint|p1a: Marshadow
|
|-weather|SunnyDay|[upkeep]
|upkeep
|
|t:|1661256363
|switch|p1a: Diancie|Diancie-Mega|63/100
|-damage|p1a: Diancie|51/100|[from] Stealth Rock
|turn|26
|
|t:|1661256367
|move|p2a: Dragonite|Max Airstream|p1a: Diancie
|-resisted|p1a: Diancie
|-damage|p1a: Diancie|3/100
|-boost|p2a: Dragonite|spe|1
|move|p1a: Diancie|Moonblast|p2a: Dragonite
|-supereffective|p2a: Dragonite
|-damage|p2a: Dragonite|0 fnt
|faint|p2a: Dragonite
|
|win|Glaliegoesboom ❤
|c|☆Glaliegoesboom ❤|Gg
|c|☆Takemitchy-kun|Wow
|c|☆Takemitchy-kun|wow
|c|☆Takemitchy-kun|literally wow
|c|☆Takemitchy-kun|scarf marsh
|c|☆Takemitchy-kun|Wp
|l|☆Takemitchy-kun
|c|☆Glaliegoesboom ❤|I cant believe i still outsped
|l|☆Glaliegoesboom ❤
|j|☆Glaliegoesboom ❤
|player|p1|Glaliegoesboom ❤|cynthia-masters
