|j|☆MaaDCityGoodKid
|j|☆Celestia74
|t:|1667353191
|gametype|singles
|player|p1|MaaDCityGoodKid|byron|1608
|player|p2|Celestia74|skyla|1772
|teamsize|p1|6
|teamsize|p2|6
|gen|8
|tier|[Gen 8] National Dex AG
|rated|
|rule|HP Percentage Mod: HP is shown in percentages
|rule|Endless Battle Clause: Forcing endless battles is banned
|clearpoke
|poke|p1|Regieleki|
|poke|p1|Donphan, M|
|poke|p1|Corviknight, M|
|poke|p1|Marshadow|
|poke|p1|Lucario, M|
|poke|p1|Arceus-*|
|poke|p2|Swampert, M|
|poke|p2|Groudon|
|poke|p2|Zacian-*|
|poke|p2|Calyrex-Shadow|
|poke|p2|Yveltal|
|poke|p2|Arceus-*|
|teampreview
|inactive|Battle timer is ON: inactive players will automatically lose when time's up. (requested by Celestia74)
|inactive|MaaDCityGoodKid has 120 seconds left.
|inactive|MaaDCityGoodKid has 90 seconds left.
|
|t:|1667353255
|start
|switch|p1a: Donphan|Donphan, M|100/100
|switch|p2a: Arceus|Arceus-Water|100/100
|turn|1
|
|t:|1667353266
|move|p2a: Arceus|Liquidation|p1a: Donphan
|-supereffective|p1a: Donphan
|-damage|p1a: Donphan|44/100
|-unboost|p1a: Donphan|def|1
|move|p1a: Donphan|Earthquake|p2a: Arceus
|-damage|p2a: Arceus|62/100
|
|upkeep
|turn|2
|
|t:|1667353273
|switch|p1a: Corviknight|Corviknight, M|100/100
|-ability|p1a: Corviknight|Pressure
|move|p2a: Arceus|Liquidation|p1a: Corviknight
|-damage|p1a: Corviknight|78/100
|-unboost|p1a: Corviknight|def|1
|-damage|p2a: Arceus|46/100|[from] item: Rocky Helmet|[of] p1a: Corviknight
|
|upkeep
|turn|3
|
|t:|1667353279
|switch|p2a: Groudon|Groudon|100/100
|detailschange|p2a: Groudon|Groudon-Primal
|-primal|p2a: Groudon
|-weather|DesolateLand|[from] ability: Desolate Land|[of] p2a: Groudon
|move|p1a: Corviknight|U-turn|p2a: Groudon
|-resisted|p2a: Groudon
|-damage|p2a: Groudon|96/100
|inactive|MaaDCityGoodKid has 120 seconds left.
|
|t:|1667353314
|switch|p1a: Donphan|Donphan, M|44/100|[from]move: U-turn
|
|-weather|DesolateLand|[upkeep]
|upkeep
|turn|4
|
|t:|1667353322
|move|p2a: Groudon|Lava Plume|p1a: Donphan
|-damage|p1a: Donphan|0 fnt
|faint|p1a: Donphan
|
|-weather|DesolateLand|[upkeep]
|upkeep
|inactive|MaaDCityGoodKid has 120 seconds left.
|
|t:|1667353333
|switch|p1a: Marshadow|Marshadow|100/100
|turn|5
|
|t:|1667353342
|-weather|none
|switch|p2a: Arceus|Arceus-Water|46/100
|move|p1a: Marshadow|Low Kick|p2a: Arceus
|-damage|p2a: Arceus|0 fnt
|faint|p2a: Arceus
|
|upkeep
|
|t:|1667353349
|switch|p2a: Yveltal|Yveltal, shiny|100/100
|-ability|p2a: Yveltal|Dark Aura
|turn|6
|
|t:|1667353354
|switch|p1a: Arceus|Arceus-Dark|100/100
|move|p2a: Yveltal|Oblivion Wing|p1a: Arceus
|-damage|p1a: Arceus|79/100
|
|upkeep
|turn|7
|
|t:|1667353365
|switch|p2a: Zanza the Divine|Zacian-Crowned, shiny|100/100
|-ability|p2a: Zanza the Divine|Intrepid Sword|boost
|-boost|p2a: Zanza the Divine|atk|1
|move|p1a: Arceus|Roar|p2a: Zanza the Divine
|drag|p2a: Groudon|Groudon-Primal|96/100
|-weather|DesolateLand|[from] ability: Desolate Land|[of] p2a: Groudon
|
|-weather|DesolateLand|[upkeep]
|upkeep
|turn|8
|
|t:|1667353387
|move|p2a: Groudon|Lava Plume|p1a: Arceus
|-crit|p1a: Arceus
|-damage|p1a: Arceus|30/100
|move|p1a: Arceus|Judgment|p2a: Groudon
|-damage|p2a: Groudon|39/100
|
|-weather|DesolateLand|[upkeep]
|upkeep
|turn|9
|
|t:|1667353399
|move|p2a: Groudon|Lava Plume|p1a: Arceus
|-crit|p1a: Arceus
|-damage|p1a: Arceus|0 fnt
|faint|p1a: Arceus
|
|-weather|DesolateLand|[upkeep]
|upkeep
|inactive|MaaDCityGoodKid has 120 seconds left.
|inactive|MaaDCityGoodKid has 90 seconds left.
|
|t:|1667353447
|switch|p1a: Marshadow|Marshadow|100/100
|turn|10
|
|t:|1667353454
|-weather|none
|switch|p2a: Yveltal|Yveltal, shiny|100/100
|-ability|p2a: Yveltal|Dark Aura
|move|p1a: Marshadow|Low Kick|p2a: Yveltal
|-damage|p2a: Yveltal|46/100
|
|upkeep
|turn|11
|
|t:|1667353461
|move|p1a: Marshadow|Low Kick|p2a: Yveltal
|-damage|p2a: Yveltal|0 fnt
|faint|p2a: Yveltal
|
|upkeep
|
|t:|1667353468
|switch|p2a: Zanza the Divine|Zacian-Crowned, shiny|100/100
|-ability|p2a: Zanza the Divine|Intrepid Sword|boost
|-boost|p2a: Zanza the Divine|atk|1
|turn|12
|inactive|Celestia74 has 120 seconds left.
|
|t:|1667353526
|switch|p1a: Corviknight|Corviknight, M|78/100
|-ability|p1a: Corviknight|Pressure
|move|p2a: Zanza the Divine|Swords Dance|p2a: Zanza the Divine
|-boost|p2a: Zanza the Divine|atk|2
|
|upkeep
|turn|13
|inactive|MaaDCityGoodKid has 120 seconds left.
|inactive|MaaDCityGoodKid has 90 seconds left.
|
|t:|1667353564
|move|p2a: Zanza the Divine|Wild Charge|p1a: Corviknight
|-supereffective|p1a: Corviknight
|-damage|p1a: Corviknight|0 fnt
|-damage|p2a: Zanza the Divine|84/100|[from] item: Rocky Helmet|[of] p1a: Corviknight
|faint|p1a: Corviknight
|-damage|p2a: Zanza the Divine|64/100|[from] Recoil
|
|upkeep
|inactive|MaaDCityGoodKid has 90 seconds left.
|
|t:|1667353585
|switch|p1a: Regieleki|Regieleki|100/100
|turn|14
|
|t:|1667353592
|switch|p2a: Groudon|Groudon-Primal|39/100
|-weather|DesolateLand|[from] ability: Desolate Land|[of] p2a: Groudon
|move|p1a: Regieleki|Thunderbolt|p2a: Groudon
|-immune|p2a: Groudon
|
|-weather|DesolateLand|[upkeep]
|upkeep
|turn|15
|
|t:|1667353605
|move|p1a: Regieleki|Thunderbolt|p2a: Groudon
|-immune|p2a: Groudon
|move|p2a: Groudon|Earth Power|p1a: Regieleki
|-supereffective|p1a: Regieleki
|-damage|p1a: Regieleki|0 fnt
|faint|p1a: Regieleki
|
|-weather|DesolateLand|[upkeep]
|upkeep
|
|t:|1667353608
|switch|p1a: Marshadow|Marshadow|100/100
|turn|16
|
|t:|1667353612
|move|p1a: Marshadow|Low Kick|p2a: Groudon
|-damage|p2a: Groudon|0 fnt
|faint|p2a: Groudon
|-weather|none
|
|upkeep
|
|t:|1667353615
|switch|p2a: Calyrex|Calyrex-Shadow|100/100
|-ability|p2a: Calyrex|As One
|-ability|p2a: Calyrex|Unnerve
|turn|17
|inactive|MaaDCityGoodKid has 90 seconds left.
|
|t:|1667353639
|move|p2a: Calyrex|Astral Barrage|p1a: Marshadow
|-supereffective|p1a: Marshadow
|-enditem|p1a: Marshadow|Focus Sash
|-damage|p1a: Marshadow|1/100
|move|p1a: Marshadow|Spectral Thief|p2a: Calyrex
|-supereffective|p2a: Calyrex
|-crit|p2a: Calyrex
|-enditem|p2a: Calyrex|Focus Sash
|-damage|p2a: Calyrex|1/100
|
|upkeep
|turn|18
|
|t:|1667353645
|move|p1a: Marshadow|Shadow Sneak|p2a: Calyrex
|-supereffective|p2a: Calyrex
|-damage|p2a: Calyrex|0 fnt
|faint|p2a: Calyrex
|
|upkeep
|
|t:|1667353646
|switch|p2a: Zanza the Divine|Zacian-Crowned, shiny|64/100
|-ability|p2a: Zanza the Divine|Intrepid Sword|boost
|-boost|p2a: Zanza the Divine|atk|1
|turn|19
|inactive|MaaDCityGoodKid has 90 seconds left.
|
|t:|1667353672
|move|p1a: Marshadow|Shadow Sneak|p2a: Zanza the Divine
|-damage|p2a: Zanza the Divine|41/100
|move|p2a: Zanza the Divine|Behemoth Blade|p1a: Marshadow
|-damage|p1a: Marshadow|0 fnt
|faint|p1a: Marshadow
|
|upkeep
|inactive|MaaDCityGoodKid has 90 seconds left.
|
|t:|1667353677
|switch|p1a: Lucario|Lucario, M|100/100
|turn|20
|inactive|MaaDCityGoodKid has 90 seconds left.
|
|t:|1667353688
|detailschange|p1a: Lucario|Lucario-Mega, M
|-mega|p1a: Lucario|Lucario|Lucarionite
|move|p1a: Lucario|Bullet Punch|p2a: Zanza the Divine
|-damage|p2a: Zanza the Divine|19/100
|move|p2a: Zanza the Divine|Behemoth Blade|p1a: Lucario
|-resisted|p1a: Lucario
|-damage|p1a: Lucario|45/100
|
|upkeep
|turn|21
|
|t:|1667353693
|move|p1a: Lucario|Bullet Punch|p2a: Zanza the Divine
|-damage|p2a: Zanza the Divine|0 fnt
|faint|p2a: Zanza the Divine
|
|upkeep
|
|t:|1667353695
|switch|p2a: Sniper|Swampert, M|100/100
|turn|22
|
|t:|1667353712
|move|p1a: Lucario|Meteor Mash|p2a: Sniper
|-resisted|p2a: Sniper
|-damage|p2a: Sniper|73/100
|move|p2a: Sniper|Earthquake|p1a: Lucario
|-supereffective|p1a: Lucario
|-damage|p1a: Lucario|0 fnt
|faint|p1a: Lucario
|
|win|Celestia74
|raw|MaaDCityGoodKid's rating: 1608 &rarr; <strong>1597</strong><br />(-11 for losing)
|raw|Celestia74's rating: 1772 &rarr; <strong>1783</strong><br />(+11 for winning)
