|j|☆Sururutzit
|j|☆LocalMetagross
|t:|1665441567
|gametype|singles
|player|p1|Sururutzit|265|1594
|player|p2|LocalMetagross|akari|1654
|teamsize|p1|6
|teamsize|p2|6
|gen|8
|tier|[Gen 8] National Dex AG
|rated|
|rule|HP Percentage Mod: HP is shown in percentages
|rule|Endless Battle Clause: Forcing endless battles is banned
|clearpoke
|poke|p1|Grimmsnarl, M|
|poke|p1|Klefki, F|
|poke|p1|Sableye, M|
|poke|p1|Corsola-Galar, F|
|poke|p1|Salamence, F|
|poke|p1|Tyranitar, F|
|poke|p2|Deoxys-Speed|
|poke|p2|Xerneas-*|
|poke|p2|Marshadow|
|poke|p2|Calyrex-Shadow|
|poke|p2|Yveltal|
|poke|p2|Zekrom|
|teampreview
|inactive|Battle timer is ON: inactive players will automatically lose when time's up. (requested by LocalMetagross)
|inactive|Sururutzit also wants the timer to be on.
|
|t:|1665441585
|start
|switch|p1a: Grimmsnarl|Grimmsnarl, M|100/100
|switch|p2a: Back in Black|Yveltal|100/100
|-ability|p2a: Back in Black|Dark Aura
|turn|1
|
|t:|1665441594
|move|p1a: Grimmsnarl|Light Screen|p1a: Grimmsnarl
|-sidestart|p1: Sururutzit|move: Light Screen
|move|p2a: Back in Black|Taunt|p1a: Grimmsnarl
|-start|p1a: Grimmsnarl|move: Taunt
|
|upkeep
|turn|2
|inactive|Sururutzit has 120 seconds left.
|
|t:|1665441637
|switch|p2a: Hells Bells|Xerneas|100/100
|-ability|p2a: Hells Bells|Fairy Aura
|switch|p1a: Tyranitar|Tyranitar, F|100/100
|-weather|Sandstorm|[from] ability: Sand Stream|[of] p1a: Tyranitar
|
|-weather|Sandstorm|[upkeep]
|-damage|p2a: Hells Bells|94/100|[from] Sandstorm
|upkeep
|turn|3
|
|t:|1665441649
|move|p2a: Hells Bells|Geomancy||[still]
|-prepare|p2a: Hells Bells|Geomancy
|-enditem|p2a: Hells Bells|Power Herb
|-anim|p2a: Hells Bells|Geomancy|p2a: Hells Bells
|-boost|p2a: Hells Bells|spa|2
|-boost|p2a: Hells Bells|spd|2
|-boost|p2a: Hells Bells|spe|2
|move|p1a: Tyranitar|Rock Tomb|p2a: Hells Bells
|-damage|p2a: Hells Bells|64/100
|-unboost|p2a: Hells Bells|spe|1
|
|-weather|Sandstorm|[upkeep]
|-damage|p2a: Hells Bells|58/100|[from] Sandstorm
|upkeep
|turn|4
|inactive|Sururutzit has 90 seconds left.
|
|t:|1665441681
|switch|p1a: Klefki|Klefki, F|100/100
|move|p2a: Hells Bells|Moonblast|p1a: Klefki
|-resisted|p1a: Klefki
|-damage|p1a: Klefki|68/100
|
|-weather|Sandstorm|[upkeep]
|-damage|p2a: Hells Bells|52/100|[from] Sandstorm
|upkeep
|turn|5
|inactive|Sururutzit has 90 seconds left.
|
|t:|1665441691
|move|p1a: Klefki|Thunder Wave|p2a: Hells Bells
|-status|p2a: Hells Bells|par
|move|p2a: Hells Bells|Hidden Power|p1a: Klefki
|-supereffective|p1a: Klefki
|-damage|p1a: Klefki|21/100
|
|-weather|Sandstorm|[upkeep]
|-damage|p2a: Hells Bells|46/100 par|[from] Sandstorm
|upkeep
|turn|6
|inactive|Sururutzit has 90 seconds left.
|
|t:|1665441702
|move|p1a: Klefki|Spikes|p2a: Hells Bells
|-sidestart|p2: LocalMetagross|Spikes
|cant|p2a: Hells Bells|par
|
|-weather|none
|upkeep
|turn|7
|
|t:|1665441709
|move|p1a: Klefki|Spikes|p2a: Hells Bells
|-sidestart|p2: LocalMetagross|Spikes
|move|p2a: Hells Bells|Moonblast|p1a: Klefki
|-resisted|p1a: Klefki
|-damage|p1a: Klefki|0 fnt
|faint|p1a: Klefki
|
|upkeep
|inactive|Sururutzit has 90 seconds left.
|
|t:|1665441740
|switch|p1a: Corsola|Corsola-Galar, F|100/100
|turn|8
|
|t:|1665441746
|cant|p2a: Hells Bells|par
|move|p1a: Corsola|Night Shade|p2a: Hells Bells
|-damage|p2a: Hells Bells|20/100 par
|
|-sideend|p1: Sururutzit|move: Light Screen
|upkeep
|turn|9
|inactive|Sururutzit has 60 seconds left.
|
|t:|1665441773
|move|p2a: Hells Bells|Moonblast|p1a: Corsola
|-damage|p1a: Corsola|6/100
|-start|p2a: Hells Bells|Disable|Moonblast|[from] ability: Cursed Body|[of] p1a: Corsola
|move|p1a: Corsola|Stealth Rock|p2a: Hells Bells
|-sidestart|p2: LocalMetagross|move: Stealth Rock
|
|upkeep
|turn|10
|inactive|Sururutzit has 60 seconds left.
|
|t:|1665441789
|move|p2a: Hells Bells|Hidden Power|p1a: Corsola
|-damage|p1a: Corsola|0 fnt
|faint|p1a: Corsola
|
|upkeep
|
|t:|1665441808
|switch|p1a: Salamence|Salamence, F|100/100
|turn|11
|
|t:|1665441815
|-start|p1a: Salamence|Dynamax|
|-heal|p1a: Salamence|100/100|[silent]
|move|p1a: Salamence|Max Airstream|p2a: Hells Bells
|-damage|p2a: Hells Bells|0 fnt
|-boost|p1a: Salamence|spe|1
|faint|p2a: Hells Bells
|-ability|p1a: Salamence|Moxie|boost
|-boost|p1a: Salamence|atk|1
|
|upkeep
|
|t:|1665441820
|switch|p2a: Fast & Infuriating|Deoxys-Speed|100/100
|-damage|p2a: Fast & Infuriating|84/100|[from] Spikes
|-damage|p2a: Fast & Infuriating|72/100|[from] Stealth Rock
|-ability|p2a: Fast & Infuriating|Pressure
|turn|12
|inactive|Sururutzit has 60 seconds left.
|
|t:|1665441839
|move|p2a: Fast & Infuriating|Thunder Wave|p1a: Salamence
|-status|p1a: Salamence|par
|cant|p1a: Salamence|par
|
|upkeep
|turn|13
|
|t:|1665441845
|move|p2a: Fast & Infuriating|Stealth Rock|p1a: Salamence
|-sidestart|p1: Sururutzit|move: Stealth Rock
|move|p1a: Salamence|Max Airstream|p2a: Fast & Infuriating
|-damage|p2a: Fast & Infuriating|0 fnt
|-boost|p1a: Salamence|spe|1
|faint|p2a: Fast & Infuriating
|-ability|p1a: Salamence|Moxie|boost
|-boost|p1a: Salamence|atk|1
|
|upkeep
|
|t:|1665441851
|switch|p2a: Back in Black|Yveltal|100/100
|-damage|p2a: Back in Black|76/100|[from] Stealth Rock
|-ability|p2a: Back in Black|Dark Aura
|-end|p1a: Salamence|Dynamax
|-heal|p1a: Salamence|100/100 par|[silent]
|turn|14
|inactive|Sururutzit has 60 seconds left.
|
|t:|1665441862
|-start|p2a: Back in Black|Dynamax|
|-heal|p2a: Back in Black|76/100|[silent]
|cant|p1a: Salamence|par
|move|p2a: Back in Black|Max Airstream|p1a: Salamence
|-damage|p1a: Salamence|0 fnt
|-boost|p2a: Back in Black|spe|1
|faint|p1a: Salamence
|-damage|p2a: Back in Black|71/100|[from] item: Life Orb
|
|upkeep
|inactive|Sururutzit has 60 seconds left.
|
|t:|1665441875
|switch|p1a: Grimmsnarl|Grimmsnarl, M|100/100
|-damage|p1a: Grimmsnarl|88/100|[from] Stealth Rock
|turn|15
|inactive|Sururutzit has 60 seconds left.
|
|t:|1665441890
|move|p1a: Grimmsnarl|Light Screen|p1a: Grimmsnarl
|-sidestart|p1: Sururutzit|move: Light Screen
|move|p2a: Back in Black|Max Airstream|p1a: Grimmsnarl
|-damage|p1a: Grimmsnarl|44/100
|-boost|p2a: Back in Black|spe|1
|-damage|p2a: Back in Black|66/100|[from] item: Life Orb
|
|upkeep
|turn|16
|
|t:|1665441899
|move|p1a: Grimmsnarl|Reflect|p1a: Grimmsnarl
|-sidestart|p1: Sururutzit|Reflect
|move|p2a: Back in Black|Max Airstream|p1a: Grimmsnarl
|-damage|p1a: Grimmsnarl|1/100
|-boost|p2a: Back in Black|spe|1
|-damage|p2a: Back in Black|61/100|[from] item: Life Orb
|
|upkeep
|-end|p2a: Back in Black|Dynamax
|-heal|p2a: Back in Black|61/100|[silent]
|turn|17
|inactive|Sururutzit has 60 seconds left.
|
|t:|1665441920
|switch|p1a: Tyranitar|Tyranitar, F|100/100
|-damage|p1a: Tyranitar|88/100|[from] Stealth Rock
|-weather|Sandstorm|[from] ability: Sand Stream|[of] p1a: Tyranitar
|move|p2a: Back in Black|Dark Pulse|p1a: Tyranitar
|-resisted|p1a: Tyranitar
|-damage|p1a: Tyranitar|80/100
|-damage|p2a: Back in Black|51/100|[from] item: Life Orb
|
|-weather|Sandstorm|[upkeep]
|-damage|p2a: Back in Black|45/100|[from] Sandstorm
|upkeep
|turn|18
|inactive|Sururutzit has 60 seconds left.
|
|t:|1665441945
|move|p2a: Back in Black|Taunt|p1a: Tyranitar
|-start|p1a: Tyranitar|move: Taunt
|move|p1a: Tyranitar|Rock Tomb|p2a: Back in Black
|-supereffective|p2a: Back in Black
|-damage|p2a: Back in Black|0 fnt
|faint|p2a: Back in Black
|
|-weather|Sandstorm|[upkeep]
|upkeep
|
|t:|1665441959
|switch|p2a: Thunderstruck|Zekrom|100/100
|-damage|p2a: Thunderstruck|84/100|[from] Spikes
|-damage|p2a: Thunderstruck|72/100|[from] Stealth Rock
|-ability|p2a: Thunderstruck|Teravolt
|turn|19
|
|t:|1665441967
|switch|p1a: Grimmsnarl|Grimmsnarl, M|1/100
|-damage|p1a: Grimmsnarl|0 fnt|[from] Stealth Rock
|faint|p1a: Grimmsnarl
|move|p2a: Thunderstruck|Bolt Strike|p1: Grimmsnarl|[notarget]
|-fail|p2a: Thunderstruck
|
|-weather|Sandstorm|[upkeep]
|-damage|p2a: Thunderstruck|66/100|[from] Sandstorm
|-heal|p2a: Thunderstruck|72/100|[from] item: Leftovers
|upkeep
|
|t:|1665441978
|switch|p1a: Sableye|Sableye, M|100/100
|-damage|p1a: Sableye|88/100|[from] Stealth Rock
|turn|20
|
|t:|1665441994
|switch|p2a: Highway to Hell|Calyrex-Shadow|100/100
|-ability|p2a: Highway to Hell|As One
|-ability|p2a: Highway to Hell|Unnerve
|-damage|p2a: Highway to Hell|84/100|[from] Spikes
|-damage|p2a: Highway to Hell|72/100|[from] Stealth Rock
|move|p1a: Sableye|Will-O-Wisp|p2a: Highway to Hell
|-status|p2a: Highway to Hell|brn
|
|-weather|Sandstorm|[upkeep]
|-damage|p2a: Highway to Hell|66/100 brn|[from] Sandstorm
|-damage|p1a: Sableye|82/100|[from] Sandstorm
|-damage|p2a: Highway to Hell|59/100 brn|[from] brn
|upkeep
|turn|21
|inactive|Sururutzit has 60 seconds left.
|
|t:|1665442022
|switch|p1a: Tyranitar|Tyranitar, F|80/100
|-damage|p1a: Tyranitar|68/100|[from] Stealth Rock
|move|p2a: Highway to Hell|Astral Barrage|p1a: Tyranitar
|-resisted|p1a: Tyranitar
|-damage|p1a: Tyranitar|60/100
|
|-weather|none
|-damage|p2a: Highway to Hell|53/100 brn|[from] brn
|upkeep
|turn|22
|
|t:|1665442034
|-activate|p2a: Highway to Hell|move: Pursuit
|move|p1a: Tyranitar|Pursuit|p2a: Highway to Hell|[from]Pursuit
|-supereffective|p2a: Highway to Hell
|-damage|p2a: Highway to Hell|0 fnt
|faint|p2a: Highway to Hell
|-hint|A Pokemon can't switch between when it runs out of HP and when it faints
|
|-sideend|p1: Sururutzit|move: Light Screen
|upkeep
|
|t:|1665442038
|switch|p2a: Thunderstruck|Zekrom|72/100
|-damage|p2a: Thunderstruck|55/100|[from] Spikes
|-damage|p2a: Thunderstruck|43/100|[from] Stealth Rock
|-ability|p2a: Thunderstruck|Teravolt
|turn|23
|
|t:|1665442049
|move|p2a: Thunderstruck|Bolt Strike|p1a: Tyranitar
|-damage|p1a: Tyranitar|32/100
|move|p1a: Tyranitar|Rock Tomb|p2a: Thunderstruck
|-damage|p2a: Thunderstruck|10/100
|-unboost|p2a: Thunderstruck|spe|1
|
|-heal|p2a: Thunderstruck|17/100|[from] item: Leftovers
|-sideend|p1: Sururutzit|Reflect
|upkeep
|turn|24
|
|t:|1665442060
|move|p2a: Thunderstruck|Bolt Strike|p1a: Tyranitar
|-damage|p1a: Tyranitar|0 fnt
|faint|p1a: Tyranitar
|
|-heal|p2a: Thunderstruck|23/100|[from] item: Leftovers
|upkeep
|
|t:|1665442067
|switch|p1a: Sableye|Sableye, M|82/100
|-damage|p1a: Sableye|69/100|[from] Stealth Rock
|turn|25
|
|t:|1665442072
|move|p1a: Sableye|Will-O-Wisp|p2a: Thunderstruck
|-status|p2a: Thunderstruck|brn
|move|p2a: Thunderstruck|Bolt Strike|p1a: Sableye|[miss]
|-miss|p2a: Thunderstruck|p1a: Sableye
|
|-heal|p2a: Thunderstruck|29/100 brn|[from] item: Leftovers
|-damage|p2a: Thunderstruck|23/100 brn|[from] brn
|upkeep
|turn|26
|inactive|Sururutzit has 60 seconds left.
|
|t:|1665442088
|move|p1a: Sableye|Recover|p1a: Sableye
|-heal|p1a: Sableye|100/100
|move|p2a: Thunderstruck|Bolt Strike|p1a: Sableye
|-damage|p1a: Sableye|54/100
|
|-heal|p2a: Thunderstruck|29/100 brn|[from] item: Leftovers
|-damage|p2a: Thunderstruck|23/100 brn|[from] brn
|upkeep
|turn|27
|inactive|Sururutzit has 60 seconds left.
|
|t:|1665442099
|move|p1a: Sableye|Trick|p2a: Thunderstruck
|-activate|p1a: Sableye|move: Trick|[of] p2a: Thunderstruck
|-item|p2a: Thunderstruck|Lagging Tail|[from] move: Trick
|-item|p1a: Sableye|Leftovers|[from] move: Trick
|move|p2a: Thunderstruck|Bolt Strike|p1a: Sableye
|-damage|p1a: Sableye|9/100
|
|-heal|p1a: Sableye|15/100|[from] item: Leftovers
|-damage|p2a: Thunderstruck|17/100 brn|[from] brn
|upkeep
|turn|28
|inactive|Sururutzit has 60 seconds left.
|
|t:|1665442109
|move|p1a: Sableye|Recover|p1a: Sableye
|-heal|p1a: Sableye|65/100
|move|p2a: Thunderstruck|Bolt Strike|p1a: Sableye
|-damage|p1a: Sableye|21/100
|
|-heal|p1a: Sableye|27/100|[from] item: Leftovers
|-damage|p2a: Thunderstruck|10/100 brn|[from] brn
|upkeep
|turn|29
|inactive|Sururutzit has 60 seconds left.
|
|t:|1665442119
|move|p1a: Sableye|Recover|p1a: Sableye
|-heal|p1a: Sableye|77/100
|move|p2a: Thunderstruck|Bolt Strike|p1a: Sableye
|-damage|p1a: Sableye|29/100
|
|-heal|p1a: Sableye|36/100|[from] item: Leftovers
|-damage|p2a: Thunderstruck|4/100 brn|[from] brn
|upkeep
|turn|30
|inactive|Sururutzit has 60 seconds left.
|
|t:|1665442129
|move|p1a: Sableye|Recover|p1a: Sableye
|-heal|p1a: Sableye|86/100
|move|p2a: Thunderstruck|Dragon Claw|p1a: Sableye
|-damage|p1a: Sableye|56/100
|
|-heal|p1a: Sableye|62/100|[from] item: Leftovers
|-damage|p2a: Thunderstruck|0 fnt|[from] brn
|faint|p2a: Thunderstruck
|upkeep
|
|t:|1665442151
|switch|p2a: If You Want Blood|Marshadow|100/100
|-damage|p2a: If You Want Blood|84/100|[from] Spikes
|-damage|p2a: If You Want Blood|78/100|[from] Stealth Rock
|turn|31
|
|t:|1665442164
|move|p1a: Sableye|Will-O-Wisp|p2a: If You Want Blood
|-status|p2a: If You Want Blood|brn
|move|p2a: If You Want Blood|Poltergeist|p1a: Sableye|[miss]
|-miss|p2a: If You Want Blood|p1a: Sableye
|
|-heal|p1a: Sableye|69/100|[from] item: Leftovers
|-damage|p2a: If You Want Blood|72/100 brn|[from] brn
|upkeep
|turn|32
|
|t:|1665442175
|move|p1a: Sableye|Recover|p1a: Sableye
|-heal|p1a: Sableye|100/100
|move|p2a: If You Want Blood|Poltergeist|p1a: Sableye
|-activate|p1a: Sableye|move: Poltergeist|Leftovers
|-damage|p1a: Sableye|57/100
|-damage|p2a: If You Want Blood|62/100 brn|[from] item: Life Orb
|
|-heal|p1a: Sableye|63/100|[from] item: Leftovers
|-damage|p2a: If You Want Blood|55/100 brn|[from] brn
|upkeep
|turn|33
|c|☆LocalMetagross|man ur fucking kidding me
|
|t:|1665442187
|move|p1a: Sableye|Recover|p1a: Sableye
|-heal|p1a: Sableye|100/100
|move|p2a: If You Want Blood|Poltergeist|p1a: Sableye
|-activate|p1a: Sableye|move: Poltergeist|Leftovers
|-damage|p1a: Sableye|60/100
|-damage|p2a: If You Want Blood|45/100 brn|[from] item: Life Orb
|
|-heal|p1a: Sableye|66/100|[from] item: Leftovers
|-damage|p2a: If You Want Blood|39/100 brn|[from] brn
|upkeep
|turn|34
|
|t:|1665442199
|move|p1a: Sableye|Recover|p1a: Sableye
|-heal|p1a: Sableye|100/100
|move|p2a: If You Want Blood|Poltergeist|p1a: Sableye|[miss]
|-miss|p2a: If You Want Blood|p1a: Sableye
|
|-damage|p2a: If You Want Blood|33/100 brn|[from] brn
|upkeep
|turn|35
|c|☆LocalMetagross|fuck OFF man
|-message|LocalMetagross forfeited.
|
|win|Sururutzit
|raw|Sururutzit's rating: 1594 &rarr; <strong>1617</strong><br />(+23 for winning)
|raw|LocalMetagross's rating: 1654 &rarr; <strong>1631</strong><br />(-23 for losing)
|l|☆LocalMetagross
||Ladder isn't responding, score probably updated but might not have (Request timeout).
