|j|☆Da1mon!
|j|☆Pikaslayer2001
|t:|1668446285
|gametype|singles
|player|p1|Da1mon!|nate|1670
|player|p2|Pikaslayer2001|brendan-contest|1843
|teamsize|p1|6
|teamsize|p2|6
|gen|8
|tier|[Gen 8] National Dex AG
|rated|
|rule|HP Percentage Mod: HP is shown in percentages
|rule|Endless Battle Clause: Forcing endless battles is banned
|clearpoke
|poke|p1|Skarmory, M|
|poke|p1|Smeargle, F|
|poke|p1|Lycanroc, M|
|poke|p1|Greninja, M|
|poke|p1|Darmanitan-Galar, M|
|poke|p1|Xerneas-*|
|poke|p2|Deoxys-Speed|
|poke|p2|Necrozma-Dusk-Mane|
|poke|p2|Yveltal|
|poke|p2|Arceus-*|
|poke|p2|Calyrex-Shadow|
|poke|p2|Kyogre|
|teampreview
|
|t:|1668446300
|start
|switch|p1a: Lycanroc|Lycanroc, M|100/100
|switch|p2a: Deoxys|Deoxys-Speed|100/100
|-ability|p2a: Deoxys|Pressure
|turn|1
|
|t:|1668446304
|move|p2a: Deoxys|Taunt|p1a: Lycanroc
|-start|p1a: Lycanroc|move: Taunt
|cant|p1a: Lycanroc|move: Taunt|Taunt
|
|upkeep
|turn|2
|
|t:|1668446310
|switch|p1a: Darmanitan|Darmanitan-Galar, M|100/100
|move|p2a: Deoxys|Stealth Rock|p1a: Darmanitan
|-sidestart|p1: Da1mon!|move: Stealth Rock
|
|upkeep
|turn|3
|
|t:|1668446313
|move|p2a: Deoxys|Spikes|p1a: Darmanitan
|-sidestart|p1: Da1mon!|Spikes
|move|p1a: Darmanitan|U-turn|p2a: Deoxys
|-supereffective|p2a: Deoxys
|-enditem|p2a: Deoxys|Focus Sash
|-damage|p2a: Deoxys|1/100
|
|t:|1668446317
|switch|p1a: Greninja|Greninja, M|100/100|[from]move: U-turn
|-damage|p1a: Greninja|88/100|[from] Stealth Rock
|-damage|p1a: Greninja|76/100|[from] Spikes
|
|upkeep
|turn|4
|
|t:|1668446331
|move|p1a: Greninja|Water Shuriken|p2a: Deoxys
|-damage|p2a: Deoxys|0 fnt
|faint|p2a: Deoxys
|-activate|p1a: Greninja|ability: Battle Bond
|detailschange|p1a: Greninja|Greninja-Ash, M
|-hitcount|p2: Deoxys|1
|-damage|p1a: Greninja|66/100|[from] item: Life Orb
|
|upkeep
|
|t:|1668446339
|switch|p2a: Calyrex|Calyrex-Shadow|100/100
|-ability|p2a: Calyrex|As One
|-ability|p2a: Calyrex|Unnerve
|turn|5
|
|t:|1668446346
|-start|p2a: Calyrex|Dynamax|
|-heal|p2a: Calyrex|100/100|[silent]
|move|p2a: Calyrex|Max Starfall|p1a: Greninja
|-supereffective|p1a: Greninja
|-damage|p1a: Greninja|0 fnt
|-fieldstart|move: Misty Terrain
|faint|p1a: Greninja
|-ability|p2a: Calyrex|Grim Neigh|boost
|-boost|p2a: Calyrex|spa|1
|
|upkeep
|
|t:|1668446355
|switch|p1a: Lycanroc|Lycanroc, M|100/100
|-damage|p1a: Lycanroc|88/100|[from] Stealth Rock
|-damage|p1a: Lycanroc|76/100|[from] Spikes
|turn|6
|
|t:|1668446359
|move|p1a: Lycanroc|Accelerock|p2a: Calyrex
|-damage|p2a: Calyrex|89/100
|move|p2a: Calyrex|Max Starfall|p1a: Lycanroc
|-damage|p1a: Lycanroc|0 fnt
|faint|p1a: Lycanroc
|-ability|p2a: Calyrex|Grim Neigh|boost
|-boost|p2a: Calyrex|spa|1
|
|upkeep
|
|t:|1668446365
|switch|p1a: Skarmory|Skarmory, M|100/100
|-damage|p1a: Skarmory|88/100|[from] Stealth Rock
|turn|7
|
|t:|1668446371
|switch|p1a: Smeargle|Smeargle, F|100/100
|-damage|p1a: Smeargle|88/100|[from] Stealth Rock
|-damage|p1a: Smeargle|76/100|[from] Spikes
|move|p2a: Calyrex|Max Phantasm|p1a: Smeargle
|-immune|p1a: Smeargle
|
|-heal|p1a: Smeargle|82/100|[from] item: Leftovers
|-ability|p1a: Smeargle|Moody|boost
|-boost|p1a: Smeargle|spd|2
|-unboost|p1a: Smeargle|spe|1
|upkeep
|-end|p2a: Calyrex|Dynamax
|-heal|p2a: Calyrex|89/100|[silent]
|turn|8
|
|t:|1668446376
|switch|p1a: Skarmory|Skarmory, M|88/100
|-damage|p1a: Skarmory|76/100|[from] Stealth Rock
|move|p2a: Calyrex|Draining Kiss|p1a: Skarmory
|-resisted|p1a: Skarmory
|-damage|p1a: Skarmory|49/100
|-heal|p2a: Calyrex|100/100|[from] drain|[of] p1a: Skarmory
|-damage|p2a: Calyrex|84/100|[from] item: Rocky Helmet|[of] p1a: Skarmory
|
|upkeep
|turn|9
|
|t:|1668446390
|move|p2a: Calyrex|Astral Barrage|p1a: Skarmory
|-damage|p1a: Skarmory|0 fnt
|faint|p1a: Skarmory
|-ability|p2a: Calyrex|Grim Neigh|boost
|-boost|p2a: Calyrex|spa|1
|
|-fieldend|Misty Terrain
|upkeep
|
|t:|1668446393
|switch|p1a: Darmanitan|Darmanitan-Galar, M|100/100
|-damage|p1a: Darmanitan|76/100|[from] Stealth Rock
|-damage|p1a: Darmanitan|63/100|[from] Spikes
|turn|10
|
|t:|1668446400
|move|p1a: Darmanitan|U-turn|p2a: Calyrex
|-damage|p2a: Calyrex|34/100
|
|t:|1668446401
|switch|p1a: Smeargle|Smeargle, F|82/100|[from]move: U-turn
|-damage|p1a: Smeargle|69/100|[from] Stealth Rock
|-damage|p1a: Smeargle|57/100|[from] Spikes
|move|p2a: Calyrex|Astral Barrage|p1a: Smeargle
|-immune|p1a: Smeargle
|
|-heal|p1a: Smeargle|63/100|[from] item: Leftovers
|-ability|p1a: Smeargle|Moody|boost
|-boost|p1a: Smeargle|spd|2
|-unboost|p1a: Smeargle|spa|1
|upkeep
|turn|11
|
|t:|1668446420
|move|p2a: Calyrex|Draining Kiss|p1a: Smeargle
|-damage|p1a: Smeargle|11/100
|-heal|p2a: Calyrex|70/100|[from] drain|[of] p1a: Smeargle
|move|p1a: Smeargle|Shell Smash|p1a: Smeargle
|-unboost|p1a: Smeargle|def|1
|-unboost|p1a: Smeargle|spd|1
|-boost|p1a: Smeargle|atk|2
|-boost|p1a: Smeargle|spa|2
|-boost|p1a: Smeargle|spe|2
|
|-heal|p1a: Smeargle|17/100|[from] item: Leftovers
|-ability|p1a: Smeargle|Moody|boost
|-boost|p1a: Smeargle|spe|2
|-unboost|p1a: Smeargle|spd|1
|upkeep
|turn|12
|
|t:|1668446429
|move|p1a: Smeargle|Power Trip|p2a: Calyrex
|-supereffective|p2a: Calyrex
|-damage|p2a: Calyrex|0 fnt
|faint|p2a: Calyrex
|
|-heal|p1a: Smeargle|23/100|[from] item: Leftovers
|-ability|p1a: Smeargle|Moody|boost
|-boost|p1a: Smeargle|def|2
|-unboost|p1a: Smeargle|atk|1
|upkeep
|
|t:|1668446433
|switch|p2a: Necrozma|Necrozma-Dusk-Mane|100/100
|turn|13
|
|t:|1668446436
|move|p1a: Smeargle|Spore|p2a: Necrozma
|-status|p2a: Necrozma|slp|[from] move: Spore
|cant|p2a: Necrozma|slp
|
|-heal|p1a: Smeargle|29/100|[from] item: Leftovers
|-ability|p1a: Smeargle|Moody|boost
|-boost|p1a: Smeargle|spd|2
|-unboost|p1a: Smeargle|spa|1
|upkeep
|turn|14
|c|☆Pikaslayer2001|Plus 3 speed
|c|☆Pikaslayer2001|of course
|
|t:|1668446446
|move|p1a: Smeargle|Power Trip|p2a: Necrozma
|-supereffective|p2a: Necrozma
|-damage|p2a: Necrozma|74/100 slp
|cant|p2a: Necrozma|slp
|
|-heal|p1a: Smeargle|36/100|[from] item: Leftovers
|-ability|p1a: Smeargle|Moody|boost
|-boost|p1a: Smeargle|spd|2
|-unboost|p1a: Smeargle|def|1
|upkeep
|turn|15
|
|t:|1668446451
|move|p1a: Smeargle|Substitute|p1a: Smeargle
|-start|p1a: Smeargle|Substitute
|-damage|p1a: Smeargle|11/100
|-curestatus|p2a: Necrozma|slp|[msg]
|move|p2a: Necrozma|Photon Geyser|p1a: Smeargle
|-end|p1a: Smeargle|Substitute
|
|-heal|p1a: Smeargle|17/100|[from] item: Leftovers
|-ability|p1a: Smeargle|Moody|boost
|-boost|p1a: Smeargle|spd|2
|-unboost|p1a: Smeargle|spa|1
|upkeep
|turn|16
|
|t:|1668446455
|move|p1a: Smeargle|Spore|p2a: Necrozma
|-status|p2a: Necrozma|slp|[from] move: Spore
|cant|p2a: Necrozma|slp
|
|-heal|p1a: Smeargle|23/100|[from] item: Leftovers
|-ability|p1a: Smeargle|Moody|boost
|-boost|p1a: Smeargle|spe|2
|-unboost|p1a: Smeargle|def|1
|upkeep
|turn|17
|
|t:|1668446459
|move|p1a: Smeargle|Power Trip|p2a: Necrozma
|-supereffective|p2a: Necrozma
|-damage|p2a: Necrozma|33/100 slp
|cant|p2a: Necrozma|slp
|
|-heal|p1a: Smeargle|29/100|[from] item: Leftovers
|-ability|p1a: Smeargle|Moody|boost
|-boost|p1a: Smeargle|spa|2
|-unboost|p1a: Smeargle|spd|1
|upkeep
|turn|18
|
|t:|1668446477
|move|p1a: Smeargle|Power Trip|p2a: Necrozma
|-supereffective|p2a: Necrozma
|-damage|p2a: Necrozma|0 fnt
|faint|p2a: Necrozma
|
|-heal|p1a: Smeargle|35/100|[from] item: Leftovers
|-ability|p1a: Smeargle|Moody|boost
|-boost|p1a: Smeargle|def|2
|-unboost|p1a: Smeargle|spa|1
|upkeep
|-message|Pikaslayer2001 forfeited.
|
|win|Da1mon!
|raw|Da1mon!'s rating: 1670 &rarr; <strong>1699</strong><br />(+29 for winning)
|raw|Pikaslayer2001's rating: 1843 &rarr; <strong>1814</strong><br />(-29 for losing)
|l|☆Pikaslayer2001
||Ladder isn't responding, score probably updated but might not have (Request timeout).
