|j|☆Defensive0
|j|☆lmisdreavus
|t:|1666862574
|gametype|singles
|player|p1|Defensive0|riley|1808
|player|p2|lmisdreavus|1|1911
|teamsize|p1|6
|teamsize|p2|6
|gen|8
|tier|[Gen 8] National Dex AG
|rated|
|rule|HP Percentage Mod: HP is shown in percentages
|rule|Endless Battle Clause: Forcing endless battles is banned
|clearpoke
|poke|p1|Dragapult, M|
|poke|p1|Arceus-*|
|poke|p1|Ditto|
|poke|p1|Arceus-*|
|poke|p1|Arceus-*|
|poke|p1|Groudon|
|poke|p2|Arceus-*|
|poke|p2|Yveltal|
|poke|p2|Ho-Oh|
|poke|p2|Blissey, F|
|poke|p2|Ditto|
|poke|p2|Rayquaza|
|teampreview
|inactive|Battle timer is ON: inactive players will automatically lose when time's up. (requested by Defensive0)
|
|t:|1666862585
|start
|switch|p1a: Arceus|Arceus-Dark|100/100
|switch|p2a: Arceus|Arceus-Ground|100/100
|turn|1
|
|t:|1666862590
|switch|p2a: Ditto|Ditto|100/100
|-transform|p2a: Ditto|p1a: Arceus|[from] ability: Imposter
|move|p1a: Arceus|Whirlpool|p2a: Ditto|[miss]
|-miss|p1a: Arceus|p2a: Ditto
|
|upkeep
|turn|2
|j| TwTv Bepersch
|
|t:|1666862611
|switch|p2a: Yveltal|Yveltal|100/100
|-ability|p2a: Yveltal|Dark Aura
|move|p1a: Arceus|Whirlpool|p2a: Yveltal
|-damage|p2a: Yveltal|95/100
|-activate|p2a: Yveltal|move: Whirlpool|[of] p1a: Arceus
|
|-damage|p2a: Yveltal|83/100|[from] move: Whirlpool|[partiallytrapped]
|upkeep
|turn|3
|
|t:|1666862615
|move|p1a: Arceus|Perish Song|p1a: Arceus
|-start|p1a: Arceus|perish3|[silent]
|-start|p2a: Yveltal|perish3|[silent]
|-fieldactivate|move: Perish Song
|move|p2a: Yveltal|U-turn|p1a: Arceus
|-supereffective|p1a: Arceus
|-damage|p1a: Arceus|67/100
|
|t:|1666862621
|switch|p2a: Rayquaza|Rayquaza|100/100|[from]move: U-turn
|-ability|p2a: Rayquaza|Air Lock
|
|-start|p1a: Arceus|perish3
|upkeep
|turn|4
|
|t:|1666862625
|detailschange|p2a: Rayquaza|Rayquaza-Mega
|-mega|p2a: Rayquaza|Rayquaza|
|-weather|DeltaStream|[from] ability: Delta Stream|[of] p2a: Rayquaza
|move|p1a: Arceus|Whirlpool|p2a: Rayquaza
|-resisted|p2a: Rayquaza
|-damage|p2a: Rayquaza|96/100
|-activate|p2a: Rayquaza|move: Whirlpool|[of] p1a: Arceus
|move|p2a: Rayquaza|Dragon Ascent|p1a: Arceus
|-damage|p1a: Arceus|0 fnt
|-unboost|p2a: Rayquaza|def|1
|-unboost|p2a: Rayquaza|spd|1
|faint|p1a: Arceus
|
|-weather|DeltaStream|[upkeep]
|-end|p2a: Rayquaza|Whirlpool|[partiallytrapped]|[silent]
|upkeep
|
|t:|1666862636
|switch|p1a: Dragapult|Dragapult, M|100/100
|turn|5
|
|t:|1666862643
|-weather|none
|switch|p2a: Ho-Oh|Ho-Oh|100/100
|move|p1a: Dragapult|Dragon Darts|p2a: Ho-Oh
|-damage|p2a: Ho-Oh|78/100
|-anim|p1a: Dragapult|Dragon Darts|p2a: Ho-Oh
|-damage|p2a: Ho-Oh|55/100
|-damage|p1a: Dragapult|91/100|[from] item: Life Orb
|
|upkeep
|turn|6
|
|t:|1666862653
|switch|p1a: Groudon|Groudon|100/100
|detailschange|p1a: Groudon|Groudon-Primal
|-primal|p1a: Groudon
|-weather|DesolateLand|[from] ability: Desolate Land|[of] p1a: Groudon
|move|p2a: Ho-Oh|Sacred Fire|p1a: Groudon
|-resisted|p1a: Groudon
|-damage|p1a: Groudon|87/100
|
|-weather|DesolateLand|[upkeep]
|upkeep
|turn|7
|
|t:|1666862658
|switch|p2a: Rayquaza|Rayquaza-Mega|96/100
|-weather|DeltaStream|[from] ability: Delta Stream|[of] p2a: Rayquaza
|move|p1a: Groudon|Thunder Wave|p2a: Rayquaza
|-status|p2a: Rayquaza|par
|
|-weather|DeltaStream|[upkeep]
|upkeep
|turn|8
|
|t:|1666862661
|move|p1a: Groudon|Stealth Rock|p2a: Rayquaza
|-sidestart|p2: lmisdreavus|move: Stealth Rock
|move|p2a: Rayquaza|Dragon Ascent|p1a: Groudon
|-damage|p1a: Groudon|36/100
|-unboost|p2a: Rayquaza|def|1
|-unboost|p2a: Rayquaza|spd|1
|
|-weather|DeltaStream|[upkeep]
|upkeep
|turn|9
|
|t:|1666862665
|move|p1a: Groudon|Lava Plume|p2a: Rayquaza
|-resisted|p2a: Rayquaza
|-damage|p2a: Rayquaza|69/100 par
|move|p2a: Rayquaza|Dragon Ascent|p1a: Groudon
|-damage|p1a: Groudon|0 fnt
|-unboost|p2a: Rayquaza|def|1
|-unboost|p2a: Rayquaza|spd|1
|faint|p1a: Groudon
|
|-weather|DeltaStream|[upkeep]
|upkeep
|
|t:|1666862675
|switch|p1a: Dragapult|Dragapult, M|91/100
|turn|10
|
|t:|1666862679
|-weather|none
|switch|p2a: Ho-Oh|Ho-Oh|88/100
|move|p1a: Dragapult|Dragon Darts|p2a: Ho-Oh
|-damage|p2a: Ho-Oh|66/100
|-anim|p1a: Dragapult|Dragon Darts|p2a: Ho-Oh
|-damage|p2a: Ho-Oh|44/100
|-damage|p1a: Dragapult|81/100|[from] item: Life Orb
|
|upkeep
|turn|11
|
|t:|1666862688
|move|p1a: Dragapult|Dragon Darts|p2a: Ho-Oh
|-damage|p2a: Ho-Oh|23/100
|-anim|p1a: Dragapult|Dragon Darts|p2a: Ho-Oh
|-damage|p2a: Ho-Oh|1/100
|-damage|p1a: Dragapult|71/100|[from] item: Life Orb
|move|p2a: Ho-Oh|Defog|p1a: Dragapult
|-unboost|p1a: Dragapult|evasion|1
|-sideend|p2: lmisdreavus|Stealth Rock|[from] move: Defog|[of] p2a: Ho-Oh
|
|upkeep
|turn|12
|
|t:|1666862697
|move|p1a: Dragapult|Dragon Dance|p1a: Dragapult
|-boost|p1a: Dragapult|atk|1
|-boost|p1a: Dragapult|spe|1
|move|p2a: Ho-Oh|Toxic|p1a: Dragapult
|-status|p1a: Dragapult|tox
|
|-damage|p1a: Dragapult|65/100 tox|[from] psn
|upkeep
|turn|13
|
|t:|1666862700
|move|p1a: Dragapult|Dragon Darts|p2a: Ho-Oh
|-damage|p2a: Ho-Oh|0 fnt
|faint|p2a: Ho-Oh
|-damage|p1a: Dragapult|55/100 tox|[from] item: Life Orb
|
|-damage|p1a: Dragapult|43/100 tox|[from] psn
|upkeep
|
|t:|1666862703
|switch|p2a: Ditto|Ditto|100/100
|-transform|p2a: Ditto|p1a: Dragapult|[from] ability: Imposter
|turn|14
|
|t:|1666862708
|move|p2a: Ditto|Dragon Darts|p1a: Dragapult
|-supereffective|p1a: Dragapult
|-damage|p1a: Dragapult|0 fnt
|faint|p1a: Dragapult
|
|upkeep
|
|t:|1666862714
|switch|p1a: Arceus|Arceus|100/100
|turn|15
|inactive|lmisdreavus has 120 seconds left.
|
|t:|1666862748
|-start|p2a: Ditto|Dynamax|
|-heal|p2a: Ditto|100/100|[silent]
|-start|p1a: Arceus|Dynamax|
|-heal|p1a: Arceus|100/100|[silent]
|move|p2a: Ditto|Max Wyrmwind|p1a: Arceus
|-damage|p1a: Arceus|64/100
|-unboost|p1a: Arceus|atk|1
|move|p1a: Arceus|Max Phantasm|p2a: Ditto
|-supereffective|p2a: Ditto
|-damage|p2a: Ditto|61/100
|-unboost|p2a: Ditto|def|1
|
|upkeep
|turn|16
|
|t:|1666862753
|move|p1a: Arceus|Max Guard|p1a: Arceus
|-singleturn|p1a: Arceus|Max Guard
|move|p2a: Ditto|Max Wyrmwind|p1a: Arceus
|-activate|p1a: Arceus|move: Max Guard
|
|upkeep
|turn|17
|
|t:|1666862766
|-end|p1a: Arceus|Dynamax
|-heal|p1a: Arceus|64/100|[silent]
|switch|p1a: Ditto|Ditto, shiny|100/100
|move|p2a: Ditto|Max Wyrmwind|p1a: Ditto
|-crit|p1a: Ditto
|-damage|p1a: Ditto|0 fnt
|faint|p1a: Ditto
|
|upkeep
|
|t:|1666862771
|switch|p1a: Arceus|Arceus|64/100
|-end|p2a: Ditto|Dynamax
|-heal|p2a: Ditto|61/100|[silent]
|turn|18
|
|t:|1666862775
|move|p2a: Ditto|Dragon Darts|p1a: Arceus
|-damage|p1a: Arceus|39/100
|-anim|p2a: Ditto|Dragon Darts|p1a: Arceus
|-damage|p1a: Arceus|13/100
|move|p1a: Arceus|Recover|p1a: Arceus
|-heal|p1a: Arceus|63/100
|
|upkeep
|turn|19
|
|t:|1666862787
|switch|p2a: Yveltal|Yveltal|83/100
|-ability|p2a: Yveltal|Dark Aura
|move|p1a: Arceus|Recover|p1a: Arceus
|-heal|p1a: Arceus|100/100
|
|upkeep
|turn|20
|
|t:|1666862790
|switch|p1a: Arceus|Arceus-Water|100/100
|move|p2a: Yveltal|Foul Play|p1a: Arceus
|-damage|p1a: Arceus|74/100
|
|upkeep
|turn|21
|
|t:|1666862793
|move|p1a: Arceus|Calm Mind|p1a: Arceus
|-boost|p1a: Arceus|spa|1
|-boost|p1a: Arceus|spd|1
|move|p2a: Yveltal|U-turn|p1a: Arceus
|-damage|p1a: Arceus|57/100
|
|t:|1666862796
|switch|p2a: Ditto|Ditto|61/100|[from]move: U-turn
|-transform|p2a: Ditto|p1a: Arceus|[from] ability: Imposter
|
|upkeep
|turn|22
|
|t:|1666862806
|switch|p2a: Blissey|Blissey, F|100/100
|move|p1a: Arceus|Recover|p1a: Arceus
|-heal|p1a: Arceus|100/100
|
|upkeep
|turn|23
|
|t:|1666862808
|move|p1a: Arceus|Calm Mind|p1a: Arceus
|-boost|p1a: Arceus|spa|1
|-boost|p1a: Arceus|spd|1
|move|p2a: Blissey|Heal Bell|p2a: Blissey
|-activate|p2a: Blissey|move: Heal Bell
|-curestatus|p2: Rayquaza|par|[msg]
|
|upkeep
|turn|24
|
|t:|1666862810
|move|p1a: Arceus|Calm Mind|p1a: Arceus
|-boost|p1a: Arceus|spa|1
|-boost|p1a: Arceus|spd|1
|move|p2a: Blissey|Wish|p2a: Blissey
|
|upkeep
|turn|25
|
|t:|1666862815
|switch|p2a: Rayquaza|Rayquaza-Mega|69/100
|-weather|DeltaStream|[from] ability: Delta Stream|[of] p2a: Rayquaza
|move|p1a: Arceus|Judgment|p2a: Rayquaza
|-resisted|p2a: Rayquaza
|-damage|p2a: Rayquaza|8/100
|
|-weather|DeltaStream|[upkeep]
|-heal|p2a: Rayquaza|100/100|[from] move: Wish|[wisher] Blissey
|upkeep
|turn|26
|
|t:|1666862822
|move|p1a: Arceus|Judgment|p2a: Rayquaza
|-resisted|p2a: Rayquaza
|-damage|p2a: Rayquaza|38/100
|move|p2a: Rayquaza|Dragon Ascent|p1a: Arceus
|-damage|p1a: Arceus|25/100
|-unboost|p2a: Rayquaza|def|1
|-unboost|p2a: Rayquaza|spd|1
|
|-weather|DeltaStream|[upkeep]
|upkeep
|turn|27
|
|t:|1666862830
|move|p1a: Arceus|Judgment|p2a: Rayquaza
|-resisted|p2a: Rayquaza
|-damage|p2a: Rayquaza|0 fnt
|faint|p2a: Rayquaza
|-weather|none
|
|upkeep
|
|t:|1666862832
|switch|p2a: Ditto|Ditto|61/100
|-transform|p2a: Ditto|p1a: Arceus|[from] ability: Imposter
|turn|28
|
|t:|1666862835
|move|p2a: Ditto|Judgment|p1a: Arceus
|-damage|p1a: Arceus|9/100
|move|p1a: Arceus|Recover|p1a: Arceus
|-heal|p1a: Arceus|59/100
|
|upkeep
|turn|29
|
|t:|1666862842
|switch|p2a: Blissey|Blissey, F|100/100
|move|p1a: Arceus|Recover|p1a: Arceus
|-heal|p1a: Arceus|100/100
|
|upkeep
|turn|30
|
|t:|1666862845
|move|p1a: Arceus|Calm Mind|p1a: Arceus
|-boost|p1a: Arceus|spa|1
|-boost|p1a: Arceus|spd|1
|move|p2a: Blissey|Wish|p2a: Blissey
|
|upkeep
|turn|31
|
|t:|1666862847
|switch|p2a: Ditto|Ditto|61/100
|-transform|p2a: Ditto|p1a: Arceus|[from] ability: Imposter
|move|p1a: Arceus|Calm Mind|p1a: Arceus
|-boost|p1a: Arceus|spa|1
|-boost|p1a: Arceus|spd|1
|
|-heal|p2a: Ditto|100/100|[from] move: Wish|[wisher] Blissey
|upkeep
|turn|32
|
|t:|1666862851
|switch|p2a: Blissey|Blissey, F|100/100
|move|p1a: Arceus|Judgment|p2a: Blissey
|-damage|p2a: Blissey|50/100
|
|upkeep
|turn|33
|
|t:|1666862853
|move|p1a: Arceus|Judgment|p2a: Blissey
|-damage|p2a: Blissey|5/100
|move|p2a: Blissey|Soft-Boiled|p2a: Blissey
|-heal|p2a: Blissey|55/100
|
|upkeep
|turn|34
|
|t:|1666862856
|move|p1a: Arceus|Calm Mind|p1a: Arceus
|-boost|p1a: Arceus|spa|1
|-boost|p1a: Arceus|spd|1
|move|p2a: Blissey|Soft-Boiled|p2a: Blissey
|-heal|p2a: Blissey|100/100
|
|upkeep
|turn|35
|
|t:|1666862859
|move|p1a: Arceus|Judgment|p2a: Blissey
|-damage|p2a: Blissey|48/100
|move|p2a: Blissey|Soft-Boiled|p2a: Blissey
|-heal|p2a: Blissey|98/100
|
|upkeep
|turn|36
|
|t:|1666862864
|move|p1a: Arceus|Calm Mind|p1a: Arceus
|-boost|p1a: Arceus|spa|0
|-boost|p1a: Arceus|spd|0
|move|p2a: Blissey|Soft-Boiled|p2a: Blissey
|-heal|p2a: Blissey|100/100
|
|upkeep
|turn|37
|
|t:|1666862869
|move|p1a: Arceus|Judgment|p2a: Blissey
|-damage|p2a: Blissey|49/100
|move|p2a: Blissey|Wish|p2a: Blissey
|
|upkeep
|turn|38
|
|t:|1666862872
|move|p1a: Arceus|Judgment|p2a: Blissey
|-damage|p2a: Blissey|0 fnt
|faint|p2a: Blissey
|
|upkeep
|
|t:|1666862875
|switch|p2a: Ditto|Ditto|100/100
|-transform|p2a: Ditto|p1a: Arceus|[from] ability: Imposter
|turn|39
|-message|lmisdreavus forfeited.
|
|win|Defensive0
|raw|Defensive0's rating: 1808 &rarr; <strong>1834</strong><br />(+26 for winning)
|raw|lmisdreavus's rating: 1911 &rarr; <strong>1885</strong><br />(-26 for losing)
|l|☆lmisdreavus
