|j|☆xiaolinyo
|j|☆orange overhaul
|t:|1662809282
|gametype|singles
|player|p1|xiaolinyo|iris-gen5bw2|1572
|player|p2|orange overhaul|plasmagruntf-gen5bw|1688
|teamsize|p1|6
|teamsize|p2|6
|gen|8
|tier|[Gen 8] National Dex AG
|rated|
|rule|HP Percentage Mod: HP is shown in percentages
|rule|Endless Battle Clause: Forcing endless battles is banned
|clearpoke
|poke|p1|Sableye, F|
|poke|p1|Arceus-*|
|poke|p1|Chansey, F|
|poke|p1|Giratina|
|poke|p1|Lugia|
|poke|p1|Necrozma-Dusk-Mane|
|poke|p2|Kartana|
|poke|p2|Arceus-*|
|poke|p2|Groudon|
|poke|p2|Zacian-*|
|poke|p2|Eternatus|
|poke|p2|Rayquaza|
|teampreview
|inactive|Battle timer is ON: inactive players will automatically lose when time's up. (requested by orange overhaul)
|inactive|xiaolinyo also wants the timer to be on.
|c|☆orange overhaul|glhf
|c|☆xiaolinyo|t
|
|t:|1662809304
|start
|switch|p1a: Sableye|Sableye, F|100/100
|switch|p2a: Groudon|Groudon|100/100
|detailschange|p2a: Groudon|Groudon-Primal
|-primal|p2a: Groudon
|-weather|DesolateLand|[from] ability: Desolate Land|[of] p2a: Groudon
|turn|1
|
|t:|1662809314
|detailschange|p1a: Sableye|Sableye-Mega, F
|-mega|p1a: Sableye|Sableye|Sablenite
|move|p1a: Sableye|Protect|p1a: Sableye
|-singleturn|p1a: Sableye|Protect
|move|p2a: Groudon|Flamethrower|p1a: Sableye
|-activate|p1a: Sableye|move: Protect
|
|-weather|DesolateLand|[upkeep]
|upkeep
|turn|2
|
|t:|1662809324
|switch|p1a: Lugia|Lugia|100/100
|move|p2a: Groudon|Flamethrower|p1a: Lugia
|-damage|p1a: Lugia|82/100
|
|-weather|DesolateLand|[upkeep]
|-heal|p1a: Lugia|88/100|[from] item: Leftovers
|upkeep
|turn|3
|
|t:|1662809337
|-weather|none
|switch|p2a: Eternatus|Eternatus|100/100
|-ability|p2a: Eternatus|Pressure
|switch|p1a: Sableye|Sableye-Mega, F|100/100
|
|upkeep
|turn|4
|
|t:|1662809343
|move|p1a: Sableye|Protect|p1a: Sableye
|-singleturn|p1a: Sableye|Protect
|move|p2a: Eternatus|Cosmic Power|p2a: Eternatus
|-boost|p2a: Eternatus|def|1
|-boost|p2a: Eternatus|spd|1
|
|upkeep
|turn|5
|
|t:|1662809350
|move|p2a: Eternatus|Cosmic Power|p2a: Eternatus
|-boost|p2a: Eternatus|def|1
|-boost|p2a: Eternatus|spd|1
|move|p1a: Sableye|Will-O-Wisp|p2a: Eternatus
|-status|p2a: Eternatus|brn
|
|-damage|p2a: Eternatus|94/100 brn|[from] brn
|upkeep
|turn|6
|
|t:|1662809376
|switch|p1a: Chansey|Chansey, F|100/100
|move|p2a: Eternatus|Dynamax Cannon|p1a: Chansey
|-damage|p1a: Chansey|84/100
|
|-heal|p2a: Eternatus|100/100 brn|[from] item: Black Sludge
|-damage|p2a: Eternatus|94/100 brn|[from] brn
|upkeep
|turn|7
|
|t:|1662809382
|switch|p2a: Rayquaza|Rayquaza|100/100
|-ability|p2a: Rayquaza|Air Lock
|move|p1a: Chansey|Teleport|p1a: Chansey
|
|t:|1662809391
|switch|p1a: Arceus|Arceus-Fairy|100/100|[from]move: Teleport
|
|upkeep
|turn|8
|
|t:|1662809399
|switch|p2a: Zacian|Zacian-Crowned|100/100
|-ability|p2a: Zacian|Intrepid Sword|boost
|-boost|p2a: Zacian|atk|1
|move|p1a: Arceus|Will-O-Wisp|p2a: Zacian
|-status|p2a: Zacian|brn
|
|-damage|p2a: Zacian|94/100 brn|[from] brn
|upkeep
|turn|9
|
|t:|1662809407
|switch|p1a: Necrozma|Necrozma-Dusk-Mane|100/100
|move|p2a: Zacian|Behemoth Blade|p1a: Necrozma
|-resisted|p1a: Necrozma
|-damage|p1a: Necrozma|89/100
|-damage|p2a: Zacian|78/100 brn|[from] item: Rocky Helmet|[of] p1a: Necrozma
|
|-damage|p2a: Zacian|72/100 brn|[from] brn
|upkeep
|turn|10
|
|t:|1662809414
|switch|p2a: Groudon|Groudon-Primal|100/100
|-weather|DesolateLand|[from] ability: Desolate Land|[of] p2a: Groudon
|move|p1a: Necrozma|Stealth Rock|p2a: Groudon
|-sidestart|p2: orange overhaul|move: Stealth Rock
|
|-weather|DesolateLand|[upkeep]
|upkeep
|turn|11
|
|t:|1662809418
|switch|p1a: Lugia|Lugia|88/100
|move|p2a: Groudon|Stealth Rock|p1a: Lugia
|-sidestart|p1: xiaolinyo|move: Stealth Rock
|
|-weather|DesolateLand|[upkeep]
|-heal|p1a: Lugia|95/100|[from] item: Leftovers
|upkeep
|turn|12
|
|t:|1662809428
|move|p2a: Groudon|Stone Edge|p1a: Lugia|[miss]
|-miss|p2a: Groudon|p1a: Lugia
|move|p1a: Lugia|Substitute|p1a: Lugia
|-start|p1a: Lugia|Substitute
|-damage|p1a: Lugia|70/100
|
|-weather|DesolateLand|[upkeep]
|-heal|p1a: Lugia|76/100|[from] item: Leftovers
|upkeep
|turn|13
|
|t:|1662809435
|move|p2a: Groudon|Stone Edge|p1a: Lugia
|-supereffective|p1a: Lugia
|-crit|p1a: Lugia
|-end|p1a: Lugia|Substitute
|move|p1a: Lugia|Toxic|p2a: Groudon
|-status|p2a: Groudon|tox
|
|-weather|DesolateLand|[upkeep]
|-heal|p1a: Lugia|82/100|[from] item: Leftovers
|-damage|p2a: Groudon|94/100 tox|[from] psn
|upkeep
|turn|14
|
|t:|1662809444
|switch|p1a: Giratina|Giratina|100/100
|-damage|p1a: Giratina|88/100|[from] Stealth Rock
|-ability|p1a: Giratina|Pressure
|move|p2a: Groudon|Stone Edge|p1a: Giratina
|-damage|p1a: Giratina|69/100
|
|-weather|DesolateLand|[upkeep]
|-heal|p1a: Giratina|75/100|[from] item: Leftovers
|-damage|p2a: Groudon|82/100 tox|[from] psn
|upkeep
|turn|15
|
|t:|1662809453
|-weather|none
|switch|p2a: Arceus|Arceus-Ground|100/100
|-damage|p2a: Arceus|94/100|[from] Stealth Rock
|move|p1a: Giratina|Defog|p2a: Arceus
|-unboost|p2a: Arceus|evasion|1
|-sideend|p2: orange overhaul|Stealth Rock|[from] move: Defog|[of] p1a: Giratina
|-sideend|p1: xiaolinyo|Stealth Rock|[from] move: Defog|[of] p1a: Giratina
|
|-heal|p1a: Giratina|82/100|[from] item: Leftovers
|upkeep
|turn|16
|
|t:|1662809463
|move|p2a: Arceus|Ice Beam|p1a: Giratina
|-supereffective|p1a: Giratina
|-damage|p1a: Giratina|55/100
|move|p1a: Giratina|Toxic|p2a: Arceus
|-status|p2a: Arceus|tox
|
|-heal|p1a: Giratina|61/100|[from] item: Leftovers
|-damage|p2a: Arceus|88/100 tox|[from] psn
|upkeep
|turn|17
|
|t:|1662809469
|switch|p1a: Lugia|Lugia|82/100
|move|p2a: Arceus|Ice Beam|p1a: Lugia
|-supereffective|p1a: Lugia
|-damage|p1a: Lugia|54/100
|
|-heal|p1a: Lugia|61/100|[from] item: Leftovers
|-damage|p2a: Arceus|76/100 tox|[from] psn
|upkeep
|turn|18
|
|t:|1662809487
|switch|p2a: Kartana|Kartana|100/100
|move|p1a: Lugia|Roost|p1a: Lugia
|-heal|p1a: Lugia|100/100
|-singleturn|p1a: Lugia|move: Roost
|
|upkeep
|turn|19
|
|t:|1662809498
|switch|p1a: Sableye|Sableye-Mega, F|100/100
|move|p2a: Kartana|Knock Off|p1a: Sableye
|-damage|p1a: Sableye|81/100
|
|upkeep
|turn|20
|inactive|orange overhaul has 120 seconds left.
|
|t:|1662809535
|switch|p2a: Groudon|Groudon-Primal|82/100 tox
|-weather|DesolateLand|[from] ability: Desolate Land|[of] p2a: Groudon
|move|p1a: Sableye|Foul Play|p2a: Groudon
|-damage|p2a: Groudon|54/100 tox
|
|-weather|DesolateLand|[upkeep]
|-damage|p2a: Groudon|48/100 tox|[from] psn
|upkeep
|turn|21
|inactive|orange overhaul has 120 seconds left.
|
|t:|1662809542
|move|p1a: Sableye|Protect|p1a: Sableye
|-singleturn|p1a: Sableye|Protect
|move|p2a: Groudon|Stone Edge|p1a: Sableye
|-activate|p1a: Sableye|move: Protect
|
|-weather|DesolateLand|[upkeep]
|-damage|p2a: Groudon|35/100 tox|[from] psn
|upkeep
|turn|22
|
|t:|1662809550
|switch|p1a: Necrozma|Necrozma-Dusk-Mane|89/100
|move|p2a: Groudon|Flamethrower|p1a: Necrozma
|-supereffective|p1a: Necrozma
|-damage|p1a: Necrozma|20/100
|
|-weather|DesolateLand|[upkeep]
|-damage|p2a: Groudon|17/100 tox|[from] psn
|upkeep
|turn|23
|
|t:|1662809557
|switch|p1a: Sableye|Sableye-Mega, F|81/100
|move|p2a: Groudon|Flamethrower|p1a: Sableye
|-damage|p1a: Sableye|26/100
|
|-weather|DesolateLand|[upkeep]
|-damage|p2a: Groudon|0 fnt|[from] psn
|faint|p2a: Groudon
|-weather|none
|upkeep
|
|t:|1662809577
|switch|p2a: Rayquaza|Rayquaza|100/100
|-ability|p2a: Rayquaza|Air Lock
|turn|24
|
|t:|1662809586
|detailschange|p2a: Rayquaza|Rayquaza-Mega
|-mega|p2a: Rayquaza|Rayquaza|
|-weather|DeltaStream|[from] ability: Delta Stream|[of] p2a: Rayquaza
|move|p2a: Rayquaza|Earthquake|p1a: Sableye
|-damage|p1a: Sableye|0 fnt
|faint|p1a: Sableye
|-damage|p2a: Rayquaza|91/100|[from] item: Life Orb
|
|-weather|DeltaStream|[upkeep]
|upkeep
|
|t:|1662809595
|switch|p1a: Arceus|Arceus-Fairy|100/100
|turn|25
|
|t:|1662809604
|-weather|none
|switch|p2a: Eternatus|Eternatus|94/100 brn
|-ability|p2a: Eternatus|Pressure
|move|p1a: Arceus|Judgment|p2a: Eternatus
|-damage|p2a: Eternatus|54/100 brn
|
|-heal|p2a: Eternatus|60/100 brn|[from] item: Black Sludge
|-damage|p2a: Eternatus|54/100 brn|[from] brn
|upkeep
|turn|26
|
|t:|1662809612
|move|p2a: Eternatus|Cosmic Power|p2a: Eternatus
|-boost|p2a: Eternatus|def|1
|-boost|p2a: Eternatus|spd|1
|move|p1a: Arceus|Judgment|p2a: Eternatus
|-damage|p2a: Eternatus|28/100 brn
|
|-heal|p2a: Eternatus|34/100 brn|[from] item: Black Sludge
|-damage|p2a: Eternatus|28/100 brn|[from] brn
|upkeep
|turn|27
|
|t:|1662809617
|switch|p1a: Chansey|Chansey, F|84/100
|move|p2a: Eternatus|Recover|p2a: Eternatus
|-heal|p2a: Eternatus|78/100 brn
|
|-heal|p2a: Eternatus|84/100 brn|[from] item: Black Sludge
|-damage|p2a: Eternatus|78/100 brn|[from] brn
|upkeep
|turn|28
|
|t:|1662809628
|move|p2a: Eternatus|Flamethrower|p1a: Chansey
|-damage|p1a: Chansey|76/100
|move|p1a: Chansey|Teleport|p1a: Chansey
|
|t:|1662809644
|switch|p1a: Necrozma|Necrozma-Dusk-Mane|20/100|[from]move: Teleport
|
|-heal|p2a: Eternatus|84/100 brn|[from] item: Black Sludge
|-damage|p2a: Eternatus|78/100 brn|[from] brn
|upkeep
|turn|29
|
|t:|1662809650
|switch|p1a: Chansey|Chansey, F|76/100
|move|p2a: Eternatus|Flamethrower|p1a: Chansey
|-damage|p1a: Chansey|66/100
|
|-heal|p2a: Eternatus|84/100 brn|[from] item: Black Sludge
|-damage|p2a: Eternatus|78/100 brn|[from] brn
|upkeep
|turn|30
|
|t:|1662809658
|move|p2a: Eternatus|Flamethrower|p1a: Chansey
|-damage|p1a: Chansey|57/100
|move|p1a: Chansey|Confide|p2a: Eternatus
|-unboost|p2a: Eternatus|spa|1
|
|-heal|p2a: Eternatus|84/100 brn|[from] item: Black Sludge
|-damage|p2a: Eternatus|78/100 brn|[from] brn
|upkeep
|turn|31
|
|t:|1662809666
|switch|p2a: Rayquaza|Rayquaza-Mega|91/100
|-weather|DeltaStream|[from] ability: Delta Stream|[of] p2a: Rayquaza
|move|p1a: Chansey|Soft-Boiled|p1a: Chansey
|-heal|p1a: Chansey|100/100
|
|-weather|DeltaStream|[upkeep]
|upkeep
|turn|32
|
|t:|1662809672
|switch|p1a: Lugia|Lugia|100/100
|move|p2a: Rayquaza|Dragon Dance|p2a: Rayquaza
|-boost|p2a: Rayquaza|atk|1
|-boost|p2a: Rayquaza|spe|1
|
|-weather|DeltaStream|[upkeep]
|upkeep
|turn|33
|
|t:|1662809680
|move|p2a: Rayquaza|Extreme Speed|p1a: Lugia
|-damage|p1a: Lugia|83/100
|-damage|p2a: Rayquaza|81/100|[from] item: Life Orb
|move|p1a: Lugia|Toxic|p2a: Rayquaza
|-status|p2a: Rayquaza|tox
|
|-weather|DeltaStream|[upkeep]
|-heal|p1a: Lugia|89/100|[from] item: Leftovers
|-damage|p2a: Rayquaza|75/100 tox|[from] psn
|upkeep
|turn|34
|
|t:|1662809691
|switch|p1a: Necrozma|Necrozma-Dusk-Mane|20/100
|move|p2a: Rayquaza|Dragon Ascent|p1a: Necrozma
|-resisted|p1a: Necrozma
|-damage|p1a: Necrozma|0 fnt
|-unboost|p2a: Rayquaza|def|1
|-unboost|p2a: Rayquaza|spd|1
|-damage|p2a: Rayquaza|58/100 tox|[from] item: Rocky Helmet|[of] p1a: Necrozma
|faint|p1a: Necrozma
|-damage|p2a: Rayquaza|48/100 tox|[from] item: Life Orb
|
|-weather|DeltaStream|[upkeep]
|-damage|p2a: Rayquaza|36/100 tox|[from] psn
|upkeep
|
|t:|1662809701
|switch|p1a: Lugia|Lugia|89/100
|turn|35
|
|t:|1662809704
|move|p2a: Rayquaza|Dragon Ascent|p1a: Lugia
|-damage|p1a: Lugia|6/100
|-unboost|p2a: Rayquaza|def|1
|-unboost|p2a: Rayquaza|spd|1
|-damage|p2a: Rayquaza|26/100 tox|[from] item: Life Orb
|move|p1a: Lugia|Roost|p1a: Lugia
|-heal|p1a: Lugia|56/100
|-singleturn|p1a: Lugia|move: Roost
|
|-weather|DeltaStream|[upkeep]
|-heal|p1a: Lugia|62/100|[from] item: Leftovers
|-damage|p2a: Rayquaza|8/100 tox|[from] psn
|upkeep
|turn|36
|
|t:|1662809715
|switch|p1a: Arceus|Arceus-Fairy|100/100
|move|p2a: Rayquaza|Dragon Ascent|p1a: Arceus
|-damage|p1a: Arceus|0 fnt
|-unboost|p2a: Rayquaza|def|1
|-unboost|p2a: Rayquaza|spd|1
|faint|p1a: Arceus
|-damage|p2a: Rayquaza|0 fnt|[from] item: Life Orb
|faint|p2a: Rayquaza
|-weather|none
|
|upkeep
|
|t:|1662809722
|switch|p2a: Zacian|Zacian-Crowned|72/100 brn
|switch|p1a: Lugia|Lugia|62/100
|-ability|p2a: Zacian|Intrepid Sword|boost
|-boost|p2a: Zacian|atk|1
|turn|37
|
|t:|1662809728
|move|p2a: Zacian|Wild Charge|p1a: Lugia
|-supereffective|p1a: Lugia
|-damage|p1a: Lugia|33/100
|-damage|p2a: Zacian|62/100 brn|[from] Recoil
|move|p1a: Lugia|Roost|p1a: Lugia
|-heal|p1a: Lugia|83/100
|-singleturn|p1a: Lugia|move: Roost
|
|-heal|p1a: Lugia|90/100|[from] item: Leftovers
|-damage|p2a: Zacian|56/100 brn|[from] brn
|upkeep
|turn|38
|
|t:|1662809734
|switch|p2a: Eternatus|Eternatus|78/100 brn
|-ability|p2a: Eternatus|Pressure
|move|p1a: Lugia|Roost|p1a: Lugia
|-heal|p1a: Lugia|100/100
|-singleturn|p1a: Lugia|move: Roost
|
|-heal|p2a: Eternatus|84/100 brn|[from] item: Black Sludge
|-damage|p2a: Eternatus|78/100 brn|[from] brn
|upkeep
|turn|39
|
|t:|1662809738
|switch|p1a: Chansey|Chansey, F|100/100
|move|p2a: Eternatus|Cosmic Power|p2a: Eternatus
|-boost|p2a: Eternatus|def|1
|-boost|p2a: Eternatus|spd|1
|
|-heal|p2a: Eternatus|84/100 brn|[from] item: Black Sludge
|-damage|p2a: Eternatus|78/100 brn|[from] brn
|upkeep
|turn|40
|
|t:|1662809749
|move|p2a: Eternatus|Flamethrower|p1a: Chansey
|-damage|p1a: Chansey|91/100
|-status|p1a: Chansey|brn
|move|p1a: Chansey|Confide|p2a: Eternatus
|-unboost|p2a: Eternatus|spa|1
|
|-heal|p2a: Eternatus|84/100 brn|[from] item: Black Sludge
|-damage|p2a: Eternatus|78/100 brn|[from] brn
|-damage|p1a: Chansey|85/100 brn|[from] brn
|upkeep
|turn|41
|
|t:|1662809766
|switch|p2a: Kartana|Kartana|100/100
|move|p1a: Chansey|Confide|p2a: Kartana
|-unboost|p2a: Kartana|spa|1
|
|-damage|p1a: Chansey|79/100 brn|[from] brn
|upkeep
|turn|42
|
|t:|1662809775
|switch|p1a: Lugia|Lugia|100/100
|-start|p2a: Kartana|Dynamax|
|-heal|p2a: Kartana|100/100|[silent]
|move|p2a: Kartana|Max Darkness|p1a: Lugia
|-supereffective|p1a: Lugia
|-damage|p1a: Lugia|72/100
|-unboost|p1a: Lugia|spd|1
|
|-heal|p1a: Lugia|78/100|[from] item: Leftovers
|upkeep
|turn|43
|
|t:|1662809789
|move|p2a: Kartana|Max Knuckle|p1a: Lugia
|-resisted|p1a: Lugia
|-damage|p1a: Lugia|73/100
|-boost|p2a: Kartana|atk|1
|move|p1a: Lugia|Roost|p1a: Lugia
|-heal|p1a: Lugia|100/100
|-singleturn|p1a: Lugia|move: Roost
|
|upkeep
|turn|44
|
|t:|1662809795
|switch|p1a: Giratina|Giratina|61/100
|-ability|p1a: Giratina|Pressure
|move|p2a: Kartana|Max Darkness|p1a: Giratina
|-supereffective|p1a: Giratina
|-damage|p1a: Giratina|0 fnt
|faint|p1a: Giratina
|-ability|p2a: Kartana|Beast Boost|boost
|-boost|p2a: Kartana|atk|1
|
|upkeep
|
|t:|1662809799
|switch|p1a: Lugia|Lugia|100/100
|-end|p2a: Kartana|Dynamax
|-heal|p2a: Kartana|100/100|[silent]
|turn|45
|
|t:|1662809808
|move|p2a: Kartana|Knock Off|p1a: Lugia
|-supereffective|p1a: Lugia
|-damage|p1a: Lugia|61/100
|-enditem|p1a: Lugia|Leftovers|[from] move: Knock Off|[of] p2a: Kartana
|move|p1a: Lugia|Whirlwind|p2a: Kartana
|drag|p2a: Eternatus|Eternatus|78/100 brn
|-ability|p2a: Eternatus|Pressure
|
|-heal|p2a: Eternatus|84/100 brn|[from] item: Black Sludge
|-damage|p2a: Eternatus|78/100 brn|[from] brn
|upkeep
|turn|46
|
|t:|1662809817
|move|p2a: Eternatus|Cosmic Power|p2a: Eternatus
|-boost|p2a: Eternatus|def|1
|-boost|p2a: Eternatus|spd|1
|move|p1a: Lugia|Roost|p1a: Lugia
|-heal|p1a: Lugia|100/100
|-singleturn|p1a: Lugia|move: Roost
|
|-heal|p2a: Eternatus|84/100 brn|[from] item: Black Sludge
|-damage|p2a: Eternatus|78/100 brn|[from] brn
|upkeep
|turn|47
|
|t:|1662809823
|switch|p1a: Chansey|Chansey, F|79/100 brn
|move|p2a: Eternatus|Flamethrower|p1a: Chansey
|-damage|p1a: Chansey|70/100 brn
|
|-heal|p2a: Eternatus|84/100 brn|[from] item: Black Sludge
|-damage|p2a: Eternatus|78/100 brn|[from] brn
|-damage|p1a: Chansey|64/100 brn|[from] brn
|upkeep
|turn|48
|
|t:|1662809831
|move|p2a: Eternatus|Cosmic Power|p2a: Eternatus
|-boost|p2a: Eternatus|def|1
|-boost|p2a: Eternatus|spd|1
|move|p1a: Chansey|Soft-Boiled|p1a: Chansey
|-heal|p1a: Chansey|100/100 brn
|
|-heal|p2a: Eternatus|84/100 brn|[from] item: Black Sludge
|-damage|p2a: Eternatus|78/100 brn|[from] brn
|-damage|p1a: Chansey|94/100 brn|[from] brn
|upkeep
|turn|49
|
|t:|1662809845
|switch|p2a: Arceus|Arceus-Ground|76/100 tox
|move|p1a: Chansey|Confide|p2a: Arceus
|-unboost|p2a: Arceus|spa|1
|
|-damage|p2a: Arceus|70/100 tox|[from] psn
|-damage|p1a: Chansey|88/100 brn|[from] brn
|upkeep
|turn|50
|
|t:|1662809849
|move|p2a: Arceus|Recover|p2a: Arceus
|-heal|p2a: Arceus|100/100 tox
|move|p1a: Chansey|Confide|p2a: Arceus
|-unboost|p2a: Arceus|spa|1
|
|-damage|p2a: Arceus|88/100 tox|[from] psn
|-damage|p1a: Chansey|82/100 brn|[from] brn
|upkeep
|turn|51
|
|t:|1662809855
|switch|p1a: Lugia|Lugia|100/100
|move|p2a: Arceus|Judgment|p1a: Lugia
|-immune|p1a: Lugia
|
|-damage|p2a: Arceus|70/100 tox|[from] psn
|upkeep
|turn|52
|
|t:|1662809864
|switch|p2a: Eternatus|Eternatus|78/100 brn
|-ability|p2a: Eternatus|Pressure
|switch|p1a: Chansey|Chansey, F|82/100 brn
|
|-heal|p2a: Eternatus|84/100 brn|[from] item: Black Sludge
|-damage|p2a: Eternatus|78/100 brn|[from] brn
|-damage|p1a: Chansey|76/100 brn|[from] brn
|upkeep
|turn|53
|
|t:|1662809870
|move|p2a: Eternatus|Flamethrower|p1a: Chansey
|-damage|p1a: Chansey|66/100 brn
|move|p1a: Chansey|Heal Bell|p1a: Chansey
|-activate|p1a: Chansey|move: Heal Bell
|-curestatus|p1a: Chansey|brn|[msg]
|
|-heal|p2a: Eternatus|84/100 brn|[from] item: Black Sludge
|-damage|p2a: Eternatus|78/100 brn|[from] brn
|upkeep
|turn|54
|
|t:|1662809874
|move|p2a: Eternatus|Flamethrower|p1a: Chansey
|-damage|p1a: Chansey|56/100
|move|p1a: Chansey|Confide|p2a: Eternatus
|-unboost|p2a: Eternatus|spa|1
|
|-heal|p2a: Eternatus|84/100 brn|[from] item: Black Sludge
|-damage|p2a: Eternatus|78/100 brn|[from] brn
|upkeep
|turn|55
|
|t:|1662809877
|move|p2a: Eternatus|Flamethrower|p1a: Chansey
|-damage|p1a: Chansey|50/100
|move|p1a: Chansey|Soft-Boiled|p1a: Chansey
|-heal|p1a: Chansey|99/100
|
|-heal|p2a: Eternatus|84/100 brn|[from] item: Black Sludge
|-damage|p2a: Eternatus|78/100 brn|[from] brn
|upkeep
|turn|56
|
|t:|1662809881
|move|p2a: Eternatus|Cosmic Power|p2a: Eternatus
|-boost|p2a: Eternatus|def|1
|-boost|p2a: Eternatus|spd|1
|move|p1a: Chansey|Confide|p2a: Eternatus
|-unboost|p2a: Eternatus|spa|1
|
|-heal|p2a: Eternatus|84/100 brn|[from] item: Black Sludge
|-damage|p2a: Eternatus|78/100 brn|[from] brn
|upkeep
|turn|57
|
|t:|1662809886
|switch|p2a: Zacian|Zacian-Crowned|56/100 brn
|-ability|p2a: Zacian|Intrepid Sword|boost
|-boost|p2a: Zacian|atk|1
|move|p1a: Chansey|Confide|p2a: Zacian
|-unboost|p2a: Zacian|spa|1
|
|-damage|p2a: Zacian|50/100 brn|[from] brn
|upkeep
|turn|58
|
|t:|1662809891
|switch|p1a: Lugia|Lugia|100/100
|move|p2a: Zacian|Sacred Sword|p1a: Lugia
|-resisted|p1a: Lugia
|-damage|p1a: Lugia|99/100
|
|-damage|p2a: Zacian|44/100 brn|[from] brn
|upkeep
|turn|59
|
|t:|1662809900
|switch|p2a: Eternatus|Eternatus|78/100 brn
|-ability|p2a: Eternatus|Pressure
|move|p1a: Lugia|Whirlwind|p2a: Eternatus
|drag|p2a: Kartana|Kartana|100/100
|
|upkeep
|turn|60
|
|t:|1662809924
|move|p2a: Kartana|Knock Off|p1a: Lugia
|-supereffective|p1a: Lugia
|-damage|p1a: Lugia|72/100
|move|p1a: Lugia|Whirlwind|p2a: Kartana
|drag|p2a: Arceus|Arceus-Ground|70/100 tox
|
|-damage|p2a: Arceus|64/100 tox|[from] psn
|upkeep
|turn|61
|
|t:|1662809933
|move|p2a: Arceus|Ice Beam|p1a: Lugia
|-supereffective|p1a: Lugia
|-damage|p1a: Lugia|47/100
|move|p1a: Lugia|Toxic|p2a: Arceus
|-fail|p2a: Arceus|tox
|
|-damage|p2a: Arceus|52/100 tox|[from] psn
|upkeep
|turn|62
|
|t:|1662809936
|move|p2a: Arceus|Recover|p2a: Arceus
|-heal|p2a: Arceus|100/100 tox
|move|p1a: Lugia|Roost|p1a: Lugia
|-heal|p1a: Lugia|97/100
|-singleturn|p1a: Lugia|move: Roost
|
|-damage|p2a: Arceus|82/100 tox|[from] psn
|upkeep
|turn|63
|
|t:|1662809939
|switch|p2a: Kartana|Kartana|100/100
|switch|p1a: Chansey|Chansey, F|99/100
|
|upkeep
|turn|64
|
|t:|1662809948
|switch|p1a: Lugia|Lugia|97/100
|move|p2a: Kartana|Sacred Sword|p1a: Lugia
|-resisted|p1a: Lugia
|-damage|p1a: Lugia|92/100
|
|upkeep
|turn|65
|
|t:|1662809955
|switch|p2a: Arceus|Arceus-Ground|82/100 tox
|move|p1a: Lugia|Whirlwind|p2a: Arceus
|drag|p2a: Kartana|Kartana|100/100
|
|upkeep
|turn|66
|
|t:|1662809961
|move|p2a: Kartana|Knock Off|p1a: Lugia
|-supereffective|p1a: Lugia
|-damage|p1a: Lugia|65/100
|move|p1a: Lugia|Whirlwind|p2a: Kartana
|drag|p2a: Eternatus|Eternatus|78/100 brn
|-ability|p2a: Eternatus|Pressure
|
|-heal|p2a: Eternatus|84/100 brn|[from] item: Black Sludge
|-damage|p2a: Eternatus|78/100 brn|[from] brn
|upkeep
|turn|67
|
|t:|1662809967
|switch|p1a: Chansey|Chansey, F|99/100
|move|p2a: Eternatus|Flamethrower|p1a: Chansey
|-damage|p1a: Chansey|91/100
|-status|p1a: Chansey|brn
|
|-heal|p2a: Eternatus|84/100 brn|[from] item: Black Sludge
|-damage|p2a: Eternatus|78/100 brn|[from] brn
|-damage|p1a: Chansey|85/100 brn|[from] brn
|upkeep
|turn|68
|
|t:|1662809974
|switch|p2a: Kartana|Kartana|100/100
|move|p1a: Chansey|Teleport|p1a: Chansey
|
|t:|1662809976
|switch|p1a: Lugia|Lugia|65/100|[from]move: Teleport
|
|upkeep
|turn|69
|
|t:|1662809985
|move|p2a: Kartana|Knock Off|p1a: Lugia
|-supereffective|p1a: Lugia
|-damage|p1a: Lugia|38/100
|move|p1a: Lugia|Roost|p1a: Lugia
|-heal|p1a: Lugia|88/100
|-singleturn|p1a: Lugia|move: Roost
|
|upkeep
|turn|70
|
|t:|1662809989
|switch|p2a: Zacian|Zacian-Crowned|44/100 brn
|-ability|p2a: Zacian|Intrepid Sword|boost
|-boost|p2a: Zacian|atk|1
|move|p1a: Lugia|Whirlwind|p2a: Zacian
|drag|p2a: Kartana|Kartana|100/100
|
|upkeep
|turn|71
|
|t:|1662809999
|move|p2a: Kartana|Smart Strike|p1a: Lugia
|-damage|p1a: Lugia|64/100
|move|p1a: Lugia|Whirlwind|p2a: Kartana
|drag|p2a: Zacian|Zacian-Crowned|44/100 brn
|-ability|p2a: Zacian|Intrepid Sword|boost
|-boost|p2a: Zacian|atk|1
|
|-damage|p2a: Zacian|38/100 brn|[from] brn
|upkeep
|turn|72
|
|t:|1662810005
|move|p2a: Zacian|Wild Charge|p1a: Lugia
|-supereffective|p1a: Lugia
|-damage|p1a: Lugia|34/100
|-damage|p2a: Zacian|28/100 brn|[from] Recoil
|move|p1a: Lugia|Roost|p1a: Lugia
|-heal|p1a: Lugia|84/100
|-singleturn|p1a: Lugia|move: Roost
|
|-damage|p2a: Zacian|22/100 brn|[from] brn
|upkeep
|turn|73
|
|t:|1662810012
|switch|p2a: Eternatus|Eternatus|78/100 brn
|-ability|p2a: Eternatus|Pressure
|move|p1a: Lugia|Roost|p1a: Lugia
|-heal|p1a: Lugia|100/100
|-singleturn|p1a: Lugia|move: Roost
|
|-heal|p2a: Eternatus|84/100 brn|[from] item: Black Sludge
|-damage|p2a: Eternatus|78/100 brn|[from] brn
|upkeep
|turn|74
|
|t:|1662810016
|switch|p1a: Chansey|Chansey, F|85/100 brn
|move|p2a: Eternatus|Cosmic Power|p2a: Eternatus
|-boost|p2a: Eternatus|def|1
|-boost|p2a: Eternatus|spd|1
|
|-heal|p2a: Eternatus|84/100 brn|[from] item: Black Sludge
|-damage|p2a: Eternatus|78/100 brn|[from] brn
|-damage|p1a: Chansey|78/100 brn|[from] brn
|upkeep
|turn|75
|
|t:|1662810018
|switch|p1a: Lugia|Lugia|100/100
|move|p2a: Eternatus|Cosmic Power|p2a: Eternatus
|-boost|p2a: Eternatus|def|1
|-boost|p2a: Eternatus|spd|1
|
|-heal|p2a: Eternatus|84/100 brn|[from] item: Black Sludge
|-damage|p2a: Eternatus|78/100 brn|[from] brn
|upkeep
|turn|76
|
|t:|1662810021
|switch|p1a: Chansey|Chansey, F|78/100 brn
|move|p2a: Eternatus|Flamethrower|p1a: Chansey
|-damage|p1a: Chansey|69/100 brn
|
|-heal|p2a: Eternatus|84/100 brn|[from] item: Black Sludge
|-damage|p2a: Eternatus|78/100 brn|[from] brn
|-damage|p1a: Chansey|63/100 brn|[from] brn
|upkeep
|turn|77
|
|t:|1662810025
|move|p2a: Eternatus|Flamethrower|p1a: Chansey
|-damage|p1a: Chansey|54/100 brn
|move|p1a: Chansey|Confide|p2a: Eternatus
|-unboost|p2a: Eternatus|spa|1
|
|-heal|p2a: Eternatus|84/100 brn|[from] item: Black Sludge
|-damage|p2a: Eternatus|78/100 brn|[from] brn
|-damage|p1a: Chansey|48/100 brn|[from] brn
|upkeep
|turn|78
|
|t:|1662810031
|switch|p2a: Kartana|Kartana|100/100
|move|p1a: Chansey|Soft-Boiled|p1a: Chansey
|-heal|p1a: Chansey|98/100 brn
|
|-damage|p1a: Chansey|92/100 brn|[from] brn
|upkeep
|turn|79
|
|t:|1662810038
|switch|p1a: Lugia|Lugia|100/100
|move|p2a: Kartana|Knock Off|p1a: Lugia
|-supereffective|p1a: Lugia
|-damage|p1a: Lugia|86/100
|
|upkeep
|turn|80
|
|t:|1662810042
|switch|p1a: Chansey|Chansey, F|92/100 brn
|move|p2a: Kartana|Knock Off|p1a: Chansey
|-damage|p1a: Chansey|56/100 brn
|-enditem|p1a: Chansey|Eviolite|[from] move: Knock Off|[of] p2a: Kartana
|
|-damage|p1a: Chansey|50/100 brn|[from] brn
|upkeep
|turn|81
|
|t:|1662810047
|switch|p1a: Lugia|Lugia|86/100
|move|p2a: Kartana|Knock Off|p1a: Lugia
|-supereffective|p1a: Lugia
|-damage|p1a: Lugia|56/100
|
|upkeep
|turn|82
|
|t:|1662810053
|switch|p2a: Eternatus|Eternatus|78/100 brn
|-ability|p2a: Eternatus|Pressure
|move|p1a: Lugia|Roost|p1a: Lugia
|-heal|p1a: Lugia|100/100
|-singleturn|p1a: Lugia|move: Roost
|
|-heal|p2a: Eternatus|84/100 brn|[from] item: Black Sludge
|-damage|p2a: Eternatus|78/100 brn|[from] brn
|upkeep
|turn|83
|
|t:|1662810055
|switch|p1a: Chansey|Chansey, F|50/100 brn
|move|p2a: Eternatus|Flamethrower|p1a: Chansey
|-damage|p1a: Chansey|35/100 brn
|
|-heal|p2a: Eternatus|84/100 brn|[from] item: Black Sludge
|-damage|p2a: Eternatus|78/100 brn|[from] brn
|-damage|p1a: Chansey|29/100 brn|[from] brn
|upkeep
|turn|84
|
|t:|1662810059
|move|p2a: Eternatus|Dynamax Cannon|p1a: Chansey
|-damage|p1a: Chansey|5/100 brn
|move|p1a: Chansey|Soft-Boiled|p1a: Chansey
|-heal|p1a: Chansey|55/100 brn
|
|-heal|p2a: Eternatus|84/100 brn|[from] item: Black Sludge
|-damage|p2a: Eternatus|78/100 brn|[from] brn
|-damage|p1a: Chansey|49/100 brn|[from] brn
|upkeep
|turn|85
|
|t:|1662810066
|switch|p2a: Arceus|Arceus-Ground|82/100 tox
|move|p1a: Chansey|Soft-Boiled|p1a: Chansey
|-heal|p1a: Chansey|99/100 brn
|
|-damage|p2a: Arceus|76/100 tox|[from] psn
|-damage|p1a: Chansey|93/100 brn|[from] brn
|upkeep
|turn|86
|-message|xiaolinyo forfeited.
|
|win|orange overhaul
|raw|xiaolinyo's rating: 1572 &rarr; <strong>1558</strong><br />(-14 for losing)
|raw|orange overhaul's rating: 1688 &rarr; <strong>1702</strong><br />(+14 for winning)
|l|☆xiaolinyo
||Ladder isn't responding, score probably updated but might not have (Request timeout).
