|j|☆DreamerJelly
|j|☆DarkboiJ
|inactive|Battle timer is ON: inactive players will automatically lose when time's up.
|t:|1668722051
|gametype|singles
|player|p1|DreamerJelly|lusamine-nihilego|
|player|p2|DarkboiJ|blue-gen3two|
|teamsize|p1|6
|teamsize|p2|6
|gen|8
|tier|[Gen 8] National Dex AG
|rated|Tournament battle
|rule|HP Percentage Mod: HP is shown in percentages
|rule|Endless Battle Clause: Forcing endless battles is banned
|clearpoke
|poke|p1|Zacian-*|
|poke|p1|Kyogre|
|poke|p1|Yveltal|
|poke|p1|Calyrex-Shadow|
|poke|p1|Groudon|
|poke|p1|Ho-Oh|
|poke|p2|Rayquaza|
|poke|p2|Rayquaza|
|poke|p2|Ditto|
|poke|p2|Necrozma-Dusk-Mane|
|poke|p2|Arceus-*|
|poke|p2|Groudon|
|teampreview
|inactive|DarkboiJ also wants the timer to be on.
|j| GMax Meowth
|c|☆DreamerJelly|woah...
|c|☆DreamerJelly|uhhh
|j| pichuthememer
|c|☆DreamerJelly|damn im stumped lmao
|c| pichuthememer|i fucking quit this game
|l| pichuthememer
|inactive|DreamerJelly has 120 seconds left.
|c|☆DreamerJelly|lmao
|
|t:|1668722087
|start
|switch|p1a: JurrasicParkTheme|Groudon, shiny|100/100
|switch|p2a: Rayquaza|Rayquaza|100/100
|-ability|p2a: Rayquaza|Air Lock
|detailschange|p1a: JurrasicParkTheme|Groudon-Primal, shiny
|-primal|p1a: JurrasicParkTheme
|-weather|DesolateLand|[from] ability: Desolate Land|[of] p1a: JurrasicParkTheme
|turn|1
|inactive|DreamerJelly has 120 seconds left.
|c|☆DreamerJelly|welp there goes my 6-0
|
|t:|1668722123
|detailschange|p2a: Rayquaza|Rayquaza-Mega
|-mega|p2a: Rayquaza|Rayquaza|
|-weather|DeltaStream|[from] ability: Delta Stream|[of] p2a: Rayquaza
|move|p2a: Rayquaza|Draco Meteor|p1a: JurrasicParkTheme
|-damage|p1a: JurrasicParkTheme|0 fnt
|-unboost|p2a: Rayquaza|spa|2
|faint|p1a: JurrasicParkTheme
|-damage|p2a: Rayquaza|91/100|[from] item: Life Orb
|
|-weather|DeltaStream|[upkeep]
|upkeep
|
|t:|1668722142
|switch|p1a: Sword Doggo|Zacian-Crowned, shiny|100/100
|-ability|p1a: Sword Doggo|Intrepid Sword|boost
|-boost|p1a: Sword Doggo|atk|1
|turn|2
|c|☆DarkboiJ|Is this the finals?
|inactive|DreamerJelly has 90 seconds left.
|
|t:|1668722191
|-weather|none
|switch|p2a: Groudon|Groudon|100/100
|detailschange|p2a: Groudon|Groudon-Primal
|-primal|p2a: Groudon
|-weather|DesolateLand|[from] ability: Desolate Land|[of] p2a: Groudon
|move|p1a: Sword Doggo|Behemoth Blade|p2a: Groudon
|-resisted|p2a: Groudon
|-damage|p2a: Groudon|78/100
|
|-weather|DesolateLand|[upkeep]
|upkeep
|turn|3
|c|☆DreamerJelly|idk
|
|t:|1668722207
|move|p1a: Sword Doggo|Sacred Sword|p2a: Groudon
|-damage|p2a: Groudon|53/100
|move|p2a: Groudon|Stealth Rock|p1a: Sword Doggo
|-sidestart|p1: DreamerJelly|move: Stealth Rock
|
|-weather|DesolateLand|[upkeep]
|upkeep
|turn|4
|
|t:|1668722215
|move|p1a: Sword Doggo|Sacred Sword|p2a: Groudon
|-damage|p2a: Groudon|27/100
|move|p2a: Groudon|Fire Punch|p1a: Sword Doggo
|-supereffective|p1a: Sword Doggo
|-damage|p1a: Sword Doggo|0 fnt
|faint|p1a: Sword Doggo
|
|-weather|DesolateLand|[upkeep]
|upkeep
|
|t:|1668722223
|switch|p1a: AND IM FREEEE BIRD|Ho-Oh|100/100
|turn|5
|
|t:|1668722228
|-weather|none
|switch|p2a: Rayquaza|Rayquaza-Mega|91/100
|-weather|DeltaStream|[from] ability: Delta Stream|[of] p2a: Rayquaza
|move|p1a: AND IM FREEEE BIRD|Defog|p2a: Rayquaza
|-unboost|p2a: Rayquaza|evasion|1
|-sideend|p1: DreamerJelly|Stealth Rock|[from] move: Defog|[of] p1a: AND IM FREEEE BIRD
|
|-weather|DeltaStream|[upkeep]
|upkeep
|turn|6
|
|t:|1668722237
|move|p2a: Rayquaza|Dragon Ascent|p1a: AND IM FREEEE BIRD
|-damage|p1a: AND IM FREEEE BIRD|26/100
|-unboost|p2a: Rayquaza|def|1
|-unboost|p2a: Rayquaza|spd|1
|-damage|p2a: Rayquaza|81/100|[from] item: Life Orb
|move|p1a: AND IM FREEEE BIRD|Toxic|p2a: Rayquaza
|-status|p2a: Rayquaza|tox
|
|-weather|DeltaStream|[upkeep]
|-damage|p2a: Rayquaza|75/100 tox|[from] psn
|upkeep
|turn|7
|inactive|DreamerJelly has 90 seconds left.
|
|t:|1668722261
|move|p2a: Rayquaza|Dragon Ascent|p1a: AND IM FREEEE BIRD
|-damage|p1a: AND IM FREEEE BIRD|0 fnt
|-unboost|p2a: Rayquaza|def|1
|-unboost|p2a: Rayquaza|spd|1
|faint|p1a: AND IM FREEEE BIRD
|-damage|p2a: Rayquaza|65/100 tox|[from] item: Life Orb
|
|-weather|DeltaStream|[upkeep]
|-damage|p2a: Rayquaza|53/100 tox|[from] psn
|upkeep
|
|t:|1668722271
|switch|p1a: Caly Top Confirmed|Calyrex-Shadow|100/100
|-ability|p1a: Caly Top Confirmed|As One
|-ability|p1a: Caly Top Confirmed|Unnerve
|turn|8
|
|t:|1668722283
|-weather|none
|switch|p2a: Arceus|Arceus|100/100
|-start|p1a: Caly Top Confirmed|Dynamax|
|-heal|p1a: Caly Top Confirmed|100/100|[silent]
|move|p1a: Caly Top Confirmed|Max Phantasm|p2a: Arceus
|-immune|p2a: Arceus
|
|upkeep
|turn|9
|c|☆DreamerJelly|dammit shouldve known that was his counter
|
|t:|1668722300
|-start|p2a: Arceus|Dynamax|
|-heal|p2a: Arceus|100/100|[silent]
|move|p1a: Caly Top Confirmed|Max Mindstorm|p2a: Arceus
|-damage|p2a: Arceus|72/100
|-fieldstart|move: Psychic Terrain
|move|p2a: Arceus|Max Phantasm|p1a: Caly Top Confirmed
|-supereffective|p1a: Caly Top Confirmed
|-damage|p1a: Caly Top Confirmed|0 fnt
|faint|p1a: Caly Top Confirmed
|
|upkeep
|inactive|DreamerJelly has 60 seconds left.
|
|t:|1668722312
|switch|p1a: Fishy Of Doom|Kyogre, shiny|100/100
|detailschange|p1a: Fishy Of Doom|Kyogre-Primal, shiny
|-primal|p1a: Fishy Of Doom
|-weather|PrimordialSea|[from] ability: Primordial Sea|[of] p1a: Fishy Of Doom
|turn|10
|inactive|DreamerJelly has 60 seconds left.
|
|t:|1668722324
|move|p1a: Fishy Of Doom|Water Spout|p2a: Arceus
|-damage|p2a: Arceus|20/100
|move|p2a: Arceus|Max Strike|p1a: Fishy Of Doom
|-damage|p1a: Fishy Of Doom|21/100
|-unboost|p1a: Fishy Of Doom|spe|1
|
|-weather|PrimordialSea|[upkeep]
|upkeep
|turn|11
|
|t:|1668722339
|move|p2a: Arceus|Max Strike|p1a: Fishy Of Doom
|-damage|p1a: Fishy Of Doom|0 fnt
|faint|p1a: Fishy Of Doom
|-weather|none
|
|upkeep
|inactive|DreamerJelly has 60 seconds left.
|c|☆DreamerJelly|screw my 6-0, I think im abt to be 6-0d
|
|t:|1668722356
|switch|p1a: T-Bone|Yveltal, shiny|100/100
|-ability|p1a: T-Bone|Dark Aura
|-end|p2a: Arceus|Dynamax
|-heal|p2a: Arceus|20/100|[silent]
|turn|12
|inactive|DreamerJelly has 60 seconds left.
|
|t:|1668722369
|move|p2a: Arceus|Extreme Speed|p1a: T-Bone
|-hint|Psychic Terrain doesn't affect Pokémon immune to Ground.
|-damage|p1a: T-Bone|54/100
|move|p1a: T-Bone|Sucker Punch||[still]
|-fail|p1a: T-Bone
|
|upkeep
|turn|13
|j| Genki dashite yo
|
|t:|1668722376
|switch|p2a: Necrozma|Necrozma-Dusk-Mane, shiny|100/100
|move|p1a: T-Bone|Dark Pulse|p2a: Necrozma
|-supereffective|p2a: Necrozma
|-damage|p2a: Necrozma|34/100
|
|-fieldend|move: Psychic Terrain
|upkeep
|turn|14
|
|t:|1668722385
|detailschange|p2a: Necrozma|Necrozma-Ultra, shiny
|-burst|p2a: Necrozma|Necrozma|Ultranecrozium Z
|move|p2a: Necrozma|Rock Slide|p1a: T-Bone
|-supereffective|p1a: T-Bone
|-damage|p1a: T-Bone|0 fnt
|faint|p1a: T-Bone
|
|win|DarkboiJ
|n|☆DreamerJelly|dreamerjelly
|n|☆DarkboiJ|darkboij
|n| GMax Meowth|gmaxmeowth
|n| Genki dashite yo|genkidashiteyo
|c|☆DarkboiJ|There's your 6-0
