|j|☆UncleShannon
|j|☆aselia the eternal
|t:|1658905109
|gametype|singles
|player|p1|UncleShannon|101|1848
|player|p2|aselia the eternal|102|1816
|teamsize|p1|6
|teamsize|p2|6
|gen|8
|tier|[Gen 8] National Dex AG
|rated|
|rule|HP Percentage Mod: HP is shown in percentages
|rule|Endless Battle Clause: Forcing endless battles is banned
|clearpoke
|poke|p1|Scizor, M|
|poke|p1|Arceus-*|
|poke|p1|Groudon|
|poke|p1|Calyrex-Shadow|
|poke|p1|Yveltal|
|poke|p1|Zacian-*|
|poke|p2|Kyogre|
|poke|p2|Yveltal|
|poke|p2|Arceus-*|
|poke|p2|Calyrex-Shadow|
|poke|p2|Arceus-*|
|poke|p2|Marshadow|
|teampreview
|inactive|Battle timer is ON: inactive players will automatically lose when time's up. (requested by UncleShannon)
|c|☆UncleShannon|hf
|
|t:|1658905122
|start
|switch|p1a: Yveltal|Yveltal|100/100
|switch|p2a: Arceus|Arceus-Ice|100/100
|-ability|p1a: Yveltal|Dark Aura
|turn|1
|c|☆UncleShannon|ooo
|c|☆UncleShannon|that's so cool
|
|t:|1658905135
|switch|p1a: Arceus|Arceus-Rock|100/100
|move|p2a: Arceus|Stealth Rock|p1a: Arceus
|-sidestart|p1: UncleShannon|move: Stealth Rock
|
|upkeep
|turn|2
|
|t:|1658905141
|move|p2a: Arceus|Thunder Wave|p1a: Arceus
|-status|p1a: Arceus|par
|move|p1a: Arceus|Judgment|p2a: Arceus
|-supereffective|p2a: Arceus
|-damage|p2a: Arceus|8/100
|
|upkeep
|turn|3
|
|t:|1658905148
|move|p2a: Arceus|Judgment|p1a: Arceus
|-damage|p1a: Arceus|60/100 par
|move|p1a: Arceus|Will-O-Wisp|p2a: Arceus
|-status|p2a: Arceus|brn
|
|-damage|p2a: Arceus|2/100 brn|[from] brn
|upkeep
|turn|4
|
|t:|1658905157
|move|p2a: Arceus|Judgment|p1a: Arceus
|-damage|p1a: Arceus|22/100 par
|move|p1a: Arceus|Refresh|p1a: Arceus
|-curestatus|p1a: Arceus|par|[msg]
|
|-damage|p2a: Arceus|0 fnt|[from] brn
|faint|p2a: Arceus
|upkeep
|
|t:|1658905169
|switch|p2a: Calyrex|Calyrex-Shadow|100/100
|-ability|p2a: Calyrex|As One
|-ability|p2a: Calyrex|Unnerve
|turn|5
|
|t:|1658905173
|switch|p1a: Yveltal|Yveltal|100/100
|-ability|p1a: Yveltal|Dark Aura
|move|p2a: Calyrex|Substitute|p2a: Calyrex
|-start|p2a: Calyrex|Substitute
|-damage|p2a: Calyrex|76/100
|
|-heal|p2a: Calyrex|82/100|[from] item: Leftovers
|upkeep
|turn|6
|
|t:|1658905178
|move|p2a: Calyrex|Leech Seed|p1a: Yveltal
|-start|p1a: Yveltal|move: Leech Seed
|move|p1a: Yveltal|Knock Off|p2a: Calyrex
|-supereffective|p2a: Calyrex
|-end|p2a: Calyrex|Substitute
|
|-heal|p2a: Calyrex|88/100|[from] item: Leftovers
|-damage|p1a: Yveltal|88/100|[from] Leech Seed|[of] p2a: Calyrex
|-heal|p2a: Calyrex|100/100|[silent]
|upkeep
|turn|7
|
|t:|1658905184
|move|p2a: Calyrex|Substitute|p2a: Calyrex
|-start|p2a: Calyrex|Substitute
|-damage|p2a: Calyrex|76/100
|move|p1a: Yveltal|Defog|p2a: Calyrex
|-sideend|p1: UncleShannon|Stealth Rock|[from] move: Defog|[of] p1a: Yveltal
|
|-heal|p2a: Calyrex|82/100|[from] item: Leftovers
|-damage|p1a: Yveltal|75/100|[from] Leech Seed|[of] p2a: Calyrex
|-heal|p2a: Calyrex|98/100|[silent]
|upkeep
|turn|8
|
|t:|1658905191
|move|p2a: Calyrex|Astral Barrage|p1a: Yveltal
|-resisted|p1a: Yveltal
|-damage|p1a: Yveltal|56/100
|move|p1a: Yveltal|U-turn|p2a: Calyrex
|-end|p2a: Calyrex|Substitute
|
|t:|1658905198
|switch|p1a: Zacian|Zacian-Crowned|100/100|[from]move: U-turn
|-ability|p1a: Zacian|Intrepid Sword|boost
|-boost|p1a: Zacian|atk|1
|
|-heal|p2a: Calyrex|100/100|[from] item: Leftovers
|upkeep
|turn|9
|j| SpaceSpeakers
|inactive|aselia the eternal has 120 seconds left.
|
|t:|1658905245
|move|p2a: Calyrex|Astral Barrage|p1a: Zacian
|-damage|p1a: Zacian|27/100
|move|p1a: Zacian|Behemoth Blade|p2a: Calyrex
|-damage|p2a: Calyrex|0 fnt
|faint|p2a: Calyrex
|
|upkeep
|
|t:|1658905262
|switch|p2a: Marshadow|Marshadow|100/100
|turn|10
|
|t:|1658905267
|switch|p1a: Scizor|Scizor, M|100/100
|move|p2a: Marshadow|Shadow Sneak|p1a: Scizor
|-damage|p1a: Scizor|68/100
|-damage|p2a: Marshadow|91/100|[from] item: Life Orb
|
|upkeep
|turn|11
|
|t:|1658905273
|switch|p2a: Arceus|Arceus-Ground|100/100
|detailschange|p1a: Scizor|Scizor-Mega, M
|-mega|p1a: Scizor|Scizor|Scizorite
|move|p1a: Scizor|Roost|p1a: Scizor
|-heal|p1a: Scizor|100/100
|-singleturn|p1a: Scizor|move: Roost
|
|upkeep
|turn|12
|
|t:|1658905278
|move|p2a: Arceus|Swords Dance|p2a: Arceus
|-boost|p2a: Arceus|atk|2
|move|p1a: Scizor|U-turn|p2a: Arceus
|-damage|p2a: Arceus|75/100
|
|t:|1658905285
|switch|p1a: Zacian|Zacian-Crowned|27/100|[from]move: U-turn
|-ability|p1a: Zacian|Intrepid Sword|boost
|-boost|p1a: Zacian|atk|1
|
|upkeep
|turn|13
|
|t:|1658905288
|move|p2a: Arceus|Extreme Speed|p1a: Zacian
|-resisted|p1a: Zacian
|-damage|p1a: Zacian|0 fnt
|faint|p1a: Zacian
|
|upkeep
|
|t:|1658905292
|switch|p1a: Calyrex|Calyrex-Shadow|100/100
|-ability|p1a: Calyrex|As One
|-ability|p1a: Calyrex|Unnerve
|turn|14
|
|t:|1658905297
|move|p1a: Calyrex|Astral Barrage|p2a: Arceus
|-damage|p2a: Arceus|0 fnt
|faint|p2a: Arceus
|-ability|p1a: Calyrex|Grim Neigh|boost
|-boost|p1a: Calyrex|spa|1
|
|upkeep
|
|t:|1658905301
|switch|p2a: Marshadow|Marshadow|91/100
|turn|15
|
|t:|1658905307
|-activate|p1a: Calyrex|move: Pursuit
|move|p2a: Marshadow|Pursuit|p1a: Calyrex|[from]Pursuit
|-supereffective|p1a: Calyrex
|-damage|p1a: Calyrex|0 fnt
|faint|p1a: Calyrex
|-damage|p2a: Marshadow|81/100|[from] item: Life Orb
|-hint|A Pokemon can't switch between when it runs out of HP and when it faints
|
|upkeep
|
|t:|1658905313
|switch|p1a: Scizor|Scizor-Mega, M|100/100
|turn|16
|
|t:|1658905330
|switch|p2a: Kyogre|Kyogre|100/100
|-weather|RainDance|[from] ability: Drizzle|[of] p2a: Kyogre
|move|p1a: Scizor|U-turn|p2a: Kyogre
|-damage|p2a: Kyogre|61/100
|
|t:|1658905336
|switch|p1a: Groudon|Groudon|100/100|[from]move: U-turn
|detailschange|p1a: Groudon|Groudon-Primal
|-primal|p1a: Groudon
|-weather|DesolateLand|[from] ability: Desolate Land|[of] p1a: Groudon
|
|-weather|DesolateLand|[upkeep]
|upkeep
|turn|17
|
|t:|1658905343
|move|p2a: Kyogre|Ice Beam|p1a: Groudon
|-damage|p1a: Groudon|72/100
|move|p1a: Groudon|Precipice Blades|p2a: Kyogre
|-damage|p2a: Kyogre|0 fnt
|faint|p2a: Kyogre
|
|-weather|DesolateLand|[upkeep]
|upkeep
|
|t:|1658905358
|switch|p2a: Yveltal|Yveltal|100/100
|-ability|p2a: Yveltal|Dark Aura
|turn|18
|
|t:|1658905366
|-start|p2a: Yveltal|Dynamax|
|-heal|p2a: Yveltal|100/100|[silent]
|move|p2a: Yveltal|Max Airstream|p1a: Groudon
|-damage|p1a: Groudon|0 fnt
|-boost|p2a: Yveltal|spe|1
|faint|p1a: Groudon
|-weather|none
|-damage|p2a: Yveltal|96/100|[from] item: Life Orb
|
|upkeep
|
|t:|1658905378
|switch|p1a: Arceus|Arceus-Rock|22/100
|turn|19
|
|t:|1658905387
|move|p2a: Yveltal|Max Darkness|p1a: Arceus
|-damage|p1a: Arceus|0 fnt
|faint|p1a: Arceus
|-damage|p2a: Yveltal|91/100|[from] item: Life Orb
|
|upkeep
|
|t:|1658905389
|switch|p1a: Yveltal|Yveltal|56/100
|-ability|p1a: Yveltal|Dark Aura
|turn|20
|
|t:|1658905402
|-start|p1a: Yveltal|Dynamax|
|-heal|p1a: Yveltal|56/100|[silent]
|move|p1a: Yveltal|Max Guard|p1a: Yveltal
|-singleturn|p1a: Yveltal|Max Guard
|move|p2a: Yveltal|Max Airstream|p1a: Yveltal
|-activate|p1a: Yveltal|move: Max Guard
|
|upkeep
|-end|p2a: Yveltal|Dynamax
|-heal|p2a: Yveltal|91/100|[silent]
|turn|21
|
|t:|1658905410
|move|p2a: Yveltal|Oblivion Wing|p1a: Yveltal
|-damage|p1a: Yveltal|39/100
|-heal|p2a: Yveltal|100/100|[from] drain|[of] p1a: Yveltal
|-damage|p2a: Yveltal|91/100|[from] item: Life Orb
|move|p1a: Yveltal|Max Flutterby|p2a: Yveltal
|-damage|p2a: Yveltal|56/100
|-unboost|p2a: Yveltal|spa|1
|
|upkeep
|turn|22
|
|t:|1658905429
|switch|p2a: Marshadow|Marshadow|81/100
|move|p1a: Yveltal|Max Guard||[still]
|-fail|p1a: Yveltal
|
|upkeep
|-end|p1a: Yveltal|Dynamax
|-heal|p1a: Yveltal|39/100|[silent]
|turn|23
|
|t:|1658905436
|switch|p1a: Scizor|Scizor-Mega, M|100/100
|move|p2a: Marshadow|Close Combat|p1a: Scizor
|-damage|p1a: Scizor|55/100
|-unboost|p2a: Marshadow|def|1
|-unboost|p2a: Marshadow|spd|1
|-damage|p2a: Marshadow|71/100|[from] item: Life Orb
|
|upkeep
|turn|24
|
|t:|1658905442
|move|p2a: Marshadow|Close Combat|p1a: Scizor
|-damage|p1a: Scizor|5/100
|-unboost|p2a: Marshadow|def|1
|-unboost|p2a: Marshadow|spd|1
|-damage|p2a: Marshadow|61/100|[from] item: Life Orb
|move|p1a: Scizor|Roost|p1a: Scizor
|-heal|p1a: Scizor|55/100
|-singleturn|p1a: Scizor|move: Roost
|
|upkeep
|turn|25
|
|t:|1658905450
|switch|p2a: Yveltal|Yveltal|56/100
|-ability|p2a: Yveltal|Dark Aura
|move|p1a: Scizor|Bullet Punch|p2a: Yveltal
|-damage|p2a: Yveltal|29/100
|
|upkeep
|turn|26
|
|t:|1658905468
|move|p1a: Scizor|Bullet Punch|p2a: Yveltal
|-damage|p2a: Yveltal|2/100
|move|p2a: Yveltal|Oblivion Wing|p1a: Scizor
|-damage|p1a: Scizor|0 fnt
|-heal|p2a: Yveltal|37/100|[from] drain|[of] p1a: Scizor
|faint|p1a: Scizor
|-damage|p2a: Yveltal|27/100|[from] item: Life Orb
|
|upkeep
|c|☆UncleShannon|Gimme the roll
|c|☆UncleShannon|Fuck
|c|☆UncleShannon|gg
|-message|UncleShannon forfeited.
|
|win|aselia the eternal
|raw|UncleShannon's rating: 1848 &rarr; <strong>1826</strong><br />(-22 for losing)
|raw|aselia the eternal's rating: 1816 &rarr; <strong>1838</strong><br />(+22 for winning)
|l|☆UncleShannon
|l| SpaceSpeakers
