|j|☆BasakBooster
|j|☆NOAH MK2
|t:|1664764188
|gametype|singles
|player|p1|BasakBooster|266|1722
|player|p2|NOAH MK2|169|1666
|teamsize|p1|6
|teamsize|p2|6
|gen|8
|tier|[Gen 8] National Dex AG
|rated|
|rule|HP Percentage Mod: HP is shown in percentages
|rule|Endless Battle Clause: Forcing endless battles is banned
|clearpoke
|poke|p1|Groudon|
|poke|p1|Rayquaza|
|poke|p1|Zygarde|
|poke|p1|Calyrex-Shadow|
|poke|p1|Arceus-*|
|poke|p1|Arceus-*|
|poke|p2|Whimsicott, M|
|poke|p2|Groudon|
|poke|p2|Klefki, F|
|poke|p2|Zygarde|
|poke|p2|Xerneas-*|
|poke|p2|Rayquaza|
|teampreview
|
|t:|1664764196
|start
|switch|p1a: the gwoat|Rayquaza|100/100
|switch|p2a: Klefki|Klefki, F|100/100
|-ability|p1a: the gwoat|Air Lock
|turn|1
|
|t:|1664764201
|detailschange|p1a: the gwoat|Rayquaza-Mega
|-mega|p1a: the gwoat|Rayquaza|
|-weather|DeltaStream|[from] ability: Delta Stream|[of] p1a: the gwoat
|move|p2a: Klefki|Reflect|p2a: Klefki
|-sidestart|p2: NOAH MK2|Reflect
|move|p1a: the gwoat|Earthquake|p2a: Klefki
|-supereffective|p2a: Klefki
|-damage|p2a: Klefki|50/100
|-damage|p1a: the gwoat|91/100|[from] item: Life Orb
|
|-weather|DeltaStream|[upkeep]
|upkeep
|turn|2
|
|t:|1664764205
|-weather|none
|switch|p1a: the goat|Zygarde, shiny|100/100
|switch|p2a: Zygarde|Zygarde|100/100
|
|upkeep
|turn|3
|
|t:|1664764210
|move|p1a: the goat|Glare|p2a: Zygarde
|-status|p2a: Zygarde|par
|move|p2a: Zygarde|Glare|p1a: the goat
|-status|p1a: the goat|par
|
|upkeep
|turn|4
|
|t:|1664764219
|switch|p2a: Whimsicott|Whimsicott, M|100/100
|move|p1a: the goat|Substitute|p1a: the goat
|-start|p1a: the goat|Substitute
|-damage|p1a: the goat|75/100 par
|
|-heal|p1a: the goat|82/100 par|[from] item: Leftovers
|upkeep
|turn|5
|
|t:|1664764222
|move|p2a: Whimsicott|Encore|p1a: the goat
|-start|p1a: the goat|Encore
|move|p1a: the goat|Substitute|p1a: the goat
|-fail|p1a: the goat|move: Substitute
|
|-heal|p1a: the goat|88/100 par|[from] item: Leftovers
|upkeep
|turn|6
|
|t:|1664764225
|move|p2a: Whimsicott|Substitute|p2a: Whimsicott
|-start|p2a: Whimsicott|Substitute
|-damage|p2a: Whimsicott|76/100
|move|p1a: the goat|Substitute|p1a: the goat
|-fail|p1a: the goat|move: Substitute
|
|-heal|p2a: Whimsicott|82/100|[from] item: Leftovers
|-heal|p1a: the goat|94/100 par|[from] item: Leftovers
|upkeep
|turn|7
|
|t:|1664764231
|switch|p1a: Arceus|Arceus-Fairy|100/100
|move|p2a: Whimsicott|Moonblast|p1a: Arceus
|-damage|p1a: Arceus|81/100
|
|-heal|p2a: Whimsicott|88/100|[from] item: Leftovers
|upkeep
|turn|8
|
|t:|1664764234
|move|p2a: Whimsicott|Leech Seed|p1a: Arceus
|-start|p1a: Arceus|move: Leech Seed
|move|p1a: Arceus|Perish Song|p1a: Arceus
|-start|p1a: Arceus|perish3|[silent]
|-start|p2a: Whimsicott|perish3|[silent]
|-fieldactivate|move: Perish Song
|
|-heal|p2a: Whimsicott|94/100|[from] item: Leftovers
|-damage|p1a: Arceus|68/100|[from] Leech Seed|[of] p2a: Whimsicott
|-heal|p2a: Whimsicott|100/100|[silent]
|-start|p2a: Whimsicott|perish3
|-start|p1a: Arceus|perish3
|-sideend|p2: NOAH MK2|Reflect
|upkeep
|turn|9
|
|t:|1664764238
|move|p2a: Whimsicott|Encore|p1a: Arceus
|-start|p1a: Arceus|Encore
|move|p1a: Arceus|Perish Song||[still]
|-fail|p1a: Arceus
|
|-damage|p1a: Arceus|56/100|[from] Leech Seed|[of] p2a: Whimsicott
|-start|p2a: Whimsicott|perish2
|-start|p1a: Arceus|perish2
|upkeep
|turn|10
|
|t:|1664764264
|switch|p2a: Zygarde|Zygarde|100/100 par
|switch|p1a: Pyra|Groudon|100/100
|detailschange|p1a: Pyra|Groudon-Primal
|-primal|p1a: Pyra
|-weather|DesolateLand|[from] ability: Desolate Land|[of] p1a: Pyra
|
|-weather|DesolateLand|[upkeep]
|upkeep
|turn|11
|
|t:|1664764273
|-weather|none
|switch|p1a: Arceus|Arceus-Fairy|56/100
|move|p2a: Zygarde|Glare|p1a: Arceus
|-status|p1a: Arceus|par
|
|upkeep
|turn|12
|
|t:|1664764283
|switch|p2a: Groudon|Groudon|100/100
|detailschange|p2a: Groudon|Groudon-Primal
|-primal|p2a: Groudon
|-weather|DesolateLand|[from] ability: Desolate Land|[of] p2a: Groudon
|move|p1a: Arceus|Recover|p1a: Arceus
|-heal|p1a: Arceus|100/100 par
|
|-weather|DesolateLand|[upkeep]
|upkeep
|turn|13
|inactive|Battle timer is ON: inactive players will automatically lose when time's up. (requested by BasakBooster)
|
|t:|1664764292
|switch|p1a: the goat|Zygarde, shiny|94/100 par
|move|p2a: Groudon|Swords Dance|p2a: Groudon
|-boost|p2a: Groudon|atk|2
|
|-weather|DesolateLand|[upkeep]
|-heal|p1a: the goat|99/100 par|[from] item: Leftovers
|upkeep
|turn|14
|
|t:|1664764297
|-weather|none
|switch|p2a: Zygarde|Zygarde|100/100 par
|move|p1a: the goat|Glare|p2a: Zygarde
|-fail|p2a: Zygarde|par
|
|-heal|p1a: the goat|100/100 par|[from] item: Leftovers
|upkeep
|turn|15
|
|t:|1664764312
|switch|p2a: Whimsicott|Whimsicott, M|100/100
|move|p1a: the goat|Substitute|p1a: the goat
|-start|p1a: the goat|Substitute
|-damage|p1a: the goat|75/100 par
|
|-heal|p1a: the goat|82/100 par|[from] item: Leftovers
|upkeep
|turn|16
|
|t:|1664764319
|switch|p1a: Calyrex|Calyrex-Shadow|100/100
|-ability|p1a: Calyrex|As One
|-ability|p1a: Calyrex|Unnerve
|move|p2a: Whimsicott|Substitute|p2a: Whimsicott
|-start|p2a: Whimsicott|Substitute
|-damage|p2a: Whimsicott|76/100
|
|-heal|p2a: Whimsicott|82/100|[from] item: Leftovers
|upkeep
|turn|17
|
|t:|1664764322
|move|p2a: Whimsicott|Leech Seed|p1a: Calyrex
|-start|p1a: Calyrex|move: Leech Seed
|move|p1a: Calyrex|Astral Barrage|p2a: Whimsicott
|-end|p2a: Whimsicott|Substitute
|
|-heal|p2a: Whimsicott|88/100|[from] item: Leftovers
|-damage|p1a: Calyrex|88/100|[from] Leech Seed|[of] p2a: Whimsicott
|-heal|p2a: Whimsicott|100/100|[silent]
|upkeep
|turn|18
|
|t:|1664764327
|switch|p1a: Arceus|Arceus-Fairy|100/100 par
|move|p2a: Whimsicott|Substitute|p2a: Whimsicott
|-start|p2a: Whimsicott|Substitute
|-damage|p2a: Whimsicott|76/100
|
|-heal|p2a: Whimsicott|82/100|[from] item: Leftovers
|upkeep
|turn|19
|
|t:|1664764330
|move|p2a: Whimsicott|Leech Seed|p1a: Arceus
|-start|p1a: Arceus|move: Leech Seed
|move|p1a: Arceus|Perish Song|p1a: Arceus
|-start|p1a: Arceus|perish3|[silent]
|-start|p2a: Whimsicott|perish3|[silent]
|-fieldactivate|move: Perish Song
|
|-heal|p2a: Whimsicott|88/100|[from] item: Leftovers
|-damage|p1a: Arceus|88/100 par|[from] Leech Seed|[of] p2a: Whimsicott
|-heal|p2a: Whimsicott|100/100|[silent]
|-start|p2a: Whimsicott|perish3
|-start|p1a: Arceus|perish3
|upkeep
|turn|20
|
|t:|1664764338
|switch|p2a: Klefki|Klefki, F|50/100
|switch|p1a: Calyrex|Calyrex-Shadow|88/100
|-ability|p1a: Calyrex|As One
|-ability|p1a: Calyrex|Unnerve
|
|-heal|p1a: Calyrex|94/100|[from] item: Leftovers
|upkeep
|turn|21
|
|t:|1664764347
|move|p2a: Klefki|Light Screen|p2a: Klefki
|-sidestart|p2: NOAH MK2|move: Light Screen
|move|p1a: Calyrex|Substitute|p1a: Calyrex
|-start|p1a: Calyrex|Substitute
|-damage|p1a: Calyrex|70/100
|
|-heal|p1a: Calyrex|76/100|[from] item: Leftovers
|upkeep
|turn|22
|
|t:|1664764350
|switch|p2a: Whimsicott|Whimsicott, M|100/100
|move|p1a: Calyrex|Astral Barrage|p2a: Whimsicott
|-crit|p2a: Whimsicott
|-damage|p2a: Whimsicott|0 fnt
|faint|p2a: Whimsicott
|-ability|p1a: Calyrex|Grim Neigh|boost
|-boost|p1a: Calyrex|spa|1
|
|-heal|p1a: Calyrex|82/100|[from] item: Leftovers
|upkeep
|
|t:|1664764364
|switch|p2a: Xerneas|Xerneas|100/100
|-ability|p2a: Xerneas|Fairy Aura
|turn|23
|
|t:|1664764367
|move|p1a: Calyrex|Leech Seed|p2a: Xerneas
|-start|p2a: Xerneas|move: Leech Seed
|move|p2a: Xerneas|Geomancy||[still]
|-prepare|p2a: Xerneas|Geomancy
|-enditem|p2a: Xerneas|Power Herb
|-anim|p2a: Xerneas|Geomancy|p2a: Xerneas
|-boost|p2a: Xerneas|spa|2
|-boost|p2a: Xerneas|spd|2
|-boost|p2a: Xerneas|spe|2
|
|-heal|p1a: Calyrex|88/100|[from] item: Leftovers
|-damage|p2a: Xerneas|88/100|[from] Leech Seed|[of] p1a: Calyrex
|-heal|p1a: Calyrex|100/100|[silent]
|upkeep
|turn|24
|
|t:|1664764375
|move|p2a: Xerneas|Moonblast|p1a: Calyrex
|-end|p1a: Calyrex|Substitute
|move|p1a: Calyrex|Substitute|p1a: Calyrex
|-start|p1a: Calyrex|Substitute
|-damage|p1a: Calyrex|76/100
|
|-heal|p1a: Calyrex|82/100|[from] item: Leftovers
|-damage|p2a: Xerneas|76/100|[from] Leech Seed|[of] p1a: Calyrex
|-heal|p1a: Calyrex|96/100|[silent]
|upkeep
|turn|25
|-message|NOAH MK2 forfeited.
|
|win|BasakBooster
|raw|BasakBooster's rating: 1722 &rarr; <strong>1739</strong><br />(+17 for winning)
|raw|NOAH MK2's rating: 1666 &rarr; <strong>1649</strong><br />(-17 for losing)
|l|☆NOAH MK2
||Ladder isn't responding, score probably updated but might not have (Request timeout).
