|j|☆ThenoJSZ
|j|☆CLEAR GEM清瑜
|t:|1666443304
|gametype|singles
|player|p1|ThenoJSZ|ash|1692
|player|p2|CLEAR GEM清瑜|skierf|1693
|teamsize|p1|6
|teamsize|p2|6
|gen|8
|tier|[Gen 8] National Dex AG
|rated|
|rule|HP Percentage Mod: HP is shown in percentages
|rule|Endless Battle Clause: Forcing endless battles is banned
|clearpoke
|poke|p1|Yveltal|
|poke|p1|Necrozma-Dusk-Mane|
|poke|p1|Rayquaza|
|poke|p1|Xerneas-*|
|poke|p1|Arceus-*|
|poke|p1|Marshadow|
|poke|p2|Rayquaza|
|poke|p2|Groudon|
|poke|p2|Necrozma-Dusk-Mane|
|poke|p2|Arceus-*|
|poke|p2|Zacian-*|
|poke|p2|Yveltal|
|teampreview
|inactive|Battle timer is ON: inactive players will automatically lose when time's up. (requested by ThenoJSZ)
|
|t:|1666443311
|start
|switch|p1a: Arceus|Arceus-Electric|100/100
|switch|p2a: 老烈|Rayquaza, shiny|100/100
|-ability|p2a: 老烈|Air Lock
|turn|1
|
|t:|1666443315
|detailschange|p2a: 老烈|Rayquaza-Mega, shiny
|-mega|p2a: 老烈|Rayquaza|
|-weather|DeltaStream|[from] ability: Delta Stream|[of] p2a: 老烈
|move|p1a: Arceus|Stealth Rock|p2a: 老烈
|-sidestart|p2: CLEAR GEM清瑜|move: Stealth Rock
|move|p2a: 老烈|Scale Shot|p1a: Arceus
|-damage|p1a: Arceus|86/100
|-damage|p1a: Arceus|71/100
|-damage|p1a: Arceus|56/100
|-damage|p1a: Arceus|41/100
|-hitcount|p1a: Arceus|4
|-unboost|p2a: 老烈|def|1
|-boost|p2a: 老烈|spe|1
|-damage|p2a: 老烈|91/100|[from] item: Life Orb
|
|-weather|DeltaStream|[upkeep]
|upkeep
|turn|2
|
|t:|1666443323
|move|p2a: 老烈|Earthquake|p1a: Arceus
|-supereffective|p1a: Arceus
|-damage|p1a: Arceus|0 fnt
|faint|p1a: Arceus
|-damage|p2a: 老烈|81/100|[from] item: Life Orb
|
|-weather|DeltaStream|[upkeep]
|upkeep
|
|t:|1666443333
|switch|p1a: Yveltal|Yveltal|100/100
|-ability|p1a: Yveltal|Dark Aura
|turn|3
|
|t:|1666443336
|move|p2a: 老烈|Dragon Ascent|p1a: Yveltal
|-damage|p1a: Yveltal|17/100
|-unboost|p2a: 老烈|def|1
|-unboost|p2a: 老烈|spd|1
|-damage|p2a: 老烈|71/100|[from] item: Life Orb
|move|p1a: Yveltal|Knock Off|p2a: 老烈
|-damage|p2a: 老烈|0 fnt
|-enditem|p2a: 老烈|Life Orb|[from] move: Knock Off|[of] p1a: Yveltal
|faint|p2a: 老烈
|-weather|none
|
|upkeep
|
|t:|1666443345
|switch|p2a: 不会(?)|Groudon|100/100
|-damage|p2a: 不会(?)|94/100|[from] Stealth Rock
|detailschange|p2a: 不会(?)|Groudon-Primal
|-primal|p2a: 不会(?)
|-weather|DesolateLand|[from] ability: Desolate Land|[of] p2a: 不会(?)
|turn|4
|
|t:|1666443351
|move|p1a: Yveltal|Roost|p1a: Yveltal
|-heal|p1a: Yveltal|67/100
|-singleturn|p1a: Yveltal|move: Roost
|move|p2a: 不会(?)|Stealth Rock|p1a: Yveltal
|-sidestart|p1: ThenoJSZ|move: Stealth Rock
|
|-weather|DesolateLand|[upkeep]
|upkeep
|turn|5
|
|t:|1666443359
|move|p1a: Yveltal|Defog|p2a: 不会(?)
|-unboost|p2a: 不会(?)|evasion|1
|-sideend|p2: CLEAR GEM清瑜|Stealth Rock|[from] move: Defog|[of] p1a: Yveltal
|-sideend|p1: ThenoJSZ|Stealth Rock|[from] move: Defog|[of] p1a: Yveltal
|move|p2a: 不会(?)|Thunder Wave|p1a: Yveltal
|-status|p1a: Yveltal|par
|
|-weather|DesolateLand|[upkeep]
|upkeep
|turn|6
|
|t:|1666443366
|move|p2a: 不会(?)|Fire Punch|p1a: Yveltal
|-damage|p1a: Yveltal|20/100 par
|move|p1a: Yveltal|U-turn|p2a: 不会(?)
|-resisted|p2a: 不会(?)
|-damage|p2a: 不会(?)|90/100
|
|t:|1666443372
|switch|p1a: Rayquaza|Rayquaza|100/100|[from]move: U-turn
|-ability|p1a: Rayquaza|Air Lock
|
|-weather|DesolateLand|[upkeep]
|upkeep
|turn|7
|
|t:|1666443378
|detailschange|p1a: Rayquaza|Rayquaza-Mega
|-mega|p1a: Rayquaza|Rayquaza|
|-weather|DeltaStream|[from] ability: Delta Stream|[of] p1a: Rayquaza
|move|p1a: Rayquaza|Draco Meteor|p2a: 不会(?)
|-damage|p2a: 不会(?)|22/100
|-unboost|p1a: Rayquaza|spa|2
|move|p2a: 不会(?)|Thunder Wave|p1a: Rayquaza
|-status|p1a: Rayquaza|par
|
|-weather|DeltaStream|[upkeep]
|upkeep
|turn|8
|
|t:|1666443388
|move|p2a: 不会(?)|Stealth Rock|p1a: Rayquaza
|-sidestart|p1: ThenoJSZ|move: Stealth Rock
|move|p1a: Rayquaza|Dragon Ascent|p2a: 不会(?)
|-damage|p2a: 不会(?)|0 fnt
|-unboost|p1a: Rayquaza|def|1
|-unboost|p1a: Rayquaza|spd|1
|faint|p2a: 不会(?)
|
|-weather|DeltaStream|[upkeep]
|upkeep
|
|t:|1666443392
|switch|p2a: 嘉然小姐的狗|Zacian-Crowned|100/100
|-ability|p2a: 嘉然小姐的狗|Intrepid Sword|boost
|-boost|p2a: 嘉然小姐的狗|atk|1
|turn|9
|
|t:|1666443397
|-weather|none
|switch|p1a: Yveltal|Yveltal|20/100 par
|-ability|p1a: Yveltal|Dark Aura
|move|p2a: 嘉然小姐的狗|Behemoth Blade|p1a: Yveltal
|-damage|p1a: Yveltal|0 fnt
|faint|p1a: Yveltal
|
|upkeep
|
|t:|1666443407
|switch|p1a: Necrozma|Necrozma-Dusk-Mane|100/100
|-damage|p1a: Necrozma|94/100|[from] Stealth Rock
|turn|10
|
|t:|1666443413
|switch|p2a: 钢铁之躯|Necrozma-Dusk-Mane|100/100
|move|p1a: Necrozma|Stealth Rock|p2a: 钢铁之躯
|-sidestart|p2: CLEAR GEM清瑜|move: Stealth Rock
|
|upkeep
|turn|11
|
|t:|1666443416
|move|p2a: 钢铁之躯|Dragon Dance|p2a: 钢铁之躯
|-boost|p2a: 钢铁之躯|atk|1
|-boost|p2a: 钢铁之躯|spe|1
|move|p1a: Necrozma|Knock Off|p2a: 钢铁之躯
|-supereffective|p2a: 钢铁之躯
|-damage|p2a: 钢铁之躯|76/100
|
|upkeep
|turn|12
|
|t:|1666443433
|-start|p1a: Necrozma|Dynamax|
|-heal|p1a: Necrozma|94/100|[silent]
|move|p2a: 钢铁之躯|Dragon Dance|p2a: 钢铁之躯
|-boost|p2a: 钢铁之躯|atk|1
|-boost|p2a: 钢铁之躯|spe|1
|move|p1a: Necrozma|Max Darkness|p2a: 钢铁之躯
|-supereffective|p2a: 钢铁之躯
|-damage|p2a: 钢铁之躯|33/100
|-unboost|p2a: 钢铁之躯|spd|1
|
|upkeep
|turn|13
|
|t:|1666443439
|detailschange|p2a: 钢铁之躯|Necrozma-Ultra
|-burst|p2a: 钢铁之躯|Necrozma|Ultranecrozium Z
|move|p2a: 钢铁之躯|Earthquake|p1a: Necrozma
|-supereffective|p1a: Necrozma
|-damage|p1a: Necrozma|45/100
|move|p1a: Necrozma|Max Darkness|p2a: 钢铁之躯
|-supereffective|p2a: 钢铁之躯
|-damage|p2a: 钢铁之躯|0 fnt
|faint|p2a: 钢铁之躯
|
|upkeep
|
|t:|1666443449
|switch|p2a: 悬空羊驼|Arceus-Flying|100/100
|-damage|p2a: 悬空羊驼|76/100|[from] Stealth Rock
|turn|14
|
|t:|1666443453
|move|p1a: Necrozma|Max Guard|p1a: Necrozma
|-singleturn|p1a: Necrozma|Max Guard
|move|p2a: 悬空羊驼|Swords Dance|p2a: 悬空羊驼
|-boost|p2a: 悬空羊驼|atk|2
|
|upkeep
|-end|p1a: Necrozma|Dynamax
|-heal|p1a: Necrozma|45/100|[silent]
|turn|15
|
|t:|1666443458
|-start|p2a: 悬空羊驼|Dynamax|
|-heal|p2a: 悬空羊驼|76/100|[silent]
|move|p2a: 悬空羊驼|Max Airstream|p1a: Necrozma
|-resisted|p1a: Necrozma
|-damage|p1a: Necrozma|1/100
|-boost|p2a: 悬空羊驼|spe|1
|move|p1a: Necrozma|Morning Sun|p1a: Necrozma
|-heal|p1a: Necrozma|51/100
|
|upkeep
|turn|16
|
|t:|1666443466
|move|p2a: 悬空羊驼|Max Quake|p1a: Necrozma
|-supereffective|p1a: Necrozma
|-damage|p1a: Necrozma|0 fnt
|-boost|p2a: 悬空羊驼|spd|1
|faint|p1a: Necrozma
|
|upkeep
|
|t:|1666443473
|switch|p1a: Rayquaza|Rayquaza-Mega|100/100 par
|-damage|p1a: Rayquaza|75/100 par|[from] Stealth Rock
|-weather|DeltaStream|[from] ability: Delta Stream|[of] p1a: Rayquaza
|turn|17
|
|t:|1666443476
|move|p2a: 悬空羊驼|Max Airstream|p1a: Rayquaza
|-damage|p1a: Rayquaza|0 fnt
|-boost|p2a: 悬空羊驼|spe|1
|faint|p1a: Rayquaza
|-weather|none
|
|upkeep
|
|t:|1666443479
|switch|p1a: Xerneas|Xerneas|100/100
|-damage|p1a: Xerneas|88/100|[from] Stealth Rock
|-ability|p1a: Xerneas|Fairy Aura
|-end|p2a: 悬空羊驼|Dynamax
|-heal|p2a: 悬空羊驼|76/100|[silent]
|turn|18
|
|t:|1666443483
|move|p2a: 悬空羊驼|Fly||[still]
|-prepare|p2a: 悬空羊驼|Fly
|move|p1a: Xerneas|Geomancy||[still]
|-prepare|p1a: Xerneas|Geomancy
|-enditem|p1a: Xerneas|Power Herb
|-anim|p1a: Xerneas|Geomancy|p1a: Xerneas
|-boost|p1a: Xerneas|spa|2
|-boost|p1a: Xerneas|spd|2
|-boost|p1a: Xerneas|spe|2
|
|upkeep
|turn|19
|
|t:|1666443489
|move|p2a: 悬空羊驼|Fly|p1a: Xerneas|[from]lockedmove|[miss]
|-miss|p2a: 悬空羊驼|p1a: Xerneas
|move|p1a: Xerneas|Moonblast|p2a: 悬空羊驼
|-damage|p2a: 悬空羊驼|8/100
|-unboost|p2a: 悬空羊驼|spa|1
|
|upkeep
|turn|20
|
|t:|1666443500
|move|p2a: 悬空羊驼|Fly||[still]
|-prepare|p2a: 悬空羊驼|Fly
|move|p1a: Xerneas|Moonblast|p2a: 悬空羊驼|[miss]
|-miss|p1a: Xerneas|p2a: 悬空羊驼
|
|upkeep
|turn|21
|
|t:|1666443502
|move|p2a: 悬空羊驼|Fly|p1a: Xerneas|[from]lockedmove
|-damage|p1a: Xerneas|0 fnt
|faint|p1a: Xerneas
|
|upkeep
|
|t:|1666443506
|switch|p1a: Marshadow|Marshadow|100/100
|-damage|p1a: Marshadow|94/100|[from] Stealth Rock
|turn|22
|
|t:|1666443511
|move|p1a: Marshadow|Shadow Sneak|p2a: 悬空羊驼
|-damage|p2a: 悬空羊驼|0 fnt
|faint|p2a: 悬空羊驼
|
|upkeep
|
|t:|1666443512
|switch|p2a: Y鸟|Yveltal|100/100
|-damage|p2a: Y鸟|76/100|[from] Stealth Rock
|-ability|p2a: Y鸟|Dark Aura
|turn|23
|
|t:|1666443517
|move|p1a: Marshadow|Close Combat|p2a: Y鸟
|-damage|p2a: Y鸟|18/100
|-unboost|p1a: Marshadow|def|1
|-unboost|p1a: Marshadow|spd|1
|move|p2a: Y鸟|Hurricane|p1a: Marshadow
|-supereffective|p1a: Marshadow
|-damage|p1a: Marshadow|0 fnt
|faint|p1a: Marshadow
|-damage|p2a: Y鸟|8/100|[from] item: Life Orb
|
|win|CLEAR GEM清瑜
|raw|ThenoJSZ's rating: 1692 &rarr; <strong>1672</strong><br />(-20 for losing)
|raw|CLEAR GEM清瑜's rating: 1693 &rarr; <strong>1713</strong><br />(+20 for winning)
||Ladder isn't responding, score probably updated but might not have (Request timeout).
