|j|☆J Bame
|j|☆dootunderscore
|t:|1659748982
|gametype|singles
|player|p1|J Bame|101|
|player|p2|dootunderscore|hilda-wonderlauncher|
|teamsize|p1|6
|teamsize|p2|6
|gen|8
|tier|[Gen 8] National Dex AG
|rule|HP Percentage Mod: HP is shown in percentages
|rule|Endless Battle Clause: Forcing endless battles is banned
|clearpoke
|poke|p1|Genesect|
|poke|p1|Sceptile, M|
|poke|p1|Chandelure, F|
|poke|p1|Milotic, F|
|poke|p1|Porygon2|
|poke|p1|Garchomp, M|
|poke|p2|Weavile, M|
|poke|p2|Liepard, M|
|poke|p2|Rotom-Wash|
|poke|p2|Excadrill, M|
|poke|p2|Blacephalon|
|poke|p2|Venusaur, F|
|teampreview
|
|t:|1659748991
|start
|switch|p1a: Genesect|Genesect|100/100
|switch|p2a: wosh|Rotom-Wash|100/100
|-ability|p1a: Genesect|Download|boost
|-boost|p1a: Genesect|spa|1
|turn|1
|
|t:|1659749001
|move|p1a: Genesect|U-turn|p2a: wosh
|-damage|p2a: wosh|72/100
|
|t:|1659749006
|switch|p1a: Garchomp|Garchomp, M|100/100|[from]move: U-turn
|move|p2a: wosh|Will-O-Wisp|p1a: Garchomp
|-status|p1a: Garchomp|brn
|
|-heal|p2a: wosh|78/100|[from] item: Leftovers
|-damage|p1a: Garchomp|94/100 brn|[from] brn
|upkeep
|turn|2
|
|t:|1659749012
|move|p1a: Garchomp|Stealth Rock|p2a: wosh
|-sidestart|p2: dootunderscore|move: Stealth Rock
|move|p2a: wosh|Hydro Pump|p1a: Garchomp|[miss]
|-miss|p2a: wosh|p1a: Garchomp
|
|-heal|p2a: wosh|84/100|[from] item: Leftovers
|-damage|p1a: Garchomp|88/100 brn|[from] brn
|upkeep
|turn|3
|
|t:|1659749020
|switch|p1a: Sceptile|Sceptile, M|100/100
|move|p2a: wosh|Defog|p1a: Sceptile
|-unboost|p1a: Sceptile|evasion|1
|-sideend|p2: dootunderscore|Stealth Rock|[from] move: Defog|[of] p2a: wosh
|
|-heal|p2a: wosh|91/100|[from] item: Leftovers
|upkeep
|turn|4
|
|t:|1659749030
|switch|p2a: leaf|Venusaur, F|100/100
|detailschange|p1a: Sceptile|Sceptile-Mega, M
|-mega|p1a: Sceptile|Sceptile|Sceptilite
|move|p1a: Sceptile|Dragon Pulse|p2a: leaf
|-damage|p2a: leaf|69/100
|
|upkeep
|turn|5
|
|t:|1659749039
|switch|p1a: Chandelure|Chandelure, F|100/100
|detailschange|p2a: leaf|Venusaur-Mega, F
|-mega|p2a: leaf|Venusaur|Venusaurite
|move|p2a: leaf|Synthesis|p2a: leaf
|-heal|p2a: leaf|100/100
|
|upkeep
|turn|6
|
|t:|1659749061
|switch|p2a: lace|Blacephalon|100/100
|move|p1a: Chandelure|Fire Blast|p2a: lace
|-resisted|p2a: lace
|-damage|p2a: lace|22/100
|
|upkeep
|turn|7
|
|t:|1659749077
|switch|p2a: extra drill|Excadrill, M|100/100
|-ability|p2a: extra drill|Mold Breaker
|switch|p1a: Porygon2|Porygon2|100/100
|-ability|p1a: Porygon2|Mold Breaker|[from] ability: Trace|[of] p2a: extra drill
|-ability|p1a: Porygon2|Mold Breaker
|
|upkeep
|turn|8
|
|t:|1659749083
|move|p2a: extra drill|Stealth Rock|p1a: Porygon2
|-sidestart|p1: J Bame|move: Stealth Rock
|move|p1a: Porygon2|Ice Beam|p2a: extra drill
|-damage|p2a: extra drill|58/100
|
|upkeep
|turn|9
|
|t:|1659749091
|move|p2a: extra drill|Earthquake|p1a: Porygon2
|-damage|p1a: Porygon2|64/100
|move|p1a: Porygon2|Ice Beam|p2a: extra drill
|-damage|p2a: extra drill|20/100
|
|upkeep
|turn|10
|
|t:|1659749100
|move|p2a: extra drill|Earthquake|p1a: Porygon2
|-damage|p1a: Porygon2|26/100
|move|p1a: Porygon2|Recover|p1a: Porygon2
|-heal|p1a: Porygon2|76/100
|
|upkeep
|turn|11
|
|t:|1659749105
|move|p2a: extra drill|Earthquake|p1a: Porygon2
|-damage|p1a: Porygon2|40/100
|move|p1a: Porygon2|Recover|p1a: Porygon2
|-heal|p1a: Porygon2|90/100
|
|upkeep
|turn|12
|
|t:|1659749124
|switch|p2a: wosh|Rotom-Wash|91/100
|switch|p1a: Garchomp|Garchomp, M|88/100 brn
|-damage|p1a: Garchomp|82/100 brn|[from] Stealth Rock
|
|-heal|p2a: wosh|97/100|[from] item: Leftovers
|-damage|p1a: Garchomp|76/100 brn|[from] brn
|upkeep
|turn|13
|
|t:|1659749136
|switch|p2a: leaf|Venusaur-Mega, F|100/100
|move|p1a: Garchomp|Stealth Rock|p2a: leaf
|-sidestart|p2: dootunderscore|move: Stealth Rock
|
|-damage|p1a: Garchomp|70/100 brn|[from] brn
|upkeep
|turn|14
|
|t:|1659749147
|move|p1a: Garchomp|Fire Blast|p2a: leaf
|-supereffective|p2a: leaf
|-damage|p2a: leaf|88/100
|move|p2a: leaf|Leech Seed|p1a: Garchomp
|-start|p1a: Garchomp|move: Leech Seed
|
|-damage|p1a: Garchomp|57/100 brn|[from] Leech Seed|[of] p2a: leaf
|-heal|p2a: leaf|100/100|[silent]
|-damage|p1a: Garchomp|51/100 brn|[from] brn
|upkeep
|turn|15
|
|t:|1659749154
|move|p1a: Garchomp|Earthquake|p2a: leaf
|-damage|p2a: leaf|82/100
|move|p2a: leaf|Earth Power|p1a: Garchomp
|-damage|p1a: Garchomp|24/100 brn
|
|-damage|p1a: Garchomp|12/100 brn|[from] Leech Seed|[of] p2a: leaf
|-heal|p2a: leaf|96/100|[silent]
|-damage|p1a: Garchomp|6/100 brn|[from] brn
|upkeep
|turn|16
|
|t:|1659749167
|move|p1a: Garchomp|Earthquake|p2a: leaf
|-damage|p2a: leaf|78/100
|move|p2a: leaf|Earth Power|p1a: Garchomp
|-damage|p1a: Garchomp|0 fnt
|faint|p1a: Garchomp
|
|upkeep
|
|t:|1659749176
|switch|p1a: Chandelure|Chandelure, F|100/100
|-damage|p1a: Chandelure|76/100|[from] Stealth Rock
|turn|17
|
|t:|1659749191
|move|p1a: Chandelure|Fire Blast|p2a: leaf
|-supereffective|p2a: leaf
|-damage|p2a: leaf|22/100
|move|p2a: leaf|Earth Power|p1a: Chandelure
|-supereffective|p1a: Chandelure
|-damage|p1a: Chandelure|8/100
|
|upkeep
|turn|18
|
|t:|1659749201
|move|p1a: Chandelure|Fire Blast|p2a: leaf
|-supereffective|p2a: leaf
|-damage|p2a: leaf|0 fnt
|faint|p2a: leaf
|
|upkeep
|
|t:|1659749203
|switch|p2a: wevil|Weavile, M|100/100
|-ability|p2a: wevil|Pressure
|turn|19
|
|t:|1659749261
|move|p2a: wevil|Knock Off|p1a: Chandelure
|-supereffective|p1a: Chandelure
|-damage|p1a: Chandelure|0 fnt
|-enditem|p1a: Chandelure|Choice Specs|[from] move: Knock Off|[of] p2a: wevil
|faint|p1a: Chandelure
|
|upkeep
|
|t:|1659749268
|switch|p1a: Genesect|Genesect|100/100
|-damage|p1a: Genesect|88/100|[from] Stealth Rock
|-ability|p1a: Genesect|Download|boost
|-boost|p1a: Genesect|atk|1
|turn|20
|
|t:|1659749308
|switch|p2a: wosh|Rotom-Wash|97/100
|-damage|p2a: wosh|84/100|[from] Stealth Rock
|move|p1a: Genesect|U-turn|p2a: wosh
|-damage|p2a: wosh|43/100
|
|t:|1659749317
|switch|p1a: Sceptile|Sceptile-Mega, M|100/100|[from]move: U-turn
|-damage|p1a: Sceptile|88/100|[from] Stealth Rock
|
|-heal|p2a: wosh|49/100|[from] item: Leftovers
|upkeep
|turn|21
|
|t:|1659749332
|move|p1a: Sceptile|Leaf Storm|p2a: wosh
|-supereffective|p2a: wosh
|-damage|p2a: wosh|0 fnt
|-unboost|p1a: Sceptile|spa|2
|faint|p2a: wosh
|
|upkeep
|
|t:|1659749338
|switch|p2a: wevil|Weavile, M|100/100
|-ability|p2a: wevil|Pressure
|turn|22
|
|t:|1659749444
|move|p1a: Sceptile|Iron Tail|p2a: wevil
|-supereffective|p2a: wevil
|-damage|p2a: wevil|12/100
|move|p2a: wevil|Triple Axel|p1a: Sceptile
|-supereffective|p1a: Sceptile
|-damage|p1a: Sceptile|11/100
|-supereffective|p1a: Sceptile
|-damage|p1a: Sceptile|0 fnt
|faint|p1a: Sceptile
|-hitcount|p1: Sceptile|2
|
|upkeep
|
|t:|1659749462
|switch|p1a: Milotic|Milotic, F|100/100
|-damage|p1a: Milotic|88/100|[from] Stealth Rock
|turn|23
|
|t:|1659749468
|switch|p2a: just a prank bro|Liepard, M|100/100
|-damage|p2a: just a prank bro|88/100|[from] Stealth Rock
|move|p1a: Milotic|Scald|p2a: just a prank bro
|-damage|p2a: just a prank bro|38/100
|-status|p2a: just a prank bro|brn
|
|-heal|p1a: Milotic|94/100|[from] item: Leftovers
|-damage|p2a: just a prank bro|32/100 brn|[from] brn
|upkeep
|turn|24
|
|t:|1659749485
|move|p2a: just a prank bro|Yawn|p1a: Milotic
|-start|p1a: Milotic|move: Yawn|[of] p2a: just a prank bro
|move|p1a: Milotic|Scald|p2a: just a prank bro
|-damage|p2a: just a prank bro|0 fnt
|faint|p2a: just a prank bro
|
|-heal|p1a: Milotic|99/100|[from] item: Leftovers
|upkeep
|
|t:|1659749488
|switch|p2a: extra drill|Excadrill, M|20/100
|-damage|p2a: extra drill|17/100|[from] Stealth Rock
|-ability|p2a: extra drill|Mold Breaker
|turn|25
|
|t:|1659749494
|move|p2a: extra drill|Rapid Spin|p1a: Milotic
|-damage|p1a: Milotic|87/100
|-boost|p2a: extra drill|spe|1
|-sideend|p2: dootunderscore|Stealth Rock|[from] move: Rapid Spin|[of] p2a: extra drill
|move|p1a: Milotic|Scald|p2a: extra drill
|-supereffective|p2a: extra drill
|-damage|p2a: extra drill|0 fnt
|faint|p2a: extra drill
|
|-heal|p1a: Milotic|93/100|[from] item: Leftovers
|-end|p1a: Milotic|move: Yawn|[silent]
|-status|p1a: Milotic|slp
|upkeep
|
|t:|1659749497
|switch|p2a: wevil|Weavile, M|12/100
|-ability|p2a: wevil|Pressure
|turn|26
|
|t:|1659749503
|switch|p1a: Genesect|Genesect|88/100
|-damage|p1a: Genesect|76/100|[from] Stealth Rock
|-ability|p1a: Genesect|Download|boost
|-boost|p1a: Genesect|atk|1
|move|p2a: wevil|Swords Dance|p2a: wevil
|-boost|p2a: wevil|atk|2
|
|upkeep
|turn|27
|
|t:|1659749513
|move|p2a: wevil|Ice Shard|p1a: Genesect
|-resisted|p1a: Genesect
|-damage|p1a: Genesect|48/100
|move|p1a: Genesect|U-turn|p2a: wevil
|-supereffective|p2a: wevil
|-damage|p2a: wevil|0 fnt
|faint|p2a: wevil
|
|t:|1659749523
|switch|p1a: Porygon2|Porygon2|90/100|[from]move: U-turn
|-damage|p1a: Porygon2|77/100|[from] Stealth Rock
|
|upkeep
|
|t:|1659749526
|switch|p2a: lace|Blacephalon|22/100
|-ability|p1a: Porygon2|Beast Boost|[from] ability: Trace|[of] p2a: lace
|turn|28
|
|t:|1659749533
|move|p2a: lace|Flamethrower|p1a: Porygon2
|-damage|p1a: Porygon2|40/100
|move|p1a: Porygon2|Thunder Wave|p2a: lace
|-status|p2a: lace|par
|
|upkeep
|turn|29
|
|t:|1659749539
|move|p2a: lace|Flamethrower|p1a: Porygon2
|-damage|p1a: Porygon2|4/100
|move|p1a: Porygon2|Recover|p1a: Porygon2
|-heal|p1a: Porygon2|54/100
|
|upkeep
|turn|30
|
|t:|1659749545
|cant|p2a: lace|par
|move|p1a: Porygon2|Recover|p1a: Porygon2
|-heal|p1a: Porygon2|100/100
|
|upkeep
|turn|31
|
|t:|1659749550
|move|p2a: lace|Flamethrower|p1a: Porygon2
|-damage|p1a: Porygon2|62/100
|move|p1a: Porygon2|Ice Beam|p2a: lace
|-resisted|p2a: lace
|-damage|p2a: lace|0 fnt
|faint|p2a: lace
|
|win|J Bame
|l|☆dootunderscore
