|j|☆HikaruMaxwell_004
|j|☆test3721
|t:|1605584135
|player|p1|HikaruMaxwell_004|hilbert-dueldisk|1760
|player|p2|test3721|2|1518
|teamsize|p1|6
|teamsize|p2|6
|gametype|singles
|gen|8
|tier|[Gen 8] National Dex AG
|rated|
|clearpoke
|poke|p1|Calyrex-Shadow|
|poke|p1|Yveltal|
|poke|p1|Zacian-Crowned|
|poke|p1|Rayquaza|
|poke|p1|Ho-Oh|
|poke|p1|Necrozma-Dusk-Mane|
|poke|p2|Weavile, M|
|poke|p2|Necrozma-Dusk-Mane|
|poke|p2|Deoxys-Attack|
|poke|p2|Deoxys-Attack|
|poke|p2|Landorus-Therian, M|
|poke|p2|Marshadow|
|rule|HP Percentage Mod: HP is shown in percentages
|rule|Endless Battle Clause: Forcing endless battles is banned
|teampreview
|
|t:|1605584143
|start
|switch|p1a: Necrozma|Necrozma-Dusk-Mane|100/100
|switch|p2a: Weavile|Weavile, M|100/100
|-ability|p2a: Weavile|Pressure
|turn|1
|
|t:|1605584147
|move|p2a: Weavile|Beat Up|p1a: Necrozma
|-supereffective|p1a: Necrozma
|-damage|p1a: Necrozma|93/100
|-supereffective|p1a: Necrozma
|-damage|p1a: Necrozma|84/100
|-supereffective|p1a: Necrozma
|-damage|p1a: Necrozma|73/100
|-supereffective|p1a: Necrozma
|-damage|p1a: Necrozma|63/100
|-supereffective|p1a: Necrozma
|-crit|p1a: Necrozma
|-damage|p1a: Necrozma|51/100
|-supereffective|p1a: Necrozma
|-damage|p1a: Necrozma|42/100
|-hitcount|p1a: Necrozma|6
|move|p1a: Necrozma|Stealth Rock|p2a: Weavile
|-sidestart|p2: test3721|move: Stealth Rock
|
|-heal|p1a: Necrozma|48/100|[from] item: Leftovers
|upkeep
|turn|2
|
|t:|1605584157
|move|p2a: Weavile|Beat Up|p1a: Necrozma
|-supereffective|p1a: Necrozma
|-damage|p1a: Necrozma|41/100
|-supereffective|p1a: Necrozma
|-damage|p1a: Necrozma|31/100
|-supereffective|p1a: Necrozma
|-damage|p1a: Necrozma|20/100
|-supereffective|p1a: Necrozma
|-damage|p1a: Necrozma|9/100
|-supereffective|p1a: Necrozma
|-damage|p1a: Necrozma|0 fnt
|-hitcount|p1a: Necrozma|5
|faint|p1a: Necrozma
|
|upkeep
|j| Peen wacker
|
|t:|1605584166
|switch|p1a: Zacian|Zacian-Crowned|100/100
|-ability|p1a: Zacian|Intrepid Sword|boost
|-boost|p1a: Zacian|atk|1
|turn|3
|
|t:|1605584169
|switch|p2a: Necrozma|Necrozma-Dusk-Mane|100/100
|-damage|p2a: Necrozma|94/100|[from] Stealth Rock
|move|p1a: Zacian|Behemoth Blade|p2a: Necrozma
|-resisted|p2a: Necrozma
|-damage|p2a: Necrozma|66/100
|
|-heal|p2a: Necrozma|72/100|[from] item: Leftovers
|upkeep
|turn|4
|
|t:|1605584177
|move|p1a: Zacian|Close Combat|p2a: Necrozma
|-damage|p2a: Necrozma|31/100
|-unboost|p1a: Zacian|def|1
|-unboost|p1a: Zacian|spd|1
|move|p2a: Necrozma|Stealth Rock|p1a: Zacian
|-sidestart|p1: HikaruMaxwell_004|move: Stealth Rock
|
|-heal|p2a: Necrozma|37/100|[from] item: Leftovers
|upkeep
|turn|5
|
|t:|1605584200
|move|p1a: Zacian|Close Combat|p2a: Necrozma
|-damage|p2a: Necrozma|0 fnt
|-unboost|p1a: Zacian|def|1
|-unboost|p1a: Zacian|spd|1
|faint|p2a: Necrozma
|
|upkeep
|
|t:|1605584204
|switch|p2a: Landorus|Landorus-Therian, M|100/100
|-damage|p2a: Landorus|88/100|[from] Stealth Rock
|-ability|p2a: Landorus|Intimidate|boost
|-unboost|p1a: Zacian|atk|1
|turn|6
|
|t:|1605584210
|switch|p1a: Ho-Oh|Ho-Oh|100/100
|move|p2a: Landorus|Defog|p1a: Ho-Oh
|-unboost|p1a: Ho-Oh|evasion|1
|-sideend|p1: HikaruMaxwell_004|Stealth Rock|[from] move: Defog|[of] p2a: Landorus
|-sideend|p2: test3721|Stealth Rock|[from] move: Defog|[of] p2a: Landorus
|
|upkeep
|turn|7
|
|t:|1605584223
|switch|p2a: Weavile|Weavile, M|100/100
|-ability|p2a: Weavile|Pressure
|switch|p1a: Calyrex|Calyrex-Shadow|100/100
|-ability|p1a: Calyrex|As One
|-ability|p1a: Calyrex|Unnerve|p2: test3721
|
|upkeep
|turn|8
|
|t:|1605584230
|move|p1a: Calyrex|Draining Kiss|p2a: Weavile
|-supereffective|p2a: Weavile
|-damage|p2a: Weavile|28/100
|-damage|p1a: Calyrex|91/100|[from] item: Life Orb
|move|p2a: Weavile|Beat Up|p1a: Calyrex
|-supereffective|p1a: Calyrex
|-damage|p1a: Calyrex|48/100
|-supereffective|p1a: Calyrex
|-damage|p1a: Calyrex|3/100
|-supereffective|p1a: Calyrex
|-damage|p1a: Calyrex|0 fnt
|-hitcount|p1a: Calyrex|3
|faint|p1a: Calyrex
|
|upkeep
|
|t:|1605584242
|switch|p1a: Ho-Oh|Ho-Oh|100/100
|turn|9
|
|t:|1605584246
|-start|p1a: Ho-Oh|Dynamax
|-heal|p1a: Ho-Oh|100/100|[silent]
|move|p2a: Weavile|Beat Up|p1a: Ho-Oh
|-damage|p1a: Ho-Oh|96/100
|-damage|p1a: Ho-Oh|91/100
|-damage|p1a: Ho-Oh|85/100
|-damage|p1a: Ho-Oh|79/100
|-damage|p1a: Ho-Oh|74/100
|-hitcount|p1a: Ho-Oh|5
|move|p1a: Ho-Oh|Max Airstream|p2a: Weavile
|-damage|p2a: Weavile|0 fnt
|-boost|p1a: Ho-Oh|spe|1
|faint|p2a: Weavile
|
|upkeep
|
|t:|1605584254
|switch|p2a: Marshadow|Marshadow|100/100
|turn|10
|
|t:|1605584260
|move|p1a: Ho-Oh|Max Airstream|p2a: Marshadow
|-supereffective|p2a: Marshadow
|-enditem|p2a: Marshadow|Focus Sash
|-damage|p2a: Marshadow|1/100
|-boost|p1a: Ho-Oh|spe|1
|move|p2a: Marshadow|Spectral Thief||[still]
|-clearpositiveboost|p1a: Ho-Oh|p2a: Marshadow|move: Spectral Thief
|-boost|p2a: Marshadow|spe|2
|-anim|p2a: Marshadow|Spectral Thief|p1a: Ho-Oh
|-damage|p1a: Ho-Oh|52/100
|
|upkeep
|turn|11
|
|t:|1605584269
|-start|p2a: Marshadow|Dynamax
|-heal|p2a: Marshadow|1/100|[silent]
|move|p2a: Marshadow|Max Rockfall|p1a: Ho-Oh
|-supereffective|p1a: Ho-Oh
|-damage|p1a: Ho-Oh|0 fnt
|-weather|Sandstorm
|faint|p1a: Ho-Oh
|
|-weather|Sandstorm|[upkeep]
|-damage|p2a: Marshadow|0 fnt|[from] Sandstorm
|faint|p2a: Marshadow
|upkeep
|
|t:|1605584274
|switch|p2a: Landorus|Landorus-Therian, M|88/100
|switch|p1a: Rayquaza|Rayquaza|100/100
|-ability|p2a: Landorus|Intimidate|boost
|-unboost|p1a: Rayquaza|atk|1
|-ability|p1a: Rayquaza|Air Lock
|turn|12
|
|t:|1605584284
|switch|p1a: Zacian|Zacian-Crowned|100/100
|-ability|p1a: Zacian|Intrepid Sword|boost
|-boost|p1a: Zacian|atk|1
|move|p2a: Landorus|U-turn|p1a: Zacian
|-resisted|p1a: Zacian
|-damage|p1a: Zacian|94/100
|
|t:|1605584289
|switch|p2a: Deoxys|Deoxys-Attack|100/100|[from]move: U-turn
|-ability|p2a: Deoxys|Pressure
|
|-weather|Sandstorm|[upkeep]
|-damage|p2a: Deoxys|94/100|[from] Sandstorm
|upkeep
|turn|13
|
|t:|1605584292
|move|p1a: Zacian|Behemoth Blade|p2a: Deoxys
|-damage|p2a: Deoxys|0 fnt
|faint|p2a: Deoxys
|
|-weather|Sandstorm|[upkeep]
|upkeep
|
|t:|1605584294
|switch|p2a: Landorus|Landorus-Therian, M|88/100
|-ability|p2a: Landorus|Intimidate|boost
|-unboost|p1a: Zacian|atk|1
|turn|14
|
|t:|1605584302
|move|p2a: Landorus|Earthquake|p1a: Zacian
|-supereffective|p1a: Zacian
|-damage|p1a: Zacian|0 fnt
|faint|p1a: Zacian
|
|-weather|Sandstorm|[upkeep]
|upkeep
|
|t:|1605584308
|switch|p1a: Yveltal|Yveltal|100/100
|-ability|p1a: Yveltal|Dark Aura
|turn|15
|
|t:|1605584315
|switch|p2a: Deoxys|Deoxys-Attack|100/100
|-ability|p2a: Deoxys|Pressure
|move|p1a: Yveltal|Dark Pulse|p2a: Deoxys
|-supereffective|p2a: Deoxys
|-enditem|p2a: Deoxys|Focus Sash
|-damage|p2a: Deoxys|1/100
|-damage|p1a: Yveltal|91/100|[from] item: Life Orb
|
|-weather|none
|upkeep
|turn|16
|
|t:|1605584319
|move|p1a: Yveltal|Sucker Punch|p2a: Deoxys
|-supereffective|p2a: Deoxys
|-damage|p2a: Deoxys|0 fnt
|-damage|p1a: Yveltal|81/100|[from] item: Life Orb
|faint|p2a: Deoxys
|
|upkeep
|
|t:|1605584321
|switch|p2a: Landorus|Landorus-Therian, M|88/100
|-ability|p2a: Landorus|Intimidate|boost
|-unboost|p1a: Yveltal|atk|1
|turn|17
|
|t:|1605584325
|move|p1a: Yveltal|Sucker Punch|p2a: Landorus
|-damage|p2a: Landorus|48/100
|-damage|p1a: Yveltal|71/100|[from] item: Life Orb
|move|p2a: Landorus|Stone Edge|p1a: Yveltal
|-supereffective|p1a: Yveltal
|-damage|p1a: Yveltal|0 fnt
|faint|p1a: Yveltal
|
|upkeep
|
|t:|1605584329
|switch|p1a: Rayquaza|Rayquaza|100/100
|-ability|p1a: Rayquaza|Air Lock
|turn|18
|c|☆HikaruMaxwell_004|gg
|
|t:|1605584337
|detailschange|p1a: Rayquaza|Rayquaza-Mega
|-mega|p1a: Rayquaza|Rayquaza|
|-weather|DeltaStream|[from] ability: Delta Stream|[of] p1a: Rayquaza
|move|p1a: Rayquaza|Dragon Ascent|p2a: Landorus
|-damage|p2a: Landorus|0 fnt
|-unboost|p1a: Rayquaza|def|1
|-unboost|p1a: Rayquaza|spd|1
|faint|p2a: Landorus
|
|win|HikaruMaxwell_004
|l|☆test3721
|raw|HikaruMaxwell_004's rating: 1760 &rarr; <strong>1767</strong><br />(+7 for winning)
|raw|test3721's rating: 1506 &rarr; <strong>1498</strong><br />(-8 for losing)
|l| Peen wacker
