|j|‽Flynn Watson ^~^
|j|☆skoma
|inactive|Battle timer is ON: inactive players will automatically lose when time's up.
|t:|1646246435
|gametype|singles
|player|p1|Flynn Watson ^~^|darach|
|player|p2|skoma|#ompl2021spindawheels|
|teamsize|p1|6
|teamsize|p2|6
|gen|8
|tier|[Gen 8] National Dex AG
|rated|Tournament battle
|rule|HP Percentage Mod: HP is shown in percentages
|rule|Endless Battle Clause: Forcing endless battles is banned
|clearpoke
|poke|p1|Sableye, M|
|poke|p1|Chansey, F|
|poke|p1|Tyranitar, M|
|poke|p1|Lugia|
|poke|p1|Giratina|
|poke|p1|Quagsire, F|
|poke|p2|Arceus-*|
|poke|p2|Lugia|
|poke|p2|Eternatus|
|poke|p2|Necrozma-Dusk-Mane|
|poke|p2|Ho-Oh|
|poke|p2|Marshadow|
|teampreview
|inactive|Flynn Watson ^~^ also wants the timer to be on.
|j| Cab Sauv
|j| Bigsoontobeten ◑﹏◐
|j| antetokounmpooo
|j|#cromagnet
|c| Cab Sauv|Whoa
|c| Cab Sauv|Skoma that's a cool avatar
|
|t:|1646246457
|start
|switch|p1a: Sableye|Sableye, M|100/100
|switch|p2a: Eternatus|Eternatus|100/100
|-ability|p2a: Eternatus|Pressure
|turn|1
|c| Cab Sauv|Can I have one that looks like that
|
|t:|1646246464
|detailschange|p1a: Sableye|Sableye-Mega, M
|-mega|p1a: Sableye|Sableye|Sablenite
|move|p1a: Sableye|Protect|p1a: Sableye
|-singleturn|p1a: Sableye|Protect
|move|p2a: Eternatus|Dynamax Cannon|p1a: Sableye
|-activate|p1a: Sableye|move: Protect
|
|upkeep
|turn|2
|
|t:|1646246471
|switch|p2a: Arceus|Arceus-Dark|100/100
|switch|p1a: Tyranitar|Tyranitar, M|100/100
|-weather|Sandstorm|[from] ability: Sand Stream|[of] p1a: Tyranitar
|
|-weather|Sandstorm|[upkeep]
|-damage|p2a: Arceus|94/100|[from] Sandstorm
|upkeep
|turn|3
|
|t:|1646246486
|move|p2a: Arceus|Whirlpool|p1a: Tyranitar
|-supereffective|p1a: Tyranitar
|-damage|p1a: Tyranitar|93/100
|-activate|p1a: Tyranitar|move: Whirlpool|[of] p2a: Arceus
|move|p1a: Tyranitar|Stealth Rock|p2a: Arceus
|-sidestart|p2: skoma|move: Stealth Rock
|
|-weather|Sandstorm|[upkeep]
|-damage|p2a: Arceus|88/100|[from] Sandstorm
|-heal|p1a: Tyranitar|99/100|[from] item: Leftovers
|-damage|p1a: Tyranitar|87/100|[from] move: Whirlpool|[partiallytrapped]
|upkeep
|turn|4
|c| Cab Sauv|Pls
|
|t:|1646246499
|move|p2a: Arceus|Perish Song|p2a: Arceus
|-start|p1a: Tyranitar|perish3|[silent]
|-start|p2a: Arceus|perish3|[silent]
|-fieldactivate|move: Perish Song
|move|p1a: Tyranitar|Rock Tomb|p2a: Arceus
|-damage|p2a: Arceus|72/100
|-unboost|p2a: Arceus|spe|1
|
|-weather|Sandstorm|[upkeep]
|-damage|p2a: Arceus|66/100|[from] Sandstorm
|-heal|p1a: Tyranitar|93/100|[from] item: Leftovers
|-damage|p1a: Tyranitar|81/100|[from] move: Whirlpool|[partiallytrapped]
|-start|p2a: Arceus|perish3
|-start|p1a: Tyranitar|perish3
|upkeep
|turn|5
|
|t:|1646246507
|move|p2a: Arceus|Recover|p2a: Arceus
|-heal|p2a: Arceus|100/100
|move|p1a: Tyranitar|Rock Tomb|p2a: Arceus
|-damage|p2a: Arceus|84/100
|-unboost|p2a: Arceus|spe|1
|
|-weather|Sandstorm|[upkeep]
|-damage|p2a: Arceus|78/100|[from] Sandstorm
|-heal|p1a: Tyranitar|87/100|[from] item: Leftovers
|-damage|p1a: Tyranitar|75/100|[from] move: Whirlpool|[partiallytrapped]
|-start|p1a: Tyranitar|perish2
|-start|p2a: Arceus|perish2
|upkeep
|turn|6
|
|t:|1646246512
|move|p1a: Tyranitar|Rock Tomb|p2a: Arceus
|-damage|p2a: Arceus|60/100
|-unboost|p2a: Arceus|spe|1
|move|p2a: Arceus|Recover|p2a: Arceus
|-heal|p2a: Arceus|100/100
|
|-weather|none
|-heal|p1a: Tyranitar|81/100|[from] item: Leftovers
|-damage|p1a: Tyranitar|68/100|[from] move: Whirlpool|[partiallytrapped]
|-start|p1a: Tyranitar|perish1
|-start|p2a: Arceus|perish1
|upkeep
|turn|7
|
|t:|1646246520
|-activate|p2a: Arceus|move: Pursuit
|move|p1a: Tyranitar|Pursuit|p2a: Arceus|[from]Pursuit
|-resisted|p2a: Arceus
|-damage|p2a: Arceus|88/100
|switch|p2a: Eternatus|Eternatus|100/100
|-damage|p2a: Eternatus|88/100|[from] Stealth Rock
|-ability|p2a: Eternatus|Pressure
|
|-heal|p1a: Tyranitar|75/100|[from] item: Leftovers
|-end|p1a: Tyranitar|Whirlpool|[partiallytrapped]
|-start|p1a: Tyranitar|perish0
|upkeep
|faint|p1a: Tyranitar
|c| Cab Sauv|I want one
|
|t:|1646246530
|switch|p1a: Chansey|Chansey, F|100/100
|turn|8
|c| Bigsoontobeten ◑﹏◐|they got that avatar from either being a mod, a contributor to smogon or being on a winning team in an official smog tour
|
|t:|1646246543
|switch|p2a: Necrozma|Necrozma-Dusk-Mane|100/100
|-damage|p2a: Necrozma|94/100|[from] Stealth Rock
|switch|p1a: Sableye|Sableye-Mega, M|100/100
|
|upkeep
|turn|9
|c| Cab Sauv|That sounds hard
|c| Cab Sauv|Is there an easy way
|c| Bigsoontobeten ◑﹏◐|no
|
|t:|1646246555
|switch|p2a: Ho-Oh|Ho-Oh|100/100
|switch|p1a: Quagsire|Quagsire, F|100/100
|
|upkeep
|turn|10
|c| Cab Sauv|:(
|
|t:|1646246564
|switch|p2a: Eternatus|Eternatus|88/100
|-damage|p2a: Eternatus|76/100|[from] Stealth Rock
|-ability|p2a: Eternatus|Pressure
|switch|p1a: Sableye|Sableye-Mega, M|100/100
|
|upkeep
|turn|11
|
|t:|1646246571
|switch|p2a: Ho-Oh|Ho-Oh|100/100
|switch|p1a: Chansey|Chansey, F|100/100
|
|upkeep
|turn|12
|
|t:|1646246577
|switch|p1a: Giratina|Giratina|100/100
|-ability|p1a: Giratina|Pressure
|move|p2a: Ho-Oh|Defog|p1a: Giratina
|-unboost|p1a: Giratina|evasion|1
|-sideend|p2: skoma|Stealth Rock|[from] move: Defog|[of] p2a: Ho-Oh
|
|upkeep
|turn|13
|
|t:|1646246582
|switch|p2a: Arceus|Arceus-Dark|88/100
|move|p1a: Giratina|Will-O-Wisp|p2a: Arceus
|-status|p2a: Arceus|brn
|
|-damage|p2a: Arceus|82/100 brn|[from] brn
|upkeep
|turn|14
|
|t:|1646246592
|switch|p1a: Lugia|Lugia|100/100
|move|p2a: Arceus|Whirlpool|p1a: Lugia
|-damage|p1a: Lugia|98/100
|-activate|p1a: Lugia|move: Whirlpool|[of] p2a: Arceus
|
|-heal|p1a: Lugia|100/100|[from] item: Leftovers
|-damage|p2a: Arceus|76/100 brn|[from] brn
|-damage|p1a: Lugia|88/100|[from] move: Whirlpool|[partiallytrapped]
|upkeep
|turn|15
|
|t:|1646246598
|-start|p2a: Arceus|Dynamax
|-heal|p2a: Arceus|76/100 brn|[silent]
|move|p2a: Arceus|Max Darkness|p1a: Lugia
|-supereffective|p1a: Lugia
|-damage|p1a: Lugia|32/100
|-unboost|p1a: Lugia|spd|1
|move|p1a: Lugia|Roost|p1a: Lugia
|-heal|p1a: Lugia|82/100
|-singleturn|p1a: Lugia|move: Roost
|
|-heal|p1a: Lugia|88/100|[from] item: Leftovers
|-damage|p2a: Arceus|72/100 brn|[from] brn
|-damage|p1a: Lugia|75/100|[from] move: Whirlpool|[partiallytrapped]
|upkeep
|turn|16
|
|t:|1646246602
|move|p2a: Arceus|Max Darkness|p1a: Lugia
|-supereffective|p1a: Lugia
|-damage|p1a: Lugia|0 fnt
|faint|p1a: Lugia
|
|-damage|p2a: Arceus|69/100 brn|[from] brn
|upkeep
|-message|Flynn Watson ^~^ forfeited.
|
|win|skoma
|n|‽Flynn Watson ^~^|flynnwatson
|n|☆skoma|skoma
|n| Cab Sauv|cabsauv
|n| Bigsoontobeten ◑﹏◐|bigsoontobeten
|n| antetokounmpooo|antetokounmpooo
|n|%cromagnet|cromagnet
|l|‽Flynn Watson ^~^
|l| Cab Sauv
|j|+Icemaster
|l| antetokounmpooo
|l|☆skoma
|l|%cromagnet
|l|+Icemaster
|l| Bigsoontobeten ◑﹏◐
