|j|☆BasakBooster1
|j|☆DECLANO196
|t:|1665433052
|gametype|singles
|player|p1|BasakBooster1|lucas|1890
|player|p2|DECLANO196|266|1851
|teamsize|p1|6
|teamsize|p2|6
|gen|8
|tier|[Gen 8] National Dex AG
|rated|
|rule|HP Percentage Mod: HP is shown in percentages
|rule|Endless Battle Clause: Forcing endless battles is banned
|clearpoke
|poke|p1|Groudon|
|poke|p1|Rayquaza|
|poke|p1|Zygarde|
|poke|p1|Calyrex-Shadow|
|poke|p1|Arceus-*|
|poke|p1|Arceus-*|
|poke|p2|Marshadow|
|poke|p2|Arceus-*|
|poke|p2|Lugia|
|poke|p2|Yveltal|
|poke|p2|Chansey, F|
|poke|p2|Ditto|
|teampreview
|
|t:|1665433065
|start
|switch|p1a: the gwoat|Rayquaza|100/100
|switch|p2a: Lugia|Lugia|100/100
|-ability|p1a: the gwoat|Air Lock
|turn|1
|
|t:|1665433080
|detailschange|p1a: the gwoat|Rayquaza-Mega
|-mega|p1a: the gwoat|Rayquaza|
|-weather|DeltaStream|[from] ability: Delta Stream|[of] p1a: the gwoat
|move|p1a: the gwoat|Scale Shot|p2a: Lugia
|-damage|p2a: Lugia|94/100
|-crit|p2a: Lugia
|-damage|p2a: Lugia|75/100
|-damage|p2a: Lugia|63/100
|-hitcount|p2a: Lugia|3
|-unboost|p1a: the gwoat|def|1
|-boost|p1a: the gwoat|spe|1
|-damage|p1a: the gwoat|91/100|[from] item: Life Orb
|move|p2a: Lugia|Reflect|p2a: Lugia
|-sidestart|p2: DECLANO196|Reflect
|
|-weather|DeltaStream|[upkeep]
|upkeep
|turn|2
|
|t:|1665433093
|-weather|none
|switch|p1a: Arceus|Arceus-Fairy|100/100
|move|p2a: Lugia|Roost|p2a: Lugia
|-heal|p2a: Lugia|100/100
|-singleturn|p2a: Lugia|move: Roost
|
|upkeep
|turn|3
|
|t:|1665433102
|switch|p2a: Chansey|Chansey, F|100/100
|move|p1a: Arceus|Thunder Wave|p2a: Chansey
|-status|p2a: Chansey|par
|
|upkeep
|turn|4
|
|t:|1665433111
|switch|p1a: Pyra|Groudon|100/100
|detailschange|p1a: Pyra|Groudon-Primal
|-primal|p1a: Pyra
|-weather|DesolateLand|[from] ability: Desolate Land|[of] p1a: Pyra
|move|p2a: Chansey|Toxic|p1a: Pyra
|-status|p1a: Pyra|tox
|
|-weather|DesolateLand|[upkeep]
|-damage|p1a: Pyra|94/100 tox|[from] psn
|upkeep
|turn|5
|
|t:|1665433120
|-curestatus|p2a: Chansey|par|[from] ability: Natural Cure
|switch|p2a: Lugia|Lugia|100/100
|move|p1a: Pyra|Stealth Rock|p2a: Lugia
|-sidestart|p2: DECLANO196|move: Stealth Rock
|
|-weather|DesolateLand|[upkeep]
|-damage|p1a: Pyra|82/100 tox|[from] psn
|-sideend|p2: DECLANO196|Reflect
|upkeep
|turn|6
|
|t:|1665433128
|move|p2a: Lugia|Defog|p1a: Pyra
|-unboost|p1a: Pyra|evasion|1
|-sideend|p2: DECLANO196|Stealth Rock|[from] move: Defog|[of] p2a: Lugia
|move|p1a: Pyra|Thunder Wave|p2a: Lugia|[miss]
|-miss|p1a: Pyra|p2a: Lugia
|
|-weather|DesolateLand|[upkeep]
|-damage|p1a: Pyra|64/100 tox|[from] psn
|upkeep
|turn|7
|inactive|Battle timer is ON: inactive players will automatically lose when time's up. (requested by BasakBooster1)
|
|t:|1665433151
|move|p2a: Lugia|Reflect|p2a: Lugia
|-sidestart|p2: DECLANO196|Reflect
|move|p1a: Pyra|Thunder Wave|p2a: Lugia
|-status|p2a: Lugia|par
|
|-weather|DesolateLand|[upkeep]
|-damage|p1a: Pyra|40/100 tox|[from] psn
|upkeep
|turn|8
|
|t:|1665433158
|-weather|none
|switch|p1a: Calyrex|Calyrex-Shadow|100/100
|-ability|p1a: Calyrex|As One
|-ability|p1a: Calyrex|Unnerve
|move|p2a: Lugia|Roost||[still]
|-fail|p2a: Lugia|heal
|
|upkeep
|turn|9
|
|t:|1665433168
|switch|p2a: Yveltal|Yveltal|100/100
|-ability|p2a: Yveltal|Dark Aura
|move|p1a: Calyrex|Substitute|p1a: Calyrex
|-start|p1a: Calyrex|Substitute
|-damage|p1a: Calyrex|76/100
|
|-heal|p1a: Calyrex|82/100|[from] item: Leftovers
|upkeep
|turn|10
|
|t:|1665433176
|move|p1a: Calyrex|Leech Seed|p2a: Yveltal|[miss]
|-miss|p1a: Calyrex|p2a: Yveltal
|move|p2a: Yveltal|Oblivion Wing|p1a: Calyrex
|-end|p1a: Calyrex|Substitute
|
|-heal|p1a: Calyrex|88/100|[from] item: Leftovers
|upkeep
|turn|11
|c|☆BasakBooster1|the thundo miss and leech miss
|
|t:|1665433194
|switch|p1a: Arceus|Arceus-Fairy|100/100
|-start|p2a: Yveltal|Dynamax|
|-heal|p2a: Yveltal|100/100|[silent]
|move|p2a: Yveltal|Max Airstream|p1a: Arceus
|-damage|p1a: Arceus|62/100
|-boost|p2a: Yveltal|spe|1
|
|-sideend|p2: DECLANO196|Reflect
|upkeep
|turn|12
|
|t:|1665433207
|move|p2a: Yveltal|Max Ooze|p1a: Arceus
|-supereffective|p1a: Arceus
|-damage|p1a: Arceus|15/100
|-boost|p2a: Yveltal|spa|1
|move|p1a: Arceus|Thunder Wave|p2a: Yveltal
|-status|p2a: Yveltal|par
|
|upkeep
|turn|13
|
|t:|1665433216
|move|p1a: Arceus|Perish Song|p1a: Arceus
|-start|p1a: Arceus|perish3|[silent]
|-start|p2a: Yveltal|perish3|[silent]
|-fieldactivate|move: Perish Song
|move|p2a: Yveltal|Max Airstream|p1a: Arceus
|-damage|p1a: Arceus|0 fnt
|-boost|p2a: Yveltal|spe|1
|faint|p1a: Arceus
|
|-start|p2a: Yveltal|perish3
|upkeep
|
|t:|1665433226
|switch|p1a: Calyrex|Calyrex-Shadow|88/100
|-ability|p1a: Calyrex|As One
|-ability|p1a: Calyrex|Unnerve
|-end|p2a: Yveltal|Dynamax
|-heal|p2a: Yveltal|100/100 par|[silent]
|turn|14
|
|t:|1665433235
|move|p1a: Calyrex|Substitute|p1a: Calyrex
|-start|p1a: Calyrex|Substitute
|-damage|p1a: Calyrex|63/100
|move|p2a: Yveltal|Dark Pulse|p1a: Calyrex
|-supereffective|p1a: Calyrex
|-end|p1a: Calyrex|Substitute
|
|-heal|p1a: Calyrex|69/100|[from] item: Leftovers
|-start|p2a: Yveltal|perish2
|upkeep
|turn|15
|
|t:|1665433244
|move|p1a: Calyrex|Substitute|p1a: Calyrex
|-start|p1a: Calyrex|Substitute
|-damage|p1a: Calyrex|44/100
|move|p2a: Yveltal|Dark Pulse|p1a: Calyrex
|-supereffective|p1a: Calyrex
|-end|p1a: Calyrex|Substitute
|
|-heal|p1a: Calyrex|50/100|[from] item: Leftovers
|-start|p2a: Yveltal|perish1
|upkeep
|turn|16
|
|t:|1665433253
|switch|p2a: Marshadow|Marshadow|100/100
|move|p1a: Calyrex|Substitute|p1a: Calyrex
|-start|p1a: Calyrex|Substitute
|-damage|p1a: Calyrex|26/100
|
|-heal|p1a: Calyrex|32/100|[from] item: Leftovers
|upkeep
|turn|17
|
|t:|1665433260
|move|p1a: Calyrex|Astral Barrage|p2a: Marshadow
|-supereffective|p2a: Marshadow
|-enditem|p2a: Marshadow|Focus Sash
|-damage|p2a: Marshadow|1/100
|move|p2a: Marshadow|Spectral Thief|p1a: Calyrex
|-supereffective|p1a: Calyrex
|-damage|p1a: Calyrex|0 fnt
|faint|p1a: Calyrex
|
|upkeep
|
|t:|1665433265
|switch|p1a: the goat|Zygarde, shiny|100/100
|turn|18
|
|t:|1665433275
|move|p2a: Marshadow|Endeavor|p1a: the goat
|-damage|p1a: the goat|1/100
|move|p1a: the goat|Substitute|p1a: the goat
|-fail|p1a: the goat|move: Substitute|[weak]
|
|-heal|p1a: the goat|7/100|[from] item: Leftovers
|-activate|p1a: the goat|ability: Power Construct
|detailschange|p1a: the goat|Zygarde-Complete, shiny
|-heal|p1a: the goat|39/100|[silent]
|upkeep
|turn|19
|
|t:|1665433292
|switch|p1a: Pyra|Groudon-Primal|40/100 tox
|-weather|DesolateLand|[from] ability: Desolate Land|[of] p1a: Pyra
|move|p2a: Marshadow|Close Combat|p1a: Pyra
|-damage|p1a: Pyra|12/100 tox
|-unboost|p2a: Marshadow|def|1
|-unboost|p2a: Marshadow|spd|1
|
|-weather|DesolateLand|[upkeep]
|-damage|p1a: Pyra|6/100 tox|[from] psn
|upkeep
|turn|20
|
|t:|1665433305
|move|p2a: Marshadow|Spectral Thief|p1a: Pyra
|-damage|p1a: Pyra|0 fnt
|faint|p1a: Pyra
|-weather|none
|
|upkeep
|
|t:|1665433307
|switch|p1a: the gwoat|Rayquaza-Mega|91/100
|-weather|DeltaStream|[from] ability: Delta Stream|[of] p1a: the gwoat
|turn|21
|
|t:|1665433317
|move|p2a: Marshadow|Endeavor|p1a: the gwoat
|-damage|p1a: the gwoat|1/100
|move|p1a: the gwoat|Scale Shot|p2a: Marshadow
|-damage|p2a: Marshadow|0 fnt
|faint|p2a: Marshadow
|-hitcount|p2: Marshadow|1
|-unboost|p1a: the gwoat|def|1
|-boost|p1a: the gwoat|spe|1
|-damage|p1a: the gwoat|0 fnt|[from] item: Life Orb
|faint|p1a: the gwoat
|-weather|none
|
|upkeep
|
|t:|1665433331
|switch|p2a: Chansey|Chansey, F|100/100
|switch|p1a: Arceus|Arceus|100/100
|turn|22
|
|t:|1665433338
|move|p1a: Arceus|Swords Dance|p1a: Arceus
|-boost|p1a: Arceus|atk|2
|move|p2a: Chansey|Heal Bell|p2a: Chansey
|-activate|p2a: Chansey|move: Heal Bell
|-curestatus|p2: Yveltal|par|[msg]
|-curestatus|p2: Lugia|par|[msg]
|
|upkeep
|turn|23
|
|t:|1665433345
|move|p1a: Arceus|Swords Dance|p1a: Arceus
|-boost|p1a: Arceus|atk|2
|move|p2a: Chansey|Toxic|p1a: Arceus
|-status|p1a: Arceus|tox
|-enditem|p1a: Arceus|Lum Berry|[eat]
|-curestatus|p1a: Arceus|tox|[msg]
|
|upkeep
|turn|24
|
|t:|1665433354
|move|p1a: Arceus|Extreme Speed|p2a: Chansey
|-damage|p2a: Chansey|0 fnt
|faint|p2a: Chansey
|
|upkeep
|
|t:|1665433364
|switch|p2a: Yveltal|Yveltal|100/100
|-ability|p2a: Yveltal|Dark Aura
|turn|25
|inactive|BasakBooster1 has 120 seconds left.
|
|t:|1665433398
|move|p1a: Arceus|Extreme Speed|p2a: Yveltal
|-damage|p2a: Yveltal|0 fnt
|faint|p2a: Yveltal
|
|upkeep
|
|t:|1665433402
|switch|p2a: Lugia|Lugia|100/100
|turn|26
|inactive|BasakBooster1 has 120 seconds left.
|
|t:|1665433424
|-start|p1a: Arceus|Dynamax|
|-heal|p1a: Arceus|100/100|[silent]
|move|p1a: Arceus|Max Phantasm|p2a: Lugia
|-supereffective|p2a: Lugia
|-damage|p2a: Lugia|27/100
|-unboost|p2a: Lugia|def|1
|move|p2a: Lugia|Reflect|p2a: Lugia
|-sidestart|p2: DECLANO196|Reflect
|
|upkeep
|turn|27
|
|t:|1665433438
|switch|p2a: Arceus|Arceus-Ground|100/100
|move|p1a: Arceus|Max Strike|p2a: Arceus
|-damage|p2a: Arceus|25/100
|-unboost|p2a: Arceus|spe|1
|
|upkeep
|turn|28
|inactive|BasakBooster1 has 120 seconds left.
|
|t:|1665433456
|-end|p1a: Arceus|Dynamax
|-heal|p1a: Arceus|100/100|[silent]
|switch|p1a: the goat|Zygarde-Complete, shiny|39/100
|move|p2a: Arceus|Judgment|p1a: the goat
|-damage|p1a: the goat|1/100
|
|-heal|p1a: the goat|8/100|[from] item: Leftovers
|upkeep
|turn|29
|
|t:|1665433473
|switch|p2a: Lugia|Lugia|27/100
|move|p1a: the goat|Glare|p2a: Lugia
|-status|p2a: Lugia|par
|
|-heal|p1a: the goat|14/100|[from] item: Leftovers
|upkeep
|turn|30
|
|t:|1665433480
|move|p1a: the goat|Coil|p1a: the goat
|-boost|p1a: the goat|atk|1
|-boost|p1a: the goat|def|1
|-boost|p1a: the goat|accuracy|1
|cant|p2a: Lugia|par
|
|-heal|p1a: the goat|20/100|[from] item: Leftovers
|-sideend|p2: DECLANO196|Reflect
|upkeep
|turn|31
|
|t:|1665433487
|move|p1a: the goat|Coil|p1a: the goat
|-boost|p1a: the goat|atk|1
|-boost|p1a: the goat|def|1
|-boost|p1a: the goat|accuracy|1
|move|p2a: Lugia|Toxic|p1a: the goat
|-status|p1a: the goat|tox
|
|-heal|p1a: the goat|26/100 tox|[from] item: Leftovers
|-damage|p1a: the goat|20/100 tox|[from] psn
|upkeep
|turn|32
|
|t:|1665433498
|move|p1a: the goat|Thousand Arrows|p2a: Lugia
|-damage|p2a: Lugia|0 fnt
|faint|p2a: Lugia
|
|-heal|p1a: the goat|26/100 tox|[from] item: Leftovers
|-damage|p1a: the goat|14/100 tox|[from] psn
|upkeep
|
|t:|1665433505
|switch|p2a: Arceus|Arceus-Ground|25/100
|turn|33
|
|t:|1665433509
|move|p2a: Arceus|Ice Beam|p1a: the goat
|-supereffective|p1a: the goat
|-damage|p1a: the goat|0 fnt
|faint|p1a: the goat
|
|upkeep
|
|t:|1665433510
|switch|p1a: Arceus|Arceus|100/100
|turn|34
|
|t:|1665433516
|move|p1a: Arceus|Extreme Speed|p2a: Arceus
|-damage|p2a: Arceus|0 fnt
|faint|p2a: Arceus
|
|upkeep
|
|t:|1665433520
|switch|p2a: Ditto|Ditto|100/100
|-transform|p2a: Ditto|p1a: Arceus|[from] ability: Imposter
|turn|35
|c|☆BasakBooster1|L
|
|t:|1665433525
|move|p2a: Ditto|Extreme Speed|p1a: Arceus
|-damage|p1a: Arceus|69/100
|move|p1a: Arceus|Recover|p1a: Arceus
|-heal|p1a: Arceus|100/100
|
|upkeep
|turn|36
|c|☆BasakBooster1|hit dat forfeit button playa
|c|☆DECLANO196|yeah this is gg
|c|☆DECLANO196|i have a uhhh, choice scarf
|-message|DECLANO196 forfeited.
|
|win|BasakBooster1
|raw|BasakBooster1's rating: 1890 &rarr; <strong>1908</strong><br />(+18 for winning)
|raw|DECLANO196's rating: 1851 &rarr; <strong>1833</strong><br />(-18 for losing)
|l|☆DECLANO196
||Ladder isn't responding, score probably updated but might not have (Request timeout).
