|j|☆kek1445645
|j|☆amnael1
|t:|1665525830
|gametype|singles
|player|p1|kek1445645|lucas|1704
|player|p2|amnael1|169|1786
|teamsize|p1|6
|teamsize|p2|6
|gen|8
|tier|[Gen 8] National Dex AG
|rated|
|rule|HP Percentage Mod: HP is shown in percentages
|rule|Endless Battle Clause: Forcing endless battles is banned
|clearpoke
|poke|p1|Groudon|
|poke|p1|Rayquaza|
|poke|p1|Zygarde|
|poke|p1|Calyrex-Shadow|
|poke|p1|Arceus-*|
|poke|p1|Arceus-*|
|poke|p2|Smeargle, F|
|poke|p2|Groudon|
|poke|p2|Espeon, F|
|poke|p2|Rayquaza|
|poke|p2|Xerneas-*|
|poke|p2|Zacian-*|
|teampreview
|
|t:|1665525845
|start
|switch|p1a: the gwoat|Rayquaza|100/100
|switch|p2a: Zacian|Zacian-Crowned|100/100
|-ability|p2a: Zacian|Intrepid Sword|boost
|-boost|p2a: Zacian|atk|1
|-ability|p1a: the gwoat|Air Lock
|turn|1
|
|t:|1665525851
|switch|p1a: Pyra|Groudon|100/100
|detailschange|p1a: Pyra|Groudon-Primal
|-primal|p1a: Pyra
|-weather|DesolateLand|[from] ability: Desolate Land|[of] p1a: Pyra
|move|p2a: Zacian|Behemoth Blade|p1a: Pyra
|-resisted|p1a: Pyra
|-damage|p1a: Pyra|78/100
|
|-weather|DesolateLand|[upkeep]
|upkeep
|turn|2
|
|t:|1665525854
|switch|p2a: Espeon|Espeon, F|100/100
|move|p1a: Pyra|Thunder Wave|p2a: Espeon
|move|p2a: Espeon|Thunder Wave|p1a: Pyra|[from]ability: Magic Bounce
|-immune|p1a: Pyra
|
|-weather|DesolateLand|[upkeep]
|upkeep
|turn|3
|
|t:|1665525858
|move|p2a: Espeon|Baton Pass|p2a: Espeon
|
|t:|1665525859
|switch|p2a: Smeargle|Smeargle, F|100/100|[from]move: Baton Pass
|move|p1a: Pyra|Precipice Blades|p2a: Smeargle
|-enditem|p2a: Smeargle|Focus Sash
|-damage|p2a: Smeargle|1/100
|
|-weather|DesolateLand|[upkeep]
|-ability|p2a: Smeargle|Moody|boost
|-boost|p2a: Smeargle|atk|2
|-unboost|p2a: Smeargle|spa|1
|upkeep
|turn|4
|
|t:|1665525862
|-weather|none
|switch|p1a: Arceus|Arceus|100/100
|move|p2a: Smeargle|Spore|p1a: Arceus
|-status|p1a: Arceus|slp|[from] move: Spore
|-enditem|p1a: Arceus|Lum Berry|[eat]
|-curestatus|p1a: Arceus|slp|[msg]
|
|-ability|p2a: Smeargle|Moody|boost
|-boost|p2a: Smeargle|atk|2
|-unboost|p2a: Smeargle|spe|1
|upkeep
|turn|5
|
|t:|1665525868
|switch|p2a: Zacian|Zacian-Crowned|100/100
|-ability|p2a: Zacian|Intrepid Sword|boost
|-boost|p2a: Zacian|atk|1
|move|p1a: Arceus|Extreme Speed|p2a: Zacian
|-resisted|p2a: Zacian
|-damage|p2a: Zacian|82/100
|
|upkeep
|turn|6
|
|t:|1665525874
|switch|p1a: Pyra|Groudon-Primal|78/100
|-weather|DesolateLand|[from] ability: Desolate Land|[of] p1a: Pyra
|move|p2a: Zacian|Close Combat|p1a: Pyra
|-damage|p1a: Pyra|44/100
|-unboost|p2a: Zacian|def|1
|-unboost|p2a: Zacian|spd|1
|
|-weather|DesolateLand|[upkeep]
|upkeep
|turn|7
|
|t:|1665525880
|switch|p2a: Espeon|Espeon, F|100/100
|move|p1a: Pyra|Precipice Blades|p2a: Espeon
|-enditem|p2a: Espeon|Focus Sash
|-damage|p2a: Espeon|1/100
|
|-weather|DesolateLand|[upkeep]
|upkeep
|turn|8
|
|t:|1665525883
|move|p2a: Espeon|Psychic|p1a: Pyra
|-damage|p1a: Pyra|3/100
|move|p1a: Pyra|Precipice Blades|p2a: Espeon
|-damage|p2a: Espeon|0 fnt
|faint|p2a: Espeon
|
|-weather|DesolateLand|[upkeep]
|upkeep
|
|t:|1665525886
|switch|p2a: Smeargle|Smeargle, F|1/100
|turn|9
|
|t:|1665525890
|move|p2a: Smeargle|Spore|p1a: Pyra
|-status|p1a: Pyra|slp|[from] move: Spore
|cant|p1a: Pyra|slp
|
|-weather|DesolateLand|[upkeep]
|-ability|p2a: Smeargle|Moody|boost
|-boost|p2a: Smeargle|def|2
|-unboost|p2a: Smeargle|atk|1
|upkeep
|turn|10
|
|t:|1665525893
|-weather|none
|switch|p1a: the gwoat|Rayquaza|100/100
|-ability|p1a: the gwoat|Air Lock
|move|p2a: Smeargle|Shift Gear|p2a: Smeargle
|-boost|p2a: Smeargle|spe|2
|-boost|p2a: Smeargle|atk|1
|
|-ability|p2a: Smeargle|Moody|boost
|-boost|p2a: Smeargle|atk|2
|-unboost|p2a: Smeargle|spe|1
|upkeep
|turn|11
|
|t:|1665525896
|detailschange|p1a: the gwoat|Rayquaza-Mega
|-mega|p1a: the gwoat|Rayquaza|
|-weather|DeltaStream|[from] ability: Delta Stream|[of] p1a: the gwoat
|move|p2a: Smeargle|Spiky Shield|p2a: Smeargle
|-singleturn|p2a: Smeargle|move: Protect
|move|p1a: the gwoat|Extreme Speed|p2a: Smeargle
|-activate|p2a: Smeargle|move: Protect
|-damage|p1a: the gwoat|88/100|[from] Spiky Shield|[of] p2a: Smeargle
|
|-weather|DeltaStream|[upkeep]
|-ability|p2a: Smeargle|Moody|boost
|-boost|p2a: Smeargle|spd|2
|-unboost|p2a: Smeargle|spe|1
|upkeep
|turn|12
|
|t:|1665525901
|move|p1a: the gwoat|Earthquake|p2a: Smeargle
|-damage|p2a: Smeargle|0 fnt
|faint|p2a: Smeargle
|-damage|p1a: the gwoat|78/100|[from] item: Life Orb
|
|-weather|DeltaStream|[upkeep]
|upkeep
|
|t:|1665525906
|switch|p2a: Zacian|Zacian-Crowned|82/100
|-ability|p2a: Zacian|Intrepid Sword|boost
|-boost|p2a: Zacian|atk|1
|turn|13
|
|t:|1665525910
|-weather|none
|switch|p1a: Pyra|Groudon-Primal|3/100 slp
|-weather|DesolateLand|[from] ability: Desolate Land|[of] p1a: Pyra
|move|p2a: Zacian|Behemoth Blade|p1a: Pyra
|-resisted|p1a: Pyra
|-damage|p1a: Pyra|0 fnt
|faint|p1a: Pyra
|-weather|none
|
|upkeep
|
|t:|1665525916
|switch|p1a: the goat|Zygarde, shiny|100/100
|turn|14
|
|t:|1665525918
|move|p2a: Zacian|Play Rough|p1a: the goat
|-supereffective|p1a: the goat
|-damage|p1a: the goat|10/100
|move|p1a: the goat|Glare|p2a: Zacian
|-status|p2a: Zacian|par
|
|-heal|p1a: the goat|16/100|[from] item: Leftovers
|-activate|p1a: the goat|ability: Power Construct
|detailschange|p1a: the goat|Zygarde-Complete, shiny
|-heal|p1a: the goat|45/100|[silent]
|upkeep
|turn|15
|
|t:|1665525921
|move|p1a: the goat|Thousand Arrows|p2a: Zacian
|-supereffective|p2a: Zacian
|-damage|p2a: Zacian|26/100 par
|cant|p2a: Zacian|par
|
|-heal|p1a: the goat|51/100|[from] item: Leftovers
|upkeep
|turn|16
|
|t:|1665525926
|move|p1a: the goat|Coil|p1a: the goat
|-boost|p1a: the goat|atk|1
|-boost|p1a: the goat|def|1
|-boost|p1a: the goat|accuracy|1
|move|p2a: Zacian|Play Rough|p1a: the goat
|-supereffective|p1a: the goat
|-damage|p1a: the goat|9/100
|
|-heal|p1a: the goat|15/100|[from] item: Leftovers
|upkeep
|turn|17
|
|t:|1665525931
|move|p1a: the goat|Thousand Arrows|p2a: Zacian
|-supereffective|p2a: Zacian
|-damage|p2a: Zacian|0 fnt
|faint|p2a: Zacian
|
|-heal|p1a: the goat|21/100|[from] item: Leftovers
|upkeep
|
|t:|1665525937
|switch|p2a: Xerneas|Xerneas|100/100
|-ability|p2a: Xerneas|Fairy Aura
|turn|18
|l|☆kek1445645
|player|p1|
|inactive|Battle timer is ON: inactive players will automatically lose when time's up. (requested by amnael1)
|inactive|kek1445645 has 30 seconds to reconnect!
|inactive|kek1445645 has 20 seconds to reconnect!
|inactive|kek1445645 has 15 seconds to reconnect!
|inactive|kek1445645 has 10 seconds to reconnect!
|inactive|kek1445645 has 5 seconds to reconnect!
|j|☆kek1445645
|inactive|kek1445645 reconnected and has 95 seconds left.
|player|p1|kek1445645|lucas
|inactive|kek1445645 has 90 seconds left.
|
|t:|1665526038
|move|p2a: Xerneas|Moonblast|p1a: the goat
|-supereffective|p1a: the goat
|-damage|p1a: the goat|0 fnt
|faint|p1a: the goat
|
|upkeep
|
|t:|1665526039
|switch|p1a: the gwoat|Rayquaza-Mega|78/100
|-weather|DeltaStream|[from] ability: Delta Stream|[of] p1a: the gwoat
|turn|19
|c|☆kek1445645|ay
|
|t:|1665526047
|move|p1a: the gwoat|Dragon Ascent|p2a: Xerneas
|-damage|p2a: Xerneas|23/100
|-unboost|p1a: the gwoat|def|1
|-unboost|p1a: the gwoat|spd|1
|-damage|p1a: the gwoat|68/100|[from] item: Life Orb
|move|p2a: Xerneas|Geomancy||[still]
|-prepare|p2a: Xerneas|Geomancy
|-enditem|p2a: Xerneas|Power Herb
|-anim|p2a: Xerneas|Geomancy|p2a: Xerneas
|-boost|p2a: Xerneas|spa|2
|-boost|p2a: Xerneas|spd|2
|-boost|p2a: Xerneas|spe|2
|
|-weather|DeltaStream|[upkeep]
|upkeep
|turn|20
|c|☆kek1445645|turn off timer
|c|☆kek1445645|my internet fucky
|
|t:|1665526055
|-start|p2a: Xerneas|Dynamax|
|-heal|p2a: Xerneas|23/100|[silent]
|move|p1a: the gwoat|Extreme Speed|p2a: Xerneas
|-damage|p2a: Xerneas|5/100
|-damage|p1a: the gwoat|58/100|[from] item: Life Orb
|move|p2a: Xerneas|Max Starfall|p1a: the gwoat
|-supereffective|p1a: the gwoat
|-damage|p1a: the gwoat|0 fnt
|-fieldstart|move: Misty Terrain
|faint|p1a: the gwoat
|-weather|none
|
|upkeep
|
|t:|1665526058
|switch|p1a: Arceus|Arceus|100/100
|turn|21
|
|t:|1665526060
|move|p2a: Xerneas|Max Guard|p2a: Xerneas
|-singleturn|p2a: Xerneas|Max Guard
|move|p1a: Arceus|Extreme Speed|p2a: Xerneas
|-activate|p2a: Xerneas|move: Max Guard
|
|upkeep
|turn|22
|
|t:|1665526064
|move|p1a: Arceus|Extreme Speed|p2a: Xerneas
|-damage|p2a: Xerneas|0 fnt
|faint|p2a: Xerneas
|
|upkeep
|
|t:|1665526067
|switch|p2a: Groudon|Groudon|100/100
|detailschange|p2a: Groudon|Groudon-Primal
|-primal|p2a: Groudon
|-weather|DesolateLand|[from] ability: Desolate Land|[of] p2a: Groudon
|turn|23
|
|t:|1665526073
|-start|p1a: Arceus|Dynamax|
|-heal|p1a: Arceus|100/100|[silent]
|move|p2a: Groudon|Stealth Rock|p1a: Arceus
|-sidestart|p1: kek1445645|move: Stealth Rock
|move|p1a: Arceus|Max Strike|p2a: Groudon
|-damage|p2a: Groudon|56/100
|-unboost|p2a: Groudon|spe|1
|
|-weather|DesolateLand|[upkeep]
|upkeep
|turn|24
|
|t:|1665526076
|move|p1a: Arceus|Max Strike|p2a: Groudon
|-damage|p2a: Groudon|7/100
|-unboost|p2a: Groudon|spe|1
|move|p2a: Groudon|Fire Punch|p1a: Arceus
|-damage|p1a: Arceus|76/100
|
|-weather|DesolateLand|[upkeep]
|-fieldend|Misty Terrain
|upkeep
|turn|25
|
|t:|1665526080
|move|p1a: Arceus|Max Strike|p2a: Groudon
|-damage|p2a: Groudon|0 fnt
|faint|p2a: Groudon
|-weather|none
|
|upkeep
|
|t:|1665526082
|switch|p2a: Rayquaza|Rayquaza|100/100
|-ability|p2a: Rayquaza|Air Lock
|-end|p1a: Arceus|Dynamax
|-heal|p1a: Arceus|77/100|[silent]
|turn|26
|
|t:|1665526085
|detailschange|p2a: Rayquaza|Rayquaza-Mega
|-mega|p2a: Rayquaza|Rayquaza|
|-weather|DeltaStream|[from] ability: Delta Stream|[of] p2a: Rayquaza
|move|p1a: Arceus|Extreme Speed|p2a: Rayquaza
|-damage|p2a: Rayquaza|58/100
|move|p2a: Rayquaza|Dragon Dance|p2a: Rayquaza
|-boost|p2a: Rayquaza|atk|1
|-boost|p2a: Rayquaza|spe|1
|
|-weather|DeltaStream|[upkeep]
|upkeep
|turn|27
|
|t:|1665526088
|move|p1a: Arceus|Extreme Speed|p2a: Rayquaza
|-damage|p2a: Rayquaza|15/100
|move|p2a: Rayquaza|Dragon Ascent|p1a: Arceus
|-damage|p1a: Arceus|0 fnt
|-unboost|p2a: Rayquaza|def|1
|-unboost|p2a: Rayquaza|spd|1
|faint|p1a: Arceus
|
|-weather|DeltaStream|[upkeep]
|upkeep
|
|t:|1665526093
|switch|p1a: Arceus|Arceus-Fairy|100/100
|-damage|p1a: Arceus|88/100|[from] Stealth Rock
|turn|28
|
|t:|1665526095
|move|p2a: Rayquaza|Dragon Ascent|p1a: Arceus
|-damage|p1a: Arceus|11/100
|-unboost|p2a: Rayquaza|def|1
|-unboost|p2a: Rayquaza|spd|1
|move|p1a: Arceus|Judgment|p2a: Rayquaza
|-supereffective|p2a: Rayquaza
|-damage|p2a: Rayquaza|0 fnt
|faint|p2a: Rayquaza
|-weather|none
|
|win|kek1445645
|raw|kek1445645's rating: 1704 &rarr; <strong>1729</strong><br />(+25 for winning)
|raw|amnael1's rating: 1786 &rarr; <strong>1761</strong><br />(-25 for losing)
|l|☆amnael1
||Ladder isn't responding, score probably updated but might not have (Request timeout).
