|j|☆Sjjssj
|j|☆Naofumi_Bakugo_Jax
|t:|1664216152
|gametype|singles
|player|p1|Sjjssj|2|1557
|player|p2|Naofumi_Bakugo_Jax|blue|1739
|teamsize|p1|6
|teamsize|p2|6
|gen|8
|tier|[Gen 8] National Dex AG
|rated|
|rule|HP Percentage Mod: HP is shown in percentages
|rule|Endless Battle Clause: Forcing endless battles is banned
|clearpoke
|poke|p1|Deoxys-Speed|
|poke|p1|Deoxys-Speed|
|poke|p1|Eternatus|
|poke|p1|Xerneas-*|
|poke|p1|Necrozma-Dusk-Mane|
|poke|p1|Rayquaza|
|poke|p2|Zacian-*|
|poke|p2|Calyrex-Shadow|
|poke|p2|Yveltal|
|poke|p2|Arceus-*|
|poke|p2|Swampert, F|
|poke|p2|Kyogre|
|teampreview
|inactive|Battle timer is ON: inactive players will automatically lose when time's up. (requested by Sjjssj)
|
|t:|1664216159
|start
|switch|p1a: Deoxys|Deoxys-Speed|100/100
|switch|p2a: Arceus|Arceus, shiny|100/100
|-ability|p1a: Deoxys|Pressure
|turn|1
|
|t:|1664216163
|move|p2a: Arceus|Magic Coat|p2a: Arceus
|-singleturn|p2a: Arceus|move: Magic Coat
|move|p1a: Deoxys|Taunt|p2a: Arceus
|move|p2a: Arceus|Taunt|p1a: Deoxys|[from]Magic Coat
|-start|p1a: Deoxys|move: Taunt
|
|upkeep
|turn|2
|
|t:|1664216176
|switch|p1a: Deoxys|Deoxys-Speed|100/100
|-ability|p1a: Deoxys|Pressure
|move|p2a: Arceus|Extreme Speed|p1a: Deoxys
|-damage|p1a: Deoxys|51/100
|
|upkeep
|turn|3
|
|t:|1664216185
|move|p2a: Arceus|Magic Coat|p2a: Arceus
|-singleturn|p2a: Arceus|move: Magic Coat
|move|p1a: Deoxys|Reflect|p1a: Deoxys
|-sidestart|p1: Sjjssj|Reflect
|
|upkeep
|turn|4
|
|t:|1664216198
|move|p2a: Arceus|Magic Coat|p2a: Arceus
|-singleturn|p2a: Arceus|move: Magic Coat
|move|p1a: Deoxys|Light Screen|p1a: Deoxys
|-sidestart|p1: Sjjssj|move: Light Screen
|
|upkeep
|turn|5
|
|t:|1664216208
|move|p2a: Arceus|Magic Coat|p2a: Arceus
|-singleturn|p2a: Arceus|move: Magic Coat
|move|p1a: Deoxys|Reflect||[still]
|-fail|p1a: Deoxys
|
|upkeep
|turn|6
|
|t:|1664216217
|switch|p1a: Xerneas|Xerneas|100/100
|-ability|p1a: Xerneas|Fairy Aura
|move|p2a: Arceus|Extreme Speed|p1a: Xerneas
|-damage|p1a: Xerneas|81/100
|
|upkeep
|turn|7
|
|t:|1664216222
|move|p1a: Xerneas|Geomancy||[still]
|-prepare|p1a: Xerneas|Geomancy
|-enditem|p1a: Xerneas|Power Herb
|-anim|p1a: Xerneas|Geomancy|p1a: Xerneas
|-boost|p1a: Xerneas|spa|2
|-boost|p1a: Xerneas|spd|2
|-boost|p1a: Xerneas|spe|2
|move|p2a: Arceus|Tailwind|p2a: Arceus
|-sidestart|p2: Naofumi_Bakugo_Jax|move: Tailwind
|
|upkeep
|turn|8
|
|t:|1664216230
|move|p1a: Xerneas|Moonblast|p2a: Arceus
|-damage|p2a: Arceus|6/100
|-unboost|p2a: Arceus|spa|1
|move|p2a: Arceus|Reflect|p2a: Arceus
|-sidestart|p2: Naofumi_Bakugo_Jax|Reflect
|
|upkeep
|turn|9
|inactive|Naofumi_Bakugo_Jax has 120 seconds left.
|inactive|Naofumi_Bakugo_Jax has 90 seconds left.
|
|t:|1664216304
|switch|p2a: Kyogre|Kyogre|100/100
|-weather|RainDance|[from] ability: Drizzle|[of] p2a: Kyogre
|move|p1a: Xerneas|Geomancy||[still]
|-prepare|p1a: Xerneas|Geomancy
|
|-weather|RainDance|[upkeep]
|upkeep
|turn|10
|
|t:|1664216312
|move|p2a: Kyogre|Thunder Wave|p1a: Xerneas
|-status|p1a: Xerneas|par
|move|p1a: Xerneas|Geomancy|p1a: Xerneas|[from]lockedmove
|-boost|p1a: Xerneas|spa|2
|-boost|p1a: Xerneas|spd|2
|-boost|p1a: Xerneas|spe|2
|
|-weather|RainDance|[upkeep]
|-sideend|p1: Sjjssj|Reflect
|-sideend|p2: Naofumi_Bakugo_Jax|move: Tailwind
|upkeep
|turn|11
|inactive|Naofumi_Bakugo_Jax has 90 seconds left.
|inactive|Naofumi_Bakugo_Jax has 60 seconds left.
|
|t:|1664216352
|switch|p2a: Arceus|Arceus, shiny|6/100
|move|p1a: Xerneas|Thunder|p2a: Arceus
|-damage|p2a: Arceus|0 fnt
|faint|p2a: Arceus
|
|-weather|RainDance|[upkeep]
|-sideend|p1: Sjjssj|move: Light Screen
|upkeep
|
|t:|1664216354
|switch|p2a: Swampert|Swampert, F|100/100
|turn|12
|
|t:|1664216369
|detailschange|p2a: Swampert|Swampert-Mega, F
|-mega|p2a: Swampert|Swampert|Swampertite
|move|p2a: Swampert|Liquidation|p1a: Xerneas
|-damage|p1a: Xerneas|8/100 par
|-unboost|p1a: Xerneas|def|1
|move|p1a: Xerneas|Moonblast|p2a: Swampert
|-damage|p2a: Swampert|0 fnt
|faint|p2a: Swampert
|
|-weather|RainDance|[upkeep]
|upkeep
|inactive|Naofumi_Bakugo_Jax has 60 seconds left.
|inactive|Naofumi_Bakugo_Jax has 30 seconds left.
|
|t:|1664216426
|switch|p2a: Zacian|Zacian-Crowned|100/100
|-ability|p2a: Zacian|Intrepid Sword|boost
|-boost|p2a: Zacian|atk|1
|turn|13
|inactive|Naofumi_Bakugo_Jax has 30 seconds left.
|
|t:|1664216436
|-start|p1a: Xerneas|Dynamax|
|-heal|p1a: Xerneas|8/100 par|[silent]
|move|p2a: Zacian|Quick Attack|p1a: Xerneas
|-damage|p1a: Xerneas|0 fnt
|faint|p1a: Xerneas
|
|-weather|none
|upkeep
|
|t:|1664216457
|switch|p1a: Deoxys|Deoxys-Speed|51/100
|-ability|p1a: Deoxys|Pressure
|turn|14
|inactive|Naofumi_Bakugo_Jax has 30 seconds left.
|
|t:|1664216474
|move|p2a: Zacian|Quick Attack|p1a: Deoxys
|-damage|p1a: Deoxys|14/100
|move|p1a: Deoxys|Reflect|p1a: Deoxys
|-sidestart|p1: Sjjssj|Reflect
|
|upkeep
|turn|15
|inactive|Naofumi_Bakugo_Jax has 30 seconds left.
|inactive|Naofumi_Bakugo_Jax has 20 seconds left.
|
|t:|1664216495
|move|p2a: Zacian|Quick Attack|p1a: Deoxys
|-damage|p1a: Deoxys|0 fnt
|faint|p1a: Deoxys
|
|-sideend|p2: Naofumi_Bakugo_Jax|Reflect
|upkeep
|inactive|Naofumi_Bakugo_Jax has 25 seconds left this turn.
|
|t:|1664216511
|switch|p1a: Necrozma|Necrozma-Dusk-Mane|100/100
|turn|16
|inactive|Naofumi_Bakugo_Jax has 30 seconds left.
|inactive|Naofumi_Bakugo_Jax has 20 seconds left.
|
|t:|1664216527
|switch|p2a: Calyrex|Calyrex-Shadow|100/100
|-ability|p2a: Calyrex|As One
|-ability|p2a: Calyrex|Unnerve
|move|p1a: Necrozma|Dragon Dance|p1a: Necrozma
|-boost|p1a: Necrozma|atk|1
|-boost|p1a: Necrozma|spe|1
|
|upkeep
|turn|17
|inactive|Naofumi_Bakugo_Jax has 30 seconds left this turn.
|
|t:|1664216535
|detailschange|p1a: Necrozma|Necrozma-Ultra
|-burst|p1a: Necrozma|Necrozma|Ultranecrozium Z
|move|p1a: Necrozma|Earthquake|p2a: Calyrex
|-damage|p2a: Calyrex|23/100
|move|p2a: Calyrex|Astral Barrage|p1a: Necrozma
|-supereffective|p1a: Necrozma
|-damage|p1a: Necrozma|0 fnt
|faint|p1a: Necrozma
|-ability|p2a: Calyrex|Grim Neigh|boost
|-boost|p2a: Calyrex|spa|1
|
|upkeep
|inactive|Naofumi_Bakugo_Jax has 30 seconds left this turn.
|
|t:|1664216544
|switch|p1a: Eternatus|Eternatus|100/100
|-ability|p1a: Eternatus|Pressure
|turn|18
|inactive|Naofumi_Bakugo_Jax has 30 seconds left.
|
|t:|1664216557
|move|p2a: Calyrex|Astral Barrage|p1a: Eternatus
|-damage|p1a: Eternatus|19/100
|move|p1a: Eternatus|Agility|p1a: Eternatus
|-boost|p1a: Eternatus|spe|2
|
|upkeep
|turn|19
|inactive|Naofumi_Bakugo_Jax has 30 seconds left.
|
|t:|1664216575
|move|p1a: Eternatus|Flamethrower|p2a: Calyrex
|-damage|p2a: Calyrex|0 fnt
|faint|p2a: Calyrex
|
|upkeep
|inactive|Naofumi_Bakugo_Jax has 30 seconds left this turn.
|
|t:|1664216585
|switch|p2a: Kyogre|Kyogre|100/100
|-weather|RainDance|[from] ability: Drizzle|[of] p2a: Kyogre
|turn|20
|
|t:|1664216588
|move|p1a: Eternatus|Dynamax Cannon|p2a: Kyogre
|-damage|p2a: Kyogre|56/100
|move|p2a: Kyogre|Ice Beam|p1a: Eternatus
|-supereffective|p1a: Eternatus
|-crit|p1a: Eternatus
|-damage|p1a: Eternatus|0 fnt
|faint|p1a: Eternatus
|
|-weather|RainDance|[upkeep]
|upkeep
|
|t:|1664216592
|switch|p1a: Rayquaza|Rayquaza|100/100
|-ability|p1a: Rayquaza|Air Lock
|turn|21
|
|t:|1664216599
|detailschange|p1a: Rayquaza|Rayquaza-Mega
|-mega|p1a: Rayquaza|Rayquaza|
|-weather|DeltaStream|[from] ability: Delta Stream|[of] p1a: Rayquaza
|-start|p2a: Kyogre|Dynamax|
|-heal|p2a: Kyogre|56/100|[silent]
|move|p1a: Rayquaza|Dragon Dance|p1a: Rayquaza
|-boost|p1a: Rayquaza|atk|1
|-boost|p1a: Rayquaza|spe|1
|move|p2a: Kyogre|Max Hailstorm|p1a: Rayquaza
|-activate||deltastream
|-supereffective|p1a: Rayquaza
|-damage|p1a: Rayquaza|5/100
|
|-weather|DeltaStream|[upkeep]
|-sideend|p1: Sjjssj|Reflect
|upkeep
|turn|22
|
|t:|1664216612
|move|p1a: Rayquaza|Dragon Ascent|p2a: Kyogre
|-damage|p2a: Kyogre|0 fnt
|-unboost|p1a: Rayquaza|def|1
|-unboost|p1a: Rayquaza|spd|1
|faint|p2a: Kyogre
|
|-weather|DeltaStream|[upkeep]
|upkeep
|
|t:|1664216617
|switch|p2a: Zacian|Zacian-Crowned|100/100
|-ability|p2a: Zacian|Intrepid Sword|boost
|-boost|p2a: Zacian|atk|1
|turn|23
|
|t:|1664216620
|move|p1a: Rayquaza|Extreme Speed|p2a: Zacian
|-resisted|p2a: Zacian
|-damage|p2a: Zacian|72/100
|move|p2a: Zacian|Quick Attack|p1a: Rayquaza
|-damage|p1a: Rayquaza|0 fnt
|faint|p1a: Rayquaza
|-weather|none
|
|upkeep
|
|t:|1664216625
|switch|p1a: Deoxys|Deoxys-Speed|100/100
|-ability|p1a: Deoxys|Pressure
|turn|24
|-message|Sjjssj forfeited.
|
|win|Naofumi_Bakugo_Jax
|raw|Sjjssj's rating: 1536 &rarr; <strong>1527</strong><br />(-9 for losing)
|raw|Naofumi_Bakugo_Jax's rating: 1739 &rarr; <strong>1748</strong><br />(+9 for winning)
|l|☆Sjjssj
||Ladder isn't responding, score probably updated but might not have (Request timeout).
