|j|☆keixchm
|j|☆dootunderscore
|t:|1656594784
|gametype|singles
|player|p1|keixchm|n|1476
|player|p2|dootunderscore|brock|1532
|teamsize|p1|6
|teamsize|p2|6
|gen|8
|tier|[Gen 8] National Dex AG
|rated|
|rule|HP Percentage Mod: HP is shown in percentages
|rule|Endless Battle Clause: Forcing endless battles is banned
|clearpoke
|poke|p1|Calyrex-Ice|
|poke|p1|Magearna-Original|
|poke|p1|Groudon|
|poke|p1|Marshadow|
|poke|p1|Cresselia, F|
|poke|p1|Zacian-*|
|poke|p2|Kyogre|
|poke|p2|Klefki, M|
|poke|p2|Necrozma-Dusk-Mane|
|poke|p2|Yveltal|
|poke|p2|Excadrill, F|
|poke|p2|Pheromosa|
|teampreview
|
|t:|1656594794
|start
|switch|p1a: Zacian|Zacian-Crowned|100/100
|switch|p2a: extra drill|Excadrill, F|100/100
|-ability|p1a: Zacian|Intrepid Sword|boost
|-boost|p1a: Zacian|atk|1
|-ability|p2a: extra drill|Mold Breaker
|turn|1
|inactive|Battle timer is ON: inactive players will automatically lose when time's up. (requested by keixchm)
|
|t:|1656594816
|move|p1a: Zacian|Close Combat|p2a: extra drill
|-supereffective|p2a: extra drill
|-enditem|p2a: extra drill|Focus Sash
|-damage|p2a: extra drill|1/100
|-unboost|p1a: Zacian|def|1
|-unboost|p1a: Zacian|spd|1
|move|p2a: extra drill|Rapid Spin|p1a: Zacian
|-resisted|p1a: Zacian
|-damage|p1a: Zacian|88/100
|-boost|p2a: extra drill|spe|1
|
|upkeep
|turn|2
|
|t:|1656594822
|move|p2a: extra drill|Earthquake|p1a: Zacian
|-supereffective|p1a: Zacian
|-damage|p1a: Zacian|0 fnt
|faint|p1a: Zacian
|
|upkeep
|
|t:|1656594830
|switch|p1a: Marshadow|Marshadow|100/100
|turn|3
|
|t:|1656594836
|move|p1a: Marshadow|Shadow Sneak|p2a: extra drill
|-damage|p2a: extra drill|0 fnt
|faint|p2a: extra drill
|
|upkeep
|
|t:|1656594842
|switch|p2a: sora|Klefki, M|100/100
|turn|4
|
|t:|1656594853
|switch|p1a: Cresselia|Cresselia, F|100/100
|move|p2a: sora|Thunder Wave|p1a: Cresselia
|-status|p1a: Cresselia|par
|
|upkeep
|turn|5
|
|t:|1656594875
|move|p2a: sora|Foul Play|p1a: Cresselia
|-supereffective|p1a: Cresselia
|-damage|p1a: Cresselia|82/100 par
|move|p1a: Cresselia|Trick Room|p1a: Cresselia
|-fieldstart|move: Trick Room|[of] p1a: Cresselia
|
|upkeep
|turn|6
|
|t:|1656594883
|move|p1a: Cresselia|Lunar Dance|p1a: Cresselia
|faint|p1a: Cresselia
|move|p2a: sora|Foul Play|p1: Cresselia|[notarget]
|-fail|p2a: sora
|
|upkeep
|
|t:|1656594889
|switch|p1a: Groudon|Groudon|100/100
|detailschange|p1a: Groudon|Groudon-Primal
|-primal|p1a: Groudon
|-weather|DesolateLand|[from] ability: Desolate Land|[of] p1a: Groudon
|turn|7
|
|t:|1656594892
|move|p1a: Groudon|Precipice Blades|p2a: sora|[miss]
|-miss|p1a: Groudon|p2a: sora
|move|p2a: sora|Foul Play|p1a: Groudon
|-damage|p1a: Groudon|74/100
|
|-weather|DesolateLand|[upkeep]
|upkeep
|turn|8
|
|t:|1656594895
|move|p1a: Groudon|Heat Crash|p2a: sora
|-supereffective|p2a: sora
|-enditem|p2a: sora|Focus Sash
|-damage|p2a: sora|1/100
|move|p2a: sora|Foul Play|p1a: Groudon
|-damage|p1a: Groudon|46/100
|
|-weather|DesolateLand|[upkeep]
|upkeep
|turn|9
|
|t:|1656594900
|move|p1a: Groudon|Heat Crash|p2a: sora
|-supereffective|p2a: sora
|-damage|p2a: sora|0 fnt
|faint|p2a: sora
|
|-weather|DesolateLand|[upkeep]
|-fieldend|move: Trick Room
|upkeep
|
|t:|1656594903
|switch|p2a: mossy|Pheromosa|100/100
|turn|10
|
|t:|1656594909
|move|p2a: mossy|Triple Axel|p1a: Groudon
|-damage|p1a: Groudon|42/100
|-damage|p1a: Groudon|33/100
|-damage|p1a: Groudon|20/100
|-hitcount|p1a: Groudon|3
|move|p1a: Groudon|Heat Crash|p2a: mossy
|-supereffective|p2a: mossy
|-damage|p2a: mossy|0 fnt
|faint|p2a: mossy
|
|-weather|DesolateLand|[upkeep]
|upkeep
|-message|dootunderscore forfeited.
|
|win|keixchm
|raw|keixchm's rating: 1476 &rarr; <strong>1499</strong><br />(+23 for winning)
|raw|dootunderscore's rating: 1532 &rarr; <strong>1509</strong><br />(-23 for losing)
|l|☆dootunderscore
