|j|☆jxdn
|j|☆promop
|t:|1668649359
|gametype|singles
|player|p1|jxdn|red|1607
|player|p2|promop|ghetsis|1616
|teamsize|p1|6
|teamsize|p2|6
|gen|8
|tier|[Gen 8] National Dex AG
|rated|
|rule|HP Percentage Mod: HP is shown in percentages
|rule|Endless Battle Clause: Forcing endless battles is banned
|clearpoke
|poke|p1|Yveltal|
|poke|p1|Rayquaza|
|poke|p1|Calyrex-Shadow|
|poke|p1|Xerneas-*|
|poke|p1|Zacian-*|
|poke|p1|Groudon|
|poke|p2|Zacian-*|
|poke|p2|Rayquaza|
|poke|p2|Yveltal|
|poke|p2|Necrozma-Dusk-Mane|
|poke|p2|Ditto|
|poke|p2|Kyogre|
|teampreview
|inactive|Battle timer is ON: inactive players will automatically lose when time's up. (requested by promop)
|
|t:|1668649373
|start
|switch|p1a: Groudon|Groudon|100/100
|switch|p2a: Ditto|Ditto|100/100
|-transform|p2a: Ditto|p1a: Groudon|[from] ability: Imposter
|-weather|SunnyDay|[from] ability: Drought|[of] p2a: Ditto
|detailschange|p1a: Groudon|Groudon-Primal
|-primal|p1a: Groudon
|-weather|DesolateLand|[from] ability: Desolate Land|[of] p1a: Groudon
|turn|1
|
|t:|1668649386
|-weather|none
|switch|p1a: Yveltal|Yveltal|100/100
|-ability|p1a: Yveltal|Dark Aura
|move|p2a: Ditto|Precipice Blades|p1a: Yveltal
|-immune|p1a: Yveltal
|
|upkeep
|turn|2
|
|t:|1668649388
|switch|p2a: Zacian|Zacian-Crowned|100/100
|-ability|p2a: Zacian|Intrepid Sword|boost
|-boost|p2a: Zacian|atk|1
|-start|p1a: Yveltal|Dynamax|
|-heal|p1a: Yveltal|100/100|[silent]
|move|p1a: Yveltal|Max Airstream|p2a: Zacian
|-resisted|p2a: Zacian
|-damage|p2a: Zacian|61/100
|-boost|p1a: Yveltal|spe|1
|-damage|p1a: Yveltal|96/100|[from] item: Life Orb
|
|upkeep
|turn|3
|
|t:|1668649392
|move|p1a: Yveltal|Max Flare|p2a: Zacian
|-supereffective|p2a: Zacian
|-damage|p2a: Zacian|0 fnt
|-weather|SunnyDay
|faint|p2a: Zacian
|-damage|p1a: Yveltal|91/100|[from] item: Life Orb
|
|-weather|SunnyDay|[upkeep]
|upkeep
|
|t:|1668649397
|switch|p2a: Kyogre|Kyogre|100/100
|-weather|RainDance|[from] ability: Drizzle|[of] p2a: Kyogre
|turn|4
|
|t:|1668649400
|move|p1a: Yveltal|Max Darkness|p2a: Kyogre
|-damage|p2a: Kyogre|18/100
|-unboost|p2a: Kyogre|spd|1
|-damage|p1a: Yveltal|86/100|[from] item: Life Orb
|move|p2a: Kyogre|Water Spout|p1a: Yveltal
|-damage|p1a: Yveltal|76/100
|
|-weather|RainDance|[upkeep]
|upkeep
|-end|p1a: Yveltal|Dynamax
|-heal|p1a: Yveltal|76/100|[silent]
|turn|5
|
|t:|1668649408
|move|p1a: Yveltal|Oblivion Wing|p2a: Kyogre
|-damage|p2a: Kyogre|0 fnt
|-heal|p1a: Yveltal|87/100|[from] drain|[of] p2a: Kyogre
|faint|p2a: Kyogre
|-damage|p1a: Yveltal|77/100|[from] item: Life Orb
|
|-weather|RainDance|[upkeep]
|upkeep
|
|t:|1668649410
|switch|p2a: Ditto|Ditto|100/100
|-transform|p2a: Ditto|p1a: Yveltal|[from] ability: Imposter
|-ability|p2a: Ditto|Dark Aura
|turn|6
|
|t:|1668649414
|move|p2a: Ditto|Oblivion Wing|p1a: Yveltal
|-damage|p1a: Yveltal|41/100
|move|p1a: Yveltal|Oblivion Wing|p2a: Ditto
|-damage|p2a: Ditto|36/100
|-heal|p1a: Yveltal|77/100|[from] drain|[of] p2a: Ditto
|-damage|p1a: Yveltal|67/100|[from] item: Life Orb
|
|-weather|RainDance|[upkeep]
|upkeep
|turn|7
|
|t:|1668649417
|move|p2a: Ditto|Oblivion Wing|p1a: Yveltal
|-crit|p1a: Yveltal
|-damage|p1a: Yveltal|9/100
|-heal|p2a: Ditto|94/100|[from] drain|[of] p1a: Yveltal
|move|p1a: Yveltal|Oblivion Wing|p2a: Ditto
|-crit|p2a: Ditto
|-damage|p2a: Ditto|0 fnt
|-heal|p1a: Yveltal|62/100|[from] drain|[of] p2a: Ditto
|faint|p2a: Ditto
|-damage|p1a: Yveltal|52/100|[from] item: Life Orb
|
|-weather|RainDance|[upkeep]
|upkeep
|-message|promop forfeited.
|
|win|jxdn
|raw|jxdn's rating: 1607 &rarr; <strong>1628</strong><br />(+21 for winning)
|raw|promop's rating: 1616 &rarr; <strong>1595</strong><br />(-21 for losing)
|l|☆promop
