|j|☆Ford Prefect
|j|☆High ladder bros
|t:|1661781987
|gametype|singles
|player|p1|Ford Prefect|169|1604
|player|p2|High ladder bros|adaman|1661
|teamsize|p1|6
|teamsize|p2|6
|gen|8
|tier|[Gen 8] National Dex AG
|rated|
|rule|HP Percentage Mod: HP is shown in percentages
|rule|Endless Battle Clause: Forcing endless battles is banned
|clearpoke
|poke|p1|Rayquaza|
|poke|p1|Groudon|
|poke|p1|Kyogre|
|poke|p1|Necrozma-Dawn-Wings|
|poke|p1|Arceus-*|
|poke|p1|Zacian-*|
|poke|p2|Rayquaza|
|poke|p2|Arceus-*|
|poke|p2|Arceus-*|
|poke|p2|Tyranitar, F|
|poke|p2|Ho-Oh|
|poke|p2|Necrozma-Dusk-Mane|
|teampreview
|inactive|Battle timer is ON: inactive players will automatically lose when time's up. (requested by High ladder bros)
|
|t:|1661781992
|start
|switch|p1a: Groudon|Groudon|100/100
|switch|p2a: 1|Rayquaza|100/100
|-ability|p2a: 1|Air Lock
|detailschange|p1a: Groudon|Groudon-Primal
|-primal|p1a: Groudon
|-weather|DesolateLand|[from] ability: Desolate Land|[of] p1a: Groudon
|turn|1
|
|t:|1661782001
|detailschange|p2a: 1|Rayquaza-Mega
|-mega|p2a: 1|Rayquaza|
|-weather|DeltaStream|[from] ability: Delta Stream|[of] p2a: 1
|move|p2a: 1|Dragon Ascent|p1a: Groudon
|-damage|p1a: Groudon|37/100
|-unboost|p2a: 1|def|1
|-unboost|p2a: 1|spd|1
|move|p1a: Groudon|Stealth Rock|p2a: 1
|-sidestart|p2: High ladder bros|move: Stealth Rock
|
|-weather|DeltaStream|[upkeep]
|upkeep
|turn|2
|
|t:|1661782011
|switch|p1a: Zacian|Zacian-Crowned|100/100
|-ability|p1a: Zacian|Intrepid Sword|boost
|-boost|p1a: Zacian|atk|1
|move|p2a: 1|Dragon Ascent|p1a: Zacian
|-resisted|p1a: Zacian
|-damage|p1a: Zacian|42/100
|-unboost|p2a: 1|def|1
|-unboost|p2a: 1|spd|1
|
|-weather|DeltaStream|[upkeep]
|upkeep
|turn|3
|
|t:|1661782029
|switch|p1a: Kyogre|Kyogre|100/100
|detailschange|p1a: Kyogre|Kyogre-Primal
|-primal|p1a: Kyogre
|-weather|PrimordialSea|[from] ability: Primordial Sea|[of] p1a: Kyogre
|switch|p2a: Necrozma|Necrozma-Dusk-Mane, shiny|100/100
|-damage|p2a: Necrozma|94/100|[from] Stealth Rock
|
|-weather|PrimordialSea|[upkeep]
|upkeep
|turn|4
|
|t:|1661782039
|switch|p2a: 1|Rayquaza-Mega|100/100
|-damage|p2a: 1|76/100|[from] Stealth Rock
|-weather|DeltaStream|[from] ability: Delta Stream|[of] p2a: 1
|move|p1a: Kyogre|Surf|p2a: 1
|-resisted|p2a: 1
|-damage|p2a: 1|49/100
|
|-weather|DeltaStream|[upkeep]
|upkeep
|turn|5
|
|t:|1661782047
|move|p2a: 1|Dragon Ascent|p1a: Kyogre
|-damage|p1a: Kyogre|0 fnt
|-unboost|p2a: 1|def|1
|-unboost|p2a: 1|spd|1
|faint|p1a: Kyogre
|
|-weather|DeltaStream|[upkeep]
|upkeep
|
|t:|1661782055
|switch|p1a: Arceus|Arceus|100/100
|turn|6
|
|t:|1661782063
|-weather|none
|switch|p2a: Arceus|Arceus-Water, shiny|100/100
|-damage|p2a: Arceus|88/100|[from] Stealth Rock
|move|p1a: Arceus|Swords Dance|p1a: Arceus
|-boost|p1a: Arceus|atk|2
|
|upkeep
|turn|7
|
|t:|1661782071
|-start|p1a: Arceus|Dynamax|
|-heal|p1a: Arceus|100/100|[silent]
|move|p2a: Arceus|Will-O-Wisp|p1a: Arceus|[miss]
|-miss|p2a: Arceus|p1a: Arceus
|move|p1a: Arceus|Max Strike|p2a: Arceus
|-damage|p2a: Arceus|11/100
|-unboost|p2a: Arceus|spe|1
|
|upkeep
|turn|8
|
|t:|1661782093
|move|p1a: Arceus|Max Quake|p2a: Arceus
|-damage|p2a: Arceus|0 fnt
|-boost|p1a: Arceus|spd|1
|faint|p2a: Arceus
|
|upkeep
|
|t:|1661782100
|switch|p2a: Ho-Oh|Ho-Oh, shiny|100/100
|turn|9
|
|t:|1661782103
|move|p1a: Arceus|Max Strike|p2a: Ho-Oh
|-damage|p2a: Ho-Oh|0 fnt
|faint|p2a: Ho-Oh
|
|upkeep
|
|t:|1661782112
|switch|p2a: Arceus|Arceus-Ground, shiny|100/100
|-damage|p2a: Arceus|94/100|[from] Stealth Rock
|-end|p1a: Arceus|Dynamax
|-heal|p1a: Arceus|100/100|[silent]
|turn|10
|
|t:|1661782117
|-start|p2a: Arceus|Dynamax|
|-heal|p2a: Arceus|94/100|[silent]
|move|p2a: Arceus|Max Guard|p2a: Arceus
|-singleturn|p2a: Arceus|Max Guard
|move|p1a: Arceus|Extreme Speed|p2a: Arceus
|-activate|p2a: Arceus|move: Max Guard
|
|upkeep
|turn|11
|
|t:|1661782128
|move|p1a: Arceus|Extreme Speed|p2a: Arceus
|-damage|p2a: Arceus|56/100
|move|p2a: Arceus|Max Quake|p1a: Arceus
|-damage|p1a: Arceus|69/100
|-boost|p2a: Arceus|spd|1
|
|upkeep
|turn|12
|
|t:|1661782135
|move|p2a: Arceus|Max Quake|p1a: Arceus
|-damage|p1a: Arceus|38/100
|-boost|p2a: Arceus|spd|1
|move|p1a: Arceus|Swords Dance|p1a: Arceus
|-boost|p1a: Arceus|atk|2
|
|upkeep
|-end|p2a: Arceus|Dynamax
|-heal|p2a: Arceus|57/100|[silent]
|turn|13
|
|t:|1661782143
|move|p1a: Arceus|Extreme Speed|p2a: Arceus
|-damage|p2a: Arceus|0 fnt
|faint|p2a: Arceus
|
|upkeep
|
|t:|1661782146
|switch|p2a: 1|Rayquaza-Mega|49/100
|-damage|p2a: 1|24/100|[from] Stealth Rock
|-weather|DeltaStream|[from] ability: Delta Stream|[of] p2a: 1
|turn|14
|
|t:|1661782151
|move|p2a: 1|Extreme Speed|p1a: Arceus
|-damage|p1a: Arceus|1/100
|move|p1a: Arceus|Extreme Speed|p2a: 1
|-damage|p2a: 1|0 fnt
|faint|p2a: 1
|-weather|none
|
|upkeep
|
|t:|1661782156
|switch|p2a: Tyranitar|Tyranitar, F, shiny|100/100
|-damage|p2a: Tyranitar|88/100|[from] Stealth Rock
|-weather|Sandstorm|[from] ability: Sand Stream|[of] p2a: Tyranitar
|turn|15
|
|t:|1661782163
|switch|p2a: Necrozma|Necrozma-Dusk-Mane, shiny|94/100
|-damage|p2a: Necrozma|88/100|[from] Stealth Rock
|move|p1a: Arceus|Earthquake|p2a: Necrozma
|-supereffective|p2a: Necrozma
|-damage|p2a: Necrozma|4/100
|
|-weather|Sandstorm|[upkeep]
|-damage|p1a: Arceus|0 fnt|[from] Sandstorm
|faint|p1a: Arceus
|upkeep
|-message|High ladder bros forfeited.
|
|win|Ford Prefect
|raw|Ford Prefect's rating: 1604 &rarr; <strong>1627</strong><br />(+23 for winning)
|raw|High ladder bros's rating: 1661 &rarr; <strong>1638</strong><br />(-23 for losing)
|l|☆High ladder bros
