|j|☆Browneyes64
|j|☆Direhands
|t:|1654970094
|gametype|singles
|player|p1|Browneyes64|giovanni|1609
|player|p2|Direhands|gambler|1660
|teamsize|p1|6
|teamsize|p2|6
|gen|8
|tier|[Gen 8] National Dex AG
|rated|
|rule|HP Percentage Mod: HP is shown in percentages
|rule|Endless Battle Clause: Forcing endless battles is banned
|clearpoke
|poke|p1|Ditto|
|poke|p1|Arceus-*|
|poke|p1|Yveltal|
|poke|p1|Zygarde|
|poke|p1|Arceus-*|
|poke|p1|Calyrex-Shadow|
|poke|p2|Tyranitar, F|
|poke|p2|Vivillon-Fancy, M|
|poke|p2|Ribombee, M|
|poke|p2|Excadrill, F|
|poke|p2|Lunala|
|poke|p2|Kyogre|
|teampreview
|inactive|Battle timer is ON: inactive players will automatically lose when time's up. (requested by Direhands)
|
|t:|1654970109
|start
|switch|p1a: moist god|Arceus-Water|100/100
|switch|p2a: Ribombee|Ribombee, M|100/100
|turn|1
|inactive|Direhands has 120 seconds left.
|
|t:|1654970146
|move|p2a: Ribombee|Sticky Web|p1a: moist god
|-sidestart|p1: Browneyes64|move: Sticky Web
|move|p1a: moist god|Whirlpool|p2a: Ribombee
|-damage|p2a: Ribombee|76/100
|-activate|p2a: Ribombee|move: Whirlpool|[of] p1a: moist god
|
|-damage|p2a: Ribombee|64/100|[from] move: Whirlpool|[partiallytrapped]
|upkeep
|turn|2
|
|t:|1654970158
|move|p2a: Ribombee|Stun Spore|p1a: moist god
|-status|p1a: moist god|par
|move|p1a: moist god|Perish Song|p1a: moist god
|-start|p1a: moist god|perish3|[silent]
|-start|p2a: Ribombee|perish3|[silent]
|-fieldactivate|move: Perish Song
|
|-damage|p2a: Ribombee|52/100|[from] move: Whirlpool|[partiallytrapped]
|-start|p2a: Ribombee|perish3
|-start|p1a: moist god|perish3
|upkeep
|turn|3
|
|t:|1654970163
|move|p2a: Ribombee|Moonblast|p1a: moist god
|-damage|p1a: moist god|80/100 par
|cant|p1a: moist god|par
|
|-damage|p2a: Ribombee|39/100|[from] move: Whirlpool|[partiallytrapped]
|-start|p2a: Ribombee|perish2
|-start|p1a: moist god|perish2
|upkeep
|turn|4
|
|t:|1654970169
|move|p2a: Ribombee|Tailwind|p2a: Ribombee
|-sidestart|p2: Direhands|move: Tailwind
|move|p1a: moist god|Refresh|p1a: moist god
|-curestatus|p1a: moist god|par|[msg]
|
|-damage|p2a: Ribombee|27/100|[from] move: Whirlpool|[partiallytrapped]
|-start|p2a: Ribombee|perish1
|-start|p1a: moist god|perish1
|upkeep
|turn|5
|
|t:|1654970181
|switch|p1a: mimic|Ditto, shiny|100/100
|-activate|p1a: mimic|move: Sticky Web
|-unboost|p1a: mimic|spe|1
|-transform|p1a: mimic|p2a: Ribombee|[from] ability: Imposter
|move|p2a: Ribombee|Stun Spore|p1a: mimic
|-status|p1a: mimic|par
|
|-end|p2a: Ribombee|Whirlpool|[partiallytrapped]
|-start|p2a: Ribombee|perish0
|faint|p2a: Ribombee
|upkeep
|j| macgon
|
|t:|1654970199
|switch|p2a: Excadrill|Excadrill, F|100/100
|-ability|p2a: Excadrill|Mold Breaker
|turn|6
|
|t:|1654970212
|move|p2a: Excadrill|Stealth Rock|p1a: mimic
|-sidestart|p1: Browneyes64|move: Stealth Rock
|move|p1a: mimic|Sticky Web|p2a: Excadrill
|-sidestart|p2: Direhands|move: Sticky Web
|
|upkeep
|turn|7
|l| macgon
|
|t:|1654970225
|move|p2a: Excadrill|Rapid Spin|p1a: mimic
|-damage|p1a: mimic|70/100 par
|-boost|p2a: Excadrill|spe|1
|-sideend|p2: Direhands|Sticky Web|[from] move: Rapid Spin|[of] p2a: Excadrill
|move|p1a: mimic|Sticky Web|p2a: Excadrill
|-sidestart|p2: Direhands|move: Sticky Web
|
|-sideend|p2: Direhands|move: Tailwind
|upkeep
|turn|8
|inactive|Direhands has 120 seconds left.
|
|t:|1654970262
|move|p2a: Excadrill|Rapid Spin|p1a: mimic
|-damage|p1a: mimic|41/100 par
|-boost|p2a: Excadrill|spe|1
|-sideend|p2: Direhands|Sticky Web|[from] move: Rapid Spin|[of] p2a: Excadrill
|move|p1a: mimic|Sticky Web|p2a: Excadrill
|-sidestart|p2: Direhands|move: Sticky Web
|
|upkeep
|turn|9
|
|t:|1654970273
|move|p2a: Excadrill|Rock Tomb|p1a: mimic
|-supereffective|p1a: mimic
|-damage|p1a: mimic|0 fnt
|faint|p1a: mimic
|
|upkeep
|
|t:|1654970282
|switch|p1a: dirt god|Arceus-Ground|100/100
|-activate|p1a: dirt god|move: Sticky Web
|-unboost|p1a: dirt god|spe|1
|-damage|p1a: dirt god|94/100|[from] Stealth Rock
|turn|10
|
|t:|1654970293
|move|p2a: Excadrill|Rapid Spin|p1a: dirt god
|-damage|p1a: dirt god|81/100
|-boost|p2a: Excadrill|spe|1
|-sideend|p2: Direhands|Sticky Web|[from] move: Rapid Spin|[of] p2a: Excadrill
|move|p1a: dirt god|Judgment|p2a: Excadrill
|-supereffective|p2a: Excadrill
|-enditem|p2a: Excadrill|Focus Sash
|-damage|p2a: Excadrill|1/100
|
|upkeep
|turn|11
|
|t:|1654970301
|move|p2a: Excadrill|Earthquake|p1a: dirt god
|-damage|p1a: dirt god|42/100
|move|p1a: dirt god|Judgment|p2a: Excadrill
|-supereffective|p2a: Excadrill
|-damage|p2a: Excadrill|0 fnt
|faint|p2a: Excadrill
|
|upkeep
|
|t:|1654970305
|switch|p2a: Vivillon|Vivillon-Fancy, M|100/100
|turn|12
|
|t:|1654970309
|move|p2a: Vivillon|Sleep Powder|p1a: dirt god|[miss]
|-miss|p2a: Vivillon|p1a: dirt god
|move|p1a: dirt god|Ice Beam|p2a: Vivillon
|-supereffective|p2a: Vivillon
|-enditem|p2a: Vivillon|Focus Sash
|-damage|p2a: Vivillon|1/100
|
|upkeep
|turn|13
|
|t:|1654970312
|move|p2a: Vivillon|Sleep Powder|p1a: dirt god
|-status|p1a: dirt god|slp|[from] move: Sleep Powder
|cant|p1a: dirt god|slp
|
|upkeep
|turn|14
|
|t:|1654970316
|move|p2a: Vivillon|Quiver Dance|p2a: Vivillon
|-boost|p2a: Vivillon|spa|1
|-boost|p2a: Vivillon|spd|1
|-boost|p2a: Vivillon|spe|1
|-curestatus|p1a: dirt god|slp|[msg]
|move|p1a: dirt god|Ice Beam|p2a: Vivillon
|-supereffective|p2a: Vivillon
|-damage|p2a: Vivillon|0 fnt
|faint|p2a: Vivillon
|
|upkeep
|
|t:|1654970319
|switch|p2a: Kyogre|Kyogre|100/100
|detailschange|p2a: Kyogre|Kyogre-Primal
|-primal|p2a: Kyogre
|-weather|PrimordialSea|[from] ability: Primordial Sea|[of] p2a: Kyogre
|turn|15
|
|t:|1654970322
|move|p2a: Kyogre|Water Spout|p1a: dirt god
|-supereffective|p1a: dirt god
|-damage|p1a: dirt god|0 fnt
|faint|p1a: dirt god
|
|-weather|PrimordialSea|[upkeep]
|upkeep
|
|t:|1654970326
|switch|p1a: Calyrex|Calyrex-Shadow|100/100
|-ability|p1a: Calyrex|As One
|-ability|p1a: Calyrex|Unnerve
|-activate|p1a: Calyrex|move: Sticky Web
|-unboost|p1a: Calyrex|spe|1
|-damage|p1a: Calyrex|88/100|[from] Stealth Rock
|turn|16
|
|t:|1654970350
|move|p1a: Calyrex|Astral Barrage|p2a: Kyogre
|-damage|p2a: Kyogre|49/100
|move|p2a: Kyogre|Water Spout|p1a: Calyrex
|-damage|p1a: Calyrex|20/100
|
|-weather|PrimordialSea|[upkeep]
|upkeep
|turn|17
|
|t:|1654970356
|move|p1a: Calyrex|Astral Barrage|p2a: Kyogre
|-damage|p2a: Kyogre|3/100
|move|p2a: Kyogre|Surf|p1a: Calyrex
|-damage|p1a: Calyrex|0 fnt
|faint|p1a: Calyrex
|
|-weather|PrimordialSea|[upkeep]
|upkeep
|
|t:|1654970363
|switch|p1a: death bird|Yveltal, shiny|100/100
|-damage|p1a: death bird|76/100|[from] Stealth Rock
|-ability|p1a: death bird|Dark Aura
|turn|18
|
|t:|1654970368
|-start|p1a: death bird|Dynamax|
|-heal|p1a: death bird|76/100|[silent]
|move|p2a: Kyogre|Thunder|p1a: death bird
|-supereffective|p1a: death bird
|-damage|p1a: death bird|35/100
|move|p1a: death bird|Max Airstream|p2a: Kyogre
|-damage|p2a: Kyogre|0 fnt
|-boost|p1a: death bird|spe|1
|faint|p2a: Kyogre
|-weather|none
|-damage|p1a: death bird|30/100|[from] item: Life Orb
|
|upkeep
|
|t:|1654970374
|switch|p2a: Tyranitar|Tyranitar, F|100/100
|-weather|Sandstorm|[from] ability: Sand Stream|[of] p2a: Tyranitar
|turn|19
|
|t:|1654970380
|move|p1a: death bird|Max Darkness|p2a: Tyranitar
|-resisted|p2a: Tyranitar
|-crit|p2a: Tyranitar
|-damage|p2a: Tyranitar|64/100
|-unboost|p2a: Tyranitar|spd|1
|-damage|p1a: death bird|25/100|[from] item: Life Orb
|move|p2a: Tyranitar|Crunch|p1a: death bird
|-resisted|p1a: death bird
|-crit|p1a: death bird
|-damage|p1a: death bird|3/100
|
|-weather|Sandstorm|[upkeep]
|-damage|p1a: death bird|0 fnt|[from] Sandstorm
|faint|p1a: death bird
|upkeep
|
|t:|1654970386
|switch|p1a: moist god|Arceus-Water|80/100
|-activate|p1a: moist god|move: Sticky Web
|-unboost|p1a: moist god|spe|1
|-damage|p1a: moist god|68/100|[from] Stealth Rock
|turn|20
|
|t:|1654970408
|move|p1a: moist god|Whirlpool|p2a: Tyranitar
|-supereffective|p2a: Tyranitar
|-damage|p2a: Tyranitar|45/100
|-activate|p2a: Tyranitar|move: Whirlpool|[of] p1a: moist god
|move|p2a: Tyranitar|Stone Edge|p1a: moist god
|-damage|p1a: moist god|40/100
|
|-weather|Sandstorm|[upkeep]
|-damage|p1a: moist god|33/100|[from] Sandstorm
|-damage|p2a: Tyranitar|32/100|[from] move: Whirlpool|[partiallytrapped]
|upkeep
|turn|21
|
|t:|1654970421
|move|p1a: moist god|Perish Song|p1a: moist god
|-start|p1a: moist god|perish3|[silent]
|-start|p2a: Tyranitar|perish3|[silent]
|-fieldactivate|move: Perish Song
|move|p2a: Tyranitar|Crunch|p1a: moist god
|-damage|p1a: moist god|12/100
|
|-weather|Sandstorm|[upkeep]
|-damage|p1a: moist god|6/100|[from] Sandstorm
|-damage|p2a: Tyranitar|20/100|[from] move: Whirlpool|[partiallytrapped]
|-start|p1a: moist god|perish3
|-start|p2a: Tyranitar|perish3
|upkeep
|turn|22
|
|t:|1654970428
|move|p1a: moist god|Recover|p1a: moist god
|-heal|p1a: moist god|56/100
|move|p2a: Tyranitar|Crunch|p1a: moist god
|-damage|p1a: moist god|31/100
|-unboost|p1a: moist god|def|1
|
|-weather|Sandstorm|[upkeep]
|-damage|p1a: moist god|25/100|[from] Sandstorm
|-damage|p2a: Tyranitar|7/100|[from] move: Whirlpool|[partiallytrapped]
|-start|p1a: moist god|perish2
|-start|p2a: Tyranitar|perish2
|upkeep
|turn|23
|
|t:|1654970437
|-start|p2a: Tyranitar|Dynamax|
|-heal|p2a: Tyranitar|7/100|[silent]
|move|p1a: moist god|Recover|p1a: moist god
|-heal|p1a: moist god|75/100
|move|p2a: Tyranitar|Max Rockfall|p1a: moist god
|-damage|p1a: moist god|22/100
|
|-weather|none
|-damage|p2a: Tyranitar|1/100|[from] move: Whirlpool|[partiallytrapped]
|-start|p1a: moist god|perish1
|-start|p2a: Tyranitar|perish1
|upkeep
|turn|24
|
|t:|1654970456
|move|p1a: moist god|Recover|p1a: moist god
|-heal|p1a: moist god|72/100
|move|p2a: Tyranitar|Max Darkness|p1a: moist god
|-damage|p1a: moist god|17/100
|-unboost|p1a: moist god|spd|1
|
|-end|p2a: Tyranitar|Whirlpool|[partiallytrapped]
|-start|p1a: moist god|perish0
|-start|p2a: Tyranitar|perish0
|faint|p1a: moist god
|faint|p2a: Tyranitar
|upkeep
|
|t:|1654970473
|switch|p1a: mud snake|Zygarde, shiny|100/100
|switch|p2a: Lunala|Lunala|100/100
|-activate|p1a: mud snake|move: Sticky Web
|-unboost|p1a: mud snake|spe|1
|-damage|p1a: mud snake|94/100|[from] Stealth Rock
|turn|25
|
|t:|1654970480
|move|p2a: Lunala|Will-O-Wisp|p1a: mud snake
|-status|p1a: mud snake|brn
|move|p1a: mud snake|Glare|p2a: Lunala
|-status|p2a: Lunala|par
|
|-heal|p1a: mud snake|100/100 brn|[from] item: Leftovers
|-damage|p1a: mud snake|94/100 brn|[from] brn
|upkeep
|turn|26
|
|t:|1654970486
|move|p1a: mud snake|Substitute|p1a: mud snake
|-start|p1a: mud snake|Substitute
|-damage|p1a: mud snake|69/100 brn
|move|p2a: Lunala|Moonblast|p1a: mud snake
|-supereffective|p1a: mud snake
|-end|p1a: mud snake|Substitute
|
|-heal|p1a: mud snake|75/100 brn|[from] item: Leftovers
|-damage|p1a: mud snake|69/100 brn|[from] brn
|upkeep
|turn|27
|
|t:|1654970489
|move|p1a: mud snake|Substitute|p1a: mud snake
|-start|p1a: mud snake|Substitute
|-damage|p1a: mud snake|44/100 brn
|cant|p2a: Lunala|par
|
|-heal|p1a: mud snake|50/100 brn|[from] item: Leftovers
|-damage|p1a: mud snake|44/100 brn|[from] brn
|-activate|p1a: mud snake|ability: Power Construct
|detailschange|p1a: mud snake|Zygarde-Complete, shiny
|-heal|p1a: mud snake|65/100 brn|[silent]
|upkeep
|turn|28
|
|t:|1654970495
|move|p1a: mud snake|Thousand Arrows|p2a: Lunala
|-damage|p2a: Lunala|95/100 par
|move|p2a: Lunala|Moonblast|p1a: mud snake
|-supereffective|p1a: mud snake
|-end|p1a: mud snake|Substitute
|
|-heal|p1a: mud snake|72/100 brn|[from] item: Leftovers
|-damage|p1a: mud snake|65/100 brn|[from] brn
|upkeep
|turn|29
|c|☆Browneyes64|._.
|inactive|Direhands has 120 seconds left.
|
|t:|1654970527
|move|p1a: mud snake|Substitute|p1a: mud snake
|-start|p1a: mud snake|Substitute
|-damage|p1a: mud snake|40/100 brn
|cant|p2a: Lunala|par
|
|-heal|p1a: mud snake|47/100 brn|[from] item: Leftovers
|-damage|p1a: mud snake|40/100 brn|[from] brn
|upkeep
|turn|30
|
|t:|1654970533
|move|p1a: mud snake|Dragon Dance|p1a: mud snake
|-boost|p1a: mud snake|atk|1
|-boost|p1a: mud snake|spe|1
|move|p2a: Lunala|Moonblast|p1a: mud snake
|-supereffective|p1a: mud snake
|-end|p1a: mud snake|Substitute
|
|-heal|p1a: mud snake|47/100 brn|[from] item: Leftovers
|-damage|p1a: mud snake|40/100 brn|[from] brn
|upkeep
|turn|31
|
|t:|1654970538
|move|p1a: mud snake|Substitute|p1a: mud snake
|-start|p1a: mud snake|Substitute
|-damage|p1a: mud snake|15/100 brn
|cant|p2a: Lunala|par
|
|-heal|p1a: mud snake|22/100 brn|[from] item: Leftovers
|-damage|p1a: mud snake|15/100 brn|[from] brn
|upkeep
|turn|32
|
|t:|1654970548
|move|p1a: mud snake|Dragon Dance|p1a: mud snake
|-boost|p1a: mud snake|atk|1
|-boost|p1a: mud snake|spe|1
|cant|p2a: Lunala|par
|
|-heal|p1a: mud snake|22/100 brn|[from] item: Leftovers
|-damage|p1a: mud snake|15/100 brn|[from] brn
|upkeep
|turn|33
|
|t:|1654970563
|move|p1a: mud snake|Thousand Arrows|p2a: Lunala
|-damage|p2a: Lunala|73/100 par
|move|p2a: Lunala|Moonblast|p1a: mud snake
|-supereffective|p1a: mud snake
|-end|p1a: mud snake|Substitute
|
|-heal|p1a: mud snake|22/100 brn|[from] item: Leftovers
|-damage|p1a: mud snake|15/100 brn|[from] brn
|upkeep
|turn|34
|
|t:|1654970575
|move|p1a: mud snake|Thousand Arrows|p2a: Lunala
|-damage|p2a: Lunala|49/100 par
|move|p2a: Lunala|Roost|p2a: Lunala
|-heal|p2a: Lunala|99/100 par
|-singleturn|p2a: Lunala|move: Roost
|
|-heal|p1a: mud snake|22/100 brn|[from] item: Leftovers
|-damage|p1a: mud snake|15/100 brn|[from] brn
|upkeep
|turn|35
|c|☆Direhands|Damn
|c|☆Direhands|Bulky af
|
|t:|1654970586
|move|p1a: mud snake|Substitute|p1a: mud snake
|-fail|p1a: mud snake|move: Substitute|[weak]
|cant|p2a: Lunala|par
|
|-heal|p1a: mud snake|22/100 brn|[from] item: Leftovers
|-damage|p1a: mud snake|15/100 brn|[from] brn
|upkeep
|turn|36
|
|t:|1654970593
|move|p1a: mud snake|Dragon Dance|p1a: mud snake
|-boost|p1a: mud snake|atk|1
|-boost|p1a: mud snake|spe|1
|move|p2a: Lunala|Moonblast|p1a: mud snake
|-supereffective|p1a: mud snake
|-damage|p1a: mud snake|0 fnt
|faint|p1a: mud snake
|
|win|Direhands
|raw|Browneyes64's rating: 1609 &rarr; <strong>1592</strong><br />(-17 for losing)
|raw|Direhands's rating: 1660 &rarr; <strong>1677</strong><br />(+17 for winning)
|l|☆Browneyes64
|c|☆Direhands|Ggwp
