|j|☆tn29012005
|j|☆JAY100064
|t:|1625202554
|gametype|singles
|player|p1|tn29012005|170|1437
|player|p2|JAY100064|preschooler|1525
|teamsize|p1|6
|teamsize|p2|6
|gen|8
|tier|[Gen 8] National Dex AG
|rated|
|rule|HP Percentage Mod: HP is shown in percentages
|rule|Endless Battle Clause: Forcing endless battles is banned
|clearpoke
|poke|p1|Vivillon, M|
|poke|p1|Zacian-*|
|poke|p1|Rayquaza|
|poke|p1|Ho-Oh|
|poke|p1|Shedinja|
|poke|p1|Marshadow|
|poke|p2|Arceus-*|
|poke|p2|Chansey, F|
|poke|p2|Giratina|
|poke|p2|Sableye, F|
|poke|p2|Necrozma-Dusk-Mane|
|poke|p2|Ho-Oh|
|teampreview
|
|t:|1625202559
|start
|switch|p1a: Marshadow|Marshadow|100/100
|switch|p2a: Annoyance|Sableye, F, shiny|100/100
|turn|1
|
|t:|1625202573
|switch|p2a: High and Mighty|Giratina, shiny|100/100
|-ability|p2a: High and Mighty|Pressure
|move|p1a: Marshadow|Swagger|p2a: High and Mighty
|-boost|p2a: High and Mighty|atk|2
|-start|p2a: High and Mighty|confusion
|
|upkeep
|turn|2
|
|t:|1625202585
|move|p1a: Marshadow|Spectral Thief||[still]
|-clearpositiveboost|p2a: High and Mighty|p1a: Marshadow|move: Spectral Thief
|-boost|p1a: Marshadow|atk|2
|-anim|p1a: Marshadow|Spectral Thief|p2a: High and Mighty
|-supereffective|p2a: High and Mighty
|-damage|p2a: High and Mighty|29/100
|-activate|p2a: High and Mighty|confusion
|move|p2a: High and Mighty|Toxic|p1a: Marshadow
|-status|p1a: Marshadow|tox
|
|-heal|p2a: High and Mighty|35/100|[from] item: Leftovers
|-damage|p1a: Marshadow|94/100 tox|[from] psn
|upkeep
|turn|3
|
|t:|1625202617
|switch|p2a: God|Arceus|100/100
|move|p1a: Marshadow|Shadow Sneak|p2a: God
|-immune|p2a: God
|
|-damage|p1a: Marshadow|82/100 tox|[from] psn
|upkeep
|turn|4
|inactive|Battle timer is ON: inactive players will automatically lose when time's up. (requested by JAY100064)
|
|t:|1625202627
|switch|p2a: Annoyance|Sableye, F, shiny|100/100
|-start|p1a: Marshadow|Dynamax
|-heal|p1a: Marshadow|82/100 tox|[silent]
|move|p1a: Marshadow|Max Knuckle|p2a: Annoyance
|-immune|p2a: Annoyance
|
|-damage|p1a: Marshadow|72/100 tox|[from] psn
|upkeep
|turn|5
|
|t:|1625202645
|switch|p2a: Chicken Little|Ho-Oh, shiny|100/100
|move|p1a: Marshadow|Max Knuckle|p2a: Chicken Little
|-resisted|p2a: Chicken Little
|-damage|p2a: Chicken Little|70/100
|-boost|p1a: Marshadow|atk|1
|
|-damage|p1a: Marshadow|60/100 tox|[from] psn
|upkeep
|turn|6
|
|t:|1625202658
|move|p1a: Marshadow|Max Knuckle|p2a: Chicken Little
|-resisted|p2a: Chicken Little
|-damage|p2a: Chicken Little|29/100
|-boost|p1a: Marshadow|atk|1
|move|p2a: Chicken Little|Recover|p2a: Chicken Little
|-heal|p2a: Chicken Little|80/100
|
|-damage|p1a: Marshadow|44/100 tox|[from] psn
|-end|p1a: Marshadow|Dynamax
|-heal|p1a: Marshadow|44/100 tox|[silent]
|upkeep
|turn|7
|j| Sir bagus
|
|t:|1625202674
|move|p1a: Marshadow|Spectral Thief|p2a: Chicken Little
|-damage|p2a: Chicken Little|0 fnt
|faint|p2a: Chicken Little
|
|-damage|p1a: Marshadow|7/100 tox|[from] psn
|upkeep
|
|t:|1625202689
|switch|p2a: God|Arceus|100/100
|turn|8
|c| Sir bagus|Sableye
|
|t:|1625202694
|switch|p2a: Annoyance|Sableye, F, shiny|100/100
|move|p1a: Marshadow|Close Combat|p2a: Annoyance
|-immune|p2a: Annoyance
|
|-damage|p1a: Marshadow|0 fnt|[from] psn
|faint|p1a: Marshadow
|upkeep
|
|t:|1625202705
|switch|p1a: Shedinja|Shedinja|100/100
|turn|9
|c| Sir bagus|Ha
|c| Sir bagus|Will o
|
|t:|1625202716
|switch|p2a: High and Mighty|Giratina, shiny|35/100
|-ability|p2a: High and Mighty|Pressure
|move|p1a: Shedinja|Double Team|p1a: Shedinja
|-boost|p1a: Shedinja|evasion|1
|
|-heal|p2a: High and Mighty|41/100|[from] item: Leftovers
|upkeep
|turn|10
|
|t:|1625202726
|move|p2a: High and Mighty|Toxic|p1a: Shedinja|[miss]
|-miss|p2a: High and Mighty|p1a: Shedinja
|move|p1a: Shedinja|Baton Pass|p1a: Shedinja
|
|t:|1625202731
|switch|p1a: Zacian|Zacian-Crowned|100/100|[from]move: Baton Pass
|-ability|p1a: Zacian|Intrepid Sword|boost
|-boost|p1a: Zacian|atk|1
|
|-heal|p2a: High and Mighty|47/100|[from] item: Leftovers
|upkeep
|turn|11
|
|t:|1625202740
|switch|p2a: Stainless Steel|Necrozma-Dusk-Mane|100/100
|move|p1a: Zacian|Play Rough|p2a: Stainless Steel
|-resisted|p2a: Stainless Steel
|-damage|p2a: Stainless Steel|79/100
|-damage|p1a: Zacian|84/100|[from] item: Rocky Helmet|[of] p2a: Stainless Steel
|
|upkeep
|turn|12
|
|t:|1625202753
|-start|p2a: Stainless Steel|Dynamax
|-heal|p2a: Stainless Steel|79/100|[silent]
|move|p1a: Zacian|Close Combat|p2a: Stainless Steel
|-damage|p2a: Stainless Steel|58/100
|-unboost|p1a: Zacian|def|1
|-unboost|p1a: Zacian|spd|1
|-damage|p1a: Zacian|67/100|[from] item: Rocky Helmet|[of] p2a: Stainless Steel
|move|p2a: Stainless Steel|Max Quake|p1a: Zacian
|-supereffective|p1a: Zacian
|-damage|p1a: Zacian|0 fnt
|-boost|p2a: Stainless Steel|spd|1
|faint|p1a: Zacian
|
|upkeep
|c| Sir bagus|Vivillon
|
|t:|1625202771
|switch|p1a: Shedinja|Shedinja|100/100
|turn|13
|
|t:|1625202783
|move|p2a: Stainless Steel|Max Steelspike|p1a: Shedinja
|-immune|p1a: Shedinja|[from] ability: Wonder Guard
|move|p1a: Shedinja|Double Team|p1a: Shedinja
|-boost|p1a: Shedinja|evasion|1
|
|upkeep
|turn|14
|
|t:|1625202794
|move|p2a: Stainless Steel|Max Guard|p2a: Stainless Steel
|-singleturn|p2a: Stainless Steel|Max Guard
|move|p1a: Shedinja|Double Team|p1a: Shedinja
|-boost|p1a: Shedinja|evasion|1
|
|-end|p2a: Stainless Steel|Dynamax
|-heal|p2a: Stainless Steel|58/100|[silent]
|upkeep
|turn|15
|
|t:|1625202810
|switch|p2a: God|Arceus|100/100
|move|p1a: Shedinja|Double Team|p1a: Shedinja
|-boost|p1a: Shedinja|evasion|1
|
|upkeep
|turn|16
|
|t:|1625202817
|move|p2a: God|Toxic|p1a: Shedinja|[miss]
|-miss|p2a: God|p1a: Shedinja
|move|p1a: Shedinja|Baton Pass|p1a: Shedinja
|
|t:|1625202827
|switch|p1a: Rayquaza|Rayquaza|100/100|[from]move: Baton Pass
|-ability|p1a: Rayquaza|Air Lock
|
|upkeep
|turn|17
|
|t:|1625202836
|switch|p2a: Annoyance|Sableye, F, shiny|100/100
|detailschange|p1a: Rayquaza|Rayquaza-Mega
|-mega|p1a: Rayquaza|Rayquaza|
|-weather|DeltaStream|[from] ability: Delta Stream|[of] p1a: Rayquaza
|move|p1a: Rayquaza|Dragon Ascent|p2a: Annoyance
|-damage|p2a: Annoyance|2/100
|-unboost|p1a: Rayquaza|def|1
|-unboost|p1a: Rayquaza|spd|1
|-damage|p1a: Rayquaza|91/100|[from] item: Life Orb
|
|-weather|DeltaStream|[upkeep]
|upkeep
|turn|18
|
|t:|1625202850
|move|p2a: Annoyance|Will-O-Wisp|p1a: Rayquaza|[miss]
|-miss|p2a: Annoyance|p1a: Rayquaza
|move|p1a: Rayquaza|Earthquake|p2a: Annoyance
|-damage|p2a: Annoyance|0 fnt
|faint|p2a: Annoyance
|-damage|p1a: Rayquaza|81/100|[from] item: Life Orb
|
|-weather|DeltaStream|[upkeep]
|upkeep
|c| Sir bagus|Will o
|c| Sir bagus|Noice
|
|t:|1625202860
|switch|p2a: God|Arceus|100/100
|turn|19
|
|t:|1625202863
|move|p1a: Rayquaza|Dragon Ascent|p2a: God
|-damage|p2a: God|35/100
|-unboost|p1a: Rayquaza|def|1
|-unboost|p1a: Rayquaza|spd|1
|-damage|p1a: Rayquaza|71/100|[from] item: Life Orb
|move|p2a: God|Ice Beam|p1a: Rayquaza
|-activate||deltastream
|-supereffective|p1a: Rayquaza
|-damage|p1a: Rayquaza|0 fnt
|faint|p1a: Rayquaza
|-weather|none
|
|-heal|p2a: God|41/100|[from] item: Leftovers
|upkeep
|
|t:|1625202878
|switch|p1a: Vivillon|Vivillon, M|100/100
|turn|20
|c| Sir bagus|E speed
|
|t:|1625202891
|move|p2a: God|Toxic|p1a: Vivillon|[miss]
|-miss|p2a: God|p1a: Vivillon
|move|p1a: Vivillon|Sleep Powder|p2a: God
|-status|p2a: God|slp|[from] move: Sleep Powder
|
|-heal|p2a: God|47/100 slp|[from] item: Leftovers
|upkeep
|turn|21
|c| Sir bagus|Damnn
|
|t:|1625202909
|switch|p2a: Miss Joy|Chansey, F|100/100
|move|p1a: Vivillon|Quiver Dance|p1a: Vivillon
|-boost|p1a: Vivillon|spa|1
|-boost|p1a: Vivillon|spd|1
|-boost|p1a: Vivillon|spe|1
|
|upkeep
|turn|22
|c| Sir bagus|Sp
|
|t:|1625202925
|switch|p2a: God|Arceus|47/100 slp
|move|p1a: Vivillon|Sleep Powder|p2a: God
|-fail|p2a: God|slp
|
|-heal|p2a: God|53/100 slp|[from] item: Leftovers
|upkeep
|turn|23
|c| Sir bagus|Subs
|inactive|JAY100064 has 120 seconds left.
|
|t:|1625202945
|move|p1a: Vivillon|Quiver Dance|p1a: Vivillon
|-boost|p1a: Vivillon|spa|1
|-boost|p1a: Vivillon|spd|1
|-boost|p1a: Vivillon|spe|1
|cant|p2a: God|slp
|
|-heal|p2a: God|59/100 slp|[from] item: Leftovers
|upkeep
|turn|24
|
|t:|1625202957
|move|p1a: Vivillon|Hurricane|p2a: God|[miss]
|-miss|p1a: Vivillon|p2a: God
|cant|p2a: God|slp
|
|-heal|p2a: God|65/100 slp|[from] item: Leftovers
|upkeep
|turn|25
|
|t:|1625202965
|move|p1a: Vivillon|Hurricane|p2a: God
|-crit|p2a: God
|-damage|p2a: God|0 fnt
|faint|p2a: God
|
|upkeep
|c| Sir bagus|Big bliss
|inactive|JAY100064 has 120 seconds left.
|
|t:|1625202981
|switch|p2a: Miss Joy|Chansey, F|100/100
|turn|26
|
|t:|1625202986
|move|p1a: Vivillon|Sleep Powder|p2a: Miss Joy
|-status|p2a: Miss Joy|slp|[from] move: Sleep Powder
|cant|p2a: Miss Joy|slp
|
|upkeep
|turn|27
|
|t:|1625202993
|move|p1a: Vivillon|Hurricane|p2a: Miss Joy
|-damage|p2a: Miss Joy|77/100 slp
|-curestatus|p2a: Miss Joy|slp|[msg]
|move|p2a: Miss Joy|Toxic|p1a: Vivillon|[miss]
|-miss|p2a: Miss Joy|p1a: Vivillon
|
|upkeep
|turn|28
|
|t:|1625203001
|move|p1a: Vivillon|Sleep Powder|p2a: Miss Joy
|-status|p2a: Miss Joy|slp|[from] move: Sleep Powder
|cant|p2a: Miss Joy|slp
|
|upkeep
|turn|29
|c| Sir bagus|Ha
|
|t:|1625203009
|move|p1a: Vivillon|Quiver Dance|p1a: Vivillon
|-boost|p1a: Vivillon|spa|1
|-boost|p1a: Vivillon|spd|1
|-boost|p1a: Vivillon|spe|1
|-curestatus|p2a: Miss Joy|slp|[msg]
|move|p2a: Miss Joy|Toxic|p1a: Vivillon
|-status|p1a: Vivillon|tox
|
|-damage|p1a: Vivillon|95/100 tox|[from] psn
|upkeep
|turn|30
|inactive|JAY100064 has 120 seconds left.
|
|t:|1625203043
|move|p1a: Vivillon|Sleep Powder|p2a: Miss Joy
|-status|p2a: Miss Joy|slp|[from] move: Sleep Powder
|cant|p2a: Miss Joy|slp
|
|-damage|p1a: Vivillon|83/100 tox|[from] psn
|upkeep
|turn|31
|c| Sir bagus|Why didnt you substitute
|
|t:|1625203051
|move|p1a: Vivillon|Quiver Dance|p1a: Vivillon
|-boost|p1a: Vivillon|spa|1
|-boost|p1a: Vivillon|spd|1
|-boost|p1a: Vivillon|spe|1
|-curestatus|p2a: Miss Joy|slp|[msg]
|move|p2a: Miss Joy|Soft-Boiled|p2a: Miss Joy
|-heal|p2a: Miss Joy|100/100
|
|-damage|p1a: Vivillon|65/100 tox|[from] psn
|upkeep
|turn|32
|
|t:|1625203065
|move|p1a: Vivillon|Hurricane|p2a: Miss Joy
|-damage|p2a: Miss Joy|62/100
|move|p2a: Miss Joy|Confide|p1a: Vivillon
|-unboost|p1a: Vivillon|spa|1
|
|-damage|p1a: Vivillon|41/100 tox|[from] psn
|upkeep
|turn|33
|c| Sir bagus|Idiot
|
|t:|1625203076
|move|p1a: Vivillon|Hurricane|p2a: Miss Joy
|-damage|p2a: Miss Joy|33/100
|-start|p2a: Miss Joy|confusion
|-activate|p2a: Miss Joy|confusion
|-damage|p2a: Miss Joy|32/100|[from] confusion
|
|-damage|p1a: Vivillon|11/100 tox|[from] psn
|upkeep
|turn|34
|
|t:|1625203088
|switch|p2a: Stainless Steel|Necrozma-Dusk-Mane|58/100
|move|p1a: Vivillon|Hurricane|p2a: Stainless Steel|[miss]
|-miss|p1a: Vivillon|p2a: Stainless Steel
|
|-damage|p1a: Vivillon|0 fnt|[from] psn
|faint|p1a: Vivillon
|upkeep
|
|t:|1625203098
|switch|p1a: Shedinja|Shedinja|100/100
|turn|35
|
|t:|1625203106
|move|p2a: Stainless Steel|Stealth Rock|p1a: Shedinja
|-sidestart|p1: tn29012005|move: Stealth Rock
|move|p1a: Shedinja|Double Team|p1a: Shedinja
|-boost|p1a: Shedinja|evasion|1
|
|upkeep
|turn|36
|
|t:|1625203117
|switch|p2a: High and Mighty|Giratina, shiny|47/100
|-ability|p2a: High and Mighty|Pressure
|move|p1a: Shedinja|Double Team|p1a: Shedinja
|-boost|p1a: Shedinja|evasion|1
|
|-heal|p2a: High and Mighty|53/100|[from] item: Leftovers
|upkeep
|turn|37
|
|t:|1625203128
|move|p1a: Shedinja|Shadow Sneak|p2a: High and Mighty
|-supereffective|p2a: High and Mighty
|-damage|p2a: High and Mighty|38/100
|move|p2a: High and Mighty|Toxic|p1a: Shedinja
|-status|p1a: Shedinja|tox
|
|-heal|p2a: High and Mighty|44/100|[from] item: Leftovers
|-damage|p1a: Shedinja|0 fnt|[from] psn
|faint|p1a: Shedinja
|upkeep
|
|t:|1625203138
|switch|p1a: Ho-Oh|Ho-Oh|100/100
|turn|38
|
|t:|1625203144
|move|p2a: High and Mighty|Rest|p2a: High and Mighty
|-status|p2a: High and Mighty|slp|[from] move: Rest
|-heal|p2a: High and Mighty|100/100 slp|[silent]
|move|p1a: Ho-Oh|Toxic||[still]
|-fail|p1a: Ho-Oh
|
|upkeep
|turn|39
|c| Sir bagus|Idiot
|
|t:|1625203165
|switch|p2a: Miss Joy|Chansey, F|32/100
|move|p1a: Ho-Oh|Brave Bird|p2a: Miss Joy
|-damage|p2a: Miss Joy|0 fnt
|faint|p2a: Miss Joy
|-damage|p1a: Ho-Oh|84/100|[from] Recoil
|
|upkeep
|c|☆JAY100064|girl bye
|
|t:|1625203178
|switch|p2a: High and Mighty|Giratina, shiny|100/100 slp
|-ability|p2a: High and Mighty|Pressure
|turn|40
|
|t:|1625203185
|cant|p2a: High and Mighty|slp
|move|p1a: Ho-Oh|Brave Bird|p2a: High and Mighty
|-damage|p2a: High and Mighty|73/100 slp
|-damage|p1a: Ho-Oh|73/100|[from] Recoil
|
|-heal|p2a: High and Mighty|79/100 slp|[from] item: Leftovers
|upkeep
|turn|41
|
|t:|1625203197
|switch|p2a: Stainless Steel|Necrozma-Dusk-Mane|58/100
|move|p1a: Ho-Oh|Brave Bird|p2a: Stainless Steel
|-resisted|p2a: Stainless Steel
|-damage|p2a: Stainless Steel|40/100
|-damage|p1a: Ho-Oh|57/100|[from] item: Rocky Helmet|[of] p2a: Stainless Steel
|-damage|p1a: Ho-Oh|51/100|[from] Recoil
|
|upkeep
|turn|42
|
|t:|1625203214
|switch|p2a: High and Mighty|Giratina, shiny|79/100 slp
|-ability|p2a: High and Mighty|Pressure
|move|p1a: Ho-Oh|Sacred Fire|p2a: High and Mighty
|-resisted|p2a: High and Mighty
|-damage|p2a: High and Mighty|66/100 slp
|
|-heal|p2a: High and Mighty|72/100 slp|[from] item: Leftovers
|upkeep
|turn|43
|c| Sir bagus|Smh
|
|t:|1625203225
|cant|p2a: High and Mighty|slp
|move|p1a: Ho-Oh|Sacred Fire|p2a: High and Mighty
|-resisted|p2a: High and Mighty
|-damage|p2a: High and Mighty|59/100 slp
|
|-heal|p2a: High and Mighty|66/100 slp|[from] item: Leftovers
|upkeep
|turn|44
|
|t:|1625203234
|-curestatus|p2a: High and Mighty|slp|[msg]
|move|p2a: High and Mighty|Toxic|p1a: Ho-Oh
|-status|p1a: Ho-Oh|tox
|move|p1a: Ho-Oh|Sacred Fire|p2a: High and Mighty
|-resisted|p2a: High and Mighty
|-damage|p2a: High and Mighty|54/100
|
|-heal|p2a: High and Mighty|60/100|[from] item: Leftovers
|-damage|p1a: Ho-Oh|45/100 tox|[from] psn
|upkeep
|turn|45
|
|t:|1625203248
|move|p2a: High and Mighty|Rest|p2a: High and Mighty
|-status|p2a: High and Mighty|slp|[from] move: Rest
|-heal|p2a: High and Mighty|100/100 slp|[silent]
|move|p1a: Ho-Oh|Toxic||[still]
|-fail|p1a: Ho-Oh
|
|-damage|p1a: Ho-Oh|33/100 tox|[from] psn
|upkeep
|turn|46
|-message|tn29012005 forfeited.
|
|win|JAY100064
|raw|tn29012005's rating: 1437 &rarr; <strong>1422</strong><br />(-15 for losing)
|raw|JAY100064's rating: 1525 &rarr; <strong>1540</strong><br />(+15 for winning)
|l|☆tn29012005
|j|☆tn29012005
|player|p1|tn29012005|170
|c|☆JAY100064|Loser
|l|☆tn29012005
|player|p1|
