|j|☆seidou45
|j|☆CLEAR GEM清瑜
|t:|1664785104
|gametype|singles
|player|p1|seidou45|lucas|1734
|player|p2|CLEAR GEM清瑜|skierf|1826
|teamsize|p1|6
|teamsize|p2|6
|gen|8
|tier|[Gen 8] National Dex AG
|rated|
|rule|HP Percentage Mod: HP is shown in percentages
|rule|Endless Battle Clause: Forcing endless battles is banned
|clearpoke
|poke|p1|Quagsire, M|
|poke|p1|Tyranitar, M|
|poke|p1|Yveltal|
|poke|p1|Rillaboom, M|
|poke|p1|Zacian-*|
|poke|p1|Calyrex-Shadow|
|poke|p2|Rayquaza|
|poke|p2|Groudon|
|poke|p2|Necrozma-Dusk-Mane|
|poke|p2|Arceus-*|
|poke|p2|Zacian-*|
|poke|p2|Yveltal|
|teampreview
|inactive|Battle timer is ON: inactive players will automatically lose when time's up. (requested by CLEAR GEM清瑜)
|
|t:|1664785109
|start
|switch|p1a: Yveltal|Yveltal, shiny|100/100
|switch|p2a: 不会(?)|Groudon|100/100
|-ability|p1a: Yveltal|Dark Aura
|detailschange|p2a: 不会(?)|Groudon-Primal
|-primal|p2a: 不会(?)
|-weather|DesolateLand|[from] ability: Desolate Land|[of] p2a: 不会(?)
|turn|1
|
|t:|1664785119
|-start|p1a: Yveltal|Dynamax|
|-heal|p1a: Yveltal|100/100|[silent]
|move|p1a: Yveltal|Max Airstream|p2a: 不会(?)
|-damage|p2a: 不会(?)|5/100
|-boost|p1a: Yveltal|spe|1
|-damage|p1a: Yveltal|96/100|[from] item: Life Orb
|move|p2a: 不会(?)|Stealth Rock|p1a: Yveltal
|-sidestart|p1: seidou45|move: Stealth Rock
|
|-weather|DesolateLand|[upkeep]
|upkeep
|turn|2
|
|t:|1664785126
|move|p1a: Yveltal|Max Hailstorm|p2a: 不会(?)
|-damage|p2a: 不会(?)|0 fnt
|-weather|Hail
|faint|p2a: 不会(?)
|-damage|p1a: Yveltal|91/100|[from] item: Life Orb
|
|-weather|Hail|[upkeep]
|-damage|p1a: Yveltal|88/100|[from] Hail
|upkeep
|
|t:|1664785129
|switch|p2a: 嘉然小姐的狗|Zacian-Crowned|100/100
|-ability|p2a: 嘉然小姐的狗|Intrepid Sword|boost
|-boost|p2a: 嘉然小姐的狗|atk|1
|turn|3
|
|t:|1664785131
|move|p1a: Yveltal|Max Flare|p2a: 嘉然小姐的狗
|-supereffective|p2a: 嘉然小姐的狗
|-damage|p2a: 嘉然小姐的狗|5/100
|-weather|SunnyDay
|-damage|p1a: Yveltal|83/100|[from] item: Life Orb
|move|p2a: 嘉然小姐的狗|Behemoth Blade|p1a: Yveltal
|-damage|p1a: Yveltal|0 fnt
|faint|p1a: Yveltal
|
|-weather|SunnyDay|[upkeep]
|upkeep
|
|t:|1664785137
|switch|p1a: Rillaboom|Rillaboom, M|100/100
|-damage|p1a: Rillaboom|88/100|[from] Stealth Rock
|-fieldstart|move: Grassy Terrain|[from] ability: Grassy Surge|[of] p1a: Rillaboom
|turn|4
|
|t:|1664785145
|move|p2a: 嘉然小姐的狗|Quick Attack|p1a: Rillaboom
|-damage|p1a: Rillaboom|65/100
|move|p1a: Rillaboom|Grassy Glide|p2a: 嘉然小姐的狗
|-resisted|p2a: 嘉然小姐的狗
|-damage|p2a: 嘉然小姐的狗|0 fnt
|faint|p2a: 嘉然小姐的狗
|
|-weather|SunnyDay|[upkeep]
|-heal|p1a: Rillaboom|71/100|[from] Grassy Terrain
|upkeep
|
|t:|1664785149
|switch|p2a: 老烈|Rayquaza, shiny|100/100
|-ability|p2a: 老烈|Air Lock
|turn|5
|
|t:|1664785152
|switch|p1a: Tyranitar|Tyranitar, M, shiny|100/100
|-damage|p1a: Tyranitar|88/100|[from] Stealth Rock
|-weather|Sandstorm|[from] ability: Sand Stream|[of] p1a: Tyranitar
|detailschange|p2a: 老烈|Rayquaza-Mega, shiny
|-mega|p2a: 老烈|Rayquaza|
|-weather|DeltaStream|[from] ability: Delta Stream|[of] p2a: 老烈
|move|p2a: 老烈|Dragon Ascent|p1a: Tyranitar
|-resisted|p1a: Tyranitar
|-damage|p1a: Tyranitar|57/100
|-unboost|p2a: 老烈|def|1
|-unboost|p2a: 老烈|spd|1
|
|-weather|DeltaStream|[upkeep]
|-heal|p1a: Tyranitar|63/100|[from] Grassy Terrain
|-heal|p1a: Tyranitar|69/100|[from] item: Leftovers
|upkeep
|turn|6
|
|t:|1664785161
|switch|p1a: Rillaboom|Rillaboom, M|71/100
|-damage|p1a: Rillaboom|58/100|[from] Stealth Rock
|move|p2a: 老烈|Earthquake|p1a: Rillaboom
|-resisted|p1a: Rillaboom
|-damage|p1a: Rillaboom|47/100
|
|-weather|DeltaStream|[upkeep]
|-heal|p1a: Rillaboom|54/100|[from] Grassy Terrain
|upkeep
|turn|7
|
|t:|1664785166
|move|p1a: Rillaboom|Fake Out|p2a: 老烈
|-damage|p2a: 老烈|67/100
|cant|p2a: 老烈|flinch
|
|-weather|DeltaStream|[upkeep]
|-heal|p1a: Rillaboom|60/100|[from] Grassy Terrain
|upkeep
|turn|8
|
|t:|1664785174
|switch|p1a: Calyrex|Calyrex-Shadow|100/100
|-ability|p1a: Calyrex|As One
|-ability|p1a: Calyrex|Unnerve
|-damage|p1a: Calyrex|88/100|[from] Stealth Rock
|move|p2a: 老烈|Dragon Ascent|p1a: Calyrex
|-crit|p1a: Calyrex
|-damage|p1a: Calyrex|0 fnt
|-unboost|p2a: 老烈|def|1
|-unboost|p2a: 老烈|spd|1
|faint|p1a: Calyrex
|
|-weather|DeltaStream|[upkeep]
|-fieldend|move: Grassy Terrain
|upkeep
|
|t:|1664785176
|switch|p1a: Zacian|Zacian-Crowned, shiny|100/100
|-damage|p1a: Zacian|94/100|[from] Stealth Rock
|-ability|p1a: Zacian|Intrepid Sword|boost
|-boost|p1a: Zacian|atk|1
|turn|9
|
|t:|1664785181
|move|p1a: Zacian|Behemoth Blade|p2a: 老烈
|-damage|p2a: 老烈|0 fnt
|faint|p2a: 老烈
|-weather|none
|
|upkeep
|
|t:|1664785185
|switch|p2a: 钢铁之躯|Necrozma-Dusk-Mane|100/100
|turn|10
|
|t:|1664785187
|move|p1a: Zacian|Crunch|p2a: 钢铁之躯
|-supereffective|p2a: 钢铁之躯
|-damage|p2a: 钢铁之躯|37/100
|move|p2a: 钢铁之躯|Dragon Dance|p2a: 钢铁之躯
|-boost|p2a: 钢铁之躯|atk|1
|-boost|p2a: 钢铁之躯|spe|1
|
|upkeep
|turn|11
|
|t:|1664785193
|switch|p1a: Quagsire|Quagsire, M, shiny|100/100
|-damage|p1a: Quagsire|94/100|[from] Stealth Rock
|detailschange|p2a: 钢铁之躯|Necrozma-Ultra
|-burst|p2a: 钢铁之躯|Necrozma|Ultranecrozium Z
|move|p2a: 钢铁之躯|Earthquake|p1a: Quagsire
|-damage|p1a: Quagsire|63/100
|
|upkeep
|turn|12
|
|t:|1664785198
|switch|p1a: Tyranitar|Tyranitar, M, shiny|69/100
|-damage|p1a: Tyranitar|57/100|[from] Stealth Rock
|-weather|Sandstorm|[from] ability: Sand Stream|[of] p1a: Tyranitar
|move|p2a: 钢铁之躯|Photon Geyser|p1a: Tyranitar
|-immune|p1a: Tyranitar
|
|-weather|Sandstorm|[upkeep]
|-damage|p2a: 钢铁之躯|30/100|[from] Sandstorm
|-heal|p1a: Tyranitar|63/100|[from] item: Leftovers
|upkeep
|turn|13
|
|t:|1664785202
|switch|p1a: Quagsire|Quagsire, M, shiny|63/100
|-damage|p1a: Quagsire|57/100|[from] Stealth Rock
|move|p2a: 钢铁之躯|Earthquake|p1a: Quagsire
|-damage|p1a: Quagsire|25/100
|
|-weather|Sandstorm|[upkeep]
|-damage|p2a: 钢铁之躯|24/100|[from] Sandstorm
|upkeep
|turn|14
|
|t:|1664785205
|move|p2a: 钢铁之躯|Earthquake|p1a: Quagsire
|-crit|p1a: Quagsire
|-damage|p1a: Quagsire|0 fnt
|faint|p1a: Quagsire
|
|-weather|Sandstorm|[upkeep]
|-damage|p2a: 钢铁之躯|18/100|[from] Sandstorm
|upkeep
|
|t:|1664785207
|switch|p1a: Rillaboom|Rillaboom, M|60/100
|-damage|p1a: Rillaboom|47/100|[from] Stealth Rock
|-fieldstart|move: Grassy Terrain|[from] ability: Grassy Surge|[of] p1a: Rillaboom
|turn|15
|
|t:|1664785210
|move|p1a: Rillaboom|Grassy Glide|p2a: 钢铁之躯
|-resisted|p2a: 钢铁之躯
|-damage|p2a: 钢铁之躯|0 fnt
|faint|p2a: 钢铁之躯
|
|-weather|Sandstorm|[upkeep]
|-damage|p1a: Rillaboom|41/100|[from] Sandstorm
|-heal|p1a: Rillaboom|47/100|[from] Grassy Terrain
|upkeep
|
|t:|1664785214
|switch|p2a: 悬空羊驼|Arceus-Flying|100/100
|turn|16
|
|t:|1664785217
|switch|p1a: Tyranitar|Tyranitar, M, shiny|63/100
|-damage|p1a: Tyranitar|51/100|[from] Stealth Rock
|-start|p2a: 悬空羊驼|Dynamax|
|-heal|p2a: 悬空羊驼|100/100|[silent]
|move|p2a: 悬空羊驼|Max Airstream|p1a: Tyranitar
|-resisted|p1a: Tyranitar
|-damage|p1a: Tyranitar|34/100
|-boost|p2a: 悬空羊驼|spe|1
|
|-weather|none
|-heal|p1a: Tyranitar|40/100|[from] Grassy Terrain
|-heal|p1a: Tyranitar|47/100|[from] item: Leftovers
|upkeep
|turn|17
|
|t:|1664785220
|move|p2a: 悬空羊驼|Max Quake|p1a: Tyranitar
|-supereffective|p1a: Tyranitar
|-damage|p1a: Tyranitar|0 fnt
|-boost|p2a: 悬空羊驼|spd|1
|faint|p1a: Tyranitar
|
|upkeep
|
|t:|1664785226
|switch|p1a: Rillaboom|Rillaboom, M|47/100
|-damage|p1a: Rillaboom|35/100|[from] Stealth Rock
|turn|18
|
|t:|1664785229
|move|p1a: Rillaboom|Grassy Glide|p2a: 悬空羊驼
|-resisted|p2a: 悬空羊驼
|-damage|p2a: 悬空羊驼|87/100
|move|p2a: 悬空羊驼|Max Airstream|p1a: Rillaboom
|-supereffective|p1a: Rillaboom
|-damage|p1a: Rillaboom|0 fnt
|-boost|p2a: 悬空羊驼|spe|1
|faint|p1a: Rillaboom
|
|upkeep
|
|t:|1664785232
|switch|p1a: Zacian|Zacian-Crowned, shiny|94/100
|-damage|p1a: Zacian|88/100|[from] Stealth Rock
|-ability|p1a: Zacian|Intrepid Sword|boost
|-boost|p1a: Zacian|atk|1
|-end|p2a: 悬空羊驼|Dynamax
|-heal|p2a: 悬空羊驼|87/100|[silent]
|turn|19
|
|t:|1664785234
|move|p2a: 悬空羊驼|Earth Power|p1a: Zacian
|-supereffective|p1a: Zacian
|-damage|p1a: Zacian|35/100
|move|p1a: Zacian|Wild Charge|p2a: 悬空羊驼
|-supereffective|p2a: 悬空羊驼
|-damage|p2a: 悬空羊驼|0 fnt
|faint|p2a: 悬空羊驼
|-damage|p1a: Zacian|12/100|[from] Recoil
|
|-heal|p1a: Zacian|18/100|[from] Grassy Terrain
|-fieldend|move: Grassy Terrain
|upkeep
|
|t:|1664785237
|switch|p2a: Y鸟|Yveltal|100/100
|-ability|p2a: Y鸟|Dark Aura
|turn|20
|
|t:|1664785240
|move|p1a: Zacian|Behemoth Blade|p2a: Y鸟
|-damage|p2a: Y鸟|14/100
|move|p2a: Y鸟|Dark Pulse|p1a: Zacian
|-resisted|p1a: Zacian
|-damage|p1a: Zacian|0 fnt
|faint|p1a: Zacian
|-damage|p2a: Y鸟|4/100|[from] item: Life Orb
|
|win|CLEAR GEM清瑜
|raw|seidou45's rating: 1734 &rarr; <strong>1719</strong><br />(-15 for losing)
|raw|CLEAR GEM清瑜's rating: 1826 &rarr; <strong>1841</strong><br />(+15 for winning)
