|j|☆RoYaL_Kim 115
|j|☆ReactJS3
|t:|1635996791
|gametype|singles
|player|p1|RoYaL_Kim 115|rosa|1680
|player|p2|ReactJS3|265|2008
|teamsize|p1|6
|teamsize|p2|6
|gen|8
|tier|[Gen 8] National Dex AG
|rated|
|rule|HP Percentage Mod: HP is shown in percentages
|rule|Endless Battle Clause: Forcing endless battles is banned
|clearpoke
|poke|p1|Chansey, F|
|poke|p1|Sableye, F|
|poke|p1|Necrozma-Dusk-Mane|
|poke|p1|Shedinja|
|poke|p1|Quagsire, F|
|poke|p1|Giratina|
|poke|p2|Rayquaza|
|poke|p2|Zacian-*|
|poke|p2|Yveltal|
|poke|p2|Groudon|
|poke|p2|Ho-Oh|
|poke|p2|Ditto|
|teampreview
|c|☆ReactJS3|uggh
|c|☆ReactJS3|stall bs
|c|☆RoYaL_Kim 115|Ehehehehe...
|
|t:|1635996819
|start
|switch|p1a: No U|Sableye, F|100/100
|switch|p2a: Yveltal|Yveltal|100/100
|-ability|p2a: Yveltal|Dark Aura
|turn|1
|
|t:|1635996823
|detailschange|p1a: No U|Sableye-Mega, F
|-mega|p1a: No U|Sableye|Sablenite
|move|p1a: No U|Fake Out|p2a: Yveltal
|-damage|p2a: Yveltal|93/100
|cant|p2a: Yveltal|flinch
|
|upkeep
|turn|2
|
|t:|1635996829
|move|p2a: Yveltal|Dark Pulse|p1a: No U
|-damage|p1a: No U|26/100
|-damage|p2a: Yveltal|83/100|[from] item: Life Orb
|move|p1a: No U|Toxic|p2a: Yveltal
|-status|p2a: Yveltal|tox
|
|-damage|p2a: Yveltal|77/100 tox|[from] psn
|upkeep
|turn|3
|
|t:|1635996834
|switch|p1a: OMEGA WALL|Chansey, F|100/100
|move|p2a: Yveltal|Oblivion Wing|p1a: OMEGA WALL
|-damage|p1a: OMEGA WALL|86/100
|-heal|p2a: Yveltal|94/100 tox|[from] drain|[of] p1a: OMEGA WALL
|-damage|p2a: Yveltal|85/100 tox|[from] item: Life Orb
|
|-damage|p2a: Yveltal|72/100 tox|[from] psn
|upkeep
|turn|4
|
|t:|1635996837
|switch|p2a: Ditto|Ditto|100/100
|-transform|p2a: Ditto|p1a: OMEGA WALL|[from] ability: Imposter
|move|p1a: OMEGA WALL|Confide|p2a: Ditto
|-unboost|p2a: Ditto|spa|1
|
|upkeep
|turn|5
|
|t:|1635996841
|switch|p1a: No U|Sableye-Mega, F|26/100
|move|p2a: Ditto|Heal Bell|p2a: Ditto
|-activate|p2a: Ditto|move: Heal Bell
|-curestatus|p2: Yveltal|tox|[msg]
|
|upkeep
|turn|6
|
|t:|1635996844
|switch|p2a: Yveltal|Yveltal|72/100
|-ability|p2a: Yveltal|Dark Aura
|move|p1a: No U|Recover|p1a: No U
|-heal|p1a: No U|76/100
|
|upkeep
|turn|7
|
|t:|1635996851
|switch|p1a: OMEGA WALL|Chansey, F|86/100
|move|p2a: Yveltal|Dark Pulse|p1a: OMEGA WALL
|-damage|p1a: OMEGA WALL|66/100
|-damage|p2a: Yveltal|62/100|[from] item: Life Orb
|
|upkeep
|turn|8
|
|t:|1635996857
|switch|p2a: Zacian|Zacian-Crowned|100/100
|-ability|p2a: Zacian|Intrepid Sword|boost
|-boost|p2a: Zacian|atk|1
|move|p1a: OMEGA WALL|Confide|p2a: Zacian
|-unboost|p2a: Zacian|spa|1
|
|upkeep
|turn|9
|
|t:|1635996862
|switch|p2a: Yveltal|Yveltal|62/100
|-ability|p2a: Yveltal|Dark Aura
|switch|p1a: LOL/Oops|Quagsire, F|100/100
|
|upkeep
|turn|10
|
|t:|1635996865
|switch|p1a: OMEGA WALL|Chansey, F|66/100
|move|p2a: Yveltal|Oblivion Wing|p1a: OMEGA WALL
|-damage|p1a: OMEGA WALL|51/100
|-heal|p2a: Yveltal|81/100|[from] drain|[of] p1a: OMEGA WALL
|-damage|p2a: Yveltal|71/100|[from] item: Life Orb
|
|upkeep
|turn|11
|
|t:|1635996869
|-start|p2a: Yveltal|Dynamax
|-heal|p2a: Yveltal|71/100|[silent]
|move|p2a: Yveltal|Max Darkness|p1a: OMEGA WALL
|-damage|p1a: OMEGA WALL|0 fnt
|faint|p1a: OMEGA WALL
|-damage|p2a: Yveltal|66/100|[from] item: Life Orb
|
|upkeep
|
|t:|1635996875
|switch|p1a: Wall|Necrozma-Dusk-Mane|100/100
|turn|12
|
|t:|1635996886
|-end|p2a: Yveltal|Dynamax
|-heal|p2a: Yveltal|66/100|[silent]
|switch|p2a: Ho-Oh|Ho-Oh|100/100
|-start|p1a: Wall|Dynamax
|-heal|p1a: Wall|100/100|[silent]
|move|p1a: Wall|Max Steelspike|p2a: Ho-Oh
|-resisted|p2a: Ho-Oh
|-damage|p2a: Ho-Oh|77/100
|-boost|p1a: Wall|def|1
|
|upkeep
|turn|13
|
|t:|1635996897
|move|p2a: Ho-Oh|Sacred Fire|p1a: Wall
|-supereffective|p1a: Wall
|-damage|p1a: Wall|89/100
|move|p1a: Wall|Max Darkness|p2a: Ho-Oh
|-damage|p2a: Ho-Oh|52/100
|-unboost|p2a: Ho-Oh|spd|1
|
|upkeep
|turn|14
|
|t:|1635996904
|move|p1a: Wall|Max Guard|p1a: Wall
|-singleturn|p1a: Wall|Max Guard
|move|p2a: Ho-Oh|Sacred Fire|p1a: Wall
|-activate|p1a: Wall|move: Max Guard
|
|-end|p1a: Wall|Dynamax
|-heal|p1a: Wall|89/100|[silent]
|upkeep
|turn|15
|
|t:|1635996906
|move|p2a: Ho-Oh|Sacred Fire|p1a: Wall
|-supereffective|p1a: Wall
|-damage|p1a: Wall|66/100
|move|p1a: Wall|Knock Off|p2a: Ho-Oh
|-damage|p2a: Ho-Oh|32/100
|-enditem|p2a: Ho-Oh|Heavy-Duty Boots|[from] move: Knock Off|[of] p1a: Wall
|
|upkeep
|turn|16
|
|t:|1635996914
|switch|p1a: No U|Sableye-Mega, F|76/100
|move|p2a: Ho-Oh|Sacred Fire|p1a: No U
|-damage|p1a: No U|45/100
|
|upkeep
|turn|17
|
|t:|1635996925
|move|p1a: No U|Fake Out|p2a: Ho-Oh
|-damage|p2a: Ho-Oh|27/100
|cant|p2a: Ho-Oh|flinch
|
|upkeep
|turn|18
|
|t:|1635996929
|move|p1a: No U|Recover|p1a: No U
|-heal|p1a: No U|95/100
|move|p2a: Ho-Oh|Whirlwind|p1a: No U
|move|p1a: No U|Whirlwind|p2a: Ho-Oh|[from]ability: Magic Bounce
|drag|p2a: Yveltal|Yveltal|66/100
|-ability|p2a: Yveltal|Dark Aura
|
|upkeep
|turn|19
|
|t:|1635996937
|switch|p2a: Zacian|Zacian-Crowned|100/100
|-ability|p2a: Zacian|Intrepid Sword|boost
|-boost|p2a: Zacian|atk|1
|move|p1a: No U|Toxic|p2a: Zacian
|-immune|p2a: Zacian
|
|upkeep
|turn|20
|
|t:|1635996942
|switch|p1a: LOL/Oops|Quagsire, F|100/100
|move|p2a: Zacian|Play Rough|p1a: LOL/Oops|[miss]
|-miss|p2a: Zacian|p1a: LOL/Oops
|
|upkeep
|turn|21
|
|t:|1635996949
|switch|p2a: Ho-Oh|Ho-Oh|60/100
|move|p1a: LOL/Oops|Toxic|p2a: Ho-Oh
|-status|p2a: Ho-Oh|tox
|
|-damage|p2a: Ho-Oh|54/100 tox|[from] psn
|upkeep
|turn|22
|
|t:|1635996954
|switch|p1a: No U|Sableye-Mega, F|95/100
|move|p2a: Ho-Oh|Toxic|p1a: No U
|move|p1a: No U|Toxic|p2a: Ho-Oh|[from]ability: Magic Bounce
|-fail|p2a: Ho-Oh|tox
|
|-damage|p2a: Ho-Oh|42/100 tox|[from] psn
|upkeep
|turn|23
|
|t:|1635996961
|switch|p2a: Ditto|Ditto|100/100
|-transform|p2a: Ditto|p1a: No U|[from] ability: Imposter
|move|p1a: No U|Fake Out|p2a: Ditto
|-immune|p2a: Ditto
|
|upkeep
|turn|24
|
|t:|1635996969
|move|p2a: Ditto|Foul Play|p1a: No U
|-damage|p1a: No U|77/100
|move|p1a: No U|Foul Play|p2a: Ditto
|-damage|p2a: Ditto|81/100
|
|upkeep
|turn|25
|
|t:|1635996974
|move|p2a: Ditto|Foul Play|p1a: No U
|-crit|p1a: No U
|-damage|p1a: No U|52/100
|move|p1a: No U|Foul Play|p2a: Ditto
|-damage|p2a: Ditto|63/100
|
|upkeep
|turn|26
|
|t:|1635996981
|switch|p2a: Groudon|Groudon|100/100
|detailschange|p2a: Groudon|Groudon-Primal
|-primal|p2a: Groudon
|-weather|DesolateLand|[from] ability: Desolate Land|[of] p2a: Groudon
|move|p1a: No U|Recover|p1a: No U
|-heal|p1a: No U|100/100
|
|-weather|DesolateLand|[upkeep]
|upkeep
|turn|27
|
|t:|1635996986
|switch|p1a: Ghostly Wall|Giratina|100/100
|-ability|p1a: Ghostly Wall|Pressure
|move|p2a: Groudon|Stealth Rock|p1a: Ghostly Wall
|-sidestart|p1: RoYaL_Kim 115|move: Stealth Rock
|
|-weather|DesolateLand|[upkeep]
|upkeep
|turn|28
|
|t:|1635996991
|move|p2a: Groudon|Toxic|p1a: Ghostly Wall
|-status|p1a: Ghostly Wall|tox
|move|p1a: Ghostly Wall|Toxic|p2a: Groudon
|-status|p2a: Groudon|tox
|
|-weather|DesolateLand|[upkeep]
|-damage|p2a: Groudon|94/100 tox|[from] psn
|-damage|p1a: Ghostly Wall|94/100 tox|[from] psn
|upkeep
|turn|29
|
|t:|1635997000
|move|p2a: Groudon|Overheat|p1a: Ghostly Wall
|-resisted|p1a: Ghostly Wall
|-damage|p1a: Ghostly Wall|68/100 tox
|-unboost|p2a: Groudon|spa|2
|move|p1a: Ghostly Wall|Defog|p2a: Groudon
|-unboost|p2a: Groudon|evasion|1
|-sideend|p1: RoYaL_Kim 115|Stealth Rock|[from] move: Defog|[of] p1a: Ghostly Wall
|
|-weather|DesolateLand|[upkeep]
|-heal|p1a: Ghostly Wall|75/100 tox|[from] item: Leftovers
|-damage|p2a: Groudon|82/100 tox|[from] psn
|-damage|p1a: Ghostly Wall|62/100 tox|[from] psn
|upkeep
|turn|30
|
|t:|1635997009
|move|p2a: Groudon|Stealth Rock|p1a: Ghostly Wall
|-sidestart|p1: RoYaL_Kim 115|move: Stealth Rock
|move|p1a: Ghostly Wall|Rest|p1a: Ghostly Wall
|-status|p1a: Ghostly Wall|slp|[from] move: Rest
|-heal|p1a: Ghostly Wall|100/100 slp|[silent]
|
|-weather|DesolateLand|[upkeep]
|-damage|p2a: Groudon|63/100 tox|[from] psn
|upkeep
|turn|31
|
|t:|1635997015
|-weather|none
|switch|p2a: Zacian|Zacian-Crowned|100/100
|-ability|p2a: Zacian|Intrepid Sword|boost
|-boost|p2a: Zacian|atk|1
|cant|p1a: Ghostly Wall|slp
|
|upkeep
|turn|32
|
|t:|1635997021
|switch|p2a: Rayquaza|Rayquaza|100/100
|-ability|p2a: Rayquaza|Air Lock
|switch|p1a: LOL/Oops|Quagsire, F|100/100
|-damage|p1a: LOL/Oops|94/100|[from] Stealth Rock
|
|upkeep
|turn|33
|
|t:|1635997025
|switch|p1a: Wall|Necrozma-Dusk-Mane|66/100
|-damage|p1a: Wall|60/100|[from] Stealth Rock
|detailschange|p2a: Rayquaza|Rayquaza-Mega
|-mega|p2a: Rayquaza|Rayquaza|
|-weather|DeltaStream|[from] ability: Delta Stream|[of] p2a: Rayquaza
|move|p2a: Rayquaza|Dragon Ascent|p1a: Wall
|-resisted|p1a: Wall
|-damage|p1a: Wall|38/100
|-unboost|p2a: Rayquaza|def|1
|-unboost|p2a: Rayquaza|spd|1
|-damage|p2a: Rayquaza|84/100|[from] item: Rocky Helmet|[of] p1a: Wall
|
|-weather|DeltaStream|[upkeep]
|upkeep
|turn|34
|
|t:|1635997030
|move|p2a: Rayquaza|V-create|p1a: Wall
|-supereffective|p1a: Wall
|-damage|p1a: Wall|0 fnt
|-unboost|p2a: Rayquaza|spe|1
|-unboost|p2a: Rayquaza|def|1
|-unboost|p2a: Rayquaza|spd|1
|-damage|p2a: Rayquaza|68/100|[from] item: Rocky Helmet|[of] p1a: Wall
|faint|p1a: Wall
|
|-weather|DeltaStream|[upkeep]
|upkeep
|
|t:|1635997035
|switch|p1a: Ghostly Wall|Giratina|100/100 slp
|-damage|p1a: Ghostly Wall|88/100 slp|[from] Stealth Rock
|-ability|p1a: Ghostly Wall|Pressure
|turn|35
|
|t:|1635997039
|move|p2a: Rayquaza|Dragon Ascent|p1a: Ghostly Wall
|-damage|p1a: Ghostly Wall|47/100 slp
|-unboost|p2a: Rayquaza|def|1
|-unboost|p2a: Rayquaza|spd|1
|cant|p1a: Ghostly Wall|slp
|
|-weather|DeltaStream|[upkeep]
|-heal|p1a: Ghostly Wall|53/100 slp|[from] item: Leftovers
|upkeep
|turn|36
|
|t:|1635997048
|-weather|none
|switch|p2a: Ho-Oh|Ho-Oh|75/100 tox
|-curestatus|p1a: Ghostly Wall|slp|[msg]
|move|p1a: Ghostly Wall|Rest|p1a: Ghostly Wall
|-status|p1a: Ghostly Wall|slp|[from] move: Rest
|-heal|p1a: Ghostly Wall|100/100 slp|[silent]
|
|-damage|p2a: Ho-Oh|69/100 tox|[from] psn
|upkeep
|turn|37
|
|t:|1635997054
|move|p2a: Ho-Oh|Toxic||[still]
|-fail|p2a: Ho-Oh
|cant|p1a: Ghostly Wall|slp
|
|-damage|p2a: Ho-Oh|57/100 tox|[from] psn
|upkeep
|turn|38
|
|t:|1635997057
|move|p2a: Ho-Oh|Toxic||[still]
|-fail|p2a: Ho-Oh
|cant|p1a: Ghostly Wall|slp
|
|-damage|p2a: Ho-Oh|39/100 tox|[from] psn
|upkeep
|turn|39
|
|t:|1635997060
|-curestatus|p1a: Ghostly Wall|slp|[msg]
|move|p1a: Ghostly Wall|Defog|p2a: Ho-Oh
|-unboost|p2a: Ho-Oh|evasion|1
|-sideend|p1: RoYaL_Kim 115|Stealth Rock|[from] move: Defog|[of] p1a: Ghostly Wall
|move|p2a: Ho-Oh|Whirlwind|p1a: Ghostly Wall
|drag|p1a: Mwahaha!|Shedinja|100/100
|
|-damage|p2a: Ho-Oh|15/100 tox|[from] psn
|upkeep
|turn|40
|
|t:|1635997066
|switch|p2a: Groudon|Groudon-Primal|63/100 tox
|-weather|DesolateLand|[from] ability: Desolate Land|[of] p2a: Groudon
|move|p1a: Mwahaha!|Shadow Sneak|p2a: Groudon
|-damage|p2a: Groudon|56/100 tox
|
|-weather|DesolateLand|[upkeep]
|-damage|p2a: Groudon|50/100 tox|[from] psn
|upkeep
|turn|41
|
|t:|1635997072
|switch|p1a: Ghostly Wall|Giratina|100/100
|-ability|p1a: Ghostly Wall|Pressure
|move|p2a: Groudon|Stealth Rock|p1a: Ghostly Wall
|-sidestart|p1: RoYaL_Kim 115|move: Stealth Rock
|
|-weather|DesolateLand|[upkeep]
|-damage|p2a: Groudon|37/100 tox|[from] psn
|upkeep
|turn|42
|
|t:|1635997075
|move|p2a: Groudon|Toxic|p1a: Ghostly Wall
|-status|p1a: Ghostly Wall|tox
|move|p1a: Ghostly Wall|Defog|p2a: Groudon
|-unboost|p2a: Groudon|evasion|1
|-sideend|p1: RoYaL_Kim 115|Stealth Rock|[from] move: Defog|[of] p1a: Ghostly Wall
|
|-weather|DesolateLand|[upkeep]
|-damage|p2a: Groudon|19/100 tox|[from] psn
|-damage|p1a: Ghostly Wall|94/100 tox|[from] psn
|upkeep
|turn|43
|
|t:|1635997088
|move|p2a: Groudon|Stealth Rock|p1a: Ghostly Wall
|-sidestart|p1: RoYaL_Kim 115|move: Stealth Rock
|move|p1a: Ghostly Wall|Rest|p1a: Ghostly Wall
|-status|p1a: Ghostly Wall|slp|[from] move: Rest
|-heal|p1a: Ghostly Wall|100/100 slp|[silent]
|
|-weather|DesolateLand|[upkeep]
|-damage|p2a: Groudon|0 fnt|[from] psn
|faint|p2a: Groudon
|-weather|none
|upkeep
|
|t:|1635997092
|switch|p2a: Yveltal|Yveltal|66/100
|-ability|p2a: Yveltal|Dark Aura
|turn|44
|
|t:|1635997097
|move|p2a: Yveltal|Dark Pulse|p1a: Ghostly Wall
|-supereffective|p1a: Ghostly Wall
|-damage|p1a: Ghostly Wall|14/100 slp
|-damage|p2a: Yveltal|56/100|[from] item: Life Orb
|cant|p1a: Ghostly Wall|slp
|
|-heal|p1a: Ghostly Wall|20/100 slp|[from] item: Leftovers
|upkeep
|turn|45
|c|☆ReactJS3|it's over
|
|t:|1635997104
|move|p2a: Yveltal|Oblivion Wing|p1a: Ghostly Wall
|-damage|p1a: Ghostly Wall|0 fnt
|-heal|p2a: Yveltal|75/100|[from] drain|[of] p1a: Ghostly Wall
|faint|p1a: Ghostly Wall
|-damage|p2a: Yveltal|65/100|[from] item: Life Orb
|
|upkeep
|c|☆RoYaL_Kim 115|Yeah...
|
|t:|1635997113
|switch|p1a: No U|Sableye-Mega, F|100/100
|-damage|p1a: No U|88/100|[from] Stealth Rock
|turn|46
|
|t:|1635997120
|switch|p2a: Zacian|Zacian-Crowned|100/100
|-ability|p2a: Zacian|Intrepid Sword|boost
|-boost|p2a: Zacian|atk|1
|move|p1a: No U|Fake Out|p2a: Zacian
|-resisted|p2a: Zacian
|-damage|p2a: Zacian|97/100
|
|upkeep
|turn|47
|
|t:|1635997128
|switch|p1a: LOL/Oops|Quagsire, F|94/100
|-damage|p1a: LOL/Oops|88/100|[from] Stealth Rock
|move|p2a: Zacian|Play Rough|p1a: LOL/Oops
|-damage|p1a: LOL/Oops|51/100
|-damage|p2a: Zacian|80/100|[from] item: Rocky Helmet|[of] p1a: LOL/Oops
|
|upkeep
|turn|48
|
|t:|1635997139
|switch|p2a: Ho-Oh|Ho-Oh|48/100 tox
|move|p1a: LOL/Oops|Recover|p1a: LOL/Oops
|-heal|p1a: LOL/Oops|100/100
|
|-damage|p2a: Ho-Oh|42/100 tox|[from] psn
|upkeep
|turn|49
|
|t:|1635997148
|switch|p1a: No U|Sableye-Mega, F|88/100
|-damage|p1a: No U|75/100|[from] Stealth Rock
|move|p2a: Ho-Oh|Sacred Fire|p1a: No U
|-damage|p1a: No U|44/100
|
|-damage|p2a: Ho-Oh|30/100 tox|[from] psn
|upkeep
|turn|50
|
|t:|1635997153
|move|p2a: Ho-Oh|Sacred Fire|p1a: No U
|-damage|p1a: No U|15/100
|-status|p1a: No U|brn
|move|p1a: No U|Recover|p1a: No U
|-heal|p1a: No U|65/100 brn
|
|-damage|p2a: Ho-Oh|12/100 tox|[from] psn
|-damage|p1a: No U|58/100 brn|[from] brn
|upkeep
|turn|51
|j| Pokepq
|
|t:|1635997158
|move|p2a: Ho-Oh|Sacred Fire|p1a: No U
|-damage|p1a: No U|28/100 brn
|move|p1a: No U|Foul Play|p2a: Ho-Oh
|-crit|p2a: Ho-Oh
|-damage|p2a: Ho-Oh|0 fnt
|faint|p2a: Ho-Oh
|
|-damage|p1a: No U|22/100 brn|[from] brn
|upkeep
|
|t:|1635997161
|switch|p2a: Yveltal|Yveltal|65/100
|-ability|p2a: Yveltal|Dark Aura
|turn|52
|
|t:|1635997163
|move|p2a: Yveltal|Oblivion Wing|p1a: No U
|-damage|p1a: No U|0 fnt
|-heal|p2a: Yveltal|78/100|[from] drain|[of] p1a: No U
|faint|p1a: No U
|-damage|p2a: Yveltal|68/100|[from] item: Life Orb
|
|upkeep
|-message|RoYaL_Kim 115 forfeited.
|
|win|ReactJS3
|raw|RoYaL_Kim 115's rating: 1680 &rarr; <strong>1675</strong><br />(-5 for losing)
|raw|ReactJS3's rating: 2008 &rarr; <strong>2013</strong><br />(+5 for winning)
|l|☆RoYaL_Kim 115
|l|☆ReactJS3
