|j|☆Spofyt
|j|☆MiguelRRM
|t:|1659556189
|gametype|singles
|player|p1|Spofyt|iris-gen5bw2|1596
|player|p2|MiguelRRM|1|1723
|teamsize|p1|6
|teamsize|p2|6
|gen|8
|tier|[Gen 8] National Dex AG
|rated|
|rule|HP Percentage Mod: HP is shown in percentages
|rule|Endless Battle Clause: Forcing endless battles is banned
|clearpoke
|poke|p1|Whimsicott, L1, M|
|poke|p1|Murkrow, F|
|poke|p1|Ditto|
|poke|p1|Marshadow|
|poke|p1|Vivillon-Icy Snow, F|
|poke|p1|Gyarados, M|
|poke|p2|Yveltal|
|poke|p2|Groudon|
|poke|p2|Rayquaza|
|poke|p2|Arceus-*|
|poke|p2|Calyrex-Shadow|
|poke|p2|Smeargle, M|
|teampreview
|
|t:|1659556202
|start
|switch|p1a: Whimsithott|Whimsicott, L1, M, shiny|100/100
|switch|p2a: Arceus|Arceus-Ground|100/100
|turn|1
|
|t:|1659556205
|move|p1a: Whimsithott|Leech Seed|p2a: Arceus
|-start|p2a: Arceus|move: Leech Seed
|move|p2a: Arceus|Rock Tomb|p1a: Whimsithott
|-enditem|p1a: Whimsithott|Focus Sash
|-damage|p1a: Whimsithott|9/100
|-unboost|p1a: Whimsithott|spe|1
|
|-damage|p2a: Arceus|88/100|[from] Leech Seed|[of] p1a: Whimsithott
|-heal|p1a: Whimsithott|100/100|[silent]
|upkeep
|turn|2
|
|t:|1659556210
|switch|p2a: Yveltal|Yveltal|100/100
|-ability|p2a: Yveltal|Dark Aura
|move|p1a: Whimsithott|Substitute|p1a: Whimsithott
|-start|p1a: Whimsithott|Substitute
|-damage|p1a: Whimsithott|75/100
|
|upkeep
|turn|3
|
|t:|1659556214
|move|p2a: Yveltal|Knock Off|p1a: Whimsithott
|-resisted|p1a: Whimsithott
|-end|p1a: Whimsithott|Substitute
|move|p1a: Whimsithott|Endeavor|p2a: Yveltal
|-damage|p2a: Yveltal|2/100
|-damage|p1a: Whimsithott|59/100|[from] item: Rocky Helmet|[of] p2a: Yveltal
|
|upkeep
|turn|4
|inactive|Battle timer is ON: inactive players will automatically lose when time's up. (requested by Spofyt)
|
|t:|1659556222
|switch|p1a: Jaquavious ♂♂♂|Murkrow, F, shiny|100/100
|move|p2a: Yveltal|Roost|p2a: Yveltal
|-heal|p2a: Yveltal|53/100
|-singleturn|p2a: Yveltal|move: Roost
|
|upkeep
|turn|5
|
|t:|1659556233
|move|p1a: Jaquavious ♂♂♂|Perish Song|p1a: Jaquavious ♂♂♂
|-start|p1a: Jaquavious ♂♂♂|perish3|[silent]
|-start|p2a: Yveltal|perish3|[silent]
|-fieldactivate|move: Perish Song
|move|p2a: Yveltal|Toxic|p1a: Jaquavious ♂♂♂
|-status|p1a: Jaquavious ♂♂♂|tox
|
|-damage|p1a: Jaquavious ♂♂♂|94/100 tox|[from] psn
|-start|p1a: Jaquavious ♂♂♂|perish3
|-start|p2a: Yveltal|perish3
|upkeep
|turn|6
|
|t:|1659556242
|move|p1a: Jaquavious ♂♂♂|Tailwind|p1a: Jaquavious ♂♂♂
|-sidestart|p1: Spofyt|move: Tailwind
|move|p2a: Yveltal|Knock Off|p1a: Jaquavious ♂♂♂
|-resisted|p1a: Jaquavious ♂♂♂
|-damage|p1a: Jaquavious ♂♂♂|33/100 tox
|-enditem|p1a: Jaquavious ♂♂♂|Focus Sash|[from] move: Knock Off|[of] p2a: Yveltal
|
|-damage|p1a: Jaquavious ♂♂♂|21/100 tox|[from] psn
|-start|p1a: Jaquavious ♂♂♂|perish2
|-start|p2a: Yveltal|perish2
|upkeep
|turn|7
|
|t:|1659556257
|move|p1a: Jaquavious ♂♂♂|Perish Song||[still]
|-fail|p1a: Jaquavious ♂♂♂
|move|p2a: Yveltal|Roost|p2a: Yveltal
|-heal|p2a: Yveltal|100/100
|-singleturn|p2a: Yveltal|move: Roost
|
|-damage|p1a: Jaquavious ♂♂♂|2/100 tox|[from] psn
|-start|p1a: Jaquavious ♂♂♂|perish1
|-start|p2a: Yveltal|perish1
|upkeep
|turn|8
|
|t:|1659556261
|move|p1a: Jaquavious ♂♂♂|Perish Song||[still]
|-fail|p1a: Jaquavious ♂♂♂
|move|p2a: Yveltal|U-turn|p1a: Jaquavious ♂♂♂
|-damage|p1a: Jaquavious ♂♂♂|0 fnt
|faint|p1a: Jaquavious ♂♂♂
|
|t:|1659556267
|switch|p2a: Smeargle|Smeargle, M|100/100|[from]move: U-turn
|
|-ability|p2a: Smeargle|Moody|boost
|-boost|p2a: Smeargle|spa|2
|-unboost|p2a: Smeargle|spd|1
|upkeep
|
|t:|1659556285
|switch|p1a: Lmao!Lmao!Lmao!|Vivillon-Icy Snow, F, shiny|100/100
|turn|9
|
|t:|1659556287
|move|p2a: Smeargle|Magic Coat|p2a: Smeargle
|-singleturn|p2a: Smeargle|move: Magic Coat
|move|p1a: Lmao!Lmao!Lmao!|Sleep Powder|p2a: Smeargle
|move|p2a: Smeargle|Sleep Powder|p1a: Lmao!Lmao!Lmao!|[from]Magic Coat
|-status|p1a: Lmao!Lmao!Lmao!|slp|[from] move: Sleep Powder
|
|-sideend|p1: Spofyt|move: Tailwind
|-ability|p2a: Smeargle|Moody|boost
|-boost|p2a: Smeargle|atk|2
|-unboost|p2a: Smeargle|spe|1
|upkeep
|turn|10
|
|t:|1659556295
|switch|p1a: Whimsithott|Whimsicott, L1, M, shiny|59/100
|move|p2a: Smeargle|Heart Swap|p1a: Whimsithott
|-swapboost|p2a: Smeargle|p1a: Whimsithott|[from] move: Heart Swap
|
|-ability|p2a: Smeargle|Moody|boost
|-boost|p2a: Smeargle|spd|2
|-unboost|p2a: Smeargle|spa|1
|upkeep
|turn|11
|
|t:|1659556305
|switch|p2a: Yveltal|Yveltal|100/100
|-ability|p2a: Yveltal|Dark Aura
|move|p1a: Whimsithott|Encore|p2a: Yveltal
|-hint|Since gen 7, Dark is immune to Prankster moves.
|-immune|p2a: Yveltal
|
|upkeep
|turn|12
|
|t:|1659556315
|move|p2a: Yveltal|U-turn|p1a: Whimsithott
|-damage|p1a: Whimsithott|0 fnt
|faint|p1a: Whimsithott
|
|t:|1659556324
|switch|p2a: Groudon|Groudon|100/100|[from]move: U-turn
|detailschange|p2a: Groudon|Groudon-Primal
|-primal|p2a: Groudon
|-weather|DesolateLand|[from] ability: Desolate Land|[of] p2a: Groudon
|
|-weather|DesolateLand|[upkeep]
|upkeep
|
|t:|1659556335
|switch|p1a: Imposter Sus|Ditto, shiny|100/100
|-transform|p1a: Imposter Sus|p2a: Groudon|[from] ability: Imposter
|turn|13
|
|t:|1659556342
|switch|p2a: Arceus|Arceus-Ground|88/100
|move|p1a: Imposter Sus|Toxic|p2a: Arceus
|-status|p2a: Arceus|tox
|
|-weather|DesolateLand|[upkeep]
|-damage|p2a: Arceus|82/100 tox|[from] psn
|upkeep
|turn|14
|
|t:|1659556346
|-weather|none
|switch|p1a: Lmao!Lmao!Lmao!|Vivillon-Icy Snow, F, shiny|100/100 slp
|move|p2a: Arceus|Rock Tomb|p1a: Lmao!Lmao!Lmao!
|-supereffective|p1a: Lmao!Lmao!Lmao!
|-damage|p1a: Lmao!Lmao!Lmao!|0 fnt
|faint|p1a: Lmao!Lmao!Lmao!
|
|-damage|p2a: Arceus|70/100 tox|[from] psn
|upkeep
|
|t:|1659556349
|switch|p1a: ImaSnek|Gyarados, M, shiny|100/100
|turn|15
|
|t:|1659556354
|-start|p1a: ImaSnek|Dynamax|
|-heal|p1a: ImaSnek|100/100|[silent]
|move|p2a: Arceus|Rock Tomb|p1a: ImaSnek
|-supereffective|p1a: ImaSnek
|-damage|p1a: ImaSnek|81/100
|-unboost|p1a: ImaSnek|spe|1
|move|p1a: ImaSnek|Max Airstream|p2a: Arceus
|-damage|p2a: Arceus|25/100 tox
|-boost|p1a: ImaSnek|spe|1
|-damage|p1a: ImaSnek|76/100|[from] item: Life Orb
|
|-damage|p2a: Arceus|7/100 tox|[from] psn
|upkeep
|turn|16
|
|t:|1659556359
|move|p2a: Arceus|Rock Tomb|p1a: ImaSnek
|-supereffective|p1a: ImaSnek
|-damage|p1a: ImaSnek|56/100
|-unboost|p1a: ImaSnek|spe|1
|move|p1a: ImaSnek|Max Airstream|p2a: Arceus
|-damage|p2a: Arceus|0 fnt
|-boost|p1a: ImaSnek|spe|1
|faint|p2a: Arceus
|-ability|p1a: ImaSnek|Moxie|boost
|-boost|p1a: ImaSnek|atk|1
|-damage|p1a: ImaSnek|51/100|[from] item: Life Orb
|
|upkeep
|
|t:|1659556363
|switch|p2a: Smeargle|Smeargle, M|100/100
|turn|17
|
|t:|1659556370
|move|p1a: ImaSnek|Max Guard|p1a: ImaSnek
|-singleturn|p1a: ImaSnek|Max Guard
|move|p2a: Smeargle|Spore|p1a: ImaSnek
|-activate|p1a: ImaSnek|move: Max Guard
|
|-ability|p2a: Smeargle|Moody|boost
|-boost|p2a: Smeargle|spa|2
|-unboost|p2a: Smeargle|spd|1
|upkeep
|-end|p1a: ImaSnek|Dynamax
|-heal|p1a: ImaSnek|51/100|[silent]
|turn|18
|
|t:|1659556375
|move|p1a: ImaSnek|Bounce||[still]
|-prepare|p1a: ImaSnek|Bounce
|move|p2a: Smeargle|Spore|p1a: ImaSnek|[miss]
|-miss|p2a: Smeargle|p1a: ImaSnek
|
|-ability|p2a: Smeargle|Moody|boost
|-boost|p2a: Smeargle|spe|2
|-unboost|p2a: Smeargle|spd|1
|upkeep
|turn|19
|
|t:|1659556378
|move|p2a: Smeargle|Spore|p1a: ImaSnek|[miss]
|-miss|p2a: Smeargle|p1a: ImaSnek
|move|p1a: ImaSnek|Bounce|p2a: Smeargle|[from]lockedmove
|-enditem|p2a: Smeargle|Focus Sash
|-damage|p2a: Smeargle|1/100
|-damage|p1a: ImaSnek|41/100|[from] item: Life Orb
|
|-ability|p2a: Smeargle|Moody|boost
|-boost|p2a: Smeargle|spe|2
|-unboost|p2a: Smeargle|spa|1
|upkeep
|turn|20
|
|t:|1659556393
|move|p2a: Smeargle|Spore|p1a: ImaSnek
|-status|p1a: ImaSnek|slp|[from] move: Spore
|cant|p1a: ImaSnek|slp
|
|-ability|p2a: Smeargle|Moody|boost
|-boost|p2a: Smeargle|atk|2
|-unboost|p2a: Smeargle|spd|1
|upkeep
|turn|21
|
|t:|1659556397
|switch|p1a: Imposter Sus|Ditto, shiny|100/100
|-transform|p1a: Imposter Sus|p2a: Smeargle|[from] ability: Imposter
|move|p2a: Smeargle|Baton Pass|p2a: Smeargle
|
|t:|1659556417
|switch|p2a: Groudon|Groudon-Primal|100/100|[from]move: Baton Pass
|-weather|DesolateLand|[from] ability: Desolate Land|[of] p2a: Groudon
|
|-weather|DesolateLand|[upkeep]
|-ability|p1a: Imposter Sus|Moody|boost
|-boost|p1a: Imposter Sus|spe|2
|-unboost|p1a: Imposter Sus|spa|1
|upkeep
|turn|22
|
|t:|1659556433
|move|p1a: Imposter Sus|Spore|p2a: Groudon
|-status|p2a: Groudon|slp|[from] move: Spore
|cant|p2a: Groudon|slp
|
|-weather|DesolateLand|[upkeep]
|-ability|p1a: Imposter Sus|Moody|boost
|-boost|p1a: Imposter Sus|atk|2
|-unboost|p1a: Imposter Sus|def|1
|upkeep
|turn|23
|
|t:|1659556438
|switch|p1a: Little Mac|Marshadow|100/100
|-curestatus|p2a: Groudon|slp|[msg]
|move|p2a: Groudon|Stealth Rock|p1a: Little Mac
|-sidestart|p1: Spofyt|move: Stealth Rock
|
|-weather|DesolateLand|[upkeep]
|upkeep
|turn|24
|
|t:|1659556441
|-weather|none
|switch|p2a: Yveltal|Yveltal|100/100
|-ability|p2a: Yveltal|Dark Aura
|move|p1a: Little Mac|Spectral Thief|p2a: Yveltal
|-resisted|p2a: Yveltal
|-damage|p2a: Yveltal|88/100
|-damage|p1a: Little Mac|84/100|[from] item: Rocky Helmet|[of] p2a: Yveltal
|
|upkeep
|turn|25
|
|t:|1659556443
|move|p1a: Little Mac|Thunder Punch|p2a: Yveltal
|-supereffective|p2a: Yveltal
|-damage|p2a: Yveltal|59/100
|-damage|p1a: Little Mac|67/100|[from] item: Rocky Helmet|[of] p2a: Yveltal
|move|p2a: Yveltal|U-turn|p1a: Little Mac
|-resisted|p1a: Little Mac
|-damage|p1a: Little Mac|61/100
|
|t:|1659556448
|switch|p2a: Groudon|Groudon-Primal|100/100|[from]move: U-turn
|-weather|DesolateLand|[from] ability: Desolate Land|[of] p2a: Groudon
|
|-weather|DesolateLand|[upkeep]
|upkeep
|turn|26
|
|t:|1659556451
|switch|p1a: ImaSnek|Gyarados, M, shiny|41/100 slp
|-damage|p1a: ImaSnek|17/100 slp|[from] Stealth Rock
|move|p2a: Groudon|Toxic||[still]
|-fail|p2a: Groudon
|
|-weather|DesolateLand|[upkeep]
|upkeep
|turn|27
|
|t:|1659556455
|cant|p1a: ImaSnek|slp
|move|p2a: Groudon|Rock Tomb|p1a: ImaSnek
|-supereffective|p1a: ImaSnek
|-damage|p1a: ImaSnek|0 fnt
|faint|p1a: ImaSnek
|
|-weather|DesolateLand|[upkeep]
|upkeep
|
|t:|1659556459
|switch|p1a: Little Mac|Marshadow|61/100
|-damage|p1a: Little Mac|55/100|[from] Stealth Rock
|turn|28
|c|☆Spofyt|youre so fucking annoying
|c|&|/log Spofyt was warned by Artemis (☆Spofyt: youre so fucking annoying)
|c|&|/raw <small>This action was done automatically. Want to learn more about the AI? <a href="https://www.smogon.com/forums/threads/3570628/#post-9056769">Visit the information thread</a>.</small>
|l|☆Spofyt
|inactive|Spofyt disconnected and has a minute to reconnect!
|player|p1|
|c|☆MiguelRRM|thanks
|inactive|Spofyt has 30 seconds to reconnect!
|inactive|Spofyt has 20 seconds to reconnect!
|inactive|Spofyt has 15 seconds to reconnect!
|inactive|Spofyt has 10 seconds to reconnect!
|inactive|Spofyt has 5 seconds to reconnect!
|-message|Spofyt lost due to inactivity.
|
|win|MiguelRRM
|raw|Spofyt's rating: 1596 &rarr; <strong>1583</strong><br />(-13 for losing)
|raw|MiguelRRM's rating: 1723 &rarr; <strong>1736</strong><br />(+13 for winning)
|j| Minamoto Miku
|l| Minamoto Miku
||Ladder isn't responding, score probably updated but might not have (Request timeout).
