|j|☆Bobsican
|j|☆lemoncell0
|t:|1662692351
|gametype|singles
|player|p1|Bobsican|n|1665
|player|p2|lemoncell0|allister|1975
|teamsize|p1|6
|teamsize|p2|6
|gen|8
|tier|[Gen 8] National Dex AG
|rated|
|rule|HP Percentage Mod: HP is shown in percentages
|rule|Endless Battle Clause: Forcing endless battles is banned
|clearpoke
|poke|p1|Ditto|
|poke|p1|Gengar, F|
|poke|p1|Tyranitar, F|
|poke|p1|Necrozma-Dusk-Mane|
|poke|p1|Arceus-*|
|poke|p1|Ho-Oh|
|poke|p2|Tyranitar, M|
|poke|p2|Ditto|
|poke|p2|Latias, F|
|poke|p2|Gothitelle, M|
|poke|p2|Quagsire, F|
|poke|p2|Zacian-*|
|teampreview
|
|t:|1662692361
|start
|switch|p1a: Gengar|Gengar, F|100/100
|switch|p2a: Tyranitar|Tyranitar, M|100/100
|-weather|Sandstorm|[from] ability: Sand Stream|[of] p2a: Tyranitar
|turn|1
|
|t:|1662692368
|detailschange|p1a: Gengar|Gengar-Mega, F
|-mega|p1a: Gengar|Gengar|Gengarite
|move|p1a: Gengar|Substitute|p1a: Gengar
|-start|p1a: Gengar|Substitute
|-damage|p1a: Gengar|76/100
|move|p2a: Tyranitar|Pursuit|p1a: Gengar
|-supereffective|p1a: Gengar
|-end|p1a: Gengar|Substitute
|
|-weather|Sandstorm|[upkeep]
|-damage|p1a: Gengar|69/100|[from] Sandstorm
|upkeep
|turn|2
|
|t:|1662692372
|move|p1a: Gengar|Focus Blast|p2a: Tyranitar
|-supereffective|p2a: Tyranitar
|-damage|p2a: Tyranitar|12/100
|move|p2a: Tyranitar|Pursuit|p1a: Gengar
|-supereffective|p1a: Gengar
|-damage|p1a: Gengar|10/100
|
|-weather|Sandstorm|[upkeep]
|-damage|p1a: Gengar|4/100|[from] Sandstorm
|-heal|p2a: Tyranitar|19/100|[from] item: Leftovers
|upkeep
|turn|3
|
|t:|1662692377
|move|p1a: Gengar|Focus Blast|p2a: Tyranitar
|-supereffective|p2a: Tyranitar
|-damage|p2a: Tyranitar|0 fnt
|faint|p2a: Tyranitar
|
|-weather|Sandstorm|[upkeep]
|-damage|p1a: Gengar|0 fnt|[from] Sandstorm
|faint|p1a: Gengar
|upkeep
|
|t:|1662692386
|switch|p1a: Tyranitar|Tyranitar, F|100/100
|switch|p2a: Latias|Latias, F|100/100
|turn|4
|
|t:|1662692391
|detailschange|p2a: Latias|Latias-Mega, F
|-mega|p2a: Latias|Latias|Latiasite
|move|p2a: Latias|Toxic|p1a: Tyranitar
|-status|p1a: Tyranitar|tox
|move|p1a: Tyranitar|Foul Play|p2a: Latias
|-supereffective|p2a: Latias
|-damage|p2a: Latias|57/100
|
|-weather|Sandstorm|[upkeep]
|-damage|p2a: Latias|51/100|[from] Sandstorm
|-damage|p1a: Tyranitar|94/100 tox|[from] psn
|upkeep
|turn|5
|
|t:|1662692395
|move|p2a: Latias|Recover|p2a: Latias
|-heal|p2a: Latias|100/100
|move|p1a: Tyranitar|Foul Play|p2a: Latias
|-supereffective|p2a: Latias
|-damage|p2a: Latias|61/100
|
|-weather|none
|-heal|p1a: Tyranitar|100/100 tox|[from] item: Leftovers
|-damage|p1a: Tyranitar|88/100 tox|[from] psn
|upkeep
|turn|6
|
|t:|1662692399
|move|p2a: Latias|Recover|p2a: Latias
|-heal|p2a: Latias|100/100
|move|p1a: Tyranitar|Pursuit|p2a: Latias
|-supereffective|p2a: Latias
|-damage|p2a: Latias|72/100
|
|-heal|p1a: Tyranitar|94/100 tox|[from] item: Leftovers
|-damage|p1a: Tyranitar|76/100 tox|[from] psn
|upkeep
|turn|7
|
|t:|1662692406
|move|p2a: Latias|Recover|p2a: Latias
|-heal|p2a: Latias|100/100
|move|p1a: Tyranitar|Foul Play|p2a: Latias
|-supereffective|p2a: Latias
|-damage|p2a: Latias|60/100
|
|-heal|p1a: Tyranitar|82/100 tox|[from] item: Leftovers
|-damage|p1a: Tyranitar|57/100 tox|[from] psn
|upkeep
|turn|8
|
|t:|1662692411
|move|p2a: Latias|Recover|p2a: Latias
|-heal|p2a: Latias|100/100
|move|p1a: Tyranitar|Rest|p1a: Tyranitar
|-status|p1a: Tyranitar|slp|[from] move: Rest
|-heal|p1a: Tyranitar|100/100 slp|[silent]
|
|upkeep
|turn|9
|
|t:|1662692414
|switch|p2a: Zacian|Zacian-Crowned|100/100
|-ability|p2a: Zacian|Intrepid Sword|boost
|-boost|p2a: Zacian|atk|1
|cant|p1a: Tyranitar|slp
|
|upkeep
|turn|10
|
|t:|1662692419
|switch|p2a: Gothitelle|Gothitelle, M|100/100
|switch|p1a: Necrozma|Necrozma-Dusk-Mane|100/100
|
|upkeep
|turn|11
|
|t:|1662692424
|move|p2a: Gothitelle|Charm|p1a: Necrozma
|-unboost|p1a: Necrozma|atk|2
|move|p1a: Necrozma|Knock Off|p2a: Gothitelle
|-supereffective|p2a: Gothitelle
|-damage|p2a: Gothitelle|75/100
|-enditem|p2a: Gothitelle|Leftovers|[from] move: Knock Off|[of] p1a: Necrozma
|
|upkeep
|turn|12
|
|t:|1662692438
|move|p2a: Gothitelle|Taunt|p1a: Necrozma
|-start|p1a: Necrozma|move: Taunt
|move|p1a: Necrozma|Sunsteel Strike|p2a: Gothitelle
|-damage|p2a: Gothitelle|53/100
|
|upkeep
|turn|13
|
|t:|1662692444
|move|p2a: Gothitelle|Charm|p1a: Necrozma
|-unboost|p1a: Necrozma|atk|2
|move|p1a: Necrozma|Knock Off|p2a: Gothitelle
|-supereffective|p2a: Gothitelle
|-damage|p2a: Gothitelle|41/100
|
|upkeep
|turn|14
|
|t:|1662692447
|move|p2a: Gothitelle|Rest|p2a: Gothitelle
|-status|p2a: Gothitelle|slp|[from] move: Rest
|-heal|p2a: Gothitelle|100/100 slp|[silent]
|move|p1a: Necrozma|Knock Off|p2a: Gothitelle
|-supereffective|p2a: Gothitelle
|-damage|p2a: Gothitelle|89/100 slp
|
|-end|p1a: Necrozma|move: Taunt
|upkeep
|turn|15
|
|t:|1662692450
|cant|p2a: Gothitelle|slp
|move|p1a: Necrozma|Stealth Rock|p2a: Gothitelle
|-sidestart|p2: lemoncell0|move: Stealth Rock
|
|upkeep
|turn|16
|
|t:|1662692454
|cant|p2a: Gothitelle|slp
|move|p1a: Necrozma|Knock Off|p2a: Gothitelle
|-supereffective|p2a: Gothitelle
|-damage|p2a: Gothitelle|78/100 slp
|
|upkeep
|turn|17
|
|t:|1662692456
|-curestatus|p2a: Gothitelle|slp|[msg]
|move|p2a: Gothitelle|Charm|p1a: Necrozma
|-unboost|p1a: Necrozma|atk|2
|move|p1a: Necrozma|Knock Off|p2a: Gothitelle
|-supereffective|p2a: Gothitelle
|-damage|p2a: Gothitelle|68/100
|
|upkeep
|turn|18
|
|t:|1662692460
|move|p2a: Gothitelle|Cosmic Power|p2a: Gothitelle
|-boost|p2a: Gothitelle|def|1
|-boost|p2a: Gothitelle|spd|1
|move|p1a: Necrozma|Knock Off|p2a: Gothitelle
|-supereffective|p2a: Gothitelle
|-damage|p2a: Gothitelle|62/100
|
|upkeep
|turn|19
|
|t:|1662692463
|move|p2a: Gothitelle|Rest|p2a: Gothitelle
|-status|p2a: Gothitelle|slp|[from] move: Rest
|-heal|p2a: Gothitelle|100/100 slp|[silent]
|move|p1a: Necrozma|Knock Off|p2a: Gothitelle
|-supereffective|p2a: Gothitelle
|-damage|p2a: Gothitelle|94/100 slp
|
|upkeep
|turn|20
|
|t:|1662692466
|cant|p2a: Gothitelle|slp
|move|p1a: Necrozma|Knock Off|p2a: Gothitelle
|-supereffective|p2a: Gothitelle
|-damage|p2a: Gothitelle|88/100 slp
|
|upkeep
|turn|21
|
|t:|1662692478
|cant|p2a: Gothitelle|slp
|move|p1a: Necrozma|Knock Off|p2a: Gothitelle
|-supereffective|p2a: Gothitelle
|-damage|p2a: Gothitelle|82/100 slp
|
|upkeep
|turn|22
|
|t:|1662692483
|-curestatus|p2a: Gothitelle|slp|[msg]
|move|p2a: Gothitelle|Taunt|p1a: Necrozma
|-start|p1a: Necrozma|move: Taunt
|move|p1a: Necrozma|Knock Off|p2a: Gothitelle
|-supereffective|p2a: Gothitelle
|-damage|p2a: Gothitelle|75/100
|
|upkeep
|turn|23
|
|t:|1662692497
|move|p2a: Gothitelle|Cosmic Power|p2a: Gothitelle
|-boost|p2a: Gothitelle|def|1
|-boost|p2a: Gothitelle|spd|1
|move|p1a: Necrozma|Knock Off|p2a: Gothitelle
|-supereffective|p2a: Gothitelle
|-damage|p2a: Gothitelle|70/100
|
|upkeep
|turn|24
|
|t:|1662692500
|move|p2a: Gothitelle|Rest|p2a: Gothitelle
|-status|p2a: Gothitelle|slp|[from] move: Rest
|-heal|p2a: Gothitelle|100/100 slp|[silent]
|move|p1a: Necrozma|Knock Off|p2a: Gothitelle
|-supereffective|p2a: Gothitelle
|-damage|p2a: Gothitelle|95/100 slp
|
|-end|p1a: Necrozma|move: Taunt
|upkeep
|turn|25
|inactive|Battle timer is ON: inactive players will automatically lose when time's up. (requested by Bobsican)
|inactive|lemoncell0 has 120 seconds left.
|
|t:|1662692540
|cant|p2a: Gothitelle|slp
|move|p1a: Necrozma|Knock Off|p2a: Gothitelle
|-supereffective|p2a: Gothitelle
|-damage|p2a: Gothitelle|90/100 slp
|
|upkeep
|turn|26
|
|t:|1662692546
|cant|p2a: Gothitelle|slp
|move|p1a: Necrozma|Knock Off|p2a: Gothitelle
|-supereffective|p2a: Gothitelle
|-damage|p2a: Gothitelle|85/100 slp
|
|upkeep
|turn|27
|
|t:|1662692553
|-curestatus|p2a: Gothitelle|slp|[msg]
|move|p2a: Gothitelle|Taunt|p1a: Necrozma
|-start|p1a: Necrozma|move: Taunt
|move|p1a: Necrozma|Knock Off|p2a: Gothitelle
|-supereffective|p2a: Gothitelle
|-damage|p2a: Gothitelle|80/100
|
|upkeep
|turn|28
|
|t:|1662692558
|move|p2a: Gothitelle|Cosmic Power|p2a: Gothitelle
|-boost|p2a: Gothitelle|def|1
|-boost|p2a: Gothitelle|spd|1
|move|p1a: Necrozma|Knock Off|p2a: Gothitelle
|-supereffective|p2a: Gothitelle
|-damage|p2a: Gothitelle|75/100
|
|upkeep
|turn|29
|
|t:|1662692563
|move|p2a: Gothitelle|Cosmic Power|p2a: Gothitelle
|-boost|p2a: Gothitelle|def|1
|-boost|p2a: Gothitelle|spd|1
|move|p1a: Necrozma|Knock Off|p2a: Gothitelle
|-supereffective|p2a: Gothitelle
|-damage|p2a: Gothitelle|72/100
|
|-end|p1a: Necrozma|move: Taunt
|upkeep
|turn|30
|
|t:|1662692567
|move|p2a: Gothitelle|Taunt|p1a: Necrozma
|-start|p1a: Necrozma|move: Taunt
|move|p1a: Necrozma|Knock Off|p2a: Gothitelle
|-supereffective|p2a: Gothitelle
|-damage|p2a: Gothitelle|69/100
|
|upkeep
|turn|31
|
|t:|1662692571
|move|p2a: Gothitelle|Rest|p2a: Gothitelle
|-status|p2a: Gothitelle|slp|[from] move: Rest
|-heal|p2a: Gothitelle|100/100 slp|[silent]
|move|p1a: Necrozma|Knock Off|p2a: Gothitelle
|-supereffective|p2a: Gothitelle
|-damage|p2a: Gothitelle|97/100 slp
|
|upkeep
|turn|32
|
|t:|1662692575
|cant|p2a: Gothitelle|slp
|move|p1a: Necrozma|Knock Off|p2a: Gothitelle
|-supereffective|p2a: Gothitelle
|-damage|p2a: Gothitelle|94/100 slp
|
|-end|p1a: Necrozma|move: Taunt
|upkeep
|turn|33
|
|t:|1662692579
|cant|p2a: Gothitelle|slp
|move|p1a: Necrozma|Knock Off|p2a: Gothitelle
|-supereffective|p2a: Gothitelle
|-damage|p2a: Gothitelle|90/100 slp
|
|upkeep
|turn|34
|
|t:|1662692583
|-curestatus|p2a: Gothitelle|slp|[msg]
|move|p2a: Gothitelle|Cosmic Power|p2a: Gothitelle
|-boost|p2a: Gothitelle|def|1
|-boost|p2a: Gothitelle|spd|1
|move|p1a: Necrozma|Knock Off|p2a: Gothitelle
|-supereffective|p2a: Gothitelle
|-damage|p2a: Gothitelle|87/100
|
|upkeep
|turn|35
|
|t:|1662692588
|move|p2a: Gothitelle|Taunt|p1a: Necrozma
|-start|p1a: Necrozma|move: Taunt
|move|p1a: Necrozma|Knock Off|p2a: Gothitelle
|-supereffective|p2a: Gothitelle
|-damage|p2a: Gothitelle|84/100
|
|upkeep
|turn|36
|
|t:|1662692592
|move|p2a: Gothitelle|Cosmic Power|p2a: Gothitelle
|-boost|p2a: Gothitelle|def|1
|-boost|p2a: Gothitelle|spd|1
|move|p1a: Necrozma|Knock Off|p2a: Gothitelle
|-supereffective|p2a: Gothitelle
|-damage|p2a: Gothitelle|81/100
|
|upkeep
|turn|37
|
|t:|1662692594
|move|p2a: Gothitelle|Rest|p2a: Gothitelle
|-status|p2a: Gothitelle|slp|[from] move: Rest
|-heal|p2a: Gothitelle|100/100 slp|[silent]
|move|p1a: Necrozma|Knock Off|p2a: Gothitelle
|-supereffective|p2a: Gothitelle
|-damage|p2a: Gothitelle|98/100 slp
|
|-end|p1a: Necrozma|move: Taunt
|upkeep
|turn|38
|
|t:|1662692597
|cant|p2a: Gothitelle|slp
|move|p1a: Necrozma|Stealth Rock||[still]
|-fail|p1a: Necrozma
|
|upkeep
|turn|39
|
|t:|1662692600
|cant|p2a: Gothitelle|slp
|move|p1a: Necrozma|Stealth Rock||[still]
|-fail|p1a: Necrozma
|
|upkeep
|turn|40
|
|t:|1662692602
|-curestatus|p2a: Gothitelle|slp|[msg]
|move|p2a: Gothitelle|Taunt|p1a: Necrozma
|-start|p1a: Necrozma|move: Taunt
|cant|p1a: Necrozma|move: Taunt|Stealth Rock
|
|upkeep
|turn|41
|
|t:|1662692607
|move|p2a: Gothitelle|Cosmic Power|p2a: Gothitelle
|-boost|p2a: Gothitelle|def|0
|-boost|p2a: Gothitelle|spd|0
|move|p1a: Necrozma|Knock Off|p2a: Gothitelle
|-supereffective|p2a: Gothitelle
|-damage|p2a: Gothitelle|95/100
|
|upkeep
|turn|42
|
|t:|1662692610
|move|p2a: Gothitelle|Charm|p1a: Necrozma
|-unboost|p1a: Necrozma|atk|0
|move|p1a: Necrozma|Knock Off|p2a: Gothitelle
|-supereffective|p2a: Gothitelle
|-damage|p2a: Gothitelle|91/100
|
|-end|p1a: Necrozma|move: Taunt
|upkeep
|turn|43
|
|t:|1662692613
|move|p2a: Gothitelle|Taunt|p1a: Necrozma
|-start|p1a: Necrozma|move: Taunt
|cant|p1a: Necrozma|move: Taunt|Stealth Rock
|
|upkeep
|turn|44
|
|t:|1662692616
|move|p2a: Gothitelle|Cosmic Power|p2a: Gothitelle
|-boost|p2a: Gothitelle|def|0
|-boost|p2a: Gothitelle|spd|0
|move|p1a: Necrozma|Knock Off|p2a: Gothitelle
|-supereffective|p2a: Gothitelle
|-damage|p2a: Gothitelle|88/100
|
|upkeep
|turn|45
|
|t:|1662692619
|move|p2a: Gothitelle|Charm|p1a: Necrozma
|-unboost|p1a: Necrozma|atk|0
|move|p1a: Necrozma|Knock Off|p2a: Gothitelle
|-supereffective|p2a: Gothitelle
|-damage|p2a: Gothitelle|85/100
|
|-end|p1a: Necrozma|move: Taunt
|upkeep
|turn|46
|
|t:|1662692622
|move|p2a: Gothitelle|Taunt|p1a: Necrozma
|-start|p1a: Necrozma|move: Taunt
|cant|p1a: Necrozma|move: Taunt|Stealth Rock
|
|upkeep
|turn|47
|
|t:|1662692625
|move|p2a: Gothitelle|Cosmic Power|p2a: Gothitelle
|-boost|p2a: Gothitelle|def|0
|-boost|p2a: Gothitelle|spd|0
|move|p1a: Necrozma|Knock Off|p2a: Gothitelle
|-supereffective|p2a: Gothitelle
|-damage|p2a: Gothitelle|82/100
|
|upkeep
|turn|48
|
|t:|1662692627
|move|p2a: Gothitelle|Charm|p1a: Necrozma
|-unboost|p1a: Necrozma|atk|0
|move|p1a: Necrozma|Knock Off|p2a: Gothitelle
|-supereffective|p2a: Gothitelle
|-damage|p2a: Gothitelle|80/100
|
|-end|p1a: Necrozma|move: Taunt
|upkeep
|turn|49
|
|t:|1662692630
|move|p2a: Gothitelle|Taunt|p1a: Necrozma
|-start|p1a: Necrozma|move: Taunt
|cant|p1a: Necrozma|move: Taunt|Stealth Rock
|
|upkeep
|turn|50
|
|t:|1662692632
|move|p2a: Gothitelle|Cosmic Power|p2a: Gothitelle
|-boost|p2a: Gothitelle|def|0
|-boost|p2a: Gothitelle|spd|0
|move|p1a: Necrozma|Knock Off|p2a: Gothitelle
|-supereffective|p2a: Gothitelle
|-damage|p2a: Gothitelle|77/100
|
|upkeep
|turn|51
|
|t:|1662692637
|move|p2a: Gothitelle|Charm|p1a: Necrozma
|-unboost|p1a: Necrozma|atk|0
|move|p1a: Necrozma|Sunsteel Strike|p2a: Gothitelle
|-damage|p2a: Gothitelle|74/100
|
|-end|p1a: Necrozma|move: Taunt
|upkeep
|turn|52
|
|t:|1662692651
|move|p2a: Gothitelle|Taunt|p1a: Necrozma
|-start|p1a: Necrozma|move: Taunt
|cant|p1a: Necrozma|move: Taunt|Stealth Rock
|
|upkeep
|turn|53
|
|t:|1662692658
|move|p2a: Gothitelle|Charm|p1a: Necrozma
|-unboost|p1a: Necrozma|atk|0
|move|p1a: Necrozma|Sunsteel Strike|p2a: Gothitelle
|-damage|p2a: Gothitelle|70/100
|
|upkeep
|turn|54
|
|t:|1662692665
|move|p2a: Gothitelle|Cosmic Power|p2a: Gothitelle
|-boost|p2a: Gothitelle|def|0
|-boost|p2a: Gothitelle|spd|0
|move|p1a: Necrozma|Sunsteel Strike|p2a: Gothitelle
|-damage|p2a: Gothitelle|68/100
|
|-end|p1a: Necrozma|move: Taunt
|upkeep
|turn|55
|
|t:|1662692674
|move|p2a: Gothitelle|Taunt|p1a: Necrozma
|-start|p1a: Necrozma|move: Taunt
|cant|p1a: Necrozma|move: Taunt|Stealth Rock
|
|upkeep
|turn|56
|
|t:|1662692676
|move|p2a: Gothitelle|Rest|p2a: Gothitelle
|-status|p2a: Gothitelle|slp|[from] move: Rest
|-heal|p2a: Gothitelle|100/100 slp|[silent]
|move|p1a: Necrozma|Sunsteel Strike|p2a: Gothitelle
|-damage|p2a: Gothitelle|98/100 slp
|
|upkeep
|turn|57
|
|t:|1662692681
|cant|p2a: Gothitelle|slp
|move|p1a: Necrozma|Sunsteel Strike|p2a: Gothitelle
|-damage|p2a: Gothitelle|95/100 slp
|
|-end|p1a: Necrozma|move: Taunt
|upkeep
|turn|58
|inactive|lemoncell0 has 120 seconds left.
|
|t:|1662692722
|cant|p2a: Gothitelle|slp
|move|p1a: Necrozma|Stealth Rock||[still]
|-fail|p1a: Necrozma
|
|upkeep
|turn|59
|
|t:|1662692725
|-curestatus|p2a: Gothitelle|slp|[msg]
|move|p2a: Gothitelle|Taunt|p1a: Necrozma
|-start|p1a: Necrozma|move: Taunt
|cant|p1a: Necrozma|move: Taunt|Stealth Rock
|
|upkeep
|turn|60
|
|t:|1662692734
|move|p2a: Gothitelle|Cosmic Power|p2a: Gothitelle
|-boost|p2a: Gothitelle|def|0
|-boost|p2a: Gothitelle|spd|0
|move|p1a: Necrozma|Sunsteel Strike|p2a: Gothitelle
|-crit|p2a: Gothitelle
|-damage|p2a: Gothitelle|37/100
|
|upkeep
|turn|61
|
|t:|1662692739
|move|p2a: Gothitelle|Charm|p1a: Necrozma
|-unboost|p1a: Necrozma|atk|0
|move|p1a: Necrozma|Sunsteel Strike|p2a: Gothitelle
|-damage|p2a: Gothitelle|35/100
|
|-end|p1a: Necrozma|move: Taunt
|upkeep
|turn|62
|inactive|lemoncell0 has 120 seconds left.
|
|t:|1662692792
|move|p2a: Gothitelle|Taunt|p1a: Necrozma
|-start|p1a: Necrozma|move: Taunt
|cant|p1a: Necrozma|move: Taunt|Stealth Rock
|
|upkeep
|turn|63
|
|t:|1662692797
|move|p2a: Gothitelle|Rest|p2a: Gothitelle
|-status|p2a: Gothitelle|slp|[from] move: Rest
|-heal|p2a: Gothitelle|100/100 slp|[silent]
|-activate|p1a: Necrozma|move: Struggle
|move|p1a: Necrozma|Struggle|p2a: Gothitelle
|-damage|p2a: Gothitelle|99/100 slp
|-damage|p1a: Necrozma|75/100|[from] recoil
|
|upkeep
|turn|64
|
|t:|1662692804
|cant|p2a: Gothitelle|slp
|-activate|p1a: Necrozma|move: Struggle
|move|p1a: Necrozma|Struggle|p2a: Gothitelle
|-damage|p2a: Gothitelle|98/100 slp
|-damage|p1a: Necrozma|50/100|[from] recoil
|
|-end|p1a: Necrozma|move: Taunt
|upkeep
|turn|65
|
|t:|1662692808
|cant|p2a: Gothitelle|slp
|move|p1a: Necrozma|Stealth Rock||[still]
|-fail|p1a: Necrozma
|
|upkeep
|turn|66
|inactive|lemoncell0 has 120 seconds left.
|
|t:|1662692847
|-curestatus|p2a: Gothitelle|slp|[msg]
|move|p2a: Gothitelle|Taunt|p1a: Necrozma
|-start|p1a: Necrozma|move: Taunt
|cant|p1a: Necrozma|move: Taunt|Morning Sun
|
|upkeep
|turn|67
|
|t:|1662692852
|move|p2a: Gothitelle|Cosmic Power|p2a: Gothitelle
|-boost|p2a: Gothitelle|def|0
|-boost|p2a: Gothitelle|spd|0
|-activate|p1a: Necrozma|move: Struggle
|move|p1a: Necrozma|Struggle|p2a: Gothitelle
|-damage|p2a: Gothitelle|97/100
|-damage|p1a: Necrozma|25/100|[from] recoil
|
|upkeep
|turn|68
|
|t:|1662692872
|move|p2a: Gothitelle|Taunt||[still]
|-fail|p2a: Gothitelle
|-activate|p1a: Necrozma|move: Struggle
|move|p1a: Necrozma|Struggle|p2a: Gothitelle
|-damage|p2a: Gothitelle|96/100
|-damage|p1a: Necrozma|0 fnt|[from] recoil
|faint|p1a: Necrozma
|
|upkeep
|
|t:|1662692878
|switch|p1a: Ditto|Ditto|100/100
|-transform|p1a: Ditto|p2a: Gothitelle|[from] ability: Imposter
|turn|69
|inactive|lemoncell0 has 90 seconds left.
|inactive|lemoncell0 has 60 seconds left.
|
|t:|1662692936
|switch|p2a: Zacian|Zacian-Crowned|100/100
|-damage|p2a: Zacian|94/100|[from] Stealth Rock
|-ability|p2a: Zacian|Intrepid Sword|boost
|-boost|p2a: Zacian|atk|1
|move|p1a: Ditto|Taunt|p2a: Zacian
|-start|p2a: Zacian|move: Taunt
|
|upkeep
|turn|70
|
|t:|1662692952
|switch|p1a: Ho-Oh|Ho-Oh|100/100
|move|p2a: Zacian|Behemoth Blade|p1a: Ho-Oh
|-resisted|p1a: Ho-Oh
|-damage|p1a: Ho-Oh|64/100
|
|upkeep
|turn|71
|inactive|lemoncell0 has 60 seconds left.
|inactive|lemoncell0 has 30 seconds left.
|
|t:|1662693003
|switch|p2a: Gothitelle|Gothitelle, M|96/100
|-damage|p2a: Gothitelle|83/100|[from] Stealth Rock
|move|p1a: Ho-Oh|Sacred Fire|p2a: Gothitelle
|-damage|p2a: Gothitelle|51/100
|-status|p2a: Gothitelle|brn
|
|-damage|p2a: Gothitelle|45/100 brn|[from] brn
|upkeep
|turn|72
|
|t:|1662693007
|move|p2a: Gothitelle|Charm|p1a: Ho-Oh
|-unboost|p1a: Ho-Oh|atk|2
|move|p1a: Ho-Oh|Whirlwind|p2a: Gothitelle
|drag|p2a: Quagsire|Quagsire, F|100/100
|-damage|p2a: Quagsire|94/100|[from] Stealth Rock
|
|upkeep
|turn|73
|
|t:|1662693011
|switch|p2a: Latias|Latias-Mega, F|100/100
|-damage|p2a: Latias|88/100|[from] Stealth Rock
|move|p1a: Ho-Oh|Toxic|p2a: Latias
|-status|p2a: Latias|tox
|
|-damage|p2a: Latias|82/100 tox|[from] psn
|upkeep
|turn|74
|
|t:|1662693018
|switch|p1a: Tyranitar|Tyranitar, F|100/100 slp
|-weather|Sandstorm|[from] ability: Sand Stream|[of] p1a: Tyranitar
|move|p2a: Latias|Toxic||[still]
|-fail|p2a: Latias
|
|-weather|Sandstorm|[upkeep]
|-damage|p2a: Latias|76/100 tox|[from] Sandstorm
|-damage|p2a: Latias|64/100 tox|[from] psn
|upkeep
|turn|75
|
|t:|1662693025
|-activate|p2a: Latias|move: Pursuit
|cant|p1a: Tyranitar|slp
|switch|p2a: Zacian|Zacian-Crowned|94/100
|-damage|p2a: Zacian|88/100|[from] Stealth Rock
|-ability|p2a: Zacian|Intrepid Sword|boost
|-boost|p2a: Zacian|atk|1
|
|-weather|Sandstorm|[upkeep]
|upkeep
|turn|76
|
|t:|1662693032
|switch|p1a: Ho-Oh|Ho-Oh|97/100
|move|p2a: Zacian|Behemoth Blade|p1a: Ho-Oh
|-resisted|p1a: Ho-Oh
|-damage|p1a: Ho-Oh|63/100
|
|-weather|Sandstorm|[upkeep]
|-damage|p1a: Ho-Oh|57/100|[from] Sandstorm
|upkeep
|turn|77
|
|t:|1662693037
|move|p2a: Zacian|Wild Charge|p1a: Ho-Oh
|-supereffective|p1a: Ho-Oh
|-damage|p1a: Ho-Oh|0 fnt
|faint|p1a: Ho-Oh
|-damage|p2a: Zacian|70/100|[from] Recoil
|
|-weather|Sandstorm|[upkeep]
|upkeep
|
|t:|1662693043
|switch|p1a: Ditto|Ditto|100/100
|-transform|p1a: Ditto|p2a: Zacian|[from] ability: Imposter
|-ability|p1a: Ditto|Intrepid Sword|boost
|-boost|p1a: Ditto|atk|1
|turn|78
|inactive|lemoncell0 has 90 seconds left.
|
|t:|1662693048
|switch|p2a: Gothitelle|Gothitelle, M|45/100 brn
|-damage|p2a: Gothitelle|33/100 brn|[from] Stealth Rock
|move|p1a: Ditto|Close Combat|p2a: Gothitelle
|-resisted|p2a: Gothitelle
|-damage|p2a: Gothitelle|0 fnt
|-unboost|p1a: Ditto|def|1
|-unboost|p1a: Ditto|spd|1
|faint|p2a: Gothitelle
|
|-weather|none
|upkeep
|
|t:|1662693050
|switch|p2a: Quagsire|Quagsire, F|94/100
|-damage|p2a: Quagsire|88/100|[from] Stealth Rock
|turn|79
|
|t:|1662693056
|switch|p1a: Tyranitar|Tyranitar, F|100/100 slp
|-weather|Sandstorm|[from] ability: Sand Stream|[of] p1a: Tyranitar
|move|p2a: Quagsire|Earthquake|p1a: Tyranitar
|-supereffective|p1a: Tyranitar
|-damage|p1a: Tyranitar|60/100 slp
|
|-weather|Sandstorm|[upkeep]
|-heal|p1a: Tyranitar|67/100 slp|[from] item: Leftovers
|upkeep
|turn|80
|
|t:|1662693071
|switch|p1a: Arceus|Arceus-Ground|100/100
|move|p2a: Quagsire|Recover|p2a: Quagsire
|-heal|p2a: Quagsire|100/100
|
|-weather|Sandstorm|[upkeep]
|upkeep
|turn|81
|
|t:|1662693075
|switch|p2a: Latias|Latias-Mega, F|64/100 tox
|-damage|p2a: Latias|52/100 tox|[from] Stealth Rock
|move|p1a: Arceus|Judgment|p2a: Latias
|-immune|p2a: Latias|[from] ability: Levitate
|
|-weather|Sandstorm|[upkeep]
|-damage|p2a: Latias|46/100 tox|[from] Sandstorm
|-damage|p2a: Latias|40/100 tox|[from] psn
|upkeep
|turn|82
|
|t:|1662693080
|move|p1a: Arceus|Ice Beam|p2a: Latias
|-supereffective|p2a: Latias
|-damage|p2a: Latias|14/100 tox
|move|p2a: Latias|Recover|p2a: Latias
|-heal|p2a: Latias|64/100 tox
|
|-weather|Sandstorm|[upkeep]
|-damage|p2a: Latias|58/100 tox|[from] Sandstorm
|-damage|p2a: Latias|46/100 tox|[from] psn
|upkeep
|turn|83
|
|t:|1662693085
|move|p1a: Arceus|Ice Beam|p2a: Latias
|-supereffective|p2a: Latias
|-damage|p2a: Latias|23/100 tox
|move|p2a: Latias|Toxic|p1a: Arceus
|-status|p1a: Arceus|tox
|
|-weather|none
|-damage|p1a: Arceus|94/100 tox|[from] psn
|-damage|p2a: Latias|5/100 tox|[from] psn
|upkeep
|turn|84
|
|t:|1662693088
|move|p1a: Arceus|Refresh|p1a: Arceus
|-curestatus|p1a: Arceus|tox|[msg]
|move|p2a: Latias|Draco Meteor|p1a: Arceus
|-damage|p1a: Arceus|60/100
|-unboost|p2a: Latias|spa|2
|
|-damage|p2a: Latias|0 fnt|[from] psn
|faint|p2a: Latias
|upkeep
|
|t:|1662693093
|switch|p2a: Zacian|Zacian-Crowned|70/100
|-damage|p2a: Zacian|64/100|[from] Stealth Rock
|-ability|p2a: Zacian|Intrepid Sword|boost
|-boost|p2a: Zacian|atk|1
|turn|85
|
|t:|1662693099
|move|p2a: Zacian|Behemoth Blade|p1a: Arceus
|-damage|p1a: Arceus|10/100
|move|p1a: Arceus|Recover|p1a: Arceus
|-heal|p1a: Arceus|60/100
|
|upkeep
|turn|86
|
|t:|1662693103
|move|p2a: Zacian|Behemoth Blade|p1a: Arceus
|-damage|p1a: Arceus|5/100
|move|p1a: Arceus|Recover|p1a: Arceus
|-heal|p1a: Arceus|55/100
|
|upkeep
|turn|87
|
|t:|1662693107
|move|p2a: Zacian|Behemoth Blade|p1a: Arceus
|-damage|p1a: Arceus|3/100
|move|p1a: Arceus|Judgment|p2a: Zacian
|-supereffective|p2a: Zacian
|-damage|p2a: Zacian|0 fnt
|faint|p2a: Zacian
|
|upkeep
|
|t:|1662693110
|switch|p2a: Ditto|Ditto|100/100
|-damage|p2a: Ditto|88/100|[from] Stealth Rock
|-transform|p2a: Ditto|p1a: Arceus|[from] ability: Imposter
|turn|88
|
|t:|1662693122
|move|p2a: Ditto|Ice Beam|p1a: Arceus
|-supereffective|p1a: Arceus
|-damage|p1a: Arceus|0 fnt
|faint|p1a: Arceus
|
|upkeep
|
|t:|1662693130
|switch|p1a: Tyranitar|Tyranitar, F|67/100 slp
|-weather|Sandstorm|[from] ability: Sand Stream|[of] p1a: Tyranitar
|turn|89
|
|t:|1662693134
|switch|p2a: Quagsire|Quagsire, F|100/100
|-damage|p2a: Quagsire|94/100|[from] Stealth Rock
|-curestatus|p1a: Tyranitar|slp|[msg]
|move|p1a: Tyranitar|Foul Play|p2a: Quagsire
|-damage|p2a: Quagsire|77/100
|-damage|p1a: Tyranitar|50/100|[from] item: Rocky Helmet|[of] p2a: Quagsire
|
|-weather|Sandstorm|[upkeep]
|-heal|p1a: Tyranitar|56/100|[from] item: Leftovers
|upkeep
|turn|90
|
|t:|1662693140
|switch|p1a: Ditto|Ditto|100/100
|-transform|p1a: Ditto|p2a: Quagsire|[from] ability: Imposter
|move|p2a: Quagsire|Recover|p2a: Quagsire
|-heal|p2a: Quagsire|100/100
|
|-weather|Sandstorm|[upkeep]
|upkeep
|turn|91
|
|t:|1662693152
|move|p1a: Ditto|Earthquake|p2a: Quagsire
|-damage|p2a: Quagsire|82/100
|move|p2a: Quagsire|Earthquake|p1a: Ditto
|-damage|p1a: Ditto|73/100
|
|-weather|Sandstorm|[upkeep]
|upkeep
|turn|92
|
|t:|1662693158
|move|p1a: Ditto|Earthquake|p2a: Quagsire
|-damage|p2a: Quagsire|62/100
|move|p2a: Quagsire|Recover|p2a: Quagsire
|-heal|p2a: Quagsire|100/100
|
|-weather|Sandstorm|[upkeep]
|upkeep
|turn|93
|
|t:|1662693164
|move|p1a: Ditto|Earthquake|p2a: Quagsire
|-damage|p2a: Quagsire|83/100
|move|p2a: Quagsire|Counter|p1a: Ditto
|-damage|p1a: Ditto|27/100
|
|-weather|none
|upkeep
|turn|94
|
|t:|1662693168
|switch|p1a: Tyranitar|Tyranitar, F|56/100
|-weather|Sandstorm|[from] ability: Sand Stream|[of] p1a: Tyranitar
|move|p2a: Quagsire|Earthquake|p1a: Tyranitar
|-supereffective|p1a: Tyranitar
|-damage|p1a: Tyranitar|14/100
|
|-weather|Sandstorm|[upkeep]
|-heal|p1a: Tyranitar|20/100|[from] item: Leftovers
|upkeep
|turn|95
|
|t:|1662693171
|move|p1a: Tyranitar|Rest|p1a: Tyranitar
|-status|p1a: Tyranitar|slp|[from] move: Rest
|-heal|p1a: Tyranitar|100/100 slp|[silent]
|move|p2a: Quagsire|Earthquake|p1a: Tyranitar
|-supereffective|p1a: Tyranitar
|-damage|p1a: Tyranitar|57/100 slp
|
|-weather|Sandstorm|[upkeep]
|-heal|p1a: Tyranitar|64/100 slp|[from] item: Leftovers
|upkeep
|turn|96
|
|t:|1662693196
|-start|p1a: Tyranitar|Dynamax|
|-heal|p1a: Tyranitar|64/100 slp|[silent]
|cant|p1a: Tyranitar|slp
|move|p2a: Quagsire|Earthquake|p1a: Tyranitar
|-supereffective|p1a: Tyranitar
|-damage|p1a: Tyranitar|41/100 slp
|
|-weather|Sandstorm|[upkeep]
|-heal|p1a: Tyranitar|44/100 slp|[from] item: Leftovers
|upkeep
|turn|97
|
|t:|1662693203
|cant|p1a: Tyranitar|slp
|move|p2a: Quagsire|Earthquake|p1a: Tyranitar
|-supereffective|p1a: Tyranitar
|-damage|p1a: Tyranitar|23/100 slp
|
|-weather|Sandstorm|[upkeep]
|-heal|p1a: Tyranitar|26/100 slp|[from] item: Leftovers
|upkeep
|turn|98
|
|t:|1662693207
|-curestatus|p1a: Tyranitar|slp|[msg]
|move|p1a: Tyranitar|Max Guard|p1a: Tyranitar
|-singleturn|p1a: Tyranitar|Max Guard
|move|p2a: Quagsire|Recover|p2a: Quagsire
|-heal|p2a: Quagsire|100/100
|
|-weather|none
|-heal|p1a: Tyranitar|29/100|[from] item: Leftovers
|upkeep
|-end|p1a: Tyranitar|Dynamax
|-heal|p1a: Tyranitar|29/100|[silent]
|turn|99
|j| Nate2017
|inactive|Bobsican has 120 seconds left.
|
|t:|1662693247
|-start|p2a: Quagsire|Dynamax|
|-heal|p2a: Quagsire|100/100|[silent]
|move|p1a: Tyranitar|Rest|p1a: Tyranitar
|-status|p1a: Tyranitar|slp|[from] move: Rest
|-heal|p1a: Tyranitar|100/100 slp|[silent]
|move|p2a: Quagsire|Max Quake|p1a: Tyranitar
|-supereffective|p1a: Tyranitar
|-damage|p1a: Tyranitar|43/100 slp
|-boost|p2a: Quagsire|spd|1
|
|-heal|p1a: Tyranitar|49/100 slp|[from] item: Leftovers
|upkeep
|turn|100
|
|t:|1662693258
|cant|p1a: Tyranitar|slp
|move|p2a: Quagsire|Max Knuckle|p1a: Tyranitar
|-supereffective|p1a: Tyranitar
|-damage|p1a: Tyranitar|8/100 slp
|-boost|p2a: Quagsire|atk|1
|
|-heal|p1a: Tyranitar|14/100 slp|[from] item: Leftovers
|upkeep
|turn|101
|
|t:|1662693267
|cant|p1a: Tyranitar|slp
|move|p2a: Quagsire|Max Quake|p1a: Tyranitar
|-supereffective|p1a: Tyranitar
|-damage|p1a: Tyranitar|0 fnt
|-boost|p2a: Quagsire|spd|1
|faint|p1a: Tyranitar
|
|upkeep
|
|t:|1662693275
|switch|p1a: Ditto|Ditto|27/100
|-transform|p1a: Ditto|p2a: Quagsire|[from] ability: Imposter
|-end|p2a: Quagsire|Dynamax
|-heal|p2a: Quagsire|100/100|[silent]
|turn|102
|inactive|Bobsican has 90 seconds left.
|inactive|lemoncell0 has 120 seconds left.
|c|☆Bobsican|gg
|
|t:|1662693335
|move|p1a: Ditto|Recover|p1a: Ditto
|-heal|p1a: Ditto|77/100
|move|p2a: Quagsire|Earthquake|p1a: Ditto
|-damage|p1a: Ditto|51/100
|
|upkeep
|turn|103
|c|☆lemoncell0|gg
|
|t:|1662693339
|move|p1a: Ditto|Recover|p1a: Ditto
|-heal|p1a: Ditto|100/100
|move|p2a: Quagsire|Recover||[still]
|-fail|p2a: Quagsire|heal
|
|upkeep
|turn|104
|inactive|lemoncell0 has 90 seconds left.
|inactive|lemoncell0 has 60 seconds left.
|
|t:|1662693393
|move|p1a: Ditto|Recover||[still]
|-fail|p1a: Ditto|heal
|move|p2a: Quagsire|Recover||[still]
|-fail|p2a: Quagsire|heal
|
|upkeep
|turn|105
|
|t:|1662693397
|move|p1a: Ditto|Recover||[still]
|-fail|p1a: Ditto|heal
|move|p2a: Quagsire|Earthquake|p1a: Ditto
|-damage|p1a: Ditto|77/100
|
|upkeep
|turn|106
|inactive|lemoncell0 has 60 seconds left.
|
|t:|1662693428
|move|p1a: Ditto|Recover|p1a: Ditto
|-heal|p1a: Ditto|100/100
|move|p2a: Quagsire|Earthquake|p1a: Ditto
|-damage|p1a: Ditto|76/100
|
|upkeep
|turn|107
|
|t:|1662693433
|-activate|p1a: Ditto|move: Struggle
|move|p1a: Ditto|Struggle|p2a: Quagsire
|-crit|p2a: Quagsire
|-damage|p2a: Quagsire|91/100
|-damage|p1a: Ditto|60/100|[from] item: Rocky Helmet|[of] p2a: Quagsire
|-damage|p1a: Ditto|35/100|[from] recoil
|move|p2a: Quagsire|Earthquake|p1a: Ditto
|-damage|p1a: Ditto|8/100
|
|upkeep
|turn|108
|inactive|lemoncell0 has 30 seconds left.
|inactive|lemoncell0 has 20 seconds left.
|inactive|lemoncell0 has 15 seconds left.
|inactive|lemoncell0 has 10 seconds left.
|inactive|lemoncell0 has 5 seconds left.
|-message|lemoncell0 lost due to inactivity.
|
|win|Bobsican
|raw|Bobsican's rating: 1665 &rarr; <strong>1699</strong><br />(+34 for winning)
|raw|lemoncell0's rating: 1975 &rarr; <strong>1941</strong><br />(-34 for losing)
|c|☆Bobsican|huh?
