|j|☆ttv-error-yt
|j|☆ashfqwer5
|inactive|Battle timer is ON: inactive players will automatically lose when time's up.
|t:|1654426072
|gametype|singles
|player|p1|ttv-error-yt|leon|
|player|p2|ashfqwer5|irida|
|teamsize|p1|6
|teamsize|p2|6
|gen|8
|tier|[Gen 8] National Dex AG
|rated|Tournament battle
|rule|HP Percentage Mod: HP is shown in percentages
|rule|Endless Battle Clause: Forcing endless battles is banned
|clearpoke
|poke|p1|Tyranitar, F|
|poke|p1|Zygarde|
|poke|p1|Ho-Oh|
|poke|p1|Ferrothorn, M|
|poke|p1|Necrozma-Dusk-Mane|
|poke|p1|Lugia|
|poke|p2|Calyrex-Shadow|
|poke|p2|Arceus-*|
|poke|p2|Groudon|
|poke|p2|Necrozma-Dusk-Mane|
|poke|p2|Yveltal|
|poke|p2|Zacian-*|
|teampreview
|inactive|ttv-error-yt also wants the timer to be on.
|inactive|ashfqwer5 also wants the timer to be on.
|j| adhiraj8202
|c|☆ashfqwer5|Glhf
|j| ogrespout
|j| Bannanas43
|j| Pokefanplaya
|
|t:|1654426093
|start
|switch|p1a: Zygarde|Zygarde|100/100
|switch|p2a: Yveltal|Yveltal|100/100
|-ability|p2a: Yveltal|Dark Aura
|turn|1
|
|t:|1654426097
|move|p2a: Yveltal|U-turn|p1a: Zygarde
|-damage|p1a: Zygarde|91/100
|n| adhiraj8202@!|adhiraj8202
|
|t:|1654426110
|switch|p2a: Necrozma|Necrozma-Dusk-Mane|100/100|[from]move: U-turn
|move|p1a: Zygarde|Glare|p2a: Necrozma
|-status|p2a: Necrozma|par
|
|upkeep
|turn|2
|j| Apprenti Buck
|c| Apprenti Buck|Is this the final ?
|c| ogrespout|i think so
|inactive|ttv-error-yt has 120 seconds left.
|
|t:|1654426145
|move|p1a: Zygarde|Thousand Arrows|p2a: Necrozma
|-supereffective|p2a: Necrozma
|-damage|p2a: Necrozma|74/100 par
|cant|p2a: Necrozma|par
|
|upkeep
|turn|3
|inactive|ttv-error-yt has 120 seconds left.
|c| adhiraj8202|it is Apprenti Buck
|inactive|ashfqwer5 has 120 seconds left.
|inactive|ashfqwer5 has 90 seconds left.
|inactive|ashfqwer5 has 60 seconds left.
|inactive|ashfqwer5 has 30 seconds left.
|inactive|ashfqwer5 has 20 seconds left.
|
|t:|1654426279
|move|p1a: Zygarde|Thousand Arrows|p2a: Necrozma
|-supereffective|p2a: Necrozma
|-damage|p2a: Necrozma|50/100 par
|move|p2a: Necrozma|Toxic|p1a: Zygarde
|-status|p1a: Zygarde|tox
|
|-damage|p1a: Zygarde|85/100 tox|[from] psn
|upkeep
|turn|4
|inactive|ashfqwer5 has 30 seconds left this turn.
|
|t:|1654426284
|move|p1a: Zygarde|Thousand Arrows|p2a: Necrozma
|-supereffective|p2a: Necrozma
|-damage|p2a: Necrozma|25/100 par
|move|p2a: Necrozma|Moonlight|p2a: Necrozma
|-heal|p2a: Necrozma|75/100 par
|
|-damage|p1a: Zygarde|72/100 tox|[from] psn
|upkeep
|turn|5
|
|t:|1654426291
|move|p1a: Zygarde|Thousand Arrows|p2a: Necrozma
|-supereffective|p2a: Necrozma
|-damage|p2a: Necrozma|49/100 par
|move|p2a: Necrozma|Stealth Rock|p1a: Zygarde
|-sidestart|p1: ttv-error-yt|move: Stealth Rock
|
|-damage|p1a: Zygarde|54/100 tox|[from] psn
|upkeep
|turn|6
|
|t:|1654426295
|move|p1a: Zygarde|Thousand Arrows|p2a: Necrozma
|-supereffective|p2a: Necrozma
|-damage|p2a: Necrozma|24/100 par
|move|p2a: Necrozma|Moonlight|p2a: Necrozma
|-heal|p2a: Necrozma|74/100 par
|
|-damage|p1a: Zygarde|29/100 tox|[from] psn
|-activate|p1a: Zygarde|ability: Power Construct
|detailschange|p1a: Zygarde|Zygarde-Complete
|-heal|p1a: Zygarde|53/100 tox|[silent]
|upkeep
|turn|7
|l| Bannanas43
|
|t:|1654426299
|move|p1a: Zygarde|Rest|p1a: Zygarde
|-status|p1a: Zygarde|slp|[from] move: Rest
|-heal|p1a: Zygarde|100/100 slp|[silent]
|move|p2a: Necrozma|Moonlight|p2a: Necrozma
|-heal|p2a: Necrozma|100/100 par
|
|upkeep
|turn|8
|
|t:|1654426308
|switch|p1a: Ho-Oh|Ho-Oh|100/100
|switch|p2a: Calyrex|Calyrex-Shadow|100/100
|-ability|p2a: Calyrex|As One
|-ability|p2a: Calyrex|Unnerve
|
|upkeep
|turn|9
|
|t:|1654426312
|move|p2a: Calyrex|Nasty Plot|p2a: Calyrex
|-boost|p2a: Calyrex|spa|2
|move|p1a: Ho-Oh|Defog|p2a: Calyrex
|-unboost|p2a: Calyrex|evasion|1
|-sideend|p1: ttv-error-yt|Stealth Rock|[from] move: Defog|[of] p1a: Ho-Oh
|
|upkeep
|turn|10
|
|t:|1654426317
|move|p2a: Calyrex|Astral Barrage|p1a: Ho-Oh
|-damage|p1a: Ho-Oh|10/100
|-damage|p2a: Calyrex|91/100|[from] item: Life Orb
|move|p1a: Ho-Oh|Whirlwind|p2a: Calyrex
|drag|p2a: Zacian|Zacian-Crowned|100/100
|-ability|p2a: Zacian|Intrepid Sword|boost
|-boost|p2a: Zacian|atk|1
|
|upkeep
|turn|11
|
|t:|1654426323
|switch|p2a: Calyrex|Calyrex-Shadow|91/100
|-ability|p2a: Calyrex|As One
|-ability|p2a: Calyrex|Unnerve
|switch|p1a: Necrozma|Necrozma-Dusk-Mane|100/100
|
|upkeep
|turn|12
|inactive|ashfqwer5 has 90 seconds left.
|j| seidou45
|
|t:|1654426333
|switch|p1a: Tyranitar|Tyranitar, F|100/100
|-weather|Sandstorm|[from] ability: Sand Stream|[of] p1a: Tyranitar
|move|p2a: Calyrex|Nasty Plot|p2a: Calyrex
|-boost|p2a: Calyrex|spa|2
|
|-weather|Sandstorm|[upkeep]
|-damage|p2a: Calyrex|84/100|[from] Sandstorm
|upkeep
|turn|13
|inactive|ashfqwer5 has 90 seconds left.
|inactive|ttv-error-yt has 120 seconds left.
|
|t:|1654426381
|-activate|p2a: Calyrex|move: Pursuit
|detailschange|p1a: Tyranitar|Tyranitar-Mega, F
|-mega|p1a: Tyranitar|Tyranitar|Tyranitarite
|move|p1a: Tyranitar|Pursuit|p2a: Calyrex|[from]Pursuit
|-supereffective|p2a: Calyrex
|-damage|p2a: Calyrex|0 fnt
|faint|p2a: Calyrex
|-hint|A Pokemon can't switch between when it runs out of HP and when it faints
|
|-weather|Sandstorm|[upkeep]
|upkeep
|
|t:|1654426387
|switch|p2a: Zacian|Zacian-Crowned|100/100
|-ability|p2a: Zacian|Intrepid Sword|boost
|-boost|p2a: Zacian|atk|1
|turn|14
|c| Pokefanplaya|noice
|
|t:|1654426396
|switch|p2a: Groudon|Groudon|100/100
|detailschange|p2a: Groudon|Groudon-Primal
|-primal|p2a: Groudon
|-weather|DesolateLand|[from] ability: Desolate Land|[of] p2a: Groudon
|switch|p1a: Necrozma|Necrozma-Dusk-Mane|100/100
|
|-weather|DesolateLand|[upkeep]
|upkeep
|turn|15
|
|t:|1654426401
|switch|p1a: Lugia|Lugia|100/100
|move|p2a: Groudon|Swords Dance|p2a: Groudon
|-boost|p2a: Groudon|atk|2
|
|-weather|DesolateLand|[upkeep]
|upkeep
|turn|16
|c| Apprenti Buck|Pollen puff is good
|c| Apprenti Buck|bug z Caly destroys stall
|inactive|ashfqwer5 has 90 seconds left.
|
|t:|1654426420
|move|p1a: Lugia|Reflect|p1a: Lugia
|-sidestart|p1: ttv-error-yt|Reflect
|move|p2a: Groudon|Toxic|p1a: Lugia
|-status|p1a: Lugia|tox
|
|-weather|DesolateLand|[upkeep]
|-damage|p1a: Lugia|94/100 tox|[from] psn
|upkeep
|turn|17
|
|t:|1654426423
|-weather|none
|switch|p2a: Zacian|Zacian-Crowned|100/100
|-ability|p2a: Zacian|Intrepid Sword|boost
|-boost|p2a: Zacian|atk|1
|move|p1a: Lugia|Toxic|p2a: Zacian
|-immune|p2a: Zacian
|
|-damage|p1a: Lugia|82/100 tox|[from] psn
|upkeep
|turn|18
|
|t:|1654426426
|switch|p1a: Necrozma|Necrozma-Dusk-Mane|100/100
|move|p2a: Zacian|Behemoth Blade|p1a: Necrozma
|-resisted|p1a: Necrozma
|-damage|p1a: Necrozma|86/100
|-damage|p2a: Zacian|84/100|[from] item: Rocky Helmet|[of] p1a: Necrozma
|
|upkeep
|turn|19
|
|t:|1654426429
|switch|p2a: Groudon|Groudon-Primal|100/100
|-weather|DesolateLand|[from] ability: Desolate Land|[of] p2a: Groudon
|move|p1a: Necrozma|Stealth Rock|p2a: Groudon
|-sidestart|p2: ashfqwer5|move: Stealth Rock
|
|-weather|DesolateLand|[upkeep]
|upkeep
|turn|20
|
|t:|1654426437
|switch|p1a: Lugia|Lugia|82/100 tox
|move|p2a: Groudon|Rock Tomb|p1a: Lugia
|-supereffective|p1a: Lugia
|-damage|p1a: Lugia|69/100 tox
|-unboost|p1a: Lugia|spe|1
|
|-weather|DesolateLand|[upkeep]
|-damage|p1a: Lugia|62/100 tox|[from] psn
|-sideend|p1: ttv-error-yt|Reflect
|upkeep
|turn|21
|
|t:|1654426448
|move|p2a: Groudon|Swords Dance|p2a: Groudon
|-boost|p2a: Groudon|atk|2
|move|p1a: Lugia|Roost|p1a: Lugia
|-heal|p1a: Lugia|100/100 tox
|-singleturn|p1a: Lugia|move: Roost
|
|-weather|DesolateLand|[upkeep]
|-damage|p1a: Lugia|88/100 tox|[from] psn
|upkeep
|turn|22
|
|t:|1654426453
|move|p2a: Groudon|Rock Tomb|p1a: Lugia
|-supereffective|p1a: Lugia
|-damage|p1a: Lugia|31/100 tox
|-unboost|p1a: Lugia|spe|1
|move|p1a: Lugia|Reflect|p1a: Lugia
|-sidestart|p1: ttv-error-yt|Reflect
|
|-weather|DesolateLand|[upkeep]
|-damage|p1a: Lugia|13/100 tox|[from] psn
|upkeep
|turn|23
|
|t:|1654426457
|move|p2a: Groudon|Rock Tomb|p1a: Lugia
|-supereffective|p1a: Lugia
|-damage|p1a: Lugia|0 fnt
|faint|p1a: Lugia
|
|-weather|DesolateLand|[upkeep]
|upkeep
|
|t:|1654426459
|switch|p1a: Zygarde|Zygarde-Complete|100/100 slp
|turn|24
|
|t:|1654426461
|move|p2a: Groudon|Swords Dance|p2a: Groudon
|-boost|p2a: Groudon|atk|2
|cant|p1a: Zygarde|slp
|
|-weather|DesolateLand|[upkeep]
|upkeep
|turn|25
|
|t:|1654426469
|move|p2a: Groudon|Precipice Blades|p1a: Zygarde
|-damage|p1a: Zygarde|62/100 slp
|cant|p1a: Zygarde|slp
|
|-weather|DesolateLand|[upkeep]
|upkeep
|turn|26
|
|t:|1654426474
|-weather|none
|switch|p2a: Necrozma|Necrozma-Dusk-Mane|100/100 par
|-damage|p2a: Necrozma|94/100 par|[from] Stealth Rock
|-curestatus|p1a: Zygarde|slp|[msg]
|move|p1a: Zygarde|Glare|p2a: Necrozma
|-fail|p2a: Necrozma|par
|
|-sideend|p1: ttv-error-yt|Reflect
|upkeep
|turn|27
|
|t:|1654426488
|switch|p1a: Ferrothorn|Ferrothorn, M|100/100
|cant|p2a: Necrozma|par
|
|upkeep
|turn|28
|
|t:|1654426494
|move|p2a: Necrozma|Stealth Rock|p1a: Ferrothorn
|-sidestart|p1: ttv-error-yt|move: Stealth Rock
|move|p1a: Ferrothorn|Spikes|p2a: Necrozma
|-sidestart|p2: ashfqwer5|Spikes
|
|upkeep
|turn|29
|
|t:|1654426501
|switch|p2a: Yveltal|Yveltal|100/100
|-ability|p2a: Yveltal|Dark Aura
|move|p1a: Ferrothorn|Leech Seed|p2a: Yveltal
|-start|p2a: Yveltal|move: Leech Seed
|
|-damage|p2a: Yveltal|88/100|[from] Leech Seed|[of] p1a: Ferrothorn
|upkeep
|turn|30
|
|t:|1654426508
|move|p2a: Yveltal|Defog|p1a: Ferrothorn
|-unboost|p1a: Ferrothorn|evasion|1
|-sideend|p1: ttv-error-yt|Stealth Rock|[from] move: Defog|[of] p2a: Yveltal
|-sideend|p2: ashfqwer5|Spikes|[from] move: Defog|[of] p2a: Yveltal
|-sideend|p2: ashfqwer5|Stealth Rock|[from] move: Defog|[of] p2a: Yveltal
|move|p1a: Ferrothorn|Spikes|p2a: Yveltal
|-sidestart|p2: ashfqwer5|Spikes
|
|-damage|p2a: Yveltal|76/100|[from] Leech Seed|[of] p1a: Ferrothorn
|upkeep
|turn|31
|
|t:|1654426520
|move|p2a: Yveltal|U-turn|p1a: Ferrothorn
|-damage|p1a: Ferrothorn|86/100
|-damage|p2a: Yveltal|64/100|[from] ability: Iron Barbs|[of] p1a: Ferrothorn
|
|t:|1654426525
|switch|p2a: Arceus|Arceus|100/100|[from]move: U-turn
|-damage|p2a: Arceus|88/100|[from] Spikes
|move|p1a: Ferrothorn|Body Press|p2a: Arceus
|-supereffective|p2a: Arceus
|-damage|p2a: Arceus|58/100
|
|-heal|p2a: Arceus|64/100|[from] item: Leftovers
|-heal|p1a: Ferrothorn|92/100|[from] item: Leftovers
|upkeep
|turn|32
|
|t:|1654426529
|move|p2a: Arceus|Swords Dance|p2a: Arceus
|-boost|p2a: Arceus|atk|2
|move|p1a: Ferrothorn|Iron Defense|p1a: Ferrothorn
|-boost|p1a: Ferrothorn|def|2
|
|-heal|p2a: Arceus|70/100|[from] item: Leftovers
|-heal|p1a: Ferrothorn|98/100|[from] item: Leftovers
|upkeep
|turn|33
|l|☆ashfqwer5
|inactive|ashfqwer5 disconnected and has a minute to reconnect!
|player|p2|
|j|☆ashfqwer5
|inactive|ashfqwer5 reconnected and has 120 seconds left.
|player|p2|ashfqwer5|irida
|
|t:|1654426576
|move|p2a: Arceus|Swords Dance|p2a: Arceus
|-boost|p2a: Arceus|atk|2
|move|p1a: Ferrothorn|Leech Seed|p2a: Arceus
|-start|p2a: Arceus|move: Leech Seed
|
|-heal|p2a: Arceus|76/100|[from] item: Leftovers
|-heal|p1a: Ferrothorn|100/100|[from] item: Leftovers
|-damage|p2a: Arceus|64/100|[from] Leech Seed|[of] p1a: Ferrothorn
|upkeep
|turn|34
|
|t:|1654426579
|-start|p2a: Arceus|Dynamax|
|-heal|p2a: Arceus|64/100|[silent]
|move|p2a: Arceus|Max Quake|p1a: Ferrothorn
|-damage|p1a: Ferrothorn|44/100
|-boost|p2a: Arceus|spd|1
|move|p1a: Ferrothorn|Iron Defense|p1a: Ferrothorn
|-boost|p1a: Ferrothorn|def|2
|
|-heal|p2a: Arceus|67/100|[from] item: Leftovers
|-heal|p1a: Ferrothorn|50/100|[from] item: Leftovers
|-damage|p2a: Arceus|61/100|[from] Leech Seed|[of] p1a: Ferrothorn
|-heal|p1a: Ferrothorn|64/100|[silent]
|upkeep
|turn|35
|inactive|ashfqwer5 has 120 seconds left.
|
|t:|1654426586
|move|p2a: Arceus|Max Quake|p1a: Ferrothorn
|-damage|p1a: Ferrothorn|28/100
|-boost|p2a: Arceus|spd|1
|move|p1a: Ferrothorn|Body Press|p2a: Arceus
|-supereffective|p2a: Arceus
|-damage|p2a: Arceus|17/100
|
|-heal|p2a: Arceus|20/100|[from] item: Leftovers
|-heal|p1a: Ferrothorn|35/100|[from] item: Leftovers
|-damage|p2a: Arceus|14/100|[from] Leech Seed|[of] p1a: Ferrothorn
|-heal|p1a: Ferrothorn|48/100|[silent]
|upkeep
|turn|36
|
|t:|1654426592
|move|p2a: Arceus|Max Quake|p1a: Ferrothorn
|-damage|p1a: Ferrothorn|15/100
|-boost|p2a: Arceus|spd|1
|move|p1a: Ferrothorn|Body Press|p2a: Arceus
|-supereffective|p2a: Arceus
|-damage|p2a: Arceus|0 fnt
|faint|p2a: Arceus
|
|-heal|p1a: Ferrothorn|22/100|[from] item: Leftovers
|upkeep
|
|t:|1654426596
|switch|p2a: Zacian|Zacian-Crowned|84/100
|-damage|p2a: Zacian|72/100|[from] Spikes
|-ability|p2a: Zacian|Intrepid Sword|boost
|-boost|p2a: Zacian|atk|1
|turn|37
|
|t:|1654426611
|switch|p1a: Necrozma|Necrozma-Dusk-Mane|86/100
|move|p2a: Zacian|Close Combat|p1a: Necrozma
|-damage|p1a: Necrozma|44/100
|-unboost|p2a: Zacian|def|1
|-unboost|p2a: Zacian|spd|1
|-damage|p2a: Zacian|55/100|[from] item: Rocky Helmet|[of] p1a: Necrozma
|
|upkeep
|turn|38
|
|t:|1654426617
|move|p2a: Zacian|Close Combat|p1a: Necrozma
|-damage|p1a: Necrozma|3/100
|-unboost|p2a: Zacian|def|1
|-unboost|p2a: Zacian|spd|1
|-damage|p2a: Zacian|38/100|[from] item: Rocky Helmet|[of] p1a: Necrozma
|move|p1a: Necrozma|Moonlight|p1a: Necrozma
|-heal|p1a: Necrozma|53/100
|
|upkeep
|turn|39
|
|t:|1654426623
|switch|p2a: Yveltal|Yveltal|64/100
|-ability|p2a: Yveltal|Dark Aura
|move|p1a: Necrozma|Moonlight|p1a: Necrozma
|-heal|p1a: Necrozma|100/100
|
|upkeep
|turn|40
|
|t:|1654426628
|switch|p1a: Ho-Oh|Ho-Oh|43/100
|move|p2a: Yveltal|Defog|p1a: Ho-Oh
|-unboost|p1a: Ho-Oh|evasion|1
|-sideend|p2: ashfqwer5|Spikes|[from] move: Defog|[of] p2a: Yveltal
|
|upkeep
|turn|41
|
|t:|1654426634
|switch|p1a: Zygarde|Zygarde-Complete|62/100
|move|p2a: Yveltal|Foul Play|p1a: Zygarde
|-damage|p1a: Zygarde|47/100
|
|upkeep
|turn|42
|
|t:|1654426641
|move|p2a: Yveltal|U-turn|p1a: Zygarde
|-damage|p1a: Zygarde|40/100
|
|t:|1654426644
|switch|p2a: Necrozma|Necrozma-Dusk-Mane|94/100 par|[from]move: U-turn
|move|p1a: Zygarde|Rest|p1a: Zygarde
|-status|p1a: Zygarde|slp|[from] move: Rest
|-heal|p1a: Zygarde|100/100 slp|[silent]
|
|upkeep
|turn|43
|
|t:|1654426655
|switch|p2a: Zacian|Zacian-Crowned|38/100
|-ability|p2a: Zacian|Intrepid Sword|boost
|-boost|p2a: Zacian|atk|1
|cant|p1a: Zygarde|slp
|
|upkeep
|turn|44
|
|t:|1654426659
|switch|p1a: Necrozma|Necrozma-Dusk-Mane|100/100
|move|p2a: Zacian|Swords Dance|p2a: Zacian
|-boost|p2a: Zacian|atk|2
|
|upkeep
|turn|45
|
|t:|1654426672
|move|p2a: Zacian|Close Combat|p1a: Necrozma
|-damage|p1a: Necrozma|27/100
|-unboost|p2a: Zacian|def|1
|-unboost|p2a: Zacian|spd|1
|-damage|p2a: Zacian|22/100|[from] item: Rocky Helmet|[of] p1a: Necrozma
|move|p1a: Necrozma|Sunsteel Strike|p2a: Zacian
|-damage|p2a: Zacian|0 fnt
|faint|p2a: Zacian
|
|upkeep
|
|t:|1654426676
|switch|p2a: Groudon|Groudon-Primal|100/100
|-weather|DesolateLand|[from] ability: Desolate Land|[of] p2a: Groudon
|turn|46
|
|t:|1654426679
|switch|p1a: Zygarde|Zygarde-Complete|100/100 slp
|move|p2a: Groudon|Swords Dance|p2a: Groudon
|-boost|p2a: Groudon|atk|2
|
|-weather|DesolateLand|[upkeep]
|upkeep
|turn|47
|
|t:|1654426683
|move|p2a: Groudon|Precipice Blades|p1a: Zygarde
|-damage|p1a: Zygarde|51/100 slp
|cant|p1a: Zygarde|slp
|
|-weather|DesolateLand|[upkeep]
|upkeep
|turn|48
|
|t:|1654426698
|-weather|none
|switch|p2a: Necrozma|Necrozma-Dusk-Mane|94/100 par
|-start|p1a: Zygarde|Dynamax|
|-heal|p1a: Zygarde|51/100 slp|[silent]
|-curestatus|p1a: Zygarde|slp|[msg]
|move|p1a: Zygarde|Max Quake|p2a: Necrozma
|-supereffective|p2a: Necrozma
|-damage|p2a: Necrozma|58/100 par
|-boost|p1a: Zygarde|spd|1
|
|upkeep
|turn|49
|
|t:|1654426705
|switch|p2a: Yveltal|Yveltal|64/100
|-ability|p2a: Yveltal|Dark Aura
|move|p1a: Zygarde|Max Quake|p2a: Yveltal
|-immune|p2a: Yveltal
|
|upkeep
|turn|50
|j| Truthankamon
|
|t:|1654426711
|move|p1a: Zygarde|Max Guard|p1a: Zygarde
|-singleturn|p1a: Zygarde|Max Guard
|move|p2a: Yveltal|Roost|p2a: Yveltal
|-heal|p2a: Yveltal|100/100
|-singleturn|p2a: Yveltal|move: Roost
|
|upkeep
|-end|p1a: Zygarde|Dynamax
|-heal|p1a: Zygarde|51/100|[silent]
|turn|51
|
|t:|1654426719
|move|p2a: Yveltal|U-turn|p1a: Zygarde
|-damage|p1a: Zygarde|44/100
|
|t:|1654426724
|switch|p2a: Necrozma|Necrozma-Dusk-Mane|58/100 par|[from]move: U-turn
|move|p1a: Zygarde|Rest|p1a: Zygarde
|-status|p1a: Zygarde|slp|[from] move: Rest
|-heal|p1a: Zygarde|100/100 slp|[silent]
|
|upkeep
|turn|52
|
|t:|1654426729
|switch|p2a: Groudon|Groudon-Primal|100/100
|-weather|DesolateLand|[from] ability: Desolate Land|[of] p2a: Groudon
|cant|p1a: Zygarde|slp
|
|-weather|DesolateLand|[upkeep]
|upkeep
|turn|53
|
|t:|1654426734
|move|p2a: Groudon|Precipice Blades|p1a: Zygarde
|-damage|p1a: Zygarde|75/100 slp
|cant|p1a: Zygarde|slp
|
|-weather|DesolateLand|[upkeep]
|upkeep
|turn|54
|
|t:|1654426741
|-weather|none
|switch|p2a: Yveltal|Yveltal|100/100
|-ability|p2a: Yveltal|Dark Aura
|-curestatus|p1a: Zygarde|slp|[msg]
|move|p1a: Zygarde|Thousand Arrows|p2a: Yveltal
|-damage|p2a: Yveltal|74/100
|-start|p2a: Yveltal|Smack Down
|
|upkeep
|turn|55
|inactive|ashfqwer5 has 120 seconds left.
|
|t:|1654426771
|move|p2a: Yveltal|Roost|p2a: Yveltal
|-heal|p2a: Yveltal|100/100
|-singleturn|p2a: Yveltal|move: Roost
|move|p1a: Zygarde|Thousand Arrows|p2a: Yveltal
|-damage|p2a: Yveltal|75/100
|
|upkeep
|turn|56
|
|t:|1654426781
|move|p2a: Yveltal|Foul Play|p1a: Zygarde
|-crit|p1a: Zygarde
|-damage|p1a: Zygarde|55/100
|move|p1a: Zygarde|Glare|p2a: Yveltal
|-status|p2a: Yveltal|par
|
|upkeep
|turn|57
|
|t:|1654426794
|move|p1a: Zygarde|Thousand Arrows|p2a: Yveltal
|-damage|p2a: Yveltal|51/100 par
|move|p2a: Yveltal|U-turn|p1a: Zygarde
|-damage|p1a: Zygarde|48/100
|inactive|ashfqwer5 has 120 seconds left.
|l|☆ashfqwer5
|inactive|ashfqwer5 disconnected and has a minute to reconnect!
|player|p2|
|inactive|ashfqwer5 has 30 seconds to reconnect!
|inactive|ashfqwer5 has 20 seconds to reconnect!
|inactive|ashfqwer5 has 15 seconds to reconnect!
|inactive|ashfqwer5 has 10 seconds to reconnect!
|inactive|ashfqwer5 has 5 seconds to reconnect!
|-message|ashfqwer5 lost due to inactivity.
|
|win|ttv-error-yt
|n|☆ttv-error-yt|ttverroryt
|n| adhiraj8202@!|adhiraj8202
|n| ogrespout|ogrespout
|n| Pokefanplaya|pokefanplaya
|n| Apprenti Buck|apprentibuck
|n| seidou45|seidou45
|n| Truthankamon|truthankamon
