|j|☆moyv123
|j|☆Recreatiions
|t:|1665805083
|gametype|singles
|player|p1|moyv123|101|1745
|player|p2|Recreatiions|gordie|1732
|teamsize|p1|6
|teamsize|p2|6
|gen|8
|tier|[Gen 8] National Dex AG
|rated|
|rule|HP Percentage Mod: HP is shown in percentages
|rule|Endless Battle Clause: Forcing endless battles is banned
|clearpoke
|poke|p1|Arceus-*|
|poke|p1|Arceus-*|
|poke|p1|Rayquaza|
|poke|p1|Lugia|
|poke|p1|Zacian-*|
|poke|p1|Zygarde|
|poke|p2|Rayquaza|
|poke|p2|Yveltal|
|poke|p2|Groudon|
|poke|p2|Calyrex-Shadow|
|poke|p2|Necrozma-Dusk-Mane|
|poke|p2|Arceus-*|
|teampreview
|
|t:|1665805101
|start
|switch|p1a: Lugia|Lugia|100/100
|switch|p2a: Calyrex|Calyrex-Shadow|100/100
|-ability|p2a: Calyrex|As One
|-ability|p2a: Calyrex|Unnerve
|turn|1
|
|t:|1665805115
|switch|p1a: Arceus|Arceus-Dark|100/100
|move|p2a: Calyrex|Trick||[still]
|-fail|p2a: Calyrex
|
|upkeep
|turn|2
|
|t:|1665805131
|switch|p2a: Arceus|Arceus-Fairy|100/100
|move|p1a: Arceus|Stealth Rock|p2a: Arceus
|-sidestart|p2: Recreatiions|move: Stealth Rock
|
|upkeep
|turn|3
|
|t:|1665805138
|move|p2a: Arceus|Will-O-Wisp|p1a: Arceus
|-status|p1a: Arceus|brn
|move|p1a: Arceus|Thunder Wave|p2a: Arceus
|-status|p2a: Arceus|par
|
|-damage|p1a: Arceus|94/100 brn|[from] brn
|upkeep
|turn|4
|
|t:|1665805151
|switch|p1a: Zacian|Zacian-Crowned, shiny|100/100
|-ability|p1a: Zacian|Intrepid Sword|boost
|-boost|p1a: Zacian|atk|1
|move|p2a: Arceus|Defog|p1a: Zacian
|-unboost|p1a: Zacian|evasion|1
|-sideend|p2: Recreatiions|Stealth Rock|[from] move: Defog|[of] p2a: Arceus
|
|upkeep
|turn|5
|
|t:|1665805160
|switch|p2a: Necrozma|Necrozma-Dusk-Mane|100/100
|move|p1a: Zacian|Substitute|p1a: Zacian
|-start|p1a: Zacian|Substitute
|-damage|p1a: Zacian|76/100
|
|upkeep
|turn|6
|
|t:|1665805167
|move|p1a: Zacian|Close Combat|p2a: Necrozma
|-damage|p2a: Necrozma|59/100
|-unboost|p1a: Zacian|def|1
|-unboost|p1a: Zacian|spd|1
|-damage|p1a: Zacian|59/100|[from] item: Rocky Helmet|[of] p2a: Necrozma
|move|p2a: Necrozma|Sunsteel Strike|p1a: Zacian
|-end|p1a: Zacian|Substitute
|
|upkeep
|turn|7
|
|t:|1665805178
|switch|p1a: Zygarde|Zygarde|100/100
|move|p2a: Necrozma|Morning Sun|p2a: Necrozma
|-heal|p2a: Necrozma|100/100
|
|upkeep
|turn|8
|
|t:|1665805187
|switch|p2a: Arceus|Arceus-Fairy|100/100 par
|move|p1a: Zygarde|Dragon Dance|p1a: Zygarde
|-boost|p1a: Zygarde|atk|1
|-boost|p1a: Zygarde|spe|1
|
|upkeep
|turn|9
|
|t:|1665805195
|move|p1a: Zygarde|Substitute|p1a: Zygarde
|-start|p1a: Zygarde|Substitute
|-damage|p1a: Zygarde|76/100
|cant|p2a: Arceus|par
|
|upkeep
|turn|10
|
|t:|1665805207
|move|p1a: Zygarde|Dragon Dance|p1a: Zygarde
|-boost|p1a: Zygarde|atk|1
|-boost|p1a: Zygarde|spe|1
|cant|p2a: Arceus|par
|
|upkeep
|turn|11
|
|t:|1665805214
|-zpower|p1a: Zygarde
|move|p1a: Zygarde|Tectonic Rage|p2a: Arceus|[zeffect]
|-damage|p2a: Arceus|0 fnt
|faint|p2a: Arceus
|
|upkeep
|
|t:|1665805222
|switch|p2a: Rayquaza|Rayquaza|100/100
|-ability|p2a: Rayquaza|Air Lock
|turn|12
|
|t:|1665805256
|detailschange|p2a: Rayquaza|Rayquaza-Mega
|-mega|p2a: Rayquaza|Rayquaza|
|-weather|DeltaStream|[from] ability: Delta Stream|[of] p2a: Rayquaza
|move|p2a: Rayquaza|Extreme Speed|p1a: Zygarde
|-end|p1a: Zygarde|Substitute
|move|p1a: Zygarde|Thousand Arrows|p2a: Rayquaza
|-damage|p2a: Rayquaza|19/100
|-start|p2a: Rayquaza|Smack Down
|
|-weather|DeltaStream|[upkeep]
|upkeep
|turn|13
|
|t:|1665805268
|move|p2a: Rayquaza|Extreme Speed|p1a: Zygarde
|-damage|p1a: Zygarde|38/100
|move|p1a: Zygarde|Thousand Arrows|p2a: Rayquaza
|-damage|p2a: Rayquaza|0 fnt
|faint|p2a: Rayquaza
|-weather|none
|
|-activate|p1a: Zygarde|ability: Power Construct
|detailschange|p1a: Zygarde|Zygarde-Complete
|-heal|p1a: Zygarde|60/100|[silent]
|upkeep
|
|t:|1665805274
|switch|p2a: Yveltal|Yveltal|100/100
|-ability|p2a: Yveltal|Dark Aura
|turn|14
|
|t:|1665805287
|-start|p2a: Yveltal|Dynamax|
|-heal|p2a: Yveltal|100/100|[silent]
|move|p1a: Zygarde|Thousand Arrows|p2a: Yveltal
|-damage|p2a: Yveltal|60/100
|-start|p2a: Yveltal|Smack Down
|move|p2a: Yveltal|Max Airstream|p1a: Zygarde
|-damage|p1a: Zygarde|1/100
|-boost|p2a: Yveltal|spe|1
|-damage|p2a: Yveltal|55/100|[from] item: Life Orb
|
|upkeep
|turn|15
|
|t:|1665805300
|move|p1a: Zygarde|Thousand Arrows|p2a: Yveltal
|-damage|p2a: Yveltal|17/100
|move|p2a: Yveltal|Max Airstream|p1a: Zygarde
|-damage|p1a: Zygarde|0 fnt
|-boost|p2a: Yveltal|spe|1
|faint|p1a: Zygarde
|-damage|p2a: Yveltal|12/100|[from] item: Life Orb
|
|upkeep
|
|t:|1665805315
|switch|p1a: Rayquaza|Rayquaza, shiny|100/100
|-ability|p1a: Rayquaza|Air Lock
|turn|16
|
|t:|1665805323
|-end|p2a: Yveltal|Dynamax
|-heal|p2a: Yveltal|12/100|[silent]
|switch|p2a: Necrozma|Necrozma-Dusk-Mane|100/100
|detailschange|p1a: Rayquaza|Rayquaza-Mega, shiny
|-mega|p1a: Rayquaza|Rayquaza|
|-weather|DeltaStream|[from] ability: Delta Stream|[of] p1a: Rayquaza
|move|p1a: Rayquaza|Extreme Speed|p2a: Necrozma
|-resisted|p2a: Necrozma
|-crit|p2a: Necrozma
|-damage|p2a: Necrozma|82/100
|-damage|p1a: Rayquaza|84/100|[from] item: Rocky Helmet|[of] p2a: Necrozma
|-damage|p1a: Rayquaza|74/100|[from] item: Life Orb
|
|-weather|DeltaStream|[upkeep]
|upkeep
|turn|17
|
|t:|1665805347
|-weather|none
|switch|p1a: Arceus|Arceus-Dark|94/100 brn
|switch|p2a: Yveltal|Yveltal|12/100
|-ability|p2a: Yveltal|Dark Aura
|
|-damage|p1a: Arceus|88/100 brn|[from] brn
|upkeep
|turn|18
|
|t:|1665805358
|move|p2a: Yveltal|Taunt|p1a: Arceus
|-start|p1a: Arceus|move: Taunt
|cant|p1a: Arceus|move: Taunt|Stealth Rock
|
|-damage|p1a: Arceus|82/100 brn|[from] brn
|upkeep
|turn|19
|
|t:|1665805368
|switch|p1a: Zacian|Zacian-Crowned, shiny|59/100
|-ability|p1a: Zacian|Intrepid Sword|boost
|-boost|p1a: Zacian|atk|1
|move|p2a: Yveltal|Oblivion Wing|p1a: Zacian
|-resisted|p1a: Zacian
|-damage|p1a: Zacian|29/100
|-heal|p2a: Yveltal|30/100|[from] drain|[of] p1a: Zacian
|-damage|p2a: Yveltal|20/100|[from] item: Life Orb
|
|upkeep
|turn|20
|
|t:|1665805383
|move|p1a: Zacian|Behemoth Blade|p2a: Yveltal
|-damage|p2a: Yveltal|0 fnt
|faint|p2a: Yveltal
|
|upkeep
|
|t:|1665805398
|switch|p2a: Calyrex|Calyrex-Shadow|100/100
|-ability|p2a: Calyrex|As One
|-ability|p2a: Calyrex|Unnerve
|turn|21
|
|t:|1665805406
|switch|p1a: Arceus|Arceus|100/100
|move|p2a: Calyrex|Astral Barrage|p1a: Arceus
|-immune|p1a: Arceus
|
|upkeep
|turn|22
|
|t:|1665805419
|switch|p2a: Groudon|Groudon|100/100
|detailschange|p2a: Groudon|Groudon-Primal
|-primal|p2a: Groudon
|-weather|DesolateLand|[from] ability: Desolate Land|[of] p2a: Groudon
|move|p1a: Arceus|Swords Dance|p1a: Arceus
|-boost|p1a: Arceus|atk|2
|
|-weather|DesolateLand|[upkeep]
|upkeep
|turn|23
|
|t:|1665805436
|-start|p1a: Arceus|Dynamax|
|-heal|p1a: Arceus|100/100|[silent]
|move|p1a: Arceus|Max Strike|p2a: Groudon
|-damage|p2a: Groudon|20/100
|-unboost|p2a: Groudon|spe|1
|move|p2a: Groudon|Precipice Blades|p1a: Arceus
|-damage|p1a: Arceus|78/100
|
|-weather|DesolateLand|[upkeep]
|upkeep
|turn|24
|inactive|Battle timer is ON: inactive players will automatically lose when time's up. (requested by Recreatiions)
|-message|Recreatiions forfeited.
|
|win|moyv123
|raw|moyv123's rating: 1745 &rarr; <strong>1764</strong><br />(+19 for winning)
|raw|Recreatiions's rating: 1732 &rarr; <strong>1713</strong><br />(-19 for losing)
|l|☆Recreatiions
