|j|☆ihateDread
|j|☆SnipinNDAG
|t:|1665723109
|gametype|singles
|player|p1|ihateDread|n|
|player|p2|SnipinNDAG|red|
|teamsize|p1|6
|teamsize|p2|6
|gen|8
|tier|[Gen 8] National Dex AG
|rule|HP Percentage Mod: HP is shown in percentages
|rule|Endless Battle Clause: Forcing endless battles is banned
|clearpoke
|poke|p1|Zacian-*|
|poke|p1|Rayquaza|
|poke|p1|Zekrom|
|poke|p1|Necrozma-Dusk-Mane|
|poke|p1|Calyrex-Shadow|
|poke|p1|Grimmsnarl, M|
|poke|p2|Zacian-*|
|poke|p2|Zacian-*|
|poke|p2|Zacian-*|
|poke|p2|Zacian-*|
|poke|p2|Zoroark, F|
|poke|p2|Arceus-*|
|teampreview
|inactive|Battle timer is ON: inactive players will automatically lose when time's up. (requested by ihateDread)
|inactive|SnipinNDAG also wants the timer to be on.
|
|t:|1665723117
|start
|switch|p1a: Sword|Zacian-Crowned|100/100
|switch|p2a: Arceus-Elec|Arceus|100/100
|-ability|p1a: Sword|Intrepid Sword|boost
|-boost|p1a: Sword|atk|1
|turn|1
|
|t:|1665723131
|move|p2a: Arceus-Elec|Burning Jealousy|p1a: Sword
|-supereffective|p1a: Sword
|-damage|p1a: Sword|57/100
|-status|p1a: Sword|brn
|move|p1a: Sword|Swords Dance|p1a: Sword
|-boost|p1a: Sword|atk|2
|
|-damage|p1a: Sword|51/100 brn|[from] brn
|upkeep
|turn|2
|c|☆SnipinNDAG|okok
|c|☆ihateDread|bruh
|
|t:|1665723141
|move|p2a: Arceus-Elec|Burning Jealousy|p1a: Sword
|-supereffective|p1a: Sword
|-damage|p1a: Sword|4/100 brn
|move|p1a: Sword|Behemoth Blade|p2a: Arceus-Elec
|-damage|p2a: Arceus-Elec|0 fnt
|replace|p2a: sus!!|Zoroark, F
|-end|p2a: sus!!|Illusion
|faint|p2a: sus!!
|
|-damage|p1a: Sword|0 fnt|[from] brn
|faint|p1a: Sword
|upkeep
|c|☆SnipinNDAG|hahah
|c|☆ihateDread|fake
|
|t:|1665723155
|switch|p1a: Light God|Necrozma-Dusk-Mane, shiny|100/100
|switch|p2a: Zacian|Zacian-Crowned|100/100
|-ability|p2a: Zacian|Intrepid Sword|boost
|-boost|p2a: Zacian|atk|1
|turn|3
|
|t:|1665723161
|move|p2a: Zacian|Sacred Sword|p1a: Light God
|-damage|p1a: Light God|52/100
|move|p1a: Light God|Dragon Dance|p1a: Light God
|-boost|p1a: Light God|atk|1
|-boost|p1a: Light God|spe|1
|
|upkeep
|turn|4
|
|t:|1665723166
|detailschange|p1a: Light God|Necrozma-Ultra, shiny
|-burst|p1a: Light God|Necrozma|Ultranecrozium Z
|move|p1a: Light God|Earthquake|p2a: Zacian
|-supereffective|p2a: Zacian
|-damage|p2a: Zacian|0 fnt
|faint|p2a: Zacian
|
|upkeep
|
|t:|1665723171
|switch|p2a: Zacian|Zacian|100/100
|-ability|p2a: Zacian|Intrepid Sword|boost
|-boost|p2a: Zacian|atk|1
|turn|5
|c|☆ihateDread|be
|c|☆ihateDread|gone
|c|☆SnipinNDAG|no sir
|
|t:|1665723181
|move|p2a: Zacian|Play Rough|p1a: Light God
|-supereffective|p1a: Light God
|-damage|p1a: Light God|0 fnt
|faint|p1a: Light God
|
|upkeep
|c|☆ihateDread|WHAT
|c|☆SnipinNDAG|no chef*
|
|t:|1665723188
|switch|p1a: Wall Builder|Grimmsnarl, M|100/100
|turn|6
|
|t:|1665723193
|switch|p2a: Zacian|Zacian-Crowned|100/100
|-ability|p2a: Zacian|Intrepid Sword|boost
|-boost|p2a: Zacian|atk|1
|move|p1a: Wall Builder|Reflect|p1a: Wall Builder
|-sidestart|p1: ihateDread|Reflect
|
|upkeep
|turn|7
|
|t:|1665723198
|move|p1a: Wall Builder|Thunder Wave|p2a: Zacian
|-status|p2a: Zacian|par
|move|p2a: Zacian|Behemoth Blade|p1a: Wall Builder
|-supereffective|p1a: Wall Builder
|-damage|p1a: Wall Builder|21/100
|
|upkeep
|turn|8
|
|t:|1665723207
|switch|p1a: Static|Zekrom, shiny|100/100
|-ability|p1a: Static|Teravolt
|move|p2a: Zacian|Imprison|p2a: Zacian
|-start|p2a: Zacian|move: Imprison
|
|upkeep
|turn|9
|
|t:|1665723212
|move|p1a: Static|Substitute|p1a: Static
|-start|p1a: Static|Substitute
|-damage|p1a: Static|76/100
|move|p2a: Zacian|Close Combat|p1a: Static
|-end|p1a: Static|Substitute
|-unboost|p2a: Zacian|def|1
|-unboost|p2a: Zacian|spd|1
|
|-heal|p1a: Static|82/100|[from] item: Leftovers
|upkeep
|turn|10
|
|t:|1665723214
|move|p1a: Static|Substitute|p1a: Static
|-start|p1a: Static|Substitute
|-damage|p1a: Static|57/100
|cant|p2a: Zacian|par
|
|-heal|p1a: Static|63/100|[from] item: Leftovers
|upkeep
|turn|11
|
|t:|1665723217
|move|p1a: Static|Dragon Dance|p1a: Static
|-boost|p1a: Static|atk|1
|-boost|p1a: Static|spe|1
|move|p2a: Zacian|Close Combat|p1a: Static
|-end|p1a: Static|Substitute
|-unboost|p2a: Zacian|def|1
|-unboost|p2a: Zacian|spd|1
|
|-heal|p1a: Static|69/100|[from] item: Leftovers
|upkeep
|turn|12
|c|☆SnipinNDAG|fu
|
|t:|1665723223
|-start|p1a: Static|Dynamax|
|-heal|p1a: Static|69/100|[silent]
|move|p1a: Static|Max Lightning|p2a: Zacian
|-damage|p2a: Zacian|0 fnt
|-fieldstart|move: Electric Terrain
|faint|p2a: Zacian
|
|-heal|p1a: Static|72/100|[from] item: Leftovers
|upkeep
|
|t:|1665723228
|switch|p2a: Arceus-Elec|Arceus|100/100
|turn|13
|
|t:|1665723233
|-start|p2a: Arceus-Elec|Dynamax|
|-heal|p2a: Arceus-Elec|100/100|[silent]
|move|p2a: Arceus-Elec|Max Guard|p2a: Arceus-Elec
|-singleturn|p2a: Arceus-Elec|Max Guard
|move|p1a: Static|Max Lightning|p2a: Arceus-Elec
|-activate|p2a: Arceus-Elec|move: Max Guard
|
|-heal|p1a: Static|75/100|[from] item: Leftovers
|-sideend|p1: ihateDread|Reflect
|upkeep
|turn|14
|
|t:|1665723238
|move|p1a: Static|Max Lightning|p2a: Arceus-Elec
|-damage|p2a: Arceus-Elec|52/100
|move|p2a: Arceus-Elec|Max Strike|p1a: Static
|-damage|p1a: Static|50/100
|-unboost|p1a: Static|spe|1
|
|-heal|p1a: Static|53/100|[from] item: Leftovers
|upkeep
|-end|p1a: Static|Dynamax
|-heal|p1a: Static|53/100|[silent]
|turn|15
|
|t:|1665723243
|move|p1a: Static|Bolt Strike|p2a: Arceus-Elec
|-damage|p2a: Arceus-Elec|7/100
|move|p2a: Arceus-Elec|Max Strike|p1a: Static
|-damage|p1a: Static|6/100
|-unboost|p1a: Static|spe|1
|
|-heal|p1a: Static|12/100|[from] item: Leftovers
|upkeep
|-end|p2a: Arceus-Elec|Dynamax
|-heal|p2a: Arceus-Elec|7/100|[silent]
|turn|16
|
|t:|1665723248
|move|p2a: Arceus-Elec|Extreme Speed|p1a: Static
|-damage|p1a: Static|0 fnt
|faint|p1a: Static
|
|-fieldend|move: Electric Terrain
|upkeep
|
|t:|1665723251
|switch|p1a: Speed|Rayquaza|100/100
|-ability|p1a: Speed|Air Lock
|turn|17
|
|t:|1665723255
|detailschange|p1a: Speed|Rayquaza-Mega
|-mega|p1a: Speed|Rayquaza|
|-weather|DeltaStream|[from] ability: Delta Stream|[of] p1a: Speed
|move|p1a: Speed|Extreme Speed|p2a: Arceus-Elec
|-damage|p2a: Arceus-Elec|0 fnt
|faint|p2a: Arceus-Elec
|
|-weather|DeltaStream|[upkeep]
|upkeep
|c|☆ihateDread|hackerman
|
|t:|1665723258
|switch|p2a: Zacian|Zacian|100/100
|-ability|p2a: Zacian|Intrepid Sword|boost
|-boost|p2a: Zacian|atk|1
|turn|18
|
|t:|1665723263
|-weather|none
|switch|p1a: Wall Builder|Grimmsnarl, M|21/100
|move|p2a: Zacian|Play Rough|p1a: Wall Builder
|-supereffective|p1a: Wall Builder
|-damage|p1a: Wall Builder|0 fnt
|faint|p1a: Wall Builder
|
|upkeep
|
|t:|1665723268
|switch|p1a: Speed|Rayquaza-Mega|100/100
|-weather|DeltaStream|[from] ability: Delta Stream|[of] p1a: Speed
|turn|19
|
|t:|1665723272
|move|p2a: Zacian|Play Rough|p1a: Speed
|-supereffective|p1a: Speed
|-damage|p1a: Speed|0 fnt
|faint|p1a: Speed
|-weather|none
|
|upkeep
|c|☆SnipinNDAG|??
|c|☆ihateDread|oh yeah
|
|t:|1665723279
|switch|p1a: Horsey|Calyrex-Shadow|100/100
|-ability|p1a: Horsey|As One
|-ability|p1a: Horsey|Unnerve
|turn|20
|
|t:|1665723286
|move|p1a: Horsey|Astral Barrage|p2a: Zacian
|-damage|p2a: Zacian|25/100
|move|p2a: Zacian|Solar Blade||[still]
|-prepare|p2a: Zacian|Solar Blade
|-enditem|p2a: Zacian|Power Herb
|-anim|p2a: Zacian|Solar Blade|p1a: Horsey
|-damage|p1a: Horsey|21/100
|
|upkeep
|turn|21
|c|☆SnipinNDAG|btw..
|
|t:|1665723290
|move|p1a: Horsey|Astral Barrage|p2a: Zacian
|-damage|p2a: Zacian|0 fnt
|faint|p2a: Zacian
|-ability|p1a: Horsey|Grim Neigh|boost
|-boost|p1a: Horsey|spa|1
|
|upkeep
|
|t:|1665723292
|switch|p2a: Zacian|Zacian|100/100
|-ability|p2a: Zacian|Intrepid Sword|boost
|-boost|p2a: Zacian|atk|1
|turn|22
|
|t:|1665723297
|move|p2a: Zacian|Play Rough|p1a: Horsey
|-damage|p1a: Horsey|0 fnt
|faint|p1a: Horsey
|
|win|SnipinNDAG
|c|☆SnipinNDAG|hehe
|c|☆ihateDread|I hate scarf
