|j|☆TopdeckPilot
|j|☆Ike745
|t:|1658802783
|gametype|singles
|player|p1|TopdeckPilot|giovanni|
|player|p2|Ike745|blue|
|teamsize|p1|6
|teamsize|p2|6
|gen|8
|tier|[Gen 8] National Dex AG
|rule|HP Percentage Mod: HP is shown in percentages
|rule|Endless Battle Clause: Forcing endless battles is banned
|clearpoke
|poke|p1|Marshadow|
|poke|p1|Silvally-*|
|poke|p1|Zarude|
|poke|p1|Magearna|
|poke|p1|Slowbro, M|
|poke|p1|Landorus-Therian, M|
|poke|p2|Calyrex-Shadow|
|poke|p2|Tapu Lele|
|poke|p2|Cinderace, F|
|poke|p2|Rillaboom, F|
|poke|p2|Ditto|
|poke|p2|Mamoswine, F|
|teampreview
|j| kek1445645
|
|t:|1658802827
|start
|switch|p1a: Velma|Slowbro, M|100/100
|switch|p2a: Among Us?|Ditto, shiny|100/100
|-transform|p2a: Among Us?|p1a: Velma|[from] ability: Imposter
|turn|1
|
|t:|1658802851
|move|p1a: Velma|Yawn|p2a: Among Us?
|-start|p2a: Among Us?|move: Yawn|[of] p1a: Velma
|move|p2a: Among Us?|Teleport|p2a: Among Us?
|
|t:|1658802881
|switch|p2a: Tarzan|Rillaboom, F|100/100|[from]move: Teleport
|-fieldstart|move: Grassy Terrain|[from] ability: Grassy Surge|[of] p2a: Tarzan
|
|upkeep
|turn|2
|
|t:|1658802893
|move|p2a: Tarzan|U-turn|p1a: Velma
|-supereffective|p1a: Velma
|-damage|p1a: Velma|52/100
|
|t:|1658802902
|switch|p2a: Among Us?|Ditto, shiny|100/100|[from]move: U-turn
|-transform|p2a: Among Us?|p1a: Velma|[from] ability: Imposter
|move|p1a: Velma|Teleport|p1a: Velma
|c| kek1445645|The rematch
|
|t:|1658802969
|switch|p1a: Daphne|Magearna|100/100|[from]move: Teleport
|
|upkeep
|turn|3
|
|t:|1658802978
|move|p1a: Daphne|Shadow Ball|p2a: Among Us?
|-supereffective|p2a: Among Us?
|-damage|p2a: Among Us?|43/100
|move|p2a: Among Us?|Yawn|p1a: Daphne
|-start|p1a: Daphne|move: Yawn|[of] p2a: Among Us?
|
|-heal|p2a: Among Us?|49/100|[from] Grassy Terrain
|upkeep
|turn|4
|
|t:|1658803006
|switch|p1a: Velma|Slowbro, M|86/100
|switch|p2a: Haram|Mamoswine, F|100/100
|
|-heal|p1a: Velma|92/100|[from] Grassy Terrain
|-heal|p1a: Velma|98/100|[from] item: Leftovers
|upkeep
|turn|5
|
|t:|1658803046
|switch|p2a: Among Us?|Ditto, shiny|82/100
|-transform|p2a: Among Us?|p1a: Velma|[from] ability: Imposter
|move|p1a: Velma|Scald|p2a: Among Us?
|-resisted|p2a: Among Us?
|-damage|p2a: Among Us?|64/100
|
|-heal|p2a: Among Us?|70/100|[from] Grassy Terrain
|-heal|p1a: Velma|100/100|[from] Grassy Terrain
|-fieldend|move: Grassy Terrain
|upkeep
|turn|6
|
|t:|1658803058
|move|p2a: Among Us?|Teleport|p2a: Among Us?
|
|t:|1658803067
|switch|p2a: Psybeam|Tapu Lele, shiny|100/100|[from]move: Teleport
|-fieldstart|move: Psychic Terrain|[from] ability: Psychic Surge|[of] p2a: Psybeam
|move|p1a: Velma|Teleport|p1a: Velma
|
|t:|1658803097
|switch|p1a: Daphne|Magearna|100/100|[from]move: Teleport
|
|upkeep
|turn|7
|
|t:|1658803134
|switch|p2a: Among Us?|Ditto, shiny|100/100
|-transform|p2a: Among Us?|p1a: Daphne|[from] ability: Imposter
|move|p1a: Daphne|Flash Cannon|p2a: Among Us?
|-crit|p2a: Among Us?
|-damage|p2a: Among Us?|59/100
|
|upkeep
|turn|8
|c| kek1445645|the crit of fate
|c|☆Ike745|crit monster
|
|t:|1658803160
|move|p2a: Among Us?|Flash Cannon|p1a: Daphne
|-damage|p1a: Daphne|87/100
|move|p1a: Daphne|Focus Blast|p2a: Among Us?
|-damage|p2a: Among Us?|32/100
|
|upkeep
|turn|9
|
|t:|1658803195
|switch|p2a: Tarzan|Rillaboom, F|100/100
|-fieldstart|move: Grassy Terrain|[from] ability: Grassy Surge|[of] p2a: Tarzan
|move|p1a: Daphne|Focus Blast|p2a: Tarzan|[miss]
|-miss|p1a: Daphne|p2a: Tarzan
|
|-heal|p1a: Daphne|93/100|[from] Grassy Terrain
|upkeep
|turn|10
|
|t:|1658803233
|switch|p1a: Scooby|Landorus-Therian, M|100/100
|-ability|p1a: Scooby|Intimidate|boost
|-unboost|p2a: Tarzan|atk|1
|move|p2a: Tarzan|High Horsepower|p1a: Scooby
|-immune|p1a: Scooby
|
|upkeep
|turn|11
|
|t:|1658803243
|switch|p2a: Haram|Mamoswine, F|100/100
|-zpower|p1a: Scooby
|move|p1a: Scooby|Supersonic Skystrike|p2a: Haram|[zeffect]
|-damage|p2a: Haram|0 fnt
|faint|p2a: Haram
|
|upkeep
|
|t:|1658803279
|switch|p2a: Tarzan|Rillaboom, F|100/100
|turn|12
|
|t:|1658803286
|move|p2a: Tarzan|Grassy Glide|p1a: Scooby
|-damage|p1a: Scooby|30/100
|move|p1a: Scooby|Fly||[still]
|-prepare|p1a: Scooby|Fly
|
|upkeep
|turn|13
|
|t:|1658803307
|switch|p2a: Among Us?|Ditto, shiny|32/100
|-transform|p2a: Among Us?|p1a: Scooby|[from] ability: Imposter
|-ability|p2a: Among Us?|Intimidate|boost
|-unboost|p1a: Scooby|atk|1
|move|p1a: Scooby|Fly|p2a: Among Us?|[from]lockedmove
|-damage|p2a: Among Us?|0 fnt
|faint|p2a: Among Us?
|
|-fieldend|move: Grassy Terrain
|upkeep
|
|t:|1658803325
|switch|p2a: Sock|Cinderace, F|100/100
|turn|14
|
|t:|1658803333
|switch|p1a: Velma|Slowbro, M|100/100
|move|p2a: Sock|Pyro Ball|p1a: Velma|[miss]
|-miss|p2a: Sock|p1a: Velma
|
|upkeep
|turn|15
|c|☆Ike745|rigged
|c| kek1445645|nicks divine intervention
|
|t:|1658803394
|switch|p2a: Psybeam|Tapu Lele, shiny|100/100
|-fieldstart|move: Psychic Terrain|[from] ability: Psychic Surge|[of] p2a: Psybeam
|move|p1a: Velma|Yawn|p2a: Psybeam
|-start|p2a: Psybeam|move: Yawn|[of] p1a: Velma
|
|upkeep
|turn|16
|
|t:|1658803452
|switch|p2a: Sock|Cinderace, F|100/100
|move|p1a: Velma|Yawn|p2a: Sock
|-start|p2a: Sock|move: Yawn|[of] p1a: Velma
|
|upkeep
|turn|17
|
|t:|1658803460
|switch|p2a: Tarzan|Rillaboom, F|100/100
|-fieldstart|move: Grassy Terrain|[from] ability: Grassy Surge|[of] p2a: Tarzan
|move|p1a: Velma|Scald|p2a: Tarzan
|-resisted|p2a: Tarzan
|-damage|p2a: Tarzan|86/100
|
|-heal|p2a: Tarzan|92/100|[from] Grassy Terrain
|upkeep
|turn|18
|c| kek1445645|nick and basak be like NO I WANT TO LOSE TO STEVEN MORE!
|c|☆Ike745|sean be like i want to grow 5 inches
|c|☆Ike745|both places
|c| kek1445645|height tho :(
|
|t:|1658803507
|move|p2a: Tarzan|U-turn|p1a: Velma
|-supereffective|p1a: Velma
|-damage|p1a: Velma|51/100
|
|t:|1658803510
|switch|p2a: Psybeam|Tapu Lele, shiny|100/100|[from]move: U-turn
|-fieldstart|move: Psychic Terrain|[from] ability: Psychic Surge|[of] p2a: Psybeam
|move|p1a: Velma|Yawn|p2a: Psybeam
|-start|p2a: Psybeam|move: Yawn|[of] p1a: Velma
|
|-heal|p1a: Velma|57/100|[from] item: Leftovers
|upkeep
|turn|19
|
|t:|1658803528
|switch|p2a: Tarzan|Rillaboom, F|92/100
|-fieldstart|move: Grassy Terrain|[from] ability: Grassy Surge|[of] p2a: Tarzan
|switch|p1a: Scooby|Landorus-Therian, M|30/100
|-ability|p1a: Scooby|Intimidate|boost
|-unboost|p2a: Tarzan|atk|1
|
|-heal|p2a: Tarzan|98/100|[from] Grassy Terrain
|upkeep
|turn|20
|
|t:|1658803561
|move|p2a: Tarzan|Grassy Glide|p1a: Scooby
|-crit|p1a: Scooby
|-damage|p1a: Scooby|0 fnt
|faint|p1a: Scooby
|
|-heal|p2a: Tarzan|100/100|[from] Grassy Terrain
|upkeep
|c|☆Ike745|it did not matta
|c| kek1445645|it effects his mental game
|
|t:|1658803627
|switch|p1a: Shaggy|Zarude|100/100
|turn|21
|
|t:|1658803635
|switch|p2a: Sock|Cinderace, F|100/100
|move|p1a: Shaggy|U-turn|p2a: Sock
|-resisted|p2a: Sock
|-damage|p2a: Sock|89/100
|
|t:|1658803669
|switch|p1a: Velma|Slowbro, M|91/100|[from]move: U-turn
|
|-heal|p2a: Sock|95/100|[from] Grassy Terrain
|-heal|p1a: Velma|97/100|[from] Grassy Terrain
|-heal|p1a: Velma|100/100|[from] item: Leftovers
|upkeep
|turn|22
|
|t:|1658803683
|switch|p2a: Tarzan|Rillaboom, F|100/100
|move|p1a: Velma|Scald|p2a: Tarzan
|-resisted|p2a: Tarzan
|-damage|p2a: Tarzan|84/100
|
|-heal|p2a: Tarzan|90/100|[from] Grassy Terrain
|upkeep
|turn|23
|
|t:|1658803695
|move|p2a: Tarzan|Grassy Glide|p1a: Velma
|-supereffective|p1a: Velma
|-damage|p1a: Velma|9/100
|move|p1a: Velma|Teleport|p1a: Velma
|c| kek1445645|jinkies
|
|t:|1658803716
|switch|p1a: Shaggy|Zarude|100/100|[from]move: Teleport
|
|-heal|p2a: Tarzan|97/100|[from] Grassy Terrain
|-fieldend|move: Grassy Terrain
|upkeep
|turn|24
|
|t:|1658803761
|switch|p2a: Sock|Cinderace, F|95/100
|move|p1a: Shaggy|Power Whip|p2a: Sock
|-resisted|p2a: Sock
|-damage|p2a: Sock|59/100
|
|upkeep
|turn|25
|
|t:|1658803772
|switch|p1a: Velma|Slowbro, M|42/100
|move|p2a: Sock|Pyro Ball|p1a: Velma
|-resisted|p1a: Velma
|-damage|p1a: Velma|27/100
|
|-heal|p1a: Velma|33/100|[from] item: Leftovers
|upkeep
|turn|26
|
|t:|1658803788
|switch|p2a: Tarzan|Rillaboom, F|97/100
|-fieldstart|move: Grassy Terrain|[from] ability: Grassy Surge|[of] p2a: Tarzan
|move|p1a: Velma|Slack Off|p1a: Velma
|-heal|p1a: Velma|83/100
|
|-heal|p2a: Tarzan|100/100|[from] Grassy Terrain
|-heal|p1a: Velma|89/100|[from] Grassy Terrain
|-heal|p1a: Velma|95/100|[from] item: Leftovers
|upkeep
|turn|27
|j| ShiftySwamps1
|
|t:|1658803806
|switch|p1a: Shaggy|Zarude|100/100
|move|p2a: Tarzan|U-turn|p1a: Shaggy
|-supereffective|p1a: Shaggy
|-damage|p1a: Shaggy|7/100
|
|t:|1658803876
|switch|p2a: "M'Lady"|Calyrex-Shadow|100/100|[from]move: U-turn
|-ability|p2a: "M'Lady"|As One
|-ability|p2a: "M'Lady"|Unnerve
|
|-heal|p1a: Shaggy|13/100|[from] Grassy Terrain
|-heal|p1a: Shaggy|19/100|[from] item: Leftovers
|upkeep
|turn|28
|
|t:|1658803896
|switch|p1a: THE MYSTERY VAN|Silvally|100/100
|move|p2a: "M'Lady"|Pollen Puff|p1a: THE MYSTERY VAN
|-damage|p1a: THE MYSTERY VAN|84/100
|
|-heal|p1a: THE MYSTERY VAN|90/100|[from] Grassy Terrain
|upkeep
|turn|29
|
|t:|1658803913
|switch|p2a: Tarzan|Rillaboom, F|100/100
|move|p1a: THE MYSTERY VAN|Crunch|p2a: Tarzan
|-damage|p2a: Tarzan|84/100
|
|-heal|p1a: THE MYSTERY VAN|96/100|[from] Grassy Terrain
|-heal|p2a: Tarzan|90/100|[from] Grassy Terrain
|upkeep
|turn|30
|
|t:|1658803973
|move|p2a: Tarzan|Grassy Glide|p1a: THE MYSTERY VAN
|-damage|p1a: THE MYSTERY VAN|31/100
|move|p1a: THE MYSTERY VAN|Flamethrower|p2a: Tarzan
|-supereffective|p2a: Tarzan
|-damage|p2a: Tarzan|49/100
|
|-heal|p1a: THE MYSTERY VAN|37/100|[from] Grassy Terrain
|-heal|p2a: Tarzan|56/100|[from] Grassy Terrain
|-fieldend|move: Grassy Terrain
|upkeep
|turn|31
|
|t:|1658804028
|switch|p2a: Sock|Cinderace, F|59/100
|move|p1a: THE MYSTERY VAN|Flamethrower|p2a: Sock
|-resisted|p2a: Sock
|-crit|p2a: Sock
|-damage|p2a: Sock|42/100
|
|upkeep
|turn|32
|c|☆Ike745|the critter
|
|t:|1658804108
|switch|p2a: Psybeam|Tapu Lele, shiny|100/100
|-fieldstart|move: Psychic Terrain|[from] ability: Psychic Surge|[of] p2a: Psybeam
|move|p1a: THE MYSTERY VAN|Multi-Attack|p2a: Psybeam
|-damage|p2a: Psybeam|43/100
|
|upkeep
|turn|33
|
|t:|1658804172
|move|p2a: Psybeam|Moonblast|p1a: THE MYSTERY VAN
|-damage|p1a: THE MYSTERY VAN|12/100
|move|p1a: THE MYSTERY VAN|Multi-Attack|p2a: Psybeam
|-damage|p2a: Psybeam|0 fnt
|faint|p2a: Psybeam
|
|upkeep
|
|t:|1658804196
|switch|p2a: "M'Lady"|Calyrex-Shadow|100/100
|-ability|p2a: "M'Lady"|As One
|-ability|p2a: "M'Lady"|Unnerve
|turn|34
|
|t:|1658804216
|move|p2a: "M'Lady"|Pollen Puff|p1a: THE MYSTERY VAN
|-damage|p1a: THE MYSTERY VAN|0 fnt
|faint|p1a: THE MYSTERY VAN
|-ability|p2a: "M'Lady"|Grim Neigh|boost
|-boost|p2a: "M'Lady"|spa|1
|
|upkeep
|
|t:|1658804223
|switch|p1a: Daphne|Magearna|93/100
|turn|35
|
|t:|1658804276
|switch|p2a: Tarzan|Rillaboom, F|56/100
|-fieldstart|move: Grassy Terrain|[from] ability: Grassy Surge|[of] p2a: Tarzan
|move|p1a: Daphne|Shadow Ball|p2a: Tarzan
|-damage|p2a: Tarzan|30/100
|
|-heal|p2a: Tarzan|36/100|[from] Grassy Terrain
|-heal|p1a: Daphne|99/100|[from] Grassy Terrain
|upkeep
|turn|36
|
|t:|1658804323
|switch|p1a: Shaggy|Zarude|19/100
|move|p2a: Tarzan|High Horsepower|p1a: Shaggy
|-resisted|p1a: Shaggy
|-damage|p1a: Shaggy|3/100
|
|-heal|p1a: Shaggy|9/100|[from] Grassy Terrain
|-heal|p1a: Shaggy|15/100|[from] item: Leftovers
|-heal|p2a: Tarzan|42/100|[from] Grassy Terrain
|upkeep
|turn|37
|
|t:|1658804338
|switch|p2a: Sock|Cinderace, F|42/100
|move|p1a: Shaggy|U-turn|p2a: Sock
|-resisted|p2a: Sock
|-damage|p2a: Sock|30/100
|
|t:|1658804346
|switch|p1a: Velma|Slowbro, M|100/100|[from]move: U-turn
|
|-heal|p2a: Sock|36/100|[from] Grassy Terrain
|upkeep
|turn|38
|
|t:|1658804352
|move|p2a: Sock|Sucker Punch||[still]
|-fail|p2a: Sock
|move|p1a: Velma|Yawn|p2a: Sock
|-start|p2a: Sock|move: Yawn|[of] p1a: Velma
|
|-heal|p2a: Sock|42/100|[from] Grassy Terrain
|upkeep
|turn|39
|
|t:|1658804366
|move|p2a: Sock|Sucker Punch||[still]
|-fail|p2a: Sock
|move|p1a: Velma|Teleport|p1a: Velma
|
|t:|1658804377
|switch|p1a: Daphne|Magearna|99/100|[from]move: Teleport
|
|-heal|p2a: Sock|48/100|[from] Grassy Terrain
|-heal|p1a: Daphne|100/100|[from] Grassy Terrain
|-end|p2a: Sock|move: Yawn|[silent]
|-status|p2a: Sock|slp
|-fieldend|move: Grassy Terrain
|upkeep
|turn|40
|
|t:|1658804390
|cant|p2a: Sock|slp
|move|p1a: Daphne|Flash Cannon|p2a: Sock
|-resisted|p2a: Sock
|-crit|p2a: Sock
|-damage|p2a: Sock|10/100 slp
|
|upkeep
|turn|41
|c|☆Ike745|the critter
|
|t:|1658804402
|-curestatus|p2a: Sock|slp|[msg]
|move|p2a: Sock|Pyro Ball|p1a: Daphne
|-supereffective|p1a: Daphne
|-damage|p1a: Daphne|0 fnt
|faint|p1a: Daphne
|
|upkeep
|
|t:|1658804431
|switch|p1a: Velma|Slowbro, M|100/100
|turn|42
|
|t:|1658804441
|move|p2a: Sock|Sucker Punch||[still]
|-fail|p2a: Sock
|move|p1a: Velma|Yawn|p2a: Sock
|-start|p2a: Sock|move: Yawn|[of] p1a: Velma
|
|upkeep
|turn|43
|
|t:|1658804451
|switch|p2a: Tarzan|Rillaboom, F|42/100
|-fieldstart|move: Grassy Terrain|[from] ability: Grassy Surge|[of] p2a: Tarzan
|move|p1a: Velma|Scald|p2a: Tarzan
|-resisted|p2a: Tarzan
|-damage|p2a: Tarzan|26/100
|
|-heal|p2a: Tarzan|33/100|[from] Grassy Terrain
|upkeep
|turn|44
|
|t:|1658804467
|switch|p1a: Shaggy|Zarude|15/100
|move|p2a: Tarzan|Grassy Glide|p1a: Shaggy
|-resisted|p1a: Shaggy
|-damage|p1a: Shaggy|0 fnt
|faint|p1a: Shaggy
|
|-heal|p2a: Tarzan|39/100|[from] Grassy Terrain
|upkeep
|
|t:|1658804475
|switch|p1a: Fred|Marshadow|100/100
|turn|45
|
|t:|1658804478
|move|p2a: Tarzan|Grassy Glide|p1a: Fred
|-damage|p1a: Fred|15/100
|move|p1a: Fred|Blaze Kick|p2a: Tarzan
|-supereffective|p2a: Tarzan
|-damage|p2a: Tarzan|0 fnt
|faint|p2a: Tarzan
|
|-heal|p1a: Fred|21/100|[from] Grassy Terrain
|upkeep
|
|t:|1658804510
|switch|p2a: Sock|Cinderace, F|10/100
|turn|46
|
|t:|1658804519
|switch|p1a: Velma|Slowbro, M|100/100
|move|p2a: Sock|Sucker Punch||[still]
|-fail|p2a: Sock
|
|-heal|p2a: Sock|16/100|[from] Grassy Terrain
|upkeep
|turn|47
|
|t:|1658804529
|move|p2a: Sock|Sucker Punch||[still]
|-fail|p2a: Sock
|move|p1a: Velma|Yawn|p2a: Sock
|-start|p2a: Sock|move: Yawn|[of] p1a: Velma
|
|-heal|p2a: Sock|22/100|[from] Grassy Terrain
|-fieldend|move: Grassy Terrain
|upkeep
|turn|48
|
|t:|1658804538
|switch|p2a: "M'Lady"|Calyrex-Shadow|100/100
|-ability|p2a: "M'Lady"|As One
|-ability|p2a: "M'Lady"|Unnerve
|move|p1a: Velma|Scald|p2a: "M'Lady"
|-damage|p2a: "M'Lady"|74/100
|
|upkeep
|turn|49
|
|t:|1658804547
|move|p2a: "M'Lady"|Astral Barrage|p1a: Velma
|-supereffective|p1a: Velma
|-damage|p1a: Velma|0 fnt
|faint|p1a: Velma
|-ability|p2a: "M'Lady"|Grim Neigh|boost
|-boost|p2a: "M'Lady"|spa|1
|
|upkeep
|
|t:|1658804553
|switch|p1a: Fred|Marshadow|21/100
|turn|50
|
|t:|1658804617
|move|p1a: Fred|Shadow Sneak|p2a: "M'Lady"
|-supereffective|p2a: "M'Lady"
|-damage|p2a: "M'Lady"|0 fnt
|faint|p2a: "M'Lady"
|
|upkeep
|
|t:|1658804621
|switch|p2a: Sock|Cinderace, F|22/100
|turn|51
|
|t:|1658804626
|move|p1a: Fred|Shadow Sneak|p2a: Sock
|-damage|p2a: Sock|0 fnt
|faint|p2a: Sock
|
|win|TopdeckPilot
|c| kek1445645|gg
|c|☆Ike745|gg
|c|☆TopdeckPilot|gg
|c| kek1445645|was the caly sash
|c| ShiftySwamps1|gg
|c|☆Ike745|no
|c| ShiftySwamps1|BRUUUUUUH
|c| ShiftySwamps1|Always sash that thing
|c|☆Ike745|nah nah nah
|c|☆TopdeckPilot|yeah I thought it was either sash or sub
|c| ShiftySwamps1|What was it
|c|☆Ike745|scarf
|c| ShiftySwamps1|MAN
|c| ShiftySwamps1|That's so unnecessary
|c|☆TopdeckPilot|man
|c|☆TopdeckPilot|he might have got me though
|c| ShiftySwamps1|Nick's the champ guy
|c| ShiftySwamps1|Absolute Chad over here
|c|☆TopdeckPilot|my marshadow is scarfed with bare minimum speed to outspeed timid caly
|c| ShiftySwamps1|Putting down the horse
|c|☆Ike745|^ thats why i scarfed
|c|☆Ike745|to garunteed have the fastest mon
|c| ShiftySwamps1|But it can always sneak
|c| kek1445645|hed prob always run sneak
|c|☆TopdeckPilot|if I pressed spectral thief I would have taken the fattest L
|c|☆Ike745|well i had lele for that
|c|☆Ike745|until it died
|c| ShiftySwamps1|And what the hell was the cinder
|c|☆TopdeckPilot|and the ONLY reason I didn't is because I knew cinderace had sucker punch
|c| ShiftySwamps1|Without u-turn
|c|☆Ike745|court change was the last move
|c| kek1445645|what was cinder set
|c| ShiftySwamps1|And the other other move?
|c|☆Ike745|pyro, high jump kick, sucker, and court change
|c|☆Ike745|he didnt bring ttar
|c| ShiftySwamps1|Ah
|c|☆Ike745|i prepped hard for it
|c| ShiftySwamps1|Makes sense
|c| kek1445645|nick has 2 beat steven twice now
|c|☆Ike745|BRO I DIDNT GET TO FLEX THE SPICIES THING
|l| ShiftySwamps1
|c|☆Ike745|non scarf ditto
|l| kek1445645
