|j|☆amnael1
|j|☆Goku Uchiha 2001
|t:|1665416770
|gametype|singles
|player|p1|amnael1|170|1818
|player|p2|Goku Uchiha 2001|dawn|2049
|teamsize|p1|6
|teamsize|p2|6
|gen|8
|tier|[Gen 8] National Dex AG
|rated|
|rule|HP Percentage Mod: HP is shown in percentages
|rule|Endless Battle Clause: Forcing endless battles is banned
|clearpoke
|poke|p1|Smeargle, F|
|poke|p1|Groudon|
|poke|p1|Espeon, M|
|poke|p1|Rayquaza|
|poke|p1|Xerneas-*|
|poke|p1|Zacian-*|
|poke|p2|Salazzle, F|
|poke|p2|Ditto|
|poke|p2|Landorus-Therian, M|
|poke|p2|Arceus-*|
|poke|p2|Necrozma-Dusk-Mane|
|poke|p2|Groudon|
|teampreview
|inactive|Battle timer is ON: inactive players will automatically lose when time's up. (requested by Goku Uchiha 2001)
|
|t:|1665416786
|start
|switch|p1a: Zacian|Zacian-Crowned|100/100
|switch|p2a: Ditto|Ditto, shiny|100/100
|-ability|p1a: Zacian|Intrepid Sword|boost
|-boost|p1a: Zacian|atk|1
|-transform|p2a: Ditto|p1a: Zacian|[from] ability: Imposter
|-ability|p2a: Ditto|Intrepid Sword|boost
|-boost|p2a: Ditto|atk|1
|turn|1
|
|t:|1665416792
|move|p2a: Ditto|Behemoth Blade|p1a: Zacian
|-damage|p1a: Zacian|0 fnt
|faint|p1a: Zacian
|
|upkeep
|
|t:|1665416796
|switch|p1a: Groudon|Groudon|100/100
|detailschange|p1a: Groudon|Groudon-Primal
|-primal|p1a: Groudon
|-weather|DesolateLand|[from] ability: Desolate Land|[of] p1a: Groudon
|turn|2
|
|t:|1665416800
|switch|p2a: Groudon|Groudon|100/100
|-ability|p2a: Groudon|Drought|[from] desolateland|[fail]
|move|p1a: Groudon|Stealth Rock|p2a: Groudon
|-sidestart|p2: Goku Uchiha 2001|move: Stealth Rock
|
|-weather|DesolateLand|[upkeep]
|upkeep
|turn|3
|
|t:|1665416805
|-weather|none
|switch|p1a: Espeon|Espeon, M|100/100
|move|p2a: Groudon|Rock Tomb|p1a: Espeon
|-damage|p1a: Espeon|60/100
|-unboost|p1a: Espeon|spe|1
|
|upkeep
|turn|4
|
|t:|1665416808
|move|p1a: Espeon|Psychic|p2a: Groudon
|-damage|p2a: Groudon|54/100
|-unboost|p2a: Groudon|spd|1
|move|p2a: Groudon|Earthquake|p1a: Espeon
|-damage|p1a: Espeon|0 fnt
|faint|p1a: Espeon
|
|-heal|p2a: Groudon|60/100|[from] item: Leftovers
|upkeep
|
|t:|1665416815
|switch|p1a: Rayquaza|Rayquaza|100/100
|-ability|p1a: Rayquaza|Air Lock
|turn|5
|
|t:|1665416822
|detailschange|p1a: Rayquaza|Rayquaza-Mega
|-mega|p1a: Rayquaza|Rayquaza|
|-weather|DeltaStream|[from] ability: Delta Stream|[of] p1a: Rayquaza
|move|p1a: Rayquaza|Dragon Dance|p1a: Rayquaza
|-boost|p1a: Rayquaza|atk|1
|-boost|p1a: Rayquaza|spe|1
|move|p2a: Groudon|Thunder Wave|p1a: Rayquaza
|-status|p1a: Rayquaza|par
|
|-weather|DeltaStream|[upkeep]
|-heal|p2a: Groudon|67/100|[from] item: Leftovers
|upkeep
|turn|6
|
|t:|1665416827
|move|p1a: Rayquaza|Dragon Dance|p1a: Rayquaza
|-boost|p1a: Rayquaza|atk|1
|-boost|p1a: Rayquaza|spe|1
|move|p2a: Groudon|Stealth Rock|p1a: Rayquaza
|-sidestart|p1: amnael1|move: Stealth Rock
|
|-weather|DeltaStream|[upkeep]
|-heal|p2a: Groudon|73/100|[from] item: Leftovers
|upkeep
|turn|7
|
|t:|1665416830
|move|p1a: Rayquaza|Dragon Ascent|p2a: Groudon
|-damage|p2a: Groudon|0 fnt
|-unboost|p1a: Rayquaza|def|1
|-unboost|p1a: Rayquaza|spd|1
|faint|p2a: Groudon
|
|-weather|DeltaStream|[upkeep]
|upkeep
|
|t:|1665416839
|switch|p2a: Salazzle|Salazzle, F, shiny|100/100
|-damage|p2a: Salazzle|76/100|[from] Stealth Rock
|turn|8
|
|t:|1665416841
|move|p2a: Salazzle|Sludge Bomb|p1a: Rayquaza
|-damage|p1a: Rayquaza|39/100 par
|move|p1a: Rayquaza|Earthquake|p2a: Salazzle
|-supereffective|p2a: Salazzle
|-damage|p2a: Salazzle|0 fnt
|faint|p2a: Salazzle
|
|-weather|DeltaStream|[upkeep]
|upkeep
|
|t:|1665416845
|switch|p2a: Ditto|Ditto, shiny|100/100
|-damage|p2a: Ditto|88/100|[from] Stealth Rock
|-transform|p2a: Ditto|p1a: Rayquaza|[from] ability: Imposter
|turn|9
|
|t:|1665416848
|move|p2a: Ditto|Extreme Speed|p1a: Rayquaza
|-damage|p1a: Rayquaza|0 fnt
|faint|p1a: Rayquaza
|
|-weather|DeltaStream|[upkeep]
|upkeep
|
|t:|1665416855
|switch|p1a: Xerneas|Xerneas|100/100
|-damage|p1a: Xerneas|88/100|[from] Stealth Rock
|-ability|p1a: Xerneas|Fairy Aura
|turn|10
|
|t:|1665416862
|move|p2a: Ditto|Extreme Speed|p1a: Xerneas
|-damage|p1a: Xerneas|43/100
|move|p1a: Xerneas|Geomancy||[still]
|-prepare|p1a: Xerneas|Geomancy
|-enditem|p1a: Xerneas|Power Herb
|-anim|p1a: Xerneas|Geomancy|p1a: Xerneas
|-boost|p1a: Xerneas|spa|2
|-boost|p1a: Xerneas|spd|2
|-boost|p1a: Xerneas|spe|2
|
|-weather|DeltaStream|[upkeep]
|upkeep
|turn|11
|
|t:|1665416868
|-start|p1a: Xerneas|Dynamax|
|-heal|p1a: Xerneas|43/100|[silent]
|move|p2a: Ditto|Extreme Speed|p1a: Xerneas
|-damage|p1a: Xerneas|18/100
|move|p1a: Xerneas|Max Starfall|p2a: Ditto
|-supereffective|p2a: Ditto
|-damage|p2a: Ditto|0 fnt
|-fieldstart|move: Misty Terrain
|faint|p2a: Ditto
|-weather|none
|
|upkeep
|
|t:|1665416876
|switch|p2a: Necrozma|Necrozma-Dusk-Mane, shiny|100/100
|-damage|p2a: Necrozma|94/100|[from] Stealth Rock
|turn|12
|
|t:|1665416885
|detailschange|p2a: Necrozma|Necrozma-Ultra, shiny
|-burst|p2a: Necrozma|Necrozma|Ultranecrozium Z
|move|p1a: Xerneas|Max Flare|p2a: Necrozma
|-resisted|p2a: Necrozma
|-damage|p2a: Necrozma|59/100
|-weather|SunnyDay
|move|p2a: Necrozma|Photon Geyser|p1a: Xerneas
|-damage|p1a: Xerneas|7/100
|
|-weather|SunnyDay|[upkeep]
|upkeep
|turn|13
|
|t:|1665416891
|move|p1a: Xerneas|Max Starfall|p2a: Necrozma
|-supereffective|p2a: Necrozma
|-damage|p2a: Necrozma|0 fnt
|faint|p2a: Necrozma
|
|-weather|SunnyDay|[upkeep]
|upkeep
|
|t:|1665416893
|switch|p2a: Arceus|Arceus|100/100
|-damage|p2a: Arceus|88/100|[from] Stealth Rock
|-end|p1a: Xerneas|Dynamax
|-heal|p1a: Xerneas|7/100|[silent]
|turn|14
|
|t:|1665416895
|move|p2a: Arceus|Extreme Speed|p1a: Xerneas
|-damage|p1a: Xerneas|0 fnt
|faint|p1a: Xerneas
|
|-weather|SunnyDay|[upkeep]
|upkeep
|j| suazd
|
|t:|1665416898
|switch|p1a: Groudon|Groudon-Primal|100/100
|-damage|p1a: Groudon|88/100|[from] Stealth Rock
|-weather|DesolateLand|[from] ability: Desolate Land|[of] p1a: Groudon
|turn|15
|
|t:|1665416907
|move|p1a: Groudon|Fire Punch|p2a: Arceus
|-damage|p2a: Arceus|43/100
|move|p2a: Arceus|Swords Dance|p2a: Arceus
|-boost|p2a: Arceus|atk|2
|
|-weather|DesolateLand|[upkeep]
|-fieldend|Misty Terrain
|upkeep
|turn|16
|
|t:|1665416910
|move|p2a: Arceus|Extreme Speed|p1a: Groudon
|-damage|p1a: Groudon|30/100
|move|p1a: Groudon|Earthquake|p2a: Arceus
|-damage|p2a: Arceus|1/100
|
|-weather|DesolateLand|[upkeep]
|upkeep
|turn|17
|
|t:|1665416914
|move|p2a: Arceus|Extreme Speed|p1a: Groudon
|-damage|p1a: Groudon|0 fnt
|faint|p1a: Groudon
|-weather|none
|
|upkeep
|
|t:|1665416916
|switch|p1a: Smeargle|Smeargle, F|100/100
|-damage|p1a: Smeargle|88/100|[from] Stealth Rock
|turn|18
|
|t:|1665416918
|move|p1a: Smeargle|Spiky Shield|p1a: Smeargle
|-singleturn|p1a: Smeargle|move: Protect
|move|p2a: Arceus|Extreme Speed|p1a: Smeargle
|-activate|p1a: Smeargle|move: Protect
|-damage|p2a: Arceus|0 fnt|[from] Spiky Shield|[of] p1a: Smeargle
|faint|p2a: Arceus
|
|-ability|p1a: Smeargle|Moody|boost
|-boost|p1a: Smeargle|spd|2
|-unboost|p1a: Smeargle|spe|1
|upkeep
|
|t:|1665416920
|switch|p2a: Landorus|Landorus-Therian, M|100/100
|-damage|p2a: Landorus|88/100|[from] Stealth Rock
|-ability|p2a: Landorus|Intimidate|boost
|-unboost|p1a: Smeargle|atk|1
|turn|19
|
|t:|1665416925
|-start|p2a: Landorus|Dynamax|
|-heal|p2a: Landorus|88/100|[silent]
|move|p2a: Landorus|Max Quake|p1a: Smeargle
|-damage|p1a: Smeargle|0 fnt
|-boost|p2a: Landorus|spd|1
|faint|p1a: Smeargle
|
|win|Goku Uchiha 2001
|raw|amnael1's rating: 1818 &rarr; <strong>1810</strong><br />(-8 for losing)
|raw|Goku Uchiha 2001's rating: 2049 &rarr; <strong>2057</strong><br />(+8 for winning)
|l|☆amnael1
