|j|☆WolfYokai
|j|☆Double Sundae
|t:|1621761794
|gametype|singles
|player|p1|WolfYokai|boarder|1636
|player|p2|Double Sundae|pokemonbreederf|1631
|teamsize|p1|6
|teamsize|p2|6
|gen|8
|tier|[Gen 8] National Dex AG
|rated|
|rule|HP Percentage Mod: HP is shown in percentages
|rule|Endless Battle Clause: Forcing endless battles is banned
|clearpoke
|poke|p1|Groudon|
|poke|p1|Ho-Oh|
|poke|p1|Rayquaza|
|poke|p1|Yveltal|
|poke|p1|Ditto|
|poke|p1|Kyogre|
|poke|p2|Necrozma-Dusk-Mane|
|poke|p2|Ho-Oh|
|poke|p2|Kyogre|
|poke|p2|Groudon|
|poke|p2|Yveltal|
|poke|p2|Calyrex-Ice|
|teampreview
|inactive|Battle timer is ON: inactive players will automatically lose when time's up. (requested by Double Sundae)
|inactive|WolfYokai also wants the timer to be on.
|
|t:|1621761802
|start
|switch|p1a: Yveltal|Yveltal|100/100
|switch|p2a: Necrozma|Necrozma-Dusk-Mane|100/100
|-ability|p1a: Yveltal|Dark Aura
|turn|1
|
|t:|1621761806
|move|p1a: Yveltal|Knock Off|p2a: Necrozma
|-supereffective|p2a: Necrozma
|-damage|p2a: Necrozma|45/100
|-damage|p1a: Yveltal|84/100|[from] item: Rocky Helmet|[of] p2a: Necrozma
|-enditem|p2a: Necrozma|Rocky Helmet|[from] move: Knock Off|[of] p1a: Yveltal
|-damage|p1a: Yveltal|74/100|[from] item: Life Orb
|move|p2a: Necrozma|Knock Off|p1a: Yveltal
|-resisted|p1a: Yveltal
|-damage|p1a: Yveltal|50/100
|-enditem|p1a: Yveltal|Life Orb|[from] move: Knock Off|[of] p2a: Necrozma
|
|upkeep
|turn|2
|
|t:|1621761815
|switch|p2a: Yveltal|Yveltal|100/100
|-ability|p2a: Yveltal|Dark Aura
|move|p1a: Yveltal|Dark Pulse|p2a: Yveltal
|-resisted|p2a: Yveltal
|-damage|p2a: Yveltal|78/100
|
|upkeep
|turn|3
|
|t:|1621761821
|switch|p1a: Ho-Oh|Ho-Oh|100/100
|move|p2a: Yveltal|Oblivion Wing|p1a: Ho-Oh
|-damage|p1a: Ho-Oh|78/100
|-heal|p2a: Yveltal|96/100|[from] drain|[of] p1a: Ho-Oh
|-damage|p2a: Yveltal|86/100|[from] item: Life Orb
|
|upkeep
|turn|4
|
|t:|1621761827
|switch|p2a: Kyogre|Kyogre|100/100
|detailschange|p2a: Kyogre|Kyogre-Primal
|-primal|p2a: Kyogre
|-weather|PrimordialSea|[from] ability: Primordial Sea|[of] p2a: Kyogre
|move|p1a: Ho-Oh|Sacred Fire||[still]
|-fail|p1a: Ho-Oh|Sacred Fire|[from] Primordial Sea
|
|-weather|PrimordialSea|[upkeep]
|upkeep
|turn|5
|
|t:|1621761832
|switch|p1a: Groudon|Groudon|100/100
|detailschange|p1a: Groudon|Groudon-Primal
|-primal|p1a: Groudon
|-weather|DesolateLand|[from] ability: Desolate Land|[of] p1a: Groudon
|move|p2a: Kyogre|Earthquake|p1a: Groudon
|-supereffective|p1a: Groudon
|-damage|p1a: Groudon|63/100
|
|-weather|DesolateLand|[upkeep]
|upkeep
|turn|6
|
|t:|1621761837
|move|p2a: Kyogre|Ice Beam|p1a: Groudon
|-damage|p1a: Groudon|32/100
|move|p1a: Groudon|Thunder Wave|p2a: Kyogre
|-status|p2a: Kyogre|par
|
|-weather|DesolateLand|[upkeep]
|upkeep
|turn|7
|
|t:|1621761842
|move|p1a: Groudon|Stealth Rock|p2a: Kyogre
|-sidestart|p2: Double Sundae|move: Stealth Rock
|move|p2a: Kyogre|Earthquake|p1a: Groudon
|-supereffective|p1a: Groudon
|-damage|p1a: Groudon|0 fnt
|faint|p1a: Groudon
|-weather|none
|
|upkeep
|
|t:|1621761854
|switch|p1a: Ho-Oh|Ho-Oh|100/100
|turn|8
|
|t:|1621761858
|move|p1a: Ho-Oh|Sacred Fire|p2a: Kyogre
|-resisted|p2a: Kyogre
|-crit|p2a: Kyogre
|-damage|p2a: Kyogre|69/100 par
|move|p2a: Kyogre|Liquidation|p1a: Ho-Oh
|-supereffective|p1a: Ho-Oh
|-damage|p1a: Ho-Oh|5/100
|-unboost|p1a: Ho-Oh|def|1
|
|upkeep
|turn|9
|
|t:|1621761867
|switch|p1a: Kyogre|Kyogre|100/100
|detailschange|p1a: Kyogre|Kyogre-Primal
|-primal|p1a: Kyogre
|-weather|PrimordialSea|[from] ability: Primordial Sea|[of] p1a: Kyogre
|move|p2a: Kyogre|Thunder Wave|p1a: Kyogre
|-status|p1a: Kyogre|par
|
|-weather|PrimordialSea|[upkeep]
|upkeep
|turn|10
|
|t:|1621761872
|switch|p2a: Groudon|Groudon|100/100
|-damage|p2a: Groudon|94/100|[from] Stealth Rock
|detailschange|p2a: Groudon|Groudon-Primal
|-primal|p2a: Groudon
|-weather|DesolateLand|[from] ability: Desolate Land|[of] p2a: Groudon
|cant|p1a: Kyogre|par
|
|-weather|DesolateLand|[upkeep]
|upkeep
|turn|11
|
|t:|1621761879
|switch|p1a: Ho-Oh|Ho-Oh|38/100
|move|p2a: Groudon|Thunder Wave|p1a: Ho-Oh
|-status|p1a: Ho-Oh|par
|
|-weather|DesolateLand|[upkeep]
|upkeep
|turn|12
|
|t:|1621761884
|move|p2a: Groudon|Rock Slide|p1a: Ho-Oh
|-supereffective|p1a: Ho-Oh
|-damage|p1a: Ho-Oh|0 fnt
|faint|p1a: Ho-Oh
|
|-weather|DesolateLand|[upkeep]
|upkeep
|
|t:|1621761887
|switch|p1a: Rayquaza|Rayquaza|100/100
|-ability|p1a: Rayquaza|Air Lock
|turn|13
|
|t:|1621761891
|detailschange|p1a: Rayquaza|Rayquaza-Mega
|-mega|p1a: Rayquaza|Rayquaza|
|-weather|DeltaStream|[from] ability: Delta Stream|[of] p1a: Rayquaza
|move|p1a: Rayquaza|Surf|p2a: Groudon
|-supereffective|p2a: Groudon
|-damage|p2a: Groudon|0 fnt
|faint|p2a: Groudon
|
|-weather|DeltaStream|[upkeep]
|upkeep
|
|t:|1621761897
|switch|p2a: Ho-Oh|Ho-Oh|100/100
|turn|14
|
|t:|1621761900
|-weather|none
|switch|p1a: Kyogre|Kyogre-Primal|100/100 par
|-weather|PrimordialSea|[from] ability: Primordial Sea|[of] p1a: Kyogre
|move|p2a: Ho-Oh|Defog|p1a: Kyogre
|-unboost|p1a: Kyogre|evasion|1
|-sideend|p2: Double Sundae|Stealth Rock|[from] move: Defog|[of] p2a: Ho-Oh
|
|-weather|PrimordialSea|[upkeep]
|upkeep
|turn|15
|
|t:|1621761908
|switch|p2a: Yveltal|Yveltal|86/100
|-ability|p2a: Yveltal|Dark Aura
|move|p1a: Kyogre|Water Spout|p2a: Yveltal
|-damage|p2a: Yveltal|0 fnt
|faint|p2a: Yveltal
|
|-weather|PrimordialSea|[upkeep]
|upkeep
|
|t:|1621761910
|switch|p2a: Calyrex|Calyrex-Ice|100/100
|-ability|p2a: Calyrex|As One
|-ability|p2a: Calyrex|Unnerve
|turn|16
|
|t:|1621761921
|move|p1a: Kyogre|Origin Pulse|p2a: Calyrex|[miss]
|-miss|p1a: Kyogre|p2a: Calyrex
|move|p2a: Calyrex|Close Combat|p1a: Kyogre
|-damage|p1a: Kyogre|37/100 par
|-unboost|p2a: Calyrex|def|1
|-unboost|p2a: Calyrex|spd|1
|
|-weather|PrimordialSea|[upkeep]
|upkeep
|turn|17
|
|t:|1621761930
|switch|p2a: Necrozma|Necrozma-Dusk-Mane|45/100
|move|p1a: Kyogre|Origin Pulse|p2a: Necrozma
|-damage|p2a: Necrozma|0 fnt
|faint|p2a: Necrozma
|
|-weather|PrimordialSea|[upkeep]
|upkeep
|
|t:|1621761935
|switch|p2a: Kyogre|Kyogre-Primal|69/100 par
|turn|18
|
|t:|1621761938
|move|p1a: Kyogre|Thunder|p2a: Kyogre
|-supereffective|p2a: Kyogre
|-damage|p2a: Kyogre|4/100 par
|cant|p2a: Kyogre|par
|
|-weather|PrimordialSea|[upkeep]
|upkeep
|turn|19
|
|t:|1621761942
|cant|p1a: Kyogre|par
|move|p2a: Kyogre|Liquidation|p1a: Kyogre
|-resisted|p1a: Kyogre
|-damage|p1a: Kyogre|0 fnt
|faint|p1a: Kyogre
|
|-weather|PrimordialSea|[upkeep]
|upkeep
|
|t:|1621761944
|switch|p1a: Yveltal|Yveltal|50/100
|-ability|p1a: Yveltal|Dark Aura
|turn|20
|
|t:|1621761949
|move|p1a: Yveltal|Oblivion Wing|p2a: Kyogre
|-damage|p2a: Kyogre|0 fnt
|-heal|p1a: Yveltal|53/100|[from] drain|[of] p2a: Kyogre
|faint|p2a: Kyogre
|-weather|none
|
|upkeep
|
|t:|1621761951
|switch|p2a: Calyrex|Calyrex-Ice|100/100
|-ability|p2a: Calyrex|As One
|-ability|p2a: Calyrex|Unnerve
|turn|21
|
|t:|1621761961
|switch|p1a: Ditto|Ditto|100/100
|-transform|p1a: Ditto|p2a: Calyrex|[from] ability: Imposter
|move|p2a: Calyrex|Trick Room|p2a: Calyrex
|-fieldstart|move: Trick Room|[of] p2a: Calyrex
|
|upkeep
|turn|22
|
|t:|1621761970
|-start|p2a: Calyrex|Dynamax
|-heal|p2a: Calyrex|100/100|[silent]
|-start|p1a: Ditto|Dynamax
|-heal|p1a: Ditto|100/100|[silent]
|move|p2a: Calyrex|Max Knuckle|p1a: Ditto
|-damage|p1a: Ditto|85/100
|-boost|p2a: Calyrex|atk|1
|move|p1a: Ditto|Max Knuckle|p2a: Calyrex
|-crit|p2a: Calyrex
|-damage|p2a: Calyrex|82/100
|-boost|p1a: Ditto|atk|1
|
|upkeep
|turn|23
|
|t:|1621761976
|move|p1a: Ditto|Max Guard|p1a: Ditto
|-singleturn|p1a: Ditto|Max Guard
|move|p2a: Calyrex|Max Knuckle|p1a: Ditto
|-activate|p1a: Ditto|move: Max Guard
|
|upkeep
|turn|24
|
|t:|1621761979
|move|p1a: Ditto|Max Knuckle|p2a: Calyrex
|-damage|p2a: Calyrex|62/100
|-boost|p1a: Ditto|atk|1
|move|p2a: Calyrex|Max Knuckle|p1a: Ditto
|-damage|p1a: Ditto|60/100
|-boost|p2a: Calyrex|atk|1
|
|-end|p1a: Ditto|Dynamax
|-heal|p1a: Ditto|60/100|[silent]
|-end|p2a: Calyrex|Dynamax
|-heal|p2a: Calyrex|62/100|[silent]
|upkeep
|turn|25
|
|t:|1621761990
|move|p2a: Calyrex|Close Combat|p1a: Ditto
|-damage|p1a: Ditto|0 fnt
|-unboost|p2a: Calyrex|def|1
|-unboost|p2a: Calyrex|spd|1
|faint|p1a: Ditto
|-ability|p2a: Calyrex|Chilling Neigh|boost
|-boost|p2a: Calyrex|atk|1
|
|-fieldend|move: Trick Room
|upkeep
|
|t:|1621761993
|switch|p1a: Yveltal|Yveltal|53/100
|-ability|p1a: Yveltal|Dark Aura
|turn|26
|
|t:|1621762002
|switch|p2a: Ho-Oh|Ho-Oh|100/100
|move|p1a: Yveltal|Dark Pulse|p2a: Ho-Oh
|-damage|p2a: Ho-Oh|76/100
|
|upkeep
|turn|27
|
|t:|1621762006
|move|p1a: Yveltal|Knock Off|p2a: Ho-Oh
|-damage|p2a: Ho-Oh|30/100
|-enditem|p2a: Ho-Oh|Heavy-Duty Boots|[from] move: Knock Off|[of] p1a: Yveltal
|move|p2a: Ho-Oh|Toxic|p1a: Yveltal
|-status|p1a: Yveltal|tox
|
|-damage|p1a: Yveltal|47/100 tox|[from] psn
|upkeep
|turn|28
|
|t:|1621762010
|move|p1a: Yveltal|Oblivion Wing|p2a: Ho-Oh
|-damage|p2a: Ho-Oh|13/100
|-heal|p1a: Yveltal|61/100 tox|[from] drain|[of] p2a: Ho-Oh
|move|p2a: Ho-Oh|Roost|p2a: Ho-Oh
|-heal|p2a: Ho-Oh|63/100
|-singleturn|p2a: Ho-Oh|move: Roost
|
|-damage|p1a: Yveltal|48/100 tox|[from] psn
|upkeep
|turn|29
|
|t:|1621762013
|switch|p1a: Rayquaza|Rayquaza-Mega|100/100
|-weather|DeltaStream|[from] ability: Delta Stream|[of] p1a: Rayquaza
|move|p2a: Ho-Oh|Roost|p2a: Ho-Oh
|-heal|p2a: Ho-Oh|100/100
|-singleturn|p2a: Ho-Oh|move: Roost
|
|-weather|DeltaStream|[upkeep]
|upkeep
|turn|30
|
|t:|1621762016
|move|p1a: Rayquaza|Outrage|p2a: Ho-Oh
|-damage|p2a: Ho-Oh|33/100
|move|p2a: Ho-Oh|Sacred Fire|p1a: Rayquaza
|-resisted|p1a: Rayquaza
|-damage|p1a: Rayquaza|77/100
|-status|p1a: Rayquaza|brn
|
|-weather|DeltaStream|[upkeep]
|-damage|p1a: Rayquaza|71/100 brn|[from] brn
|upkeep
|turn|31
|
|t:|1621762023
|move|p1a: Rayquaza|Outrage|p2a: Ho-Oh|[from]lockedmove
|-damage|p2a: Ho-Oh|0 fnt
|faint|p2a: Ho-Oh
|
|-weather|DeltaStream|[upkeep]
|-damage|p1a: Rayquaza|65/100 brn|[from] brn
|upkeep
|
|t:|1621762025
|switch|p2a: Calyrex|Calyrex-Ice|62/100
|-ability|p2a: Calyrex|As One
|-ability|p2a: Calyrex|Unnerve
|turn|32
|
|t:|1621762027
|move|p1a: Rayquaza|Outrage|p2a: Calyrex|[from]lockedmove
|-damage|p2a: Calyrex|37/100
|-start|p1a: Rayquaza|confusion|[fatigue]
|move|p2a: Calyrex|Trick Room|p2a: Calyrex
|-fieldstart|move: Trick Room|[of] p2a: Calyrex
|
|-weather|DeltaStream|[upkeep]
|-damage|p1a: Rayquaza|59/100 brn|[from] brn
|upkeep
|turn|33
|
|t:|1621762035
|move|p2a: Calyrex|Glacial Lance|p1a: Rayquaza
|-activate||deltastream
|-supereffective|p1a: Rayquaza
|-damage|p1a: Rayquaza|0 fnt
|faint|p1a: Rayquaza
|-weather|none
|-ability|p2a: Calyrex|Chilling Neigh|boost
|-boost|p2a: Calyrex|atk|1
|
|upkeep
|
|t:|1621762036
|switch|p1a: Yveltal|Yveltal|48/100 tox
|-ability|p1a: Yveltal|Dark Aura
|turn|34
|
|t:|1621762038
|move|p2a: Calyrex|Glacial Lance|p1a: Yveltal
|-supereffective|p1a: Yveltal
|-damage|p1a: Yveltal|0 fnt
|faint|p1a: Yveltal
|
|win|Double Sundae
|raw|WolfYokai's rating: 1636 &rarr; <strong>1616</strong><br />(-20 for losing)
|raw|Double Sundae's rating: 1631 &rarr; <strong>1651</strong><br />(+20 for winning)
|l|☆WolfYokai
|c|☆Double Sundae|gg
