|j|☆Takemitchy kun
|j|☆Glaliegoesboom ❤
|t:|1661357846
|gametype|singles
|player|p1|Takemitchy kun|lance-masters|
|player|p2|Glaliegoesboom ❤|cynthia-masters|
|teamsize|p1|6
|teamsize|p2|6
|gen|8
|tier|[Gen 8] National Dex AG
|rule|HP Percentage Mod: HP is shown in percentages
|rule|Endless Battle Clause: Forcing endless battles is banned
|clearpoke
|poke|p1|Tapu Koko|
|poke|p1|Arcanine, F|
|poke|p1|Marshadow|
|poke|p1|Groudon|
|poke|p1|Zamazenta-*|
|poke|p1|Dragonite, M|
|poke|p2|Diancie|
|poke|p2|Groudon|
|poke|p2|Urshifu-*, M|
|poke|p2|Giratina-Origin|
|poke|p2|Celesteela|
|poke|p2|Marshadow|
|teampreview
|inactive|Battle timer is ON: inactive players will automatically lose when time's up. (requested by Takemitchy kun)
|inactive|Glaliegoesboom ❤ also wants the timer to be on.
|
|t:|1661357856
|start
|switch|p1a: Groudon|Groudon|100/100
|switch|p2a: Diancie|Diancie|100/100
|-weather|SunnyDay|[from] ability: Drought|[of] p1a: Groudon
|turn|1
|
|t:|1661357862
|switch|p1a: Arcanine|Arcanine, F|100/100
|-ability|p1a: Arcanine|Intimidate|boost
|-fail|p2a: Diancie|unboost|[from] ability: Clear Body|[of] p2a: Diancie
|-item|p1a: Arcanine|Air Balloon
|detailschange|p2a: Diancie|Diancie-Mega
|-mega|p2a: Diancie|Diancie|Diancite
|move|p2a: Diancie|Substitute|p2a: Diancie
|-start|p2a: Diancie|Substitute
|-damage|p2a: Diancie|76/100
|
|-weather|SunnyDay|[upkeep]
|upkeep
|turn|2
|
|t:|1661357868
|move|p2a: Diancie|Moonblast|p1a: Arcanine
|-resisted|p1a: Arcanine
|-damage|p1a: Arcanine|79/100
|-enditem|p1a: Arcanine|Air Balloon
|move|p1a: Arcanine|Flare Blitz|p2a: Diancie
|-resisted|p2a: Diancie
|-end|p2a: Diancie|Substitute
|-damage|p1a: Arcanine|73/100|[from] Recoil|[of] p2a: Diancie
|
|-weather|SunnyDay|[upkeep]
|upkeep
|turn|3
|
|t:|1661357873
|switch|p1a: Zamazenta|Zamazenta|100/100
|-ability|p1a: Zamazenta|Dauntless Shield|boost
|-boost|p1a: Zamazenta|def|1
|move|p2a: Diancie|Substitute|p2a: Diancie
|-start|p2a: Diancie|Substitute
|-damage|p2a: Diancie|51/100
|
|-weather|SunnyDay|[upkeep]
|upkeep
|turn|4
|
|t:|1661357878
|move|p1a: Zamazenta|Play Rough|p2a: Diancie
|-end|p2a: Diancie|Substitute
|move|p2a: Diancie|Moonblast|p1a: Zamazenta
|-supereffective|p1a: Zamazenta
|-damage|p1a: Zamazenta|0 fnt
|faint|p1a: Zamazenta
|
|-weather|SunnyDay|[upkeep]
|upkeep
|
|t:|1661357881
|switch|p1a: Tapu Koko|Tapu Koko|100/100
|-fieldstart|move: Electric Terrain|[from] ability: Electric Surge|[of] p1a: Tapu Koko
|turn|5
|
|t:|1661357900
|switch|p2a: Urshifu|Urshifu, M|100/100
|move|p1a: Tapu Koko|Grass Knot|p2a: Urshifu
|-damage|p2a: Urshifu|47/100
|-damage|p1a: Tapu Koko|91/100|[from] item: Life Orb
|
|-weather|none
|upkeep
|turn|6
|
|t:|1661357907
|switch|p1a: Groudon|Groudon|100/100
|-weather|SunnyDay|[from] ability: Drought|[of] p1a: Groudon
|move|p2a: Urshifu|U-turn|p1a: Groudon
|-damage|p1a: Groudon|87/100
|
|t:|1661357918
|switch|p2a: Diancie|Diancie-Mega|51/100|[from]move: U-turn
|
|-weather|SunnyDay|[upkeep]
|-heal|p1a: Groudon|93/100|[from] item: Leftovers
|upkeep
|turn|7
|
|t:|1661357921
|switch|p1a: Marshadow|Marshadow|100/100
|move|p2a: Diancie|Magnet Rise|p2a: Diancie
|-start|p2a: Diancie|Magnet Rise
|
|-weather|SunnyDay|[upkeep]
|upkeep
|turn|8
|
|t:|1661357944
|move|p1a: Marshadow|Close Combat|p2a: Diancie
|-damage|p2a: Diancie|0 fnt
|-unboost|p1a: Marshadow|def|1
|-unboost|p1a: Marshadow|spd|1
|faint|p2a: Diancie
|
|-weather|SunnyDay|[upkeep]
|upkeep
|
|t:|1661357958
|switch|p2a: Urshifu|Urshifu, M|47/100
|turn|9
|
|t:|1661357962
|switch|p1a: Groudon|Groudon|93/100
|move|p2a: Urshifu|Wicked Blow|p1a: Groudon
|-crit|p1a: Groudon
|-damage|p1a: Groudon|59/100
|
|-weather|SunnyDay|[upkeep]
|-heal|p1a: Groudon|65/100|[from] item: Leftovers
|-fieldend|move: Electric Terrain
|upkeep
|turn|10
|
|t:|1661357967
|switch|p2a: Giratina|Giratina-Origin|100/100
|move|p1a: Groudon|Stealth Rock|p2a: Giratina
|-sidestart|p2: Glaliegoesboom ❤|move: Stealth Rock
|
|-weather|none
|-heal|p1a: Groudon|71/100|[from] item: Leftovers
|upkeep
|turn|11
|
|t:|1661357969
|move|p2a: Giratina|Toxic|p1a: Groudon
|-status|p1a: Groudon|tox
|move|p1a: Groudon|Toxic|p2a: Giratina|[miss]
|-miss|p1a: Groudon|p2a: Giratina
|
|-heal|p1a: Groudon|77/100 tox|[from] item: Leftovers
|-damage|p1a: Groudon|71/100 tox|[from] psn
|upkeep
|turn|12
|
|t:|1661357973
|move|p2a: Giratina|Defog|p1a: Groudon
|-unboost|p1a: Groudon|evasion|1
|-sideend|p2: Glaliegoesboom ❤|Stealth Rock|[from] move: Defog|[of] p2a: Giratina
|move|p1a: Groudon|Toxic|p2a: Giratina|[miss]
|-miss|p1a: Groudon|p2a: Giratina
|
|-heal|p1a: Groudon|77/100 tox|[from] item: Leftovers
|-damage|p1a: Groudon|65/100 tox|[from] psn
|upkeep
|turn|13
|
|t:|1661357978
|move|p2a: Giratina|Toxic|p1a: Groudon
|-fail|p1a: Groudon|tox
|move|p1a: Groudon|Stealth Rock|p2a: Giratina
|-sidestart|p2: Glaliegoesboom ❤|move: Stealth Rock
|
|-heal|p1a: Groudon|71/100 tox|[from] item: Leftovers
|-damage|p1a: Groudon|52/100 tox|[from] psn
|upkeep
|turn|14
|
|t:|1661357979
|move|p2a: Giratina|Defog|p1a: Groudon
|-unboost|p1a: Groudon|evasion|1
|-sideend|p2: Glaliegoesboom ❤|Stealth Rock|[from] move: Defog|[of] p2a: Giratina
|move|p1a: Groudon|Toxic|p2a: Giratina
|-status|p2a: Giratina|tox
|
|-heal|p1a: Groudon|59/100 tox|[from] item: Leftovers
|-damage|p2a: Giratina|94/100 tox|[from] psn
|-damage|p1a: Groudon|34/100 tox|[from] psn
|upkeep
|turn|15
|
|t:|1661357987
|move|p2a: Giratina|Toxic|p1a: Groudon
|-fail|p1a: Groudon|tox
|move|p1a: Groudon|Rest|p1a: Groudon
|-status|p1a: Groudon|slp|[from] move: Rest
|-heal|p1a: Groudon|100/100 slp|[silent]
|
|-damage|p2a: Giratina|82/100 tox|[from] psn
|upkeep
|turn|16
|
|t:|1661358002
|switch|p2a: Celesteela|Celesteela|100/100
|switch|p1a: Tapu Koko|Tapu Koko|91/100
|-fieldstart|move: Electric Terrain|[from] ability: Electric Surge|[of] p1a: Tapu Koko
|
|upkeep
|turn|17
|
|t:|1661358018
|switch|p2a: Groudon|Groudon|100/100
|-weather|SunnyDay|[from] ability: Drought|[of] p2a: Groudon
|move|p1a: Tapu Koko|Thunderbolt|p2a: Groudon
|-immune|p2a: Groudon
|
|-weather|SunnyDay|[upkeep]
|upkeep
|turn|18
|
|t:|1661358024
|switch|p1a: Groudon|Groudon|100/100 slp
|move|p2a: Groudon|Swords Dance|p2a: Groudon
|-boost|p2a: Groudon|atk|2
|
|-weather|SunnyDay|[upkeep]
|upkeep
|turn|19
|
|t:|1661358037
|switch|p1a: Dragonite|Dragonite, M|100/100
|move|p2a: Groudon|Swords Dance|p2a: Groudon
|-boost|p2a: Groudon|atk|2
|
|-weather|SunnyDay|[upkeep]
|upkeep
|turn|20
|c|☆Takemitchy kun|Fudge
|
|t:|1661358048
|-start|p1a: Dragonite|Dynamax|
|-heal|p1a: Dragonite|100/100|[silent]
|-start|p2a: Groudon|Dynamax|
|-heal|p2a: Groudon|100/100|[silent]
|move|p1a: Dragonite|Max Wyrmwind|p2a: Groudon
|-damage|p2a: Groudon|75/100
|-unboost|p2a: Groudon|atk|1
|move|p2a: Groudon|Max Airstream|p1a: Dragonite
|-damage|p1a: Dragonite|69/100
|-boost|p2a: Groudon|spe|1
|
|-weather|SunnyDay|[upkeep]
|-fieldend|move: Electric Terrain
|upkeep
|turn|21
|
|t:|1661358053
|move|p2a: Groudon|Max Rockfall|p1a: Dragonite
|-supereffective|p1a: Dragonite
|-damage|p1a: Dragonite|0 fnt
|-weather|Sandstorm
|faint|p1a: Dragonite
|
|-weather|Sandstorm|[upkeep]
|upkeep
|c|☆Takemitchy kun|Ggwp
|c|☆Glaliegoesboom ❤|Gg
|
|t:|1661358077
|switch|p1a: Tapu Koko|Tapu Koko|91/100
|-fieldstart|move: Electric Terrain|[from] ability: Electric Surge|[of] p1a: Tapu Koko
|turn|22
|
|t:|1661358081
|move|p2a: Groudon|Max Quake|p1a: Tapu Koko
|-supereffective|p1a: Tapu Koko
|-damage|p1a: Tapu Koko|0 fnt
|-boost|p2a: Groudon|spd|1
|faint|p1a: Tapu Koko
|
|-weather|Sandstorm|[upkeep]
|upkeep
|
|t:|1661358083
|switch|p1a: Marshadow|Marshadow|100/100
|-end|p2a: Groudon|Dynamax
|-heal|p2a: Groudon|75/100|[silent]
|turn|23
|
|t:|1661358086
|move|p2a: Groudon|Aerial Ace|p1a: Marshadow
|-supereffective|p1a: Marshadow
|-damage|p1a: Marshadow|0 fnt
|faint|p1a: Marshadow
|
|-weather|Sandstorm|[upkeep]
|upkeep
|
|t:|1661358089
|switch|p1a: Arcanine|Arcanine, F|73/100
|-ability|p1a: Arcanine|Intimidate|boost
|-unboost|p2a: Groudon|atk|1
|turn|24
|
|t:|1661358092
|move|p2a: Groudon|Precipice Blades|p1a: Arcanine
|-supereffective|p1a: Arcanine
|-damage|p1a: Arcanine|0 fnt
|faint|p1a: Arcanine
|
|-weather|Sandstorm|[upkeep]
|upkeep
|
|t:|1661358093
|switch|p1a: Groudon|Groudon|100/100 slp
|-weather|SunnyDay|[from] ability: Drought|[of] p1a: Groudon
|turn|25
|
|t:|1661358095
|move|p2a: Groudon|Precipice Blades|p1a: Groudon
|-damage|p1a: Groudon|24/100 slp
|cant|p1a: Groudon|slp
|
|-weather|SunnyDay|[upkeep]
|-heal|p1a: Groudon|30/100 slp|[from] item: Leftovers
|upkeep
|turn|26
|
|t:|1661358097
|move|p2a: Groudon|Aerial Ace|p1a: Groudon
|-damage|p1a: Groudon|3/100 slp
|cant|p1a: Groudon|slp
|
|-weather|SunnyDay|[upkeep]
|-heal|p1a: Groudon|10/100 slp|[from] item: Leftovers
|-fieldend|move: Electric Terrain
|upkeep
|turn|27
|c|☆Takemitchy kun|Lmao
|
|t:|1661358111
|move|p2a: Groudon|Aerial Ace|p1a: Groudon
|-damage|p1a: Groudon|0 fnt
|faint|p1a: Groudon
|
|win|Glaliegoesboom ❤
|l|☆Takemitchy kun
|j|☆Takemitchy kun
|player|p1|Takemitchy kun|lance-masters
