|j|☆PhantomReRebirth
|j|☆Wyvern.xyz
|t:|1662435876
|gametype|singles
|player|p1|PhantomReRebirth|lucas|1644
|player|p2|Wyvern.xyz|hugh|1782
|teamsize|p1|6
|teamsize|p2|6
|gen|8
|tier|[Gen 8] National Dex AG
|rated|
|rule|HP Percentage Mod: HP is shown in percentages
|rule|Endless Battle Clause: Forcing endless battles is banned
|clearpoke
|poke|p1|Arceus-*|
|poke|p1|Arceus-*|
|poke|p1|Lugia|
|poke|p1|Arceus-*|
|poke|p1|Chansey, F|
|poke|p1|Quagsire, M|
|poke|p2|Rayquaza|
|poke|p2|Yveltal|
|poke|p2|Groudon|
|poke|p2|Arceus-*|
|poke|p2|Ditto|
|poke|p2|Yveltal|
|teampreview
|
|t:|1662435883
|start
|switch|p1a: Arceus|Arceus-Fairy|100/100
|switch|p2a: Groudon|Groudon|100/100
|detailschange|p2a: Groudon|Groudon-Primal
|-primal|p2a: Groudon
|-weather|DesolateLand|[from] ability: Desolate Land|[of] p2a: Groudon
|turn|1
|inactive|Battle timer is ON: inactive players will automatically lose when time's up. (requested by PhantomReRebirth)
|
|t:|1662435893
|move|p1a: Arceus|Judgment|p2a: Groudon
|-resisted|p2a: Groudon
|-damage|p2a: Groudon|84/100
|move|p2a: Groudon|Toxic|p1a: Arceus
|-status|p1a: Arceus|tox
|
|-weather|DesolateLand|[upkeep]
|-damage|p1a: Arceus|94/100 tox|[from] psn
|upkeep
|turn|2
|
|t:|1662435897
|move|p1a: Arceus|Refresh|p1a: Arceus
|-curestatus|p1a: Arceus|tox|[msg]
|move|p2a: Groudon|Stealth Rock|p1a: Arceus
|-sidestart|p1: PhantomReRebirth|move: Stealth Rock
|
|-weather|DesolateLand|[upkeep]
|upkeep
|turn|3
|
|t:|1662435901
|move|p1a: Arceus|Judgment|p2a: Groudon
|-resisted|p2a: Groudon
|-damage|p2a: Groudon|68/100
|move|p2a: Groudon|Toxic|p1a: Arceus|[miss]
|-miss|p2a: Groudon|p1a: Arceus
|
|-weather|DesolateLand|[upkeep]
|upkeep
|turn|4
|
|t:|1662435904
|move|p1a: Arceus|Judgment|p2a: Groudon
|-resisted|p2a: Groudon
|-damage|p2a: Groudon|53/100
|move|p2a: Groudon|Precipice Blades|p1a: Arceus
|-crit|p1a: Arceus
|-damage|p1a: Arceus|40/100
|
|-weather|DesolateLand|[upkeep]
|upkeep
|turn|5
|
|t:|1662435906
|move|p1a: Arceus|Recover|p1a: Arceus
|-heal|p1a: Arceus|90/100
|move|p2a: Groudon|Toxic|p1a: Arceus
|-status|p1a: Arceus|tox
|
|-weather|DesolateLand|[upkeep]
|-damage|p1a: Arceus|84/100 tox|[from] psn
|upkeep
|turn|6
|
|t:|1662435909
|move|p1a: Arceus|Refresh|p1a: Arceus
|-curestatus|p1a: Arceus|tox|[msg]
|move|p2a: Groudon|Precipice Blades|p1a: Arceus
|-damage|p1a: Arceus|51/100
|
|-weather|DesolateLand|[upkeep]
|upkeep
|turn|7
|
|t:|1662435912
|move|p1a: Arceus|Recover|p1a: Arceus
|-heal|p1a: Arceus|100/100
|move|p2a: Groudon|Toxic|p1a: Arceus
|-status|p1a: Arceus|tox
|
|-weather|DesolateLand|[upkeep]
|-damage|p1a: Arceus|94/100 tox|[from] psn
|upkeep
|turn|8
|
|t:|1662435917
|move|p1a: Arceus|Refresh|p1a: Arceus
|-curestatus|p1a: Arceus|tox|[msg]
|move|p2a: Groudon|Precipice Blades|p1a: Arceus|[miss]
|-miss|p2a: Groudon|p1a: Arceus
|
|-weather|DesolateLand|[upkeep]
|upkeep
|turn|9
|
|t:|1662435921
|move|p1a: Arceus|Judgment|p2a: Groudon
|-resisted|p2a: Groudon
|-damage|p2a: Groudon|39/100
|move|p2a: Groudon|Toxic|p1a: Arceus
|-status|p1a: Arceus|tox
|
|-weather|DesolateLand|[upkeep]
|-damage|p1a: Arceus|88/100 tox|[from] psn
|upkeep
|turn|10
|
|t:|1662435924
|move|p1a: Arceus|Refresh|p1a: Arceus
|-curestatus|p1a: Arceus|tox|[msg]
|move|p2a: Groudon|Overheat|p1a: Arceus
|-damage|p1a: Arceus|30/100
|-unboost|p2a: Groudon|spa|2
|
|-weather|DesolateLand|[upkeep]
|upkeep
|turn|11
|
|t:|1662435931
|-weather|none
|switch|p2a: Arceus|Arceus-Ground|100/100
|move|p1a: Arceus|Recover|p1a: Arceus
|-heal|p1a: Arceus|80/100
|
|upkeep
|turn|12
|
|t:|1662435934
|move|p1a: Arceus|Will-O-Wisp|p2a: Arceus
|-status|p2a: Arceus|brn
|move|p2a: Arceus|Swords Dance|p2a: Arceus
|-boost|p2a: Arceus|atk|2
|
|-damage|p2a: Arceus|94/100 brn|[from] brn
|upkeep
|turn|13
|
|t:|1662435950
|move|p1a: Arceus|Judgment|p2a: Arceus
|-damage|p2a: Arceus|64/100 brn
|move|p2a: Arceus|Swords Dance|p2a: Arceus
|-boost|p2a: Arceus|atk|2
|
|-damage|p2a: Arceus|58/100 brn|[from] brn
|upkeep
|turn|14
|
|t:|1662435953
|move|p1a: Arceus|Recover|p1a: Arceus
|-heal|p1a: Arceus|100/100
|move|p2a: Arceus|Recover|p2a: Arceus
|-heal|p2a: Arceus|100/100 brn
|
|-damage|p2a: Arceus|94/100 brn|[from] brn
|upkeep
|turn|15
|
|t:|1662435956
|move|p1a: Arceus|Judgment|p2a: Arceus
|-damage|p2a: Arceus|65/100 brn
|move|p2a: Arceus|Swords Dance|p2a: Arceus
|-boost|p2a: Arceus|atk|2
|
|-damage|p2a: Arceus|59/100 brn|[from] brn
|upkeep
|turn|16
|
|t:|1662435960
|switch|p1a: Quagsire|Quagsire, M|100/100
|-damage|p1a: Quagsire|94/100|[from] Stealth Rock
|move|p2a: Arceus|Recover|p2a: Arceus
|-heal|p2a: Arceus|100/100 brn
|
|-heal|p1a: Quagsire|100/100|[from] item: Leftovers
|-damage|p2a: Arceus|94/100 brn|[from] brn
|upkeep
|turn|17
|
|t:|1662435963
|switch|p2a: Groudon|Groudon-Primal|39/100
|-weather|DesolateLand|[from] ability: Desolate Land|[of] p2a: Groudon
|move|p1a: Quagsire|Scald||[still]
|-fail|p1a: Quagsire|Scald|[from] Desolate Land
|
|-weather|DesolateLand|[upkeep]
|upkeep
|turn|18
|
|t:|1662435966
|move|p1a: Quagsire|Protect|p1a: Quagsire
|-singleturn|p1a: Quagsire|Protect
|move|p2a: Groudon|Toxic|p1a: Quagsire
|-activate|p1a: Quagsire|move: Protect
|
|-weather|DesolateLand|[upkeep]
|upkeep
|turn|19
|
|t:|1662435969
|move|p2a: Groudon|Overheat|p1a: Quagsire
|-resisted|p1a: Quagsire
|-damage|p1a: Quagsire|43/100
|-unboost|p2a: Groudon|spa|2
|move|p1a: Quagsire|Earthquake|p2a: Groudon
|-supereffective|p2a: Groudon
|-damage|p2a: Groudon|4/100
|
|-weather|DesolateLand|[upkeep]
|-heal|p1a: Quagsire|49/100|[from] item: Leftovers
|upkeep
|turn|20
|
|t:|1662435976
|move|p1a: Quagsire|Protect|p1a: Quagsire
|-singleturn|p1a: Quagsire|Protect
|move|p2a: Groudon|Toxic|p1a: Quagsire
|-activate|p1a: Quagsire|move: Protect
|
|-weather|DesolateLand|[upkeep]
|-heal|p1a: Quagsire|55/100|[from] item: Leftovers
|upkeep
|turn|21
|
|t:|1662435980
|move|p2a: Groudon|Toxic|p1a: Quagsire
|-status|p1a: Quagsire|tox
|move|p1a: Quagsire|Recover|p1a: Quagsire
|-heal|p1a: Quagsire|100/100 tox
|
|-weather|DesolateLand|[upkeep]
|-damage|p1a: Quagsire|94/100 tox|[from] psn
|upkeep
|turn|22
|
|t:|1662435984
|-weather|none
|switch|p2a: Arceus|Arceus-Ground|94/100 brn
|move|p1a: Quagsire|Earthquake|p2a: Arceus
|-damage|p2a: Arceus|79/100 brn
|
|-heal|p1a: Quagsire|100/100 tox|[from] item: Leftovers
|-damage|p1a: Quagsire|88/100 tox|[from] psn
|-damage|p2a: Arceus|73/100 brn|[from] brn
|upkeep
|turn|23
|
|t:|1662435991
|switch|p1a: Lugia|Lugia|100/100
|move|p2a: Arceus|Recover|p2a: Arceus
|-heal|p2a: Arceus|100/100 brn
|
|-damage|p2a: Arceus|94/100 brn|[from] brn
|upkeep
|turn|24
|
|t:|1662435995
|switch|p2a: Groudon|Groudon-Primal|4/100
|-weather|DesolateLand|[from] ability: Desolate Land|[of] p2a: Groudon
|move|p1a: Lugia|Ice Beam|p2a: Groudon
|-damage|p2a: Groudon|0 fnt
|faint|p2a: Groudon
|-weather|none
|
|upkeep
|
|t:|1662436003
|switch|p2a: Rayquaza|Rayquaza|100/100
|-ability|p2a: Rayquaza|Air Lock
|turn|25
|
|t:|1662436007
|detailschange|p2a: Rayquaza|Rayquaza-Mega
|-mega|p2a: Rayquaza|Rayquaza|
|-weather|DeltaStream|[from] ability: Delta Stream|[of] p2a: Rayquaza
|-start|p1a: Lugia|Dynamax|
|-heal|p1a: Lugia|100/100|[silent]
|move|p2a: Rayquaza|Dragon Ascent|p1a: Lugia
|-damage|p1a: Lugia|84/100
|-unboost|p2a: Rayquaza|def|1
|-unboost|p2a: Rayquaza|spd|1
|move|p1a: Lugia|Max Airstream|p2a: Rayquaza
|-crit|p2a: Rayquaza
|-damage|p2a: Rayquaza|8/100
|-boost|p1a: Lugia|spe|1
|
|-weather|DeltaStream|[upkeep]
|upkeep
|turn|26
|
|t:|1662436013
|-weather|none
|switch|p2a: Arceus|Arceus-Ground|94/100 brn
|move|p1a: Lugia|Max Airstream|p2a: Arceus
|-damage|p2a: Arceus|65/100 brn
|-boost|p1a: Lugia|spe|1
|
|-damage|p2a: Arceus|59/100 brn|[from] brn
|upkeep
|turn|27
|
|t:|1662436016
|move|p1a: Lugia|Max Hailstorm|p2a: Arceus
|-supereffective|p2a: Arceus
|-damage|p2a: Arceus|25/100 brn
|-weather|Hail
|move|p2a: Arceus|Recover|p2a: Arceus
|-heal|p2a: Arceus|75/100 brn
|
|-weather|Hail|[upkeep]
|-damage|p1a: Lugia|81/100|[from] Hail
|-damage|p2a: Arceus|69/100 brn|[from] Hail
|-damage|p2a: Arceus|63/100 brn|[from] brn
|upkeep
|-end|p1a: Lugia|Dynamax
|-heal|p1a: Lugia|81/100|[silent]
|turn|28
|
|t:|1662436020
|move|p1a: Lugia|Ice Beam|p2a: Arceus
|-supereffective|p2a: Arceus
|-damage|p2a: Arceus|39/100 brn
|move|p2a: Arceus|Recover|p2a: Arceus
|-heal|p2a: Arceus|89/100 brn
|
|-weather|Hail|[upkeep]
|-damage|p1a: Lugia|75/100|[from] Hail
|-damage|p2a: Arceus|82/100 brn|[from] Hail
|-damage|p2a: Arceus|76/100 brn|[from] brn
|upkeep
|turn|29
|
|t:|1662436024
|move|p1a: Lugia|Roost|p1a: Lugia
|-heal|p1a: Lugia|100/100
|-singleturn|p1a: Lugia|move: Roost
|move|p2a: Arceus|Recover|p2a: Arceus
|-heal|p2a: Arceus|100/100 brn
|
|-weather|Hail|[upkeep]
|-damage|p1a: Lugia|94/100|[from] Hail
|-damage|p2a: Arceus|94/100 brn|[from] Hail
|-damage|p2a: Arceus|88/100 brn|[from] brn
|upkeep
|turn|30
|
|t:|1662436026
|move|p1a: Lugia|Ice Beam|p2a: Arceus
|-supereffective|p2a: Arceus
|-damage|p2a: Arceus|65/100 brn
|move|p2a: Arceus|Recover|p2a: Arceus
|-heal|p2a: Arceus|100/100 brn
|
|-weather|Hail|[upkeep]
|-damage|p1a: Lugia|88/100|[from] Hail
|-damage|p2a: Arceus|94/100 brn|[from] Hail
|-damage|p2a: Arceus|88/100 brn|[from] brn
|upkeep
|turn|31
|
|t:|1662436029
|move|p1a: Lugia|Ice Beam|p2a: Arceus
|-supereffective|p2a: Arceus
|-crit|p2a: Arceus
|-damage|p2a: Arceus|51/100 brn
|move|p2a: Arceus|Recover|p2a: Arceus
|-heal|p2a: Arceus|100/100 brn
|
|-weather|none
|-damage|p2a: Arceus|94/100 brn|[from] brn
|upkeep
|turn|32
|
|t:|1662436032
|move|p1a: Lugia|Roost|p1a: Lugia
|-heal|p1a: Lugia|100/100
|-singleturn|p1a: Lugia|move: Roost
|move|p2a: Arceus|Swords Dance|p2a: Arceus
|-boost|p2a: Arceus|atk|2
|
|-damage|p2a: Arceus|88/100 brn|[from] brn
|upkeep
|turn|33
|
|t:|1662436036
|move|p1a: Lugia|Ice Beam|p2a: Arceus
|-supereffective|p2a: Arceus
|-damage|p2a: Arceus|63/100 brn
|move|p2a: Arceus|Swords Dance|p2a: Arceus
|-boost|p2a: Arceus|atk|2
|
|-damage|p2a: Arceus|57/100 brn|[from] brn
|upkeep
|turn|34
|
|t:|1662436039
|move|p1a: Lugia|Ice Beam|p2a: Arceus
|-supereffective|p2a: Arceus
|-damage|p2a: Arceus|32/100 brn
|move|p2a: Arceus|Recover|p2a: Arceus
|-heal|p2a: Arceus|82/100 brn
|
|-damage|p2a: Arceus|76/100 brn|[from] brn
|upkeep
|turn|35
|
|t:|1662436043
|move|p1a: Lugia|Ice Beam|p2a: Arceus
|-supereffective|p2a: Arceus
|-damage|p2a: Arceus|51/100 brn
|move|p2a: Arceus|Stone Edge|p1a: Lugia
|-supereffective|p1a: Lugia
|-damage|p1a: Lugia|82/100
|
|-damage|p2a: Arceus|45/100 brn|[from] brn
|upkeep
|turn|36
|
|t:|1662436048
|switch|p2a: Rayquaza|Rayquaza-Mega|8/100
|-weather|DeltaStream|[from] ability: Delta Stream|[of] p2a: Rayquaza
|move|p1a: Lugia|Aeroblast|p2a: Rayquaza
|-damage|p2a: Rayquaza|0 fnt
|faint|p2a: Rayquaza
|-weather|none
|
|upkeep
|
|t:|1662436050
|switch|p2a: Yveltal|Yveltal|100/100
|-ability|p2a: Yveltal|Dark Aura
|turn|37
|
|t:|1662436053
|move|p1a: Lugia|Roost|p1a: Lugia
|-heal|p1a: Lugia|100/100
|-singleturn|p1a: Lugia|move: Roost
|move|p2a: Yveltal|Dark Pulse|p1a: Lugia
|-supereffective|p1a: Lugia
|-damage|p1a: Lugia|54/100
|-damage|p2a: Yveltal|91/100|[from] item: Life Orb
|
|upkeep
|turn|38
|
|t:|1662436062
|move|p1a: Lugia|Roost|p1a: Lugia
|-heal|p1a: Lugia|100/100
|-singleturn|p1a: Lugia|move: Roost
|move|p2a: Yveltal|Dark Pulse|p1a: Lugia
|-supereffective|p1a: Lugia
|-damage|p1a: Lugia|56/100
|-damage|p2a: Yveltal|81/100|[from] item: Life Orb
|
|upkeep
|turn|39
|
|t:|1662436064
|move|p1a: Lugia|Roost|p1a: Lugia
|-heal|p1a: Lugia|100/100
|-singleturn|p1a: Lugia|move: Roost
|move|p2a: Yveltal|Dark Pulse|p1a: Lugia
|-supereffective|p1a: Lugia
|-damage|p1a: Lugia|56/100
|-damage|p2a: Yveltal|71/100|[from] item: Life Orb
|
|upkeep
|turn|40
|
|t:|1662436067
|-start|p2a: Yveltal|Dynamax|
|-heal|p2a: Yveltal|71/100|[silent]
|move|p1a: Lugia|Roost|p1a: Lugia
|-heal|p1a: Lugia|100/100
|-singleturn|p1a: Lugia|move: Roost
|move|p2a: Yveltal|Max Darkness|p1a: Lugia
|-supereffective|p1a: Lugia
|-damage|p1a: Lugia|33/100
|-unboost|p1a: Lugia|spd|1
|-damage|p2a: Yveltal|66/100|[from] item: Life Orb
|
|upkeep
|turn|41
|
|t:|1662436070
|switch|p1a: Chansey|Chansey, F|100/100
|-damage|p1a: Chansey|88/100|[from] Stealth Rock
|move|p2a: Yveltal|Max Darkness|p1a: Chansey
|-damage|p1a: Chansey|59/100
|-unboost|p1a: Chansey|spd|1
|-damage|p2a: Yveltal|61/100|[from] item: Life Orb
|
|upkeep
|turn|42
|
|t:|1662436075
|switch|p1a: Arceus|Arceus-Dark|100/100
|-damage|p1a: Arceus|88/100|[from] Stealth Rock
|move|p2a: Yveltal|Max Darkness|p1a: Arceus
|-resisted|p1a: Arceus
|-damage|p1a: Arceus|56/100
|-unboost|p1a: Arceus|spd|1
|-damage|p2a: Yveltal|56/100|[from] item: Life Orb
|
|upkeep
|-end|p2a: Yveltal|Dynamax
|-heal|p2a: Yveltal|56/100|[silent]
|turn|43
|
|t:|1662436077
|move|p2a: Yveltal|Oblivion Wing|p1a: Arceus
|-damage|p1a: Arceus|13/100
|-heal|p2a: Yveltal|92/100|[from] drain|[of] p1a: Arceus
|-damage|p2a: Yveltal|82/100|[from] item: Life Orb
|move|p1a: Arceus|Recover|p1a: Arceus
|-heal|p1a: Arceus|63/100
|
|upkeep
|turn|44
|
|t:|1662436081
|move|p2a: Yveltal|Oblivion Wing|p1a: Arceus
|-damage|p1a: Arceus|18/100
|-heal|p2a: Yveltal|100/100|[from] drain|[of] p1a: Arceus
|-damage|p2a: Yveltal|91/100|[from] item: Life Orb
|move|p1a: Arceus|Recover|p1a: Arceus
|-heal|p1a: Arceus|68/100
|
|upkeep
|turn|45
|
|t:|1662436085
|move|p2a: Yveltal|Oblivion Wing|p1a: Arceus
|-damage|p1a: Arceus|24/100
|-heal|p2a: Yveltal|100/100|[from] drain|[of] p1a: Arceus
|-damage|p2a: Yveltal|91/100|[from] item: Life Orb
|move|p1a: Arceus|Recover|p1a: Arceus
|-heal|p1a: Arceus|74/100
|
|upkeep
|turn|46
|
|t:|1662436090
|move|p2a: Yveltal|Oblivion Wing|p1a: Arceus
|-damage|p1a: Arceus|26/100
|-heal|p2a: Yveltal|100/100|[from] drain|[of] p1a: Arceus
|-damage|p2a: Yveltal|91/100|[from] item: Life Orb
|move|p1a: Arceus|Toxic|p2a: Yveltal
|-status|p2a: Yveltal|tox
|
|-damage|p2a: Yveltal|84/100 tox|[from] psn
|upkeep
|turn|47
|
|t:|1662436101
|switch|p1a: Arceus|Arceus-Fairy|100/100
|-damage|p1a: Arceus|88/100|[from] Stealth Rock
|move|p2a: Yveltal|Oblivion Wing|p1a: Arceus
|-damage|p1a: Arceus|51/100
|-heal|p2a: Yveltal|100/100 tox|[from] drain|[of] p1a: Arceus
|-damage|p2a: Yveltal|91/100 tox|[from] item: Life Orb
|
|-damage|p2a: Yveltal|78/100 tox|[from] psn
|upkeep
|turn|48
|
|t:|1662436103
|move|p2a: Yveltal|Oblivion Wing|p1a: Arceus
|-damage|p1a: Arceus|11/100
|-heal|p2a: Yveltal|100/100 tox|[from] drain|[of] p1a: Arceus
|-damage|p2a: Yveltal|91/100 tox|[from] item: Life Orb
|move|p1a: Arceus|Recover|p1a: Arceus
|-heal|p1a: Arceus|61/100
|
|-damage|p2a: Yveltal|72/100 tox|[from] psn
|upkeep
|turn|49
|
|t:|1662436107
|move|p2a: Yveltal|Oblivion Wing|p1a: Arceus
|-damage|p1a: Arceus|19/100
|-heal|p2a: Yveltal|100/100 tox|[from] drain|[of] p1a: Arceus
|-damage|p2a: Yveltal|91/100 tox|[from] item: Life Orb
|move|p1a: Arceus|Recover|p1a: Arceus
|-heal|p1a: Arceus|69/100
|
|-damage|p2a: Yveltal|66/100 tox|[from] psn
|upkeep
|turn|50
|
|t:|1662436110
|move|p2a: Yveltal|Oblivion Wing|p1a: Arceus
|-damage|p1a: Arceus|31/100
|-heal|p2a: Yveltal|98/100 tox|[from] drain|[of] p1a: Arceus
|-damage|p2a: Yveltal|88/100 tox|[from] item: Life Orb
|move|p1a: Arceus|Recover|p1a: Arceus
|-heal|p1a: Arceus|81/100
|
|-damage|p2a: Yveltal|58/100 tox|[from] psn
|upkeep
|turn|51
|-message|Wyvern.xyz forfeited.
|
|win|PhantomReRebirth
|raw|PhantomReRebirth's rating: 1644 &rarr; <strong>1672</strong><br />(+28 for winning)
|raw|Wyvern.xyz's rating: 1782 &rarr; <strong>1754</strong><br />(-28 for losing)
|l|☆Wyvern.xyz
||Ladder isn't responding, score probably updated but might not have (Request timeout).
