|j|☆starkorea74
|j|☆Werlin25
|t:|1597765440
|player|p1|starkorea74|cynthia|1851
|player|p2|Werlin25|wattson|1575
|teamsize|p1|6
|teamsize|p2|6
|gametype|singles
|gen|8
|tier|[Gen 8] National Dex AG
|rated|
|clearpoke
|poke|p1|Necrozma-Dusk-Mane|
|poke|p1|Ho-Oh|
|poke|p1|Ditto|
|poke|p1|Arceus-*|
|poke|p1|Rayquaza|
|poke|p1|Yveltal|
|poke|p2|Marshadow|
|poke|p2|Arceus-*|
|poke|p2|Cinderace, F|
|poke|p2|Yveltal|
|poke|p2|Groudon|
|poke|p2|Kyogre|
|rule|HP Percentage Mod: HP is shown in percentages
|rule|Endless Battle Clause: Forcing endless battles is banned
|teampreview
|inactive|Battle timer is ON: inactive players will automatically lose when time's up. (requested by Werlin25)
|
|t:|1597765471
|start
|switch|p1a: Rayquaza|Rayquaza|100/100
|switch|p2a: Yveltal|Yveltal|100/100
|-ability|p2a: Yveltal|Dark Aura
|-ability|p1a: Rayquaza|Air Lock
|turn|1
|
|t:|1597765479
|switch|p1a: Arceus|Arceus-Dark|100/100
|-start|p2a: Yveltal|Dynamax
|-heal|p2a: Yveltal|100/100|[silent]
|move|p2a: Yveltal|Max Airstream|p1a: Arceus
|-damage|p1a: Arceus|61/100
|-boost|p2a: Yveltal|spe|1
|-damage|p2a: Yveltal|96/100|[from] item: Life Orb
|
|upkeep
|turn|2
|
|t:|1597765501
|move|p2a: Yveltal|Max Flare|p1a: Arceus
|-damage|p1a: Arceus|33/100
|-weather|SunnyDay
|-damage|p2a: Yveltal|91/100|[from] item: Life Orb
|move|p1a: Arceus|Recover|p1a: Arceus
|-heal|p1a: Arceus|83/100
|
|-weather|SunnyDay|[upkeep]
|upkeep
|turn|3
|
|t:|1597765515
|move|p2a: Yveltal|Max Airstream|p1a: Arceus
|-damage|p1a: Arceus|43/100
|-boost|p2a: Yveltal|spe|1
|-damage|p2a: Yveltal|86/100|[from] item: Life Orb
|move|p1a: Arceus|Calm Mind|p1a: Arceus
|-boost|p1a: Arceus|spa|1
|-boost|p1a: Arceus|spd|1
|
|-weather|SunnyDay|[upkeep]
|-end|p2a: Yveltal|Dynamax
|-heal|p2a: Yveltal|86/100|[silent]
|upkeep
|turn|4
|
|t:|1597765527
|move|p2a: Yveltal|Oblivion Wing|p1a: Arceus
|-damage|p1a: Arceus|25/100
|-heal|p2a: Yveltal|100/100|[from] drain|[of] p1a: Arceus
|-damage|p2a: Yveltal|91/100|[from] item: Life Orb
|move|p1a: Arceus|Recover|p1a: Arceus
|-heal|p1a: Arceus|75/100
|
|-weather|SunnyDay|[upkeep]
|upkeep
|turn|5
|inactive|Werlin25 has 120 seconds left.
|
|t:|1597765551
|move|p2a: Yveltal|Oblivion Wing|p1a: Arceus
|-damage|p1a: Arceus|55/100
|-heal|p2a: Yveltal|100/100|[from] drain|[of] p1a: Arceus
|-damage|p2a: Yveltal|91/100|[from] item: Life Orb
|move|p1a: Arceus|Judgment|p2a: Yveltal
|-resisted|p2a: Yveltal
|-damage|p2a: Yveltal|45/100
|
|-weather|SunnyDay|[upkeep]
|upkeep
|turn|6
|inactive|Werlin25 has 120 seconds left.
|
|t:|1597765564
|move|p2a: Yveltal|Sucker Punch||[still]
|-fail|p2a: Yveltal
|move|p1a: Arceus|Recover|p1a: Arceus
|-heal|p1a: Arceus|100/100
|
|-weather|none
|upkeep
|turn|7
|inactive|Werlin25 has 120 seconds left.
|
|t:|1597765583
|move|p2a: Yveltal|Sucker Punch|p1a: Arceus
|-resisted|p1a: Arceus
|-damage|p1a: Arceus|85/100
|-damage|p2a: Yveltal|35/100|[from] item: Life Orb
|move|p1a: Arceus|Judgment|p2a: Yveltal
|-resisted|p2a: Yveltal
|-damage|p2a: Yveltal|0 fnt
|faint|p2a: Yveltal
|
|upkeep
|
|t:|1597765591
|switch|p2a: Marshadow|Marshadow|100/100
|turn|8
|inactive|Werlin25 has 120 seconds left.
|
|t:|1597765597
|switch|p1a: Ho-Oh|Ho-Oh|100/100
|move|p2a: Marshadow|Spectral Thief|p1a: Ho-Oh
|-damage|p1a: Ho-Oh|69/100
|
|upkeep
|turn|9
|
|t:|1597765606
|switch|p2a: Groudon|Groudon|100/100
|detailschange|p2a: Groudon|Groudon-Primal
|-primal|p2a: Groudon
|-weather|DesolateLand|[from] ability: Desolate Land|[of] p2a: Groudon
|move|p1a: Ho-Oh|Sacred Fire|p2a: Groudon
|-resisted|p2a: Groudon
|-crit|p2a: Groudon
|-damage|p2a: Groudon|75/100
|
|-weather|DesolateLand|[upkeep]
|upkeep
|turn|10
|
|t:|1597765615
|switch|p1a: Arceus|Arceus-Dark|85/100
|move|p2a: Groudon|Rock Tomb|p1a: Arceus
|-damage|p1a: Arceus|66/100
|-unboost|p1a: Arceus|spe|1
|
|-weather|DesolateLand|[upkeep]
|upkeep
|turn|11
|
|t:|1597765624
|move|p2a: Groudon|Earthquake|p1a: Arceus
|-damage|p1a: Arceus|19/100
|move|p1a: Arceus|Recover|p1a: Arceus
|-heal|p1a: Arceus|69/100
|
|-weather|DesolateLand|[upkeep]
|upkeep
|turn|12
|
|t:|1597765632
|switch|p1a: Rayquaza|Rayquaza|100/100
|-ability|p1a: Rayquaza|Air Lock
|move|p2a: Groudon|Earthquake|p1a: Rayquaza
|-immune|p1a: Rayquaza
|
|-weather|DesolateLand|[upkeep]
|upkeep
|turn|13
|
|t:|1597765639
|detailschange|p1a: Rayquaza|Rayquaza-Mega
|-mega|p1a: Rayquaza|Rayquaza|
|-weather|DeltaStream|[from] ability: Delta Stream|[of] p1a: Rayquaza
|move|p1a: Rayquaza|Draco Meteor|p2a: Groudon
|-damage|p2a: Groudon|0 fnt
|-unboost|p1a: Rayquaza|spa|2
|-damage|p1a: Rayquaza|91/100|[from] item: Life Orb
|faint|p2a: Groudon
|
|-weather|DeltaStream|[upkeep]
|upkeep
|
|t:|1597765664
|switch|p2a: Cinderace|Cinderace, F|100/100
|turn|14
|
|t:|1597765669
|move|p2a: Cinderace|Zen Headbutt|p1a: Rayquaza|[miss]
|-start|p2a: Cinderace|typechange|Psychic|[from] ability: Libero
|-miss|p2a: Cinderace|p1a: Rayquaza
|move|p1a: Rayquaza|Dragon Ascent|p2a: Cinderace
|-damage|p2a: Cinderace|0 fnt
|-unboost|p1a: Rayquaza|def|1
|-unboost|p1a: Rayquaza|spd|1
|-damage|p1a: Rayquaza|81/100|[from] item: Life Orb
|faint|p2a: Cinderace
|
|-weather|DeltaStream|[upkeep]
|upkeep
|
|t:|1597765683
|switch|p2a: Kyogre|Kyogre|100/100
|-ability|p2a: Kyogre|Drizzle|[from] deltastream|[fail]
|turn|15
|
|t:|1597765690
|-weather|none
|switch|p1a: Arceus|Arceus-Dark|69/100
|move|p2a: Kyogre|Water Spout|p1a: Arceus
|-damage|p1a: Arceus|26/100
|
|upkeep
|turn|16
|
|t:|1597765699
|switch|p1a: Rayquaza|Rayquaza-Mega|81/100
|-weather|DeltaStream|[from] ability: Delta Stream|[of] p1a: Rayquaza
|move|p2a: Kyogre|Water Spout|p1a: Rayquaza
|-resisted|p1a: Rayquaza
|-damage|p1a: Rayquaza|32/100
|
|-weather|DeltaStream|[upkeep]
|upkeep
|turn|17
|
|t:|1597765707
|move|p1a: Rayquaza|Extreme Speed|p2a: Kyogre
|-damage|p2a: Kyogre|47/100
|-damage|p1a: Rayquaza|22/100|[from] item: Life Orb
|move|p2a: Kyogre|Water Spout|p1a: Rayquaza
|-resisted|p1a: Rayquaza
|-damage|p1a: Rayquaza|0 fnt
|faint|p1a: Rayquaza
|-weather|none
|
|upkeep
|
|t:|1597765718
|switch|p1a: Ditto|Ditto|100/100
|-transform|p1a: Ditto|p2a: Kyogre|[from] ability: Imposter
|-weather|RainDance|[from] ability: Drizzle|[of] p1a: Ditto
|turn|18
|
|t:|1597765731
|switch|p2a: Arceus|Arceus-Ghost|100/100
|move|p1a: Ditto|Water Spout|p2a: Arceus
|-damage|p2a: Arceus|0 fnt
|faint|p2a: Arceus
|
|-weather|RainDance|[upkeep]
|upkeep
|
|t:|1597765739
|switch|p2a: Kyogre|Kyogre|47/100
|turn|19
|
|t:|1597765752
|move|p1a: Ditto|Water Spout|p2a: Kyogre
|-resisted|p2a: Kyogre
|-damage|p2a: Kyogre|0 fnt
|faint|p2a: Kyogre
|
|-weather|RainDance|[upkeep]
|upkeep
|
|t:|1597765758
|switch|p2a: Marshadow|Marshadow|100/100
|turn|20
|
|t:|1597765763
|move|p1a: Ditto|Water Spout|p2a: Marshadow
|-enditem|p2a: Marshadow|Focus Sash
|-damage|p2a: Marshadow|1/100
|move|p2a: Marshadow|Reversal|p1a: Ditto
|-damage|p1a: Ditto|0 fnt
|faint|p1a: Ditto
|
|-weather|RainDance|[upkeep]
|upkeep
|c|☆starkorea74|!dt reversal
|raw|<ul class="utilichart"><li class="result"><span class="col movenamecol"><a href="https://dex.pokemonshowdown.com/moves/reversal">Reversal</a></span> <span class="col typecol"><img src="//play.pokemonshowdown.com/sprites/types/Fighting.png" alt="Fighting" width="32" height="14"><img src="//play.pokemonshowdown.com/sprites/categories/Physical.png" alt="Physical" width="32" height="14"></span> <span class="col widelabelcol"><em>Accuracy</em><br>100%</span> <span class="col pplabelcol"><em>PP</em><br>24</span> <span class="col movedesccol">More power the less HP the user has left.</span> </li><li style="clear:both"></li></ul>
|raw|<font size="1"><font color="#686868">Priority:</font> 0&nbsp;|&ThickSpace;<font color="#686868">Gen:</font> 2&nbsp;|&ThickSpace;&#10003; Contact&nbsp;|&ThickSpace;<font color="#686868">Z-Power:</font> 160&nbsp;|&ThickSpace;<font color="#686868">Dynamax Power:</font> 100&nbsp;|&ThickSpace;<font color="#686868">Target:</font> One Adjacent Pokémon</font>

|
|t:|1597765783
|switch|p1a: Yveltal|Yveltal, shiny|100/100
|-ability|p1a: Yveltal|Dark Aura
|turn|21
|
|t:|1597765794
|-start|p1a: Yveltal|Dynamax
|-heal|p1a: Yveltal|100/100|[silent]
|move|p2a: Marshadow|Reversal|p1a: Yveltal
|-damage|p1a: Yveltal|58/100
|move|p1a: Yveltal|Max Airstream|p2a: Marshadow
|-supereffective|p2a: Marshadow
|-damage|p2a: Marshadow|0 fnt
|-boost|p1a: Yveltal|spe|1
|-damage|p1a: Yveltal|53/100|[from] item: Life Orb
|faint|p2a: Marshadow
|
|win|starkorea74
|l|☆starkorea74
|l|☆Werlin25
||Ladder (probably) updated, but score could not be retrieved (Request timeout).
