|j|☆ThyKingCharles
|j|☆poppliogod2
|t:|1614309334
|player|p1|ThyKingCharles|zinnia|1747
|player|p2|poppliogod2|ghetsis|1640
|teamsize|p1|6
|teamsize|p2|6
|gametype|singles
|gen|8
|tier|[Gen 8] National Dex AG
|rated|
|clearpoke
|poke|p1|Rayquaza|
|poke|p1|Arceus-*|
|poke|p1|Yveltal|
|poke|p1|Zacian-Crowned|
|poke|p1|Necrozma-Dusk-Mane|
|poke|p1|Marshadow|
|poke|p2|Calyrex-Shadow|
|poke|p2|Deoxys-Speed|
|poke|p2|Zacian-Crowned|
|poke|p2|Rayquaza|
|poke|p2|Yveltal|
|poke|p2|Necrozma-Dusk-Mane|
|rule|HP Percentage Mod: HP is shown in percentages
|rule|Endless Battle Clause: Forcing endless battles is banned
|teampreview
|
|t:|1614309343
|start
|switch|p1a: Arceus|Arceus|100/100
|switch|p2a: Dr Manhattan|Deoxys-Speed|100/100
|-ability|p2a: Dr Manhattan|Pressure
|turn|1
|
|t:|1614309347
|move|p2a: Dr Manhattan|Taunt|p1a: Arceus
|-start|p1a: Arceus|move: Taunt
|move|p1a: Arceus|Shadow Claw|p2a: Dr Manhattan
|-supereffective|p2a: Dr Manhattan
|-damage|p2a: Dr Manhattan|38/100
|
|upkeep
|turn|2
|
|t:|1614309352
|move|p1a: Arceus|Extreme Speed|p2a: Dr Manhattan
|-damage|p2a: Dr Manhattan|0 fnt
|faint|p2a: Dr Manhattan
|
|upkeep
|c|☆poppliogod2|;-;
|
|t:|1614309366
|switch|p2a: death|Yveltal|100/100
|-ability|p2a: death|Dark Aura
|turn|3
|
|t:|1614309372
|-start|p2a: death|Dynamax
|-heal|p2a: death|100/100|[silent]
|move|p1a: Arceus|Extreme Speed|p2a: death
|-damage|p2a: death|78/100
|move|p2a: death|Max Airstream|p1a: Arceus
|-damage|p1a: Arceus|35/100
|-boost|p2a: death|spe|1
|-damage|p2a: death|73/100|[from] item: Life Orb
|
|-end|p1a: Arceus|move: Taunt
|upkeep
|turn|4
|
|t:|1614309375
|move|p1a: Arceus|Extreme Speed|p2a: death
|-damage|p2a: death|49/100
|move|p2a: death|Max Airstream|p1a: Arceus
|-damage|p1a: Arceus|0 fnt
|-boost|p2a: death|spe|1
|-damage|p2a: death|45/100|[from] item: Life Orb
|faint|p1a: Arceus
|
|upkeep
|
|t:|1614309384
|switch|p1a: Zacian|Zacian-Crowned|100/100
|-ability|p1a: Zacian|Intrepid Sword|boost
|-boost|p1a: Zacian|atk|1
|turn|5
|
|t:|1614309387
|move|p2a: death|Max Flare|p1a: Zacian
|-supereffective|p1a: Zacian
|-damage|p1a: Zacian|0 fnt
|-weather|SunnyDay
|-damage|p2a: death|40/100|[from] item: Life Orb
|faint|p1a: Zacian
|
|-weather|SunnyDay|[upkeep]
|-end|p2a: death|Dynamax
|-heal|p2a: death|40/100|[silent]
|upkeep
|
|t:|1614309391
|switch|p1a: Rayquaza|Rayquaza|100/100
|-ability|p1a: Rayquaza|Air Lock
|turn|6
|
|t:|1614309399
|detailschange|p1a: Rayquaza|Rayquaza-Mega
|-mega|p1a: Rayquaza|Rayquaza|
|-weather|DeltaStream|[from] ability: Delta Stream|[of] p1a: Rayquaza
|move|p1a: Rayquaza|Extreme Speed|p2a: death
|-crit|p2a: death
|-damage|p2a: death|0 fnt
|-damage|p1a: Rayquaza|91/100|[from] item: Life Orb
|faint|p2a: death
|
|-weather|DeltaStream|[upkeep]
|upkeep
|j| False Rider
|j| Frostigar479
|
|t:|1614309427
|switch|p2a: streamers|Rayquaza|100/100
|-ability|p2a: streamers|Air Lock
|turn|7
|
|t:|1614309431
|detailschange|p2a: streamers|Rayquaza-Mega
|-mega|p2a: streamers|Rayquaza|
|move|p2a: streamers|Dragon Ascent|p1a: Rayquaza
|-damage|p1a: Rayquaza|0 fnt
|-unboost|p2a: streamers|def|1
|-unboost|p2a: streamers|spd|1
|faint|p1a: Rayquaza
|
|-weather|DeltaStream|[upkeep]
|upkeep
|
|t:|1614309436
|switch|p1a: Necrozma|Necrozma-Dusk-Mane|100/100
|turn|8
|j| Yandre
|
|t:|1614309454
|-weather|none
|switch|p2a: mane man|Necrozma-Dusk-Mane|100/100
|detailschange|p1a: Necrozma|Necrozma-Ultra
|-burst|p1a: Necrozma|Necrozma|Ultranecrozium Z
|move|p1a: Necrozma|Dragon Dance|p1a: Necrozma
|-boost|p1a: Necrozma|atk|1
|-boost|p1a: Necrozma|spe|1
|
|upkeep
|turn|9
|
|t:|1614309476
|move|p1a: Necrozma|Earthquake|p2a: mane man
|-supereffective|p2a: mane man
|-damage|p2a: mane man|0 fnt
|faint|p2a: mane man
|
|upkeep
|
|t:|1614309480
|switch|p2a: Calyrex|Calyrex-Shadow|100/100
|-ability|p2a: Calyrex|As One
|-ability|p2a: Calyrex|Unnerve|p1: ThyKingCharles
|turn|10
|
|t:|1614309482
|move|p2a: Calyrex|Astral Barrage|p1a: Necrozma
|-supereffective|p1a: Necrozma
|-damage|p1a: Necrozma|0 fnt
|faint|p1a: Necrozma
|-ability|p2a: Calyrex|Grim Neigh|boost
|-boost|p2a: Calyrex|spa|1
|
|upkeep
|
|t:|1614309489
|switch|p1a: Yveltal|Yveltal|100/100
|-ability|p1a: Yveltal|Dark Aura
|turn|11
|
|t:|1614309522
|-start|p1a: Yveltal|Dynamax
|-heal|p1a: Yveltal|100/100|[silent]
|move|p2a: Calyrex|Astral Barrage|p1a: Yveltal
|-resisted|p1a: Yveltal
|-damage|p1a: Yveltal|75/100
|move|p1a: Yveltal|Max Airstream|p2a: Calyrex
|-damage|p2a: Calyrex|22/100
|-boost|p1a: Yveltal|spe|1
|
|upkeep
|turn|12
|
|t:|1614309532
|move|p2a: Calyrex|Astral Barrage|p1a: Yveltal
|-resisted|p1a: Yveltal
|-damage|p1a: Yveltal|49/100
|move|p1a: Yveltal|Max Airstream|p2a: Calyrex
|-damage|p2a: Calyrex|0 fnt
|-boost|p1a: Yveltal|spe|1
|faint|p2a: Calyrex
|
|upkeep
|
|t:|1614309557
|switch|p2a: streamers|Rayquaza-Mega|100/100
|-weather|DeltaStream|[from] ability: Delta Stream|[of] p2a: streamers
|turn|13
|
|t:|1614309560
|move|p2a: streamers|Extreme Speed|p1a: Yveltal
|-damage|p1a: Yveltal|23/100
|move|p1a: Yveltal|Max Darkness|p2a: streamers
|-damage|p2a: streamers|4/100
|-unboost|p2a: streamers|spd|1
|
|-weather|DeltaStream|[upkeep]
|-end|p1a: Yveltal|Dynamax
|-heal|p1a: Yveltal|23/100|[silent]
|upkeep
|turn|14
|
|t:|1614309563
|move|p2a: streamers|Extreme Speed|p1a: Yveltal
|-damage|p1a: Yveltal|0 fnt
|faint|p1a: Yveltal
|
|-weather|DeltaStream|[upkeep]
|upkeep
|
|t:|1614309565
|switch|p1a: Marshadow|Marshadow|100/100
|turn|15
|
|t:|1614309569
|move|p2a: streamers|Extreme Speed|p1a: Marshadow
|-immune|p1a: Marshadow
|move|p1a: Marshadow|Shadow Sneak|p2a: streamers
|-damage|p2a: streamers|0 fnt
|faint|p2a: streamers
|-weather|none
|
|upkeep
|
|t:|1614309574
|switch|p2a: Excalibur|Zacian-Crowned|100/100
|-ability|p2a: Excalibur|Intrepid Sword|boost
|-boost|p2a: Excalibur|atk|1
|turn|16
|
|t:|1614309577
|move|p2a: Excalibur|Behemoth Blade|p1a: Marshadow
|-enditem|p1a: Marshadow|Focus Sash
|-damage|p1a: Marshadow|1/100
|move|p1a: Marshadow|Spectral Thief||[still]
|-clearpositiveboost|p2a: Excalibur|p1a: Marshadow|move: Spectral Thief
|-boost|p1a: Marshadow|atk|1
|-anim|p1a: Marshadow|Spectral Thief|p2a: Excalibur
|-damage|p2a: Excalibur|42/100
|
|upkeep
|turn|17
|
|t:|1614309584
|move|p1a: Marshadow|Shadow Sneak|p2a: Excalibur
|-damage|p2a: Excalibur|2/100
|move|p2a: Excalibur|Behemoth Blade|p1a: Marshadow
|-damage|p1a: Marshadow|0 fnt
|faint|p1a: Marshadow
|
|win|poppliogod2
|raw|ThyKingCharles's rating: 1747 &rarr; <strong>1722</strong><br />(-25 for losing)
|raw|poppliogod2's rating: 1640 &rarr; <strong>1666</strong><br />(+26 for winning)
|l|☆ThyKingCharles
|c| Yandre|Imagine not hard switching into marsh
|c| Yandre|That was one of the worst play I've ever seen a 1700 make
|c|☆poppliogod2|what were you all doing here lol
|c| Yandre|Total disgrace
|c|☆poppliogod2|also yeah that was bad
|c|☆poppliogod2|i should have set up rocks on arceus
|c| Yandre|Welp
|l| False Rider
|c| Yandre|A win is a win
|c|☆poppliogod2|i thought he would sd though
|c|☆poppliogod2|yeah true
|c| Yandre|We're all known as ghosts
|c| Yandre|We go around every battles
|c| Yandre|And watch games alot
|c|☆poppliogod2|fair
|c| Yandre|Yee
|c|☆poppliogod2|nice 666
