|j|☆Alkir
|j|☆binbau10
|t:|1621173351
|gametype|singles
|player|p1|Alkir|pokemonranger-gen4|1587
|player|p2|binbau10|palmer|1749
|teamsize|p1|6
|teamsize|p2|6
|gen|8
|tier|[Gen 8] National Dex AG
|rated|
|rule|HP Percentage Mod: HP is shown in percentages
|rule|Endless Battle Clause: Forcing endless battles is banned
|clearpoke
|poke|p1|Zacian-*|
|poke|p1|Xerneas-*|
|poke|p1|Rayquaza|
|poke|p1|Lugia|
|poke|p1|Marshadow|
|poke|p1|Groudon|
|poke|p2|Necrozma-Dusk-Mane|
|poke|p2|Rayquaza|
|poke|p2|Zacian-*|
|poke|p2|Arceus-*|
|poke|p2|Ditto|
|poke|p2|Yveltal|
|teampreview
|inactive|Battle timer is ON: inactive players will automatically lose when time's up. (requested by binbau10)
|
|t:|1621173366
|start
|switch|p1a: Groudon|Groudon|100/100
|switch|p2a: Rayquaza|Rayquaza|100/100
|-ability|p2a: Rayquaza|Air Lock
|detailschange|p1a: Groudon|Groudon-Primal
|-primal|p1a: Groudon
|-weather|DesolateLand|[from] ability: Desolate Land|[of] p1a: Groudon
|turn|1
|
|t:|1621173371
|detailschange|p2a: Rayquaza|Rayquaza-Mega
|-mega|p2a: Rayquaza|Rayquaza|
|-weather|DeltaStream|[from] ability: Delta Stream|[of] p2a: Rayquaza
|move|p2a: Rayquaza|Dragon Dance|p2a: Rayquaza
|-boost|p2a: Rayquaza|atk|1
|-boost|p2a: Rayquaza|spe|1
|move|p1a: Groudon|Stealth Rock|p2a: Rayquaza
|-sidestart|p2: binbau10|move: Stealth Rock
|
|-weather|DeltaStream|[upkeep]
|upkeep
|turn|2
|
|t:|1621173380
|move|p2a: Rayquaza|Dragon Ascent|p1a: Groudon
|-damage|p1a: Groudon|14/100
|-unboost|p2a: Rayquaza|def|1
|-unboost|p2a: Rayquaza|spd|1
|-damage|p2a: Rayquaza|91/100|[from] item: Life Orb
|move|p1a: Groudon|Stone Edge|p2a: Rayquaza
|-activate||deltastream
|-crit|p2a: Rayquaza
|-damage|p2a: Rayquaza|9/100
|
|-weather|DeltaStream|[upkeep]
|upkeep
|turn|3
|
|t:|1621173387
|move|p2a: Rayquaza|Extreme Speed|p1a: Groudon
|-damage|p1a: Groudon|0 fnt
|faint|p1a: Groudon
|-damage|p2a: Rayquaza|0 fnt|[from] item: Life Orb
|faint|p2a: Rayquaza
|-weather|none
|
|upkeep
|c|☆binbau10|well... crit
|
|t:|1621173398
|switch|p2a: Arceus|Arceus-Dark|100/100
|switch|p1a: Xerneas|Xerneas|100/100
|-ability|p1a: Xerneas|Fairy Aura
|-damage|p2a: Arceus|88/100|[from] Stealth Rock
|turn|4
|
|t:|1621173413
|move|p1a: Xerneas|Geomancy||[still]
|-prepare|p1a: Xerneas|Geomancy
|-enditem|p1a: Xerneas|Power Herb
|-anim|p1a: Xerneas|Geomancy|p1a: Xerneas
|-boost|p1a: Xerneas|spa|2
|-boost|p1a: Xerneas|spd|2
|-boost|p1a: Xerneas|spe|2
|move|p2a: Arceus|Defog|p1a: Xerneas
|-unboost|p1a: Xerneas|evasion|1
|-sideend|p2: binbau10|Stealth Rock|[from] move: Defog|[of] p2a: Arceus
|
|upkeep
|turn|5
|
|t:|1621173419
|switch|p2a: Necrozma|Necrozma-Dusk-Mane|100/100
|-start|p1a: Xerneas|Dynamax
|-heal|p1a: Xerneas|100/100|[silent]
|move|p1a: Xerneas|Max Starfall|p2a: Necrozma
|-resisted|p2a: Necrozma
|-damage|p2a: Necrozma|23/100
|-fieldstart|move: Misty Terrain
|
|upkeep
|turn|6
|
|t:|1621173426
|move|p1a: Xerneas|Max Starfall|p2a: Necrozma
|-resisted|p2a: Necrozma
|-damage|p2a: Necrozma|0 fnt
|faint|p2a: Necrozma
|
|upkeep
|
|t:|1621173431
|switch|p2a: Ditto|Ditto|100/100
|-transform|p2a: Ditto|p1a: Xerneas|[from] ability: Imposter
|-ability|p2a: Ditto|Fairy Aura
|turn|7
|
|t:|1621173436
|-start|p2a: Ditto|Dynamax
|-heal|p2a: Ditto|100/100|[silent]
|move|p2a: Ditto|Max Guard|p2a: Ditto
|-singleturn|p2a: Ditto|Max Guard
|move|p1a: Xerneas|Max Starfall|p2a: Ditto
|-activate|p2a: Ditto|move: Max Guard
|
|-end|p1a: Xerneas|Dynamax
|-heal|p1a: Xerneas|100/100|[silent]
|upkeep
|turn|8
|
|t:|1621173443
|move|p2a: Ditto|Max Starfall|p1a: Xerneas
|-damage|p1a: Xerneas|17/100
|move|p1a: Xerneas|Moonblast|p2a: Ditto
|-damage|p2a: Ditto|61/100
|
|upkeep
|turn|9
|
|t:|1621173449
|move|p2a: Ditto|Max Starfall|p1a: Xerneas
|-damage|p1a: Xerneas|0 fnt
|faint|p1a: Xerneas
|
|-fieldend|Misty Terrain
|-end|p2a: Ditto|Dynamax
|-heal|p2a: Ditto|61/100|[silent]
|upkeep
|
|t:|1621173461
|switch|p1a: Marshadow|Marshadow|100/100
|turn|10
|
|t:|1621173479
|move|p2a: Ditto|Moonblast|p1a: Marshadow
|-supereffective|p1a: Marshadow
|-enditem|p1a: Marshadow|Focus Sash
|-damage|p1a: Marshadow|1/100
|move|p1a: Marshadow|Spectral Thief||[still]
|-clearpositiveboost|p2a: Ditto|p1a: Marshadow|move: Spectral Thief
|-boost|p1a: Marshadow|spa|2
|-boost|p1a: Marshadow|spd|2
|-boost|p1a: Marshadow|spe|2
|-anim|p1a: Marshadow|Spectral Thief|p2a: Ditto
|-damage|p2a: Ditto|10/100
|
|upkeep
|turn|11
|
|t:|1621173487
|switch|p2a: Yveltal|Yveltal|100/100
|-ability|p2a: Yveltal|Dark Aura
|move|p1a: Marshadow|Spectral Thief|p2a: Yveltal
|-resisted|p2a: Yveltal
|-damage|p2a: Yveltal|76/100
|
|upkeep
|turn|12
|
|t:|1621173490
|move|p1a: Marshadow|Close Combat|p2a: Yveltal
|-damage|p2a: Yveltal|20/100
|-unboost|p1a: Marshadow|def|1
|-unboost|p1a: Marshadow|spd|1
|move|p2a: Yveltal|Oblivion Wing|p1a: Marshadow
|-supereffective|p1a: Marshadow
|-damage|p1a: Marshadow|0 fnt
|-heal|p2a: Yveltal|20/100|[from] drain|[of] p1a: Marshadow
|faint|p1a: Marshadow
|-damage|p2a: Yveltal|10/100|[from] item: Life Orb
|
|upkeep
|
|t:|1621173497
|switch|p1a: Rayquaza|Rayquaza|100/100
|-ability|p1a: Rayquaza|Air Lock
|turn|13
|
|t:|1621173500
|detailschange|p1a: Rayquaza|Rayquaza-Mega
|-mega|p1a: Rayquaza|Rayquaza|
|-weather|DeltaStream|[from] ability: Delta Stream|[of] p1a: Rayquaza
|move|p1a: Rayquaza|V-create|p2a: Yveltal|[miss]
|-miss|p1a: Rayquaza|p2a: Yveltal
|move|p2a: Yveltal|Knock Off|p1a: Rayquaza
|-damage|p1a: Rayquaza|28/100
|-enditem|p1a: Rayquaza|Choice Scarf|[from] move: Knock Off|[of] p2a: Yveltal
|-damage|p2a: Yveltal|0 fnt|[from] item: Life Orb
|faint|p2a: Yveltal
|
|-weather|DeltaStream|[upkeep]
|upkeep
|
|t:|1621173509
|switch|p2a: Zacian|Zacian-Crowned|100/100
|-ability|p2a: Zacian|Intrepid Sword|boost
|-boost|p2a: Zacian|atk|1
|turn|14
|
|t:|1621173514
|move|p2a: Zacian|Behemoth Blade|p1a: Rayquaza
|-damage|p1a: Rayquaza|0 fnt
|faint|p1a: Rayquaza
|-weather|none
|
|upkeep
|
|t:|1621173518
|switch|p1a: Lugia|Lugia|100/100
|turn|15
|
|t:|1621173520
|move|p2a: Zacian|Substitute|p2a: Zacian
|-start|p2a: Zacian|Substitute
|-damage|p2a: Zacian|76/100
|move|p1a: Lugia|Thunder Wave||[still]
|-fail|p1a: Lugia
|
|upkeep
|turn|16
|
|t:|1621173526
|move|p2a: Zacian|Crunch|p1a: Lugia
|-supereffective|p1a: Lugia
|-damage|p1a: Lugia|77/100
|move|p1a: Lugia|Defog||[still]
|-fail|p1a: Lugia
|
|upkeep
|turn|17
|
|t:|1621173542
|move|p2a: Zacian|Behemoth Blade|p1a: Lugia
|-damage|p1a: Lugia|30/100
|move|p1a: Lugia|Roost|p1a: Lugia
|-heal|p1a: Lugia|80/100
|-singleturn|p1a: Lugia|move: Roost
|
|upkeep
|turn|18
|
|t:|1621173548
|move|p2a: Zacian|Crunch|p1a: Lugia
|-supereffective|p1a: Lugia
|-damage|p1a: Lugia|30/100
|move|p1a: Lugia|Roost|p1a: Lugia
|-heal|p1a: Lugia|80/100
|-singleturn|p1a: Lugia|move: Roost
|
|upkeep
|turn|19
|
|t:|1621173552
|move|p2a: Zacian|Crunch|p1a: Lugia
|-supereffective|p1a: Lugia
|-damage|p1a: Lugia|25/100
|move|p1a: Lugia|Roost|p1a: Lugia
|-heal|p1a: Lugia|75/100
|-singleturn|p1a: Lugia|move: Roost
|
|upkeep
|turn|20
|
|t:|1621173554
|move|p2a: Zacian|Crunch|p1a: Lugia
|-supereffective|p1a: Lugia
|-damage|p1a: Lugia|22/100
|move|p1a: Lugia|Roost|p1a: Lugia
|-heal|p1a: Lugia|72/100
|-singleturn|p1a: Lugia|move: Roost
|
|upkeep
|turn|21
|
|t:|1621173557
|move|p2a: Zacian|Crunch|p1a: Lugia
|-supereffective|p1a: Lugia
|-damage|p1a: Lugia|22/100
|move|p1a: Lugia|Roost|p1a: Lugia
|-heal|p1a: Lugia|72/100
|-singleturn|p1a: Lugia|move: Roost
|
|upkeep
|turn|22
|
|t:|1621173565
|switch|p1a: Zacian|Zacian-Crowned|100/100
|-ability|p1a: Zacian|Intrepid Sword|boost
|-boost|p1a: Zacian|atk|1
|move|p2a: Zacian|Crunch|p1a: Zacian
|-resisted|p1a: Zacian
|-damage|p1a: Zacian|78/100
|
|upkeep
|turn|23
|
|t:|1621173574
|move|p1a: Zacian|Behemoth Blade|p2a: Zacian
|-end|p2a: Zacian|Substitute
|move|p2a: Zacian|Behemoth Blade|p1a: Zacian
|-damage|p1a: Zacian|0 fnt
|faint|p1a: Zacian
|
|upkeep
|
|t:|1621173579
|switch|p1a: Lugia|Lugia|72/100
|turn|24
|c|☆binbau10|gg
|
|t:|1621173583
|move|p2a: Zacian|Substitute|p2a: Zacian
|-start|p2a: Zacian|Substitute
|-damage|p2a: Zacian|51/100
|move|p1a: Lugia|Roost|p1a: Lugia
|-heal|p1a: Lugia|100/100
|-singleturn|p1a: Lugia|move: Roost
|
|upkeep
|turn|25
|
|t:|1621173589
|move|p2a: Zacian|Crunch|p1a: Lugia
|-supereffective|p1a: Lugia
|-damage|p1a: Lugia|74/100
|move|p1a: Lugia|Roost|p1a: Lugia
|-heal|p1a: Lugia|100/100
|-singleturn|p1a: Lugia|move: Roost
|
|upkeep
|turn|26
|
|t:|1621173595
|move|p2a: Zacian|Crunch|p1a: Lugia
|-supereffective|p1a: Lugia
|-crit|p1a: Lugia
|-damage|p1a: Lugia|65/100
|move|p1a: Lugia|Roost|p1a: Lugia
|-heal|p1a: Lugia|100/100
|-singleturn|p1a: Lugia|move: Roost
|
|upkeep
|turn|27
|
|t:|1621173598
|move|p2a: Zacian|Crunch|p1a: Lugia
|-supereffective|p1a: Lugia
|-damage|p1a: Lugia|76/100
|move|p1a: Lugia|Roost|p1a: Lugia
|-heal|p1a: Lugia|100/100
|-singleturn|p1a: Lugia|move: Roost
|
|upkeep
|turn|28
|
|t:|1621173605
|move|p2a: Zacian|Crunch|p1a: Lugia
|-supereffective|p1a: Lugia
|-damage|p1a: Lugia|77/100
|move|p1a: Lugia|Roost|p1a: Lugia
|-heal|p1a: Lugia|100/100
|-singleturn|p1a: Lugia|move: Roost
|
|upkeep
|turn|29
|-message|Alkir forfeited.
|
|win|binbau10
|raw|Alkir's rating: 1587 &rarr; <strong>1576</strong><br />(-11 for losing)
|raw|binbau10's rating: 1749 &rarr; <strong>1760</strong><br />(+11 for winning)
|l|☆Alkir
