|j|☆UnovaMaki
|j|‽hjksgdf
|inactive|Battle timer is ON: inactive players will automatically lose when time's up.
|t:|1651870033
|gametype|singles
|player|p1|UnovaMaki|ash-unova|
|player|p2|hjksgdf|rei|
|teamsize|p1|6
|teamsize|p2|6
|gen|8
|tier|[Gen 8] National Dex AG
|rated|Tournament battle
|rule|HP Percentage Mod: HP is shown in percentages
|rule|Endless Battle Clause: Forcing endless battles is banned
|clearpoke
|poke|p1|Aerodactyl, M|
|poke|p1|Rayquaza|
|poke|p1|Arceus-*|
|poke|p1|Yveltal|
|poke|p1|Groudon|
|poke|p1|Smeargle, F|
|poke|p2|Zamazenta-*|
|poke|p2|Necrozma-Dusk-Mane|
|poke|p2|Arceus-*|
|poke|p2|Ho-Oh|
|poke|p2|Arceus-*|
|poke|p2|Chansey, F|
|teampreview
|inactive|UnovaMaki also wants the timer to be on.
|inactive|hjksgdf also wants the timer to be on.
|
|t:|1651870061
|start
|switch|p1a: Aerodactyl|Aerodactyl, M|100/100
|switch|p2a: Arceus|Arceus-Ground|100/100
|-ability|p1a: Aerodactyl|Pressure
|turn|1
|c|☆UnovaMaki|Bruh, how on earth u got locked
|
|t:|1651870068
|move|p1a: Aerodactyl|Rock Tomb|p2a: Arceus
|-resisted|p2a: Arceus
|-damage|p2a: Arceus|95/100
|-unboost|p2a: Arceus|spe|1
|move|p2a: Arceus|Ice Beam|p1a: Aerodactyl
|-supereffective|p1a: Aerodactyl
|-damage|p1a: Aerodactyl|44/100
|
|upkeep
|turn|2
|
|t:|1651870073
|move|p1a: Aerodactyl|Stealth Rock|p2a: Arceus
|-sidestart|p2: hjksgdf|move: Stealth Rock
|move|p2a: Arceus|Toxic|p1a: Aerodactyl
|-status|p1a: Aerodactyl|tox
|
|-damage|p1a: Aerodactyl|38/100 tox|[from] psn
|upkeep
|turn|3
|
|t:|1651870077
|switch|p2a: Ho-Oh|Ho-Oh|100/100
|move|p1a: Aerodactyl|Taunt|p2a: Ho-Oh
|-start|p2a: Ho-Oh|move: Taunt
|
|-damage|p1a: Aerodactyl|26/100 tox|[from] psn
|upkeep
|turn|4
|
|t:|1651870082
|switch|p2a: Arceus|Arceus-Ground|95/100
|-damage|p2a: Arceus|89/100|[from] Stealth Rock
|move|p1a: Aerodactyl|Rock Tomb|p2a: Arceus
|-resisted|p2a: Arceus
|-damage|p2a: Arceus|82/100
|-unboost|p2a: Arceus|spe|1
|
|-damage|p1a: Aerodactyl|8/100 tox|[from] psn
|upkeep
|turn|5
|
|t:|1651870097
|switch|p2a: Zamazenta|Zamazenta|100/100
|-damage|p2a: Zamazenta|94/100|[from] Stealth Rock
|-ability|p2a: Zamazenta|Dauntless Shield|boost
|-boost|p2a: Zamazenta|def|1
|move|p1a: Aerodactyl|Taunt|p2a: Zamazenta
|-start|p2a: Zamazenta|move: Taunt
|
|-damage|p1a: Aerodactyl|0 fnt|[from] psn
|faint|p1a: Aerodactyl
|upkeep
|
|t:|1651870100
|switch|p1a: Smeargod|Smeargle, F|100/100
|turn|6
|
|t:|1651870121
|move|p2a: Zamazenta|Close Combat|p1a: Smeargod
|-supereffective|p1a: Smeargod
|-enditem|p1a: Smeargod|Focus Sash
|-damage|p1a: Smeargod|1/100
|-unboost|p2a: Zamazenta|def|1
|-unboost|p2a: Zamazenta|spd|1
|move|p1a: Smeargod|Shell Smash|p1a: Smeargod
|-unboost|p1a: Smeargod|def|1
|-unboost|p1a: Smeargod|spd|1
|-boost|p1a: Smeargod|atk|2
|-boost|p1a: Smeargod|spa|2
|-boost|p1a: Smeargod|spe|2
|
|-ability|p1a: Smeargod|Moody|boost
|-boost|p1a: Smeargod|spa|2
|-unboost|p1a: Smeargod|atk|1
|upkeep
|turn|7
|
|t:|1651870129
|switch|p2a: Ho-Oh|Ho-Oh|100/100
|move|p1a: Smeargod|Spore|p2a: Ho-Oh
|-status|p2a: Ho-Oh|slp|[from] move: Spore
|
|-ability|p1a: Smeargod|Moody|boost
|-boost|p1a: Smeargod|def|2
|-unboost|p1a: Smeargod|atk|1
|upkeep
|turn|8
|
|t:|1651870133
|move|p1a: Smeargod|Baton Pass|p1a: Smeargod
|
|t:|1651870137
|switch|p1a: Yveltal|Yveltal|100/100|[from]move: Baton Pass
|-ability|p1a: Yveltal|Dark Aura
|cant|p2a: Ho-Oh|slp
|
|upkeep
|turn|9
|
|t:|1651870160
|move|p1a: Yveltal|Dark Pulse|p2a: Ho-Oh
|-damage|p2a: Ho-Oh|0 fnt
|faint|p2a: Ho-Oh
|-damage|p1a: Yveltal|91/100|[from] item: Life Orb
|
|upkeep
|
|t:|1651870172
|switch|p2a: Arceus|Arceus-Ground|82/100
|-damage|p2a: Arceus|76/100|[from] Stealth Rock
|turn|10
|
|t:|1651870176
|-start|p2a: Arceus|Dynamax|
|-heal|p2a: Arceus|76/100|[silent]
|move|p1a: Yveltal|Dark Pulse|p2a: Arceus
|-crit|p2a: Arceus
|-damage|p2a: Arceus|0 fnt
|faint|p2a: Arceus
|-damage|p1a: Yveltal|81/100|[from] item: Life Orb
|
|upkeep
|inactive|hjksgdf has 120 seconds left.
|inactive|hjksgdf has 90 seconds left.
|j| Pokemh
|l| Pokemh
|inactive|hjksgdf has 60 seconds left.
|
|t:|1651870258
|switch|p2a: Chansey|Chansey, F|100/100
|-damage|p2a: Chansey|88/100|[from] Stealth Rock
|turn|11
|
|t:|1651870266
|-start|p1a: Yveltal|Dynamax|
|-heal|p1a: Yveltal|81/100|[silent]
|move|p1a: Yveltal|Max Darkness|p2a: Chansey
|-damage|p2a: Chansey|0 fnt
|faint|p2a: Chansey
|-damage|p1a: Yveltal|76/100|[from] item: Life Orb
|
|upkeep
|
|t:|1651870280
|switch|p2a: Zamazenta|Zamazenta|94/100
|-damage|p2a: Zamazenta|88/100|[from] Stealth Rock
|-ability|p2a: Zamazenta|Dauntless Shield|boost
|-boost|p2a: Zamazenta|def|1
|turn|12
|
|t:|1651870286
|switch|p2a: Necrozma|Necrozma-Dusk-Mane|100/100
|-damage|p2a: Necrozma|94/100|[from] Stealth Rock
|move|p1a: Yveltal|Max Airstream|p2a: Necrozma
|-resisted|p2a: Necrozma
|-damage|p2a: Necrozma|0 fnt
|-boost|p1a: Yveltal|spe|1
|faint|p2a: Necrozma
|-damage|p1a: Yveltal|71/100|[from] item: Life Orb
|
|upkeep
|inactive|hjksgdf has 60 seconds left.
|inactive|hjksgdf has 30 seconds left.
|
|t:|1651870338
|switch|p2a: Zamazenta|Zamazenta|88/100
|-damage|p2a: Zamazenta|82/100|[from] Stealth Rock
|-ability|p2a: Zamazenta|Dauntless Shield|boost
|-boost|p2a: Zamazenta|def|1
|turn|13
|
|t:|1651870344
|move|p1a: Yveltal|Max Darkness|p2a: Zamazenta
|-resisted|p2a: Zamazenta
|-crit|p2a: Zamazenta
|-damage|p2a: Zamazenta|11/100
|-unboost|p2a: Zamazenta|spd|1
|-damage|p1a: Yveltal|66/100|[from] item: Life Orb
|move|p2a: Zamazenta|Close Combat|p1a: Yveltal
|-damage|p1a: Yveltal|36/100
|-unboost|p2a: Zamazenta|def|1
|-unboost|p2a: Zamazenta|spd|1
|
|upkeep
|-end|p1a: Yveltal|Dynamax
|-heal|p1a: Yveltal|36/100|[silent]
|turn|14
|
|t:|1651870357
|move|p1a: Yveltal|Oblivion Wing|p2a: Zamazenta
|-supereffective|p2a: Zamazenta
|-damage|p2a: Zamazenta|0 fnt
|-heal|p1a: Yveltal|43/100|[from] drain|[of] p2a: Zamazenta
|faint|p2a: Zamazenta
|-damage|p1a: Yveltal|33/100|[from] item: Life Orb
|
|upkeep
|
|t:|1651870360
|switch|p2a: Arceus|Arceus-Dark|100/100
|-damage|p2a: Arceus|88/100|[from] Stealth Rock
|turn|15
|
|t:|1651870368
|move|p1a: Yveltal|Oblivion Wing|p2a: Arceus
|-damage|p2a: Arceus|3/100
|-heal|p1a: Yveltal|100/100|[from] drain|[of] p2a: Arceus
|-damage|p1a: Yveltal|91/100|[from] item: Life Orb
|move|p2a: Arceus|Judgment|p1a: Yveltal
|-resisted|p1a: Yveltal
|-damage|p1a: Yveltal|46/100
|
|upkeep
|turn|16
|inactive|hjksgdf has 60 seconds left.
|-message|hjksgdf forfeited.
|
|win|UnovaMaki
|n|☆UnovaMaki|unovamaki
|n|‽hjksgdf|hjksgdf
