|j|‽ChunkyRat
|j|☆HikaruMaxwell_004
|t:|1605951646
|player|p1|ChunkyRat|policeman|1708
|player|p2|HikaruMaxwell_004|hilbert-dueldisk|1784
|teamsize|p1|6
|teamsize|p2|6
|gametype|singles
|gen|8
|tier|[Gen 8] National Dex AG
|rated|
|clearpoke
|poke|p1|Necrozma-Dusk-Mane|
|poke|p1|Kyurem-White|
|poke|p1|Rayquaza|
|poke|p1|Lugia|
|poke|p1|Groudon|
|poke|p1|Yveltal|
|poke|p2|Calyrex-Shadow|
|poke|p2|Yveltal|
|poke|p2|Zacian-Crowned|
|poke|p2|Rayquaza|
|poke|p2|Ho-Oh|
|poke|p2|Necrozma-Dusk-Mane|
|rule|HP Percentage Mod: HP is shown in percentages
|rule|Endless Battle Clause: Forcing endless battles is banned
|teampreview
|inactive|Battle timer is ON: inactive players will automatically lose when time's up. (requested by ChunkyRat)
|
|t:|1605951658
|start
|switch|p1a: Kyurem|Kyurem-White|100/100
|switch|p2a: Necrozma|Necrozma-Dusk-Mane|100/100
|-ability|p1a: Kyurem|Turboblaze
|turn|1
|
|t:|1605951663
|switch|p1a: Groudon|Groudon|100/100
|detailschange|p1a: Groudon|Groudon-Primal
|-primal|p1a: Groudon
|-weather|DesolateLand|[from] ability: Desolate Land|[of] p1a: Groudon
|move|p2a: Necrozma|Stealth Rock|p1a: Groudon
|-sidestart|p1: ChunkyRat|move: Stealth Rock
|
|-weather|DesolateLand|[upkeep]
|upkeep
|turn|2
|
|t:|1605951667
|move|p1a: Groudon|Thunder Wave|p2a: Necrozma
|-status|p2a: Necrozma|par
|move|p2a: Necrozma|Earthquake|p1a: Groudon
|-supereffective|p1a: Groudon
|-damage|p1a: Groudon|57/100
|
|-weather|DesolateLand|[upkeep]
|upkeep
|turn|3
|
|t:|1605951670
|move|p1a: Groudon|Lava Plume|p2a: Necrozma
|-supereffective|p2a: Necrozma
|-damage|p2a: Necrozma|27/100 par
|cant|p2a: Necrozma|par
|
|-weather|DesolateLand|[upkeep]
|-heal|p2a: Necrozma|33/100 par|[from] item: Leftovers
|upkeep
|turn|4
|
|t:|1605951674
|move|p1a: Groudon|Lava Plume|p2a: Necrozma
|-supereffective|p2a: Necrozma
|-damage|p2a: Necrozma|0 fnt
|faint|p2a: Necrozma
|
|-weather|DesolateLand|[upkeep]
|upkeep
|
|t:|1605951681
|switch|p2a: Calyrex|Calyrex-Shadow|100/100
|-ability|p2a: Calyrex|As One
|-ability|p2a: Calyrex|Unnerve|p1: ChunkyRat
|turn|5
|
|t:|1605951683
|move|p2a: Calyrex|Astral Barrage|p1a: Groudon
|-damage|p1a: Groudon|0 fnt
|-damage|p2a: Calyrex|91/100|[from] item: Life Orb
|faint|p1a: Groudon
|-weather|none
|-ability|p2a: Calyrex|Grim Neigh|boost
|-boost|p2a: Calyrex|spa|1
|
|upkeep
|
|t:|1605951686
|switch|p1a: Yveltal|Yveltal|100/100
|-damage|p1a: Yveltal|75/100|[from] Stealth Rock
|-ability|p1a: Yveltal|Dark Aura
|turn|6
|
|t:|1605951691
|switch|p2a: Ho-Oh|Ho-Oh|100/100
|move|p1a: Yveltal|Sucker Punch||[still]
|-fail|p1a: Yveltal
|
|upkeep
|turn|7
|
|t:|1605951696
|move|p1a: Yveltal|Toxic|p2a: Ho-Oh
|-status|p2a: Ho-Oh|tox
|move|p2a: Ho-Oh|Toxic|p1a: Yveltal
|-status|p1a: Yveltal|tox
|
|-damage|p1a: Yveltal|69/100 tox|[from] psn
|-damage|p2a: Ho-Oh|94/100 tox|[from] psn
|upkeep
|turn|8
|
|t:|1605951701
|switch|p1a: Lugia|Lugia|100/100
|move|p2a: Ho-Oh|Whirlwind|p1a: Lugia
|drag|p1a: Necrozma|Necrozma-Dusk-Mane|100/100
|-damage|p1a: Necrozma|94/100|[from] Stealth Rock
|
|-damage|p2a: Ho-Oh|82/100 tox|[from] psn
|upkeep
|turn|9
|
|t:|1605951704
|move|p2a: Ho-Oh|Sacred Fire|p1a: Necrozma
|-supereffective|p1a: Necrozma
|-damage|p1a: Necrozma|36/100
|-enditem|p1a: Necrozma|Weakness Policy
|-boost|p1a: Necrozma|atk|2|[from] item: Weakness Policy
|-boost|p1a: Necrozma|spa|2|[from] item: Weakness Policy
|move|p1a: Necrozma|Autotomize|p1a: Necrozma
|-boost|p1a: Necrozma|spe|2
|-start|p1a: Necrozma|Autotomize
|
|-damage|p2a: Ho-Oh|63/100 tox|[from] psn
|upkeep
|turn|10
|
|t:|1605951710
|move|p1a: Necrozma|Rock Blast|p2a: Ho-Oh|[miss]
|-miss|p1a: Necrozma|p2a: Ho-Oh
|move|p2a: Ho-Oh|Sacred Fire|p1a: Necrozma
|-supereffective|p1a: Necrozma
|-damage|p1a: Necrozma|0 fnt
|faint|p1a: Necrozma
|
|-damage|p2a: Ho-Oh|38/100 tox|[from] psn
|upkeep
|
|t:|1605951714
|switch|p1a: Lugia|Lugia|100/100
|turn|11
|c|☆HikaruMaxwell_004|rip
|
|t:|1605951718
|move|p2a: Ho-Oh|Toxic|p1a: Lugia
|-status|p1a: Lugia|tox
|move|p1a: Lugia|Defog|p2a: Ho-Oh
|-unboost|p2a: Ho-Oh|evasion|1
|-sideend|p1: ChunkyRat|Stealth Rock|[from] move: Defog|[of] p1a: Lugia
|
|-damage|p2a: Ho-Oh|7/100 tox|[from] psn
|-damage|p1a: Lugia|94/100 tox|[from] psn
|upkeep
|turn|12
|
|t:|1605951736
|switch|p2a: Zacian|Zacian-Crowned|100/100
|-ability|p2a: Zacian|Intrepid Sword|boost
|-boost|p2a: Zacian|atk|1
|switch|p1a: Rayquaza|Rayquaza|100/100
|-ability|p1a: Rayquaza|Air Lock
|
|upkeep
|turn|13
|
|t:|1605951746
|detailschange|p1a: Rayquaza|Rayquaza-Mega
|-mega|p1a: Rayquaza|Rayquaza|
|-weather|DeltaStream|[from] ability: Delta Stream|[of] p1a: Rayquaza
|move|p2a: Zacian|Behemoth Blade|p1a: Rayquaza
|-damage|p1a: Rayquaza|12/100
|move|p1a: Rayquaza|Dragon Dance|p1a: Rayquaza
|-boost|p1a: Rayquaza|atk|1
|-boost|p1a: Rayquaza|spe|1
|
|-weather|DeltaStream|[upkeep]
|upkeep
|turn|14
|
|t:|1605951750
|switch|p2a: Ho-Oh|Ho-Oh|40/100 tox
|move|p1a: Rayquaza|Earthquake|p2a: Ho-Oh
|-immune|p2a: Ho-Oh
|
|-weather|DeltaStream|[upkeep]
|-damage|p2a: Ho-Oh|34/100 tox|[from] psn
|upkeep
|turn|15
|
|t:|1605951756
|move|p1a: Rayquaza|Dragon Ascent|p2a: Ho-Oh
|-damage|p2a: Ho-Oh|0 fnt
|-unboost|p1a: Rayquaza|def|1
|-unboost|p1a: Rayquaza|spd|1
|faint|p2a: Ho-Oh
|
|-weather|DeltaStream|[upkeep]
|upkeep
|
|t:|1605951762
|switch|p2a: Rayquaza|Rayquaza|100/100
|-ability|p2a: Rayquaza|Air Lock
|turn|16
|
|t:|1605951767
|detailschange|p2a: Rayquaza|Rayquaza-Mega
|-mega|p2a: Rayquaza|Rayquaza|
|move|p1a: Rayquaza|Extreme Speed|p2a: Rayquaza
|-damage|p2a: Rayquaza|46/100
|move|p2a: Rayquaza|Extreme Speed|p1a: Rayquaza
|-damage|p1a: Rayquaza|0 fnt
|faint|p1a: Rayquaza
|
|-weather|DeltaStream|[upkeep]
|upkeep
|
|t:|1605951770
|switch|p1a: Kyurem|Kyurem-White|100/100
|-ability|p1a: Kyurem|Turboblaze
|turn|17
|
|t:|1605951775
|-weather|none
|switch|p2a: Zacian|Zacian-Crowned|100/100
|-ability|p2a: Zacian|Intrepid Sword|boost
|-boost|p2a: Zacian|atk|1
|move|p1a: Kyurem|Ice Beam|p2a: Zacian
|-resisted|p2a: Zacian
|-damage|p2a: Zacian|76/100
|
|upkeep
|turn|18
|
|t:|1605951779
|switch|p1a: Lugia|Lugia|94/100 tox
|move|p2a: Zacian|Behemoth Blade|p1a: Lugia
|-damage|p1a: Lugia|41/100 tox
|
|-damage|p1a: Lugia|35/100 tox|[from] psn
|upkeep
|turn|19
|
|t:|1605951782
|move|p2a: Zacian|Behemoth Blade|p1a: Lugia
|-damage|p1a: Lugia|0 fnt
|faint|p1a: Lugia
|
|upkeep
|
|t:|1605951786
|switch|p1a: Kyurem|Kyurem-White|100/100
|-ability|p1a: Kyurem|Turboblaze
|turn|20
|c|☆HikaruMaxwell_004|I know scarf kyurem
|inactive|HikaruMaxwell_004 has 120 seconds left.
|
|t:|1605951831
|switch|p2a: Calyrex|Calyrex-Shadow|91/100
|-ability|p2a: Calyrex|As One
|-ability|p2a: Calyrex|Unnerve|p1: ChunkyRat
|move|p1a: Kyurem|Fusion Flare|p2a: Calyrex
|-damage|p2a: Calyrex|46/100
|
|upkeep
|turn|21
|
|t:|1605951838
|switch|p1a: Yveltal|Yveltal|69/100 tox
|-ability|p1a: Yveltal|Dark Aura
|move|p2a: Calyrex|Draining Kiss|p1a: Yveltal
|-supereffective|p1a: Yveltal
|-damage|p1a: Yveltal|29/100 tox
|-heal|p2a: Calyrex|87/100|[from] drain|[of] p1a: Yveltal
|-damage|p2a: Calyrex|77/100|[from] item: Life Orb
|
|-damage|p1a: Yveltal|23/100 tox|[from] psn
|upkeep
|turn|22
|
|t:|1605951843
|move|p1a: Yveltal|Sucker Punch||[still]
|-fail|p1a: Yveltal
|move|p2a: Calyrex|Substitute|p2a: Calyrex
|-start|p2a: Calyrex|Substitute
|-damage|p2a: Calyrex|52/100
|
|-damage|p1a: Yveltal|10/100 tox|[from] psn
|upkeep
|turn|23
|
|t:|1605951847
|move|p2a: Calyrex|Draining Kiss|p1a: Yveltal
|-supereffective|p1a: Yveltal
|-damage|p1a: Yveltal|0 fnt
|-heal|p2a: Calyrex|62/100|[from] drain|[of] p1a: Yveltal
|-damage|p2a: Calyrex|52/100|[from] item: Life Orb
|faint|p1a: Yveltal
|-ability|p2a: Calyrex|Grim Neigh|boost
|-boost|p2a: Calyrex|spa|1
|
|upkeep
|
|t:|1605951850
|switch|p1a: Kyurem|Kyurem-White|100/100
|-ability|p1a: Kyurem|Turboblaze
|turn|24
|
|t:|1605951872
|move|p1a: Kyurem|Ice Beam|p2a: Calyrex
|-end|p2a: Calyrex|Substitute
|move|p2a: Calyrex|Psyshock|p1a: Kyurem
|-damage|p1a: Kyurem|14/100
|-damage|p2a: Calyrex|42/100|[from] item: Life Orb
|
|upkeep
|turn|25
|
|t:|1605951876
|move|p1a: Kyurem|Ice Beam|p2a: Calyrex
|-damage|p2a: Calyrex|0 fnt
|faint|p2a: Calyrex
|
|upkeep
|
|t:|1605951879
|switch|p2a: Rayquaza|Rayquaza-Mega|46/100
|-weather|DeltaStream|[from] ability: Delta Stream|[of] p2a: Rayquaza
|turn|26
|
|t:|1605951884
|move|p2a: Rayquaza|Dragon Ascent|p1a: Kyurem
|-damage|p1a: Kyurem|0 fnt
|-unboost|p2a: Rayquaza|def|1
|-unboost|p2a: Rayquaza|spd|1
|faint|p1a: Kyurem
|
|win|HikaruMaxwell_004
|l|‽ChunkyRat
|c|☆HikaruMaxwell_004|gg
|raw|ChunkyRat's rating: 1708 &rarr; <strong>1693</strong><br />(-15 for losing)
|raw|HikaruMaxwell_004's rating: 1784 &rarr; <strong>1800</strong><br />(+16 for winning)
