|j|☆Pacheco77
|j|☆cosxsinx
|t:|1633792330
|gametype|singles
|player|p1|Pacheco77|n|1472
|player|p2|cosxsinx|lucas-gen4pt|1550
|teamsize|p1|6
|teamsize|p2|6
|gen|8
|tier|[Gen 8] National Dex AG
|rated|
|rule|HP Percentage Mod: HP is shown in percentages
|rule|Endless Battle Clause: Forcing endless battles is banned
|clearpoke
|poke|p1|Calyrex-Shadow|
|poke|p1|Rayquaza|
|poke|p1|Marshadow|
|poke|p1|Kyurem-White|
|poke|p1|Smeargle, M|
|poke|p1|Zacian-*|
|poke|p2|Whimsicott, M|
|poke|p2|Zacian-*|
|poke|p2|Arceus-*|
|poke|p2|Eevee, M|
|poke|p2|Rayquaza|
|poke|p2|Heatran, M|
|teampreview
|inactive|Battle timer is ON: inactive players will automatically lose when time's up. (requested by cosxsinx)
|
|t:|1633792361
|start
|switch|p1a: Smeargle|Smeargle, M|100/100
|switch|p2a: Heatran|Heatran, M|100/100
|-item|p2a: Heatran|Air Balloon
|turn|1
|
|t:|1633792379
|switch|p2a: Whimsicott|Whimsicott, M|100/100
|move|p1a: Smeargle|Spore|p2a: Whimsicott
|-immune|p2a: Whimsicott
|
|-ability|p1a: Smeargle|Moody|boost
|-boost|p1a: Smeargle|spa|2
|-unboost|p1a: Smeargle|spd|1
|upkeep
|turn|2
|
|t:|1633792389
|move|p2a: Whimsicott|Encore|p1a: Smeargle
|-start|p1a: Smeargle|Encore
|move|p1a: Smeargle|Spore|p2a: Whimsicott
|-immune|p2a: Whimsicott
|
|-ability|p1a: Smeargle|Moody|boost
|-boost|p1a: Smeargle|spd|2
|-unboost|p1a: Smeargle|spe|1
|upkeep
|turn|3
|
|t:|1633792398
|move|p2a: Whimsicott|Moonblast|p1a: Smeargle
|-damage|p1a: Smeargle|62/100
|move|p1a: Smeargle|Spore|p2a: Whimsicott
|-immune|p2a: Whimsicott
|
|-ability|p1a: Smeargle|Moody|boost
|-boost|p1a: Smeargle|spe|2
|-unboost|p1a: Smeargle|atk|1
|upkeep
|turn|4
|
|t:|1633792409
|move|p2a: Whimsicott|Taunt|p1a: Smeargle
|-start|p1a: Smeargle|move: Taunt
|cant|p1a: Smeargle|move: Taunt|Spore
|
|-end|p1a: Smeargle|Encore
|-ability|p1a: Smeargle|Moody|boost
|-boost|p1a: Smeargle|def|2
|-unboost|p1a: Smeargle|spa|1
|upkeep
|turn|5
|
|t:|1633792421
|move|p2a: Whimsicott|Encore|p1a: Smeargle
|-start|p1a: Smeargle|Encore
|-activate|p1a: Smeargle|move: Struggle
|move|p1a: Smeargle|Struggle|p2a: Whimsicott
|-damage|p2a: Whimsicott|99/100
|-damage|p1a: Smeargle|37/100|[from] recoil
|
|-ability|p1a: Smeargle|Moody|boost
|-boost|p1a: Smeargle|def|2
|-unboost|p1a: Smeargle|spe|1
|upkeep
|turn|6
|
|t:|1633792433
|switch|p2a: Eevee|Eevee, M|100/100
|-activate|p1a: Smeargle|move: Struggle
|move|p1a: Smeargle|Struggle|p2a: Eevee
|-damage|p2a: Eevee|98/100
|-damage|p1a: Smeargle|12/100|[from] recoil
|
|-end|p1a: Smeargle|move: Taunt
|-ability|p1a: Smeargle|Moody|boost
|-boost|p1a: Smeargle|spa|2
|-unboost|p1a: Smeargle|spe|1
|upkeep
|turn|7
|
|t:|1633792448
|move|p2a: Eevee|Substitute|p2a: Eevee
|-start|p2a: Eevee|Substitute
|-damage|p2a: Eevee|73/100
|move|p1a: Smeargle|Spore||[still]
|-fail|p1a: Smeargle
|
|-end|p1a: Smeargle|Encore
|-ability|p1a: Smeargle|Moody|boost
|-boost|p1a: Smeargle|spe|2
|-unboost|p1a: Smeargle|spd|1
|upkeep
|turn|8
|j| Tomilucario3
|
|t:|1633792460
|move|p1a: Smeargle|Sticky Web|p2a: Eevee
|-sidestart|p2: cosxsinx|move: Sticky Web
|-zpower|p2a: Eevee
|move|p2a: Eevee|Extreme Evoboost|p2a: Eevee
|-boost|p2a: Eevee|atk|2
|-boost|p2a: Eevee|def|2
|-boost|p2a: Eevee|spa|2
|-boost|p2a: Eevee|spd|2
|-boost|p2a: Eevee|spe|2
|
|-ability|p1a: Smeargle|Moody|boost
|-boost|p1a: Smeargle|atk|2
|-unboost|p1a: Smeargle|spe|1
|upkeep
|turn|9
|
|t:|1633792473
|move|p2a: Eevee|Baton Pass|p2a: Eevee
|
|t:|1633792483
|switch|p2a: Zacian|Zacian-Crowned|100/100|[from]move: Baton Pass
|-activate|p2a: Zacian|move: Sticky Web
|-unboost|p2a: Zacian|spe|1
|-ability|p2a: Zacian|Intrepid Sword|boost
|-boost|p2a: Zacian|atk|1
|move|p1a: Smeargle|Baton Pass|p1a: Smeargle
|
|t:|1633792492
|switch|p1a: Marshadow|Marshadow|100/100|[from]move: Baton Pass
|
|upkeep
|turn|10
|
|t:|1633792497
|move|p2a: Zacian|Play Rough|p1a: Marshadow
|-supereffective|p1a: Marshadow
|-enditem|p1a: Marshadow|Focus Sash
|-damage|p1a: Marshadow|1/100
|-unboost|p1a: Marshadow|atk|1
|move|p1a: Marshadow|Spectral Thief||[still]
|-clearpositiveboost|p2a: Zacian|p1a: Marshadow|move: Spectral Thief
|-boost|p1a: Marshadow|atk|3
|-boost|p1a: Marshadow|def|2
|-boost|p1a: Marshadow|spa|2
|-boost|p1a: Marshadow|spd|2
|-boost|p1a: Marshadow|spe|1
|-anim|p1a: Marshadow|Spectral Thief|p2a: Zacian
|-damage|p2a: Zacian|0 fnt
|faint|p2a: Zacian
|
|upkeep
|c|☆Pacheco77|hell yeah
|
|t:|1633792518
|switch|p2a: Whimsicott|Whimsicott, M|99/100
|-activate|p2a: Whimsicott|move: Sticky Web
|-unboost|p2a: Whimsicott|spe|1
|turn|11
|c|☆Pacheco77|its big brain time
|-message|cosxsinx forfeited.
|
|win|Pacheco77
|raw|Pacheco77's rating: 1472 &rarr; <strong>1496</strong><br />(+24 for winning)
|raw|cosxsinx's rating: 1550 &rarr; <strong>1526</strong><br />(-24 for losing)
|l|☆cosxsinx
|c|☆Pacheco77|gg
