|j|☆lmisdreavus
|j|☆BuckfromGothamCity@!
|t:|1667291849
|gametype|singles
|player|p1|lmisdreavus|102|1851
|player|p2|BuckfromGothamCity|rye|2124
|teamsize|p1|6
|teamsize|p2|6
|gen|8
|tier|[Gen 8] National Dex AG
|rated|
|rule|HP Percentage Mod: HP is shown in percentages
|rule|Endless Battle Clause: Forcing endless battles is banned
|clearpoke
|poke|p1|Ho-Oh|
|poke|p1|Ho-Oh|
|poke|p1|Zygarde|
|poke|p1|Ditto|
|poke|p1|Groudon|
|poke|p1|Rayquaza|
|poke|p2|Ho-Oh|
|poke|p2|Zygarde|
|poke|p2|Necrozma-Dusk-Mane|
|poke|p2|Yveltal|
|poke|p2|Chansey, F|
|poke|p2|Arceus-*|
|teampreview
|inactive|Battle timer is ON: inactive players will automatically lose when time's up. (requested by BuckfromGothamCity)
|
|t:|1667291864
|start
|switch|p1a: Zygarde|Zygarde|100/100
|switch|p2a: Brighteous Hope|Arceus-Fairy|100/100
|turn|1
|
|t:|1667291872
|switch|p2a: Solar mountain|Necrozma-Dusk-Mane|100/100
|switch|p1a: Ho-Oh|Ho-Oh|100/100
|
|upkeep
|turn|2
|
|t:|1667291876
|move|p1a: Ho-Oh|Sacred Fire|p2a: Solar mountain
|-supereffective|p2a: Solar mountain
|-damage|p2a: Solar mountain|67/100
|move|p2a: Solar mountain|Knock Off|p1a: Ho-Oh
|-damage|p1a: Ho-Oh|79/100
|-enditem|p1a: Ho-Oh|Heavy-Duty Boots|[from] move: Knock Off|[of] p2a: Solar mountain
|
|upkeep
|turn|3
|
|t:|1667291880
|move|p1a: Ho-Oh|Sacred Fire|p2a: Solar mountain
|-supereffective|p2a: Solar mountain
|-damage|p2a: Solar mountain|35/100
|-status|p2a: Solar mountain|brn
|move|p2a: Solar mountain|Morning Sun|p2a: Solar mountain
|-heal|p2a: Solar mountain|85/100 brn
|
|-damage|p2a: Solar mountain|79/100 brn|[from] brn
|upkeep
|turn|4
|
|t:|1667291885
|move|p1a: Ho-Oh|Sacred Fire|p2a: Solar mountain
|-supereffective|p2a: Solar mountain
|-damage|p2a: Solar mountain|47/100 brn
|move|p2a: Solar mountain|Morning Sun|p2a: Solar mountain
|-heal|p2a: Solar mountain|97/100 brn
|
|-damage|p2a: Solar mountain|91/100 brn|[from] brn
|upkeep
|turn|5
|
|t:|1667291888
|move|p1a: Ho-Oh|Sacred Fire|p2a: Solar mountain
|-supereffective|p2a: Solar mountain
|-damage|p2a: Solar mountain|60/100 brn
|move|p2a: Solar mountain|Stealth Rock|p1a: Ho-Oh
|-sidestart|p1: lmisdreavus|move: Stealth Rock
|
|-damage|p2a: Solar mountain|54/100 brn|[from] brn
|upkeep
|turn|6
|
|t:|1667291892
|move|p1a: Ho-Oh|Defog|p2a: Solar mountain
|-unboost|p2a: Solar mountain|evasion|1
|-sideend|p1: lmisdreavus|Stealth Rock|[from] move: Defog|[of] p1a: Ho-Oh
|move|p2a: Solar mountain|Morning Sun|p2a: Solar mountain
|-heal|p2a: Solar mountain|100/100 brn
|
|-damage|p2a: Solar mountain|94/100 brn|[from] brn
|upkeep
|turn|7
|
|t:|1667291900
|move|p1a: Ho-Oh|Sacred Fire|p2a: Solar mountain
|-supereffective|p2a: Solar mountain
|-damage|p2a: Solar mountain|57/100 brn
|move|p2a: Solar mountain|Stealth Rock|p1a: Ho-Oh
|-sidestart|p1: lmisdreavus|move: Stealth Rock
|
|-damage|p2a: Solar mountain|51/100 brn|[from] brn
|upkeep
|turn|8
|
|t:|1667291903
|move|p1a: Ho-Oh|Defog|p2a: Solar mountain
|-unboost|p2a: Solar mountain|evasion|1
|-sideend|p1: lmisdreavus|Stealth Rock|[from] move: Defog|[of] p1a: Ho-Oh
|move|p2a: Solar mountain|Morning Sun|p2a: Solar mountain
|-heal|p2a: Solar mountain|100/100 brn
|
|-damage|p2a: Solar mountain|94/100 brn|[from] brn
|upkeep
|turn|9
|
|t:|1667291907
|switch|p2a: dragon guardian|Zygarde|100/100
|move|p1a: Ho-Oh|Whirlwind|p2a: dragon guardian
|drag|p2a: Solar mountain|Necrozma-Dusk-Mane|94/100 brn
|
|-damage|p2a: Solar mountain|88/100 brn|[from] brn
|upkeep
|turn|10
|
|t:|1667291911
|move|p2a: Solar mountain|Stealth Rock|p1a: Ho-Oh
|-sidestart|p1: lmisdreavus|move: Stealth Rock
|move|p1a: Ho-Oh|Whirlwind|p2a: Solar mountain
|drag|p2a: Phoenix King|Ho-Oh|100/100
|
|upkeep
|turn|11
|
|t:|1667291915
|move|p2a: Phoenix King|Brave Bird|p1a: Ho-Oh
|-damage|p1a: Ho-Oh|38/100
|-damage|p2a: Phoenix King|87/100|[from] Recoil
|move|p1a: Ho-Oh|Defog|p2a: Phoenix King
|-unboost|p2a: Phoenix King|evasion|1
|-sideend|p1: lmisdreavus|Stealth Rock|[from] move: Defog|[of] p1a: Ho-Oh
|
|upkeep
|turn|12
|
|t:|1667291921
|switch|p2a: Brighteous Hope|Arceus-Fairy|100/100
|switch|p1a: Zygarde|Zygarde|100/100
|
|upkeep
|turn|13
|
|t:|1667291927
|switch|p2a: Solar mountain|Necrozma-Dusk-Mane|88/100 brn
|switch|p1a: Groudon|Groudon|100/100
|detailschange|p1a: Groudon|Groudon-Primal
|-primal|p1a: Groudon
|-weather|DesolateLand|[from] ability: Desolate Land|[of] p1a: Groudon
|
|-weather|DesolateLand|[upkeep]
|-damage|p2a: Solar mountain|82/100 brn|[from] brn
|upkeep
|turn|14
|
|t:|1667291938
|switch|p2a: dragon guardian|Zygarde|100/100
|move|p1a: Groudon|Lava Plume|p2a: dragon guardian
|-resisted|p2a: dragon guardian
|-damage|p2a: dragon guardian|76/100
|
|-weather|DesolateLand|[upkeep]
|upkeep
|turn|15
|
|t:|1667291942
|move|p2a: dragon guardian|Thousand Arrows|p1a: Groudon
|-supereffective|p1a: Groudon
|-damage|p1a: Groudon|67/100
|move|p1a: Groudon|Stealth Rock|p2a: dragon guardian
|-sidestart|p2: BuckfromGothamCity|move: Stealth Rock
|
|-weather|DesolateLand|[upkeep]
|upkeep
|turn|16
|
|t:|1667291946
|-weather|none
|switch|p1a: Rayquaza|Rayquaza|100/100
|-ability|p1a: Rayquaza|Air Lock
|move|p2a: dragon guardian|Thousand Arrows|p1a: Rayquaza
|-damage|p1a: Rayquaza|61/100
|-start|p1a: Rayquaza|Smack Down
|
|upkeep
|turn|17
|
|t:|1667291954
|switch|p2a: Brighteous Hope|Arceus-Fairy|100/100
|-damage|p2a: Brighteous Hope|88/100|[from] Stealth Rock
|detailschange|p1a: Rayquaza|Rayquaza-Mega
|-mega|p1a: Rayquaza|Rayquaza|
|-weather|DeltaStream|[from] ability: Delta Stream|[of] p1a: Rayquaza
|move|p1a: Rayquaza|Dragon Ascent|p2a: Brighteous Hope
|-damage|p2a: Brighteous Hope|52/100
|-unboost|p1a: Rayquaza|def|1
|-unboost|p1a: Rayquaza|spd|1
|
|-weather|DeltaStream|[upkeep]
|upkeep
|turn|18
|
|t:|1667291967
|-weather|none
|switch|p1a: Ho-Oh|Ho-Oh|72/100
|move|p2a: Brighteous Hope|Recover|p2a: Brighteous Hope
|-heal|p2a: Brighteous Hope|100/100
|
|upkeep
|turn|19
|
|t:|1667291974
|switch|p2a: Phoenix King|Ho-Oh|100/100
|switch|p1a: Zygarde|Zygarde|100/100
|
|upkeep
|turn|20
|
|t:|1667291981
|move|p1a: Zygarde|Coil|p1a: Zygarde
|-boost|p1a: Zygarde|atk|1
|-boost|p1a: Zygarde|def|1
|-boost|p1a: Zygarde|accuracy|1
|move|p2a: Phoenix King|Defog|p1a: Zygarde
|-unboost|p1a: Zygarde|evasion|1
|-sideend|p2: BuckfromGothamCity|Stealth Rock|[from] move: Defog|[of] p2a: Phoenix King
|
|upkeep
|turn|21
|
|t:|1667291985
|switch|p2a: Brighteous Hope|Arceus-Fairy|100/100
|move|p1a: Zygarde|Glare|p2a: Brighteous Hope
|-status|p2a: Brighteous Hope|par
|
|upkeep
|turn|22
|
|t:|1667291989
|switch|p1a: Groudon|Groudon-Primal|67/100
|-weather|DesolateLand|[from] ability: Desolate Land|[of] p1a: Groudon
|move|p2a: Brighteous Hope|Will-O-Wisp|p1a: Groudon
|-immune|p1a: Groudon
|
|-weather|DesolateLand|[upkeep]
|upkeep
|turn|23
|
|t:|1667291996
|switch|p2a: dragon guardian|Zygarde|76/100
|move|p1a: Groudon|Lava Plume|p2a: dragon guardian
|-resisted|p2a: dragon guardian
|-damage|p2a: dragon guardian|54/100
|
|-weather|DesolateLand|[upkeep]
|upkeep
|turn|24
|
|t:|1667292001
|-weather|none
|switch|p1a: Rayquaza|Rayquaza-Mega|61/100
|-weather|DeltaStream|[from] ability: Delta Stream|[of] p1a: Rayquaza
|move|p2a: dragon guardian|Thousand Arrows|p1a: Rayquaza
|-damage|p1a: Rayquaza|27/100
|-start|p1a: Rayquaza|Smack Down
|
|-weather|DeltaStream|[upkeep]
|upkeep
|turn|25
|
|t:|1667292006
|switch|p2a: Brighteous Hope|Arceus-Fairy|100/100 par
|move|p1a: Rayquaza|Dragon Ascent|p2a: Brighteous Hope
|-damage|p2a: Brighteous Hope|62/100 par
|-unboost|p1a: Rayquaza|def|1
|-unboost|p1a: Rayquaza|spd|1
|
|-weather|DeltaStream|[upkeep]
|upkeep
|turn|26
|
|t:|1667292011
|move|p1a: Rayquaza|Dragon Ascent|p2a: Brighteous Hope
|-damage|p2a: Brighteous Hope|23/100 par
|-unboost|p1a: Rayquaza|def|1
|-unboost|p1a: Rayquaza|spd|1
|move|p2a: Brighteous Hope|Recover|p2a: Brighteous Hope
|-heal|p2a: Brighteous Hope|73/100 par
|
|-weather|DeltaStream|[upkeep]
|upkeep
|turn|27
|
|t:|1667292014
|move|p1a: Rayquaza|Dragon Ascent|p2a: Brighteous Hope
|-damage|p2a: Brighteous Hope|34/100 par
|-unboost|p1a: Rayquaza|def|1
|-unboost|p1a: Rayquaza|spd|1
|move|p2a: Brighteous Hope|Recover|p2a: Brighteous Hope
|-heal|p2a: Brighteous Hope|84/100 par
|
|-weather|DeltaStream|[upkeep]
|upkeep
|turn|28
|
|t:|1667292019
|-weather|none
|switch|p1a: Groudon|Groudon-Primal|67/100
|-weather|DesolateLand|[from] ability: Desolate Land|[of] p1a: Groudon
|move|p2a: Brighteous Hope|Judgment|p1a: Groudon
|-resisted|p1a: Groudon
|-damage|p1a: Groudon|52/100
|
|-weather|DesolateLand|[upkeep]
|upkeep
|turn|29
|
|t:|1667292026
|switch|p2a: dragon guardian|Zygarde|54/100
|move|p1a: Groudon|Stealth Rock|p2a: dragon guardian
|-sidestart|p2: BuckfromGothamCity|move: Stealth Rock
|
|-weather|DesolateLand|[upkeep]
|upkeep
|turn|30
|
|t:|1667292029
|-weather|none
|switch|p1a: Zygarde|Zygarde|100/100
|move|p2a: dragon guardian|Thousand Arrows|p1a: Zygarde
|-damage|p1a: Zygarde|83/100
|
|-heal|p1a: Zygarde|90/100|[from] item: Leftovers
|upkeep
|turn|31
|
|t:|1667292032
|switch|p1a: Rayquaza|Rayquaza-Mega|27/100
|-weather|DeltaStream|[from] ability: Delta Stream|[of] p1a: Rayquaza
|move|p2a: dragon guardian|Glare|p1a: Rayquaza
|-status|p1a: Rayquaza|par
|
|-weather|DeltaStream|[upkeep]
|upkeep
|turn|32
|
|t:|1667292035
|move|p2a: dragon guardian|Thousand Arrows|p1a: Rayquaza
|-damage|p1a: Rayquaza|0 fnt
|faint|p1a: Rayquaza
|-weather|none
|
|upkeep
|
|t:|1667292037
|switch|p1a: Zygarde|Zygarde|90/100
|turn|33
|
|t:|1667292040
|move|p2a: dragon guardian|Glare|p1a: Zygarde
|-status|p1a: Zygarde|par
|move|p1a: Zygarde|Coil|p1a: Zygarde
|-boost|p1a: Zygarde|atk|1
|-boost|p1a: Zygarde|def|1
|-boost|p1a: Zygarde|accuracy|1
|
|-heal|p1a: Zygarde|96/100 par|[from] item: Leftovers
|upkeep
|turn|34
|
|t:|1667292044
|move|p2a: dragon guardian|Haze|p2a: dragon guardian
|-clearallboost
|move|p1a: Zygarde|Thousand Arrows|p2a: dragon guardian
|-damage|p2a: dragon guardian|38/100
|
|-heal|p1a: Zygarde|100/100 par|[from] item: Leftovers
|-activate|p2a: dragon guardian|ability: Power Construct
|detailschange|p2a: dragon guardian|Zygarde-Complete
|-heal|p2a: dragon guardian|59/100|[silent]
|upkeep
|turn|35
|
|t:|1667292050
|switch|p2a: Bipolar degenerate|Chansey, F|100/100
|-damage|p2a: Bipolar degenerate|88/100|[from] Stealth Rock
|move|p1a: Zygarde|Glare|p2a: Bipolar degenerate
|-status|p2a: Bipolar degenerate|par
|
|upkeep
|turn|36
|
|t:|1667292055
|cant|p1a: Zygarde|par
|move|p2a: Bipolar degenerate|Heal Bell|p2a: Bipolar degenerate
|-activate|p2a: Bipolar degenerate|move: Heal Bell
|-curestatus|p2a: Bipolar degenerate|par|[msg]
|-curestatus|p2: Solar mountain|brn|[msg]
|-curestatus|p2: Brighteous Hope|par|[msg]
|
|upkeep
|turn|37
|-message|lmisdreavus forfeited.
|
|win|BuckfromGothamCity
|raw|lmisdreavus's rating: 1851 &rarr; <strong>1844</strong><br />(-7 for losing)
|raw|BuckfromGothamCity's rating: 2124 &rarr; <strong>2131</strong><br />(+7 for winning)
|l|☆lmisdreavus
