|j|☆123Ayan
|j|☆IamHrrimann
|t:|1628426019
|gametype|singles
|player|p1|123Ayan|red|
|player|p2|IamHrrimann|1|
|teamsize|p1|6
|teamsize|p2|6
|gen|8
|tier|[Gen 8] National Dex AG
|rule|HP Percentage Mod: HP is shown in percentages
|rule|Endless Battle Clause: Forcing endless battles is banned
|clearpoke
|poke|p1|Hippowdon, F|
|poke|p1|Jellicent, M|
|poke|p1|Salamence, M|
|poke|p1|Lycanroc, F|
|poke|p1|Mewtwo|
|poke|p1|Kyogre|
|poke|p2|Tapu Koko|
|poke|p2|Calyrex-Shadow|
|poke|p2|Medicham, M|
|poke|p2|Smeargle, M|
|poke|p2|Ho-Oh|
|poke|p2|Hoopa-Unbound|
|teampreview
|j| JRxR1AD
|
|t:|1628426047
|start
|switch|p1a: Salamence|Salamence, M, shiny|100/100
|switch|p2a: Smeargle|Smeargle, M|100/100
|turn|1
|c| JRxR1AD|Smeargle er luck valo
|
|t:|1628426069
|switch|p2a: Tapu Koko|Tapu Koko|100/100
|-fieldstart|move: Electric Terrain|[from] ability: Electric Surge|[of] p2a: Tapu Koko
|move|p1a: Salamence|Dual Wingbeat|p2a: Tapu Koko
|-resisted|p2a: Tapu Koko
|-damage|p2a: Tapu Koko|82/100
|-resisted|p2a: Tapu Koko
|-damage|p2a: Tapu Koko|67/100
|-hitcount|p2a: Tapu Koko|2
|
|upkeep
|turn|2
|
|t:|1628426099
|move|p2a: Tapu Koko|Wild Charge|p1a: Salamence
|-damage|p1a: Salamence|32/100
|-damage|p2a: Tapu Koko|46/100|[from] Recoil
|move|p1a: Salamence|Dragon Dance|p1a: Salamence
|-boost|p1a: Salamence|atk|1
|-boost|p1a: Salamence|spe|1
|
|upkeep
|turn|3
|
|t:|1628426133
|switch|p2a: Ho-Oh|Ho-Oh|100/100
|-ability|p2a: Ho-Oh|Pressure
|move|p1a: Salamence|Dual Wingbeat|p2a: Ho-Oh
|-damage|p2a: Ho-Oh|66/100
|-damage|p2a: Ho-Oh|32/100
|-hitcount|p2a: Ho-Oh|2
|
|-heal|p2a: Ho-Oh|38/100|[from] item: Leftovers
|upkeep
|turn|4
|
|t:|1628426155
|move|p1a: Salamence|Dual Wingbeat|p2a: Ho-Oh
|-damage|p2a: Ho-Oh|4/100
|-crit|p2a: Ho-Oh
|-damage|p2a: Ho-Oh|0 fnt
|faint|p2a: Ho-Oh
|-ability|p1a: Salamence|Moxie|boost
|-boost|p1a: Salamence|atk|1
|-hitcount|p2: Ho-Oh|2
|
|upkeep
|c| JRxR1AD|Ok now save it
|c| JRxR1AD|medicham ashbe
|
|t:|1628426168
|switch|p2a: Medicham|Medicham, M|100/100
|turn|5
|c| JRxR1AD|Bullet punch marte
|
|t:|1628426176
|detailschange|p2a: Medicham|Medicham-Mega, M
|-mega|p2a: Medicham|Medicham|Medichamite
|move|p2a: Medicham|Fake Out|p1a: Salamence
|-damage|p1a: Salamence|2/100
|cant|p1a: Salamence|flinch
|
|-fieldend|move: Electric Terrain
|upkeep
|turn|6
|c| JRxR1AD|Vau
|c| JRxR1AD|😐😐😐
|c| JRxR1AD|bollam save koro
|c|☆123Ayan|Ice punch ache
|c| JRxR1AD|Thakuk na
|c|☆123Ayan|True ora use korte pare
|c|☆123Ayan|But keno🤔
|c| JRxR1AD|Tmi ei fake out e Jelly anba
|c|☆123Ayan|Ami for fairy tai
|c|☆123Ayan|Got it
|c| JRxR1AD|ene strenght sap
|c|☆123Ayan|Got it
|
|t:|1628426267
|switch|p2a: Tapu Koko|Tapu Koko|46/100
|-fieldstart|move: Electric Terrain|[from] ability: Electric Surge|[of] p2a: Tapu Koko
|move|p1a: Salamence|Dual Wingbeat|p2a: Tapu Koko
|-resisted|p2a: Tapu Koko
|-damage|p2a: Tapu Koko|14/100
|-resisted|p2a: Tapu Koko
|-damage|p2a: Tapu Koko|0 fnt
|faint|p2a: Tapu Koko
|-ability|p1a: Salamence|Moxie|boost
|-boost|p1a: Salamence|atk|1
|-hitcount|p2: Tapu Koko|2
|
|upkeep
|
|t:|1628426280
|switch|p2a: Medicham|Medicham-Mega, M|100/100
|turn|7
|c|☆IamHrrimann|No bullet punch
|
|t:|1628426292
|switch|p1a: Jellicent|Jellicent, M, shiny|100/100
|move|p2a: Medicham|Fake Out|p1a: Jellicent
|-immune|p1a: Jellicent
|
|upkeep
|turn|8
|
|t:|1628426303
|switch|p2a: Smeargle|Smeargle, M|100/100
|move|p1a: Jellicent|Strength Sap|p2a: Smeargle
|-unboost|p2a: Smeargle|atk|1
|
|-ability|p2a: Smeargle|Moody|boost
|-boost|p2a: Smeargle|spa|2
|-unboost|p2a: Smeargle|def|1
|upkeep
|turn|9
|
|t:|1628426324
|switch|p1a: Hippowdon|Hippowdon, F, shiny|100/100
|-weather|Sandstorm|[from] ability: Sand Stream|[of] p1a: Hippowdon
|move|p2a: Smeargle|Stealth Rock|p1a: Hippowdon
|-sidestart|p1: 123Ayan|move: Stealth Rock
|
|-weather|Sandstorm|[upkeep]
|-damage|p2a: Smeargle|94/100|[from] Sandstorm
|-ability|p2a: Smeargle|Moody|boost
|-boost|p2a: Smeargle|spa|2
|-unboost|p2a: Smeargle|atk|1
|upkeep
|turn|10
|c| JRxR1AD|Ow
|
|t:|1628426342
|move|p2a: Smeargle|Sticky Web|p1a: Hippowdon
|-sidestart|p1: 123Ayan|move: Sticky Web
|move|p1a: Hippowdon|Stealth Rock|p2a: Smeargle
|-sidestart|p2: IamHrrimann|move: Stealth Rock
|
|-weather|Sandstorm|[upkeep]
|-damage|p2a: Smeargle|88/100|[from] Sandstorm
|-fieldend|move: Electric Terrain
|-ability|p2a: Smeargle|Moody|boost
|-boost|p2a: Smeargle|spa|2
|-unboost|p2a: Smeargle|spe|1
|upkeep
|turn|11
|
|t:|1628426362
|move|p2a: Smeargle|Baton Pass|p2a: Smeargle
|
|t:|1628426364
|switch|p2a: Calyrex|Calyrex-Shadow|100/100|[from]move: Baton Pass
|-ability|p2a: Calyrex|As One
|-ability|p2a: Calyrex|Unnerve
|-damage|p2a: Calyrex|88/100|[from] Stealth Rock
|move|p1a: Hippowdon|Earthquake|p2a: Calyrex
|-damage|p2a: Calyrex|14/100
|
|-weather|Sandstorm|[upkeep]
|-damage|p2a: Calyrex|8/100|[from] Sandstorm
|upkeep
|turn|12
|c| JRxR1AD|Wtf
|
|t:|1628426393
|switch|p1a: Salamence|Salamence, M, shiny|2/100
|-damage|p1a: Salamence|0 fnt|[from] Stealth Rock
|faint|p1a: Salamence
|-start|p2a: Calyrex|Dynamax
|-heal|p2a: Calyrex|8/100|[silent]
|move|p2a: Calyrex|Max Mindstorm|p1: Salamence|[notarget]
|-fail|p2a: Calyrex
|
|-weather|Sandstorm|[upkeep]
|-damage|p2a: Calyrex|5/100|[from] Sandstorm
|upkeep
|c| JRxR1AD|+6 sp attack
|
|t:|1628426408
|switch|p1a: Lycanroc|Lycanroc, F, shiny|100/100
|-damage|p1a: Lycanroc|88/100|[from] Stealth Rock
|-activate|p1a: Lycanroc|move: Sticky Web
|-unboost|p1a: Lycanroc|spe|1
|turn|13
|
|t:|1628426426
|-zpower|p1a: Lycanroc
|move|p1a: Lycanroc|Splintered Stormshards|p2a: Calyrex|[zeffect]
|-damage|p2a: Calyrex|0 fnt
|faint|p2a: Calyrex
|
|-weather|none
|upkeep
|
|t:|1628426448
|switch|p2a: Smeargle|Smeargle, M|88/100
|-damage|p2a: Smeargle|76/100|[from] Stealth Rock
|turn|14
|
|t:|1628426457
|switch|p1a: Hippowdon|Hippowdon, F, shiny|100/100
|-damage|p1a: Hippowdon|94/100|[from] Stealth Rock
|-activate|p1a: Hippowdon|move: Sticky Web
|-unboost|p1a: Hippowdon|spe|1
|-weather|Sandstorm|[from] ability: Sand Stream|[of] p1a: Hippowdon
|move|p2a: Smeargle|Spore|p1a: Hippowdon
|-status|p1a: Hippowdon|slp|[from] move: Spore
|
|-weather|Sandstorm|[upkeep]
|-damage|p2a: Smeargle|70/100|[from] Sandstorm
|-heal|p1a: Hippowdon|100/100 slp|[from] item: Leftovers
|-ability|p2a: Smeargle|Moody|boost
|-boost|p2a: Smeargle|atk|2
|-unboost|p2a: Smeargle|def|1
|upkeep
|turn|15
|
|t:|1628426474
|move|p2a: Smeargle|Baton Pass|p2a: Smeargle
|
|t:|1628426476
|switch|p2a: Hoopa|Hoopa-Unbound|100/100|[from]move: Baton Pass
|-damage|p2a: Hoopa|88/100|[from] Stealth Rock
|cant|p1a: Hippowdon|slp
|
|-weather|Sandstorm|[upkeep]
|-damage|p2a: Hoopa|82/100|[from] Sandstorm
|upkeep
|turn|16
|
|t:|1628426494
|move|p2a: Hoopa|Hyperspace Fury|p1a: Hippowdon
|-damage|p1a: Hippowdon|25/100 slp
|-unboost|p2a: Hoopa|def|1
|cant|p1a: Hippowdon|slp
|
|-weather|Sandstorm|[upkeep]
|-damage|p2a: Hoopa|76/100|[from] Sandstorm
|-heal|p1a: Hippowdon|31/100 slp|[from] item: Leftovers
|upkeep
|turn|17
|
|t:|1628426516
|move|p2a: Hoopa|Hyperspace Fury|p1a: Hippowdon
|-damage|p1a: Hippowdon|0 fnt
|-unboost|p2a: Hoopa|def|1
|faint|p1a: Hippowdon
|
|-weather|Sandstorm|[upkeep]
|-damage|p2a: Hoopa|70/100|[from] Sandstorm
|upkeep
|c| JRxR1AD|I mean
|
|t:|1628426519
|switch|p1a: Lycanroc|Lycanroc, F, shiny|88/100
|-activate|p1a: Lycanroc|move: Sticky Web
|-unboost|p1a: Lycanroc|spe|1
|-damage|p1a: Lycanroc|76/100|[from] Stealth Rock
|turn|18
|c| JRxR1AD|deadly combo
|
|t:|1628426532
|switch|p2a: Medicham|Medicham-Mega, M|100/100
|-damage|p2a: Medicham|94/100|[from] Stealth Rock
|move|p1a: Lycanroc|Sucker Punch||[still]
|-fail|p1a: Lycanroc
|
|-weather|none
|upkeep
|turn|19
|
|t:|1628426544
|switch|p1a: Jellicent|Jellicent, M, shiny|100/100
|-damage|p1a: Jellicent|88/100|[from] Stealth Rock
|-activate|p1a: Jellicent|move: Sticky Web
|-unboost|p1a: Jellicent|spe|1
|move|p2a: Medicham|Fake Out|p1a: Jellicent
|-immune|p1a: Jellicent
|
|upkeep
|turn|20
|
|t:|1628426555
|switch|p2a: Smeargle|Smeargle, M|70/100
|-damage|p2a: Smeargle|58/100|[from] Stealth Rock
|move|p1a: Jellicent|Toxic|p2a: Smeargle
|-status|p2a: Smeargle|tox
|
|-damage|p2a: Smeargle|51/100 tox|[from] psn
|-ability|p2a: Smeargle|Moody|boost
|-boost|p2a: Smeargle|spe|2
|-unboost|p2a: Smeargle|atk|1
|upkeep
|turn|21
|
|t:|1628426568
|switch|p1a: Lycanroc|Lycanroc, F, shiny|76/100
|-activate|p1a: Lycanroc|move: Sticky Web
|-unboost|p1a: Lycanroc|spe|1
|-damage|p1a: Lycanroc|63/100|[from] Stealth Rock
|move|p2a: Smeargle|Spore|p1a: Lycanroc
|-status|p1a: Lycanroc|slp|[from] move: Spore
|
|-damage|p2a: Smeargle|39/100 tox|[from] psn
|-ability|p2a: Smeargle|Moody|boost
|-boost|p2a: Smeargle|spe|2
|-unboost|p2a: Smeargle|def|1
|upkeep
|turn|22
|
|t:|1628426595
|switch|p2a: Hoopa|Hoopa-Unbound|70/100
|-damage|p2a: Hoopa|58/100|[from] Stealth Rock
|cant|p1a: Lycanroc|slp
|
|upkeep
|turn|23
|
|t:|1628426608
|cant|p1a: Lycanroc|slp
|move|p2a: Hoopa|Zen Headbutt|p1a: Lycanroc
|-damage|p1a: Lycanroc|0 fnt
|faint|p1a: Lycanroc
|
|upkeep
|
|t:|1628426615
|switch|p1a: Jellicent|Jellicent, M, shiny|88/100
|-activate|p1a: Jellicent|move: Sticky Web
|-unboost|p1a: Jellicent|spe|1
|-damage|p1a: Jellicent|76/100|[from] Stealth Rock
|turn|24
|
|t:|1628426635
|move|p2a: Hoopa|Hyperspace Fury|p1a: Jellicent
|-supereffective|p1a: Jellicent
|-damage|p1a: Jellicent|0 fnt
|-unboost|p2a: Hoopa|def|1
|faint|p1a: Jellicent
|
|upkeep
|
|t:|1628426639
|switch|p1a: Mewtwo|Mewtwo, shiny|100/100
|-damage|p1a: Mewtwo|88/100|[from] Stealth Rock
|-activate|p1a: Mewtwo|move: Sticky Web
|-unboost|p1a: Mewtwo|spe|1
|-ability|p1a: Mewtwo|Pressure
|turn|25
|
|t:|1628426650
|detailschange|p1a: Mewtwo|Mewtwo-Mega-X, shiny
|-mega|p1a: Mewtwo|Mewtwo|Mewtwonite X
|move|p2a: Hoopa|Hyperspace Fury|p1a: Mewtwo
|-damage|p1a: Mewtwo|36/100
|-unboost|p2a: Hoopa|def|1
|move|p1a: Mewtwo|Drain Punch|p2a: Hoopa
|-damage|p2a: Hoopa|0 fnt
|-heal|p1a: Mewtwo|57/100|[from] drain|[of] p2a: Hoopa
|faint|p2a: Hoopa
|
|upkeep
|
|t:|1628426669
|switch|p2a: Smeargle|Smeargle, M|39/100 tox
|-damage|p2a: Smeargle|27/100 tox|[from] Stealth Rock
|turn|26
|c| JRxR1AD|Mewtwo still faster i guess
|
|t:|1628426677
|switch|p1a: Kyogre|Kyogre, shiny|100/100
|-damage|p1a: Kyogre|88/100|[from] Stealth Rock
|-activate|p1a: Kyogre|move: Sticky Web
|-unboost|p1a: Kyogre|spe|1
|detailschange|p1a: Kyogre|Kyogre-Primal, shiny
|-primal|p1a: Kyogre
|-weather|PrimordialSea|[from] ability: Primordial Sea|[of] p1a: Kyogre
|move|p2a: Smeargle|Spore|p1a: Kyogre
|-status|p1a: Kyogre|slp|[from] move: Spore
|
|-weather|PrimordialSea|[upkeep]
|-damage|p2a: Smeargle|21/100 tox|[from] psn
|-ability|p2a: Smeargle|Moody|boost
|-boost|p2a: Smeargle|spe|2
|-unboost|p2a: Smeargle|atk|1
|upkeep
|turn|27
|c| JRxR1AD|😑😑😑😑
|
|t:|1628426694
|switch|p2a: Medicham|Medicham-Mega, M|94/100
|-damage|p2a: Medicham|88/100|[from] Stealth Rock
|cant|p1a: Kyogre|slp
|
|-weather|PrimordialSea|[upkeep]
|upkeep
|turn|28
|
|t:|1628426715
|move|p2a: Medicham|Fake Out|p1a: Kyogre
|-damage|p1a: Kyogre|63/100 slp
|-curestatus|p1a: Kyogre|slp|[msg]
|cant|p1a: Kyogre|flinch
|
|-weather|PrimordialSea|[upkeep]
|upkeep
|turn|29
|c|☆123Ayan|Na smergle fast
|c|☆123Ayan|273
|c|☆123Ayan|And Mewtwo x 197
|
|t:|1628426743
|move|p2a: Medicham|High Jump Kick|p1a: Kyogre
|-damage|p1a: Kyogre|0 fnt
|faint|p1a: Kyogre
|-weather|none
|
|upkeep
|
|t:|1628426747
|switch|p1a: Mewtwo|Mewtwo-Mega-X, shiny|57/100
|-damage|p1a: Mewtwo|51/100|[from] Stealth Rock
|-activate|p1a: Mewtwo|move: Sticky Web
|-unboost|p1a: Mewtwo|spe|1
|turn|30
|
|t:|1628426756
|switch|p2a: Smeargle|Smeargle, M|21/100 tox
|-damage|p2a: Smeargle|8/100 tox|[from] Stealth Rock
|move|p1a: Mewtwo|Bulk Up|p1a: Mewtwo
|-boost|p1a: Mewtwo|atk|1
|-boost|p1a: Mewtwo|def|1
|
|-damage|p2a: Smeargle|2/100 tox|[from] psn
|-ability|p2a: Smeargle|Moody|boost
|-boost|p2a: Smeargle|def|2
|-unboost|p2a: Smeargle|spa|1
|upkeep
|turn|31
|
|t:|1628426769
|move|p2a: Smeargle|Spore|p1a: Mewtwo
|-status|p1a: Mewtwo|slp|[from] move: Spore
|cant|p1a: Mewtwo|slp
|
|-damage|p2a: Smeargle|0 fnt|[from] psn
|faint|p2a: Smeargle
|upkeep
|
|t:|1628426778
|switch|p2a: Medicham|Medicham-Mega, M|88/100
|-damage|p2a: Medicham|82/100|[from] Stealth Rock
|turn|32
|c| JRxR1AD|197
|c| JRxR1AD|ato slow on
|c| JRxR1AD|km
|
|t:|1628426786
|move|p2a: Medicham|Fake Out|p1a: Mewtwo
|-damage|p1a: Mewtwo|38/100 slp
|cant|p1a: Mewtwo|slp
|
|upkeep
|turn|33
|c| JRxR1AD|oh
|c| JRxR1AD|tmr max health set
|c| JRxR1AD|😑😑😑😑😑
|
|t:|1628426794
|move|p2a: Medicham|Zen Headbutt|p1a: Mewtwo
|-damage|p1a: Mewtwo|1/100 slp
|-curestatus|p1a: Mewtwo|slp|[msg]
|move|p1a: Mewtwo|Psycho Cut|p2a: Medicham
|-damage|p2a: Medicham|0 fnt
|faint|p2a: Medicham
|
|win|123Ayan
|c| JRxR1AD|1 hp and a dream
|c|☆IamHrrimann|Lol yes
|c|☆123Ayan|Woof
|c|☆123Ayan|Ek min
|c| JRxR1AD|Risky😐
|c|☆123Ayan|Steadfast
|c|☆123Ayan|Kothai gelo?
|c| JRxR1AD|K jane
|c|☆IamHrrimann|U were sleeping
|c| JRxR1AD|😐😐😐
|c|☆123Ayan|Oh ya
|c|☆IamHrrimann|No flinch
|c| JRxR1AD|sid challenge me
|c| JRxR1AD|dekhi ki kora kay
|c|☆123Ayan|F in chat bois
|c| JRxR1AD|jay
