|j|☆High ladder bros
|j|☆smoolic alt
|t:|1661839140
|gametype|singles
|player|p1|High ladder bros|adaman|1731
|player|p2|smoolic alt|clemont|1776
|teamsize|p1|6
|teamsize|p2|6
|gen|8
|tier|[Gen 8] National Dex AG
|rated|
|rule|HP Percentage Mod: HP is shown in percentages
|rule|Endless Battle Clause: Forcing endless battles is banned
|clearpoke
|poke|p1|Rayquaza|
|poke|p1|Arceus-*|
|poke|p1|Arceus-*|
|poke|p1|Tyranitar, F|
|poke|p1|Ho-Oh|
|poke|p1|Necrozma-Dusk-Mane|
|poke|p2|Necrozma-Dusk-Mane|
|poke|p2|Ho-Oh|
|poke|p2|Zygarde|
|poke|p2|Ferrothorn, M|
|poke|p2|Ditto|
|poke|p2|Zygarde|
|teampreview
|inactive|Battle timer is ON: inactive players will automatically lose when time's up. (requested by smoolic alt)
|inactive|High ladder bros also wants the timer to be on.
|c|☆smoolic alt|glhf
|
|t:|1661839160
|start
|switch|p1a: Tyranitar|Tyranitar, F, shiny|100/100
|switch|p2a: Zygarde|Zygarde|100/100
|-weather|Sandstorm|[from] ability: Sand Stream|[of] p1a: Tyranitar
|turn|1
|
|t:|1661839163
|move|p2a: Zygarde|Substitute|p2a: Zygarde
|-start|p2a: Zygarde|Substitute
|-damage|p2a: Zygarde|76/100
|move|p1a: Tyranitar|Stealth Rock|p2a: Zygarde
|-sidestart|p2: smoolic alt|move: Stealth Rock
|
|-weather|Sandstorm|[upkeep]
|-heal|p2a: Zygarde|82/100|[from] item: Leftovers
|upkeep
|turn|2
|
|t:|1661839167
|switch|p1a: Arceus|Arceus-Water, shiny|100/100
|move|p2a: Zygarde|Dragon Dance|p2a: Zygarde
|-boost|p2a: Zygarde|atk|1
|-boost|p2a: Zygarde|spe|1
|
|-weather|Sandstorm|[upkeep]
|-damage|p1a: Arceus|94/100|[from] Sandstorm
|-heal|p2a: Zygarde|88/100|[from] item: Leftovers
|upkeep
|turn|3
|inactive|smoolic alt has 120 seconds left.
|inactive|smoolic alt has 90 seconds left.
|
|t:|1661839235
|move|p2a: Zygarde|Thousand Arrows|p1a: Arceus
|-damage|p1a: Arceus|60/100
|move|p1a: Arceus|Ice Beam|p2a: Zygarde
|-supereffective|p2a: Zygarde
|-end|p2a: Zygarde|Substitute
|
|-weather|Sandstorm|[upkeep]
|-damage|p1a: Arceus|54/100|[from] Sandstorm
|-heal|p2a: Zygarde|94/100|[from] item: Leftovers
|upkeep
|turn|4
|inactive|smoolic alt has 90 seconds left.
|c|☆High ladder bros|Oh hello smoolic didn't see you there lol
|c|☆smoolic alt|lol
|c|☆smoolic alt|hi
|
|t:|1661839264
|-start|p2a: Zygarde|Dynamax|
|-heal|p2a: Zygarde|94/100|[silent]
|move|p2a: Zygarde|Max Quake|p1a: Arceus
|-damage|p1a: Arceus|7/100
|-boost|p2a: Zygarde|spd|1
|move|p1a: Arceus|Recover|p1a: Arceus
|-heal|p1a: Arceus|57/100
|
|-weather|Sandstorm|[upkeep]
|-damage|p1a: Arceus|51/100|[from] Sandstorm
|-heal|p2a: Zygarde|97/100|[from] item: Leftovers
|upkeep
|turn|5
|inactive|smoolic alt has 90 seconds left.
|
|t:|1661839272
|move|p2a: Zygarde|Max Quake|p1a: Arceus
|-damage|p1a: Arceus|7/100
|-boost|p2a: Zygarde|spd|1
|move|p1a: Arceus|Will-O-Wisp|p2a: Zygarde
|-status|p2a: Zygarde|brn
|
|-weather|none
|-heal|p2a: Zygarde|99/100 brn|[from] item: Leftovers
|-damage|p2a: Zygarde|97/100 brn|[from] brn
|upkeep
|turn|6
|
|t:|1661839285
|move|p2a: Zygarde|Max Wyrmwind|p1a: Arceus
|-damage|p1a: Arceus|0 fnt
|faint|p1a: Arceus
|
|-heal|p2a: Zygarde|99/100 brn|[from] item: Leftovers
|-damage|p2a: Zygarde|97/100 brn|[from] brn
|upkeep
|
|t:|1661839288
|switch|p1a: Arceus|Arceus-Ground, shiny|100/100
|-end|p2a: Zygarde|Dynamax
|-heal|p2a: Zygarde|97/100 brn|[silent]
|turn|7
|
|t:|1661839294
|-start|p1a: Arceus|Dynamax|
|-heal|p1a: Arceus|100/100|[silent]
|move|p1a: Arceus|Max Hailstorm|p2a: Zygarde
|-supereffective|p2a: Zygarde
|-damage|p2a: Zygarde|11/100 brn
|-weather|Hail
|move|p2a: Zygarde|Dragon Tail|p1a: Arceus
|-damage|p1a: Arceus|92/100
|-block|p1a: Arceus|Dynamax
|
|-weather|Hail|[upkeep]
|-damage|p2a: Zygarde|5/100 brn|[from] Hail
|-damage|p1a: Arceus|89/100|[from] Hail
|-heal|p2a: Zygarde|11/100 brn|[from] item: Leftovers
|-damage|p2a: Zygarde|5/100 brn|[from] brn
|-activate|p2a: Zygarde|ability: Power Construct
|detailschange|p2a: Zygarde|Zygarde-Complete
|-heal|p2a: Zygarde|41/100 brn|[silent]
|upkeep
|turn|8
|
|t:|1661839309
|move|p2a: Zygarde|Substitute|p2a: Zygarde
|-start|p2a: Zygarde|Substitute
|-damage|p2a: Zygarde|16/100 brn
|move|p1a: Arceus|Max Hailstorm|p2a: Zygarde
|-supereffective|p2a: Zygarde
|-end|p2a: Zygarde|Substitute
|
|-weather|Hail|[upkeep]
|-damage|p2a: Zygarde|10/100 brn|[from] Hail
|-damage|p1a: Arceus|86/100|[from] Hail
|-heal|p2a: Zygarde|16/100 brn|[from] item: Leftovers
|-damage|p2a: Zygarde|10/100 brn|[from] brn
|upkeep
|turn|9
|inactive|High ladder bros has 120 seconds left.
|
|t:|1661839347
|move|p2a: Zygarde|Thousand Arrows|p1a: Arceus
|-damage|p1a: Arceus|73/100
|move|p1a: Arceus|Max Hailstorm|p2a: Zygarde
|-supereffective|p2a: Zygarde
|-damage|p2a: Zygarde|0 fnt
|faint|p2a: Zygarde
|
|-weather|Hail|[upkeep]
|-damage|p1a: Arceus|70/100|[from] Hail
|upkeep
|
|t:|1661839354
|switch|p2a: Ho-Oh|Ho-Oh|100/100
|-end|p1a: Arceus|Dynamax
|-heal|p1a: Arceus|70/100|[silent]
|turn|10
|inactive|High ladder bros has 120 seconds left.
|
|t:|1661839364
|switch|p1a: Tyranitar|Tyranitar, F, shiny|100/100
|-weather|Sandstorm|[from] ability: Sand Stream|[of] p1a: Tyranitar
|move|p2a: Ho-Oh|Toxic|p1a: Tyranitar
|-status|p1a: Tyranitar|tox
|
|-weather|Sandstorm|[upkeep]
|-damage|p2a: Ho-Oh|94/100|[from] Sandstorm
|-damage|p1a: Tyranitar|94/100 tox|[from] psn
|upkeep
|turn|11
|inactive|smoolic alt has 120 seconds left.
|
|t:|1661839372
|switch|p1a: Ho-Oh|Ho-Oh, shiny|100/100
|move|p2a: Ho-Oh|Protect||[still]
|-fail|p2a: Ho-Oh
|
|-weather|Sandstorm|[upkeep]
|-damage|p2a: Ho-Oh|88/100|[from] Sandstorm
|-damage|p1a: Ho-Oh|94/100|[from] Sandstorm
|upkeep
|turn|12
|
|t:|1661839378
|move|p2a: Ho-Oh|Toxic|p1a: Ho-Oh
|-status|p1a: Ho-Oh|tox
|move|p1a: Ho-Oh|Toxic|p2a: Ho-Oh
|-status|p2a: Ho-Oh|tox
|
|-weather|Sandstorm|[upkeep]
|-damage|p2a: Ho-Oh|82/100 tox|[from] Sandstorm
|-damage|p1a: Ho-Oh|88/100 tox|[from] Sandstorm
|-damage|p2a: Ho-Oh|76/100 tox|[from] psn
|-damage|p1a: Ho-Oh|82/100 tox|[from] psn
|upkeep
|turn|13
|
|t:|1661839383
|switch|p1a: 1|Rayquaza|100/100
|-ability|p1a: 1|Air Lock
|move|p2a: Ho-Oh|Defog|p1a: 1
|-unboost|p1a: 1|evasion|1
|-sideend|p2: smoolic alt|Stealth Rock|[from] move: Defog|[of] p2a: Ho-Oh
|
|-weather|Sandstorm|[upkeep]
|-damage|p2a: Ho-Oh|64/100 tox|[from] psn
|upkeep
|turn|14
|
|t:|1661839388
|switch|p2a: Necrozma|Necrozma-Dusk-Mane, shiny|100/100
|detailschange|p1a: 1|Rayquaza-Mega
|-mega|p1a: 1|Rayquaza|
|-weather|DeltaStream|[from] ability: Delta Stream|[of] p1a: 1
|move|p1a: 1|V-create|p2a: Necrozma
|-supereffective|p2a: Necrozma
|-damage|p2a: Necrozma|10/100
|-unboost|p1a: 1|spe|1
|-unboost|p1a: 1|def|1
|-unboost|p1a: 1|spd|1
|-damage|p1a: 1|84/100|[from] item: Rocky Helmet|[of] p2a: Necrozma
|
|-weather|DeltaStream|[upkeep]
|upkeep
|turn|15
|
|t:|1661839401
|move|p1a: 1|V-create|p2a: Necrozma
|-supereffective|p2a: Necrozma
|-damage|p2a: Necrozma|0 fnt
|-unboost|p1a: 1|spe|1
|-unboost|p1a: 1|def|1
|-unboost|p1a: 1|spd|1
|-damage|p1a: 1|67/100|[from] item: Rocky Helmet|[of] p2a: Necrozma
|faint|p2a: Necrozma
|
|-weather|DeltaStream|[upkeep]
|upkeep
|
|t:|1661839407
|switch|p2a: Zygarde|Zygarde|100/100
|turn|16
|
|t:|1661839419
|-weather|none
|switch|p1a: Arceus|Arceus-Ground, shiny|70/100
|move|p2a: Zygarde|Thousand Arrows|p1a: Arceus
|-damage|p1a: Arceus|45/100
|
|upkeep
|turn|17
|
|t:|1661839426
|switch|p2a: Ferrothorn|Ferrothorn, M, shiny|100/100
|move|p1a: Arceus|Recover|p1a: Arceus
|-heal|p1a: Arceus|95/100
|
|upkeep
|turn|18
|
|t:|1661839438
|switch|p1a: Ho-Oh|Ho-Oh, shiny|100/100 tox
|move|p2a: Ferrothorn|Toxic|p1a: Ho-Oh
|-fail|p1a: Ho-Oh|tox
|
|-damage|p1a: Ho-Oh|94/100 tox|[from] psn
|upkeep
|turn|19
|
|t:|1661839449
|switch|p1a: 1|Rayquaza-Mega|67/100
|-weather|DeltaStream|[from] ability: Delta Stream|[of] p1a: 1
|move|p2a: Ferrothorn|Protect||[still]
|-fail|p2a: Ferrothorn
|
|-weather|DeltaStream|[upkeep]
|upkeep
|turn|20
|
|t:|1661839462
|-weather|none
|switch|p1a: Ho-Oh|Ho-Oh, shiny|100/100 tox
|move|p2a: Ferrothorn|Protect||[still]
|-fail|p2a: Ferrothorn
|
|-damage|p1a: Ho-Oh|94/100 tox|[from] psn
|upkeep
|turn|21
|
|t:|1661839486
|switch|p2a: Ho-Oh|Ho-Oh|98/100 tox
|move|p1a: Ho-Oh|Sacred Fire|p2a: Ho-Oh
|-resisted|p2a: Ho-Oh
|-damage|p2a: Ho-Oh|83/100 tox
|
|-damage|p2a: Ho-Oh|77/100 tox|[from] psn
|-damage|p1a: Ho-Oh|82/100 tox|[from] psn
|upkeep
|turn|22
|
|t:|1661839496
|switch|p1a: Tyranitar|Tyranitar, F, shiny|94/100 tox
|-weather|Sandstorm|[from] ability: Sand Stream|[of] p1a: Tyranitar
|move|p2a: Ho-Oh|Toxic|p1a: Tyranitar
|-fail|p1a: Tyranitar|tox
|
|-weather|Sandstorm|[upkeep]
|-damage|p2a: Ho-Oh|71/100 tox|[from] Sandstorm
|-heal|p1a: Tyranitar|100/100 tox|[from] item: Leftovers
|-damage|p2a: Ho-Oh|59/100 tox|[from] psn
|-damage|p1a: Tyranitar|94/100 tox|[from] psn
|upkeep
|turn|23
|
|t:|1661839500
|switch|p2a: Zygarde|Zygarde|100/100
|move|p1a: Tyranitar|Stealth Rock|p2a: Zygarde
|-sidestart|p2: smoolic alt|move: Stealth Rock
|
|-weather|Sandstorm|[upkeep]
|-heal|p1a: Tyranitar|100/100 tox|[from] item: Leftovers
|-damage|p1a: Tyranitar|88/100 tox|[from] psn
|upkeep
|turn|24
|
|t:|1661839508
|switch|p2a: Ferrothorn|Ferrothorn, M, shiny|100/100
|-damage|p2a: Ferrothorn|94/100|[from] Stealth Rock
|switch|p1a: Arceus|Arceus-Ground, shiny|95/100
|
|-weather|Sandstorm|[upkeep]
|-heal|p2a: Ferrothorn|100/100|[from] item: Leftovers
|upkeep
|turn|25
|
|t:|1661839526
|move|p1a: Arceus|Magic Coat|p1a: Arceus
|-singleturn|p1a: Arceus|move: Magic Coat
|move|p2a: Ferrothorn|Leech Seed|p1a: Arceus
|move|p1a: Arceus|Leech Seed|p2a: Ferrothorn|[from]Magic Coat
|-immune|p2a: Ferrothorn
|
|-weather|Sandstorm|[upkeep]
|upkeep
|turn|26
|
|t:|1661839540
|switch|p1a: Ho-Oh|Ho-Oh, shiny|100/100 tox
|move|p2a: Ferrothorn|Leech Seed|p1a: Ho-Oh
|-start|p1a: Ho-Oh|move: Leech Seed
|
|-weather|none
|-damage|p1a: Ho-Oh|88/100 tox|[from] Leech Seed|[of] p2a: Ferrothorn
|-damage|p1a: Ho-Oh|82/100 tox|[from] psn
|upkeep
|turn|27
|
|t:|1661839549
|switch|p1a: 1|Rayquaza-Mega|67/100
|-weather|DeltaStream|[from] ability: Delta Stream|[of] p1a: 1
|switch|p2a: Zygarde|Zygarde|100/100
|-damage|p2a: Zygarde|94/100|[from] Stealth Rock
|
|-weather|DeltaStream|[upkeep]
|-heal|p2a: Zygarde|100/100|[from] item: Leftovers
|upkeep
|turn|28
|
|t:|1661839555
|move|p1a: 1|Draco Meteor|p2a: Zygarde
|-supereffective|p2a: Zygarde
|-damage|p2a: Zygarde|0 fnt
|-unboost|p1a: 1|spa|2
|faint|p2a: Zygarde
|
|-weather|DeltaStream|[upkeep]
|upkeep
|
|t:|1661839559
|switch|p2a: Ditto|Ditto|100/100
|-damage|p2a: Ditto|88/100|[from] Stealth Rock
|-transform|p2a: Ditto|p1a: 1|[from] ability: Imposter
|turn|29
|
|t:|1661839567
|switch|p1a: Tyranitar|Tyranitar, F, shiny|88/100 tox
|-ability|p1a: Tyranitar|Sand Stream|[from] deltastream|[fail]
|move|p2a: Ditto|V-create|p1a: Tyranitar
|-resisted|p1a: Tyranitar
|-damage|p1a: Tyranitar|57/100 tox
|-unboost|p2a: Ditto|spe|1
|-unboost|p2a: Ditto|def|1
|-unboost|p2a: Ditto|spd|1
|
|-weather|DeltaStream|[upkeep]
|-heal|p1a: Tyranitar|63/100 tox|[from] item: Leftovers
|-damage|p1a: Tyranitar|57/100 tox|[from] psn
|upkeep
|turn|30
|
|t:|1661839582
|-weather|none
|switch|p2a: Ferrothorn|Ferrothorn, M, shiny|100/100
|-damage|p2a: Ferrothorn|94/100|[from] Stealth Rock
|move|p1a: Tyranitar|Rest|p1a: Tyranitar
|-status|p1a: Tyranitar|slp|[from] move: Rest
|-heal|p1a: Tyranitar|100/100 slp|[silent]
|
|-heal|p2a: Ferrothorn|100/100|[from] item: Leftovers
|upkeep
|turn|31
|
|t:|1661839588
|switch|p1a: Ho-Oh|Ho-Oh, shiny|100/100 tox
|move|p2a: Ferrothorn|Toxic|p1a: Ho-Oh
|-fail|p1a: Ho-Oh|tox
|
|-damage|p1a: Ho-Oh|94/100 tox|[from] psn
|upkeep
|turn|32
|c|☆smoolic alt|gg
|-message|smoolic alt forfeited.
|
|win|High ladder bros
|raw|High ladder bros's rating: 1709 &rarr; <strong>1733</strong><br />(+24 for winning)
|raw|smoolic alt's rating: 1776 &rarr; <strong>1752</strong><br />(-24 for losing)
|l|☆smoolic alt
