|j|☆700club
|j|☆spicyntegral
|t:|1639222597
|gametype|singles
|player|p1|700club|1|1662
|player|p2|spicyntegral|n|1579
|teamsize|p1|6
|teamsize|p2|6
|gen|8
|tier|[Gen 8] National Dex AG
|rated|
|rule|HP Percentage Mod: HP is shown in percentages
|rule|Endless Battle Clause: Forcing endless battles is banned
|clearpoke
|poke|p1|Arceus-*|
|poke|p1|Kyurem-Black|
|poke|p1|Rayquaza|
|poke|p1|Deoxys-Speed|
|poke|p1|Vivillon, F|
|poke|p1|Zacian-*|
|poke|p2|Eevee, F|
|poke|p2|Espeon, M|
|poke|p2|Blaziken, M|
|poke|p2|Liepard, M|
|poke|p2|Swoobat, F|
|poke|p2|Calyrex-Ice|
|teampreview
|inactive|Battle timer is ON: inactive players will automatically lose when time's up. (requested by spicyntegral)
|c|☆700club|hi
|
|t:|1639222619
|start
|switch|p1a: Deoxys|Deoxys-Speed|100/100
|switch|p2a: Liepard|Liepard, M|100/100
|-ability|p1a: Deoxys|Pressure
|turn|1
|
|t:|1639222631
|move|p2a: Liepard|Substitute|p2a: Liepard
|-start|p2a: Liepard|Substitute
|-damage|p2a: Liepard|76/100
|move|p1a: Deoxys|Stealth Rock|p2a: Liepard
|-sidestart|p2: spicyntegral|move: Stealth Rock
|
|upkeep
|turn|2
|
|t:|1639222640
|switch|p1a: Zacian|Zacian-Crowned|100/100
|-ability|p1a: Zacian|Intrepid Sword|boost
|-boost|p1a: Zacian|atk|1
|move|p2a: Liepard|Encore||[still]
|-fail|p2a: Liepard
|
|upkeep
|turn|3
|
|t:|1639222663
|move|p2a: Liepard|Yawn|p1a: Zacian
|-start|p1a: Zacian|move: Yawn|[of] p2a: Liepard
|move|p1a: Zacian|Behemoth Blade|p2a: Liepard
|-crit|p2a: Liepard
|-end|p2a: Liepard|Substitute
|
|upkeep
|turn|4
|inactive|700club has 120 seconds left.
|
|t:|1639222693
|switch|p1a: Deoxys|Deoxys-Speed|100/100
|-ability|p1a: Deoxys|Pressure
|move|p2a: Liepard|Substitute|p2a: Liepard
|-start|p2a: Liepard|Substitute
|-damage|p2a: Liepard|51/100
|
|upkeep
|turn|5
|
|t:|1639222702
|move|p2a: Liepard|Baton Pass|p2a: Liepard
|
|t:|1639222705
|switch|p2a: Espeon|Espeon, M|100/100|[from]move: Baton Pass
|move|p1a: Deoxys|Taunt|p2a: Espeon
|move|p2a: Espeon|Taunt|p1a: Deoxys|[from]ability: Magic Bounce
|-start|p1a: Deoxys|move: Taunt
|
|upkeep
|turn|6
|inactive|700club has 120 seconds left.
|
|t:|1639222727
|switch|p1a: Arceus|Arceus-Dark|100/100
|move|p2a: Espeon|Baton Pass|p2a: Espeon
|
|t:|1639222732
|switch|p2a: Ariana|Eevee, F|100/100|[from]move: Baton Pass
|-damage|p2a: Ariana|88/100|[from] Stealth Rock
|
|upkeep
|turn|7
|inactive|700club has 120 seconds left.
|
|t:|1639222756
|move|p1a: Arceus|Calm Mind|p1a: Arceus
|-boost|p1a: Arceus|spa|1
|-boost|p1a: Arceus|spd|1
|-zpower|p2a: Ariana
|move|p2a: Ariana|Extreme Evoboost|p2a: Ariana
|-boost|p2a: Ariana|atk|2
|-boost|p2a: Ariana|def|2
|-boost|p2a: Ariana|spa|2
|-boost|p2a: Ariana|spd|2
|-boost|p2a: Ariana|spe|2
|
|upkeep
|turn|8
|
|t:|1639222769
|-start|p1a: Arceus|Dynamax
|-heal|p1a: Arceus|100/100|[silent]
|move|p2a: Ariana|Baton Pass|p2a: Ariana
|inactive|spicyntegral has 120 seconds left.
|inactive|spicyntegral has 90 seconds left.
|
|t:|1639222825
|switch|p2a: Liepard|Liepard, M|51/100|[from]move: Baton Pass
|-damage|p2a: Liepard|39/100|[from] Stealth Rock
|move|p1a: Arceus|Max Darkness|p2a: Liepard
|-resisted|p2a: Liepard
|-end|p2a: Liepard|Substitute
|-unboost|p2a: Liepard|spd|1
|
|upkeep
|turn|9
|inactive|spicyntegral has 90 seconds left.
|
|t:|1639222844
|move|p2a: Liepard|Substitute|p2a: Liepard
|-start|p2a: Liepard|Substitute
|-damage|p2a: Liepard|14/100
|move|p1a: Arceus|Max Darkness|p2a: Liepard
|-resisted|p2a: Liepard
|-end|p2a: Liepard|Substitute
|-unboost|p2a: Liepard|spd|1
|
|upkeep
|turn|10
|inactive|spicyntegral has 90 seconds left.
|
|t:|1639222854
|move|p2a: Liepard|Baton Pass|p2a: Liepard
|
|t:|1639222856
|switch|p2a: Blaziken|Blaziken, M|100/100|[from]move: Baton Pass
|-damage|p2a: Blaziken|88/100|[from] Stealth Rock
|move|p1a: Arceus|Max Darkness|p2a: Blaziken
|-resisted|p2a: Blaziken
|-damage|p2a: Blaziken|14/100
|-unboost|p2a: Blaziken|spd|1
|
|-end|p1a: Arceus|Dynamax
|-heal|p1a: Arceus|100/100|[silent]
|upkeep
|turn|11
|inactive|700club has 120 seconds left.
|inactive|spicyntegral has 90 seconds left.
|
|t:|1639222878
|detailschange|p2a: Blaziken|Blaziken-Mega, M
|-mega|p2a: Blaziken|Blaziken|Blazikenite
|move|p2a: Blaziken|Close Combat|p1a: Arceus
|-supereffective|p1a: Arceus
|-damage|p1a: Arceus|0 fnt
|-unboost|p2a: Blaziken|def|1
|-unboost|p2a: Blaziken|spd|1
|faint|p1a: Arceus
|
|-ability|p2a: Blaziken|Speed Boost|boost
|-boost|p2a: Blaziken|spe|1
|upkeep
|
|t:|1639222889
|switch|p1a: Rayquaza|Rayquaza|100/100
|-ability|p1a: Rayquaza|Air Lock
|turn|12
|inactive|spicyntegral has 90 seconds left.
|
|t:|1639222899
|detailschange|p1a: Rayquaza|Rayquaza-Mega
|-mega|p1a: Rayquaza|Rayquaza|
|-weather|DeltaStream|[from] ability: Delta Stream|[of] p1a: Rayquaza
|move|p1a: Rayquaza|Extreme Speed|p2a: Blaziken
|-damage|p2a: Blaziken|0 fnt
|faint|p2a: Blaziken
|-damage|p1a: Rayquaza|91/100|[from] item: Life Orb
|
|-weather|DeltaStream|[upkeep]
|upkeep
|
|t:|1639222921
|switch|p2a: Liepard|Liepard, M|14/100
|-damage|p2a: Liepard|1/100|[from] Stealth Rock
|turn|13
|
|t:|1639222930
|move|p1a: Rayquaza|Extreme Speed|p2a: Liepard
|-damage|p2a: Liepard|0 fnt
|faint|p2a: Liepard
|-damage|p1a: Rayquaza|81/100|[from] item: Life Orb
|
|-weather|DeltaStream|[upkeep]
|upkeep
|
|t:|1639222938
|switch|p2a: Calyrex|Calyrex-Ice|100/100
|-ability|p2a: Calyrex|As One
|-ability|p2a: Calyrex|Unnerve
|-damage|p2a: Calyrex|76/100|[from] Stealth Rock
|turn|14
|
|t:|1639222958
|-start|p2a: Calyrex|Dynamax
|-heal|p2a: Calyrex|76/100|[silent]
|move|p1a: Rayquaza|Dragon Ascent|p2a: Calyrex
|-crit|p2a: Calyrex
|-damage|p2a: Calyrex|14/100
|-unboost|p1a: Rayquaza|def|1
|-unboost|p1a: Rayquaza|spd|1
|-damage|p1a: Rayquaza|71/100|[from] item: Life Orb
|move|p2a: Calyrex|Max Knuckle|p1a: Rayquaza
|-resisted|p1a: Rayquaza
|-damage|p1a: Rayquaza|41/100
|-boost|p2a: Calyrex|atk|1
|
|-weather|DeltaStream|[upkeep]
|upkeep
|turn|15
|-message|spicyntegral forfeited.
|
|win|700club
|raw|700club's rating: 1662 &rarr; <strong>1677</strong><br />(+15 for winning)
|raw|spicyntegral's rating: 1579 &rarr; <strong>1564</strong><br />(-15 for losing)
|l|☆spicyntegral
