|j|‽Anygoes
|j|☆ReactJS3
|t:|1627932037
|gametype|singles
|player|p1|Anygoes|102|1719
|player|p2|ReactJS3|169|1968
|teamsize|p1|6
|teamsize|p2|6
|gen|8
|tier|[Gen 8] National Dex AG
|rated|
|rule|HP Percentage Mod: HP is shown in percentages
|rule|Endless Battle Clause: Forcing endless battles is banned
|clearpoke
|poke|p1|Arceus-*|
|poke|p1|Ho-Oh|
|poke|p1|Groudon|
|poke|p1|Zacian-*|
|poke|p1|Rayquaza|
|poke|p1|Ditto|
|poke|p2|Calyrex-Shadow|
|poke|p2|Groudon|
|poke|p2|Yveltal|
|poke|p2|Ho-Oh|
|poke|p2|Rayquaza|
|poke|p2|Arceus-*|
|teampreview
|
|t:|1627932048
|start
|switch|p1a: Arceus|Arceus-Ground|100/100
|switch|p2a: Calyrex|Calyrex-Shadow|100/100
|-ability|p2a: Calyrex|As One
|-ability|p2a: Calyrex|Unnerve
|turn|1
|
|t:|1627932057
|move|p2a: Calyrex|Nasty Plot|p2a: Calyrex
|-boost|p2a: Calyrex|spa|2
|move|p1a: Arceus|Judgment|p2a: Calyrex
|-damage|p2a: Calyrex|56/100
|
|upkeep
|turn|2
|
|t:|1627932065
|move|p2a: Calyrex|Baton Pass|p2a: Calyrex
|
|t:|1627932067
|switch|p2a: Yveltal|Yveltal|100/100|[from]move: Baton Pass
|-ability|p2a: Yveltal|Dark Aura
|move|p1a: Arceus|Stealth Rock|p2a: Yveltal
|-sidestart|p2: ReactJS3|move: Stealth Rock
|
|upkeep
|turn|3
|inactive|Battle timer is ON: inactive players will automatically lose when time's up. (requested by ReactJS3)
|inactive|Anygoes has 120 seconds left.
|
|t:|1627932119
|-start|p2a: Yveltal|Dynamax
|-heal|p2a: Yveltal|100/100|[silent]
|move|p2a: Yveltal|Max Airstream|p1a: Arceus
|-damage|p1a: Arceus|0 fnt
|-boost|p2a: Yveltal|spe|1
|faint|p1a: Arceus
|-damage|p2a: Yveltal|96/100|[from] item: Life Orb
|
|upkeep
|
|t:|1627932130
|switch|p1a: Rayquaza|Rayquaza|100/100
|-ability|p1a: Rayquaza|Air Lock
|turn|4
|
|t:|1627932133
|detailschange|p1a: Rayquaza|Rayquaza-Mega
|-mega|p1a: Rayquaza|Rayquaza|
|-weather|DeltaStream|[from] ability: Delta Stream|[of] p1a: Rayquaza
|move|p2a: Yveltal|Max Airstream|p1a: Rayquaza
|-enditem|p1a: Rayquaza|Focus Sash
|-damage|p1a: Rayquaza|1/100
|-boost|p2a: Yveltal|spe|1
|-damage|p2a: Yveltal|91/100|[from] item: Life Orb
|move|p1a: Rayquaza|Dragon Ascent|p2a: Yveltal
|-damage|p2a: Yveltal|47/100
|-unboost|p1a: Rayquaza|def|1
|-unboost|p1a: Rayquaza|spd|1
|
|-weather|DeltaStream|[upkeep]
|upkeep
|turn|5
|
|t:|1627932160
|-end|p2a: Yveltal|Dynamax
|-heal|p2a: Yveltal|47/100|[silent]
|switch|p2a: Arceus|Arceus-Fairy|100/100
|-damage|p2a: Arceus|88/100|[from] Stealth Rock
|move|p1a: Rayquaza|Extreme Speed|p2a: Arceus
|-damage|p2a: Arceus|63/100
|
|-weather|DeltaStream|[upkeep]
|upkeep
|turn|6
|
|t:|1627932170
|move|p1a: Rayquaza|Dragon Ascent|p2a: Arceus
|-damage|p2a: Arceus|13/100
|-unboost|p1a: Rayquaza|def|1
|-unboost|p1a: Rayquaza|spd|1
|move|p2a: Arceus|Judgment|p1a: Rayquaza
|-supereffective|p1a: Rayquaza
|-damage|p1a: Rayquaza|0 fnt
|faint|p1a: Rayquaza
|-weather|none
|
|upkeep
|
|t:|1627932180
|switch|p1a: Zacian|Zacian-Crowned|100/100
|-ability|p1a: Zacian|Intrepid Sword|boost
|-boost|p1a: Zacian|atk|1
|turn|7
|
|t:|1627932184
|switch|p2a: Ho-Oh|Ho-Oh|100/100
|move|p1a: Zacian|Behemoth Blade|p2a: Ho-Oh
|-resisted|p2a: Ho-Oh
|-damage|p2a: Ho-Oh|67/100
|
|upkeep
|turn|8
|
|t:|1627932200
|switch|p2a: Groudon|Groudon|100/100
|-damage|p2a: Groudon|94/100|[from] Stealth Rock
|detailschange|p2a: Groudon|Groudon-Primal
|-primal|p2a: Groudon
|-weather|DesolateLand|[from] ability: Desolate Land|[of] p2a: Groudon
|move|p1a: Zacian|Wild Charge|p2a: Groudon
|-immune|p2a: Groudon
|
|-weather|DesolateLand|[upkeep]
|upkeep
|turn|9
|
|t:|1627932208
|switch|p1a: Ho-Oh|Ho-Oh|100/100
|move|p2a: Groudon|Overheat|p1a: Ho-Oh|[miss]
|-miss|p2a: Groudon|p1a: Ho-Oh
|
|-weather|DesolateLand|[upkeep]
|upkeep
|turn|10
|
|t:|1627932215
|-weather|none
|switch|p2a: Ho-Oh|Ho-Oh|100/100
|move|p1a: Ho-Oh|Toxic|p2a: Ho-Oh|[miss]
|-miss|p1a: Ho-Oh|p2a: Ho-Oh
|
|upkeep
|turn|11
|
|t:|1627932223
|move|p2a: Ho-Oh|Defog|p1a: Ho-Oh
|-unboost|p1a: Ho-Oh|evasion|1
|-sideend|p2: ReactJS3|Stealth Rock|[from] move: Defog|[of] p2a: Ho-Oh
|move|p1a: Ho-Oh|Toxic|p2a: Ho-Oh
|-status|p2a: Ho-Oh|tox
|
|-damage|p2a: Ho-Oh|94/100 tox|[from] psn
|upkeep
|turn|12
|
|t:|1627932233
|switch|p1a: Zacian|Zacian-Crowned|100/100
|-ability|p1a: Zacian|Intrepid Sword|boost
|-boost|p1a: Zacian|atk|1
|move|p2a: Ho-Oh|Toxic|p1a: Zacian
|-immune|p1a: Zacian
|
|-damage|p2a: Ho-Oh|82/100 tox|[from] psn
|upkeep
|turn|13
|
|t:|1627932246
|switch|p1a: Ho-Oh|Ho-Oh|100/100
|move|p2a: Ho-Oh|Sacred Fire|p1a: Ho-Oh
|-resisted|p1a: Ho-Oh
|-damage|p1a: Ho-Oh|87/100
|
|-damage|p2a: Ho-Oh|64/100 tox|[from] psn
|upkeep
|turn|14
|
|t:|1627932275
|switch|p1a: Zacian|Zacian-Crowned|100/100
|-ability|p1a: Zacian|Intrepid Sword|boost
|-boost|p1a: Zacian|atk|1
|move|p2a: Ho-Oh|Toxic|p1a: Zacian
|-immune|p1a: Zacian
|
|-damage|p2a: Ho-Oh|40/100 tox|[from] psn
|upkeep
|turn|15
|
|t:|1627932287
|switch|p2a: Groudon|Groudon-Primal|94/100
|-weather|DesolateLand|[from] ability: Desolate Land|[of] p2a: Groudon
|move|p1a: Zacian|Close Combat|p2a: Groudon
|-damage|p2a: Groudon|56/100
|-unboost|p1a: Zacian|def|1
|-unboost|p1a: Zacian|spd|1
|
|-weather|DesolateLand|[upkeep]
|upkeep
|turn|16
|inactive|Anygoes has 120 seconds left.
|
|t:|1627932304
|switch|p1a: Ho-Oh|Ho-Oh|100/100
|move|p2a: Groudon|Stealth Rock|p1a: Ho-Oh
|-sidestart|p1: Anygoes|move: Stealth Rock
|
|-weather|DesolateLand|[upkeep]
|upkeep
|turn|17
|
|t:|1627932310
|move|p1a: Ho-Oh|Toxic|p2a: Groudon|[miss]
|-miss|p1a: Ho-Oh|p2a: Groudon
|move|p2a: Groudon|Toxic|p1a: Ho-Oh
|-status|p1a: Ho-Oh|tox
|
|-weather|DesolateLand|[upkeep]
|-damage|p1a: Ho-Oh|94/100 tox|[from] psn
|upkeep
|turn|18
|
|t:|1627932316
|-weather|none
|switch|p2a: Arceus|Arceus-Fairy|13/100
|move|p1a: Ho-Oh|Defog|p2a: Arceus
|-unboost|p2a: Arceus|evasion|1
|-sideend|p1: Anygoes|Stealth Rock|[from] move: Defog|[of] p1a: Ho-Oh
|
|-damage|p1a: Ho-Oh|82/100 tox|[from] psn
|upkeep
|turn|19
|
|t:|1627932324
|move|p2a: Arceus|Recover|p2a: Arceus
|-heal|p2a: Arceus|63/100
|move|p1a: Ho-Oh|Sacred Fire|p2a: Arceus
|-damage|p2a: Arceus|33/100
|
|-damage|p1a: Ho-Oh|63/100 tox|[from] psn
|upkeep
|turn|20
|
|t:|1627932330
|switch|p1a: Groudon|Groudon|100/100
|detailschange|p1a: Groudon|Groudon-Primal
|-primal|p1a: Groudon
|-weather|DesolateLand|[from] ability: Desolate Land|[of] p1a: Groudon
|move|p2a: Arceus|Recover|p2a: Arceus
|-heal|p2a: Arceus|83/100
|
|-weather|DesolateLand|[upkeep]
|upkeep
|turn|21
|
|t:|1627932334
|move|p2a: Arceus|Toxic|p1a: Groudon|[miss]
|-miss|p2a: Arceus|p1a: Groudon
|move|p1a: Groudon|Rock Polish|p1a: Groudon
|-boost|p1a: Groudon|spe|2
|
|-weather|DesolateLand|[upkeep]
|upkeep
|turn|22
|
|t:|1627932339
|move|p1a: Groudon|Fire Punch|p2a: Arceus
|-damage|p2a: Arceus|26/100
|-status|p2a: Arceus|brn
|move|p2a: Arceus|Toxic|p1a: Groudon
|-status|p1a: Groudon|tox
|
|-weather|DesolateLand|[upkeep]
|-damage|p1a: Groudon|94/100 tox|[from] psn
|-damage|p2a: Arceus|20/100 brn|[from] brn
|upkeep
|turn|23
|j| BOTICE MEH SENPI
|
|t:|1627932346
|switch|p2a: Ho-Oh|Ho-Oh|74/100 tox
|move|p1a: Groudon|Fire Punch|p2a: Ho-Oh
|-resisted|p2a: Ho-Oh
|-damage|p2a: Ho-Oh|46/100 tox
|
|-weather|DesolateLand|[upkeep]
|-damage|p1a: Groudon|82/100 tox|[from] psn
|-damage|p2a: Ho-Oh|40/100 tox|[from] psn
|upkeep
|turn|24
|
|t:|1627932354
|switch|p2a: Arceus|Arceus-Fairy|20/100 brn
|move|p1a: Groudon|Fire Punch|p2a: Arceus
|-damage|p2a: Arceus|0 fnt
|faint|p2a: Arceus
|
|-weather|DesolateLand|[upkeep]
|-damage|p1a: Groudon|64/100 tox|[from] psn
|upkeep
|
|t:|1627932368
|switch|p2a: Calyrex|Calyrex-Shadow|56/100
|-ability|p2a: Calyrex|As One
|-ability|p2a: Calyrex|Unnerve
|turn|25
|
|t:|1627932372
|move|p2a: Calyrex|Astral Barrage|p1a: Groudon
|-damage|p1a: Groudon|0 fnt
|faint|p1a: Groudon
|-weather|none
|-ability|p2a: Calyrex|Grim Neigh|boost
|-boost|p2a: Calyrex|spa|1
|
|upkeep
|
|t:|1627932377
|switch|p1a: Ditto|Ditto|100/100
|-transform|p1a: Ditto|p2a: Calyrex|[from] ability: Imposter
|turn|26
|
|t:|1627932397
|move|p1a: Ditto|Astral Barrage|p2a: Calyrex
|-supereffective|p2a: Calyrex
|-damage|p2a: Calyrex|0 fnt
|faint|p2a: Calyrex
|-ability|p1a: Ditto|Grim Neigh|boost
|-boost|p1a: Ditto|spa|1
|
|upkeep
|
|t:|1627932401
|switch|p2a: Yveltal|Yveltal|47/100
|-ability|p2a: Yveltal|Dark Aura
|turn|27
|inactive|Anygoes has 120 seconds left.
|
|t:|1627932444
|switch|p1a: Ho-Oh|Ho-Oh|96/100 tox
|move|p2a: Yveltal|Sucker Punch||[still]
|-fail|p2a: Yveltal
|
|-damage|p1a: Ho-Oh|90/100 tox|[from] psn
|upkeep
|turn|28
|
|t:|1627932454
|move|p2a: Yveltal|Oblivion Wing|p1a: Ho-Oh
|-damage|p1a: Ho-Oh|55/100 tox
|-heal|p2a: Yveltal|75/100|[from] drain|[of] p1a: Ho-Oh
|-damage|p2a: Yveltal|65/100|[from] item: Life Orb
|move|p1a: Ho-Oh|Sacred Fire|p2a: Yveltal
|-damage|p2a: Yveltal|25/100
|-status|p2a: Yveltal|brn
|
|-damage|p1a: Ho-Oh|43/100 tox|[from] psn
|-damage|p2a: Yveltal|19/100 brn|[from] brn
|upkeep
|turn|29
|
|t:|1627932461
|move|p2a: Yveltal|Oblivion Wing|p1a: Ho-Oh
|-damage|p1a: Ho-Oh|10/100 tox
|-heal|p2a: Yveltal|45/100 brn|[from] drain|[of] p1a: Ho-Oh
|-damage|p2a: Yveltal|35/100 brn|[from] item: Life Orb
|move|p1a: Ho-Oh|Roost|p1a: Ho-Oh
|-heal|p1a: Ho-Oh|60/100 tox
|-singleturn|p1a: Ho-Oh|move: Roost
|
|-damage|p1a: Ho-Oh|41/100 tox|[from] psn
|-damage|p2a: Yveltal|29/100 brn|[from] brn
|upkeep
|turn|30
|
|t:|1627932470
|move|p2a: Yveltal|Dark Pulse|p1a: Ho-Oh
|-damage|p1a: Ho-Oh|0 fnt
|faint|p1a: Ho-Oh
|-damage|p2a: Yveltal|19/100 brn|[from] item: Life Orb
|
|-damage|p2a: Yveltal|13/100 brn|[from] brn
|upkeep
|inactive|Anygoes has 120 seconds left.
|
|t:|1627932485
|switch|p1a: Ditto|Ditto|100/100
|-transform|p1a: Ditto|p2a: Yveltal|[from] ability: Imposter
|-ability|p1a: Ditto|Dark Aura
|turn|31
|
|t:|1627932496
|switch|p2a: Ho-Oh|Ho-Oh|73/100 tox
|-start|p1a: Ditto|Dynamax
|-heal|p1a: Ditto|100/100|[silent]
|move|p1a: Ditto|Max Airstream|p2a: Ho-Oh
|-damage|p2a: Ho-Oh|35/100 tox
|-boost|p1a: Ditto|spe|1
|
|-damage|p2a: Ho-Oh|29/100 tox|[from] psn
|upkeep
|turn|32
|inactive|Anygoes has 120 seconds left.
|
|t:|1627932517
|switch|p2a: Yveltal|Yveltal|13/100 brn
|-ability|p2a: Yveltal|Dark Aura
|move|p1a: Ditto|Max Airstream|p2a: Yveltal
|-damage|p2a: Yveltal|0 fnt
|-boost|p1a: Ditto|spe|1
|faint|p2a: Yveltal
|
|upkeep
|
|t:|1627932526
|switch|p2a: Ho-Oh|Ho-Oh|62/100 tox
|turn|33
|
|t:|1627932531
|move|p1a: Ditto|Max Darkness|p2a: Ho-Oh
|-damage|p2a: Ho-Oh|5/100 tox
|-unboost|p2a: Ho-Oh|spd|1
|move|p2a: Ho-Oh|Toxic|p1a: Ditto
|-status|p1a: Ditto|tox
|
|-damage|p1a: Ditto|97/100 tox|[from] psn
|-damage|p2a: Ho-Oh|0 fnt|[from] psn
|faint|p2a: Ho-Oh
|-end|p1a: Ditto|Dynamax
|-heal|p1a: Ditto|97/100 tox|[silent]
|upkeep
|
|t:|1627932541
|switch|p2a: Rayquaza|Rayquaza|100/100
|-ability|p2a: Rayquaza|Air Lock
|turn|34
|
|t:|1627932545
|detailschange|p2a: Rayquaza|Rayquaza-Mega
|-mega|p2a: Rayquaza|Rayquaza|
|-weather|DeltaStream|[from] ability: Delta Stream|[of] p2a: Rayquaza
|move|p1a: Ditto|Dark Pulse|p2a: Rayquaza
|-damage|p2a: Rayquaza|39/100
|cant|p2a: Rayquaza|flinch
|
|-weather|DeltaStream|[upkeep]
|-damage|p1a: Ditto|85/100 tox|[from] psn
|upkeep
|turn|35
|
|t:|1627932559
|move|p2a: Rayquaza|Extreme Speed|p1a: Ditto
|-damage|p1a: Ditto|33/100 tox
|move|p1a: Ditto|Dark Pulse|p2a: Rayquaza
|-damage|p2a: Rayquaza|0 fnt
|faint|p2a: Rayquaza
|-weather|none
|
|-damage|p1a: Ditto|15/100 tox|[from] psn
|upkeep
|c|☆ReactJS3|lucky garbage
|-message|ReactJS3 forfeited.
|
|win|Anygoes
|raw|Anygoes's rating: 1719 &rarr; <strong>1751</strong><br />(+32 for winning)
|raw|ReactJS3's rating: 1968 &rarr; <strong>1936</strong><br />(-32 for losing)
|l|☆ReactJS3
