|j|☆GalvantulaSupreme
|j|☆IWSK
|t:|1636252543
|gametype|singles
|player|p1|GalvantulaSupreme|bugcatcher-gen4dp|1567
|player|p2|IWSK|gentleman-gen4dp|1847
|teamsize|p1|6
|teamsize|p2|6
|gen|8
|tier|[Gen 8] National Dex AG
|rated|
|rule|HP Percentage Mod: HP is shown in percentages
|rule|Endless Battle Clause: Forcing endless battles is banned
|clearpoke
|poke|p1|Ho-Oh|
|poke|p1|Zacian-*|
|poke|p1|Hatterene, F|
|poke|p1|Lopunny, F|
|poke|p1|Galvantula, F|
|poke|p1|Marshadow|
|poke|p2|Arceus-*|
|poke|p2|Necrozma-Dusk-Mane|
|poke|p2|Gengar, M|
|poke|p2|Ho-Oh|
|poke|p2|Gliscor, M|
|poke|p2|Yveltal|
|teampreview
|inactive|Battle timer is ON: inactive players will automatically lose when time's up. (requested by IWSK)
|
|t:|1636252559
|start
|switch|p1a: Lopunny|Lopunny, F|100/100
|switch|p2a: Gliscor|Gliscor, M|100/100
|turn|1
|
|t:|1636252565
|detailschange|p1a: Lopunny|Lopunny-Mega, F
|-mega|p1a: Lopunny|Lopunny|Lopunnite
|move|p2a: Gliscor|Protect|p2a: Gliscor
|-singleturn|p2a: Gliscor|Protect
|move|p1a: Lopunny|Fake Out|p2a: Gliscor
|-activate|p2a: Gliscor|move: Protect
|
|-status|p2a: Gliscor|tox|[from] item: Toxic Orb
|upkeep
|turn|2
|
|t:|1636252574
|switch|p1a: Hatterene|Hatterene, F|100/100
|switch|p2a: Necrozma|Necrozma-Dusk-Mane|100/100
|
|upkeep
|turn|3
|
|t:|1636252580
|switch|p1a: Ho-Oh|Ho-Oh|100/100
|move|p2a: Necrozma|Sunsteel Strike|p1a: Ho-Oh
|-resisted|p1a: Ho-Oh
|-damage|p1a: Ho-Oh|84/100
|
|upkeep
|turn|4
|
|t:|1636252588
|switch|p2a: Gliscor|Gliscor, M|100/100 tox
|move|p1a: Ho-Oh|Sacred Fire|p2a: Gliscor|[miss]
|-miss|p1a: Ho-Oh|p2a: Gliscor
|
|upkeep
|turn|5
|
|t:|1636252601
|switch|p1a: Hatterene|Hatterene, F|100/100
|move|p2a: Gliscor|Substitute|p2a: Gliscor
|-start|p2a: Gliscor|Substitute
|-damage|p2a: Gliscor|76/100 tox
|
|-heal|p2a: Gliscor|88/100 tox|[from] ability: Poison Heal
|upkeep
|turn|6
|
|t:|1636252608
|move|p2a: Gliscor|Bulldoze|p1a: Hatterene
|-damage|p1a: Hatterene|84/100
|-unboost|p1a: Hatterene|spe|1
|move|p1a: Hatterene|Mystical Fire|p2a: Gliscor
|-end|p2a: Gliscor|Substitute
|
|-heal|p1a: Hatterene|89/100|[from] item: Leftovers
|-heal|p2a: Gliscor|100/100 tox|[from] ability: Poison Heal
|upkeep
|turn|7
|
|t:|1636252627
|switch|p2a: Ho-Oh|Ho-Oh|100/100
|move|p1a: Hatterene|Mystical Fire|p2a: Ho-Oh
|-resisted|p2a: Ho-Oh
|-damage|p2a: Ho-Oh|96/100
|-unboost|p2a: Ho-Oh|spa|1
|
|-heal|p1a: Hatterene|95/100|[from] item: Leftovers
|upkeep
|turn|8
|
|t:|1636252636
|switch|p1a: Ho-Oh|Ho-Oh|100/100
|move|p2a: Ho-Oh|Sacred Fire|p1a: Ho-Oh
|-resisted|p1a: Ho-Oh
|-damage|p1a: Ho-Oh|88/100
|
|upkeep
|turn|9
|
|t:|1636252643
|move|p1a: Ho-Oh|Sacred Fire|p2a: Ho-Oh
|-resisted|p2a: Ho-Oh
|-damage|p2a: Ho-Oh|76/100
|move|p2a: Ho-Oh|Toxic|p1a: Ho-Oh
|-status|p1a: Ho-Oh|tox
|
|-damage|p1a: Ho-Oh|82/100 tox|[from] psn
|upkeep
|turn|10
|
|t:|1636252654
|switch|p2a: Gliscor|Gliscor, M|100/100 tox
|move|p1a: Ho-Oh|Sacred Fire|p2a: Gliscor
|-damage|p2a: Gliscor|67/100 tox
|
|-heal|p2a: Gliscor|79/100 tox|[from] ability: Poison Heal
|-damage|p1a: Ho-Oh|69/100 tox|[from] psn
|upkeep
|turn|11
|
|t:|1636252665
|switch|p1a: Galvantula|Galvantula, F|100/100
|move|p2a: Gliscor|Substitute|p2a: Gliscor
|-start|p2a: Gliscor|Substitute
|-damage|p2a: Gliscor|54/100 tox
|
|-heal|p2a: Gliscor|67/100 tox|[from] ability: Poison Heal
|upkeep
|turn|12
|
|t:|1636252672
|move|p1a: Galvantula|Sticky Web|p2a: Gliscor
|-sidestart|p2: IWSK|move: Sticky Web
|move|p2a: Gliscor|Bulldoze|p1a: Galvantula
|-damage|p1a: Galvantula|62/100
|-unboost|p1a: Galvantula|spe|1
|
|-heal|p2a: Gliscor|79/100 tox|[from] ability: Poison Heal
|upkeep
|turn|13
|
|t:|1636252681
|move|p2a: Gliscor|Toxic|p1a: Galvantula
|-status|p1a: Galvantula|tox
|move|p1a: Galvantula|Bug Buzz|p2a: Gliscor
|-resisted|p2a: Gliscor
|-damage|p2a: Gliscor|54/100 tox
|
|-heal|p2a: Gliscor|67/100 tox|[from] ability: Poison Heal
|-damage|p1a: Galvantula|56/100 tox|[from] psn
|upkeep
|turn|14
|
|t:|1636252690
|move|p2a: Gliscor|Protect|p2a: Gliscor
|-singleturn|p2a: Gliscor|Protect
|move|p1a: Galvantula|Bug Buzz|p2a: Gliscor
|-activate|p2a: Gliscor|move: Protect
|
|-heal|p2a: Gliscor|79/100 tox|[from] ability: Poison Heal
|-damage|p1a: Galvantula|44/100 tox|[from] psn
|upkeep
|turn|15
|
|t:|1636252698
|move|p2a: Gliscor|Bulldoze|p1a: Galvantula
|-damage|p1a: Galvantula|4/100 tox
|-unboost|p1a: Galvantula|spe|1
|move|p1a: Galvantula|Bug Buzz|p2a: Gliscor
|-resisted|p2a: Gliscor
|-damage|p2a: Gliscor|57/100 tox
|
|-heal|p2a: Gliscor|70/100 tox|[from] ability: Poison Heal
|-damage|p1a: Galvantula|0 fnt|[from] psn
|faint|p1a: Galvantula
|upkeep
|
|t:|1636252714
|switch|p1a: Hatterene|Hatterene, F|95/100
|turn|16
|
|t:|1636252717
|move|p2a: Gliscor|Bulldoze|p1a: Hatterene
|-damage|p1a: Hatterene|78/100
|-unboost|p1a: Hatterene|spe|1
|move|p1a: Hatterene|Calm Mind|p1a: Hatterene
|-boost|p1a: Hatterene|spa|1
|-boost|p1a: Hatterene|spd|1
|
|-heal|p1a: Hatterene|84/100|[from] item: Leftovers
|-heal|p2a: Gliscor|82/100 tox|[from] ability: Poison Heal
|upkeep
|turn|17
|
|t:|1636252731
|switch|p2a: Necrozma|Necrozma-Dusk-Mane|100/100
|-activate|p2a: Necrozma|move: Sticky Web
|-unboost|p2a: Necrozma|spe|1
|move|p1a: Hatterene|Calm Mind|p1a: Hatterene
|-boost|p1a: Hatterene|spa|1
|-boost|p1a: Hatterene|spd|1
|
|-heal|p1a: Hatterene|90/100|[from] item: Leftovers
|upkeep
|turn|18
|
|t:|1636252739
|switch|p1a: Ho-Oh|Ho-Oh|100/100 tox
|move|p2a: Necrozma|Sunsteel Strike|p1a: Ho-Oh
|-resisted|p1a: Ho-Oh
|-damage|p1a: Ho-Oh|85/100 tox
|
|-damage|p1a: Ho-Oh|78/100 tox|[from] psn
|upkeep
|turn|19
|
|t:|1636252750
|switch|p1a: Zacian|Zacian-Crowned|100/100
|-ability|p1a: Zacian|Intrepid Sword|boost
|-boost|p1a: Zacian|atk|1
|switch|p2a: Ho-Oh|Ho-Oh|100/100
|
|upkeep
|turn|20
|
|t:|1636252758
|switch|p1a: Ho-Oh|Ho-Oh|100/100 tox
|switch|p2a: Necrozma|Necrozma-Dusk-Mane|100/100
|-activate|p2a: Necrozma|move: Sticky Web
|-unboost|p2a: Necrozma|spe|1
|
|-damage|p1a: Ho-Oh|94/100 tox|[from] psn
|upkeep
|turn|21
|
|t:|1636252766
|switch|p2a: Ho-Oh|Ho-Oh|100/100
|move|p1a: Ho-Oh|Sacred Fire|p2a: Ho-Oh
|-resisted|p2a: Ho-Oh
|-damage|p2a: Ho-Oh|80/100
|
|-damage|p1a: Ho-Oh|82/100 tox|[from] psn
|upkeep
|turn|22
|
|t:|1636252774
|switch|p1a: Hatterene|Hatterene, F|90/100
|move|p2a: Ho-Oh|Defog|p1a: Hatterene
|move|p1a: Hatterene|Defog|p2a: Ho-Oh|[from]ability: Magic Bounce
|-unboost|p2a: Ho-Oh|evasion|1
|-sideend|p2: IWSK|Sticky Web|[from] move: Defog|[of] p1a: Hatterene
|
|-heal|p1a: Hatterene|96/100|[from] item: Leftovers
|upkeep
|turn|23
|
|t:|1636252783
|move|p2a: Ho-Oh|Sacred Fire|p1a: Hatterene|[miss]
|-miss|p2a: Ho-Oh|p1a: Hatterene
|move|p1a: Hatterene|Mystical Fire|p2a: Ho-Oh
|-resisted|p2a: Ho-Oh
|-damage|p2a: Ho-Oh|75/100
|-unboost|p2a: Ho-Oh|spa|1
|
|-heal|p1a: Hatterene|100/100|[from] item: Leftovers
|upkeep
|turn|24
|
|t:|1636252792
|switch|p1a: Ho-Oh|Ho-Oh|100/100 tox
|move|p2a: Ho-Oh|Sacred Fire|p1a: Ho-Oh
|-resisted|p1a: Ho-Oh
|-damage|p1a: Ho-Oh|87/100 tox
|
|-damage|p1a: Ho-Oh|80/100 tox|[from] psn
|upkeep
|turn|25
|
|t:|1636252802
|switch|p2a: Gliscor|Gliscor, M|82/100 tox
|switch|p1a: Hatterene|Hatterene, F|100/100
|
|-heal|p2a: Gliscor|95/100 tox|[from] ability: Poison Heal
|upkeep
|turn|26
|
|t:|1636252816
|switch|p2a: Ho-Oh|Ho-Oh|100/100
|move|p1a: Hatterene|Mystical Fire|p2a: Ho-Oh
|-resisted|p2a: Ho-Oh
|-damage|p2a: Ho-Oh|96/100
|-unboost|p2a: Ho-Oh|spa|1
|
|upkeep
|turn|27
|
|t:|1636252825
|move|p2a: Ho-Oh|Sacred Fire|p1a: Hatterene
|-damage|p1a: Hatterene|63/100
|move|p1a: Hatterene|Psyshock|p2a: Ho-Oh
|-damage|p2a: Ho-Oh|66/100
|
|-heal|p1a: Hatterene|69/100|[from] item: Leftovers
|upkeep
|turn|28
|
|t:|1636252833
|switch|p1a: Ho-Oh|Ho-Oh|100/100 tox
|move|p2a: Ho-Oh|Sacred Fire|p1a: Ho-Oh
|-resisted|p1a: Ho-Oh
|-damage|p1a: Ho-Oh|87/100 tox
|
|-damage|p1a: Ho-Oh|81/100 tox|[from] psn
|upkeep
|turn|29
|
|t:|1636252842
|switch|p2a: Gliscor|Gliscor, M|95/100 tox
|move|p1a: Ho-Oh|Roost|p1a: Ho-Oh
|-heal|p1a: Ho-Oh|100/100 tox
|-singleturn|p1a: Ho-Oh|move: Roost
|
|-heal|p2a: Gliscor|100/100 tox|[from] ability: Poison Heal
|-damage|p1a: Ho-Oh|88/100 tox|[from] psn
|upkeep
|turn|30
|
|t:|1636252851
|switch|p1a: Hatterene|Hatterene, F|69/100
|move|p2a: Gliscor|Bulldoze|p1a: Hatterene
|-damage|p1a: Hatterene|53/100
|-unboost|p1a: Hatterene|spe|1
|
|-heal|p1a: Hatterene|59/100|[from] item: Leftovers
|upkeep
|turn|31
|
|t:|1636252859
|switch|p2a: Necrozma|Necrozma-Dusk-Mane|100/100
|move|p1a: Hatterene|Mystical Fire|p2a: Necrozma
|-supereffective|p2a: Necrozma
|-damage|p2a: Necrozma|74/100
|-unboost|p2a: Necrozma|spa|1
|
|-heal|p1a: Hatterene|65/100|[from] item: Leftovers
|upkeep
|turn|32
|
|t:|1636252871
|switch|p1a: Ho-Oh|Ho-Oh|100/100 tox
|move|p2a: Necrozma|Morning Sun|p2a: Necrozma
|-heal|p2a: Necrozma|100/100
|
|-damage|p1a: Ho-Oh|94/100 tox|[from] psn
|upkeep
|turn|33
|
|t:|1636252878
|switch|p1a: Hatterene|Hatterene, F|65/100
|switch|p2a: Ho-Oh|Ho-Oh|99/100
|
|-heal|p1a: Hatterene|71/100|[from] item: Leftovers
|upkeep
|turn|34
|
|t:|1636252888
|switch|p1a: Ho-Oh|Ho-Oh|100/100 tox
|move|p2a: Ho-Oh|Sacred Fire|p1a: Ho-Oh
|-resisted|p1a: Ho-Oh
|-damage|p1a: Ho-Oh|88/100 tox
|
|-damage|p1a: Ho-Oh|81/100 tox|[from] psn
|upkeep
|turn|35
|
|t:|1636252898
|switch|p1a: Hatterene|Hatterene, F|71/100
|switch|p2a: Gliscor|Gliscor, M|100/100 tox
|
|-heal|p1a: Hatterene|77/100|[from] item: Leftovers
|upkeep
|turn|36
|
|t:|1636252906
|switch|p2a: Ho-Oh|Ho-Oh|100/100
|move|p1a: Hatterene|Mystical Fire|p2a: Ho-Oh
|-resisted|p2a: Ho-Oh
|-damage|p2a: Ho-Oh|95/100
|-unboost|p2a: Ho-Oh|spa|1
|
|-heal|p1a: Hatterene|83/100|[from] item: Leftovers
|upkeep
|turn|37
|
|t:|1636252921
|switch|p1a: Ho-Oh|Ho-Oh|100/100 tox
|move|p2a: Ho-Oh|Sacred Fire|p1a: Ho-Oh
|-resisted|p1a: Ho-Oh
|-damage|p1a: Ho-Oh|86/100 tox
|
|-damage|p1a: Ho-Oh|80/100 tox|[from] psn
|upkeep
|turn|38
|
|t:|1636252930
|switch|p2a: Gengar|Gengar, M|100/100
|move|p1a: Ho-Oh|Sacred Fire|p2a: Gengar|[miss]
|-miss|p1a: Ho-Oh|p2a: Gengar
|
|-damage|p1a: Ho-Oh|67/100 tox|[from] psn
|upkeep
|turn|39
|
|t:|1636252942
|switch|p1a: Lopunny|Lopunny-Mega, F|100/100
|detailschange|p2a: Gengar|Gengar-Mega, M
|-mega|p2a: Gengar|Gengar|Gengarite
|move|p2a: Gengar|Perish Song|p2a: Gengar
|-start|p1a: Lopunny|perish3|[silent]
|-start|p2a: Gengar|perish3|[silent]
|-fieldactivate|move: Perish Song
|
|-start|p2a: Gengar|perish3
|-start|p1a: Lopunny|perish3
|upkeep
|turn|40
|
|t:|1636252951
|switch|p2a: Necrozma|Necrozma-Dusk-Mane|100/100
|move|p1a: Lopunny|Fake Out|p2a: Necrozma
|-resisted|p2a: Necrozma
|-damage|p2a: Necrozma|94/100
|-damage|p1a: Lopunny|84/100|[from] item: Rocky Helmet|[of] p2a: Necrozma
|
|-start|p1a: Lopunny|perish2
|upkeep
|turn|41
|
|t:|1636252961
|switch|p1a: Ho-Oh|Ho-Oh|99/100 tox
|move|p2a: Necrozma|Stealth Rock|p1a: Ho-Oh
|-sidestart|p1: GalvantulaSupreme|move: Stealth Rock
|
|-damage|p1a: Ho-Oh|94/100 tox|[from] psn
|upkeep
|turn|42
|
|t:|1636252968
|switch|p2a: Gengar|Gengar-Mega, M|100/100
|move|p1a: Ho-Oh|Defog|p2a: Gengar
|-unboost|p2a: Gengar|evasion|1
|-sideend|p1: GalvantulaSupreme|Stealth Rock|[from] move: Defog|[of] p1a: Ho-Oh
|
|-damage|p1a: Ho-Oh|82/100 tox|[from] psn
|upkeep
|turn|43
|
|t:|1636252979
|switch|p2a: Gliscor|Gliscor, M|100/100 tox
|move|p1a: Ho-Oh|Sacred Fire|p2a: Gliscor
|-damage|p2a: Gliscor|68/100 tox
|
|-heal|p2a: Gliscor|80/100 tox|[from] ability: Poison Heal
|-damage|p1a: Ho-Oh|63/100 tox|[from] psn
|upkeep
|turn|44
|
|t:|1636252998
|switch|p2a: Necrozma|Necrozma-Dusk-Mane|94/100
|switch|p1a: Marshadow|Marshadow|100/100
|
|upkeep
|turn|45
|
|t:|1636253008
|-start|p1a: Marshadow|Dynamax
|-heal|p1a: Marshadow|100/100|[silent]
|move|p1a: Marshadow|Max Knuckle|p2a: Necrozma
|-damage|p2a: Necrozma|68/100
|-boost|p1a: Marshadow|atk|1
|move|p2a: Necrozma|Morning Sun|p2a: Necrozma
|-heal|p2a: Necrozma|100/100
|
|upkeep
|turn|46
|
|t:|1636253036
|-start|p2a: Necrozma|Dynamax
|-heal|p2a: Necrozma|100/100|[silent]
|move|p2a: Necrozma|Max Guard|p2a: Necrozma
|-singleturn|p2a: Necrozma|Max Guard
|move|p1a: Marshadow|Max Phantasm|p2a: Necrozma
|-activate|p2a: Necrozma|move: Max Guard
|
|upkeep
|turn|47
|
|t:|1636253046
|move|p1a: Marshadow|Max Phantasm|p2a: Necrozma
|-supereffective|p2a: Necrozma
|-damage|p2a: Necrozma|64/100
|-unboost|p2a: Necrozma|def|1
|move|p2a: Necrozma|Max Steelspike|p1a: Marshadow
|-damage|p1a: Marshadow|60/100
|-boost|p2a: Necrozma|def|1
|
|-end|p1a: Marshadow|Dynamax
|-heal|p1a: Marshadow|60/100|[silent]
|upkeep
|turn|48
|
|t:|1636253060
|-end|p2a: Necrozma|Dynamax
|-heal|p2a: Necrozma|64/100|[silent]
|switch|p2a: Yveltal|Yveltal|100/100
|-ability|p2a: Yveltal|Dark Aura
|move|p1a: Marshadow|Knock Off|p2a: Yveltal
|-resisted|p2a: Yveltal
|-crit|p2a: Yveltal
|-damage|p2a: Yveltal|60/100
|-enditem|p2a: Yveltal|Assault Vest|[from] move: Knock Off|[of] p1a: Marshadow
|
|upkeep
|turn|49
|
|t:|1636253076
|switch|p1a: Zacian|Zacian-Crowned|100/100
|-ability|p1a: Zacian|Intrepid Sword|boost
|-boost|p1a: Zacian|atk|1
|move|p2a: Yveltal|Oblivion Wing|p1a: Zacian
|-resisted|p1a: Zacian
|-damage|p1a: Zacian|81/100
|-heal|p2a: Yveltal|71/100|[from] drain|[of] p1a: Zacian
|
|upkeep
|turn|50
|inactive|IWSK has 120 seconds left.
|
|t:|1636253099
|switch|p2a: Necrozma|Necrozma-Dusk-Mane|64/100
|move|p1a: Zacian|Swords Dance|p1a: Zacian
|-boost|p1a: Zacian|atk|2
|
|upkeep
|turn|51
|inactive|IWSK has 120 seconds left.
|
|t:|1636253105
|move|p1a: Zacian|Close Combat|p2a: Necrozma
|-damage|p2a: Necrozma|2/100
|-unboost|p1a: Zacian|def|1
|-unboost|p1a: Zacian|spd|1
|-damage|p1a: Zacian|64/100|[from] item: Rocky Helmet|[of] p2a: Necrozma
|move|p2a: Necrozma|Earthquake|p1a: Zacian
|-supereffective|p1a: Zacian
|-damage|p1a: Zacian|0 fnt
|faint|p1a: Zacian
|
|upkeep
|
|t:|1636253114
|switch|p1a: Marshadow|Marshadow|60/100
|turn|52
|
|t:|1636253120
|move|p1a: Marshadow|Close Combat|p2a: Necrozma
|-damage|p2a: Necrozma|0 fnt
|-unboost|p1a: Marshadow|def|1
|-unboost|p1a: Marshadow|spd|1
|-damage|p1a: Marshadow|43/100|[from] item: Rocky Helmet|[of] p2a: Necrozma
|faint|p2a: Necrozma
|
|upkeep
|
|t:|1636253126
|switch|p2a: Arceus|Arceus-Water|100/100
|turn|53
|
|t:|1636253135
|switch|p1a: Lopunny|Lopunny-Mega, F|84/100
|move|p2a: Arceus|Judgment|p1a: Lopunny
|-damage|p1a: Lopunny|20/100
|
|upkeep
|turn|54
|
|t:|1636253143
|move|p1a: Lopunny|Fake Out|p2a: Arceus
|-damage|p2a: Arceus|87/100
|cant|p2a: Arceus|flinch
|
|upkeep
|turn|55
|
|t:|1636253162
|move|p1a: Lopunny|Close Combat|p2a: Arceus
|-damage|p2a: Arceus|53/100
|-unboost|p1a: Lopunny|def|1
|-unboost|p1a: Lopunny|spd|1
|move|p2a: Arceus|Judgment|p1a: Lopunny
|-damage|p1a: Lopunny|0 fnt
|faint|p1a: Lopunny
|
|upkeep
|
|t:|1636253177
|switch|p1a: Hatterene|Hatterene, F|83/100
|turn|56
|
|t:|1636253188
|switch|p2a: Gengar|Gengar-Mega, M|100/100
|move|p1a: Hatterene|Calm Mind|p1a: Hatterene
|-boost|p1a: Hatterene|spa|1
|-boost|p1a: Hatterene|spd|1
|
|-heal|p1a: Hatterene|89/100|[from] item: Leftovers
|upkeep
|turn|57
|
|t:|1636253196
|move|p2a: Gengar|Substitute|p2a: Gengar
|-start|p2a: Gengar|Substitute
|-damage|p2a: Gengar|76/100
|move|p1a: Hatterene|Psyshock|p2a: Gengar
|-supereffective|p2a: Gengar
|-end|p2a: Gengar|Substitute
|
|-heal|p1a: Hatterene|95/100|[from] item: Leftovers
|upkeep
|turn|58
|
|t:|1636253203
|move|p2a: Gengar|Substitute|p2a: Gengar
|-start|p2a: Gengar|Substitute
|-damage|p2a: Gengar|51/100
|move|p1a: Hatterene|Psyshock|p2a: Gengar
|-supereffective|p2a: Gengar
|-crit|p2a: Gengar
|-end|p2a: Gengar|Substitute
|
|-heal|p1a: Hatterene|100/100|[from] item: Leftovers
|upkeep
|turn|59
|
|t:|1636253211
|move|p2a: Gengar|Destiny Bond|p2a: Gengar
|-singlemove|p2a: Gengar|Destiny Bond
|move|p1a: Hatterene|Psyshock|p2a: Gengar
|-supereffective|p2a: Gengar
|-damage|p2a: Gengar|0 fnt
|faint|p2a: Gengar
|-activate|p2a: Gengar|move: Destiny Bond
|faint|p1a: Hatterene
|
|upkeep
|
|t:|1636253226
|switch|p2a: Gliscor|Gliscor, M|80/100 tox
|switch|p1a: Marshadow|Marshadow|43/100
|turn|60
|
|t:|1636253235
|switch|p1a: Ho-Oh|Ho-Oh|96/100 tox
|move|p2a: Gliscor|Bulldoze|p1a: Ho-Oh
|-immune|p1a: Ho-Oh
|
|-heal|p2a: Gliscor|93/100 tox|[from] ability: Poison Heal
|-damage|p1a: Ho-Oh|90/100 tox|[from] psn
|upkeep
|turn|61
|c|☆GalvantulaSupreme|well, gg
|
|t:|1636253254
|switch|p1a: Marshadow|Marshadow|43/100
|move|p2a: Gliscor|Protect||[still]
|-fail|p2a: Gliscor
|
|-heal|p2a: Gliscor|100/100 tox|[from] ability: Poison Heal
|upkeep
|turn|62
|
|t:|1636253263
|switch|p1a: Ho-Oh|Ho-Oh|100/100 tox
|move|p2a: Gliscor|Toxic|p1a: Ho-Oh
|-fail|p1a: Ho-Oh|tox
|
|-damage|p1a: Ho-Oh|94/100 tox|[from] psn
|upkeep
|turn|63
|
|t:|1636253271
|move|p2a: Gliscor|Substitute|p2a: Gliscor
|-start|p2a: Gliscor|Substitute
|-damage|p2a: Gliscor|76/100 tox
|move|p1a: Ho-Oh|Sacred Fire|p2a: Gliscor
|-end|p2a: Gliscor|Substitute
|
|-heal|p2a: Gliscor|88/100 tox|[from] ability: Poison Heal
|-damage|p1a: Ho-Oh|82/100 tox|[from] psn
|upkeep
|turn|64
|
|t:|1636253279
|move|p2a: Gliscor|Protect|p2a: Gliscor
|-singleturn|p2a: Gliscor|Protect
|move|p1a: Ho-Oh|Sacred Fire|p2a: Gliscor
|-activate|p2a: Gliscor|move: Protect
|
|-heal|p2a: Gliscor|100/100 tox|[from] ability: Poison Heal
|-damage|p1a: Ho-Oh|63/100 tox|[from] psn
|upkeep
|turn|65
|
|t:|1636253288
|switch|p1a: Marshadow|Marshadow|43/100
|move|p2a: Gliscor|Substitute|p2a: Gliscor
|-start|p2a: Gliscor|Substitute
|-damage|p2a: Gliscor|76/100 tox
|
|-heal|p2a: Gliscor|88/100 tox|[from] ability: Poison Heal
|upkeep
|turn|66
|
|t:|1636253295
|switch|p1a: Ho-Oh|Ho-Oh|96/100 tox
|move|p2a: Gliscor|Protect||[still]
|-fail|p2a: Gliscor
|
|-heal|p2a: Gliscor|100/100 tox|[from] ability: Poison Heal
|-damage|p1a: Ho-Oh|90/100 tox|[from] psn
|upkeep
|turn|67
|
|t:|1636253312
|switch|p1a: Marshadow|Marshadow|43/100
|move|p2a: Gliscor|Bulldoze|p1a: Marshadow
|-damage|p1a: Marshadow|18/100
|-unboost|p1a: Marshadow|spe|1
|
|upkeep
|turn|68
|
|t:|1636253320
|move|p2a: Gliscor|Bulldoze|p1a: Marshadow
|-damage|p1a: Marshadow|0 fnt
|faint|p1a: Marshadow
|
|upkeep
|
|t:|1636253325
|switch|p1a: Ho-Oh|Ho-Oh|100/100 tox
|turn|69
|
|t:|1636253329
|move|p2a: Gliscor|Protect|p2a: Gliscor
|-singleturn|p2a: Gliscor|Protect
|move|p1a: Ho-Oh|Scorching Sands|p2a: Gliscor
|-activate|p2a: Gliscor|move: Protect
|
|-damage|p1a: Ho-Oh|94/100 tox|[from] psn
|upkeep
|turn|70
|
|t:|1636253339
|move|p2a: Gliscor|Bulldoze|p1a: Ho-Oh
|-immune|p1a: Ho-Oh
|move|p1a: Ho-Oh|Scorching Sands|p2a: Gliscor
|-immune|p2a: Gliscor
|
|-damage|p1a: Ho-Oh|82/100 tox|[from] psn
|upkeep
|turn|71
|
|t:|1636253347
|switch|p2a: Yveltal|Yveltal|71/100
|-ability|p2a: Yveltal|Dark Aura
|move|p1a: Ho-Oh|Scorching Sands|p2a: Yveltal
|-immune|p2a: Yveltal
|
|-damage|p1a: Ho-Oh|63/100 tox|[from] psn
|upkeep
|turn|72
|
|t:|1636253357
|move|p2a: Yveltal|Dark Pulse|p1a: Ho-Oh
|-damage|p1a: Ho-Oh|27/100 tox
|move|p1a: Ho-Oh|Scorching Sands|p2a: Yveltal
|-immune|p2a: Yveltal
|
|-damage|p1a: Ho-Oh|2/100 tox|[from] psn
|upkeep
|turn|73
|
|t:|1636253365
|move|p2a: Yveltal|Dark Pulse|p1a: Ho-Oh
|-crit|p1a: Ho-Oh
|-damage|p1a: Ho-Oh|0 fnt
|faint|p1a: Ho-Oh
|
|win|IWSK
|raw|GalvantulaSupreme's rating: 1567 &rarr; <strong>1560</strong><br />(-7 for losing)
|raw|IWSK's rating: 1847 &rarr; <strong>1854</strong><br />(+7 for winning)
|l|☆IWSK
