|j|☆Geysers
|j|☆Leafstorm121❤
|t:|1598371984
|player|p1|Geysers|lusamine-nihilego|
|player|p2|Leafstorm121❤|sina|
|teamsize|p1|6
|teamsize|p2|6
|gametype|singles
|gen|8
|tier|[Gen 8] National Dex AG
|rated|Tournament battle
|clearpoke
|poke|p1|Arceus-*|
|poke|p1|Lunala|
|poke|p1|Necrozma-Dusk-Mane|
|poke|p1|Arceus-*|
|poke|p1|Groudon|
|poke|p1|Ho-Oh|
|poke|p2|Giratina|
|poke|p2|Quagsire, F|
|poke|p2|Chansey, F|
|poke|p2|Arceus-*|
|poke|p2|Lugia|
|poke|p2|Sableye, M|
|rule|HP Percentage Mod: HP is shown in percentages
|rule|Endless Battle Clause: Forcing endless battles is banned
|teampreview
|j| Edgar Allan Poem
|j|+velvet blood
|c|☆Geysers|gl hf
|c|☆Leafstorm121❤|u2
|c|+velvet blood|mhhmhmmmmmm
|
|t:|1598371995
|start
|switch|p1a: Arceus|Arceus-Dark|100/100
|switch|p2a: Sableye|Sableye, M|100/100
|turn|1
|j| Shivam3299
|
|t:|1598372001
|detailschange|p2a: Sableye|Sableye-Mega, M
|-mega|p2a: Sableye|Sableye|Sablenite
|move|p2a: Sableye|Fake Out|p1a: Arceus
|-damage|p1a: Arceus|95/100
|cant|p1a: Arceus|flinch
|
|upkeep
|turn|2
|
|t:|1598372005
|switch|p2a: Arceus|Arceus-Fairy|100/100
|move|p1a: Arceus|Judgment|p2a: Arceus
|-resisted|p2a: Arceus
|-damage|p2a: Arceus|88/100
|
|upkeep
|turn|3
|
|t:|1598372009
|switch|p1a: Ho-Oh|Ho-Oh|100/100
|move|p2a: Arceus|Stealth Rock|p1a: Ho-Oh
|-sidestart|p1: Geysers|move: Stealth Rock
|
|upkeep
|turn|4
|
|t:|1598372012
|switch|p2a: Giratina|Giratina|100/100
|-ability|p2a: Giratina|Pressure
|move|p1a: Ho-Oh|Toxic|p2a: Giratina|[miss]
|-miss|p1a: Ho-Oh|p2a: Giratina
|
|upkeep
|turn|5
|
|t:|1598372016
|switch|p1a: Arceus|Arceus-Dark|95/100
|-damage|p1a: Arceus|83/100|[from] Stealth Rock
|move|p2a: Giratina|Toxic|p1a: Arceus
|-status|p1a: Arceus|tox
|
|-damage|p1a: Arceus|77/100 tox|[from] psn
|upkeep
|turn|6
|
|t:|1598372023
|switch|p2a: Arceus|Arceus-Fairy|88/100
|move|p1a: Arceus|Refresh|p1a: Arceus
|-curestatus|p1a: Arceus|tox|[msg]
|
|upkeep
|turn|7
|
|t:|1598372031
|switch|p1a: Ho-Oh|Ho-Oh|100/100
|move|p2a: Arceus|Judgment|p1a: Ho-Oh
|-resisted|p1a: Ho-Oh
|-damage|p1a: Ho-Oh|86/100
|
|upkeep
|turn|8
|
|t:|1598372036
|switch|p2a: Giratina|Giratina|100/100
|-ability|p2a: Giratina|Pressure
|switch|p1a: Lunala|Lunala, shiny|100/100
|-damage|p1a: Lunala|88/100|[from] Stealth Rock
|
|upkeep
|turn|9
|
|t:|1598372040
|switch|p2a: Chansey|Chansey, F|100/100
|move|p1a: Lunala|Psyshock|p2a: Chansey
|-damage|p2a: Chansey|48/100
|
|upkeep
|turn|10
|
|t:|1598372048
|switch|p2a: Lugia|Lugia|100/100
|move|p1a: Lunala|Psyshock|p2a: Lugia
|-resisted|p2a: Lugia
|-damage|p2a: Lugia|92/100
|
|-heal|p2a: Lugia|99/100|[from] item: Leftovers
|upkeep
|turn|11
|
|t:|1598372053
|switch|p1a: Arceus|Arceus-Dark|77/100
|-damage|p1a: Arceus|64/100|[from] Stealth Rock
|move|p2a: Lugia|Recover|p2a: Lugia
|-heal|p2a: Lugia|100/100
|
|upkeep
|turn|12
|
|t:|1598372057
|switch|p1a: Lunala|Lunala, shiny|88/100
|-damage|p1a: Lunala|76/100|[from] Stealth Rock
|switch|p2a: Chansey|Chansey, F|48/100
|
|upkeep
|turn|13
|
|t:|1598372063
|move|p1a: Lunala|Moongeist Beam|p2a: Chansey
|-immune|p2a: Chansey
|move|p2a: Chansey|Soft-Boiled|p2a: Chansey
|-heal|p2a: Chansey|98/100
|
|upkeep
|turn|14
|c|☆Geysers|For the love of god
|
|t:|1598372074
|switch|p1a: Necrozma|Necrozma-Dusk-Mane|100/100
|-damage|p1a: Necrozma|94/100|[from] Stealth Rock
|move|p2a: Chansey|Soft-Boiled|p2a: Chansey
|-heal|p2a: Chansey|100/100
|
|-heal|p1a: Necrozma|100/100|[from] item: Leftovers
|upkeep
|turn|15
|
|t:|1598372078
|switch|p2a: Sableye|Sableye-Mega, M|100/100
|move|p1a: Necrozma|Toxic|p2a: Sableye
|move|p2a: Sableye|Toxic|p1a: Necrozma|[from]Magic Bounce
|-immune|p1a: Necrozma
|
|upkeep
|turn|16
|
|t:|1598372083
|switch|p1a: Arceus|Arceus-Dark|64/100
|-damage|p1a: Arceus|52/100|[from] Stealth Rock
|move|p2a: Sableye|Foul Play|p1a: Arceus
|-resisted|p1a: Arceus
|-damage|p1a: Arceus|43/100
|
|upkeep
|turn|17
|
|t:|1598372093
|switch|p2a: Arceus|Arceus-Fairy|88/100
|move|p1a: Arceus|Recover|p1a: Arceus
|-heal|p1a: Arceus|93/100
|
|upkeep
|turn|18
|
|t:|1598372098
|switch|p1a: Ho-Oh|Ho-Oh|100/100
|switch|p2a: Chansey|Chansey, F|100/100
|
|upkeep
|turn|19
|j|#pichus
|
|t:|1598372107
|switch|p1a: Necrozma|Necrozma-Dusk-Mane|100/100
|-damage|p1a: Necrozma|94/100|[from] Stealth Rock
|switch|p2a: Sableye|Sableye-Mega, M|100/100
|
|-heal|p1a: Necrozma|100/100|[from] item: Leftovers
|upkeep
|turn|20
|
|t:|1598372111
|move|p1a: Necrozma|Sunsteel Strike|p2a: Sableye
|-damage|p2a: Sableye|66/100
|move|p2a: Sableye|Toxic|p1a: Necrozma
|-immune|p1a: Necrozma
|
|upkeep
|turn|21
|
|t:|1598372117
|switch|p1a: Ho-Oh|Ho-Oh|100/100
|move|p2a: Sableye|Recover|p2a: Sableye
|-heal|p2a: Sableye|100/100
|
|upkeep
|turn|22
|
|t:|1598372120
|move|p1a: Ho-Oh|Defog|p2a: Sableye
|move|p2a: Sableye|Defog|p1a: Ho-Oh|[from]Magic Bounce
|-unboost|p1a: Ho-Oh|evasion|1
|-sideend|p1: Geysers|Stealth Rock|[from] move: Defog|[of] p2a: Sableye
|move|p2a: Sableye|Toxic|p1a: Ho-Oh
|-status|p1a: Ho-Oh|tox
|
|-damage|p1a: Ho-Oh|94/100 tox|[from] psn
|upkeep
|turn|23
|
|t:|1598372128
|switch|p1a: Arceus|Arceus-Dark|93/100
|move|p2a: Sableye|Foul Play|p1a: Arceus
|-resisted|p1a: Arceus
|-damage|p1a: Arceus|85/100
|
|upkeep
|turn|24
|
|t:|1598372131
|switch|p1a: Groudon|Groudon|100/100
|detailschange|p1a: Groudon|Groudon-Primal
|-primal|p1a: Groudon
|-weather|DesolateLand|[from] ability: Desolate Land|[of] p1a: Groudon
|switch|p2a: Arceus|Arceus-Fairy|88/100
|
|-weather|DesolateLand|[upkeep]
|upkeep
|turn|25
|
|t:|1598372136
|-weather|none
|switch|p1a: Lunala|Lunala, shiny|76/100
|switch|p2a: Giratina|Giratina|100/100
|-ability|p2a: Giratina|Pressure
|
|upkeep
|turn|26
|
|t:|1598372144
|switch|p2a: Chansey|Chansey, F|100/100
|move|p1a: Lunala|Moongeist Beam|p2a: Chansey
|-immune|p2a: Chansey
|
|upkeep
|turn|27
|j| Mbouchon
|c|☆Geysers|;-;
|l| Mbouchon
|
|t:|1598372151
|switch|p1a: Necrozma|Necrozma-Dusk-Mane|100/100
|move|p2a: Chansey|Seismic Toss|p1a: Necrozma
|-damage|p1a: Necrozma|75/100
|
|-heal|p1a: Necrozma|81/100|[from] item: Leftovers
|upkeep
|turn|28
|
|t:|1598372157
|switch|p1a: Lunala|Lunala, shiny|76/100
|switch|p2a: Sableye|Sableye-Mega, M|100/100
|
|upkeep
|turn|29
|
|t:|1598372160
|move|p1a: Lunala|Moonblast|p2a: Sableye
|-supereffective|p2a: Sableye
|-damage|p2a: Sableye|0 fnt
|faint|p2a: Sableye
|
|upkeep
|
|t:|1598372167
|switch|p2a: Chansey|Chansey, F|100/100
|turn|30
|
|t:|1598372170
|switch|p1a: Necrozma|Necrozma-Dusk-Mane|81/100
|switch|p2a: Arceus|Arceus-Fairy|88/100
|
|-heal|p1a: Necrozma|87/100|[from] item: Leftovers
|upkeep
|turn|31
|
|t:|1598372173
|switch|p2a: Quagsire|Quagsire, F|100/100
|move|p1a: Necrozma|Toxic|p2a: Quagsire
|-status|p2a: Quagsire|tox
|
|-heal|p1a: Necrozma|93/100|[from] item: Leftovers
|-damage|p2a: Quagsire|94/100 tox|[from] psn
|upkeep
|turn|32
|
|t:|1598372177
|move|p1a: Necrozma|Stealth Rock|p2a: Quagsire
|-sidestart|p2: Leafstorm121❤|move: Stealth Rock
|move|p2a: Quagsire|Toxic|p1a: Necrozma
|-immune|p1a: Necrozma
|
|-heal|p1a: Necrozma|99/100|[from] item: Leftovers
|-damage|p2a: Quagsire|82/100 tox|[from] psn
|upkeep
|turn|33
|
|t:|1598372185
|switch|p1a: Arceus|Arceus-Dark|85/100
|switch|p2a: Giratina|Giratina|100/100
|-damage|p2a: Giratina|88/100|[from] Stealth Rock
|-ability|p2a: Giratina|Pressure
|
|-heal|p2a: Giratina|94/100|[from] item: Leftovers
|upkeep
|turn|34
|l| Shivam3299
|
|t:|1598372188
|move|p1a: Arceus|Judgment|p2a: Giratina
|-supereffective|p2a: Giratina
|-damage|p2a: Giratina|37/100
|move|p2a: Giratina|Defog|p1a: Arceus
|-unboost|p1a: Arceus|evasion|1
|-sideend|p2: Leafstorm121❤|Stealth Rock|[from] move: Defog|[of] p2a: Giratina
|
|-heal|p2a: Giratina|43/100|[from] item: Leftovers
|upkeep
|turn|35
|j| Arichwal
|
|t:|1598372192
|switch|p1a: Lunala|Lunala, shiny|76/100
|switch|p2a: Arceus|Arceus-Fairy|88/100
|
|upkeep
|turn|36
|
|t:|1598372199
|move|p1a: Lunala|Trick||[still]
|-fail|p1a: Lunala
|move|p2a: Arceus|Recover|p2a: Arceus
|-heal|p2a: Arceus|100/100
|
|upkeep
|turn|37
|c|☆Geysers|;-;
|
|t:|1598372203
|switch|p1a: Necrozma|Necrozma-Dusk-Mane|99/100
|move|p2a: Arceus|Stealth Rock|p1a: Necrozma
|-sidestart|p1: Geysers|move: Stealth Rock
|
|-heal|p1a: Necrozma|100/100|[from] item: Leftovers
|upkeep
|turn|38
|
|t:|1598372209
|switch|p2a: Quagsire|Quagsire, F|82/100 tox
|move|p1a: Necrozma|Toxic|p2a: Quagsire
|-fail|p2a: Quagsire|tox
|
|-damage|p2a: Quagsire|76/100 tox|[from] psn
|upkeep
|turn|39
|
|t:|1598372212
|move|p1a: Necrozma|Stealth Rock|p2a: Quagsire
|-sidestart|p2: Leafstorm121❤|move: Stealth Rock
|move|p2a: Quagsire|Earthquake|p1a: Necrozma
|-supereffective|p1a: Necrozma
|-damage|p1a: Necrozma|73/100
|
|-heal|p1a: Necrozma|79/100|[from] item: Leftovers
|-damage|p2a: Quagsire|64/100 tox|[from] psn
|upkeep
|turn|40
|
|t:|1598372217
|move|p1a: Necrozma|Sunsteel Strike|p2a: Quagsire
|-resisted|p2a: Quagsire
|-damage|p2a: Quagsire|46/100 tox
|move|p2a: Quagsire|Recover|p2a: Quagsire
|-heal|p2a: Quagsire|96/100 tox
|
|-heal|p1a: Necrozma|85/100|[from] item: Leftovers
|-damage|p2a: Quagsire|78/100 tox|[from] psn
|upkeep
|turn|41
|j| Harshal~08
|
|t:|1598372221
|move|p1a: Necrozma|Sunsteel Strike|p2a: Quagsire
|-resisted|p2a: Quagsire
|-damage|p2a: Quagsire|61/100 tox
|move|p2a: Quagsire|Recover|p2a: Quagsire
|-heal|p2a: Quagsire|100/100 tox
|
|-heal|p1a: Necrozma|91/100|[from] item: Leftovers
|-damage|p2a: Quagsire|76/100 tox|[from] psn
|upkeep
|turn|42
|
|t:|1598372224
|switch|p2a: Giratina|Giratina|43/100
|-damage|p2a: Giratina|31/100|[from] Stealth Rock
|-ability|p2a: Giratina|Pressure
|move|p1a: Necrozma|Toxic|p2a: Giratina
|-status|p2a: Giratina|tox
|
|-heal|p1a: Necrozma|97/100|[from] item: Leftovers
|-heal|p2a: Giratina|37/100 tox|[from] item: Leftovers
|-damage|p2a: Giratina|31/100 tox|[from] psn
|upkeep
|turn|43
|
|t:|1598372229
|switch|p1a: Arceus|Arceus-Dark|85/100
|-damage|p1a: Arceus|72/100|[from] Stealth Rock
|move|p2a: Giratina|Defog|p1a: Arceus
|-unboost|p1a: Arceus|evasion|1
|-sideend|p1: Geysers|Stealth Rock|[from] move: Defog|[of] p2a: Giratina
|-sideend|p2: Leafstorm121❤|Stealth Rock|[from] move: Defog|[of] p2a: Giratina
|
|-heal|p2a: Giratina|37/100 tox|[from] item: Leftovers
|-damage|p2a: Giratina|25/100 tox|[from] psn
|upkeep
|turn|44
|l| Harshal~08
|j| VBloodTakeMyEnergy
|
|t:|1598372233
|switch|p2a: Arceus|Arceus-Fairy|100/100
|move|p1a: Arceus|Judgment|p2a: Arceus
|-resisted|p2a: Arceus
|-damage|p2a: Arceus|88/100
|
|upkeep
|turn|45
|
|t:|1598372236
|switch|p1a: Groudon|Groudon-Primal|100/100
|-weather|DesolateLand|[from] ability: Desolate Land|[of] p1a: Groudon
|move|p2a: Arceus|Stealth Rock|p1a: Groudon
|-sidestart|p1: Geysers|move: Stealth Rock
|
|-weather|DesolateLand|[upkeep]
|upkeep
|turn|46
|
|t:|1598372240
|switch|p2a: Giratina|Giratina|25/100 tox
|-ability|p2a: Giratina|Pressure
|move|p1a: Groudon|Eruption|p2a: Giratina
|-resisted|p2a: Giratina
|-damage|p2a: Giratina|0 fnt
|faint|p2a: Giratina
|
|-weather|DesolateLand|[upkeep]
|upkeep
|
|t:|1598372243
|switch|p2a: Lugia|Lugia|100/100
|turn|47
|
|t:|1598372246
|-weather|none
|switch|p1a: Ho-Oh|Ho-Oh|100/100 tox
|move|p2a: Lugia|Toxic|p1a: Ho-Oh
|-fail|p1a: Ho-Oh|tox
|
|-damage|p1a: Ho-Oh|94/100 tox|[from] psn
|upkeep
|turn|48
|
|t:|1598372250
|switch|p2a: Chansey|Chansey, F|100/100
|move|p1a: Ho-Oh|Defog|p2a: Chansey
|-unboost|p2a: Chansey|evasion|1
|-sideend|p1: Geysers|Stealth Rock|[from] move: Defog|[of] p1a: Ho-Oh
|
|-damage|p1a: Ho-Oh|82/100 tox|[from] psn
|upkeep
|turn|49
|c| Arichwal|Lol
|
|t:|1598372254
|switch|p1a: Necrozma|Necrozma-Dusk-Mane|97/100
|move|p2a: Chansey|Heal Bell|p2a: Chansey
|-activate|p2a: Chansey|move: Heal Bell
|-curestatus|p2: Quagsire|tox|[msg]
|
|-heal|p1a: Necrozma|100/100|[from] item: Leftovers
|upkeep
|turn|50
|
|t:|1598372260
|switch|p2a: Quagsire|Quagsire, F|76/100
|move|p1a: Necrozma|Toxic|p2a: Quagsire
|-status|p2a: Quagsire|tox
|
|-damage|p2a: Quagsire|70/100 tox|[from] psn
|upkeep
|turn|51
|c| Arichwal|i too want to play stall, anyone interested?
|
|t:|1598372266
|switch|p2a: Arceus|Arceus-Fairy|88/100
|move|p1a: Necrozma|Stealth Rock|p2a: Arceus
|-sidestart|p2: Leafstorm121❤|move: Stealth Rock
|
|upkeep
|turn|52
|
|t:|1598372270
|move|p2a: Arceus|Stealth Rock|p1a: Necrozma
|-sidestart|p1: Geysers|move: Stealth Rock
|move|p1a: Necrozma|Toxic|p2a: Arceus
|-status|p2a: Arceus|tox
|
|-damage|p2a: Arceus|82/100 tox|[from] psn
|upkeep
|turn|53
|
|t:|1598372273
|switch|p2a: Chansey|Chansey, F|100/100
|-damage|p2a: Chansey|88/100|[from] Stealth Rock
|switch|p1a: Ho-Oh|Ho-Oh|100/100 tox
|
|-damage|p1a: Ho-Oh|94/100 tox|[from] psn
|upkeep
|turn|54
|
|t:|1598372279
|move|p1a: Ho-Oh|Sacred Fire|p2a: Chansey
|-damage|p2a: Chansey|55/100
|-status|p2a: Chansey|brn
|move|p2a: Chansey|Seismic Toss|p1a: Ho-Oh
|-damage|p1a: Ho-Oh|70/100 tox
|
|-damage|p1a: Ho-Oh|58/100 tox|[from] psn
|-damage|p2a: Chansey|48/100 brn|[from] brn
|upkeep
|turn|55
|
|t:|1598372283
|move|p2a: Chansey|Soft-Boiled|p2a: Chansey
|-heal|p2a: Chansey|98/100 brn
|move|p1a: Ho-Oh|Whirlwind|p2a: Chansey
|drag|p2a: Quagsire|Quagsire, F|70/100 tox
|-damage|p2a: Quagsire|64/100 tox|[from] Stealth Rock
|
|-damage|p1a: Ho-Oh|40/100 tox|[from] psn
|-damage|p2a: Quagsire|58/100 tox|[from] psn
|upkeep
|turn|56
|j| Shivam3299
|
|t:|1598372288
|switch|p1a: Groudon|Groudon-Primal|100/100
|-damage|p1a: Groudon|88/100|[from] Stealth Rock
|-weather|DesolateLand|[from] ability: Desolate Land|[of] p1a: Groudon
|move|p2a: Quagsire|Recover|p2a: Quagsire
|-heal|p2a: Quagsire|100/100 tox
|
|-weather|DesolateLand|[upkeep]
|-damage|p2a: Quagsire|88/100 tox|[from] psn
|upkeep
|turn|57
|
|t:|1598372293
|move|p1a: Groudon|Eruption|p2a: Quagsire
|-resisted|p2a: Quagsire
|-damage|p2a: Quagsire|13/100 tox
|move|p2a: Quagsire|Toxic|p1a: Groudon
|-status|p1a: Groudon|tox
|
|-weather|DesolateLand|[upkeep]
|-damage|p1a: Groudon|82/100 tox|[from] psn
|-damage|p2a: Quagsire|0 fnt|[from] psn
|faint|p2a: Quagsire
|upkeep
|-message|Leafstorm121❤ forfeited.
|
|win|Geysers
|c|☆Leafstorm121❤|gg
|l|☆Geysers
|j|☆Geysers
|player|p1|Geysers|lusamine-nihilego
|c|☆Geysers|gg
|l| Edgar Allan Poem
