|j|☆C0ld as Ice
|j|☆iminschoollmaooo
|t:|1646945792
|gametype|singles
|player|p1|C0ld as Ice|schoolkid-gen4dp|1622
|player|p2|iminschoollmaooo|pokemonrangerf|1688
|teamsize|p1|6
|teamsize|p2|6
|gen|8
|tier|[Gen 8] National Dex AG
|rated|
|rule|HP Percentage Mod: HP is shown in percentages
|rule|Endless Battle Clause: Forcing endless battles is banned
|clearpoke
|poke|p1|Necrozma-Dusk-Mane|
|poke|p1|Groudon|
|poke|p1|Arceus-*|
|poke|p1|Rayquaza|
|poke|p1|Giratina|
|poke|p1|Tyranitar, M|
|poke|p2|Smeargle, F|
|poke|p2|Rayquaza|
|poke|p2|Zacian-*|
|poke|p2|Calyrex-Shadow|
|poke|p2|Yveltal|
|poke|p2|Necrozma-Dusk-Mane|
|teampreview
|inactive|Battle timer is ON: inactive players will automatically lose when time's up. (requested by C0ld as Ice)
|
|t:|1646945803
|start
|switch|p1a: Arceus|Arceus-Water|100/100
|switch|p2a: Smeargle|Smeargle, F|100/100
|turn|1
|
|t:|1646945817
|move|p1a: Arceus|Perish Song|p1a: Arceus
|-start|p1a: Arceus|perish3|[silent]
|-start|p2a: Smeargle|perish3|[silent]
|-fieldactivate|move: Perish Song
|move|p2a: Smeargle|Sticky Web|p1a: Arceus
|-sidestart|p1: C0ld as Ice|move: Sticky Web
|
|-start|p1a: Arceus|perish3
|-start|p2a: Smeargle|perish3
|-ability|p2a: Smeargle|Moody|boost
|-boost|p2a: Smeargle|def|2
|-unboost|p2a: Smeargle|spd|1
|upkeep
|turn|2
|
|t:|1646945827
|move|p1a: Arceus|Ice Beam|p2a: Smeargle
|-damage|p2a: Smeargle|25/100
|move|p2a: Smeargle|Rapid Spin|p1a: Arceus
|-damage|p1a: Arceus|98/100
|-boost|p2a: Smeargle|spe|1
|
|-start|p2a: Smeargle|perish2
|-start|p1a: Arceus|perish2
|-ability|p2a: Smeargle|Moody|boost
|-boost|p2a: Smeargle|spe|2
|-unboost|p2a: Smeargle|spd|1
|upkeep
|turn|3
|
|t:|1646945847
|switch|p1a: Giratina|Giratina|100/100
|-activate|p1a: Giratina|move: Sticky Web
|-unboost|p1a: Giratina|spe|1
|-ability|p1a: Giratina|Pressure
|move|p2a: Smeargle|Spectral Thief|p1a: Giratina
|-supereffective|p1a: Giratina
|-damage|p1a: Giratina|94/100
|
|-heal|p1a: Giratina|99/100|[from] item: Leftovers
|-start|p2a: Smeargle|perish1
|-ability|p2a: Smeargle|Moody|boost
|-boost|p2a: Smeargle|spa|2
|-unboost|p2a: Smeargle|spd|1
|upkeep
|turn|4
|
|t:|1646945859
|switch|p2a: Yveltal|Yveltal|100/100
|-ability|p2a: Yveltal|Dark Aura
|move|p1a: Giratina|Defog|p2a: Yveltal
|-unboost|p2a: Yveltal|evasion|1
|-sideend|p1: C0ld as Ice|Sticky Web|[from] move: Defog|[of] p1a: Giratina
|
|-heal|p1a: Giratina|100/100|[from] item: Leftovers
|upkeep
|turn|5
|
|t:|1646945863
|switch|p2a: Smeargle|Smeargle, F|25/100
|move|p1a: Giratina|Toxic|p2a: Smeargle|[miss]
|-miss|p1a: Giratina|p2a: Smeargle
|
|-ability|p2a: Smeargle|Moody|boost
|-boost|p2a: Smeargle|spe|2
|-unboost|p2a: Smeargle|def|1
|upkeep
|turn|6
|
|t:|1646945866
|move|p2a: Smeargle|Sticky Web|p1a: Giratina
|-sidestart|p1: C0ld as Ice|move: Sticky Web
|move|p1a: Giratina|Toxic|p2a: Smeargle
|-status|p2a: Smeargle|tox
|
|-damage|p2a: Smeargle|19/100 tox|[from] psn
|-ability|p2a: Smeargle|Moody|boost
|-boost|p2a: Smeargle|def|2
|-unboost|p2a: Smeargle|spd|1
|upkeep
|turn|7
|
|t:|1646945877
|move|p2a: Smeargle|Spectral Thief|p1a: Giratina
|-supereffective|p1a: Giratina
|-crit|p1a: Giratina
|-damage|p1a: Giratina|92/100
|move|p1a: Giratina|Defog|p2a: Smeargle
|-unboost|p2a: Smeargle|evasion|1
|-sideend|p1: C0ld as Ice|Sticky Web|[from] move: Defog|[of] p1a: Giratina
|
|-heal|p1a: Giratina|98/100|[from] item: Leftovers
|-damage|p2a: Smeargle|7/100 tox|[from] psn
|-ability|p2a: Smeargle|Moody|boost
|-boost|p2a: Smeargle|spe|2
|-unboost|p2a: Smeargle|spa|1
|upkeep
|turn|8
|
|t:|1646945890
|move|p2a: Smeargle|Sticky Web|p1a: Giratina
|-sidestart|p1: C0ld as Ice|move: Sticky Web
|move|p1a: Giratina|Defog|p2a: Smeargle
|-unboost|p2a: Smeargle|evasion|1
|-sideend|p1: C0ld as Ice|Sticky Web|[from] move: Defog|[of] p1a: Giratina
|
|-heal|p1a: Giratina|100/100|[from] item: Leftovers
|-damage|p2a: Smeargle|0 fnt|[from] psn
|faint|p2a: Smeargle
|upkeep
|
|t:|1646945899
|switch|p2a: Yveltal|Yveltal|100/100
|-ability|p2a: Yveltal|Dark Aura
|turn|9
|
|t:|1646945918
|move|p2a: Yveltal|Taunt|p1a: Giratina
|-start|p1a: Giratina|move: Taunt
|cant|p1a: Giratina|move: Taunt|Toxic
|
|upkeep
|turn|10
|
|t:|1646945934
|switch|p2a: Zacian|Zacian-Crowned|100/100
|-ability|p2a: Zacian|Intrepid Sword|boost
|-boost|p2a: Zacian|atk|1
|switch|p1a: Tyranitar|Tyranitar, M|100/100
|-weather|Sandstorm|[from] ability: Sand Stream|[of] p1a: Tyranitar
|
|-weather|Sandstorm|[upkeep]
|upkeep
|turn|11
|
|t:|1646945944
|switch|p1a: Necrozma|Necrozma-Dusk-Mane|100/100
|move|p2a: Zacian|Swords Dance|p2a: Zacian
|-boost|p2a: Zacian|atk|2
|
|-weather|Sandstorm|[upkeep]
|upkeep
|turn|12
|
|t:|1646945950
|move|p2a: Zacian|Swords Dance|p2a: Zacian
|-boost|p2a: Zacian|atk|2
|move|p1a: Necrozma|Earthquake|p2a: Zacian
|-supereffective|p2a: Zacian
|-damage|p2a: Zacian|41/100
|
|-weather|Sandstorm|[upkeep]
|upkeep
|turn|13
|
|t:|1646945954
|move|p2a: Zacian|Close Combat|p1a: Necrozma
|-damage|p1a: Necrozma|2/100
|-unboost|p2a: Zacian|def|1
|-unboost|p2a: Zacian|spd|1
|-damage|p2a: Zacian|24/100|[from] item: Rocky Helmet|[of] p1a: Necrozma
|move|p1a: Necrozma|Earthquake|p2a: Zacian
|-supereffective|p2a: Zacian
|-damage|p2a: Zacian|0 fnt
|faint|p2a: Zacian
|
|-weather|Sandstorm|[upkeep]
|upkeep
|
|t:|1646945961
|switch|p2a: Yveltal|Yveltal|100/100
|-ability|p2a: Yveltal|Dark Aura
|turn|14
|
|t:|1646945973
|move|p2a: Yveltal|Dark Pulse|p1a: Necrozma
|-supereffective|p1a: Necrozma
|-damage|p1a: Necrozma|0 fnt
|faint|p1a: Necrozma
|-damage|p2a: Yveltal|91/100|[from] item: Life Orb
|
|-weather|none
|upkeep
|
|t:|1646945978
|switch|p1a: Rayquaza|Rayquaza|100/100
|-ability|p1a: Rayquaza|Air Lock
|turn|15
|
|t:|1646945984
|detailschange|p1a: Rayquaza|Rayquaza-Mega
|-mega|p1a: Rayquaza|Rayquaza|
|-weather|DeltaStream|[from] ability: Delta Stream|[of] p1a: Rayquaza
|-start|p2a: Yveltal|Dynamax
|-heal|p2a: Yveltal|91/100|[silent]
|move|p1a: Rayquaza|Dragon Ascent|p2a: Yveltal
|-damage|p2a: Yveltal|19/100
|-unboost|p1a: Rayquaza|def|1
|-unboost|p1a: Rayquaza|spd|1
|move|p2a: Yveltal|Max Airstream|p1a: Rayquaza
|-damage|p1a: Rayquaza|0 fnt
|-boost|p2a: Yveltal|spe|1
|faint|p1a: Rayquaza
|-weather|none
|-damage|p2a: Yveltal|14/100|[from] item: Life Orb
|
|upkeep
|
|t:|1646945999
|switch|p1a: Arceus|Arceus-Water|98/100
|turn|16
|
|t:|1646946002
|-start|p1a: Arceus|Dynamax
|-heal|p1a: Arceus|98/100|[silent]
|move|p2a: Yveltal|Max Darkness|p1a: Arceus
|-damage|p1a: Arceus|56/100
|-unboost|p1a: Arceus|spd|1
|-damage|p2a: Yveltal|9/100|[from] item: Life Orb
|move|p1a: Arceus|Max Hailstorm|p2a: Yveltal
|-supereffective|p2a: Yveltal
|-damage|p2a: Yveltal|0 fnt
|-weather|Hail
|faint|p2a: Yveltal
|
|-weather|Hail|[upkeep]
|-damage|p1a: Arceus|53/100|[from] Hail
|upkeep
|
|t:|1646946007
|switch|p2a: Necrozma|Necrozma-Dusk-Mane|100/100
|turn|17
|
|t:|1646946018
|move|p1a: Arceus|Max Geyser|p2a: Necrozma
|-damage|p2a: Necrozma|68/100
|-weather|RainDance
|move|p2a: Necrozma|Dragon Dance|p2a: Necrozma
|-boost|p2a: Necrozma|atk|1
|-boost|p2a: Necrozma|spe|1
|
|-weather|RainDance|[upkeep]
|upkeep
|turn|18
|
|t:|1646946022
|move|p2a: Necrozma|Dragon Dance|p2a: Necrozma
|-boost|p2a: Necrozma|atk|1
|-boost|p2a: Necrozma|spe|1
|move|p1a: Arceus|Max Geyser|p2a: Necrozma
|-damage|p2a: Necrozma|19/100
|
|-weather|RainDance|[upkeep]
|-end|p1a: Arceus|Dynamax
|-heal|p1a: Arceus|53/100|[silent]
|upkeep
|turn|19
|
|t:|1646946025
|move|p2a: Necrozma|Earthquake|p1a: Arceus
|-damage|p1a: Arceus|14/100
|move|p1a: Arceus|Perish Song|p1a: Arceus
|-start|p1a: Arceus|perish3|[silent]
|-start|p2a: Necrozma|perish3|[silent]
|-fieldactivate|move: Perish Song
|
|-weather|RainDance|[upkeep]
|-start|p2a: Necrozma|perish3
|-start|p1a: Arceus|perish3
|upkeep
|turn|20
|
|t:|1646946029
|move|p2a: Necrozma|Sunsteel Strike|p1a: Arceus
|-resisted|p1a: Arceus
|-damage|p1a: Arceus|0 fnt
|faint|p1a: Arceus
|
|-weather|RainDance|[upkeep]
|-start|p2a: Necrozma|perish2
|upkeep
|
|t:|1646946031
|switch|p1a: Giratina|Giratina|100/100
|-ability|p1a: Giratina|Pressure
|turn|21
|
|t:|1646946034
|move|p2a: Necrozma|Sunsteel Strike|p1a: Giratina
|-damage|p1a: Giratina|52/100
|move|p1a: Giratina|Will-O-Wisp|p2a: Necrozma
|-status|p2a: Necrozma|brn
|
|-weather|none
|-heal|p1a: Giratina|58/100|[from] item: Leftovers
|-damage|p2a: Necrozma|13/100 brn|[from] brn
|-start|p2a: Necrozma|perish1
|upkeep
|turn|22
|
|t:|1646946058
|move|p2a: Necrozma|Earthquake|p1a: Giratina
|-damage|p1a: Giratina|43/100
|move|p1a: Giratina|Rest|p1a: Giratina
|-status|p1a: Giratina|slp|[from] move: Rest
|-heal|p1a: Giratina|100/100 slp|[silent]
|
|-damage|p2a: Necrozma|7/100 brn|[from] brn
|-start|p2a: Necrozma|perish0
|upkeep
|faint|p2a: Necrozma
|
|t:|1646946067
|switch|p2a: Rayquaza|Rayquaza|100/100
|-ability|p2a: Rayquaza|Air Lock
|turn|23
|
|t:|1646946077
|detailschange|p2a: Rayquaza|Rayquaza-Mega
|-mega|p2a: Rayquaza|Rayquaza|
|-weather|DeltaStream|[from] ability: Delta Stream|[of] p2a: Rayquaza
|move|p2a: Rayquaza|Swords Dance|p2a: Rayquaza
|-boost|p2a: Rayquaza|atk|2
|cant|p1a: Giratina|slp
|
|-weather|DeltaStream|[upkeep]
|upkeep
|turn|24
|
|t:|1646946085
|move|p2a: Rayquaza|Swords Dance|p2a: Rayquaza
|-boost|p2a: Rayquaza|atk|2
|cant|p1a: Giratina|slp
|
|-weather|DeltaStream|[upkeep]
|upkeep
|turn|25
|
|t:|1646946088
|move|p2a: Rayquaza|Dragon Ascent|p1a: Giratina
|-damage|p1a: Giratina|0 fnt
|-unboost|p2a: Rayquaza|def|1
|-unboost|p2a: Rayquaza|spd|1
|faint|p1a: Giratina
|
|-weather|DeltaStream|[upkeep]
|upkeep
|
|t:|1646946091
|switch|p1a: Tyranitar|Tyranitar, M|100/100
|-ability|p1a: Tyranitar|Sand Stream|[from] deltastream|[fail]
|turn|26
|
|t:|1646946094
|move|p2a: Rayquaza|Earthquake|p1a: Tyranitar
|-supereffective|p1a: Tyranitar
|-damage|p1a: Tyranitar|0 fnt
|faint|p1a: Tyranitar
|
|-weather|DeltaStream|[upkeep]
|upkeep
|-message|C0ld as Ice forfeited.
|
|win|iminschoollmaooo
|raw|C0ld as Ice's rating: 1622 &rarr; <strong>1606</strong><br />(-16 for losing)
|raw|iminschoollmaooo's rating: 1688 &rarr; <strong>1704</strong><br />(+16 for winning)
|l|☆C0ld as Ice
||Ladder isn't responding, score probably updated but might not have (Request timeout).
