|j|‽putin blyat
|j|☆DarkboiJ
|t:|1668247042
|gametype|singles
|player|p1|putin blyat|twins-gen4|1897
|player|p2|DarkboiJ|blue-gen3two|1995
|teamsize|p1|6
|teamsize|p2|6
|gen|8
|tier|[Gen 8] National Dex AG
|rated|
|rule|HP Percentage Mod: HP is shown in percentages
|rule|Endless Battle Clause: Forcing endless battles is banned
|clearpoke
|poke|p1|Calyrex-Shadow|
|poke|p1|Arceus-*|
|poke|p1|Eternatus|
|poke|p1|Necrozma-Dusk-Mane|
|poke|p1|Marshadow|
|poke|p1|Arceus-*|
|poke|p2|Darkrai|
|poke|p2|Arceus-*|
|poke|p2|Kyogre|
|poke|p2|Ditto|
|poke|p2|Zapdos|
|poke|p2|Arceus-*|
|teampreview
|inactive|Battle timer is ON: inactive players will automatically lose when time's up. (requested by DarkboiJ)
|
|t:|1668247053
|start
|switch|p1a: Calyrex|Calyrex-Shadow|100/100
|switch|p2a: Darkrai|Darkrai|100/100
|-ability|p1a: Calyrex|As One
|-ability|p1a: Calyrex|Unnerve
|turn|1
|
|t:|1668247057
|move|p1a: Calyrex|Draining Kiss|p2a: Darkrai
|-supereffective|p2a: Darkrai
|-damage|p2a: Darkrai|32/100
|-damage|p1a: Calyrex|91/100|[from] item: Life Orb
|move|p2a: Darkrai|Dark Pulse|p1a: Calyrex
|-supereffective|p1a: Calyrex
|-damage|p1a: Calyrex|0 fnt
|faint|p1a: Calyrex
|
|-heal|p2a: Darkrai|38/100|[from] item: Leftovers
|upkeep
|
|t:|1668247065
|switch|p1a: Marshadow|Marshadow|100/100
|turn|2
|
|t:|1668247068
|switch|p2a: Zapdos|Zapdos|100/100
|move|p1a: Marshadow|Close Combat|p2a: Zapdos
|-resisted|p2a: Zapdos
|-damage|p2a: Zapdos|71/100
|-unboost|p1a: Marshadow|def|1
|-unboost|p1a: Marshadow|spd|1
|
|upkeep
|turn|3
|
|t:|1668247074
|switch|p1a: Eternatus|Eternatus|100/100
|-ability|p1a: Eternatus|Pressure
|move|p2a: Zapdos|Volt Switch|p1a: Eternatus
|-resisted|p1a: Eternatus
|-damage|p1a: Eternatus|92/100
|
|t:|1668247078
|switch|p2a: Darkrai|Darkrai|38/100|[from]move: Volt Switch
|
|-heal|p2a: Darkrai|44/100|[from] item: Leftovers
|upkeep
|turn|4
|
|t:|1668247080
|move|p2a: Darkrai|Hypnosis|p1a: Eternatus
|-status|p1a: Eternatus|slp|[from] move: Hypnosis
|cant|p1a: Eternatus|slp
|
|-heal|p2a: Darkrai|50/100|[from] item: Leftovers
|-damage|p1a: Eternatus|79/100 slp|[from] ability: Bad Dreams|[of] p2a: Darkrai
|upkeep
|turn|5
|
|t:|1668247084
|switch|p1a: Marshadow|Marshadow|100/100
|move|p2a: Darkrai|Substitute|p2a: Darkrai
|-start|p2a: Darkrai|Substitute
|-damage|p2a: Darkrai|26/100
|
|-heal|p2a: Darkrai|32/100|[from] item: Leftovers
|upkeep
|turn|6
|
|t:|1668247088
|move|p2a: Darkrai|Dark Pulse|p1a: Marshadow
|-damage|p1a: Marshadow|53/100
|move|p1a: Marshadow|Spectral Thief|p2a: Darkrai
|-resisted|p2a: Darkrai
|-damage|p2a: Darkrai|0 fnt
|faint|p2a: Darkrai
|
|upkeep
|
|t:|1668247098
|switch|p2a: Zapdos|Zapdos|71/100
|turn|7
|
|t:|1668247102
|move|p1a: Marshadow|Spectral Thief|p2a: Zapdos
|-damage|p2a: Zapdos|18/100
|move|p2a: Zapdos|Volt Switch|p1a: Marshadow
|-damage|p1a: Marshadow|20/100
|
|t:|1668247109
|switch|p2a: Ditto|Ditto, shiny|100/100|[from]move: Volt Switch
|-transform|p2a: Ditto|p1a: Marshadow|[from] ability: Imposter
|
|upkeep
|turn|8
|
|t:|1668247113
|switch|p1a: Arceus|Arceus-Water|100/100
|move|p2a: Ditto|Shadow Sneak|p1a: Arceus
|-damage|p1a: Arceus|85/100
|
|upkeep
|turn|9
|
|t:|1668247117
|switch|p2a: Arceus|Arceus-Fairy|100/100
|move|p1a: Arceus|Judgment|p2a: Arceus
|-damage|p2a: Arceus|77/100
|
|upkeep
|turn|10
|
|t:|1668247121
|switch|p1a: Eternatus|Eternatus|79/100 slp
|-ability|p1a: Eternatus|Pressure
|move|p2a: Arceus|Stealth Rock|p1a: Eternatus
|-sidestart|p1: putin blyat|move: Stealth Rock
|
|upkeep
|turn|11
|
|t:|1668247127
|switch|p2a: Ditto|Ditto, shiny|100/100
|-transform|p2a: Ditto|p1a: Eternatus|[from] ability: Imposter
|-ability|p2a: Ditto|Pressure
|-curestatus|p1a: Eternatus|slp|[msg]
|move|p1a: Eternatus|Toxic Spikes|p2a: Ditto
|-sidestart|p2: DarkboiJ|move: Toxic Spikes
|
|upkeep
|turn|12
|
|t:|1668247134
|switch|p1a: Necrozma|Necrozma-Dusk-Mane|100/100
|-damage|p1a: Necrozma|94/100|[from] Stealth Rock
|move|p2a: Ditto|Dynamax Cannon|p1a: Necrozma
|-resisted|p1a: Necrozma
|-damage|p1a: Necrozma|77/100
|
|upkeep
|turn|13
|
|t:|1668247137
|switch|p2a: Zapdos|Zapdos|18/100
|move|p1a: Necrozma|Stealth Rock|p2a: Zapdos
|-sidestart|p2: DarkboiJ|move: Stealth Rock
|
|upkeep
|turn|14
|
|t:|1668247140
|move|p2a: Zapdos|Roost|p2a: Zapdos
|-heal|p2a: Zapdos|68/100
|-singleturn|p2a: Zapdos|move: Roost
|move|p1a: Necrozma|Toxic|p2a: Zapdos
|-status|p2a: Zapdos|tox
|
|-damage|p2a: Zapdos|62/100 tox|[from] psn
|upkeep
|turn|15
|
|t:|1668247144
|move|p2a: Zapdos|Roost|p2a: Zapdos
|-heal|p2a: Zapdos|100/100 tox
|-singleturn|p2a: Zapdos|move: Roost
|move|p1a: Necrozma|Morning Sun|p1a: Necrozma
|-heal|p1a: Necrozma|100/100
|
|-damage|p2a: Zapdos|88/100 tox|[from] psn
|upkeep
|turn|16
|
|t:|1668247147
|switch|p1a: Eternatus|Eternatus|79/100
|-damage|p1a: Eternatus|67/100|[from] Stealth Rock
|-ability|p1a: Eternatus|Pressure
|move|p2a: Zapdos|Heat Wave|p1a: Eternatus
|-resisted|p1a: Eternatus
|-damage|p1a: Eternatus|58/100
|
|-damage|p2a: Zapdos|69/100 tox|[from] psn
|upkeep
|turn|17
|
|t:|1668247150
|move|p1a: Eternatus|Recover|p1a: Eternatus
|-heal|p1a: Eternatus|100/100
|move|p2a: Zapdos|Volt Switch|p1a: Eternatus
|-resisted|p1a: Eternatus
|-damage|p1a: Eternatus|91/100
|
|t:|1668247163
|switch|p2a: Arceus|Arceus|100/100|[from]move: Volt Switch
|-status|p2a: Arceus|psn
|-enditem|p2a: Arceus|Lum Berry|[eat]
|-curestatus|p2a: Arceus|psn|[msg]
|-damage|p2a: Arceus|88/100|[from] Stealth Rock
|
|upkeep
|turn|18
|
|t:|1668247184
|move|p1a: Eternatus|Toxic Spikes|p2a: Arceus
|-sidestart|p2: DarkboiJ|move: Toxic Spikes
|move|p2a: Arceus|Shadow Claw|p1a: Eternatus
|-damage|p1a: Eternatus|73/100
|
|upkeep
|turn|19
|
|t:|1668247188
|move|p1a: Eternatus|Dynamax Cannon|p2a: Arceus
|-damage|p2a: Arceus|59/100
|move|p2a: Arceus|Swords Dance|p2a: Arceus
|-boost|p2a: Arceus|atk|2
|
|upkeep
|turn|20
|
|t:|1668247197
|-zpower|p1a: Eternatus
|move|p1a: Eternatus|Devastating Drake|p2a: Arceus|[zeffect]
|-crit|p2a: Arceus
|-damage|p2a: Arceus|0 fnt
|faint|p2a: Arceus
|
|upkeep
|
|t:|1668247211
|switch|p2a: Kyogre|Kyogre|100/100
|-status|p2a: Kyogre|tox
|-damage|p2a: Kyogre|88/100 tox|[from] Stealth Rock
|detailschange|p2a: Kyogre|Kyogre-Primal
|-primal|p2a: Kyogre
|-weather|PrimordialSea|[from] ability: Primordial Sea|[of] p2a: Kyogre
|turn|21
|inactive|putin blyat has 120 seconds left.
|l|‽putin blyat
|inactive|putin blyat disconnected and has a minute to reconnect!
|player|p1|
|j|‽putin blyat
|inactive|putin blyat reconnected and has 100 seconds left.
|player|p1|putin blyat|twins-gen4
|
|t:|1668247265
|move|p1a: Eternatus|Dynamax Cannon|p2a: Kyogre
|-damage|p2a: Kyogre|55/100 tox
|move|p2a: Kyogre|Ice Beam|p1a: Eternatus
|-supereffective|p1a: Eternatus
|-damage|p1a: Eternatus|18/100
|
|-weather|PrimordialSea|[upkeep]
|-damage|p2a: Kyogre|49/100 tox|[from] psn
|upkeep
|turn|22
|
|t:|1668247275
|move|p1a: Eternatus|Recover|p1a: Eternatus
|-heal|p1a: Eternatus|68/100
|move|p2a: Kyogre|Ice Beam|p1a: Eternatus
|-supereffective|p1a: Eternatus
|-damage|p1a: Eternatus|17/100
|
|-weather|PrimordialSea|[upkeep]
|-damage|p2a: Kyogre|37/100 tox|[from] psn
|upkeep
|turn|23
|
|t:|1668247280
|move|p1a: Eternatus|Recover|p1a: Eternatus
|-heal|p1a: Eternatus|68/100
|move|p2a: Kyogre|Ice Beam|p1a: Eternatus
|-supereffective|p1a: Eternatus
|-damage|p1a: Eternatus|13/100
|-status|p1a: Eternatus|frz
|
|-weather|PrimordialSea|[upkeep]
|-damage|p2a: Kyogre|18/100 tox|[from] psn
|upkeep
|turn|24
|
|t:|1668247286
|cant|p1a: Eternatus|frz
|move|p2a: Kyogre|Ice Beam|p1a: Eternatus
|-supereffective|p1a: Eternatus
|-damage|p1a: Eternatus|0 fnt
|faint|p1a: Eternatus
|
|-weather|PrimordialSea|[upkeep]
|-damage|p2a: Kyogre|0 fnt|[from] psn
|faint|p2a: Kyogre
|-weather|none
|upkeep
|
|t:|1668247292
|switch|p1a: Necrozma|Necrozma-Dusk-Mane|100/100
|switch|p2a: Zapdos|Zapdos|69/100 tox
|-damage|p1a: Necrozma|94/100|[from] Stealth Rock
|turn|25
|
|t:|1668247307
|move|p2a: Zapdos|Heat Wave|p1a: Necrozma
|-supereffective|p1a: Necrozma
|-damage|p1a: Necrozma|63/100
|move|p1a: Necrozma|Sunsteel Strike|p2a: Zapdos
|-resisted|p2a: Zapdos
|-damage|p2a: Zapdos|51/100 tox
|
|-damage|p2a: Zapdos|45/100 tox|[from] psn
|upkeep
|turn|26
|-message|DarkboiJ forfeited.
|
|win|putin blyat
|raw|putin blyat's rating: 1897 &rarr; <strong>1922</strong><br />(+25 for winning)
|raw|DarkboiJ's rating: 1995 &rarr; <strong>1970</strong><br />(-25 for losing)
|l|☆DarkboiJ
