|j|☆RUiNtheExtinct
|j|☆Aloe lumen
|t:|1647773506
|gametype|singles
|player|p1|RUiNtheExtinct|red-gen7|1820
|player|p2|Aloe lumen|clown|1681
|teamsize|p1|6
|teamsize|p2|6
|gen|8
|tier|[Gen 8] National Dex AG
|rated|
|rule|HP Percentage Mod: HP is shown in percentages
|rule|Endless Battle Clause: Forcing endless battles is banned
|clearpoke
|poke|p1|Ditto|
|poke|p1|Arceus-*|
|poke|p1|Zygarde|
|poke|p1|Groudon|
|poke|p1|Arceus-*|
|poke|p1|Arceus-*|
|poke|p2|Smeargle, M|
|poke|p2|Vivillon, F|
|poke|p2|Xerneas-*|
|poke|p2|Landorus-Therian, M|
|poke|p2|Arceus-*|
|poke|p2|Kartana|
|teampreview
|inactive|Battle timer is ON: inactive players will automatically lose when time's up. (requested by Aloe lumen)
|j| o0KSY0o
|
|t:|1647773532
|start
|switch|p1a: Ditto|Ditto|100/100
|switch|p2a: Smeargle|Smeargle, M|100/100
|-transform|p1a: Ditto|p2a: Smeargle|[from] ability: Imposter
|turn|1
|
|t:|1647773544
|switch|p1a: Zygarde|Zygarde|100/100
|move|p2a: Smeargle|Nuzzle|p1a: Zygarde
|-immune|p1a: Zygarde
|
|upkeep
|turn|2
|
|t:|1647773551
|move|p2a: Smeargle|Sticky Web|p1a: Zygarde
|-sidestart|p1: RUiNtheExtinct|move: Sticky Web
|move|p1a: Zygarde|Thousand Arrows|p2a: Smeargle
|-enditem|p2a: Smeargle|Focus Sash
|-damage|p2a: Smeargle|1/100
|
|upkeep
|turn|3
|
|t:|1647773558
|switch|p1a: Groudon|Groudon|100/100
|-activate|p1a: Groudon|move: Sticky Web
|-unboost|p1a: Groudon|spe|1
|detailschange|p1a: Groudon|Groudon-Primal
|-primal|p1a: Groudon
|-weather|DesolateLand|[from] ability: Desolate Land|[of] p1a: Groudon
|move|p2a: Smeargle|Taunt|p1a: Groudon
|-start|p1a: Groudon|move: Taunt
|
|-weather|DesolateLand|[upkeep]
|upkeep
|turn|4
|
|t:|1647773568
|move|p2a: Smeargle|Rapid Spin|p1a: Groudon
|-damage|p1a: Groudon|91/100
|-boost|p2a: Smeargle|spe|1
|move|p1a: Groudon|Rock Tomb|p2a: Smeargle
|-damage|p2a: Smeargle|0 fnt
|faint|p2a: Smeargle
|
|-weather|DesolateLand|[upkeep]
|upkeep
|
|t:|1647773577
|switch|p2a: Landorus|Landorus-Therian, M|100/100
|-ability|p2a: Landorus|Intimidate|boost
|-unboost|p1a: Groudon|atk|1
|turn|5
|
|t:|1647773582
|-weather|none
|switch|p1a: Ditto|Ditto|100/100
|-activate|p1a: Ditto|move: Sticky Web
|-unboost|p1a: Ditto|spe|1
|-transform|p1a: Ditto|p2a: Landorus|[from] ability: Imposter
|-ability|p1a: Ditto|Intimidate|boost
|-unboost|p2a: Landorus|atk|1
|move|p2a: Landorus|Stealth Rock|p1a: Ditto
|-sidestart|p1: RUiNtheExtinct|move: Stealth Rock
|
|upkeep
|turn|6
|
|t:|1647773594
|move|p1a: Ditto|Stealth Rock|p2a: Landorus
|-sidestart|p2: Aloe lumen|move: Stealth Rock
|move|p2a: Landorus|Swords Dance|p2a: Landorus
|-boost|p2a: Landorus|atk|2
|
|upkeep
|turn|7
|
|t:|1647773601
|switch|p1a: Zygarde|Zygarde|100/100
|-activate|p1a: Zygarde|move: Sticky Web
|-unboost|p1a: Zygarde|spe|1
|-damage|p1a: Zygarde|94/100|[from] Stealth Rock
|move|p2a: Landorus|Swords Dance|p2a: Landorus
|-boost|p2a: Landorus|atk|2
|
|-heal|p1a: Zygarde|100/100|[from] item: Leftovers
|upkeep
|turn|8
|
|t:|1647773611
|move|p2a: Landorus|Explosion|p1a: Zygarde
|-damage|p1a: Zygarde|0 fnt
|faint|p2a: Landorus
|faint|p1a: Zygarde
|
|upkeep
|
|t:|1647773626
|switch|p2a: Xerneas|Xerneas|100/100
|switch|p1a: Ditto|Ditto|100/100
|-damage|p2a: Xerneas|88/100|[from] Stealth Rock
|-ability|p2a: Xerneas|Fairy Aura
|-activate|p1a: Ditto|move: Sticky Web
|-unboost|p1a: Ditto|spe|1
|-damage|p1a: Ditto|88/100|[from] Stealth Rock
|-transform|p1a: Ditto|p2a: Xerneas|[from] ability: Imposter
|-ability|p1a: Ditto|Fairy Aura
|turn|9
|
|t:|1647773638
|move|p1a: Ditto|Moonblast|p2a: Xerneas
|-damage|p2a: Xerneas|26/100
|-unboost|p2a: Xerneas|spa|1
|move|p2a: Xerneas|Moonblast|p1a: Ditto
|-damage|p1a: Ditto|34/100
|
|upkeep
|turn|10
|
|t:|1647773646
|move|p1a: Ditto|Moonblast|p2a: Xerneas
|-damage|p2a: Xerneas|0 fnt
|faint|p2a: Xerneas
|
|upkeep
|
|t:|1647773652
|switch|p2a: Kartana|Kartana|100/100
|-damage|p2a: Kartana|94/100|[from] Stealth Rock
|turn|11
|
|t:|1647773658
|switch|p1a: Groudon|Groudon-Primal|91/100
|-damage|p1a: Groudon|78/100|[from] Stealth Rock
|-activate|p1a: Groudon|move: Sticky Web
|-unboost|p1a: Groudon|spe|1
|-weather|DesolateLand|[from] ability: Desolate Land|[of] p1a: Groudon
|move|p2a: Kartana|Smart Strike|p1a: Groudon
|-resisted|p1a: Groudon
|-damage|p1a: Groudon|60/100
|-damage|p2a: Kartana|85/100|[from] item: Life Orb
|
|-weather|DesolateLand|[upkeep]
|upkeep
|turn|12
|
|t:|1647773673
|-start|p2a: Kartana|Dynamax
|-heal|p2a: Kartana|85/100|[silent]
|move|p2a: Kartana|Max Airstream|p1a: Groudon
|-damage|p1a: Groudon|20/100
|-boost|p2a: Kartana|spe|1
|-damage|p2a: Kartana|80/100|[from] item: Life Orb
|move|p1a: Groudon|Heat Crash||[still]
|-fail|p1a: Groudon|Dynamax
|
|-weather|DesolateLand|[upkeep]
|upkeep
|turn|13
|
|t:|1647773686
|move|p2a: Kartana|Max Overgrowth|p1a: Groudon
|-damage|p1a: Groudon|0 fnt
|-fieldstart|move: Grassy Terrain
|faint|p1a: Groudon
|-weather|none
|-ability|p2a: Kartana|Beast Boost|boost
|-boost|p2a: Kartana|atk|1
|-damage|p2a: Kartana|75/100|[from] item: Life Orb
|
|-heal|p2a: Kartana|78/100|[from] Grassy Terrain
|upkeep
|
|t:|1647773689
|switch|p1a: Ditto|Ditto|34/100
|-activate|p1a: Ditto|move: Sticky Web
|-unboost|p1a: Ditto|spe|1
|-damage|p1a: Ditto|22/100|[from] Stealth Rock
|-transform|p1a: Ditto|p2a: Kartana|[from] ability: Imposter
|turn|14
|
|t:|1647773710
|move|p1a: Ditto|Aerial Ace|p2a: Kartana
|-damage|p2a: Kartana|57/100
|move|p2a: Kartana|Max Steelspike|p1a: Ditto
|-resisted|p1a: Ditto
|-damage|p1a: Ditto|0 fnt
|-boost|p2a: Kartana|def|1
|faint|p1a: Ditto
|-ability|p2a: Kartana|Beast Boost|boost
|-boost|p2a: Kartana|atk|1
|-damage|p2a: Kartana|52/100|[from] item: Life Orb
|
|-heal|p2a: Kartana|55/100|[from] Grassy Terrain
|-end|p2a: Kartana|Dynamax
|-heal|p2a: Kartana|55/100|[silent]
|upkeep
|
|t:|1647773715
|switch|p1a: Arceus|Arceus-Flying|100/100
|-damage|p1a: Arceus|75/100|[from] Stealth Rock
|turn|15
|
|t:|1647773728
|-start|p1a: Arceus|Dynamax
|-heal|p1a: Arceus|75/100|[silent]
|move|p2a: Kartana|Smart Strike|p1a: Arceus
|-damage|p1a: Arceus|30/100
|-damage|p2a: Kartana|46/100|[from] item: Life Orb
|move|p1a: Arceus|Max Airstream|p2a: Kartana
|-damage|p2a: Kartana|0 fnt
|-boost|p1a: Arceus|spe|1
|faint|p2a: Kartana
|
|upkeep
|
|t:|1647773742
|switch|p2a: Arceus|Arceus-Ghost|100/100
|-damage|p2a: Arceus|88/100|[from] Stealth Rock
|turn|16
|
|t:|1647773747
|move|p1a: Arceus|Max Airstream|p2a: Arceus
|-crit|p2a: Arceus
|-damage|p2a: Arceus|0 fnt
|-boost|p1a: Arceus|spe|1
|faint|p2a: Arceus
|
|upkeep
|c|☆RUiNtheExtinct|gg
|-message|Aloe lumen forfeited.
|
|win|RUiNtheExtinct
|raw|RUiNtheExtinct's rating: 1820 &rarr; <strong>1832</strong><br />(+12 for winning)
|raw|Aloe lumen's rating: 1681 &rarr; <strong>1669</strong><br />(-12 for losing)
