|j|☆Vive Immortale
|j|☆World breaker Odin
|t:|1662038366
|gametype|singles
|player|p1|Vive Immortale|mallow|1678
|player|p2|World breaker Odin|adaman|1768
|teamsize|p1|6
|teamsize|p2|6
|gen|8
|tier|[Gen 8] National Dex AG
|rated|
|rule|HP Percentage Mod: HP is shown in percentages
|rule|Endless Battle Clause: Forcing endless battles is banned
|clearpoke
|poke|p1|Zacian-*|
|poke|p1|Yveltal|
|poke|p1|Groudon|
|poke|p1|Ho-Oh|
|poke|p1|Necrozma-Dusk-Mane|
|poke|p1|Arceus-*|
|poke|p2|Necrozma-Dusk-Mane|
|poke|p2|Chansey, F|
|poke|p2|Lugia|
|poke|p2|Ho-Oh|
|poke|p2|Zygarde|
|poke|p2|Arceus-*|
|teampreview
|inactive|Battle timer is ON: inactive players will automatically lose when time's up. (requested by World breaker Odin)
|inactive|Vive Immortale also wants the timer to be on.
|
|t:|1662038387
|start
|switch|p1a: Yveltal|Yveltal|100/100
|switch|p2a: Zygarde|Zygarde, shiny|100/100
|-ability|p1a: Yveltal|Dark Aura
|turn|1
|
|t:|1662038399
|switch|p2a: Ho-Oh|Ho-Oh, shiny|100/100
|move|p1a: Yveltal|Knock Off|p2a: Ho-Oh
|-damage|p2a: Ho-Oh|29/100
|-enditem|p2a: Ho-Oh|Heavy-Duty Boots|[from] move: Knock Off|[of] p1a: Yveltal
|
|upkeep
|turn|2
|
|t:|1662038409
|switch|p2a: Arceus|Arceus-Dark, shiny|100/100
|move|p1a: Yveltal|Knock Off|p2a: Arceus
|-resisted|p2a: Arceus
|-damage|p2a: Arceus|77/100
|
|upkeep
|turn|3
|
|t:|1662038428
|switch|p1a: Zacian|Zacian-Crowned|100/100
|-ability|p1a: Zacian|Intrepid Sword|boost
|-boost|p1a: Zacian|atk|1
|move|p2a: Arceus|Recover|p2a: Arceus
|-heal|p2a: Arceus|100/100
|
|upkeep
|turn|4
|
|t:|1662038436
|switch|p1a: Yveltal|Yveltal|100/100
|-ability|p1a: Yveltal|Dark Aura
|switch|p2a: Necrozma|Necrozma-Dusk-Mane, shiny|100/100
|
|upkeep
|turn|5
|
|t:|1662038439
|switch|p2a: Arceus|Arceus-Dark, shiny|100/100
|move|p1a: Yveltal|U-turn|p2a: Arceus
|-supereffective|p2a: Arceus
|-damage|p2a: Arceus|55/100
|
|t:|1662038445
|switch|p1a: Zacian|Zacian-Crowned|100/100|[from]move: U-turn
|-ability|p1a: Zacian|Intrepid Sword|boost
|-boost|p1a: Zacian|atk|1
|
|upkeep
|turn|6
|
|t:|1662038450
|switch|p2a: Necrozma|Necrozma-Dusk-Mane, shiny|100/100
|move|p1a: Zacian|Close Combat|p2a: Necrozma
|-damage|p2a: Necrozma|55/100
|-unboost|p1a: Zacian|def|1
|-unboost|p1a: Zacian|spd|1
|-damage|p1a: Zacian|84/100|[from] item: Rocky Helmet|[of] p2a: Necrozma
|
|upkeep
|turn|7
|
|t:|1662038460
|switch|p1a: Arceus|Arceus-Ground|100/100
|move|p2a: Necrozma|Morning Sun|p2a: Necrozma
|-heal|p2a: Necrozma|100/100
|
|upkeep
|turn|8
|
|t:|1662038468
|switch|p2a: Arceus|Arceus-Dark, shiny|55/100
|move|p1a: Arceus|Judgment|p2a: Arceus
|-damage|p2a: Arceus|30/100
|
|upkeep
|turn|9
|
|t:|1662038475
|switch|p1a: Zacian|Zacian-Crowned|84/100
|-ability|p1a: Zacian|Intrepid Sword|boost
|-boost|p1a: Zacian|atk|1
|move|p2a: Arceus|Recover|p2a: Arceus
|-heal|p2a: Arceus|80/100
|
|upkeep
|turn|10
|
|t:|1662038489
|switch|p1a: Yveltal|Yveltal|100/100
|-ability|p1a: Yveltal|Dark Aura
|switch|p2a: Necrozma|Necrozma-Dusk-Mane, shiny|100/100
|
|upkeep
|turn|11
|
|t:|1662038497
|switch|p2a: Ho-Oh|Ho-Oh, shiny|62/100
|move|p1a: Yveltal|U-turn|p2a: Ho-Oh
|-resisted|p2a: Ho-Oh
|-damage|p2a: Ho-Oh|56/100
|
|t:|1662038503
|switch|p1a: Arceus|Arceus-Ground|100/100|[from]move: U-turn
|
|upkeep
|turn|12
|
|t:|1662038506
|switch|p2a: Arceus|Arceus-Dark, shiny|80/100
|move|p1a: Arceus|Stone Edge|p2a: Arceus
|-damage|p2a: Arceus|64/100
|
|upkeep
|turn|13
|
|t:|1662038510
|move|p2a: Arceus|Recover|p2a: Arceus
|-heal|p2a: Arceus|100/100
|move|p1a: Arceus|Judgment|p2a: Arceus
|-damage|p2a: Arceus|76/100
|
|upkeep
|turn|14
|
|t:|1662038512
|move|p2a: Arceus|Whirlpool|p1a: Arceus
|-supereffective|p1a: Arceus
|-damage|p1a: Arceus|87/100
|-activate|p1a: Arceus|move: Whirlpool|[of] p2a: Arceus
|move|p1a: Arceus|Judgment|p2a: Arceus
|-damage|p2a: Arceus|51/100
|
|-damage|p1a: Arceus|75/100|[from] move: Whirlpool|[partiallytrapped]
|upkeep
|turn|15
|
|t:|1662038524
|move|p2a: Arceus|Recover|p2a: Arceus
|-heal|p2a: Arceus|100/100
|move|p1a: Arceus|Judgment|p2a: Arceus
|-damage|p2a: Arceus|77/100
|
|-damage|p1a: Arceus|62/100|[from] move: Whirlpool|[partiallytrapped]
|upkeep
|turn|16
|
|t:|1662038527
|move|p2a: Arceus|Perish Song|p2a: Arceus
|-start|p1a: Arceus|perish3|[silent]
|-start|p2a: Arceus|perish3|[silent]
|-fieldactivate|move: Perish Song
|move|p1a: Arceus|Judgment|p2a: Arceus
|-damage|p2a: Arceus|52/100
|
|-damage|p1a: Arceus|50/100|[from] move: Whirlpool|[partiallytrapped]
|-start|p1a: Arceus|perish3
|-start|p2a: Arceus|perish3
|upkeep
|turn|17
|
|t:|1662038530
|move|p2a: Arceus|Recover|p2a: Arceus
|-heal|p2a: Arceus|100/100
|move|p1a: Arceus|Judgment|p2a: Arceus
|-damage|p2a: Arceus|78/100
|
|-damage|p1a: Arceus|38/100|[from] move: Whirlpool|[partiallytrapped]
|-start|p2a: Arceus|perish2
|-start|p1a: Arceus|perish2
|upkeep
|turn|18
|
|t:|1662038533
|move|p2a: Arceus|Snarl|p1a: Arceus
|-damage|p1a: Arceus|19/100
|-unboost|p1a: Arceus|spa|1
|move|p1a: Arceus|Judgment|p2a: Arceus
|-damage|p2a: Arceus|62/100
|
|-end|p1a: Arceus|Whirlpool|[partiallytrapped]
|-start|p2a: Arceus|perish1
|-start|p1a: Arceus|perish1
|upkeep
|turn|19
|
|t:|1662038538
|switch|p2a: Ho-Oh|Ho-Oh, shiny|89/100
|move|p1a: Arceus|Judgment|p2a: Ho-Oh
|-immune|p2a: Ho-Oh
|
|-start|p1a: Arceus|perish0
|upkeep
|faint|p1a: Arceus
|
|t:|1662038544
|switch|p1a: Yveltal|Yveltal|100/100
|-ability|p1a: Yveltal|Dark Aura
|turn|20
|
|t:|1662038556
|move|p1a: Yveltal|Knock Off|p2a: Ho-Oh
|-damage|p2a: Ho-Oh|42/100
|move|p2a: Ho-Oh|Toxic|p1a: Yveltal
|-status|p1a: Yveltal|tox
|
|-damage|p1a: Yveltal|94/100 tox|[from] psn
|upkeep
|turn|21
|
|t:|1662038561
|switch|p2a: Arceus|Arceus-Dark, shiny|62/100
|move|p1a: Yveltal|Knock Off|p2a: Arceus
|-resisted|p2a: Arceus
|-damage|p2a: Arceus|38/100
|
|-damage|p1a: Yveltal|82/100 tox|[from] psn
|upkeep
|turn|22
|
|t:|1662038564
|switch|p1a: Zacian|Zacian-Crowned|84/100
|-ability|p1a: Zacian|Intrepid Sword|boost
|-boost|p1a: Zacian|atk|1
|move|p2a: Arceus|Recover|p2a: Arceus
|-heal|p2a: Arceus|88/100
|
|upkeep
|turn|23
|
|t:|1662038571
|switch|p1a: Groudon|Groudon|100/100
|detailschange|p1a: Groudon|Groudon-Primal
|-primal|p1a: Groudon
|-weather|DesolateLand|[from] ability: Desolate Land|[of] p1a: Groudon
|switch|p2a: Necrozma|Necrozma-Dusk-Mane, shiny|100/100
|
|-weather|DesolateLand|[upkeep]
|upkeep
|turn|24
|
|t:|1662038577
|switch|p2a: Zygarde|Zygarde, shiny|100/100
|move|p1a: Groudon|Stealth Rock|p2a: Zygarde
|-sidestart|p2: World breaker Odin|move: Stealth Rock
|
|-weather|DesolateLand|[upkeep]
|upkeep
|turn|25
|
|t:|1662038586
|-weather|none
|switch|p1a: Ho-Oh|Ho-Oh|100/100
|move|p2a: Zygarde|Toxic|p1a: Ho-Oh
|-status|p1a: Ho-Oh|tox
|
|-damage|p1a: Ho-Oh|94/100 tox|[from] psn
|upkeep
|turn|26
|inactive|World breaker Odin has 120 seconds left.
|
|t:|1662038622
|switch|p2a: Lugia|Lugia, shiny|100/100
|move|p1a: Ho-Oh|Toxic|p2a: Lugia
|-status|p2a: Lugia|tox
|
|-damage|p2a: Lugia|94/100 tox|[from] psn
|-damage|p1a: Ho-Oh|82/100 tox|[from] psn
|upkeep
|turn|27
|inactive|World breaker Odin has 120 seconds left.
|
|t:|1662038644
|switch|p2a: Ho-Oh|Ho-Oh, shiny|76/100
|-damage|p2a: Ho-Oh|26/100|[from] Stealth Rock
|move|p1a: Ho-Oh|Sacred Fire|p2a: Ho-Oh
|-resisted|p2a: Ho-Oh
|-damage|p2a: Ho-Oh|12/100
|
|-damage|p1a: Ho-Oh|64/100 tox|[from] psn
|upkeep
|turn|28
|
|t:|1662038654
|switch|p1a: Groudon|Groudon-Primal|100/100
|-weather|DesolateLand|[from] ability: Desolate Land|[of] p1a: Groudon
|switch|p2a: Lugia|Lugia, shiny|94/100 tox
|
|-weather|DesolateLand|[upkeep]
|-damage|p2a: Lugia|88/100 tox|[from] psn
|upkeep
|turn|29
|
|t:|1662038666
|switch|p2a: Zygarde|Zygarde, shiny|100/100
|-damage|p2a: Zygarde|94/100|[from] Stealth Rock
|-weather|none
|switch|p1a: Ho-Oh|Ho-Oh|98/100 tox
|
|-heal|p2a: Zygarde|100/100|[from] item: Leftovers
|-damage|p1a: Ho-Oh|92/100 tox|[from] psn
|upkeep
|turn|30
|
|t:|1662038683
|switch|p1a: Zacian|Zacian-Crowned|84/100
|-ability|p1a: Zacian|Intrepid Sword|boost
|-boost|p1a: Zacian|atk|1
|move|p2a: Zygarde|Thousand Arrows|p1a: Zacian
|-supereffective|p1a: Zacian
|-damage|p1a: Zacian|26/100
|
|upkeep
|turn|31
|
|t:|1662038688
|move|p1a: Zacian|Behemoth Blade|p2a: Zygarde
|-damage|p2a: Zygarde|45/100
|move|p2a: Zygarde|Thousand Arrows|p1a: Zacian
|-supereffective|p1a: Zacian
|-damage|p1a: Zacian|0 fnt
|faint|p1a: Zacian
|
|-heal|p2a: Zygarde|51/100|[from] item: Leftovers
|upkeep
|
|t:|1662038693
|switch|p1a: Yveltal|Yveltal|82/100 tox
|-ability|p1a: Yveltal|Dark Aura
|turn|32
|inactive|World breaker Odin has 120 seconds left.
|
|t:|1662038707
|switch|p2a: Arceus|Arceus-Dark, shiny|88/100
|-damage|p2a: Arceus|76/100|[from] Stealth Rock
|move|p1a: Yveltal|U-turn|p2a: Arceus
|-supereffective|p2a: Arceus
|-damage|p2a: Arceus|25/100
|
|t:|1662038723
|switch|p1a: Necrozma|Necrozma-Dusk-Mane|100/100|[from]move: U-turn
|
|upkeep
|turn|33
|
|t:|1662038727
|move|p2a: Arceus|Recover|p2a: Arceus
|-heal|p2a: Arceus|75/100
|move|p1a: Necrozma|Toxic|p2a: Arceus
|-status|p2a: Arceus|tox
|
|-damage|p2a: Arceus|69/100 tox|[from] psn
|upkeep
|turn|34
|
|t:|1662038730
|move|p2a: Arceus|Snarl|p1a: Necrozma
|-supereffective|p1a: Necrozma
|-damage|p1a: Necrozma|76/100
|-unboost|p1a: Necrozma|spa|1
|move|p1a: Necrozma|Swords Dance|p1a: Necrozma
|-boost|p1a: Necrozma|atk|2
|
|-damage|p2a: Arceus|56/100 tox|[from] psn
|upkeep
|turn|35
|
|t:|1662038735
|move|p2a: Arceus|Recover|p2a: Arceus
|-heal|p2a: Arceus|100/100 tox
|move|p1a: Necrozma|Sunsteel Strike|p2a: Arceus
|-damage|p2a: Arceus|39/100 tox
|
|-damage|p2a: Arceus|21/100 tox|[from] psn
|upkeep
|turn|36
|
|t:|1662038741
|switch|p2a: Necrozma|Necrozma-Dusk-Mane, shiny|100/100
|-damage|p2a: Necrozma|94/100|[from] Stealth Rock
|move|p1a: Necrozma|Sunsteel Strike|p2a: Necrozma
|-resisted|p2a: Necrozma
|-damage|p2a: Necrozma|67/100
|-damage|p1a: Necrozma|59/100|[from] item: Rocky Helmet|[of] p2a: Necrozma
|
|upkeep
|turn|37
|
|t:|1662038744
|-zpower|p1a: Necrozma
|move|p1a: Necrozma|Searing Sunraze Smash|p2a: Necrozma|[zeffect]
|-resisted|p2a: Necrozma
|-damage|p2a: Necrozma|11/100
|-damage|p1a: Necrozma|42/100|[from] item: Rocky Helmet|[of] p2a: Necrozma
|move|p2a: Necrozma|Stealth Rock|p1a: Necrozma
|-sidestart|p1: Vive Immortale|move: Stealth Rock
|
|upkeep
|turn|38
|
|t:|1662038758
|move|p1a: Necrozma|Moonlight|p1a: Necrozma
|-heal|p1a: Necrozma|92/100
|move|p2a: Necrozma|Knock Off|p1a: Necrozma
|-supereffective|p1a: Necrozma
|-damage|p1a: Necrozma|68/100
|
|upkeep
|turn|39
|
|t:|1662038763
|move|p1a: Necrozma|Sunsteel Strike|p2a: Necrozma
|-resisted|p2a: Necrozma
|-damage|p2a: Necrozma|0 fnt
|-damage|p1a: Necrozma|52/100|[from] item: Rocky Helmet|[of] p2a: Necrozma
|faint|p2a: Necrozma
|
|upkeep
|
|t:|1662038765
|switch|p2a: Zygarde|Zygarde, shiny|51/100
|-damage|p2a: Zygarde|45/100|[from] Stealth Rock
|turn|40
|
|t:|1662038770
|move|p2a: Zygarde|Thousand Arrows|p1a: Necrozma
|-supereffective|p1a: Necrozma
|-damage|p1a: Necrozma|18/100
|move|p1a: Necrozma|Sunsteel Strike|p2a: Zygarde
|-damage|p2a: Zygarde|0 fnt
|faint|p2a: Zygarde
|
|upkeep
|
|t:|1662038777
|switch|p2a: Lugia|Lugia, shiny|88/100 tox
|turn|41
|-message|World breaker Odin forfeited.
|
|win|Vive Immortale
|raw|Vive Immortale's rating: 1694 &rarr; <strong>1718</strong><br />(+24 for winning)
|raw|World breaker Odin's rating: 1768 &rarr; <strong>1744</strong><br />(-24 for losing)
|l|☆World breaker Odin
|l|☆Vive Immortale
||Ladder isn't responding, score probably updated but might not have (Request timeout).
