|j|☆iroeweuio
|j|☆SaintLaplace
|t:|1662171837
|gametype|singles
|player|p1|iroeweuio|266|1677
|player|p2|SaintLaplace|hilda-wonderlauncher|1670
|teamsize|p1|6
|teamsize|p2|6
|gen|8
|tier|[Gen 8] National Dex AG
|rated|
|rule|HP Percentage Mod: HP is shown in percentages
|rule|Endless Battle Clause: Forcing endless battles is banned
|clearpoke
|poke|p1|Chatot, M|
|poke|p1|Weavile, M|
|poke|p1|Giratina-Origin|
|poke|p1|Ditto|
|poke|p1|Breloom, M|
|poke|p1|Wobbuffet, F|
|poke|p2|Smeargle, F|
|poke|p2|Necrozma-Dusk-Mane|
|poke|p2|Marshadow|
|poke|p2|Groudon|
|poke|p2|Zygarde|
|poke|p2|Groudon|
|teampreview
|
|t:|1662171845
|start
|switch|p1a: Weavile|Weavile, M|100/100
|switch|p2a: Smeargle|Smeargle, F|100/100
|-ability|p1a: Weavile|Pressure
|turn|1
|
|t:|1662171848
|move|p1a: Weavile|Assist|p1a: Weavile
|move|p1a: Weavile|Spore|p2a: Smeargle|[from]move: Assist
|-status|p2a: Smeargle|slp|[from] move: Spore
|cant|p2a: Smeargle|slp
|
|upkeep
|turn|2
|
|t:|1662171851
|move|p1a: Weavile|Substitute|p1a: Weavile
|-start|p1a: Weavile|Substitute
|-damage|p1a: Weavile|76/100
|cant|p2a: Smeargle|slp
|
|-heal|p1a: Weavile|82/100|[from] item: Leftovers
|upkeep
|turn|3
|
|t:|1662171853
|move|p1a: Weavile|Triple Axel|p2a: Smeargle
|-damage|p2a: Smeargle|78/100 slp
|-damage|p2a: Smeargle|27/100 slp
|-hitcount|p2a: Smeargle|2
|cant|p2a: Smeargle|slp
|
|-heal|p1a: Weavile|88/100|[from] item: Leftovers
|upkeep
|turn|4
|
|t:|1662171859
|move|p1a: Weavile|Triple Axel|p2a: Smeargle
|-damage|p2a: Smeargle|3/100 slp
|-damage|p2a: Smeargle|0 fnt
|faint|p2a: Smeargle
|-hitcount|p2: Smeargle|2
|
|-heal|p1a: Weavile|94/100|[from] item: Leftovers
|upkeep
|
|t:|1662171870
|switch|p2a: Groudon|Groudon|100/100
|detailschange|p2a: Groudon|Groudon-Primal
|-primal|p2a: Groudon
|-weather|DesolateLand|[from] ability: Desolate Land|[of] p2a: Groudon
|turn|5
|
|t:|1662171874
|move|p1a: Weavile|Assist|p1a: Weavile
|move|p1a: Weavile|Spore|p2a: Groudon|[from]move: Assist
|-status|p2a: Groudon|slp|[from] move: Spore
|cant|p2a: Groudon|slp
|
|-weather|DesolateLand|[upkeep]
|-heal|p1a: Weavile|99/100|[from] item: Leftovers
|upkeep
|turn|6
|
|t:|1662171876
|move|p1a: Weavile|Swords Dance|p1a: Weavile
|-boost|p1a: Weavile|atk|2
|cant|p2a: Groudon|slp
|
|-weather|DesolateLand|[upkeep]
|-heal|p1a: Weavile|100/100|[from] item: Leftovers
|upkeep
|turn|7
|
|t:|1662171879
|move|p1a: Weavile|Triple Axel|p2a: Groudon
|-damage|p2a: Groudon|88/100 slp
|-damage|p2a: Groudon|62/100 slp
|-damage|p2a: Groudon|22/100 slp
|-hitcount|p2a: Groudon|3
|-curestatus|p2a: Groudon|slp|[msg]
|move|p2a: Groudon|Stealth Rock|p1a: Weavile
|-sidestart|p1: iroeweuio|move: Stealth Rock
|
|-weather|DesolateLand|[upkeep]
|upkeep
|turn|8
|
|t:|1662171884
|move|p1a: Weavile|Assist|p1a: Weavile
|move|p1a: Weavile|Spore|p2a: Groudon|[from]move: Assist
|-status|p2a: Groudon|slp|[from] move: Spore
|cant|p2a: Groudon|slp
|
|-weather|DesolateLand|[upkeep]
|upkeep
|turn|9
|
|t:|1662171887
|switch|p1a: Ditto|Ditto|100/100
|-damage|p1a: Ditto|88/100|[from] Stealth Rock
|-transform|p1a: Ditto|p2a: Groudon|[from] ability: Imposter
|cant|p2a: Groudon|slp
|
|-weather|DesolateLand|[upkeep]
|upkeep
|turn|10
|
|t:|1662171891
|move|p1a: Ditto|Stealth Rock|p2a: Groudon
|-sidestart|p2: SaintLaplace|move: Stealth Rock
|cant|p2a: Groudon|slp
|
|-weather|DesolateLand|[upkeep]
|upkeep
|turn|11
|
|t:|1662171893
|switch|p1a: Giratina|Giratina-Origin|100/100
|-damage|p1a: Giratina|88/100|[from] Stealth Rock
|-curestatus|p2a: Groudon|slp|[msg]
|move|p2a: Groudon|Precipice Blades|p1a: Giratina
|-immune|p1a: Giratina|[from] ability: Levitate
|
|-weather|DesolateLand|[upkeep]
|upkeep
|turn|12
|
|t:|1662171896
|-start|p1a: Giratina|Dynamax|
|-heal|p1a: Giratina|88/100|[silent]
|move|p1a: Giratina|Max Airstream|p2a: Groudon
|-damage|p2a: Groudon|0 fnt
|-boost|p1a: Giratina|spe|1
|faint|p2a: Groudon
|-weather|none
|
|upkeep
|
|t:|1662171905
|switch|p2a: Groudon|Groudon|100/100
|-damage|p2a: Groudon|94/100|[from] Stealth Rock
|-weather|SunnyDay|[from] ability: Drought|[of] p2a: Groudon
|turn|13
|
|t:|1662171920
|switch|p2a: Marshadow|Marshadow|100/100
|-damage|p2a: Marshadow|94/100|[from] Stealth Rock
|move|p1a: Giratina|Max Phantasm|p2a: Marshadow
|-supereffective|p2a: Marshadow
|-damage|p2a: Marshadow|0 fnt
|faint|p2a: Marshadow
|
|-weather|SunnyDay|[upkeep]
|upkeep
|c|☆SaintLaplace|Misclick
|c|☆SaintLaplace|GG
|-message|SaintLaplace forfeited.
|
|win|iroeweuio
|raw|iroeweuio's rating: 1677 &rarr; <strong>1697</strong><br />(+20 for winning)
|raw|SaintLaplace's rating: 1670 &rarr; <strong>1650</strong><br />(-20 for losing)
|l|☆SaintLaplace
|c|☆iroeweuio|damn.
||Ladder isn't responding, score probably updated but might not have (Request timeout).
