|j|☆Kiesling
|j|‽DarkboiJ
|t:|1665897032
|gametype|singles
|player|p1|Kiesling|psychic-gen2|1582
|player|p2|DarkboiJ|blue-gen3two|1891
|teamsize|p1|6
|teamsize|p2|6
|gen|8
|tier|[Gen 8] National Dex AG
|rated|
|rule|HP Percentage Mod: HP is shown in percentages
|rule|Endless Battle Clause: Forcing endless battles is banned
|clearpoke
|poke|p1|Arceus-*|
|poke|p1|Yveltal|
|poke|p1|Rayquaza|
|poke|p1|Calyrex-Shadow|
|poke|p1|Ditto|
|poke|p1|Zacian-*|
|poke|p2|Arceus-*|
|poke|p2|Groudon|
|poke|p2|Arceus-*|
|poke|p2|Ditto|
|poke|p2|Yveltal|
|poke|p2|Ho-Oh|
|teampreview
|inactive|Battle timer is ON: inactive players will automatically lose when time's up. (requested by Kiesling)
|inactive|DarkboiJ also wants the timer to be on.
|
|t:|1665897044
|start
|switch|p1a: Rayquaza|Rayquaza|100/100
|switch|p2a: Arceus|Arceus-Flying|100/100
|-ability|p1a: Rayquaza|Air Lock
|turn|1
|
|t:|1665897050
|switch|p1a: Arceus|Arceus-Ground|100/100
|move|p2a: Arceus|Judgment|p1a: Arceus
|-damage|p1a: Arceus|66/100
|
|upkeep
|turn|2
|
|t:|1665897053
|move|p2a: Arceus|Calm Mind|p2a: Arceus
|-boost|p2a: Arceus|spa|1
|-boost|p2a: Arceus|spd|1
|move|p1a: Arceus|Recover|p1a: Arceus
|-heal|p1a: Arceus|100/100
|
|upkeep
|turn|3
|
|t:|1665897057
|move|p2a: Arceus|Calm Mind|p2a: Arceus
|-boost|p2a: Arceus|spa|1
|-boost|p2a: Arceus|spd|1
|move|p1a: Arceus|Ice Beam|p2a: Arceus
|-supereffective|p2a: Arceus
|-damage|p2a: Arceus|80/100
|
|upkeep
|turn|4
|
|t:|1665897061
|move|p2a: Arceus|Judgment|p1a: Arceus
|-damage|p1a: Arceus|29/100
|move|p1a: Arceus|Ice Beam|p2a: Arceus
|-supereffective|p2a: Arceus
|-damage|p2a: Arceus|58/100
|
|upkeep
|turn|5
|
|t:|1665897068
|move|p2a: Arceus|Recover|p2a: Arceus
|-heal|p2a: Arceus|100/100
|move|p1a: Arceus|Ice Beam|p2a: Arceus
|-supereffective|p2a: Arceus
|-damage|p2a: Arceus|79/100
|
|upkeep
|turn|6
|
|t:|1665897072
|-start|p2a: Arceus|Dynamax|
|-heal|p2a: Arceus|79/100|[silent]
|move|p2a: Arceus|Max Airstream|p1a: Arceus
|-damage|p1a: Arceus|0 fnt
|-boost|p2a: Arceus|spe|1
|faint|p1a: Arceus
|
|upkeep
|
|t:|1665897087
|switch|p1a: Calyrex|Calyrex-Shadow|100/100
|-ability|p1a: Calyrex|As One
|-ability|p1a: Calyrex|Unnerve
|turn|7
|
|t:|1665897094
|move|p2a: Arceus|Max Airstream|p1a: Calyrex
|-enditem|p1a: Calyrex|Focus Sash
|-damage|p1a: Calyrex|1/100
|-boost|p2a: Arceus|spe|1
|move|p1a: Calyrex|Astral Barrage|p2a: Arceus
|-damage|p2a: Arceus|67/100
|
|upkeep
|turn|8
|
|t:|1665897112
|move|p2a: Arceus|Max Guard|p2a: Arceus
|-singleturn|p2a: Arceus|Max Guard
|move|p1a: Calyrex|Astral Barrage|p2a: Arceus
|-activate|p2a: Arceus|move: Max Guard
|
|upkeep
|-end|p2a: Arceus|Dynamax
|-heal|p2a: Arceus|67/100|[silent]
|turn|9
|
|t:|1665897128
|switch|p1a: Ditto|Ditto|100/100
|-transform|p1a: Ditto|p2a: Arceus|[from] ability: Imposter
|move|p2a: Arceus|Calm Mind|p2a: Arceus
|-boost|p2a: Arceus|spa|1
|-boost|p2a: Arceus|spd|1
|
|upkeep
|turn|10
|
|t:|1665897139
|switch|p1a: Zacian|Zacian-Crowned|100/100
|-ability|p1a: Zacian|Intrepid Sword|boost
|-boost|p1a: Zacian|atk|1
|move|p2a: Arceus|Judgment|p1a: Zacian
|-resisted|p1a: Zacian
|-damage|p1a: Zacian|45/100
|
|upkeep
|turn|11
|
|t:|1665897146
|move|p2a: Arceus|Judgment|p1a: Zacian
|-resisted|p1a: Zacian
|-damage|p1a: Zacian|0 fnt
|faint|p1a: Zacian
|
|upkeep
|
|t:|1665897148
|switch|p1a: Rayquaza|Rayquaza|100/100
|-ability|p1a: Rayquaza|Air Lock
|turn|12
|
|t:|1665897155
|detailschange|p1a: Rayquaza|Rayquaza-Mega
|-mega|p1a: Rayquaza|Rayquaza|
|-weather|DeltaStream|[from] ability: Delta Stream|[of] p1a: Rayquaza
|move|p2a: Arceus|Judgment|p1a: Rayquaza
|-enditem|p1a: Rayquaza|Focus Sash
|-damage|p1a: Rayquaza|1/100
|move|p1a: Rayquaza|Scale Shot|p2a: Arceus
|-damage|p2a: Arceus|54/100
|-damage|p2a: Arceus|42/100
|-hitcount|p2a: Arceus|2
|-unboost|p1a: Rayquaza|def|1
|-boost|p1a: Rayquaza|spe|1
|
|-weather|DeltaStream|[upkeep]
|upkeep
|turn|13
|
|t:|1665897165
|move|p1a: Rayquaza|Extreme Speed|p2a: Arceus
|-damage|p2a: Arceus|16/100
|move|p2a: Arceus|Judgment|p1a: Rayquaza
|-damage|p1a: Rayquaza|0 fnt
|faint|p1a: Rayquaza
|-weather|none
|
|upkeep
|
|t:|1665897172
|switch|p1a: Ditto|Ditto|100/100
|-transform|p1a: Ditto|p2a: Arceus|[from] ability: Imposter
|turn|14
|
|t:|1665897175
|move|p1a: Ditto|Judgment|p2a: Arceus
|-damage|p2a: Arceus|0 fnt
|faint|p2a: Arceus
|
|upkeep
|
|t:|1665897186
|switch|p2a: Ho-Oh|Ho-Oh|100/100
|turn|15
|
|t:|1665897197
|move|p1a: Ditto|Judgment|p2a: Ho-Oh
|-damage|p2a: Ho-Oh|61/100
|move|p2a: Ho-Oh|Tailwind|p2a: Ho-Oh
|-sidestart|p2: DarkboiJ|move: Tailwind
|
|upkeep
|turn|16
|
|t:|1665897204
|move|p1a: Ditto|Judgment|p2a: Ho-Oh
|-damage|p2a: Ho-Oh|20/100
|move|p2a: Ho-Oh|Sacred Fire|p1a: Ditto
|-crit|p1a: Ditto
|-damage|p1a: Ditto|20/100
|
|upkeep
|turn|17
|
|t:|1665897216
|move|p1a: Ditto|Judgment|p2a: Ho-Oh
|-damage|p2a: Ho-Oh|0 fnt
|faint|p2a: Ho-Oh
|
|upkeep
|
|t:|1665897220
|switch|p2a: Arceus|Arceus|100/100
|turn|18
|
|t:|1665897235
|switch|p1a: Calyrex|Calyrex-Shadow|1/100
|-ability|p1a: Calyrex|As One
|-ability|p1a: Calyrex|Unnerve
|move|p2a: Arceus|Swords Dance|p2a: Arceus
|-boost|p2a: Arceus|atk|2
|
|-sideend|p2: DarkboiJ|move: Tailwind
|upkeep
|turn|19
|
|t:|1665897251
|move|p1a: Calyrex|Psychic|p2a: Arceus
|-damage|p2a: Arceus|62/100
|move|p2a: Arceus|Shadow Claw|p1a: Calyrex
|-supereffective|p1a: Calyrex
|-crit|p1a: Calyrex
|-damage|p1a: Calyrex|0 fnt
|faint|p1a: Calyrex
|
|upkeep
|
|t:|1665897270
|switch|p1a: Ditto|Ditto|20/100
|-transform|p1a: Ditto|p2a: Arceus|[from] ability: Imposter
|turn|20
|
|t:|1665897277
|move|p1a: Ditto|Extreme Speed|p2a: Arceus
|-damage|p2a: Arceus|0 fnt
|faint|p2a: Arceus
|
|upkeep
|
|t:|1665897286
|switch|p2a: Groudon|Groudon|100/100
|detailschange|p2a: Groudon|Groudon-Primal
|-primal|p2a: Groudon
|-weather|DesolateLand|[from] ability: Desolate Land|[of] p2a: Groudon
|turn|21
|
|t:|1665897294
|move|p1a: Ditto|Extreme Speed|p2a: Groudon
|-damage|p2a: Groudon|48/100
|move|p2a: Groudon|Eruption|p1a: Ditto
|-damage|p1a: Ditto|0 fnt
|faint|p1a: Ditto
|
|-weather|DesolateLand|[upkeep]
|upkeep
|
|t:|1665897298
|switch|p1a: Yveltal|Yveltal|100/100
|-ability|p1a: Yveltal|Dark Aura
|turn|22
|
|t:|1665897313
|move|p2a: Groudon|Hidden Power|p1a: Yveltal
|-supereffective|p1a: Yveltal
|-damage|p1a: Yveltal|63/100
|move|p1a: Yveltal|Dark Pulse|p2a: Groudon
|-damage|p2a: Groudon|0 fnt
|faint|p2a: Groudon
|-weather|none
|-damage|p1a: Yveltal|53/100|[from] item: Life Orb
|
|upkeep
|
|t:|1665897322
|switch|p2a: Yveltal|Yveltal, shiny|100/100
|-ability|p2a: Yveltal|Dark Aura
|turn|23
|
|t:|1665897326
|-start|p1a: Yveltal|Dynamax|
|-heal|p1a: Yveltal|53/100|[silent]
|move|p2a: Yveltal|Oblivion Wing|p1a: Yveltal
|-damage|p1a: Yveltal|33/100
|move|p1a: Yveltal|Max Airstream|p2a: Yveltal
|-damage|p2a: Yveltal|44/100
|-boost|p1a: Yveltal|spe|1
|-damage|p1a: Yveltal|28/100|[from] item: Life Orb
|
|upkeep
|turn|24
|
|t:|1665897334
|move|p1a: Yveltal|Max Airstream|p2a: Yveltal
|-damage|p2a: Yveltal|0 fnt
|-boost|p1a: Yveltal|spe|1
|faint|p2a: Yveltal
|-damage|p1a: Yveltal|23/100|[from] item: Life Orb
|
|upkeep
|
|t:|1665897336
|switch|p2a: Ditto|Ditto, shiny|100/100
|-transform|p2a: Ditto|p1a: Yveltal|[from] ability: Imposter
|-ability|p2a: Ditto|Dark Aura
|turn|25
|
|t:|1665897341
|move|p2a: Ditto|Oblivion Wing|p1a: Yveltal
|-damage|p1a: Yveltal|2/100
|move|p1a: Yveltal|Max Airstream|p2a: Ditto
|-damage|p2a: Ditto|0 fnt
|-boost|p1a: Yveltal|spe|1
|faint|p2a: Ditto
|-damage|p1a: Yveltal|0 fnt|[from] item: Life Orb
|faint|p1a: Yveltal
|
|win|Kiesling
|raw|Kiesling's rating: 1582 &rarr; <strong>1616</strong><br />(+34 for winning)
|raw|DarkboiJ's rating: 1891 &rarr; <strong>1857</strong><br />(-34 for losing)
|l|‽DarkboiJ
|c|☆Kiesling|ez
