|j|☆Txapos
|j|☆Lord Rekkuza
|inactive|Battle timer is ON: inactive players will automatically lose when time's up.
|t:|1662826368
|gametype|singles
|player|p1|Txapos|biker|
|player|p2|Lord Rekkuza|lance-masters|
|teamsize|p1|6
|teamsize|p2|6
|gen|8
|tier|[Gen 8] National Dex AG
|rated|Tournament battle
|rule|HP Percentage Mod: HP is shown in percentages
|rule|Endless Battle Clause: Forcing endless battles is banned
|clearpoke
|poke|p1|Eternatus|
|poke|p1|Calyrex-Shadow|
|poke|p1|Necrozma-Dusk-Mane|
|poke|p1|Kyogre|
|poke|p1|Marshadow|
|poke|p1|Yveltal|
|poke|p2|Chansey, F|
|poke|p2|Arceus-*|
|poke|p2|Necrozma-Dusk-Mane|
|poke|p2|Arceus-*|
|poke|p2|Yveltal|
|poke|p2|Arceus-*|
|teampreview
|
|t:|1662826384
|start
|switch|p1a: Calyrex|Calyrex-Shadow|100/100
|switch|p2a: Arceus|Arceus-Dark|100/100
|-ability|p1a: Calyrex|As One
|-ability|p1a: Calyrex|Unnerve
|turn|1
|
|t:|1662826404
|switch|p1a: Marshadow|Marshadow|100/100
|move|p2a: Arceus|Judgment|p1a: Marshadow
|-damage|p1a: Marshadow|49/100
|
|upkeep
|turn|2
|
|t:|1662826419
|switch|p2a: Arceus|Arceus-Water|100/100
|-start|p1a: Marshadow|Dynamax|
|-heal|p1a: Marshadow|49/100|[silent]
|move|p1a: Marshadow|Max Knuckle|p2a: Arceus
|-damage|p2a: Arceus|78/100
|-boost|p1a: Marshadow|atk|1
|
|upkeep
|turn|3
|inactive|Lord Rekkuza has 120 seconds left.
|
|t:|1662826456
|move|p1a: Marshadow|Max Phantasm|p2a: Arceus
|-damage|p2a: Arceus|46/100
|-unboost|p2a: Arceus|def|1
|move|p2a: Arceus|Toxic|p1a: Marshadow
|-status|p1a: Marshadow|tox
|
|-damage|p1a: Marshadow|46/100 tox|[from] psn
|upkeep
|turn|4
|inactive|Lord Rekkuza has 120 seconds left.
|
|t:|1662826488
|-start|p2a: Arceus|Dynamax|
|-heal|p2a: Arceus|46/100|[silent]
|move|p2a: Arceus|Max Guard|p2a: Arceus
|-singleturn|p2a: Arceus|Max Guard
|move|p1a: Marshadow|Max Knuckle|p2a: Arceus
|-activate|p2a: Arceus|move: Max Guard
|
|-damage|p1a: Marshadow|40/100 tox|[from] psn
|upkeep
|-end|p1a: Marshadow|Dynamax
|-heal|p1a: Marshadow|40/100 tox|[silent]
|turn|5
|inactive|Txapos has 120 seconds left.
|inactive|Txapos has 90 seconds left.
|
|t:|1662826541
|move|p1a: Marshadow|Close Combat|p2a: Arceus
|-damage|p2a: Arceus|0 fnt
|-unboost|p1a: Marshadow|def|1
|-unboost|p1a: Marshadow|spd|1
|faint|p2a: Arceus
|
|-damage|p1a: Marshadow|21/100 tox|[from] psn
|upkeep
|
|t:|1662826550
|switch|p2a: Arceus|Arceus-Fairy|100/100
|turn|6
|
|t:|1662826563
|switch|p1a: Necrozma|Necrozma-Dusk-Mane|100/100
|move|p2a: Arceus|Recover||[still]
|-fail|p2a: Arceus|heal
|
|upkeep
|turn|7
|inactive|Lord Rekkuza has 120 seconds left.
|
|t:|1662826570
|switch|p2a: Arceus|Arceus-Dark|100/100
|move|p1a: Necrozma|Stealth Rock|p2a: Arceus
|-sidestart|p2: Lord Rekkuza|move: Stealth Rock
|
|upkeep
|turn|8
|inactive|Txapos has 90 seconds left.
|
|t:|1662826598
|switch|p1a: Kyogre|Kyogre|100/100
|-weather|RainDance|[from] ability: Drizzle|[of] p1a: Kyogre
|move|p2a: Arceus|Judgment|p1a: Kyogre
|-damage|p1a: Kyogre|71/100
|
|-weather|RainDance|[upkeep]
|-heal|p1a: Kyogre|77/100|[from] item: Leftovers
|upkeep
|turn|9
|inactive|Txapos has 90 seconds left.
|
|t:|1662826613
|switch|p2a: Chansey|Chansey, F|100/100
|-damage|p2a: Chansey|88/100|[from] Stealth Rock
|move|p1a: Kyogre|Calm Mind|p1a: Kyogre
|-boost|p1a: Kyogre|spa|1
|-boost|p1a: Kyogre|spd|1
|
|-weather|RainDance|[upkeep]
|-heal|p1a: Kyogre|83/100|[from] item: Leftovers
|upkeep
|turn|10
|
|t:|1662826624
|move|p1a: Kyogre|Calm Mind|p1a: Kyogre
|-boost|p1a: Kyogre|spa|1
|-boost|p1a: Kyogre|spd|1
|move|p2a: Chansey|Toxic|p1a: Kyogre
|-status|p1a: Kyogre|tox
|
|-weather|RainDance|[upkeep]
|-heal|p1a: Kyogre|89/100 tox|[from] item: Leftovers
|-damage|p1a: Kyogre|83/100 tox|[from] psn
|upkeep
|turn|11
|
|t:|1662826642
|move|p1a: Kyogre|Rest|p1a: Kyogre
|-status|p1a: Kyogre|slp|[from] move: Rest
|-heal|p1a: Kyogre|100/100 slp|[silent]
|move|p2a: Chansey|Confide|p1a: Kyogre
|-unboost|p1a: Kyogre|spa|1
|
|-weather|RainDance|[upkeep]
|upkeep
|turn|12
|
|t:|1662826652
|cant|p1a: Kyogre|slp
|move|p2a: Chansey|Confide|p1a: Kyogre
|-unboost|p1a: Kyogre|spa|1
|
|-weather|none
|upkeep
|turn|13
|inactive|Lord Rekkuza has 120 seconds left.
|
|t:|1662826692
|switch|p2a: Arceus|Arceus-Fairy|100/100
|-damage|p2a: Arceus|88/100|[from] Stealth Rock
|cant|p1a: Kyogre|slp
|
|upkeep
|turn|14
|inactive|Txapos has 90 seconds left.
|
|t:|1662826699
|move|p2a: Arceus|Calm Mind|p2a: Arceus
|-boost|p2a: Arceus|spa|1
|-boost|p2a: Arceus|spd|1
|-curestatus|p1a: Kyogre|slp|[msg]
|move|p1a: Kyogre|Calm Mind|p1a: Kyogre
|-boost|p1a: Kyogre|spa|1
|-boost|p1a: Kyogre|spd|1
|
|upkeep
|turn|15
|
|t:|1662826708
|move|p2a: Arceus|Calm Mind|p2a: Arceus
|-boost|p2a: Arceus|spa|1
|-boost|p2a: Arceus|spd|1
|move|p1a: Kyogre|Scald|p2a: Arceus
|-damage|p2a: Arceus|73/100
|-status|p2a: Arceus|brn
|
|-damage|p2a: Arceus|66/100 brn|[from] brn
|upkeep
|turn|16
|
|t:|1662826719
|switch|p1a: Necrozma|Necrozma-Dusk-Mane|100/100
|move|p2a: Arceus|Recover|p2a: Arceus
|-heal|p2a: Arceus|100/100 brn
|
|-damage|p2a: Arceus|94/100 brn|[from] brn
|upkeep
|turn|17
|
|t:|1662826729
|switch|p2a: Arceus|Arceus-Dark|100/100
|-damage|p2a: Arceus|88/100|[from] Stealth Rock
|move|p1a: Necrozma|Sunsteel Strike|p2a: Arceus
|-damage|p2a: Arceus|62/100
|
|upkeep
|turn|18
|
|t:|1662826738
|switch|p1a: Kyogre|Kyogre|100/100
|-weather|RainDance|[from] ability: Drizzle|[of] p1a: Kyogre
|move|p2a: Arceus|Judgment|p1a: Kyogre
|-damage|p1a: Kyogre|70/100
|
|-weather|RainDance|[upkeep]
|-heal|p1a: Kyogre|76/100|[from] item: Leftovers
|upkeep
|turn|19
|
|t:|1662826749
|switch|p2a: Chansey|Chansey, F|88/100
|-damage|p2a: Chansey|76/100|[from] Stealth Rock
|move|p1a: Kyogre|Calm Mind|p1a: Kyogre
|-boost|p1a: Kyogre|spa|1
|-boost|p1a: Kyogre|spd|1
|
|-weather|RainDance|[upkeep]
|-heal|p1a: Kyogre|82/100|[from] item: Leftovers
|upkeep
|turn|20
|
|t:|1662826760
|move|p1a: Kyogre|Scald|p2a: Chansey
|-damage|p2a: Chansey|53/100
|move|p2a: Chansey|Confide|p1a: Kyogre
|-unboost|p1a: Kyogre|spa|1
|
|-weather|RainDance|[upkeep]
|-heal|p1a: Kyogre|89/100|[from] item: Leftovers
|upkeep
|turn|21
|
|t:|1662826769
|move|p1a: Kyogre|Scald|p2a: Chansey
|-damage|p2a: Chansey|36/100
|move|p2a: Chansey|Soft-Boiled|p2a: Chansey
|-heal|p2a: Chansey|86/100
|
|-weather|RainDance|[upkeep]
|-heal|p1a: Kyogre|95/100|[from] item: Leftovers
|upkeep
|turn|22
|
|t:|1662826784
|switch|p1a: Marshadow|Marshadow|21/100 tox
|move|p2a: Chansey|Toxic|p1a: Marshadow|[miss]
|-miss|p2a: Chansey|p1a: Marshadow
|
|-weather|none
|-damage|p1a: Marshadow|15/100 tox|[from] psn
|upkeep
|turn|23
|
|t:|1662826796
|switch|p2a: Arceus|Arceus-Fairy|94/100 brn
|-damage|p2a: Arceus|82/100 brn|[from] Stealth Rock
|move|p1a: Marshadow|Close Combat|p2a: Arceus
|-resisted|p2a: Arceus
|-damage|p2a: Arceus|56/100 brn
|-unboost|p1a: Marshadow|def|1
|-unboost|p1a: Marshadow|spd|1
|
|-damage|p1a: Marshadow|2/100 tox|[from] psn
|-damage|p2a: Arceus|50/100 brn|[from] brn
|upkeep
|turn|24
|
|t:|1662826816
|switch|p1a: Necrozma|Necrozma-Dusk-Mane|100/100
|move|p2a: Arceus|Recover|p2a: Arceus
|-heal|p2a: Arceus|99/100 brn
|
|-damage|p2a: Arceus|94/100 brn|[from] brn
|upkeep
|turn|25
|
|t:|1662826836
|switch|p2a: Arceus|Arceus-Dark|62/100
|-damage|p2a: Arceus|50/100|[from] Stealth Rock
|move|p1a: Necrozma|Sunsteel Strike|p2a: Arceus
|-damage|p2a: Arceus|21/100
|
|upkeep
|turn|26
|inactive|Txapos has 90 seconds left.
|
|t:|1662826852
|switch|p1a: Kyogre|Kyogre|95/100
|-weather|RainDance|[from] ability: Drizzle|[of] p1a: Kyogre
|move|p2a: Arceus|Recover|p2a: Arceus
|-heal|p2a: Arceus|71/100
|
|-weather|RainDance|[upkeep]
|-heal|p1a: Kyogre|100/100|[from] item: Leftovers
|upkeep
|turn|27
|inactive|Txapos has 90 seconds left.
|
|t:|1662826863
|switch|p2a: Chansey|Chansey, F|86/100
|-damage|p2a: Chansey|74/100|[from] Stealth Rock
|move|p1a: Kyogre|Scald|p2a: Chansey
|-damage|p2a: Chansey|57/100
|
|-weather|RainDance|[upkeep]
|upkeep
|turn|28
|
|t:|1662826875
|move|p1a: Kyogre|Scald|p2a: Chansey
|-damage|p2a: Chansey|41/100
|move|p2a: Chansey|Soft-Boiled|p2a: Chansey
|-heal|p2a: Chansey|91/100
|
|-weather|RainDance|[upkeep]
|upkeep
|turn|29
|inactive|Txapos has 90 seconds left.
|
|t:|1662826895
|switch|p1a: Eternatus|Eternatus|100/100
|-ability|p1a: Eternatus|Pressure
|move|p2a: Chansey|Toxic|p1a: Eternatus
|-immune|p1a: Eternatus
|
|-weather|RainDance|[upkeep]
|upkeep
|turn|30
|inactive|Txapos has 90 seconds left.
|
|t:|1662826914
|move|p1a: Eternatus|Toxic|p2a: Chansey
|-status|p2a: Chansey|tox
|move|p2a: Chansey|Confide|p1a: Eternatus
|-unboost|p1a: Eternatus|spa|1
|
|-weather|none
|-damage|p2a: Chansey|85/100 tox|[from] psn
|upkeep
|turn|31
|inactive|Txapos has 90 seconds left.
|
|t:|1662826938
|switch|p1a: Necrozma|Necrozma-Dusk-Mane|100/100
|move|p2a: Chansey|Aromatherapy|p2a: Chansey
|-activate|p2a: Chansey|move: Aromatherapy
|-curestatus|p2a: Chansey|tox|[msg]
|-curestatus|p2: Arceus|brn|[msg]
|
|upkeep
|turn|32
|
|t:|1662826949
|switch|p2a: Arceus|Arceus-Dark|71/100
|-damage|p2a: Arceus|58/100|[from] Stealth Rock
|move|p1a: Necrozma|Earthquake|p2a: Arceus
|-damage|p2a: Arceus|39/100
|
|upkeep
|turn|33
|
|t:|1662826961
|move|p2a: Arceus|Recover|p2a: Arceus
|-heal|p2a: Arceus|89/100
|move|p1a: Necrozma|Sunsteel Strike|p2a: Arceus
|-damage|p2a: Arceus|61/100
|
|upkeep
|turn|34
|
|t:|1662826976
|switch|p1a: Yveltal|Yveltal|100/100
|-ability|p1a: Yveltal|Dark Aura
|move|p2a: Arceus|Defog|p1a: Yveltal
|-unboost|p1a: Yveltal|evasion|1
|-sideend|p2: Lord Rekkuza|Stealth Rock|[from] move: Defog|[of] p2a: Arceus
|
|upkeep
|turn|35
|
|t:|1662826998
|switch|p2a: Yveltal|Yveltal, shiny|100/100
|-ability|p2a: Yveltal|Dark Aura
|move|p1a: Yveltal|U-turn|p2a: Yveltal
|-damage|p2a: Yveltal|82/100
|
|t:|1662827013
|switch|p1a: Kyogre|Kyogre|100/100|[from]move: U-turn
|-weather|RainDance|[from] ability: Drizzle|[of] p1a: Kyogre
|
|-weather|RainDance|[upkeep]
|upkeep
|turn|36
|
|t:|1662827027
|switch|p2a: Chansey|Chansey, F|85/100
|move|p1a: Kyogre|Calm Mind|p1a: Kyogre
|-boost|p1a: Kyogre|spa|1
|-boost|p1a: Kyogre|spd|1
|
|-weather|RainDance|[upkeep]
|upkeep
|turn|37
|
|t:|1662827038
|move|p1a: Kyogre|Scald|p2a: Chansey
|-damage|p2a: Chansey|62/100
|move|p2a: Chansey|Confide|p1a: Kyogre
|-unboost|p1a: Kyogre|spa|1
|
|-weather|RainDance|[upkeep]
|upkeep
|turn|38
|
|t:|1662827047
|move|p1a: Kyogre|Ice Beam|p2a: Chansey
|-damage|p2a: Chansey|53/100
|move|p2a: Chansey|Soft-Boiled|p2a: Chansey
|-heal|p2a: Chansey|100/100
|
|-weather|RainDance|[upkeep]
|upkeep
|turn|39
|
|t:|1662827057
|move|p1a: Kyogre|Scald|p2a: Chansey
|-damage|p2a: Chansey|84/100
|move|p2a: Chansey|Toxic|p1a: Kyogre
|-status|p1a: Kyogre|tox
|
|-weather|none
|-damage|p1a: Kyogre|94/100 tox|[from] psn
|upkeep
|turn|40
|inactive|Lord Rekkuza has 120 seconds left.
|
|t:|1662827106
|switch|p2a: Arceus|Arceus-Dark|61/100
|move|p1a: Kyogre|Calm Mind|p1a: Kyogre
|-boost|p1a: Kyogre|spa|1
|-boost|p1a: Kyogre|spd|1
|
|-heal|p1a: Kyogre|100/100 tox|[from] item: Leftovers
|-damage|p1a: Kyogre|88/100 tox|[from] psn
|upkeep
|turn|41
|
|t:|1662827118
|move|p2a: Arceus|Recover|p2a: Arceus
|-heal|p2a: Arceus|100/100
|move|p1a: Kyogre|Scald|p2a: Arceus
|-damage|p2a: Arceus|60/100
|
|-heal|p1a: Kyogre|94/100 tox|[from] item: Leftovers
|-damage|p1a: Kyogre|76/100 tox|[from] psn
|upkeep
|turn|42
|
|t:|1662827128
|switch|p2a: Chansey|Chansey, F|84/100
|move|p1a: Kyogre|Rest|p1a: Kyogre
|-status|p1a: Kyogre|slp|[from] move: Rest
|-heal|p1a: Kyogre|100/100 slp|[silent]
|
|upkeep
|turn|43
|inactive|Lord Rekkuza has 120 seconds left.
|
|t:|1662827138
|switch|p2a: Necrozma|Necrozma-Dusk-Mane|100/100
|cant|p1a: Kyogre|slp
|
|upkeep
|turn|44
|inactive|Txapos has 90 seconds left.
|
|t:|1662827149
|cant|p1a: Kyogre|slp
|move|p2a: Necrozma|Stealth Rock|p1a: Kyogre
|-sidestart|p1: Txapos|move: Stealth Rock
|
|upkeep
|turn|45
|inactive|Txapos has 90 seconds left.
|
|t:|1662827154
|switch|p2a: Chansey|Chansey, F|84/100
|-curestatus|p1a: Kyogre|slp|[msg]
|move|p1a: Kyogre|Scald|p2a: Chansey
|-damage|p2a: Chansey|68/100
|
|upkeep
|turn|46
|
|t:|1662827165
|move|p1a: Kyogre|Calm Mind|p1a: Kyogre
|-boost|p1a: Kyogre|spa|1
|-boost|p1a: Kyogre|spd|1
|move|p2a: Chansey|Confide|p1a: Kyogre
|-unboost|p1a: Kyogre|spa|1
|
|upkeep
|turn|47
|
|t:|1662827173
|move|p1a: Kyogre|Calm Mind|p1a: Kyogre
|-boost|p1a: Kyogre|spa|1
|-boost|p1a: Kyogre|spd|1
|move|p2a: Chansey|Confide|p1a: Kyogre
|-unboost|p1a: Kyogre|spa|1
|
|upkeep
|turn|48
|j| smoolic alt
|
|t:|1662827186
|move|p1a: Kyogre|Ice Beam|p2a: Chansey
|-damage|p2a: Chansey|55/100
|move|p2a: Chansey|Confide|p1a: Kyogre
|-unboost|p1a: Kyogre|spa|1
|
|upkeep
|turn|49
|
|t:|1662827193
|move|p1a: Kyogre|Ice Beam|p2a: Chansey
|-damage|p2a: Chansey|47/100
|-status|p2a: Chansey|frz
|-curestatus|p2a: Chansey|frz|[msg]
|move|p2a: Chansey|Soft-Boiled|p2a: Chansey
|-heal|p2a: Chansey|97/100
|
|upkeep
|turn|50
|c| smoolic alt|casually scouting
|c|☆Lord Rekkuza|Mhm
|
|t:|1662827221
|move|p1a: Kyogre|Ice Beam|p2a: Chansey
|-damage|p2a: Chansey|89/100
|move|p2a: Chansey|Toxic|p1a: Kyogre
|-status|p1a: Kyogre|tox
|
|-damage|p1a: Kyogre|94/100 tox|[from] psn
|upkeep
|turn|51
|
|t:|1662827236
|switch|p2a: Arceus|Arceus-Dark|60/100
|move|p1a: Kyogre|Calm Mind|p1a: Kyogre
|-boost|p1a: Kyogre|spa|1
|-boost|p1a: Kyogre|spd|1
|
|-heal|p1a: Kyogre|100/100 tox|[from] item: Leftovers
|-damage|p1a: Kyogre|88/100 tox|[from] psn
|upkeep
|turn|52
|
|t:|1662827247
|move|p2a: Arceus|Recover|p2a: Arceus
|-heal|p2a: Arceus|100/100
|move|p1a: Kyogre|Scald|p2a: Arceus
|-damage|p2a: Arceus|59/100
|
|-heal|p1a: Kyogre|94/100 tox|[from] item: Leftovers
|-damage|p1a: Kyogre|76/100 tox|[from] psn
|upkeep
|turn|53
|
|t:|1662827260
|switch|p2a: Chansey|Chansey, F|89/100
|move|p1a: Kyogre|Rest|p1a: Kyogre
|-status|p1a: Kyogre|slp|[from] move: Rest
|-heal|p1a: Kyogre|100/100 slp|[silent]
|
|upkeep
|turn|54
|
|t:|1662827272
|switch|p2a: Arceus|Arceus-Fairy|94/100
|cant|p1a: Kyogre|slp
|
|upkeep
|turn|55
|
|t:|1662827280
|cant|p1a: Kyogre|slp
|move|p2a: Arceus|Roar|p1a: Kyogre
|drag|p1a: Necrozma|Necrozma-Dusk-Mane|100/100
|-damage|p1a: Necrozma|94/100|[from] Stealth Rock
|
|upkeep
|turn|56
|inactive|Txapos has 120 seconds left.
|
|t:|1662827290
|switch|p2a: Arceus|Arceus-Dark|59/100
|move|p1a: Necrozma|Stealth Rock|p2a: Arceus
|-sidestart|p2: Lord Rekkuza|move: Stealth Rock
|
|upkeep
|turn|57
|inactive|Txapos has 120 seconds left.
|
|t:|1662827308
|switch|p1a: Eternatus|Eternatus|100/100
|-ability|p1a: Eternatus|Pressure
|move|p2a: Arceus|Defog|p1a: Eternatus
|-unboost|p1a: Eternatus|evasion|1
|-sideend|p1: Txapos|Stealth Rock|[from] move: Defog|[of] p2a: Arceus
|-sideend|p2: Lord Rekkuza|Stealth Rock|[from] move: Defog|[of] p2a: Arceus
|
|upkeep
|turn|58
|inactive|Txapos has 120 seconds left.
|
|t:|1662827328
|switch|p2a: Yveltal|Yveltal, shiny|82/100
|-ability|p2a: Yveltal|Dark Aura
|move|p1a: Eternatus|Dynamax Cannon|p2a: Yveltal
|-damage|p2a: Yveltal|57/100
|
|upkeep
|turn|59
|
|t:|1662827340
|move|p1a: Eternatus|Toxic|p2a: Yveltal
|-status|p2a: Yveltal|tox
|move|p2a: Yveltal|Roost|p2a: Yveltal
|-heal|p2a: Yveltal|100/100 tox
|-singleturn|p2a: Yveltal|move: Roost
|
|-damage|p2a: Yveltal|94/100 tox|[from] psn
|upkeep
|turn|60
|
|t:|1662827366
|move|p1a: Eternatus|Mystical Fire|p2a: Yveltal
|-damage|p2a: Yveltal|81/100 tox
|-unboost|p2a: Yveltal|spa|1
|move|p2a: Yveltal|Knock Off|p1a: Eternatus
|-damage|p1a: Eternatus|56/100
|-enditem|p1a: Eternatus|Heavy-Duty Boots|[from] move: Knock Off|[of] p2a: Yveltal
|
|-damage|p2a: Yveltal|68/100 tox|[from] psn
|upkeep
|turn|61
|
|t:|1662827377
|switch|p2a: Chansey|Chansey, F|89/100
|move|p1a: Eternatus|Recover|p1a: Eternatus
|-heal|p1a: Eternatus|100/100
|
|upkeep
|turn|62
|
|t:|1662827394
|switch|p1a: Calyrex|Calyrex-Shadow|100/100
|-ability|p1a: Calyrex|As One
|-ability|p1a: Calyrex|Unnerve
|switch|p2a: Arceus|Arceus-Fairy|94/100
|
|upkeep
|turn|63
|
|t:|1662827409
|move|p1a: Calyrex|Astral Barrage|p2a: Arceus
|-damage|p2a: Arceus|52/100
|move|p2a: Arceus|Roar|p1a: Calyrex
|drag|p1a: Yveltal|Yveltal|100/100
|-ability|p1a: Yveltal|Dark Aura
|
|upkeep
|turn|64
|
|t:|1662827421
|move|p2a: Arceus|Recover|p2a: Arceus
|-heal|p2a: Arceus|100/100
|move|p1a: Yveltal|Knock Off|p2a: Arceus
|-resisted|p2a: Arceus
|-damage|p2a: Arceus|88/100
|
|upkeep
|turn|65
|
|t:|1662827429
|move|p2a: Arceus|Judgment|p1a: Yveltal
|-supereffective|p1a: Yveltal
|-damage|p1a: Yveltal|44/100
|move|p1a: Yveltal|U-turn|p2a: Arceus
|-resisted|p2a: Arceus
|-damage|p2a: Arceus|82/100
|
|t:|1662827437
|switch|p1a: Necrozma|Necrozma-Dusk-Mane|94/100|[from]move: U-turn
|
|upkeep
|turn|66
|
|t:|1662827445
|switch|p2a: Arceus|Arceus-Dark|59/100
|move|p1a: Necrozma|Stealth Rock|p2a: Arceus
|-sidestart|p2: Lord Rekkuza|move: Stealth Rock
|
|upkeep
|turn|67
|
|t:|1662827455
|move|p2a: Arceus|Recover|p2a: Arceus
|-heal|p2a: Arceus|100/100
|move|p1a: Necrozma|Sunsteel Strike|p2a: Arceus
|-crit|p2a: Arceus
|-damage|p2a: Arceus|62/100
|
|upkeep
|turn|68
|inactive|Txapos has 120 seconds left.
|
|t:|1662827472
|switch|p1a: Yveltal|Yveltal|44/100
|-ability|p1a: Yveltal|Dark Aura
|move|p2a: Arceus|Judgment|p1a: Yveltal
|-resisted|p1a: Yveltal
|-damage|p1a: Yveltal|25/100
|
|upkeep
|turn|69
|
|t:|1662827481
|switch|p2a: Arceus|Arceus-Fairy|82/100
|-damage|p2a: Arceus|70/100|[from] Stealth Rock
|move|p1a: Yveltal|Roost|p1a: Yveltal
|-heal|p1a: Yveltal|75/100
|-singleturn|p1a: Yveltal|move: Roost
|
|upkeep
|turn|70
|inactive|Txapos has 120 seconds left.
|
|t:|1662827496
|move|p2a: Arceus|Judgment|p1a: Yveltal
|-supereffective|p1a: Yveltal
|-damage|p1a: Yveltal|15/100
|move|p1a: Yveltal|U-turn|p2a: Arceus
|-resisted|p2a: Arceus
|-damage|p2a: Arceus|63/100
|
|t:|1662827513
|switch|p1a: Necrozma|Necrozma-Dusk-Mane|94/100|[from]move: U-turn
|
|upkeep
|turn|71
|
|t:|1662827522
|switch|p2a: Arceus|Arceus-Dark|62/100
|-damage|p2a: Arceus|50/100|[from] Stealth Rock
|move|p1a: Necrozma|Sunsteel Strike|p2a: Arceus
|-damage|p2a: Arceus|24/100
|
|upkeep
|turn|72
|
|t:|1662827548
|move|p2a: Arceus|Recover|p2a: Arceus
|-heal|p2a: Arceus|74/100
|move|p1a: Necrozma|Sunsteel Strike|p2a: Arceus
|-damage|p2a: Arceus|45/100
|
|upkeep
|turn|73
|
|t:|1662827557
|switch|p1a: Kyogre|Kyogre|100/100 slp
|-weather|RainDance|[from] ability: Drizzle|[of] p1a: Kyogre
|move|p2a: Arceus|Recover|p2a: Arceus
|-heal|p2a: Arceus|96/100
|
|-weather|RainDance|[upkeep]
|upkeep
|turn|74
|
|t:|1662827566
|switch|p2a: Chansey|Chansey, F|89/100
|-damage|p2a: Chansey|77/100|[from] Stealth Rock
|-curestatus|p1a: Kyogre|slp|[msg]
|move|p1a: Kyogre|Calm Mind|p1a: Kyogre
|-boost|p1a: Kyogre|spa|1
|-boost|p1a: Kyogre|spd|1
|
|-weather|RainDance|[upkeep]
|upkeep
|turn|75
|inactive|Lord Rekkuza has 120 seconds left.
|
|t:|1662827597
|move|p1a: Kyogre|Ice Beam|p2a: Chansey
|-crit|p2a: Chansey
|-damage|p2a: Chansey|58/100
|move|p2a: Chansey|Confide|p1a: Kyogre
|-unboost|p1a: Kyogre|spa|1
|
|-weather|RainDance|[upkeep]
|upkeep
|turn|76
|
|t:|1662827607
|move|p1a: Kyogre|Ice Beam|p2a: Chansey
|-damage|p2a: Chansey|50/100
|move|p2a: Chansey|Soft-Boiled|p2a: Chansey
|-heal|p2a: Chansey|99/100
|
|-weather|RainDance|[upkeep]
|upkeep
|turn|77
|
|t:|1662827618
|switch|p1a: Calyrex|Calyrex-Shadow|100/100
|-ability|p1a: Calyrex|As One
|-ability|p1a: Calyrex|Unnerve
|move|p2a: Chansey|Toxic|p1a: Calyrex
|-status|p1a: Calyrex|tox
|
|-weather|none
|-damage|p1a: Calyrex|94/100 tox|[from] psn
|upkeep
|turn|78
|inactive|Txapos has 120 seconds left.
|
|t:|1662827631
|switch|p2a: Arceus|Arceus-Dark|96/100
|-damage|p2a: Arceus|83/100|[from] Stealth Rock
|move|p1a: Calyrex|Trick||[still]
|-fail|p1a: Calyrex
|
|-damage|p1a: Calyrex|82/100 tox|[from] psn
|upkeep
|turn|79
|inactive|Txapos has 120 seconds left.
|
|t:|1662827646
|switch|p1a: Kyogre|Kyogre|100/100
|-weather|RainDance|[from] ability: Drizzle|[of] p1a: Kyogre
|move|p2a: Arceus|Defog|p1a: Kyogre
|-unboost|p1a: Kyogre|evasion|1
|-sideend|p2: Lord Rekkuza|Stealth Rock|[from] move: Defog|[of] p2a: Arceus
|
|-weather|RainDance|[upkeep]
|upkeep
|turn|80
|inactive|Txapos has 120 seconds left.
|inactive|Lord Rekkuza has 120 seconds left.
|
|t:|1662827695
|switch|p2a: Chansey|Chansey, F|99/100
|switch|p1a: Calyrex|Calyrex-Shadow|82/100 tox
|-ability|p1a: Calyrex|As One
|-ability|p1a: Calyrex|Unnerve
|
|-weather|RainDance|[upkeep]
|-damage|p1a: Calyrex|76/100 tox|[from] psn
|upkeep
|turn|81
|
|t:|1662827708
|switch|p2a: Arceus|Arceus-Dark|83/100
|move|p1a: Calyrex|Aromatherapy|p1a: Calyrex
|-activate|p1a: Calyrex|move: Aromatherapy
|-curestatus|p1a: Calyrex|tox|[msg]
|-curestatus|p1: Marshadow|tox|[msg]
|
|-weather|RainDance|[upkeep]
|upkeep
|turn|82
|inactive|Lord Rekkuza has 90 seconds left.
|
|t:|1662827745
|switch|p1a: Eternatus|Eternatus|100/100
|-ability|p1a: Eternatus|Pressure
|move|p2a: Arceus|Judgment|p1a: Eternatus
|-damage|p1a: Eternatus|72/100
|
|-weather|RainDance|[upkeep]
|upkeep
|turn|83
|inactive|Lord Rekkuza has 90 seconds left.
|
|t:|1662827761
|switch|p2a: Arceus|Arceus-Fairy|63/100
|move|p1a: Eternatus|Toxic|p2a: Arceus
|-status|p2a: Arceus|tox
|
|-weather|none
|-damage|p2a: Arceus|57/100 tox|[from] psn
|upkeep
|turn|84
|inactive|Txapos has 90 seconds left.
|
|t:|1662827788
|switch|p1a: Necrozma|Necrozma-Dusk-Mane|94/100
|move|p2a: Arceus|Recover|p2a: Arceus
|-heal|p2a: Arceus|100/100 tox
|
|-damage|p2a: Arceus|88/100 tox|[from] psn
|upkeep
|turn|85
|inactive|Txapos has 90 seconds left.
|
|t:|1662827798
|switch|p2a: Arceus|Arceus-Dark|83/100
|move|p1a: Necrozma|Sunsteel Strike|p2a: Arceus
|-damage|p2a: Arceus|58/100
|
|upkeep
|turn|86
|inactive|Txapos has 90 seconds left.
|
|t:|1662827811
|move|p2a: Arceus|Recover|p2a: Arceus
|-heal|p2a: Arceus|100/100
|move|p1a: Necrozma|Earthquake|p2a: Arceus
|-damage|p2a: Arceus|83/100
|
|upkeep
|turn|87
|inactive|Lord Rekkuza has 90 seconds left.
|
|t:|1662827832
|switch|p1a: Kyogre|Kyogre|100/100
|-weather|RainDance|[from] ability: Drizzle|[of] p1a: Kyogre
|move|p2a: Arceus|Judgment|p1a: Kyogre
|-damage|p1a: Kyogre|70/100
|
|-weather|RainDance|[upkeep]
|-heal|p1a: Kyogre|76/100|[from] item: Leftovers
|upkeep
|turn|88
|
|t:|1662827846
|switch|p2a: Chansey|Chansey, F|99/100
|move|p1a: Kyogre|Calm Mind|p1a: Kyogre
|-boost|p1a: Kyogre|spa|1
|-boost|p1a: Kyogre|spd|1
|
|-weather|RainDance|[upkeep]
|-heal|p1a: Kyogre|82/100|[from] item: Leftovers
|upkeep
|turn|89
|
|t:|1662827857
|move|p1a: Kyogre|Ice Beam|p2a: Chansey
|-crit|p2a: Chansey
|-damage|p2a: Chansey|81/100
|move|p2a: Chansey|Confide|p1a: Kyogre
|-unboost|p1a: Kyogre|spa|1
|
|-weather|RainDance|[upkeep]
|-heal|p1a: Kyogre|89/100|[from] item: Leftovers
|upkeep
|turn|90
|
|t:|1662827866
|move|p1a: Kyogre|Scald|p2a: Chansey
|-damage|p2a: Chansey|66/100
|move|p2a: Chansey|Toxic|p1a: Kyogre|[miss]
|-miss|p2a: Chansey|p1a: Kyogre
|
|-weather|RainDance|[upkeep]
|-heal|p1a: Kyogre|95/100|[from] item: Leftovers
|upkeep
|turn|91
|inactive|Lord Rekkuza has 120 seconds left.
|
|t:|1662827876
|move|p1a: Kyogre|Ice Beam|p2a: Chansey
|-damage|p2a: Chansey|58/100
|-status|p2a: Chansey|frz
|-curestatus|p2a: Chansey|frz|[msg]
|move|p2a: Chansey|Soft-Boiled|p2a: Chansey
|-heal|p2a: Chansey|100/100
|
|-weather|none
|-heal|p1a: Kyogre|100/100|[from] item: Leftovers
|upkeep
|turn|92
|inactive|Lord Rekkuza has 120 seconds left.
|c|☆Txapos|Pfff
|inactive|Lord Rekkuza has 90 seconds left.
|
|t:|1662827925
|switch|p1a: Calyrex|Calyrex-Shadow|76/100
|-ability|p1a: Calyrex|As One
|-ability|p1a: Calyrex|Unnerve
|move|p2a: Chansey|Aromatherapy|p2a: Chansey
|-activate|p2a: Chansey|move: Aromatherapy
|-curestatus|p2: Yveltal|tox|[msg]
|-curestatus|p2: Arceus|tox|[msg]
|
|upkeep
|turn|93
|inactive|Lord Rekkuza has 90 seconds left.
|
|t:|1662827940
|switch|p2a: Arceus|Arceus-Dark|83/100
|move|p1a: Calyrex|Astral Barrage|p2a: Arceus
|-resisted|p2a: Arceus
|-crit|p2a: Arceus
|-damage|p2a: Arceus|49/100
|
|upkeep
|turn|94
|inactive|Lord Rekkuza has 90 seconds left.
|inactive|Txapos has 90 seconds left.
|
|t:|1662827956
|switch|p1a: Kyogre|Kyogre|100/100
|-weather|RainDance|[from] ability: Drizzle|[of] p1a: Kyogre
|move|p2a: Arceus|Recover|p2a: Arceus
|-heal|p2a: Arceus|99/100
|
|-weather|RainDance|[upkeep]
|upkeep
|turn|95
|inactive|Txapos has 90 seconds left.
|
|t:|1662827974
|switch|p2a: Chansey|Chansey, F|100/100
|move|p1a: Kyogre|Calm Mind|p1a: Kyogre
|-boost|p1a: Kyogre|spa|1
|-boost|p1a: Kyogre|spd|1
|
|-weather|RainDance|[upkeep]
|upkeep
|turn|96
|inactive|Lord Rekkuza has 90 seconds left.
|inactive|Lord Rekkuza has 60 seconds left.
|
|t:|1662828017
|move|p1a: Kyogre|Ice Beam|p2a: Chansey
|-damage|p2a: Chansey|88/100
|move|p2a: Chansey|Confide|p1a: Kyogre
|-unboost|p1a: Kyogre|spa|1
|
|-weather|RainDance|[upkeep]
|upkeep
|turn|97
|inactive|Lord Rekkuza has 60 seconds left.
|
|t:|1662828030
|move|p1a: Kyogre|Ice Beam|p2a: Chansey
|-damage|p2a: Chansey|80/100
|move|p2a: Chansey|Toxic|p1a: Kyogre
|-status|p1a: Kyogre|tox
|
|-weather|RainDance|[upkeep]
|-damage|p1a: Kyogre|94/100 tox|[from] psn
|upkeep
|turn|98
|
|t:|1662828041
|move|p1a: Kyogre|Ice Beam|p2a: Chansey
|-crit|p2a: Chansey
|-damage|p2a: Chansey|68/100
|move|p2a: Chansey|Confide|p1a: Kyogre
|-unboost|p1a: Kyogre|spa|1
|
|-weather|none
|-heal|p1a: Kyogre|100/100 tox|[from] item: Leftovers
|-damage|p1a: Kyogre|88/100 tox|[from] psn
|upkeep
|turn|99
|
|t:|1662828051
|switch|p2a: Arceus|Arceus-Fairy|88/100
|move|p1a: Kyogre|Ice Beam|p2a: Arceus
|-damage|p2a: Arceus|78/100
|
|-heal|p1a: Kyogre|94/100 tox|[from] item: Leftovers
|-damage|p1a: Kyogre|76/100 tox|[from] psn
|upkeep
|turn|100
|inactive|Txapos has 60 seconds left.
|
|t:|1662828063
|switch|p1a: Necrozma|Necrozma-Dusk-Mane|94/100
|move|p2a: Arceus|Calm Mind|p2a: Arceus
|-boost|p2a: Arceus|spa|1
|-boost|p2a: Arceus|spd|1
|
|upkeep
|turn|101
|inactive|Txapos has 60 seconds left.
|
|t:|1662828070
|switch|p2a: Arceus|Arceus-Dark|99/100
|move|p1a: Necrozma|Stealth Rock|p2a: Arceus
|-sidestart|p2: Lord Rekkuza|move: Stealth Rock
|
|upkeep
|turn|102
|inactive|Txapos has 60 seconds left.
|
|t:|1662828082
|move|p2a: Arceus|Defog|p1a: Necrozma
|-unboost|p1a: Necrozma|evasion|1
|-sideend|p2: Lord Rekkuza|Stealth Rock|[from] move: Defog|[of] p2a: Arceus
|move|p1a: Necrozma|Sunsteel Strike|p2a: Arceus
|-damage|p2a: Arceus|73/100
|
|upkeep
|turn|103
|
|t:|1662828092
|move|p2a: Arceus|Judgment|p1a: Necrozma
|-supereffective|p1a: Necrozma
|-damage|p1a: Necrozma|35/100
|move|p1a: Necrozma|Earthquake|p2a: Arceus
|-damage|p2a: Arceus|54/100
|
|upkeep
|turn|104
|
|t:|1662828105
|move|p2a: Arceus|Recover|p2a: Arceus
|-heal|p2a: Arceus|100/100
|move|p1a: Necrozma|Earthquake|p2a: Arceus
|-damage|p2a: Arceus|83/100
|
|upkeep
|turn|105
|
|t:|1662828112
|move|p2a: Arceus|Judgment|p1a: Necrozma
|-supereffective|p1a: Necrozma
|-damage|p1a: Necrozma|0 fnt
|faint|p1a: Necrozma
|
|upkeep
|
|t:|1662828119
|switch|p1a: Marshadow|Marshadow|2/100
|turn|106
|inactive|Lord Rekkuza has 60 seconds left.
|inactive|Txapos has 30 seconds left.
|
|t:|1662828145
|switch|p2a: Arceus|Arceus-Fairy|78/100
|move|p1a: Marshadow|Close Combat|p2a: Arceus
|-resisted|p2a: Arceus
|-damage|p2a: Arceus|52/100
|-unboost|p1a: Marshadow|def|1
|-unboost|p1a: Marshadow|spd|1
|
|upkeep
|turn|107
|inactive|Txapos has 30 seconds left this turn.
|inactive|Lord Rekkuza has 60 seconds left.
|inactive|Txapos has 20 seconds left.
|
|t:|1662828159
|switch|p1a: Calyrex|Calyrex-Shadow|76/100
|-ability|p1a: Calyrex|As One
|-ability|p1a: Calyrex|Unnerve
|move|p2a: Arceus|Recover|p2a: Arceus
|-heal|p2a: Arceus|100/100
|
|upkeep
|turn|108
|inactive|Txapos has 25 seconds left this turn.
|inactive|Txapos has 20 seconds left.
|inactive|Txapos has 15 seconds left.
|inactive|Txapos has 10 seconds left.
|
|t:|1662828175
|switch|p2a: Arceus|Arceus-Dark|83/100
|move|p1a: Calyrex|Astral Barrage|p2a: Arceus
|-resisted|p2a: Arceus
|-damage|p2a: Arceus|56/100
|
|upkeep
|turn|109
|inactive|Txapos has 15 seconds left this turn.
|inactive|Txapos has 10 seconds left.
|
|t:|1662828184
|move|p1a: Calyrex|Astral Barrage|p2a: Arceus
|-resisted|p2a: Arceus
|-damage|p2a: Arceus|31/100
|move|p2a: Arceus|Recover|p2a: Arceus
|-heal|p2a: Arceus|81/100
|
|upkeep
|turn|110
|inactive|Txapos has 15 seconds left this turn.
|inactive|Txapos has 10 seconds left.
|
|t:|1662828192
|move|p1a: Calyrex|Astral Barrage|p2a: Arceus
|-resisted|p2a: Arceus
|-damage|p2a: Arceus|57/100
|move|p2a: Arceus|Judgment|p1a: Calyrex
|-supereffective|p1a: Calyrex
|-damage|p1a: Calyrex|0 fnt
|faint|p1a: Calyrex
|
|upkeep
|inactive|Txapos has 15 seconds left this turn.
|inactive|Txapos has 10 seconds left.
|inactive|Txapos has 5 seconds left.
|
|t:|1662828204
|switch|p1a: Marshadow|Marshadow|2/100
|turn|111
|inactive|Txapos has 10 seconds left this turn.
|inactive|Txapos has 5 seconds left.
|
|t:|1662828209
|switch|p2a: Arceus|Arceus-Fairy|100/100
|move|p1a: Marshadow|Spectral Thief|p2a: Arceus
|-damage|p2a: Arceus|62/100
|
|upkeep
|turn|112
|inactive|Txapos has 10 seconds left this turn.
|inactive|Txapos has 5 seconds left.
|
|t:|1662828217
|move|p1a: Marshadow|Spectral Thief|p2a: Arceus
|-damage|p2a: Arceus|24/100
|move|p2a: Arceus|Recover|p2a: Arceus
|-heal|p2a: Arceus|74/100
|
|upkeep
|turn|113
|inactive|Txapos has 10 seconds left this turn.
|inactive|Txapos has 5 seconds left.
|
|t:|1662828225
|move|p1a: Marshadow|Spectral Thief|p2a: Arceus
|-damage|p2a: Arceus|37/100
|move|p2a: Arceus|Judgment|p1a: Marshadow
|-supereffective|p1a: Marshadow
|-damage|p1a: Marshadow|0 fnt
|faint|p1a: Marshadow
|
|upkeep
|inactive|Txapos has 10 seconds left this turn.
|inactive|Txapos has 5 seconds left.
|
|t:|1662828235
|switch|p1a: Kyogre|Kyogre|76/100 tox
|-weather|RainDance|[from] ability: Drizzle|[of] p1a: Kyogre
|turn|114
|inactive|Txapos has 10 seconds left this turn.
|
|t:|1662828240
|switch|p2a: Chansey|Chansey, F|68/100
|move|p1a: Kyogre|Calm Mind|p1a: Kyogre
|-boost|p1a: Kyogre|spa|1
|-boost|p1a: Kyogre|spd|1
|
|-weather|RainDance|[upkeep]
|-heal|p1a: Kyogre|82/100 tox|[from] item: Leftovers
|-damage|p1a: Kyogre|76/100 tox|[from] psn
|upkeep
|turn|115
|inactive|Txapos has 15 seconds left this turn.
|-message|Txapos forfeited.
|
|win|Lord Rekkuza
|inactive|Txapos has 20 seconds left this turn.
|n|☆Txapos|txapos
|n|☆Lord Rekkuza|lordrekkuza
|n| smoolic alt|smoolicalt
|l|☆Txapos
