|j|☆RadicalBot
|j|☆World breaker Odin
|t:|1662007346
|gametype|singles
|player|p1|RadicalBot|unknown|1405
|player|p2|World breaker Odin|adaman|1660
|teamsize|p1|6
|teamsize|p2|6
|gen|8
|tier|[Gen 8] National Dex AG
|rated|
|rule|HP Percentage Mod: HP is shown in percentages
|rule|Endless Battle Clause: Forcing endless battles is banned
|clearpoke
|poke|p1|Pheromosa|
|poke|p1|Metagross|
|poke|p1|Eternatus|
|poke|p1|Groudon|
|poke|p1|Yveltal|
|poke|p1|Ditto|
|poke|p2|Eternatus|
|poke|p2|Yveltal|
|poke|p2|Necrozma-Dusk-Mane|
|poke|p2|Arceus-*|
|poke|p2|Ferrothorn, M|
|poke|p2|Zygarde|
|teampreview
|inactive|Battle timer is ON: inactive players will automatically lose when time's up. (requested by World breaker Odin)
|j| Testing teams 596
|
|t:|1662007355
|start
|switch|p1a: Pheromosa|Pheromosa|100/100
|switch|p2a: Arceus|Arceus-Ground, shiny|100/100
|turn|1
|
|t:|1662007362
|switch|p2a: Necrozma|Necrozma-Dusk-Mane, shiny|100/100
|move|p1a: Pheromosa|Triple Axel|p2a: Necrozma
|-resisted|p2a: Necrozma
|-damage|p2a: Necrozma|98/100
|-damage|p1a: Pheromosa|84/100|[from] item: Rocky Helmet|[of] p2a: Necrozma
|-resisted|p2a: Necrozma
|-damage|p2a: Necrozma|95/100
|-damage|p1a: Pheromosa|67/100|[from] item: Rocky Helmet|[of] p2a: Necrozma
|-resisted|p2a: Necrozma
|-damage|p2a: Necrozma|88/100
|-damage|p1a: Pheromosa|51/100|[from] item: Rocky Helmet|[of] p2a: Necrozma
|-hitcount|p2a: Necrozma|3
|
|upkeep
|turn|2
|j| Lance's Time
|
|t:|1662007375
|move|p1a: Pheromosa|Close Combat|p2a: Necrozma
|-damage|p2a: Necrozma|51/100
|-unboost|p1a: Pheromosa|def|1
|-unboost|p1a: Pheromosa|spd|1
|-damage|p1a: Pheromosa|34/100|[from] item: Rocky Helmet|[of] p2a: Necrozma
|move|p2a: Necrozma|Stealth Rock|p1a: Pheromosa
|-sidestart|p1: RadicalBot|move: Stealth Rock
|
|upkeep
|turn|3
|
|t:|1662007385
|move|p1a: Pheromosa|Throat Chop|p2a: Necrozma
|-supereffective|p2a: Necrozma
|-damage|p2a: Necrozma|27/100
|-start|p2a: Necrozma|Throat Chop|[silent]
|-damage|p1a: Pheromosa|18/100|[from] item: Rocky Helmet|[of] p2a: Necrozma
|move|p2a: Necrozma|Moonlight|p2a: Necrozma
|-heal|p2a: Necrozma|77/100
|
|upkeep
|turn|4
|
|t:|1662007394
|move|p1a: Pheromosa|Close Combat|p2a: Necrozma
|-damage|p2a: Necrozma|39/100
|-unboost|p1a: Pheromosa|def|1
|-unboost|p1a: Pheromosa|spd|1
|-damage|p1a: Pheromosa|1/100|[from] item: Rocky Helmet|[of] p2a: Necrozma
|move|p2a: Necrozma|Moonlight|p2a: Necrozma
|-heal|p2a: Necrozma|89/100
|
|-end|p2a: Necrozma|Throat Chop|[silent]
|upkeep
|turn|5
|
|t:|1662007398
|move|p1a: Pheromosa|Close Combat|p2a: Necrozma
|-damage|p2a: Necrozma|53/100
|-unboost|p1a: Pheromosa|def|1
|-unboost|p1a: Pheromosa|spd|1
|-damage|p1a: Pheromosa|0 fnt|[from] item: Rocky Helmet|[of] p2a: Necrozma
|faint|p1a: Pheromosa
|move|p2a: Necrozma|Moonlight|p2a: Necrozma
|-heal|p2a: Necrozma|100/100
|
|upkeep
|
|t:|1662007413
|switch|p1a: Groudon|Groudon|100/100
|-damage|p1a: Groudon|94/100|[from] Stealth Rock
|detailschange|p1a: Groudon|Groudon-Primal
|-primal|p1a: Groudon
|-weather|DesolateLand|[from] ability: Desolate Land|[of] p1a: Groudon
|turn|6
|
|t:|1662007423
|switch|p2a: Arceus|Arceus-Ground, shiny|100/100
|move|p1a: Groudon|Eruption|p2a: Arceus
|-damage|p2a: Arceus|20/100
|
|-weather|DesolateLand|[upkeep]
|upkeep
|turn|7
|
|t:|1662007432
|move|p2a: Arceus|Judgment|p1a: Groudon
|-supereffective|p1a: Groudon
|-damage|p1a: Groudon|0 fnt
|faint|p1a: Groudon
|-weather|none
|
|upkeep
|
|t:|1662007442
|switch|p1a: Yveltal|Yveltal|100/100
|-damage|p1a: Yveltal|76/100|[from] Stealth Rock
|-ability|p1a: Yveltal|Dark Aura
|turn|8
|
|t:|1662007449
|-start|p1a: Yveltal|Dynamax|
|-heal|p1a: Yveltal|76/100|[silent]
|move|p1a: Yveltal|Max Airstream|p2a: Arceus
|-damage|p2a: Arceus|0 fnt
|-boost|p1a: Yveltal|spe|1
|faint|p2a: Arceus
|-damage|p1a: Yveltal|71/100|[from] item: Life Orb
|
|upkeep
|
|t:|1662007463
|switch|p2a: Yveltal|Yveltal, shiny|100/100
|-ability|p2a: Yveltal|Dark Aura
|turn|9
|
|t:|1662007468
|-start|p2a: Yveltal|Dynamax|
|-heal|p2a: Yveltal|100/100|[silent]
|move|p2a: Yveltal|Max Guard|p2a: Yveltal
|-singleturn|p2a: Yveltal|Max Guard
|move|p1a: Yveltal|Max Airstream|p2a: Yveltal
|-activate|p2a: Yveltal|move: Max Guard
|
|upkeep
|turn|10
|
|t:|1662007476
|move|p1a: Yveltal|Max Airstream|p2a: Yveltal
|-damage|p2a: Yveltal|77/100
|-boost|p1a: Yveltal|spe|1
|-damage|p1a: Yveltal|66/100|[from] item: Life Orb
|move|p2a: Yveltal|Max Flutterby|p1a: Yveltal
|-damage|p1a: Yveltal|50/100
|-unboost|p1a: Yveltal|spa|1
|
|upkeep
|-end|p1a: Yveltal|Dynamax
|-heal|p1a: Yveltal|51/100|[silent]
|turn|11
|
|t:|1662007483
|move|p1a: Yveltal|Oblivion Wing|p2a: Yveltal
|-damage|p2a: Yveltal|68/100
|-heal|p1a: Yveltal|67/100|[from] drain|[of] p2a: Yveltal
|-damage|p1a: Yveltal|57/100|[from] item: Life Orb
|move|p2a: Yveltal|Max Darkness|p1a: Yveltal
|-resisted|p1a: Yveltal
|-damage|p1a: Yveltal|24/100
|-unboost|p1a: Yveltal|spd|1
|
|upkeep
|-end|p2a: Yveltal|Dynamax
|-heal|p2a: Yveltal|68/100|[silent]
|turn|12
|
|t:|1662007490
|move|p1a: Yveltal|Oblivion Wing|p2a: Yveltal
|-damage|p2a: Yveltal|47/100
|-heal|p1a: Yveltal|42/100|[from] drain|[of] p2a: Yveltal
|-damage|p1a: Yveltal|32/100|[from] item: Life Orb
|move|p2a: Yveltal|Foul Play|p1a: Yveltal
|-resisted|p1a: Yveltal
|-damage|p1a: Yveltal|8/100
|
|upkeep
|turn|13
|
|t:|1662007495
|move|p1a: Yveltal|Oblivion Wing|p2a: Yveltal
|-damage|p2a: Yveltal|29/100
|-heal|p1a: Yveltal|24/100|[from] drain|[of] p2a: Yveltal
|-damage|p1a: Yveltal|14/100|[from] item: Life Orb
|move|p2a: Yveltal|Roost|p2a: Yveltal
|-heal|p2a: Yveltal|79/100
|-singleturn|p2a: Yveltal|move: Roost
|
|upkeep
|turn|14
|
|t:|1662007501
|move|p1a: Yveltal|Oblivion Wing|p2a: Yveltal
|-damage|p2a: Yveltal|60/100
|-heal|p1a: Yveltal|31/100|[from] drain|[of] p2a: Yveltal
|-damage|p1a: Yveltal|21/100|[from] item: Life Orb
|move|p2a: Yveltal|Foul Play|p1a: Yveltal
|-resisted|p1a: Yveltal
|-damage|p1a: Yveltal|0 fnt
|faint|p1a: Yveltal
|
|upkeep
|
|t:|1662007511
|switch|p1a: Eternatus|Eternatus|100/100
|-damage|p1a: Eternatus|88/100|[from] Stealth Rock
|-ability|p1a: Eternatus|Pressure
|turn|15
|
|t:|1662007519
|move|p1a: Eternatus|Meteor Beam||[still]
|-prepare|p1a: Eternatus|Meteor Beam
|-boost|p1a: Eternatus|spa|1
|-enditem|p1a: Eternatus|Power Herb
|-anim|p1a: Eternatus|Meteor Beam|p2a: Yveltal
|-supereffective|p2a: Yveltal
|-damage|p2a: Yveltal|0 fnt
|faint|p2a: Yveltal
|
|upkeep
|
|t:|1662007529
|switch|p2a: Necrozma|Necrozma-Dusk-Mane, shiny|100/100
|turn|16
|
|t:|1662007537
|move|p1a: Eternatus|Flamethrower|p2a: Necrozma
|-supereffective|p2a: Necrozma
|-damage|p2a: Necrozma|38/100
|move|p2a: Necrozma|Earthquake|p1a: Eternatus
|-supereffective|p1a: Eternatus
|-damage|p1a: Eternatus|32/100
|
|upkeep
|turn|17
|
|t:|1662007541
|move|p1a: Eternatus|Flamethrower|p2a: Necrozma
|-supereffective|p2a: Necrozma
|-damage|p2a: Necrozma|0 fnt
|faint|p2a: Necrozma
|
|upkeep
|
|t:|1662007542
|switch|p2a: Eternatus|Eternatus|100/100
|-ability|p2a: Eternatus|Pressure
|turn|18
|
|t:|1662007545
|move|p1a: Eternatus|Dynamax Cannon|p2a: Eternatus
|-supereffective|p2a: Eternatus
|-damage|p2a: Eternatus|0 fnt
|faint|p2a: Eternatus
|
|upkeep
|-message|World breaker Odin forfeited.
|
|win|RadicalBot
|raw|RadicalBot's rating: 1405 &rarr; <strong>1438</strong><br />(+33 for winning)
|raw|World breaker Odin's rating: 1660 &rarr; <strong>1627</strong><br />(-33 for losing)
|l|☆World breaker Odin
