|j|☆ihateDread
|j|☆valenei
|t:|1664118236
|gametype|singles
|player|p1|ihateDread|n|1378
|player|p2|valenei|workerice|1272
|teamsize|p1|6
|teamsize|p2|6
|gen|8
|tier|[Gen 8] National Dex AG
|rated|
|rule|HP Percentage Mod: HP is shown in percentages
|rule|Endless Battle Clause: Forcing endless battles is banned
|clearpoke
|poke|p1|Rayquaza|
|poke|p1|Arceus-*|
|poke|p1|Vivillon-Elegant, M|
|poke|p1|Ditto|
|poke|p1|Mewtwo|
|poke|p1|Arceus-*|
|poke|p2|Crobat, M|
|poke|p2|Drapion, M|
|poke|p2|Kingdra, M|
|poke|p2|Solgaleo|
|poke|p2|Diancie|
|poke|p2|Reshiram|
|teampreview
|inactive|Battle timer is ON: inactive players will automatically lose when time's up. (requested by ihateDread)
|
|t:|1664118256
|start
|switch|p1a: Cute Butterfly|Vivillon-Elegant, M|100/100
|switch|p2a: Crobat|Crobat, M|100/100
|turn|1
|
|t:|1664118263
|move|p2a: Crobat|Dual Wingbeat|p1a: Cute Butterfly|[miss]
|-miss|p2a: Crobat|p1a: Cute Butterfly
|move|p1a: Cute Butterfly|Sleep Powder|p2a: Crobat
|-status|p2a: Crobat|slp|[from] move: Sleep Powder
|
|upkeep
|turn|2
|
|t:|1664118269
|switch|p2a: Solgaleo|Solgaleo, shiny|100/100
|move|p1a: Cute Butterfly|Substitute|p1a: Cute Butterfly
|-start|p1a: Cute Butterfly|Substitute
|-damage|p1a: Cute Butterfly|76/100
|
|-heal|p1a: Cute Butterfly|82/100|[from] item: Leftovers
|upkeep
|turn|3
|
|t:|1664118280
|move|p2a: Solgaleo|Flame Charge|p1a: Cute Butterfly
|-supereffective|p1a: Cute Butterfly
|-end|p1a: Cute Butterfly|Substitute
|-boost|p2a: Solgaleo|spe|1
|move|p1a: Cute Butterfly|Sleep Powder|p2a: Solgaleo
|-status|p2a: Solgaleo|slp|[from] move: Sleep Powder
|
|-heal|p1a: Cute Butterfly|88/100|[from] item: Leftovers
|upkeep
|turn|4
|
|t:|1664118286
|switch|p2a: Diancie|Diancie|100/100
|move|p1a: Cute Butterfly|Substitute|p1a: Cute Butterfly
|-start|p1a: Cute Butterfly|Substitute
|-damage|p1a: Cute Butterfly|63/100
|
|-heal|p1a: Cute Butterfly|69/100|[from] item: Leftovers
|upkeep
|turn|5
|
|t:|1664118292
|detailschange|p2a: Diancie|Diancie-Mega
|-mega|p2a: Diancie|Diancie|Diancite
|move|p2a: Diancie|Diamond Storm|p1a: Cute Butterfly
|-supereffective|p1a: Cute Butterfly
|-end|p1a: Cute Butterfly|Substitute
|move|p1a: Cute Butterfly|Quiver Dance|p1a: Cute Butterfly
|-boost|p1a: Cute Butterfly|spa|1
|-boost|p1a: Cute Butterfly|spd|1
|-boost|p1a: Cute Butterfly|spe|1
|
|-heal|p1a: Cute Butterfly|75/100|[from] item: Leftovers
|upkeep
|turn|6
|
|t:|1664118313
|move|p1a: Cute Butterfly|Hurricane|p2a: Diancie
|-resisted|p2a: Diancie
|-damage|p2a: Diancie|58/100
|move|p2a: Diancie|Diamond Storm|p1a: Cute Butterfly
|-supereffective|p1a: Cute Butterfly
|-damage|p1a: Cute Butterfly|0 fnt
|faint|p1a: Cute Butterfly
|
|upkeep
|
|t:|1664118318
|switch|p1a: Insomniac|Mewtwo|100/100
|-ability|p1a: Insomniac|Pressure
|turn|7
|
|t:|1664118335
|detailschange|p1a: Insomniac|Mewtwo-Mega-Y
|-mega|p1a: Insomniac|Mewtwo|Mewtwonite Y
|move|p1a: Insomniac|Nasty Plot|p1a: Insomniac
|-boost|p1a: Insomniac|spa|2
|move|p2a: Diancie|Moonblast|p1a: Insomniac
|-damage|p1a: Insomniac|54/100
|
|upkeep
|turn|8
|
|t:|1664118346
|move|p1a: Insomniac|Psystrike|p2a: Diancie
|-damage|p2a: Diancie|0 fnt
|faint|p2a: Diancie
|
|upkeep
|
|t:|1664118352
|switch|p2a: Drapion|Drapion, M|100/100
|turn|9
|
|t:|1664118358
|move|p1a: Insomniac|Fire Blast|p2a: Drapion
|-damage|p2a: Drapion|0 fnt
|faint|p2a: Drapion
|
|upkeep
|
|t:|1664118364
|switch|p2a: Kingdra|Kingdra, M, shiny|100/100
|turn|10
|
|t:|1664118369
|move|p1a: Insomniac|Ice Beam|p2a: Kingdra
|-damage|p2a: Kingdra|0 fnt
|faint|p2a: Kingdra
|
|upkeep
|
|t:|1664118373
|switch|p2a: Solgaleo|Solgaleo, shiny|100/100 slp
|turn|11
|
|t:|1664118377
|move|p1a: Insomniac|Fire Blast|p2a: Solgaleo
|-supereffective|p2a: Solgaleo
|-damage|p2a: Solgaleo|0 fnt
|faint|p2a: Solgaleo
|
|upkeep
|
|t:|1664118381
|switch|p2a: Crobat|Crobat, M|100/100 slp
|turn|12
|
|t:|1664118384
|move|p1a: Insomniac|Ice Beam|p2a: Crobat
|-supereffective|p2a: Crobat
|-damage|p2a: Crobat|0 fnt
|faint|p2a: Crobat
|
|upkeep
|
|t:|1664118386
|switch|p2a: Reshiram|Reshiram|100/100
|-ability|p2a: Reshiram|Turboblaze
|turn|13
|
|t:|1664118392
|move|p1a: Insomniac|Psystrike|p2a: Reshiram
|-damage|p2a: Reshiram|0 fnt
|faint|p2a: Reshiram
|
|win|ihateDread
|raw|ihateDread's rating: 1378 &rarr; <strong>1392</strong><br />(+14 for winning)
|raw|valenei's rating: 1272 &rarr; <strong>1254</strong><br />(-18 for losing)
|l|☆valenei
|c|☆ihateDread|LMAO
||Ladder isn't responding, score probably updated but might not have (Request timeout).
