|j|☆BrixTrynaLuv
|j|☆Apprenti Buck
|t:|1663453990
|gametype|singles
|player|p1|BrixTrynaLuv|linebacker|1740
|player|p2|Apprenti Buck|ethan|1852
|teamsize|p1|6
|teamsize|p2|6
|gen|8
|tier|[Gen 8] National Dex AG
|rated|
|rule|HP Percentage Mod: HP is shown in percentages
|rule|Endless Battle Clause: Forcing endless battles is banned
|clearpoke
|poke|p1|Tyranitar, F|
|poke|p1|Ferrothorn, F|
|poke|p1|Yveltal|
|poke|p1|Zacian-*|
|poke|p1|Calyrex-Shadow|
|poke|p1|Pheromosa|
|poke|p2|Groudon|
|poke|p2|Rayquaza|
|poke|p2|Calyrex-Shadow|
|poke|p2|Arceus-*|
|poke|p2|Yveltal|
|poke|p2|Marshadow|
|teampreview
|inactive|Battle timer is ON: inactive players will automatically lose when time's up. (requested by Apprenti Buck)
|inactive|BrixTrynaLuv also wants the timer to be on.
|
|t:|1663453995
|start
|switch|p1a: Pheromosa|Pheromosa, shiny|100/100
|switch|p2a: Behemoth|Groudon, shiny|100/100
|detailschange|p2a: Behemoth|Groudon-Primal, shiny
|-primal|p2a: Behemoth
|-weather|DesolateLand|[from] ability: Desolate Land|[of] p2a: Behemoth
|turn|1
|
|t:|1663453999
|move|p1a: Pheromosa|Drill Run|p2a: Behemoth
|-supereffective|p2a: Behemoth
|-damage|p2a: Behemoth|62/100
|move|p2a: Behemoth|Rock Tomb|p1a: Pheromosa|[miss]
|-miss|p2a: Behemoth|p1a: Pheromosa
|
|-weather|DesolateLand|[upkeep]
|upkeep
|turn|2
|
|t:|1663454005
|move|p1a: Pheromosa|Drill Run|p2a: Behemoth
|-supereffective|p2a: Behemoth
|-damage|p2a: Behemoth|22/100
|move|p2a: Behemoth|Rock Tomb|p1a: Pheromosa
|-damage|p1a: Pheromosa|37/100
|-unboost|p1a: Pheromosa|spe|1
|
|-weather|DesolateLand|[upkeep]
|upkeep
|turn|3
|
|t:|1663454013
|move|p2a: Behemoth|Stealth Rock|p1a: Pheromosa
|-sidestart|p1: BrixTrynaLuv|move: Stealth Rock
|move|p1a: Pheromosa|Drill Run|p2a: Behemoth
|-supereffective|p2a: Behemoth
|-damage|p2a: Behemoth|0 fnt
|faint|p2a: Behemoth
|-weather|none
|-ability|p1a: Pheromosa|Beast Boost|boost
|-boost|p1a: Pheromosa|spe|1
|
|upkeep
|
|t:|1663454019
|switch|p2a: Ziz|Rayquaza, shiny|100/100
|-ability|p2a: Ziz|Air Lock
|turn|4
|
|t:|1663454028
|detailschange|p2a: Ziz|Rayquaza-Mega, shiny
|-mega|p2a: Ziz|Rayquaza|
|-weather|DeltaStream|[from] ability: Delta Stream|[of] p2a: Ziz
|move|p1a: Pheromosa|Triple Axel|p2a: Ziz
|-activate||deltastream
|-supereffective|p2a: Ziz
|-damage|p2a: Ziz|87/100
|-activate||deltastream
|-supereffective|p2a: Ziz
|-damage|p2a: Ziz|58/100
|-activate||deltastream
|-supereffective|p2a: Ziz
|-damage|p2a: Ziz|17/100
|-hitcount|p2a: Ziz|3
|move|p2a: Ziz|Dragon Dance|p2a: Ziz
|-boost|p2a: Ziz|atk|1
|-boost|p2a: Ziz|spe|1
|
|-weather|DeltaStream|[upkeep]
|upkeep
|turn|5
|
|t:|1663454043
|switch|p1a: Thornius|Ferrothorn, F|100/100
|-damage|p1a: Thornius|94/100|[from] Stealth Rock
|move|p2a: Ziz|Earthquake|p1a: Thornius
|-damage|p1a: Thornius|41/100
|-damage|p2a: Ziz|7/100|[from] item: Life Orb
|
|-weather|DeltaStream|[upkeep]
|-heal|p1a: Thornius|48/100|[from] item: Leftovers
|upkeep
|turn|6
|
|t:|1663454055
|move|p1a: Thornius|Protect|p1a: Thornius
|-singleturn|p1a: Thornius|Protect
|move|p2a: Ziz|Dragon Ascent|p1a: Thornius
|-activate|p1a: Thornius|move: Protect
|
|-weather|DeltaStream|[upkeep]
|-heal|p1a: Thornius|54/100|[from] item: Leftovers
|upkeep
|turn|7
|
|t:|1663454063
|move|p2a: Ziz|Dragon Ascent|p1a: Thornius
|-damage|p1a: Thornius|0 fnt
|-unboost|p2a: Ziz|def|1
|-unboost|p2a: Ziz|spd|1
|-damage|p2a: Ziz|0 fnt|[from] ability: Iron Barbs|[of] p1a: Thornius
|faint|p1a: Thornius
|faint|p2a: Ziz
|-weather|none
|
|upkeep
|
|t:|1663454078
|switch|p2a: Dawn|Calyrex-Shadow|100/100
|switch|p1a: Pheromosa|Pheromosa, shiny|37/100
|-ability|p2a: Dawn|As One
|-ability|p2a: Dawn|Unnerve
|-damage|p1a: Pheromosa|25/100|[from] Stealth Rock
|turn|8
|
|t:|1663454090
|switch|p2a: Transcendent Deity|Arceus|100/100
|move|p1a: Pheromosa|Triple Axel|p2a: Transcendent Deity|[miss]
|-miss|p1a: Pheromosa|p2a: Transcendent Deity
|
|upkeep
|turn|9
|
|t:|1663454095
|move|p2a: Transcendent Deity|Extreme Speed|p1a: Pheromosa
|-damage|p1a: Pheromosa|0 fnt
|faint|p1a: Pheromosa
|-damage|p2a: Transcendent Deity|91/100|[from] item: Life Orb
|
|upkeep
|
|t:|1663454104
|switch|p1a: Ciano|Zacian-Crowned, shiny|100/100
|-damage|p1a: Ciano|94/100|[from] Stealth Rock
|-ability|p1a: Ciano|Intrepid Sword|boost
|-boost|p1a: Ciano|atk|1
|turn|10
|
|t:|1663454108
|move|p1a: Ciano|Behemoth Blade|p2a: Transcendent Deity
|-damage|p2a: Transcendent Deity|20/100
|move|p2a: Transcendent Deity|Earthquake|p1a: Ciano
|-supereffective|p1a: Ciano
|-damage|p1a: Ciano|20/100
|-damage|p2a: Transcendent Deity|10/100|[from] item: Life Orb
|
|upkeep
|turn|11
|
|t:|1663454113
|move|p2a: Transcendent Deity|Extreme Speed|p1a: Ciano
|-resisted|p1a: Ciano
|-damage|p1a: Ciano|0 fnt
|faint|p1a: Ciano
|-damage|p2a: Transcendent Deity|0 fnt|[from] item: Life Orb
|faint|p2a: Transcendent Deity
|
|upkeep
|
|t:|1663454132
|switch|p1a: Yvelat|Yveltal, shiny|100/100
|switch|p2a: Dawn|Calyrex-Shadow|100/100
|-ability|p2a: Dawn|As One
|-ability|p2a: Dawn|Unnerve
|-damage|p1a: Yvelat|75/100|[from] Stealth Rock
|-ability|p1a: Yvelat|Dark Aura
|turn|12
|inactive|Apprenti Buck has 120 seconds left.
|inactive|Apprenti Buck has 90 seconds left.
|inactive|Apprenti Buck has 60 seconds left.
|c|☆BrixTrynaLuv|...
|c|☆BrixTrynaLuv|wake up
|
|t:|1663454241
|-zpower|p2a: Dawn
|move|p2a: Dawn|Never-Ending Nightmare|p1a: Yvelat|[zeffect]
|-resisted|p1a: Yvelat
|-damage|p1a: Yvelat|47/100
|move|p1a: Yvelat|Oblivion Wing|p2a: Dawn
|-damage|p2a: Dawn|61/100
|-heal|p1a: Yvelat|72/100|[from] drain|[of] p2a: Dawn
|
|upkeep
|turn|13
|
|t:|1663454252
|move|p2a: Dawn|Astral Barrage|p1a: Yvelat
|-resisted|p1a: Yvelat
|-damage|p1a: Yvelat|53/100
|move|p1a: Yvelat|Oblivion Wing|p2a: Dawn
|-damage|p2a: Dawn|17/100
|-heal|p1a: Yvelat|80/100|[from] drain|[of] p2a: Dawn
|
|upkeep
|turn|14
|c|☆Apprenti Buck|Lol
|
|t:|1663454264
|move|p1a: Yvelat|Sucker Punch|p2a: Dawn
|-supereffective|p2a: Dawn
|-crit|p2a: Dawn
|-damage|p2a: Dawn|0 fnt
|faint|p2a: Dawn
|
|upkeep
|
|t:|1663454270
|switch|p2a: Twilight|Yveltal|100/100
|-ability|p2a: Twilight|Dark Aura
|turn|15
|
|t:|1663454274
|move|p2a: Twilight|Oblivion Wing|p1a: Yvelat
|-damage|p1a: Yvelat|48/100
|-damage|p2a: Twilight|91/100|[from] item: Life Orb
|move|p1a: Yvelat|U-turn|p2a: Twilight
|-damage|p2a: Twilight|75/100
|
|t:|1663454278
|switch|p1a: Ty-One|Tyranitar, F, shiny|100/100|[from]move: U-turn
|-damage|p1a: Ty-One|88/100|[from] Stealth Rock
|-weather|Sandstorm|[from] ability: Sand Stream|[of] p1a: Ty-One
|
|-weather|Sandstorm|[upkeep]
|-damage|p2a: Twilight|69/100|[from] Sandstorm
|upkeep
|turn|16
|
|t:|1663454282
|switch|p2a: Buck’s alter ego|Marshadow|100/100
|-start|p1a: Ty-One|Dynamax|
|-heal|p1a: Ty-One|88/100|[silent]
|move|p1a: Ty-One|Max Rockfall|p2a: Buck’s alter ego
|-resisted|p2a: Buck’s alter ego
|-damage|p2a: Buck’s alter ego|48/100
|
|-weather|Sandstorm|[upkeep]
|-damage|p2a: Buck’s alter ego|42/100|[from] Sandstorm
|upkeep
|turn|17
|inactive|Apprenti Buck has 60 seconds left.
|
|t:|1663454311
|-end|p1a: Ty-One|Dynamax
|-heal|p1a: Ty-One|88/100|[silent]
|switch|p1a: Cavelerio Fantasma|Calyrex-Shadow|100/100
|-ability|p1a: Cavelerio Fantasma|As One
|-ability|p1a: Cavelerio Fantasma|Unnerve
|-damage|p1a: Cavelerio Fantasma|88/100|[from] Stealth Rock
|move|p2a: Buck’s alter ego|Close Combat|p1a: Cavelerio Fantasma
|-immune|p1a: Cavelerio Fantasma
|
|-weather|Sandstorm|[upkeep]
|-damage|p1a: Cavelerio Fantasma|82/100|[from] Sandstorm
|-damage|p2a: Buck’s alter ego|36/100|[from] Sandstorm
|upkeep
|turn|18
|inactive|Apprenti Buck has 60 seconds left.
|
|t:|1663454322
|switch|p1a: Yvelat|Yveltal, shiny|48/100
|-damage|p1a: Yvelat|23/100|[from] Stealth Rock
|-ability|p1a: Yvelat|Dark Aura
|move|p2a: Buck’s alter ego|Shadow Sneak|p1a: Yvelat
|-resisted|p1a: Yvelat
|-damage|p1a: Yvelat|6/100
|-damage|p2a: Buck’s alter ego|26/100|[from] item: Life Orb
|
|-weather|Sandstorm|[upkeep]
|-damage|p2a: Buck’s alter ego|20/100|[from] Sandstorm
|-damage|p1a: Yvelat|0 fnt|[from] Sandstorm
|faint|p1a: Yvelat
|upkeep
|
|t:|1663454330
|switch|p1a: Ty-One|Tyranitar, F, shiny|88/100
|-damage|p1a: Ty-One|76/100|[from] Stealth Rock
|turn|19
|c|☆Apprenti Buck|Ggwp
|c|☆BrixTrynaLuv|ggu2
|
|t:|1663454344
|move|p2a: Buck’s alter ego|Close Combat|p1a: Ty-One
|-supereffective|p1a: Ty-One
|-damage|p1a: Ty-One|0 fnt
|-unboost|p2a: Buck’s alter ego|def|1
|-unboost|p2a: Buck’s alter ego|spd|1
|faint|p1a: Ty-One
|-damage|p2a: Buck’s alter ego|10/100|[from] item: Life Orb
|
|-weather|none
|upkeep
|
|t:|1663454347
|switch|p1a: Cavelerio Fantasma|Calyrex-Shadow|82/100
|-ability|p1a: Cavelerio Fantasma|As One
|-ability|p1a: Cavelerio Fantasma|Unnerve
|-damage|p1a: Cavelerio Fantasma|70/100|[from] Stealth Rock
|turn|20
|
|t:|1663454350
|move|p2a: Buck’s alter ego|Shadow Sneak|p1a: Cavelerio Fantasma
|-supereffective|p1a: Cavelerio Fantasma
|-damage|p1a: Cavelerio Fantasma|0 fnt
|faint|p1a: Cavelerio Fantasma
|-damage|p2a: Buck’s alter ego|0 fnt|[from] item: Life Orb
|faint|p2a: Buck’s alter ego
|
|win|Apprenti Buck
|raw|BrixTrynaLuv's rating: 1740 &rarr; <strong>1726</strong><br />(-14 for losing)
|raw|Apprenti Buck's rating: 1852 &rarr; <strong>1866</strong><br />(+14 for winning)
