|j|☆diggersboy660
|j|☆CLEAR GEM清瑜
|t:|1664632704
|gametype|singles
|player|p1|diggersboy660|n|1850
|player|p2|CLEAR GEM清瑜|skierf|1776
|teamsize|p1|6
|teamsize|p2|6
|gen|8
|tier|[Gen 8] National Dex AG
|rated|
|rule|HP Percentage Mod: HP is shown in percentages
|rule|Endless Battle Clause: Forcing endless battles is banned
|clearpoke
|poke|p1|Ditto|
|poke|p1|Relicanth, M|
|poke|p1|Yveltal|
|poke|p1|Arceus-*|
|poke|p1|Xerneas-*|
|poke|p1|Eternatus|
|poke|p2|Rayquaza|
|poke|p2|Groudon|
|poke|p2|Necrozma-Dusk-Mane|
|poke|p2|Arceus-*|
|poke|p2|Zacian-*|
|poke|p2|Yveltal|
|teampreview
|inactive|Battle timer is ON: inactive players will automatically lose when time's up. (requested by CLEAR GEM清瑜)
|
|t:|1664632712
|start
|switch|p1a: Relicanth|Relicanth, M|100/100
|switch|p2a: 不会(?)|Groudon|100/100
|detailschange|p2a: 不会(?)|Groudon-Primal
|-primal|p2a: 不会(?)
|-weather|DesolateLand|[from] ability: Desolate Land|[of] p2a: 不会(?)
|turn|1
|
|t:|1664632727
|move|p1a: Relicanth|Stealth Rock|p2a: 不会(?)
|-sidestart|p2: CLEAR GEM清瑜|move: Stealth Rock
|move|p2a: 不会(?)|Stealth Rock|p1a: Relicanth
|-sidestart|p1: diggersboy660|move: Stealth Rock
|
|-weather|DesolateLand|[upkeep]
|upkeep
|turn|2
|
|t:|1664632743
|move|p1a: Relicanth|Yawn|p2a: 不会(?)
|-start|p2a: 不会(?)|move: Yawn|[of] p1a: Relicanth
|move|p2a: 不会(?)|Heat Crash|p1a: Relicanth
|-resisted|p1a: Relicanth
|-damage|p1a: Relicanth|74/100
|
|-weather|DesolateLand|[upkeep]
|upkeep
|turn|3
|
|t:|1664632749
|move|p1a: Relicanth|Yawn||[still]
|-fail|p1a: Relicanth
|move|p2a: 不会(?)|Roar|p1a: Relicanth
|drag|p1a: Arceus|Arceus|100/100
|-damage|p1a: Arceus|88/100|[from] Stealth Rock
|
|-weather|DesolateLand|[upkeep]
|-end|p2a: 不会(?)|move: Yawn|[silent]
|-status|p2a: 不会(?)|slp
|upkeep
|turn|4
|
|t:|1664632751
|move|p1a: Arceus|Swords Dance|p1a: Arceus
|-boost|p1a: Arceus|atk|2
|cant|p2a: 不会(?)|slp
|
|-weather|DesolateLand|[upkeep]
|upkeep
|turn|5
|
|t:|1664632764
|move|p1a: Arceus|Earthquake|p2a: 不会(?)
|-supereffective|p2a: 不会(?)
|-damage|p2a: 不会(?)|24/100 slp
|cant|p2a: 不会(?)|slp
|
|-weather|DesolateLand|[upkeep]
|upkeep
|turn|6
|
|t:|1664632769
|move|p1a: Arceus|Shadow Claw|p2a: 不会(?)
|-damage|p2a: 不会(?)|0 fnt
|faint|p2a: 不会(?)
|-weather|none
|
|upkeep
|
|t:|1664632773
|switch|p2a: 嘉然小姐的狗|Zacian-Crowned|100/100
|-damage|p2a: 嘉然小姐的狗|94/100|[from] Stealth Rock
|-ability|p2a: 嘉然小姐的狗|Intrepid Sword|boost
|-boost|p2a: 嘉然小姐的狗|atk|1
|turn|7
|
|t:|1664632777
|move|p1a: Arceus|Extreme Speed|p2a: 嘉然小姐的狗
|-resisted|p2a: 嘉然小姐的狗
|-damage|p2a: 嘉然小姐的狗|59/100
|move|p2a: 嘉然小姐的狗|Behemoth Blade|p1a: Arceus
|-crit|p1a: Arceus
|-damage|p1a: Arceus|0 fnt
|faint|p1a: Arceus
|
|upkeep
|
|t:|1664632779
|switch|p1a: Ditto|Ditto|100/100
|-damage|p1a: Ditto|88/100|[from] Stealth Rock
|-transform|p1a: Ditto|p2a: 嘉然小姐的狗|[from] ability: Imposter
|-ability|p1a: Ditto|Intrepid Sword|boost
|-boost|p1a: Ditto|atk|1
|turn|8
|
|t:|1664632783
|move|p1a: Ditto|Close Combat|p2a: 嘉然小姐的狗
|-crit|p2a: 嘉然小姐的狗
|-damage|p2a: 嘉然小姐的狗|0 fnt
|-unboost|p1a: Ditto|def|1
|-unboost|p1a: Ditto|spd|1
|faint|p2a: 嘉然小姐的狗
|
|upkeep
|
|t:|1664632789
|switch|p2a: 老烈|Rayquaza, shiny|100/100
|-damage|p2a: 老烈|76/100|[from] Stealth Rock
|-ability|p2a: 老烈|Air Lock
|turn|9
|
|t:|1664632792
|switch|p1a: Relicanth|Relicanth, M|74/100
|-damage|p1a: Relicanth|61/100|[from] Stealth Rock
|detailschange|p2a: 老烈|Rayquaza-Mega, shiny
|-mega|p2a: 老烈|Rayquaza|
|-weather|DeltaStream|[from] ability: Delta Stream|[of] p2a: 老烈
|move|p2a: 老烈|Earthquake|p1a: Relicanth
|-supereffective|p1a: Relicanth
|-damage|p1a: Relicanth|0 fnt
|faint|p1a: Relicanth
|
|-weather|DeltaStream|[upkeep]
|upkeep
|
|t:|1664632799
|switch|p1a: Xerneas|Xerneas|100/100
|-damage|p1a: Xerneas|88/100|[from] Stealth Rock
|-ability|p1a: Xerneas|Fairy Aura
|turn|10
|
|t:|1664632800
|move|p2a: 老烈|Dragon Ascent|p1a: Xerneas
|-damage|p1a: Xerneas|28/100
|-unboost|p2a: 老烈|def|1
|-unboost|p2a: 老烈|spd|1
|move|p1a: Xerneas|Draining Kiss|p2a: 老烈
|-supereffective|p2a: 老烈
|-damage|p2a: 老烈|0 fnt
|-heal|p1a: Xerneas|82/100|[from] drain|[of] p2a: 老烈
|faint|p2a: 老烈
|-weather|none
|
|upkeep
|
|t:|1664632808
|switch|p2a: Y鸟|Yveltal|100/100
|-damage|p2a: Y鸟|76/100|[from] Stealth Rock
|-ability|p2a: Y鸟|Dark Aura
|turn|11
|
|t:|1664632811
|move|p2a: Y鸟|Taunt|p1a: Xerneas
|-start|p1a: Xerneas|move: Taunt
|move|p1a: Xerneas|Draining Kiss|p2a: Y鸟
|-supereffective|p2a: Y鸟
|-damage|p2a: Y鸟|4/100
|-heal|p1a: Xerneas|100/100|[from] drain|[of] p2a: Y鸟
|
|upkeep
|turn|12
|
|t:|1664632814
|move|p2a: Y鸟|Oblivion Wing|p1a: Xerneas
|-damage|p1a: Xerneas|48/100
|-heal|p2a: Y鸟|43/100|[from] drain|[of] p1a: Xerneas
|-damage|p2a: Y鸟|33/100|[from] item: Life Orb
|move|p1a: Xerneas|Draining Kiss|p2a: Y鸟
|-supereffective|p2a: Y鸟
|-damage|p2a: Y鸟|0 fnt
|-heal|p1a: Xerneas|73/100|[from] drain|[of] p2a: Y鸟
|faint|p2a: Y鸟
|
|upkeep
|
|t:|1664632816
|switch|p2a: 钢铁之躯|Necrozma-Dusk-Mane|100/100
|-damage|p2a: 钢铁之躯|94/100|[from] Stealth Rock
|turn|13
|
|t:|1664632823
|switch|p1a: Eternatus|Eternatus|100/100
|-damage|p1a: Eternatus|88/100|[from] Stealth Rock
|-ability|p1a: Eternatus|Pressure
|move|p2a: 钢铁之躯|Dragon Dance|p2a: 钢铁之躯
|-boost|p2a: 钢铁之躯|atk|1
|-boost|p2a: 钢铁之躯|spe|1
|
|-heal|p1a: Eternatus|94/100|[from] item: Black Sludge
|upkeep
|turn|14
|
|t:|1664632832
|move|p1a: Eternatus|Cosmic Power|p1a: Eternatus
|-boost|p1a: Eternatus|def|1
|-boost|p1a: Eternatus|spd|1
|move|p2a: 钢铁之躯|Dragon Dance|p2a: 钢铁之躯
|-boost|p2a: 钢铁之躯|atk|1
|-boost|p2a: 钢铁之躯|spe|1
|
|-heal|p1a: Eternatus|100/100|[from] item: Black Sludge
|upkeep
|turn|15
|
|t:|1664632835
|move|p2a: 钢铁之躯|Photon Geyser|p1a: Eternatus
|-supereffective|p1a: Eternatus
|-damage|p1a: Eternatus|0 fnt
|faint|p1a: Eternatus
|
|upkeep
|
|t:|1664632840
|switch|p1a: Ditto|Ditto|88/100
|-damage|p1a: Ditto|76/100|[from] Stealth Rock
|-transform|p1a: Ditto|p2a: 钢铁之躯|[from] ability: Imposter
|turn|16
|
|t:|1664632843
|detailschange|p2a: 钢铁之躯|Necrozma-Ultra
|-burst|p2a: 钢铁之躯|Necrozma|Ultranecrozium Z
|-start|p1a: Ditto|Dynamax|
|-heal|p1a: Ditto|76/100|[silent]
|move|p2a: 钢铁之躯|Earthquake|p1a: Ditto
|-supereffective|p1a: Ditto
|-damage|p1a: Ditto|1/100
|move|p1a: Ditto|Max Quake|p2a: 钢铁之躯
|-crit|p2a: 钢铁之躯
|-damage|p2a: 钢铁之躯|0 fnt
|-boost|p1a: Ditto|spd|1
|faint|p2a: 钢铁之躯
|
|upkeep
|
|t:|1664632851
|switch|p2a: 悬空羊驼|Arceus-Flying|100/100
|-damage|p2a: 悬空羊驼|76/100|[from] Stealth Rock
|turn|17
|
|t:|1664632856
|-start|p2a: 悬空羊驼|Dynamax|
|-heal|p2a: 悬空羊驼|76/100|[silent]
|move|p1a: Ditto|Max Quake|p2a: 悬空羊驼
|-immune|p2a: 悬空羊驼
|move|p2a: 悬空羊驼|Max Airstream|p1a: Ditto
|-resisted|p1a: Ditto
|-damage|p1a: Ditto|0 fnt
|-boost|p2a: 悬空羊驼|spe|1
|faint|p1a: Ditto
|
|upkeep
|
|t:|1664632862
|switch|p1a: Yveltal|Yveltal|100/100
|-damage|p1a: Yveltal|76/100|[from] Stealth Rock
|-ability|p1a: Yveltal|Dark Aura
|turn|18
|
|t:|1664632865
|move|p2a: 悬空羊驼|Max Airstream|p1a: Yveltal
|-damage|p1a: Yveltal|0 fnt
|-boost|p2a: 悬空羊驼|spe|1
|faint|p1a: Yveltal
|
|upkeep
|
|t:|1664632867
|switch|p1a: Xerneas|Xerneas|73/100
|-damage|p1a: Xerneas|60/100|[from] Stealth Rock
|-ability|p1a: Xerneas|Fairy Aura
|turn|19
|
|t:|1664632868
|move|p2a: 悬空羊驼|Max Airstream|p1a: Xerneas
|-damage|p1a: Xerneas|0 fnt
|-boost|p2a: 悬空羊驼|spe|1
|faint|p1a: Xerneas
|
|win|CLEAR GEM清瑜
|raw|diggersboy660's rating: 1850 &rarr; <strong>1826</strong><br />(-24 for losing)
|raw|CLEAR GEM清瑜's rating: 1776 &rarr; <strong>1800</strong><br />(+24 for winning)
|l|☆diggersboy660
||Ladder isn't responding, score probably updated but might not have (Request timeout).
