|j|☆kek1445645
|j|☆aseeasase
|t:|1664417739
|gametype|singles
|player|p1|kek1445645|lucas|1857
|player|p2|aseeasase|102|1839
|teamsize|p1|6
|teamsize|p2|6
|gen|8
|tier|[Gen 8] National Dex AG
|rated|
|rule|HP Percentage Mod: HP is shown in percentages
|rule|Endless Battle Clause: Forcing endless battles is banned
|clearpoke
|poke|p1|Groudon|
|poke|p1|Rayquaza|
|poke|p1|Zygarde|
|poke|p1|Calyrex-Shadow|
|poke|p1|Arceus-*|
|poke|p1|Arceus-*|
|poke|p2|Infernape, F|
|poke|p2|Smeargle, M|
|poke|p2|Necrozma-Dawn-Wings|
|poke|p2|Necrozma-Dusk-Mane|
|poke|p2|Yveltal|
|poke|p2|Arceus-*|
|teampreview
|
|t:|1664417749
|start
|switch|p1a: the gwoat|Rayquaza|100/100
|switch|p2a: Smeargle|Smeargle, M|100/100
|-ability|p1a: the gwoat|Air Lock
|turn|1
|
|t:|1664417753
|detailschange|p1a: the gwoat|Rayquaza-Mega
|-mega|p1a: the gwoat|Rayquaza|
|-weather|DeltaStream|[from] ability: Delta Stream|[of] p1a: the gwoat
|move|p1a: the gwoat|Scale Shot|p2a: Smeargle
|-damage|p2a: Smeargle|44/100
|-damage|p2a: Smeargle|0 fnt
|faint|p2a: Smeargle
|-hitcount|p2: Smeargle|2
|-unboost|p1a: the gwoat|def|1
|-boost|p1a: the gwoat|spe|1
|-damage|p1a: the gwoat|91/100|[from] item: Life Orb
|
|-weather|DeltaStream|[upkeep]
|upkeep
|
|t:|1664417772
|switch|p2a: Yveltal|Yveltal|100/100
|-ability|p2a: Yveltal|Dark Aura
|turn|2
|
|t:|1664417779
|move|p1a: the gwoat|Dragon Ascent|p2a: Yveltal
|-damage|p2a: Yveltal|0 fnt
|-unboost|p1a: the gwoat|def|1
|-unboost|p1a: the gwoat|spd|1
|faint|p2a: Yveltal
|-damage|p1a: the gwoat|81/100|[from] item: Life Orb
|
|-weather|DeltaStream|[upkeep]
|upkeep
|
|t:|1664417794
|switch|p2a: Necrozma|Necrozma-Dusk-Mane|100/100
|turn|3
|
|t:|1664417800
|-weather|none
|switch|p1a: the goat|Zygarde, shiny|100/100
|move|p2a: Necrozma|Sunsteel Strike|p1a: the goat
|-damage|p1a: the goat|55/100
|-damage|p2a: Necrozma|91/100|[from] item: Life Orb
|
|-heal|p1a: the goat|61/100|[from] item: Leftovers
|upkeep
|turn|4
|
|t:|1664417806
|switch|p2a: Arceus|Arceus-Electric|100/100
|move|p1a: the goat|Glare|p2a: Arceus
|-immune|p2a: Arceus
|
|-heal|p1a: the goat|67/100|[from] item: Leftovers
|upkeep
|turn|5
|
|t:|1664417816
|switch|p2a: Infernape|Infernape, F|100/100
|switch|p1a: Arceus|Arceus-Fairy|100/100
|
|upkeep
|turn|6
|
|t:|1664417821
|move|p2a: Infernape|Stealth Rock|p1a: Arceus
|-sidestart|p1: kek1445645|move: Stealth Rock
|move|p1a: Arceus|Thunder Wave|p2a: Infernape
|-status|p2a: Infernape|par
|
|upkeep
|turn|7
|
|t:|1664417824
|move|p1a: Arceus|Judgment|p2a: Infernape
|-damage|p2a: Infernape|32/100 par
|cant|p2a: Infernape|par
|
|upkeep
|turn|8
|
|t:|1664417828
|move|p1a: Arceus|Judgment|p2a: Infernape
|-damage|p2a: Infernape|0 fnt
|faint|p2a: Infernape
|
|upkeep
|
|t:|1664417832
|switch|p2a: Arceus|Arceus-Electric|100/100
|turn|9
|
|t:|1664417833
|move|p2a: Arceus|Calm Mind|p2a: Arceus
|-boost|p2a: Arceus|spa|1
|-boost|p2a: Arceus|spd|1
|move|p1a: Arceus|Perish Song|p1a: Arceus
|-start|p1a: Arceus|perish3|[silent]
|-start|p2a: Arceus|perish3|[silent]
|-fieldactivate|move: Perish Song
|
|-start|p2a: Arceus|perish3
|-start|p1a: Arceus|perish3
|upkeep
|turn|10
|
|t:|1664417837
|move|p2a: Arceus|Calm Mind|p2a: Arceus
|-boost|p2a: Arceus|spa|1
|-boost|p2a: Arceus|spd|1
|move|p1a: Arceus|Judgment|p2a: Arceus
|-damage|p2a: Arceus|83/100
|
|-start|p2a: Arceus|perish2
|-start|p1a: Arceus|perish2
|upkeep
|turn|11
|
|t:|1664417840
|move|p2a: Arceus|Judgment|p1a: Arceus
|-damage|p1a: Arceus|32/100
|move|p1a: Arceus|Judgment|p2a: Arceus
|-damage|p2a: Arceus|64/100
|
|-start|p2a: Arceus|perish1
|-start|p1a: Arceus|perish1
|upkeep
|turn|12
|
|t:|1664417847
|switch|p2a: Necrozma|Necrozma-Dawn-Wings|100/100
|switch|p1a: Calyrex|Calyrex-Shadow|100/100
|-ability|p1a: Calyrex|As One
|-ability|p1a: Calyrex|Unnerve
|-damage|p1a: Calyrex|88/100|[from] Stealth Rock
|
|-heal|p1a: Calyrex|94/100|[from] item: Leftovers
|upkeep
|turn|13
|
|t:|1664417859
|detailschange|p2a: Necrozma|Necrozma-Ultra
|-burst|p2a: Necrozma|Necrozma|Ultranecrozium Z
|move|p1a: Calyrex|Astral Barrage|p2a: Necrozma
|-supereffective|p2a: Necrozma
|-damage|p2a: Necrozma|0 fnt
|faint|p2a: Necrozma
|-ability|p1a: Calyrex|Grim Neigh|boost
|-boost|p1a: Calyrex|spa|1
|
|-heal|p1a: Calyrex|100/100|[from] item: Leftovers
|upkeep
|
|t:|1664417861
|switch|p2a: Arceus|Arceus-Electric|64/100
|turn|14
|-message|aseeasase forfeited.
|
|win|kek1445645
|raw|kek1445645's rating: 1857 &rarr; <strong>1876</strong><br />(+19 for winning)
|raw|aseeasase's rating: 1839 &rarr; <strong>1820</strong><br />(-19 for losing)
|l|☆aseeasase
||Ladder isn't responding, score probably updated but might not have (Request timeout).
