|j|☆tolm_e
|j|☆default0
|inactive|Battle timer is ON: inactive players will automatically lose when time's up.
|t:|1661912405
|gametype|singles
|player|p1|tolm_e|ghetsis|
|player|p2|default0|skierf-gen4dp|
|teamsize|p1|6
|teamsize|p2|6
|gen|8
|tier|[Gen 8] National Dex AG
|rated|Tournament battle
|rule|HP Percentage Mod: HP is shown in percentages
|rule|Endless Battle Clause: Forcing endless battles is banned
|clearpoke
|poke|p1|Rayquaza|
|poke|p1|Calyrex-Shadow|
|poke|p1|Ditto|
|poke|p1|Lugia|
|poke|p1|Groudon|
|poke|p1|Urshifu-*, F|
|poke|p2|Eternatus|
|poke|p2|Necrozma-Dusk-Mane|
|poke|p2|Arceus-*|
|poke|p2|Marshadow|
|poke|p2|Kyogre|
|poke|p2|Rayquaza|
|teampreview
|j|*Lady Monita
|c|☆tolm_e|oh god its you
|c|☆tolm_e|ive lost to you so many times before
|c|☆tolm_e|anyways
|c|☆tolm_e|glhf
|j| High ladder bros
|
|t:|1661912434
|start
|switch|p1a: Rayquaza|Rayquaza|100/100
|switch|p2a: Rayquaza|Rayquaza|100/100
|-ability|p1a: Rayquaza|Air Lock
|-ability|p2a: Rayquaza|Air Lock
|turn|1
|
|t:|1661912451
|switch|p2a: Necrozma|Necrozma-Dusk-Mane|100/100
|detailschange|p1a: Rayquaza|Rayquaza-Mega
|-mega|p1a: Rayquaza|Rayquaza|
|-weather|DeltaStream|[from] ability: Delta Stream|[of] p1a: Rayquaza
|move|p1a: Rayquaza|Dragon Ascent|p2a: Necrozma
|-resisted|p2a: Necrozma
|-damage|p2a: Necrozma|70/100
|-unboost|p1a: Rayquaza|def|1
|-unboost|p1a: Rayquaza|spd|1
|-damage|p1a: Rayquaza|84/100|[from] item: Rocky Helmet|[of] p2a: Necrozma
|
|-weather|DeltaStream|[upkeep]
|upkeep
|turn|2
|
|t:|1661912460
|-weather|none
|switch|p1a: Groudon|Groudon|100/100
|detailschange|p1a: Groudon|Groudon-Primal
|-primal|p1a: Groudon
|-weather|DesolateLand|[from] ability: Desolate Land|[of] p1a: Groudon
|switch|p2a: Eternatus|Eternatus|100/100
|-ability|p2a: Eternatus|Pressure
|
|-weather|DesolateLand|[upkeep]
|upkeep
|turn|3
|
|t:|1661912471
|switch|p2a: Rayquaza|Rayquaza|100/100
|-ability|p2a: Rayquaza|Air Lock
|move|p1a: Groudon|Rock Tomb|p2a: Rayquaza
|-supereffective|p2a: Rayquaza
|-damage|p2a: Rayquaza|40/100
|-unboost|p2a: Rayquaza|spe|1
|
|-weather|DesolateLand|[upkeep]
|upkeep
|turn|4
|
|t:|1661912491
|detailschange|p2a: Rayquaza|Rayquaza-Mega
|-mega|p2a: Rayquaza|Rayquaza|
|-weather|DeltaStream|[from] ability: Delta Stream|[of] p2a: Rayquaza
|move|p1a: Groudon|Rock Tomb|p2a: Rayquaza
|-activate||deltastream
|-damage|p2a: Rayquaza|14/100
|-unboost|p2a: Rayquaza|spe|1
|move|p2a: Rayquaza|Dragon Ascent|p1a: Groudon
|-damage|p1a: Groudon|47/100
|-unboost|p2a: Rayquaza|def|1
|-unboost|p2a: Rayquaza|spd|1
|
|-weather|DeltaStream|[upkeep]
|upkeep
|turn|5
|
|t:|1661912506
|move|p2a: Rayquaza|Extreme Speed|p1a: Groudon
|-damage|p1a: Groudon|22/100
|move|p1a: Groudon|Rock Tomb|p2a: Rayquaza
|-activate||deltastream
|-damage|p2a: Rayquaza|0 fnt
|faint|p2a: Rayquaza
|-weather|none
|
|upkeep
|
|t:|1661912511
|switch|p2a: Marshadow|Marshadow|100/100
|turn|6
|
|t:|1661912520
|move|p2a: Marshadow|Spectral Thief|p1a: Groudon
|-damage|p1a: Groudon|0 fnt
|faint|p1a: Groudon
|-damage|p2a: Marshadow|91/100|[from] item: Life Orb
|
|upkeep
|
|t:|1661912529
|switch|p1a: Ditto|Ditto|100/100
|-transform|p1a: Ditto|p2a: Marshadow|[from] ability: Imposter
|turn|7
|
|t:|1661912535
|switch|p2a: Eternatus|Eternatus|100/100
|-ability|p2a: Eternatus|Pressure
|move|p1a: Ditto|Spectral Thief|p2a: Eternatus
|-damage|p2a: Eternatus|66/100
|
|upkeep
|turn|8
|
|t:|1661912547
|switch|p1a: Lugia|Lugia|100/100
|move|p2a: Eternatus|Toxic Spikes|p1a: Lugia
|-sidestart|p1: tolm_e|move: Toxic Spikes
|
|upkeep
|turn|9
|
|t:|1661912554
|move|p2a: Eternatus|Sludge Bomb|p1a: Lugia
|-damage|p1a: Lugia|89/100
|move|p1a: Lugia|Thunder Wave|p2a: Eternatus
|-status|p2a: Eternatus|par
|
|upkeep
|turn|10
|
|t:|1661912557
|move|p1a: Lugia|Psychic|p2a: Eternatus
|-supereffective|p2a: Eternatus
|-damage|p2a: Eternatus|29/100 par
|move|p2a: Eternatus|Recover|p2a: Eternatus
|-heal|p2a: Eternatus|80/100 par
|
|upkeep
|turn|11
|
|t:|1661912564
|switch|p2a: Arceus|Arceus-Dark|100/100
|move|p1a: Lugia|Roost|p1a: Lugia
|-heal|p1a: Lugia|100/100
|-singleturn|p1a: Lugia|move: Roost
|
|upkeep
|turn|12
|
|t:|1661912568
|move|p2a: Arceus|Judgment|p1a: Lugia
|-supereffective|p1a: Lugia
|-damage|p1a: Lugia|77/100
|move|p1a: Lugia|Thunder Wave|p2a: Arceus
|-status|p2a: Arceus|par
|
|upkeep
|turn|13
|
|t:|1661912575
|move|p1a: Lugia|Roost|p1a: Lugia
|-heal|p1a: Lugia|100/100
|-singleturn|p1a: Lugia|move: Roost
|move|p2a: Arceus|Refresh|p2a: Arceus
|-curestatus|p2a: Arceus|par|[msg]
|
|upkeep
|turn|14
|
|t:|1661912580
|move|p2a: Arceus|Calm Mind|p2a: Arceus
|-boost|p2a: Arceus|spa|1
|-boost|p2a: Arceus|spd|1
|move|p1a: Lugia|Defog|p2a: Arceus
|-unboost|p2a: Arceus|evasion|1
|-sideend|p1: tolm_e|Toxic Spikes|[from] move: Defog|[of] p1a: Lugia
|
|upkeep
|turn|15
|
|t:|1661912584
|move|p2a: Arceus|Judgment|p1a: Lugia
|-supereffective|p1a: Lugia
|-damage|p1a: Lugia|61/100
|move|p1a: Lugia|Thunder Wave|p2a: Arceus
|-status|p2a: Arceus|par
|
|upkeep
|turn|16
|
|t:|1661912590
|switch|p1a: Urshifu|Urshifu, F|100/100
|move|p2a: Arceus|Refresh|p2a: Arceus
|-curestatus|p2a: Arceus|par|[msg]
|
|upkeep
|turn|17
|
|t:|1661912597
|switch|p2a: Eternatus|Eternatus|80/100 par
|-ability|p2a: Eternatus|Pressure
|move|p1a: Urshifu|Close Combat|p2a: Eternatus
|-resisted|p2a: Eternatus
|-damage|p2a: Eternatus|58/100 par
|-unboost|p1a: Urshifu|def|1
|-unboost|p1a: Urshifu|spd|1
|
|upkeep
|turn|18
|
|t:|1661912613
|switch|p1a: Lugia|Lugia|61/100
|move|p2a: Eternatus|Recover|p2a: Eternatus
|-heal|p2a: Eternatus|100/100 par
|
|upkeep
|turn|19
|
|t:|1661912619
|move|p1a: Lugia|Roost|p1a: Lugia
|-heal|p1a: Lugia|100/100
|-singleturn|p1a: Lugia|move: Roost
|move|p2a: Eternatus|Sludge Bomb|p1a: Lugia
|-damage|p1a: Lugia|90/100
|
|upkeep
|turn|20
|
|t:|1661912631
|move|p1a: Lugia|Psychic|p2a: Eternatus
|-supereffective|p2a: Eternatus
|-damage|p2a: Eternatus|66/100 par
|move|p2a: Eternatus|Sludge Bomb|p1a: Lugia
|-damage|p1a: Lugia|67/100
|
|upkeep
|turn|21
|
|t:|1661912640
|switch|p2a: Necrozma|Necrozma-Dusk-Mane|70/100
|move|p1a: Lugia|Psychic|p2a: Necrozma
|-resisted|p2a: Necrozma
|-damage|p2a: Necrozma|65/100
|
|upkeep
|turn|22
|
|t:|1661912646
|move|p1a: Lugia|Roost|p1a: Lugia
|-heal|p1a: Lugia|100/100
|-singleturn|p1a: Lugia|move: Roost
|move|p2a: Necrozma|Moonlight|p2a: Necrozma
|-heal|p2a: Necrozma|100/100
|
|upkeep
|turn|23
|
|t:|1661912650
|move|p1a: Lugia|Thunder Wave|p2a: Necrozma
|-status|p2a: Necrozma|par
|cant|p2a: Necrozma|par
|
|upkeep
|turn|24
|
|t:|1661912656
|switch|p1a: Urshifu|Urshifu, F|100/100
|move|p2a: Necrozma|Sunsteel Strike|p1a: Urshifu
|-damage|p1a: Urshifu|51/100
|
|upkeep
|turn|25
|
|t:|1661912668
|move|p1a: Urshifu|Wicked Blow|p2a: Necrozma
|-supereffective|p2a: Necrozma
|-crit|p2a: Necrozma
|-damage|p2a: Necrozma|50/100 par
|-damage|p1a: Urshifu|35/100|[from] item: Rocky Helmet|[of] p2a: Necrozma
|move|p2a: Necrozma|Sunsteel Strike|p1a: Urshifu
|-crit|p1a: Urshifu
|-damage|p1a: Urshifu|0 fnt
|faint|p1a: Urshifu
|
|upkeep
|
|t:|1661912678
|switch|p1a: Calyrex|Calyrex-Shadow|100/100
|-ability|p1a: Calyrex|As One
|-ability|p1a: Calyrex|Unnerve
|turn|26
|
|t:|1661912685
|switch|p2a: Arceus|Arceus-Dark|100/100
|move|p1a: Calyrex|Astral Barrage|p2a: Arceus
|-resisted|p2a: Arceus
|-damage|p2a: Arceus|83/100
|
|upkeep
|turn|27
|
|t:|1661912694
|switch|p1a: Lugia|Lugia|100/100
|move|p2a: Arceus|Calm Mind|p2a: Arceus
|-boost|p2a: Arceus|spa|1
|-boost|p2a: Arceus|spd|1
|
|upkeep
|turn|28
|
|t:|1661912698
|move|p2a: Arceus|Calm Mind|p2a: Arceus
|-boost|p2a: Arceus|spa|1
|-boost|p2a: Arceus|spd|1
|move|p1a: Lugia|Thunder Wave|p2a: Arceus
|-status|p2a: Arceus|par
|
|upkeep
|turn|29
|
|t:|1661912704
|switch|p1a: Rayquaza|Rayquaza-Mega|84/100
|-weather|DeltaStream|[from] ability: Delta Stream|[of] p1a: Rayquaza
|move|p2a: Arceus|Judgment|p1a: Rayquaza
|-damage|p1a: Rayquaza|0 fnt
|faint|p1a: Rayquaza
|-weather|none
|
|upkeep
|
|t:|1661912714
|switch|p1a: Ditto|Ditto|100/100
|-transform|p1a: Ditto|p2a: Arceus|[from] ability: Imposter
|turn|30
|
|t:|1661912722
|move|p1a: Ditto|Judgment|p2a: Arceus
|-damage|p2a: Arceus|69/100 par
|cant|p2a: Arceus|par
|
|upkeep
|turn|31
|c|☆tolm_e|AA
|
|t:|1661912735
|move|p1a: Ditto|Judgment|p2a: Arceus
|-damage|p2a: Arceus|56/100 par
|move|p2a: Arceus|Refresh|p2a: Arceus
|-curestatus|p2a: Arceus|par|[msg]
|
|upkeep
|turn|32
|
|t:|1661912743
|move|p1a: Ditto|Judgment|p2a: Arceus
|-damage|p2a: Arceus|43/100
|move|p2a: Arceus|Recover|p2a: Arceus
|-heal|p2a: Arceus|93/100
|
|upkeep
|turn|33
|
|t:|1661912750
|move|p1a: Ditto|Judgment|p2a: Arceus
|-damage|p2a: Arceus|80/100
|move|p2a: Arceus|Judgment|p1a: Ditto
|-resisted|p1a: Ditto
|-damage|p1a: Ditto|84/100
|
|upkeep
|turn|34
|
|t:|1661912760
|switch|p1a: Lugia|Lugia|100/100
|move|p2a: Arceus|Calm Mind|p2a: Arceus
|-boost|p2a: Arceus|spa|1
|-boost|p2a: Arceus|spd|1
|
|upkeep
|turn|35
|
|t:|1661912764
|move|p2a: Arceus|Judgment|p1a: Lugia
|-supereffective|p1a: Lugia
|-damage|p1a: Lugia|41/100
|move|p1a: Lugia|Thunder Wave|p2a: Arceus
|-status|p2a: Arceus|par
|
|upkeep
|turn|36
|
|t:|1661912774
|move|p1a: Lugia|Roost|p1a: Lugia
|-heal|p1a: Lugia|91/100
|-singleturn|p1a: Lugia|move: Roost
|move|p2a: Arceus|Judgment|p1a: Lugia
|-supereffective|p1a: Lugia
|-damage|p1a: Lugia|0 fnt
|faint|p1a: Lugia
|
|upkeep
|
|t:|1661912780
|switch|p1a: Calyrex|Calyrex-Shadow|100/100
|-ability|p1a: Calyrex|As One
|-ability|p1a: Calyrex|Unnerve
|turn|37
|
|t:|1661912787
|move|p1a: Calyrex|Nasty Plot|p1a: Calyrex
|-boost|p1a: Calyrex|spa|2
|move|p2a: Arceus|Judgment|p1a: Calyrex
|-supereffective|p1a: Calyrex
|-enditem|p1a: Calyrex|Focus Sash
|-damage|p1a: Calyrex|1/100
|
|upkeep
|turn|38
|
|t:|1661912797
|switch|p2a: Necrozma|Necrozma-Dusk-Mane|50/100 par
|move|p1a: Calyrex|Nasty Plot|p1a: Calyrex
|-boost|p1a: Calyrex|spa|2
|
|upkeep
|turn|39
|c|☆tolm_e|welp ggs
|
|t:|1661912807
|-start|p1a: Calyrex|Dynamax|
|-heal|p1a: Calyrex|1/100|[silent]
|move|p1a: Calyrex|Max Phantasm|p2a: Necrozma
|-supereffective|p2a: Necrozma
|-damage|p2a: Necrozma|0 fnt
|faint|p2a: Necrozma
|-ability|p1a: Calyrex|Grim Neigh|boost
|-boost|p1a: Calyrex|spa|1
|
|upkeep
|
|t:|1661912812
|switch|p2a: Marshadow|Marshadow|91/100
|turn|40
|
|t:|1661912826
|-end|p1a: Calyrex|Dynamax
|-heal|p1a: Calyrex|1/100|[silent]
|switch|p1a: Ditto|Ditto|84/100
|-transform|p1a: Ditto|p2a: Marshadow|[from] ability: Imposter
|move|p2a: Marshadow|Shadow Sneak|p1a: Ditto
|-supereffective|p1a: Ditto
|-damage|p1a: Ditto|0 fnt
|faint|p1a: Ditto
|-damage|p2a: Marshadow|81/100|[from] item: Life Orb
|
|upkeep
|
|t:|1661912835
|switch|p1a: Calyrex|Calyrex-Shadow|1/100
|-ability|p1a: Calyrex|As One
|-ability|p1a: Calyrex|Unnerve
|turn|41
|
|t:|1661912841
|move|p2a: Marshadow|Shadow Sneak|p1a: Calyrex
|-supereffective|p1a: Calyrex
|-damage|p1a: Calyrex|0 fnt
|faint|p1a: Calyrex
|-damage|p2a: Marshadow|71/100|[from] item: Life Orb
|
|win|default0
|n|☆tolm_e|tolme
|n|☆default0|default0
|n|*Lady Monita|ladymonita
|n| High ladder bros|highladderbros
|l|*Lady Monita
|l|☆default0
|l|☆tolm_e
