|j|☆BrixTrynaLuv
|j|☆Crystraco
|t:|1663109868
|gametype|singles
|player|p1|BrixTrynaLuv|az|1783
|player|p2|Crystraco|2|1845
|teamsize|p1|6
|teamsize|p2|6
|gen|8
|tier|[Gen 8] National Dex AG
|rated|
|rule|HP Percentage Mod: HP is shown in percentages
|rule|Endless Battle Clause: Forcing endless battles is banned
|clearpoke
|poke|p1|Tyranitar, M|
|poke|p1|Ferrothorn, M|
|poke|p1|Quagsire, F|
|poke|p1|Yveltal|
|poke|p1|Zacian-*|
|poke|p1|Calyrex-Shadow|
|poke|p2|Kyogre|
|poke|p2|Excadrill, M|
|poke|p2|Arceus-*|
|poke|p2|Ditto|
|poke|p2|Salamence, M|
|poke|p2|Xerneas-*|
|teampreview
|inactive|Battle timer is ON: inactive players will automatically lose when time's up. (requested by BrixTrynaLuv)
|
|t:|1663109888
|start
|switch|p1a: Ferrothorn|Ferrothorn, M, shiny|100/100
|switch|p2a: Excadrill|Excadrill, M|100/100
|-ability|p2a: Excadrill|Mold Breaker
|turn|1
|
|t:|1663109896
|move|p2a: Excadrill|Stealth Rock|p1a: Ferrothorn
|-sidestart|p1: BrixTrynaLuv|move: Stealth Rock
|move|p1a: Ferrothorn|Leech Seed|p2a: Excadrill
|-start|p2a: Excadrill|move: Leech Seed
|
|-damage|p2a: Excadrill|88/100|[from] Leech Seed|[of] p1a: Ferrothorn
|upkeep
|turn|2
|
|t:|1663109904
|switch|p2a: Salamence|Salamence, M|100/100
|-ability|p2a: Salamence|Intimidate|boost
|-unboost|p1a: Ferrothorn|atk|1
|move|p1a: Ferrothorn|Power Whip|p2a: Salamence
|-resisted|p2a: Salamence
|-damage|p2a: Salamence|92/100
|
|upkeep
|turn|3
|
|t:|1663109913
|switch|p1a: Quagsire|Quagsire, F, shiny|100/100
|-damage|p1a: Quagsire|94/100|[from] Stealth Rock
|detailschange|p2a: Salamence|Salamence-Mega, M
|-mega|p2a: Salamence|Salamence|Salamencite
|move|p2a: Salamence|Dragon Dance|p2a: Salamence
|-boost|p2a: Salamence|atk|1
|-boost|p2a: Salamence|spe|1
|
|upkeep
|turn|4
|
|t:|1663109917
|move|p2a: Salamence|Frustration|p1a: Quagsire
|-damage|p1a: Quagsire|45/100
|-damage|p2a: Salamence|75/100|[from] item: Rocky Helmet|[of] p1a: Quagsire
|move|p1a: Quagsire|Scald|p2a: Salamence
|-resisted|p2a: Salamence
|-damage|p2a: Salamence|66/100
|-status|p2a: Salamence|brn
|
|-damage|p2a: Salamence|60/100 brn|[from] brn
|upkeep
|turn|5
|
|t:|1663109924
|move|p2a: Salamence|Frustration|p1a: Quagsire
|-damage|p1a: Quagsire|19/100
|-damage|p2a: Salamence|43/100 brn|[from] item: Rocky Helmet|[of] p1a: Quagsire
|move|p1a: Quagsire|Recover|p1a: Quagsire
|-heal|p1a: Quagsire|69/100
|
|-damage|p2a: Salamence|37/100 brn|[from] brn
|upkeep
|turn|6
|
|t:|1663109946
|switch|p2a: Kyogre|Kyogre|100/100
|detailschange|p2a: Kyogre|Kyogre-Primal
|-primal|p2a: Kyogre
|-weather|PrimordialSea|[from] ability: Primordial Sea|[of] p2a: Kyogre
|move|p1a: Quagsire|Recover|p1a: Quagsire
|-heal|p1a: Quagsire|100/100
|
|-weather|PrimordialSea|[upkeep]
|upkeep
|turn|7
|
|t:|1663109961
|move|p2a: Kyogre|Origin Pulse|p1a: Quagsire
|-damage|p1a: Quagsire|0 fnt
|faint|p1a: Quagsire
|
|-weather|PrimordialSea|[upkeep]
|upkeep
|
|t:|1663109970
|switch|p1a: Ciano|Zacian-Crowned, shiny|100/100
|-damage|p1a: Ciano|94/100|[from] Stealth Rock
|-ability|p1a: Ciano|Intrepid Sword|boost
|-boost|p1a: Ciano|atk|1
|turn|8
|
|t:|1663109979
|-weather|none
|switch|p2a: Salamence|Salamence-Mega, M|37/100 brn
|move|p1a: Ciano|Substitute|p1a: Ciano
|-start|p1a: Ciano|Substitute
|-damage|p1a: Ciano|69/100
|
|-damage|p2a: Salamence|31/100 brn|[from] brn
|upkeep
|turn|9
|
|t:|1663109984
|move|p1a: Ciano|Behemoth Blade|p2a: Salamence
|-damage|p2a: Salamence|0 fnt
|faint|p2a: Salamence
|
|upkeep
|
|t:|1663109990
|switch|p2a: Xerneas|Xerneas|100/100
|-ability|p2a: Xerneas|Fairy Aura
|turn|10
|
|t:|1663109992
|move|p2a: Xerneas|Moonblast|p1a: Ciano
|-resisted|p1a: Ciano
|-end|p1a: Ciano|Substitute
|move|p1a: Ciano|Behemoth Blade|p2a: Xerneas
|-supereffective|p2a: Xerneas
|-damage|p2a: Xerneas|0 fnt
|faint|p2a: Xerneas
|
|upkeep
|
|t:|1663109994
|switch|p2a: Ditto|Ditto|100/100
|-transform|p2a: Ditto|p1a: Ciano|[from] ability: Imposter
|-ability|p2a: Ditto|Intrepid Sword|boost
|-boost|p2a: Ditto|atk|1
|turn|11
|
|t:|1663110002
|switch|p1a: Ferrothorn|Ferrothorn, M, shiny|100/100
|-damage|p1a: Ferrothorn|94/100|[from] Stealth Rock
|move|p2a: Ditto|Behemoth Blade|p1a: Ferrothorn
|-resisted|p1a: Ferrothorn
|-damage|p1a: Ferrothorn|56/100
|-damage|p2a: Ditto|88/100|[from] ability: Iron Barbs|[of] p1a: Ferrothorn
|
|-heal|p1a: Ferrothorn|62/100|[from] item: Leftovers
|upkeep
|turn|12
|
|t:|1663110011
|move|p2a: Ditto|Behemoth Blade|p1a: Ferrothorn
|-resisted|p1a: Ferrothorn
|-damage|p1a: Ferrothorn|24/100
|-damage|p2a: Ditto|76/100|[from] ability: Iron Barbs|[of] p1a: Ferrothorn
|move|p1a: Ferrothorn|Leech Seed|p2a: Ditto
|-start|p2a: Ditto|move: Leech Seed
|
|-heal|p1a: Ferrothorn|31/100|[from] item: Leftovers
|-damage|p2a: Ditto|63/100|[from] Leech Seed|[of] p1a: Ferrothorn
|-heal|p1a: Ferrothorn|41/100|[silent]
|upkeep
|turn|13
|
|t:|1663110016
|move|p1a: Ferrothorn|Protect|p1a: Ferrothorn
|-singleturn|p1a: Ferrothorn|Protect
|move|p2a: Ditto|Behemoth Blade|p1a: Ferrothorn
|-activate|p1a: Ferrothorn|move: Protect
|
|-heal|p1a: Ferrothorn|47/100|[from] item: Leftovers
|-damage|p2a: Ditto|51/100|[from] Leech Seed|[of] p1a: Ferrothorn
|-heal|p1a: Ferrothorn|58/100|[silent]
|upkeep
|turn|14
|
|t:|1663110020
|move|p2a: Ditto|Behemoth Blade|p1a: Ferrothorn
|-resisted|p1a: Ferrothorn
|-damage|p1a: Ferrothorn|23/100
|-damage|p2a: Ditto|39/100|[from] ability: Iron Barbs|[of] p1a: Ferrothorn
|move|p1a: Ferrothorn|Power Whip|p2a: Ditto
|-resisted|p2a: Ditto
|-damage|p2a: Ditto|18/100
|
|-heal|p1a: Ferrothorn|29/100|[from] item: Leftovers
|-damage|p2a: Ditto|6/100|[from] Leech Seed|[of] p1a: Ferrothorn
|-heal|p1a: Ferrothorn|40/100|[silent]
|upkeep
|turn|15
|
|t:|1663110032
|switch|p2a: Excadrill|Excadrill, M|88/100
|-ability|p2a: Excadrill|Mold Breaker
|move|p1a: Ferrothorn|Protect||[still]
|-fail|p1a: Ferrothorn
|
|-heal|p1a: Ferrothorn|46/100|[from] item: Leftovers
|upkeep
|turn|16
|
|t:|1663110039
|move|p2a: Excadrill|Earthquake|p1a: Ferrothorn
|-damage|p1a: Ferrothorn|13/100
|move|p1a: Ferrothorn|Leech Seed|p2a: Excadrill
|-start|p2a: Excadrill|move: Leech Seed
|
|-heal|p1a: Ferrothorn|19/100|[from] item: Leftovers
|-damage|p2a: Excadrill|76/100|[from] Leech Seed|[of] p1a: Ferrothorn
|-heal|p1a: Ferrothorn|32/100|[silent]
|upkeep
|turn|17
|
|t:|1663110049
|switch|p2a: Arceus|Arceus|100/100
|move|p1a: Ferrothorn|Spikes|p2a: Arceus
|-sidestart|p2: Crystraco|Spikes
|
|-heal|p1a: Ferrothorn|38/100|[from] item: Leftovers
|upkeep
|turn|18
|
|t:|1663110053
|move|p2a: Arceus|Swords Dance|p2a: Arceus
|-boost|p2a: Arceus|atk|2
|move|p1a: Ferrothorn|Leech Seed|p2a: Arceus
|-start|p2a: Arceus|move: Leech Seed
|
|-heal|p1a: Ferrothorn|44/100|[from] item: Leftovers
|-damage|p2a: Arceus|88/100|[from] Leech Seed|[of] p1a: Ferrothorn
|-heal|p1a: Ferrothorn|60/100|[silent]
|upkeep
|turn|19
|
|t:|1663110061
|move|p2a: Arceus|Swords Dance|p2a: Arceus
|-boost|p2a: Arceus|atk|2
|move|p1a: Ferrothorn|Power Whip|p2a: Arceus|[miss]
|-miss|p1a: Ferrothorn|p2a: Arceus
|
|-heal|p1a: Ferrothorn|66/100|[from] item: Leftovers
|-damage|p2a: Arceus|76/100|[from] Leech Seed|[of] p1a: Ferrothorn
|-heal|p1a: Ferrothorn|82/100|[silent]
|upkeep
|turn|20
|
|t:|1663110065
|move|p2a: Arceus|Swords Dance|p2a: Arceus
|-boost|p2a: Arceus|atk|2
|move|p1a: Ferrothorn|Power Whip|p2a: Arceus
|-damage|p2a: Arceus|51/100
|
|-heal|p1a: Ferrothorn|88/100|[from] item: Leftovers
|-damage|p2a: Arceus|39/100|[from] Leech Seed|[of] p1a: Ferrothorn
|-heal|p1a: Ferrothorn|100/100|[silent]
|upkeep
|turn|21
|
|t:|1663110072
|move|p1a: Ferrothorn|Protect|p1a: Ferrothorn
|-singleturn|p1a: Ferrothorn|Protect
|move|p2a: Arceus|Recover|p2a: Arceus
|-heal|p2a: Arceus|89/100
|
|-damage|p2a: Arceus|76/100|[from] Leech Seed|[of] p1a: Ferrothorn
|upkeep
|turn|22
|
|t:|1663110077
|move|p2a: Arceus|Shadow Claw|p1a: Ferrothorn
|-damage|p1a: Ferrothorn|45/100
|-damage|p2a: Arceus|64/100|[from] ability: Iron Barbs|[of] p1a: Ferrothorn
|move|p1a: Ferrothorn|Power Whip|p2a: Arceus
|-damage|p2a: Arceus|39/100
|
|-heal|p1a: Ferrothorn|51/100|[from] item: Leftovers
|-damage|p2a: Arceus|26/100|[from] Leech Seed|[of] p1a: Ferrothorn
|-heal|p1a: Ferrothorn|67/100|[silent]
|upkeep
|turn|23
|
|t:|1663110081
|move|p2a: Arceus|Recover|p2a: Arceus
|-heal|p2a: Arceus|76/100
|move|p1a: Ferrothorn|Power Whip|p2a: Arceus
|-damage|p2a: Arceus|49/100
|
|-heal|p1a: Ferrothorn|73/100|[from] item: Leftovers
|-damage|p2a: Arceus|37/100|[from] Leech Seed|[of] p1a: Ferrothorn
|-heal|p1a: Ferrothorn|89/100|[silent]
|upkeep
|turn|24
|
|t:|1663110086
|move|p2a: Arceus|Recover|p2a: Arceus
|-heal|p2a: Arceus|87/100
|move|p1a: Ferrothorn|Spikes|p2a: Arceus
|-sidestart|p2: Crystraco|Spikes
|
|-heal|p1a: Ferrothorn|95/100|[from] item: Leftovers
|-damage|p2a: Arceus|75/100|[from] Leech Seed|[of] p1a: Ferrothorn
|-heal|p1a: Ferrothorn|100/100|[silent]
|upkeep
|turn|25
|
|t:|1663110094
|move|p2a: Arceus|Shadow Claw|p1a: Ferrothorn
|-damage|p1a: Ferrothorn|44/100
|-damage|p2a: Arceus|62/100|[from] ability: Iron Barbs|[of] p1a: Ferrothorn
|move|p1a: Ferrothorn|Spikes|p2a: Arceus
|-sidestart|p2: Crystraco|Spikes
|
|-heal|p1a: Ferrothorn|50/100|[from] item: Leftovers
|-damage|p2a: Arceus|50/100|[from] Leech Seed|[of] p1a: Ferrothorn
|-heal|p1a: Ferrothorn|66/100|[silent]
|upkeep
|turn|26
|
|t:|1663110099
|move|p1a: Ferrothorn|Protect|p1a: Ferrothorn
|-singleturn|p1a: Ferrothorn|Protect
|move|p2a: Arceus|Recover|p2a: Arceus
|-heal|p2a: Arceus|99/100
|
|-heal|p1a: Ferrothorn|72/100|[from] item: Leftovers
|-damage|p2a: Arceus|87/100|[from] Leech Seed|[of] p1a: Ferrothorn
|-heal|p1a: Ferrothorn|88/100|[silent]
|upkeep
|turn|27
|
|t:|1663110104
|move|p2a: Arceus|Shadow Claw|p1a: Ferrothorn
|-damage|p1a: Ferrothorn|32/100
|-damage|p2a: Arceus|75/100|[from] ability: Iron Barbs|[of] p1a: Ferrothorn
|move|p1a: Ferrothorn|Spikes||[still]
|-fail|p1a: Ferrothorn
|
|-heal|p1a: Ferrothorn|38/100|[from] item: Leftovers
|-damage|p2a: Arceus|63/100|[from] Leech Seed|[of] p1a: Ferrothorn
|-heal|p1a: Ferrothorn|54/100|[silent]
|upkeep
|turn|28
|
|t:|1663110111
|move|p1a: Ferrothorn|Protect|p1a: Ferrothorn
|-singleturn|p1a: Ferrothorn|Protect
|move|p2a: Arceus|Shadow Claw|p1a: Ferrothorn
|-activate|p1a: Ferrothorn|move: Protect
|
|-heal|p1a: Ferrothorn|60/100|[from] item: Leftovers
|-damage|p2a: Arceus|50/100|[from] Leech Seed|[of] p1a: Ferrothorn
|-heal|p1a: Ferrothorn|75/100|[silent]
|upkeep
|turn|29
|
|t:|1663110118
|move|p2a: Arceus|Recover|p2a: Arceus
|-heal|p2a: Arceus|99/100
|move|p1a: Ferrothorn|Power Whip|p2a: Arceus|[miss]
|-miss|p1a: Ferrothorn|p2a: Arceus
|
|-heal|p1a: Ferrothorn|82/100|[from] item: Leftovers
|-damage|p2a: Arceus|88/100|[from] Leech Seed|[of] p1a: Ferrothorn
|-heal|p1a: Ferrothorn|97/100|[silent]
|upkeep
|turn|30
|
|t:|1663110123
|move|p2a: Arceus|Shadow Claw|p1a: Ferrothorn
|-damage|p1a: Ferrothorn|37/100
|-damage|p2a: Arceus|75/100|[from] ability: Iron Barbs|[of] p1a: Ferrothorn
|move|p1a: Ferrothorn|Power Whip|p2a: Arceus
|-damage|p2a: Arceus|50/100
|
|-heal|p1a: Ferrothorn|43/100|[from] item: Leftovers
|-damage|p2a: Arceus|37/100|[from] Leech Seed|[of] p1a: Ferrothorn
|-heal|p1a: Ferrothorn|59/100|[silent]
|upkeep
|turn|31
|
|t:|1663110145
|move|p2a: Arceus|Recover|p2a: Arceus
|-heal|p2a: Arceus|87/100
|move|p1a: Ferrothorn|Power Whip|p2a: Arceus
|-damage|p2a: Arceus|64/100
|
|-heal|p1a: Ferrothorn|65/100|[from] item: Leftovers
|-damage|p2a: Arceus|51/100|[from] Leech Seed|[of] p1a: Ferrothorn
|-heal|p1a: Ferrothorn|81/100|[silent]
|upkeep
|turn|32
|
|t:|1663110152
|move|p2a: Arceus|Recover|p2a: Arceus
|-heal|p2a: Arceus|100/100
|move|p1a: Ferrothorn|Power Whip|p2a: Arceus
|-damage|p2a: Arceus|73/100
|
|-heal|p1a: Ferrothorn|87/100|[from] item: Leftovers
|-damage|p2a: Arceus|60/100|[from] Leech Seed|[of] p1a: Ferrothorn
|-heal|p1a: Ferrothorn|100/100|[silent]
|upkeep
|turn|33
|
|t:|1663110169
|move|p2a: Arceus|Shadow Claw|p1a: Ferrothorn
|-damage|p1a: Ferrothorn|43/100
|-damage|p2a: Arceus|48/100|[from] ability: Iron Barbs|[of] p1a: Ferrothorn
|move|p1a: Ferrothorn|Power Whip|p2a: Arceus
|-damage|p2a: Arceus|21/100
|
|-heal|p1a: Ferrothorn|49/100|[from] item: Leftovers
|-damage|p2a: Arceus|9/100|[from] Leech Seed|[of] p1a: Ferrothorn
|-heal|p1a: Ferrothorn|64/100|[silent]
|upkeep
|turn|34
|
|t:|1663110175
|move|p2a: Arceus|Recover|p2a: Arceus
|-heal|p2a: Arceus|59/100
|move|p1a: Ferrothorn|Power Whip|p2a: Arceus
|-crit|p2a: Arceus
|-damage|p2a: Arceus|21/100
|
|-heal|p1a: Ferrothorn|71/100|[from] item: Leftovers
|-damage|p2a: Arceus|9/100|[from] Leech Seed|[of] p1a: Ferrothorn
|-heal|p1a: Ferrothorn|86/100|[silent]
|upkeep
|turn|35
|
|t:|1663110178
|move|p2a: Arceus|Recover|p2a: Arceus
|-heal|p2a: Arceus|59/100
|move|p1a: Ferrothorn|Power Whip|p2a: Arceus
|-damage|p2a: Arceus|32/100
|
|-heal|p1a: Ferrothorn|93/100|[from] item: Leftovers
|-damage|p2a: Arceus|20/100|[from] Leech Seed|[of] p1a: Ferrothorn
|-heal|p1a: Ferrothorn|100/100|[silent]
|upkeep
|turn|36
|
|t:|1663110180
|move|p2a: Arceus|Recover|p2a: Arceus
|-heal|p2a: Arceus|70/100
|move|p1a: Ferrothorn|Power Whip|p2a: Arceus
|-damage|p2a: Arceus|45/100
|
|-damage|p2a: Arceus|33/100|[from] Leech Seed|[of] p1a: Ferrothorn
|upkeep
|turn|37
|
|t:|1663110184
|move|p2a: Arceus|Recover|p2a: Arceus
|-heal|p2a: Arceus|83/100
|move|p1a: Ferrothorn|Power Whip|p2a: Arceus
|-damage|p2a: Arceus|57/100
|
|-damage|p2a: Arceus|44/100|[from] Leech Seed|[of] p1a: Ferrothorn
|upkeep
|turn|38
|
|t:|1663110187
|move|p2a: Arceus|Recover|p2a: Arceus
|-heal|p2a: Arceus|94/100
|move|p1a: Ferrothorn|Power Whip|p2a: Arceus
|-damage|p2a: Arceus|67/100
|
|-damage|p2a: Arceus|55/100|[from] Leech Seed|[of] p1a: Ferrothorn
|upkeep
|turn|39
|
|t:|1663110208
|move|p2a: Arceus|Shadow Claw|p1a: Ferrothorn
|-damage|p1a: Ferrothorn|40/100
|-damage|p2a: Arceus|43/100|[from] ability: Iron Barbs|[of] p1a: Ferrothorn
|move|p1a: Ferrothorn|Spikes||[still]
|-fail|p1a: Ferrothorn
|
|-heal|p1a: Ferrothorn|46/100|[from] item: Leftovers
|-damage|p2a: Arceus|30/100|[from] Leech Seed|[of] p1a: Ferrothorn
|-heal|p1a: Ferrothorn|62/100|[silent]
|upkeep
|turn|40
|
|t:|1663110214
|move|p2a: Arceus|Recover|p2a: Arceus
|-heal|p2a: Arceus|80/100
|move|p1a: Ferrothorn|Spikes||[still]
|-fail|p1a: Ferrothorn
|
|-heal|p1a: Ferrothorn|68/100|[from] item: Leftovers
|-damage|p2a: Arceus|68/100|[from] Leech Seed|[of] p1a: Ferrothorn
|-heal|p1a: Ferrothorn|84/100|[silent]
|upkeep
|turn|41
|
|t:|1663110218
|move|p2a: Arceus|Shadow Claw|p1a: Ferrothorn
|-damage|p1a: Ferrothorn|21/100
|-damage|p2a: Arceus|55/100|[from] ability: Iron Barbs|[of] p1a: Ferrothorn
|move|p1a: Ferrothorn|Spikes||[still]
|-fail|p1a: Ferrothorn
|
|-heal|p1a: Ferrothorn|27/100|[from] item: Leftovers
|-damage|p2a: Arceus|43/100|[from] Leech Seed|[of] p1a: Ferrothorn
|-heal|p1a: Ferrothorn|43/100|[silent]
|upkeep
|turn|42
|inactive|BrixTrynaLuv has 120 seconds left.
|
|t:|1663110267
|move|p2a: Arceus|Recover|p2a: Arceus
|-heal|p2a: Arceus|93/100
|move|p1a: Ferrothorn|Leech Seed||[still]
|-fail|p1a: Ferrothorn
|
|-heal|p1a: Ferrothorn|49/100|[from] item: Leftovers
|-damage|p2a: Arceus|81/100|[from] Leech Seed|[of] p1a: Ferrothorn
|-heal|p1a: Ferrothorn|64/100|[silent]
|upkeep
|turn|43
|
|t:|1663110275
|move|p2a: Arceus|Shadow Claw|p1a: Ferrothorn
|-damage|p1a: Ferrothorn|5/100
|-damage|p2a: Arceus|68/100|[from] ability: Iron Barbs|[of] p1a: Ferrothorn
|move|p1a: Ferrothorn|Leech Seed||[still]
|-fail|p1a: Ferrothorn
|
|-heal|p1a: Ferrothorn|12/100|[from] item: Leftovers
|-damage|p2a: Arceus|56/100|[from] Leech Seed|[of] p1a: Ferrothorn
|-heal|p1a: Ferrothorn|27/100|[silent]
|upkeep
|turn|44
|
|t:|1663110279
|move|p1a: Ferrothorn|Protect|p1a: Ferrothorn
|-singleturn|p1a: Ferrothorn|Protect
|move|p2a: Arceus|Recover|p2a: Arceus
|-heal|p2a: Arceus|100/100
|
|-heal|p1a: Ferrothorn|33/100|[from] item: Leftovers
|-damage|p2a: Arceus|88/100|[from] Leech Seed|[of] p1a: Ferrothorn
|-heal|p1a: Ferrothorn|49/100|[silent]
|upkeep
|turn|45
|
|t:|1663110284
|move|p1a: Ferrothorn|Protect|p1a: Ferrothorn
|-singleturn|p1a: Ferrothorn|Protect
|move|p2a: Arceus|Shadow Claw|p1a: Ferrothorn
|-activate|p1a: Ferrothorn|move: Protect
|
|-heal|p1a: Ferrothorn|55/100|[from] item: Leftovers
|-damage|p2a: Arceus|76/100|[from] Leech Seed|[of] p1a: Ferrothorn
|-heal|p1a: Ferrothorn|71/100|[silent]
|upkeep
|turn|46
|inactive|BrixTrynaLuv has 120 seconds left.
|c|☆BrixTrynaLuv|What happened to the higher chance of a crit
|c|☆BrixTrynaLuv|We are on turn 46 and no crit
|c|☆BrixTrynaLuv|That actually makes me angry lol
|
|t:|1663110323
|move|p2a: Arceus|Shadow Claw|p1a: Ferrothorn
|-damage|p1a: Ferrothorn|9/100
|-damage|p2a: Arceus|63/100|[from] ability: Iron Barbs|[of] p1a: Ferrothorn
|move|p1a: Ferrothorn|Spikes||[still]
|-fail|p1a: Ferrothorn
|
|-heal|p1a: Ferrothorn|16/100|[from] item: Leftovers
|-damage|p2a: Arceus|51/100|[from] Leech Seed|[of] p1a: Ferrothorn
|-heal|p1a: Ferrothorn|31/100|[silent]
|upkeep
|turn|47
|
|t:|1663110336
|move|p2a: Arceus|Recover|p2a: Arceus
|-heal|p2a: Arceus|100/100
|move|p1a: Ferrothorn|Spikes||[still]
|-fail|p1a: Ferrothorn
|
|-heal|p1a: Ferrothorn|37/100|[from] item: Leftovers
|-damage|p2a: Arceus|88/100|[from] Leech Seed|[of] p1a: Ferrothorn
|-heal|p1a: Ferrothorn|53/100|[silent]
|upkeep
|turn|48
|
|t:|1663110340
|move|p1a: Ferrothorn|Protect|p1a: Ferrothorn
|-singleturn|p1a: Ferrothorn|Protect
|move|p2a: Arceus|Shadow Claw|p1a: Ferrothorn
|-activate|p1a: Ferrothorn|move: Protect
|
|-heal|p1a: Ferrothorn|59/100|[from] item: Leftovers
|-damage|p2a: Arceus|76/100|[from] Leech Seed|[of] p1a: Ferrothorn
|-heal|p1a: Ferrothorn|75/100|[silent]
|upkeep
|turn|49
|inactive|BrixTrynaLuv has 120 seconds left.
|
|t:|1663110356
|move|p2a: Arceus|Shadow Claw|p1a: Ferrothorn
|-damage|p1a: Ferrothorn|17/100
|-damage|p2a: Arceus|63/100|[from] ability: Iron Barbs|[of] p1a: Ferrothorn
|move|p1a: Ferrothorn|Spikes||[still]
|-fail|p1a: Ferrothorn
|
|-heal|p1a: Ferrothorn|23/100|[from] item: Leftovers
|-damage|p2a: Arceus|51/100|[from] Leech Seed|[of] p1a: Ferrothorn
|-heal|p1a: Ferrothorn|39/100|[silent]
|upkeep
|turn|50
|
|t:|1663110363
|move|p1a: Ferrothorn|Protect|p1a: Ferrothorn
|-singleturn|p1a: Ferrothorn|Protect
|move|p2a: Arceus|Shadow Claw|p1a: Ferrothorn
|-activate|p1a: Ferrothorn|move: Protect
|
|-heal|p1a: Ferrothorn|45/100|[from] item: Leftovers
|-damage|p2a: Arceus|39/100|[from] Leech Seed|[of] p1a: Ferrothorn
|-heal|p1a: Ferrothorn|61/100|[silent]
|upkeep
|turn|51
|inactive|BrixTrynaLuv has 120 seconds left.
|
|t:|1663110369
|move|p2a: Arceus|Shadow Claw|p1a: Ferrothorn
|-crit|p1a: Ferrothorn
|-damage|p1a: Ferrothorn|0 fnt
|-damage|p2a: Arceus|26/100|[from] ability: Iron Barbs|[of] p1a: Ferrothorn
|faint|p1a: Ferrothorn
|
|upkeep
|inactive|BrixTrynaLuv has 120 seconds left.
|c|☆BrixTrynaLuv|THERE WE GO
|c|☆BrixTrynaLuv|Jesus
|
|t:|1663110385
|switch|p1a: Caveleiro Fantasma|Calyrex-Shadow|100/100
|-ability|p1a: Caveleiro Fantasma|As One
|-ability|p1a: Caveleiro Fantasma|Unnerve
|-damage|p1a: Caveleiro Fantasma|88/100|[from] Stealth Rock
|turn|52
|
|t:|1663110393
|-start|p2a: Arceus|Dynamax|
|-heal|p2a: Arceus|26/100|[silent]
|move|p1a: Caveleiro Fantasma|Astral Barrage|p2a: Arceus
|-immune|p2a: Arceus
|move|p2a: Arceus|Max Phantasm|p1a: Caveleiro Fantasma
|-supereffective|p1a: Caveleiro Fantasma
|-damage|p1a: Caveleiro Fantasma|0 fnt
|faint|p1a: Caveleiro Fantasma
|
|upkeep
|inactive|BrixTrynaLuv has 120 seconds left.
|c|☆BrixTrynaLuv|Oh wait
|c|☆BrixTrynaLuv|Lmao
|
|t:|1663110406
|switch|p1a: Ciano|Zacian-Crowned, shiny|69/100
|-damage|p1a: Ciano|63/100|[from] Stealth Rock
|-ability|p1a: Ciano|Intrepid Sword|boost
|-boost|p1a: Ciano|atk|1
|turn|53
|inactive|BrixTrynaLuv has 120 seconds left.
|
|t:|1663110411
|move|p1a: Ciano|Behemoth Blade|p2a: Arceus
|-damage|p2a: Arceus|0 fnt
|faint|p2a: Arceus
|
|upkeep
|
|t:|1663110422
|switch|p2a: Excadrill|Excadrill, M|76/100
|-damage|p2a: Excadrill|51/100|[from] Spikes
|-ability|p2a: Excadrill|Mold Breaker
|turn|54
|c|☆BrixTrynaLuv|Gg
|
|t:|1663110432
|move|p1a: Ciano|Close Combat|p2a: Excadrill
|-supereffective|p2a: Excadrill
|-damage|p2a: Excadrill|0 fnt
|-unboost|p1a: Ciano|def|1
|-unboost|p1a: Ciano|spd|1
|faint|p2a: Excadrill
|
|upkeep
|
|t:|1663110435
|switch|p2a: Kyogre|Kyogre-Primal|100/100
|-damage|p2a: Kyogre|76/100|[from] Spikes
|-weather|PrimordialSea|[from] ability: Primordial Sea|[of] p2a: Kyogre
|turn|55
|
|t:|1663110439
|move|p1a: Ciano|Wild Charge|p2a: Kyogre
|-supereffective|p2a: Kyogre
|-damage|p2a: Kyogre|0 fnt
|faint|p2a: Kyogre
|-weather|none
|-damage|p1a: Ciano|40/100|[from] Recoil
|
|upkeep
|-message|Crystraco forfeited.
|
|win|BrixTrynaLuv
|raw|BrixTrynaLuv's rating: 1783 &rarr; <strong>1807</strong><br />(+24 for winning)
|raw|Crystraco's rating: 1845 &rarr; <strong>1821</strong><br />(-24 for losing)
|l|☆Crystraco
||Ladder isn't responding, score probably updated but might not have (Request timeout).
