|j|☆Buck X
|j|☆LaprasPlayer
|t:|1655712224
|gametype|singles
|player|p1|Buck X|lance|
|player|p2|LaprasPlayer|aromalady|
|teamsize|p1|6
|teamsize|p2|6
|gen|8
|tier|[Gen 8] National Dex AG
|rule|HP Percentage Mod: HP is shown in percentages
|rule|Endless Battle Clause: Forcing endless battles is banned
|clearpoke
|poke|p1|Zygarde|
|poke|p1|Xerneas-*|
|poke|p1|Calyrex-Shadow|
|poke|p1|Arceus-*|
|poke|p1|Lugia|
|poke|p1|Ditto|
|poke|p2|Zacian-*|
|poke|p2|Ho-Oh|
|poke|p2|Arceus-*|
|poke|p2|Eternatus|
|poke|p2|Necrozma-Dusk-Mane|
|poke|p2|Arceus-*|
|teampreview
|inactive|Battle timer is ON: inactive players will automatically lose when time's up. (requested by Buck X)
|c|☆LaprasPlayer|hf
|
|t:|1655712236
|start
|switch|p1a: Arceus|Arceus-Dark|100/100
|switch|p2a: Arceus|Arceus-Dark|100/100
|turn|1
|
|t:|1655712248
|switch|p2a: Ho-Oh|Ho-Oh|100/100
|move|p1a: Arceus|Stealth Rock|p2a: Ho-Oh
|-sidestart|p2: LaprasPlayer|move: Stealth Rock
|
|upkeep
|turn|2
|
|t:|1655712253
|switch|p1a: Zygarde|Zygarde|100/100
|move|p2a: Ho-Oh|Defog|p1a: Zygarde
|-unboost|p1a: Zygarde|evasion|1
|-sideend|p2: LaprasPlayer|Stealth Rock|[from] move: Defog|[of] p2a: Ho-Oh
|
|upkeep
|turn|3
|
|t:|1655712259
|move|p1a: Zygarde|Substitute|p1a: Zygarde
|-start|p1a: Zygarde|Substitute
|-damage|p1a: Zygarde|76/100
|move|p2a: Ho-Oh|Brave Bird|p1a: Zygarde
|-end|p1a: Zygarde|Substitute
|-damage|p2a: Ho-Oh|92/100|[from] Recoil|[of] p1a: Zygarde
|
|-heal|p1a: Zygarde|82/100|[from] item: Leftovers
|upkeep
|turn|4
|
|t:|1655712268
|move|p1a: Zygarde|Substitute|p1a: Zygarde
|-start|p1a: Zygarde|Substitute
|-damage|p1a: Zygarde|57/100
|move|p2a: Ho-Oh|Brave Bird|p1a: Zygarde
|-end|p1a: Zygarde|Substitute
|-damage|p2a: Ho-Oh|84/100|[from] Recoil|[of] p1a: Zygarde
|
|-heal|p1a: Zygarde|63/100|[from] item: Leftovers
|upkeep
|turn|5
|
|t:|1655712275
|switch|p2a: Arceus|Arceus-Ground|100/100
|move|p1a: Zygarde|Glare|p2a: Arceus
|-status|p2a: Arceus|par
|
|-heal|p1a: Zygarde|69/100|[from] item: Leftovers
|upkeep
|turn|6
|
|t:|1655712287
|move|p1a: Zygarde|Substitute|p1a: Zygarde
|-start|p1a: Zygarde|Substitute
|-damage|p1a: Zygarde|45/100
|move|p2a: Arceus|Ice Beam|p1a: Zygarde
|-supereffective|p1a: Zygarde
|-end|p1a: Zygarde|Substitute
|
|-heal|p1a: Zygarde|51/100|[from] item: Leftovers
|upkeep
|turn|7
|j| Testaltv18神
|
|t:|1655712298
|move|p1a: Zygarde|Substitute|p1a: Zygarde
|-start|p1a: Zygarde|Substitute
|-damage|p1a: Zygarde|26/100
|move|p2a: Arceus|Ice Beam|p1a: Zygarde
|-supereffective|p1a: Zygarde
|-end|p1a: Zygarde|Substitute
|
|-heal|p1a: Zygarde|32/100|[from] item: Leftovers
|-activate|p1a: Zygarde|ability: Power Construct
|detailschange|p1a: Zygarde|Zygarde-Complete
|-heal|p1a: Zygarde|55/100|[silent]
|upkeep
|turn|8
|
|t:|1655712309
|switch|p1a: Xerneas|Xerneas|100/100
|-ability|p1a: Xerneas|Fairy Aura
|move|p2a: Arceus|Ice Beam|p1a: Xerneas
|-damage|p1a: Xerneas|84/100
|
|upkeep
|turn|9
|
|t:|1655712314
|switch|p2a: Ho-Oh|Ho-Oh|100/100
|move|p1a: Xerneas|Moonblast|p2a: Ho-Oh
|-resisted|p2a: Ho-Oh
|-damage|p2a: Ho-Oh|75/100
|-unboost|p2a: Ho-Oh|spa|1
|
|upkeep
|turn|10
|
|t:|1655712320
|switch|p1a: Lugia|Lugia|100/100
|move|p2a: Ho-Oh|Brave Bird|p1a: Lugia
|-damage|p1a: Lugia|85/100
|-damage|p2a: Ho-Oh|70/100|[from] Recoil
|
|upkeep
|turn|11
|
|t:|1655712339
|move|p1a: Lugia|Recover|p1a: Lugia
|-heal|p1a: Lugia|100/100
|move|p2a: Ho-Oh|Thunder Wave|p1a: Lugia|[miss]
|-miss|p2a: Ho-Oh|p1a: Lugia
|
|upkeep
|turn|12
|
|t:|1655712345
|move|p1a: Lugia|Toxic|p2a: Ho-Oh
|-status|p2a: Ho-Oh|tox
|move|p2a: Ho-Oh|Thunder Wave|p1a: Lugia|[miss]
|-miss|p2a: Ho-Oh|p1a: Lugia
|
|-damage|p2a: Ho-Oh|64/100 tox|[from] psn
|upkeep
|turn|13
|
|t:|1655712360
|switch|p1a: Zygarde|Zygarde-Complete|55/100
|switch|p2a: Zacian|Zacian-Crowned|100/100
|-ability|p2a: Zacian|Intrepid Sword|boost
|-boost|p2a: Zacian|atk|1
|
|-heal|p1a: Zygarde|62/100|[from] item: Leftovers
|upkeep
|turn|14
|j| Little Luvie❤
|inactive|LaprasPlayer has 270 seconds left.
|
|t:|1655712391
|move|p2a: Zacian|Behemoth Blade|p1a: Zygarde
|-damage|p1a: Zygarde|19/100
|move|p1a: Zygarde|Glare|p2a: Zacian
|-status|p2a: Zacian|par
|
|-heal|p1a: Zygarde|26/100|[from] item: Leftovers
|upkeep
|turn|15
|
|t:|1655712403
|switch|p1a: Lugia|Lugia|100/100
|move|p2a: Zacian|Behemoth Blade|p1a: Lugia
|-damage|p1a: Lugia|77/100
|
|upkeep
|turn|16
|inactive|LaprasPlayer has 270 seconds left.
|
|t:|1655712425
|move|p1a: Lugia|Recover|p1a: Lugia
|-heal|p1a: Lugia|100/100
|move|p2a: Zacian|Wild Charge|p1a: Lugia
|-supereffective|p1a: Lugia
|-damage|p1a: Lugia|74/100
|-damage|p2a: Zacian|93/100 par|[from] Recoil
|
|upkeep
|turn|17
|
|t:|1655712437
|switch|p2a: Ho-Oh|Ho-Oh|97/100 tox
|move|p1a: Lugia|Recover|p1a: Lugia
|-heal|p1a: Lugia|100/100
|
|-damage|p2a: Ho-Oh|91/100 tox|[from] psn
|upkeep
|turn|18
|inactive|LaprasPlayer has 270 seconds left.
|inactive|LaprasPlayer has 240 seconds left.
|inactive|LaprasPlayer has 210 seconds left.
|c|☆Buck X|Hurty
|c|☆Buck X|hurry
|c|☆Buck X|im in school
|c|☆LaprasPlayer|Sorry
|
|t:|1655712535
|move|p1a: Lugia|Ice Beam|p2a: Ho-Oh
|-damage|p2a: Ho-Oh|80/100 tox
|move|p2a: Ho-Oh|Thunder Wave|p1a: Lugia
|-status|p1a: Lugia|par
|
|-damage|p2a: Ho-Oh|67/100 tox|[from] psn
|upkeep
|turn|19
|
|t:|1655712545
|switch|p2a: Necrozma|Necrozma-Dusk-Mane|100/100
|move|p1a: Lugia|Recover||[still]
|-fail|p1a: Lugia|heal
|
|upkeep
|turn|20
|inactive|LaprasPlayer has 210 seconds left.
|
|t:|1655712557
|switch|p1a: Zygarde|Zygarde-Complete|26/100
|move|p2a: Necrozma|Dragon Dance|p2a: Necrozma
|-boost|p2a: Necrozma|atk|1
|-boost|p2a: Necrozma|spe|1
|
|-heal|p1a: Zygarde|32/100|[from] item: Leftovers
|upkeep
|turn|21
|inactive|Buck X has 270 seconds left.
|l|☆Buck X
|inactive|Buck X disconnected and has 300 seconds to reconnect!
|player|p1|
|c|☆LaprasPlayer|o rip
|inactive|Buck X has 270 seconds to reconnect!
|inactive|Buck X has 240 seconds to reconnect!
|inactive|Buck X has 210 seconds to reconnect!
|inactive|Buck X has 180 seconds to reconnect!
|j|☆Buck X
|inactive|Buck X reconnected and has 270 seconds left.
|player|p1|Buck X|lance
|
|t:|1655712734
|move|p2a: Necrozma|Sunsteel Strike|p1a: Zygarde
|-damage|p1a: Zygarde|0 fnt
|faint|p1a: Zygarde
|
|upkeep
|
|t:|1655712740
|switch|p1a: Arceus|Arceus-Dark|100/100
|turn|22
|
|t:|1655712746
|move|p2a: Necrozma|Dragon Dance|p2a: Necrozma
|-boost|p2a: Necrozma|atk|1
|-boost|p2a: Necrozma|spe|1
|move|p1a: Arceus|Judgment|p2a: Necrozma
|-supereffective|p2a: Necrozma
|-damage|p2a: Necrozma|41/100
|
|-heal|p2a: Necrozma|47/100|[from] item: Leftovers
|upkeep
|turn|23
|inactive|Buck X has 270 seconds left.
|
|t:|1655712766
|move|p2a: Necrozma|Morning Sun|p2a: Necrozma
|-heal|p2a: Necrozma|97/100
|move|p1a: Arceus|Judgment|p2a: Necrozma
|-supereffective|p2a: Necrozma
|-damage|p2a: Necrozma|40/100
|
|-heal|p2a: Necrozma|46/100|[from] item: Leftovers
|upkeep
|turn|24
|
|t:|1655712770
|-start|p2a: Necrozma|Dynamax|
|-heal|p2a: Necrozma|46/100|[silent]
|move|p2a: Necrozma|Max Steelspike|p1a: Arceus
|-damage|p1a: Arceus|19/100
|-boost|p2a: Necrozma|def|1
|move|p1a: Arceus|Roar|p2a: Necrozma
|-block|p2a: Necrozma|Dynamax
|
|-heal|p2a: Necrozma|49/100|[from] item: Leftovers
|upkeep
|turn|25
|
|t:|1655712774
|move|p2a: Necrozma|Max Steelspike|p1a: Arceus
|-damage|p1a: Arceus|0 fnt
|-boost|p2a: Necrozma|def|1
|faint|p1a: Arceus
|
|-heal|p2a: Necrozma|52/100|[from] item: Leftovers
|upkeep
|
|t:|1655712784
|switch|p1a: Ditto|Ditto|100/100
|-transform|p1a: Ditto|p2a: Necrozma|[from] ability: Imposter
|turn|26
|inactive|LaprasPlayer has 240 seconds left.
|
|t:|1655712821
|-start|p1a: Ditto|Dynamax|
|-heal|p1a: Ditto|100/100|[silent]
|move|p1a: Ditto|Max Guard|p1a: Ditto
|-singleturn|p1a: Ditto|Max Guard
|move|p2a: Necrozma|Max Steelspike|p1a: Ditto
|-activate|p1a: Ditto|move: Max Guard
|
|-heal|p2a: Necrozma|55/100|[from] item: Leftovers
|upkeep
|-end|p2a: Necrozma|Dynamax
|-heal|p2a: Necrozma|55/100|[silent]
|turn|27
|
|t:|1655712826
|move|p2a: Necrozma|Morning Sun|p2a: Necrozma
|-heal|p2a: Necrozma|100/100
|move|p1a: Ditto|Max Darkness|p2a: Necrozma
|-supereffective|p2a: Necrozma
|-damage|p2a: Necrozma|66/100
|-unboost|p2a: Necrozma|spd|1
|
|-heal|p2a: Necrozma|72/100|[from] item: Leftovers
|upkeep
|turn|28
|inactive|LaprasPlayer has 240 seconds left.
|
|t:|1655712840
|move|p2a: Necrozma|Morning Sun|p2a: Necrozma
|-heal|p2a: Necrozma|100/100
|move|p1a: Ditto|Max Steelspike|p2a: Necrozma
|-resisted|p2a: Necrozma
|-damage|p2a: Necrozma|83/100
|-boost|p1a: Ditto|def|1
|
|-heal|p2a: Necrozma|89/100|[from] item: Leftovers
|upkeep
|-end|p1a: Ditto|Dynamax
|-heal|p1a: Ditto|100/100|[silent]
|turn|29
|
|t:|1655712844
|move|p1a: Ditto|Knock Off|p2a: Necrozma
|-supereffective|p2a: Necrozma
|-damage|p2a: Necrozma|64/100
|-enditem|p2a: Necrozma|Leftovers|[from] move: Knock Off|[of] p1a: Ditto
|move|p2a: Necrozma|Dragon Dance|p2a: Necrozma
|-boost|p2a: Necrozma|atk|1
|-boost|p2a: Necrozma|spe|1
|
|upkeep
|turn|30
|
|t:|1655712851
|switch|p1a: Calyrex|Calyrex-Shadow|100/100
|-ability|p1a: Calyrex|As One
|-ability|p1a: Calyrex|Unnerve
|move|p2a: Necrozma|Knock Off|p1a: Calyrex
|-supereffective|p1a: Calyrex
|-enditem|p1a: Calyrex|Focus Sash
|-damage|p1a: Calyrex|1/100
|
|upkeep
|turn|31
|
|t:|1655712855
|move|p2a: Necrozma|Knock Off|p1a: Calyrex
|-supereffective|p1a: Calyrex
|-damage|p1a: Calyrex|0 fnt
|faint|p1a: Calyrex
|
|upkeep
|
|t:|1655712856
|switch|p1a: Ditto|Ditto|100/100
|-transform|p1a: Ditto|p2a: Necrozma|[from] ability: Imposter
|turn|32
|
|t:|1655712859
|move|p1a: Ditto|Knock Off|p2a: Necrozma
|-supereffective|p2a: Necrozma
|-damage|p2a: Necrozma|42/100
|move|p2a: Necrozma|Knock Off|p1a: Ditto
|-supereffective|p1a: Ditto
|-damage|p1a: Ditto|53/100
|-enditem|p1a: Ditto|Choice Scarf|[from] move: Knock Off|[of] p2a: Necrozma
|
|upkeep
|turn|33
|
|t:|1655712864
|move|p1a: Ditto|Dragon Dance|p1a: Ditto
|-boost|p1a: Ditto|atk|1
|-boost|p1a: Ditto|spe|1
|move|p2a: Necrozma|Morning Sun|p2a: Necrozma
|-heal|p2a: Necrozma|92/100
|
|upkeep
|turn|34
|
|t:|1655712867
|move|p1a: Ditto|Dragon Dance|p1a: Ditto
|-boost|p1a: Ditto|atk|1
|-boost|p1a: Ditto|spe|1
|move|p2a: Necrozma|Knock Off|p1a: Ditto
|-supereffective|p1a: Ditto
|-damage|p1a: Ditto|25/100
|
|upkeep
|turn|35
|c|☆Buck X|Ggwp
|
|t:|1655712871
|move|p1a: Ditto|Morning Sun|p1a: Ditto
|-heal|p1a: Ditto|75/100
|move|p2a: Necrozma|Dragon Dance|p2a: Necrozma
|-boost|p2a: Necrozma|atk|1
|-boost|p2a: Necrozma|spe|1
|
|upkeep
|turn|36
|
|t:|1655712874
|move|p1a: Ditto|Dragon Dance|p1a: Ditto
|-boost|p1a: Ditto|atk|1
|-boost|p1a: Ditto|spe|1
|move|p2a: Necrozma|Knock Off|p1a: Ditto
|-supereffective|p1a: Ditto
|-damage|p1a: Ditto|38/100
|
|upkeep
|turn|37
|
|t:|1655712877
|move|p1a: Ditto|Morning Sun|p1a: Ditto
|-heal|p1a: Ditto|87/100
|move|p2a: Necrozma|Dragon Dance|p2a: Necrozma
|-boost|p2a: Necrozma|atk|1
|-boost|p2a: Necrozma|spe|1
|
|upkeep
|turn|38
|
|t:|1655712881
|move|p1a: Ditto|Knock Off|p2a: Necrozma
|-supereffective|p2a: Necrozma
|-damage|p2a: Necrozma|59/100
|move|p2a: Necrozma|Dragon Dance|p2a: Necrozma
|-boost|p2a: Necrozma|atk|1
|-boost|p2a: Necrozma|spe|1
|
|upkeep
|turn|39
|
|t:|1655712884
|move|p1a: Ditto|Knock Off|p2a: Necrozma
|-supereffective|p2a: Necrozma
|-damage|p2a: Necrozma|22/100
|move|p2a: Necrozma|Knock Off|p1a: Ditto
|-supereffective|p1a: Ditto
|-damage|p1a: Ditto|44/100
|
|upkeep
|turn|40
|
|t:|1655712890
|move|p1a: Ditto|Knock Off|p2a: Necrozma
|-supereffective|p2a: Necrozma
|-damage|p2a: Necrozma|0 fnt
|faint|p2a: Necrozma
|
|upkeep
|
|t:|1655712892
|switch|p2a: Eternatus|Eternatus|100/100
|-ability|p2a: Eternatus|Pressure
|turn|41
|
|t:|1655712895
|switch|p2a: Ho-Oh|Ho-Oh|100/100 tox
|move|p1a: Ditto|Sunsteel Strike|p2a: Ho-Oh
|-resisted|p2a: Ho-Oh
|-damage|p2a: Ho-Oh|8/100 tox
|
|-damage|p2a: Ho-Oh|2/100 tox|[from] psn
|upkeep
|turn|42
|
|t:|1655712901
|switch|p2a: Eternatus|Eternatus|100/100
|-ability|p2a: Eternatus|Pressure
|move|p1a: Ditto|Sunsteel Strike|p2a: Eternatus
|-damage|p2a: Eternatus|0 fnt
|faint|p2a: Eternatus
|
|upkeep
|
|t:|1655712903
|switch|p2a: Arceus|Arceus-Dark|100/100
|turn|43
|
|t:|1655712905
|move|p1a: Ditto|Sunsteel Strike|p2a: Arceus
|-damage|p2a: Arceus|0 fnt
|faint|p2a: Arceus
|
|upkeep
|
|t:|1655712909
|switch|p2a: Arceus|Arceus-Ground|100/100 par
|turn|44
|
|t:|1655712911
|move|p1a: Ditto|Sunsteel Strike|p2a: Arceus
|-crit|p2a: Arceus
|-damage|p2a: Arceus|0 fnt
|faint|p2a: Arceus
|
|upkeep
|c|☆LaprasPlayer|o gg
|c|☆LaprasPlayer|I misplayed
|c|☆Buck X|Wow
|c|☆Buck X|fr
|-message|LaprasPlayer forfeited.
|
|win|Buck X
|c|☆Buck X|Gg
