|j|☆Matsui_Miyako
|j|☆Blackstar152001
|t:|1665165679
|gametype|singles
|player|p1|Matsui_Miyako|allister|1895
|player|p2|Blackstar152001|blue-gen3two|1897
|teamsize|p1|6
|teamsize|p2|6
|gen|8
|tier|[Gen 8] National Dex AG
|rated|
|rule|HP Percentage Mod: HP is shown in percentages
|rule|Endless Battle Clause: Forcing endless battles is banned
|clearpoke
|poke|p1|Yveltal|
|poke|p1|Deoxys-Attack|
|poke|p1|Marshadow|
|poke|p1|Arceus-*|
|poke|p1|Calyrex-Shadow|
|poke|p1|Arceus-*|
|poke|p2|Arceus-*|
|poke|p2|Mewtwo|
|poke|p2|Ditto|
|poke|p2|Zacian-*|
|poke|p2|Arceus-*|
|poke|p2|Arceus-*|
|teampreview
|inactive|Battle timer is ON: inactive players will automatically lose when time's up. (requested by Blackstar152001)
|
|t:|1665165697
|start
|switch|p1a: Deoxys|Deoxys-Attack|100/100
|switch|p2a: Arceus|Arceus-Electric|100/100
|-ability|p1a: Deoxys|Pressure
|turn|1
|
|t:|1665165707
|move|p1a: Deoxys|Stealth Rock|p2a: Arceus
|-sidestart|p2: Blackstar152001|move: Stealth Rock
|move|p2a: Arceus|Judgment|p1a: Deoxys
|-enditem|p1a: Deoxys|Focus Sash
|-damage|p1a: Deoxys|1/100
|
|upkeep
|turn|2
|
|t:|1665165716
|move|p1a: Deoxys|Extreme Speed|p2a: Arceus
|-damage|p2a: Arceus|83/100
|move|p2a: Arceus|Recover|p2a: Arceus
|-heal|p2a: Arceus|100/100
|
|upkeep
|turn|3
|
|t:|1665165721
|move|p1a: Deoxys|Knock Off|p2a: Arceus
|-damage|p2a: Arceus|85/100
|move|p2a: Arceus|Ice Beam|p1a: Deoxys
|-damage|p1a: Deoxys|0 fnt
|faint|p1a: Deoxys
|
|upkeep
|
|t:|1665165726
|switch|p1a: Titã|Arceus-Ground|100/100
|turn|4
|
|t:|1665165731
|switch|p2a: Arceus|Arceus-Fairy|100/100
|-damage|p2a: Arceus|88/100|[from] Stealth Rock
|move|p1a: Titã|Earth Power|p2a: Arceus
|-damage|p2a: Arceus|63/100
|
|upkeep
|turn|5
|
|t:|1665165738
|-zpower|p1a: Titã
|move|p1a: Titã|Tectonic Rage|p2a: Arceus|[zeffect]
|-damage|p2a: Arceus|15/100
|move|p2a: Arceus|Judgment|p1a: Titã
|-damage|p1a: Titã|60/100
|
|upkeep
|turn|6
|
|t:|1665165749
|move|p1a: Titã|Ice Beam|p2a: Arceus
|-damage|p2a: Arceus|0 fnt
|faint|p2a: Arceus
|
|upkeep
|
|t:|1665165764
|switch|p2a: Ditto|Ditto, shiny|100/100
|-damage|p2a: Ditto|88/100|[from] Stealth Rock
|-transform|p2a: Ditto|p1a: Titã|[from] ability: Imposter
|turn|7
|
|t:|1665165776
|move|p2a: Ditto|Stealth Rock|p1a: Titã
|-sidestart|p1: Matsui_Miyako|move: Stealth Rock
|move|p1a: Titã|Ice Beam|p2a: Ditto
|-supereffective|p2a: Ditto
|-damage|p2a: Ditto|24/100
|
|upkeep
|turn|8
|
|t:|1665165780
|switch|p2a: Arceus|Arceus|100/100
|-damage|p2a: Arceus|88/100|[from] Stealth Rock
|move|p1a: Titã|Ice Beam|p2a: Arceus
|-damage|p2a: Arceus|66/100
|-status|p2a: Arceus|frz
|-enditem|p2a: Arceus|Lum Berry|[eat]
|-curestatus|p2a: Arceus|frz|[msg]
|
|upkeep
|turn|9
|
|t:|1665165783
|move|p1a: Titã|Earth Power|p2a: Arceus
|-damage|p2a: Arceus|35/100
|move|p2a: Arceus|Recover|p2a: Arceus
|-heal|p2a: Arceus|85/100
|
|upkeep
|turn|10
|
|t:|1665165788
|move|p1a: Titã|Ancient Power|p2a: Arceus
|-damage|p2a: Arceus|71/100
|move|p2a: Arceus|Swords Dance|p2a: Arceus
|-boost|p2a: Arceus|atk|2
|
|upkeep
|turn|11
|j| llposklllo
|
|t:|1665165792
|move|p2a: Arceus|Extreme Speed|p1a: Titã
|-damage|p1a: Titã|0 fnt
|faint|p1a: Titã
|
|upkeep
|
|t:|1665165803
|switch|p1a: Sombra|Marshadow|100/100
|-damage|p1a: Sombra|94/100|[from] Stealth Rock
|turn|12
|
|t:|1665165807
|-start|p2a: Arceus|Dynamax|
|-heal|p2a: Arceus|71/100|[silent]
|move|p1a: Sombra|Low Kick||[still]
|-fail|p1a: Sombra|Dynamax
|move|p2a: Arceus|Max Phantasm|p1a: Sombra
|-supereffective|p1a: Sombra
|-damage|p1a: Sombra|0 fnt
|faint|p1a: Sombra
|
|upkeep
|
|t:|1665165814
|switch|p1a: Deus|Arceus|100/100
|-damage|p1a: Deus|88/100|[from] Stealth Rock
|turn|13
|
|t:|1665165817
|-start|p1a: Deus|Dynamax|
|-heal|p1a: Deus|88/100|[silent]
|move|p1a: Deus|Max Strike|p2a: Arceus
|-damage|p2a: Arceus|46/100
|-unboost|p2a: Arceus|spe|1
|move|p2a: Arceus|Max Strike|p1a: Deus
|-damage|p1a: Deus|38/100
|-unboost|p1a: Deus|spe|1
|
|-heal|p1a: Deus|41/100|[from] item: Leftovers
|upkeep
|turn|14
|
|t:|1665165834
|move|p1a: Deus|Max Guard|p1a: Deus
|-singleturn|p1a: Deus|Max Guard
|move|p2a: Arceus|Max Strike|p1a: Deus
|-activate|p1a: Deus|move: Max Guard
|
|-heal|p1a: Deus|44/100|[from] item: Leftovers
|upkeep
|-end|p2a: Arceus|Dynamax
|-heal|p2a: Arceus|46/100|[silent]
|turn|15
|
|t:|1665165843
|move|p2a: Arceus|Extreme Speed|p1a: Deus
|-damage|p1a: Deus|11/100
|move|p1a: Deus|Max Strike|p2a: Arceus
|-damage|p2a: Arceus|1/100
|-unboost|p2a: Arceus|spe|1
|
|-heal|p1a: Deus|14/100|[from] item: Leftovers
|upkeep
|-end|p1a: Deus|Dynamax
|-heal|p1a: Deus|14/100|[silent]
|turn|16
|
|t:|1665165851
|move|p1a: Deus|Extreme Speed|p2a: Arceus
|-damage|p2a: Arceus|0 fnt
|faint|p2a: Arceus
|
|-heal|p1a: Deus|20/100|[from] item: Leftovers
|upkeep
|
|t:|1665165856
|switch|p2a: Zacian|Zacian-Crowned|100/100
|-damage|p2a: Zacian|94/100|[from] Stealth Rock
|-ability|p2a: Zacian|Intrepid Sword|boost
|-boost|p2a: Zacian|atk|1
|turn|17
|
|t:|1665165859
|move|p1a: Deus|Extreme Speed|p2a: Zacian
|-resisted|p2a: Zacian
|-damage|p2a: Zacian|75/100
|move|p2a: Zacian|Behemoth Blade|p1a: Deus
|-damage|p1a: Deus|0 fnt
|faint|p1a: Deus
|
|upkeep
|
|t:|1665165866
|switch|p1a: Cavaleiro Fantasma|Calyrex-Shadow|100/100
|-ability|p1a: Cavaleiro Fantasma|As One
|-ability|p1a: Cavaleiro Fantasma|Unnerve
|-damage|p1a: Cavaleiro Fantasma|88/100|[from] Stealth Rock
|turn|18
|
|t:|1665165872
|move|p1a: Cavaleiro Fantasma|Astral Barrage|p2a: Zacian
|-damage|p2a: Zacian|0 fnt
|faint|p2a: Zacian
|-ability|p1a: Cavaleiro Fantasma|Grim Neigh|boost
|-boost|p1a: Cavaleiro Fantasma|spa|1
|
|upkeep
|
|t:|1665165874
|switch|p2a: Arceus|Arceus-Electric|85/100
|-damage|p2a: Arceus|73/100|[from] Stealth Rock
|turn|19
|
|t:|1665165879
|move|p1a: Cavaleiro Fantasma|Astral Barrage|p2a: Arceus
|-damage|p2a: Arceus|0 fnt
|faint|p2a: Arceus
|-ability|p1a: Cavaleiro Fantasma|Grim Neigh|boost
|-boost|p1a: Cavaleiro Fantasma|spa|1
|
|upkeep
|
|t:|1665165883
|switch|p2a: Ditto|Ditto, shiny|24/100
|-damage|p2a: Ditto|12/100|[from] Stealth Rock
|-transform|p2a: Ditto|p1a: Cavaleiro Fantasma|[from] ability: Imposter
|turn|20
|
|t:|1665165887
|move|p2a: Ditto|Astral Barrage|p1a: Cavaleiro Fantasma
|-supereffective|p1a: Cavaleiro Fantasma
|-damage|p1a: Cavaleiro Fantasma|0 fnt
|faint|p1a: Cavaleiro Fantasma
|-ability|p2a: Ditto|Grim Neigh|boost
|-boost|p2a: Ditto|spa|1
|
|upkeep
|
|t:|1665165890
|switch|p1a: Pássaro das Trevas|Yveltal|100/100
|-damage|p1a: Pássaro das Trevas|76/100|[from] Stealth Rock
|-ability|p1a: Pássaro das Trevas|Dark Aura
|turn|21
|
|t:|1665165896
|move|p2a: Ditto|Astral Barrage|p1a: Pássaro das Trevas
|-resisted|p1a: Pássaro das Trevas
|-damage|p1a: Pássaro das Trevas|0 fnt
|faint|p1a: Pássaro das Trevas
|
|win|Blackstar152001
|raw|Matsui_Miyako's rating: 1895 &rarr; <strong>1875</strong><br />(-20 for losing)
|raw|Blackstar152001's rating: 1897 &rarr; <strong>1917</strong><br />(+20 for winning)
|l|☆Matsui_Miyako
|l| llposklllo
