|j|☆JinVin
|j|☆Jamalquavious
|t:|1666797722
|gametype|singles
|player|p1|JinVin|rosa|1513
|player|p2|Jamalquavious|proton|1653
|teamsize|p1|6
|teamsize|p2|6
|gen|8
|tier|[Gen 8] National Dex AG
|rated|
|rule|HP Percentage Mod: HP is shown in percentages
|rule|Endless Battle Clause: Forcing endless battles is banned
|clearpoke
|poke|p1|Grimmsnarl, M|
|poke|p1|Necrozma-Dusk-Mane|
|poke|p1|Volcarona, F|
|poke|p1|Ferrothorn, F|
|poke|p1|Zygarde|
|poke|p1|Marshadow|
|poke|p2|Blissey, F|
|poke|p2|Rayquaza|
|poke|p2|Necrozma-Dusk-Mane|
|poke|p2|Ditto|
|poke|p2|Calyrex-Shadow|
|poke|p2|Sableye, M|
|teampreview
|inactive|Battle timer is ON: inactive players will automatically lose when time's up. (requested by Jamalquavious)
|
|t:|1666797727
|start
|switch|p1a: Grimmsnarl|Grimmsnarl, M|100/100
|switch|p2a: FUCK GROUDON|Rayquaza|100/100
|-ability|p2a: FUCK GROUDON|Air Lock
|turn|1
|
|t:|1666797742
|switch|p2a: Groudon reflector|Sableye, M|100/100
|move|p1a: Grimmsnarl|Reflect|p1a: Grimmsnarl
|-sidestart|p1: JinVin|Reflect
|
|upkeep
|turn|2
|
|t:|1666797751
|move|p1a: Grimmsnarl|Light Screen|p1a: Grimmsnarl
|-sidestart|p1: JinVin|move: Light Screen
|move|p2a: Groudon reflector|Encore|p1a: Grimmsnarl
|-hint|Since gen 7, Dark is immune to Prankster moves.
|-immune|p1a: Grimmsnarl
|
|upkeep
|turn|3
|
|t:|1666797766
|switch|p1a: Zygarde|Zygarde|100/100
|move|p2a: Groudon reflector|Will-O-Wisp|p1a: Zygarde
|-status|p1a: Zygarde|brn
|
|-damage|p1a: Zygarde|94/100 brn|[from] brn
|upkeep
|turn|4
|
|t:|1666797773
|move|p2a: Groudon reflector|Taunt|p1a: Zygarde
|-start|p1a: Zygarde|move: Taunt
|cant|p1a: Zygarde|move: Taunt|Substitute
|
|-heal|p1a: Zygarde|100/100 brn|[from] item: Leftovers
|-damage|p1a: Zygarde|94/100 brn|[from] brn
|upkeep
|turn|5
|
|t:|1666797779
|move|p2a: Groudon reflector|Will-O-Wisp|p1a: Zygarde
|-fail|p1a: Zygarde|brn
|move|p1a: Zygarde|Dragon Tail|p2a: Groudon reflector
|-damage|p2a: Groudon reflector|88/100
|drag|p2a: Groudon protester|Calyrex-Shadow|100/100
|-ability|p2a: Groudon protester|As One
|-ability|p2a: Groudon protester|Unnerve
|
|-heal|p1a: Zygarde|100/100 brn|[from] item: Leftovers
|-damage|p1a: Zygarde|94/100 brn|[from] brn
|upkeep
|turn|6
|
|t:|1666797798
|switch|p2a: Idk groudon ugly|Necrozma-Dusk-Mane|100/100
|move|p1a: Zygarde|Dragon Tail|p2a: Idk groudon ugly
|-resisted|p2a: Idk groudon ugly
|-damage|p2a: Idk groudon ugly|97/100
|-damage|p1a: Zygarde|78/100 brn|[from] item: Rocky Helmet|[of] p2a: Idk groudon ugly
|drag|p2a: Just hates groudon|Ditto, shiny|100/100
|-transform|p2a: Just hates groudon|p1a: Zygarde|[from] ability: Imposter
|
|-heal|p1a: Zygarde|84/100 brn|[from] item: Leftovers
|-damage|p1a: Zygarde|78/100 brn|[from] brn
|-end|p1a: Zygarde|move: Taunt
|upkeep
|turn|7
|
|t:|1666797813
|switch|p2a: Groudon reflector|Sableye, M|88/100
|move|p1a: Zygarde|Substitute|p1a: Zygarde
|-start|p1a: Zygarde|Substitute
|-damage|p1a: Zygarde|53/100 brn
|
|-heal|p1a: Zygarde|59/100 brn|[from] item: Leftovers
|-damage|p1a: Zygarde|53/100 brn|[from] brn
|upkeep
|turn|8
|
|t:|1666797820
|move|p2a: Groudon reflector|Encore|p1a: Zygarde
|-start|p1a: Zygarde|Encore
|move|p1a: Zygarde|Substitute|p1a: Zygarde
|-fail|p1a: Zygarde|move: Substitute
|
|-heal|p1a: Zygarde|59/100 brn|[from] item: Leftovers
|-damage|p1a: Zygarde|53/100 brn|[from] brn
|-sideend|p1: JinVin|Reflect
|upkeep
|turn|9
|
|t:|1666797828
|move|p2a: Groudon reflector|Taunt|p1a: Zygarde
|-start|p1a: Zygarde|move: Taunt
|cant|p1a: Zygarde|move: Taunt|Substitute
|
|-heal|p1a: Zygarde|59/100 brn|[from] item: Leftovers
|-damage|p1a: Zygarde|53/100 brn|[from] brn
|-sideend|p1: JinVin|move: Light Screen
|upkeep
|turn|10
|
|t:|1666797838
|move|p2a: Groudon reflector|Will-O-Wisp||[still]
|-fail|p2a: Groudon reflector
|-activate|p1a: Zygarde|move: Struggle
|move|p1a: Zygarde|Struggle|p2a: Groudon reflector
|-damage|p2a: Groudon reflector|80/100
|-damage|p1a: Zygarde|28/100 brn|[from] recoil
|
|-heal|p1a: Zygarde|34/100 brn|[from] item: Leftovers
|-damage|p1a: Zygarde|28/100 brn|[from] brn
|-end|p1a: Zygarde|Encore
|-activate|p1a: Zygarde|ability: Power Construct
|detailschange|p1a: Zygarde|Zygarde-Complete
|-heal|p1a: Zygarde|55/100 brn|[silent]
|upkeep
|turn|11
|
|t:|1666797855
|move|p2a: Groudon reflector|Encore||[still]
|-fail|p2a: Groudon reflector
|move|p1a: Zygarde|Dragon Tail|p2a: Groudon reflector
|-damage|p2a: Groudon reflector|68/100
|drag|p2a: Groudon bad|Blissey, F, shiny|100/100
|
|-heal|p1a: Zygarde|61/100 brn|[from] item: Leftovers
|-damage|p1a: Zygarde|55/100 brn|[from] brn
|-end|p1a: Zygarde|move: Taunt
|upkeep
|turn|12
|
|t:|1666797869
|move|p1a: Zygarde|Thousand Arrows|p2a: Groudon bad
|-damage|p2a: Groudon bad|85/100
|move|p2a: Groudon bad|Reflect|p2a: Groudon bad
|-sidestart|p2: Jamalquavious|Reflect
|
|-heal|p1a: Zygarde|61/100 brn|[from] item: Leftovers
|-heal|p2a: Groudon bad|91/100|[from] item: Leftovers
|-damage|p1a: Zygarde|55/100 brn|[from] brn
|upkeep
|turn|13
|
|t:|1666797877
|switch|p2a: Groudon reflector|Sableye, M|68/100
|move|p1a: Zygarde|Dragon Dance|p1a: Zygarde
|-boost|p1a: Zygarde|atk|1
|-boost|p1a: Zygarde|spe|1
|
|-heal|p1a: Zygarde|61/100 brn|[from] item: Leftovers
|-damage|p1a: Zygarde|55/100 brn|[from] brn
|upkeep
|turn|14
|
|t:|1666797885
|move|p2a: Groudon reflector|Encore|p1a: Zygarde
|-start|p1a: Zygarde|Encore
|move|p1a: Zygarde|Dragon Dance|p1a: Zygarde
|-boost|p1a: Zygarde|atk|1
|-boost|p1a: Zygarde|spe|1
|
|-heal|p1a: Zygarde|61/100 brn|[from] item: Leftovers
|-damage|p1a: Zygarde|55/100 brn|[from] brn
|upkeep
|turn|15
|
|t:|1666797892
|move|p2a: Groudon reflector|Taunt|p1a: Zygarde
|-start|p1a: Zygarde|move: Taunt
|cant|p1a: Zygarde|move: Taunt|Dragon Dance
|
|-heal|p1a: Zygarde|61/100 brn|[from] item: Leftovers
|-damage|p1a: Zygarde|55/100 brn|[from] brn
|upkeep
|turn|16
|
|t:|1666797899
|move|p2a: Groudon reflector|Moonlight|p2a: Groudon reflector
|-heal|p2a: Groudon reflector|100/100
|-activate|p1a: Zygarde|move: Struggle
|move|p1a: Zygarde|Struggle|p2a: Groudon reflector
|-damage|p2a: Groudon reflector|94/100
|-damage|p1a: Zygarde|30/100 brn|[from] recoil
|
|-heal|p1a: Zygarde|36/100 brn|[from] item: Leftovers
|-damage|p1a: Zygarde|30/100 brn|[from] brn
|-end|p1a: Zygarde|Encore
|-sideend|p2: Jamalquavious|Reflect
|upkeep
|turn|17
|
|t:|1666797912
|move|p2a: Groudon reflector|Encore||[still]
|-fail|p2a: Groudon reflector
|move|p1a: Zygarde|Thousand Arrows|p2a: Groudon reflector
|-damage|p2a: Groudon reflector|54/100
|
|-heal|p1a: Zygarde|36/100 brn|[from] item: Leftovers
|-damage|p1a: Zygarde|30/100 brn|[from] brn
|-end|p1a: Zygarde|move: Taunt
|upkeep
|turn|18
|
|t:|1666797921
|move|p2a: Groudon reflector|Encore|p1a: Zygarde
|-start|p1a: Zygarde|Encore
|move|p1a: Zygarde|Thousand Arrows|p2a: Groudon reflector
|-damage|p2a: Groudon reflector|15/100
|
|-heal|p1a: Zygarde|36/100 brn|[from] item: Leftovers
|-damage|p1a: Zygarde|30/100 brn|[from] brn
|upkeep
|turn|19
|
|t:|1666797932
|move|p2a: Groudon reflector|Moonlight|p2a: Groudon reflector
|-heal|p2a: Groudon reflector|65/100
|move|p1a: Zygarde|Thousand Arrows|p2a: Groudon reflector
|-damage|p2a: Groudon reflector|30/100
|
|-heal|p1a: Zygarde|36/100 brn|[from] item: Leftovers
|-damage|p1a: Zygarde|30/100 brn|[from] brn
|upkeep
|turn|20
|
|t:|1666797945
|move|p2a: Groudon reflector|Moonlight|p2a: Groudon reflector
|-heal|p2a: Groudon reflector|79/100
|move|p1a: Zygarde|Thousand Arrows|p2a: Groudon reflector
|-damage|p2a: Groudon reflector|45/100
|
|-heal|p1a: Zygarde|36/100 brn|[from] item: Leftovers
|-damage|p1a: Zygarde|30/100 brn|[from] brn
|-end|p1a: Zygarde|Encore
|upkeep
|turn|21
|
|t:|1666797955
|move|p2a: Groudon reflector|Encore|p1a: Zygarde
|-start|p1a: Zygarde|Encore
|move|p1a: Zygarde|Thousand Arrows|p2a: Groudon reflector
|-damage|p2a: Groudon reflector|11/100
|
|-heal|p1a: Zygarde|36/100 brn|[from] item: Leftovers
|-damage|p1a: Zygarde|30/100 brn|[from] brn
|upkeep
|turn|22
|
|t:|1666797979
|move|p2a: Groudon reflector|Moonlight|p2a: Groudon reflector
|-heal|p2a: Groudon reflector|61/100
|move|p1a: Zygarde|Thousand Arrows|p2a: Groudon reflector
|-damage|p2a: Groudon reflector|23/100
|
|-heal|p1a: Zygarde|36/100 brn|[from] item: Leftovers
|-damage|p1a: Zygarde|30/100 brn|[from] brn
|upkeep
|turn|23
|
|t:|1666797989
|move|p2a: Groudon reflector|Moonlight|p2a: Groudon reflector
|-heal|p2a: Groudon reflector|73/100
|move|p1a: Zygarde|Thousand Arrows|p2a: Groudon reflector
|-damage|p2a: Groudon reflector|33/100
|
|-heal|p1a: Zygarde|36/100 brn|[from] item: Leftovers
|-damage|p1a: Zygarde|30/100 brn|[from] brn
|-end|p1a: Zygarde|Encore
|upkeep
|turn|24
|inactive|Jamalquavious has 120 seconds left.
|
|t:|1666798016
|move|p2a: Groudon reflector|Moonlight|p2a: Groudon reflector
|-heal|p2a: Groudon reflector|83/100
|move|p1a: Zygarde|Thousand Arrows|p2a: Groudon reflector
|-damage|p2a: Groudon reflector|44/100
|
|-heal|p1a: Zygarde|36/100 brn|[from] item: Leftovers
|-damage|p1a: Zygarde|30/100 brn|[from] brn
|upkeep
|turn|25
|
|t:|1666798027
|move|p2a: Groudon reflector|Encore|p1a: Zygarde
|-start|p1a: Zygarde|Encore
|move|p1a: Zygarde|Thousand Arrows|p2a: Groudon reflector
|-damage|p2a: Groudon reflector|8/100
|
|-heal|p1a: Zygarde|36/100 brn|[from] item: Leftovers
|-damage|p1a: Zygarde|30/100 brn|[from] brn
|upkeep
|turn|26
|
|t:|1666798035
|move|p2a: Groudon reflector|Moonlight|p2a: Groudon reflector
|-heal|p2a: Groudon reflector|58/100
|move|p1a: Zygarde|Thousand Arrows|p2a: Groudon reflector
|-damage|p2a: Groudon reflector|18/100
|
|-heal|p1a: Zygarde|36/100 brn|[from] item: Leftovers
|-damage|p1a: Zygarde|30/100 brn|[from] brn
|upkeep
|turn|27
|
|t:|1666798046
|move|p2a: Groudon reflector|Moonlight|p2a: Groudon reflector
|-heal|p2a: Groudon reflector|68/100
|move|p1a: Zygarde|Thousand Arrows|p2a: Groudon reflector
|-damage|p2a: Groudon reflector|34/100
|
|-heal|p1a: Zygarde|36/100 brn|[from] item: Leftovers
|-damage|p1a: Zygarde|30/100 brn|[from] brn
|-end|p1a: Zygarde|Encore
|upkeep
|turn|28
|
|t:|1666798056
|move|p2a: Groudon reflector|Taunt|p1a: Zygarde
|-start|p1a: Zygarde|move: Taunt
|move|p1a: Zygarde|Thousand Arrows|p2a: Groudon reflector
|-damage|p2a: Groudon reflector|0 fnt
|faint|p2a: Groudon reflector
|
|-heal|p1a: Zygarde|36/100 brn|[from] item: Leftovers
|-damage|p1a: Zygarde|30/100 brn|[from] brn
|upkeep
|
|t:|1666798061
|switch|p2a: Idk groudon ugly|Necrozma-Dusk-Mane|97/100
|turn|29
|
|t:|1666798067
|move|p1a: Zygarde|Thousand Arrows|p2a: Idk groudon ugly
|-supereffective|p2a: Idk groudon ugly
|-damage|p2a: Idk groudon ugly|67/100
|move|p2a: Idk groudon ugly|Stealth Rock|p1a: Zygarde
|-sidestart|p1: JinVin|move: Stealth Rock
|
|-heal|p1a: Zygarde|36/100 brn|[from] item: Leftovers
|-damage|p1a: Zygarde|30/100 brn|[from] brn
|upkeep
|turn|30
|
|t:|1666798076
|move|p1a: Zygarde|Thousand Arrows|p2a: Idk groudon ugly
|-supereffective|p2a: Idk groudon ugly
|-damage|p2a: Idk groudon ugly|36/100
|move|p2a: Idk groudon ugly|Moonlight|p2a: Idk groudon ugly
|-heal|p2a: Idk groudon ugly|86/100
|
|-heal|p1a: Zygarde|36/100 brn|[from] item: Leftovers
|-damage|p1a: Zygarde|30/100 brn|[from] brn
|-end|p1a: Zygarde|move: Taunt
|upkeep
|turn|31
|
|t:|1666798088
|move|p2a: Idk groudon ugly|Knock Off|p1a: Zygarde
|-end|p1a: Zygarde|Substitute
|move|p1a: Zygarde|Dragon Tail|p2a: Idk groudon ugly
|-resisted|p2a: Idk groudon ugly
|-damage|p2a: Idk groudon ugly|80/100
|-damage|p1a: Zygarde|13/100 brn|[from] item: Rocky Helmet|[of] p2a: Idk groudon ugly
|drag|p2a: Just hates groudon|Ditto, shiny|100/100
|-transform|p2a: Just hates groudon|p1a: Zygarde|[from] ability: Imposter
|
|-heal|p1a: Zygarde|20/100 brn|[from] item: Leftovers
|-damage|p1a: Zygarde|13/100 brn|[from] brn
|upkeep
|turn|32
|
|t:|1666798105
|move|p2a: Just hates groudon|Thousand Arrows|p1a: Zygarde
|-damage|p1a: Zygarde|0 fnt
|faint|p1a: Zygarde
|
|upkeep
|
|t:|1666798113
|switch|p1a: Grimmsnarl|Grimmsnarl, M|100/100
|-damage|p1a: Grimmsnarl|88/100|[from] Stealth Rock
|turn|33
|
|t:|1666798118
|move|p1a: Grimmsnarl|Taunt|p2a: Just hates groudon
|-start|p2a: Just hates groudon|move: Taunt
|move|p2a: Just hates groudon|Thousand Arrows|p1a: Grimmsnarl
|-damage|p1a: Grimmsnarl|26/100
|
|upkeep
|turn|34
|
|t:|1666798124
|move|p1a: Grimmsnarl|Reflect|p1a: Grimmsnarl
|-sidestart|p1: JinVin|Reflect
|move|p2a: Just hates groudon|Thousand Arrows|p1a: Grimmsnarl
|-damage|p1a: Grimmsnarl|0 fnt
|faint|p1a: Grimmsnarl
|
|upkeep
|
|t:|1666798133
|switch|p1a: Marshadow|Marshadow|100/100
|-damage|p1a: Marshadow|94/100|[from] Stealth Rock
|turn|35
|
|t:|1666798137
|switch|p2a: Idk groudon ugly|Necrozma-Dusk-Mane|80/100
|move|p1a: Marshadow|Spectral Thief|p2a: Idk groudon ugly
|-supereffective|p2a: Idk groudon ugly
|-damage|p2a: Idk groudon ugly|41/100
|-damage|p1a: Marshadow|78/100|[from] item: Rocky Helmet|[of] p2a: Idk groudon ugly
|
|upkeep
|turn|36
|
|t:|1666798149
|move|p1a: Marshadow|Spectral Thief|p2a: Idk groudon ugly
|-supereffective|p2a: Idk groudon ugly
|-damage|p2a: Idk groudon ugly|7/100
|-damage|p1a: Marshadow|61/100|[from] item: Rocky Helmet|[of] p2a: Idk groudon ugly
|move|p2a: Idk groudon ugly|Moonlight|p2a: Idk groudon ugly
|-heal|p2a: Idk groudon ugly|57/100
|
|upkeep
|turn|37
|
|t:|1666798164
|switch|p1a: Ferrothorn|Ferrothorn, F|100/100
|-damage|p1a: Ferrothorn|94/100|[from] Stealth Rock
|move|p2a: Idk groudon ugly|Moonlight|p2a: Idk groudon ugly
|-heal|p2a: Idk groudon ugly|100/100
|
|-heal|p1a: Ferrothorn|100/100|[from] item: Leftovers
|upkeep
|turn|38
|
|t:|1666798171
|move|p2a: Idk groudon ugly|Thunder Wave|p1a: Ferrothorn|[miss]
|-miss|p2a: Idk groudon ugly|p1a: Ferrothorn
|move|p1a: Ferrothorn|Leech Seed|p2a: Idk groudon ugly
|-start|p2a: Idk groudon ugly|move: Leech Seed
|
|-damage|p2a: Idk groudon ugly|88/100|[from] Leech Seed|[of] p1a: Ferrothorn
|upkeep
|turn|39
|
|t:|1666798177
|move|p2a: Idk groudon ugly|Knock Off|p1a: Ferrothorn
|-damage|p1a: Ferrothorn|87/100
|-damage|p2a: Idk groudon ugly|76/100|[from] ability: Iron Barbs|[of] p1a: Ferrothorn
|-enditem|p1a: Ferrothorn|Leftovers|[from] move: Knock Off|[of] p2a: Idk groudon ugly
|move|p1a: Ferrothorn|Stealth Rock|p2a: Idk groudon ugly
|-sidestart|p2: Jamalquavious|move: Stealth Rock
|
|-damage|p2a: Idk groudon ugly|64/100|[from] Leech Seed|[of] p1a: Ferrothorn
|-heal|p1a: Ferrothorn|100/100|[silent]
|upkeep
|turn|40
|
|t:|1666798185
|move|p2a: Idk groudon ugly|Thunder Wave|p1a: Ferrothorn|[miss]
|-miss|p2a: Idk groudon ugly|p1a: Ferrothorn
|move|p1a: Ferrothorn|Knock Off|p2a: Idk groudon ugly
|-supereffective|p2a: Idk groudon ugly
|-damage|p2a: Idk groudon ugly|46/100
|-damage|p1a: Ferrothorn|84/100|[from] item: Rocky Helmet|[of] p2a: Idk groudon ugly
|-enditem|p2a: Idk groudon ugly|Rocky Helmet|[from] move: Knock Off|[of] p1a: Ferrothorn
|
|-damage|p2a: Idk groudon ugly|34/100|[from] Leech Seed|[of] p1a: Ferrothorn
|-heal|p1a: Ferrothorn|98/100|[silent]
|upkeep
|turn|41
|c|☆Jamalquavious|Honestly
|
|t:|1666798195
|move|p1a: Ferrothorn|Protect|p1a: Ferrothorn
|-singleturn|p1a: Ferrothorn|Protect
|move|p2a: Idk groudon ugly|Thunder Wave|p1a: Ferrothorn
|-activate|p1a: Ferrothorn|move: Protect
|
|-damage|p2a: Idk groudon ugly|22/100|[from] Leech Seed|[of] p1a: Ferrothorn
|-heal|p1a: Ferrothorn|100/100|[silent]
|-sideend|p1: JinVin|Reflect
|upkeep
|turn|42
|c|☆Jamalquavious|Deserved
|
|t:|1666798202
|move|p2a: Idk groudon ugly|Moonlight|p2a: Idk groudon ugly
|-heal|p2a: Idk groudon ugly|72/100
|move|p1a: Ferrothorn|Knock Off|p2a: Idk groudon ugly
|-supereffective|p2a: Idk groudon ugly
|-damage|p2a: Idk groudon ugly|60/100
|
|-damage|p2a: Idk groudon ugly|48/100|[from] Leech Seed|[of] p1a: Ferrothorn
|upkeep
|turn|43
|
|t:|1666798210
|move|p1a: Ferrothorn|Protect|p1a: Ferrothorn
|-singleturn|p1a: Ferrothorn|Protect
|move|p2a: Idk groudon ugly|Thunder Wave|p1a: Ferrothorn
|-activate|p1a: Ferrothorn|move: Protect
|
|-damage|p2a: Idk groudon ugly|36/100|[from] Leech Seed|[of] p1a: Ferrothorn
|upkeep
|turn|44
|
|t:|1666798218
|move|p2a: Idk groudon ugly|Thunder Wave|p1a: Ferrothorn|[miss]
|-miss|p2a: Idk groudon ugly|p1a: Ferrothorn
|move|p1a: Ferrothorn|Knock Off|p2a: Idk groudon ugly
|-supereffective|p2a: Idk groudon ugly
|-damage|p2a: Idk groudon ugly|25/100
|
|-damage|p2a: Idk groudon ugly|13/100|[from] Leech Seed|[of] p1a: Ferrothorn
|upkeep
|turn|45
|
|t:|1666798235
|switch|p1a: Necrozma|Necrozma-Dusk-Mane|100/100
|-damage|p1a: Necrozma|95/100|[from] Stealth Rock
|move|p2a: Idk groudon ugly|Moonlight|p2a: Idk groudon ugly
|-heal|p2a: Idk groudon ugly|63/100
|
|-damage|p2a: Idk groudon ugly|50/100|[from] Leech Seed|[of] p1a: Necrozma
|-heal|p1a: Necrozma|100/100|[silent]
|upkeep
|turn|46
|
|t:|1666798246
|detailschange|p1a: Necrozma|Necrozma-Ultra
|-burst|p1a: Necrozma|Necrozma|Ultranecrozium Z
|move|p1a: Necrozma|Earthquake|p2a: Idk groudon ugly
|-supereffective|p2a: Idk groudon ugly
|-damage|p2a: Idk groudon ugly|6/100
|move|p2a: Idk groudon ugly|Thunder Wave|p1a: Necrozma
|-status|p1a: Necrozma|par
|
|-damage|p2a: Idk groudon ugly|0 fnt|[from] Leech Seed|[of] p1a: Necrozma
|faint|p2a: Idk groudon ugly
|upkeep
|
|t:|1666798252
|switch|p2a: FUCK GROUDON|Rayquaza|100/100
|-damage|p2a: FUCK GROUDON|76/100|[from] Stealth Rock
|-ability|p2a: FUCK GROUDON|Air Lock
|turn|47
|
|t:|1666798263
|detailschange|p2a: FUCK GROUDON|Rayquaza-Mega
|-mega|p2a: FUCK GROUDON|Rayquaza|
|-weather|DeltaStream|[from] ability: Delta Stream|[of] p2a: FUCK GROUDON
|move|p2a: FUCK GROUDON|Dragon Ascent|p1a: Necrozma
|-damage|p1a: Necrozma|0 fnt
|-unboost|p2a: FUCK GROUDON|def|1
|-unboost|p2a: FUCK GROUDON|spd|1
|faint|p1a: Necrozma
|-damage|p2a: FUCK GROUDON|66/100|[from] item: Life Orb
|
|-weather|DeltaStream|[upkeep]
|upkeep
|
|t:|1666798277
|switch|p1a: Marshadow|Marshadow|61/100
|-damage|p1a: Marshadow|55/100|[from] Stealth Rock
|turn|48
|
|t:|1666798280
|-weather|none
|switch|p2a: Groudon bad|Blissey, F, shiny|91/100
|-damage|p2a: Groudon bad|78/100|[from] Stealth Rock
|move|p1a: Marshadow|Ice Punch|p2a: Groudon bad
|-damage|p2a: Groudon bad|56/100
|
|-heal|p2a: Groudon bad|62/100|[from] item: Leftovers
|upkeep
|turn|49
|
|t:|1666798288
|move|p1a: Marshadow|Close Combat|p2a: Groudon bad
|-supereffective|p2a: Groudon bad
|-damage|p2a: Groudon bad|0 fnt
|-unboost|p1a: Marshadow|def|1
|-unboost|p1a: Marshadow|spd|1
|faint|p2a: Groudon bad
|
|upkeep
|
|t:|1666798291
|switch|p2a: Groudon protester|Calyrex-Shadow|100/100
|-ability|p2a: Groudon protester|As One
|-ability|p2a: Groudon protester|Unnerve
|-damage|p2a: Groudon protester|88/100|[from] Stealth Rock
|turn|50
|
|t:|1666798299
|-start|p2a: Groudon protester|Dynamax|
|-heal|p2a: Groudon protester|88/100|[silent]
|move|p1a: Marshadow|Shadow Sneak|p2a: Groudon protester
|-supereffective|p2a: Groudon protester
|-damage|p2a: Groudon protester|17/100
|move|p2a: Groudon protester|Max Mindstorm|p1a: Marshadow
|-supereffective|p1a: Marshadow
|-damage|p1a: Marshadow|0 fnt
|-fieldstart|move: Psychic Terrain
|faint|p1a: Marshadow
|-ability|p2a: Groudon protester|Grim Neigh|boost
|-boost|p2a: Groudon protester|spa|1
|
|-heal|p2a: Groudon protester|20/100|[from] item: Leftovers
|upkeep
|
|t:|1666798310
|switch|p1a: Ferrothorn|Ferrothorn, F|100/100
|-damage|p1a: Ferrothorn|94/100|[from] Stealth Rock
|turn|51
|
|t:|1666798315
|move|p2a: Groudon protester|Max Phantasm|p1a: Ferrothorn
|-damage|p1a: Ferrothorn|13/100
|-unboost|p1a: Ferrothorn|def|1
|move|p1a: Ferrothorn|Knock Off|p2a: Groudon protester
|-supereffective|p2a: Groudon protester
|-damage|p2a: Groudon protester|0 fnt
|-enditem|p2a: Groudon protester|Leftovers|[from] move: Knock Off|[of] p1a: Ferrothorn
|faint|p2a: Groudon protester
|
|upkeep
|
|t:|1666798318
|switch|p2a: FUCK GROUDON|Rayquaza-Mega|66/100
|-damage|p2a: FUCK GROUDON|41/100|[from] Stealth Rock
|-weather|DeltaStream|[from] ability: Delta Stream|[of] p2a: FUCK GROUDON
|turn|52
|
|t:|1666798332
|move|p2a: FUCK GROUDON|Earthquake|p1a: Ferrothorn
|-damage|p1a: Ferrothorn|0 fnt
|faint|p1a: Ferrothorn
|-damage|p2a: FUCK GROUDON|31/100|[from] item: Life Orb
|
|-weather|DeltaStream|[upkeep]
|upkeep
|c|☆Jamalquavious|Gg
|
|t:|1666798337
|switch|p1a: Volcarona|Volcarona, F|100/100
|turn|53
|
|t:|1666798340
|move|p2a: FUCK GROUDON|Dragon Ascent|p1a: Volcarona
|-supereffective|p1a: Volcarona
|-damage|p1a: Volcarona|0 fnt
|-unboost|p2a: FUCK GROUDON|def|1
|-unboost|p2a: FUCK GROUDON|spd|1
|faint|p1a: Volcarona
|-damage|p2a: FUCK GROUDON|21/100|[from] item: Life Orb
|
|win|Jamalquavious
|raw|JinVin's rating: 1513 &rarr; <strong>1501</strong><br />(-12 for losing)
|raw|Jamalquavious's rating: 1653 &rarr; <strong>1665</strong><br />(+12 for winning)
|l|☆JinVin
