|j|☆LonelyGuy69
|j|☆Supplement
|t:|1667456437
|gametype|singles
|player|p1|LonelyGuy69|unknown|1535
|player|p2|Supplement|red|1570
|teamsize|p1|6
|teamsize|p2|6
|gen|8
|tier|[Gen 8] National Dex AG
|rated|
|rule|HP Percentage Mod: HP is shown in percentages
|rule|Endless Battle Clause: Forcing endless battles is banned
|clearpoke
|poke|p1|Marshadow|
|poke|p1|Lopunny, M|
|poke|p1|Yveltal|
|poke|p1|Excadrill, M|
|poke|p1|Greninja, M|
|poke|p1|Calyrex-Shadow|
|poke|p2|Yveltal|
|poke|p2|Groudon|
|poke|p2|Necrozma-Dusk-Mane|
|poke|p2|Zygarde|
|poke|p2|Calyrex-Shadow|
|poke|p2|Rayquaza|
|teampreview
|inactive|Battle timer is ON: inactive players will automatically lose when time's up. (requested by Supplement)
|j| Buckfromgothamcity
|
|t:|1667456457
|start
|switch|p1a: Excadrill|Excadrill, M|100/100
|switch|p2a: Groudon|Groudon|100/100
|-ability|p1a: Excadrill|Mold Breaker
|detailschange|p2a: Groudon|Groudon-Primal
|-primal|p2a: Groudon
|-weather|DesolateLand|[from] ability: Desolate Land|[of] p2a: Groudon
|turn|1
|
|t:|1667456468
|move|p1a: Excadrill|Stealth Rock|p2a: Groudon
|-sidestart|p2: Supplement|move: Stealth Rock
|move|p2a: Groudon|Precipice Blades|p1a: Excadrill
|-supereffective|p1a: Excadrill
|-enditem|p1a: Excadrill|Focus Sash
|-damage|p1a: Excadrill|1/100
|
|-weather|DesolateLand|[upkeep]
|upkeep
|turn|2
|
|t:|1667456480
|move|p1a: Excadrill|Earthquake|p2a: Groudon
|-supereffective|p2a: Groudon
|-damage|p2a: Groudon|47/100
|move|p2a: Groudon|Stealth Rock|p1a: Excadrill
|-sidestart|p1: LonelyGuy69|move: Stealth Rock
|
|-weather|DesolateLand|[upkeep]
|upkeep
|turn|3
|
|t:|1667456495
|-weather|none
|switch|p2a: Calyrex|Calyrex-Shadow|100/100
|-ability|p2a: Calyrex|As One
|-ability|p2a: Calyrex|Unnerve
|-damage|p2a: Calyrex|88/100|[from] Stealth Rock
|move|p1a: Excadrill|Rapid Spin|p2a: Calyrex
|-immune|p2a: Calyrex
|
|upkeep
|turn|4
|
|t:|1667456511
|move|p2a: Calyrex|Draining Kiss|p1a: Excadrill
|-resisted|p1a: Excadrill
|-damage|p1a: Excadrill|0 fnt
|-heal|p2a: Calyrex|88/100|[from] drain|[of] p1a: Excadrill
|faint|p1a: Excadrill
|-ability|p2a: Calyrex|Grim Neigh|boost
|-boost|p2a: Calyrex|spa|1
|
|upkeep
|
|t:|1667456519
|switch|p1a: Yveltal|Yveltal|100/100
|-damage|p1a: Yveltal|76/100|[from] Stealth Rock
|-ability|p1a: Yveltal|Dark Aura
|turn|5
|
|t:|1667456528
|-start|p1a: Yveltal|Dynamax|
|-heal|p1a: Yveltal|76/100|[silent]
|move|p2a: Calyrex|Baton Pass|p2a: Calyrex
|
|t:|1667456537
|switch|p2a: Yveltal|Yveltal, shiny|100/100|[from]move: Baton Pass
|-damage|p2a: Yveltal|76/100|[from] Stealth Rock
|-ability|p2a: Yveltal|Dark Aura
|move|p1a: Yveltal|Max Airstream|p2a: Yveltal
|-damage|p2a: Yveltal|11/100
|-boost|p1a: Yveltal|spe|1
|
|upkeep
|turn|6
|
|t:|1667456559
|move|p2a: Yveltal|Sucker Punch|p1a: Yveltal
|-resisted|p1a: Yveltal
|-damage|p1a: Yveltal|68/100
|move|p1a: Yveltal|Max Airstream|p2a: Yveltal
|-damage|p2a: Yveltal|0 fnt
|-boost|p1a: Yveltal|spe|1
|faint|p2a: Yveltal
|
|upkeep
|inactive|Supplement has 120 seconds left.
|
|t:|1667456585
|switch|p2a: Necrozma|Necrozma-Dusk-Mane|100/100
|-damage|p2a: Necrozma|94/100|[from] Stealth Rock
|turn|7
|
|t:|1667456591
|-start|p2a: Necrozma|Dynamax|
|-heal|p2a: Necrozma|94/100|[silent]
|move|p1a: Yveltal|Max Darkness|p2a: Necrozma
|-supereffective|p2a: Necrozma
|-damage|p2a: Necrozma|35/100
|-unboost|p2a: Necrozma|spd|1
|-enditem|p2a: Necrozma|Weakness Policy
|-boost|p2a: Necrozma|atk|2|[from] item: Weakness Policy
|-boost|p2a: Necrozma|spa|2|[from] item: Weakness Policy
|move|p2a: Necrozma|Max Rockfall|p1a: Yveltal
|-supereffective|p1a: Yveltal
|-damage|p1a: Yveltal|0 fnt
|-weather|Sandstorm
|faint|p1a: Yveltal
|
|-weather|Sandstorm|[upkeep]
|upkeep
|
|t:|1667456620
|switch|p1a: Calyrex|Calyrex-Shadow|100/100
|-ability|p1a: Calyrex|As One
|-ability|p1a: Calyrex|Unnerve
|-damage|p1a: Calyrex|88/100|[from] Stealth Rock
|turn|8
|inactive|Supplement has 120 seconds left.
|
|t:|1667456644
|move|p1a: Calyrex|Astral Barrage|p2a: Necrozma
|-supereffective|p2a: Necrozma
|-damage|p2a: Necrozma|0 fnt
|faint|p2a: Necrozma
|-ability|p1a: Calyrex|Grim Neigh|boost
|-boost|p1a: Calyrex|spa|1
|
|-weather|Sandstorm|[upkeep]
|-damage|p1a: Calyrex|82/100|[from] Sandstorm
|upkeep
|
|t:|1667456650
|switch|p2a: Calyrex|Calyrex-Shadow|88/100
|-ability|p2a: Calyrex|As One
|-ability|p2a: Calyrex|Unnerve
|-damage|p2a: Calyrex|76/100|[from] Stealth Rock
|turn|9
|
|t:|1667456661
|move|p2a: Calyrex|Astral Barrage|p1a: Calyrex
|-supereffective|p1a: Calyrex
|-damage|p1a: Calyrex|0 fnt
|faint|p1a: Calyrex
|-ability|p2a: Calyrex|Grim Neigh|boost
|-boost|p2a: Calyrex|spa|1
|
|-weather|Sandstorm|[upkeep]
|-damage|p2a: Calyrex|70/100|[from] Sandstorm
|upkeep
|
|t:|1667456672
|switch|p1a: Marshadow|Marshadow|100/100
|-damage|p1a: Marshadow|94/100|[from] Stealth Rock
|turn|10
|inactive|Supplement has 120 seconds left.
|
|t:|1667456693
|switch|p2a: Zygarde|Zygarde|100/100
|-damage|p2a: Zygarde|94/100|[from] Stealth Rock
|move|p1a: Marshadow|Shadow Sneak|p2a: Zygarde
|-damage|p2a: Zygarde|75/100
|-damage|p1a: Marshadow|84/100|[from] item: Life Orb
|
|-weather|Sandstorm|[upkeep]
|-damage|p1a: Marshadow|78/100|[from] Sandstorm
|upkeep
|turn|11
|inactive|Supplement has 120 seconds left.
|
|t:|1667456705
|switch|p1a: Greninja|Greninja, M|100/100
|-damage|p1a: Greninja|88/100|[from] Stealth Rock
|move|p2a: Zygarde|Glare|p1a: Greninja
|-status|p1a: Greninja|par
|
|-weather|none
|upkeep
|turn|12
|
|t:|1667456715
|move|p2a: Zygarde|Thousand Arrows|p1a: Greninja
|-damage|p1a: Greninja|41/100 par
|move|p1a: Greninja|Scald|p2a: Zygarde
|-damage|p2a: Zygarde|45/100
|
|-activate|p2a: Zygarde|ability: Power Construct
|detailschange|p2a: Zygarde|Zygarde-Complete
|-heal|p2a: Zygarde|64/100|[silent]
|upkeep
|turn|13
|
|t:|1667456727
|move|p2a: Zygarde|Thousand Arrows|p1a: Greninja
|-damage|p1a: Greninja|0 fnt
|faint|p1a: Greninja
|
|upkeep
|
|t:|1667456733
|switch|p1a: Lopunny|Lopunny, M|100/100
|-damage|p1a: Lopunny|88/100|[from] Stealth Rock
|turn|14
|
|t:|1667456739
|detailschange|p1a: Lopunny|Lopunny-Mega, M
|-mega|p1a: Lopunny|Lopunny|Lopunnite
|move|p1a: Lopunny|Fake Out|p2a: Zygarde
|-damage|p2a: Zygarde|57/100
|cant|p2a: Zygarde|flinch
|
|upkeep
|turn|15
|
|t:|1667456748
|move|p1a: Lopunny|Triple Axel|p2a: Zygarde
|-supereffective|p2a: Zygarde
|-damage|p2a: Zygarde|45/100
|-supereffective|p2a: Zygarde
|-damage|p2a: Zygarde|25/100
|-supereffective|p2a: Zygarde
|-damage|p2a: Zygarde|0 fnt
|faint|p2a: Zygarde
|-hitcount|p2: Zygarde|3
|
|upkeep
|inactive|Supplement has 120 seconds left.
|
|t:|1667456786
|switch|p2a: Calyrex|Calyrex-Shadow|70/100
|-ability|p2a: Calyrex|As One
|-ability|p2a: Calyrex|Unnerve
|-damage|p2a: Calyrex|58/100|[from] Stealth Rock
|turn|16
|
|t:|1667456794
|move|p1a: Lopunny|Quick Attack|p2a: Calyrex
|-damage|p2a: Calyrex|32/100
|move|p2a: Calyrex|Draining Kiss|p1a: Lopunny
|-supereffective|p1a: Lopunny
|-damage|p1a: Lopunny|32/100
|-heal|p2a: Calyrex|65/100|[from] drain|[of] p1a: Lopunny
|
|upkeep
|turn|17
|
|t:|1667456803
|move|p2a: Calyrex|Draining Kiss|p1a: Lopunny
|-supereffective|p1a: Lopunny
|-damage|p1a: Lopunny|0 fnt
|-heal|p2a: Calyrex|84/100|[from] drain|[of] p1a: Lopunny
|faint|p1a: Lopunny
|-ability|p2a: Calyrex|Grim Neigh|boost
|-boost|p2a: Calyrex|spa|1
|
|upkeep
|
|t:|1667456811
|switch|p1a: Marshadow|Marshadow|78/100
|-damage|p1a: Marshadow|72/100|[from] Stealth Rock
|turn|18
|
|t:|1667456823
|move|p2a: Calyrex|Astral Barrage|p1a: Marshadow
|-supereffective|p1a: Marshadow
|-damage|p1a: Marshadow|0 fnt
|faint|p1a: Marshadow
|
|win|Supplement
|raw|LonelyGuy69's rating: 1535 &rarr; <strong>1517</strong><br />(-18 for losing)
|raw|Supplement's rating: 1570 &rarr; <strong>1588</strong><br />(+18 for winning)
|l|☆LonelyGuy69
