|j|☆CLEAR GEM清瑜
|j|☆hanwujiwandou
|t:|1664680563
|gametype|singles
|player|p1|CLEAR GEM清瑜|skierf|1816
|player|p2|hanwujiwandou|lillie-z|1786
|teamsize|p1|6
|teamsize|p2|6
|gen|8
|tier|[Gen 8] National Dex AG
|rated|
|rule|HP Percentage Mod: HP is shown in percentages
|rule|Endless Battle Clause: Forcing endless battles is banned
|clearpoke
|poke|p1|Rayquaza|
|poke|p1|Groudon|
|poke|p1|Necrozma-Dusk-Mane|
|poke|p1|Arceus-*|
|poke|p1|Zacian-*|
|poke|p1|Yveltal|
|poke|p2|Zacian-*|
|poke|p2|Ho-Oh|
|poke|p2|Groudon|
|poke|p2|Calyrex-Shadow|
|poke|p2|Yveltal|
|poke|p2|Rayquaza|
|teampreview
|inactive|Battle timer is ON: inactive players will automatically lose when time's up. (requested by hanwujiwandou)
|c|☆hanwujiwandou|。。
|
|t:|1664680575
|start
|switch|p1a: Y鸟|Yveltal|100/100
|switch|p2a: Rayquaza|Rayquaza|100/100
|-ability|p2a: Rayquaza|Air Lock
|-ability|p1a: Y鸟|Dark Aura
|turn|1
|
|t:|1664680585
|detailschange|p2a: Rayquaza|Rayquaza-Mega
|-mega|p2a: Rayquaza|Rayquaza|
|-weather|DeltaStream|[from] ability: Delta Stream|[of] p2a: Rayquaza
|move|p2a: Rayquaza|Dragon Ascent|p1a: Y鸟
|-damage|p1a: Y鸟|26/100
|-unboost|p2a: Rayquaza|def|1
|-unboost|p2a: Rayquaza|spd|1
|move|p1a: Y鸟|Dark Pulse|p2a: Rayquaza
|-damage|p2a: Rayquaza|0 fnt
|faint|p2a: Rayquaza
|-weather|none
|-damage|p1a: Y鸟|16/100|[from] item: Life Orb
|
|upkeep
|j| v87
|
|t:|1664680602
|switch|p2a: Zacian|Zacian-Crowned|100/100
|-ability|p2a: Zacian|Intrepid Sword|boost
|-boost|p2a: Zacian|atk|1
|turn|2
|
|t:|1664680607
|move|p2a: Zacian|Behemoth Blade|p1a: Y鸟
|-damage|p1a: Y鸟|0 fnt
|faint|p1a: Y鸟
|
|upkeep
|
|t:|1664680609
|switch|p1a: 不会(?)|Groudon|100/100
|detailschange|p1a: 不会(?)|Groudon-Primal
|-primal|p1a: 不会(?)
|-weather|DesolateLand|[from] ability: Desolate Land|[of] p1a: 不会(?)
|turn|3
|
|t:|1664680612
|switch|p2a: Yveltal|Yveltal|100/100
|-ability|p2a: Yveltal|Dark Aura
|move|p1a: 不会(?)|Stealth Rock|p2a: Yveltal
|-sidestart|p2: hanwujiwandou|move: Stealth Rock
|
|-weather|DesolateLand|[upkeep]
|upkeep
|turn|4
|
|t:|1664680614
|-start|p2a: Yveltal|Dynamax|
|-heal|p2a: Yveltal|100/100|[silent]
|move|p2a: Yveltal|Max Airstream|p1a: 不会(?)
|-damage|p1a: 不会(?)|31/100
|-boost|p2a: Yveltal|spe|1
|move|p1a: 不会(?)|Heat Crash||[still]
|-fail|p1a: 不会(?)|Dynamax
|
|-weather|DesolateLand|[upkeep]
|upkeep
|turn|5
|
|t:|1664680627
|move|p2a: Yveltal|Max Airstream|p1a: 不会(?)
|-damage|p1a: 不会(?)|0 fnt
|-boost|p2a: Yveltal|spe|1
|faint|p1a: 不会(?)
|-weather|none
|
|upkeep
|
|t:|1664680633
|switch|p1a: 老烈|Rayquaza, shiny|100/100
|-ability|p1a: 老烈|Air Lock
|turn|6
|
|t:|1664680636
|detailschange|p1a: 老烈|Rayquaza-Mega, shiny
|-mega|p1a: 老烈|Rayquaza|
|-weather|DeltaStream|[from] ability: Delta Stream|[of] p1a: 老烈
|move|p2a: Yveltal|Max Darkness|p1a: 老烈
|-crit|p1a: 老烈
|-enditem|p1a: 老烈|Focus Sash
|-damage|p1a: 老烈|1/100
|-unboost|p1a: 老烈|spd|1
|move|p1a: 老烈|Dragon Ascent|p2a: Yveltal
|-damage|p2a: Yveltal|61/100
|-unboost|p1a: 老烈|def|1
|-unboost|p1a: 老烈|spd|1
|
|-weather|DeltaStream|[upkeep]
|upkeep
|-end|p2a: Yveltal|Dynamax
|-heal|p2a: Yveltal|61/100|[silent]
|turn|7
|
|t:|1664680650
|move|p1a: 老烈|Extreme Speed|p2a: Yveltal
|-damage|p2a: Yveltal|26/100
|move|p2a: Yveltal|Sucker Punch||[still]
|-fail|p2a: Yveltal
|
|-weather|DeltaStream|[upkeep]
|upkeep
|turn|8
|
|t:|1664680658
|move|p1a: 老烈|Extreme Speed|p2a: Yveltal
|-damage|p2a: Yveltal|0 fnt
|faint|p2a: Yveltal
|
|-weather|DeltaStream|[upkeep]
|upkeep
|
|t:|1664680667
|switch|p2a: Calyrex|Calyrex-Shadow|100/100
|-ability|p2a: Calyrex|As One
|-ability|p2a: Calyrex|Unnerve
|-damage|p2a: Calyrex|88/100|[from] Stealth Rock
|turn|9
|
|t:|1664680671
|move|p2a: Calyrex|Astral Barrage|p1a: 老烈
|-damage|p1a: 老烈|0 fnt
|faint|p1a: 老烈
|-weather|none
|-ability|p2a: Calyrex|Grim Neigh|boost
|-boost|p2a: Calyrex|spa|1
|
|upkeep
|
|t:|1664680672
|switch|p1a: 嘉然小姐的狗|Zacian-Crowned|100/100
|-ability|p1a: 嘉然小姐的狗|Intrepid Sword|boost
|-boost|p1a: 嘉然小姐的狗|atk|1
|turn|10
|
|t:|1664680675
|move|p2a: Calyrex|Astral Barrage|p1a: 嘉然小姐的狗
|-damage|p1a: 嘉然小姐的狗|23/100
|move|p1a: 嘉然小姐的狗|Behemoth Blade|p2a: Calyrex
|-damage|p2a: Calyrex|0 fnt
|faint|p2a: Calyrex
|
|upkeep
|c|☆hanwujiwandou|拉hp了？
|c|☆CLEAR GEM清瑜|是
|
|t:|1664680695
|switch|p2a: Groudon|Groudon|100/100
|-damage|p2a: Groudon|94/100|[from] Stealth Rock
|detailschange|p2a: Groudon|Groudon-Primal
|-primal|p2a: Groudon
|-weather|DesolateLand|[from] ability: Desolate Land|[of] p2a: Groudon
|turn|11
|
|t:|1664680700
|move|p1a: 嘉然小姐的狗|Close Combat|p2a: Groudon
|-damage|p2a: Groudon|42/100
|-unboost|p1a: 嘉然小姐的狗|def|1
|-unboost|p1a: 嘉然小姐的狗|spd|1
|move|p2a: Groudon|Heat Crash|p1a: 嘉然小姐的狗
|-supereffective|p1a: 嘉然小姐的狗
|-damage|p1a: 嘉然小姐的狗|0 fnt
|faint|p1a: 嘉然小姐的狗
|
|-weather|DesolateLand|[upkeep]
|upkeep
|
|t:|1664680704
|switch|p1a: 悬空羊驼|Arceus-Flying|100/100
|turn|12
|
|t:|1664680710
|-weather|none
|switch|p2a: Ho-Oh|Ho-Oh|100/100
|-start|p1a: 悬空羊驼|Dynamax|
|-heal|p1a: 悬空羊驼|100/100|[silent]
|move|p1a: 悬空羊驼|Max Airstream|p2a: Ho-Oh
|-damage|p2a: Ho-Oh|57/100
|-boost|p1a: 悬空羊驼|spe|1
|
|upkeep
|turn|13
|
|t:|1664680717
|switch|p2a: Groudon|Groudon-Primal|42/100
|-damage|p2a: Groudon|29/100|[from] Stealth Rock
|-weather|DesolateLand|[from] ability: Desolate Land|[of] p2a: Groudon
|move|p1a: 悬空羊驼|Max Airstream|p2a: Groudon
|-damage|p2a: Groudon|0 fnt
|-boost|p1a: 悬空羊驼|spe|1
|faint|p2a: Groudon
|-weather|none
|
|upkeep
|
|t:|1664680724
|switch|p2a: Ho-Oh|Ho-Oh|90/100
|turn|14
|
|t:|1664680729
|move|p1a: 悬空羊驼|Max Airstream|p2a: Ho-Oh
|-damage|p2a: Ho-Oh|41/100
|-boost|p1a: 悬空羊驼|spe|1
|move|p2a: Ho-Oh|Toxic|p1a: 悬空羊驼
|-status|p1a: 悬空羊驼|tox
|
|-damage|p1a: 悬空羊驼|97/100 tox|[from] psn
|upkeep
|-end|p1a: 悬空羊驼|Dynamax
|-heal|p1a: 悬空羊驼|98/100 tox|[silent]
|turn|15
|
|t:|1664680732
|move|p1a: 悬空羊驼|Calm Mind|p1a: 悬空羊驼
|-boost|p1a: 悬空羊驼|spa|1
|-boost|p1a: 悬空羊驼|spd|1
|move|p2a: Ho-Oh|Recover|p2a: Ho-Oh
|-heal|p2a: Ho-Oh|91/100
|
|-damage|p1a: 悬空羊驼|86/100 tox|[from] psn
|upkeep
|turn|16
|
|t:|1664680736
|switch|p2a: Zacian|Zacian-Crowned|100/100
|-damage|p2a: Zacian|94/100|[from] Stealth Rock
|-ability|p2a: Zacian|Intrepid Sword|boost
|-boost|p2a: Zacian|atk|1
|move|p1a: 悬空羊驼|Calm Mind|p1a: 悬空羊驼
|-boost|p1a: 悬空羊驼|spa|1
|-boost|p1a: 悬空羊驼|spd|1
|
|-damage|p1a: 悬空羊驼|67/100 tox|[from] psn
|upkeep
|turn|17
|
|t:|1664680743
|switch|p2a: Ho-Oh|Ho-Oh|100/100
|move|p1a: 悬空羊驼|Judgment|p2a: Ho-Oh
|-damage|p2a: Ho-Oh|33/100
|
|-damage|p1a: 悬空羊驼|43/100 tox|[from] psn
|upkeep
|turn|18
|
|t:|1664680750
|switch|p2a: Zacian|Zacian-Crowned|94/100
|-damage|p2a: Zacian|88/100|[from] Stealth Rock
|-ability|p2a: Zacian|Intrepid Sword|boost
|-boost|p2a: Zacian|atk|1
|move|p1a: 悬空羊驼|Judgment|p2a: Zacian
|-resisted|p2a: Zacian
|-damage|p2a: Zacian|27/100
|
|-damage|p1a: 悬空羊驼|13/100 tox|[from] psn
|upkeep
|turn|19
|
|t:|1664680758
|move|p2a: Zacian|Quick Attack|p1a: 悬空羊驼
|-damage|p1a: 悬空羊驼|0 fnt
|faint|p1a: 悬空羊驼
|
|upkeep
|
|t:|1664680760
|switch|p1a: 钢铁之躯|Necrozma-Dusk-Mane|100/100
|turn|20
|
|t:|1664680763
|move|p2a: Zacian|Close Combat|p1a: 钢铁之躯
|-damage|p1a: 钢铁之躯|47/100
|-unboost|p2a: Zacian|def|1
|-unboost|p2a: Zacian|spd|1
|move|p1a: 钢铁之躯|Dragon Dance|p1a: 钢铁之躯
|-boost|p1a: 钢铁之躯|atk|1
|-boost|p1a: 钢铁之躯|spe|1
|
|upkeep
|turn|21
|
|t:|1664680766
|detailschange|p1a: 钢铁之躯|Necrozma-Ultra
|-burst|p1a: 钢铁之躯|Necrozma|Ultranecrozium Z
|move|p1a: 钢铁之躯|Earthquake|p2a: Zacian
|-supereffective|p2a: Zacian
|-damage|p2a: Zacian|0 fnt
|faint|p2a: Zacian
|
|upkeep
|
|t:|1664680773
|switch|p2a: Ho-Oh|Ho-Oh|67/100
|turn|22
|
|t:|1664680779
|-zpower|p1a: 钢铁之躯
|move|p1a: 钢铁之躯|Light That Burns the Sky|p2a: Ho-Oh|[zeffect]
|-damage|p2a: Ho-Oh|0 fnt
|faint|p2a: Ho-Oh
|
|win|CLEAR GEM清瑜
|raw|CLEAR GEM清瑜's rating: 1816 &rarr; <strong>1834</strong><br />(+18 for winning)
|raw|hanwujiwandou's rating: 1786 &rarr; <strong>1768</strong><br />(-18 for losing)
|l|☆hanwujiwandou
|l| v87
||Ladder isn't responding, score probably updated but might not have (Request timeout).
