|j|☆chopforce8
|j|☆CLEAR GEM
|t:|1663990330
|gametype|singles
|player|p1|chopforce8|red|1942
|player|p2|CLEAR GEM|skierf|1782
|teamsize|p1|6
|teamsize|p2|6
|gen|8
|tier|[Gen 8] National Dex AG
|rated|
|rule|HP Percentage Mod: HP is shown in percentages
|rule|Endless Battle Clause: Forcing endless battles is banned
|clearpoke
|poke|p1|Yveltal|
|poke|p1|Diancie|
|poke|p1|Calyrex-Shadow|
|poke|p1|Zacian-*|
|poke|p1|Ditto|
|poke|p1|Arceus-*|
|poke|p2|Rayquaza|
|poke|p2|Groudon|
|poke|p2|Necrozma-Dusk-Mane|
|poke|p2|Arceus-*|
|poke|p2|Zacian-*|
|poke|p2|Yveltal|
|teampreview
|j| ced15h
|l| ced15h
|inactive|Battle timer is ON: inactive players will automatically lose when time's up. (requested by CLEAR GEM)
|
|t:|1663990343
|start
|switch|p1a: ProfessorQuirrell|Calyrex-Shadow|100/100
|switch|p2a: 不会(?)|Groudon|100/100
|-ability|p1a: ProfessorQuirrell|As One
|-ability|p1a: ProfessorQuirrell|Unnerve
|detailschange|p2a: 不会(?)|Groudon-Primal
|-primal|p2a: 不会(?)
|-weather|DesolateLand|[from] ability: Desolate Land|[of] p2a: 不会(?)
|turn|1
|
|t:|1663990362
|move|p1a: ProfessorQuirrell|Nasty Plot|p1a: ProfessorQuirrell
|-boost|p1a: ProfessorQuirrell|spa|2
|move|p2a: 不会(?)|Heat Crash|p1a: ProfessorQuirrell
|-enditem|p1a: ProfessorQuirrell|Focus Sash
|-damage|p1a: ProfessorQuirrell|1/100
|
|-weather|DesolateLand|[upkeep]
|upkeep
|turn|2
|
|t:|1663990372
|move|p1a: ProfessorQuirrell|Astral Barrage|p2a: 不会(?)
|-damage|p2a: 不会(?)|0 fnt
|faint|p2a: 不会(?)
|-weather|none
|-ability|p1a: ProfessorQuirrell|Grim Neigh|boost
|-boost|p1a: ProfessorQuirrell|spa|1
|
|upkeep
|
|t:|1663990379
|switch|p2a: 老烈|Rayquaza, shiny|100/100
|-ability|p2a: 老烈|Air Lock
|turn|3
|
|t:|1663990398
|detailschange|p2a: 老烈|Rayquaza-Mega, shiny
|-mega|p2a: 老烈|Rayquaza|
|-weather|DeltaStream|[from] ability: Delta Stream|[of] p2a: 老烈
|move|p1a: ProfessorQuirrell|Astral Barrage|p2a: 老烈
|-enditem|p2a: 老烈|Focus Sash
|-damage|p2a: 老烈|1/100
|move|p2a: 老烈|Dragon Ascent|p1a: ProfessorQuirrell
|-damage|p1a: ProfessorQuirrell|0 fnt
|-unboost|p2a: 老烈|def|1
|-unboost|p2a: 老烈|spd|1
|faint|p1a: ProfessorQuirrell
|
|-weather|DeltaStream|[upkeep]
|upkeep
|inactive|chopforce8 has 120 seconds left.
|
|t:|1663990433
|switch|p1a: Fluffy|Zacian-Crowned|100/100
|-ability|p1a: Fluffy|Intrepid Sword|boost
|-boost|p1a: Fluffy|atk|1
|turn|4
|
|t:|1663990438
|move|p1a: Fluffy|Substitute|p1a: Fluffy
|-start|p1a: Fluffy|Substitute
|-damage|p1a: Fluffy|76/100
|move|p2a: 老烈|Earthquake|p1a: Fluffy
|-supereffective|p1a: Fluffy
|-end|p1a: Fluffy|Substitute
|
|-weather|DeltaStream|[upkeep]
|upkeep
|turn|5
|inactive|chopforce8 has 120 seconds left.
|
|t:|1663990444
|move|p1a: Fluffy|Behemoth Blade|p2a: 老烈
|-damage|p2a: 老烈|0 fnt
|faint|p2a: 老烈
|-weather|none
|
|upkeep
|
|t:|1663990446
|switch|p2a: 钢铁之躯|Necrozma-Dusk-Mane|100/100
|turn|6
|
|t:|1663990455
|move|p1a: Fluffy|Swords Dance|p1a: Fluffy
|-boost|p1a: Fluffy|atk|2
|move|p2a: 钢铁之躯|Dragon Dance|p2a: 钢铁之躯
|-boost|p2a: 钢铁之躯|atk|1
|-boost|p2a: 钢铁之躯|spe|1
|
|upkeep
|turn|7
|
|t:|1663990460
|detailschange|p2a: 钢铁之躯|Necrozma-Ultra
|-burst|p2a: 钢铁之躯|Necrozma|Ultranecrozium Z
|move|p2a: 钢铁之躯|Earthquake|p1a: Fluffy
|-supereffective|p1a: Fluffy
|-damage|p1a: Fluffy|0 fnt
|faint|p1a: Fluffy
|
|upkeep
|
|t:|1663990466
|switch|p1a: Voldemort|Yveltal|100/100
|-ability|p1a: Voldemort|Dark Aura
|turn|8
|
|t:|1663990470
|move|p1a: Voldemort|Sucker Punch|p2a: 钢铁之躯
|-supereffective|p2a: 钢铁之躯
|-damage|p2a: 钢铁之躯|2/100
|-damage|p1a: Voldemort|91/100|[from] item: Life Orb
|move|p2a: 钢铁之躯|Stone Edge|p1a: Voldemort
|-supereffective|p1a: Voldemort
|-crit|p1a: Voldemort
|-damage|p1a: Voldemort|0 fnt
|faint|p1a: Voldemort
|
|upkeep
|
|t:|1663990478
|switch|p1a: MirrorofErised|Ditto|100/100
|-transform|p1a: MirrorofErised|p2a: 钢铁之躯|[from] ability: Imposter
|turn|9
|
|t:|1663990484
|move|p1a: MirrorofErised|Stone Edge|p2a: 钢铁之躯|[miss]
|-miss|p1a: MirrorofErised|p2a: 钢铁之躯
|-zpower|p2a: 钢铁之躯
|move|p2a: 钢铁之躯|Light That Burns the Sky|p1a: MirrorofErised|[zeffect]
|-resisted|p1a: MirrorofErised
|-damage|p1a: MirrorofErised|0 fnt
|faint|p1a: MirrorofErised
|
|upkeep
|-message|chopforce8 forfeited.
|
|win|CLEAR GEM
|raw|chopforce8's rating: 1942 &rarr; <strong>1913</strong><br />(-29 for losing)
|raw|CLEAR GEM's rating: 1782 &rarr; <strong>1811</strong><br />(+29 for winning)
|l|☆chopforce8
||Ladder isn't responding, score probably updated but might not have (Request timeout).
