|j|☆Booooty Bandit
|j|☆HoneyBeeMemers
|t:|1654820049
|gametype|singles
|player|p1|Booooty Bandit|shadowtriad|1501
|player|p2|HoneyBeeMemers|hugh|1604
|teamsize|p1|6
|teamsize|p2|6
|gen|8
|tier|[Gen 8] National Dex AG
|rated|
|rule|HP Percentage Mod: HP is shown in percentages
|rule|Endless Battle Clause: Forcing endless battles is banned
|clearpoke
|poke|p1|Zacian-*|
|poke|p1|Marshadow|
|poke|p1|Forretress, F|
|poke|p1|Serperior, M|
|poke|p1|Bisharp, M|
|poke|p1|Gengar, M|
|poke|p2|Rayquaza|
|poke|p2|Zygarde|
|poke|p2|Groudon|
|poke|p2|Necrozma-Dusk-Mane|
|poke|p2|Yveltal|
|poke|p2|Chansey, F|
|teampreview
|
|t:|1654820055
|start
|switch|p1a: Gengar|Gengar, M|100/100
|switch|p2a: Groudon|Groudon|100/100
|detailschange|p2a: Groudon|Groudon-Primal
|-primal|p2a: Groudon
|-weather|DesolateLand|[from] ability: Desolate Land|[of] p2a: Groudon
|turn|1
|inactive|Battle timer is ON: inactive players will automatically lose when time's up. (requested by Booooty Bandit)
|
|t:|1654820061
|detailschange|p1a: Gengar|Gengar-Mega, M
|-mega|p1a: Gengar|Gengar|Gengarite
|move|p1a: Gengar|Sludge Bomb|p2a: Groudon
|-resisted|p2a: Groudon
|-damage|p2a: Groudon|76/100
|move|p2a: Groudon|Thunder Wave|p1a: Gengar|[miss]
|-miss|p2a: Groudon|p1a: Gengar
|
|-weather|DesolateLand|[upkeep]
|upkeep
|turn|2
|
|t:|1654820069
|move|p1a: Gengar|Sludge Bomb|p2a: Groudon
|-resisted|p2a: Groudon
|-damage|p2a: Groudon|48/100
|move|p2a: Groudon|Thunder Wave|p1a: Gengar|[miss]
|-miss|p2a: Groudon|p1a: Gengar
|
|-weather|DesolateLand|[upkeep]
|upkeep
|turn|3
|c|☆HoneyBeeMemers|nice RNG bro
|
|t:|1654820077
|move|p1a: Gengar|Shadow Ball|p2a: Groudon
|-damage|p2a: Groudon|0 fnt
|faint|p2a: Groudon
|-weather|none
|
|upkeep
|c|☆Booooty Bandit|thx
|c|☆HoneyBeeMemers|no not thx
|c|☆HoneyBeeMemers|i fucking hate u
|c|☆Booooty Bandit|cool
|
|t:|1654820091
|switch|p2a: Yveltal|Yveltal|100/100
|-ability|p2a: Yveltal|Dark Aura
|turn|4
|
|t:|1654820094
|move|p1a: Gengar|Thunderbolt|p2a: Yveltal
|-supereffective|p2a: Yveltal
|-damage|p2a: Yveltal|57/100
|move|p2a: Yveltal|Foul Play|p1a: Gengar
|-supereffective|p1a: Gengar
|-crit|p1a: Gengar
|-damage|p1a: Gengar|1/100
|
|upkeep
|turn|5
|
|t:|1654820110
|move|p1a: Gengar|Thunderbolt|p2a: Yveltal
|-supereffective|p2a: Yveltal
|-damage|p2a: Yveltal|11/100
|move|p2a: Yveltal|Foul Play|p1a: Gengar
|-supereffective|p1a: Gengar
|-damage|p1a: Gengar|0 fnt
|faint|p1a: Gengar
|
|upkeep
|
|t:|1654820125
|switch|p1a: Marshadow|Marshadow|100/100
|turn|6
|
|t:|1654820143
|switch|p2a: Zygarde|Zygarde|100/100
|move|p1a: Marshadow|Shadow Sneak|p2a: Zygarde
|-damage|p2a: Zygarde|84/100
|
|-heal|p2a: Zygarde|90/100|[from] item: Leftovers
|upkeep
|turn|7
|
|t:|1654820151
|switch|p1a: Serperior|Serperior, M|100/100
|move|p2a: Zygarde|Glare|p1a: Serperior
|-status|p1a: Serperior|par
|
|-heal|p2a: Zygarde|96/100|[from] item: Leftovers
|upkeep
|turn|8
|
|t:|1654820158
|switch|p2a: Rayquaza|Rayquaza|100/100
|-ability|p2a: Rayquaza|Air Lock
|cant|p1a: Serperior|par
|
|upkeep
|turn|9
|
|t:|1654820165
|detailschange|p2a: Rayquaza|Rayquaza-Mega
|-mega|p2a: Rayquaza|Rayquaza|
|-weather|DeltaStream|[from] ability: Delta Stream|[of] p2a: Rayquaza
|move|p2a: Rayquaza|Fire Blast|p1a: Serperior
|-supereffective|p1a: Serperior
|-enditem|p1a: Serperior|Focus Sash
|-damage|p1a: Serperior|1/100 par
|-damage|p2a: Rayquaza|91/100|[from] item: Life Orb
|cant|p1a: Serperior|par
|
|-weather|DeltaStream|[upkeep]
|upkeep
|turn|10
|
|t:|1654820176
|move|p2a: Rayquaza|Fire Blast|p1a: Serperior
|-supereffective|p1a: Serperior
|-damage|p1a: Serperior|0 fnt
|faint|p1a: Serperior
|-damage|p2a: Rayquaza|81/100|[from] item: Life Orb
|
|-weather|DeltaStream|[upkeep]
|upkeep
|
|t:|1654820180
|switch|p1a: Zacian|Zacian-Crowned|100/100
|-ability|p1a: Zacian|Intrepid Sword|boost
|-boost|p1a: Zacian|atk|1
|turn|11
|
|t:|1654820182
|-weather|none
|switch|p2a: Necrozma|Necrozma-Dusk-Mane|100/100
|move|p1a: Zacian|Play Rough|p2a: Necrozma
|-resisted|p2a: Necrozma
|-damage|p2a: Necrozma|77/100
|-damage|p1a: Zacian|84/100|[from] item: Rocky Helmet|[of] p2a: Necrozma
|
|upkeep
|turn|12
|
|t:|1654820189
|move|p1a: Zacian|Close Combat|p2a: Necrozma
|-damage|p2a: Necrozma|34/100
|-unboost|p1a: Zacian|def|1
|-unboost|p1a: Zacian|spd|1
|-damage|p1a: Zacian|67/100|[from] item: Rocky Helmet|[of] p2a: Necrozma
|move|p2a: Necrozma|Thunder Wave|p1a: Zacian
|-status|p1a: Zacian|par
|
|upkeep
|turn|13
|
|t:|1654820194
|move|p2a: Necrozma|Moonlight|p2a: Necrozma
|-heal|p2a: Necrozma|83/100
|move|p1a: Zacian|Close Combat|p2a: Necrozma
|-damage|p2a: Necrozma|42/100
|-unboost|p1a: Zacian|def|1
|-unboost|p1a: Zacian|spd|1
|-damage|p1a: Zacian|51/100 par|[from] item: Rocky Helmet|[of] p2a: Necrozma
|
|upkeep
|turn|14
|
|t:|1654820197
|move|p2a: Necrozma|Moonlight|p2a: Necrozma
|-heal|p2a: Necrozma|92/100
|cant|p1a: Zacian|par
|
|upkeep
|turn|15
|
|t:|1654820199
|move|p2a: Necrozma|Earthquake|p1a: Zacian
|-supereffective|p1a: Zacian
|-damage|p1a: Zacian|0 fnt
|faint|p1a: Zacian
|
|upkeep
|
|t:|1654820202
|switch|p1a: Forretress|Forretress, F|100/100
|turn|16
|
|t:|1654820205
|move|p2a: Necrozma|Thunder Wave|p1a: Forretress
|-status|p1a: Forretress|par
|cant|p1a: Forretress|par
|
|upkeep
|turn|17
|
|t:|1654820211
|switch|p2a: Rayquaza|Rayquaza-Mega|81/100
|-weather|DeltaStream|[from] ability: Delta Stream|[of] p2a: Rayquaza
|move|p1a: Forretress|Stealth Rock|p2a: Rayquaza
|-sidestart|p2: HoneyBeeMemers|move: Stealth Rock
|
|-weather|DeltaStream|[upkeep]
|upkeep
|turn|18
|
|t:|1654820215
|move|p2a: Rayquaza|Fire Blast|p1a: Forretress
|-supereffective|p1a: Forretress
|-ability|p1a: Forretress|Sturdy
|-damage|p1a: Forretress|1/100 par
|-enditem|p1a: Forretress|Aguav Berry|[eat]
|-heal|p1a: Forretress|34/100 par|[from] item: Aguav Berry
|-damage|p2a: Rayquaza|71/100|[from] item: Life Orb
|cant|p1a: Forretress|par
|
|-weather|DeltaStream|[upkeep]
|upkeep
|turn|19
|
|t:|1654820226
|move|p2a: Rayquaza|Fire Blast|p1a: Forretress
|-supereffective|p1a: Forretress
|-damage|p1a: Forretress|0 fnt
|faint|p1a: Forretress
|-damage|p2a: Rayquaza|61/100|[from] item: Life Orb
|
|-weather|DeltaStream|[upkeep]
|upkeep
|
|t:|1654820228
|switch|p1a: Bisharp|Bisharp, M|100/100
|turn|20
|
|t:|1654820236
|move|p2a: Rayquaza|Fire Blast|p1a: Bisharp
|-supereffective|p1a: Bisharp
|-enditem|p1a: Bisharp|Focus Sash
|-damage|p1a: Bisharp|1/100
|-damage|p2a: Rayquaza|51/100|[from] item: Life Orb
|move|p1a: Bisharp|Knock Off|p2a: Rayquaza
|-damage|p2a: Rayquaza|0 fnt
|-enditem|p2a: Rayquaza|Life Orb|[from] move: Knock Off|[of] p1a: Bisharp
|faint|p2a: Rayquaza
|-weather|none
|
|upkeep
|
|t:|1654820244
|switch|p2a: Necrozma|Necrozma-Dusk-Mane|92/100
|-damage|p2a: Necrozma|86/100|[from] Stealth Rock
|turn|21
|
|t:|1654820249
|move|p1a: Bisharp|Sucker Punch||[still]
|-fail|p1a: Bisharp
|move|p2a: Necrozma|Thunder Wave|p1a: Bisharp
|-status|p1a: Bisharp|par
|
|upkeep
|turn|22
|
|t:|1654820254
|move|p1a: Bisharp|Sucker Punch|p2a: Necrozma
|-supereffective|p2a: Necrozma
|-damage|p2a: Necrozma|50/100
|-damage|p1a: Bisharp|0 fnt|[from] item: Rocky Helmet|[of] p2a: Necrozma
|faint|p1a: Bisharp
|move|p2a: Necrozma|Earthquake|p1: Bisharp|[notarget]
|-fail|p2a: Necrozma
|
|upkeep
|
|t:|1654820259
|switch|p1a: Marshadow|Marshadow|100/100
|turn|23
|
|t:|1654820272
|-start|p1a: Marshadow|Dynamax|
|-heal|p1a: Marshadow|100/100|[silent]
|move|p1a: Marshadow|Max Knuckle|p2a: Necrozma
|-damage|p2a: Necrozma|22/100
|-boost|p1a: Marshadow|atk|1
|move|p2a: Necrozma|Thunder Wave|p1a: Marshadow
|-status|p1a: Marshadow|par
|
|upkeep
|turn|24
|
|t:|1654820281
|move|p2a: Necrozma|Moonlight|p2a: Necrozma
|-heal|p2a: Necrozma|72/100
|move|p1a: Marshadow|Max Knuckle|p2a: Necrozma
|-damage|p2a: Necrozma|37/100
|-boost|p1a: Marshadow|atk|1
|
|upkeep
|turn|25
|
|t:|1654820285
|move|p2a: Necrozma|Moonlight|p2a: Necrozma
|-heal|p2a: Necrozma|86/100
|move|p1a: Marshadow|Max Knuckle|p2a: Necrozma
|-damage|p2a: Necrozma|37/100
|-boost|p1a: Marshadow|atk|1
|
|upkeep
|-end|p1a: Marshadow|Dynamax
|-heal|p1a: Marshadow|100/100 par|[silent]
|turn|26
|
|t:|1654820288
|move|p2a: Necrozma|Moonlight|p2a: Necrozma
|-heal|p2a: Necrozma|87/100
|move|p1a: Marshadow|Spectral Thief|p2a: Necrozma
|-supereffective|p2a: Necrozma
|-damage|p2a: Necrozma|0 fnt
|-damage|p1a: Marshadow|84/100 par|[from] item: Rocky Helmet|[of] p2a: Necrozma
|faint|p2a: Necrozma
|
|upkeep
|
|t:|1654820293
|switch|p2a: Zygarde|Zygarde|96/100
|-damage|p2a: Zygarde|90/100|[from] Stealth Rock
|turn|27
|
|t:|1654820299
|move|p2a: Zygarde|Coil|p2a: Zygarde
|-boost|p2a: Zygarde|atk|1
|-boost|p2a: Zygarde|def|1
|-boost|p2a: Zygarde|accuracy|1
|move|p1a: Marshadow|Drain Punch|p2a: Zygarde
|-damage|p2a: Zygarde|59/100
|-heal|p1a: Marshadow|100/100 par|[from] drain|[of] p2a: Zygarde
|
|-heal|p2a: Zygarde|65/100|[from] item: Leftovers
|upkeep
|turn|28
|
|t:|1654820304
|move|p2a: Zygarde|Coil|p2a: Zygarde
|-boost|p2a: Zygarde|atk|1
|-boost|p2a: Zygarde|def|1
|-boost|p2a: Zygarde|accuracy|1
|move|p1a: Marshadow|Spectral Thief||[still]
|-clearpositiveboost|p2a: Zygarde|p1a: Marshadow|move: Spectral Thief
|-boost|p1a: Marshadow|atk|2
|-boost|p1a: Marshadow|def|2
|-boost|p1a: Marshadow|accuracy|2
|-anim|p1a: Marshadow|Spectral Thief|p2a: Zygarde
|-damage|p2a: Zygarde|0 fnt
|faint|p2a: Zygarde
|
|upkeep
|
|t:|1654820313
|switch|p2a: Chansey|Chansey, F|100/100
|-damage|p2a: Chansey|88/100|[from] Stealth Rock
|turn|29
|
|t:|1654820328
|move|p1a: Marshadow|Drain Punch|p2a: Chansey
|-supereffective|p2a: Chansey
|-damage|p2a: Chansey|0 fnt
|faint|p2a: Chansey
|
|upkeep
|
|t:|1654820330
|switch|p2a: Yveltal|Yveltal|11/100
|-ability|p2a: Yveltal|Dark Aura
|turn|30
|c|☆Booooty Bandit|gg
|
|t:|1654820337
|cant|p1a: Marshadow|par
|move|p2a: Yveltal|Roost|p2a: Yveltal
|-heal|p2a: Yveltal|61/100
|-singleturn|p2a: Yveltal|move: Roost
|
|upkeep
|turn|31
|
|t:|1654820343
|move|p2a: Yveltal|Foul Play|p1a: Marshadow
|-enditem|p1a: Marshadow|Focus Sash
|-damage|p1a: Marshadow|1/100 par
|move|p1a: Marshadow|Drain Punch|p2a: Yveltal
|-damage|p2a: Yveltal|0 fnt
|-heal|p1a: Marshadow|44/100 par|[from] drain|[of] p2a: Yveltal
|faint|p2a: Yveltal
|
|win|Booooty Bandit
|raw|Booooty Bandit's rating: 1501 &rarr; <strong>1527</strong><br />(+26 for winning)
|raw|HoneyBeeMemers's rating: 1604 &rarr; <strong>1578</strong><br />(-26 for losing)
|l|☆HoneyBeeMemers
||Ladder isn't responding, score probably updated but might not have (Request timeout).
