|j|☆YLong
|j|☆anserrr
|t:|1668921142
|gametype|singles
|player|p1|YLong|darach-caitlin|
|player|p2|anserrr|swimmerf-gen4dp|
|teamsize|p1|6
|teamsize|p2|6
|gen|8
|tier|[Gen 8] National Dex AG
|rule|HP Percentage Mod: HP is shown in percentages
|rule|Endless Battle Clause: Forcing endless battles is banned
|clearpoke
|poke|p1|Naganadel|
|poke|p1|Altaria, F|
|poke|p1|Minior-Indigo|
|poke|p1|Latios, M|
|poke|p1|Latias, F|
|poke|p1|Polteageist|
|poke|p2|Sharpedo, F|
|poke|p2|Keldeo-Resolute|
|poke|p2|Primarina, F|
|poke|p2|Gastrodon-East, F|
|poke|p2|Moltres-Galar|
|poke|p2|Magearna|
|teampreview
|c|☆YLong|？
|c|☆YLong|？？
|
|t:|1668921182
|start
|switch|p1a: Polteageist|Polteageist|100/100
|switch|p2a: 二老婆|Magearna|100/100
|turn|1
|
|t:|1668921211
|move|p1a: Polteageist|Shell Smash|p1a: Polteageist
|-unboost|p1a: Polteageist|def|1
|-unboost|p1a: Polteageist|spd|1
|-boost|p1a: Polteageist|atk|2
|-boost|p1a: Polteageist|spa|2
|-boost|p1a: Polteageist|spe|2
|move|p2a: 二老婆|Volt Switch|p1a: Polteageist
|-damage|p1a: Polteageist|59/100
|
|t:|1668921220
|switch|p2a: 基佬脆脆鲨|Sharpedo, F, shiny|100/100|[from]move: Volt Switch
|
|upkeep
|turn|2
|
|t:|1668921255
|move|p2a: 基佬脆脆鲨|Protect|p2a: 基佬脆脆鲨
|-singleturn|p2a: 基佬脆脆鲨|Protect
|move|p1a: Polteageist|Giga Drain|p2a: 基佬脆脆鲨
|-activate|p2a: 基佬脆脆鲨|move: Protect
|
|-ability|p2a: 基佬脆脆鲨|Speed Boost|boost
|-boost|p2a: 基佬脆脆鲨|spe|1
|upkeep
|turn|3
|
|t:|1668921264
|detailschange|p2a: 基佬脆脆鲨|Sharpedo-Mega, F, shiny
|-mega|p2a: 基佬脆脆鲨|Sharpedo|Sharpedonite
|move|p1a: Polteageist|Giga Drain|p2a: 基佬脆脆鲨
|-supereffective|p2a: 基佬脆脆鲨
|-damage|p2a: 基佬脆脆鲨|0 fnt
|-heal|p1a: Polteageist|100/100|[from] drain|[of] p2a: 基佬脆脆鲨
|faint|p2a: 基佬脆脆鲨
|
|upkeep
|c|☆anserrr|原来还没你快
|c|☆anserrr|md
|c|☆anserrr|早知道拼一手双保护
|
|t:|1668921284
|switch|p2a: 杀马特|Moltres-Galar, shiny|100/100
|turn|4
|c|☆anserrr|要寄
|c|☆YLong|此乃何物
|c|☆anserrr|火焰鸟火飞行属性
|c|☆anserrr|（）
|
|t:|1668921373
|-start|p2a: 杀马特|Dynamax|
|-heal|p2a: 杀马特|100/100|[silent]
|move|p1a: Polteageist|Giga Drain|p2a: 杀马特
|-resisted|p2a: 杀马特
|-damage|p2a: 杀马特|90/100
|move|p2a: 杀马特|Max Darkness|p1a: Polteageist
|-supereffective|p1a: Polteageist
|-enditem|p1a: Polteageist|Focus Sash
|-damage|p1a: Polteageist|1/100
|-unboost|p1a: Polteageist|spd|1
|
|upkeep
|turn|5
|
|t:|1668921388
|move|p1a: Polteageist|Strength Sap|p2a: 杀马特
|-unboost|p2a: 杀马特|atk|1
|-heal|p1a: Polteageist|61/100
|move|p2a: 杀马特|Max Airstream|p1a: Polteageist
|-damage|p1a: Polteageist|0 fnt
|-boost|p2a: 杀马特|spe|1
|faint|p1a: Polteageist
|
|upkeep
|
|t:|1668921408
|switch|p1a: Minior|Minior-Indigo|100/100
|-formechange|p1a: Minior|Minior-Meteor||[from] ability: Shields Down
|turn|6
|
|t:|1668921417
|move|p2a: 杀马特|Max Airstream|p1a: Minior
|-resisted|p1a: Minior
|-damage|p1a: Minior|57/100
|-boost|p2a: 杀马特|spe|1
|move|p1a: Minior|Shell Smash|p1a: Minior
|-unboost|p1a: Minior|def|1
|-unboost|p1a: Minior|spd|1
|-boost|p1a: Minior|atk|2
|-boost|p1a: Minior|spa|2
|-boost|p1a: Minior|spe|2
|
|upkeep
|-end|p2a: 杀马特|Dynamax
|-heal|p2a: 杀马特|90/100|[silent]
|turn|7
|
|t:|1668921436
|-start|p1a: Minior|Dynamax|
|-heal|p1a: Minior|57/100|[silent]
|move|p2a: 杀马特|Fiery Wrath|p1a: Minior
|-damage|p1a: Minior|16/100
|move|p1a: Minior|Max Airstream|p2a: 杀马特
|-damage|p2a: 杀马特|0 fnt
|-boost|p1a: Minior|spe|1
|faint|p2a: 杀马特
|
|-formechange|p1a: Minior|Minior-Indigo||[from] ability: Shields Down
|upkeep
|
|t:|1668921452
|switch|p2a: 二老婆|Magearna|100/100
|turn|8
|
|t:|1668921457
|move|p1a: Minior|Max Steelspike|p2a: 二老婆
|-damage|p2a: 二老婆|22/100
|-boost|p1a: Minior|def|1
|move|p2a: 二老婆|Volt Switch|p1a: Minior
|-supereffective|p1a: Minior
|-damage|p1a: Minior|0 fnt
|faint|p1a: Minior
|-ability|p2a: 二老婆|Soul-Heart|boost
|-boost|p2a: 二老婆|spa|1
|
|t:|1668921470
|switch|p2a: 大老婆|Primarina, F, shiny|100/100|[from]move: Volt Switch
|
|upkeep
|
|t:|1668921485
|switch|p1a: Latios|Latios, M|100/100
|turn|9
|
|t:|1668921490
|move|p1a: Latios|Mystical Fire|p2a: 大老婆
|-resisted|p2a: 大老婆
|-damage|p2a: 大老婆|88/100
|-unboost|p2a: 大老婆|spa|1
|move|p2a: 大老婆|Hyper Voice|p1a: Latios
|-resisted|p1a: Latios
|-damage|p1a: Latios|76/100
|-damage|p2a: 大老婆|78/100|[from] item: Life Orb
|
|-heal|p1a: Latios|82/100|[from] item: Leftovers
|upkeep
|turn|10
|
|t:|1668921508
|switch|p2a: 别放草系技能谢谢|Gastrodon-East, F|100/100
|move|p1a: Latios|Calm Mind|p1a: Latios
|-boost|p1a: Latios|spa|1
|-boost|p1a: Latios|spd|1
|
|-heal|p1a: Latios|88/100|[from] item: Leftovers
|upkeep
|turn|11
|
|t:|1668921514
|move|p1a: Latios|Ice Beam|p2a: 别放草系技能谢谢
|-crit|p2a: 别放草系技能谢谢
|-damage|p2a: 别放草系技能谢谢|23/100
|move|p2a: 别放草系技能谢谢|Toxic|p1a: Latios
|-status|p1a: Latios|tox
|
|-heal|p1a: Latios|94/100 tox|[from] item: Leftovers
|-heal|p2a: 别放草系技能谢谢|29/100|[from] item: Leftovers
|-damage|p1a: Latios|88/100 tox|[from] psn
|upkeep
|turn|12
|c|☆anserrr|……
|c|☆anserrr|这xt
|
|t:|1668921531
|move|p1a: Latios|Ice Beam|p2a: 别放草系技能谢谢
|-damage|p2a: 别放草系技能谢谢|0 fnt
|faint|p2a: 别放草系技能谢谢
|
|-heal|p1a: Latios|94/100 tox|[from] item: Leftovers
|-damage|p1a: Latios|82/100 tox|[from] psn
|upkeep
|c|☆YLong|《xt》
|
|t:|1668921541
|switch|p2a: 二老婆|Magearna|22/100
|turn|13
|
|t:|1668921544
|move|p1a: Latios|Mystical Fire|p2a: 二老婆
|-supereffective|p2a: 二老婆
|-damage|p2a: 二老婆|0 fnt
|faint|p2a: 二老婆
|
|-heal|p1a: Latios|88/100 tox|[from] item: Leftovers
|-damage|p1a: Latios|70/100 tox|[from] psn
|upkeep
|
|t:|1668921547
|switch|p2a: 大老婆|Primarina, F, shiny|78/100
|turn|14
|
|t:|1668921555
|move|p1a: Latios|Mystical Fire|p2a: 大老婆
|-resisted|p2a: 大老婆
|-damage|p2a: 大老婆|60/100
|-unboost|p2a: 大老婆|spa|1
|move|p2a: 大老婆|Moonblast|p1a: Latios
|-supereffective|p1a: Latios
|-damage|p1a: Latios|4/100 tox
|-damage|p2a: 大老婆|50/100|[from] item: Life Orb
|
|-heal|p1a: Latios|10/100 tox|[from] item: Leftovers
|-damage|p1a: Latios|0 fnt|[from] psn
|faint|p1a: Latios
|upkeep
|
|t:|1668921564
|switch|p1a: Latias|Latias, F|100/100
|turn|15
|c|☆anserrr|乐
|c|☆anserrr|要没了
|
|t:|1668921577
|move|p1a: Latias|Mystical Fire|p2a: 大老婆
|-resisted|p2a: 大老婆
|-damage|p2a: 大老婆|40/100
|-unboost|p2a: 大老婆|spa|1
|move|p2a: 大老婆|Moonblast|p1a: Latias
|-supereffective|p1a: Latias
|-damage|p1a: Latias|31/100
|-damage|p2a: 大老婆|30/100|[from] item: Life Orb
|
|-heal|p1a: Latias|37/100|[from] item: Leftovers
|upkeep
|turn|16
|
|t:|1668921591
|move|p1a: Latias|Mystical Fire|p2a: 大老婆
|-resisted|p2a: 大老婆
|-crit|p2a: 大老婆
|-damage|p2a: 大老婆|15/100
|-unboost|p2a: 大老婆|spa|1
|move|p2a: 大老婆|Moonblast|p1a: Latias
|-supereffective|p1a: Latias
|-damage|p1a: Latias|0 fnt
|faint|p1a: Latias
|-damage|p2a: 大老婆|5/100|[from] item: Life Orb
|
|upkeep
|c|☆anserrr|就魔法火焰真恶心
|
|t:|1668921604
|switch|p1a: Altaria|Altaria, F|100/100
|-ability|p1a: Altaria|Cloud Nine
|turn|17
|
|t:|1668921619
|detailschange|p1a: Altaria|Altaria-Mega, F
|-mega|p1a: Altaria|Altaria|Altarianite
|move|p1a: Altaria|Moonblast|p2a: 大老婆
|-damage|p2a: 大老婆|0 fnt
|faint|p2a: 大老婆
|
|upkeep
|
|t:|1668921623
|switch|p2a: 小马宝莉|Keldeo-Resolute|100/100
|turn|18
|
|t:|1668921629
|move|p2a: 小马宝莉|Hidden Power|p1a: Altaria
|-supereffective|p1a: Altaria
|-damage|p1a: Altaria|30/100
|move|p1a: Altaria|Moonblast|p2a: 小马宝莉
|-supereffective|p2a: 小马宝莉
|-damage|p2a: 小马宝莉|0 fnt
|faint|p2a: 小马宝莉
|
|win|YLong
