|j|☆rajof
|j|☆Namielle
|t:|1611032021
|player|p1|rajof|youngster-gen4|1832
|player|p2|Namielle|furisodegirl-black|1762
|teamsize|p1|6
|teamsize|p2|6
|gametype|singles
|gen|8
|tier|[Gen 8] National Dex AG
|rated|
|clearpoke
|poke|p1|Arceus-*|
|poke|p1|Ditto|
|poke|p1|Groudon|
|poke|p1|Sableye, F|
|poke|p1|Chansey, F|
|poke|p1|Lugia|
|poke|p2|Yveltal|
|poke|p2|Arceus-*|
|poke|p2|Regieleki|
|poke|p2|Zygarde|
|poke|p2|Necrozma-Dusk-Mane|
|poke|p2|Groudon|
|rule|HP Percentage Mod: HP is shown in percentages
|rule|Endless Battle Clause: Forcing endless battles is banned
|teampreview
|j| Jefff 369408
|
|t:|1611032038
|start
|switch|p1a: 아르세우스|Arceus-Fairy|100/100
|switch|p2a: Groudon|Groudon|100/100
|detailschange|p2a: Groudon|Groudon-Primal
|-primal|p2a: Groudon
|-weather|DesolateLand|[from] ability: Desolate Land|[of] p2a: Groudon
|turn|1
|
|t:|1611032042
|move|p1a: 아르세우스|Earth Power|p2a: Groudon
|-supereffective|p2a: Groudon
|-damage|p2a: Groudon|50/100
|move|p2a: Groudon|Eruption|p1a: 아르세우스
|-damage|p1a: 아르세우스|57/100
|
|-weather|DesolateLand|[upkeep]
|upkeep
|turn|2
|j| LaJornadaOficial
|
|t:|1611032052
|move|p1a: 아르세우스|Earth Power|p2a: Groudon
|-supereffective|p2a: Groudon
|-damage|p2a: Groudon|0 fnt
|faint|p2a: Groudon
|-weather|none
|
|upkeep
|
|t:|1611032056
|switch|p2a: Necrozma|Necrozma-Dusk-Mane|100/100
|turn|3
|
|t:|1611032059
|move|p1a: 아르세우스|Will-O-Wisp|p2a: Necrozma
|-status|p2a: Necrozma|brn
|move|p2a: Necrozma|Trick Room|p2a: Necrozma
|-fieldstart|move: Trick Room|[of] p2a: Necrozma
|
|-damage|p2a: Necrozma|94/100 brn|[from] brn
|upkeep
|turn|4
|
|t:|1611032064
|-zpower|p2a: Necrozma
|move|p2a: Necrozma|Searing Sunraze Smash|p1a: 아르세우스|[zeffect]
|-supereffective|p1a: 아르세우스
|-damage|p1a: 아르세우스|0 fnt
|faint|p1a: 아르세우스
|
|-damage|p2a: Necrozma|88/100 brn|[from] brn
|upkeep
|
|t:|1611032073
|switch|p1a: 깜까미|Sableye, F|100/100
|turn|5
|
|t:|1611032080
|detailschange|p1a: 깜까미|Sableye-Mega, F
|-mega|p1a: 깜까미|Sableye|Sablenite
|move|p1a: 깜까미|Calm Mind|p1a: 깜까미
|-boost|p1a: 깜까미|spa|1
|-boost|p1a: 깜까미|spd|1
|move|p2a: Necrozma|Sunsteel Strike|p1a: 깜까미
|-damage|p1a: 깜까미|78/100
|
|-damage|p2a: Necrozma|82/100 brn|[from] brn
|upkeep
|turn|6
|
|t:|1611032085
|move|p1a: 깜까미|Calm Mind|p1a: 깜까미
|-boost|p1a: 깜까미|spa|1
|-boost|p1a: 깜까미|spd|1
|move|p2a: Necrozma|Sunsteel Strike|p1a: 깜까미
|-damage|p1a: 깜까미|54/100
|
|-damage|p2a: Necrozma|76/100 brn|[from] brn
|upkeep
|turn|7
|
|t:|1611032089
|move|p1a: 깜까미|Recover|p1a: 깜까미
|-heal|p1a: 깜까미|100/100
|move|p2a: Necrozma|Sunsteel Strike|p1a: 깜까미
|-damage|p1a: 깜까미|76/100
|
|-damage|p2a: Necrozma|70/100 brn|[from] brn
|-fieldend|move: Trick Room
|upkeep
|turn|8
|
|t:|1611032095
|switch|p2a: Zygarde|Zygarde|100/100
|move|p1a: 깜까미|Calm Mind|p1a: 깜까미
|-boost|p1a: 깜까미|spa|1
|-boost|p1a: 깜까미|spd|1
|
|upkeep
|turn|9
|
|t:|1611032100
|move|p2a: Zygarde|Substitute|p2a: Zygarde
|-start|p2a: Zygarde|Substitute
|-damage|p2a: Zygarde|75/100
|move|p1a: 깜까미|Will-O-Wisp||[still]
|-fail|p1a: 깜까미
|
|-heal|p2a: Zygarde|82/100|[from] item: Leftovers
|upkeep
|turn|10
|
|t:|1611032104
|move|p2a: Zygarde|Coil|p2a: Zygarde
|-boost|p2a: Zygarde|atk|1
|-boost|p2a: Zygarde|def|1
|-boost|p2a: Zygarde|accuracy|1
|move|p1a: 깜까미|Calm Mind|p1a: 깜까미
|-boost|p1a: 깜까미|spa|1
|-boost|p1a: 깜까미|spd|1
|
|-heal|p2a: Zygarde|88/100|[from] item: Leftovers
|upkeep
|turn|11
|
|t:|1611032111
|move|p2a: Zygarde|Thousand Arrows|p1a: 깜까미
|-damage|p1a: 깜까미|43/100
|move|p1a: 깜까미|Calm Mind|p1a: 깜까미
|-boost|p1a: 깜까미|spa|1
|-boost|p1a: 깜까미|spd|1
|
|-heal|p2a: Zygarde|94/100|[from] item: Leftovers
|upkeep
|turn|12
|
|t:|1611032119
|move|p2a: Zygarde|Coil|p2a: Zygarde
|-boost|p2a: Zygarde|atk|1
|-boost|p2a: Zygarde|def|1
|-boost|p2a: Zygarde|accuracy|1
|move|p1a: 깜까미|Recover|p1a: 깜까미
|-heal|p1a: 깜까미|93/100
|
|-heal|p2a: Zygarde|99/100|[from] item: Leftovers
|upkeep
|turn|13
|
|t:|1611032123
|move|p2a: Zygarde|Thousand Arrows|p1a: 깜까미
|-damage|p1a: 깜까미|53/100
|move|p1a: 깜까미|Snarl|p2a: Zygarde
|-damage|p2a: Zygarde|50/100
|-unboost|p2a: Zygarde|spa|1
|
|-heal|p2a: Zygarde|56/100|[from] item: Leftovers
|upkeep
|turn|14
|
|t:|1611032131
|move|p2a: Zygarde|Thousand Arrows|p1a: 깜까미
|-damage|p1a: 깜까미|6/100
|move|p1a: 깜까미|Recover|p1a: 깜까미
|-heal|p1a: 깜까미|56/100
|
|-heal|p2a: Zygarde|62/100|[from] item: Leftovers
|upkeep
|turn|15
|
|t:|1611032134
|move|p2a: Zygarde|Thousand Arrows|p1a: 깜까미
|-damage|p1a: 깜까미|10/100
|move|p1a: 깜까미|Recover|p1a: 깜까미
|-heal|p1a: 깜까미|60/100
|
|-heal|p2a: Zygarde|69/100|[from] item: Leftovers
|upkeep
|turn|16
|
|t:|1611032142
|move|p2a: Zygarde|Coil|p2a: Zygarde
|-boost|p2a: Zygarde|atk|1
|-boost|p2a: Zygarde|def|1
|-boost|p2a: Zygarde|accuracy|1
|move|p1a: 깜까미|Recover|p1a: 깜까미
|-heal|p1a: 깜까미|100/100
|
|-heal|p2a: Zygarde|75/100|[from] item: Leftovers
|upkeep
|turn|17
|
|t:|1611032146
|-end|p2a: Zygarde|Substitute
|-start|p2a: Zygarde|Dynamax
|-heal|p2a: Zygarde|75/100|[silent]
|move|p2a: Zygarde|Max Quake|p1a: 깜까미
|-crit|p1a: 깜까미
|-damage|p1a: 깜까미|0 fnt
|-boost|p2a: Zygarde|spd|1
|faint|p1a: 깜까미
|
|-heal|p2a: Zygarde|78/100|[from] item: Leftovers
|upkeep
|
|t:|1611032156
|switch|p1a: 루기아|Lugia|100/100
|turn|18
|
|t:|1611032161
|move|p2a: Zygarde|Max Guard|p2a: Zygarde
|-singleturn|p2a: Zygarde|Max Guard
|move|p1a: 루기아|Toxic|p2a: Zygarde
|-activate|p2a: Zygarde|move: Max Guard
|
|-heal|p2a: Zygarde|81/100|[from] item: Leftovers
|upkeep
|turn|19
|
|t:|1611032163
|-end|p2a: Zygarde|Dynamax
|-heal|p2a: Zygarde|81/100|[silent]
|switch|p2a: Necrozma|Necrozma-Dusk-Mane|70/100 brn
|move|p1a: 루기아|Toxic||[still]
|-fail|p1a: 루기아
|
|-damage|p2a: Necrozma|64/100 brn|[from] brn
|upkeep
|turn|20
|
|t:|1611032168
|switch|p1a: 그란돈|Groudon|100/100
|detailschange|p1a: 그란돈|Groudon-Primal
|-primal|p1a: 그란돈
|-weather|DesolateLand|[from] ability: Desolate Land|[of] p1a: 그란돈
|move|p2a: Necrozma|Sunsteel Strike|p1a: 그란돈
|-resisted|p1a: 그란돈
|-damage|p1a: 그란돈|92/100
|
|-weather|DesolateLand|[upkeep]
|-damage|p2a: Necrozma|58/100 brn|[from] brn
|upkeep
|turn|21
|
|t:|1611032176
|move|p1a: 그란돈|Swords Dance|p1a: 그란돈
|-boost|p1a: 그란돈|atk|2
|move|p2a: Necrozma|Earthquake|p1a: 그란돈
|-supereffective|p1a: 그란돈
|-damage|p1a: 그란돈|65/100
|
|-weather|DesolateLand|[upkeep]
|-damage|p2a: Necrozma|52/100 brn|[from] brn
|upkeep
|turn|22
|
|t:|1611032180
|move|p1a: 그란돈|Earthquake|p2a: Necrozma
|-supereffective|p2a: Necrozma
|-damage|p2a: Necrozma|0 fnt
|faint|p2a: Necrozma
|
|-weather|DesolateLand|[upkeep]
|upkeep
|l| Jefff 369408
|
|t:|1611032185
|switch|p2a: Arceus|Arceus-Ground|100/100
|turn|23
|
|t:|1611032190
|-weather|none
|switch|p1a: 럭키|Chansey, F|100/100
|move|p2a: Arceus|Judgment|p1a: 럭키
|-damage|p1a: 럭키|86/100
|
|upkeep
|turn|24
|
|t:|1611032194
|switch|p2a: Regieleki|Regieleki|100/100
|move|p1a: 럭키|Toxic|p2a: Regieleki
|-status|p2a: Regieleki|tox
|
|-damage|p2a: Regieleki|95/100 tox|[from] psn
|upkeep
|turn|25
|
|t:|1611032200
|move|p1a: 럭키|Protect|p1a: 럭키
|-singleturn|p1a: 럭키|Protect
|move|p2a: Regieleki|Reflect|p2a: Regieleki
|-sidestart|p2: Namielle|Reflect
|
|-damage|p2a: Regieleki|83/100 tox|[from] psn
|upkeep
|turn|26
|
|t:|1611032204
|move|p2a: Regieleki|Volt Switch|p1a: 럭키
|-damage|p1a: 럭키|73/100
|
|t:|1611032205
|switch|p2a: Zygarde|Zygarde|81/100|[from]move: Volt Switch
|move|p1a: 럭키|Wish|p1a: 럭키
|
|-heal|p2a: Zygarde|87/100|[from] item: Leftovers
|upkeep
|turn|27
|
|t:|1611032234
|move|p2a: Zygarde|Substitute|p2a: Zygarde
|-start|p2a: Zygarde|Substitute
|-damage|p2a: Zygarde|62/100
|move|p1a: 럭키|Seismic Toss|p2a: Zygarde
|-activate|p2a: Zygarde|move: Substitute|[damage]
|
|-heal|p1a: 럭키|100/100|[from] move: Wish|[wisher] 럭키
|-heal|p2a: Zygarde|68/100|[from] item: Leftovers
|upkeep
|turn|28
|
|t:|1611032237
|move|p2a: Zygarde|Glare|p1a: 럭키
|-status|p1a: 럭키|par
|cant|p1a: 럭키|par
|
|-heal|p2a: Zygarde|75/100|[from] item: Leftovers
|upkeep
|turn|29
|
|t:|1611032244
|move|p2a: Zygarde|Coil|p2a: Zygarde
|-boost|p2a: Zygarde|atk|1
|-boost|p2a: Zygarde|def|1
|-boost|p2a: Zygarde|accuracy|1
|move|p1a: 럭키|Seismic Toss|p2a: Zygarde
|-end|p2a: Zygarde|Substitute
|
|-heal|p2a: Zygarde|81/100|[from] item: Leftovers
|upkeep
|turn|30
|
|t:|1611032246
|switch|p1a: 루기아|Lugia|100/100
|move|p2a: Zygarde|Substitute|p2a: Zygarde
|-start|p2a: Zygarde|Substitute
|-damage|p2a: Zygarde|56/100
|
|-heal|p2a: Zygarde|62/100|[from] item: Leftovers
|upkeep
|turn|31
|
|t:|1611032250
|move|p2a: Zygarde|Glare|p1a: 루기아
|-status|p1a: 루기아|par
|cant|p1a: 루기아|par
|
|-heal|p2a: Zygarde|68/100|[from] item: Leftovers
|upkeep
|turn|32
|c|☆rajof|...?
|
|t:|1611032258
|move|p2a: Zygarde|Thousand Arrows|p1a: 루기아
|-damage|p1a: 루기아|90/100 par
|-start|p1a: 루기아|Smack Down
|move|p1a: 루기아|Aeroblast|p2a: Zygarde|[miss]
|-miss|p1a: 루기아|p2a: Zygarde
|
|-heal|p2a: Zygarde|74/100|[from] item: Leftovers
|-sideend|p2: Namielle|Reflect
|upkeep
|turn|33
|c|☆rajof|?
|
|t:|1611032267
|move|p2a: Zygarde|Coil|p2a: Zygarde
|-boost|p2a: Zygarde|atk|1
|-boost|p2a: Zygarde|def|1
|-boost|p2a: Zygarde|accuracy|1
|move|p1a: 루기아|Aeroblast|p2a: Zygarde
|-activate|p2a: Zygarde|move: Substitute|[damage]
|
|-heal|p2a: Zygarde|80/100|[from] item: Leftovers
|upkeep
|turn|34
|
|t:|1611032273
|move|p2a: Zygarde|Thousand Arrows|p1a: 루기아
|-damage|p1a: 루기아|58/100 par
|move|p1a: 루기아|Roost|p1a: 루기아
|-heal|p1a: 루기아|100/100 par
|-singleturn|p1a: 루기아|move: Roost
|
|-heal|p2a: Zygarde|87/100|[from] item: Leftovers
|upkeep
|turn|35
|-message|rajof forfeited.
|
|win|Namielle
|l|☆rajof
|raw|rajof's rating: 1816 &rarr; <strong>1793</strong><br />(-23 for losing)
|raw|Namielle's rating: 1762 &rarr; <strong>1785</strong><br />(+23 for winning)
|c|☆Namielle|KEK
