|j|☆CringeWeirdo02
|j|☆aseeasase
|t:|1664284259
|gametype|singles
|player|p1|CringeWeirdo02|harlequin|1734
|player|p2|aseeasase|1|1830
|teamsize|p1|6
|teamsize|p2|6
|gen|8
|tier|[Gen 8] National Dex AG
|rated|
|rule|HP Percentage Mod: HP is shown in percentages
|rule|Endless Battle Clause: Forcing endless battles is banned
|clearpoke
|poke|p1|Marshadow|
|poke|p1|Ditto|
|poke|p1|Smeargle, M|
|poke|p1|Groudon|
|poke|p1|Arceus-*|
|poke|p1|Eternatus|
|poke|p2|Infernape, M|
|poke|p2|Smeargle, F|
|poke|p2|Necrozma-Dawn-Wings|
|poke|p2|Necrozma-Dusk-Mane|
|poke|p2|Yveltal|
|poke|p2|Arceus-*|
|teampreview
|inactive|Battle timer is ON: inactive players will automatically lose when time's up. (requested by CringeWeirdo02)
|
|t:|1664284267
|start
|switch|p1a: TF2 Spy|Ditto|100/100
|switch|p2a: Smeargle|Smeargle, F|100/100
|-transform|p1a: TF2 Spy|p2a: Smeargle|[from] ability: Imposter
|turn|1
|
|t:|1664284282
|switch|p1a: Beeg Meaty Claws|Groudon|100/100
|detailschange|p1a: Beeg Meaty Claws|Groudon-Primal
|-primal|p1a: Beeg Meaty Claws
|-weather|DesolateLand|[from] ability: Desolate Land|[of] p1a: Beeg Meaty Claws
|move|p2a: Smeargle|Nuzzle|p1a: Beeg Meaty Claws
|-immune|p1a: Beeg Meaty Claws
|
|-weather|DesolateLand|[upkeep]
|upkeep
|turn|2
|
|t:|1664284290
|move|p2a: Smeargle|Sticky Web|p1a: Beeg Meaty Claws
|-sidestart|p1: CringeWeirdo02|move: Sticky Web
|move|p1a: Beeg Meaty Claws|Heat Crash|p2a: Smeargle
|-enditem|p2a: Smeargle|Focus Sash
|-damage|p2a: Smeargle|1/100
|
|-weather|DesolateLand|[upkeep]
|upkeep
|turn|3
|
|t:|1664284296
|move|p2a: Smeargle|Rapid Spin|p1a: Beeg Meaty Claws
|-damage|p1a: Beeg Meaty Claws|95/100
|-boost|p2a: Smeargle|spe|1
|move|p1a: Beeg Meaty Claws|Heat Crash|p2a: Smeargle
|-damage|p2a: Smeargle|0 fnt
|faint|p2a: Smeargle
|
|-weather|DesolateLand|[upkeep]
|upkeep
|
|t:|1664284304
|switch|p2a: Infernape|Infernape, M|100/100
|turn|4
|
|t:|1664284316
|move|p2a: Infernape|Taunt|p1a: Beeg Meaty Claws
|-start|p1a: Beeg Meaty Claws|move: Taunt
|cant|p1a: Beeg Meaty Claws|move: Taunt|Stealth Rock
|
|-weather|DesolateLand|[upkeep]
|upkeep
|turn|5
|c|☆CringeWeirdo02|monke
|
|t:|1664284321
|move|p2a: Infernape|Stealth Rock|p1a: Beeg Meaty Claws
|-sidestart|p1: CringeWeirdo02|move: Stealth Rock
|move|p1a: Beeg Meaty Claws|Heat Crash|p2a: Infernape
|-resisted|p2a: Infernape
|-enditem|p2a: Infernape|Focus Sash
|-damage|p2a: Infernape|1/100
|
|-weather|DesolateLand|[upkeep]
|upkeep
|turn|6
|
|t:|1664284328
|move|p2a: Infernape|Double Kick|p1a: Beeg Meaty Claws
|-damage|p1a: Beeg Meaty Claws|88/100
|-damage|p1a: Beeg Meaty Claws|81/100
|-hitcount|p1a: Beeg Meaty Claws|2
|move|p1a: Beeg Meaty Claws|Heat Crash|p2a: Infernape
|-resisted|p2a: Infernape
|-damage|p2a: Infernape|0 fnt
|faint|p2a: Infernape
|
|-weather|DesolateLand|[upkeep]
|-end|p1a: Beeg Meaty Claws|move: Taunt
|upkeep
|
|t:|1664284342
|switch|p2a: Necrozma|Necrozma-Dawn-Wings|100/100
|turn|7
|
|t:|1664284345
|detailschange|p2a: Necrozma|Necrozma-Ultra
|-burst|p2a: Necrozma|Necrozma|Ultranecrozium Z
|move|p2a: Necrozma|Swords Dance|p2a: Necrozma
|-boost|p2a: Necrozma|atk|2
|move|p1a: Beeg Meaty Claws|Stealth Rock|p2a: Necrozma
|-sidestart|p2: aseeasase|move: Stealth Rock
|
|-weather|DesolateLand|[upkeep]
|upkeep
|turn|8
|
|t:|1664284351
|move|p2a: Necrozma|Earthquake|p1a: Beeg Meaty Claws
|-supereffective|p1a: Beeg Meaty Claws
|-damage|p1a: Beeg Meaty Claws|0 fnt
|faint|p1a: Beeg Meaty Claws
|-weather|none
|
|upkeep
|
|t:|1664284362
|switch|p1a: TF2 Spy|Ditto|100/100
|-activate|p1a: TF2 Spy|move: Sticky Web
|-unboost|p1a: TF2 Spy|spe|1
|-damage|p1a: TF2 Spy|88/100|[from] Stealth Rock
|-transform|p1a: TF2 Spy|p2a: Necrozma|[from] ability: Imposter
|turn|9
|
|t:|1664284381
|move|p1a: TF2 Spy|Earthquake|p2a: Necrozma
|-damage|p2a: Necrozma|12/100
|-zpower|p2a: Necrozma
|move|p2a: Necrozma|Light That Burns the Sky|p1a: TF2 Spy|[zeffect]
|-resisted|p1a: TF2 Spy
|-damage|p1a: TF2 Spy|0 fnt
|faint|p1a: TF2 Spy
|
|upkeep
|
|t:|1664284390
|switch|p1a: Y o i n k|Marshadow|100/100
|-activate|p1a: Y o i n k|move: Sticky Web
|-unboost|p1a: Y o i n k|spe|1
|-damage|p1a: Y o i n k|94/100|[from] Stealth Rock
|turn|10
|
|t:|1664284395
|move|p1a: Y o i n k|Shadow Sneak|p2a: Necrozma
|-supereffective|p2a: Necrozma
|-damage|p2a: Necrozma|0 fnt
|faint|p2a: Necrozma
|
|upkeep
|
|t:|1664284409
|switch|p2a: Yveltal|Yveltal|100/100
|-damage|p2a: Yveltal|76/100|[from] Stealth Rock
|-ability|p2a: Yveltal|Dark Aura
|turn|11
|
|t:|1664284416
|-start|p2a: Yveltal|Dynamax|
|-heal|p2a: Yveltal|76/100|[silent]
|move|p1a: Y o i n k|Shadow Sneak|p2a: Yveltal
|-resisted|p2a: Yveltal
|-damage|p2a: Yveltal|67/100
|move|p2a: Yveltal|Max Airstream|p1a: Y o i n k
|-supereffective|p1a: Y o i n k
|-damage|p1a: Y o i n k|0 fnt
|-boost|p2a: Yveltal|spe|1
|faint|p1a: Y o i n k
|-damage|p2a: Yveltal|62/100|[from] item: Life Orb
|
|upkeep
|
|t:|1664284428
|switch|p1a: Austrian Painter|Smeargle, M|100/100
|-activate|p1a: Austrian Painter|move: Sticky Web
|-unboost|p1a: Austrian Painter|spe|1
|-damage|p1a: Austrian Painter|88/100|[from] Stealth Rock
|turn|12
|
|t:|1664284433
|move|p2a: Yveltal|Max Steelspike|p1a: Austrian Painter
|-damage|p1a: Austrian Painter|0 fnt
|-boost|p2a: Yveltal|def|1
|faint|p1a: Austrian Painter
|-damage|p2a: Yveltal|57/100|[from] item: Life Orb
|
|upkeep
|
|t:|1664284444
|switch|p1a: Who pee'd on God??|Arceus-Fire, shiny|100/100
|-activate|p1a: Who pee'd on God??|move: Sticky Web
|-unboost|p1a: Who pee'd on God??|spe|1
|-damage|p1a: Who pee'd on God??|75/100|[from] Stealth Rock
|turn|13
|
|t:|1664284451
|-start|p1a: Who pee'd on God??|Dynamax|
|-heal|p1a: Who pee'd on God??|75/100|[silent]
|move|p1a: Who pee'd on God??|Max Guard|p1a: Who pee'd on God??
|-singleturn|p1a: Who pee'd on God??|Max Guard
|move|p2a: Yveltal|Max Darkness|p1a: Who pee'd on God??
|-activate|p1a: Who pee'd on God??|move: Max Guard
|
|upkeep
|-end|p2a: Yveltal|Dynamax
|-heal|p2a: Yveltal|57/100|[silent]
|turn|14
|l|☆aseeasase
|inactive|aseeasase disconnected and has a minute to reconnect!
|player|p2|
|j|☆aseeasase
|inactive|aseeasase reconnected and has 115 seconds left.
|player|p2|aseeasase|1
|
|t:|1664284489
|move|p2a: Yveltal|Knock Off|p1a: Who pee'd on God??
|-damage|p1a: Who pee'd on God??|54/100
|-damage|p2a: Yveltal|48/100|[from] item: Life Orb
|move|p1a: Who pee'd on God??|Max Hailstorm|p2a: Yveltal
|-supereffective|p2a: Yveltal
|-damage|p2a: Yveltal|0 fnt
|-weather|Hail
|faint|p2a: Yveltal
|
|-weather|Hail|[upkeep]
|-damage|p1a: Who pee'd on God??|51/100|[from] Hail
|upkeep
|
|t:|1664284495
|switch|p2a: Arceus|Arceus-Electric|100/100
|-damage|p2a: Arceus|88/100|[from] Stealth Rock
|turn|15
|
|t:|1664284501
|move|p2a: Arceus|Calm Mind|p2a: Arceus
|-boost|p2a: Arceus|spa|1
|-boost|p2a: Arceus|spd|1
|move|p1a: Who pee'd on God??|Max Flare|p2a: Arceus
|-damage|p2a: Arceus|46/100
|-weather|SunnyDay
|
|-weather|SunnyDay|[upkeep]
|upkeep
|-end|p1a: Who pee'd on God??|Dynamax
|-heal|p1a: Who pee'd on God??|51/100|[silent]
|turn|16
|
|t:|1664284513
|move|p2a: Arceus|Judgment|p1a: Who pee'd on God??
|-damage|p1a: Who pee'd on God??|0 fnt
|faint|p1a: Who pee'd on God??
|
|-weather|SunnyDay|[upkeep]
|upkeep
|
|t:|1664284518
|switch|p1a: Peternatus|Eternatus|100/100
|-activate|p1a: Peternatus|move: Sticky Web
|-unboost|p1a: Peternatus|spe|1
|-damage|p1a: Peternatus|88/100|[from] Stealth Rock
|-ability|p1a: Peternatus|Pressure
|turn|17
|
|t:|1664284524
|move|p2a: Arceus|Ice Beam|p1a: Peternatus
|-supereffective|p1a: Peternatus
|-damage|p1a: Peternatus|21/100
|move|p1a: Peternatus|Cosmic Power|p1a: Peternatus
|-boost|p1a: Peternatus|def|1
|-boost|p1a: Peternatus|spd|1
|
|-weather|SunnyDay|[upkeep]
|-heal|p1a: Peternatus|27/100|[from] item: Black Sludge
|upkeep
|turn|18
|c|☆CringeWeirdo02|gg
|-message|CringeWeirdo02 forfeited.
|
|win|aseeasase
|raw|CringeWeirdo02's rating: 1734 &rarr; <strong>1719</strong><br />(-15 for losing)
|raw|aseeasase's rating: 1830 &rarr; <strong>1845</strong><br />(+15 for winning)
|l|☆CringeWeirdo02
||Ladder isn't responding, score probably updated but might not have (Request timeout).
