|j|☆BigDuckie
|j|☆Pkmn3443
|t:|1619049386
|gametype|singles
|player|p1|BigDuckie|clair|1900
|player|p2|Pkmn3443|102|1825
|teamsize|p1|6
|teamsize|p2|6
|gen|8
|tier|[Gen 8] National Dex AG
|rated|
|clearpoke
|poke|p1|Arceus-*|
|poke|p1|Arceus-*|
|poke|p1|Arceus-*|
|poke|p1|Ditto|
|poke|p1|Grimmsnarl, M|
|poke|p1|Arceus-*|
|poke|p2|Zacian-Crowned|
|poke|p2|Necrozma-Dusk-Mane|
|poke|p2|Ditto|
|poke|p2|Ho-Oh|
|poke|p2|Rayquaza|
|poke|p2|Yveltal|
|rule|HP Percentage Mod: HP is shown in percentages
|rule|Endless Battle Clause: Forcing endless battles is banned
|teampreview
|inactive|Battle timer is ON: inactive players will automatically lose when time's up. (requested by BigDuckie)
|
|t:|1619049400
|start
|switch|p1a: Grimmsnarl|Grimmsnarl, M|100/100
|switch|p2a: Ditto|Ditto|100/100
|-transform|p2a: Ditto|p1a: Grimmsnarl|[from] ability: Imposter
|turn|1
|
|t:|1619049411
|switch|p2a: Ho-Oh|Ho-Oh|100/100
|move|p1a: Grimmsnarl|Reflect|p1a: Grimmsnarl
|-sidestart|p1: BigDuckie|Reflect
|
|upkeep
|turn|2
|
|t:|1619049417
|move|p1a: Grimmsnarl|Light Screen|p1a: Grimmsnarl
|-sidestart|p1: BigDuckie|move: Light Screen
|move|p2a: Ho-Oh|Toxic|p1a: Grimmsnarl
|-status|p1a: Grimmsnarl|tox
|
|-damage|p1a: Grimmsnarl|94/100 tox|[from] psn
|upkeep
|turn|3
|
|t:|1619049424
|switch|p1a: Arceus|Arceus-Ground|100/100
|move|p2a: Ho-Oh|Defog|p1a: Arceus
|-unboost|p1a: Arceus|evasion|1
|-sideend|p1: BigDuckie|Reflect
|-sideend|p1: BigDuckie|move: Light Screen
|
|upkeep
|turn|4
|
|t:|1619049432
|switch|p2a: Ditto|Ditto|100/100
|-transform|p2a: Ditto|p1a: Arceus|[from] ability: Imposter
|move|p1a: Arceus|Stone Edge|p2a: Ditto
|-resisted|p2a: Ditto
|-damage|p2a: Ditto|84/100
|
|upkeep
|turn|5
|
|t:|1619049443
|switch|p2a: Rayquaza|Rayquaza|100/100
|-ability|p2a: Rayquaza|Air Lock
|move|p1a: Arceus|Swords Dance|p1a: Arceus
|-boost|p1a: Arceus|atk|2
|
|upkeep
|turn|6
|
|t:|1619049456
|switch|p2a: Zacian|Zacian-Crowned|100/100
|-ability|p2a: Zacian|Intrepid Sword|boost
|-boost|p2a: Zacian|atk|1
|-start|p1a: Arceus|Dynamax
|-heal|p1a: Arceus|100/100|[silent]
|move|p1a: Arceus|Max Rockfall|p2a: Zacian
|-resisted|p2a: Zacian
|-damage|p2a: Zacian|57/100
|-weather|Sandstorm
|
|-weather|Sandstorm|[upkeep]
|upkeep
|turn|7
|
|t:|1619049471
|switch|p2a: Necrozma|Necrozma-Dusk-Mane|100/100
|move|p1a: Arceus|Max Quake|p2a: Necrozma
|-supereffective|p2a: Necrozma
|-damage|p2a: Necrozma|0 fnt
|-boost|p1a: Arceus|spd|1
|faint|p2a: Necrozma
|
|-weather|Sandstorm|[upkeep]
|upkeep
|
|t:|1619049476
|switch|p2a: Ho-Oh|Ho-Oh|100/100
|turn|8
|
|t:|1619049494
|move|p1a: Arceus|Max Rockfall|p2a: Ho-Oh
|-supereffective|p2a: Ho-Oh
|-damage|p2a: Ho-Oh|0 fnt
|faint|p2a: Ho-Oh
|
|-weather|Sandstorm|[upkeep]
|-end|p1a: Arceus|Dynamax
|-heal|p1a: Arceus|100/100|[silent]
|upkeep
|
|t:|1619049502
|switch|p2a: Zacian|Zacian-Crowned|57/100
|-ability|p2a: Zacian|Intrepid Sword|boost
|-boost|p2a: Zacian|atk|1
|turn|9
|
|t:|1619049508
|move|p2a: Zacian|Behemoth Blade|p1a: Arceus
|-damage|p1a: Arceus|18/100
|move|p1a: Arceus|Earthquake|p2a: Zacian
|-supereffective|p2a: Zacian
|-damage|p2a: Zacian|0 fnt
|faint|p2a: Zacian
|
|-weather|Sandstorm|[upkeep]
|upkeep
|
|t:|1619049516
|switch|p2a: Ditto|Ditto|84/100
|-transform|p2a: Ditto|p1a: Arceus|[from] ability: Imposter
|turn|10
|
|t:|1619049526
|move|p1a: Arceus|Extreme Speed|p2a: Ditto
|-damage|p2a: Ditto|33/100
|move|p2a: Ditto|Earthquake|p1a: Arceus
|-damage|p1a: Arceus|0 fnt
|faint|p1a: Arceus
|
|-weather|none
|upkeep
|
|t:|1619049531
|switch|p1a: Grimmsnarl|Grimmsnarl, M|94/100 tox
|turn|11
|
|t:|1619049536
|move|p1a: Grimmsnarl|Light Screen|p1a: Grimmsnarl
|-sidestart|p1: BigDuckie|move: Light Screen
|move|p2a: Ditto|Earthquake|p1a: Grimmsnarl
|-damage|p1a: Grimmsnarl|0 fnt
|faint|p1a: Grimmsnarl
|
|upkeep
|
|t:|1619049543
|switch|p1a: Arceus|Arceus-Ground|100/100
|turn|12
|
|t:|1619049551
|move|p2a: Ditto|Earthquake|p1a: Arceus
|-damage|p1a: Arceus|34/100
|move|p1a: Arceus|Earthquake|p2a: Ditto
|-damage|p2a: Ditto|0 fnt
|faint|p2a: Ditto
|
|upkeep
|
|t:|1619049560
|switch|p2a: Rayquaza|Rayquaza|100/100
|-ability|p2a: Rayquaza|Air Lock
|turn|13
|
|t:|1619049567
|detailschange|p2a: Rayquaza|Rayquaza-Mega
|-mega|p2a: Rayquaza|Rayquaza|
|-weather|DeltaStream|[from] ability: Delta Stream|[of] p2a: Rayquaza
|move|p2a: Rayquaza|Draco Meteor|p1a: Arceus
|-crit|p1a: Arceus
|-damage|p1a: Arceus|0 fnt
|-unboost|p2a: Rayquaza|spa|2
|-damage|p2a: Rayquaza|91/100|[from] item: Life Orb
|faint|p1a: Arceus
|
|-weather|DeltaStream|[upkeep]
|upkeep
|
|t:|1619049571
|switch|p1a: Ditto|Ditto|100/100
|-transform|p1a: Ditto|p2a: Rayquaza|[from] ability: Imposter
|turn|14
|
|t:|1619049579
|move|p2a: Rayquaza|Dragon Ascent|p1a: Ditto
|-damage|p1a: Ditto|0 fnt
|-unboost|p2a: Rayquaza|def|1
|-unboost|p2a: Rayquaza|spd|1
|-damage|p2a: Rayquaza|81/100|[from] item: Life Orb
|faint|p1a: Ditto
|
|-weather|DeltaStream|[upkeep]
|upkeep
|
|t:|1619049584
|switch|p1a: Arceus|Arceus-Ground|100/100
|turn|15
|
|t:|1619049593
|move|p1a: Arceus|Swords Dance|p1a: Arceus
|-boost|p1a: Arceus|atk|2
|move|p2a: Rayquaza|Dragon Ascent|p1a: Arceus
|-damage|p1a: Arceus|10/100
|-unboost|p2a: Rayquaza|def|1
|-unboost|p2a: Rayquaza|spd|1
|-damage|p2a: Rayquaza|71/100|[from] item: Life Orb
|
|-weather|DeltaStream|[upkeep]
|upkeep
|turn|16
|
|t:|1619049599
|move|p1a: Arceus|Extreme Speed|p2a: Rayquaza
|-damage|p2a: Rayquaza|0 fnt
|faint|p2a: Rayquaza
|-weather|none
|
|upkeep
|
|t:|1619049601
|switch|p2a: Yveltal|Yveltal|100/100
|-ability|p2a: Yveltal|Dark Aura
|turn|17
|
|t:|1619049605
|-start|p2a: Yveltal|Dynamax
|-heal|p2a: Yveltal|100/100|[silent]
|move|p1a: Arceus|Stone Edge|p2a: Yveltal
|-supereffective|p2a: Yveltal
|-damage|p2a: Yveltal|27/100
|move|p2a: Yveltal|Max Airstream|p1a: Arceus
|-damage|p1a: Arceus|0 fnt
|-boost|p2a: Yveltal|spe|1
|-damage|p2a: Yveltal|23/100|[from] item: Life Orb
|faint|p1a: Arceus
|
|upkeep
|
|t:|1619049610
|switch|p1a: Arceus|Arceus-Dark|100/100
|turn|18
|
|t:|1619049617
|move|p2a: Yveltal|Max Airstream|p1a: Arceus
|-damage|p1a: Arceus|76/100
|-boost|p2a: Yveltal|spe|1
|-damage|p2a: Yveltal|18/100|[from] item: Life Orb
|move|p1a: Arceus|Calm Mind|p1a: Arceus
|-boost|p1a: Arceus|spa|1
|-boost|p1a: Arceus|spd|1
|
|-sideend|p1: BigDuckie|move: Light Screen
|upkeep
|turn|19
|
|t:|1619049628
|move|p2a: Yveltal|Max Airstream|p1a: Arceus
|-damage|p1a: Arceus|44/100
|-boost|p2a: Yveltal|spe|1
|-damage|p2a: Yveltal|13/100|[from] item: Life Orb
|move|p1a: Arceus|Recover|p1a: Arceus
|-heal|p1a: Arceus|94/100
|
|-end|p2a: Yveltal|Dynamax
|-heal|p2a: Yveltal|13/100|[silent]
|upkeep
|turn|20
|
|t:|1619049635
|move|p2a: Yveltal|Taunt|p1a: Arceus
|-start|p1a: Arceus|move: Taunt
|cant|p1a: Arceus|move: Taunt|Calm Mind
|
|upkeep
|turn|21
|
|t:|1619049637
|move|p2a: Yveltal|Oblivion Wing|p1a: Arceus
|-damage|p1a: Arceus|73/100
|-heal|p2a: Yveltal|30/100|[from] drain|[of] p1a: Arceus
|-damage|p2a: Yveltal|20/100|[from] item: Life Orb
|move|p1a: Arceus|Judgment|p2a: Yveltal
|-resisted|p2a: Yveltal
|-damage|p2a: Yveltal|0 fnt
|faint|p2a: Yveltal
|
|win|BigDuckie
|raw|BigDuckie's rating: 1900 &rarr; <strong>1916</strong><br />(+16 for winning)
|raw|Pkmn3443's rating: 1825 &rarr; <strong>1809</strong><br />(-16 for losing)
|l|☆Pkmn3443
