|j|☆ZeLaTwo
|j|☆ImAbroom
|inactive|Battle timer is ON: inactive players will automatically lose when time's up.
|t:|1650310378
|gametype|singles
|player|p1|ZeLaTwo|pokemaniac|
|player|p2|ImAbroom|red|
|teamsize|p1|6
|teamsize|p2|6
|gen|8
|tier|[Gen 8] National Dex AG
|rated|Tournament battle
|rule|HP Percentage Mod: HP is shown in percentages
|rule|Endless Battle Clause: Forcing endless battles is banned
|clearpoke
|poke|p1|Groudon|
|poke|p1|Arceus-*|
|poke|p1|Arceus-*|
|poke|p1|Celesteela|
|poke|p1|Zygarde|
|poke|p1|Gengar, M|
|poke|p2|Rayquaza|
|poke|p2|Xerneas-*|
|poke|p2|Zacian-*|
|poke|p2|Zygarde|
|poke|p2|Groudon|
|poke|p2|Ho-Oh|
|teampreview
|inactive|ZeLaTwo also wants the timer to be on.
|c|☆ZeLaTwo|Glhf
|j| Odins will
|j| 1vltpm Pokemh
|
|t:|1650310408
|start
|switch|p1a: Zygarde|Zygarde|100/100
|switch|p2a: Upper Moon 5|Groudon|100/100
|detailschange|p2a: Upper Moon 5|Groudon-Primal
|-primal|p2a: Upper Moon 5
|-weather|DesolateLand|[from] ability: Desolate Land|[of] p2a: Upper Moon 5
|turn|1
|
|t:|1650310419
|move|p2a: Upper Moon 5|Precipice Blades|p1a: Zygarde
|-damage|p1a: Zygarde|62/100
|move|p1a: Zygarde|Coil|p1a: Zygarde
|-boost|p1a: Zygarde|atk|1
|-boost|p1a: Zygarde|def|1
|-boost|p1a: Zygarde|accuracy|1
|
|-weather|DesolateLand|[upkeep]
|-heal|p1a: Zygarde|68/100|[from] item: Leftovers
|upkeep
|turn|2
|
|t:|1650310429
|move|p2a: Upper Moon 5|Precipice Blades|p1a: Zygarde|[miss]
|-miss|p2a: Upper Moon 5|p1a: Zygarde
|move|p1a: Zygarde|Coil|p1a: Zygarde
|-boost|p1a: Zygarde|atk|1
|-boost|p1a: Zygarde|def|1
|-boost|p1a: Zygarde|accuracy|1
|
|-weather|DesolateLand|[upkeep]
|-heal|p1a: Zygarde|74/100|[from] item: Leftovers
|upkeep
|turn|3
|l| 1vltpm Pokemh
|
|t:|1650310440
|-weather|none
|switch|p2a: Upper Moon 6|Ho-Oh|100/100
|move|p1a: Zygarde|Thousand Arrows|p2a: Upper Moon 6
|-damage|p2a: Upper Moon 6|62/100
|-start|p2a: Upper Moon 6|Smack Down
|
|-heal|p1a: Zygarde|80/100|[from] item: Leftovers
|upkeep
|turn|4
|
|t:|1650310443
|switch|p2a: Upper Moon 4|Zygarde|100/100
|move|p1a: Zygarde|Thousand Arrows|p2a: Upper Moon 4
|-damage|p2a: Upper Moon 4|66/100
|
|-heal|p1a: Zygarde|87/100|[from] item: Leftovers
|-heal|p2a: Upper Moon 4|72/100|[from] item: Leftovers
|upkeep
|turn|5
|
|t:|1650310449
|move|p2a: Upper Moon 4|Glare|p1a: Zygarde
|-status|p1a: Zygarde|par
|move|p1a: Zygarde|Glare|p2a: Upper Moon 4
|-status|p2a: Upper Moon 4|par
|
|-heal|p1a: Zygarde|93/100 par|[from] item: Leftovers
|-heal|p2a: Upper Moon 4|78/100 par|[from] item: Leftovers
|upkeep
|turn|6
|j| Shiddopro
|
|t:|1650310453
|switch|p2a: Upper Moon 6|Ho-Oh|95/100
|move|p1a: Zygarde|Coil|p1a: Zygarde
|-boost|p1a: Zygarde|atk|1
|-boost|p1a: Zygarde|def|1
|-boost|p1a: Zygarde|accuracy|1
|
|-heal|p1a: Zygarde|99/100 par|[from] item: Leftovers
|upkeep
|turn|7
|
|t:|1650310456
|move|p1a: Zygarde|Thousand Arrows|p2a: Upper Moon 6
|-damage|p2a: Upper Moon 6|50/100
|-start|p2a: Upper Moon 6|Smack Down
|move|p2a: Upper Moon 6|Whirlwind|p1a: Zygarde
|drag|p1a: Arceus|Arceus-Dark|100/100
|
|upkeep
|turn|8
|
|t:|1650310463
|move|p1a: Arceus|Judgment|p2a: Upper Moon 6
|-damage|p2a: Upper Moon 6|25/100
|move|p2a: Upper Moon 6|Toxic|p1a: Arceus
|-status|p1a: Arceus|tox
|
|-damage|p1a: Arceus|94/100 tox|[from] psn
|upkeep
|turn|9
|
|t:|1650310468
|switch|p2a: Upper Moon 3|Zacian-Crowned|100/100
|-ability|p2a: Upper Moon 3|Intrepid Sword|boost
|-boost|p2a: Upper Moon 3|atk|1
|move|p1a: Arceus|Refresh|p1a: Arceus
|-curestatus|p1a: Arceus|tox|[msg]
|
|upkeep
|turn|10
|
|t:|1650310472
|move|p2a: Upper Moon 3|Play Rough|p1a: Arceus
|-supereffective|p1a: Arceus
|-damage|p1a: Arceus|0 fnt
|faint|p1a: Arceus
|
|upkeep
|
|t:|1650310475
|switch|p1a: Groudon|Groudon|100/100
|detailschange|p1a: Groudon|Groudon-Primal
|-primal|p1a: Groudon
|-weather|DesolateLand|[from] ability: Desolate Land|[of] p1a: Groudon
|turn|11
|
|t:|1650310483
|switch|p2a: Upper Moon 4|Zygarde|78/100 par
|move|p1a: Groudon|Fire Punch|p2a: Upper Moon 4
|-resisted|p2a: Upper Moon 4
|-damage|p2a: Upper Moon 4|60/100 par
|
|-weather|DesolateLand|[upkeep]
|-heal|p2a: Upper Moon 4|67/100 par|[from] item: Leftovers
|upkeep
|turn|12
|
|t:|1650310489
|move|p1a: Groudon|Stealth Rock|p2a: Upper Moon 4
|-sidestart|p2: ImAbroom|move: Stealth Rock
|move|p2a: Upper Moon 4|Thousand Arrows|p1a: Groudon
|-supereffective|p1a: Groudon
|-damage|p1a: Groudon|67/100
|
|-weather|DesolateLand|[upkeep]
|-heal|p2a: Upper Moon 4|73/100 par|[from] item: Leftovers
|upkeep
|turn|13
|
|t:|1650310505
|-weather|none
|switch|p1a: Zygarde|Zygarde|99/100 par
|move|p2a: Upper Moon 4|Thousand Arrows|p1a: Zygarde
|-damage|p1a: Zygarde|82/100 par
|
|-heal|p2a: Upper Moon 4|79/100 par|[from] item: Leftovers
|-heal|p1a: Zygarde|88/100 par|[from] item: Leftovers
|upkeep
|turn|14
|
|t:|1650310512
|move|p1a: Zygarde|Coil|p1a: Zygarde
|-boost|p1a: Zygarde|atk|1
|-boost|p1a: Zygarde|def|1
|-boost|p1a: Zygarde|accuracy|1
|move|p2a: Upper Moon 4|Dragon Dance|p2a: Upper Moon 4
|-boost|p2a: Upper Moon 4|atk|1
|-boost|p2a: Upper Moon 4|spe|1
|
|-heal|p2a: Upper Moon 4|85/100 par|[from] item: Leftovers
|-heal|p1a: Zygarde|94/100 par|[from] item: Leftovers
|upkeep
|turn|15
|
|t:|1650310523
|switch|p2a: Upper Moon 6|Ho-Oh|58/100
|move|p1a: Zygarde|Coil|p1a: Zygarde
|-boost|p1a: Zygarde|atk|1
|-boost|p1a: Zygarde|def|1
|-boost|p1a: Zygarde|accuracy|1
|
|-heal|p1a: Zygarde|99/100 par|[from] item: Leftovers
|upkeep
|turn|16
|
|t:|1650310525
|move|p1a: Zygarde|Thousand Arrows|p2a: Upper Moon 6
|-damage|p2a: Upper Moon 6|20/100
|-start|p2a: Upper Moon 6|Smack Down
|move|p2a: Upper Moon 6|Whirlwind|p1a: Zygarde
|drag|p1a: Celesteela|Celesteela|100/100
|
|upkeep
|turn|17
|j|%sparksblade
|
|t:|1650310536
|switch|p2a: Upper Moon 4|Zygarde|85/100 par
|-damage|p2a: Upper Moon 4|79/100 par|[from] Stealth Rock
|switch|p1a: Groudon|Groudon-Primal|67/100
|-weather|DesolateLand|[from] ability: Desolate Land|[of] p1a: Groudon
|
|-weather|DesolateLand|[upkeep]
|-heal|p2a: Upper Moon 4|85/100 par|[from] item: Leftovers
|upkeep
|turn|18
|
|t:|1650310541
|-weather|none
|switch|p1a: Zygarde|Zygarde|99/100 par
|move|p2a: Upper Moon 4|Thousand Arrows|p1a: Zygarde
|-damage|p1a: Zygarde|84/100 par
|
|-heal|p1a: Zygarde|90/100 par|[from] item: Leftovers
|-heal|p2a: Upper Moon 4|91/100 par|[from] item: Leftovers
|upkeep
|turn|19
|
|t:|1650310545
|switch|p2a: Upper Moon 6|Ho-Oh|53/100
|move|p1a: Zygarde|Coil|p1a: Zygarde
|-boost|p1a: Zygarde|atk|1
|-boost|p1a: Zygarde|def|1
|-boost|p1a: Zygarde|accuracy|1
|
|-heal|p1a: Zygarde|96/100 par|[from] item: Leftovers
|upkeep
|turn|20
|
|t:|1650310555
|move|p2a: Upper Moon 6|Defog|p1a: Zygarde
|-unboost|p1a: Zygarde|evasion|1
|-sideend|p2: ImAbroom|Stealth Rock|[from] move: Defog|[of] p2a: Upper Moon 6
|move|p1a: Zygarde|Glare|p2a: Upper Moon 6
|-status|p2a: Upper Moon 6|par
|
|-heal|p1a: Zygarde|100/100 par|[from] item: Leftovers
|upkeep
|turn|21
|c|%sparksblade|wow those are 2 species clause teams o.o
|c|%sparksblade|is that common in natdex
|
|t:|1650310562
|move|p1a: Zygarde|Thousand Arrows|p2a: Upper Moon 6
|-damage|p2a: Upper Moon 6|24/100 par
|-start|p2a: Upper Moon 6|Smack Down
|cant|p2a: Upper Moon 6|par
|
|upkeep
|turn|22
|
|t:|1650310568
|switch|p2a: Upper Moon 4|Zygarde|91/100 par
|move|p1a: Zygarde|Thousand Arrows|p2a: Upper Moon 4
|-damage|p2a: Upper Moon 4|69/100 par
|
|-heal|p2a: Upper Moon 4|75/100 par|[from] item: Leftovers
|upkeep
|turn|23
|
|t:|1650310589
|switch|p2a: Upper Moon 6|Ho-Oh|57/100 par
|cant|p1a: Zygarde|par
|
|upkeep
|turn|24
|
|t:|1650310600
|move|p1a: Zygarde|Thousand Arrows|p2a: Upper Moon 6
|-damage|p2a: Upper Moon 6|25/100 par
|-start|p2a: Upper Moon 6|Smack Down
|cant|p2a: Upper Moon 6|par
|
|upkeep
|turn|25
|
|t:|1650310605
|switch|p2a: Upper Moon 4|Zygarde|75/100 par
|move|p1a: Zygarde|Thousand Arrows|p2a: Upper Moon 4
|-damage|p2a: Upper Moon 4|51/100 par
|
|-heal|p2a: Upper Moon 4|58/100 par|[from] item: Leftovers
|upkeep
|turn|26
|
|t:|1650310613
|switch|p2a: Upper Moon 6|Ho-Oh|59/100 par
|cant|p1a: Zygarde|par
|
|upkeep
|turn|27
|
|t:|1650310616
|switch|p2a: Upper Moon 4|Zygarde|58/100 par
|move|p1a: Zygarde|Thousand Arrows|p2a: Upper Moon 4
|-damage|p2a: Upper Moon 4|32/100 par
|
|-heal|p2a: Upper Moon 4|39/100 par|[from] item: Leftovers
|-activate|p2a: Upper Moon 4|ability: Power Construct
|detailschange|p2a: Upper Moon 4|Zygarde-Complete
|-heal|p2a: Upper Moon 4|60/100 par|[silent]
|upkeep
|turn|28
|
|t:|1650310625
|switch|p2a: Upper Moon 6|Ho-Oh|92/100 par
|move|p1a: Zygarde|Coil|p1a: Zygarde
|-boost|p1a: Zygarde|atk|1
|-boost|p1a: Zygarde|def|1
|-boost|p1a: Zygarde|accuracy|1
|
|upkeep
|turn|29
|
|t:|1650310630
|move|p1a: Zygarde|Thousand Arrows|p2a: Upper Moon 6
|-damage|p2a: Upper Moon 6|51/100 par
|-start|p2a: Upper Moon 6|Smack Down
|move|p2a: Upper Moon 6|Whirlwind|p1a: Zygarde
|drag|p1a: Arceus|Arceus-Fairy|100/100
|
|upkeep
|turn|30
|
|t:|1650310640
|switch|p1a: Groudon|Groudon-Primal|67/100
|-weather|DesolateLand|[from] ability: Desolate Land|[of] p1a: Groudon
|move|p2a: Upper Moon 6|Toxic|p1a: Groudon
|-status|p1a: Groudon|tox
|
|-weather|DesolateLand|[upkeep]
|-damage|p1a: Groudon|61/100 tox|[from] psn
|upkeep
|turn|31
|
|t:|1650310649
|switch|p2a: Upper Moon 4|Zygarde-Complete|60/100 par
|move|p1a: Groudon|Stealth Rock|p2a: Upper Moon 4
|-sidestart|p2: ImAbroom|move: Stealth Rock
|
|-weather|DesolateLand|[upkeep]
|-heal|p2a: Upper Moon 4|66/100 par|[from] item: Leftovers
|-damage|p1a: Groudon|49/100 tox|[from] psn
|upkeep
|turn|32
|
|t:|1650310656
|-weather|none
|switch|p1a: Zygarde|Zygarde|100/100 par
|move|p2a: Upper Moon 4|Thousand Arrows|p1a: Zygarde
|-damage|p1a: Zygarde|84/100 par
|
|-heal|p1a: Zygarde|90/100 par|[from] item: Leftovers
|-heal|p2a: Upper Moon 4|72/100 par|[from] item: Leftovers
|upkeep
|turn|33
|
|t:|1650310660
|switch|p2a: Upper Moon 2|Xerneas|100/100
|-damage|p2a: Upper Moon 2|88/100|[from] Stealth Rock
|-ability|p2a: Upper Moon 2|Fairy Aura
|move|p1a: Zygarde|Coil|p1a: Zygarde
|-boost|p1a: Zygarde|atk|1
|-boost|p1a: Zygarde|def|1
|-boost|p1a: Zygarde|accuracy|1
|
|-heal|p1a: Zygarde|96/100 par|[from] item: Leftovers
|upkeep
|turn|34
|
|t:|1650310667
|switch|p1a: Gengar|Gengar, M|100/100
|move|p2a: Upper Moon 2|Moonblast|p1a: Gengar
|-resisted|p1a: Gengar
|-damage|p1a: Gengar|37/100
|
|upkeep
|turn|35
|
|t:|1650310679
|switch|p2a: Upper Moon 3|Zacian-Crowned|100/100
|-damage|p2a: Upper Moon 3|94/100|[from] Stealth Rock
|-ability|p2a: Upper Moon 3|Intrepid Sword|boost
|-boost|p2a: Upper Moon 3|atk|1
|detailschange|p1a: Gengar|Gengar-Mega, M
|-mega|p1a: Gengar|Gengar|Gengarite
|move|p1a: Gengar|Will-O-Wisp|p2a: Upper Moon 3
|-status|p2a: Upper Moon 3|brn
|
|-damage|p2a: Upper Moon 3|88/100 brn|[from] brn
|upkeep
|turn|36
|
|t:|1650310688
|switch|p1a: Groudon|Groudon-Primal|49/100 tox
|-weather|DesolateLand|[from] ability: Desolate Land|[of] p1a: Groudon
|move|p2a: Upper Moon 3|Behemoth Blade|p1a: Groudon
|-resisted|p1a: Groudon
|-damage|p1a: Groudon|34/100 tox
|
|-weather|DesolateLand|[upkeep]
|-damage|p1a: Groudon|28/100 tox|[from] psn
|-damage|p2a: Upper Moon 3|82/100 brn|[from] brn
|upkeep
|turn|37
|
|t:|1650310693
|move|p2a: Upper Moon 3|Crunch|p1a: Groudon
|-damage|p1a: Groudon|15/100 tox
|move|p1a: Groudon|Fire Punch|p2a: Upper Moon 3
|-supereffective|p2a: Upper Moon 3
|-damage|p2a: Upper Moon 3|0 fnt
|faint|p2a: Upper Moon 3
|
|-weather|DesolateLand|[upkeep]
|-damage|p1a: Groudon|2/100 tox|[from] psn
|upkeep
|
|t:|1650310701
|switch|p2a: Upper Moon 4|Zygarde-Complete|72/100 par
|-damage|p2a: Upper Moon 4|66/100 par|[from] Stealth Rock
|turn|38
|
|t:|1650310706
|move|p1a: Groudon|Rest|p1a: Groudon
|-status|p1a: Groudon|slp|[from] move: Rest
|-heal|p1a: Groudon|100/100 slp|[silent]
|cant|p2a: Upper Moon 4|par
|
|-weather|DesolateLand|[upkeep]
|-heal|p2a: Upper Moon 4|72/100 par|[from] item: Leftovers
|upkeep
|turn|39
|
|t:|1650310718
|-weather|none
|switch|p1a: Zygarde|Zygarde|96/100 par
|cant|p2a: Upper Moon 4|par
|
|-heal|p1a: Zygarde|100/100 par|[from] item: Leftovers
|-heal|p2a: Upper Moon 4|78/100 par|[from] item: Leftovers
|upkeep
|turn|40
|
|t:|1650310734
|switch|p2a: Upper Moon 6|Ho-Oh|84/100 par
|cant|p1a: Zygarde|par
|
|upkeep
|turn|41
|
|t:|1650310741
|move|p1a: Zygarde|Thousand Arrows|p2a: Upper Moon 6
|-damage|p2a: Upper Moon 6|63/100 par
|-start|p2a: Upper Moon 6|Smack Down
|move|p2a: Upper Moon 6|Defog|p1a: Zygarde
|-unboost|p1a: Zygarde|evasion|1
|-sideend|p2: ImAbroom|Stealth Rock|[from] move: Defog|[of] p2a: Upper Moon 6
|
|upkeep
|turn|42
|
|t:|1650310745
|switch|p2a: Upper Moon 4|Zygarde-Complete|78/100 par
|move|p1a: Zygarde|Thousand Arrows|p2a: Upper Moon 4
|-damage|p2a: Upper Moon 4|68/100 par
|
|-heal|p2a: Upper Moon 4|74/100 par|[from] item: Leftovers
|upkeep
|turn|43
|
|t:|1650310754
|switch|p2a: Upper Moon 2|Xerneas|88/100
|-ability|p2a: Upper Moon 2|Fairy Aura
|move|p1a: Zygarde|Coil|p1a: Zygarde
|-boost|p1a: Zygarde|atk|1
|-boost|p1a: Zygarde|def|1
|-boost|p1a: Zygarde|accuracy|1
|
|upkeep
|turn|44
|
|t:|1650310766
|switch|p1a: Celesteela|Celesteela|100/100
|move|p2a: Upper Moon 2|Geomancy||[still]
|-prepare|p2a: Upper Moon 2|Geomancy
|-enditem|p2a: Upper Moon 2|Power Herb
|-anim|p2a: Upper Moon 2|Geomancy|p2a: Upper Moon 2
|-boost|p2a: Upper Moon 2|spa|2
|-boost|p2a: Upper Moon 2|spd|2
|-boost|p2a: Upper Moon 2|spe|2
|
|upkeep
|turn|45
|
|t:|1650310774
|-start|p2a: Upper Moon 2|Dynamax|
|-heal|p2a: Upper Moon 2|88/100|[silent]
|move|p2a: Upper Moon 2|Max Flare|p1a: Celesteela
|-supereffective|p1a: Celesteela
|-damage|p1a: Celesteela|0 fnt
|-weather|SunnyDay
|faint|p1a: Celesteela
|
|-weather|SunnyDay|[upkeep]
|upkeep
|l|sparksblade
|
|t:|1650310787
|switch|p1a: Arceus|Arceus-Fairy|100/100
|turn|46
|c|☆ZeLaTwo|I think i lose now
|
|t:|1650310817
|-start|p1a: Arceus|Dynamax|
|-heal|p1a: Arceus|100/100|[silent]
|move|p1a: Arceus|Max Guard|p1a: Arceus
|-singleturn|p1a: Arceus|Max Guard
|move|p2a: Upper Moon 2|Max Starfall|p1a: Arceus
|-activate|p1a: Arceus|move: Max Guard
|
|-weather|SunnyDay|[upkeep]
|upkeep
|turn|47
|
|t:|1650310822
|move|p2a: Upper Moon 2|Max Starfall|p1a: Arceus
|-damage|p1a: Arceus|34/100
|-fieldstart|move: Misty Terrain
|move|p1a: Arceus|Max Starfall|p2a: Upper Moon 2
|-damage|p2a: Upper Moon 2|70/100
|
|-weather|SunnyDay|[upkeep]
|-end|p2a: Upper Moon 2|Dynamax
|-heal|p2a: Upper Moon 2|70/100|[silent]
|upkeep
|turn|48
|
|t:|1650310828
|move|p2a: Upper Moon 2|Moonblast|p1a: Arceus
|-damage|p1a: Arceus|0 fnt
|faint|p1a: Arceus
|
|-weather|SunnyDay|[upkeep]
|upkeep
|
|t:|1650310832
|switch|p1a: Groudon|Groudon-Primal|100/100 slp
|-weather|DesolateLand|[from] ability: Desolate Land|[of] p1a: Groudon
|turn|49
|
|t:|1650310841
|move|p2a: Upper Moon 2|Moonblast|p1a: Groudon
|-resisted|p1a: Groudon
|-damage|p1a: Groudon|50/100 slp
|cant|p1a: Groudon|slp
|
|-weather|DesolateLand|[upkeep]
|upkeep
|turn|50
|
|t:|1650310844
|move|p2a: Upper Moon 2|Moonblast|p1a: Groudon
|-resisted|p1a: Groudon
|-damage|p1a: Groudon|0 fnt
|faint|p1a: Groudon
|-weather|none
|
|upkeep
|c|☆ZeLaTwo|Ye gg
|
|t:|1650310850
|switch|p1a: Zygarde|Zygarde|100/100 par
|turn|51
|
|t:|1650310854
|move|p2a: Upper Moon 2|Moonblast|p1a: Zygarde
|-supereffective|p1a: Zygarde
|-damage|p1a: Zygarde|0 fnt
|faint|p1a: Zygarde
|
|-fieldend|Misty Terrain
|upkeep
|inactive|ZeLaTwo has 120 seconds left.
|c|☆ImAbroom|Gg
|c|☆ZeLaTwo|Didn’t expect to make it this far with a team that’s weak to zacien and xern
|
|t:|1650310905
|switch|p1a: Gengar|Gengar-Mega, M|37/100
|turn|52
|
|t:|1650310911
|move|p2a: Upper Moon 2|Moonblast|p1a: Gengar
|-resisted|p1a: Gengar
|-damage|p1a: Gengar|0 fnt
|faint|p1a: Gengar
|
|win|ImAbroom
|n|☆ZeLaTwo|zelatwo
|n|☆ImAbroom|imabroom
|n| Odins will|odinswill
|n| Shiddopro|shiddopro
|l|☆ImAbroom
|j| Skarph♫
