|j|☆loling-man
|j|☆ShineyThe2nd
|t:|1668439520
|gametype|singles
|player|p1|loling-man|170|1492
|player|p2|ShineyThe2nd|theroyal|1474
|teamsize|p1|6
|teamsize|p2|6
|gen|8
|tier|[Gen 8] National Dex AG
|rated|
|rule|HP Percentage Mod: HP is shown in percentages
|rule|Endless Battle Clause: Forcing endless battles is banned
|clearpoke
|poke|p1|Blastoise, F|
|poke|p1|Ditto|
|poke|p1|Arceus-*|
|poke|p1|Zacian-*|
|poke|p1|Calyrex-Shadow|
|poke|p1|Groudon|
|poke|p2|Tapu Koko|
|poke|p2|Regieleki|
|poke|p2|Hawlucha, M|
|poke|p2|Rayquaza|
|poke|p2|Necrozma-Dusk-Mane|
|poke|p2|Muk-Alola, F|
|teampreview
|
|t:|1668439538
|start
|switch|p1a: Groudon|Groudon|100/100
|switch|p2a: Rayquaza|Rayquaza|100/100
|-ability|p2a: Rayquaza|Air Lock
|detailschange|p1a: Groudon|Groudon-Primal
|-primal|p1a: Groudon
|-weather|DesolateLand|[from] ability: Desolate Land|[of] p1a: Groudon
|turn|1
|
|t:|1668439546
|detailschange|p2a: Rayquaza|Rayquaza-Mega
|-mega|p2a: Rayquaza|Rayquaza|
|-weather|DeltaStream|[from] ability: Delta Stream|[of] p2a: Rayquaza
|move|p2a: Rayquaza|Surf|p1a: Groudon
|-supereffective|p1a: Groudon
|-damage|p1a: Groudon|0 fnt
|faint|p1a: Groudon
|-damage|p2a: Rayquaza|91/100|[from] item: Life Orb
|
|-weather|DeltaStream|[upkeep]
|upkeep
|
|t:|1668439551
|switch|p1a: Ditto|Ditto|100/100
|-transform|p1a: Ditto|p2a: Rayquaza|[from] ability: Imposter
|turn|2
|
|t:|1668439558
|switch|p2a: Necrozma|Necrozma-Dusk-Mane|100/100
|move|p1a: Ditto|Dragon Ascent|p2a: Necrozma
|-resisted|p2a: Necrozma
|-crit|p2a: Necrozma
|-damage|p2a: Necrozma|69/100
|-unboost|p1a: Ditto|def|1
|-unboost|p1a: Ditto|spd|1
|-damage|p1a: Ditto|84/100|[from] item: Rocky Helmet|[of] p2a: Necrozma
|
|-weather|DeltaStream|[upkeep]
|upkeep
|turn|3
|
|t:|1668439566
|-weather|none
|switch|p1a: Zacian|Zacian-Crowned|100/100
|-ability|p1a: Zacian|Intrepid Sword|boost
|-boost|p1a: Zacian|atk|1
|move|p2a: Necrozma|Thunder Wave|p1a: Zacian
|-status|p1a: Zacian|par
|
|upkeep
|turn|4
|
|t:|1668439571
|move|p1a: Zacian|Behemoth Blade|p2a: Necrozma
|-resisted|p2a: Necrozma
|-damage|p2a: Necrozma|45/100
|-damage|p1a: Zacian|84/100 par|[from] item: Rocky Helmet|[of] p2a: Necrozma
|move|p2a: Necrozma|Morning Sun|p2a: Necrozma
|-heal|p2a: Necrozma|95/100
|
|upkeep
|turn|5
|
|t:|1668439576
|move|p1a: Zacian|Fire Fang|p2a: Necrozma
|-supereffective|p2a: Necrozma
|-damage|p2a: Necrozma|65/100
|-damage|p1a: Zacian|67/100 par|[from] item: Rocky Helmet|[of] p2a: Necrozma
|move|p2a: Necrozma|Stealth Rock|p1a: Zacian
|-sidestart|p1: loling-man|move: Stealth Rock
|
|upkeep
|turn|6
|
|t:|1668439582
|switch|p1a: Calyrex|Calyrex-Shadow|100/100
|-ability|p1a: Calyrex|As One
|-ability|p1a: Calyrex|Unnerve
|-damage|p1a: Calyrex|88/100|[from] Stealth Rock
|move|p2a: Necrozma|Morning Sun|p2a: Necrozma
|-heal|p2a: Necrozma|100/100
|
|upkeep
|turn|7
|
|t:|1668439586
|switch|p2a: Muk|Muk-Alola, F|100/100
|move|p1a: Calyrex|Astral Barrage|p2a: Muk
|-resisted|p2a: Muk
|-damage|p2a: Muk|74/100
|
|upkeep
|turn|8
|
|t:|1668439590
|-activate|p1a: Calyrex|move: Pursuit
|move|p2a: Muk|Pursuit|p1a: Calyrex|[from]Pursuit
|-supereffective|p1a: Calyrex
|-damage|p1a: Calyrex|0 fnt
|faint|p1a: Calyrex
|-hint|A Pokemon can't switch between when it runs out of HP and when it faints
|
|upkeep
|
|t:|1668439594
|switch|p1a: Blastoise|Blastoise, F|100/100
|-damage|p1a: Blastoise|88/100|[from] Stealth Rock
|turn|9
|
|t:|1668439599
|detailschange|p1a: Blastoise|Blastoise-Mega, F
|-mega|p1a: Blastoise|Blastoise|Blastoisinite
|move|p1a: Blastoise|Shell Smash|p1a: Blastoise
|-unboost|p1a: Blastoise|def|1
|-unboost|p1a: Blastoise|spd|1
|-boost|p1a: Blastoise|atk|2
|-boost|p1a: Blastoise|spa|2
|-boost|p1a: Blastoise|spe|2
|move|p2a: Muk|Clear Smog|p1a: Blastoise
|-damage|p1a: Blastoise|71/100
|-clearboost|p1a: Blastoise
|
|upkeep
|turn|10
|
|t:|1668439609
|move|p1a: Blastoise|Shell Smash|p1a: Blastoise
|-unboost|p1a: Blastoise|def|1
|-unboost|p1a: Blastoise|spd|1
|-boost|p1a: Blastoise|atk|2
|-boost|p1a: Blastoise|spa|2
|-boost|p1a: Blastoise|spe|2
|move|p2a: Muk|Knock Off|p1a: Blastoise
|-damage|p1a: Blastoise|33/100
|
|upkeep
|turn|11
|
|t:|1668439615
|move|p1a: Blastoise|Hydro Pump|p2a: Muk|[miss]
|-miss|p1a: Blastoise|p2a: Muk
|move|p2a: Muk|Knock Off|p1a: Blastoise
|-damage|p1a: Blastoise|0 fnt
|faint|p1a: Blastoise
|
|upkeep
|-message|loling-man forfeited.
|
|win|ShineyThe2nd
|raw|loling-man's rating: 1492 &rarr; <strong>1471</strong><br />(-21 for losing)
|raw|ShineyThe2nd's rating: 1474 &rarr; <strong>1495</strong><br />(+21 for winning)
|l|☆loling-man
||Ladder isn't responding, score probably updated but might not have (Request timeout).
