|j|☆C0ld as Ic3
|j|☆WindyClout36
|t:|1654217300
|gametype|singles
|player|p1|C0ld as Ic3|schoolkid-gen4dp|1814
|player|p2|WindyClout36|birdkeeper|1861
|teamsize|p1|6
|teamsize|p2|6
|gen|8
|tier|[Gen 8] National Dex AG
|rated|
|rule|HP Percentage Mod: HP is shown in percentages
|rule|Endless Battle Clause: Forcing endless battles is banned
|clearpoke
|poke|p1|Necrozma-Dusk-Mane|
|poke|p1|Arceus-*|
|poke|p1|Zacian-*|
|poke|p1|Arceus-*|
|poke|p1|Yveltal|
|poke|p1|Zacian-*|
|poke|p2|Deoxys-Speed|
|poke|p2|Thundurus, M|
|poke|p2|Arceus-*|
|poke|p2|Zacian-*|
|poke|p2|Marshadow|
|poke|p2|Calyrex-Shadow|
|teampreview
|inactive|Battle timer is ON: inactive players will automatically lose when time's up. (requested by C0ld as Ic3)
|
|t:|1654217312
|start
|switch|p1a: Yveltal|Yveltal, shiny|100/100
|switch|p2a: Deoxys|Deoxys-Speed, shiny|100/100
|-ability|p2a: Deoxys|Pressure
|-ability|p1a: Yveltal|Dark Aura
|turn|1
|
|t:|1654217321
|move|p2a: Deoxys|Thunder Wave|p1a: Yveltal
|-status|p1a: Yveltal|par
|move|p1a: Yveltal|Foul Play|p2a: Deoxys
|-supereffective|p2a: Deoxys
|-damage|p2a: Deoxys|15/100
|
|upkeep
|turn|2
|
|t:|1654217325
|move|p2a: Deoxys|Stealth Rock|p1a: Yveltal
|-sidestart|p1: C0ld as Ic3|move: Stealth Rock
|move|p1a: Yveltal|Foul Play|p2a: Deoxys
|-supereffective|p2a: Deoxys
|-damage|p2a: Deoxys|0 fnt
|faint|p2a: Deoxys
|
|upkeep
|j| Max_97
|
|t:|1654217334
|switch|p2a: Zacian|Zacian-Crowned|100/100
|-ability|p2a: Zacian|Intrepid Sword|boost
|-boost|p2a: Zacian|atk|1
|turn|3
|
|t:|1654217344
|switch|p1a: Necrozma|Necrozma-Dusk-Mane|100/100
|-damage|p1a: Necrozma|94/100|[from] Stealth Rock
|move|p2a: Zacian|Swords Dance|p2a: Zacian
|-boost|p2a: Zacian|atk|2
|
|upkeep
|turn|4
|
|t:|1654217351
|move|p2a: Zacian|Swords Dance|p2a: Zacian
|-boost|p2a: Zacian|atk|2
|move|p1a: Necrozma|Moonlight|p1a: Necrozma
|-heal|p1a: Necrozma|100/100
|
|upkeep
|turn|5
|
|t:|1654217357
|move|p2a: Zacian|Close Combat|p1a: Necrozma
|-damage|p1a: Necrozma|8/100
|-unboost|p2a: Zacian|def|1
|-unboost|p2a: Zacian|spd|1
|-damage|p2a: Zacian|84/100|[from] item: Rocky Helmet|[of] p1a: Necrozma
|move|p1a: Necrozma|Moonlight|p1a: Necrozma
|-heal|p1a: Necrozma|58/100
|
|upkeep
|turn|6
|
|t:|1654217361
|-start|p1a: Necrozma|Dynamax|
|-heal|p1a: Necrozma|58/100|[silent]
|move|p2a: Zacian|Close Combat|p1a: Necrozma
|-damage|p1a: Necrozma|10/100
|-unboost|p2a: Zacian|def|1
|-unboost|p2a: Zacian|spd|1
|-damage|p2a: Zacian|67/100|[from] item: Rocky Helmet|[of] p1a: Necrozma
|move|p1a: Necrozma|Max Steelspike|p2a: Zacian
|-damage|p2a: Zacian|0 fnt
|-boost|p1a: Necrozma|def|1
|faint|p2a: Zacian
|
|upkeep
|
|t:|1654217364
|switch|p2a: Calyrex|Calyrex-Shadow|100/100
|-ability|p2a: Calyrex|As One
|-ability|p2a: Calyrex|Unnerve
|turn|7
|
|t:|1654217367
|move|p2a: Calyrex|Nasty Plot|p2a: Calyrex
|-boost|p2a: Calyrex|spa|2
|move|p1a: Necrozma|Max Darkness|p2a: Calyrex
|-supereffective|p2a: Calyrex
|-enditem|p2a: Calyrex|Focus Sash
|-damage|p2a: Calyrex|1/100
|-unboost|p2a: Calyrex|spd|1
|
|upkeep
|turn|8
|
|t:|1654217370
|move|p2a: Calyrex|Astral Barrage|p1a: Necrozma
|-supereffective|p1a: Necrozma
|-damage|p1a: Necrozma|0 fnt
|faint|p1a: Necrozma
|-ability|p2a: Calyrex|Grim Neigh|boost
|-boost|p2a: Calyrex|spa|1
|
|upkeep
|
|t:|1654217372
|switch|p1a: Yveltal|Yveltal, shiny|100/100 par
|-ability|p1a: Yveltal|Dark Aura
|turn|9
|
|t:|1654217374
|move|p2a: Calyrex|Baton Pass|p2a: Calyrex
|
|t:|1654217376
|switch|p2a: Arceus|Arceus-Fairy|100/100|[from]move: Baton Pass
|cant|p1a: Yveltal|par
|
|upkeep
|turn|10
|-message|C0ld as Ic3 forfeited.
|
|win|WindyClout36
|raw|C0ld as Ic3's rating: 1814 &rarr; <strong>1797</strong><br />(-17 for losing)
|raw|WindyClout36's rating: 1861 &rarr; <strong>1878</strong><br />(+17 for winning)
|l|☆C0ld as Ic3
