|j|☆KyogreF4N
|j|☆rowletroost
|t:|1641773872
|gametype|singles
|player|p1|KyogreF4N|hiker-gen4|1718
|player|p2|rowletroost|aromalady|1575
|teamsize|p1|6
|teamsize|p2|6
|gen|8
|tier|[Gen 8] National Dex AG
|rated|
|rule|HP Percentage Mod: HP is shown in percentages
|rule|Endless Battle Clause: Forcing endless battles is banned
|clearpoke
|poke|p1|Necrozma-Dusk-Mane|
|poke|p1|Ditto|
|poke|p1|Ditto|
|poke|p1|Yveltal|
|poke|p1|Arceus-*|
|poke|p1|Rayquaza|
|poke|p2|Arceus-*|
|poke|p2|Xerneas-*|
|poke|p2|Kyogre|
|poke|p2|Marshadow|
|poke|p2|Ribombee, M|
|poke|p2|Vivillon-Savanna, M|
|teampreview
|inactive|Battle timer is ON: inactive players will automatically lose when time's up. (requested by rowletroost)
|
|t:|1641773892
|start
|switch|p1a: Arceus|Arceus|100/100
|switch|p2a: Ribombee|Ribombee, M, shiny|100/100
|turn|1
|
|t:|1641773901
|switch|p2a: Marshadow|Marshadow|100/100
|move|p1a: Arceus|Extreme Speed|p2a: Marshadow
|-immune|p2a: Marshadow
|
|upkeep
|turn|2
|
|t:|1641773907
|move|p2a: Marshadow|Close Combat|p1a: Arceus
|-supereffective|p1a: Arceus
|-enditem|p1a: Arceus|Chople Berry|[eat]
|-enditem|p1a: Arceus|Chople Berry|[weaken]
|-damage|p1a: Arceus|61/100
|-unboost|p2a: Marshadow|def|1
|-unboost|p2a: Marshadow|spd|1
|move|p1a: Arceus|Stealth Rock|p2a: Marshadow
|-sidestart|p2: rowletroost|move: Stealth Rock
|
|upkeep
|turn|3
|
|t:|1641773923
|move|p2a: Marshadow|Spectral Thief|p1a: Arceus
|-immune|p1a: Arceus
|move|p1a: Arceus|Swords Dance|p1a: Arceus
|-boost|p1a: Arceus|atk|2
|
|upkeep
|turn|4
|
|t:|1641773930
|switch|p1a: Ditto|Ditto|100/100
|-transform|p1a: Ditto|p2a: Marshadow|[from] ability: Imposter
|move|p2a: Marshadow|Close Combat|p1a: Ditto
|-immune|p1a: Ditto
|
|upkeep
|turn|5
|
|t:|1641773949
|switch|p2a: Arceus|Arceus-Ground|100/100
|-damage|p2a: Arceus|94/100|[from] Stealth Rock
|move|p1a: Ditto|Shadow Sneak|p2a: Arceus
|-damage|p2a: Arceus|80/100
|
|upkeep
|turn|6
|
|t:|1641773953
|switch|p1a: Arceus|Arceus|61/100
|move|p2a: Arceus|Defog|p1a: Arceus
|-unboost|p1a: Arceus|evasion|1
|-sideend|p2: rowletroost|Stealth Rock|[from] move: Defog|[of] p2a: Arceus
|
|upkeep
|turn|7
|
|t:|1641773968
|switch|p2a: Marshadow|Marshadow|100/100
|move|p1a: Arceus|Stealth Rock|p2a: Marshadow
|-sidestart|p2: rowletroost|move: Stealth Rock
|
|upkeep
|turn|8
|
|t:|1641773982
|move|p2a: Marshadow|Spectral Thief|p1a: Arceus
|-immune|p1a: Arceus
|move|p1a: Arceus|Earthquake|p2a: Marshadow
|-damage|p2a: Marshadow|54/100
|
|upkeep
|turn|9
|c|☆rowletroost|what the fuck
|c|☆rowletroost|how
|
|t:|1641774002
|move|p2a: Marshadow|Spectral Thief|p1a: Arceus
|-immune|p1a: Arceus
|move|p1a: Arceus|Swords Dance|p1a: Arceus
|-boost|p1a: Arceus|atk|2
|
|upkeep
|turn|10
|
|t:|1641774008
|move|p2a: Marshadow|Close Combat|p1a: Arceus
|-supereffective|p1a: Arceus
|-damage|p1a: Arceus|0 fnt
|-unboost|p2a: Marshadow|def|1
|-unboost|p2a: Marshadow|spd|1
|faint|p1a: Arceus
|
|upkeep
|inactive|KyogreF4N has 120 seconds left.
|
|t:|1641774041
|switch|p1a: Yveltal|Yveltal|100/100
|-ability|p1a: Yveltal|Dark Aura
|turn|11
|inactive|KyogreF4N has 120 seconds left.
|
|t:|1641774047
|move|p2a: Marshadow|Rock Tomb|p1a: Yveltal
|-supereffective|p1a: Yveltal
|-damage|p1a: Yveltal|37/100
|-unboost|p1a: Yveltal|spe|1
|move|p1a: Yveltal|Oblivion Wing|p2a: Marshadow
|-supereffective|p2a: Marshadow
|-damage|p2a: Marshadow|0 fnt
|-heal|p1a: Yveltal|70/100|[from] drain|[of] p2a: Marshadow
|faint|p2a: Marshadow
|-damage|p1a: Yveltal|60/100|[from] item: Life Orb
|
|upkeep
|
|t:|1641774075
|switch|p2a: Arceus|Arceus-Ground|80/100
|-damage|p2a: Arceus|73/100|[from] Stealth Rock
|turn|12
|
|t:|1641774079
|move|p2a: Arceus|Defog|p1a: Yveltal
|-unboost|p1a: Yveltal|evasion|1
|-sideend|p2: rowletroost|Stealth Rock|[from] move: Defog|[of] p2a: Arceus
|move|p1a: Yveltal|Oblivion Wing|p2a: Arceus
|-damage|p2a: Arceus|38/100
|-heal|p1a: Yveltal|90/100|[from] drain|[of] p2a: Arceus
|-damage|p1a: Yveltal|80/100|[from] item: Life Orb
|
|upkeep
|turn|13
|
|t:|1641774103
|switch|p1a: Necrozma|Necrozma-Dusk-Mane|100/100
|move|p2a: Arceus|Recover|p2a: Arceus
|-heal|p2a: Arceus|88/100
|
|upkeep
|turn|14
|
|t:|1641774110
|move|p2a: Arceus|Judgment|p1a: Necrozma
|-supereffective|p1a: Necrozma
|-damage|p1a: Necrozma|35/100
|-zpower|p1a: Necrozma
|move|p1a: Necrozma|Searing Sunraze Smash|p2a: Arceus|[zeffect]
|-damage|p2a: Arceus|28/100
|
|upkeep
|turn|15
|inactive|KyogreF4N has 120 seconds left.
|inactive|KyogreF4N has 90 seconds left.
|
|t:|1641774187
|switch|p1a: Yveltal|Yveltal|80/100
|-ability|p1a: Yveltal|Dark Aura
|move|p2a: Arceus|Recover|p2a: Arceus
|-heal|p2a: Arceus|78/100
|
|upkeep
|turn|16
|
|t:|1641774195
|move|p1a: Yveltal|Dark Pulse|p2a: Arceus
|-damage|p2a: Arceus|27/100
|-damage|p1a: Yveltal|70/100|[from] item: Life Orb
|move|p2a: Arceus|Recover|p2a: Arceus
|-heal|p2a: Arceus|77/100
|
|upkeep
|turn|17
|
|t:|1641774217
|switch|p2a: Kyogre|Kyogre, shiny|100/100
|detailschange|p2a: Kyogre|Kyogre-Primal, shiny
|-primal|p2a: Kyogre
|-weather|PrimordialSea|[from] ability: Primordial Sea|[of] p2a: Kyogre
|move|p1a: Yveltal|Dark Pulse|p2a: Kyogre
|-damage|p2a: Kyogre|61/100
|-damage|p1a: Yveltal|60/100|[from] item: Life Orb
|
|-weather|PrimordialSea|[upkeep]
|upkeep
|turn|18
|inactive|KyogreF4N has 60 seconds left.
|
|t:|1641774243
|switch|p1a: Necrozma|Necrozma-Dusk-Mane|35/100
|move|p2a: Kyogre|Ice Beam|p1a: Necrozma
|-resisted|p1a: Necrozma
|-damage|p1a: Necrozma|14/100
|
|-weather|PrimordialSea|[upkeep]
|upkeep
|turn|19
|
|t:|1641774247
|move|p1a: Necrozma|Photon Geyser|p2a: Kyogre
|-damage|p2a: Kyogre|0 fnt
|faint|p2a: Kyogre
|-weather|none
|
|upkeep
|
|t:|1641774262
|switch|p2a: Ribombee|Ribombee, M, shiny|100/100
|turn|20
|
|t:|1641774265
|move|p2a: Ribombee|Moonblast|p1a: Necrozma
|-resisted|p1a: Necrozma
|-damage|p1a: Necrozma|0 fnt
|faint|p1a: Necrozma
|
|upkeep
|
|t:|1641774272
|switch|p1a: Ditto|Ditto|100/100
|-transform|p1a: Ditto|p2a: Ribombee|[from] ability: Imposter
|turn|21
|
|t:|1641774277
|move|p1a: Ditto|Moonblast|p2a: Ribombee
|-damage|p2a: Ribombee|29/100
|move|p2a: Ribombee|Moonblast|p1a: Ditto
|-damage|p1a: Ditto|37/100
|-unboost|p1a: Ditto|spa|1
|
|upkeep
|turn|22
|
|t:|1641774282
|switch|p2a: Arceus|Arceus-Ground|77/100
|move|p1a: Ditto|Moonblast|p2a: Arceus
|-damage|p2a: Arceus|58/100
|-unboost|p2a: Arceus|spa|1
|
|upkeep
|turn|23
|
|t:|1641774290
|switch|p1a: Yveltal|Yveltal|60/100
|-ability|p1a: Yveltal|Dark Aura
|move|p2a: Arceus|Recover|p2a: Arceus
|-heal|p2a: Arceus|100/100
|
|upkeep
|turn|24
|
|t:|1641774299
|switch|p2a: Ribombee|Ribombee, M, shiny|29/100
|-start|p1a: Yveltal|Dynamax
|-heal|p1a: Yveltal|60/100|[silent]
|move|p1a: Yveltal|Max Airstream|p2a: Ribombee
|-supereffective|p2a: Ribombee
|-damage|p2a: Ribombee|0 fnt
|-boost|p1a: Yveltal|spe|1
|faint|p2a: Ribombee
|-damage|p1a: Yveltal|55/100|[from] item: Life Orb
|
|upkeep
|
|t:|1641774303
|switch|p2a: Xerneas|Xerneas, shiny|100/100
|-ability|p2a: Xerneas|Fairy Aura
|turn|25
|
|t:|1641774304
|-start|p2a: Xerneas|Dynamax
|-heal|p2a: Xerneas|100/100|[silent]
|move|p1a: Yveltal|Max Airstream|p2a: Xerneas
|-damage|p2a: Xerneas|59/100
|-boost|p1a: Yveltal|spe|1
|-damage|p1a: Yveltal|50/100|[from] item: Life Orb
|move|p2a: Xerneas|Max Starfall|p1a: Yveltal
|-supereffective|p1a: Yveltal
|-damage|p1a: Yveltal|0 fnt
|-fieldstart|move: Misty Terrain
|faint|p1a: Yveltal
|
|upkeep
|
|t:|1641774314
|switch|p1a: Ditto|Ditto|37/100
|-transform|p1a: Ditto|p2a: Xerneas|[from] ability: Imposter
|-ability|p1a: Ditto|Fairy Aura
|turn|26
|
|t:|1641774317
|move|p1a: Ditto|Moonblast|p2a: Xerneas
|-damage|p2a: Xerneas|24/100
|-unboost|p2a: Xerneas|spa|1
|move|p2a: Xerneas|Max Starfall|p1a: Ditto
|-crit|p1a: Ditto
|-damage|p1a: Ditto|0 fnt
|faint|p1a: Ditto
|
|upkeep
|
|t:|1641774322
|switch|p1a: Rayquaza|Rayquaza|100/100
|-ability|p1a: Rayquaza|Air Lock
|turn|27
|
|t:|1641774329
|detailschange|p1a: Rayquaza|Rayquaza-Mega
|-mega|p1a: Rayquaza|Rayquaza|
|-weather|DeltaStream|[from] ability: Delta Stream|[of] p1a: Rayquaza
|move|p1a: Rayquaza|Dragon Ascent|p2a: Xerneas
|-damage|p2a: Xerneas|0 fnt
|-unboost|p1a: Rayquaza|def|1
|-unboost|p1a: Rayquaza|spd|1
|faint|p2a: Xerneas
|-damage|p1a: Rayquaza|91/100|[from] item: Life Orb
|
|-weather|DeltaStream|[upkeep]
|upkeep
|
|t:|1641774333
|switch|p2a: Arceus|Arceus-Ground|100/100
|turn|28
|
|t:|1641774341
|-weather|none
|switch|p1a: Ditto|Ditto|100/100
|-transform|p1a: Ditto|p2a: Arceus|[from] ability: Imposter
|move|p2a: Arceus|Ice Beam|p1a: Ditto
|-supereffective|p1a: Ditto
|-damage|p1a: Ditto|56/100
|
|upkeep
|turn|29
|
|t:|1641774346
|move|p1a: Ditto|Ice Beam|p2a: Arceus
|-supereffective|p2a: Arceus
|-damage|p2a: Arceus|69/100
|move|p2a: Arceus|Recover|p2a: Arceus
|-heal|p2a: Arceus|100/100
|
|-fieldend|Misty Terrain
|upkeep
|turn|30
|
|t:|1641774350
|move|p1a: Ditto|Ice Beam|p2a: Arceus
|-supereffective|p2a: Arceus
|-damage|p2a: Arceus|69/100
|move|p2a: Arceus|Recover|p2a: Arceus
|-heal|p2a: Arceus|100/100
|
|upkeep
|turn|31
|
|t:|1641774355
|move|p1a: Ditto|Ice Beam|p2a: Arceus
|-supereffective|p2a: Arceus
|-damage|p2a: Arceus|69/100
|move|p2a: Arceus|Ice Beam|p1a: Ditto
|-supereffective|p1a: Ditto
|-damage|p1a: Ditto|10/100
|
|upkeep
|turn|32
|
|t:|1641774358
|move|p1a: Ditto|Ice Beam|p2a: Arceus
|-supereffective|p2a: Arceus
|-damage|p2a: Arceus|39/100
|move|p2a: Arceus|Recover|p2a: Arceus
|-heal|p2a: Arceus|89/100
|
|upkeep
|turn|33
|
|t:|1641774361
|move|p1a: Ditto|Ice Beam|p2a: Arceus
|-supereffective|p2a: Arceus
|-damage|p2a: Arceus|55/100
|move|p2a: Arceus|Recover|p2a: Arceus
|-heal|p2a: Arceus|100/100
|
|upkeep
|turn|34
|
|t:|1641774364
|-activate|p1a: Ditto|move: Struggle
|move|p1a: Ditto|Struggle|p2a: Arceus
|-damage|p2a: Arceus|95/100
|-damage|p1a: Ditto|0 fnt|[from] recoil
|faint|p1a: Ditto
|move|p2a: Arceus|Ice Beam|p1: Ditto|[notarget]
|-fail|p2a: Arceus
|
|upkeep
|
|t:|1641774367
|switch|p1a: Rayquaza|Rayquaza-Mega|91/100
|-weather|DeltaStream|[from] ability: Delta Stream|[of] p1a: Rayquaza
|turn|35
|
|t:|1641774369
|move|p1a: Rayquaza|Dragon Dance|p1a: Rayquaza
|-boost|p1a: Rayquaza|atk|1
|-boost|p1a: Rayquaza|spe|1
|move|p2a: Arceus|Ice Beam|p1a: Rayquaza
|-activate||deltastream
|-supereffective|p1a: Rayquaza
|-crit|p1a: Rayquaza
|-damage|p1a: Rayquaza|22/100
|
|-weather|DeltaStream|[upkeep]
|upkeep
|turn|36
|
|t:|1641774370
|move|p1a: Rayquaza|Dragon Ascent|p2a: Arceus
|-damage|p2a: Arceus|12/100
|-unboost|p1a: Rayquaza|def|1
|-unboost|p1a: Rayquaza|spd|1
|-damage|p1a: Rayquaza|12/100|[from] item: Life Orb
|move|p2a: Arceus|Ice Beam|p1a: Rayquaza
|-activate||deltastream
|-supereffective|p1a: Rayquaza
|-crit|p1a: Rayquaza
|-damage|p1a: Rayquaza|0 fnt
|faint|p1a: Rayquaza
|-weather|none
|
|win|rowletroost
|raw|KyogreF4N's rating: 1695 &rarr; <strong>1669</strong><br />(-26 for losing)
|raw|rowletroost's rating: 1588 &rarr; <strong>1614</strong><br />(+26 for winning)
