|j|☆Sinnoh Athens 420
|j|☆09-10a
|t:|1650968591
|gametype|singles
|player|p1|Sinnoh Athens 420|1|1600
|player|p2|09-10a|schoolkid-gen4dp|1857
|teamsize|p1|6
|teamsize|p2|6
|gen|8
|tier|[Gen 8] National Dex AG
|rated|
|rule|HP Percentage Mod: HP is shown in percentages
|rule|Endless Battle Clause: Forcing endless battles is banned
|clearpoke
|poke|p1|Zapdos|
|poke|p1|Tyranitar, M|
|poke|p1|Giratina-Origin|
|poke|p1|Greninja, M|
|poke|p1|Metagross|
|poke|p1|Clefable, F|
|poke|p2|Necrozma-Dusk-Mane|
|poke|p2|Zygarde|
|poke|p2|Calyrex-Shadow|
|poke|p2|Marshadow|
|poke|p2|Xerneas-*|
|poke|p2|Skarmory, F|
|teampreview
|inactive|Battle timer is ON: inactive players will automatically lose when time's up. (requested by 09-10a)
|inactive|09-10a has 120 seconds left.
|inactive|09-10a has 90 seconds left.
|
|t:|1650968652
|start
|switch|p1a: Zapdos|Zapdos|100/100
|switch|p2a: Skarmory|Skarmory, F|100/100
|turn|1
|
|t:|1650968657
|move|p2a: Skarmory|Rock Tomb|p1a: Zapdos|[miss]
|-miss|p2a: Skarmory|p1a: Zapdos
|move|p1a: Zapdos|Heat Wave|p2a: Skarmory
|-supereffective|p2a: Skarmory
|-ability|p2a: Skarmory|Sturdy
|-damage|p2a: Skarmory|1/100
|
|upkeep
|turn|2
|
|t:|1650968667
|move|p2a: Skarmory|Spikes|p1a: Zapdos
|-sidestart|p1: Sinnoh Athens 420|Spikes
|move|p1a: Zapdos|Volt Switch|p2a: Skarmory
|-supereffective|p2a: Skarmory
|-damage|p2a: Skarmory|0 fnt
|faint|p2a: Skarmory
|
|t:|1650968672
|switch|p1a: Giratina|Giratina-Origin|100/100|[from]move: Volt Switch
|
|upkeep
|
|t:|1650968675
|switch|p2a: Calyrex|Calyrex-Shadow|100/100
|-ability|p2a: Calyrex|As One
|-ability|p2a: Calyrex|Unnerve
|turn|3
|
|t:|1650968681
|switch|p1a: Tyranitar|Tyranitar, M|100/100
|-damage|p1a: Tyranitar|88/100|[from] Spikes
|-weather|Sandstorm|[from] ability: Sand Stream|[of] p1a: Tyranitar
|move|p2a: Calyrex|Astral Barrage|p1a: Tyranitar
|-resisted|p1a: Tyranitar
|-damage|p1a: Tyranitar|74/100
|
|-weather|Sandstorm|[upkeep]
|-damage|p2a: Calyrex|94/100|[from] Sandstorm
|upkeep
|turn|4
|inactive|09-10a has 120 seconds left.
|
|t:|1650968725
|move|p2a: Calyrex|Baton Pass|p2a: Calyrex
|
|t:|1650968730
|switch|p2a: Zygarde|Zygarde|100/100|[from]move: Baton Pass
|move|p1a: Tyranitar|Stone Edge|p2a: Zygarde
|-resisted|p2a: Zygarde
|-damage|p2a: Zygarde|77/100
|
|-weather|Sandstorm|[upkeep]
|upkeep
|turn|5
|
|t:|1650968736
|move|p2a: Zygarde|Dragon Dance|p2a: Zygarde
|-boost|p2a: Zygarde|atk|1
|-boost|p2a: Zygarde|spe|1
|move|p1a: Tyranitar|Crunch|p2a: Zygarde
|-damage|p2a: Zygarde|42/100
|
|-weather|Sandstorm|[upkeep]
|-activate|p2a: Zygarde|ability: Power Construct
|detailschange|p2a: Zygarde|Zygarde-Complete
|-heal|p2a: Zygarde|64/100|[silent]
|upkeep
|turn|6
|inactive|09-10a has 120 seconds left.
|
|t:|1650968779
|move|p2a: Zygarde|Earthquake|p1a: Tyranitar
|-supereffective|p1a: Tyranitar
|-damage|p1a: Tyranitar|0 fnt
|faint|p1a: Tyranitar
|-damage|p2a: Zygarde|54/100|[from] item: Life Orb
|
|-weather|Sandstorm|[upkeep]
|upkeep
|
|t:|1650968785
|switch|p1a: Clefable|Clefable, F|100/100
|-damage|p1a: Clefable|88/100|[from] Spikes
|turn|7
|
|t:|1650968788
|-start|p2a: Zygarde|Dynamax|
|-heal|p2a: Zygarde|54/100|[silent]
|move|p2a: Zygarde|Max Quake|p1a: Clefable
|-damage|p1a: Clefable|30/100
|-boost|p2a: Zygarde|spd|1
|-damage|p2a: Zygarde|49/100|[from] item: Life Orb
|move|p1a: Clefable|Cosmic Power|p1a: Clefable
|-boost|p1a: Clefable|def|1
|-boost|p1a: Clefable|spd|1
|
|-weather|none
|-heal|p1a: Clefable|36/100|[from] item: Leftovers
|upkeep
|turn|8
|
|t:|1650968792
|move|p2a: Zygarde|Max Quake|p1a: Clefable
|-crit|p1a: Clefable
|-damage|p1a: Clefable|0 fnt
|-boost|p2a: Zygarde|spd|1
|faint|p1a: Clefable
|-damage|p2a: Zygarde|44/100|[from] item: Life Orb
|
|upkeep
|c|☆Sinnoh Athens 420|crit ofc
|
|t:|1650968804
|switch|p1a: Giratina|Giratina-Origin|100/100
|turn|9
|
|t:|1650968810
|-start|p1a: Giratina|Dynamax|
|-heal|p1a: Giratina|100/100|[silent]
|move|p2a: Zygarde|Max Wyrmwind|p1a: Giratina
|-supereffective|p1a: Giratina
|-crit|p1a: Giratina
|-damage|p1a: Giratina|0 fnt
|faint|p1a: Giratina
|-damage|p2a: Zygarde|39/100|[from] item: Life Orb
|
|-end|p2a: Zygarde|Dynamax
|-heal|p2a: Zygarde|40/100|[silent]
|upkeep
|c|☆Sinnoh Athens 420|ofc 2nd crit
|c|☆Sinnoh Athens 420|only hackers in ladder
|c|☆09-10a|;-;
|
|t:|1650968826
|switch|p1a: Zapdos|Zapdos|100/100
|turn|10
|
|t:|1650968846
|move|p2a: Zygarde|Stone Edge|p1a: Zapdos
|-supereffective|p1a: Zapdos
|-damage|p1a: Zapdos|19/100
|-damage|p2a: Zygarde|30/100|[from] item: Life Orb
|move|p1a: Zapdos|Heat Wave|p2a: Zygarde|[miss]
|-miss|p1a: Zapdos|p2a: Zygarde
|
|upkeep
|turn|11
|c|☆Sinnoh Athens 420|ofc miss
|c|☆Sinnoh Athens 420|wish u deep cancer to all ur family and ancestors
|
|t:|1650968863
|move|p2a: Zygarde|Stone Edge|p1a: Zapdos
|-supereffective|p1a: Zapdos
|-damage|p1a: Zapdos|0 fnt
|faint|p1a: Zapdos
|-damage|p2a: Zygarde|20/100|[from] item: Life Orb
|
|upkeep
|
|t:|1650968867
|switch|p1a: Metagross|Metagross, shiny|100/100
|-damage|p1a: Metagross|88/100|[from] Spikes
|turn|12
|
|t:|1650968895
|detailschange|p1a: Metagross|Metagross-Mega, shiny
|-mega|p1a: Metagross|Metagross|Metagrossite
|move|p1a: Metagross|Bullet Punch|p2a: Zygarde
|-damage|p2a: Zygarde|6/100
|move|p2a: Zygarde|Earthquake|p1a: Metagross
|-supereffective|p1a: Metagross
|-damage|p1a: Metagross|0 fnt
|faint|p1a: Metagross
|-damage|p2a: Zygarde|0 fnt|[from] item: Life Orb
|faint|p2a: Zygarde
|
|upkeep
|j| Astral-Alpha ✘
|c|☆Sinnoh Athens 420|ofc low roll
|c|☆Sinnoh Athens 420|ofc
|
|t:|1650968905
|switch|p1a: Greninja|Greninja, M|100/100
|switch|p2a: Xerneas|Xerneas|100/100
|-damage|p1a: Greninja|88/100|[from] Spikes
|-ability|p2a: Xerneas|Fairy Aura
|turn|13
|c|☆Sinnoh Athens 420|death to ur family call admins
|
|t:|1650968912
|move|p1a: Greninja|Hydro Pump|p2a: Xerneas
|-damage|p2a: Xerneas|47/100
|move|p2a: Xerneas|Moonblast|p1a: Greninja
|-supereffective|p1a: Greninja
|-damage|p1a: Greninja|0 fnt
|faint|p1a: Greninja
|
|win|09-10a
|raw|Sinnoh Athens 420's rating: 1600 &rarr; <strong>1593</strong><br />(-7 for losing)
|raw|09-10a's rating: 1857 &rarr; <strong>1864</strong><br />(+7 for winning)
|c|☆Sinnoh Athens 420|hacker trash
|c| Astral-Alpha ✘|h 09
|c|☆Sinnoh Athens 420|fak ur mother
|c|☆09-10a|hi
|c|☆09-10a|;-;
|c| Astral-Alpha ✘|lol
|c|☆09-10a|I wish good health to your family
|c| Astral-Alpha ✘|salty players being beaten makes my day
|c|☆09-10a|and I hope no one in your bloodline dies of cancer
|c|☆Sinnoh Athens 420|look at his hacking
|c|☆Sinnoh Athens 420|and speak later
|c|☆Sinnoh Athens 420|miss, 2 crits in a row
|c|☆Sinnoh Athens 420|etc
|c| Astral-Alpha ✘|look at the fact this is an online game
|c| Astral-Alpha ✘|website to be exact
|c| Astral-Alpha ✘|how the heck do u hack in 1?
|c|☆Sinnoh Athens 420|hacking is possible
|c| Astral-Alpha ✘|ok show me 1 case of it in this game
|c|☆Sinnoh Athens 420|review this game its enough
|c|☆Sinnoh Athens 420|to be convinced
|c| Astral-Alpha ✘|i did at the start
|c| Astral-Alpha ✘|and it seems to me
|c| Astral-Alpha ✘|skill issu
|c|☆Sinnoh Athens 420|1300 is ur peak elo and you consider yourself knowledgable of skills?
|c|☆Sinnoh Athens 420|maybe ur mother left you very early in your life
|c| Astral-Alpha ✘|shes littrally beside me lmao
|c| Astral-Alpha ✘|umm heard of alt accounts?
|c| Astral-Alpha ✘|well imma watch 09 bye
|l| Astral-Alpha ✘
|l|☆Sinnoh Athens 420
