|j|☆Matsui_Miyako
|j|☆yibaner182
|t:|1660574324
|gametype|singles
|player|p1|Matsui_Miyako|silver|1561
|player|p2|yibaner182|169|1472
|teamsize|p1|6
|teamsize|p2|6
|gen|8
|tier|[Gen 8] National Dex AG
|rated|
|rule|HP Percentage Mod: HP is shown in percentages
|rule|Endless Battle Clause: Forcing endless battles is banned
|clearpoke
|poke|p1|Pineco, L1, F|
|poke|p1|Victini|
|poke|p1|Victini|
|poke|p1|Pineco, L1, M|
|poke|p1|Ditto|
|poke|p1|Marshadow|
|poke|p2|Calyrex-Shadow|
|poke|p2|Kyogre|
|poke|p2|Ditto|
|poke|p2|Quagsire, M|
|poke|p2|Tyranitar, M|
|poke|p2|Kartana|
|teampreview
|inactive|Battle timer is ON: inactive players will automatically lose when time's up. (requested by Matsui_Miyako)
|
|t:|1660574354
|start
|switch|p1a: Victini|Victini|100/100
|switch|p2a: Tyranitar|Tyranitar, M|100/100
|-weather|Sandstorm|[from] ability: Sand Stream|[of] p2a: Tyranitar
|turn|1
|
|t:|1660574364
|move|p1a: Victini|Final Gambit|p2a: Tyranitar
|-damage|p2a: Tyranitar|0 fnt
|faint|p1a: Victini
|faint|p2a: Tyranitar
|
|-weather|Sandstorm|[upkeep]
|upkeep
|
|t:|1660574386
|switch|p1a: Victini|Victini|100/100
|switch|p2a: Calyrex|Calyrex-Shadow|100/100
|-ability|p2a: Calyrex|As One
|-ability|p2a: Calyrex|Unnerve
|turn|2
|
|t:|1660574398
|move|p1a: Victini|V-create|p2a: Calyrex
|-damage|p2a: Calyrex|32/100
|-unboost|p1a: Victini|spe|1
|-unboost|p1a: Victini|def|1
|-unboost|p1a: Victini|spd|1
|move|p2a: Calyrex|Astral Barrage|p1a: Victini
|-supereffective|p1a: Victini
|-damage|p1a: Victini|0 fnt
|faint|p1a: Victini
|-ability|p2a: Calyrex|Grim Neigh|boost
|-boost|p2a: Calyrex|spa|1
|
|-weather|Sandstorm|[upkeep]
|-damage|p2a: Calyrex|26/100|[from] Sandstorm
|upkeep
|
|t:|1660574410
|switch|p1a: Ditto|Ditto|100/100
|-transform|p1a: Ditto|p2a: Calyrex|[from] ability: Imposter
|turn|3
|
|t:|1660574422
|move|p1a: Ditto|Astral Barrage|p2a: Calyrex
|-supereffective|p2a: Calyrex
|-damage|p2a: Calyrex|0 fnt
|faint|p2a: Calyrex
|-ability|p1a: Ditto|Grim Neigh|boost
|-boost|p1a: Ditto|spa|1
|
|-weather|Sandstorm|[upkeep]
|-damage|p1a: Ditto|94/100|[from] Sandstorm
|upkeep
|
|t:|1660574432
|switch|p2a: Ditto|Ditto|100/100
|turn|4
|
|t:|1660574440
|move|p1a: Ditto|Astral Barrage|p2a: Ditto
|-immune|p2a: Ditto
|move|p2a: Ditto|Transform||[still]
|-fail|p2a: Ditto
|
|-weather|Sandstorm|[upkeep]
|-damage|p1a: Ditto|88/100|[from] Sandstorm
|-damage|p2a: Ditto|94/100|[from] Sandstorm
|upkeep
|turn|5
|
|t:|1660574453
|-start|p1a: Ditto|Dynamax|
|-heal|p1a: Ditto|88/100|[silent]
|move|p1a: Ditto|Max Mindstorm|p2a: Ditto
|-damage|p2a: Ditto|0 fnt
|-fieldstart|move: Psychic Terrain
|faint|p2a: Ditto
|-ability|p1a: Ditto|Grim Neigh|boost
|-boost|p1a: Ditto|spa|1
|
|-weather|none
|upkeep
|
|t:|1660574464
|switch|p2a: Kyogre|Kyogre|100/100
|-weather|RainDance|[from] ability: Drizzle|[of] p2a: Kyogre
|turn|6
|
|t:|1660574473
|move|p1a: Ditto|Max Phantasm|p2a: Kyogre
|-damage|p2a: Kyogre|0 fnt
|faint|p2a: Kyogre
|-ability|p1a: Ditto|Grim Neigh|boost
|-boost|p1a: Ditto|spa|1
|
|-weather|RainDance|[upkeep]
|upkeep
|-message|yibaner182 forfeited.
|
|win|Matsui_Miyako
|raw|Matsui_Miyako's rating: 1561 &rarr; <strong>1576</strong><br />(+15 for winning)
|raw|yibaner182's rating: 1472 &rarr; <strong>1457</strong><br />(-15 for losing)
|l|☆yibaner182
