|j|☆CLEAR GEM清瑜
|j|☆rajof
|t:|1662995536
|gametype|singles
|player|p1|CLEAR GEM清瑜|skierf|1858
|player|p2|rajof|youngster-gen4dp|1820
|teamsize|p1|6
|teamsize|p2|6
|gen|8
|tier|[Gen 8] National Dex AG
|rated|
|rule|HP Percentage Mod: HP is shown in percentages
|rule|Endless Battle Clause: Forcing endless battles is banned
|clearpoke
|poke|p1|Rayquaza|
|poke|p1|Groudon|
|poke|p1|Necrozma-Dusk-Mane|
|poke|p1|Arceus-*|
|poke|p1|Zacian-*|
|poke|p1|Yveltal|
|poke|p2|Groudon|
|poke|p2|Zygarde|
|poke|p2|Necrozma-Dusk-Mane|
|poke|p2|Chansey, F|
|poke|p2|Yveltal|
|poke|p2|Rayquaza|
|teampreview
|inactive|Battle timer is ON: inactive players will automatically lose when time's up. (requested by CLEAR GEM清瑜)
|
|t:|1662995543
|start
|switch|p1a: Y鸟|Yveltal|100/100
|switch|p2a: 레쿠쟈|Rayquaza|100/100
|-ability|p2a: 레쿠쟈|Air Lock
|-ability|p1a: Y鸟|Dark Aura
|turn|1
|
|t:|1662995548
|switch|p2a: 럭키|Chansey, F|100/100
|move|p1a: Y鸟|Dark Pulse|p2a: 럭키
|-damage|p2a: 럭키|75/100
|-damage|p1a: Y鸟|91/100|[from] item: Life Orb
|
|upkeep
|turn|2
|
|t:|1662995558
|move|p1a: Y鸟|Taunt|p2a: 럭키
|-start|p2a: 럭키|move: Taunt
|cant|p2a: 럭키|move: Taunt|Wish
|
|upkeep
|turn|3
|
|t:|1662995563
|switch|p1a: 不会(?)|Groudon|100/100
|detailschange|p1a: 不会(?)|Groudon-Primal
|-primal|p1a: 不会(?)
|-weather|DesolateLand|[from] ability: Desolate Land|[of] p1a: 不会(?)
|move|p2a: 럭키|Seismic Toss|p1a: 不会(?)
|-damage|p1a: 不会(?)|76/100
|
|-weather|DesolateLand|[upkeep]
|upkeep
|turn|4
|
|t:|1662995566
|switch|p2a: 지가르데|Zygarde|100/100
|move|p1a: 不会(?)|Stealth Rock|p2a: 지가르데
|-sidestart|p2: rajof|move: Stealth Rock
|
|-weather|DesolateLand|[upkeep]
|upkeep
|turn|5
|
|t:|1662995568
|move|p2a: 지가르데|Substitute|p2a: 지가르데
|-start|p2a: 지가르데|Substitute
|-damage|p2a: 지가르데|75/100
|move|p1a: 不会(?)|Roar|p2a: 지가르데
|drag|p2a: 이벨타르|Yveltal|100/100
|-damage|p2a: 이벨타르|76/100|[from] Stealth Rock
|-ability|p2a: 이벨타르|Dark Aura
|
|-weather|DesolateLand|[upkeep]
|upkeep
|turn|6
|
|t:|1662995571
|move|p2a: 이벨타르|Taunt|p1a: 不会(?)
|-start|p1a: 不会(?)|move: Taunt
|move|p1a: 不会(?)|Heat Crash|p2a: 이벨타르
|-damage|p2a: 이벨타르|0 fnt
|faint|p2a: 이벨타르
|
|-weather|DesolateLand|[upkeep]
|upkeep
|
|t:|1662995577
|switch|p2a: 지가르데|Zygarde|75/100
|-damage|p2a: 지가르데|69/100|[from] Stealth Rock
|turn|7
|
|t:|1662995580
|move|p2a: 지가르데|Substitute|p2a: 지가르데
|-start|p2a: 지가르데|Substitute
|-damage|p2a: 지가르데|44/100
|move|p1a: 不会(?)|Precipice Blades|p2a: 지가르데
|-end|p2a: 지가르데|Substitute
|
|-weather|DesolateLand|[upkeep]
|-heal|p2a: 지가르데|50/100|[from] item: Leftovers
|-activate|p2a: 지가르데|ability: Power Construct
|detailschange|p2a: 지가르데|Zygarde-Complete
|-heal|p2a: 지가르데|67/100|[silent]
|upkeep
|turn|8
|j| Shockwave79
|
|t:|1662995586
|move|p2a: 지가르데|Substitute|p2a: 지가르데
|-start|p2a: 지가르데|Substitute
|-damage|p2a: 지가르데|42/100
|move|p1a: 不会(?)|Precipice Blades|p2a: 지가르데
|-end|p2a: 지가르데|Substitute
|
|-weather|DesolateLand|[upkeep]
|-heal|p2a: 지가르데|49/100|[from] item: Leftovers
|-end|p1a: 不会(?)|move: Taunt
|upkeep
|turn|9
|j| Mega B-Bap
|
|t:|1662995592
|move|p2a: 지가르데|Glare|p1a: 不会(?)
|-status|p1a: 不会(?)|par
|cant|p1a: 不会(?)|par
|
|-weather|DesolateLand|[upkeep]
|-heal|p2a: 지가르데|55/100|[from] item: Leftovers
|upkeep
|turn|10
|
|t:|1662995599
|move|p2a: 지가르데|Thousand Arrows|p1a: 不会(?)
|-supereffective|p1a: 不会(?)
|-damage|p1a: 不会(?)|40/100 par
|move|p1a: 不会(?)|Precipice Blades|p2a: 지가르데
|-damage|p2a: 지가르데|18/100
|
|-weather|DesolateLand|[upkeep]
|-heal|p2a: 지가르데|24/100|[from] item: Leftovers
|upkeep
|turn|11
|
|t:|1662995605
|move|p2a: 지가르데|Thousand Arrows|p1a: 不会(?)
|-supereffective|p1a: 不会(?)
|-damage|p1a: 不会(?)|5/100 par
|move|p1a: 不会(?)|Roar|p2a: 지가르데
|drag|p2a: 네크로즈마|Necrozma-Dusk-Mane|100/100
|-damage|p2a: 네크로즈마|94/100|[from] Stealth Rock
|
|-weather|DesolateLand|[upkeep]
|upkeep
|turn|12
|
|t:|1662995611
|move|p2a: 네크로즈마|Stealth Rock|p1a: 不会(?)
|-sidestart|p1: CLEAR GEM清瑜|move: Stealth Rock
|move|p1a: 不会(?)|Precipice Blades|p2a: 네크로즈마
|-supereffective|p2a: 네크로즈마
|-damage|p2a: 네크로즈마|26/100
|
|-weather|DesolateLand|[upkeep]
|upkeep
|turn|13
|
|t:|1662995617
|move|p2a: 네크로즈마|Sunsteel Strike|p1a: 不会(?)
|-resisted|p1a: 不会(?)
|-damage|p1a: 不会(?)|0 fnt
|faint|p1a: 不会(?)
|-weather|none
|
|upkeep
|
|t:|1662995627
|switch|p1a: 老烈|Rayquaza|100/100
|-damage|p1a: 老烈|76/100|[from] Stealth Rock
|-ability|p1a: 老烈|Air Lock
|turn|14
|l| Mega B-Bap
|
|t:|1662995635
|detailschange|p1a: 老烈|Rayquaza-Mega
|-mega|p1a: 老烈|Rayquaza|
|-weather|DeltaStream|[from] ability: Delta Stream|[of] p1a: 老烈
|move|p1a: 老烈|Dragon Dance|p1a: 老烈
|-boost|p1a: 老烈|atk|1
|-boost|p1a: 老烈|spe|1
|move|p2a: 네크로즈마|Toxic|p1a: 老烈
|-status|p1a: 老烈|tox
|
|-weather|DeltaStream|[upkeep]
|-damage|p1a: 老烈|69/100 tox|[from] psn
|upkeep
|turn|15
|
|t:|1662995648
|move|p1a: 老烈|Earthquake|p2a: 네크로즈마
|-supereffective|p2a: 네크로즈마
|-damage|p2a: 네크로즈마|0 fnt
|faint|p2a: 네크로즈마
|
|-weather|DeltaStream|[upkeep]
|-damage|p1a: 老烈|57/100 tox|[from] psn
|upkeep
|
|t:|1662995655
|switch|p2a: 지가르데|Zygarde-Complete|24/100
|-damage|p2a: 지가르데|18/100|[from] Stealth Rock
|turn|16
|
|t:|1662995663
|move|p1a: 老烈|Dragon Ascent|p2a: 지가르데
|-damage|p2a: 지가르데|0 fnt
|-unboost|p1a: 老烈|def|1
|-unboost|p1a: 老烈|spd|1
|faint|p2a: 지가르데
|
|-weather|DeltaStream|[upkeep]
|-damage|p1a: 老烈|39/100 tox|[from] psn
|upkeep
|
|t:|1662995666
|switch|p2a: 레쿠쟈|Rayquaza|100/100
|-damage|p2a: 레쿠쟈|75/100|[from] Stealth Rock
|-ability|p2a: 레쿠쟈|Air Lock
|turn|17
|
|t:|1662995670
|detailschange|p2a: 레쿠쟈|Rayquaza-Mega
|-mega|p2a: 레쿠쟈|Rayquaza|
|move|p1a: 老烈|Extreme Speed|p2a: 레쿠쟈
|-damage|p2a: 레쿠쟈|20/100
|move|p2a: 레쿠쟈|Dragon Dance|p2a: 레쿠쟈
|-boost|p2a: 레쿠쟈|atk|1
|-boost|p2a: 레쿠쟈|spe|1
|
|-weather|DeltaStream|[upkeep]
|-damage|p1a: 老烈|14/100 tox|[from] psn
|upkeep
|turn|18
|
|t:|1662995675
|move|p2a: 레쿠쟈|Extreme Speed|p1a: 老烈
|-damage|p1a: 老烈|0 fnt
|faint|p1a: 老烈
|
|-weather|DeltaStream|[upkeep]
|upkeep
|
|t:|1662995679
|switch|p1a: 嘉然小姐的狗|Zacian-Crowned|100/100
|-damage|p1a: 嘉然小姐的狗|94/100|[from] Stealth Rock
|-ability|p1a: 嘉然小姐的狗|Intrepid Sword|boost
|-boost|p1a: 嘉然小姐的狗|atk|1
|turn|19
|
|t:|1662995681
|move|p1a: 嘉然小姐的狗|Quick Attack|p2a: 레쿠쟈
|-damage|p2a: 레쿠쟈|0 fnt
|faint|p2a: 레쿠쟈
|-weather|none
|
|upkeep
|
|t:|1662995684
|switch|p2a: 그란돈|Groudon|100/100
|-damage|p2a: 그란돈|94/100|[from] Stealth Rock
|detailschange|p2a: 그란돈|Groudon-Primal
|-primal|p2a: 그란돈
|-weather|DesolateLand|[from] ability: Desolate Land|[of] p2a: 그란돈
|turn|20
|
|t:|1662995687
|switch|p1a: Y鸟|Yveltal|91/100
|-damage|p1a: Y鸟|66/100|[from] Stealth Rock
|-ability|p1a: Y鸟|Dark Aura
|move|p2a: 그란돈|Precipice Blades|p1a: Y鸟
|-immune|p1a: Y鸟
|
|-weather|DesolateLand|[upkeep]
|upkeep
|turn|21
|-message|rajof forfeited.
|
|win|CLEAR GEM清瑜
|raw|CLEAR GEM清瑜's rating: 1858 &rarr; <strong>1875</strong><br />(+17 for winning)
|raw|rajof's rating: 1808 &rarr; <strong>1791</strong><br />(-17 for losing)
|l|☆rajof
|l| Shockwave79
||Ladder isn't responding, score probably updated but might not have (Request timeout).
