|j|☆cumandr
|j|☆Emorawr79
|t:|1640894213
|gametype|singles
|player|p1|cumandr|102|1589
|player|p2|Emorawr79|170|1575
|teamsize|p1|6
|teamsize|p2|6
|gen|8
|tier|[Gen 8] National Dex AG
|rated|
|rule|HP Percentage Mod: HP is shown in percentages
|rule|Endless Battle Clause: Forcing endless battles is banned
|clearpoke
|poke|p1|Ditto|
|poke|p1|Deoxys-Speed|
|poke|p1|Zacian-*|
|poke|p1|Rayquaza|
|poke|p1|Zygarde|
|poke|p1|Marshadow|
|poke|p2|Calyrex-Shadow|
|poke|p2|Zacian-*|
|poke|p2|Smeargle, F|
|poke|p2|Zygarde|
|poke|p2|Xerneas-*|
|poke|p2|Arceus-*|
|teampreview
|inactive|Battle timer is ON: inactive players will automatically lose when time's up. (requested by cumandr)
|
|t:|1640894231
|start
|switch|p1a: Deoxys|Deoxys-Speed|100/100
|switch|p2a: Smeargle|Smeargle, F|100/100
|-ability|p1a: Deoxys|Pressure
|turn|1
|
|t:|1640894238
|switch|p2a: Calyrex|Calyrex-Shadow|100/100
|-ability|p2a: Calyrex|As One
|-ability|p2a: Calyrex|Unnerve
|move|p1a: Deoxys|Taunt|p2a: Calyrex
|-start|p2a: Calyrex|move: Taunt
|
|upkeep
|turn|2
|
|t:|1640894247
|move|p1a: Deoxys|Stealth Rock|p2a: Calyrex
|-sidestart|p2: Emorawr79|move: Stealth Rock
|move|p2a: Calyrex|Astral Barrage|p1a: Deoxys
|-supereffective|p1a: Deoxys
|-enditem|p1a: Deoxys|Focus Sash
|-damage|p1a: Deoxys|1/100
|
|upkeep
|turn|3
|
|t:|1640894261
|switch|p1a: Zygarde|Zygarde|100/100
|move|p2a: Calyrex|Astral Barrage|p1a: Zygarde
|-damage|p1a: Zygarde|42/100
|
|-heal|p1a: Zygarde|48/100|[from] item: Leftovers
|-end|p2a: Calyrex|move: Taunt
|-activate|p1a: Zygarde|ability: Power Construct
|detailschange|p1a: Zygarde|Zygarde-Complete
|-heal|p1a: Zygarde|66/100|[silent]
|upkeep
|turn|4
|
|t:|1640894274
|-start|p2a: Calyrex|Dynamax
|-heal|p2a: Calyrex|100/100|[silent]
|move|p2a: Calyrex|Max Starfall|p1a: Zygarde
|-supereffective|p1a: Zygarde
|-damage|p1a: Zygarde|15/100
|-fieldstart|move: Misty Terrain
|move|p1a: Zygarde|Dragon Tail|p2a: Calyrex
|-damage|p2a: Calyrex|94/100
|-block|p2a: Calyrex|Dynamax
|
|-heal|p1a: Zygarde|21/100|[from] item: Leftovers
|upkeep
|turn|5
|
|t:|1640894286
|move|p2a: Calyrex|Max Overgrowth|p1a: Zygarde
|-damage|p1a: Zygarde|0 fnt
|-fieldstart|move: Grassy Terrain
|faint|p1a: Zygarde
|-ability|p2a: Calyrex|Grim Neigh|boost
|-boost|p2a: Calyrex|spa|1
|
|-heal|p2a: Calyrex|97/100|[from] Grassy Terrain
|upkeep
|
|t:|1640894294
|switch|p1a: Ditto|Ditto|100/100
|-transform|p1a: Ditto|p2a: Calyrex|[from] ability: Imposter
|turn|6
|
|t:|1640894309
|-start|p1a: Ditto|Dynamax
|-heal|p1a: Ditto|100/100|[silent]
|move|p2a: Calyrex|Max Guard|p2a: Calyrex
|-singleturn|p2a: Calyrex|Max Guard
|move|p1a: Ditto|Max Phantasm|p2a: Calyrex
|-activate|p2a: Calyrex|move: Max Guard
|
|-heal|p2a: Calyrex|99/100|[from] Grassy Terrain
|-end|p2a: Calyrex|Dynamax
|-heal|p2a: Calyrex|100/100|[silent]
|upkeep
|turn|7
|
|t:|1640894321
|move|p1a: Ditto|Max Phantasm|p2a: Calyrex
|-supereffective|p2a: Calyrex
|-enditem|p2a: Calyrex|Focus Sash
|-damage|p2a: Calyrex|1/100
|-unboost|p2a: Calyrex|def|1
|move|p2a: Calyrex|Astral Barrage|p1a: Ditto
|-supereffective|p1a: Ditto
|-damage|p1a: Ditto|0 fnt
|faint|p1a: Ditto
|-ability|p2a: Calyrex|Grim Neigh|boost
|-boost|p2a: Calyrex|spa|1
|
|-heal|p2a: Calyrex|7/100|[from] Grassy Terrain
|upkeep
|
|t:|1640894334
|switch|p1a: Marshadow|Marshadow|100/100
|turn|8
|
|t:|1640894344
|move|p1a: Marshadow|Shadow Sneak|p2a: Calyrex
|-supereffective|p2a: Calyrex
|-damage|p2a: Calyrex|0 fnt
|faint|p2a: Calyrex
|
|upkeep
|
|t:|1640894364
|switch|p2a: Zacian|Zacian-Crowned|100/100
|-damage|p2a: Zacian|94/100|[from] Stealth Rock
|-ability|p2a: Zacian|Intrepid Sword|boost
|-boost|p2a: Zacian|atk|1
|turn|9
|
|t:|1640894369
|move|p2a: Zacian|Behemoth Blade|p1a: Marshadow
|-damage|p1a: Marshadow|0 fnt
|faint|p1a: Marshadow
|
|-heal|p2a: Zacian|100/100|[from] Grassy Terrain
|-fieldend|move: Grassy Terrain
|upkeep
|
|t:|1640894391
|switch|p1a: Deoxys|Deoxys-Speed|1/100
|-ability|p1a: Deoxys|Pressure
|turn|10
|
|t:|1640894398
|switch|p2a: Smeargle|Smeargle, F|100/100
|-damage|p2a: Smeargle|88/100|[from] Stealth Rock
|move|p1a: Deoxys|Thunder Wave|p2a: Smeargle
|-status|p2a: Smeargle|par
|
|-ability|p2a: Smeargle|Moody|boost
|-boost|p2a: Smeargle|spd|2
|-unboost|p2a: Smeargle|atk|1
|upkeep
|turn|11
|
|t:|1640894408
|move|p1a: Deoxys|Taunt|p2a: Smeargle
|-start|p2a: Smeargle|move: Taunt
|cant|p2a: Smeargle|move: Taunt|Sticky Web
|
|-ability|p2a: Smeargle|Moody|boost
|-boost|p2a: Smeargle|spd|2
|-unboost|p2a: Smeargle|atk|1
|upkeep
|turn|12
|
|t:|1640894418
|switch|p1a: Rayquaza|Rayquaza|100/100
|-ability|p1a: Rayquaza|Air Lock
|move|p2a: Smeargle|Endeavor|p1a: Rayquaza
|-damage|p1a: Rayquaza|63/100
|
|-ability|p2a: Smeargle|Moody|boost
|-boost|p2a: Smeargle|spd|2
|-unboost|p2a: Smeargle|atk|1
|upkeep
|turn|13
|
|t:|1640894429
|detailschange|p1a: Rayquaza|Rayquaza-Mega
|-mega|p1a: Rayquaza|Rayquaza|
|-weather|DeltaStream|[from] ability: Delta Stream|[of] p1a: Rayquaza
|move|p2a: Smeargle|Extreme Speed|p1a: Rayquaza
|-damage|p1a: Rayquaza|57/100
|move|p1a: Rayquaza|Dragon Dance|p1a: Rayquaza
|-boost|p1a: Rayquaza|atk|1
|-boost|p1a: Rayquaza|spe|1
|
|-weather|DeltaStream|[upkeep]
|-end|p2a: Smeargle|move: Taunt
|-ability|p2a: Smeargle|Moody|boost
|-boost|p2a: Smeargle|spa|2
|-unboost|p2a: Smeargle|spe|1
|upkeep
|turn|14
|
|t:|1640894441
|move|p1a: Rayquaza|Extreme Speed|p2a: Smeargle
|-damage|p2a: Smeargle|0 fnt
|faint|p2a: Smeargle
|-damage|p1a: Rayquaza|47/100|[from] item: Life Orb
|
|-weather|DeltaStream|[upkeep]
|upkeep
|
|t:|1640894452
|switch|p2a: Arceus|Arceus-Ground|100/100
|-damage|p2a: Arceus|94/100|[from] Stealth Rock
|turn|15
|
|t:|1640894460
|move|p1a: Rayquaza|Dragon Ascent|p2a: Arceus
|-damage|p2a: Arceus|0 fnt
|-unboost|p1a: Rayquaza|def|1
|-unboost|p1a: Rayquaza|spd|1
|faint|p2a: Arceus
|-damage|p1a: Rayquaza|37/100|[from] item: Life Orb
|
|-weather|DeltaStream|[upkeep]
|upkeep
|
|t:|1640894480
|switch|p2a: Xerneas|Xerneas|100/100
|-damage|p2a: Xerneas|88/100|[from] Stealth Rock
|-ability|p2a: Xerneas|Fairy Aura
|turn|16
|
|t:|1640894486
|move|p1a: Rayquaza|Dragon Ascent|p2a: Xerneas
|-damage|p2a: Xerneas|0 fnt
|-unboost|p1a: Rayquaza|def|1
|-unboost|p1a: Rayquaza|spd|1
|faint|p2a: Xerneas
|-damage|p1a: Rayquaza|27/100|[from] item: Life Orb
|
|-weather|DeltaStream|[upkeep]
|upkeep
|j| in 91
|-message|Emorawr79 forfeited.
|
|win|cumandr
|raw|cumandr's rating: 1589 &rarr; <strong>1608</strong><br />(+19 for winning)
|raw|Emorawr79's rating: 1575 &rarr; <strong>1556</strong><br />(-19 for losing)
|l|☆Emorawr79
||Ladder isn't responding, score probably updated but might not have (Request timeout).
