|j|☆CLEAR GEM清瑜
|j|☆ThyKingCharles
|t:|1664806773
|gametype|singles
|player|p1|CLEAR GEM清瑜|skierf|1808
|player|p2|ThyKingCharles|diantha-masters|1929
|teamsize|p1|6
|teamsize|p2|6
|gen|8
|tier|[Gen 8] National Dex AG
|rated|
|rule|HP Percentage Mod: HP is shown in percentages
|rule|Endless Battle Clause: Forcing endless battles is banned
|clearpoke
|poke|p1|Groudon|
|poke|p1|Arceus-*|
|poke|p1|Zacian-*|
|poke|p1|Yveltal|
|poke|p1|Xerneas-*|
|poke|p1|Marshadow|
|poke|p2|Rayquaza|
|poke|p2|Arceus-*|
|poke|p2|Zacian-*|
|poke|p2|Necrozma-Dusk-Mane|
|poke|p2|Marshadow|
|poke|p2|Yveltal|
|teampreview
|j| BoonniePK
|
|t:|1664806780
|start
|switch|p1a: Y鸟|Yveltal|100/100
|switch|p2a: Arceus|Arceus|100/100
|-ability|p1a: Y鸟|Dark Aura
|turn|1
|
|t:|1664806786
|switch|p1a: 小马|Marshadow|100/100
|move|p2a: Arceus|Swords Dance|p2a: Arceus
|-boost|p2a: Arceus|atk|2
|
|upkeep
|turn|2
|
|t:|1664806791
|move|p1a: 小马|Close Combat|p2a: Arceus
|-supereffective|p2a: Arceus
|-crit|p2a: Arceus
|-enditem|p2a: Arceus|Chople Berry|[eat]
|-enditem|p2a: Arceus|Chople Berry|[weaken]
|-damage|p2a: Arceus|35/100
|-unboost|p1a: 小马|def|1
|-unboost|p1a: 小马|spd|1
|move|p2a: Arceus|Shadow Claw|p1a: 小马
|-supereffective|p1a: 小马
|-enditem|p1a: 小马|Focus Sash
|-damage|p1a: 小马|1/100
|
|upkeep
|turn|3
|
|t:|1664806800
|switch|p2a: Marshadow|Marshadow|100/100
|move|p1a: 小马|Close Combat|p2a: Marshadow
|-immune|p2a: Marshadow
|
|upkeep
|turn|4
|
|t:|1664806802
|move|p1a: 小马|Shadow Sneak|p2a: Marshadow
|-supereffective|p2a: Marshadow
|-damage|p2a: Marshadow|25/100
|move|p2a: Marshadow|Shadow Sneak|p1a: 小马
|-supereffective|p1a: 小马
|-damage|p1a: 小马|0 fnt
|faint|p1a: 小马
|
|upkeep
|
|t:|1664806805
|switch|p1a: 不会(?)|Groudon|100/100
|detailschange|p1a: 不会(?)|Groudon-Primal
|-primal|p1a: 不会(?)
|-weather|DesolateLand|[from] ability: Desolate Land|[of] p1a: 不会(?)
|turn|5
|l| BoonniePK
|
|t:|1664806808
|switch|p2a: Arceus|Arceus|35/100
|move|p1a: 不会(?)|Stealth Rock|p2a: Arceus
|-sidestart|p2: ThyKingCharles|move: Stealth Rock
|
|-weather|DesolateLand|[upkeep]
|upkeep
|turn|6
|
|t:|1664806810
|move|p2a: Arceus|Earthquake|p1a: 不会(?)
|-supereffective|p1a: 不会(?)
|-crit|p1a: 不会(?)
|-damage|p1a: 不会(?)|35/100
|move|p1a: 不会(?)|Roar|p2a: Arceus
|drag|p2a: Yveltal|Yveltal|100/100
|-ability|p2a: Yveltal|Dark Aura
|
|-weather|DesolateLand|[upkeep]
|upkeep
|turn|7
|
|t:|1664806816
|move|p2a: Yveltal|Dark Pulse|p1a: 不会(?)
|-damage|p1a: 不会(?)|0 fnt
|faint|p1a: 不会(?)
|-weather|none
|
|upkeep
|
|t:|1664806824
|switch|p1a: 打下手的(迫真)|Xerneas, shiny|100/100
|-ability|p1a: 打下手的(迫真)|Fairy Aura
|turn|8
|
|t:|1664806828
|switch|p2a: Marshadow|Marshadow|25/100
|-damage|p2a: Marshadow|19/100|[from] Stealth Rock
|move|p1a: 打下手的(迫真)|Geomancy||[still]
|-prepare|p1a: 打下手的(迫真)|Geomancy
|-enditem|p1a: 打下手的(迫真)|Power Herb
|-anim|p1a: 打下手的(迫真)|Geomancy|p1a: 打下手的(迫真)
|-boost|p1a: 打下手的(迫真)|spa|2
|-boost|p1a: 打下手的(迫真)|spd|2
|-boost|p1a: 打下手的(迫真)|spe|2
|
|upkeep
|turn|9
|
|t:|1664806837
|-start|p1a: 打下手的(迫真)|Dynamax|
|-heal|p1a: 打下手的(迫真)|100/100|[silent]
|move|p2a: Marshadow|Shadow Sneak|p1a: 打下手的(迫真)
|-damage|p1a: 打下手的(迫真)|88/100
|move|p1a: 打下手的(迫真)|Max Lightning|p2a: Marshadow
|-damage|p2a: Marshadow|0 fnt
|-fieldstart|move: Electric Terrain
|faint|p2a: Marshadow
|
|upkeep
|
|t:|1664806840
|switch|p2a: Arceus|Arceus|35/100
|-damage|p2a: Arceus|23/100|[from] Stealth Rock
|turn|10
|
|t:|1664806847
|move|p2a: Arceus|Extreme Speed|p1a: 打下手的(迫真)
|-crit|p1a: 打下手的(迫真)
|-damage|p1a: 打下手的(迫真)|62/100
|move|p1a: 打下手的(迫真)|Max Lightning|p2a: Arceus
|-damage|p2a: Arceus|0 fnt
|faint|p2a: Arceus
|
|upkeep
|
|t:|1664806853
|switch|p2a: Necrozma|Necrozma-Dusk-Mane|100/100
|-damage|p2a: Necrozma|95/100|[from] Stealth Rock
|turn|11
|
|t:|1664806855
|detailschange|p2a: Necrozma|Necrozma-Ultra
|-burst|p2a: Necrozma|Necrozma|Ultranecrozium Z
|move|p1a: 打下手的(迫真)|Max Lightning|p2a: Necrozma
|-resisted|p2a: Necrozma
|-damage|p2a: Necrozma|30/100
|move|p2a: Necrozma|Sunsteel Strike|p1a: 打下手的(迫真)
|-supereffective|p1a: 打下手的(迫真)
|-damage|p1a: 打下手的(迫真)|20/100
|
|upkeep
|-end|p1a: 打下手的(迫真)|Dynamax
|-heal|p1a: 打下手的(迫真)|20/100|[silent]
|turn|12
|
|t:|1664806864
|move|p1a: 打下手的(迫真)|Moonblast|p2a: Necrozma
|-supereffective|p2a: Necrozma
|-damage|p2a: Necrozma|0 fnt
|faint|p2a: Necrozma
|
|upkeep
|
|t:|1664806866
|switch|p2a: Rayquaza|Rayquaza|100/100
|-damage|p2a: Rayquaza|76/100|[from] Stealth Rock
|-ability|p2a: Rayquaza|Air Lock
|turn|13
|
|t:|1664806869
|detailschange|p2a: Rayquaza|Rayquaza-Mega
|-mega|p2a: Rayquaza|Rayquaza|
|-weather|DeltaStream|[from] ability: Delta Stream|[of] p2a: Rayquaza
|move|p2a: Rayquaza|Extreme Speed|p1a: 打下手的(迫真)
|-damage|p1a: 打下手的(迫真)|0 fnt
|faint|p1a: 打下手的(迫真)
|-damage|p2a: Rayquaza|66/100|[from] item: Life Orb
|
|-weather|DeltaStream|[upkeep]
|-fieldend|move: Electric Terrain
|upkeep
|
|t:|1664806875
|switch|p1a: 悬空羊驼|Arceus-Flying|100/100
|turn|14
|
|t:|1664806879
|move|p2a: Rayquaza|Dragon Dance|p2a: Rayquaza
|-boost|p2a: Rayquaza|atk|1
|-boost|p2a: Rayquaza|spe|1
|move|p1a: 悬空羊驼|Judgment|p2a: Rayquaza
|-damage|p2a: Rayquaza|6/100
|
|-weather|DeltaStream|[upkeep]
|upkeep
|turn|15
|
|t:|1664806883
|move|p2a: Rayquaza|Dragon Ascent|p1a: 悬空羊驼
|-damage|p1a: 悬空羊驼|0 fnt
|-unboost|p2a: Rayquaza|def|1
|-unboost|p2a: Rayquaza|spd|1
|faint|p1a: 悬空羊驼
|-damage|p2a: Rayquaza|0 fnt|[from] item: Life Orb
|faint|p2a: Rayquaza
|-weather|none
|
|upkeep
|
|t:|1664806886
|switch|p2a: Zacian|Zacian-Crowned|100/100
|switch|p1a: 嘉然小姐的狗|Zacian-Crowned|100/100
|-damage|p2a: Zacian|94/100|[from] Stealth Rock
|-ability|p2a: Zacian|Intrepid Sword|boost
|-boost|p2a: Zacian|atk|1
|-ability|p1a: 嘉然小姐的狗|Intrepid Sword|boost
|-boost|p1a: 嘉然小姐的狗|atk|1
|turn|16
|
|t:|1664806888
|move|p2a: Zacian|Behemoth Blade|p1a: 嘉然小姐的狗
|-damage|p1a: 嘉然小姐的狗|24/100
|move|p1a: 嘉然小姐的狗|Behemoth Blade|p2a: Zacian
|-damage|p2a: Zacian|6/100
|
|upkeep
|turn|17
|
|t:|1664806892
|move|p1a: 嘉然小姐的狗|Quick Attack|p2a: Zacian
|-resisted|p2a: Zacian
|-damage|p2a: Zacian|0 fnt
|faint|p2a: Zacian
|
|upkeep
|
|t:|1664806895
|switch|p2a: Yveltal|Yveltal|100/100
|-ability|p2a: Yveltal|Dark Aura
|turn|18
|
|t:|1664806898
|-start|p2a: Yveltal|Dynamax|
|-heal|p2a: Yveltal|100/100|[silent]
|move|p1a: 嘉然小姐的狗|Behemoth Blade|p2a: Yveltal
|-damage|p2a: Yveltal|16/100
|move|p2a: Yveltal|Max Airstream|p1a: 嘉然小姐的狗
|-resisted|p1a: 嘉然小姐的狗
|-crit|p1a: 嘉然小姐的狗
|-damage|p1a: 嘉然小姐的狗|0 fnt
|-boost|p2a: Yveltal|spe|1
|faint|p1a: 嘉然小姐的狗
|
|upkeep
|
|t:|1664806900
|switch|p1a: Y鸟|Yveltal|100/100
|-ability|p1a: Y鸟|Dark Aura
|turn|19
|
|t:|1664806902
|move|p2a: Yveltal|Max Airstream|p1a: Y鸟
|-damage|p1a: Y鸟|35/100
|-boost|p2a: Yveltal|spe|1
|move|p1a: Y鸟|Hurricane|p2a: Yveltal
|-damage|p2a: Yveltal|0 fnt
|faint|p2a: Yveltal
|-damage|p1a: Y鸟|25/100|[from] item: Life Orb
|
|win|CLEAR GEM清瑜
|raw|CLEAR GEM清瑜's rating: 1808 &rarr; <strong>1835</strong><br />(+27 for winning)
|raw|ThyKingCharles's rating: 1929 &rarr; <strong>1902</strong><br />(-27 for losing)
|l|☆ThyKingCharles
||Ladder isn't responding, score probably updated but might not have (Request timeout).
