|j|☆yoooyooyo
|j|☆alt1445645
|t:|1662598964
|gametype|singles
|player|p1|yoooyooyo|102|1866
|player|p2|alt1445645|170|1938
|teamsize|p1|6
|teamsize|p2|6
|gen|8
|tier|[Gen 8] National Dex AG
|rated|
|rule|HP Percentage Mod: HP is shown in percentages
|rule|Endless Battle Clause: Forcing endless battles is banned
|clearpoke
|poke|p1|Arceus-*|
|poke|p1|Necrozma-Dawn-Wings|
|poke|p1|Necrozma-Dusk-Mane|
|poke|p1|Lunala|
|poke|p1|Groudon|
|poke|p1|Tyranitar, F|
|poke|p2|Arceus-*|
|poke|p2|Groudon|
|poke|p2|Zacian-*|
|poke|p2|Rayquaza|
|poke|p2|Calyrex-Shadow|
|poke|p2|Yveltal|
|teampreview
|
|t:|1662598973
|start
|switch|p1a: Necrozma|Necrozma-Dawn-Wings|100/100
|switch|p2a: Calyrex|Calyrex-Shadow|100/100
|-ability|p2a: Calyrex|As One
|-ability|p2a: Calyrex|Unnerve
|turn|1
|
|t:|1662598977
|switch|p1a: Tyranitar|Tyranitar, F|100/100
|-weather|Sandstorm|[from] ability: Sand Stream|[of] p1a: Tyranitar
|move|p2a: Calyrex|Substitute|p2a: Calyrex
|-start|p2a: Calyrex|Substitute
|-damage|p2a: Calyrex|76/100
|
|-weather|Sandstorm|[upkeep]
|-damage|p2a: Calyrex|69/100|[from] Sandstorm
|-heal|p2a: Calyrex|76/100|[from] item: Leftovers
|upkeep
|turn|2
|
|t:|1662598982
|detailschange|p1a: Tyranitar|Tyranitar-Mega, F
|-mega|p1a: Tyranitar|Tyranitar|Tyranitarite
|move|p2a: Calyrex|Leech Seed|p1a: Tyranitar
|-start|p1a: Tyranitar|move: Leech Seed
|move|p1a: Tyranitar|Rock Blast|p2a: Calyrex
|-activate|p2a: Calyrex|move: Substitute|[damage]
|-end|p2a: Calyrex|Substitute
|-damage|p2a: Calyrex|58/100
|-hitcount|p2a: Calyrex|3
|
|-weather|Sandstorm|[upkeep]
|-damage|p2a: Calyrex|52/100|[from] Sandstorm
|-heal|p2a: Calyrex|58/100|[from] item: Leftovers
|-damage|p1a: Tyranitar|88/100|[from] Leech Seed|[of] p2a: Calyrex
|-heal|p2a: Calyrex|72/100|[silent]
|upkeep
|turn|3
|
|t:|1662598991
|move|p2a: Calyrex|Substitute|p2a: Calyrex
|-start|p2a: Calyrex|Substitute
|-damage|p2a: Calyrex|47/100
|move|p1a: Tyranitar|Rock Blast|p2a: Calyrex
|-activate|p2a: Calyrex|move: Substitute|[damage]
|-end|p2a: Calyrex|Substitute
|-damage|p2a: Calyrex|30/100
|-hitcount|p2a: Calyrex|3
|
|-weather|Sandstorm|[upkeep]
|-damage|p2a: Calyrex|24/100|[from] Sandstorm
|-heal|p2a: Calyrex|30/100|[from] item: Leftovers
|-damage|p1a: Tyranitar|76/100|[from] Leech Seed|[of] p2a: Calyrex
|-heal|p2a: Calyrex|44/100|[silent]
|upkeep
|turn|4
|
|t:|1662598999
|move|p2a: Calyrex|Substitute|p2a: Calyrex
|-start|p2a: Calyrex|Substitute
|-damage|p2a: Calyrex|20/100
|move|p1a: Tyranitar|Rock Blast|p2a: Calyrex
|-activate|p2a: Calyrex|move: Substitute|[damage]
|-end|p2a: Calyrex|Substitute
|-damage|p2a: Calyrex|4/100
|-damage|p2a: Calyrex|0 fnt
|faint|p2a: Calyrex
|-hitcount|p2: Calyrex|4
|
|-weather|Sandstorm|[upkeep]
|upkeep
|
|t:|1662599004
|switch|p2a: Groudon|Groudon|100/100
|detailschange|p2a: Groudon|Groudon-Primal
|-primal|p2a: Groudon
|-weather|DesolateLand|[from] ability: Desolate Land|[of] p2a: Groudon
|turn|5
|
|t:|1662599014
|switch|p1a: Arceus|Arceus-Grass|100/100
|move|p2a: Groudon|Thunder Wave|p1a: Arceus
|-status|p1a: Arceus|par
|
|-weather|DesolateLand|[upkeep]
|upkeep
|turn|6
|
|t:|1662599018
|move|p2a: Groudon|Stealth Rock|p1a: Arceus
|-sidestart|p1: yoooyooyo|move: Stealth Rock
|move|p1a: Arceus|Earthquake|p2a: Groudon
|-supereffective|p2a: Groudon
|-damage|p2a: Groudon|67/100
|
|-weather|DesolateLand|[upkeep]
|upkeep
|turn|7
|
|t:|1662599021
|-weather|none
|switch|p2a: Rayquaza|Rayquaza|100/100
|-ability|p2a: Rayquaza|Air Lock
|cant|p1a: Arceus|par
|
|upkeep
|turn|8
|
|t:|1662599036
|switch|p1a: Tyranitar|Tyranitar-Mega, F|76/100
|-damage|p1a: Tyranitar|63/100|[from] Stealth Rock
|-weather|Sandstorm|[from] ability: Sand Stream|[of] p1a: Tyranitar
|detailschange|p2a: Rayquaza|Rayquaza-Mega
|-mega|p2a: Rayquaza|Rayquaza|
|-weather|DeltaStream|[from] ability: Delta Stream|[of] p2a: Rayquaza
|move|p2a: Rayquaza|Earthquake|p1a: Tyranitar
|-supereffective|p1a: Tyranitar
|-damage|p1a: Tyranitar|0 fnt
|faint|p1a: Tyranitar
|-damage|p2a: Rayquaza|91/100|[from] item: Life Orb
|
|-weather|DeltaStream|[upkeep]
|upkeep
|
|t:|1662599052
|switch|p1a: Necrozma|Necrozma-Dawn-Wings|100/100
|-damage|p1a: Necrozma|88/100|[from] Stealth Rock
|turn|9
|
|t:|1662599061
|detailschange|p1a: Necrozma|Necrozma-Ultra
|-burst|p1a: Necrozma|Necrozma|Ultranecrozium Z
|move|p1a: Necrozma|Dragon Pulse|p2a: Rayquaza
|-supereffective|p2a: Rayquaza
|-damage|p2a: Rayquaza|0 fnt
|faint|p2a: Rayquaza
|-weather|none
|
|upkeep
|
|t:|1662599063
|switch|p2a: Zacian|Zacian-Crowned|100/100
|-ability|p2a: Zacian|Intrepid Sword|boost
|-boost|p2a: Zacian|atk|1
|turn|10
|
|t:|1662599066
|switch|p2a: Yveltal|Yveltal|100/100
|-ability|p2a: Yveltal|Dark Aura
|switch|p1a: Groudon|Groudon|100/100
|-damage|p1a: Groudon|94/100|[from] Stealth Rock
|detailschange|p1a: Groudon|Groudon-Primal
|-primal|p1a: Groudon
|-weather|DesolateLand|[from] ability: Desolate Land|[of] p1a: Groudon
|
|-weather|DesolateLand|[upkeep]
|upkeep
|turn|11
|
|t:|1662599072
|-weather|none
|switch|p1a: Arceus|Arceus-Grass|100/100 par
|-damage|p1a: Arceus|88/100 par|[from] Stealth Rock
|-start|p2a: Yveltal|Dynamax|
|-heal|p2a: Yveltal|100/100|[silent]
|move|p2a: Yveltal|Max Airstream|p1a: Arceus
|-supereffective|p1a: Arceus
|-damage|p1a: Arceus|0 fnt
|-boost|p2a: Yveltal|spe|1
|faint|p1a: Arceus
|-damage|p2a: Yveltal|96/100|[from] item: Life Orb
|
|upkeep
|
|t:|1662599085
|switch|p1a: Necrozma|Necrozma-Ultra|88/100
|-damage|p1a: Necrozma|76/100|[from] Stealth Rock
|turn|12
|
|t:|1662599089
|move|p2a: Yveltal|Max Darkness|p1a: Necrozma
|-supereffective|p1a: Necrozma
|-damage|p1a: Necrozma|0 fnt
|faint|p1a: Necrozma
|-damage|p2a: Yveltal|91/100|[from] item: Life Orb
|
|upkeep
|
|t:|1662599091
|switch|p1a: Necrozma|Necrozma-Dusk-Mane|100/100
|-damage|p1a: Necrozma|94/100|[from] Stealth Rock
|turn|13
|
|t:|1662599094
|-start|p1a: Necrozma|Dynamax|
|-heal|p1a: Necrozma|94/100|[silent]
|move|p1a: Necrozma|Max Guard|p1a: Necrozma
|-singleturn|p1a: Necrozma|Max Guard
|move|p2a: Yveltal|Max Darkness|p1a: Necrozma
|-activate|p1a: Necrozma|move: Max Guard
|
|upkeep
|-end|p2a: Yveltal|Dynamax
|-heal|p2a: Yveltal|91/100|[silent]
|turn|14
|
|t:|1662599099
|move|p2a: Yveltal|Dark Pulse|p1a: Necrozma
|-supereffective|p1a: Necrozma
|-damage|p1a: Necrozma|43/100
|-enditem|p1a: Necrozma|Weakness Policy
|-boost|p1a: Necrozma|atk|2|[from] item: Weakness Policy
|-boost|p1a: Necrozma|spa|2|[from] item: Weakness Policy
|-damage|p2a: Yveltal|81/100|[from] item: Life Orb
|move|p1a: Necrozma|Max Steelspike|p2a: Yveltal
|-damage|p2a: Yveltal|0 fnt
|-boost|p1a: Necrozma|def|1
|faint|p2a: Yveltal
|
|upkeep
|
|t:|1662599106
|switch|p2a: Groudon|Groudon-Primal|67/100
|-weather|DesolateLand|[from] ability: Desolate Land|[of] p2a: Groudon
|turn|15
|
|t:|1662599109
|move|p1a: Necrozma|Max Quake|p2a: Groudon
|-supereffective|p2a: Groudon
|-damage|p2a: Groudon|0 fnt
|-boost|p1a: Necrozma|spd|1
|faint|p2a: Groudon
|-weather|none
|
|upkeep
|
|t:|1662599112
|switch|p2a: Arceus|Arceus|100/100
|-end|p1a: Necrozma|Dynamax
|-heal|p1a: Necrozma|43/100|[silent]
|turn|16
|
|t:|1662599118
|move|p2a: Arceus|Swords Dance|p2a: Arceus
|-boost|p2a: Arceus|atk|2
|move|p1a: Necrozma|Sunsteel Strike|p2a: Arceus
|-damage|p2a: Arceus|18/100
|
|upkeep
|turn|17
|
|t:|1662599128
|move|p2a: Arceus|Shadow Claw|p1a: Necrozma
|-supereffective|p1a: Necrozma
|-damage|p1a: Necrozma|4/100
|move|p1a: Necrozma|Sunsteel Strike|p2a: Arceus
|-damage|p2a: Arceus|0 fnt
|faint|p2a: Arceus
|
|upkeep
|
|t:|1662599130
|switch|p2a: Zacian|Zacian-Crowned|100/100
|-ability|p2a: Zacian|Intrepid Sword|boost
|-boost|p2a: Zacian|atk|1
|turn|18
|
|t:|1662599133
|move|p2a: Zacian|Behemoth Blade|p1a: Necrozma
|-resisted|p1a: Necrozma
|-damage|p1a: Necrozma|0 fnt
|faint|p1a: Necrozma
|
|upkeep
|
|t:|1662599135
|switch|p1a: Lunala|Lunala|100/100
|turn|19
|
|t:|1662599139
|move|p2a: Zacian|Behemoth Blade|p1a: Lunala
|-damage|p1a: Lunala|74/100
|move|p1a: Lunala|Thunder Wave|p2a: Zacian
|-status|p2a: Zacian|par
|
|upkeep
|turn|20
|
|t:|1662599142
|move|p1a: Lunala|Hex|p2a: Zacian
|-damage|p2a: Zacian|45/100 par
|cant|p2a: Zacian|par
|
|upkeep
|turn|21
|
|t:|1662599144
|move|p1a: Lunala|Hex|p2a: Zacian
|-damage|p2a: Zacian|0 fnt
|faint|p2a: Zacian
|
|win|yoooyooyo
|raw|yoooyooyo's rating: 1866 &rarr; <strong>1890</strong><br />(+24 for winning)
|raw|alt1445645's rating: 1938 &rarr; <strong>1914</strong><br />(-24 for losing)
|l|☆alt1445645
||Ladder isn't responding, score probably updated but might not have (Request timeout).
