|j|☆F.A.M.E.246 2nd
|j|☆MiguelRRM
|t:|1631166474
|gametype|singles
|player|p1|F.A.M.E.246 2nd|lucas|1622
|player|p2|MiguelRRM|lucas|1914
|teamsize|p1|6
|teamsize|p2|6
|gen|8
|tier|[Gen 8] National Dex AG
|rated|
|rule|HP Percentage Mod: HP is shown in percentages
|rule|Endless Battle Clause: Forcing endless battles is banned
|clearpoke
|poke|p1|Diancie|
|poke|p1|Marshadow|
|poke|p1|Ferrothorn, F|
|poke|p1|Ho-Oh|
|poke|p1|Arceus-*|
|poke|p1|Eternatus|
|poke|p2|Marshadow|
|poke|p2|Yveltal|
|poke|p2|Rayquaza|
|poke|p2|Zacian-*|
|poke|p2|Arceus-*|
|poke|p2|Groudon|
|teampreview
|inactive|Battle timer is ON: inactive players will automatically lose when time's up. (requested by F.A.M.E.246 2nd)
|j| UnitedRussianAnts
|c|☆F.A.M.E.246 2nd|hf
|
|t:|1631166500
|start
|switch|p1a: Arceus|Arceus-Ground|100/100
|switch|p2a: Zacian|Zacian-Crowned|100/100
|-ability|p2a: Zacian|Intrepid Sword|boost
|-boost|p2a: Zacian|atk|1
|turn|1
|
|t:|1631166506
|move|p2a: Zacian|Behemoth Blade|p1a: Arceus
|-damage|p1a: Arceus|45/100
|move|p1a: Arceus|Ice Beam|p2a: Zacian
|-resisted|p2a: Zacian
|-damage|p2a: Zacian|88/100
|
|upkeep
|turn|2
|
|t:|1631166510
|switch|p1a: Ferrothorn|Ferrothorn, F|100/100
|move|p2a: Zacian|Substitute|p2a: Zacian
|-start|p2a: Zacian|Substitute
|-damage|p2a: Zacian|63/100
|
|upkeep
|turn|3
|
|t:|1631166522
|switch|p2a: Groudon|Groudon|100/100
|detailschange|p2a: Groudon|Groudon-Primal
|-primal|p2a: Groudon
|-weather|DesolateLand|[from] ability: Desolate Land|[of] p2a: Groudon
|move|p1a: Ferrothorn|Gyro Ball|p2a: Groudon
|-resisted|p2a: Groudon
|-damage|p2a: Groudon|89/100
|
|-weather|DesolateLand|[upkeep]
|upkeep
|turn|4
|
|t:|1631166527
|move|p2a: Groudon|Toxic|p1a: Ferrothorn
|-immune|p1a: Ferrothorn
|move|p1a: Ferrothorn|Stealth Rock|p2a: Groudon
|-sidestart|p2: MiguelRRM|move: Stealth Rock
|
|-weather|DesolateLand|[upkeep]
|upkeep
|turn|5
|
|t:|1631166536
|switch|p1a: Eternatus|Eternatus|100/100
|-ability|p1a: Eternatus|Pressure
|move|p2a: Groudon|Toxic|p1a: Eternatus
|-immune|p1a: Eternatus
|
|-weather|DesolateLand|[upkeep]
|upkeep
|turn|6
|
|t:|1631166543
|-weather|none
|switch|p2a: Zacian|Zacian-Crowned|63/100
|-damage|p2a: Zacian|57/100|[from] Stealth Rock
|-ability|p2a: Zacian|Intrepid Sword|boost
|-boost|p2a: Zacian|atk|1
|move|p1a: Eternatus|Flamethrower|p2a: Zacian
|-supereffective|p2a: Zacian
|-damage|p2a: Zacian|0 fnt
|faint|p2a: Zacian
|-damage|p1a: Eternatus|90/100|[from] item: Life Orb
|
|upkeep
|
|t:|1631166545
|switch|p2a: Arceus|Arceus-Ground|100/100
|-damage|p2a: Arceus|94/100|[from] Stealth Rock
|turn|7
|
|t:|1631166550
|move|p1a: Eternatus|Toxic|p2a: Arceus
|-status|p2a: Arceus|tox
|move|p2a: Arceus|Defog|p1a: Eternatus
|-unboost|p1a: Eternatus|evasion|1
|-sideend|p2: MiguelRRM|Stealth Rock|[from] move: Defog|[of] p2a: Arceus
|
|-damage|p2a: Arceus|88/100 tox|[from] psn
|upkeep
|turn|8
|
|t:|1631166556
|switch|p1a: Ferrothorn|Ferrothorn, F|100/100
|move|p2a: Arceus|Rock Tomb|p1a: Ferrothorn
|-resisted|p1a: Ferrothorn
|-damage|p1a: Ferrothorn|96/100
|-unboost|p1a: Ferrothorn|spe|1
|
|-heal|p1a: Ferrothorn|100/100|[from] item: Leftovers
|-damage|p2a: Arceus|76/100 tox|[from] psn
|upkeep
|turn|9
|
|t:|1631166562
|switch|p2a: Groudon|Groudon-Primal|89/100
|-weather|DesolateLand|[from] ability: Desolate Land|[of] p2a: Groudon
|move|p1a: Ferrothorn|Stealth Rock|p2a: Groudon
|-sidestart|p2: MiguelRRM|move: Stealth Rock
|
|-weather|DesolateLand|[upkeep]
|upkeep
|turn|10
|
|t:|1631166564
|switch|p1a: Eternatus|Eternatus|90/100
|-ability|p1a: Eternatus|Pressure
|move|p2a: Groudon|Stealth Rock|p1a: Eternatus
|-sidestart|p1: F.A.M.E.246 2nd|move: Stealth Rock
|
|-weather|DesolateLand|[upkeep]
|upkeep
|turn|11
|
|t:|1631166569
|-weather|none
|switch|p2a: Arceus|Arceus-Ground|76/100 tox
|-damage|p2a: Arceus|70/100 tox|[from] Stealth Rock
|move|p1a: Eternatus|Dynamax Cannon|p2a: Arceus
|-damage|p2a: Arceus|19/100 tox
|-damage|p1a: Eternatus|80/100|[from] item: Life Orb
|
|-damage|p2a: Arceus|13/100 tox|[from] psn
|upkeep
|turn|12
|
|t:|1631166573
|move|p1a: Eternatus|Dynamax Cannon|p2a: Arceus
|-damage|p2a: Arceus|0 fnt
|faint|p2a: Arceus
|-damage|p1a: Eternatus|70/100|[from] item: Life Orb
|
|upkeep
|
|t:|1631166575
|switch|p2a: Marshadow|Marshadow|100/100
|-damage|p2a: Marshadow|94/100|[from] Stealth Rock
|turn|13
|
|t:|1631166578
|move|p1a: Eternatus|Dynamax Cannon|p2a: Marshadow
|-damage|p2a: Marshadow|15/100
|-damage|p1a: Eternatus|60/100|[from] item: Life Orb
|move|p2a: Marshadow|Rock Tomb|p1a: Eternatus
|-damage|p1a: Eternatus|38/100
|-unboost|p1a: Eternatus|spe|1
|
|upkeep
|turn|14
|
|t:|1631166582
|switch|p1a: Ferrothorn|Ferrothorn, F|100/100
|-damage|p1a: Ferrothorn|94/100|[from] Stealth Rock
|move|p2a: Marshadow|Spectral Thief|p1a: Ferrothorn
|-damage|p1a: Ferrothorn|68/100
|-damage|p2a: Marshadow|2/100|[from] ability: Iron Barbs|[of] p1a: Ferrothorn
|
|-heal|p1a: Ferrothorn|74/100|[from] item: Leftovers
|upkeep
|turn|15
|j| Indore
|
|t:|1631166589
|move|p2a: Marshadow|Drain Punch|p1a: Ferrothorn
|-supereffective|p1a: Ferrothorn
|-damage|p1a: Ferrothorn|31/100
|-heal|p2a: Marshadow|26/100|[from] drain|[of] p1a: Ferrothorn
|-damage|p2a: Marshadow|14/100|[from] ability: Iron Barbs|[of] p1a: Ferrothorn
|move|p1a: Ferrothorn|Leech Seed|p2a: Marshadow
|-start|p2a: Marshadow|move: Leech Seed
|
|-heal|p1a: Ferrothorn|37/100|[from] item: Leftovers
|-damage|p2a: Marshadow|1/100|[from] Leech Seed|[of] p1a: Ferrothorn
|-heal|p1a: Ferrothorn|48/100|[silent]
|upkeep
|turn|16
|l| Indore
|
|t:|1631166594
|move|p2a: Marshadow|Spectral Thief|p1a: Ferrothorn
|-damage|p1a: Ferrothorn|24/100
|-damage|p2a: Marshadow|0 fnt|[from] ability: Iron Barbs|[of] p1a: Ferrothorn
|faint|p2a: Marshadow
|move|p1a: Ferrothorn|Gyro Ball|p2: Marshadow|[notarget]
|-fail|p1a: Ferrothorn
|
|-heal|p1a: Ferrothorn|30/100|[from] item: Leftovers
|upkeep
|
|t:|1631166599
|switch|p2a: Rayquaza|Rayquaza|100/100
|-damage|p2a: Rayquaza|76/100|[from] Stealth Rock
|-ability|p2a: Rayquaza|Air Lock
|turn|17
|
|t:|1631166602
|detailschange|p2a: Rayquaza|Rayquaza-Mega
|-mega|p2a: Rayquaza|Rayquaza|
|-weather|DeltaStream|[from] ability: Delta Stream|[of] p2a: Rayquaza
|move|p2a: Rayquaza|Scale Shot|p1a: Ferrothorn
|-resisted|p1a: Ferrothorn
|-damage|p1a: Ferrothorn|24/100
|-resisted|p1a: Ferrothorn
|-damage|p1a: Ferrothorn|18/100
|-resisted|p1a: Ferrothorn
|-damage|p1a: Ferrothorn|11/100
|-hitcount|p1a: Ferrothorn|3
|-unboost|p2a: Rayquaza|def|1
|-boost|p2a: Rayquaza|spe|1
|-damage|p2a: Rayquaza|66/100|[from] item: Life Orb
|move|p1a: Ferrothorn|Gyro Ball|p2a: Rayquaza
|-damage|p2a: Rayquaza|0 fnt
|faint|p2a: Rayquaza
|-weather|none
|
|-heal|p1a: Ferrothorn|17/100|[from] item: Leftovers
|upkeep
|c|☆F.A.M.E.246 2nd|gg
|
|t:|1631166611
|switch|p2a: Yveltal|Yveltal|100/100
|-damage|p2a: Yveltal|76/100|[from] Stealth Rock
|-ability|p2a: Yveltal|Dark Aura
|turn|18
|
|t:|1631166616
|-start|p2a: Yveltal|Dynamax
|-heal|p2a: Yveltal|76/100|[silent]
|move|p2a: Yveltal|Max Airstream|p1a: Ferrothorn
|-damage|p1a: Ferrothorn|0 fnt
|-boost|p2a: Yveltal|spe|1
|faint|p1a: Ferrothorn
|-damage|p2a: Yveltal|71/100|[from] item: Life Orb
|
|upkeep
|
|t:|1631166637
|switch|p1a: Ho-Oh|Ho-Oh|100/100
|turn|19
|
|t:|1631166648
|-start|p1a: Ho-Oh|Dynamax
|-heal|p1a: Ho-Oh|100/100|[silent]
|move|p1a: Ho-Oh|Max Guard|p1a: Ho-Oh
|-singleturn|p1a: Ho-Oh|Max Guard
|move|p2a: Yveltal|Max Darkness|p1a: Ho-Oh
|-activate|p1a: Ho-Oh|move: Max Guard
|
|upkeep
|turn|20
|
|t:|1631166653
|move|p2a: Yveltal|Max Darkness|p1a: Ho-Oh
|-damage|p1a: Ho-Oh|67/100
|-unboost|p1a: Ho-Oh|spd|1
|-damage|p2a: Yveltal|66/100|[from] item: Life Orb
|move|p1a: Ho-Oh|Max Flare|p2a: Yveltal
|-damage|p2a: Yveltal|39/100
|-weather|SunnyDay
|
|-weather|SunnyDay|[upkeep]
|-end|p2a: Yveltal|Dynamax
|-heal|p2a: Yveltal|39/100|[silent]
|upkeep
|turn|21
|
|t:|1631166662
|move|p2a: Yveltal|Oblivion Wing|p1a: Ho-Oh
|-damage|p1a: Ho-Oh|43/100
|-heal|p2a: Yveltal|75/100|[from] drain|[of] p1a: Ho-Oh
|-damage|p2a: Yveltal|65/100|[from] item: Life Orb
|move|p1a: Ho-Oh|Max Flare|p2a: Yveltal
|-damage|p2a: Yveltal|0 fnt
|faint|p2a: Yveltal
|
|-weather|SunnyDay|[upkeep]
|-end|p1a: Ho-Oh|Dynamax
|-heal|p1a: Ho-Oh|43/100|[silent]
|upkeep
|-message|MiguelRRM forfeited.
|
|win|F.A.M.E.246 2nd
|raw|F.A.M.E.246 2nd's rating: 1622 &rarr; <strong>1656</strong><br />(+34 for winning)
|raw|MiguelRRM's rating: 1914 &rarr; <strong>1880</strong><br />(-34 for losing)
|l|☆MiguelRRM
