|j|☆S!lc00n
|j|☆RUiNtheExtinct
|t:|1644459160
|gametype|singles
|player|p1|S!lc00n|clown|1609
|player|p2|RUiNtheExtinct|red-gen7|1814
|teamsize|p1|6
|teamsize|p2|6
|gen|8
|tier|[Gen 8] National Dex AG
|rated|
|rule|HP Percentage Mod: HP is shown in percentages
|rule|Endless Battle Clause: Forcing endless battles is banned
|clearpoke
|poke|p1|Shuckle, M|
|poke|p1|Deoxys-Attack|
|poke|p1|Torterra, M|
|poke|p1|Wobbuffet, M|
|poke|p1|Ditto|
|poke|p1|Yveltal|
|poke|p2|Ditto|
|poke|p2|Yveltal|
|poke|p2|Arceus-*|
|poke|p2|Groudon|
|poke|p2|Rayquaza|
|poke|p2|Zygarde|
|teampreview
|inactive|Battle timer is ON: inactive players will automatically lose when time's up. (requested by S!lc00n)
|
|t:|1644459181
|start
|switch|p1a: Akupāra|Torterra, M|100/100
|switch|p2a: Zygarde|Zygarde|100/100
|turn|1
|
|t:|1644459188
|move|p2a: Zygarde|Glare|p1a: Akupāra
|-status|p1a: Akupāra|par
|move|p1a: Akupāra|Stealth Rock|p2a: Zygarde
|-sidestart|p2: RUiNtheExtinct|move: Stealth Rock
|
|upkeep
|turn|2
|
|t:|1644459193
|move|p2a: Zygarde|Coil|p2a: Zygarde
|-boost|p2a: Zygarde|atk|1
|-boost|p2a: Zygarde|def|1
|-boost|p2a: Zygarde|accuracy|1
|move|p1a: Akupāra|Wood Hammer|p2a: Zygarde
|-damage|p2a: Zygarde|73/100
|-damage|p1a: Akupāra|89/100 par|[from] Recoil
|
|-heal|p2a: Zygarde|79/100|[from] item: Leftovers
|upkeep
|turn|3
|
|t:|1644459201
|move|p2a: Zygarde|Coil|p2a: Zygarde
|-boost|p2a: Zygarde|atk|1
|-boost|p2a: Zygarde|def|1
|-boost|p2a: Zygarde|accuracy|1
|move|p1a: Akupāra|Wood Hammer|p2a: Zygarde
|-damage|p2a: Zygarde|59/100
|-damage|p1a: Akupāra|80/100 par|[from] Recoil
|
|-heal|p2a: Zygarde|65/100|[from] item: Leftovers
|upkeep
|turn|4
|
|t:|1644459210
|move|p2a: Zygarde|Coil|p2a: Zygarde
|-boost|p2a: Zygarde|atk|1
|-boost|p2a: Zygarde|def|1
|-boost|p2a: Zygarde|accuracy|1
|move|p1a: Akupāra|Wood Hammer|p2a: Zygarde
|-damage|p2a: Zygarde|50/100
|-damage|p1a: Akupāra|74/100 par|[from] Recoil
|
|-heal|p2a: Zygarde|57/100|[from] item: Leftovers
|upkeep
|turn|5
|
|t:|1644459223
|switch|p1a: Comodín|Ditto|100/100
|-transform|p1a: Comodín|p2a: Zygarde|[from] ability: Imposter
|move|p2a: Zygarde|Coil|p2a: Zygarde
|-boost|p2a: Zygarde|atk|1
|-boost|p2a: Zygarde|def|1
|-boost|p2a: Zygarde|accuracy|1
|
|-heal|p2a: Zygarde|63/100|[from] item: Leftovers
|upkeep
|turn|6
|
|t:|1644459232
|move|p1a: Comodín|Glare|p2a: Zygarde
|-status|p2a: Zygarde|par
|move|p2a: Zygarde|Glare|p1a: Comodín
|-status|p1a: Comodín|par
|
|-heal|p2a: Zygarde|69/100 par|[from] item: Leftovers
|upkeep
|turn|7
|
|t:|1644459241
|-start|p1a: Comodín|Dynamax
|-heal|p1a: Comodín|100/100 par|[silent]
|cant|p1a: Comodín|par
|move|p2a: Zygarde|Coil|p2a: Zygarde
|-boost|p2a: Zygarde|atk|1
|-boost|p2a: Zygarde|def|1
|-boost|p2a: Zygarde|accuracy|1
|
|-heal|p2a: Zygarde|75/100 par|[from] item: Leftovers
|upkeep
|turn|8
|
|t:|1644459254
|-end|p1a: Comodín|Dynamax
|-heal|p1a: Comodín|100/100 par|[silent]
|switch|p1a: The OG UB|Deoxys-Attack|100/100
|-ability|p1a: The OG UB|Pressure
|move|p2a: Zygarde|Coil|p2a: Zygarde
|-boost|p2a: Zygarde|atk|1
|-boost|p2a: Zygarde|def|1
|-boost|p2a: Zygarde|accuracy|1
|
|-heal|p2a: Zygarde|81/100 par|[from] item: Leftovers
|upkeep
|turn|9
|
|t:|1644459267
|move|p1a: The OG UB|Ice Beam|p2a: Zygarde
|-supereffective|p2a: Zygarde
|-damage|p2a: Zygarde|0 fnt
|faint|p2a: Zygarde
|-damage|p1a: The OG UB|91/100|[from] item: Life Orb
|
|upkeep
|
|t:|1644459274
|switch|p2a: Ditto|Ditto|100/100
|-damage|p2a: Ditto|88/100|[from] Stealth Rock
|-transform|p2a: Ditto|p1a: The OG UB|[from] ability: Imposter
|-ability|p2a: Ditto|Pressure
|turn|10
|
|t:|1644459284
|switch|p1a: Saitama|Wobbuffet, M|100/100
|move|p2a: Ditto|Psycho Boost|p1a: Saitama
|-resisted|p1a: Saitama
|-damage|p1a: Saitama|60/100
|-unboost|p2a: Ditto|spa|2
|
|-heal|p1a: Saitama|67/100|[from] item: Leftovers
|upkeep
|turn|11
|
|t:|1644459299
|move|p2a: Ditto|Psycho Boost|p1a: Saitama|[miss]
|-miss|p2a: Ditto|p1a: Saitama
|move|p1a: Saitama|Mirror Coat||[still]
|-fail|p1a: Saitama
|
|-heal|p1a: Saitama|73/100|[from] item: Leftovers
|upkeep
|turn|12
|
|t:|1644459309
|-start|p2a: Ditto|Dynamax
|-heal|p2a: Ditto|88/100|[silent]
|move|p2a: Ditto|Max Knuckle|p1a: Saitama
|-resisted|p1a: Saitama
|-damage|p1a: Saitama|61/100
|-boost|p2a: Ditto|atk|1
|move|p1a: Saitama|Mirror Coat||[still]
|-fail|p1a: Saitama
|
|-heal|p1a: Saitama|67/100|[from] item: Leftovers
|upkeep
|turn|13
|
|t:|1644459320
|move|p2a: Ditto|Max Strike|p1a: Saitama
|-damage|p1a: Saitama|23/100
|-unboost|p1a: Saitama|spe|1
|move|p1a: Saitama|Counter|p2a: Ditto
|-damage|p2a: Ditto|2/100
|
|-heal|p1a: Saitama|29/100|[from] item: Leftovers
|upkeep
|turn|14
|
|t:|1644459328
|move|p2a: Ditto|Max Strike|p1a: Saitama
|-damage|p1a: Saitama|0 fnt
|faint|p1a: Saitama
|
|-end|p2a: Ditto|Dynamax
|-heal|p2a: Ditto|2/100|[silent]
|upkeep
|
|t:|1644459332
|switch|p1a: The OG UB|Deoxys-Attack|91/100
|-ability|p1a: The OG UB|Pressure
|turn|15
|
|t:|1644459338
|move|p1a: The OG UB|Extreme Speed|p2a: Ditto
|-damage|p2a: Ditto|0 fnt
|faint|p2a: Ditto
|-damage|p1a: The OG UB|81/100|[from] item: Life Orb
|
|upkeep
|
|t:|1644459350
|switch|p2a: Groudon|Groudon|100/100
|-damage|p2a: Groudon|94/100|[from] Stealth Rock
|detailschange|p2a: Groudon|Groudon-Primal
|-primal|p2a: Groudon
|-weather|DesolateLand|[from] ability: Desolate Land|[of] p2a: Groudon
|turn|16
|
|t:|1644459360
|move|p1a: The OG UB|Psycho Boost|p2a: Groudon
|-damage|p2a: Groudon|0 fnt
|-unboost|p1a: The OG UB|spa|2
|faint|p2a: Groudon
|-weather|none
|-damage|p1a: The OG UB|71/100|[from] item: Life Orb
|
|upkeep
|
|t:|1644459368
|switch|p2a: Rayquaza|Rayquaza|100/100
|-damage|p2a: Rayquaza|76/100|[from] Stealth Rock
|-ability|p2a: Rayquaza|Air Lock
|turn|17
|
|t:|1644459376
|switch|p1a: Š.H.Ï.Ê.L.Đ.|Shuckle, M, shiny|100/100
|detailschange|p2a: Rayquaza|Rayquaza-Mega
|-mega|p2a: Rayquaza|Rayquaza|
|-weather|DeltaStream|[from] ability: Delta Stream|[of] p2a: Rayquaza
|move|p2a: Rayquaza|Dragon Dance|p2a: Rayquaza
|-boost|p2a: Rayquaza|atk|1
|-boost|p2a: Rayquaza|spe|1
|
|-weather|DeltaStream|[upkeep]
|upkeep
|turn|18
|
|t:|1644459387
|move|p2a: Rayquaza|Dragon Ascent|p1a: Š.H.Ï.Ê.L.Đ.
|-damage|p1a: Š.H.Ï.Ê.L.Đ.|0 fnt
|-unboost|p2a: Rayquaza|def|1
|-unboost|p2a: Rayquaza|spd|1
|faint|p1a: Š.H.Ï.Ê.L.Đ.
|-damage|p2a: Rayquaza|66/100|[from] item: Life Orb
|
|-weather|DeltaStream|[upkeep]
|upkeep
|
|t:|1644459394
|switch|p1a: Bird of Hermes|Yveltal|100/100
|-ability|p1a: Bird of Hermes|Dark Aura
|turn|19
|c|☆RUiNtheExtinct|no sturdy>
|c|☆RUiNtheExtinct|?*
|c|☆S!lc00n|Nope
|c|☆RUiNtheExtinct|y?
|c|☆S!lc00n|Contrary Shell Smash
|
|t:|1644459417
|move|p1a: Bird of Hermes|Sucker Punch|p2a: Rayquaza
|-damage|p2a: Rayquaza|0 fnt
|faint|p2a: Rayquaza
|-weather|none
|-damage|p1a: Bird of Hermes|91/100|[from] item: Life Orb
|
|upkeep
|c|☆RUiNtheExtinct|more defense?
|
|t:|1644459424
|switch|p2a: Arceus|Arceus-Flying|100/100
|-damage|p2a: Arceus|75/100|[from] Stealth Rock
|turn|20
|c|☆S!lc00n|Yes
|c|☆S!lc00n|Not the best set, but I like it
|c|☆RUiNtheExtinct|neat
|
|t:|1644459439
|move|p1a: Bird of Hermes|Dark Pulse|p2a: Arceus
|-damage|p2a: Arceus|23/100
|-damage|p1a: Bird of Hermes|81/100|[from] item: Life Orb
|move|p2a: Arceus|Swords Dance|p2a: Arceus
|-boost|p2a: Arceus|atk|2
|
|upkeep
|turn|21
|c|☆RUiNtheExtinct|gg
|-message|RUiNtheExtinct forfeited.
|
|win|S!lc00n
|raw|S!lc00n's rating: 1609 &rarr; <strong>1640</strong><br />(+31 for winning)
|raw|RUiNtheExtinct's rating: 1814 &rarr; <strong>1783</strong><br />(-31 for losing)
|c|☆S!lc00n|Gg
|l|☆RUiNtheExtinct
