|j|☆700club
|j|☆xLeonisx
|t:|1643398904
|gametype|singles
|player|p1|700club|169|1595
|player|p2|xLeonisx|170|1549
|teamsize|p1|6
|teamsize|p2|6
|gen|8
|tier|[Gen 8] National Dex AG
|rated|
|rule|HP Percentage Mod: HP is shown in percentages
|rule|Endless Battle Clause: Forcing endless battles is banned
|clearpoke
|poke|p1|Zacian-*|
|poke|p1|Yveltal|
|poke|p1|Rayquaza|
|poke|p1|Groudon|
|poke|p1|Necrozma-Dusk-Mane|
|poke|p1|Xerneas-*|
|poke|p2|Zacian-*|
|poke|p2|Calyrex-Shadow|
|poke|p2|Yveltal|
|poke|p2|Zygarde|
|poke|p2|Ditto|
|poke|p2|Deoxys-Speed|
|teampreview
|c|☆700club|hi
|inactive|Battle timer is ON: inactive players will automatically lose when time's up. (requested by xLeonisx)
|
|t:|1643398922
|start
|switch|p1a: Groudon|Groudon|100/100
|switch|p2a: OP Dog|Zacian-Crowned|100/100
|-ability|p2a: OP Dog|Intrepid Sword|boost
|-boost|p2a: OP Dog|atk|1
|detailschange|p1a: Groudon|Groudon-Primal
|-primal|p1a: Groudon
|-weather|DesolateLand|[from] ability: Desolate Land|[of] p1a: Groudon
|turn|1
|
|t:|1643398937
|switch|p2a: Alien|Deoxys-Speed|100/100
|-ability|p2a: Alien|Pressure
|move|p1a: Groudon|Stealth Rock|p2a: Alien
|-sidestart|p2: xLeonisx|move: Stealth Rock
|
|-weather|DesolateLand|[upkeep]
|upkeep
|turn|2
|
|t:|1643398954
|move|p2a: Alien|Stealth Rock|p1a: Groudon
|-sidestart|p1: 700club|move: Stealth Rock
|move|p1a: Groudon|Rock Tomb|p2a: Alien
|-damage|p2a: Alien|55/100
|-unboost|p2a: Alien|spe|1
|
|-weather|DesolateLand|[upkeep]
|upkeep
|turn|3
|
|t:|1643398961
|move|p2a: Alien|Taunt|p1a: Groudon
|-start|p1a: Groudon|move: Taunt
|move|p1a: Groudon|Precipice Blades|p2a: Alien
|-damage|p2a: Alien|0 fnt
|faint|p2a: Alien
|
|-weather|DesolateLand|[upkeep]
|upkeep
|
|t:|1643398965
|switch|p2a: Dumb Bird|Yveltal|100/100
|-damage|p2a: Dumb Bird|76/100|[from] Stealth Rock
|-ability|p2a: Dumb Bird|Dark Aura
|turn|4
|
|t:|1643398972
|move|p2a: Dumb Bird|Knock Off|p1a: Groudon
|-damage|p1a: Groudon|64/100
|-damage|p2a: Dumb Bird|66/100|[from] item: Life Orb
|move|p1a: Groudon|Rock Tomb|p2a: Dumb Bird|[miss]
|-miss|p1a: Groudon|p2a: Dumb Bird
|
|-weather|DesolateLand|[upkeep]
|upkeep
|turn|5
|
|t:|1643398979
|move|p2a: Dumb Bird|Knock Off|p1a: Groudon
|-damage|p1a: Groudon|22/100
|-damage|p2a: Dumb Bird|56/100|[from] item: Life Orb
|move|p1a: Groudon|Rock Tomb|p2a: Dumb Bird
|-supereffective|p2a: Dumb Bird
|-damage|p2a: Dumb Bird|4/100
|-unboost|p2a: Dumb Bird|spe|1
|
|-weather|DesolateLand|[upkeep]
|-end|p1a: Groudon|move: Taunt
|upkeep
|turn|6
|
|t:|1643398989
|move|p2a: Dumb Bird|Sucker Punch|p1a: Groudon
|-damage|p1a: Groudon|0 fnt
|faint|p1a: Groudon
|-weather|none
|-damage|p2a: Dumb Bird|0 fnt|[from] item: Life Orb
|faint|p2a: Dumb Bird
|
|upkeep
|inactive|700club has 120 seconds left.
|inactive|700club has 90 seconds left.
|
|t:|1643399063
|switch|p2a: Zygarde|Zygarde|100/100
|switch|p1a: Xerneas|Xerneas|100/100
|-damage|p2a: Zygarde|94/100|[from] Stealth Rock
|-damage|p1a: Xerneas|88/100|[from] Stealth Rock
|-ability|p1a: Xerneas|Fairy Aura
|turn|7
|
|t:|1643399075
|move|p2a: Zygarde|Dragon Dance|p2a: Zygarde
|-boost|p2a: Zygarde|atk|1
|-boost|p2a: Zygarde|spe|1
|move|p1a: Xerneas|Substitute|p1a: Xerneas
|-start|p1a: Xerneas|Substitute
|-damage|p1a: Xerneas|63/100
|
|upkeep
|turn|8
|
|t:|1643399088
|move|p2a: Zygarde|Thousand Arrows|p1a: Xerneas
|-end|p1a: Xerneas|Substitute
|move|p1a: Xerneas|Moonblast|p2a: Zygarde
|-supereffective|p2a: Zygarde
|-damage|p2a: Zygarde|0 fnt
|faint|p2a: Zygarde
|
|upkeep
|
|t:|1643399092
|switch|p2a: OP Dog|Zacian-Crowned|100/100
|-damage|p2a: OP Dog|94/100|[from] Stealth Rock
|-ability|p2a: OP Dog|Intrepid Sword|boost
|-boost|p2a: OP Dog|atk|1
|turn|9
|inactive|700club has 90 seconds left.
|
|t:|1643399105
|switch|p2a: Calyrex|Calyrex-Shadow|100/100
|-ability|p2a: Calyrex|As One
|-ability|p2a: Calyrex|Unnerve
|-damage|p2a: Calyrex|88/100|[from] Stealth Rock
|move|p1a: Xerneas|Thunder|p2a: Calyrex
|-damage|p2a: Calyrex|44/100
|
|upkeep
|turn|10
|inactive|700club has 90 seconds left.
|
|t:|1643399123
|-start|p1a: Xerneas|Dynamax
|-heal|p1a: Xerneas|63/100|[silent]
|move|p2a: Calyrex|Astral Barrage|p1a: Xerneas
|-crit|p1a: Xerneas
|-damage|p1a: Xerneas|21/100
|move|p1a: Xerneas|Max Starfall|p2a: Calyrex
|-damage|p2a: Calyrex|0 fnt
|-fieldstart|move: Misty Terrain
|faint|p2a: Calyrex
|
|upkeep
|
|t:|1643399127
|switch|p2a: OP Dog|Zacian-Crowned|94/100
|-damage|p2a: OP Dog|88/100|[from] Stealth Rock
|-ability|p2a: OP Dog|Intrepid Sword|boost
|-boost|p2a: OP Dog|atk|1
|turn|11
|inactive|700club has 90 seconds left.
|
|t:|1643399143
|move|p2a: OP Dog|Behemoth Blade|p1a: Xerneas
|-supereffective|p1a: Xerneas
|-damage|p1a: Xerneas|0 fnt
|faint|p1a: Xerneas
|
|upkeep
|
|t:|1643399150
|switch|p1a: Necrozma|Necrozma-Dusk-Mane|100/100
|-damage|p1a: Necrozma|95/100|[from] Stealth Rock
|turn|12
|
|t:|1643399159
|move|p2a: OP Dog|Close Combat|p1a: Necrozma
|-damage|p1a: Necrozma|30/100
|-unboost|p2a: OP Dog|def|1
|-unboost|p2a: OP Dog|spd|1
|move|p1a: Necrozma|Earthquake|p2a: OP Dog
|-supereffective|p2a: OP Dog
|-damage|p2a: OP Dog|0 fnt
|faint|p2a: OP Dog
|
|upkeep
|
|t:|1643399166
|switch|p2a: I COPY but faster|Ditto|100/100
|-damage|p2a: I COPY but faster|88/100|[from] Stealth Rock
|-transform|p2a: I COPY but faster|p1a: Necrozma|[from] ability: Imposter
|turn|13
|inactive|700club has 90 seconds left.
|
|t:|1643399182
|switch|p1a: Rayquaza|Rayquaza|100/100
|-damage|p1a: Rayquaza|76/100|[from] Stealth Rock
|-ability|p1a: Rayquaza|Air Lock
|move|p2a: I COPY but faster|Earthquake|p1a: Rayquaza
|-immune|p1a: Rayquaza
|
|upkeep
|turn|14
|inactive|700club has 90 seconds left.
|
|t:|1643399192
|detailschange|p1a: Rayquaza|Rayquaza-Mega
|-mega|p1a: Rayquaza|Rayquaza|
|-weather|DeltaStream|[from] ability: Delta Stream|[of] p1a: Rayquaza
|-start|p2a: I COPY but faster|Dynamax
|-heal|p2a: I COPY but faster|88/100|[silent]
|move|p1a: Rayquaza|V-create|p2a: I COPY but faster
|-supereffective|p2a: I COPY but faster
|-damage|p2a: I COPY but faster|10/100
|-unboost|p1a: Rayquaza|spe|1
|-unboost|p1a: Rayquaza|def|1
|-unboost|p1a: Rayquaza|spd|1
|-damage|p1a: Rayquaza|66/100|[from] item: Life Orb
|move|p2a: I COPY but faster|Max Rockfall|p1a: Rayquaza
|-activate||deltastream
|-damage|p1a: Rayquaza|0 fnt
|-weather|Sandstorm
|faint|p1a: Rayquaza
|
|-weather|Sandstorm|[upkeep]
|-fieldend|Misty Terrain
|upkeep
|-message|xLeonisx forfeited.
|
|win|700club
|raw|700club's rating: 1595 &rarr; <strong>1612</strong><br />(+17 for winning)
|raw|xLeonisx's rating: 1549 &rarr; <strong>1532</strong><br />(-17 for losing)
|l|☆xLeonisx
|c|☆700club|gg
||Ladder isn't responding, score probably updated but might not have (Request timeout).
