|j|☆Mimikium ZZ
|j|☆DrMario69
|t:|1664248165
|gametype|singles
|player|p1|Mimikium ZZ|schoolboy|1897
|player|p2|DrMario69|lucas|1842
|teamsize|p1|6
|teamsize|p2|6
|gen|8
|tier|[Gen 8] National Dex AG
|rated|
|rule|HP Percentage Mod: HP is shown in percentages
|rule|Endless Battle Clause: Forcing endless battles is banned
|clearpoke
|poke|p1|Necrozma-Dusk-Mane|
|poke|p1|Arceus-*|
|poke|p1|Arceus-*|
|poke|p1|Rayquaza|
|poke|p1|Ferrothorn, M|
|poke|p1|Yveltal|
|poke|p2|Groudon|
|poke|p2|Rayquaza|
|poke|p2|Zygarde|
|poke|p2|Calyrex-Shadow|
|poke|p2|Arceus-*|
|poke|p2|Arceus-*|
|teampreview
|inactive|Battle timer is ON: inactive players will automatically lose when time's up. (requested by DrMario69)
|
|t:|1664248202
|start
|switch|p1a: Arceus|Arceus-Fairy|100/100
|switch|p2a: Calyrex|Calyrex-Shadow|100/100
|-ability|p2a: Calyrex|As One
|-ability|p2a: Calyrex|Unnerve
|turn|1
|
|t:|1664248207
|switch|p1a: Yveltal|Yveltal|100/100
|-ability|p1a: Yveltal|Dark Aura
|move|p2a: Calyrex|Substitute|p2a: Calyrex
|-start|p2a: Calyrex|Substitute
|-damage|p2a: Calyrex|76/100
|
|-heal|p2a: Calyrex|82/100|[from] item: Leftovers
|upkeep
|turn|2
|
|t:|1664248211
|switch|p1a: Ferrothorn|Ferrothorn, M|100/100
|move|p2a: Calyrex|Leech Seed|p1a: Ferrothorn
|-immune|p1a: Ferrothorn
|
|-heal|p2a: Calyrex|88/100|[from] item: Leftovers
|upkeep
|turn|3
|
|t:|1664248214
|move|p2a: Calyrex|Astral Barrage|p1a: Ferrothorn
|-damage|p1a: Ferrothorn|38/100
|move|p1a: Ferrothorn|Knock Off|p2a: Calyrex
|-supereffective|p2a: Calyrex
|-end|p2a: Calyrex|Substitute
|
|-heal|p2a: Calyrex|94/100|[from] item: Leftovers
|-heal|p1a: Ferrothorn|44/100|[from] item: Leftovers
|upkeep
|turn|4
|
|t:|1664248216
|switch|p1a: Yveltal|Yveltal|100/100
|-ability|p1a: Yveltal|Dark Aura
|move|p2a: Calyrex|Substitute|p2a: Calyrex
|-start|p2a: Calyrex|Substitute
|-damage|p2a: Calyrex|69/100
|
|-heal|p2a: Calyrex|75/100|[from] item: Leftovers
|upkeep
|turn|5
|
|t:|1664248219
|switch|p1a: Ferrothorn|Ferrothorn, M|44/100
|move|p2a: Calyrex|Leech Seed|p1a: Ferrothorn
|-immune|p1a: Ferrothorn
|
|-heal|p2a: Calyrex|81/100|[from] item: Leftovers
|-heal|p1a: Ferrothorn|50/100|[from] item: Leftovers
|upkeep
|turn|6
|
|t:|1664248221
|switch|p1a: Yveltal|Yveltal|100/100
|-ability|p1a: Yveltal|Dark Aura
|move|p2a: Calyrex|Astral Barrage|p1a: Yveltal
|-resisted|p1a: Yveltal
|-damage|p1a: Yveltal|81/100
|
|-heal|p2a: Calyrex|88/100|[from] item: Leftovers
|upkeep
|turn|7
|
|t:|1664248224
|switch|p1a: Ferrothorn|Ferrothorn, M|50/100
|move|p2a: Calyrex|Leech Seed|p1a: Ferrothorn
|-immune|p1a: Ferrothorn
|
|-heal|p2a: Calyrex|94/100|[from] item: Leftovers
|-heal|p1a: Ferrothorn|57/100|[from] item: Leftovers
|upkeep
|turn|8
|
|t:|1664248227
|switch|p1a: Yveltal|Yveltal|81/100
|-ability|p1a: Yveltal|Dark Aura
|move|p2a: Calyrex|Astral Barrage|p1a: Yveltal
|-resisted|p1a: Yveltal
|-damage|p1a: Yveltal|61/100
|
|-heal|p2a: Calyrex|99/100|[from] item: Leftovers
|upkeep
|turn|9
|
|t:|1664248230
|move|p2a: Calyrex|Leech Seed|p1a: Yveltal|[miss]
|-miss|p2a: Calyrex|p1a: Yveltal
|move|p1a: Yveltal|Roost|p1a: Yveltal
|-heal|p1a: Yveltal|100/100
|-singleturn|p1a: Yveltal|move: Roost
|
|-heal|p2a: Calyrex|100/100|[from] item: Leftovers
|upkeep
|turn|10
|
|t:|1664248234
|switch|p1a: Ferrothorn|Ferrothorn, M|57/100
|move|p2a: Calyrex|Leech Seed|p1a: Ferrothorn
|-immune|p1a: Ferrothorn
|
|-heal|p1a: Ferrothorn|63/100|[from] item: Leftovers
|upkeep
|turn|11
|
|t:|1664248237
|switch|p1a: Yveltal|Yveltal|100/100
|-ability|p1a: Yveltal|Dark Aura
|move|p2a: Calyrex|Astral Barrage|p1a: Yveltal
|-resisted|p1a: Yveltal
|-damage|p1a: Yveltal|78/100
|
|upkeep
|turn|12
|
|t:|1664248247
|move|p2a: Calyrex|Draining Kiss|p1a: Yveltal
|-supereffective|p1a: Yveltal
|-crit|p1a: Yveltal
|-damage|p1a: Yveltal|44/100
|move|p1a: Yveltal|Foul Play|p2a: Calyrex
|-supereffective|p2a: Calyrex
|-end|p2a: Calyrex|Substitute
|
|upkeep
|turn|13
|
|t:|1664248255
|-start|p2a: Calyrex|Dynamax|
|-heal|p2a: Calyrex|100/100|[silent]
|move|p2a: Calyrex|Max Starfall|p1a: Yveltal
|-supereffective|p1a: Yveltal
|-damage|p1a: Yveltal|0 fnt
|-fieldstart|move: Misty Terrain
|faint|p1a: Yveltal
|-ability|p2a: Calyrex|Grim Neigh|boost
|-boost|p2a: Calyrex|spa|1
|
|upkeep
|
|t:|1664248275
|switch|p1a: Ferrothorn|Ferrothorn, M|63/100
|turn|14
|
|t:|1664248278
|-start|p1a: Ferrothorn|Dynamax|
|-heal|p1a: Ferrothorn|63/100|[silent]
|move|p2a: Calyrex|Max Phantasm|p1a: Ferrothorn
|-damage|p1a: Ferrothorn|10/100
|-unboost|p1a: Ferrothorn|def|1
|move|p1a: Ferrothorn|Max Darkness|p2a: Calyrex
|-supereffective|p2a: Calyrex
|-damage|p2a: Calyrex|16/100
|-unboost|p2a: Calyrex|spd|1
|
|-heal|p2a: Calyrex|19/100|[from] item: Leftovers
|-heal|p1a: Ferrothorn|13/100|[from] item: Leftovers
|upkeep
|turn|15
|-message|Mimikium ZZ forfeited.
|
|win|DrMario69
|raw|Mimikium ZZ's rating: 1910 &rarr; <strong>1886</strong><br />(-24 for losing)
|raw|DrMario69's rating: 1842 &rarr; <strong>1866</strong><br />(+24 for winning)
|l|☆Mimikium ZZ
