|j|☆Monotype Sveta
|j|☆Jayki11
|player|p1|Monotype Sveta|jasmine|1597
|player|p2|Jayki11|red|1456
|teamsize|p1|6
|teamsize|p2|6
|gametype|singles
|gen|8
|tier|[Gen 8] National Dex AG
|rated|
|clearpoke
|poke|p1|Ditto|
|poke|p1|Ferrothorn, M|
|poke|p1|Lugia|
|poke|p1|Ho-Oh|
|poke|p1|Necrozma-Dusk-Mane|
|poke|p1|Arceus-*|
|poke|p2|Charizard, F|
|poke|p2|Marshadow|
|poke|p2|Lugia|
|poke|p2|Zacian-*|
|poke|p2|Greninja, M|
|poke|p2|Groudon|
|rule|HP Percentage Mod: HP is shown in percentages
|rule|Endless Battle Clause: Forcing endless battles is banned
|teampreview
|inactive|Battle timer is ON: inactive players will automatically lose when time's up. (requested by Monotype Sveta)
|
|start
|switch|p1a: Ditto|Ditto, shiny|100/100
|switch|p2a: Chartor|Groudon|100/100
|-weather|SunnyDay|[from] ability: Drought|[of] p2a: Chartor
|-transform|p1a: Ditto|p2a: Chartor|[from] ability: Imposter
|turn|1
|j| Red Knuckle
|
|move|p1a: Ditto|Toxic|p2a: Chartor
|-status|p2a: Chartor|tox
|move|p2a: Chartor|Toxic|p1a: Ditto
|-status|p1a: Ditto|tox
|
|-weather|SunnyDay|[upkeep]
|-damage|p1a: Ditto|94/100 tox|[from] psn
|-damage|p2a: Chartor|94/100 tox|[from] psn
|upkeep
|turn|2
|
|switch|p1a: Arceus|Arceus-Ground|100/100
|move|p2a: Chartor|Stealth Rock|p1a: Arceus
|-sidestart|p1: Monotype Sveta|move: Stealth Rock
|
|-weather|SunnyDay|[upkeep]
|-heal|p2a: Chartor|100/100 tox|[from] item: Leftovers
|-damage|p2a: Chartor|88/100 tox|[from] psn
|upkeep
|turn|3
|
|switch|p1a: Ditto|Ditto, shiny|94/100 tox
|-damage|p1a: Ditto|82/100 tox|[from] Stealth Rock
|-transform|p1a: Ditto|p2a: Chartor|[from] ability: Imposter
|move|p2a: Chartor|Toxic|p1a: Ditto
|-fail|p1a: Ditto|tox
|
|-weather|SunnyDay|[upkeep]
|-heal|p2a: Chartor|94/100 tox|[from] item: Leftovers
|-damage|p1a: Ditto|76/100 tox|[from] psn
|-damage|p2a: Chartor|76/100 tox|[from] psn
|upkeep
|turn|4
|
|switch|p1a: Arceus|Arceus-Ground|100/100
|-damage|p1a: Arceus|94/100|[from] Stealth Rock
|switch|p2a: Dragon Feu|Charizard, F|100/100
|
|-weather|SunnyDay|[upkeep]
|-damage|p2a: Dragon Feu|88/100|[from] ability: Solar Power|[of] p2a: Dragon Feu
|upkeep
|turn|5
|
|-start|p2a: Dragon Feu|Dynamax
|-heal|p2a: Dragon Feu|88/100|[silent]
|move|p2a: Dragon Feu|Max Airstream|p1a: Arceus
|-damage|p1a: Arceus|27/100
|-boost|p2a: Dragon Feu|spe|1
|move|p1a: Arceus|Toxic|p2a: Dragon Feu|[miss]
|-miss|p1a: Arceus|p2a: Dragon Feu
|
|-weather|none
|upkeep
|turn|6
|
|switch|p1a: Ho-Oh|Ho-Oh|100/100
|move|p2a: Dragon Feu|Max Flare|p1a: Ho-Oh
|-resisted|p1a: Ho-Oh
|-damage|p1a: Ho-Oh|83/100
|-weather|SunnyDay
|
|-weather|SunnyDay|[upkeep]
|-damage|p2a: Dragon Feu|82/100|[from] ability: Solar Power|[of] p2a: Dragon Feu
|upkeep
|turn|7
|
|move|p2a: Dragon Feu|Max Airstream|p1a: Ho-Oh
|-damage|p1a: Ho-Oh|31/100
|-boost|p2a: Dragon Feu|spe|1
|move|p1a: Ho-Oh|Toxic|p2a: Dragon Feu
|-status|p2a: Dragon Feu|tox
|
|-weather|SunnyDay|[upkeep]
|-damage|p2a: Dragon Feu|76/100 tox|[from] ability: Solar Power|[of] p2a: Dragon Feu
|-damage|p2a: Dragon Feu|69/100 tox|[from] psn
|-end|p2a: Dragon Feu|Dynamax
|-heal|p2a: Dragon Feu|70/100 tox|[silent]
|upkeep
|turn|8
|j| Bacco97
|
|switch|p2a: Chartor|Groudon|76/100 tox
|switch|p1a: Arceus|Arceus-Ground|27/100
|-damage|p1a: Arceus|21/100|[from] Stealth Rock
|
|-weather|SunnyDay|[upkeep]
|-heal|p2a: Chartor|82/100 tox|[from] item: Leftovers
|-damage|p2a: Chartor|76/100 tox|[from] psn
|upkeep
|turn|9
|
|move|p1a: Arceus|Recover|p1a: Arceus
|-heal|p1a: Arceus|71/100
|move|p2a: Chartor|Precipice Blades|p1a: Arceus
|-damage|p1a: Arceus|39/100
|
|-weather|SunnyDay|[upkeep]
|-heal|p2a: Chartor|82/100 tox|[from] item: Leftovers
|-damage|p2a: Chartor|70/100 tox|[from] psn
|upkeep
|turn|10
|
|move|p1a: Arceus|Recover|p1a: Arceus
|-heal|p1a: Arceus|89/100
|move|p2a: Chartor|Toxic|p1a: Arceus
|-status|p1a: Arceus|tox
|
|-weather|none
|-heal|p2a: Chartor|76/100 tox|[from] item: Leftovers
|-damage|p1a: Arceus|83/100 tox|[from] psn
|-damage|p2a: Chartor|57/100 tox|[from] psn
|upkeep
|turn|11
|
|switch|p2a: Dragon Feu|Charizard, F|70/100 tox
|move|p1a: Arceus|Earthquake|p2a: Dragon Feu
|-immune|p2a: Dragon Feu
|
|-damage|p2a: Dragon Feu|63/100 tox|[from] psn
|-damage|p1a: Arceus|71/100 tox|[from] psn
|upkeep
|turn|12
|
|switch|p1a: Ho-Oh|Ho-Oh|64/100
|move|p2a: Dragon Feu|Hurricane|p1a: Ho-Oh
|-damage|p1a: Ho-Oh|38/100
|
|-damage|p2a: Dragon Feu|51/100 tox|[from] psn
|upkeep
|turn|13
|
|switch|p1a: Lugia|Lugia|100/100
|move|p2a: Dragon Feu|Hurricane|p1a: Lugia|[miss]
|-miss|p2a: Dragon Feu|p1a: Lugia
|
|-damage|p2a: Dragon Feu|33/100 tox|[from] psn
|upkeep
|turn|14
|
|switch|p2a: Chartor|Groudon|57/100 tox
|-weather|SunnyDay|[from] ability: Drought|[of] p2a: Chartor
|move|p1a: Lugia|Roost||[still]
|-fail|p1a: Lugia|heal
|
|-weather|SunnyDay|[upkeep]
|-heal|p2a: Chartor|63/100 tox|[from] item: Leftovers
|-damage|p2a: Chartor|57/100 tox|[from] psn
|upkeep
|turn|15
|
|switch|p1a: Arceus|Arceus-Ground|71/100 tox
|-damage|p1a: Arceus|65/100 tox|[from] Stealth Rock
|move|p2a: Chartor|Overheat|p1a: Arceus
|-damage|p1a: Arceus|37/100 tox
|-unboost|p2a: Chartor|spa|2
|
|-weather|SunnyDay|[upkeep]
|-heal|p2a: Chartor|63/100 tox|[from] item: Leftovers
|-damage|p1a: Arceus|30/100 tox|[from] psn
|-damage|p2a: Chartor|51/100 tox|[from] psn
|upkeep
|turn|16
|
|move|p1a: Arceus|Recover|p1a: Arceus
|-heal|p1a: Arceus|80/100 tox
|move|p2a: Chartor|Overheat|p1a: Arceus
|-damage|p1a: Arceus|66/100 tox
|-unboost|p2a: Chartor|spa|2
|
|-weather|SunnyDay|[upkeep]
|-heal|p2a: Chartor|57/100 tox|[from] item: Leftovers
|-damage|p1a: Arceus|54/100 tox|[from] psn
|-damage|p2a: Chartor|39/100 tox|[from] psn
|upkeep
|turn|17
|
|switch|p2a: Dragon Feu|Charizard, F|33/100 tox
|move|p1a: Arceus|Recover|p1a: Arceus
|-heal|p1a: Arceus|100/100 tox
|
|-weather|SunnyDay|[upkeep]
|-damage|p2a: Dragon Feu|21/100 tox|[from] ability: Solar Power|[of] p2a: Dragon Feu
|-damage|p2a: Dragon Feu|15/100 tox|[from] psn
|-damage|p1a: Arceus|82/100 tox|[from] psn
|upkeep
|turn|18
|
|switch|p1a: Ho-Oh|Ho-Oh|71/100
|move|p2a: Dragon Feu|Hurricane|p1a: Ho-Oh
|-damage|p1a: Ho-Oh|32/100
|-start|p1a: Ho-Oh|confusion
|
|-weather|none
|-damage|p2a: Dragon Feu|3/100 tox|[from] psn
|upkeep
|turn|19
|
|switch|p1a: Arceus|Arceus-Ground|82/100 tox
|-damage|p1a: Arceus|76/100 tox|[from] Stealth Rock
|move|p2a: Dragon Feu|Hurricane|p1a: Arceus
|-damage|p1a: Arceus|41/100 tox
|-start|p1a: Arceus|confusion
|
|-damage|p2a: Dragon Feu|0 fnt|[from] psn
|faint|p2a: Dragon Feu
|-damage|p1a: Arceus|35/100 tox|[from] psn
|upkeep
|
|switch|p2a: Greninja|Greninja, M|100/100
|turn|20
|
|switch|p1a: Ferrothorn|Ferrothorn, M|100/100
|-damage|p1a: Ferrothorn|94/100|[from] Stealth Rock
|move|p2a: Greninja|Water Shuriken|p1a: Ferrothorn
|-resisted|p1a: Ferrothorn
|-damage|p1a: Ferrothorn|91/100
|-resisted|p1a: Ferrothorn
|-damage|p1a: Ferrothorn|88/100
|-resisted|p1a: Ferrothorn
|-damage|p1a: Ferrothorn|84/100
|-resisted|p1a: Ferrothorn
|-damage|p1a: Ferrothorn|81/100
|-resisted|p1a: Ferrothorn
|-crit|p1a: Ferrothorn
|-damage|p1a: Ferrothorn|76/100
|-hitcount|p1a: Ferrothorn|5
|
|-heal|p1a: Ferrothorn|82/100|[from] item: Leftovers
|upkeep
|turn|21
|
|switch|p2a: Chartor|Groudon|39/100 tox
|-weather|SunnyDay|[from] ability: Drought|[of] p2a: Chartor
|move|p1a: Ferrothorn|Leech Seed|p2a: Chartor
|-start|p2a: Chartor|move: Leech Seed
|
|-weather|SunnyDay|[upkeep]
|-heal|p2a: Chartor|45/100 tox|[from] item: Leftovers
|-heal|p1a: Ferrothorn|88/100|[from] item: Leftovers
|-damage|p2a: Chartor|32/100 tox|[from] Leech Seed|[of] p1a: Ferrothorn
|-heal|p1a: Ferrothorn|100/100|[silent]
|-damage|p2a: Chartor|26/100 tox|[from] psn
|upkeep
|turn|22
|j| FairyxLucy♥
|
|switch|p2a: Greninja|Greninja, M|100/100
|move|p1a: Ferrothorn|Protect||[still]
|-fail|p1a: Ferrothorn
|
|-weather|SunnyDay|[upkeep]
|upkeep
|turn|23
|
|switch|p2a: Chartor|Groudon|26/100 tox
|move|p1a: Ferrothorn|Protect||[still]
|-fail|p1a: Ferrothorn
|
|-weather|SunnyDay|[upkeep]
|-heal|p2a: Chartor|32/100 tox|[from] item: Leftovers
|-damage|p2a: Chartor|26/100 tox|[from] psn
|upkeep
|turn|24
|
|move|p1a: Ferrothorn|Protect|p1a: Ferrothorn
|-singleturn|p1a: Ferrothorn|Protect
|move|p2a: Chartor|Overheat|p1a: Ferrothorn
|-activate|p1a: Ferrothorn|move: Protect
|
|-weather|SunnyDay|[upkeep]
|-heal|p2a: Chartor|32/100 tox|[from] item: Leftovers
|-damage|p2a: Chartor|20/100 tox|[from] psn
|upkeep
|turn|25
|c|☆Monotype Sveta|Lucy :)
|
|switch|p1a: Arceus|Arceus-Ground|35/100 tox
|-damage|p1a: Arceus|29/100 tox|[from] Stealth Rock
|move|p2a: Chartor|Overheat|p1a: Arceus
|-damage|p1a: Arceus|0 fnt
|-unboost|p2a: Chartor|spa|2
|faint|p1a: Arceus
|
|-weather|none
|-heal|p2a: Chartor|26/100 tox|[from] item: Leftovers
|-damage|p2a: Chartor|8/100 tox|[from] psn
|upkeep
|c| Red Knuckle|lucky you mean?
|
|switch|p1a: Ferrothorn|Ferrothorn, M|100/100
|-damage|p1a: Ferrothorn|94/100|[from] Stealth Rock
|turn|26
|c|☆Monotype Sveta|No.
|
|switch|p2a: Gekkou The Vagabon|Zacian-Crowned|100/100
|-ability|p2a: Gekkou The Vagabon|Intrepid Sword|boost
|-boost|p2a: Gekkou The Vagabon|atk|1
|move|p1a: Ferrothorn|Spikes|p2a: Gekkou The Vagabon
|-sidestart|p2: Jayki11|Spikes
|
|-heal|p1a: Ferrothorn|100/100|[from] item: Leftovers
|upkeep
|turn|27
|
|switch|p1a: Necrozma|Necrozma-Dusk-Mane|100/100
|-damage|p1a: Necrozma|94/100|[from] Stealth Rock
|move|p2a: Gekkou The Vagabon|Close Combat|p1a: Necrozma
|-damage|p1a: Necrozma|52/100
|-unboost|p2a: Gekkou The Vagabon|def|1
|-unboost|p2a: Gekkou The Vagabon|spd|1
|
|-heal|p1a: Necrozma|58/100|[from] item: Leftovers
|upkeep
|turn|28
|c| Red Knuckle|what lucy mean please?
|l| FairyxLucy♥
|c|☆Monotype Sveta|^
|
|switch|p2a: Chartor|Groudon|8/100 tox
|-damage|p2a: Chartor|0 fnt|[from] Spikes
|faint|p2a: Chartor
|move|p1a: Necrozma|Morning Sun|p1a: Necrozma
|-heal|p1a: Necrozma|100/100
|
|upkeep
|c| Red Knuckle|oh sorry i didnt see her
|c| Red Knuckle|hi lucy
|
|switch|p2a: Greninja|Greninja, M|100/100
|-damage|p2a: Greninja|88/100|[from] Spikes
|turn|29
|c| Red Knuckle|why she left
|c| Red Knuckle|she is shy?
|c| Red Knuckle|she is your girlfriend?
|
|switch|p1a: Ferrothorn|Ferrothorn, M|100/100
|-damage|p1a: Ferrothorn|94/100|[from] Stealth Rock
|move|p2a: Greninja|Water Shuriken|p1a: Ferrothorn
|-resisted|p1a: Ferrothorn
|-damage|p1a: Ferrothorn|91/100
|-resisted|p1a: Ferrothorn
|-damage|p1a: Ferrothorn|88/100
|-resisted|p1a: Ferrothorn
|-damage|p1a: Ferrothorn|85/100
|-resisted|p1a: Ferrothorn
|-damage|p1a: Ferrothorn|81/100
|-resisted|p1a: Ferrothorn
|-damage|p1a: Ferrothorn|78/100
|-hitcount|p1a: Ferrothorn|5
|
|-heal|p1a: Ferrothorn|84/100|[from] item: Leftovers
|upkeep
|turn|30
|c| Red Knuckle|she watch her man competing
|c| Red Knuckle|thats cute
|c| Red Knuckle|i wish i had a girlfriend who can watch me ....
|inactive|Jayki11 has 120 seconds left.
|
|switch|p2a: Power inside of Yo|Lugia|100/100
|move|p1a: Ferrothorn|Leech Seed|p2a: Power inside of Yo
|-start|p2a: Power inside of Yo|move: Leech Seed
|
|-heal|p1a: Ferrothorn|90/100|[from] item: Leftovers
|-damage|p2a: Power inside of Yo|88/100|[from] Leech Seed|[of] p1a: Ferrothorn
|-heal|p1a: Ferrothorn|100/100|[silent]
|upkeep
|turn|31
|c| Red Knuckle|came back lucy
|inactive|Jayki11 has 120 seconds left.
|c|☆Monotype Sveta|No lol I'm female too
|c| Red Knuckle|your man is having a great showdown now
|c|☆Monotype Sveta|She's my friend
|c| Red Knuckle|oh, youre a girl too, amazing
|
|switch|p2a: Joru Chan|Marshadow|100/100
|-damage|p2a: Joru Chan|88/100|[from] Spikes
|move|p1a: Ferrothorn|Knock Off|p2a: Joru Chan
|-damage|p2a: Joru Chan|62/100
|-enditem|p2a: Joru Chan|Life Orb|[from] move: Knock Off|[of] p1a: Ferrothorn
|
|upkeep
|turn|32
|
|switch|p1a: Ho-Oh|Ho-Oh|65/100
|move|p2a: Joru Chan|Close Combat|p1a: Ho-Oh
|-resisted|p1a: Ho-Oh
|-damage|p1a: Ho-Oh|44/100
|-unboost|p2a: Joru Chan|def|1
|-unboost|p2a: Joru Chan|spd|1
|
|upkeep
|turn|33
|inactive|Monotype Sveta has 120 seconds left.
|
|-start|p1a: Ho-Oh|Dynamax
|-heal|p1a: Ho-Oh|44/100|[silent]
|move|p2a: Joru Chan|Spectral Thief|p1a: Ho-Oh
|-damage|p1a: Ho-Oh|29/100
|move|p1a: Ho-Oh|Max Airstream|p2a: Joru Chan
|-supereffective|p2a: Joru Chan
|-damage|p2a: Joru Chan|0 fnt
|-boost|p1a: Ho-Oh|spe|1
|faint|p2a: Joru Chan
|
|upkeep
|
|switch|p2a: Greninja|Greninja, M|88/100
|-damage|p2a: Greninja|76/100|[from] Spikes
|turn|34
|c| Red Knuckle|you're a girl too bacco?
|
|-end|p1a: Ho-Oh|Dynamax
|-heal|p1a: Ho-Oh|29/100|[silent]
|switch|p1a: Ferrothorn|Ferrothorn, M|100/100
|-damage|p1a: Ferrothorn|94/100|[from] Stealth Rock
|move|p2a: Greninja|Water Shuriken|p1a: Ferrothorn
|-resisted|p1a: Ferrothorn
|-damage|p1a: Ferrothorn|91/100
|-resisted|p1a: Ferrothorn
|-crit|p1a: Ferrothorn
|-damage|p1a: Ferrothorn|86/100
|-resisted|p1a: Ferrothorn
|-damage|p1a: Ferrothorn|83/100
|-resisted|p1a: Ferrothorn
|-damage|p1a: Ferrothorn|80/100
|-resisted|p1a: Ferrothorn
|-damage|p1a: Ferrothorn|77/100
|-hitcount|p1a: Ferrothorn|5
|
|-heal|p1a: Ferrothorn|83/100|[from] item: Leftovers
|upkeep
|turn|35
|c| Red Knuckle|so it's a fight between genders now
|c| Red Knuckle|mens vs girls
|c|☆Jayki11|im a girl too
|c| Red Knuckle|no youre not
|c| Red Knuckle|stop lyin
|inactive|Jayki11 has 120 seconds left.
|c| Red Knuckle|g
|
|switch|p2a: Gekkou The Vagabon|Zacian-Crowned|100/100
|-damage|p2a: Gekkou The Vagabon|88/100|[from] Spikes
|-ability|p2a: Gekkou The Vagabon|Intrepid Sword|boost
|-boost|p2a: Gekkou The Vagabon|atk|1
|move|p1a: Ferrothorn|Leech Seed|p2a: Gekkou The Vagabon
|-start|p2a: Gekkou The Vagabon|move: Leech Seed
|
|-heal|p1a: Ferrothorn|89/100|[from] item: Leftovers
|-damage|p2a: Gekkou The Vagabon|76/100|[from] Leech Seed|[of] p1a: Ferrothorn
|-heal|p1a: Ferrothorn|100/100|[silent]
|upkeep
|turn|36
|c|☆Jayki11|why i would lying about it ?
|c| Red Knuckle|you have a long and big dick
|c| Red Knuckle|lets be honest
|inactive|Jayki11 has 120 seconds left.
|c|☆Jayki11|...
|c|☆Monotype Sveta|lol
|
|switch|p1a: Necrozma|Necrozma-Dusk-Mane|100/100
|-damage|p1a: Necrozma|94/100|[from] Stealth Rock
|move|p2a: Gekkou The Vagabon|Fire Fang|p1a: Necrozma
|-supereffective|p1a: Necrozma
|-damage|p1a: Necrozma|58/100
|
|-heal|p1a: Necrozma|64/100|[from] item: Leftovers
|-damage|p2a: Gekkou The Vagabon|64/100|[from] Leech Seed|[of] p1a: Necrozma
|-heal|p1a: Necrozma|74/100|[silent]
|upkeep
|turn|37
|inactive|Jayki11 has 120 seconds left.
|c| Red Knuckle|sorry for my harsh word but im an honest guy
|j|+Salamander
|
|switch|p2a: Power inside of Yo|Lugia|88/100
|move|p1a: Necrozma|Toxic|p2a: Power inside of Yo
|-status|p2a: Power inside of Yo|tox
|
|-heal|p2a: Power inside of Yo|94/100 tox|[from] item: Leftovers
|-heal|p1a: Necrozma|80/100|[from] item: Leftovers
|-damage|p2a: Power inside of Yo|88/100 tox|[from] psn
|upkeep
|turn|38
|inactive|Jayki11 has 120 seconds left.
|c| Red Knuckle|salamander mdr
|c|☆Jayki11|omg my c*ck is here now
|c|☆Jayki11|mdr
|c|☆Jayki11|jai implosé
|c| Red Knuckle|XPDRRRRRRRRRRRRRRRRRRRRRRRRRRRRRRRRRRR
|c| Red Knuckle|c pas toi ?
|j| FairyxLucy♥
|c| Red Knuckle|avec un multi compte?
|
|move|p1a: Necrozma|Stealth Rock|p2a: Power inside of Yo
|-sidestart|p2: Jayki11|move: Stealth Rock
|move|p2a: Power inside of Yo|Whirlwind|p1a: Necrozma
|drag|p1a: Ho-Oh|Ho-Oh|62/100
|
|-heal|p2a: Power inside of Yo|94/100 tox|[from] item: Leftovers
|-damage|p2a: Power inside of Yo|82/100 tox|[from] psn
|upkeep
|turn|39
|c|☆Jayki11|no
|c| Red Knuckle|HAHAAHA
|c|☆Jayki11|mdr
|
|switch|p1a: Ferrothorn|Ferrothorn, M|100/100
|-damage|p1a: Ferrothorn|94/100|[from] Stealth Rock
|move|p2a: Power inside of Yo|Toxic|p1a: Ferrothorn
|-immune|p1a: Ferrothorn
|
|-heal|p2a: Power inside of Yo|88/100 tox|[from] item: Leftovers
|-heal|p1a: Ferrothorn|100/100|[from] item: Leftovers
|-damage|p2a: Power inside of Yo|69/100 tox|[from] psn
|upkeep
|turn|40
|c| Red Knuckle|JMEVEIL AU ULTRA INSTINCT SERIEU
|c| Red Knuckle|hier je devine le son que tecoute
|c|☆Monotype Sveta|...lol?
|c| Red Knuckle|parmis 1 miliard de son
|c| Red Knuckle|et la jinvoque
|
|move|p1a: Ferrothorn|Leech Seed|p2a: Power inside of Yo
|-start|p2a: Power inside of Yo|move: Leech Seed
|move|p2a: Power inside of Yo|Whirlwind|p1a: Ferrothorn
|drag|p1a: Ho-Oh|Ho-Oh|95/100
|
|-heal|p2a: Power inside of Yo|75/100 tox|[from] item: Leftovers
|-damage|p2a: Power inside of Yo|63/100 tox|[from] Leech Seed|[of] p1a: Ho-Oh
|-heal|p1a: Ho-Oh|100/100|[silent]
|-damage|p2a: Power inside of Yo|38/100 tox|[from] psn
|upkeep
|turn|41
|c| Red Knuckle|salamander
|c| Red Knuckle|jdeviens divin
|j| JJpls
|
|switch|p1a: Ferrothorn|Ferrothorn, M|100/100
|-damage|p1a: Ferrothorn|94/100|[from] Stealth Rock
|move|p2a: Power inside of Yo|Toxic|p1a: Ferrothorn
|-immune|p1a: Ferrothorn
|
|-heal|p2a: Power inside of Yo|44/100 tox|[from] item: Leftovers
|-heal|p1a: Ferrothorn|100/100|[from] item: Leftovers
|-damage|p2a: Power inside of Yo|32/100 tox|[from] Leech Seed|[of] p1a: Ferrothorn
|-damage|p2a: Power inside of Yo|0 fnt|[from] psn
|faint|p2a: Power inside of Yo
|upkeep
|c| Red Knuckle|sorry girls, i was speaking with my friend a bit
|-message|Jayki11 forfeited.
|
|win|Monotype Sveta
|l|☆Jayki11
|c| Red Knuckle|woooo a lot of new guest here
|c|☆Monotype Sveta|Ok
|c| Red Knuckle|everybody came for the party
|c| Red Knuckle|welcome welcome everybody
|c| Red Knuckle|take a seat
|c| Red Knuckle|have fun the fight is great
|c| Red Knuckle|great atmosphere
|c|☆Monotype Sveta|'-'
