|j|☆ghgghhgg is banded
|j|☆chopforce8
|t:|1633167331
|gametype|singles
|player|p1|ghgghhgg is banded|policeman-gen4|1665
|player|p2|chopforce8|red|1887
|teamsize|p1|6
|teamsize|p2|6
|gen|8
|tier|[Gen 8] National Dex AG
|rated|
|rule|HP Percentage Mod: HP is shown in percentages
|rule|Endless Battle Clause: Forcing endless battles is banned
|clearpoke
|poke|p1|Rayquaza|
|poke|p1|Arceus-*|
|poke|p1|Arceus-*|
|poke|p1|Ditto|
|poke|p1|Necrozma-Dusk-Mane|
|poke|p1|Yveltal|
|poke|p2|Yveltal|
|poke|p2|Diancie|
|poke|p2|Calyrex-Shadow|
|poke|p2|Zacian-*|
|poke|p2|Ditto|
|poke|p2|Arceus-*|
|teampreview
|inactive|Battle timer is ON: inactive players will automatically lose when time's up. (requested by ghgghhgg is banded)
|j| TheNormalTypah
|l| TheNormalTypah
|inactive|ghgghhgg is banded has 120 seconds left.
|
|t:|1633167369
|start
|switch|p1a: Rayquaza|Rayquaza|100/100
|switch|p2a: Voldemort|Yveltal|100/100
|-ability|p2a: Voldemort|Dark Aura
|-ability|p1a: Rayquaza|Air Lock
|turn|1
|
|t:|1633167380
|detailschange|p1a: Rayquaza|Rayquaza-Mega
|-mega|p1a: Rayquaza|Rayquaza|
|-weather|DeltaStream|[from] ability: Delta Stream|[of] p1a: Rayquaza
|-start|p2a: Voldemort|Dynamax
|-heal|p2a: Voldemort|100/100|[silent]
|move|p1a: Rayquaza|Dragon Ascent|p2a: Voldemort
|-damage|p2a: Voldemort|39/100
|-unboost|p1a: Rayquaza|def|1
|-unboost|p1a: Rayquaza|spd|1
|-damage|p1a: Rayquaza|91/100|[from] item: Life Orb
|move|p2a: Voldemort|Max Airstream|p1a: Rayquaza
|-damage|p1a: Rayquaza|0 fnt
|-boost|p2a: Voldemort|spe|1
|faint|p1a: Rayquaza
|-weather|none
|-damage|p2a: Voldemort|34/100|[from] item: Life Orb
|
|upkeep
|
|t:|1633167391
|switch|p1a: Yveltal|Yveltal|100/100
|-ability|p1a: Yveltal|Dark Aura
|turn|2
|
|t:|1633167400
|move|p2a: Voldemort|Max Airstream|p1a: Yveltal
|-damage|p1a: Yveltal|51/100
|-boost|p2a: Voldemort|spe|1
|-damage|p2a: Voldemort|30/100|[from] item: Life Orb
|move|p1a: Yveltal|Roost|p1a: Yveltal
|-heal|p1a: Yveltal|100/100
|-singleturn|p1a: Yveltal|move: Roost
|
|upkeep
|turn|3
|
|t:|1633167411
|-end|p2a: Voldemort|Dynamax
|-heal|p2a: Voldemort|30/100|[silent]
|switch|p2a: Harry Potter|Diancie|100/100
|move|p1a: Yveltal|Roost||[still]
|-fail|p1a: Yveltal|heal
|
|upkeep
|turn|4
|
|t:|1633167418
|switch|p1a: Necrozma|Necrozma-Dusk-Mane|100/100
|detailschange|p2a: Harry Potter|Diancie-Mega
|-mega|p2a: Harry Potter|Diancie|Diancite
|move|p2a: Harry Potter|Earth Power|p1a: Necrozma
|-supereffective|p1a: Necrozma
|-damage|p1a: Necrozma|58/100
|
|upkeep
|turn|5
|
|t:|1633167425
|move|p2a: Harry Potter|Stealth Rock|p1a: Necrozma
|-sidestart|p1: ghgghhgg is banded|move: Stealth Rock
|move|p1a: Necrozma|Morning Sun|p1a: Necrozma
|-heal|p1a: Necrozma|100/100
|
|upkeep
|turn|6
|
|t:|1633167437
|move|p2a: Harry Potter|Earth Power|p1a: Necrozma
|-supereffective|p1a: Necrozma
|-damage|p1a: Necrozma|58/100
|-unboost|p1a: Necrozma|spd|1
|move|p1a: Necrozma|Sunsteel Strike|p2a: Harry Potter
|-supereffective|p2a: Harry Potter
|-damage|p2a: Harry Potter|0 fnt
|faint|p2a: Harry Potter
|
|upkeep
|
|t:|1633167449
|switch|p2a: Professorquirrel|Calyrex-Shadow|100/100
|-ability|p2a: Professorquirrel|As One
|-ability|p2a: Professorquirrel|Unnerve
|turn|7
|
|t:|1633167458
|switch|p1a: Yveltal|Yveltal|100/100
|-ability|p1a: Yveltal|Dark Aura
|move|p2a: Professorquirrel|Nasty Plot|p2a: Professorquirrel
|-boost|p2a: Professorquirrel|spa|2
|
|upkeep
|turn|8
|
|t:|1633167469
|move|p2a: Professorquirrel|Baton Pass|p2a: Professorquirrel
|
|t:|1633167471
|switch|p2a: Chess Wizard|Arceus-Flying|100/100|[from]move: Baton Pass
|move|p1a: Yveltal|U-turn|p2a: Chess Wizard
|-resisted|p2a: Chess Wizard
|-damage|p2a: Chess Wizard|95/100
|
|t:|1633167478
|switch|p1a: Arceus|Arceus-Ground|100/100|[from]move: U-turn
|-damage|p1a: Arceus|94/100|[from] Stealth Rock
|
|upkeep
|turn|9
|
|t:|1633167492
|move|p2a: Chess Wizard|Judgment|p1a: Arceus
|-damage|p1a: Arceus|34/100
|move|p1a: Arceus|Swords Dance|p1a: Arceus
|-boost|p1a: Arceus|atk|2
|
|upkeep
|turn|10
|
|t:|1633167501
|switch|p2a: Voldemort|Yveltal|30/100
|-ability|p2a: Voldemort|Dark Aura
|-start|p1a: Arceus|Dynamax
|-heal|p1a: Arceus|34/100|[silent]
|move|p1a: Arceus|Max Rockfall|p2a: Voldemort
|-supereffective|p2a: Voldemort
|-damage|p2a: Voldemort|0 fnt
|-weather|Sandstorm
|faint|p2a: Voldemort
|
|-weather|Sandstorm|[upkeep]
|upkeep
|
|t:|1633167519
|switch|p2a: MirrorofErised|Ditto|100/100
|-transform|p2a: MirrorofErised|p1a: Arceus|[from] ability: Imposter
|turn|11
|
|t:|1633167528
|move|p2a: MirrorofErised|Earthquake|p1a: Arceus
|-damage|p1a: Arceus|1/100
|move|p1a: Arceus|Max Quake|p2a: MirrorofErised
|-damage|p2a: MirrorofErised|0 fnt
|-boost|p1a: Arceus|spd|1
|faint|p2a: MirrorofErised
|
|-weather|Sandstorm|[upkeep]
|upkeep
|
|t:|1633167537
|switch|p2a: Chess Wizard|Arceus-Flying|95/100
|turn|12
|
|t:|1633167540
|move|p2a: Chess Wizard|Judgment|p1a: Arceus
|-damage|p1a: Arceus|0 fnt
|faint|p1a: Arceus
|
|-weather|Sandstorm|[upkeep]
|-damage|p2a: Chess Wizard|89/100|[from] Sandstorm
|upkeep
|
|t:|1633167544
|switch|p1a: Arceus|Arceus-Fairy|100/100
|-damage|p1a: Arceus|88/100|[from] Stealth Rock
|turn|13
|
|t:|1633167550
|move|p2a: Chess Wizard|Calm Mind|p2a: Chess Wizard
|-boost|p2a: Chess Wizard|spa|1
|-boost|p2a: Chess Wizard|spd|1
|move|p1a: Arceus|Calm Mind|p1a: Arceus
|-boost|p1a: Arceus|spa|1
|-boost|p1a: Arceus|spd|1
|
|-weather|Sandstorm|[upkeep]
|-damage|p2a: Chess Wizard|83/100|[from] Sandstorm
|-damage|p1a: Arceus|82/100|[from] Sandstorm
|upkeep
|turn|14
|
|t:|1633167559
|move|p2a: Chess Wizard|Judgment|p1a: Arceus
|-damage|p1a: Arceus|49/100
|move|p1a: Arceus|Calm Mind|p1a: Arceus
|-boost|p1a: Arceus|spa|1
|-boost|p1a: Arceus|spd|1
|
|-weather|none
|upkeep
|turn|15
|
|t:|1633167570
|move|p2a: Chess Wizard|Calm Mind|p2a: Chess Wizard
|-boost|p2a: Chess Wizard|spa|1
|-boost|p2a: Chess Wizard|spd|1
|move|p1a: Arceus|Recover|p1a: Arceus
|-heal|p1a: Arceus|99/100
|
|upkeep
|turn|16
|
|t:|1633167575
|move|p2a: Chess Wizard|Calm Mind|p2a: Chess Wizard
|-boost|p2a: Chess Wizard|spa|1
|-boost|p2a: Chess Wizard|spd|1
|move|p1a: Arceus|Calm Mind|p1a: Arceus
|-boost|p1a: Arceus|spa|1
|-boost|p1a: Arceus|spd|1
|
|upkeep
|turn|17
|
|t:|1633167586
|move|p2a: Chess Wizard|Judgment|p1a: Arceus
|-damage|p1a: Arceus|68/100
|move|p1a: Arceus|Calm Mind|p1a: Arceus
|-boost|p1a: Arceus|spa|1
|-boost|p1a: Arceus|spd|1
|
|upkeep
|turn|18
|
|t:|1633167597
|move|p2a: Chess Wizard|Calm Mind|p2a: Chess Wizard
|-boost|p2a: Chess Wizard|spa|1
|-boost|p2a: Chess Wizard|spd|1
|move|p1a: Arceus|Calm Mind|p1a: Arceus
|-boost|p1a: Arceus|spa|1
|-boost|p1a: Arceus|spd|1
|
|upkeep
|turn|19
|
|t:|1633167606
|move|p2a: Chess Wizard|Calm Mind|p2a: Chess Wizard
|-boost|p2a: Chess Wizard|spa|1
|-boost|p2a: Chess Wizard|spd|1
|move|p1a: Arceus|Calm Mind|p1a: Arceus
|-boost|p1a: Arceus|spa|1
|-boost|p1a: Arceus|spd|1
|
|upkeep
|turn|20
|
|t:|1633167612
|move|p2a: Chess Wizard|Calm Mind|p2a: Chess Wizard
|-boost|p2a: Chess Wizard|spa|1
|-boost|p2a: Chess Wizard|spd|1
|move|p1a: Arceus|Judgment|p2a: Chess Wizard
|-damage|p2a: Chess Wizard|49/100
|
|upkeep
|turn|21
|
|t:|1633167620
|move|p2a: Chess Wizard|Judgment|p1a: Arceus
|-damage|p1a: Arceus|34/100
|move|p1a: Arceus|Judgment|p2a: Chess Wizard
|-damage|p2a: Chess Wizard|18/100
|
|upkeep
|turn|22
|
|t:|1633167627
|move|p2a: Chess Wizard|Recover|p2a: Chess Wizard
|-heal|p2a: Chess Wizard|68/100
|move|p1a: Arceus|Recover|p1a: Arceus
|-heal|p1a: Arceus|84/100
|
|upkeep
|turn|23
|
|t:|1633167634
|move|p2a: Chess Wizard|Judgment|p1a: Arceus
|-damage|p1a: Arceus|52/100
|move|p1a: Arceus|Judgment|p2a: Chess Wizard
|-damage|p2a: Chess Wizard|35/100
|
|upkeep
|turn|24
|
|t:|1633167640
|move|p2a: Chess Wizard|Recover|p2a: Chess Wizard
|-heal|p2a: Chess Wizard|85/100
|move|p1a: Arceus|Recover|p1a: Arceus
|-heal|p1a: Arceus|100/100
|
|upkeep
|turn|25
|
|t:|1633167651
|move|p2a: Chess Wizard|Calm Mind|p2a: Chess Wizard
|-boost|p2a: Chess Wizard|spa|0
|-boost|p2a: Chess Wizard|spd|0
|move|p1a: Arceus|Judgment|p2a: Chess Wizard
|-damage|p2a: Chess Wizard|51/100
|
|upkeep
|turn|26
|
|t:|1633167660
|move|p2a: Chess Wizard|Recover|p2a: Chess Wizard
|-heal|p2a: Chess Wizard|100/100
|move|p1a: Arceus|Judgment|p2a: Chess Wizard
|-damage|p2a: Chess Wizard|69/100
|
|upkeep
|turn|27
|
|t:|1633167666
|move|p2a: Chess Wizard|Recover|p2a: Chess Wizard
|-heal|p2a: Chess Wizard|100/100
|move|p1a: Arceus|Judgment|p2a: Chess Wizard
|-damage|p2a: Chess Wizard|71/100
|
|upkeep
|turn|28
|
|t:|1633167673
|move|p2a: Chess Wizard|Judgment|p1a: Arceus
|-damage|p1a: Arceus|69/100
|move|p1a: Arceus|Judgment|p2a: Chess Wizard
|-damage|p2a: Chess Wizard|39/100
|
|upkeep
|turn|29
|
|t:|1633167679
|move|p2a: Chess Wizard|Recover|p2a: Chess Wizard
|-heal|p2a: Chess Wizard|89/100
|move|p1a: Arceus|Judgment|p2a: Chess Wizard
|-damage|p2a: Chess Wizard|55/100
|
|upkeep
|turn|30
|c|☆ghgghhgg is banded|hitting more has high crit ration
|c|☆ghgghhgg is banded|ratio*
|
|t:|1633167694
|move|p2a: Chess Wizard|Recover|p2a: Chess Wizard
|-heal|p2a: Chess Wizard|100/100
|move|p1a: Arceus|Judgment|p2a: Chess Wizard
|-damage|p2a: Chess Wizard|67/100
|
|upkeep
|turn|31
|
|t:|1633167701
|move|p2a: Chess Wizard|Judgment|p1a: Arceus
|-damage|p1a: Arceus|35/100
|move|p1a: Arceus|Recover|p1a: Arceus
|-heal|p1a: Arceus|85/100
|
|upkeep
|turn|32
|
|t:|1633167707
|move|p2a: Chess Wizard|Recover|p2a: Chess Wizard
|-heal|p2a: Chess Wizard|100/100
|move|p1a: Arceus|Judgment|p2a: Chess Wizard
|-damage|p2a: Chess Wizard|68/100
|
|upkeep
|turn|33
|
|t:|1633167718
|move|p2a: Chess Wizard|Judgment|p1a: Arceus
|-damage|p1a: Arceus|54/100
|move|p1a: Arceus|Judgment|p2a: Chess Wizard
|-damage|p2a: Chess Wizard|34/100
|
|upkeep
|turn|34
|
|t:|1633167725
|move|p2a: Chess Wizard|Recover|p2a: Chess Wizard
|-heal|p2a: Chess Wizard|84/100
|move|p1a: Arceus|Recover|p1a: Arceus
|-heal|p1a: Arceus|100/100
|
|upkeep
|turn|35
|
|t:|1633167734
|move|p2a: Chess Wizard|Calm Mind|p2a: Chess Wizard
|-boost|p2a: Chess Wizard|spa|0
|-boost|p2a: Chess Wizard|spd|0
|move|p1a: Arceus|Recover||[still]
|-fail|p1a: Arceus|heal
|
|upkeep
|turn|36
|
|t:|1633167740
|move|p2a: Chess Wizard|Calm Mind|p2a: Chess Wizard
|-boost|p2a: Chess Wizard|spa|0
|-boost|p2a: Chess Wizard|spd|0
|move|p1a: Arceus|Calm Mind|p1a: Arceus
|-boost|p1a: Arceus|spa|0
|-boost|p1a: Arceus|spd|0
|
|upkeep
|turn|37
|
|t:|1633167747
|move|p2a: Chess Wizard|Calm Mind|p2a: Chess Wizard
|-boost|p2a: Chess Wizard|spa|0
|-boost|p2a: Chess Wizard|spd|0
|move|p1a: Arceus|Calm Mind|p1a: Arceus
|-boost|p1a: Arceus|spa|0
|-boost|p1a: Arceus|spd|0
|
|upkeep
|turn|38
|
|t:|1633167753
|move|p2a: Chess Wizard|Calm Mind|p2a: Chess Wizard
|-boost|p2a: Chess Wizard|spa|0
|-boost|p2a: Chess Wizard|spd|0
|move|p1a: Arceus|Calm Mind|p1a: Arceus
|-boost|p1a: Arceus|spa|0
|-boost|p1a: Arceus|spd|0
|
|upkeep
|turn|39
|
|t:|1633167759
|move|p2a: Chess Wizard|Calm Mind|p2a: Chess Wizard
|-boost|p2a: Chess Wizard|spa|0
|-boost|p2a: Chess Wizard|spd|0
|move|p1a: Arceus|Calm Mind|p1a: Arceus
|-boost|p1a: Arceus|spa|0
|-boost|p1a: Arceus|spd|0
|
|upkeep
|turn|40
|
|t:|1633167770
|move|p2a: Chess Wizard|Calm Mind|p2a: Chess Wizard
|-boost|p2a: Chess Wizard|spa|0
|-boost|p2a: Chess Wizard|spd|0
|move|p1a: Arceus|Calm Mind|p1a: Arceus
|-boost|p1a: Arceus|spa|0
|-boost|p1a: Arceus|spd|0
|
|upkeep
|turn|41
|
|t:|1633167777
|move|p2a: Chess Wizard|Judgment|p1a: Arceus
|-damage|p1a: Arceus|69/100
|move|p1a: Arceus|Calm Mind|p1a: Arceus
|-boost|p1a: Arceus|spa|0
|-boost|p1a: Arceus|spd|0
|
|upkeep
|turn|42
|
|t:|1633167783
|move|p2a: Chess Wizard|Judgment|p1a: Arceus
|-damage|p1a: Arceus|38/100
|move|p1a: Arceus|Recover|p1a: Arceus
|-heal|p1a: Arceus|88/100
|
|upkeep
|turn|43
|
|t:|1633167791
|move|p2a: Chess Wizard|Recover|p2a: Chess Wizard
|-heal|p2a: Chess Wizard|100/100
|move|p1a: Arceus|Recover|p1a: Arceus
|-heal|p1a: Arceus|100/100
|
|upkeep
|turn|44
|
|t:|1633167797
|move|p2a: Chess Wizard|Calm Mind|p2a: Chess Wizard
|-boost|p2a: Chess Wizard|spa|0
|-boost|p2a: Chess Wizard|spd|0
|move|p1a: Arceus|Calm Mind|p1a: Arceus
|-boost|p1a: Arceus|spa|0
|-boost|p1a: Arceus|spd|0
|
|upkeep
|turn|45
|
|t:|1633167806
|move|p2a: Chess Wizard|Perish Song|p2a: Chess Wizard
|-start|p1a: Arceus|perish3|[silent]
|-start|p2a: Chess Wizard|perish3|[silent]
|-fieldactivate|move: Perish Song
|move|p1a: Arceus|Calm Mind|p1a: Arceus
|-boost|p1a: Arceus|spa|0
|-boost|p1a: Arceus|spd|0
|
|-start|p2a: Chess Wizard|perish3
|-start|p1a: Arceus|perish3
|upkeep
|turn|46
|j| ashfaq(we)r
|c|☆ghgghhgg is banded|great
|c|☆ghgghhgg is banded|i was waiting for this
|
|t:|1633167823
|switch|p2a: Fluffy|Zacian-Crowned|100/100
|-ability|p2a: Fluffy|Intrepid Sword|boost
|-boost|p2a: Fluffy|atk|1
|move|p1a: Arceus|Calm Mind|p1a: Arceus
|-boost|p1a: Arceus|spa|0
|-boost|p1a: Arceus|spd|0
|
|-start|p1a: Arceus|perish2
|upkeep
|turn|47
|
|t:|1633167832
|move|p2a: Fluffy|Substitute|p2a: Fluffy
|-start|p2a: Fluffy|Substitute
|-damage|p2a: Fluffy|76/100
|move|p1a: Arceus|Judgment|p2a: Fluffy
|-resisted|p2a: Fluffy
|-end|p2a: Fluffy|Substitute
|
|-start|p1a: Arceus|perish1
|upkeep
|turn|48
|
|t:|1633167851
|move|p2a: Fluffy|Close Combat|p1a: Arceus
|-resisted|p1a: Arceus
|-damage|p1a: Arceus|76/100
|-unboost|p2a: Fluffy|def|1
|-unboost|p2a: Fluffy|spd|1
|move|p1a: Arceus|Judgment|p2a: Fluffy
|-resisted|p2a: Fluffy
|-damage|p2a: Fluffy|0 fnt
|faint|p2a: Fluffy
|
|-start|p1a: Arceus|perish0
|upkeep
|faint|p1a: Arceus
|
|t:|1633167866
|switch|p2a: Professorquirrel|Calyrex-Shadow|100/100
|switch|p1a: Necrozma|Necrozma-Dusk-Mane|58/100
|-ability|p2a: Professorquirrel|As One
|-ability|p2a: Professorquirrel|Unnerve
|-damage|p1a: Necrozma|52/100|[from] Stealth Rock
|turn|49
|
|t:|1633167874
|move|p2a: Professorquirrel|Substitute|p2a: Professorquirrel
|-start|p2a: Professorquirrel|Substitute
|-damage|p2a: Professorquirrel|76/100
|move|p1a: Necrozma|Sunsteel Strike|p2a: Professorquirrel
|-end|p2a: Professorquirrel|Substitute
|
|upkeep
|turn|50
|
|t:|1633167880
|switch|p1a: Yveltal|Yveltal|100/100
|-ability|p1a: Yveltal|Dark Aura
|move|p2a: Professorquirrel|Substitute|p2a: Professorquirrel
|-start|p2a: Professorquirrel|Substitute
|-damage|p2a: Professorquirrel|51/100
|
|upkeep
|turn|51
|
|t:|1633167889
|move|p2a: Professorquirrel|Baton Pass|p2a: Professorquirrel
|
|t:|1633167891
|switch|p2a: Chess Wizard|Arceus-Flying|100/100|[from]move: Baton Pass
|move|p1a: Yveltal|Snarl|p2a: Chess Wizard
|-damage|p2a: Chess Wizard|80/100
|-unboost|p2a: Chess Wizard|spa|1
|
|upkeep
|turn|52
|
|t:|1633167898
|move|p2a: Chess Wizard|Calm Mind|p2a: Chess Wizard
|-boost|p2a: Chess Wizard|spa|1
|-boost|p2a: Chess Wizard|spd|1
|move|p1a: Yveltal|Snarl|p2a: Chess Wizard
|-crit|p2a: Chess Wizard
|-damage|p2a: Chess Wizard|48/100
|-unboost|p2a: Chess Wizard|spa|1
|
|upkeep
|turn|53
|
|t:|1633167906
|move|p2a: Chess Wizard|Calm Mind|p2a: Chess Wizard
|-boost|p2a: Chess Wizard|spa|1
|-boost|p2a: Chess Wizard|spd|1
|move|p1a: Yveltal|Snarl|p2a: Chess Wizard
|-damage|p2a: Chess Wizard|37/100
|-unboost|p2a: Chess Wizard|spa|1
|
|upkeep
|turn|54
|
|t:|1633167914
|move|p2a: Chess Wizard|Recover|p2a: Chess Wizard
|-heal|p2a: Chess Wizard|87/100
|move|p1a: Yveltal|Snarl|p2a: Chess Wizard
|-damage|p2a: Chess Wizard|77/100
|-unboost|p2a: Chess Wizard|spa|1
|
|upkeep
|turn|55
|
|t:|1633167921
|move|p2a: Chess Wizard|Calm Mind|p2a: Chess Wizard
|-boost|p2a: Chess Wizard|spa|1
|-boost|p2a: Chess Wizard|spd|1
|move|p1a: Yveltal|Snarl|p2a: Chess Wizard
|-damage|p2a: Chess Wizard|68/100
|-unboost|p2a: Chess Wizard|spa|1
|
|upkeep
|turn|56
|
|t:|1633167929
|move|p2a: Chess Wizard|Calm Mind|p2a: Chess Wizard
|-boost|p2a: Chess Wizard|spa|1
|-boost|p2a: Chess Wizard|spd|1
|move|p1a: Yveltal|Defog|p2a: Chess Wizard
|-sideend|p1: ghgghhgg is banded|Stealth Rock|[from] move: Defog|[of] p1a: Yveltal
|
|upkeep
|turn|57
|
|t:|1633167934
|move|p2a: Chess Wizard|Calm Mind|p2a: Chess Wizard
|-boost|p2a: Chess Wizard|spa|1
|-boost|p2a: Chess Wizard|spd|1
|move|p1a: Yveltal|Snarl|p2a: Chess Wizard
|-damage|p2a: Chess Wizard|62/100
|-unboost|p2a: Chess Wizard|spa|1
|
|upkeep
|turn|58
|
|t:|1633167941
|move|p2a: Chess Wizard|Calm Mind|p2a: Chess Wizard
|-boost|p2a: Chess Wizard|spa|1
|-boost|p2a: Chess Wizard|spd|1
|move|p1a: Yveltal|Snarl|p2a: Chess Wizard
|-damage|p2a: Chess Wizard|57/100
|-unboost|p2a: Chess Wizard|spa|1
|
|upkeep
|turn|59
|
|t:|1633167948
|move|p2a: Chess Wizard|Calm Mind|p2a: Chess Wizard
|-boost|p2a: Chess Wizard|spa|1
|-boost|p2a: Chess Wizard|spd|0
|move|p1a: Yveltal|Snarl|p2a: Chess Wizard
|-damage|p2a: Chess Wizard|52/100
|-unboost|p2a: Chess Wizard|spa|1
|
|upkeep
|turn|60
|
|t:|1633167959
|move|p2a: Chess Wizard|Recover|p2a: Chess Wizard
|-heal|p2a: Chess Wizard|100/100
|move|p1a: Yveltal|Snarl|p2a: Chess Wizard
|-damage|p2a: Chess Wizard|95/100
|-unboost|p2a: Chess Wizard|spa|1
|
|upkeep
|turn|61
|
|t:|1633167966
|move|p2a: Chess Wizard|Calm Mind|p2a: Chess Wizard
|-boost|p2a: Chess Wizard|spa|1
|-boost|p2a: Chess Wizard|spd|0
|move|p1a: Yveltal|Snarl|p2a: Chess Wizard
|-damage|p2a: Chess Wizard|90/100
|-unboost|p2a: Chess Wizard|spa|1
|
|upkeep
|turn|62
|
|t:|1633167985
|move|p2a: Chess Wizard|Calm Mind|p2a: Chess Wizard
|-boost|p2a: Chess Wizard|spa|1
|-boost|p2a: Chess Wizard|spd|0
|move|p1a: Yveltal|Defog||[still]
|-fail|p1a: Yveltal
|
|upkeep
|turn|63
|c|☆ghgghhgg is banded|sorry partner
|
|t:|1633167992
|move|p2a: Chess Wizard|Calm Mind|p2a: Chess Wizard
|-boost|p2a: Chess Wizard|spa|1
|-boost|p2a: Chess Wizard|spd|0
|move|p1a: Yveltal|Snarl|p2a: Chess Wizard
|-damage|p2a: Chess Wizard|84/100
|-unboost|p2a: Chess Wizard|spa|1
|
|upkeep
|turn|64
|
|t:|1633168000
|move|p2a: Chess Wizard|Calm Mind|p2a: Chess Wizard
|-boost|p2a: Chess Wizard|spa|1
|-boost|p2a: Chess Wizard|spd|0
|move|p1a: Yveltal|Snarl|p2a: Chess Wizard
|-damage|p2a: Chess Wizard|79/100
|-unboost|p2a: Chess Wizard|spa|1
|
|upkeep
|turn|65
|c|☆chopforce8|it coul miss lol
|
|t:|1633168008
|move|p2a: Chess Wizard|Calm Mind|p2a: Chess Wizard
|-boost|p2a: Chess Wizard|spa|1
|-boost|p2a: Chess Wizard|spd|0
|move|p1a: Yveltal|Snarl|p2a: Chess Wizard
|-damage|p2a: Chess Wizard|73/100
|-unboost|p2a: Chess Wizard|spa|1
|
|upkeep
|turn|66
|c|☆ghgghhgg is banded|miss?
|c|☆chopforce8|90%
|c|☆ghgghhgg is banded|oh
|
|t:|1633168025
|move|p2a: Chess Wizard|Calm Mind|p2a: Chess Wizard
|-boost|p2a: Chess Wizard|spa|1
|-boost|p2a: Chess Wizard|spd|0
|move|p1a: Yveltal|Snarl|p2a: Chess Wizard
|-damage|p2a: Chess Wizard|67/100
|-unboost|p2a: Chess Wizard|spa|1
|
|upkeep
|turn|67
|
|t:|1633168032
|move|p2a: Chess Wizard|Calm Mind|p2a: Chess Wizard
|-boost|p2a: Chess Wizard|spa|1
|-boost|p2a: Chess Wizard|spd|0
|move|p1a: Yveltal|Snarl|p2a: Chess Wizard
|-damage|p2a: Chess Wizard|62/100
|-unboost|p2a: Chess Wizard|spa|1
|
|upkeep
|turn|68
|
|t:|1633168047
|move|p2a: Chess Wizard|Calm Mind|p2a: Chess Wizard
|-boost|p2a: Chess Wizard|spa|1
|-boost|p2a: Chess Wizard|spd|0
|move|p1a: Yveltal|Snarl|p2a: Chess Wizard
|-damage|p2a: Chess Wizard|56/100
|-unboost|p2a: Chess Wizard|spa|1
|
|upkeep
|turn|69
|
|t:|1633168055
|move|p2a: Chess Wizard|Calm Mind|p2a: Chess Wizard
|-boost|p2a: Chess Wizard|spa|1
|-boost|p2a: Chess Wizard|spd|0
|move|p1a: Yveltal|U-turn|p2a: Chess Wizard
|-resisted|p2a: Chess Wizard
|-activate|p2a: Chess Wizard|move: Substitute|[damage]
|
|t:|1633168058
|switch|p1a: Necrozma|Necrozma-Dusk-Mane|52/100|[from]move: U-turn
|
|upkeep
|turn|70
|
|t:|1633168067
|move|p2a: Chess Wizard|Recover|p2a: Chess Wizard
|-heal|p2a: Chess Wizard|100/100
|move|p1a: Necrozma|Morning Sun|p1a: Necrozma
|-heal|p1a: Necrozma|100/100
|
|upkeep
|turn|71
|
|t:|1633168077
|move|p2a: Chess Wizard|Calm Mind|p2a: Chess Wizard
|-boost|p2a: Chess Wizard|spa|1
|-boost|p2a: Chess Wizard|spd|0
|move|p1a: Necrozma|Sunsteel Strike|p2a: Chess Wizard
|-end|p2a: Chess Wizard|Substitute
|
|upkeep
|turn|72
|
|t:|1633168086
|move|p2a: Chess Wizard|Calm Mind|p2a: Chess Wizard
|-boost|p2a: Chess Wizard|spa|1
|-boost|p2a: Chess Wizard|spd|0
|move|p1a: Necrozma|Thunder Wave|p2a: Chess Wizard
|-status|p2a: Chess Wizard|par
|
|upkeep
|turn|73
|
|t:|1633168092
|move|p1a: Necrozma|Sunsteel Strike|p2a: Chess Wizard
|-damage|p2a: Chess Wizard|68/100 par
|move|p2a: Chess Wizard|Judgment|p1a: Necrozma
|-resisted|p1a: Necrozma
|-damage|p1a: Necrozma|60/100
|
|upkeep
|turn|74
|j| Adhiraj8202
|
|t:|1633168100
|move|p1a: Necrozma|Sunsteel Strike|p2a: Chess Wizard
|-damage|p2a: Chess Wizard|36/100 par
|move|p2a: Chess Wizard|Recover|p2a: Chess Wizard
|-heal|p2a: Chess Wizard|87/100 par
|
|upkeep
|turn|75
|
|t:|1633168106
|move|p1a: Necrozma|Morning Sun|p1a: Necrozma
|-heal|p1a: Necrozma|100/100
|move|p2a: Chess Wizard|Judgment|p1a: Necrozma
|-resisted|p1a: Necrozma
|-damage|p1a: Necrozma|65/100
|
|upkeep
|turn|76
|
|t:|1633168115
|move|p1a: Necrozma|Morning Sun|p1a: Necrozma
|-heal|p1a: Necrozma|100/100
|cant|p2a: Chess Wizard|par
|
|upkeep
|turn|77
|
|t:|1633168125
|move|p1a: Necrozma|Stealth Rock|p2a: Chess Wizard
|-sidestart|p2: chopforce8|move: Stealth Rock
|move|p2a: Chess Wizard|Recover|p2a: Chess Wizard
|-heal|p2a: Chess Wizard|100/100 par
|
|upkeep
|turn|78
|j| Sceptii
|
|t:|1633168144
|move|p1a: Necrozma|Thunder Wave|p2a: Chess Wizard
|-fail|p2a: Chess Wizard|par
|cant|p2a: Chess Wizard|par
|
|upkeep
|turn|79
|
|t:|1633168150
|move|p1a: Necrozma|Thunder Wave|p2a: Chess Wizard
|-fail|p2a: Chess Wizard|par
|cant|p2a: Chess Wizard|par
|
|upkeep
|turn|80
|
|t:|1633168155
|move|p1a: Necrozma|Thunder Wave|p2a: Chess Wizard
|-fail|p2a: Chess Wizard|par
|move|p2a: Chess Wizard|Judgment|p1a: Necrozma
|-resisted|p1a: Necrozma
|-damage|p1a: Necrozma|62/100
|
|upkeep
|turn|81
|c| Adhiraj8202|non refresh cm arc
|
|t:|1633168161
|move|p1a: Necrozma|Morning Sun|p1a: Necrozma
|-heal|p1a: Necrozma|100/100
|move|p2a: Chess Wizard|Judgment|p1a: Necrozma
|-resisted|p1a: Necrozma
|-damage|p1a: Necrozma|61/100
|
|upkeep
|turn|82
|c|☆ghgghhgg is banded|lol
|c|☆ghgghhgg is banded|song
|
|t:|1633168168
|move|p1a: Necrozma|Morning Sun|p1a: Necrozma
|-heal|p1a: Necrozma|100/100
|move|p2a: Chess Wizard|Judgment|p1a: Necrozma
|-resisted|p1a: Necrozma
|-damage|p1a: Necrozma|63/100
|
|upkeep
|turn|83
|c|☆chopforce8|gg
|
|t:|1633168175
|move|p1a: Necrozma|Morning Sun|p1a: Necrozma
|-heal|p1a: Necrozma|100/100
|cant|p2a: Chess Wizard|par
|
|upkeep
|turn|84
|c|☆ghgghhgg is banded|wp
|-message|chopforce8 forfeited.
|
|win|ghgghhgg is banded
|raw|ghgghhgg is banded's rating: 1665 &rarr; <strong>1696</strong><br />(+31 for winning)
|raw|chopforce8's rating: 1887 &rarr; <strong>1856</strong><br />(-31 for losing)
|l|☆chopforce8
