|j|☆ChunkyRat
|j|☆ArnauMedia
|t:|1623328688
|gametype|singles
|player|p1|ChunkyRat|burgh|1710
|player|p2|ArnauMedia|265|1633
|teamsize|p1|6
|teamsize|p2|6
|gen|8
|tier|[Gen 8] National Dex AG
|rated|
|rule|HP Percentage Mod: HP is shown in percentages
|rule|Endless Battle Clause: Forcing endless battles is banned
|clearpoke
|poke|p1|Rayquaza|
|poke|p1|Arceus-*|
|poke|p1|Arceus-*|
|poke|p1|Lugia|
|poke|p1|Groudon|
|poke|p1|Calyrex-Shadow|
|poke|p2|Smeargle, M|
|poke|p2|Marshadow|
|poke|p2|Ditto|
|poke|p2|Slurpuff, M|
|poke|p2|Arceus-*|
|poke|p2|Groudon|
|teampreview
|
|t:|1623328691
|start
|switch|p1a: Rayquaza|Rayquaza|100/100
|switch|p2a: Smeargle|Smeargle, M|100/100
|-ability|p1a: Rayquaza|Air Lock
|turn|1
|
|t:|1623328695
|move|p2a: Smeargle|Protect|p2a: Smeargle
|-singleturn|p2a: Smeargle|Protect
|move|p1a: Rayquaza|Scale Shot|p2a: Smeargle
|-activate|p2a: Smeargle|move: Protect
|
|-ability|p2a: Smeargle|Moody|boost
|-boost|p2a: Smeargle|atk|2
|-unboost|p2a: Smeargle|spa|1
|upkeep
|turn|2
|inactive|Battle timer is ON: inactive players will automatically lose when time's up. (requested by ArnauMedia)
|
|t:|1623328701
|switch|p2a: Slurpuff|Slurpuff, M|100/100
|detailschange|p1a: Rayquaza|Rayquaza-Mega
|-mega|p1a: Rayquaza|Rayquaza|
|-weather|DeltaStream|[from] ability: Delta Stream|[of] p1a: Rayquaza
|move|p1a: Rayquaza|Scale Shot|p2a: Slurpuff
|-immune|p2a: Slurpuff
|
|-weather|DeltaStream|[upkeep]
|upkeep
|turn|3
|
|t:|1623328704
|-weather|none
|switch|p1a: Groudon|Groudon|100/100
|detailschange|p1a: Groudon|Groudon-Primal
|-primal|p1a: Groudon
|-weather|DesolateLand|[from] ability: Desolate Land|[of] p1a: Groudon
|move|p2a: Slurpuff|Yawn|p1a: Groudon
|-start|p1a: Groudon|move: Yawn|[of] p2a: Slurpuff
|
|-weather|DesolateLand|[upkeep]
|upkeep
|turn|4
|
|t:|1623328707
|move|p1a: Groudon|Stealth Rock|p2a: Slurpuff
|-sidestart|p2: ArnauMedia|move: Stealth Rock
|move|p2a: Slurpuff|Sticky Web|p1a: Groudon
|-sidestart|p1: ChunkyRat|move: Sticky Web
|
|-weather|DesolateLand|[upkeep]
|-end|p1a: Groudon|move: Yawn|[silent]
|-status|p1a: Groudon|slp
|upkeep
|turn|5
|
|t:|1623328713
|switch|p2a: Smeargle|Smeargle, M|100/100
|-damage|p2a: Smeargle|88/100|[from] Stealth Rock
|cant|p1a: Groudon|slp
|
|-weather|DesolateLand|[upkeep]
|-ability|p2a: Smeargle|Moody|boost
|-boost|p2a: Smeargle|def|2
|-unboost|p2a: Smeargle|spd|1
|upkeep
|turn|6
|
|t:|1623328715
|-curestatus|p1a: Groudon|slp|[msg]
|move|p1a: Groudon|Lava Plume|p2a: Smeargle
|-damage|p2a: Smeargle|0 fnt
|faint|p2a: Smeargle
|
|-weather|DesolateLand|[upkeep]
|upkeep
|
|t:|1623328722
|switch|p2a: Ditto|Ditto|100/100
|-damage|p2a: Ditto|88/100|[from] Stealth Rock
|-transform|p2a: Ditto|p1a: Groudon|[from] ability: Imposter
|turn|7
|
|t:|1623328726
|switch|p1a: Lugia|Lugia|100/100
|move|p2a: Ditto|Earth Power|p1a: Lugia
|-immune|p1a: Lugia
|
|-weather|DesolateLand|[upkeep]
|upkeep
|turn|8
|
|t:|1623328730
|-weather|none
|switch|p2a: Slurpuff|Slurpuff, M|100/100
|-damage|p2a: Slurpuff|88/100|[from] Stealth Rock
|move|p1a: Lugia|Defog|p2a: Slurpuff
|-unboost|p2a: Slurpuff|evasion|1
|-sideend|p2: ArnauMedia|Stealth Rock|[from] move: Defog|[of] p1a: Lugia
|-sideend|p1: ChunkyRat|Sticky Web|[from] move: Defog|[of] p1a: Lugia
|
|upkeep
|turn|9
|
|t:|1623328734
|move|p2a: Slurpuff|Yawn|p1a: Lugia
|-start|p1a: Lugia|move: Yawn|[of] p2a: Slurpuff
|move|p1a: Lugia|Thunder Wave|p2a: Slurpuff
|-status|p2a: Slurpuff|par
|
|upkeep
|turn|10
|
|t:|1623328736
|switch|p1a: Groudon|Groudon-Primal|100/100
|-weather|DesolateLand|[from] ability: Desolate Land|[of] p1a: Groudon
|move|p2a: Slurpuff|Magic Coat|p2a: Slurpuff
|-singleturn|p2a: Slurpuff|move: Magic Coat
|
|-weather|DesolateLand|[upkeep]
|upkeep
|turn|11
|j| Goddess Spade
|
|t:|1623328739
|cant|p2a: Slurpuff|par
|move|p1a: Groudon|Lava Plume|p2a: Slurpuff
|-damage|p2a: Slurpuff|11/100 par
|-enditem|p2a: Slurpuff|Sitrus Berry|[eat]
|-heal|p2a: Slurpuff|36/100 par|[from] item: Sitrus Berry
|
|-weather|DesolateLand|[upkeep]
|upkeep
|turn|12
|
|t:|1623328745
|move|p1a: Groudon|Lava Plume|p2a: Slurpuff
|-damage|p2a: Slurpuff|0 fnt
|faint|p2a: Slurpuff
|
|-weather|DesolateLand|[upkeep]
|upkeep
|
|t:|1623328748
|switch|p2a: Groudon|Groudon|100/100
|detailschange|p2a: Groudon|Groudon-Primal
|-primal|p2a: Groudon
|turn|13
|
|t:|1623328750
|move|p2a: Groudon|Precipice Blades|p1a: Groudon
|-supereffective|p1a: Groudon
|-damage|p1a: Groudon|8/100
|move|p1a: Groudon|Earth Power|p2a: Groudon
|-supereffective|p2a: Groudon
|-damage|p2a: Groudon|0 fnt
|faint|p2a: Groudon
|
|-weather|DesolateLand|[upkeep]
|upkeep
|
|t:|1623328757
|switch|p2a: Marshadow|Marshadow|100/100
|turn|14
|
|t:|1623328761
|-start|p2a: Marshadow|Dynamax
|-heal|p2a: Marshadow|100/100|[silent]
|move|p2a: Marshadow|Max Knuckle|p1a: Groudon
|-damage|p1a: Groudon|0 fnt
|-boost|p2a: Marshadow|atk|1
|faint|p1a: Groudon
|-weather|none
|
|upkeep
|
|t:|1623328763
|switch|p1a: Lugia|Lugia|100/100
|turn|15
|
|t:|1623328767
|move|p2a: Marshadow|Max Phantasm|p1a: Lugia
|-supereffective|p1a: Lugia
|-damage|p1a: Lugia|47/100
|-unboost|p1a: Lugia|def|1
|move|p1a: Lugia|Thunder Wave|p2a: Marshadow
|-status|p2a: Marshadow|par
|
|upkeep
|turn|16
|c| Goddess Spade|Gg
|l| Goddess Spade
|
|t:|1623328793
|move|p1a: Lugia|Roost|p1a: Lugia
|-heal|p1a: Lugia|97/100
|-singleturn|p1a: Lugia|move: Roost
|move|p2a: Marshadow|Max Phantasm|p1a: Lugia
|-supereffective|p1a: Lugia
|-damage|p1a: Lugia|0 fnt
|faint|p1a: Lugia
|
|-end|p2a: Marshadow|Dynamax
|-heal|p2a: Marshadow|100/100 par|[silent]
|upkeep
|
|t:|1623328801
|switch|p1a: Rayquaza|Rayquaza-Mega|100/100
|-weather|DeltaStream|[from] ability: Delta Stream|[of] p1a: Rayquaza
|turn|17
|
|t:|1623328806
|move|p1a: Rayquaza|Dragon Ascent|p2a: Marshadow
|-supereffective|p2a: Marshadow
|-enditem|p2a: Marshadow|Focus Sash
|-damage|p2a: Marshadow|1/100 par
|-unboost|p1a: Rayquaza|def|1
|-unboost|p1a: Rayquaza|spd|1
|-damage|p1a: Rayquaza|91/100|[from] item: Life Orb
|move|p2a: Marshadow|Spectral Thief|p1a: Rayquaza
|-damage|p1a: Rayquaza|0 fnt
|faint|p1a: Rayquaza
|-weather|none
|
|upkeep
|
|t:|1623328826
|switch|p1a: Arceus|Arceus|100/100
|turn|18
|
|t:|1623328828
|move|p1a: Arceus|Shadow Claw|p2a: Marshadow
|-supereffective|p2a: Marshadow
|-damage|p2a: Marshadow|0 fnt
|faint|p2a: Marshadow
|
|upkeep
|
|t:|1623328833
|switch|p2a: Arceus|Arceus-Fairy|100/100
|turn|19
|
|t:|1623328836
|move|p2a: Arceus|Toxic|p1a: Arceus
|-status|p1a: Arceus|tox
|move|p1a: Arceus|Toxic|p2a: Arceus|[miss]
|-miss|p1a: Arceus|p2a: Arceus
|
|-damage|p1a: Arceus|94/100 tox|[from] psn
|upkeep
|turn|20
|
|t:|1623328844
|switch|p2a: Ditto|Ditto|88/100
|-transform|p2a: Ditto|p1a: Arceus|[from] ability: Imposter
|move|p1a: Arceus|Toxic|p2a: Ditto|[miss]
|-miss|p1a: Arceus|p2a: Ditto
|
|-heal|p1a: Arceus|100/100 tox|[from] item: Leftovers
|-damage|p1a: Arceus|88/100 tox|[from] psn
|upkeep
|turn|21
|
|t:|1623328851
|move|p2a: Ditto|Extreme Speed|p1a: Arceus
|-damage|p1a: Arceus|58/100 tox
|move|p1a: Arceus|Toxic|p2a: Ditto
|-status|p2a: Ditto|tox
|
|-heal|p1a: Arceus|64/100 tox|[from] item: Leftovers
|-damage|p2a: Ditto|82/100 tox|[from] psn
|-damage|p1a: Arceus|46/100 tox|[from] psn
|upkeep
|turn|22
|
|t:|1623328858
|switch|p2a: Arceus|Arceus-Fairy|100/100
|move|p1a: Arceus|Recover|p1a: Arceus
|-heal|p1a: Arceus|96/100 tox
|
|-heal|p1a: Arceus|100/100 tox|[from] item: Leftovers
|-damage|p1a: Arceus|76/100 tox|[from] psn
|upkeep
|turn|23
|
|t:|1623328862
|switch|p2a: Ditto|Ditto|82/100 tox
|-transform|p2a: Ditto|p1a: Arceus|[from] ability: Imposter
|move|p1a: Arceus|Toxic|p2a: Ditto
|-fail|p2a: Ditto|tox
|
|-heal|p1a: Arceus|82/100 tox|[from] item: Leftovers
|-damage|p2a: Ditto|77/100 tox|[from] psn
|-damage|p1a: Arceus|52/100 tox|[from] psn
|upkeep
|turn|24
|
|t:|1623328864
|move|p1a: Arceus|Extreme Speed|p2a: Ditto
|-damage|p2a: Ditto|23/100 tox
|move|p2a: Ditto|Recover|p2a: Ditto
|-heal|p2a: Ditto|73/100 tox
|
|-heal|p1a: Arceus|58/100 tox|[from] item: Leftovers
|-damage|p2a: Ditto|61/100 tox|[from] psn
|-damage|p1a: Arceus|21/100 tox|[from] psn
|upkeep
|turn|25
|
|t:|1623328869
|move|p1a: Arceus|Extreme Speed|p2a: Ditto
|-damage|p2a: Ditto|11/100 tox
|move|p2a: Ditto|Recover|p2a: Ditto
|-heal|p2a: Ditto|61/100 tox
|
|-heal|p1a: Arceus|28/100 tox|[from] item: Leftovers
|-damage|p2a: Ditto|43/100 tox|[from] psn
|-damage|p1a: Arceus|0 fnt|[from] psn
|faint|p1a: Arceus
|upkeep
|
|t:|1623328872
|switch|p1a: Door|Arceus-Flying|100/100
|turn|26
|
|t:|1623328879
|switch|p2a: Arceus|Arceus-Fairy|100/100
|-start|p1a: Door|Dynamax
|-heal|p1a: Door|100/100|[silent]
|move|p1a: Door|Max Airstream|p2a: Arceus
|-damage|p2a: Arceus|48/100
|-boost|p1a: Door|spe|1
|
|upkeep
|turn|27
|
|t:|1623328887
|switch|p2a: Ditto|Ditto|43/100 tox
|-transform|p2a: Ditto|p1a: Door|[from] ability: Imposter
|move|p1a: Door|Max Airstream|p2a: Ditto
|-damage|p2a: Ditto|0 fnt
|-boost|p1a: Door|spe|1
|faint|p2a: Ditto
|
|upkeep
|
|t:|1623328889
|switch|p2a: Arceus|Arceus-Fairy|48/100
|turn|28
|
|t:|1623328891
|move|p1a: Door|Max Airstream|p2a: Arceus
|-damage|p2a: Arceus|0 fnt
|-boost|p1a: Door|spe|1
|faint|p2a: Arceus
|
|win|ChunkyRat
|raw|ChunkyRat's rating: 1710 &rarr; <strong>1726</strong><br />(+16 for winning)
|raw|ArnauMedia's rating: 1643 &rarr; <strong>1627</strong><br />(-16 for losing)
|l|☆ArnauMedia
|l|☆ChunkyRat
