|j|☆CLEAR GEM清瑜
|j|☆AdamHaziq
|t:|1665031734
|gametype|singles
|player|p1|CLEAR GEM清瑜|skierf|1929
|player|p2|AdamHaziq|101|1748
|teamsize|p1|6
|teamsize|p2|6
|gen|8
|tier|[Gen 8] National Dex AG
|rated|
|rule|HP Percentage Mod: HP is shown in percentages
|rule|Endless Battle Clause: Forcing endless battles is banned
|clearpoke
|poke|p1|Rayquaza|
|poke|p1|Groudon|
|poke|p1|Necrozma-Dusk-Mane|
|poke|p1|Arceus-*|
|poke|p1|Zacian-*|
|poke|p1|Yveltal|
|poke|p2|Smeargle, F|
|poke|p2|Zacian-*|
|poke|p2|Calyrex-Shadow|
|poke|p2|Necrozma-Dusk-Mane|
|poke|p2|Yveltal|
|poke|p2|Deoxys-Speed|
|teampreview
|inactive|Battle timer is ON: inactive players will automatically lose when time's up. (requested by AdamHaziq)
|
|t:|1665031748
|start
|switch|p1a: 老烈|Rayquaza, shiny|100/100
|switch|p2a: Deoxys|Deoxys-Speed|100/100
|-ability|p2a: Deoxys|Pressure
|-ability|p1a: 老烈|Air Lock
|turn|1
|
|t:|1665031761
|detailschange|p1a: 老烈|Rayquaza-Mega, shiny
|-mega|p1a: 老烈|Rayquaza|
|-weather|DeltaStream|[from] ability: Delta Stream|[of] p1a: 老烈
|move|p2a: Deoxys|Stealth Rock|p1a: 老烈
|-sidestart|p1: CLEAR GEM清瑜|move: Stealth Rock
|move|p1a: 老烈|Scale Shot|p2a: Deoxys
|-damage|p2a: Deoxys|70/100
|-damage|p2a: Deoxys|42/100
|-damage|p2a: Deoxys|9/100
|-damage|p2a: Deoxys|0 fnt
|faint|p2a: Deoxys
|-hitcount|p2: Deoxys|4
|-unboost|p1a: 老烈|def|1
|-boost|p1a: 老烈|spe|1
|-damage|p1a: 老烈|91/100|[from] item: Life Orb
|
|-weather|DeltaStream|[upkeep]
|upkeep
|
|t:|1665031766
|switch|p2a: Necrozma|Necrozma-Dusk-Mane|100/100
|turn|2
|
|t:|1665031769
|move|p1a: 老烈|Earthquake|p2a: Necrozma
|-supereffective|p2a: Necrozma
|-damage|p2a: Necrozma|23/100
|-damage|p1a: 老烈|81/100|[from] item: Life Orb
|move|p2a: Necrozma|Photon Geyser|p1a: 老烈
|-damage|p1a: 老烈|0 fnt
|faint|p1a: 老烈
|-weather|none
|
|upkeep
|
|t:|1665031772
|switch|p1a: 不会(?)|Groudon|100/100
|-damage|p1a: 不会(?)|94/100|[from] Stealth Rock
|detailschange|p1a: 不会(?)|Groudon-Primal
|-primal|p1a: 不会(?)
|-weather|DesolateLand|[from] ability: Desolate Land|[of] p1a: 不会(?)
|turn|3
|
|t:|1665031776
|detailschange|p2a: Necrozma|Necrozma-Ultra
|-burst|p2a: Necrozma|Necrozma|Ultranecrozium Z
|move|p2a: Necrozma|Earthquake|p1a: 不会(?)
|-supereffective|p1a: 不会(?)
|-damage|p1a: 不会(?)|43/100
|move|p1a: 不会(?)|Thunder Wave|p2a: Necrozma
|-status|p2a: Necrozma|par
|
|-weather|DesolateLand|[upkeep]
|upkeep
|turn|4
|
|t:|1665031783
|move|p1a: 不会(?)|Stealth Rock|p2a: Necrozma
|-sidestart|p2: AdamHaziq|move: Stealth Rock
|cant|p2a: Necrozma|par
|
|-weather|DesolateLand|[upkeep]
|upkeep
|turn|5
|
|t:|1665031789
|move|p1a: 不会(?)|Fire Punch|p2a: Necrozma
|-resisted|p2a: Necrozma
|-damage|p2a: Necrozma|0 fnt
|faint|p2a: Necrozma
|
|-weather|DesolateLand|[upkeep]
|upkeep
|
|t:|1665031792
|switch|p2a: Smeargle|Smeargle, F|100/100
|-damage|p2a: Smeargle|88/100|[from] Stealth Rock
|turn|6
|
|t:|1665031794
|move|p2a: Smeargle|Spore|p1a: 不会(?)
|-status|p1a: 不会(?)|slp|[from] move: Spore
|cant|p1a: 不会(?)|slp
|
|-weather|DesolateLand|[upkeep]
|-ability|p2a: Smeargle|Moody|boost
|-boost|p2a: Smeargle|spe|2
|-unboost|p2a: Smeargle|atk|1
|upkeep
|turn|7
|
|t:|1665031797
|move|p2a: Smeargle|Minimize|p2a: Smeargle
|-boost|p2a: Smeargle|evasion|2
|-curestatus|p1a: 不会(?)|slp|[msg]
|move|p1a: 不会(?)|Roar|p2a: Smeargle
|drag|p2a: Yveltal|Yveltal|100/100
|-damage|p2a: Yveltal|76/100|[from] Stealth Rock
|-ability|p2a: Yveltal|Dark Aura
|
|-weather|DesolateLand|[upkeep]
|-heal|p2a: Yveltal|82/100|[from] item: Leftovers
|upkeep
|turn|8
|
|t:|1665031801
|move|p2a: Yveltal|Dark Pulse|p1a: 不会(?)
|-damage|p1a: 不会(?)|0 fnt
|faint|p1a: 不会(?)
|-weather|none
|
|-heal|p2a: Yveltal|88/100|[from] item: Leftovers
|upkeep
|
|t:|1665031804
|switch|p1a: 嘉然小姐的狗|Zacian-Crowned|100/100
|-damage|p1a: 嘉然小姐的狗|94/100|[from] Stealth Rock
|-ability|p1a: 嘉然小姐的狗|Intrepid Sword|boost
|-boost|p1a: 嘉然小姐的狗|atk|1
|turn|9
|
|t:|1665031810
|switch|p2a: Smeargle|Smeargle, F|88/100
|-damage|p2a: Smeargle|76/100|[from] Stealth Rock
|move|p1a: 嘉然小姐的狗|Behemoth Blade|p2a: Smeargle
|-damage|p2a: Smeargle|0 fnt
|faint|p2a: Smeargle
|
|upkeep
|
|t:|1665031814
|switch|p2a: Calyrex|Calyrex-Shadow|100/100
|-ability|p2a: Calyrex|As One
|-ability|p2a: Calyrex|Unnerve
|-damage|p2a: Calyrex|88/100|[from] Stealth Rock
|turn|10
|
|t:|1665031820
|move|p2a: Calyrex|Astral Barrage|p1a: 嘉然小姐的狗
|-damage|p1a: 嘉然小姐的狗|40/100
|move|p1a: 嘉然小姐的狗|Behemoth Blade|p2a: Calyrex
|-damage|p2a: Calyrex|0 fnt
|faint|p2a: Calyrex
|
|upkeep
|
|t:|1665031823
|switch|p2a: Zacian|Zacian-Crowned|100/100
|-damage|p2a: Zacian|94/100|[from] Stealth Rock
|-ability|p2a: Zacian|Intrepid Sword|boost
|-boost|p2a: Zacian|atk|1
|turn|11
|
|t:|1665031825
|switch|p1a: 悬空羊驼|Arceus-Flying|100/100
|-damage|p1a: 悬空羊驼|76/100|[from] Stealth Rock
|move|p2a: Zacian|Behemoth Blade|p1a: 悬空羊驼
|-damage|p1a: 悬空羊驼|11/100
|
|upkeep
|turn|12
|
|t:|1665031827
|move|p2a: Zacian|Behemoth Blade|p1a: 悬空羊驼
|-damage|p1a: 悬空羊驼|0 fnt
|faint|p1a: 悬空羊驼
|
|upkeep
|
|t:|1665031829
|switch|p1a: 钢铁之躯|Necrozma-Dusk-Mane|100/100
|-damage|p1a: 钢铁之躯|94/100|[from] Stealth Rock
|turn|13
|
|t:|1665031832
|switch|p2a: Yveltal|Yveltal|88/100
|-damage|p2a: Yveltal|63/100|[from] Stealth Rock
|-ability|p2a: Yveltal|Dark Aura
|move|p1a: 钢铁之躯|Dragon Dance|p1a: 钢铁之躯
|-boost|p1a: 钢铁之躯|atk|1
|-boost|p1a: 钢铁之躯|spe|1
|
|-heal|p2a: Yveltal|69/100|[from] item: Leftovers
|upkeep
|turn|14
|
|t:|1665031837
|detailschange|p1a: 钢铁之躯|Necrozma-Ultra
|-burst|p1a: 钢铁之躯|Necrozma|Ultranecrozium Z
|-start|p2a: Yveltal|Dynamax|
|-heal|p2a: Yveltal|69/100|[silent]
|move|p1a: 钢铁之躯|Stone Edge|p2a: Yveltal
|-supereffective|p2a: Yveltal
|-damage|p2a: Yveltal|0 fnt
|faint|p2a: Yveltal
|
|upkeep
|
|t:|1665031840
|switch|p2a: Zacian|Zacian-Crowned|94/100
|-damage|p2a: Zacian|88/100|[from] Stealth Rock
|-ability|p2a: Zacian|Intrepid Sword|boost
|-boost|p2a: Zacian|atk|1
|turn|15
|
|t:|1665031845
|move|p1a: 钢铁之躯|Earthquake|p2a: Zacian
|-supereffective|p2a: Zacian
|-damage|p2a: Zacian|0 fnt
|faint|p2a: Zacian
|
|win|CLEAR GEM清瑜
|raw|CLEAR GEM清瑜's rating: 1929 &rarr; <strong>1939</strong><br />(+10 for winning)
|raw|AdamHaziq's rating: 1748 &rarr; <strong>1738</strong><br />(-10 for losing)
|l|☆AdamHaziq
