|j|☆Apprenti Buck
|j|☆MRH1106
|t:|1664754972
|gametype|singles
|player|p1|Apprenti Buck|265|1888
|player|p2|MRH1106|red|2034
|teamsize|p1|6
|teamsize|p2|6
|gen|8
|tier|[Gen 8] National Dex AG
|rated|
|rule|HP Percentage Mod: HP is shown in percentages
|rule|Endless Battle Clause: Forcing endless battles is banned
|clearpoke
|poke|p1|Groudon|
|poke|p1|Rayquaza|
|poke|p1|Calyrex-Shadow|
|poke|p1|Arceus-*|
|poke|p1|Yveltal|
|poke|p1|Marshadow|
|poke|p2|Zacian-*|
|poke|p2|Calyrex-Shadow|
|poke|p2|Rayquaza|
|poke|p2|Ditto|
|poke|p2|Yveltal|
|poke|p2|Arceus-*|
|teampreview
|inactive|Battle timer is ON: inactive players will automatically lose when time's up. (requested by MRH1106)
|inactive|Apprenti Buck also wants the timer to be on.
|c|☆MRH1106|ah
|c|☆MRH1106|hello buck
|inactive|MRH1106 has 120 seconds left.
|c|☆MRH1106|i am in dire need of some elo my boy
|
|t:|1664755006
|start
|switch|p1a: Ziz|Rayquaza, shiny|100/100
|switch|p2a: Legit god|Arceus-Ground|100/100
|-ability|p1a: Ziz|Air Lock
|turn|1
|
|t:|1664755012
|detailschange|p1a: Ziz|Rayquaza-Mega, shiny
|-mega|p1a: Ziz|Rayquaza|
|-weather|DeltaStream|[from] ability: Delta Stream|[of] p1a: Ziz
|move|p2a: Legit god|Ice Beam|p1a: Ziz
|-activate||deltastream
|-supereffective|p1a: Ziz
|-damage|p1a: Ziz|53/100
|move|p1a: Ziz|Dragon Dance|p1a: Ziz
|-boost|p1a: Ziz|atk|1
|-boost|p1a: Ziz|spe|1
|
|-weather|DeltaStream|[upkeep]
|upkeep
|turn|2
|
|t:|1664755039
|move|p1a: Ziz|Dragon Ascent|p2a: Legit god
|-damage|p2a: Legit god|0 fnt
|-unboost|p1a: Ziz|def|1
|-unboost|p1a: Ziz|spd|1
|faint|p2a: Legit god
|-damage|p1a: Ziz|43/100|[from] item: Life Orb
|
|-weather|DeltaStream|[upkeep]
|upkeep
|
|t:|1664755045
|switch|p2a: Fuck you <3|Ditto, shiny|100/100
|-transform|p2a: Fuck you <3|p1a: Ziz|[from] ability: Imposter
|turn|3
|l|☆Apprenti Buck
|inactive|Apprenti Buck disconnected and has a minute to reconnect!
|player|p1|
|j|☆Apprenti Buck
|inactive|Apprenti Buck reconnected and has 115 seconds left.
|player|p1|Apprenti Buck|265
|
|t:|1664755083
|move|p2a: Fuck you <3|Extreme Speed|p1a: Ziz
|-damage|p1a: Ziz|0 fnt
|faint|p1a: Ziz
|
|-weather|DeltaStream|[upkeep]
|upkeep
|
|t:|1664755091
|switch|p1a: Behemoth|Groudon, shiny|100/100
|detailschange|p1a: Behemoth|Groudon-Primal, shiny
|-primal|p1a: Behemoth
|-weather|DesolateLand|[from] ability: Desolate Land|[of] p1a: Behemoth
|turn|4
|j| TxunT
|inactive|Apprenti Buck has 120 seconds left.
|c| TxunT|Nah
|
|t:|1664755106
|move|p2a: Fuck you <3|Extreme Speed|p1a: Behemoth
|-damage|p1a: Behemoth|62/100
|move|p1a: Behemoth|Rock Tomb|p2a: Fuck you <3
|-supereffective|p2a: Fuck you <3
|-damage|p2a: Fuck you <3|4/100
|-unboost|p2a: Fuck you <3|spe|1
|
|-weather|DesolateLand|[upkeep]
|upkeep
|turn|5
|c| TxunT|We're gonna start farming u now 😭
|
|t:|1664755113
|move|p2a: Fuck you <3|Extreme Speed|p1a: Behemoth
|-damage|p1a: Behemoth|26/100
|move|p1a: Behemoth|Stealth Rock|p2a: Fuck you <3
|-sidestart|p2: MRH1106|move: Stealth Rock
|
|-weather|DesolateLand|[upkeep]
|upkeep
|turn|6
|
|t:|1664755118
|-weather|none
|switch|p1a: Buck’s alter ego|Marshadow|100/100
|move|p2a: Fuck you <3|Extreme Speed|p1a: Buck’s alter ego
|-immune|p1a: Buck’s alter ego
|
|upkeep
|turn|7
|
|t:|1664755121
|move|p2a: Fuck you <3|Extreme Speed|p1a: Buck’s alter ego
|-immune|p1a: Buck’s alter ego
|move|p1a: Buck’s alter ego|Close Combat|p2a: Fuck you <3
|-resisted|p2a: Fuck you <3
|-damage|p2a: Fuck you <3|0 fnt
|-unboost|p1a: Buck’s alter ego|def|1
|-unboost|p1a: Buck’s alter ego|spd|1
|faint|p2a: Fuck you <3
|-damage|p1a: Buck’s alter ego|91/100|[from] item: Life Orb
|
|upkeep
|
|t:|1664755133
|switch|p2a: Knifepuppy|Zacian-Crowned|100/100
|-damage|p2a: Knifepuppy|94/100|[from] Stealth Rock
|-ability|p2a: Knifepuppy|Intrepid Sword|boost
|-boost|p2a: Knifepuppy|atk|1
|turn|8
|
|t:|1664755136
|move|p1a: Buck’s alter ego|Shadow Sneak|p2a: Knifepuppy
|-damage|p2a: Knifepuppy|57/100
|-damage|p1a: Buck’s alter ego|81/100|[from] item: Life Orb
|move|p2a: Knifepuppy|Behemoth Blade|p1a: Buck’s alter ego
|-damage|p1a: Buck’s alter ego|0 fnt
|faint|p1a: Buck’s alter ego
|
|upkeep
|
|t:|1664755138
|switch|p1a: Dawn|Calyrex-Shadow|100/100
|-ability|p1a: Dawn|As One
|-ability|p1a: Dawn|Unnerve
|turn|9
|
|t:|1664755147
|switch|p2a: YeeHaw~|Calyrex-Shadow|100/100
|-ability|p2a: YeeHaw~|As One
|-ability|p2a: YeeHaw~|Unnerve
|-damage|p2a: YeeHaw~|88/100|[from] Stealth Rock
|move|p1a: Dawn|Astral Barrage|p2a: YeeHaw~
|-supereffective|p2a: YeeHaw~
|-damage|p2a: YeeHaw~|0 fnt
|faint|p2a: YeeHaw~
|-ability|p1a: Dawn|Grim Neigh|boost
|-boost|p1a: Dawn|spa|1
|
|upkeep
|
|t:|1664755149
|switch|p2a: Hells dragon|Yveltal, shiny|100/100
|-damage|p2a: Hells dragon|76/100|[from] Stealth Rock
|-ability|p2a: Hells dragon|Dark Aura
|turn|10
|
|t:|1664755154
|move|p2a: Hells dragon|Sucker Punch||[still]
|-fail|p2a: Hells dragon
|move|p1a: Dawn|Substitute|p1a: Dawn
|-start|p1a: Dawn|Substitute
|-damage|p1a: Dawn|76/100
|
|upkeep
|turn|11
|
|t:|1664755157
|move|p1a: Dawn|Baton Pass|p1a: Dawn
|
|t:|1664755159
|switch|p1a: Twilight|Yveltal|100/100|[from]move: Baton Pass
|-ability|p1a: Twilight|Dark Aura
|move|p2a: Hells dragon|Oblivion Wing|p1a: Twilight
|-end|p1a: Twilight|Substitute
|-heal|p2a: Hells dragon|92/100|[from] drain|[of] p1a: Twilight
|-damage|p2a: Hells dragon|82/100|[from] item: Life Orb
|
|upkeep
|turn|12
|
|t:|1664755163
|-start|p2a: Hells dragon|Dynamax|
|-heal|p2a: Hells dragon|82/100|[silent]
|-start|p1a: Twilight|Dynamax|
|-heal|p1a: Twilight|100/100|[silent]
|move|p2a: Hells dragon|Max Airstream|p1a: Twilight
|-damage|p1a: Twilight|63/100
|-boost|p2a: Hells dragon|spe|1
|-damage|p2a: Hells dragon|77/100|[from] item: Life Orb
|move|p1a: Twilight|Max Airstream|p2a: Hells dragon
|-damage|p2a: Hells dragon|12/100
|-boost|p1a: Twilight|spe|1
|-damage|p1a: Twilight|58/100|[from] item: Life Orb
|
|upkeep
|turn|13
|c|☆Apprenti Buck|Gg
|c|☆MRH1106|gg
|
|t:|1664755170
|move|p2a: Hells dragon|Max Airstream|p1a: Twilight
|-crit|p1a: Twilight
|-damage|p1a: Twilight|0 fnt
|-boost|p2a: Hells dragon|spe|1
|faint|p1a: Twilight
|-damage|p2a: Hells dragon|7/100|[from] item: Life Orb
|
|upkeep
|l| TxunT
|c|☆MRH1106|lmao
|
|t:|1664755176
|switch|p1a: Transcendent Deity|Arceus|100/100
|turn|14
|
|t:|1664755180
|move|p1a: Transcendent Deity|Extreme Speed|p2a: Hells dragon
|-damage|p2a: Hells dragon|0 fnt
|faint|p2a: Hells dragon
|-damage|p1a: Transcendent Deity|91/100|[from] item: Life Orb
|
|upkeep
|j| TxunT
|
|t:|1664755183
|switch|p2a: Knifepuppy|Zacian-Crowned|57/100
|-damage|p2a: Knifepuppy|51/100|[from] Stealth Rock
|-ability|p2a: Knifepuppy|Intrepid Sword|boost
|-boost|p2a: Knifepuppy|atk|1
|turn|15
|
|t:|1664755189
|move|p2a: Knifepuppy|Behemoth Blade|p1a: Transcendent Deity
|-damage|p1a: Transcendent Deity|23/100
|move|p1a: Transcendent Deity|Earthquake|p2a: Knifepuppy
|-supereffective|p2a: Knifepuppy
|-damage|p2a: Knifepuppy|0 fnt
|faint|p2a: Knifepuppy
|-damage|p1a: Transcendent Deity|13/100|[from] item: Life Orb
|
|upkeep
|
|t:|1664755190
|switch|p2a: Rayyyy|Rayquaza|100/100
|-damage|p2a: Rayyyy|76/100|[from] Stealth Rock
|-ability|p2a: Rayyyy|Air Lock
|turn|16
|c|☆MRH1106|now its gg
|
|t:|1664755203
|detailschange|p2a: Rayyyy|Rayquaza-Mega
|-mega|p2a: Rayyyy|Rayquaza|
|-weather|DeltaStream|[from] ability: Delta Stream|[of] p2a: Rayyyy
|move|p1a: Transcendent Deity|Extreme Speed|p2a: Rayyyy
|-damage|p2a: Rayyyy|25/100
|-damage|p1a: Transcendent Deity|3/100|[from] item: Life Orb
|move|p2a: Rayyyy|Dragon Dance|p2a: Rayyyy
|-boost|p2a: Rayyyy|atk|1
|-boost|p2a: Rayyyy|spe|1
|
|-weather|DeltaStream|[upkeep]
|upkeep
|turn|17
|c| TxunT|Buck ur a fuckin dumb ass
|c|&|/log TxunT was locked from talking by Artemis (☆TxunT: Buck ur a fuckin dumb ass)
|c|&|/raw <small>This action was done automatically. Want to learn more about the AI? <a href="https://www.smogon.com/forums/threads/3570628/#post-9056769">Visit the information thread</a>.</small>
|c|☆Apprenti Buck|Ik
|c|☆Apprenti Buck|i am
|
|t:|1664755220
|switch|p1a: Dawn|Calyrex-Shadow|76/100
|-ability|p1a: Dawn|As One
|-ability|p1a: Dawn|Unnerve
|move|p2a: Rayyyy|Extreme Speed|p1a: Dawn
|-immune|p1a: Dawn
|
|-weather|DeltaStream|[upkeep]
|upkeep
|turn|18
|c|☆MRH1106|lmao
|
|t:|1664755228
|switch|p1a: Behemoth|Groudon-Primal, shiny|26/100
|-weather|DesolateLand|[from] ability: Desolate Land|[of] p1a: Behemoth
|move|p2a: Rayyyy|Dragon Ascent|p1a: Behemoth
|-damage|p1a: Behemoth|0 fnt
|-unboost|p2a: Rayyyy|def|1
|-unboost|p2a: Rayyyy|spd|1
|faint|p1a: Behemoth
|-weather|none
|
|upkeep
|c|☆MRH1106|I AM BETTER
|
|t:|1664755230
|switch|p1a: Transcendent Deity|Arceus|3/100
|turn|19
|c|☆Apprenti Buck|Nah i choked
|c|☆Apprenti Buck|and
|c|☆Apprenti Buck|crit
|c|☆MRH1106|dog you didn't choke
|
|t:|1664755254
|switch|p1a: Dawn|Calyrex-Shadow|76/100
|-ability|p1a: Dawn|As One
|-ability|p1a: Dawn|Unnerve
|move|p2a: Rayyyy|Extreme Speed|p1a: Dawn
|-immune|p1a: Dawn
|
|upkeep
|turn|20
|c|☆MRH1106|i just have plot armor
|
|t:|1664755264
|move|p2a: Rayyyy|Dragon Ascent|p1a: Dawn
|-damage|p1a: Dawn|0 fnt
|-unboost|p2a: Rayyyy|def|1
|-unboost|p2a: Rayyyy|spd|1
|faint|p1a: Dawn
|
|upkeep
|
|t:|1664755265
|switch|p1a: Transcendent Deity|Arceus|3/100
|turn|21
|
|t:|1664755267
|move|p2a: Rayyyy|Extreme Speed|p1a: Transcendent Deity
|-damage|p1a: Transcendent Deity|0 fnt
|faint|p1a: Transcendent Deity
|
|win|MRH1106
|raw|Apprenti Buck's rating: 1888 &rarr; <strong>1876</strong><br />(-12 for losing)
|raw|MRH1106's rating: 2034 &rarr; <strong>2046</strong><br />(+12 for winning)
|l|☆Apprenti Buck
||Ladder isn't responding, score probably updated but might not have (Request timeout).
