|j|☆BAN-DIT77
|j|‽Pokeashbattle
|t:|1641396526
|gametype|singles
|player|p1|BAN-DIT77|170|1392
|player|p2|Pokeashbattle|ethan|1284
|teamsize|p1|6
|teamsize|p2|6
|gen|8
|tier|[Gen 8] National Dex AG
|rated|
|rule|HP Percentage Mod: HP is shown in percentages
|rule|Endless Battle Clause: Forcing endless battles is banned
|clearpoke
|poke|p1|Arceus-*|
|poke|p1|Arceus-*|
|poke|p1|Arceus-*|
|poke|p1|Arceus-*|
|poke|p1|Arceus-*|
|poke|p1|Arceus-*|
|poke|p2|Ninjask, F|
|poke|p2|Drifblim, F|
|poke|p2|Hatterene, F|
|poke|p2|Bellossom, M|
|poke|p2|Dubwool, M|
|poke|p2|Hoppip, M|
|teampreview
|inactive|Battle timer is ON: inactive players will automatically lose when time's up. (requested by Pokeashbattle)
|
|t:|1641396534
|start
|switch|p1a: Arceus|Arceus-Steel|100/100
|switch|p2a: Ninjask|Ninjask, F|100/100
|turn|1
|
|t:|1641396540
|move|p2a: Ninjask|Substitute|p2a: Ninjask
|-start|p2a: Ninjask|Substitute
|-damage|p2a: Ninjask|76/100
|move|p1a: Arceus|Calm Mind|p1a: Arceus
|-boost|p1a: Arceus|spa|1
|-boost|p1a: Arceus|spd|1
|
|-heal|p2a: Ninjask|82/100|[from] item: Leftovers
|-ability|p2a: Ninjask|Speed Boost|boost
|-boost|p2a: Ninjask|spe|1
|upkeep
|turn|2
|
|t:|1641396547
|move|p2a: Ninjask|Swords Dance|p2a: Ninjask
|-boost|p2a: Ninjask|atk|2
|move|p1a: Arceus|Calm Mind|p1a: Arceus
|-boost|p1a: Arceus|spa|1
|-boost|p1a: Arceus|spd|1
|
|-heal|p2a: Ninjask|88/100|[from] item: Leftovers
|-ability|p2a: Ninjask|Speed Boost|boost
|-boost|p2a: Ninjask|spe|1
|upkeep
|turn|3
|
|t:|1641396554
|move|p2a: Ninjask|Baton Pass|p2a: Ninjask
|
|t:|1641396556
|switch|p2a: Drifblim|Drifblim, F|100/100|[from]move: Baton Pass
|move|p1a: Arceus|Calm Mind|p1a: Arceus
|-boost|p1a: Arceus|spa|1
|-boost|p1a: Arceus|spd|1
|
|upkeep
|turn|4
|
|t:|1641396563
|move|p2a: Drifblim|Thunder Wave|p1a: Arceus
|-status|p1a: Arceus|par
|move|p1a: Arceus|Judgment|p2a: Drifblim
|-end|p2a: Drifblim|Substitute
|
|upkeep
|turn|5
|
|t:|1641396571
|move|p2a: Drifblim|Substitute|p2a: Drifblim
|-start|p2a: Drifblim|Substitute
|-damage|p2a: Drifblim|75/100
|move|p1a: Arceus|Judgment|p2a: Drifblim
|-end|p2a: Drifblim|Substitute
|
|upkeep
|turn|6
|
|t:|1641396577
|move|p2a: Drifblim|Substitute|p2a: Drifblim
|-start|p2a: Drifblim|Substitute
|-damage|p2a: Drifblim|50/100
|-enditem|p2a: Drifblim|Sitrus Berry|[eat]
|-heal|p2a: Drifblim|75/100|[from] item: Sitrus Berry
|move|p1a: Arceus|Judgment|p2a: Drifblim
|-end|p2a: Drifblim|Substitute
|
|upkeep
|turn|7
|
|t:|1641396586
|move|p2a: Drifblim|Minimize|p2a: Drifblim
|-boost|p2a: Drifblim|evasion|2
|move|p1a: Arceus|Judgment|p2a: Drifblim|[miss]
|-miss|p1a: Arceus|p2a: Drifblim
|
|upkeep
|turn|8
|
|t:|1641396592
|move|p2a: Drifblim|Substitute|p2a: Drifblim
|-start|p2a: Drifblim|Substitute
|-damage|p2a: Drifblim|50/100
|move|p1a: Arceus|Judgment|p2a: Drifblim
|-end|p2a: Drifblim|Substitute
|
|upkeep
|turn|9
|
|t:|1641396598
|move|p2a: Drifblim|Substitute|p2a: Drifblim
|-start|p2a: Drifblim|Substitute
|-damage|p2a: Drifblim|25/100
|cant|p1a: Arceus|par
|
|upkeep
|turn|10
|
|t:|1641396603
|move|p2a: Drifblim|Minimize|p2a: Drifblim
|-boost|p2a: Drifblim|evasion|2
|move|p1a: Arceus|Judgment|p2a: Drifblim|[miss]
|-miss|p1a: Arceus|p2a: Drifblim
|
|upkeep
|turn|11
|
|t:|1641396616
|move|p2a: Drifblim|Baton Pass|p2a: Drifblim
|
|t:|1641396619
|switch|p2a: Bellossom|Bellossom, M|100/100|[from]move: Baton Pass
|cant|p1a: Arceus|par
|
|upkeep
|turn|12
|
|t:|1641396626
|move|p2a: Bellossom|Ingrain|p2a: Bellossom
|-start|p2a: Bellossom|move: Ingrain
|cant|p1a: Arceus|par
|
|upkeep
|turn|13
|
|t:|1641396631
|move|p2a: Bellossom|Quiver Dance|p2a: Bellossom
|-boost|p2a: Bellossom|spa|1
|-boost|p2a: Bellossom|spd|1
|-boost|p2a: Bellossom|spe|1
|cant|p1a: Arceus|par
|
|upkeep
|turn|14
|
|t:|1641396638
|move|p2a: Bellossom|Quiver Dance|p2a: Bellossom
|-boost|p2a: Bellossom|spa|1
|-boost|p2a: Bellossom|spd|1
|-boost|p2a: Bellossom|spe|1
|move|p1a: Arceus|Judgment|p2a: Bellossom|[miss]
|-miss|p1a: Arceus|p2a: Bellossom
|
|upkeep
|turn|15
|
|t:|1641396645
|move|p2a: Bellossom|Quiver Dance|p2a: Bellossom
|-boost|p2a: Bellossom|spa|1
|-boost|p2a: Bellossom|spd|1
|-boost|p2a: Bellossom|spe|1
|move|p1a: Arceus|Judgment|p2a: Bellossom|[miss]
|-miss|p1a: Arceus|p2a: Bellossom
|
|upkeep
|turn|16
|
|t:|1641396654
|move|p2a: Bellossom|Quiver Dance|p2a: Bellossom
|-boost|p2a: Bellossom|spa|1
|-boost|p2a: Bellossom|spd|1
|-boost|p2a: Bellossom|spe|1
|move|p1a: Arceus|Calm Mind|p1a: Arceus
|-boost|p1a: Arceus|spa|1
|-boost|p1a: Arceus|spd|1
|
|upkeep
|turn|17
|
|t:|1641396662
|move|p2a: Bellossom|Quiver Dance|p2a: Bellossom
|-boost|p2a: Bellossom|spa|1
|-boost|p2a: Bellossom|spd|1
|-boost|p2a: Bellossom|spe|0
|cant|p1a: Arceus|par
|
|upkeep
|turn|18
|
|t:|1641396670
|move|p2a: Bellossom|Quiver Dance|p2a: Bellossom
|-boost|p2a: Bellossom|spa|1
|-boost|p2a: Bellossom|spd|1
|-boost|p2a: Bellossom|spe|0
|move|p1a: Arceus|Judgment|p2a: Bellossom
|-crit|p2a: Bellossom
|-end|p2a: Bellossom|Substitute
|
|upkeep
|turn|19
|
|t:|1641396678
|move|p2a: Bellossom|Substitute|p2a: Bellossom
|-start|p2a: Bellossom|Substitute
|-damage|p2a: Bellossom|76/100
|cant|p1a: Arceus|par
|
|-heal|p2a: Bellossom|82/100|[from] item: Leftovers
|-heal|p2a: Bellossom|88/100|[from] Ingrain
|upkeep
|turn|20
|
|t:|1641396684
|move|p2a: Bellossom|Baton Pass|p2a: Bellossom
|
|t:|1641396692
|switch|p2a: Drifblim|Drifblim, F|25/100|[from]move: Baton Pass
|cant|p1a: Arceus|par
|
|-heal|p2a: Drifblim|32/100|[from] Ingrain
|upkeep
|turn|21
|
|t:|1641396699
|move|p2a: Drifblim|Minimize|p2a: Drifblim
|-boost|p2a: Drifblim|evasion|2
|move|p1a: Arceus|Judgment|p2a: Drifblim|[miss]
|-miss|p1a: Arceus|p2a: Drifblim
|
|-heal|p2a: Drifblim|38/100|[from] Ingrain
|upkeep
|turn|22
|
|t:|1641396707
|move|p2a: Drifblim|Minimize||[still]
|-boost|p2a: Drifblim|evasion|0
|-fail|p2a: Drifblim
|move|p1a: Arceus|Judgment|p2a: Drifblim|[miss]
|-miss|p1a: Arceus|p2a: Drifblim
|
|-heal|p2a: Drifblim|44/100|[from] Ingrain
|upkeep
|turn|23
|
|t:|1641396713
|move|p2a: Drifblim|Thunder Wave|p1a: Arceus
|-fail|p1a: Arceus|par
|move|p1a: Arceus|Calm Mind|p1a: Arceus
|-boost|p1a: Arceus|spa|1
|-boost|p1a: Arceus|spd|1
|
|-heal|p2a: Drifblim|50/100|[from] Ingrain
|upkeep
|turn|24
|
|t:|1641396718
|move|p2a: Drifblim|Thunder Wave|p1a: Arceus
|-fail|p1a: Arceus|par
|move|p1a: Arceus|Calm Mind|p1a: Arceus
|-boost|p1a: Arceus|spa|1
|-boost|p1a: Arceus|spd|1
|
|-heal|p2a: Drifblim|56/100|[from] Ingrain
|upkeep
|turn|25
|
|t:|1641396723
|move|p2a: Drifblim|Thunder Wave|p1a: Arceus
|-fail|p1a: Arceus|par
|move|p1a: Arceus|Judgment|p2a: Drifblim|[miss]
|-miss|p1a: Arceus|p2a: Drifblim
|
|-heal|p2a: Drifblim|62/100|[from] Ingrain
|upkeep
|turn|26
|
|t:|1641396733
|move|p2a: Drifblim|Thunder Wave|p1a: Arceus
|-fail|p1a: Arceus|par
|move|p1a: Arceus|Judgment|p2a: Drifblim
|-end|p2a: Drifblim|Substitute
|
|-heal|p2a: Drifblim|69/100|[from] Ingrain
|upkeep
|turn|27
|
|t:|1641396741
|move|p2a: Drifblim|Substitute|p2a: Drifblim
|-start|p2a: Drifblim|Substitute
|-damage|p2a: Drifblim|44/100
|move|p1a: Arceus|Judgment|p2a: Drifblim|[miss]
|-miss|p1a: Arceus|p2a: Drifblim
|
|-heal|p2a: Drifblim|50/100|[from] Ingrain
|upkeep
|turn|28
|
|t:|1641396747
|move|p2a: Drifblim|Baton Pass|p2a: Drifblim
|
|t:|1641396750
|switch|p2a: Ninjask|Ninjask, F|88/100|[from]move: Baton Pass
|cant|p1a: Arceus|par
|
|-heal|p2a: Ninjask|94/100|[from] item: Leftovers
|-heal|p2a: Ninjask|99/100|[from] Ingrain
|upkeep
|turn|29
|
|t:|1641396760
|switch|p1a: Arceus|Arceus-Fairy|100/100
|move|p2a: Ninjask|Swords Dance|p2a: Ninjask
|-boost|p2a: Ninjask|atk|2
|
|-heal|p2a: Ninjask|100/100|[from] item: Leftovers
|upkeep
|turn|30
|
|t:|1641396768
|move|p2a: Ninjask|Swords Dance|p2a: Ninjask
|-boost|p2a: Ninjask|atk|2
|move|p1a: Arceus|Judgment|p2a: Ninjask|[miss]
|-miss|p1a: Arceus|p2a: Ninjask
|
|upkeep
|turn|31
|
|t:|1641396774
|move|p2a: Ninjask|Baton Pass|p2a: Ninjask
|
|t:|1641396778
|switch|p2a: Hatterene|Hatterene, F|100/100|[from]move: Baton Pass
|move|p1a: Arceus|Judgment|p2a: Hatterene
|-activate|p2a: Hatterene|move: Substitute|[damage]
|
|upkeep
|turn|32
|
|t:|1641396786
|move|p2a: Hatterene|Thunder Wave|p1a: Arceus
|-status|p1a: Arceus|par
|move|p1a: Arceus|Judgment|p2a: Hatterene|[miss]
|-miss|p1a: Arceus|p2a: Hatterene
|
|upkeep
|turn|33
|
|t:|1641396795
|switch|p1a: Arceus|Arceus-Ghost|100/100
|move|p2a: Hatterene|Baton Pass|p2a: Hatterene
|
|t:|1641396800
|switch|p2a: Dubwool|Dubwool, M|100/100|[from]move: Baton Pass
|
|upkeep
|turn|34
|
|t:|1641396810
|move|p2a: Dubwool|Cotton Guard|p2a: Dubwool
|-boost|p2a: Dubwool|def|3
|move|p1a: Arceus|Brick Break|p2a: Dubwool|[miss]
|-miss|p1a: Arceus|p2a: Dubwool
|
|upkeep
|turn|35
|
|t:|1641396815
|move|p2a: Dubwool|Cotton Guard|p2a: Dubwool
|-boost|p2a: Dubwool|def|3
|move|p1a: Arceus|Swords Dance|p1a: Arceus
|-boost|p1a: Arceus|atk|2
|
|upkeep
|turn|36
|
|t:|1641396821
|move|p2a: Dubwool|Baton Pass|p2a: Dubwool
|
|t:|1641396824
|switch|p2a: Hoppip|Hoppip, M, shiny|100/100|[from]move: Baton Pass
|move|p1a: Arceus|Swords Dance|p1a: Arceus
|-boost|p1a: Arceus|atk|2
|
|upkeep
|turn|37
|
|t:|1641396837
|move|p1a: Arceus|Extreme Speed|p2a: Hoppip|[miss]
|-miss|p1a: Arceus|p2a: Hoppip
|move|p2a: Hoppip|Energy Ball|p1a: Arceus
|-damage|p1a: Arceus|10/100
|-damage|p2a: Hoppip|91/100|[from] item: Life Orb
|
|-heal|p2a: Hoppip|97/100|[from] Ingrain
|upkeep
|turn|38
|
|t:|1641396848
|move|p1a: Arceus|Extreme Speed|p2a: Hoppip
|-end|p2a: Hoppip|Substitute
|move|p2a: Hoppip|Dazzling Gleam|p1a: Arceus
|-damage|p1a: Arceus|0 fnt
|faint|p1a: Arceus
|-damage|p2a: Hoppip|87/100|[from] item: Life Orb
|
|-heal|p2a: Hoppip|93/100|[from] Ingrain
|upkeep
|
|t:|1641396864
|switch|p1a: Arceus|Arceus-Ground|100/100
|turn|39
|
|t:|1641396867
|move|p2a: Hoppip|Substitute|p2a: Hoppip
|-start|p2a: Hoppip|Substitute
|-damage|p2a: Hoppip|68/100
|move|p1a: Arceus|Swords Dance|p1a: Arceus
|-boost|p1a: Arceus|atk|2
|
|-heal|p2a: Hoppip|75/100|[from] Ingrain
|upkeep
|turn|40
|
|t:|1641396873
|move|p1a: Arceus|Extreme Speed|p2a: Hoppip|[miss]
|-miss|p1a: Arceus|p2a: Hoppip
|move|p2a: Hoppip|Hidden Power|p1a: Arceus
|-supereffective|p1a: Arceus
|-damage|p1a: Arceus|20/100
|-damage|p2a: Hoppip|65/100|[from] item: Life Orb
|
|-heal|p2a: Hoppip|71/100|[from] Ingrain
|upkeep
|turn|41
|
|t:|1641396884
|move|p2a: Hoppip|Energy Ball|p1a: Arceus
|-supereffective|p1a: Arceus
|-damage|p1a: Arceus|0 fnt
|faint|p1a: Arceus
|-damage|p2a: Hoppip|61/100|[from] item: Life Orb
|
|-heal|p2a: Hoppip|67/100|[from] Ingrain
|upkeep
|c|☆BAN-DIT77|fuck
|
|t:|1641396887
|switch|p1a: Arceus|Arceus-Flying|100/100
|turn|42
|
|t:|1641396898
|move|p2a: Hoppip|Hidden Power|p1a: Arceus
|-supereffective|p1a: Arceus
|-damage|p1a: Arceus|30/100
|-damage|p2a: Hoppip|57/100|[from] item: Life Orb
|move|p1a: Arceus|Refresh||[still]
|-fail|p1a: Arceus
|
|-heal|p2a: Hoppip|64/100|[from] Ingrain
|upkeep
|turn|43
|
|t:|1641396906
|move|p2a: Hoppip|Hidden Power|p1a: Arceus
|-supereffective|p1a: Arceus
|-damage|p1a: Arceus|0 fnt
|faint|p1a: Arceus
|-damage|p2a: Hoppip|54/100|[from] item: Life Orb
|
|-heal|p2a: Hoppip|60/100|[from] Ingrain
|upkeep
|
|t:|1641396911
|switch|p1a: Arceus|Arceus|100/100
|turn|44
|
|t:|1641396919
|move|p2a: Hoppip|Energy Ball|p1a: Arceus
|-damage|p1a: Arceus|16/100
|-unboost|p1a: Arceus|spd|1
|-damage|p2a: Hoppip|50/100|[from] item: Life Orb
|move|p1a: Arceus|Shadow Claw|p2a: Hoppip
|-activate|p2a: Hoppip|move: Substitute|[damage]
|
|-heal|p2a: Hoppip|56/100|[from] Ingrain
|upkeep
|turn|45
|
|t:|1641396929
|move|p1a: Arceus|Extreme Speed|p2a: Hoppip|[miss]
|-miss|p1a: Arceus|p2a: Hoppip
|move|p2a: Hoppip|Substitute|p2a: Hoppip
|-fail|p2a: Hoppip|move: Substitute
|
|-heal|p2a: Hoppip|63/100|[from] Ingrain
|upkeep
|turn|46
|-message|BAN-DIT77 forfeited.
|
|win|Pokeashbattle
|raw|BAN-DIT77's rating: 1392 &rarr; <strong>1366</strong><br />(-26 for losing)
|raw|Pokeashbattle's rating: 1284 &rarr; <strong>1317</strong><br />(+33 for winning)
|l|☆BAN-DIT77
||Ladder isn't responding, score probably updated but might not have (Request timeout).
