|j|☆lyblwt1234
|j|☆DarkboiJ
|t:|1665991796
|gametype|singles
|player|p1|lyblwt1234|cynthia-gen4|1646
|player|p2|DarkboiJ|blue-gen3two|1876
|teamsize|p1|6
|teamsize|p2|6
|gen|8
|tier|[Gen 8] National Dex AG
|rated|
|rule|HP Percentage Mod: HP is shown in percentages
|rule|Endless Battle Clause: Forcing endless battles is banned
|clearpoke
|poke|p1|Arceus-*|
|poke|p1|Zacian-*|
|poke|p1|Rayquaza|
|poke|p1|Kyogre|
|poke|p1|Marshadow|
|poke|p1|Ditto|
|poke|p2|Necrozma-Dusk-Mane|
|poke|p2|Arceus-*|
|poke|p2|Ditto|
|poke|p2|Smeargle, F|
|poke|p2|Groudon|
|poke|p2|Arceus-*|
|teampreview
|inactive|Battle timer is ON: inactive players will automatically lose when time's up. (requested by DarkboiJ)
|
|t:|1665991806
|start
|switch|p1a: Arceus|Arceus-Electric|100/100
|switch|p2a: Arceus|Arceus-Fairy|100/100
|turn|1
|
|t:|1665991813
|switch|p1a: Zacian|Zacian-Crowned|100/100
|-ability|p1a: Zacian|Intrepid Sword|boost
|-boost|p1a: Zacian|atk|1
|move|p2a: Arceus|Toxic|p1a: Zacian
|-immune|p1a: Zacian
|
|upkeep
|turn|2
|
|t:|1665991820
|switch|p2a: Groudon|Groudon|100/100
|detailschange|p2a: Groudon|Groudon-Primal
|-primal|p2a: Groudon
|-weather|DesolateLand|[from] ability: Desolate Land|[of] p2a: Groudon
|move|p1a: Zacian|Close Combat|p2a: Groudon
|-damage|p2a: Groudon|65/100
|-unboost|p1a: Zacian|def|1
|-unboost|p1a: Zacian|spd|1
|
|-weather|DesolateLand|[upkeep]
|upkeep
|turn|3
|l|☆DarkboiJ
|inactive|DarkboiJ disconnected and has a minute to reconnect!
|player|p2|
|j|☆DarkboiJ
|inactive|DarkboiJ reconnected and has 130 seconds left.
|player|p2|DarkboiJ|blue-gen3two
|
|t:|1665991848
|switch|p1a: Rayquaza|Rayquaza|100/100
|-ability|p1a: Rayquaza|Air Lock
|move|p2a: Groudon|Stealth Rock|p1a: Rayquaza
|-sidestart|p1: lyblwt1234|move: Stealth Rock
|
|-weather|DesolateLand|[upkeep]
|upkeep
|turn|4
|
|t:|1665991858
|detailschange|p1a: Rayquaza|Rayquaza-Mega
|-mega|p1a: Rayquaza|Rayquaza|
|-weather|DeltaStream|[from] ability: Delta Stream|[of] p1a: Rayquaza
|move|p1a: Rayquaza|Defog|p2a: Groudon
|-unboost|p2a: Groudon|evasion|1
|-sideend|p1: lyblwt1234|Stealth Rock|[from] move: Defog|[of] p1a: Rayquaza
|move|p2a: Groudon|Dragon Tail|p1a: Rayquaza
|-supereffective|p1a: Rayquaza
|-damage|p1a: Rayquaza|54/100
|-weather|none
|drag|p1a: Arceus|Arceus-Electric|100/100
|
|upkeep
|turn|5
|
|t:|1665991870
|-start|p1a: Arceus|Dynamax|
|-heal|p1a: Arceus|100/100|[silent]
|move|p1a: Arceus|Max Quake|p2a: Groudon
|-supereffective|p2a: Groudon
|-damage|p2a: Groudon|0 fnt
|-boost|p1a: Arceus|spd|1
|faint|p2a: Groudon
|
|upkeep
|
|t:|1665991876
|switch|p2a: Arceus|Arceus-Fairy|100/100
|turn|6
|
|t:|1665991884
|move|p1a: Arceus|Max Lightning|p2a: Arceus
|-damage|p2a: Arceus|65/100
|-fieldstart|move: Electric Terrain
|move|p2a: Arceus|Stealth Rock|p1a: Arceus
|-sidestart|p1: lyblwt1234|move: Stealth Rock
|
|upkeep
|turn|7
|
|t:|1665991893
|move|p1a: Arceus|Max Lightning|p2a: Arceus
|-damage|p2a: Arceus|12/100
|move|p2a: Arceus|Recover|p2a: Arceus
|-heal|p2a: Arceus|62/100
|
|upkeep
|-end|p1a: Arceus|Dynamax
|-heal|p1a: Arceus|100/100|[silent]
|turn|8
|
|t:|1665991902
|switch|p1a: Zacian|Zacian-Crowned|100/100
|-damage|p1a: Zacian|94/100|[from] Stealth Rock
|-ability|p1a: Zacian|Intrepid Sword|boost
|-boost|p1a: Zacian|atk|1
|move|p2a: Arceus|Recover|p2a: Arceus
|-heal|p2a: Arceus|100/100
|
|upkeep
|turn|9
|
|t:|1665991912
|switch|p2a: Smeargle|Smeargle, F|100/100
|move|p1a: Zacian|Close Combat|p2a: Smeargle
|-supereffective|p2a: Smeargle
|-crit|p2a: Smeargle
|-enditem|p2a: Smeargle|Focus Sash
|-damage|p2a: Smeargle|1/100
|-unboost|p1a: Zacian|def|1
|-unboost|p1a: Zacian|spd|1
|
|-ability|p2a: Smeargle|Moody|boost
|-boost|p2a: Smeargle|atk|2
|-unboost|p2a: Smeargle|spa|1
|upkeep
|turn|10
|
|t:|1665991924
|move|p1a: Zacian|Behemoth Blade|p2a: Smeargle
|-damage|p2a: Smeargle|0 fnt
|faint|p2a: Smeargle
|
|-fieldend|move: Electric Terrain
|upkeep
|
|t:|1665991927
|switch|p2a: Ditto|Ditto, shiny|100/100
|-transform|p2a: Ditto|p1a: Zacian|[from] ability: Imposter
|-ability|p2a: Ditto|Intrepid Sword|boost
|-boost|p2a: Ditto|atk|1
|turn|11
|
|t:|1665991943
|switch|p1a: Rayquaza|Rayquaza-Mega|54/100
|-damage|p1a: Rayquaza|29/100|[from] Stealth Rock
|-weather|DeltaStream|[from] ability: Delta Stream|[of] p1a: Rayquaza
|move|p2a: Ditto|Close Combat|p1a: Rayquaza
|-resisted|p1a: Rayquaza
|-damage|p1a: Rayquaza|0 fnt
|-unboost|p2a: Ditto|def|1
|-unboost|p2a: Ditto|spd|1
|faint|p1a: Rayquaza
|-weather|none
|
|upkeep
|
|t:|1665991953
|switch|p1a: Marshadow|Marshadow|100/100
|-damage|p1a: Marshadow|94/100|[from] Stealth Rock
|turn|12
|
|t:|1665991958
|switch|p2a: Arceus|Arceus-Fairy|100/100
|move|p1a: Marshadow|Spectral Thief|p2a: Arceus
|-damage|p2a: Arceus|64/100
|-damage|p1a: Marshadow|84/100|[from] item: Life Orb
|
|upkeep
|turn|13
|
|t:|1665991972
|switch|p1a: Zacian|Zacian-Crowned|94/100
|-damage|p1a: Zacian|88/100|[from] Stealth Rock
|-ability|p1a: Zacian|Intrepid Sword|boost
|-boost|p1a: Zacian|atk|1
|move|p2a: Arceus|Recover|p2a: Arceus
|-heal|p2a: Arceus|100/100
|
|upkeep
|turn|14
|
|t:|1665991985
|switch|p2a: Necrozma|Necrozma-Dusk-Mane|100/100
|move|p1a: Zacian|Behemoth Blade|p2a: Necrozma
|-resisted|p2a: Necrozma
|-damage|p2a: Necrozma|72/100
|
|upkeep
|turn|15
|
|t:|1665991998
|move|p1a: Zacian|Close Combat|p2a: Necrozma
|-damage|p2a: Necrozma|21/100
|-unboost|p1a: Zacian|def|1
|-unboost|p1a: Zacian|spd|1
|move|p2a: Necrozma|Morning Sun|p2a: Necrozma
|-heal|p2a: Necrozma|71/100
|
|upkeep
|turn|16
|
|t:|1665992006
|switch|p1a: Kyogre|Kyogre|100/100
|-damage|p1a: Kyogre|88/100|[from] Stealth Rock
|detailschange|p1a: Kyogre|Kyogre-Primal
|-primal|p1a: Kyogre
|-weather|PrimordialSea|[from] ability: Primordial Sea|[of] p1a: Kyogre
|move|p2a: Necrozma|Sunsteel Strike|p1a: Kyogre
|-resisted|p1a: Kyogre
|-damage|p1a: Kyogre|73/100
|
|-weather|PrimordialSea|[upkeep]
|upkeep
|turn|17
|
|t:|1665992016
|switch|p2a: Arceus|Arceus-Fairy|100/100
|move|p1a: Kyogre|Scald|p2a: Arceus
|-damage|p2a: Arceus|67/100
|
|-weather|PrimordialSea|[upkeep]
|upkeep
|turn|18
|
|t:|1665992022
|move|p2a: Arceus|Judgment|p1a: Kyogre
|-damage|p1a: Kyogre|44/100
|move|p1a: Kyogre|Toxic|p2a: Arceus
|-status|p2a: Arceus|tox
|
|-weather|PrimordialSea|[upkeep]
|-damage|p2a: Arceus|61/100 tox|[from] psn
|upkeep
|turn|19
|
|t:|1665992029
|move|p2a: Arceus|Toxic|p1a: Kyogre
|-status|p1a: Kyogre|tox
|move|p1a: Kyogre|Rest|p1a: Kyogre
|-status|p1a: Kyogre|slp|[from] move: Rest
|-heal|p1a: Kyogre|100/100 slp|[silent]
|
|-weather|PrimordialSea|[upkeep]
|-damage|p2a: Arceus|49/100 tox|[from] psn
|upkeep
|turn|20
|
|t:|1665992037
|switch|p2a: Necrozma|Necrozma-Dusk-Mane|71/100
|cant|p1a: Kyogre|slp
|move|p1a: Kyogre|Sleep Talk|p1a: Kyogre
|move|p1a: Kyogre|Scald|p2a: Necrozma|[from]move: Sleep Talk
|-damage|p2a: Necrozma|13/100
|
|-weather|PrimordialSea|[upkeep]
|upkeep
|turn|21
|
|t:|1665992045
|move|p2a: Necrozma|Morning Sun|p2a: Necrozma
|-heal|p2a: Necrozma|38/100
|cant|p1a: Kyogre|slp
|move|p1a: Kyogre|Sleep Talk|p1a: Kyogre
|move|p1a: Kyogre|Rest||[from]move: Sleep Talk|[still]
|-fail|p1a: Kyogre
|
|-weather|PrimordialSea|[upkeep]
|upkeep
|turn|22
|
|t:|1665992052
|switch|p2a: Arceus|Arceus-Fairy|49/100 tox
|-curestatus|p1a: Kyogre|slp|[msg]
|move|p1a: Kyogre|Scald|p2a: Arceus
|-damage|p2a: Arceus|13/100 tox
|
|-weather|PrimordialSea|[upkeep]
|-damage|p2a: Arceus|7/100 tox|[from] psn
|upkeep
|turn|23
|
|t:|1665992060
|move|p2a: Arceus|Toxic|p1a: Kyogre
|-status|p1a: Kyogre|tox
|move|p1a: Kyogre|Scald|p2a: Arceus
|-damage|p2a: Arceus|0 fnt
|faint|p2a: Arceus
|
|-weather|PrimordialSea|[upkeep]
|-damage|p1a: Kyogre|94/100 tox|[from] psn
|upkeep
|
|t:|1665992065
|switch|p2a: Arceus|Arceus|100/100
|turn|24
|
|t:|1665992070
|move|p2a: Arceus|Swords Dance|p2a: Arceus
|-boost|p2a: Arceus|atk|2
|move|p1a: Kyogre|Toxic|p2a: Arceus
|-status|p2a: Arceus|tox
|-enditem|p2a: Arceus|Lum Berry|[eat]
|-curestatus|p2a: Arceus|tox|[msg]
|
|-weather|PrimordialSea|[upkeep]
|-damage|p1a: Kyogre|82/100 tox|[from] psn
|upkeep
|turn|25
|
|t:|1665992085
|-start|p2a: Arceus|Dynamax|
|-heal|p2a: Arceus|100/100|[silent]
|move|p2a: Arceus|Max Phantasm|p1a: Kyogre
|-damage|p1a: Kyogre|26/100 tox
|-unboost|p1a: Kyogre|def|1
|move|p1a: Kyogre|Toxic|p2a: Arceus
|-status|p2a: Arceus|tox
|
|-weather|PrimordialSea|[upkeep]
|-damage|p2a: Arceus|97/100 tox|[from] psn
|-damage|p1a: Kyogre|8/100 tox|[from] psn
|upkeep
|turn|26
|
|t:|1665992097
|move|p2a: Arceus|Max Strike|p1a: Kyogre
|-damage|p1a: Kyogre|0 fnt
|faint|p1a: Kyogre
|-weather|none
|
|-damage|p2a: Arceus|91/100 tox|[from] psn
|upkeep
|
|t:|1665992109
|switch|p1a: Arceus|Arceus-Electric|100/100
|-damage|p1a: Arceus|88/100|[from] Stealth Rock
|turn|27
|
|t:|1665992114
|move|p1a: Arceus|Stealth Rock|p2a: Arceus
|-sidestart|p2: DarkboiJ|move: Stealth Rock
|move|p2a: Arceus|Max Phantasm|p1a: Arceus
|-damage|p1a: Arceus|18/100
|-unboost|p1a: Arceus|def|1
|
|-damage|p2a: Arceus|82/100 tox|[from] psn
|upkeep
|-end|p2a: Arceus|Dynamax
|-heal|p2a: Arceus|82/100 tox|[silent]
|turn|28
|
|t:|1665992124
|switch|p1a: Marshadow|Marshadow|84/100
|-damage|p1a: Marshadow|78/100|[from] Stealth Rock
|move|p2a: Arceus|Extreme Speed|p1a: Marshadow
|-immune|p1a: Marshadow
|
|-damage|p2a: Arceus|58/100 tox|[from] psn
|upkeep
|turn|29
|
|t:|1665992135
|switch|p2a: Necrozma|Necrozma-Dusk-Mane|38/100
|-damage|p2a: Necrozma|32/100|[from] Stealth Rock
|move|p1a: Marshadow|Close Combat|p2a: Necrozma
|-damage|p2a: Necrozma|0 fnt
|-unboost|p1a: Marshadow|def|1
|-unboost|p1a: Marshadow|spd|1
|faint|p2a: Necrozma
|-damage|p1a: Marshadow|68/100|[from] item: Life Orb
|
|upkeep
|
|t:|1665992137
|switch|p2a: Ditto|Ditto, shiny|100/100
|-damage|p2a: Ditto|88/100|[from] Stealth Rock
|-transform|p2a: Ditto|p1a: Marshadow|[from] ability: Imposter
|turn|30
|
|t:|1665992149
|-activate|p1a: Marshadow|move: Pursuit
|move|p2a: Ditto|Pursuit|p1a: Marshadow|[from]Pursuit
|-damage|p1a: Marshadow|19/100
|switch|p1a: Ditto|Ditto|100/100
|-damage|p1a: Ditto|88/100|[from] Stealth Rock
|
|upkeep
|turn|31
|
|t:|1665992157
|-activate|p1a: Ditto|move: Pursuit
|move|p2a: Ditto|Pursuit|p1a: Ditto|[from]Pursuit
|-damage|p1a: Ditto|55/100
|switch|p1a: Zacian|Zacian-Crowned|88/100
|-damage|p1a: Zacian|82/100|[from] Stealth Rock
|-ability|p1a: Zacian|Intrepid Sword|boost
|-boost|p1a: Zacian|atk|1
|
|upkeep
|turn|32
|
|t:|1665992166
|switch|p2a: Arceus|Arceus|58/100 tox
|-damage|p2a: Arceus|46/100 tox|[from] Stealth Rock
|move|p1a: Zacian|Behemoth Blade|p2a: Arceus
|-damage|p2a: Arceus|0 fnt
|faint|p2a: Arceus
|
|upkeep
|
|t:|1665992169
|switch|p2a: Ditto|Ditto, shiny|88/100
|-damage|p2a: Ditto|76/100|[from] Stealth Rock
|-transform|p2a: Ditto|p1a: Zacian|[from] ability: Imposter
|-ability|p2a: Ditto|Intrepid Sword|boost
|-boost|p2a: Ditto|atk|1
|turn|33
|
|t:|1665992181
|move|p2a: Ditto|Behemoth Blade|p1a: Zacian
|-damage|p1a: Zacian|0 fnt
|faint|p1a: Zacian
|
|upkeep
|
|t:|1665992186
|switch|p1a: Marshadow|Marshadow|19/100
|-damage|p1a: Marshadow|13/100|[from] Stealth Rock
|turn|34
|
|t:|1665992190
|move|p1a: Marshadow|Shadow Sneak|p2a: Ditto
|-damage|p2a: Ditto|36/100
|-damage|p1a: Marshadow|3/100|[from] item: Life Orb
|move|p2a: Ditto|Behemoth Blade|p1a: Marshadow
|-damage|p1a: Marshadow|0 fnt
|faint|p1a: Marshadow
|
|upkeep
|-message|lyblwt1234 forfeited.
|
|win|DarkboiJ
|raw|lyblwt1234's rating: 1646 &rarr; <strong>1638</strong><br />(-8 for losing)
|raw|DarkboiJ's rating: 1876 &rarr; <strong>1884</strong><br />(+8 for winning)
|l|☆lyblwt1234
