|j|☆Lance's Time
|j|☆Morale Booster
|t:|1662135516
|gametype|singles
|player|p1|Lance's Time|lass-gen4dp|2019
|player|p2|Morale Booster|klara|1825
|teamsize|p1|6
|teamsize|p2|6
|gen|8
|tier|[Gen 8] National Dex AG
|rated|
|rule|HP Percentage Mod: HP is shown in percentages
|rule|Endless Battle Clause: Forcing endless battles is banned
|clearpoke
|poke|p1|Rayquaza|
|poke|p1|Necrozma-Dusk-Mane|
|poke|p1|Ho-Oh|
|poke|p1|Zygarde|
|poke|p1|Chansey, F|
|poke|p1|Tyranitar, M|
|poke|p2|Smeargle, F|
|poke|p2|Lugia|
|poke|p2|Xerneas-*|
|poke|p2|Marshadow|
|poke|p2|Diancie|
|poke|p2|Groudon|
|teampreview
|
|t:|1662135521
|start
|switch|p1a: Rayquaza|Rayquaza|100/100
|switch|p2a: Diancie|Diancie|100/100
|-ability|p1a: Rayquaza|Air Lock
|turn|1
|
|t:|1662135528
|switch|p1a: Necrozma|Necrozma-Dusk-Mane|100/100
|detailschange|p2a: Diancie|Diancie-Mega
|-mega|p2a: Diancie|Diancie|Diancite
|move|p2a: Diancie|Protect||[still]
|-fail|p2a: Diancie
|
|upkeep
|turn|2
|
|t:|1662135534
|move|p2a: Diancie|Stealth Rock|p1a: Necrozma
|-sidestart|p1: Lance's Time|move: Stealth Rock
|move|p1a: Necrozma|Sunsteel Strike|p2a: Diancie
|-supereffective|p2a: Diancie
|-damage|p2a: Diancie|0 fnt
|faint|p2a: Diancie
|
|upkeep
|
|t:|1662135542
|switch|p2a: Smeargle|Smeargle, F|100/100
|turn|3
|
|t:|1662135545
|switch|p1a: Zygarde|Zygarde|100/100
|-damage|p1a: Zygarde|94/100|[from] Stealth Rock
|move|p2a: Smeargle|Spore|p1a: Zygarde
|-activate|p1a: Zygarde|item: Safety Goggles|Spore
|
|-ability|p2a: Smeargle|Moody|boost
|-boost|p2a: Smeargle|spe|2
|-unboost|p2a: Smeargle|spd|1
|upkeep
|turn|4
|
|t:|1662135554
|move|p2a: Smeargle|Shell Smash|p2a: Smeargle
|-unboost|p2a: Smeargle|def|1
|-unboost|p2a: Smeargle|spd|1
|-boost|p2a: Smeargle|atk|2
|-boost|p2a: Smeargle|spa|2
|-boost|p2a: Smeargle|spe|2
|move|p1a: Zygarde|Haze|p1a: Zygarde
|-clearallboost
|
|-ability|p2a: Smeargle|Moody|boost
|-boost|p2a: Smeargle|spa|2
|-unboost|p2a: Smeargle|def|1
|upkeep
|turn|5
|
|t:|1662135565
|switch|p2a: Lugia|Lugia|100/100
|move|p1a: Zygarde|Haze|p1a: Zygarde
|-clearallboost
|
|upkeep
|turn|6
|
|t:|1662135573
|switch|p1a: Necrozma|Necrozma-Dusk-Mane|100/100
|-damage|p1a: Necrozma|94/100|[from] Stealth Rock
|move|p2a: Lugia|Toxic|p1a: Necrozma
|-immune|p1a: Necrozma
|
|upkeep
|turn|7
|
|t:|1662135580
|switch|p1a: Rayquaza|Rayquaza|100/100
|-damage|p1a: Rayquaza|76/100|[from] Stealth Rock
|-ability|p1a: Rayquaza|Air Lock
|move|p2a: Lugia|Calm Mind|p2a: Lugia
|-boost|p2a: Lugia|spa|1
|-boost|p2a: Lugia|spd|1
|
|upkeep
|turn|8
|
|t:|1662135587
|detailschange|p1a: Rayquaza|Rayquaza-Mega
|-mega|p1a: Rayquaza|Rayquaza|
|-weather|DeltaStream|[from] ability: Delta Stream|[of] p1a: Rayquaza
|move|p1a: Rayquaza|Scale Shot|p2a: Lugia
|-damage|p2a: Lugia|93/100
|-damage|p2a: Lugia|79/100
|-hitcount|p2a: Lugia|2
|-unboost|p1a: Rayquaza|def|1
|-boost|p1a: Rayquaza|spe|1
|move|p2a: Lugia|Toxic|p1a: Rayquaza
|-status|p1a: Rayquaza|tox
|
|-weather|DeltaStream|[upkeep]
|-heal|p2a: Lugia|85/100|[from] item: Leftovers
|-damage|p1a: Rayquaza|70/100 tox|[from] psn
|upkeep
|turn|9
|
|t:|1662135601
|-weather|none
|switch|p1a: Chansey|Chansey, F|100/100
|-damage|p1a: Chansey|88/100|[from] Stealth Rock
|move|p2a: Lugia|Roost|p2a: Lugia
|-heal|p2a: Lugia|100/100
|-singleturn|p2a: Lugia|move: Roost
|
|upkeep
|turn|10
|
|t:|1662135610
|switch|p2a: 1-2 punch|Groudon|100/100
|detailschange|p2a: 1-2 punch|Groudon-Primal
|-primal|p2a: 1-2 punch
|-weather|DesolateLand|[from] ability: Desolate Land|[of] p2a: 1-2 punch
|move|p1a: Chansey|Toxic|p2a: 1-2 punch
|-status|p2a: 1-2 punch|tox
|
|-weather|DesolateLand|[upkeep]
|-damage|p2a: 1-2 punch|94/100 tox|[from] psn
|upkeep
|turn|11
|
|t:|1662135619
|switch|p1a: Rayquaza|Rayquaza-Mega|70/100 tox
|-damage|p1a: Rayquaza|45/100 tox|[from] Stealth Rock
|-weather|DeltaStream|[from] ability: Delta Stream|[of] p1a: Rayquaza
|move|p2a: 1-2 punch|Fire Punch|p1a: Rayquaza
|-resisted|p1a: Rayquaza
|-damage|p1a: Rayquaza|21/100 tox
|
|-weather|DeltaStream|[upkeep]
|-damage|p1a: Rayquaza|15/100 tox|[from] psn
|-damage|p2a: 1-2 punch|82/100 tox|[from] psn
|upkeep
|turn|12
|
|t:|1662135629
|switch|p2a: Lugia|Lugia|100/100
|move|p1a: Rayquaza|Dragon Ascent|p2a: Lugia
|-damage|p2a: Lugia|70/100
|-unboost|p1a: Rayquaza|def|1
|-unboost|p1a: Rayquaza|spd|1
|
|-weather|DeltaStream|[upkeep]
|-heal|p2a: Lugia|76/100|[from] item: Leftovers
|-damage|p1a: Rayquaza|3/100 tox|[from] psn
|upkeep
|turn|13
|
|t:|1662135639
|move|p1a: Rayquaza|Dragon Ascent|p2a: Lugia
|-crit|p2a: Lugia
|-damage|p2a: Lugia|0 fnt
|-unboost|p1a: Rayquaza|def|1
|-unboost|p1a: Rayquaza|spd|1
|faint|p2a: Lugia
|
|-weather|DeltaStream|[upkeep]
|-damage|p1a: Rayquaza|0 fnt|[from] psn
|faint|p1a: Rayquaza
|-weather|none
|upkeep
|c|☆Lance's Time|oops
|
|t:|1662135649
|switch|p1a: Zygarde|Zygarde|94/100
|switch|p2a: Smeargle|Smeargle, F|100/100
|-damage|p1a: Zygarde|88/100|[from] Stealth Rock
|turn|14
|
|t:|1662135657
|move|p2a: Smeargle|Shell Smash|p2a: Smeargle
|-unboost|p2a: Smeargle|def|1
|-unboost|p2a: Smeargle|spd|1
|-boost|p2a: Smeargle|atk|2
|-boost|p2a: Smeargle|spa|2
|-boost|p2a: Smeargle|spe|2
|move|p1a: Zygarde|Thousand Arrows|p2a: Smeargle
|-crit|p2a: Smeargle
|-enditem|p2a: Smeargle|Focus Sash
|-damage|p2a: Smeargle|1/100
|
|-ability|p2a: Smeargle|Moody|boost
|-boost|p2a: Smeargle|spd|2
|-unboost|p2a: Smeargle|def|1
|upkeep
|turn|15
|j| Snake of the Moon
|
|t:|1662135669
|move|p2a: Smeargle|Baton Pass|p2a: Smeargle
|
|t:|1662135671
|switch|p2a: 1-2 punch|Groudon-Primal|82/100 tox|[from]move: Baton Pass
|-weather|DesolateLand|[from] ability: Desolate Land|[of] p2a: 1-2 punch
|move|p1a: Zygarde|Haze|p1a: Zygarde
|-clearallboost
|
|-weather|DesolateLand|[upkeep]
|-damage|p2a: 1-2 punch|76/100 tox|[from] psn
|upkeep
|turn|16
|
|t:|1662135687
|move|p1a: Zygarde|Thousand Arrows|p2a: 1-2 punch
|-supereffective|p2a: 1-2 punch
|-damage|p2a: 1-2 punch|39/100 tox
|move|p2a: 1-2 punch|Precipice Blades|p1a: Zygarde
|-damage|p1a: Zygarde|41/100
|
|-weather|DesolateLand|[upkeep]
|-damage|p2a: 1-2 punch|26/100 tox|[from] psn
|-activate|p1a: Zygarde|ability: Power Construct
|detailschange|p1a: Zygarde|Zygarde-Complete
|-heal|p1a: Zygarde|61/100|[silent]
|upkeep
|turn|17
|
|t:|1662135698
|move|p1a: Zygarde|Thousand Arrows|p2a: 1-2 punch
|-supereffective|p2a: 1-2 punch
|-damage|p2a: 1-2 punch|0 fnt
|faint|p2a: 1-2 punch
|-weather|none
|
|upkeep
|j| World breaker Odin
|
|t:|1662135720
|switch|p2a: Smeargle|Smeargle, F|1/100
|turn|18
|
|t:|1662135724
|move|p2a: Smeargle|Spectral Thief|p1a: Zygarde
|-damage|p1a: Zygarde|56/100
|move|p1a: Zygarde|Thousand Arrows|p2a: Smeargle
|-damage|p2a: Smeargle|0 fnt
|faint|p2a: Smeargle
|
|upkeep
|
|t:|1662135734
|switch|p2a: Xerneas|Xerneas, shiny|100/100
|-ability|p2a: Xerneas|Fairy Aura
|turn|19
|c|☆Lance's Time|where 1900 meat
|
|t:|1662135740
|switch|p1a: Chansey|Chansey, F|88/100
|-damage|p1a: Chansey|76/100|[from] Stealth Rock
|move|p2a: Xerneas|Geomancy||[still]
|-prepare|p2a: Xerneas|Geomancy
|-enditem|p2a: Xerneas|Power Herb
|-anim|p2a: Xerneas|Geomancy|p2a: Xerneas
|-boost|p2a: Xerneas|spa|2
|-boost|p2a: Xerneas|spd|2
|-boost|p2a: Xerneas|spe|2
|
|upkeep
|turn|20
|
|t:|1662135750
|-start|p2a: Xerneas|Dynamax|
|-heal|p2a: Xerneas|100/100|[silent]
|move|p2a: Xerneas|Max Starfall|p1a: Chansey
|-damage|p1a: Chansey|23/100
|-fieldstart|move: Misty Terrain
|move|p1a: Chansey|Soft-Boiled|p1a: Chansey
|-heal|p1a: Chansey|73/100
|
|upkeep
|turn|21
|
|t:|1662135761
|switch|p1a: Ho-Oh|Ho-Oh|100/100
|move|p2a: Xerneas|Max Starfall|p1a: Ho-Oh
|-resisted|p1a: Ho-Oh
|-damage|p1a: Ho-Oh|46/100
|
|upkeep
|turn|22
|
|t:|1662135767
|move|p2a: Xerneas|Max Starfall|p1a: Ho-Oh
|-resisted|p1a: Ho-Oh
|-damage|p1a: Ho-Oh|0 fnt
|faint|p1a: Ho-Oh
|
|upkeep
|
|t:|1662135770
|switch|p1a: Chansey|Chansey, F|73/100
|-damage|p1a: Chansey|60/100|[from] Stealth Rock
|-end|p2a: Xerneas|Dynamax
|-heal|p2a: Xerneas|100/100|[silent]
|turn|23
|
|t:|1662135777
|move|p2a: Xerneas|Moonblast|p1a: Chansey
|-damage|p1a: Chansey|26/100
|move|p1a: Chansey|Soft-Boiled|p1a: Chansey
|-heal|p1a: Chansey|76/100
|
|upkeep
|turn|24
|
|t:|1662135784
|move|p2a: Xerneas|Geomancy||[still]
|-prepare|p2a: Xerneas|Geomancy
|move|p1a: Chansey|Confide|p2a: Xerneas
|-unboost|p2a: Xerneas|spa|1
|
|-fieldend|Misty Terrain
|upkeep
|turn|25
|
|t:|1662135789
|move|p2a: Xerneas|Geomancy|p2a: Xerneas|[from]lockedmove
|-boost|p2a: Xerneas|spa|2
|-boost|p2a: Xerneas|spd|2
|-boost|p2a: Xerneas|spe|2
|move|p1a: Chansey|Confide|p2a: Xerneas
|-unboost|p2a: Xerneas|spa|1
|
|upkeep
|turn|26
|
|t:|1662135795
|move|p2a: Xerneas|Moonblast|p1a: Chansey
|-damage|p1a: Chansey|40/100
|move|p1a: Chansey|Toxic|p2a: Xerneas
|-status|p2a: Xerneas|tox
|
|-damage|p2a: Xerneas|94/100 tox|[from] psn
|upkeep
|turn|27
|
|t:|1662135802
|move|p2a: Xerneas|Moonblast|p1a: Chansey
|-damage|p1a: Chansey|5/100
|move|p1a: Chansey|Soft-Boiled|p1a: Chansey
|-heal|p1a: Chansey|55/100
|
|-damage|p2a: Xerneas|82/100 tox|[from] psn
|upkeep
|turn|28
|
|t:|1662135809
|move|p2a: Xerneas|Defog|p1a: Chansey
|-unboost|p1a: Chansey|evasion|1
|-sideend|p1: Lance's Time|Stealth Rock|[from] move: Defog|[of] p2a: Xerneas
|move|p1a: Chansey|Soft-Boiled|p1a: Chansey
|-heal|p1a: Chansey|100/100
|
|-damage|p2a: Xerneas|64/100 tox|[from] psn
|upkeep
|turn|29
|
|t:|1662135816
|move|p2a: Xerneas|Defog|p1a: Chansey
|-unboost|p1a: Chansey|evasion|1
|move|p1a: Chansey|Confide|p2a: Xerneas
|-unboost|p2a: Xerneas|spa|1
|
|-damage|p2a: Xerneas|39/100 tox|[from] psn
|upkeep
|turn|30
|
|t:|1662135824
|switch|p2a: Marshadow|Marshadow|100/100
|move|p1a: Chansey|Confide|p2a: Marshadow
|-unboost|p2a: Marshadow|spa|1
|
|upkeep
|turn|31
|
|t:|1662135830
|switch|p1a: Zygarde|Zygarde-Complete|56/100
|move|p2a: Marshadow|Close Combat|p1a: Zygarde
|-damage|p1a: Zygarde|36/100
|-unboost|p2a: Marshadow|def|1
|-unboost|p2a: Marshadow|spd|1
|
|upkeep
|turn|32
|
|t:|1662135838
|switch|p2a: Xerneas|Xerneas, shiny|39/100 tox
|-ability|p2a: Xerneas|Fairy Aura
|move|p1a: Zygarde|Rest|p1a: Zygarde
|-status|p1a: Zygarde|slp|[from] move: Rest
|-heal|p1a: Zygarde|100/100 slp|[silent]
|
|-damage|p2a: Xerneas|33/100 tox|[from] psn
|upkeep
|turn|33
|
|t:|1662135848
|switch|p1a: Chansey|Chansey, F|100/100
|move|p2a: Xerneas|Defog|p1a: Chansey
|-unboost|p1a: Chansey|evasion|1
|
|-damage|p2a: Xerneas|20/100 tox|[from] psn
|upkeep
|turn|34
|
|t:|1662135855
|move|p2a: Xerneas|Defog|p1a: Chansey
|-unboost|p1a: Chansey|evasion|1
|move|p1a: Chansey|Confide|p2a: Xerneas
|-unboost|p2a: Xerneas|spa|1
|
|-damage|p2a: Xerneas|2/100 tox|[from] psn
|upkeep
|turn|35
|
|t:|1662135862
|move|p2a: Xerneas|Defog|p1a: Chansey
|-unboost|p1a: Chansey|evasion|1
|move|p1a: Chansey|Soft-Boiled||[still]
|-fail|p1a: Chansey|heal
|
|-damage|p2a: Xerneas|0 fnt|[from] psn
|faint|p2a: Xerneas
|upkeep
|
|t:|1662135869
|switch|p2a: Marshadow|Marshadow|100/100
|turn|36
|
|t:|1662135873
|move|p2a: Marshadow|Close Combat|p1a: Chansey
|-supereffective|p1a: Chansey
|-damage|p1a: Chansey|8/100
|-unboost|p2a: Marshadow|def|1
|-unboost|p2a: Marshadow|spd|1
|move|p1a: Chansey|Toxic|p2a: Marshadow
|-status|p2a: Marshadow|tox
|
|-damage|p2a: Marshadow|94/100 tox|[from] psn
|upkeep
|turn|37
|
|t:|1662135881
|move|p2a: Marshadow|Shadow Sneak|p1a: Chansey
|-immune|p1a: Chansey
|move|p1a: Chansey|Soft-Boiled|p1a: Chansey
|-heal|p1a: Chansey|58/100
|
|-damage|p2a: Marshadow|82/100 tox|[from] psn
|upkeep
|turn|38
|-message|Morale Booster forfeited.
|
|win|Lance's Time
|raw|Lance&apos;s Time's rating: 2019 &rarr; <strong>2029</strong><br />(+10 for winning)
|raw|Morale Booster's rating: 1825 &rarr; <strong>1815</strong><br />(-10 for losing)
|l|☆Morale Booster
||Ladder isn't responding, score probably updated but might not have (Request timeout).
|l|☆Lance's Time
|j| Wrathoftheleopard
|l| Wrathoftheleopard
