|j|☆Lord Tonii Chan
|j|☆DrMario69
|t:|1663216855
|gametype|singles
|player|p1|Lord Tonii Chan|falkner|1658
|player|p2|DrMario69|hiker-gen4|1924
|teamsize|p1|6
|teamsize|p2|6
|gen|8
|tier|[Gen 8] National Dex AG
|rated|
|rule|HP Percentage Mod: HP is shown in percentages
|rule|Endless Battle Clause: Forcing endless battles is banned
|clearpoke
|poke|p1|Tyranitar, M|
|poke|p1|Quagsire, F|
|poke|p1|Yveltal|
|poke|p1|Rayquaza|
|poke|p1|Ferrothorn, F|
|poke|p1|Ho-Oh|
|poke|p2|Groudon|
|poke|p2|Rayquaza|
|poke|p2|Zygarde|
|poke|p2|Arceus-*|
|poke|p2|Calyrex-Shadow|
|poke|p2|Arceus-*|
|teampreview
|
|t:|1663216862
|start
|switch|p1a: Rayquaza|Rayquaza|100/100
|switch|p2a: Pneuma|Rayquaza|100/100
|-ability|p1a: Rayquaza|Air Lock
|-ability|p2a: Pneuma|Air Lock
|turn|1
|
|t:|1663216866
|detailschange|p1a: Rayquaza|Rayquaza-Mega
|-mega|p1a: Rayquaza|Rayquaza|
|-weather|DeltaStream|[from] ability: Delta Stream|[of] p1a: Rayquaza
|detailschange|p2a: Pneuma|Rayquaza-Mega
|-mega|p2a: Pneuma|Rayquaza|
|move|p1a: Rayquaza|Draco Meteor|p2a: Pneuma
|-supereffective|p2a: Pneuma
|-crit|p2a: Pneuma
|-damage|p2a: Pneuma|0 fnt
|-unboost|p1a: Rayquaza|spa|2
|faint|p2a: Pneuma
|
|-weather|DeltaStream|[upkeep]
|upkeep
|
|t:|1663216869
|switch|p2a: Shi Oh You|Zygarde, shiny|100/100
|turn|2
|
|t:|1663216871
|-weather|none
|switch|p1a: Quagsire|Quagsire, F|100/100
|move|p2a: Shi Oh You|Glare|p1a: Quagsire
|-status|p1a: Quagsire|par
|
|upkeep
|turn|3
|
|t:|1663216878
|switch|p2a: Arceus|Arceus-Dark|100/100
|move|p1a: Quagsire|Toxic|p2a: Arceus
|-status|p2a: Arceus|tox
|
|-damage|p2a: Arceus|94/100 tox|[from] psn
|upkeep
|turn|4
|
|t:|1663216881
|switch|p1a: Ferrothorn|Ferrothorn, F|100/100
|move|p2a: Arceus|Thunder Wave|p1a: Ferrothorn
|-status|p1a: Ferrothorn|par
|
|-damage|p2a: Arceus|82/100 tox|[from] psn
|upkeep
|turn|5
|
|t:|1663216885
|switch|p2a: Shi Oh You|Zygarde, shiny|100/100
|cant|p1a: Ferrothorn|par
|
|upkeep
|turn|6
|
|t:|1663216889
|switch|p2a: Calyrex|Calyrex-Shadow|100/100
|-ability|p2a: Calyrex|As One
|-ability|p2a: Calyrex|Unnerve
|switch|p1a: Quagsire|Quagsire, F|100/100 par
|
|upkeep
|turn|7
|
|t:|1663216893
|switch|p2a: Pyra|Groudon|100/100
|detailschange|p2a: Pyra|Groudon-Primal
|-primal|p2a: Pyra
|-weather|DesolateLand|[from] ability: Desolate Land|[of] p2a: Pyra
|switch|p1a: Tyranitar|Tyranitar, M|100/100
|-ability|p1a: Tyranitar|Sand Stream|[from] desolateland|[fail]
|
|-weather|DesolateLand|[upkeep]
|upkeep
|turn|8
|
|t:|1663216897
|switch|p1a: Rayquaza|Rayquaza-Mega|100/100
|-weather|DeltaStream|[from] ability: Delta Stream|[of] p1a: Rayquaza
|move|p2a: Pyra|Heat Crash|p1a: Rayquaza
|-resisted|p1a: Rayquaza
|-damage|p1a: Rayquaza|80/100
|
|-weather|DeltaStream|[upkeep]
|upkeep
|turn|9
|
|t:|1663216903
|switch|p2a: Arceus|Arceus-Dark|82/100 tox
|move|p1a: Rayquaza|Surf|p2a: Arceus
|-damage|p2a: Arceus|63/100 tox
|
|-weather|DeltaStream|[upkeep]
|-damage|p2a: Arceus|57/100 tox|[from] psn
|upkeep
|turn|10
|
|t:|1663216908
|-weather|none
|switch|p1a: Ferrothorn|Ferrothorn, F|100/100 par
|move|p2a: Arceus|Thunder Wave|p1a: Ferrothorn
|-fail|p1a: Ferrothorn|par
|
|-damage|p2a: Arceus|45/100 tox|[from] psn
|upkeep
|turn|11
|
|t:|1663216912
|move|p2a: Arceus|Recover|p2a: Arceus
|-heal|p2a: Arceus|95/100 tox
|move|p1a: Ferrothorn|Leech Seed|p2a: Arceus
|-start|p2a: Arceus|move: Leech Seed
|
|-damage|p2a: Arceus|82/100 tox|[from] Leech Seed|[of] p1a: Ferrothorn
|-damage|p2a: Arceus|64/100 tox|[from] psn
|upkeep
|turn|12
|
|t:|1663216914
|switch|p2a: Pyra|Groudon-Primal|100/100
|-weather|DesolateLand|[from] ability: Desolate Land|[of] p2a: Pyra
|cant|p1a: Ferrothorn|par
|
|-weather|DesolateLand|[upkeep]
|upkeep
|turn|13
|
|t:|1663216918
|switch|p1a: Quagsire|Quagsire, F|100/100 par
|move|p2a: Pyra|Thunder Wave|p1a: Quagsire
|-immune|p1a: Quagsire
|
|-weather|DesolateLand|[upkeep]
|upkeep
|turn|14
|
|t:|1663216921
|switch|p1a: Rayquaza|Rayquaza-Mega|80/100
|-weather|DeltaStream|[from] ability: Delta Stream|[of] p1a: Rayquaza
|move|p2a: Pyra|Precipice Blades|p1a: Rayquaza
|-immune|p1a: Rayquaza
|
|-weather|DeltaStream|[upkeep]
|upkeep
|turn|15
|
|t:|1663216924
|switch|p2a: Arceus|Arceus-Dark|64/100 tox
|move|p1a: Rayquaza|Surf|p2a: Arceus
|-damage|p2a: Arceus|44/100 tox
|
|-weather|DeltaStream|[upkeep]
|-damage|p2a: Arceus|38/100 tox|[from] psn
|upkeep
|turn|16
|
|t:|1663216926
|move|p1a: Rayquaza|Surf|p2a: Arceus
|-damage|p2a: Arceus|20/100 tox
|move|p2a: Arceus|Recover|p2a: Arceus
|-heal|p2a: Arceus|70/100 tox
|
|-weather|DeltaStream|[upkeep]
|-damage|p2a: Arceus|58/100 tox|[from] psn
|upkeep
|turn|17
|
|t:|1663216929
|-weather|none
|switch|p1a: Ferrothorn|Ferrothorn, F|100/100 par
|move|p2a: Arceus|Thunder Wave|p1a: Ferrothorn
|-fail|p1a: Ferrothorn|par
|
|-damage|p2a: Arceus|40/100 tox|[from] psn
|upkeep
|turn|18
|
|t:|1663216931
|move|p2a: Arceus|Recover|p2a: Arceus
|-heal|p2a: Arceus|90/100 tox
|move|p1a: Ferrothorn|Leech Seed|p2a: Arceus|[miss]
|-miss|p1a: Ferrothorn|p2a: Arceus
|
|-damage|p2a: Arceus|65/100 tox|[from] psn
|upkeep
|turn|19
|
|t:|1663216937
|switch|p2a: Pyra|Groudon-Primal|100/100
|-weather|DesolateLand|[from] ability: Desolate Land|[of] p2a: Pyra
|move|p1a: Ferrothorn|Leech Seed|p2a: Pyra
|-start|p2a: Pyra|move: Leech Seed
|
|-weather|DesolateLand|[upkeep]
|-damage|p2a: Pyra|88/100|[from] Leech Seed|[of] p1a: Ferrothorn
|upkeep
|turn|20
|
|t:|1663216941
|switch|p1a: Rayquaza|Rayquaza-Mega|80/100
|-weather|DeltaStream|[from] ability: Delta Stream|[of] p1a: Rayquaza
|move|p2a: Pyra|Heat Crash|p1a: Rayquaza
|-resisted|p1a: Rayquaza
|-damage|p1a: Rayquaza|61/100
|
|-weather|DeltaStream|[upkeep]
|-damage|p2a: Pyra|76/100|[from] Leech Seed|[of] p1a: Rayquaza
|-heal|p1a: Rayquaza|75/100|[silent]
|upkeep
|turn|21
|
|t:|1663216951
|switch|p2a: Arceus|Arceus-Dark|65/100 tox
|move|p1a: Rayquaza|Dragon Ascent|p2a: Arceus
|-damage|p2a: Arceus|8/100 tox
|-unboost|p1a: Rayquaza|def|1
|-unboost|p1a: Rayquaza|spd|1
|
|-weather|DeltaStream|[upkeep]
|-damage|p2a: Arceus|2/100 tox|[from] psn
|upkeep
|turn|22
|
|t:|1663216954
|move|p1a: Rayquaza|Dragon Ascent|p2a: Arceus
|-damage|p2a: Arceus|0 fnt
|-unboost|p1a: Rayquaza|def|1
|-unboost|p1a: Rayquaza|spd|1
|faint|p2a: Arceus
|
|-weather|DeltaStream|[upkeep]
|upkeep
|
|t:|1663216958
|switch|p2a: Calyrex|Calyrex-Shadow|100/100
|-ability|p2a: Calyrex|As One
|-ability|p2a: Calyrex|Unnerve
|turn|23
|
|t:|1663216961
|-weather|none
|switch|p1a: Tyranitar|Tyranitar, M|100/100
|-weather|Sandstorm|[from] ability: Sand Stream|[of] p1a: Tyranitar
|move|p2a: Calyrex|Substitute|p2a: Calyrex
|-start|p2a: Calyrex|Substitute
|-damage|p2a: Calyrex|76/100
|
|-weather|Sandstorm|[upkeep]
|-damage|p2a: Calyrex|70/100|[from] Sandstorm
|-heal|p2a: Calyrex|76/100|[from] item: Leftovers
|upkeep
|turn|24
|
|t:|1663216963
|move|p2a: Calyrex|Leech Seed|p1a: Tyranitar
|-start|p1a: Tyranitar|move: Leech Seed
|move|p1a: Tyranitar|Pursuit|p2a: Calyrex
|-supereffective|p2a: Calyrex
|-end|p2a: Calyrex|Substitute
|
|-weather|Sandstorm|[upkeep]
|-damage|p2a: Calyrex|70/100|[from] Sandstorm
|-heal|p2a: Calyrex|76/100|[from] item: Leftovers
|-damage|p1a: Tyranitar|88/100|[from] Leech Seed|[of] p2a: Calyrex
|-heal|p2a: Calyrex|90/100|[silent]
|upkeep
|turn|25
|
|t:|1663216966
|move|p2a: Calyrex|Substitute|p2a: Calyrex
|-start|p2a: Calyrex|Substitute
|-damage|p2a: Calyrex|65/100
|move|p1a: Tyranitar|Pursuit|p2a: Calyrex
|-supereffective|p2a: Calyrex
|-end|p2a: Calyrex|Substitute
|
|-weather|Sandstorm|[upkeep]
|-damage|p2a: Calyrex|59/100|[from] Sandstorm
|-heal|p2a: Calyrex|65/100|[from] item: Leftovers
|-heal|p1a: Tyranitar|94/100|[from] item: Leftovers
|-damage|p1a: Tyranitar|82/100|[from] Leech Seed|[of] p2a: Calyrex
|-heal|p2a: Calyrex|80/100|[silent]
|upkeep
|turn|26
|
|t:|1663216970
|move|p2a: Calyrex|Substitute|p2a: Calyrex
|-start|p2a: Calyrex|Substitute
|-damage|p2a: Calyrex|55/100
|move|p1a: Tyranitar|Stealth Rock|p2a: Calyrex
|-sidestart|p2: DrMario69|move: Stealth Rock
|
|-weather|Sandstorm|[upkeep]
|-damage|p2a: Calyrex|49/100|[from] Sandstorm
|-heal|p2a: Calyrex|55/100|[from] item: Leftovers
|-heal|p1a: Tyranitar|88/100|[from] item: Leftovers
|-damage|p1a: Tyranitar|76/100|[from] Leech Seed|[of] p2a: Calyrex
|-heal|p2a: Calyrex|70/100|[silent]
|upkeep
|turn|27
|
|t:|1663216974
|switch|p1a: Ferrothorn|Ferrothorn, F|100/100 par
|move|p2a: Calyrex|Draining Kiss|p1a: Ferrothorn
|-resisted|p1a: Ferrothorn
|-damage|p1a: Ferrothorn|94/100 par
|-heal|p2a: Calyrex|75/100|[from] drain|[of] p1a: Ferrothorn
|-damage|p2a: Calyrex|63/100|[from] ability: Iron Barbs|[of] p1a: Ferrothorn
|
|-weather|none
|-heal|p2a: Calyrex|69/100|[from] item: Leftovers
|-heal|p1a: Ferrothorn|99/100 par|[from] item: Leftovers
|upkeep
|turn|28
|
|t:|1663216978
|move|p2a: Calyrex|Astral Barrage|p1a: Ferrothorn
|-damage|p1a: Ferrothorn|56/100 par
|cant|p1a: Ferrothorn|par
|
|-heal|p2a: Calyrex|75/100|[from] item: Leftovers
|-heal|p1a: Ferrothorn|62/100 par|[from] item: Leftovers
|upkeep
|turn|29
|
|t:|1663216981
|move|p2a: Calyrex|Astral Barrage|p1a: Ferrothorn
|-damage|p1a: Ferrothorn|13/100 par
|move|p1a: Ferrothorn|Knock Off|p2a: Calyrex
|-supereffective|p2a: Calyrex
|-end|p2a: Calyrex|Substitute
|
|-heal|p2a: Calyrex|81/100|[from] item: Leftovers
|-heal|p1a: Ferrothorn|19/100 par|[from] item: Leftovers
|upkeep
|turn|30
|
|t:|1663216987
|switch|p2a: Arceus|Arceus|100/100
|-damage|p2a: Arceus|88/100|[from] Stealth Rock
|switch|p1a: Tyranitar|Tyranitar, M|76/100
|-weather|Sandstorm|[from] ability: Sand Stream|[of] p1a: Tyranitar
|
|-weather|Sandstorm|[upkeep]
|-damage|p2a: Arceus|82/100|[from] Sandstorm
|-heal|p1a: Tyranitar|82/100|[from] item: Leftovers
|upkeep
|turn|31
|
|t:|1663216991
|move|p2a: Arceus|Swords Dance|p2a: Arceus
|-boost|p2a: Arceus|atk|2
|move|p1a: Tyranitar|Thunder Wave|p2a: Arceus
|-status|p2a: Arceus|par
|
|-weather|Sandstorm|[upkeep]
|-damage|p2a: Arceus|76/100 par|[from] Sandstorm
|-heal|p1a: Tyranitar|88/100|[from] item: Leftovers
|upkeep
|turn|32
|
|t:|1663216994
|switch|p1a: Quagsire|Quagsire, F|100/100 par
|move|p2a: Arceus|Earthquake|p1a: Quagsire
|-damage|p1a: Quagsire|70/100 par
|-damage|p2a: Arceus|66/100 par|[from] item: Life Orb
|
|-weather|Sandstorm|[upkeep]
|-damage|p2a: Arceus|60/100 par|[from] Sandstorm
|-heal|p1a: Quagsire|76/100 par|[from] item: Leftovers
|upkeep
|turn|33
|
|t:|1663217004
|cant|p2a: Arceus|par
|move|p1a: Quagsire|Toxic||[still]
|-fail|p1a: Quagsire
|
|-weather|Sandstorm|[upkeep]
|-damage|p2a: Arceus|54/100 par|[from] Sandstorm
|-heal|p1a: Quagsire|82/100 par|[from] item: Leftovers
|upkeep
|turn|34
|
|t:|1663217007
|move|p2a: Arceus|Swords Dance|p2a: Arceus
|-boost|p2a: Arceus|atk|2
|move|p1a: Quagsire|Toxic||[still]
|-fail|p1a: Quagsire
|
|-weather|none
|-heal|p1a: Quagsire|88/100 par|[from] item: Leftovers
|upkeep
|turn|35
|
|t:|1663217015
|move|p2a: Arceus|Swords Dance|p2a: Arceus
|-boost|p2a: Arceus|atk|2
|move|p1a: Quagsire|Counter||[still]
|-fail|p1a: Quagsire
|
|-heal|p1a: Quagsire|94/100 par|[from] item: Leftovers
|upkeep
|turn|36
|
|t:|1663217026
|cant|p2a: Arceus|par
|cant|p1a: Quagsire|par
|
|-heal|p1a: Quagsire|99/100 par|[from] item: Leftovers
|upkeep
|turn|37
|
|t:|1663217030
|move|p2a: Arceus|Extreme Speed|p1a: Quagsire
|-damage|p1a: Quagsire|61/100 par
|-damage|p2a: Arceus|44/100 par|[from] item: Life Orb
|move|p1a: Quagsire|Counter|p2a: Arceus
|-damage|p2a: Arceus|0 fnt
|faint|p2a: Arceus
|
|-heal|p1a: Quagsire|67/100 par|[from] item: Leftovers
|upkeep
|
|t:|1663217033
|switch|p2a: Calyrex|Calyrex-Shadow|81/100
|-ability|p2a: Calyrex|As One
|-ability|p2a: Calyrex|Unnerve
|-damage|p2a: Calyrex|69/100|[from] Stealth Rock
|turn|38
|
|t:|1663217035
|switch|p2a: Pyra|Groudon-Primal|76/100
|-damage|p2a: Pyra|64/100|[from] Stealth Rock
|-weather|DesolateLand|[from] ability: Desolate Land|[of] p2a: Pyra
|move|p1a: Quagsire|Earthquake|p2a: Pyra
|-supereffective|p2a: Pyra
|-damage|p2a: Pyra|28/100
|
|-weather|DesolateLand|[upkeep]
|-heal|p1a: Quagsire|73/100 par|[from] item: Leftovers
|upkeep
|turn|39
|
|t:|1663217039
|move|p2a: Pyra|Precipice Blades|p1a: Quagsire
|-damage|p1a: Quagsire|15/100 par
|move|p1a: Quagsire|Earthquake|p2a: Pyra
|-supereffective|p2a: Pyra
|-damage|p2a: Pyra|0 fnt
|faint|p2a: Pyra
|-weather|none
|
|-heal|p1a: Quagsire|22/100 par|[from] item: Leftovers
|upkeep
|
|t:|1663217042
|switch|p2a: Shi Oh You|Zygarde, shiny|100/100
|-damage|p2a: Shi Oh You|94/100|[from] Stealth Rock
|turn|40
|
|t:|1663217047
|move|p2a: Shi Oh You|Substitute|p2a: Shi Oh You
|-start|p2a: Shi Oh You|Substitute
|-damage|p2a: Shi Oh You|69/100
|cant|p1a: Quagsire|par
|
|-heal|p2a: Shi Oh You|75/100|[from] item: Leftovers
|-heal|p1a: Quagsire|28/100 par|[from] item: Leftovers
|upkeep
|turn|41
|
|t:|1663217051
|move|p2a: Shi Oh You|Thousand Arrows|p1a: Quagsire
|-damage|p1a: Quagsire|8/100 par
|move|p1a: Quagsire|Recover|p1a: Quagsire
|-heal|p1a: Quagsire|58/100 par
|
|-heal|p2a: Shi Oh You|82/100|[from] item: Leftovers
|-heal|p1a: Quagsire|64/100 par|[from] item: Leftovers
|upkeep
|turn|42
|
|t:|1663217056
|switch|p2a: Calyrex|Calyrex-Shadow|69/100
|-ability|p2a: Calyrex|As One
|-ability|p2a: Calyrex|Unnerve
|-damage|p2a: Calyrex|57/100|[from] Stealth Rock
|move|p1a: Quagsire|Recover|p1a: Quagsire
|-heal|p1a: Quagsire|100/100 par
|
|-heal|p2a: Calyrex|63/100|[from] item: Leftovers
|upkeep
|turn|43
|c|☆Lord Tonii Chan|Nice
|
|t:|1663217061
|switch|p1a: Ferrothorn|Ferrothorn, F|19/100 par
|move|p2a: Calyrex|Leech Seed|p1a: Ferrothorn
|-immune|p1a: Ferrothorn
|
|-heal|p2a: Calyrex|69/100|[from] item: Leftovers
|-heal|p1a: Ferrothorn|25/100 par|[from] item: Leftovers
|upkeep
|turn|44
|
|t:|1663217066
|switch|p1a: Tyranitar|Tyranitar, M|88/100
|-weather|Sandstorm|[from] ability: Sand Stream|[of] p1a: Tyranitar
|move|p2a: Calyrex|Astral Barrage|p1a: Tyranitar
|-resisted|p1a: Tyranitar
|-damage|p1a: Tyranitar|74/100
|
|-weather|Sandstorm|[upkeep]
|-damage|p2a: Calyrex|63/100|[from] Sandstorm
|-heal|p2a: Calyrex|69/100|[from] item: Leftovers
|-heal|p1a: Tyranitar|80/100|[from] item: Leftovers
|upkeep
|turn|45
|
|t:|1663217068
|-activate|p2a: Calyrex|move: Pursuit
|move|p1a: Tyranitar|Pursuit|p2a: Calyrex|[from]Pursuit
|-supereffective|p2a: Calyrex
|-damage|p2a: Calyrex|0 fnt
|faint|p2a: Calyrex
|-hint|A Pokemon can't switch between when it runs out of HP and when it faints
|
|-weather|Sandstorm|[upkeep]
|-heal|p1a: Tyranitar|86/100|[from] item: Leftovers
|upkeep
|-message|DrMario69 forfeited.
|
|win|Lord Tonii Chan
|raw|Lord Tonii Chan's rating: 1658 &rarr; <strong>1691</strong><br />(+33 for winning)
|raw|DrMario69's rating: 1924 &rarr; <strong>1891</strong><br />(-33 for losing)
|l|☆DrMario69
|c|☆Lord Tonii Chan|Gg
