|j|☆Chompychipper
|j|☆pipi0.0
|t:|1666459074
|gametype|singles
|player|p1|Chompychipper|maxie-gen6|1701
|player|p2|pipi0.0|lady|1735
|teamsize|p1|6
|teamsize|p2|6
|gen|8
|tier|[Gen 8] National Dex AG
|rated|
|rule|HP Percentage Mod: HP is shown in percentages
|rule|Endless Battle Clause: Forcing endless battles is banned
|clearpoke
|poke|p1|Groudon|
|poke|p1|Groudon|
|poke|p1|Groudon|
|poke|p1|Groudon|
|poke|p1|Groudon|
|poke|p1|Groudon|
|poke|p2|Arceus-*|
|poke|p2|Arceus-*|
|poke|p2|Arceus-*|
|poke|p2|Arceus-*|
|poke|p2|Arceus-*|
|poke|p2|Ditto|
|teampreview
|inactive|Battle timer is ON: inactive players will automatically lose when time's up. (requested by pipi0.0)
|c|☆Chompychipper|lol
|c|☆pipi0.0|cool
|
|t:|1666459105
|start
|switch|p1a: Groudon|Groudon|100/100
|switch|p2a: Arceus|Arceus-Fairy|100/100
|-weather|SunnyDay|[from] ability: Drought|[of] p1a: Groudon
|turn|1
|
|t:|1666459110
|move|p2a: Arceus|Stealth Rock|p1a: Groudon
|-sidestart|p1: Chompychipper|move: Stealth Rock
|move|p1a: Groudon|Swords Dance|p1a: Groudon
|-boost|p1a: Groudon|atk|2
|
|-weather|SunnyDay|[upkeep]
|upkeep
|turn|2
|
|t:|1666459131
|-start|p1a: Groudon|Dynamax|
|-heal|p1a: Groudon|100/100|[silent]
|move|p2a: Arceus|Judgment|p1a: Groudon
|-damage|p1a: Groudon|62/100
|move|p1a: Groudon|Max Quake|p2a: Arceus
|-damage|p2a: Arceus|0 fnt
|-boost|p1a: Groudon|spd|1
|faint|p2a: Arceus
|
|-weather|SunnyDay|[upkeep]
|upkeep
|
|t:|1666459146
|switch|p2a: Arceus|Arceus-Dark|100/100
|turn|3
|
|t:|1666459149
|move|p2a: Arceus|Perish Song|p2a: Arceus
|-start|p1a: Groudon|perish3|[silent]
|-start|p2a: Arceus|perish3|[silent]
|-fieldactivate|move: Perish Song
|move|p1a: Groudon|Max Quake|p2a: Arceus
|-damage|p2a: Arceus|0 fnt
|-boost|p1a: Groudon|spd|1
|faint|p2a: Arceus
|
|-weather|SunnyDay|[upkeep]
|-start|p1a: Groudon|perish3
|upkeep
|
|t:|1666459161
|switch|p2a: Arceus|Arceus-Electric|100/100
|turn|4
|
|t:|1666459172
|switch|p2a: Arceus|Arceus-Grass|100/100
|-end|p1a: Groudon|Dynamax
|-heal|p1a: Groudon|62/100|[silent]
|switch|p1a: Groudon|Groudon|100/100
|-damage|p1a: Groudon|94/100|[from] Stealth Rock
|detailschange|p1a: Groudon|Groudon-Primal
|-primal|p1a: Groudon
|-weather|DesolateLand|[from] ability: Desolate Land|[of] p1a: Groudon
|
|-weather|DesolateLand|[upkeep]
|upkeep
|turn|5
|
|t:|1666459181
|move|p2a: Arceus|Earthquake|p1a: Groudon
|-supereffective|p1a: Groudon
|-damage|p1a: Groudon|46/100
|move|p1a: Groudon|Eruption|p2a: Arceus
|-supereffective|p2a: Arceus
|-damage|p2a: Arceus|5/100
|
|-weather|DesolateLand|[upkeep]
|upkeep
|turn|6
|
|t:|1666459186
|move|p2a: Arceus|Earthquake|p1a: Groudon
|-supereffective|p1a: Groudon
|-damage|p1a: Groudon|0 fnt
|faint|p1a: Groudon
|-weather|none
|
|upkeep
|
|t:|1666459193
|switch|p1a: Groudon|Groudon|100/100
|-damage|p1a: Groudon|94/100|[from] Stealth Rock
|-weather|SunnyDay|[from] ability: Drought|[of] p1a: Groudon
|turn|7
|
|t:|1666459197
|move|p2a: Arceus|Bullet Seed|p1a: Groudon
|-supereffective|p1a: Groudon
|-damage|p1a: Groudon|74/100
|-supereffective|p1a: Groudon
|-damage|p1a: Groudon|53/100
|-supereffective|p1a: Groudon
|-damage|p1a: Groudon|33/100
|-supereffective|p1a: Groudon
|-damage|p1a: Groudon|14/100
|-hitcount|p1a: Groudon|4
|move|p1a: Groudon|Fire Punch|p2a: Arceus
|-supereffective|p2a: Arceus
|-damage|p2a: Arceus|0 fnt
|faint|p2a: Arceus
|
|-weather|SunnyDay|[upkeep]
|upkeep
|
|t:|1666459210
|switch|p2a: Arceus|Arceus-Ground|100/100
|turn|8
|
|t:|1666459216
|move|p2a: Arceus|Bullet Seed|p1a: Groudon
|-supereffective|p1a: Groudon
|-damage|p1a: Groudon|4/100
|-supereffective|p1a: Groudon
|-damage|p1a: Groudon|0 fnt
|faint|p1a: Groudon
|-hitcount|p1: Groudon|2
|
|-weather|SunnyDay|[upkeep]
|upkeep
|
|t:|1666459235
|switch|p1a: Groudon|Groudon|100/100
|-damage|p1a: Groudon|94/100|[from] Stealth Rock
|detailschange|p1a: Groudon|Groudon-Primal
|-primal|p1a: Groudon
|-weather|DesolateLand|[from] ability: Desolate Land|[of] p1a: Groudon
|turn|9
|
|t:|1666459239
|-start|p2a: Arceus|Dynamax|
|-heal|p2a: Arceus|100/100|[silent]
|move|p2a: Arceus|Max Quake|p1a: Groudon
|-supereffective|p1a: Groudon
|-damage|p1a: Groudon|24/100
|-boost|p2a: Arceus|spd|1
|move|p1a: Groudon|Fire Punch|p2a: Arceus
|-damage|p2a: Arceus|76/100
|
|-weather|DesolateLand|[upkeep]
|upkeep
|turn|10
|
|t:|1666459249
|move|p2a: Arceus|Max Quake|p1a: Groudon
|-supereffective|p1a: Groudon
|-damage|p1a: Groudon|0 fnt
|-boost|p2a: Arceus|spd|1
|faint|p1a: Groudon
|-weather|none
|
|upkeep
|
|t:|1666459253
|switch|p1a: Groudon|Groudon|62/100
|-damage|p1a: Groudon|56/100|[from] Stealth Rock
|-weather|SunnyDay|[from] ability: Drought|[of] p1a: Groudon
|turn|11
|
|t:|1666459258
|move|p2a: Arceus|Max Overgrowth|p1a: Groudon
|-supereffective|p1a: Groudon
|-damage|p1a: Groudon|0 fnt
|-fieldstart|move: Grassy Terrain
|faint|p1a: Groudon
|
|-weather|SunnyDay|[upkeep]
|-heal|p2a: Arceus|79/100|[from] Grassy Terrain
|upkeep
|
|t:|1666459269
|switch|p1a: Groudon|Groudon|100/100
|-damage|p1a: Groudon|94/100|[from] Stealth Rock
|detailschange|p1a: Groudon|Groudon-Primal
|-primal|p1a: Groudon
|-weather|DesolateLand|[from] ability: Desolate Land|[of] p1a: Groudon
|-end|p2a: Arceus|Dynamax
|-heal|p2a: Arceus|79/100|[silent]
|turn|12
|
|t:|1666459273
|move|p2a: Arceus|Earthquake|p1a: Groudon
|-supereffective|p1a: Groudon
|-damage|p1a: Groudon|59/100
|move|p1a: Groudon|Precipice Blades|p2a: Arceus|[miss]
|-miss|p1a: Groudon|p2a: Arceus
|
|-weather|DesolateLand|[upkeep]
|-heal|p2a: Arceus|85/100|[from] Grassy Terrain
|-heal|p1a: Groudon|65/100|[from] Grassy Terrain
|upkeep
|turn|13
|
|t:|1666459280
|move|p2a: Arceus|Swords Dance|p2a: Arceus
|-boost|p2a: Arceus|atk|2
|move|p1a: Groudon|Precipice Blades|p2a: Arceus
|-damage|p2a: Arceus|31/100
|
|-weather|DesolateLand|[upkeep]
|-heal|p2a: Arceus|37/100|[from] Grassy Terrain
|-heal|p1a: Groudon|71/100|[from] Grassy Terrain
|upkeep
|turn|14
|
|t:|1666459286
|move|p2a: Arceus|Earthquake|p1a: Groudon
|-supereffective|p1a: Groudon
|-damage|p1a: Groudon|1/100
|move|p1a: Groudon|Precipice Blades|p2a: Arceus
|-damage|p2a: Arceus|0 fnt
|faint|p2a: Arceus
|
|-weather|DesolateLand|[upkeep]
|-heal|p1a: Groudon|7/100|[from] Grassy Terrain
|upkeep
|
|t:|1666459292
|switch|p2a: Ditto|Ditto|100/100
|-transform|p2a: Ditto|p1a: Groudon|[from] ability: Imposter
|turn|15
|
|t:|1666459297
|move|p2a: Ditto|Precipice Blades|p1a: Groudon
|-supereffective|p1a: Groudon
|-damage|p1a: Groudon|0 fnt
|faint|p1a: Groudon
|
|-weather|DesolateLand|[upkeep]
|-fieldend|move: Grassy Terrain
|upkeep
|
|t:|1666459300
|switch|p1a: Groudon|Groudon|100/100
|-damage|p1a: Groudon|94/100|[from] Stealth Rock
|-ability|p1a: Groudon|Drought|[from] desolateland|[fail]
|turn|16
|
|t:|1666459304
|move|p1a: Groudon|Precipice Blades|p2a: Ditto
|-supereffective|p2a: Ditto
|-damage|p2a: Ditto|0 fnt
|faint|p2a: Ditto
|-weather|none
|
|upkeep
|
|t:|1666459316
|switch|p2a: Arceus|Arceus-Electric|100/100
|turn|17
|
|t:|1666459319
|move|p1a: Groudon|Precipice Blades|p2a: Arceus
|-supereffective|p2a: Arceus
|-damage|p2a: Arceus|0 fnt
|faint|p2a: Arceus
|
|win|Chompychipper
|raw|Chompychipper's rating: 1701 &rarr; <strong>1723</strong><br />(+22 for winning)
|raw|pipi0.0's rating: 1735 &rarr; <strong>1713</strong><br />(-22 for losing)
|c|☆Chompychipper|gg
