|j|☆TikiTikiTa!
|j|☆Snakethey
|t:|1666786987
|gametype|singles
|player|p1|TikiTikiTa!|266|1751
|player|p2|Snakethey|steven|1680
|teamsize|p1|6
|teamsize|p2|6
|gen|8
|tier|[Gen 8] National Dex AG
|rated|
|rule|HP Percentage Mod: HP is shown in percentages
|rule|Endless Battle Clause: Forcing endless battles is banned
|clearpoke
|poke|p1|Blaziken, F|
|poke|p1|Arceus-*|
|poke|p1|Excadrill, M|
|poke|p1|Pyukumuku, M|
|poke|p1|Toxapex, M|
|poke|p1|Lugia|
|poke|p2|Mewtwo|
|poke|p2|Arceus-*|
|poke|p2|Arceus-*|
|poke|p2|Ditto|
|poke|p2|Zacian-*|
|poke|p2|Calyrex-Shadow|
|teampreview
|
|t:|1666786993
|start
|switch|p1a: Professional|Excadrill, M|100/100
|switch|p2a: Mewtwo|Mewtwo|100/100
|-ability|p2a: Mewtwo|Unnerve
|-ability|p1a: Professional|Mold Breaker
|turn|1
|
|t:|1666787000
|detailschange|p2a: Mewtwo|Mewtwo-Mega-X
|-mega|p2a: Mewtwo|Mewtwo|Mewtwonite X
|move|p2a: Mewtwo|Drain Punch|p1a: Professional
|-supereffective|p1a: Professional
|-enditem|p1a: Professional|Focus Sash
|-damage|p1a: Professional|1/100
|move|p1a: Professional|Rapid Spin|p2a: Mewtwo
|-damage|p2a: Mewtwo|83/100
|-boost|p1a: Professional|spe|1
|
|upkeep
|turn|2
|
|t:|1666787010
|move|p1a: Professional|Stealth Rock|p2a: Mewtwo
|-sidestart|p2: Snakethey|move: Stealth Rock
|move|p2a: Mewtwo|Drain Punch|p1a: Professional
|-supereffective|p1a: Professional
|-damage|p1a: Professional|0 fnt
|-heal|p2a: Mewtwo|83/100|[from] drain|[of] p1a: Professional
|faint|p1a: Professional
|
|upkeep
|
|t:|1666787014
|switch|p1a: Blocker Man|Lugia|100/100
|turn|3
|
|t:|1666787024
|switch|p2a: Zacian|Zacian-Crowned|100/100
|-damage|p2a: Zacian|94/100|[from] Stealth Rock
|-ability|p2a: Zacian|Intrepid Sword|boost
|-boost|p2a: Zacian|atk|1
|move|p1a: Blocker Man|Aeroblast|p2a: Zacian
|-resisted|p2a: Zacian
|-damage|p2a: Zacian|80/100
|
|upkeep
|turn|4
|
|t:|1666787030
|switch|p1a: Hi zacian 2|Toxapex, M|100/100
|move|p2a: Zacian|Crunch|p1a: Hi zacian 2
|-damage|p1a: Hi zacian 2|69/100
|-damage|p2a: Zacian|63/100|[from] item: Rocky Helmet|[of] p1a: Hi zacian 2
|
|upkeep
|turn|5
|
|t:|1666787041
|switch|p2a: Arceus|Arceus-Ground|100/100
|-damage|p2a: Arceus|94/100|[from] Stealth Rock
|move|p1a: Hi zacian 2|Recover|p1a: Hi zacian 2
|-heal|p1a: Hi zacian 2|100/100
|
|upkeep
|turn|6
|
|t:|1666787045
|move|p2a: Arceus|Stealth Rock|p1a: Hi zacian 2
|-sidestart|p1: TikiTikiTa!|move: Stealth Rock
|move|p1a: Hi zacian 2|Toxic|p2a: Arceus
|-status|p2a: Arceus|tox
|
|-damage|p2a: Arceus|88/100 tox|[from] psn
|upkeep
|turn|7
|
|t:|1666787052
|switch|p1a: Blocker Man|Lugia|100/100
|-damage|p1a: Blocker Man|75/100|[from] Stealth Rock
|-zpower|p2a: Arceus
|move|p2a: Arceus|Tectonic Rage|p1a: Blocker Man|[zeffect]
|-immune|p1a: Blocker Man
|
|-heal|p1a: Blocker Man|82/100|[from] item: Leftovers
|-damage|p2a: Arceus|76/100 tox|[from] psn
|upkeep
|turn|8
|
|t:|1666787055
|move|p1a: Blocker Man|Roost|p1a: Blocker Man
|-heal|p1a: Blocker Man|100/100
|-singleturn|p1a: Blocker Man|move: Roost
|move|p2a: Arceus|Avalanche|p1a: Blocker Man
|-damage|p1a: Blocker Man|94/100
|
|-heal|p1a: Blocker Man|99/100|[from] item: Leftovers
|-damage|p2a: Arceus|58/100 tox|[from] psn
|upkeep
|turn|9
|
|t:|1666787068
|switch|p2a: Calyrex|Calyrex-Shadow|100/100
|-ability|p2a: Calyrex|As One
|-ability|p2a: Calyrex|Unnerve
|-damage|p2a: Calyrex|88/100|[from] Stealth Rock
|move|p1a: Blocker Man|Aeroblast|p2a: Calyrex|[miss]
|-miss|p1a: Blocker Man|p2a: Calyrex
|
|-heal|p1a: Blocker Man|100/100|[from] item: Leftovers
|upkeep
|turn|10
|
|t:|1666787073
|move|p2a: Calyrex|Draining Kiss|p1a: Blocker Man
|-damage|p1a: Blocker Man|95/100
|-heal|p2a: Calyrex|93/100|[from] drain|[of] p1a: Blocker Man
|move|p1a: Blocker Man|Toxic|p2a: Calyrex
|-status|p2a: Calyrex|tox
|
|-heal|p1a: Blocker Man|100/100|[from] item: Leftovers
|-damage|p2a: Calyrex|87/100 tox|[from] psn
|upkeep
|turn|11
|
|t:|1666787079
|move|p2a: Calyrex|Astral Barrage|p1a: Blocker Man
|-supereffective|p1a: Blocker Man
|-damage|p1a: Blocker Man|66/100
|move|p1a: Blocker Man|Defog|p2a: Calyrex
|-unboost|p2a: Calyrex|evasion|1
|-sideend|p2: Snakethey|Stealth Rock|[from] move: Defog|[of] p1a: Blocker Man
|-sideend|p1: TikiTikiTa!|Stealth Rock|[from] move: Defog|[of] p1a: Blocker Man
|
|-heal|p1a: Blocker Man|72/100|[from] item: Leftovers
|-damage|p2a: Calyrex|75/100 tox|[from] psn
|upkeep
|turn|12
|
|t:|1666787082
|move|p2a: Calyrex|Astral Barrage|p1a: Blocker Man
|-supereffective|p1a: Blocker Man
|-damage|p1a: Blocker Man|0 fnt
|faint|p1a: Blocker Man
|-ability|p2a: Calyrex|Grim Neigh|boost
|-boost|p2a: Calyrex|spa|1
|
|-damage|p2a: Calyrex|56/100 tox|[from] psn
|upkeep
|
|t:|1666787086
|switch|p1a: Sixth Degree.|Blaziken, F|100/100
|turn|13
|
|t:|1666787095
|switch|p2a: Arceus|Arceus|100/100
|detailschange|p1a: Sixth Degree.|Blaziken-Mega, F
|-mega|p1a: Sixth Degree.|Blaziken|Blazikenite
|move|p1a: Sixth Degree.|Protect||[still]
|-fail|p1a: Sixth Degree.
|
|-ability|p1a: Sixth Degree.|Speed Boost|boost
|-boost|p1a: Sixth Degree.|spe|1
|upkeep
|turn|14
|
|t:|1666787101
|switch|p2a: Calyrex|Calyrex-Shadow|56/100 tox
|-ability|p2a: Calyrex|As One
|-ability|p2a: Calyrex|Unnerve
|move|p1a: Sixth Degree.|Close Combat|p2a: Calyrex
|-immune|p2a: Calyrex
|
|-damage|p2a: Calyrex|50/100 tox|[from] psn
|-ability|p1a: Sixth Degree.|Speed Boost|boost
|-boost|p1a: Sixth Degree.|spe|1
|upkeep
|turn|15
|c|☆TikiTikiTa!|?????
|
|t:|1666787112
|move|p1a: Sixth Degree.|Fire Punch|p2a: Calyrex
|-damage|p2a: Calyrex|0 fnt
|faint|p2a: Calyrex
|
|-ability|p1a: Sixth Degree.|Speed Boost|boost
|-boost|p1a: Sixth Degree.|spe|1
|upkeep
|
|t:|1666787116
|switch|p2a: Ditto|Ditto|100/100
|-transform|p2a: Ditto|p1a: Sixth Degree.|[from] ability: Imposter
|turn|16
|
|t:|1666787121
|move|p1a: Sixth Degree.|Protect|p1a: Sixth Degree.
|-singleturn|p1a: Sixth Degree.|Protect
|move|p2a: Ditto|Close Combat|p1a: Sixth Degree.
|-activate|p1a: Sixth Degree.|move: Protect
|
|-ability|p2a: Ditto|Speed Boost|boost
|-boost|p2a: Ditto|spe|1
|-ability|p1a: Sixth Degree.|Speed Boost|boost
|-boost|p1a: Sixth Degree.|spe|1
|upkeep
|turn|17
|
|t:|1666787123
|switch|p1a: Hi zacian 2|Toxapex, M|100/100
|move|p2a: Ditto|Close Combat|p1a: Hi zacian 2
|-resisted|p1a: Hi zacian 2
|-damage|p1a: Hi zacian 2|78/100
|-unboost|p2a: Ditto|def|1
|-unboost|p2a: Ditto|spd|1
|-damage|p2a: Ditto|84/100|[from] item: Rocky Helmet|[of] p1a: Hi zacian 2
|
|-ability|p2a: Ditto|Speed Boost|boost
|-boost|p2a: Ditto|spe|1
|upkeep
|turn|18
|
|t:|1666787133
|switch|p2a: Mewtwo|Mewtwo-Mega-X|83/100
|switch|p1a: Sixth Degree.|Blaziken-Mega, F|100/100
|
|upkeep
|turn|19
|
|t:|1666787137
|move|p1a: Sixth Degree.|Protect|p1a: Sixth Degree.
|-singleturn|p1a: Sixth Degree.|Protect
|move|p2a: Mewtwo|Zen Headbutt|p1a: Sixth Degree.
|-activate|p1a: Sixth Degree.|move: Protect
|
|-ability|p1a: Sixth Degree.|Speed Boost|boost
|-boost|p1a: Sixth Degree.|spe|1
|upkeep
|turn|20
|
|t:|1666787140
|switch|p1a: Hi zacian|Pyukumuku, M|100/100
|move|p2a: Mewtwo|Zen Headbutt|p1a: Hi zacian
|-damage|p1a: Hi zacian|56/100
|
|-heal|p1a: Hi zacian|62/100|[from] item: Leftovers
|upkeep
|turn|21
|
|t:|1666787148
|move|p2a: Mewtwo|Zen Headbutt|p1a: Hi zacian
|-damage|p1a: Hi zacian|17/100
|move|p1a: Hi zacian|Recover|p1a: Hi zacian
|-heal|p1a: Hi zacian|67/100
|
|-heal|p1a: Hi zacian|73/100|[from] item: Leftovers
|upkeep
|turn|22
|
|t:|1666787156
|move|p2a: Mewtwo|Zen Headbutt|p1a: Hi zacian
|-damage|p1a: Hi zacian|34/100
|move|p1a: Hi zacian|Recover|p1a: Hi zacian
|-heal|p1a: Hi zacian|84/100
|
|-heal|p1a: Hi zacian|90/100|[from] item: Leftovers
|upkeep
|turn|23
|
|t:|1666787161
|move|p2a: Mewtwo|Zen Headbutt|p1a: Hi zacian
|-damage|p1a: Hi zacian|50/100
|move|p1a: Hi zacian|Counter|p2a: Mewtwo
|-damage|p2a: Mewtwo|12/100
|
|-heal|p1a: Hi zacian|56/100|[from] item: Leftovers
|upkeep
|turn|24
|
|t:|1666787168
|switch|p1a: Hi zacian 2|Toxapex, M|100/100
|move|p2a: Mewtwo|Zen Headbutt|p1a: Hi zacian 2
|-supereffective|p1a: Hi zacian 2
|-damage|p1a: Hi zacian 2|39/100
|-damage|p2a: Mewtwo|0 fnt|[from] item: Rocky Helmet|[of] p1a: Hi zacian 2
|faint|p2a: Mewtwo
|
|upkeep
|
|t:|1666787179
|switch|p2a: Zacian|Zacian-Crowned|63/100
|-ability|p2a: Zacian|Intrepid Sword|boost
|-boost|p2a: Zacian|atk|1
|turn|25
|
|t:|1666787182
|move|p2a: Zacian|Play Rough|p1a: Hi zacian 2
|-resisted|p1a: Hi zacian 2
|-damage|p1a: Hi zacian 2|12/100
|-damage|p2a: Zacian|47/100|[from] item: Rocky Helmet|[of] p1a: Hi zacian 2
|move|p1a: Hi zacian 2|Recover|p1a: Hi zacian 2
|-heal|p1a: Hi zacian 2|63/100
|
|upkeep
|turn|26
|
|t:|1666787189
|switch|p2a: Arceus|Arceus|100/100
|move|p1a: Hi zacian 2|Recover|p1a: Hi zacian 2
|-heal|p1a: Hi zacian 2|100/100
|
|upkeep
|turn|27
|
|t:|1666787192
|move|p2a: Arceus|Swords Dance|p2a: Arceus
|-boost|p2a: Arceus|atk|2
|move|p1a: Hi zacian 2|Toxic|p2a: Arceus
|-status|p2a: Arceus|tox
|-enditem|p2a: Arceus|Lum Berry|[eat]
|-curestatus|p2a: Arceus|tox|[msg]
|
|upkeep
|turn|28
|
|t:|1666787196
|move|p2a: Arceus|Earthquake|p1a: Hi zacian 2
|-supereffective|p1a: Hi zacian 2
|-damage|p1a: Hi zacian 2|13/100
|move|p1a: Hi zacian 2|Toxic|p2a: Arceus
|-status|p2a: Arceus|tox
|
|-damage|p2a: Arceus|94/100 tox|[from] psn
|upkeep
|turn|29
|
|t:|1666787203
|move|p1a: Hi zacian 2|Baneful Bunker|p1a: Hi zacian 2
|-singleturn|p1a: Hi zacian 2|move: Protect
|move|p2a: Arceus|Earthquake|p1a: Hi zacian 2
|-activate|p1a: Hi zacian 2|move: Protect
|
|-damage|p2a: Arceus|82/100 tox|[from] psn
|upkeep
|turn|30
|
|t:|1666787205
|move|p2a: Arceus|Earthquake|p1a: Hi zacian 2
|-supereffective|p1a: Hi zacian 2
|-damage|p1a: Hi zacian 2|0 fnt
|faint|p1a: Hi zacian 2
|
|-damage|p2a: Arceus|64/100 tox|[from] psn
|upkeep
|
|t:|1666787207
|switch|p1a: Hi zacian|Pyukumuku, M|56/100
|turn|31
|
|t:|1666787213
|-start|p2a: Arceus|Dynamax|
|-heal|p2a: Arceus|64/100 tox|[silent]
|move|p2a: Arceus|Max Phantasm|p1a: Hi zacian
|-damage|p1a: Hi zacian|25/100
|-unboost|p1a: Hi zacian|def|1
|move|p1a: Hi zacian|Recover|p1a: Hi zacian
|-heal|p1a: Hi zacian|75/100
|
|-heal|p1a: Hi zacian|81/100|[from] item: Leftovers
|-damage|p2a: Arceus|52/100 tox|[from] psn
|upkeep
|turn|32
|
|t:|1666787224
|move|p2a: Arceus|Max Strike|p1a: Hi zacian
|-damage|p1a: Hi zacian|5/100
|-unboost|p1a: Hi zacian|spe|1
|move|p1a: Hi zacian|Recover|p1a: Hi zacian
|-heal|p1a: Hi zacian|55/100
|
|-heal|p1a: Hi zacian|61/100|[from] item: Leftovers
|-damage|p2a: Arceus|37/100 tox|[from] psn
|upkeep
|turn|33
|
|t:|1666787228
|switch|p1a: Sixth Degree.|Blaziken-Mega, F|100/100
|move|p2a: Arceus|Max Strike|p1a: Sixth Degree.
|-damage|p1a: Sixth Degree.|0 fnt
|faint|p1a: Sixth Degree.
|
|-damage|p2a: Arceus|18/100 tox|[from] psn
|upkeep
|
|t:|1666787230
|switch|p1a: Hi zacian|Pyukumuku, M|61/100
|-end|p2a: Arceus|Dynamax
|-heal|p2a: Arceus|19/100 tox|[silent]
|turn|34
|
|t:|1666787237
|move|p2a: Arceus|Extreme Speed|p1a: Hi zacian
|-damage|p1a: Hi zacian|28/100
|move|p1a: Hi zacian|Recover|p1a: Hi zacian
|-heal|p1a: Hi zacian|78/100
|
|-heal|p1a: Hi zacian|84/100|[from] item: Leftovers
|-damage|p2a: Arceus|0 fnt|[from] psn
|faint|p2a: Arceus
|upkeep
|c|☆TikiTikiTa!|That is gg my friend
|
|t:|1666787242
|switch|p2a: Ditto|Ditto|84/100
|-transform|p2a: Ditto|p1a: Hi zacian|[from] ability: Imposter
|turn|35
|
|t:|1666787246
|move|p2a: Ditto|Toxic|p1a: Hi zacian
|-status|p1a: Hi zacian|tox
|move|p1a: Hi zacian|Toxic|p2a: Ditto
|-status|p2a: Ditto|tox
|
|-heal|p1a: Hi zacian|90/100 tox|[from] item: Leftovers
|-damage|p2a: Ditto|78/100 tox|[from] psn
|-damage|p1a: Hi zacian|84/100 tox|[from] psn
|upkeep
|turn|36
|
|t:|1666787250
|switch|p2a: Zacian|Zacian-Crowned|47/100
|-ability|p2a: Zacian|Intrepid Sword|boost
|-boost|p2a: Zacian|atk|1
|move|p1a: Hi zacian|Recover|p1a: Hi zacian
|-heal|p1a: Hi zacian|100/100 tox
|
|-damage|p1a: Hi zacian|88/100 tox|[from] psn
|upkeep
|turn|37
|
|t:|1666787255
|move|p2a: Zacian|Crunch|p1a: Hi zacian
|-damage|p1a: Hi zacian|61/100 tox
|move|p1a: Hi zacian|Counter|p2a: Zacian
|-damage|p2a: Zacian|0 fnt
|faint|p2a: Zacian
|
|-heal|p1a: Hi zacian|67/100 tox|[from] item: Leftovers
|-damage|p1a: Hi zacian|49/100 tox|[from] psn
|upkeep
|
|t:|1666787263
|switch|p2a: Arceus|Arceus-Ground|58/100 tox
|turn|38
|
|t:|1666787266
|move|p2a: Arceus|Recover|p2a: Arceus
|-heal|p2a: Arceus|100/100 tox
|move|p1a: Hi zacian|Mirror Coat||[still]
|-fail|p1a: Hi zacian
|
|-heal|p1a: Hi zacian|55/100 tox|[from] item: Leftovers
|-damage|p2a: Arceus|94/100 tox|[from] psn
|-damage|p1a: Hi zacian|31/100 tox|[from] psn
|upkeep
|turn|39
|
|t:|1666787274
|move|p2a: Arceus|Earthquake|p1a: Hi zacian
|-damage|p1a: Hi zacian|0 fnt
|faint|p1a: Hi zacian
|
|-damage|p2a: Arceus|82/100 tox|[from] psn
|upkeep
|
|t:|1666787275
|switch|p1a: Arceus|Arceus-Electric, shiny|100/100
|turn|40
|
|t:|1666787279
|-start|p1a: Arceus|Dynamax|
|-heal|p1a: Arceus|100/100|[silent]
|move|p1a: Arceus|Max Hailstorm|p2a: Arceus
|-supereffective|p2a: Arceus
|-damage|p2a: Arceus|29/100 tox
|-weather|Hail
|move|p2a: Arceus|Earthquake|p1a: Arceus
|-supereffective|p1a: Arceus
|-damage|p1a: Arceus|63/100
|
|-weather|Hail|[upkeep]
|-damage|p1a: Arceus|60/100|[from] Hail
|-damage|p2a: Arceus|23/100 tox|[from] Hail
|-damage|p2a: Arceus|5/100 tox|[from] psn
|upkeep
|turn|41
|
|t:|1666787287
|move|p1a: Arceus|Max Hailstorm|p2a: Arceus
|-supereffective|p2a: Arceus
|-damage|p2a: Arceus|0 fnt
|faint|p2a: Arceus
|
|-weather|Hail|[upkeep]
|-damage|p1a: Arceus|57/100|[from] Hail
|upkeep
|
|t:|1666787289
|switch|p2a: Ditto|Ditto|78/100 tox
|-transform|p2a: Ditto|p1a: Arceus|[from] ability: Imposter
|turn|42
|
|t:|1666787297
|move|p1a: Arceus|Max Guard|p1a: Arceus
|-singleturn|p1a: Arceus|Max Guard
|move|p2a: Ditto|Ice Beam|p1a: Arceus
|-activate|p1a: Arceus|move: Max Guard
|
|-weather|Hail|[upkeep]
|-damage|p2a: Ditto|72/100 tox|[from] Hail
|-damage|p1a: Arceus|54/100|[from] Hail
|-damage|p2a: Ditto|66/100 tox|[from] psn
|upkeep
|-end|p1a: Arceus|Dynamax
|-heal|p1a: Arceus|54/100|[silent]
|turn|43
|
|t:|1666787300
|move|p2a: Ditto|Ice Beam|p1a: Arceus
|-crit|p1a: Arceus
|-damage|p1a: Arceus|27/100
|move|p1a: Arceus|Recover|p1a: Arceus
|-heal|p1a: Arceus|77/100
|
|-weather|Hail|[upkeep]
|-damage|p2a: Ditto|60/100 tox|[from] Hail
|-damage|p1a: Arceus|71/100|[from] Hail
|-damage|p2a: Ditto|48/100 tox|[from] psn
|upkeep
|turn|44
|
|t:|1666787305
|move|p2a: Ditto|Ice Beam|p1a: Arceus
|-damage|p1a: Arceus|52/100
|move|p1a: Arceus|Recover|p1a: Arceus
|-heal|p1a: Arceus|100/100
|
|-weather|none
|-damage|p2a: Ditto|30/100 tox|[from] psn
|upkeep
|turn|45
|
|t:|1666787310
|move|p2a: Ditto|Ice Beam|p1a: Arceus
|-damage|p1a: Arceus|81/100
|move|p1a: Arceus|Judgment|p2a: Ditto
|-resisted|p2a: Ditto
|-damage|p2a: Ditto|6/100 tox
|
|-damage|p2a: Ditto|0 fnt|[from] psn
|faint|p2a: Ditto
|
|win|TikiTikiTa!
|upkeep
|raw|TikiTikiTa!'s rating: 1751 &rarr; <strong>1767</strong><br />(+16 for winning)
|raw|Snakethey's rating: 1680 &rarr; <strong>1664</strong><br />(-16 for losing)
|c|☆Snakethey|Gg
|c|☆TikiTikiTa!|Gg
