|j|☆Lazy Eves
|j|☆ImAbroom
|t:|1610815155
|player|p1|Lazy Eves|teammagmagruntf-gen3|
|player|p2|ImAbroom|red|
|teamsize|p1|6
|teamsize|p2|6
|gametype|singles
|gen|8
|tier|[Gen 8] National Dex AG
|rated|Tournament battle
|clearpoke
|poke|p1|Excadrill, M|
|poke|p1|Slurpuff, M|
|poke|p1|Vivillon, F|
|poke|p1|Calyrex-Shadow|
|poke|p1|Rayquaza|
|poke|p1|Xerneas|
|poke|p2|Rayquaza|
|poke|p2|Xerneas|
|poke|p2|Zacian-Crowned|
|poke|p2|Zygarde|
|poke|p2|Groudon|
|poke|p2|Ho-Oh|
|rule|HP Percentage Mod: HP is shown in percentages
|rule|Endless Battle Clause: Forcing endless battles is banned
|teampreview
|j| Jefff 369421
|j| Mrdarkweep
|j| AGCL3 Swastik
|inactive|Battle timer is ON: inactive players will automatically lose when time's up. (requested by ImAbroom)
|c|☆Lazy Eves|vroom vroom
|
|t:|1610815166
|start
|switch|p1a: Excadrill|Excadrill, M|100/100
|switch|p2a: Upper Moon 4|Zygarde|100/100
|-ability|p1a: Excadrill|Mold Breaker
|turn|1
|j| Yandre
|c|☆ImAbroom|Nyoom
|
|t:|1610815174
|move|p1a: Excadrill|Stealth Rock|p2a: Upper Moon 4
|-sidestart|p2: ImAbroom|move: Stealth Rock
|move|p2a: Upper Moon 4|Glare|p1a: Excadrill
|-status|p1a: Excadrill|par
|
|upkeep
|turn|2
|c| Yandre|It is
|
|t:|1610815179
|switch|p1a: Calyrex|Calyrex-Shadow|100/100
|-ability|p1a: Calyrex|As One
|-ability|p1a: Calyrex|Unnerve|p2: ImAbroom
|move|p2a: Upper Moon 4|Substitute|p2a: Upper Moon 4
|-start|p2a: Upper Moon 4|Substitute
|-damage|p2a: Upper Moon 4|76/100
|
|-heal|p2a: Upper Moon 4|82/100|[from] item: Leftovers
|upkeep
|turn|3
|
|t:|1610815181
|move|p1a: Calyrex|Taunt|p2a: Upper Moon 4
|-start|p2a: Upper Moon 4|move: Taunt
|cant|p2a: Upper Moon 4|move: Taunt|Glare
|
|-heal|p2a: Upper Moon 4|88/100|[from] item: Leftovers
|upkeep
|turn|4
|j| Reality Is Wrong
|
|t:|1610815185
|move|p1a: Calyrex|Astral Barrage|p2a: Upper Moon 4
|-end|p2a: Upper Moon 4|Substitute
|move|p2a: Upper Moon 4|Thousand Arrows|p1a: Calyrex
|-damage|p1a: Calyrex|63/100
|
|-heal|p2a: Upper Moon 4|94/100|[from] item: Leftovers
|upkeep
|turn|5
|c| Yandre|Tsih's sensei
|c| Yandre|Against Broom
|j| Bigsoontobeten ◑﹏◐
|
|t:|1610815192
|move|p1a: Calyrex|Nasty Plot|p1a: Calyrex
|-boost|p1a: Calyrex|spa|2
|move|p2a: Upper Moon 4|Thousand Arrows|p1a: Calyrex
|-damage|p1a: Calyrex|23/100
|
|-heal|p2a: Upper Moon 4|100/100|[from] item: Leftovers
|-end|p2a: Upper Moon 4|move: Taunt
|upkeep
|turn|6
|
|t:|1610815199
|-start|p2a: Upper Moon 4|Dynamax
|-heal|p2a: Upper Moon 4|100/100|[silent]
|move|p1a: Calyrex|Astral Barrage|p2a: Upper Moon 4
|-damage|p2a: Upper Moon 4|32/100
|move|p2a: Upper Moon 4|Max Quake|p1a: Calyrex
|-damage|p1a: Calyrex|0 fnt
|-boost|p2a: Upper Moon 4|spd|1
|faint|p1a: Calyrex
|
|-heal|p2a: Upper Moon 4|35/100|[from] item: Leftovers
|-activate|p2a: Upper Moon 4|ability: Power Construct
|detailschange|p2a: Upper Moon 4|Zygarde-Complete
|-heal|p2a: Upper Moon 4|57/100|[silent]
|upkeep
|c|☆Lazy Eves|lmfaooo
|
|t:|1610815208
|switch|p1a: Vivillon|Vivillon, F|100/100
|turn|7
|c| Yandre|Tsih beat broom on the previous ndag game
|c| Yandre|Now it's eves and broom
|
|t:|1610815235
|-end|p2a: Upper Moon 4|Dynamax
|-heal|p2a: Upper Moon 4|57/100|[silent]
|switch|p2a: Upper Moon 6|Ho-Oh|100/100
|move|p1a: Vivillon|Substitute|p1a: Vivillon
|-start|p1a: Vivillon|Substitute
|-damage|p1a: Vivillon|76/100
|
|-heal|p1a: Vivillon|82/100|[from] item: Leftovers
|upkeep
|turn|8
|c|☆Lazy Eves|imagine if i bpassed to viv there
|
|t:|1610815245
|move|p1a: Vivillon|Sleep Powder|p2a: Upper Moon 6
|-status|p2a: Upper Moon 6|slp|[from] move: Sleep Powder
|cant|p2a: Upper Moon 6|slp
|
|-heal|p1a: Vivillon|88/100|[from] item: Leftovers
|upkeep
|turn|9
|c| Reality Is Wrong|Here we go again lol
|
|t:|1610815252
|move|p1a: Vivillon|Quiver Dance|p1a: Vivillon
|-boost|p1a: Vivillon|spa|1
|-boost|p1a: Vivillon|spd|1
|-boost|p1a: Vivillon|spe|1
|cant|p2a: Upper Moon 6|slp
|
|-heal|p1a: Vivillon|94/100|[from] item: Leftovers
|upkeep
|turn|10
|c|☆Lazy Eves|not this time i think
|j| Frozoid
|
|t:|1610815259
|move|p1a: Vivillon|Hurricane|p2a: Upper Moon 6
|-damage|p2a: Upper Moon 6|61/100 slp
|cant|p2a: Upper Moon 6|slp
|
|-heal|p1a: Vivillon|99/100|[from] item: Leftovers
|upkeep
|turn|11
|
|t:|1610815263
|move|p1a: Vivillon|Hurricane|p2a: Upper Moon 6
|-damage|p2a: Upper Moon 6|24/100 slp
|-curestatus|p2a: Upper Moon 6|slp|[msg]
|move|p2a: Upper Moon 6|Whirlwind|p1a: Vivillon
|drag|p1a: Xerneas|Xerneas|100/100
|-ability|p1a: Xerneas|Fairy Aura
|
|upkeep
|turn|12
|c| Bigsoontobeten ◑﹏◐|oh no
|
|t:|1610815268
|move|p1a: Xerneas|Geomancy||[still]
|-prepare|p1a: Xerneas|Geomancy
|-enditem|p1a: Xerneas|Power Herb
|-anim|p1a: Xerneas|Geomancy|p1a: Xerneas
|-boost|p1a: Xerneas|spa|2
|-boost|p1a: Xerneas|spd|2
|-boost|p1a: Xerneas|spe|2
|move|p2a: Upper Moon 6|Defog|p1a: Xerneas
|-unboost|p1a: Xerneas|evasion|1
|-sideend|p2: ImAbroom|Stealth Rock|[from] move: Defog|[of] p2a: Upper Moon 6
|
|upkeep
|turn|13
|
|t:|1610815272
|switch|p2a: Upper Moon 4|Zygarde-Complete|57/100
|move|p1a: Xerneas|Moonblast|p2a: Upper Moon 4
|-supereffective|p2a: Upper Moon 4
|-damage|p2a: Upper Moon 4|0 fnt
|faint|p2a: Upper Moon 4
|
|upkeep
|
|t:|1610815276
|switch|p2a: Upper Moon 3|Zacian-Crowned|100/100
|-ability|p2a: Upper Moon 3|Intrepid Sword|boost
|-boost|p2a: Upper Moon 3|atk|1
|turn|14
|
|t:|1610815284
|switch|p1a: Slurpuff|Slurpuff, M|100/100
|move|p2a: Upper Moon 3|Behemoth Blade|p1a: Slurpuff
|-supereffective|p1a: Slurpuff
|-enditem|p1a: Slurpuff|Focus Sash
|-damage|p1a: Slurpuff|1/100
|
|upkeep
|turn|15
|c| Mrdarkweep|Huh
|
|t:|1610815291
|move|p1a: Slurpuff|Yawn|p2a: Upper Moon 3
|-start|p2a: Upper Moon 3|move: Yawn|[of] p1a: Slurpuff
|move|p2a: Upper Moon 3|Behemoth Blade|p1a: Slurpuff
|-supereffective|p1a: Slurpuff
|-damage|p1a: Slurpuff|0 fnt
|faint|p1a: Slurpuff
|
|upkeep
|c| Bigsoontobeten ◑﹏◐|tuff
|
|t:|1610815294
|switch|p1a: Excadrill|Excadrill, M|100/100 par
|-ability|p1a: Excadrill|Mold Breaker
|turn|16
|
|t:|1610815301
|switch|p2a: Upper Moon 1|Rayquaza|100/100
|-ability|p2a: Upper Moon 1|Air Lock
|move|p1a: Excadrill|Stealth Rock|p2a: Upper Moon 1
|-sidestart|p2: ImAbroom|move: Stealth Rock
|
|upkeep
|turn|17
|
|t:|1610815309
|detailschange|p2a: Upper Moon 1|Rayquaza-Mega
|-mega|p2a: Upper Moon 1|Rayquaza|
|-weather|DeltaStream|[from] ability: Delta Stream|[of] p2a: Upper Moon 1
|move|p2a: Upper Moon 1|Earthquake|p1a: Excadrill
|-supereffective|p1a: Excadrill
|-enditem|p1a: Excadrill|Focus Sash
|-damage|p1a: Excadrill|1/100 par
|move|p1a: Excadrill|Rock Tomb|p2a: Upper Moon 1
|-activate||deltastream
|-damage|p2a: Upper Moon 1|80/100
|-unboost|p2a: Upper Moon 1|spe|1
|
|-weather|DeltaStream|[upkeep]
|upkeep
|turn|18
|
|t:|1610815319
|move|p2a: Upper Moon 1|Dragon Dance|p2a: Upper Moon 1
|-boost|p2a: Upper Moon 1|atk|1
|-boost|p2a: Upper Moon 1|spe|1
|move|p1a: Excadrill|Rock Tomb|p2a: Upper Moon 1
|-activate||deltastream
|-damage|p2a: Upper Moon 1|57/100
|-unboost|p2a: Upper Moon 1|spe|1
|
|-weather|DeltaStream|[upkeep]
|upkeep
|turn|19
|
|t:|1610815323
|move|p2a: Upper Moon 1|Dragon Dance|p2a: Upper Moon 1
|-boost|p2a: Upper Moon 1|atk|1
|-boost|p2a: Upper Moon 1|spe|1
|move|p1a: Excadrill|Rock Tomb|p2a: Upper Moon 1
|-activate||deltastream
|-damage|p2a: Upper Moon 1|38/100
|-unboost|p2a: Upper Moon 1|spe|1
|
|-weather|DeltaStream|[upkeep]
|upkeep
|turn|20
|c|☆ImAbroom|Can
|c|☆ImAbroom|You
|c|☆ImAbroom|Para
|c| Mrdarkweep|Nope som
|
|t:|1610815344
|move|p2a: Upper Moon 1|Extreme Speed|p1a: Excadrill
|-resisted|p1a: Excadrill
|-damage|p1a: Excadrill|0 fnt
|faint|p1a: Excadrill
|
|-weather|DeltaStream|[upkeep]
|upkeep
|c|☆Lazy Eves|broom you have been a bad boy!
|c| AGCL3 Swastik|LOLOLOL
|
|t:|1610815357
|switch|p1a: Rayquaza|Rayquaza|100/100
|-ability|p1a: Rayquaza|Air Lock
|turn|21
|c| Yandre|Eves bully
|
|t:|1610815363
|detailschange|p1a: Rayquaza|Rayquaza-Mega
|-mega|p1a: Rayquaza|Rayquaza|
|move|p1a: Rayquaza|Extreme Speed|p2a: Upper Moon 1
|-damage|p2a: Upper Moon 1|0 fnt
|-damage|p1a: Rayquaza|91/100|[from] item: Life Orb
|faint|p2a: Upper Moon 1
|
|-weather|DeltaStream|[upkeep]
|upkeep
|c| Bigsoontobeten ◑﹏◐|is that ray sash
|c| Mrdarkweep|Ofc
|
|t:|1610815369
|switch|p2a: Upper Moon 3|Zacian-Crowned|100/100
|-damage|p2a: Upper Moon 3|94/100|[from] Stealth Rock
|-ability|p2a: Upper Moon 3|Intrepid Sword|boost
|-boost|p2a: Upper Moon 3|atk|1
|turn|22
|c| Yandre|Yeah
|c| Yandre|Sashed
|c|☆ImAbroom|Go Akaza!
|
|t:|1610815379
|move|p2a: Upper Moon 3|Behemoth Blade|p1a: Rayquaza
|-damage|p1a: Rayquaza|0 fnt
|faint|p1a: Rayquaza
|-weather|none
|
|upkeep
|c| Yandre|The 9 damage was rocky helmet ray
|c| AGCL3 Swastik|mrdarkweep sir u r ghosting
|c|☆Lazy Eves|ah shit
|c|☆Lazy Eves|gg
|c| Mrdarkweep|Swadt
|c|☆ImAbroom|Gg
|
|t:|1610815390
|switch|p1a: Vivillon|Vivillon, F|99/100
|turn|23
|c| Yandre|big noob
|c| Yandre|tsih beat him
|
|t:|1610815400
|move|p2a: Upper Moon 3|Behemoth Blade|p1a: Vivillon
|-damage|p1a: Vivillon|0 fnt
|faint|p1a: Vivillon
|
|upkeep
|c| Mrdarkweep|It didnt matter
|c|☆Lazy Eves|i am bad
|-message|Lazy Eves forfeited.
|
|win|ImAbroom
|n|☆Lazy Eves|lazyeves
|n|☆ImAbroom|imabroom
|n| Jefff 369421|jefff369421
|n| Mrdarkweep|mrdarkweep
|n| AGCL3 Swastik|agcl3swastik
|n| Yandre|yandre
|n| Reality Is Wrong|realityiswrong
|n| Bigsoontobeten ◑﹏◐|bigsoontobeten
|n| Frozoid|frozoid
