|j|☆Reinhardt Emblem
|j|☆haitianmister
|t:|1667176346
|gametype|singles
|player|p1|Reinhardt Emblem|ghetsis|1381
|player|p2|haitianmister|101|1396
|teamsize|p1|6
|teamsize|p2|6
|gen|8
|tier|[Gen 8] National Dex AG
|rated|
|rule|HP Percentage Mod: HP is shown in percentages
|rule|Endless Battle Clause: Forcing endless battles is banned
|clearpoke
|poke|p1|Cofagrigus, F|
|poke|p1|Seismitoad, F|
|poke|p1|Bisharp, F|
|poke|p1|Hydreigon, M|
|poke|p1|Genesect|
|poke|p1|Kyurem-White|
|poke|p2|Arceus-*|
|poke|p2|Arceus-*|
|poke|p2|Ho-Oh|
|poke|p2|Gengar, F|
|poke|p2|Ditto|
|poke|p2|Necrozma-Dusk-Mane|
|teampreview
|c|☆Reinhardt Emblem|glhf
|inactive|Battle timer is ON: inactive players will automatically lose when time's up. (requested by haitianmister)
|
|t:|1667176366
|start
|switch|p1a: Cofagrigus|Cofagrigus, F|100/100
|switch|p2a: Arceus|Arceus-Dark|100/100
|turn|1
|
|t:|1667176380
|switch|p1a: Bisharp|Bisharp, F|100/100
|move|p2a: Arceus|Calm Mind|p2a: Arceus
|-boost|p2a: Arceus|spa|1
|-boost|p2a: Arceus|spd|1
|
|upkeep
|turn|2
|
|t:|1667176385
|move|p2a: Arceus|Judgment|p1a: Bisharp
|-resisted|p1a: Bisharp
|-damage|p1a: Bisharp|39/100
|move|p1a: Bisharp|Swords Dance|p1a: Bisharp
|-boost|p1a: Bisharp|atk|2
|
|upkeep
|turn|3
|
|t:|1667176391
|move|p1a: Bisharp|Sucker Punch|p2a: Arceus
|-resisted|p2a: Arceus
|-damage|p2a: Arceus|72/100
|-damage|p1a: Bisharp|29/100|[from] item: Life Orb
|move|p2a: Arceus|Judgment|p1a: Bisharp
|-resisted|p1a: Bisharp
|-damage|p1a: Bisharp|0 fnt
|faint|p1a: Bisharp
|
|upkeep
|
|t:|1667176395
|switch|p1a: Genesect|Genesect|100/100
|-ability|p1a: Genesect|Download|boost
|-boost|p1a: Genesect|atk|1
|turn|4
|
|t:|1667176400
|move|p1a: Genesect|U-turn|p2a: Arceus
|-supereffective|p2a: Arceus
|-damage|p2a: Arceus|0 fnt
|faint|p2a: Arceus
|
|t:|1667176402
|switch|p1a: Cofagrigus|Cofagrigus, F|100/100|[from]move: U-turn
|
|upkeep
|
|t:|1667176407
|switch|p2a: Gengar|Gengar, F|100/100
|turn|5
|
|t:|1667176412
|switch|p1a: Hydreigon|Hydreigon, M|100/100
|detailschange|p2a: Gengar|Gengar-Mega, F
|-mega|p2a: Gengar|Gengar|Gengarite
|move|p2a: Gengar|Taunt|p1a: Hydreigon
|-start|p1a: Hydreigon|move: Taunt
|
|upkeep
|turn|6
|
|t:|1667176424
|switch|p2a: Arceus|Arceus-Fairy|100/100
|move|p1a: Hydreigon|Dark Pulse|p2a: Arceus
|-resisted|p2a: Arceus
|-damage|p2a: Arceus|81/100
|-damage|p1a: Hydreigon|91/100|[from] item: Life Orb
|
|upkeep
|turn|7
|
|t:|1667176431
|switch|p1a: Genesect|Genesect|100/100
|-ability|p1a: Genesect|Download|boost
|-boost|p1a: Genesect|spa|1
|move|p2a: Arceus|Calm Mind|p2a: Arceus
|-boost|p2a: Arceus|spa|1
|-boost|p2a: Arceus|spd|1
|
|upkeep
|turn|8
|
|t:|1667176439
|switch|p2a: Ho-Oh|Ho-Oh|100/100
|move|p1a: Genesect|Iron Head|p2a: Ho-Oh
|-resisted|p2a: Ho-Oh
|-damage|p2a: Ho-Oh|87/100
|
|upkeep
|turn|9
|
|t:|1667176444
|switch|p1a: Cofagrigus|Cofagrigus, F|100/100
|move|p2a: Ho-Oh|Thunder Wave|p1a: Cofagrigus
|-status|p1a: Cofagrigus|par
|
|upkeep
|turn|10
|
|t:|1667176450
|switch|p2a: Gengar|Gengar-Mega, F|100/100
|move|p1a: Cofagrigus|Trick Room|p1a: Cofagrigus
|-fieldstart|move: Trick Room|[of] p1a: Cofagrigus
|
|upkeep
|turn|11
|
|t:|1667176454
|cant|p1a: Cofagrigus|par
|move|p2a: Gengar|Taunt|p1a: Cofagrigus
|-start|p1a: Cofagrigus|move: Taunt
|
|upkeep
|turn|12
|
|t:|1667176457
|move|p1a: Cofagrigus|Hex|p2a: Gengar
|-supereffective|p2a: Gengar
|-damage|p2a: Gengar|47/100
|move|p2a: Gengar|Substitute|p2a: Gengar
|-start|p2a: Gengar|Substitute
|-damage|p2a: Gengar|22/100
|
|upkeep
|turn|13
|
|t:|1667176464
|move|p1a: Cofagrigus|Hex|p2a: Gengar
|-supereffective|p2a: Gengar
|-end|p2a: Gengar|Substitute
|move|p2a: Gengar|Nasty Plot|p2a: Gengar
|-boost|p2a: Gengar|spa|2
|
|upkeep
|turn|14
|
|t:|1667176475
|move|p1a: Cofagrigus|Hex|p2a: Gengar
|-supereffective|p2a: Gengar
|-damage|p2a: Gengar|0 fnt
|faint|p2a: Gengar
|
|-end|p1a: Cofagrigus|move: Taunt
|-fieldend|move: Trick Room
|upkeep
|
|t:|1667176479
|switch|p2a: Necrozma|Necrozma-Dusk-Mane|100/100
|turn|15
|
|t:|1667176483
|move|p2a: Necrozma|Dragon Dance|p2a: Necrozma
|-boost|p2a: Necrozma|atk|1
|-boost|p2a: Necrozma|spe|1
|move|p1a: Cofagrigus|Will-O-Wisp|p2a: Necrozma
|-status|p2a: Necrozma|brn
|
|-damage|p2a: Necrozma|95/100 brn|[from] brn
|upkeep
|turn|16
|
|t:|1667176486
|move|p2a: Necrozma|Dragon Dance|p2a: Necrozma
|-boost|p2a: Necrozma|atk|1
|-boost|p2a: Necrozma|spe|1
|move|p1a: Cofagrigus|Trick Room|p1a: Cofagrigus
|-fieldstart|move: Trick Room|[of] p1a: Cofagrigus
|
|-damage|p2a: Necrozma|89/100 brn|[from] brn
|upkeep
|turn|17
|
|t:|1667176489
|move|p1a: Cofagrigus|Hex|p2a: Necrozma
|-supereffective|p2a: Necrozma
|-damage|p2a: Necrozma|18/100 brn
|move|p2a: Necrozma|Dragon Dance|p2a: Necrozma
|-boost|p2a: Necrozma|atk|1
|-boost|p2a: Necrozma|spe|1
|
|-damage|p2a: Necrozma|12/100 brn|[from] brn
|upkeep
|turn|18
|
|t:|1667176494
|detailschange|p2a: Necrozma|Necrozma-Ultra
|-burst|p2a: Necrozma|Necrozma|Ultranecrozium Z
|move|p1a: Cofagrigus|Hex|p2a: Necrozma
|-supereffective|p2a: Necrozma
|-damage|p2a: Necrozma|0 fnt
|faint|p2a: Necrozma
|
|upkeep
|
|t:|1667176500
|switch|p2a: Arceus|Arceus-Fairy|81/100
|turn|19
|
|t:|1667176511
|-start|p2a: Arceus|Dynamax|
|-heal|p2a: Arceus|81/100|[silent]
|cant|p1a: Cofagrigus|par
|move|p2a: Arceus|Max Starfall|p1a: Cofagrigus
|-damage|p1a: Cofagrigus|16/100 par
|-fieldstart|move: Misty Terrain
|
|-heal|p1a: Cofagrigus|22/100 par|[from] item: Leftovers
|upkeep
|turn|20
|
|t:|1667176519
|move|p1a: Cofagrigus|Will-O-Wisp|p2a: Arceus
|-activate|p2a: Arceus|move: Misty Terrain
|move|p2a: Arceus|Max Starfall|p1a: Cofagrigus
|-damage|p1a: Cofagrigus|0 fnt
|faint|p1a: Cofagrigus
|
|-fieldend|move: Trick Room
|upkeep
|
|t:|1667176529
|switch|p1a: Seismitoad|Seismitoad, F|100/100
|turn|21
|
|t:|1667176532
|-start|p1a: Seismitoad|Dynamax|
|-heal|p1a: Seismitoad|100/100|[silent]
|move|p1a: Seismitoad|Max Guard|p1a: Seismitoad
|-singleturn|p1a: Seismitoad|Max Guard
|move|p2a: Arceus|Max Starfall|p1a: Seismitoad
|-activate|p1a: Seismitoad|move: Max Guard
|
|upkeep
|-end|p2a: Arceus|Dynamax
|-heal|p2a: Arceus|81/100|[silent]
|turn|22
|
|t:|1667176535
|move|p2a: Arceus|Calm Mind|p2a: Arceus
|-boost|p2a: Arceus|spa|1
|-boost|p2a: Arceus|spd|1
|move|p1a: Seismitoad|Max Geyser|p2a: Arceus
|-damage|p2a: Arceus|22/100
|-weather|RainDance
|-damage|p1a: Seismitoad|96/100|[from] item: Life Orb
|
|-weather|RainDance|[upkeep]
|upkeep
|turn|23
|
|t:|1667176543
|move|p1a: Seismitoad|Max Quake|p2a: Arceus
|-damage|p2a: Arceus|0 fnt
|-boost|p1a: Seismitoad|spd|1
|faint|p2a: Arceus
|-damage|p1a: Seismitoad|91/100|[from] item: Life Orb
|
|-weather|RainDance|[upkeep]
|-fieldend|Misty Terrain
|upkeep
|
|t:|1667176548
|switch|p2a: Ho-Oh|Ho-Oh|100/100
|-end|p1a: Seismitoad|Dynamax
|-heal|p1a: Seismitoad|91/100|[silent]
|turn|24
|
|t:|1667176553
|move|p1a: Seismitoad|Liquidation|p2a: Ho-Oh
|-supereffective|p2a: Ho-Oh
|-damage|p2a: Ho-Oh|0 fnt
|faint|p2a: Ho-Oh
|-damage|p1a: Seismitoad|81/100|[from] item: Life Orb
|
|-weather|RainDance|[upkeep]
|upkeep
|
|t:|1667176556
|switch|p2a: Ditto|Ditto|100/100
|-transform|p2a: Ditto|p1a: Seismitoad|[from] ability: Imposter
|turn|25
|
|t:|1667176573
|move|p2a: Ditto|Liquidation|p1a: Seismitoad
|-damage|p1a: Seismitoad|5/100
|move|p1a: Seismitoad|Drain Punch|p2a: Ditto
|-damage|p2a: Ditto|60/100
|-heal|p1a: Seismitoad|23/100|[from] drain|[of] p2a: Ditto
|-damage|p1a: Seismitoad|13/100|[from] item: Life Orb
|
|-weather|RainDance|[upkeep]
|upkeep
|turn|26
|
|t:|1667176583
|switch|p1a: Kyurem|Kyurem-White|100/100
|-ability|p1a: Kyurem|Turboblaze
|move|p2a: Ditto|Liquidation|p1a: Kyurem
|-resisted|p1a: Kyurem
|-damage|p1a: Kyurem|72/100
|
|-weather|none
|upkeep
|turn|27
|-message|haitianmister forfeited.
|
|win|Reinhardt Emblem
|raw|Reinhardt Emblem's rating: 1381 &rarr; <strong>1402</strong><br />(+21 for winning)
|raw|haitianmister's rating: 1396 &rarr; <strong>1375</strong><br />(-21 for losing)
|l|☆haitianmister
|c|☆Reinhardt Emblem|gg
