|j|☆JAY100064
|j|☆WolfyTerry286
|t:|1620179553
|gametype|singles
|player|p1|JAY100064|preschooler|1129
|player|p2|WolfyTerry286|juggler|1127
|teamsize|p1|6
|teamsize|p2|6
|gen|8
|tier|[Gen 8] National Dex AG
|rated|
|clearpoke
|poke|p1|Aron, L1, M|
|poke|p1|Pineco, L1, F|
|poke|p1|Riolu, M|
|poke|p1|Skarmory, L1, M|
|poke|p1|Rattata-Alola, L1, F|
|poke|p1|Zacian-Crowned|
|poke|p2|Kartana|
|poke|p2|Chansey, F|
|poke|p2|Lugia|
|poke|p2|Tapu Koko|
|poke|p2|Corviknight, M|
|poke|p2|Blaziken, F|
|rule|HP Percentage Mod: HP is shown in percentages
|rule|Endless Battle Clause: Forcing endless battles is banned
|teampreview
|inactive|Battle timer is ON: inactive players will automatically lose when time's up. (requested by WolfyTerry286)
|
|t:|1620179564
|start
|switch|p1a: :FEAR2:|Pineco, L1, F|100/100
|switch|p2a: Chansey|Chansey, F|100/100
|turn|1
|c|☆WolfyTerry286|I know that shit is about to happen once I see a team like that
|
|t:|1620179582
|move|p2a: Chansey|Stealth Rock|p1a: :FEAR2:
|-sidestart|p1: JAY100064|move: Stealth Rock
|move|p1a: :FEAR2:|Toxic Spikes|p2a: Chansey
|-sidestart|p2: WolfyTerry286|move: Toxic Spikes
|
|upkeep
|turn|2
|
|t:|1620179592
|move|p1a: :FEAR2:|Toxic|p2a: Chansey
|-status|p2a: Chansey|tox
|move|p2a: Chansey|Teleport|p2a: Chansey
|
|t:|1620179599
|switch|p2a: Kartana|Kartana|100/100|[from]move: Teleport
|
|upkeep
|turn|3
|
|t:|1620179604
|move|p2a: Kartana|Swords Dance|p2a: Kartana
|-boost|p2a: Kartana|atk|2
|move|p1a: :FEAR2:|Toxic Spikes|p2a: Kartana
|-sidestart|p2: WolfyTerry286|move: Toxic Spikes
|
|upkeep
|turn|4
|
|t:|1620179617
|move|p2a: Kartana|Swords Dance|p2a: Kartana
|-boost|p2a: Kartana|atk|2
|move|p1a: :FEAR2:|Rapid Spin|p2a: Kartana
|-resisted|p2a: Kartana
|-damage|p2a: Kartana|99/100
|-boost|p1a: :FEAR2:|spe|1
|-sideend|p1: JAY100064|Stealth Rock|[from] move: Rapid Spin|[of] p1a: :FEAR2:
|
|upkeep
|turn|5
|
|t:|1620179628
|move|p2a: Kartana|Leaf Blade|p1a: :FEAR2:
|-resisted|p1a: :FEAR2:
|-ability|p1a: :FEAR2:|Sturdy
|-damage|p1a: :FEAR2:|9/100
|-enditem|p1a: :FEAR2:|Berry Juice
|-heal|p1a: :FEAR2:|100/100|[from] item: Berry Juice
|move|p1a: :FEAR2:|Toxic|p2a: Kartana
|-immune|p2a: Kartana
|
|upkeep
|turn|6
|
|t:|1620179637
|move|p2a: Kartana|Leaf Blade|p1a: :FEAR2:
|-resisted|p1a: :FEAR2:
|-ability|p1a: :FEAR2:|Sturdy
|-damage|p1a: :FEAR2:|9/100
|move|p1a: :FEAR2:|Pain Split|p2a: Kartana
|-sethp|p2a: Kartana|50/100|[from] move: Pain Split|[silent]
|-sethp|p1a: :FEAR2:|100/100|[from] move: Pain Split
|
|upkeep
|turn|7
|
|t:|1620179647
|move|p2a: Kartana|Leaf Blade|p1a: :FEAR2:
|-resisted|p1a: :FEAR2:
|-ability|p1a: :FEAR2:|Sturdy
|-damage|p1a: :FEAR2:|9/100
|move|p1a: :FEAR2:|Pain Split|p2a: Kartana
|-sethp|p2a: Kartana|26/100|[from] move: Pain Split|[silent]
|-sethp|p1a: :FEAR2:|100/100|[from] move: Pain Split
|
|upkeep
|turn|8
|
|t:|1620179656
|move|p2a: Kartana|Leaf Blade|p1a: :FEAR2:
|-resisted|p1a: :FEAR2:
|-ability|p1a: :FEAR2:|Sturdy
|-damage|p1a: :FEAR2:|9/100
|move|p1a: :FEAR2:|Pain Split|p2a: Kartana
|-sethp|p2a: Kartana|13/100|[from] move: Pain Split|[silent]
|-sethp|p1a: :FEAR2:|100/100|[from] move: Pain Split
|
|upkeep
|turn|9
|
|t:|1620179666
|move|p2a: Kartana|Leaf Blade|p1a: :FEAR2:
|-resisted|p1a: :FEAR2:
|-ability|p1a: :FEAR2:|Sturdy
|-damage|p1a: :FEAR2:|9/100
|move|p1a: :FEAR2:|Pain Split|p2a: Kartana
|-sethp|p2a: Kartana|7/100|[from] move: Pain Split|[silent]
|-sethp|p1a: :FEAR2:|100/100|[from] move: Pain Split
|
|upkeep
|turn|10
|
|t:|1620179687
|move|p2a: Kartana|Leaf Blade|p1a: :FEAR2:
|-resisted|p1a: :FEAR2:
|-ability|p1a: :FEAR2:|Sturdy
|-damage|p1a: :FEAR2:|9/100
|move|p1a: :FEAR2:|Rapid Spin|p2a: Kartana
|-resisted|p2a: Kartana
|-damage|p2a: Kartana|7/100
|-boost|p1a: :FEAR2:|spe|1
|
|upkeep
|turn|11
|
|t:|1620179697
|move|p2a: Kartana|Leaf Blade|p1a: :FEAR2:
|-resisted|p1a: :FEAR2:
|-damage|p1a: :FEAR2:|0 fnt
|faint|p1a: :FEAR2:
|-ability|p2a: Kartana|Beast Boost|boost
|-boost|p2a: Kartana|atk|1
|
|upkeep
|
|t:|1620179707
|switch|p1a: :FEAR4:|Skarmory, L1, M|100/100
|turn|12
|
|t:|1620179712
|move|p2a: Kartana|Sacred Sword|p1a: :FEAR4:
|-ability|p1a: :FEAR4:|Sturdy
|-damage|p1a: :FEAR4:|9/100
|move|p1a: :FEAR4:|Fly||[still]
|-prepare|p1a: :FEAR4:|Fly
|
|-damage|p1a: :FEAR4:|0 fnt|[from] item: Sticky Barb
|faint|p1a: :FEAR4:
|upkeep
|
|t:|1620179721
|switch|p1a: :FEAR3:|Riolu, M|100/100
|turn|13
|
|t:|1620179731
|switch|p2a: Chansey|Chansey, F|100/100
|-status|p2a: Chansey|tox
|move|p1a: :FEAR3:|Copycat|p1a: :FEAR3:
|move|p1a: :FEAR3:|Fly||[from]move: Copycat|[still]
|-prepare|p1a: :FEAR3:|Fly
|
|-damage|p2a: Chansey|94/100 tox|[from] psn
|upkeep
|turn|14
|
|t:|1620179740
|move|p1a: :FEAR3:|Fly|p2a: Chansey|[from]lockedmove
|-damage|p2a: Chansey|79/100 tox
|move|p2a: Chansey|Teleport|p2a: Chansey
|
|t:|1620179745
|-curestatus|p2a: Chansey|tox|[from] ability: Natural Cure
|switch|p2a: Tapu Koko|Tapu Koko|100/100|[from]move: Teleport
|-status|p2a: Tapu Koko|tox
|-fieldstart|move: Electric Terrain|[from] ability: Electric Surge|[of] p2a: Tapu Koko
|
|-damage|p2a: Tapu Koko|94/100 tox|[from] psn
|upkeep
|turn|15
|
|t:|1620179755
|move|p1a: :FEAR3:|Copycat|p1a: :FEAR3:
|move|p1a: :FEAR3:|Teleport|p1a: :FEAR3:|[from]move: Copycat
|
|t:|1620179781
|switch|p1a: :FEAR:|Aron, L1, M, shiny|100/100|[from]move: Teleport
|move|p2a: Tapu Koko|Dazzling Gleam|p1a: :FEAR:
|-resisted|p1a: :FEAR:
|-ability|p1a: :FEAR:|Sturdy
|-damage|p1a: :FEAR:|9/100
|-damage|p2a: Tapu Koko|84/100 tox|[from] item: Life Orb
|
|-damage|p2a: Tapu Koko|72/100 tox|[from] psn
|upkeep
|turn|16
|inactive|JAY100064 has 120 seconds left.
|
|t:|1620179798
|move|p1a: :FEAR:|Protect|p1a: :FEAR:
|-singleturn|p1a: :FEAR:|Protect
|move|p2a: Tapu Koko|Volt Switch|p1a: :FEAR:
|-activate|p1a: :FEAR:|move: Protect
|
|-damage|p2a: Tapu Koko|54/100 tox|[from] psn
|upkeep
|turn|17
|inactive|JAY100064 has 120 seconds left.
|
|t:|1620179813
|move|p1a: :FEAR:|Protect||[still]
|-fail|p1a: :FEAR:
|move|p2a: Tapu Koko|Volt Switch|p1a: :FEAR:
|-damage|p1a: :FEAR:|0 fnt
|faint|p1a: :FEAR:
|-damage|p2a: Tapu Koko|44/100 tox|[from] item: Life Orb
|
|t:|1620179829
|switch|p2a: Chansey|Chansey, F|79/100|[from]move: Volt Switch
|-status|p2a: Chansey|tox
|
|-damage|p2a: Chansey|72/100 tox|[from] psn
|upkeep
|inactive|JAY100064 has 120 seconds left.
|
|t:|1620179845
|switch|p1a: :FEAR5:|Rattata-Alola, L1, F|100/100
|turn|18
|
|t:|1620179850
|move|p2a: Chansey|Toxic|p1a: :FEAR5:
|-status|p1a: :FEAR5:|tox
|move|p1a: :FEAR5:|Endeavor|p2a: Chansey
|-damage|p2a: Chansey|2/100 tox
|
|-damage|p2a: Chansey|0 fnt|[from] psn
|faint|p2a: Chansey
|-damage|p1a: :FEAR5:|91/100 tox|[from] psn
|-fieldend|move: Electric Terrain
|upkeep
|
|t:|1620179861
|switch|p2a: Corviknight|Corviknight, M|100/100
|turn|19
|inactive|JAY100064 has 120 seconds left.
|
|t:|1620179908
|move|p2a: Corviknight|Body Press|p1a: :FEAR5:
|-supereffective|p1a: :FEAR5:
|-damage|p1a: :FEAR5:|0 fnt
|faint|p1a: :FEAR5:
|
|upkeep
|
|t:|1620179916
|switch|p1a: :FEAR3:|Riolu, M|100/100
|turn|20
|
|t:|1620179923
|move|p1a: :FEAR3:|Substitute|p1a: :FEAR3:
|-start|p1a: :FEAR3:|Substitute
|-damage|p1a: :FEAR3:|76/100
|move|p2a: Corviknight|Bulk Up|p2a: Corviknight
|-boost|p2a: Corviknight|atk|1
|-boost|p2a: Corviknight|def|1
|
|upkeep
|turn|21
|
|t:|1620179932
|move|p1a: :FEAR3:|Copycat|p1a: :FEAR3:
|move|p1a: :FEAR3:|Bulk Up|p1a: :FEAR3:|[from]move: Copycat
|-boost|p1a: :FEAR3:|atk|1
|-boost|p1a: :FEAR3:|def|1
|move|p2a: Corviknight|Body Press|p1a: :FEAR3:
|-end|p1a: :FEAR3:|Substitute
|
|upkeep
|turn|22
|
|t:|1620179944
|move|p1a: :FEAR3:|Substitute|p1a: :FEAR3:
|-start|p1a: :FEAR3:|Substitute
|-damage|p1a: :FEAR3:|51/100
|move|p2a: Corviknight|Brave Bird|p1a: :FEAR3:
|-supereffective|p1a: :FEAR3:
|-end|p1a: :FEAR3:|Substitute
|-damage|p2a: Corviknight|96/100|[from] Recoil|[of] p1a: :FEAR3:
|
|upkeep
|turn|23
|
|t:|1620179955
|move|p1a: :FEAR3:|Substitute|p1a: :FEAR3:
|-start|p1a: :FEAR3:|Substitute
|-damage|p1a: :FEAR3:|26/100
|move|p2a: Corviknight|Iron Head|p1a: :FEAR3:
|-end|p1a: :FEAR3:|Substitute
|
|upkeep
|turn|24
|
|t:|1620179965
|move|p1a: :FEAR3:|Substitute|p1a: :FEAR3:
|-start|p1a: :FEAR3:|Substitute
|-damage|p1a: :FEAR3:|1/100
|move|p2a: Corviknight|Iron Head|p1a: :FEAR3:
|-end|p1a: :FEAR3:|Substitute
|
|upkeep
|turn|25
|
|t:|1620179974
|move|p1a: :FEAR3:|Protect|p1a: :FEAR3:
|-singleturn|p1a: :FEAR3:|Protect
|move|p2a: Corviknight|Iron Head|p1a: :FEAR3:
|-activate|p1a: :FEAR3:|move: Protect
|
|upkeep
|turn|26
|inactive|JAY100064 has 120 seconds left.
|
|t:|1620179980
|move|p1a: :FEAR3:|Protect|p1a: :FEAR3:
|-singleturn|p1a: :FEAR3:|Protect
|move|p2a: Corviknight|Iron Head|p1a: :FEAR3:
|-activate|p1a: :FEAR3:|move: Protect
|
|upkeep
|turn|27
|
|t:|1620179986
|move|p1a: :FEAR3:|Copycat|p1a: :FEAR3:
|move|p1a: :FEAR3:|Iron Head|p2a: Corviknight|[from]move: Copycat
|-resisted|p2a: Corviknight
|-damage|p2a: Corviknight|88/100
|move|p2a: Corviknight|Iron Head|p1a: :FEAR3:
|-damage|p1a: :FEAR3:|0 fnt
|faint|p1a: :FEAR3:
|
|upkeep
|inactive|JAY100064 has 120 seconds left.
|
|t:|1620180000
|switch|p1a: Lol!|Zacian-Crowned|100/100
|-ability|p1a: Lol!|Intrepid Sword|boost
|-boost|p1a: Lol!|atk|1
|turn|28
|inactive|JAY100064 has 120 seconds left.
|
|t:|1620180032
|move|p1a: Lol!|Behemoth Blade|p2a: Corviknight
|-resisted|p2a: Corviknight
|-damage|p2a: Corviknight|60/100
|move|p2a: Corviknight|Body Press|p1a: Lol!
|-damage|p1a: Lol!|74/100
|
|upkeep
|turn|29
|
|t:|1620180042
|move|p1a: Lol!|Swords Dance|p1a: Lol!
|-boost|p1a: Lol!|atk|2
|move|p2a: Corviknight|Bulk Up|p2a: Corviknight
|-boost|p2a: Corviknight|atk|1
|-boost|p2a: Corviknight|def|1
|
|upkeep
|turn|30
|
|t:|1620180057
|-start|p2a: Corviknight|Dynamax
|-heal|p2a: Corviknight|60/100|[silent]
|move|p1a: Lol!|Behemoth Blade|p2a: Corviknight
|-resisted|p2a: Corviknight
|-damage|p2a: Corviknight|25/100
|move|p2a: Corviknight|Max Steelspike|p1a: Lol!
|-damage|p1a: Lol!|0 fnt
|-boost|p2a: Corviknight|def|1
|faint|p1a: Lol!
|
|win|WolfyTerry286
|raw|JAY100064's rating: 1129 &rarr; <strong>1104</strong><br />(-25 for losing)
|raw|WolfyTerry286's rating: 1127 &rarr; <strong>1152</strong><br />(+25 for winning)
|l|☆JAY100064
|c|☆WolfyTerry286|How in the blue fuck did I manage to beat that?
