|j|☆Opnoob 598
|j|☆Thetwinking
|t:|1659110363
|gametype|singles
|player|p1|Opnoob 598|supernerd|
|player|p2|Thetwinking|benga|
|teamsize|p1|6
|teamsize|p2|6
|gen|8
|tier|[Gen 8] National Dex AG
|rated|Tournament battle
|rule|HP Percentage Mod: HP is shown in percentages
|rule|Endless Battle Clause: Forcing endless battles is banned
|clearpoke
|poke|p1|Arceus-*|
|poke|p1|Arceus-*|
|poke|p1|Necrozma-Dusk-Mane|
|poke|p1|Zygarde|
|poke|p1|Rayquaza|
|poke|p1|Ho-Oh|
|poke|p2|Necrozma-Dusk-Mane|
|poke|p2|Calyrex-Shadow|
|poke|p2|Groudon|
|poke|p2|Yveltal|
|poke|p2|Kartana|
|poke|p2|Zacian-*|
|teampreview
|inactive|Battle timer is ON: inactive players will automatically lose when time's up. (requested by Thetwinking)
|j|*PartBot
|c|*PartBot|G'luck!
|l|*PartBot
|c|☆Thetwinking|chalo haaren
|inactive|Opnoob 598 has 120 seconds left.
|j|%Agent PG
|
|t:|1659110409
|start
|switch|p1a: Necrozma|Necrozma-Dusk-Mane|100/100
|switch|p2a: Kartana|Kartana|100/100
|turn|1
|c|☆Opnoob 598|Hf
|
|t:|1659110418
|switch|p2a: abomination|Groudon, shiny|100/100
|detailschange|p2a: abomination|Groudon-Primal, shiny
|-primal|p2a: abomination
|-weather|DesolateLand|[from] ability: Desolate Land|[of] p2a: abomination
|move|p1a: Necrozma|Stealth Rock|p2a: abomination
|-sidestart|p2: Thetwinking|move: Stealth Rock
|
|-weather|DesolateLand|[upkeep]
|upkeep
|turn|2
|
|t:|1659110426
|switch|p1a: Zygarde|Zygarde, shiny|100/100
|move|p2a: abomination|Stealth Rock|p1a: Zygarde
|-sidestart|p1: Opnoob 598|move: Stealth Rock
|
|-weather|DesolateLand|[upkeep]
|upkeep
|turn|3
|
|t:|1659110430
|move|p1a: Zygarde|Glare|p2a: abomination
|-status|p2a: abomination|par
|move|p2a: abomination|Dragon Tail|p1a: Zygarde
|-supereffective|p1a: Zygarde
|-damage|p1a: Zygarde|70/100
|drag|p1a: Necrozma|Necrozma-Dusk-Mane|100/100
|-damage|p1a: Necrozma|94/100|[from] Stealth Rock
|
|-weather|DesolateLand|[upkeep]
|upkeep
|turn|4
|
|t:|1659110438
|switch|p1a: Zygarde|Zygarde, shiny|70/100
|-damage|p1a: Zygarde|64/100|[from] Stealth Rock
|move|p2a: abomination|Dragon Tail|p1a: Zygarde
|-supereffective|p1a: Zygarde
|-damage|p1a: Zygarde|30/100
|drag|p1a: Arceus|Arceus-Dark|100/100
|-damage|p1a: Arceus|88/100|[from] Stealth Rock
|
|-weather|DesolateLand|[upkeep]
|upkeep
|turn|5
|
|t:|1659110447
|move|p1a: Arceus|Judgment|p2a: abomination
|-damage|p2a: abomination|57/100 par
|cant|p2a: abomination|par
|
|-weather|DesolateLand|[upkeep]
|upkeep
|turn|6
|
|t:|1659110453
|move|p1a: Arceus|Judgment|p2a: abomination
|-damage|p2a: abomination|14/100 par
|move|p2a: abomination|Heat Crash|p1a: Arceus
|-damage|p1a: Arceus|29/100
|
|-weather|DesolateLand|[upkeep]
|upkeep
|turn|7
|
|t:|1659110462
|move|p1a: Arceus|Recover|p1a: Arceus
|-heal|p1a: Arceus|79/100
|move|p2a: abomination|Heat Crash|p1a: Arceus
|-damage|p1a: Arceus|22/100
|
|-weather|DesolateLand|[upkeep]
|upkeep
|turn|8
|
|t:|1659110471
|move|p1a: Arceus|Recover|p1a: Arceus
|-heal|p1a: Arceus|72/100
|move|p2a: abomination|Dragon Tail|p1a: Arceus
|-damage|p1a: Arceus|54/100
|drag|p1a: Necrozma|Necrozma-Dusk-Mane|94/100
|-damage|p1a: Necrozma|88/100|[from] Stealth Rock
|
|-weather|DesolateLand|[upkeep]
|upkeep
|turn|9
|
|t:|1659110476
|move|p1a: Necrozma|Earthquake|p2a: abomination
|-supereffective|p2a: abomination
|-damage|p2a: abomination|0 fnt
|faint|p2a: abomination
|-weather|none
|
|upkeep
|
|t:|1659110487
|switch|p2a: dead horsy|Calyrex-Shadow|100/100
|-ability|p2a: dead horsy|As One
|-ability|p2a: dead horsy|Unnerve
|-damage|p2a: dead horsy|88/100|[from] Stealth Rock
|turn|10
|
|t:|1659110493
|switch|p1a: Ho-Oh|Ho-Oh|100/100
|move|p2a: dead horsy|Nasty Plot|p2a: dead horsy
|-boost|p2a: dead horsy|spa|2
|
|upkeep
|turn|11
|c|☆Opnoob 598|o
|
|t:|1659110504
|move|p2a: dead horsy|Baton Pass|p2a: dead horsy
|c|☆Opnoob 598|Fr
|
|t:|1659110506
|switch|p2a: bacon|Yveltal, shiny|100/100|[from]move: Baton Pass
|-damage|p2a: bacon|76/100|[from] Stealth Rock
|-ability|p2a: bacon|Dark Aura
|move|p1a: Ho-Oh|Thunder Wave|p2a: bacon
|-status|p2a: bacon|par
|
|upkeep
|turn|12
|
|t:|1659110515
|-start|p1a: Ho-Oh|Dynamax|
|-heal|p1a: Ho-Oh|100/100|[silent]
|-start|p2a: bacon|Dynamax|
|-heal|p2a: bacon|76/100 par|[silent]
|move|p1a: Ho-Oh|Max Flare|p2a: bacon
|-damage|p2a: bacon|53/100 par
|-weather|SunnyDay
|move|p2a: bacon|Max Airstream|p1a: Ho-Oh
|-damage|p1a: Ho-Oh|57/100
|-boost|p2a: bacon|spe|1
|-damage|p2a: bacon|48/100 par|[from] item: Life Orb
|
|-weather|SunnyDay|[upkeep]
|upkeep
|turn|13
|
|t:|1659110529
|cant|p2a: bacon|par
|move|p1a: Ho-Oh|Max Flare|p2a: bacon
|-damage|p2a: bacon|10/100 par
|
|-weather|SunnyDay|[upkeep]
|upkeep
|turn|14
|c|☆Opnoob 598|O fr
|
|t:|1659110540
|move|p2a: bacon|Max Darkness|p1a: Ho-Oh
|-damage|p1a: Ho-Oh|0 fnt
|faint|p1a: Ho-Oh
|-damage|p2a: bacon|5/100 par|[from] item: Life Orb
|
|-weather|SunnyDay|[upkeep]
|upkeep
|c|☆Opnoob 598|!math 326/3
|c| Opnoob 598|/raw <div class="infobox">326/3<br />= <strong>108.66666666666667</strong></div>
|c|☆Opnoob 598|!math 326/2
|c| Opnoob 598|/raw <div class="infobox">326/2<br />= <strong>163</strong></div>
|j| Mikasa Rose'
|inactive|Opnoob 598 has 120 seconds left.
|c|☆Opnoob 598|!math 163*1.5
|c| Opnoob 598|/raw <div class="infobox">163*1.5<br />= <strong>244.5</strong></div>
|c|☆Opnoob 598|Alr
|
|t:|1659110576
|switch|p1a: Arceus|Arceus-Water|100/100
|-damage|p1a: Arceus|88/100|[from] Stealth Rock
|-end|p2a: bacon|Dynamax
|-heal|p2a: bacon|5/100 par|[silent]
|turn|15
|
|t:|1659110580
|move|p1a: Arceus|Ice Beam|p2a: bacon
|-supereffective|p2a: bacon
|-damage|p2a: bacon|0 fnt
|faint|p2a: bacon
|
|-weather|SunnyDay|[upkeep]
|upkeep
|
|t:|1659110586
|switch|p2a: Kartana|Kartana|100/100
|-damage|p2a: Kartana|94/100|[from] Stealth Rock
|turn|16
|
|t:|1659110599
|switch|p2a: dead horsy|Calyrex-Shadow|88/100
|-ability|p2a: dead horsy|As One
|-ability|p2a: dead horsy|Unnerve
|-damage|p2a: dead horsy|76/100|[from] Stealth Rock
|switch|p1a: Necrozma|Necrozma-Dusk-Mane|88/100
|-damage|p1a: Necrozma|82/100|[from] Stealth Rock
|
|-weather|none
|upkeep
|turn|17
|
|t:|1659110606
|switch|p1a: Arceus|Arceus-Dark|54/100
|-damage|p1a: Arceus|42/100|[from] Stealth Rock
|move|p2a: dead horsy|Draining Kiss|p1a: Arceus
|-supereffective|p1a: Arceus
|-damage|p1a: Arceus|23/100
|-heal|p2a: dead horsy|94/100|[from] drain|[of] p1a: Arceus
|
|upkeep
|turn|18
|j| Soupster69
|
|t:|1659110619
|switch|p2a: Zacian|Zacian-Crowned|100/100
|-damage|p2a: Zacian|94/100|[from] Stealth Rock
|-ability|p2a: Zacian|Intrepid Sword|boost
|-boost|p2a: Zacian|atk|1
|move|p1a: Arceus|Recover|p1a: Arceus
|-heal|p1a: Arceus|73/100
|
|upkeep
|turn|19
|
|t:|1659110632
|switch|p2a: dead horsy|Calyrex-Shadow|94/100
|-ability|p2a: dead horsy|As One
|-ability|p2a: dead horsy|Unnerve
|-damage|p2a: dead horsy|82/100|[from] Stealth Rock
|switch|p1a: Zygarde|Zygarde, shiny|30/100
|-damage|p1a: Zygarde|24/100|[from] Stealth Rock
|
|-heal|p1a: Zygarde|30/100|[from] item: Leftovers
|-activate|p1a: Zygarde|ability: Power Construct
|detailschange|p1a: Zygarde|Zygarde-Complete, shiny
|-heal|p1a: Zygarde|54/100|[silent]
|upkeep
|turn|20
|
|t:|1659110638
|move|p2a: dead horsy|Astral Barrage|p1a: Zygarde
|-damage|p1a: Zygarde|10/100
|move|p1a: Zygarde|Glare|p2a: dead horsy
|-status|p2a: dead horsy|par
|
|-heal|p1a: Zygarde|16/100|[from] item: Leftovers
|upkeep
|turn|21
|
|t:|1659110643
|switch|p1a: Arceus|Arceus-Dark|73/100
|-damage|p1a: Arceus|60/100|[from] Stealth Rock
|move|p2a: dead horsy|Draining Kiss|p1a: Arceus
|-supereffective|p1a: Arceus
|-damage|p1a: Arceus|40/100
|-heal|p2a: dead horsy|100/100 par|[from] drain|[of] p1a: Arceus
|
|upkeep
|turn|22
|j| Shhe devil ✴
|
|t:|1659110655
|move|p1a: Arceus|Recover|p1a: Arceus
|-heal|p1a: Arceus|90/100
|move|p2a: dead horsy|Nasty Plot|p2a: dead horsy
|-boost|p2a: dead horsy|spa|2
|
|upkeep
|turn|23
|l| Mikasa Rose'
|j| Call me pk
|
|t:|1659110659
|move|p1a: Arceus|Judgment|p2a: dead horsy
|-supereffective|p2a: dead horsy
|-enditem|p2a: dead horsy|Focus Sash
|-damage|p2a: dead horsy|1/100 par
|move|p2a: dead horsy|Draining Kiss|p1a: Arceus
|-supereffective|p1a: Arceus
|-damage|p1a: Arceus|51/100
|-heal|p2a: dead horsy|39/100 par|[from] drain|[of] p1a: Arceus
|
|upkeep
|turn|24
|
|t:|1659110663
|move|p1a: Arceus|Judgment|p2a: dead horsy
|-supereffective|p2a: dead horsy
|-damage|p2a: dead horsy|0 fnt
|faint|p2a: dead horsy
|
|upkeep
|
|t:|1659110669
|switch|p2a: Zacian|Zacian-Crowned|94/100
|-damage|p2a: Zacian|88/100|[from] Stealth Rock
|-ability|p2a: Zacian|Intrepid Sword|boost
|-boost|p2a: Zacian|atk|1
|turn|25
|
|t:|1659110672
|switch|p1a: Zygarde|Zygarde-Complete, shiny|16/100
|-damage|p1a: Zygarde|10/100|[from] Stealth Rock
|move|p2a: Zacian|Close Combat|p1a: Zygarde
|-damage|p1a: Zygarde|0 fnt
|-unboost|p2a: Zacian|def|1
|-unboost|p2a: Zacian|spd|1
|faint|p1a: Zygarde
|
|upkeep
|
|t:|1659110677
|switch|p1a: Necrozma|Necrozma-Dusk-Mane|82/100
|-damage|p1a: Necrozma|76/100|[from] Stealth Rock
|turn|26
|
|t:|1659110681
|switch|p2a: stell cat|Necrozma-Dusk-Mane, shiny|100/100
|-damage|p2a: stell cat|94/100|[from] Stealth Rock
|move|p1a: Necrozma|Earthquake|p2a: stell cat
|-supereffective|p2a: stell cat
|-damage|p2a: stell cat|64/100
|
|upkeep
|turn|27
|
|t:|1659110686
|switch|p1a: Arceus|Arceus-Water|88/100
|-damage|p1a: Arceus|76/100|[from] Stealth Rock
|move|p2a: stell cat|Thunder Wave|p1a: Arceus
|-status|p1a: Arceus|par
|
|upkeep
|turn|28
|
|t:|1659110700
|move|p2a: stell cat|Earthquake|p1a: Arceus
|-damage|p1a: Arceus|56/100 par
|move|p1a: Arceus|Will-O-Wisp|p2a: stell cat|[miss]
|-miss|p1a: Arceus|p2a: stell cat
|
|upkeep
|turn|29
|c|☆Opnoob 598|Welp
|
|t:|1659110709
|switch|p2a: Zacian|Zacian-Crowned|88/100
|-damage|p2a: Zacian|82/100|[from] Stealth Rock
|-ability|p2a: Zacian|Intrepid Sword|boost
|-boost|p2a: Zacian|atk|1
|move|p1a: Arceus|Will-O-Wisp|p2a: Zacian
|-status|p2a: Zacian|brn
|
|-damage|p2a: Zacian|76/100 brn|[from] brn
|upkeep
|turn|30
|c|☆Opnoob 598|X]
|
|t:|1659110716
|move|p2a: Zacian|Close Combat|p1a: Arceus
|-damage|p1a: Arceus|37/100 par
|-unboost|p2a: Zacian|def|1
|-unboost|p2a: Zacian|spd|1
|cant|p1a: Arceus|par
|
|-damage|p2a: Zacian|70/100 brn|[from] brn
|upkeep
|turn|31
|
|t:|1659110721
|move|p2a: Zacian|Wild Charge|p1a: Arceus
|-supereffective|p1a: Arceus
|-damage|p1a: Arceus|5/100 par
|-damage|p2a: Zacian|61/100 brn|[from] Recoil
|cant|p1a: Arceus|par
|
|-damage|p2a: Zacian|54/100 brn|[from] brn
|upkeep
|turn|32
|c|☆Opnoob 598|LOOL
|
|t:|1659110727
|switch|p1a: Necrozma|Necrozma-Dusk-Mane|76/100
|-damage|p1a: Necrozma|70/100|[from] Stealth Rock
|move|p2a: Zacian|Behemoth Blade|p1a: Necrozma
|-resisted|p1a: Necrozma
|-damage|p1a: Necrozma|57/100
|-damage|p2a: Zacian|38/100 brn|[from] item: Rocky Helmet|[of] p1a: Necrozma
|
|-damage|p2a: Zacian|32/100 brn|[from] brn
|upkeep
|turn|33
|
|t:|1659110735
|switch|p2a: stell cat|Necrozma-Dusk-Mane, shiny|64/100
|-damage|p2a: stell cat|58/100|[from] Stealth Rock
|move|p1a: Necrozma|Morning Sun|p1a: Necrozma
|-heal|p1a: Necrozma|100/100
|
|upkeep
|turn|34
|
|t:|1659110742
|switch|p1a: Rayquaza|Rayquaza|100/100
|-damage|p1a: Rayquaza|76/100|[from] Stealth Rock
|-ability|p1a: Rayquaza|Air Lock
|move|p2a: stell cat|Thunder Wave|p1a: Rayquaza
|-status|p1a: Rayquaza|par
|
|upkeep
|turn|35
|
|t:|1659110752
|detailschange|p1a: Rayquaza|Rayquaza-Mega
|-mega|p1a: Rayquaza|Rayquaza|
|-weather|DeltaStream|[from] ability: Delta Stream|[of] p1a: Rayquaza
|move|p2a: stell cat|Morning Sun|p2a: stell cat
|-heal|p2a: stell cat|100/100
|move|p1a: Rayquaza|V-create|p2a: stell cat
|-supereffective|p2a: stell cat
|-damage|p2a: stell cat|0 fnt
|-unboost|p1a: Rayquaza|spe|1
|-unboost|p1a: Rayquaza|def|1
|-unboost|p1a: Rayquaza|spd|1
|-damage|p1a: Rayquaza|59/100 par|[from] item: Rocky Helmet|[of] p2a: stell cat
|faint|p2a: stell cat
|
|-weather|DeltaStream|[upkeep]
|upkeep
|c|☆Opnoob 598|alr cool fr
|c|☆Opnoob 598|RIP
|
|t:|1659110761
|switch|p2a: Kartana|Kartana|94/100
|-damage|p2a: Kartana|88/100|[from] Stealth Rock
|turn|36
|
|t:|1659110766
|-weather|none
|switch|p1a: Necrozma|Necrozma-Dusk-Mane|100/100
|-damage|p1a: Necrozma|94/100|[from] Stealth Rock
|move|p2a: Kartana|Knock Off|p1a: Necrozma
|-supereffective|p1a: Necrozma
|-damage|p1a: Necrozma|56/100
|-damage|p2a: Kartana|72/100|[from] item: Rocky Helmet|[of] p1a: Necrozma
|-enditem|p1a: Necrozma|Rocky Helmet|[from] move: Knock Off|[of] p2a: Kartana
|
|upkeep
|turn|37
|
|t:|1659110774
|move|p2a: Kartana|Knock Off|p1a: Necrozma
|-supereffective|p1a: Necrozma
|-damage|p1a: Necrozma|32/100
|move|p1a: Necrozma|Earthquake|p2a: Kartana
|-damage|p2a: Kartana|35/100
|
|upkeep
|turn|38
|
|t:|1659110777
|move|p2a: Kartana|Knock Off|p1a: Necrozma
|-supereffective|p1a: Necrozma
|-damage|p1a: Necrozma|7/100
|move|p1a: Necrozma|Morning Sun|p1a: Necrozma
|-heal|p1a: Necrozma|57/100
|
|upkeep
|turn|39
|
|t:|1659110782
|move|p2a: Kartana|Knock Off|p1a: Necrozma
|-supereffective|p1a: Necrozma
|-damage|p1a: Necrozma|31/100
|move|p1a: Necrozma|Morning Sun|p1a: Necrozma
|-heal|p1a: Necrozma|81/100
|
|upkeep
|turn|40
|
|t:|1659110785
|move|p2a: Kartana|Knock Off|p1a: Necrozma
|-supereffective|p1a: Necrozma
|-damage|p1a: Necrozma|57/100
|move|p1a: Necrozma|Earthquake|p2a: Kartana
|-damage|p2a: Kartana|2/100
|
|upkeep
|turn|41
|j| CCGeek
|
|t:|1659110795
|move|p2a: Kartana|Knock Off|p1a: Necrozma
|-supereffective|p1a: Necrozma
|-damage|p1a: Necrozma|33/100
|move|p1a: Necrozma|Morning Sun|p1a: Necrozma
|-heal|p1a: Necrozma|83/100
|
|upkeep
|turn|42
|
|t:|1659110798
|move|p2a: Kartana|Knock Off|p1a: Necrozma
|-supereffective|p1a: Necrozma
|-damage|p1a: Necrozma|58/100
|move|p1a: Necrozma|Morning Sun|p1a: Necrozma
|-heal|p1a: Necrozma|100/100
|
|upkeep
|turn|43
|
|t:|1659110803
|move|p2a: Kartana|Knock Off|p1a: Necrozma
|-supereffective|p1a: Necrozma
|-damage|p1a: Necrozma|74/100
|move|p1a: Necrozma|Sunsteel Strike|p2a: Kartana
|-resisted|p2a: Kartana
|-damage|p2a: Kartana|0 fnt
|faint|p2a: Kartana
|
|upkeep
|c|☆Thetwinking|well gg
|l| Shhe devil ✴
|c|☆Opnoob 598|Ggs
|-message|Thetwinking forfeited.
|
|win|Opnoob 598
|n|☆Opnoob 598|opnoob598
|n|☆Thetwinking|thetwinking
|n| Agent PG|agentpg
|n| Soupster69|soupster69
|n| Call me pk|callmepk
|n| CCGeek|ccgeek
