|j|☆Goku Uchiha 2001
|j|☆NOAH MK2
|t:|1664951021
|gametype|singles
|player|p1|Goku Uchiha 2001|blue-gen3two|1817
|player|p2|NOAH MK2|170|1856
|teamsize|p1|6
|teamsize|p2|6
|gen|8
|tier|[Gen 8] National Dex AG
|rated|
|rule|HP Percentage Mod: HP is shown in percentages
|rule|Endless Battle Clause: Forcing endless battles is banned
|clearpoke
|poke|p1|Arceus-*|
|poke|p1|Ditto|
|poke|p1|Kyogre|
|poke|p1|Zygarde|
|poke|p1|Salamence, M|
|poke|p1|Groudon|
|poke|p2|Whimsicott, F|
|poke|p2|Groudon|
|poke|p2|Klefki, F|
|poke|p2|Xerneas-*|
|poke|p2|Rayquaza|
|poke|p2|Zygarde|
|teampreview
|inactive|Battle timer is ON: inactive players will automatically lose when time's up. (requested by Goku Uchiha 2001)
|
|t:|1664951044
|start
|switch|p1a: Kyogre|Kyogre|100/100
|switch|p2a: Klefki|Klefki, F|100/100
|detailschange|p1a: Kyogre|Kyogre-Primal
|-primal|p1a: Kyogre
|-weather|PrimordialSea|[from] ability: Primordial Sea|[of] p1a: Kyogre
|turn|1
|
|t:|1664951055
|move|p2a: Klefki|Light Screen|p2a: Klefki
|-sidestart|p2: NOAH MK2|move: Light Screen
|move|p1a: Kyogre|Water Spout|p2a: Klefki
|-crit|p2a: Klefki
|-damage|p2a: Klefki|0 fnt
|faint|p2a: Klefki
|
|-weather|PrimordialSea|[upkeep]
|upkeep
|
|t:|1664951064
|switch|p2a: Rayquaza|Rayquaza|100/100
|-ability|p2a: Rayquaza|Air Lock
|turn|2
|
|t:|1664951076
|-weather|none
|switch|p1a: Zygarde|Zygarde, shiny|100/100
|detailschange|p2a: Rayquaza|Rayquaza-Mega
|-mega|p2a: Rayquaza|Rayquaza|
|-weather|DeltaStream|[from] ability: Delta Stream|[of] p2a: Rayquaza
|move|p2a: Rayquaza|Dragon Dance|p2a: Rayquaza
|-boost|p2a: Rayquaza|atk|1
|-boost|p2a: Rayquaza|spe|1
|
|-weather|DeltaStream|[upkeep]
|upkeep
|turn|3
|
|t:|1664951083
|move|p2a: Rayquaza|Substitute|p2a: Rayquaza
|-start|p2a: Rayquaza|Substitute
|-damage|p2a: Rayquaza|76/100
|move|p1a: Zygarde|Glare||[still]
|-fail|p1a: Zygarde
|
|-weather|DeltaStream|[upkeep]
|upkeep
|turn|4
|
|t:|1664951089
|move|p2a: Rayquaza|Dragon Dance|p2a: Rayquaza
|-boost|p2a: Rayquaza|atk|1
|-boost|p2a: Rayquaza|spe|1
|move|p1a: Zygarde|Thousand Arrows|p2a: Rayquaza
|-end|p2a: Rayquaza|Substitute
|
|-weather|DeltaStream|[upkeep]
|upkeep
|turn|5
|
|t:|1664951097
|move|p2a: Rayquaza|Dragon Ascent|p1a: Zygarde
|-damage|p1a: Zygarde|0 fnt
|-unboost|p2a: Rayquaza|def|1
|-unboost|p2a: Rayquaza|spd|1
|faint|p1a: Zygarde
|-damage|p2a: Rayquaza|66/100|[from] item: Life Orb
|
|-weather|DeltaStream|[upkeep]
|upkeep
|
|t:|1664951100
|switch|p1a: Ditto|Ditto, shiny|100/100
|-transform|p1a: Ditto|p2a: Rayquaza|[from] ability: Imposter
|turn|6
|
|t:|1664951116
|move|p1a: Ditto|Dragon Ascent|p2a: Rayquaza
|-damage|p2a: Rayquaza|0 fnt
|-unboost|p1a: Ditto|def|1
|-unboost|p1a: Ditto|spd|1
|faint|p2a: Rayquaza
|
|-weather|DeltaStream|[upkeep]
|upkeep
|
|t:|1664951124
|switch|p2a: Whimsicott|Whimsicott, F|100/100
|turn|7
|
|t:|1664951127
|move|p2a: Whimsicott|Substitute|p2a: Whimsicott
|-start|p2a: Whimsicott|Substitute
|-damage|p2a: Whimsicott|76/100
|move|p1a: Ditto|Dragon Ascent|p2a: Whimsicott
|-supereffective|p2a: Whimsicott
|-end|p2a: Whimsicott|Substitute
|-unboost|p1a: Ditto|def|1
|-unboost|p1a: Ditto|spd|1
|
|-weather|DeltaStream|[upkeep]
|-heal|p2a: Whimsicott|82/100|[from] item: Leftovers
|upkeep
|turn|8
|
|t:|1664951129
|move|p2a: Whimsicott|Substitute|p2a: Whimsicott
|-start|p2a: Whimsicott|Substitute
|-damage|p2a: Whimsicott|57/100
|move|p1a: Ditto|Dragon Ascent|p2a: Whimsicott
|-supereffective|p2a: Whimsicott
|-end|p2a: Whimsicott|Substitute
|-unboost|p1a: Ditto|def|1
|-unboost|p1a: Ditto|spd|1
|
|-weather|DeltaStream|[upkeep]
|-heal|p2a: Whimsicott|63/100|[from] item: Leftovers
|-sideend|p2: NOAH MK2|move: Light Screen
|upkeep
|turn|9
|
|t:|1664951131
|move|p2a: Whimsicott|Substitute|p2a: Whimsicott
|-start|p2a: Whimsicott|Substitute
|-damage|p2a: Whimsicott|38/100
|move|p1a: Ditto|Dragon Ascent|p2a: Whimsicott
|-supereffective|p2a: Whimsicott
|-end|p2a: Whimsicott|Substitute
|-unboost|p1a: Ditto|def|1
|-unboost|p1a: Ditto|spd|1
|
|-weather|DeltaStream|[upkeep]
|-heal|p2a: Whimsicott|44/100|[from] item: Leftovers
|upkeep
|turn|10
|
|t:|1664951137
|-weather|none
|switch|p1a: Salamence|Salamence, M|100/100
|-ability|p1a: Salamence|Intimidate|boost
|-unboost|p2a: Whimsicott|atk|1
|move|p2a: Whimsicott|Substitute|p2a: Whimsicott
|-start|p2a: Whimsicott|Substitute
|-damage|p2a: Whimsicott|19/100
|
|-heal|p2a: Whimsicott|25/100|[from] item: Leftovers
|upkeep
|turn|11
|
|t:|1664951140
|detailschange|p1a: Salamence|Salamence-Mega, M
|-mega|p1a: Salamence|Salamence|Salamencite
|move|p2a: Whimsicott|Leech Seed|p1a: Salamence
|-start|p1a: Salamence|move: Leech Seed
|move|p1a: Salamence|Frustration|p2a: Whimsicott
|-supereffective|p2a: Whimsicott
|-end|p2a: Whimsicott|Substitute
|
|-heal|p2a: Whimsicott|32/100|[from] item: Leftovers
|-damage|p1a: Salamence|88/100|[from] Leech Seed|[of] p2a: Whimsicott
|-heal|p2a: Whimsicott|47/100|[silent]
|upkeep
|turn|12
|
|t:|1664951152
|move|p2a: Whimsicott|Substitute|p2a: Whimsicott
|-start|p2a: Whimsicott|Substitute
|-damage|p2a: Whimsicott|22/100
|move|p1a: Salamence|Frustration|p2a: Whimsicott
|-supereffective|p2a: Whimsicott
|-end|p2a: Whimsicott|Substitute
|
|-heal|p2a: Whimsicott|28/100|[from] item: Leftovers
|-damage|p1a: Salamence|76/100|[from] Leech Seed|[of] p2a: Whimsicott
|-heal|p2a: Whimsicott|44/100|[silent]
|upkeep
|turn|13
|
|t:|1664951166
|switch|p1a: Arceus|Arceus|100/100
|move|p2a: Whimsicott|Substitute|p2a: Whimsicott
|-start|p2a: Whimsicott|Substitute
|-damage|p2a: Whimsicott|19/100
|
|-heal|p2a: Whimsicott|25/100|[from] item: Leftovers
|upkeep
|turn|14
|
|t:|1664951169
|move|p2a: Whimsicott|Leech Seed|p1a: Arceus
|-start|p1a: Arceus|move: Leech Seed
|move|p1a: Arceus|Shadow Claw|p2a: Whimsicott
|-end|p2a: Whimsicott|Substitute
|
|-heal|p2a: Whimsicott|32/100|[from] item: Leftovers
|-damage|p1a: Arceus|88/100|[from] Leech Seed|[of] p2a: Whimsicott
|-heal|p2a: Whimsicott|53/100|[silent]
|upkeep
|turn|15
|
|t:|1664951180
|switch|p2a: Zygarde|Zygarde|100/100
|move|p1a: Arceus|Extreme Speed|p2a: Zygarde
|-damage|p2a: Zygarde|80/100
|
|-damage|p1a: Arceus|76/100|[from] Leech Seed|[of] p2a: Zygarde
|-heal|p2a: Zygarde|93/100|[silent]
|upkeep
|turn|16
|
|t:|1664951192
|switch|p1a: Kyogre|Kyogre-Primal|100/100
|-weather|PrimordialSea|[from] ability: Primordial Sea|[of] p1a: Kyogre
|move|p2a: Zygarde|Glare|p1a: Kyogre
|-status|p1a: Kyogre|par
|
|-weather|PrimordialSea|[upkeep]
|upkeep
|turn|17
|
|t:|1664951220
|switch|p2a: Groudon|Groudon|100/100
|detailschange|p2a: Groudon|Groudon-Primal
|-primal|p2a: Groudon
|-weather|DesolateLand|[from] ability: Desolate Land|[of] p2a: Groudon
|move|p1a: Kyogre|Ice Beam|p2a: Groudon
|-damage|p2a: Groudon|59/100
|
|-weather|DesolateLand|[upkeep]
|upkeep
|turn|18
|
|t:|1664951227
|switch|p1a: Groudon|Groudon|100/100
|detailschange|p1a: Groudon|Groudon-Primal
|-primal|p1a: Groudon
|move|p2a: Groudon|Precipice Blades|p1a: Groudon|[miss]
|-miss|p2a: Groudon|p1a: Groudon
|
|-weather|DesolateLand|[upkeep]
|upkeep
|turn|19
|
|t:|1664951238
|switch|p2a: Zygarde|Zygarde|93/100
|move|p1a: Groudon|Stealth Rock|p2a: Zygarde
|-sidestart|p2: NOAH MK2|move: Stealth Rock
|
|-weather|DesolateLand|[upkeep]
|upkeep
|turn|20
|
|t:|1664951246
|move|p2a: Zygarde|Substitute|p2a: Zygarde
|-start|p2a: Zygarde|Substitute
|-damage|p2a: Zygarde|68/100
|move|p1a: Groudon|Dragon Tail|p2a: Zygarde|[miss]
|-miss|p1a: Groudon|p2a: Zygarde
|
|-weather|DesolateLand|[upkeep]
|upkeep
|turn|21
|
|t:|1664951251
|-weather|none
|switch|p1a: Kyogre|Kyogre-Primal|100/100 par
|-weather|PrimordialSea|[from] ability: Primordial Sea|[of] p1a: Kyogre
|move|p2a: Zygarde|Glare|p1a: Kyogre
|-fail|p1a: Kyogre|par
|
|-weather|PrimordialSea|[upkeep]
|upkeep
|turn|22
|
|t:|1664951258
|move|p2a: Zygarde|Coil|p2a: Zygarde
|-boost|p2a: Zygarde|atk|1
|-boost|p2a: Zygarde|def|1
|-boost|p2a: Zygarde|accuracy|1
|move|p1a: Kyogre|Ice Beam|p2a: Zygarde
|-supereffective|p2a: Zygarde
|-end|p2a: Zygarde|Substitute
|
|-weather|PrimordialSea|[upkeep]
|upkeep
|turn|23
|
|t:|1664951265
|move|p2a: Zygarde|Substitute|p2a: Zygarde
|-start|p2a: Zygarde|Substitute
|-damage|p2a: Zygarde|43/100
|move|p1a: Kyogre|Ice Beam|p2a: Zygarde
|-supereffective|p2a: Zygarde
|-end|p2a: Zygarde|Substitute
|
|-weather|PrimordialSea|[upkeep]
|-activate|p2a: Zygarde|ability: Power Construct
|detailschange|p2a: Zygarde|Zygarde-Complete
|-heal|p2a: Zygarde|63/100|[silent]
|upkeep
|turn|24
|
|t:|1664951270
|move|p2a: Zygarde|Substitute|p2a: Zygarde
|-start|p2a: Zygarde|Substitute
|-damage|p2a: Zygarde|38/100
|move|p1a: Kyogre|Ice Beam|p2a: Zygarde
|-supereffective|p2a: Zygarde
|-end|p2a: Zygarde|Substitute
|
|-weather|PrimordialSea|[upkeep]
|upkeep
|turn|25
|
|t:|1664951275
|move|p2a: Zygarde|Substitute|p2a: Zygarde
|-start|p2a: Zygarde|Substitute
|-damage|p2a: Zygarde|13/100
|-enditem|p2a: Zygarde|Aguav Berry|[eat]
|-heal|p2a: Zygarde|46/100|[from] item: Aguav Berry
|move|p1a: Kyogre|Ice Beam|p2a: Zygarde
|-supereffective|p2a: Zygarde
|-end|p2a: Zygarde|Substitute
|
|-weather|PrimordialSea|[upkeep]
|upkeep
|turn|26
|
|t:|1664951281
|move|p2a: Zygarde|Substitute|p2a: Zygarde
|-start|p2a: Zygarde|Substitute
|-damage|p2a: Zygarde|21/100
|move|p1a: Kyogre|Ice Beam|p2a: Zygarde
|-supereffective|p2a: Zygarde
|-end|p2a: Zygarde|Substitute
|
|-weather|PrimordialSea|[upkeep]
|upkeep
|turn|27
|
|t:|1664951299
|move|p2a: Zygarde|Thousand Arrows|p1a: Kyogre
|-damage|p1a: Kyogre|47/100 par
|move|p1a: Kyogre|Ice Beam|p2a: Zygarde
|-supereffective|p2a: Zygarde
|-damage|p2a: Zygarde|0 fnt
|faint|p2a: Zygarde
|
|-weather|PrimordialSea|[upkeep]
|upkeep
|
|t:|1664951304
|switch|p2a: Xerneas|Xerneas|100/100
|-damage|p2a: Xerneas|88/100|[from] Stealth Rock
|-ability|p2a: Xerneas|Fairy Aura
|turn|28
|
|t:|1664951313
|move|p2a: Xerneas|Moonblast|p1a: Kyogre
|-crit|p1a: Kyogre
|-damage|p1a: Kyogre|0 fnt
|faint|p1a: Kyogre
|-weather|none
|
|upkeep
|
|t:|1664951321
|switch|p1a: Groudon|Groudon-Primal|100/100
|-weather|DesolateLand|[from] ability: Desolate Land|[of] p1a: Groudon
|turn|29
|
|t:|1664951326
|-start|p2a: Xerneas|Dynamax|
|-heal|p2a: Xerneas|88/100|[silent]
|move|p2a: Xerneas|Max Quake|p1a: Groudon
|-supereffective|p1a: Groudon
|-damage|p1a: Groudon|29/100
|-boost|p2a: Xerneas|spd|1
|move|p1a: Groudon|Fire Punch|p2a: Xerneas
|-damage|p2a: Xerneas|57/100
|
|-weather|DesolateLand|[upkeep]
|upkeep
|turn|30
|
|t:|1664951331
|move|p2a: Xerneas|Max Starfall|p1a: Groudon
|-resisted|p1a: Groudon
|-damage|p1a: Groudon|0 fnt
|-fieldstart|move: Misty Terrain
|faint|p1a: Groudon
|-weather|none
|
|upkeep
|
|t:|1664951343
|switch|p1a: Salamence|Salamence-Mega, M|76/100
|turn|31
|
|t:|1664951346
|move|p1a: Salamence|Frustration|p2a: Xerneas
|-damage|p2a: Xerneas|28/100
|move|p2a: Xerneas|Max Starfall|p1a: Salamence
|-supereffective|p1a: Salamence
|-damage|p1a: Salamence|0 fnt
|faint|p1a: Salamence
|
|upkeep
|
|t:|1664951350
|switch|p1a: Arceus|Arceus|76/100
|-end|p2a: Xerneas|Dynamax
|-heal|p2a: Xerneas|28/100|[silent]
|turn|32
|
|t:|1664951360
|move|p2a: Xerneas|Moonblast|p1a: Arceus
|-damage|p1a: Arceus|30/100
|-unboost|p1a: Arceus|spa|1
|move|p1a: Arceus|Swords Dance|p1a: Arceus
|-boost|p1a: Arceus|atk|2
|
|upkeep
|turn|33
|
|t:|1664951365
|move|p1a: Arceus|Extreme Speed|p2a: Xerneas
|-damage|p2a: Xerneas|0 fnt
|faint|p2a: Xerneas
|
|upkeep
|
|t:|1664951367
|switch|p2a: Groudon|Groudon-Primal|59/100
|-damage|p2a: Groudon|47/100|[from] Stealth Rock
|-weather|DesolateLand|[from] ability: Desolate Land|[of] p2a: Groudon
|turn|34
|
|t:|1664951371
|-start|p1a: Arceus|Dynamax|
|-heal|p1a: Arceus|30/100|[silent]
|move|p2a: Groudon|Precipice Blades|p1a: Arceus
|-damage|p1a: Arceus|2/100
|move|p1a: Arceus|Max Strike|p2a: Groudon
|-damage|p2a: Groudon|0 fnt
|faint|p2a: Groudon
|-weather|none
|
|-fieldend|Misty Terrain
|upkeep
|
|t:|1664951373
|switch|p2a: Whimsicott|Whimsicott, F|53/100
|-damage|p2a: Whimsicott|40/100|[from] Stealth Rock
|turn|35
|
|t:|1664951382
|move|p2a: Whimsicott|Moonblast|p1a: Arceus
|-damage|p1a: Arceus|0 fnt
|faint|p1a: Arceus
|
|-heal|p2a: Whimsicott|46/100|[from] item: Leftovers
|upkeep
|
|t:|1664951385
|switch|p1a: Ditto|Ditto, shiny|100/100
|-transform|p1a: Ditto|p2a: Whimsicott|[from] ability: Imposter
|turn|36
|
|t:|1664951390
|move|p1a: Ditto|Moonblast|p2a: Whimsicott
|-damage|p2a: Whimsicott|0 fnt
|faint|p2a: Whimsicott
|
|win|Goku Uchiha 2001
|raw|Goku Uchiha 2001's rating: 1817 &rarr; <strong>1839</strong><br />(+22 for winning)
|raw|NOAH MK2's rating: 1856 &rarr; <strong>1834</strong><br />(-22 for losing)
|l|☆NOAH MK2
