|j|‽DarkboiJ
|j|☆iHaveAsthma
|t:|1665860877
|gametype|singles
|player|p1|DarkboiJ|blue-gen3two|1903
|player|p2|iHaveAsthma|doctor|1850
|teamsize|p1|6
|teamsize|p2|6
|gen|8
|tier|[Gen 8] National Dex AG
|rated|
|rule|HP Percentage Mod: HP is shown in percentages
|rule|Endless Battle Clause: Forcing endless battles is banned
|clearpoke
|poke|p1|Necrozma-Dusk-Mane|
|poke|p1|Arceus-*|
|poke|p1|Ditto|
|poke|p1|Arceus-*|
|poke|p1|Arceus-*|
|poke|p1|Arceus-*|
|poke|p2|Rayquaza|
|poke|p2|Groudon|
|poke|p2|Arceus-*|
|poke|p2|Arceus-*|
|poke|p2|Tyranitar, F|
|poke|p2|Lugia|
|teampreview
|inactive|Battle timer is ON: inactive players will automatically lose when time's up. (requested by DarkboiJ)
|
|t:|1665860907
|start
|switch|p1a: Arceus|Arceus|100/100
|switch|p2a: Arceus|Arceus-Ground|100/100
|turn|1
|
|t:|1665860932
|move|p1a: Arceus|Toxic|p2a: Arceus
|-status|p2a: Arceus|tox
|move|p2a: Arceus|Calm Mind|p2a: Arceus
|-boost|p2a: Arceus|spa|1
|-boost|p2a: Arceus|spd|1
|
|-damage|p2a: Arceus|94/100 tox|[from] psn
|upkeep
|turn|2
|
|t:|1665860938
|move|p1a: Arceus|Whirlpool|p2a: Arceus|[miss]
|-miss|p1a: Arceus|p2a: Arceus
|move|p2a: Arceus|Judgment|p1a: Arceus
|-crit|p1a: Arceus
|-damage|p1a: Arceus|27/100
|
|-heal|p1a: Arceus|33/100|[from] item: Leftovers
|-damage|p2a: Arceus|82/100 tox|[from] psn
|upkeep
|turn|3
|
|t:|1665860946
|move|p1a: Arceus|Recover|p1a: Arceus
|-heal|p1a: Arceus|83/100
|move|p2a: Arceus|Judgment|p1a: Arceus
|-crit|p1a: Arceus
|-damage|p1a: Arceus|16/100
|
|-heal|p1a: Arceus|22/100|[from] item: Leftovers
|-damage|p2a: Arceus|64/100 tox|[from] psn
|upkeep
|turn|4
|
|t:|1665860953
|move|p1a: Arceus|Recover|p1a: Arceus
|-heal|p1a: Arceus|72/100
|move|p2a: Arceus|Calm Mind|p2a: Arceus
|-boost|p2a: Arceus|spa|1
|-boost|p2a: Arceus|spd|1
|
|-heal|p1a: Arceus|78/100|[from] item: Leftovers
|-damage|p2a: Arceus|40/100 tox|[from] psn
|upkeep
|turn|5
|
|t:|1665860959
|move|p1a: Arceus|Whirlpool|p2a: Arceus|[miss]
|-miss|p1a: Arceus|p2a: Arceus
|move|p2a: Arceus|Judgment|p1a: Arceus
|-damage|p1a: Arceus|15/100
|
|-heal|p1a: Arceus|21/100|[from] item: Leftovers
|-damage|p2a: Arceus|9/100 tox|[from] psn
|upkeep
|turn|6
|
|t:|1665860964
|move|p1a: Arceus|Whirlpool|p2a: Arceus
|-supereffective|p2a: Arceus
|-damage|p2a: Arceus|3/100 tox
|-activate|p2a: Arceus|move: Whirlpool|[of] p1a: Arceus
|move|p2a: Arceus|Judgment|p1a: Arceus
|-damage|p1a: Arceus|0 fnt
|faint|p1a: Arceus
|
|-damage|p2a: Arceus|0 fnt|[from] psn
|faint|p2a: Arceus
|upkeep
|
|t:|1665860975
|switch|p1a: Arceus|Arceus-Ground|100/100
|switch|p2a: Groudon|Groudon|100/100
|detailschange|p2a: Groudon|Groudon-Primal
|-primal|p2a: Groudon
|-weather|DesolateLand|[from] ability: Desolate Land|[of] p2a: Groudon
|turn|7
|
|t:|1665860997
|move|p1a: Arceus|Ice Beam|p2a: Groudon
|-damage|p2a: Groudon|71/100
|move|p2a: Groudon|Toxic|p1a: Arceus
|-status|p1a: Arceus|tox
|
|-weather|DesolateLand|[upkeep]
|-damage|p1a: Arceus|94/100 tox|[from] psn
|upkeep
|turn|8
|
|t:|1665861003
|-weather|none
|switch|p2a: Lugia|Lugia|100/100
|move|p1a: Arceus|Judgment|p2a: Lugia
|-immune|p2a: Lugia
|
|-damage|p1a: Arceus|82/100 tox|[from] psn
|upkeep
|turn|9
|
|t:|1665861013
|switch|p1a: Arceus|Arceus-Fairy|100/100
|move|p2a: Lugia|Thunder Wave|p1a: Arceus
|-status|p1a: Arceus|par
|
|upkeep
|turn|10
|
|t:|1665861016
|switch|p2a: Groudon|Groudon-Primal|71/100
|-weather|DesolateLand|[from] ability: Desolate Land|[of] p2a: Groudon
|cant|p1a: Arceus|par
|
|-weather|DesolateLand|[upkeep]
|upkeep
|turn|11
|j| DECLANO196
|
|t:|1665861026
|move|p2a: Groudon|Eruption|p1a: Arceus
|-damage|p1a: Arceus|56/100 par
|move|p1a: Arceus|Stealth Rock|p2a: Groudon
|-sidestart|p2: iHaveAsthma|move: Stealth Rock
|
|-weather|DesolateLand|[upkeep]
|upkeep
|turn|12
|l| DECLANO196
|
|t:|1665861032
|move|p2a: Groudon|Eruption|p1a: Arceus
|-damage|p1a: Arceus|11/100 par
|move|p1a: Arceus|Toxic|p2a: Groudon
|-status|p2a: Groudon|tox
|
|-weather|DesolateLand|[upkeep]
|-damage|p2a: Groudon|65/100 tox|[from] psn
|upkeep
|turn|13
|
|t:|1665861036
|move|p2a: Groudon|Earth Power|p1a: Arceus
|-damage|p1a: Arceus|0 fnt
|faint|p1a: Arceus
|
|-weather|DesolateLand|[upkeep]
|-damage|p2a: Groudon|52/100 tox|[from] psn
|upkeep
|
|t:|1665861043
|switch|p1a: Ditto|Ditto, shiny|100/100
|-transform|p1a: Ditto|p2a: Groudon|[from] ability: Imposter
|turn|14
|
|t:|1665861046
|move|p1a: Ditto|Eruption|p2a: Groudon
|-resisted|p2a: Groudon
|-damage|p2a: Groudon|0 fnt
|faint|p2a: Groudon
|
|-weather|DesolateLand|[upkeep]
|upkeep
|
|t:|1665861050
|switch|p2a: Lugia|Lugia|100/100
|turn|15
|
|t:|1665861053
|move|p1a: Ditto|Eruption|p2a: Lugia
|-damage|p2a: Lugia|64/100
|move|p2a: Lugia|Recover|p2a: Lugia
|-heal|p2a: Lugia|100/100
|
|-weather|DesolateLand|[upkeep]
|upkeep
|turn|16
|
|t:|1665861060
|move|p1a: Ditto|Eruption|p2a: Lugia
|-damage|p2a: Lugia|66/100
|move|p2a: Lugia|Defog|p1a: Ditto
|-unboost|p1a: Ditto|evasion|1
|-sideend|p2: iHaveAsthma|Stealth Rock|[from] move: Defog|[of] p2a: Lugia
|
|-weather|DesolateLand|[upkeep]
|upkeep
|turn|17
|
|t:|1665861063
|move|p1a: Ditto|Eruption|p2a: Lugia
|-damage|p2a: Lugia|0 fnt
|faint|p2a: Lugia
|
|-weather|DesolateLand|[upkeep]
|upkeep
|
|t:|1665861068
|switch|p2a: Tyranitar|Tyranitar, F|100/100
|-ability|p2a: Tyranitar|Sand Stream|[from] desolateland|[fail]
|turn|18
|
|t:|1665861072
|-weather|none
|switch|p1a: Arceus|Arceus-Ground|82/100 tox
|move|p2a: Tyranitar|Earthquake|p1a: Arceus
|-damage|p1a: Arceus|57/100 tox
|
|-damage|p1a: Arceus|50/100 tox|[from] psn
|upkeep
|turn|19
|
|t:|1665861079
|move|p1a: Arceus|Will-O-Wisp|p2a: Tyranitar
|-status|p2a: Tyranitar|brn
|move|p2a: Tyranitar|Rock Tomb|p1a: Arceus
|-resisted|p1a: Arceus
|-damage|p1a: Arceus|45/100 tox
|-unboost|p1a: Arceus|spe|1
|
|-damage|p1a: Arceus|33/100 tox|[from] psn
|-damage|p2a: Tyranitar|94/100 brn|[from] brn
|upkeep
|turn|20
|
|t:|1665861083
|switch|p2a: Rayquaza|Rayquaza|100/100
|-ability|p2a: Rayquaza|Air Lock
|move|p1a: Arceus|Recover|p1a: Arceus
|-heal|p1a: Arceus|83/100 tox
|
|-damage|p1a: Arceus|65/100 tox|[from] psn
|upkeep
|turn|21
|
|t:|1665861086
|switch|p2a: Tyranitar|Tyranitar, F|94/100 brn
|-weather|Sandstorm|[from] ability: Sand Stream|[of] p2a: Tyranitar
|move|p1a: Arceus|Will-O-Wisp|p2a: Tyranitar
|-fail|p2a: Tyranitar|brn
|
|-weather|Sandstorm|[upkeep]
|-heal|p2a: Tyranitar|100/100 brn|[from] item: Leftovers
|-damage|p1a: Arceus|41/100 tox|[from] psn
|-damage|p2a: Tyranitar|94/100 brn|[from] brn
|upkeep
|turn|22
|
|t:|1665861092
|move|p1a: Arceus|Recover|p1a: Arceus
|-heal|p1a: Arceus|91/100 tox
|move|p2a: Tyranitar|Rock Tomb|p1a: Arceus
|-resisted|p1a: Arceus
|-damage|p1a: Arceus|86/100 tox
|-unboost|p1a: Arceus|spe|1
|
|-weather|Sandstorm|[upkeep]
|-heal|p2a: Tyranitar|100/100 brn|[from] item: Leftovers
|-damage|p1a: Arceus|55/100 tox|[from] psn
|-damage|p2a: Tyranitar|94/100 brn|[from] brn
|upkeep
|turn|23
|
|t:|1665861101
|switch|p1a: Necrozma|Necrozma-Dusk-Mane|100/100
|move|p2a: Tyranitar|Earthquake|p1a: Necrozma
|-supereffective|p1a: Necrozma
|-damage|p1a: Necrozma|88/100
|-enditem|p1a: Necrozma|Weakness Policy
|-boost|p1a: Necrozma|atk|2|[from] item: Weakness Policy
|-boost|p1a: Necrozma|spa|2|[from] item: Weakness Policy
|
|-weather|Sandstorm|[upkeep]
|-heal|p2a: Tyranitar|100/100 brn|[from] item: Leftovers
|-damage|p2a: Tyranitar|94/100 brn|[from] brn
|upkeep
|turn|24
|
|t:|1665861113
|move|p1a: Necrozma|Sunsteel Strike|p2a: Tyranitar
|-supereffective|p2a: Tyranitar
|-damage|p2a: Tyranitar|0 fnt
|faint|p2a: Tyranitar
|
|-weather|Sandstorm|[upkeep]
|upkeep
|
|t:|1665861116
|switch|p2a: Rayquaza|Rayquaza|100/100
|-ability|p2a: Rayquaza|Air Lock
|turn|25
|
|t:|1665861119
|detailschange|p2a: Rayquaza|Rayquaza-Mega
|-mega|p2a: Rayquaza|Rayquaza|
|-weather|DeltaStream|[from] ability: Delta Stream|[of] p2a: Rayquaza
|-start|p1a: Necrozma|Dynamax|
|-heal|p1a: Necrozma|88/100|[silent]
|move|p2a: Rayquaza|Earthquake|p1a: Necrozma
|-supereffective|p1a: Necrozma
|-damage|p1a: Necrozma|70/100
|move|p1a: Necrozma|Max Steelspike|p2a: Rayquaza
|-enditem|p2a: Rayquaza|Focus Sash
|-damage|p2a: Rayquaza|1/100
|-boost|p1a: Necrozma|def|1
|
|-weather|DeltaStream|[upkeep]
|upkeep
|turn|26
|
|t:|1665861126
|move|p2a: Rayquaza|Earthquake|p1a: Necrozma
|-supereffective|p1a: Necrozma
|-damage|p1a: Necrozma|57/100
|move|p1a: Necrozma|Max Steelspike|p2a: Rayquaza
|-damage|p2a: Rayquaza|0 fnt
|-boost|p1a: Necrozma|def|1
|faint|p2a: Rayquaza
|-weather|none
|
|upkeep
|
|t:|1665861128
|switch|p2a: Arceus|Arceus-Flying|100/100
|turn|27
|
|t:|1665861135
|-start|p2a: Arceus|Dynamax|
|-heal|p2a: Arceus|100/100|[silent]
|move|p2a: Arceus|Max Guard|p2a: Arceus
|-singleturn|p2a: Arceus|Max Guard
|move|p1a: Necrozma|Max Steelspike|p2a: Arceus
|-activate|p2a: Arceus|move: Max Guard
|
|upkeep
|-end|p1a: Necrozma|Dynamax
|-heal|p1a: Necrozma|57/100|[silent]
|turn|28
|
|t:|1665861141
|move|p2a: Arceus|Max Airstream|p1a: Necrozma
|-resisted|p1a: Necrozma
|-damage|p1a: Necrozma|45/100
|-boost|p2a: Arceus|spe|1
|move|p1a: Necrozma|Morning Sun|p1a: Necrozma
|-heal|p1a: Necrozma|95/100
|
|upkeep
|turn|29
|
|t:|1665861149
|move|p2a: Arceus|Max Quake|p1a: Necrozma
|-supereffective|p1a: Necrozma
|-damage|p1a: Necrozma|77/100
|-boost|p2a: Arceus|spd|1
|move|p1a: Necrozma|Morning Sun|p1a: Necrozma
|-heal|p1a: Necrozma|100/100
|
|upkeep
|-end|p2a: Arceus|Dynamax
|-heal|p2a: Arceus|100/100|[silent]
|turn|30
|
|t:|1665861154
|move|p2a: Arceus|Swords Dance|p2a: Arceus
|-boost|p2a: Arceus|atk|2
|move|p1a: Necrozma|Sunsteel Strike|p2a: Arceus
|-damage|p2a: Arceus|22/100
|
|upkeep
|turn|31
|
|t:|1665861158
|move|p2a: Arceus|Recover|p2a: Arceus
|-heal|p2a: Arceus|72/100
|move|p1a: Necrozma|Sunsteel Strike|p2a: Arceus
|-damage|p2a: Arceus|0 fnt
|faint|p2a: Arceus
|
|win|DarkboiJ
|raw|DarkboiJ's rating: 1903 &rarr; <strong>1920</strong><br />(+17 for winning)
|raw|iHaveAsthma's rating: 1850 &rarr; <strong>1833</strong><br />(-17 for losing)
|l|☆iHaveAsthma
