|j|☆IamHrrimann
|j|☆Arundrago
|t:|1631379036
|gametype|singles
|player|p1|IamHrrimann|102|
|player|p2|Arundrago|1|
|teamsize|p1|6
|teamsize|p2|6
|gen|8
|tier|[Gen 8] National Dex AG
|rule|HP Percentage Mod: HP is shown in percentages
|rule|Endless Battle Clause: Forcing endless battles is banned
|clearpoke
|poke|p1|Hippowdon, F|
|poke|p1|Salamence, M|
|poke|p1|Grimmsnarl, M|
|poke|p1|Toxapex, M|
|poke|p1|Mandibuzz, F|
|poke|p1|Lycanroc, M|
|poke|p2|Calyrex-Shadow|
|poke|p2|Ho-Oh|
|poke|p2|Smeargle, M|
|poke|p2|Hoopa-Unbound|
|poke|p2|Medicham, M|
|poke|p2|Tapu Koko|
|teampreview
|inactive|Battle timer is ON: inactive players will automatically lose when time's up. (requested by IamHrrimann)
|
|t:|1631379049
|start
|switch|p1a: Grimmsnarl|Grimmsnarl, M|100/100
|switch|p2a: Smeargle|Smeargle, M|100/100
|turn|1
|inactive|Arundrago has 270 seconds left.
|
|t:|1631379079
|move|p1a: Grimmsnarl|Taunt|p2a: Smeargle
|-start|p2a: Smeargle|move: Taunt
|-enditem|p2a: Smeargle|Mental Herb
|-end|p2a: Smeargle|move: Taunt
|move|p2a: Smeargle|Spore|p1a: Grimmsnarl
|-status|p1a: Grimmsnarl|slp|[from] move: Spore
|
|-ability|p2a: Smeargle|Moody|boost
|-boost|p2a: Smeargle|atk|2
|-unboost|p2a: Smeargle|def|1
|upkeep
|turn|2
|
|t:|1631379092
|switch|p1a: Mandibuzz|Mandibuzz, F|100/100
|move|p2a: Smeargle|Sticky Web|p1a: Mandibuzz
|-sidestart|p1: IamHrrimann|move: Sticky Web
|
|-ability|p2a: Smeargle|Moody|boost
|-boost|p2a: Smeargle|spd|2
|-unboost|p2a: Smeargle|def|1
|upkeep
|turn|3
|
|t:|1631379104
|move|p2a: Smeargle|Baton Pass|p2a: Smeargle
|
|t:|1631379110
|switch|p2a: Tapu Koko|Tapu Koko|100/100|[from]move: Baton Pass
|-fieldstart|move: Electric Terrain|[from] ability: Electric Surge|[of] p2a: Tapu Koko
|move|p1a: Mandibuzz|Foul Play|p2a: Tapu Koko
|-resisted|p2a: Tapu Koko
|-damage|p2a: Tapu Koko|0 fnt
|faint|p2a: Tapu Koko
|
|upkeep
|inactive|Arundrago has 270 seconds left.
|
|t:|1631379130
|switch|p2a: Smeargle|Smeargle, M|100/100
|turn|4
|
|t:|1631379138
|move|p2a: Smeargle|Spore|p1a: Mandibuzz
|-immune|p1a: Mandibuzz|[from] ability: Overcoat
|move|p1a: Mandibuzz|Toxic|p2a: Smeargle
|-status|p2a: Smeargle|tox
|
|-damage|p2a: Smeargle|94/100 tox|[from] psn
|-ability|p2a: Smeargle|Moody|boost
|-boost|p2a: Smeargle|spd|2
|-unboost|p2a: Smeargle|atk|1
|upkeep
|turn|5
|
|t:|1631379157
|move|p2a: Smeargle|Protect|p2a: Smeargle
|-singleturn|p2a: Smeargle|Protect
|move|p1a: Mandibuzz|Foul Play|p2a: Smeargle
|-activate|p2a: Smeargle|move: Protect
|
|-damage|p2a: Smeargle|82/100 tox|[from] psn
|-ability|p2a: Smeargle|Moody|boost
|-boost|p2a: Smeargle|spd|2
|-unboost|p2a: Smeargle|spa|1
|upkeep
|turn|6
|inactive|Arundrago has 270 seconds left.
|
|t:|1631379184
|switch|p2a: Ho-Oh|Ho-Oh|100/100
|move|p1a: Mandibuzz|Foul Play|p2a: Ho-Oh
|-damage|p2a: Ho-Oh|73/100
|
|upkeep
|turn|7
|
|t:|1631379193
|switch|p1a: Toxapex|Toxapex, M|100/100
|-activate|p1a: Toxapex|move: Sticky Web
|-unboost|p1a: Toxapex|spe|1
|move|p2a: Ho-Oh|Toxic|p1a: Toxapex
|-immune|p1a: Toxapex
|
|-fieldend|move: Electric Terrain
|upkeep
|turn|8
|inactive|Arundrago has 270 seconds left.
|
|t:|1631379207
|switch|p2a: Smeargle|Smeargle, M|82/100 tox
|move|p1a: Toxapex|Scald|p2a: Smeargle
|-damage|p2a: Smeargle|49/100 tox
|
|-damage|p2a: Smeargle|43/100 tox|[from] psn
|-ability|p2a: Smeargle|Moody|boost
|-boost|p2a: Smeargle|spa|2
|-unboost|p2a: Smeargle|def|1
|upkeep
|turn|9
|inactive|IamHrrimann has 270 seconds left.
|
|t:|1631379232
|move|p2a: Smeargle|Spore|p1a: Toxapex
|-status|p1a: Toxapex|slp|[from] move: Spore
|cant|p1a: Toxapex|slp
|
|-damage|p2a: Smeargle|31/100 tox|[from] psn
|-ability|p2a: Smeargle|Moody|boost
|-boost|p2a: Smeargle|def|2
|-unboost|p2a: Smeargle|spa|1
|upkeep
|turn|10
|inactive|IamHrrimann has 270 seconds left.
|inactive|Arundrago has 270 seconds left.
|
|t:|1631379272
|move|p2a: Smeargle|Baton Pass|p2a: Smeargle
|
|t:|1631379277
|switch|p2a: Calyrex|Calyrex-Shadow|100/100|[from]move: Baton Pass
|-ability|p2a: Calyrex|As One
|-ability|p2a: Calyrex|Unnerve
|cant|p1a: Toxapex|slp
|
|upkeep
|turn|11
|
|t:|1631379294
|move|p2a: Calyrex|Nasty Plot|p2a: Calyrex
|-boost|p2a: Calyrex|spa|2
|cant|p1a: Toxapex|slp
|
|upkeep
|turn|12
|
|t:|1631379313
|-start|p2a: Calyrex|Dynamax
|-heal|p2a: Calyrex|100/100|[silent]
|move|p2a: Calyrex|Max Phantasm|p1a: Toxapex
|-damage|p1a: Toxapex|0 fnt
|faint|p1a: Toxapex
|-ability|p2a: Calyrex|Grim Neigh|boost
|-boost|p2a: Calyrex|spa|1
|
|upkeep
|
|t:|1631379333
|switch|p1a: Grimmsnarl|Grimmsnarl, M|100/100 slp
|-activate|p1a: Grimmsnarl|move: Sticky Web
|-unboost|p1a: Grimmsnarl|spe|1
|turn|13
|
|t:|1631379341
|-start|p1a: Grimmsnarl|Dynamax
|-heal|p1a: Grimmsnarl|100/100 slp|[silent]
|cant|p1a: Grimmsnarl|slp
|move|p2a: Calyrex|Max Starfall|p1a: Grimmsnarl
|-supereffective|p1a: Grimmsnarl
|-damage|p1a: Grimmsnarl|2/100 slp
|-fieldstart|move: Misty Terrain
|
|upkeep
|turn|14
|
|t:|1631379359
|-curestatus|p1a: Grimmsnarl|slp|[msg]
|move|p1a: Grimmsnarl|Max Guard|p1a: Grimmsnarl
|-singleturn|p1a: Grimmsnarl|Max Guard
|move|p2a: Calyrex|Max Phantasm|p1a: Grimmsnarl
|-activate|p1a: Grimmsnarl|move: Max Guard
|
|-end|p2a: Calyrex|Dynamax
|-heal|p2a: Calyrex|100/100|[silent]
|upkeep
|turn|15
|
|t:|1631379371
|move|p2a: Calyrex|Draining Kiss|p1a: Grimmsnarl
|-supereffective|p1a: Grimmsnarl
|-damage|p1a: Grimmsnarl|0 fnt
|faint|p1a: Grimmsnarl
|-ability|p2a: Calyrex|Grim Neigh|boost
|-boost|p2a: Calyrex|spa|1
|
|upkeep
|
|t:|1631379380
|switch|p1a: Hippowdon|Hippowdon, F|100/100
|-activate|p1a: Hippowdon|move: Sticky Web
|-unboost|p1a: Hippowdon|spe|1
|-weather|Sandstorm|[from] ability: Sand Stream|[of] p1a: Hippowdon
|turn|16
|inactive|Arundrago has 270 seconds left.
|
|t:|1631379395
|move|p2a: Calyrex|Astral Barrage|p1a: Hippowdon
|-damage|p1a: Hippowdon|0 fnt
|faint|p1a: Hippowdon
|-ability|p2a: Calyrex|Grim Neigh|boost
|-boost|p2a: Calyrex|spa|1
|
|-weather|Sandstorm|[upkeep]
|-damage|p2a: Calyrex|94/100|[from] Sandstorm
|upkeep
|inactive|IamHrrimann has 240 seconds left.
|
|t:|1631379406
|switch|p1a: Lycanroc|Lycanroc, M|100/100
|-activate|p1a: Lycanroc|move: Sticky Web
|-unboost|p1a: Lycanroc|spe|1
|turn|17
|inactive|IamHrrimann has 240 seconds left.
|inactive|Arundrago has 270 seconds left.
|
|t:|1631379421
|move|p1a: Lycanroc|Sucker Punch|p2a: Calyrex
|-supereffective|p2a: Calyrex
|-damage|p2a: Calyrex|20/100
|move|p2a: Calyrex|Astral Barrage|p1a: Lycanroc
|-damage|p1a: Lycanroc|0 fnt
|faint|p1a: Lycanroc
|
|-weather|Sandstorm|[upkeep]
|-damage|p2a: Calyrex|14/100|[from] Sandstorm
|-fieldend|Misty Terrain
|upkeep
|inactive|IamHrrimann has 240 seconds left.
|
|t:|1631379435
|switch|p1a: Mandibuzz|Mandibuzz, F|100/100
|turn|18
|inactive|IamHrrimann has 240 seconds left.
|inactive|Arundrago has 270 seconds left.
|
|t:|1631379470
|move|p2a: Calyrex|Draining Kiss|p1a: Mandibuzz
|-supereffective|p1a: Mandibuzz
|-damage|p1a: Mandibuzz|0 fnt
|-heal|p2a: Calyrex|100/100|[from] drain|[of] p1a: Mandibuzz
|faint|p1a: Mandibuzz
|
|-weather|Sandstorm|[upkeep]
|-damage|p2a: Calyrex|94/100|[from] Sandstorm
|upkeep
|c|☆Arundrago|gg
|
|t:|1631379479
|switch|p1a: Salamence|Salamence, M|100/100
|turn|19
|
|t:|1631379483
|move|p2a: Calyrex|Draining Kiss|p1a: Salamence
|-supereffective|p1a: Salamence
|-damage|p1a: Salamence|0 fnt
|-heal|p2a: Calyrex|100/100|[from] drain|[of] p1a: Salamence
|faint|p1a: Salamence
|
|win|Arundrago
|c|☆IamHrrimann|Gg
|c|☆Arundrago|replay ta diye de
|c|☆Arundrago|swagata ke
|c|☆IamHrrimann|Omk
|l|☆IamHrrimann
