|j|☆aseeasase
|j|☆jlsdfhpjksdhfni
|t:|1658589817
|gametype|singles
|player|p1|aseeasase|2|1701
|player|p2|jlsdfhpjksdhfni|169|1776
|teamsize|p1|6
|teamsize|p2|6
|gen|8
|tier|[Gen 8] National Dex AG
|rated|
|rule|HP Percentage Mod: HP is shown in percentages
|rule|Endless Battle Clause: Forcing endless battles is banned
|clearpoke
|poke|p1|Arceus-*|
|poke|p1|Tyranitar, F|
|poke|p1|Calyrex-Shadow|
|poke|p1|Ditto|
|poke|p1|Reshiram|
|poke|p1|Giratina-Origin|
|poke|p2|Eternatus|
|poke|p2|Necrozma-Dusk-Mane|
|poke|p2|Ho-Oh|
|poke|p2|Arceus-*|
|poke|p2|Gengar, M|
|poke|p2|Calyrex-Shadow|
|teampreview
|c|☆jlsdfhpjksdhfni|lets see what happens the other 87.5% of the time
|
|t:|1658589856
|start
|switch|p1a: Giratina|Giratina-Origin|100/100
|switch|p2a: Ho-Oh|Ho-Oh|100/100
|turn|1
|
|t:|1658589861
|move|p2a: Ho-Oh|Toxic|p1a: Giratina
|-status|p1a: Giratina|tox
|move|p1a: Giratina|Thunder Wave|p2a: Ho-Oh
|-status|p2a: Ho-Oh|par
|
|-damage|p1a: Giratina|94/100 tox|[from] psn
|upkeep
|turn|2
|
|t:|1658589869
|switch|p2a: Necrozma|Necrozma-Dusk-Mane|100/100
|move|p1a: Giratina|Hex|p2a: Necrozma
|-supereffective|p2a: Necrozma
|-damage|p2a: Necrozma|48/100
|
|-damage|p1a: Giratina|82/100 tox|[from] psn
|upkeep
|turn|3
|
|t:|1658589876
|switch|p2a: Ho-Oh|Ho-Oh|100/100 par
|move|p1a: Giratina|Hex|p2a: Ho-Oh
|-damage|p2a: Ho-Oh|53/100 par
|
|-damage|p1a: Giratina|64/100 tox|[from] psn
|upkeep
|turn|4
|
|t:|1658589880
|switch|p2a: Arceus|Arceus-Dark|100/100
|move|p1a: Giratina|Thunder Wave|p2a: Arceus
|-status|p2a: Arceus|par
|
|-damage|p1a: Giratina|39/100 tox|[from] psn
|upkeep
|turn|5
|
|t:|1658589897
|move|p1a: Giratina|Draco Meteor|p2a: Arceus
|-damage|p2a: Arceus|54/100 par
|-unboost|p1a: Giratina|spa|2
|move|p2a: Arceus|Refresh|p2a: Arceus
|-curestatus|p2a: Arceus|par|[msg]
|
|-damage|p1a: Giratina|8/100 tox|[from] psn
|upkeep
|turn|6
|
|t:|1658589903
|move|p2a: Arceus|Recover|p2a: Arceus
|-heal|p2a: Arceus|100/100
|move|p1a: Giratina|Thunder Wave|p2a: Arceus
|-status|p2a: Arceus|par
|
|-damage|p1a: Giratina|0 fnt|[from] psn
|faint|p1a: Giratina
|upkeep
|
|t:|1658589906
|switch|p1a: Arceus|Arceus-Grass|100/100
|turn|7
|
|t:|1658589912
|move|p1a: Arceus|Swords Dance|p1a: Arceus
|-boost|p1a: Arceus|atk|2
|move|p2a: Arceus|Refresh|p2a: Arceus
|-curestatus|p2a: Arceus|par|[msg]
|
|upkeep
|turn|8
|
|t:|1658589918
|switch|p2a: Eternatus|Eternatus|100/100
|-ability|p2a: Eternatus|Pressure
|move|p1a: Arceus|Bullet Seed|p2a: Eternatus
|-resisted|p2a: Eternatus
|-damage|p2a: Eternatus|94/100
|-resisted|p2a: Eternatus
|-damage|p2a: Eternatus|87/100
|-resisted|p2a: Eternatus
|-damage|p2a: Eternatus|82/100
|-resisted|p2a: Eternatus
|-damage|p2a: Eternatus|75/100
|-resisted|p2a: Eternatus
|-damage|p2a: Eternatus|69/100
|-hitcount|p2a: Eternatus|5
|
|-heal|p2a: Eternatus|75/100|[from] item: Black Sludge
|upkeep
|turn|9
|
|t:|1658589921
|move|p1a: Arceus|Earthquake|p2a: Eternatus
|-supereffective|p2a: Eternatus
|-damage|p2a: Eternatus|0 fnt
|faint|p2a: Eternatus
|
|upkeep
|
|t:|1658589941
|switch|p2a: Calyrex|Calyrex-Shadow|100/100
|-ability|p2a: Calyrex|As One
|-ability|p2a: Calyrex|Unnerve
|turn|10
|
|t:|1658589946
|-start|p2a: Calyrex|Dynamax|
|-heal|p2a: Calyrex|100/100|[silent]
|move|p2a: Calyrex|Max Phantasm|p1a: Arceus
|-damage|p1a: Arceus|33/100
|-unboost|p1a: Arceus|def|1
|move|p1a: Arceus|Bullet Seed|p2a: Calyrex
|-damage|p2a: Calyrex|81/100
|-damage|p2a: Calyrex|61/100
|-damage|p2a: Calyrex|42/100
|-hitcount|p2a: Calyrex|3
|
|upkeep
|turn|11
|
|t:|1658589955
|switch|p1a: Tyranitar|Tyranitar, F|100/100
|-weather|Sandstorm|[from] ability: Sand Stream|[of] p1a: Tyranitar
|move|p2a: Calyrex|Max Phantasm|p1a: Tyranitar
|-resisted|p1a: Tyranitar
|-damage|p1a: Tyranitar|82/100
|-unboost|p1a: Tyranitar|def|1
|
|-weather|Sandstorm|[upkeep]
|-damage|p2a: Calyrex|38/100|[from] Sandstorm
|upkeep
|turn|12
|
|t:|1658589962
|detailschange|p1a: Tyranitar|Tyranitar-Mega, F
|-mega|p1a: Tyranitar|Tyranitar|Tyranitarite
|move|p2a: Calyrex|Max Guard|p2a: Calyrex
|-singleturn|p2a: Calyrex|Max Guard
|move|p1a: Tyranitar|Pursuit|p2a: Calyrex
|-activate|p2a: Calyrex|move: Max Guard
|
|-weather|Sandstorm|[upkeep]
|-damage|p2a: Calyrex|35/100|[from] Sandstorm
|upkeep
|-end|p2a: Calyrex|Dynamax
|-heal|p2a: Calyrex|35/100|[silent]
|turn|13
|
|t:|1658589970
|move|p2a: Calyrex|Astral Barrage|p1a: Tyranitar
|-resisted|p1a: Tyranitar
|-damage|p1a: Tyranitar|68/100
|move|p1a: Tyranitar|Pursuit|p2a: Calyrex
|-supereffective|p2a: Calyrex
|-damage|p2a: Calyrex|0 fnt
|faint|p2a: Calyrex
|
|-weather|Sandstorm|[upkeep]
|upkeep
|
|t:|1658589978
|switch|p2a: Necrozma|Necrozma-Dusk-Mane|48/100
|turn|14
|
|t:|1658589988
|move|p2a: Necrozma|Stealth Rock|p1a: Tyranitar
|-sidestart|p1: aseeasase|move: Stealth Rock
|move|p1a: Tyranitar|Thunder Wave|p2a: Necrozma
|-status|p2a: Necrozma|par
|
|-weather|Sandstorm|[upkeep]
|upkeep
|turn|15
|
|t:|1658589990
|move|p1a: Tyranitar|Stealth Rock|p2a: Necrozma
|-sidestart|p2: jlsdfhpjksdhfni|move: Stealth Rock
|move|p2a: Necrozma|Thunder Wave|p1a: Tyranitar
|-status|p1a: Tyranitar|par
|
|-weather|none
|upkeep
|turn|16
|
|t:|1658589995
|move|p2a: Necrozma|Sunsteel Strike|p1a: Tyranitar
|-supereffective|p1a: Tyranitar
|-damage|p1a: Tyranitar|0 fnt
|faint|p1a: Tyranitar
|
|upkeep
|
|t:|1658590012
|switch|p1a: Calyrex|Calyrex-Shadow|100/100
|-ability|p1a: Calyrex|As One
|-ability|p1a: Calyrex|Unnerve
|-damage|p1a: Calyrex|88/100|[from] Stealth Rock
|turn|17
|
|t:|1658590018
|switch|p2a: Arceus|Arceus-Dark|100/100
|-damage|p2a: Arceus|88/100|[from] Stealth Rock
|move|p1a: Calyrex|Substitute|p1a: Calyrex
|-start|p1a: Calyrex|Substitute
|-damage|p1a: Calyrex|63/100
|
|-heal|p1a: Calyrex|69/100|[from] item: Leftovers
|upkeep
|turn|18
|
|t:|1658590022
|move|p1a: Calyrex|Leech Seed|p2a: Arceus
|-start|p2a: Arceus|move: Leech Seed
|move|p2a: Arceus|Judgment|p1a: Calyrex
|-supereffective|p1a: Calyrex
|-end|p1a: Calyrex|Substitute
|
|-heal|p1a: Calyrex|76/100|[from] item: Leftovers
|-damage|p2a: Arceus|76/100|[from] Leech Seed|[of] p1a: Calyrex
|-heal|p1a: Calyrex|92/100|[silent]
|upkeep
|turn|19
|
|t:|1658590025
|switch|p2a: Ho-Oh|Ho-Oh|86/100 par
|move|p1a: Calyrex|Substitute|p1a: Calyrex
|-start|p1a: Calyrex|Substitute
|-damage|p1a: Calyrex|67/100
|
|-heal|p1a: Calyrex|73/100|[from] item: Leftovers
|upkeep
|turn|20
|
|t:|1658590030
|move|p1a: Calyrex|Leech Seed|p2a: Ho-Oh
|-start|p2a: Ho-Oh|move: Leech Seed
|cant|p2a: Ho-Oh|par
|
|-heal|p1a: Calyrex|79/100|[from] item: Leftovers
|-damage|p2a: Ho-Oh|74/100 par|[from] Leech Seed|[of] p1a: Calyrex
|-heal|p1a: Calyrex|94/100|[silent]
|upkeep
|turn|21
|
|t:|1658590034
|move|p1a: Calyrex|Astral Barrage|p2a: Ho-Oh
|-damage|p2a: Ho-Oh|34/100 par
|move|p2a: Ho-Oh|Whirlwind|p1a: Calyrex
|drag|p1a: Reshiram|Reshiram|100/100
|-damage|p1a: Reshiram|76/100|[from] Stealth Rock
|-ability|p1a: Reshiram|Turboblaze
|
|-damage|p2a: Ho-Oh|22/100 par|[from] Leech Seed|[of] p1a: Reshiram
|-heal|p1a: Reshiram|90/100|[silent]
|upkeep
|turn|22
|
|t:|1658590044
|switch|p2a: Necrozma|Necrozma-Dusk-Mane|48/100 par
|-damage|p2a: Necrozma|42/100 par|[from] Stealth Rock
|move|p1a: Reshiram|Dragon Dance|p1a: Reshiram
|-boost|p1a: Reshiram|atk|1
|-boost|p1a: Reshiram|spe|1
|
|upkeep
|turn|23
|
|t:|1658590049
|-start|p1a: Reshiram|Dynamax|
|-heal|p1a: Reshiram|90/100|[silent]
|move|p1a: Reshiram|Max Flare|p2a: Necrozma
|-supereffective|p2a: Necrozma
|-damage|p2a: Necrozma|0 fnt
|-weather|SunnyDay
|faint|p2a: Necrozma
|-damage|p1a: Reshiram|85/100|[from] item: Life Orb
|
|-weather|SunnyDay|[upkeep]
|upkeep
|
|t:|1658590061
|switch|p2a: Ho-Oh|Ho-Oh|55/100 par
|turn|24
|
|t:|1658590067
|move|p1a: Reshiram|Max Wyrmwind|p2a: Ho-Oh
|-damage|p2a: Ho-Oh|0 fnt
|faint|p2a: Ho-Oh
|-damage|p1a: Reshiram|80/100|[from] item: Life Orb
|
|-weather|SunnyDay|[upkeep]
|upkeep
|
|t:|1658590078
|switch|p2a: Arceus|Arceus-Dark|76/100
|-damage|p2a: Arceus|63/100|[from] Stealth Rock
|turn|25
|
|t:|1658590081
|move|p1a: Reshiram|Max Flare|p2a: Arceus
|-damage|p2a: Arceus|0 fnt
|faint|p2a: Arceus
|-damage|p1a: Reshiram|75/100|[from] item: Life Orb
|
|-weather|SunnyDay|[upkeep]
|upkeep
|
|t:|1658590105
|switch|p2a: Gengar|Gengar, M|100/100
|-damage|p2a: Gengar|88/100|[from] Stealth Rock
|-end|p1a: Reshiram|Dynamax
|-heal|p1a: Reshiram|75/100|[silent]
|turn|26
|
|t:|1658590110
|detailschange|p2a: Gengar|Gengar-Mega, M
|-mega|p2a: Gengar|Gengar|Gengarite
|move|p1a: Reshiram|Flare Blitz|p2a: Gengar
|-damage|p2a: Gengar|0 fnt
|faint|p2a: Gengar
|-damage|p1a: Reshiram|49/100|[from] Recoil
|-damage|p1a: Reshiram|39/100|[from] item: Life Orb
|
|win|aseeasase
|raw|aseeasase's rating: 1701 &rarr; <strong>1725</strong><br />(+24 for winning)
|raw|jlsdfhpjksdhfni's rating: 1776 &rarr; <strong>1752</strong><br />(-24 for losing)
|l|☆jlsdfhpjksdhfni
||Ladder isn't responding, score probably updated but might not have (Request timeout).
