|j|☆AMOGMACRAK
|j|☆chopforce8
|t:|1641786403
|gametype|singles
|player|p1|AMOGMACRAK|crasherwake|1617
|player|p2|chopforce8|red|1714
|teamsize|p1|6
|teamsize|p2|6
|gen|8
|tier|[Gen 8] National Dex AG
|rated|
|rule|HP Percentage Mod: HP is shown in percentages
|rule|Endless Battle Clause: Forcing endless battles is banned
|clearpoke
|poke|p1|Necrozma-Dusk-Mane|
|poke|p1|Ho-Oh|
|poke|p1|Rayquaza|
|poke|p1|Yveltal|
|poke|p1|Chansey, F|
|poke|p1|Groudon|
|poke|p2|Yveltal|
|poke|p2|Diancie|
|poke|p2|Calyrex-Shadow|
|poke|p2|Zacian-*|
|poke|p2|Ditto|
|poke|p2|Arceus-*|
|teampreview
|inactive|Battle timer is ON: inactive players will automatically lose when time's up. (requested by AMOGMACRAK)
|j| Asksj
|
|t:|1641786425
|start
|switch|p1a: Necrozma|Necrozma-Dusk-Mane|100/100
|switch|p2a: Professorquirrel|Calyrex-Shadow|100/100
|-ability|p2a: Professorquirrel|As One
|-ability|p2a: Professorquirrel|Unnerve
|turn|1
|
|t:|1641786432
|switch|p1a: Yveltal|Yveltal|100/100
|-ability|p1a: Yveltal|Dark Aura
|move|p2a: Professorquirrel|Nasty Plot|p2a: Professorquirrel
|-boost|p2a: Professorquirrel|spa|2
|
|upkeep
|turn|2
|
|t:|1641786439
|move|p2a: Professorquirrel|Baton Pass|p2a: Professorquirrel
|
|t:|1641786440
|switch|p2a: Voldemort|Yveltal|100/100|[from]move: Baton Pass
|-ability|p2a: Voldemort|Dark Aura
|move|p1a: Yveltal|Knock Off|p2a: Voldemort
|-resisted|p2a: Voldemort
|-damage|p2a: Voldemort|71/100
|-enditem|p2a: Voldemort|Life Orb|[from] move: Knock Off|[of] p1a: Yveltal
|
|upkeep
|turn|3
|
|t:|1641786448
|-start|p2a: Voldemort|Dynamax
|-heal|p2a: Voldemort|71/100|[silent]
|move|p2a: Voldemort|Max Airstream|p1a: Yveltal
|-damage|p1a: Yveltal|53/100
|-boost|p2a: Voldemort|spe|1
|move|p1a: Yveltal|Oblivion Wing|p2a: Voldemort
|-damage|p2a: Voldemort|53/100
|-heal|p1a: Yveltal|77/100|[from] drain|[of] p2a: Voldemort
|
|upkeep
|turn|4
|
|t:|1641786459
|move|p2a: Voldemort|Max Darkness|p1a: Yveltal
|-resisted|p1a: Yveltal
|-damage|p1a: Yveltal|42/100
|-unboost|p1a: Yveltal|spd|1
|move|p1a: Yveltal|Oblivion Wing|p2a: Voldemort
|-damage|p2a: Voldemort|38/100
|-heal|p1a: Yveltal|64/100|[from] drain|[of] p2a: Voldemort
|
|upkeep
|turn|5
|
|t:|1641786472
|switch|p1a: Chansey|Chansey, F|100/100
|move|p2a: Voldemort|Max Darkness|p1a: Chansey
|-damage|p1a: Chansey|47/100
|-unboost|p1a: Chansey|spd|1
|
|-end|p2a: Voldemort|Dynamax
|-heal|p2a: Voldemort|38/100|[silent]
|upkeep
|turn|6
|
|t:|1641786482
|move|p2a: Voldemort|Dark Pulse|p1a: Chansey
|-damage|p1a: Chansey|0 fnt
|faint|p1a: Chansey
|
|upkeep
|
|t:|1641786488
|switch|p1a: Rayquaza|Rayquaza|100/100
|-ability|p1a: Rayquaza|Air Lock
|turn|7
|
|t:|1641786492
|switch|p2a: Professorquirrel|Calyrex-Shadow|100/100
|-ability|p2a: Professorquirrel|As One
|-ability|p2a: Professorquirrel|Unnerve
|detailschange|p1a: Rayquaza|Rayquaza-Mega
|-mega|p1a: Rayquaza|Rayquaza|
|-weather|DeltaStream|[from] ability: Delta Stream|[of] p1a: Rayquaza
|move|p1a: Rayquaza|Extreme Speed|p2a: Professorquirrel
|-immune|p2a: Professorquirrel
|
|-weather|DeltaStream|[upkeep]
|upkeep
|turn|8
|
|t:|1641786505
|move|p2a: Professorquirrel|Astral Barrage|p1a: Rayquaza
|-damage|p1a: Rayquaza|37/100
|move|p1a: Rayquaza|Dragon Ascent|p2a: Professorquirrel
|-enditem|p2a: Professorquirrel|Focus Sash
|-damage|p2a: Professorquirrel|1/100
|-unboost|p1a: Rayquaza|def|1
|-unboost|p1a: Rayquaza|spd|1
|-damage|p1a: Rayquaza|27/100|[from] item: Life Orb
|
|-weather|DeltaStream|[upkeep]
|upkeep
|turn|9
|
|t:|1641786516
|-weather|none
|switch|p1a: Yveltal|Yveltal|64/100
|-ability|p1a: Yveltal|Dark Aura
|move|p2a: Professorquirrel|Astral Barrage|p1a: Yveltal
|-resisted|p1a: Yveltal
|-damage|p1a: Yveltal|50/100
|
|upkeep
|turn|10
|
|t:|1641786525
|switch|p2a: Harry Potter|Diancie|100/100
|move|p1a: Yveltal|Oblivion Wing|p2a: Harry Potter
|-resisted|p2a: Harry Potter
|-damage|p2a: Harry Potter|81/100
|-heal|p1a: Yveltal|59/100|[from] drain|[of] p2a: Harry Potter
|
|upkeep
|turn|11
|
|t:|1641786534
|switch|p1a: Groudon|Groudon|100/100
|detailschange|p1a: Groudon|Groudon-Primal
|-primal|p1a: Groudon
|-weather|DesolateLand|[from] ability: Desolate Land|[of] p1a: Groudon
|detailschange|p2a: Harry Potter|Diancie-Mega
|-mega|p2a: Harry Potter|Diancie|Diancite
|move|p2a: Harry Potter|Earth Power|p1a: Groudon
|-supereffective|p1a: Groudon
|-damage|p1a: Groudon|19/100
|
|-weather|DesolateLand|[upkeep]
|upkeep
|turn|12
|
|t:|1641786548
|-weather|none
|switch|p1a: Ho-Oh|Ho-Oh|100/100
|move|p2a: Harry Potter|Diamond Storm|p1a: Ho-Oh
|-supereffective|p1a: Ho-Oh
|-damage|p1a: Ho-Oh|0 fnt
|faint|p1a: Ho-Oh
|
|upkeep
|
|t:|1641786551
|switch|p1a: Rayquaza|Rayquaza-Mega|27/100
|-weather|DeltaStream|[from] ability: Delta Stream|[of] p1a: Rayquaza
|turn|13
|
|t:|1641786558
|switch|p2a: Fluffy|Zacian-Crowned|100/100
|-ability|p2a: Fluffy|Intrepid Sword|boost
|-boost|p2a: Fluffy|atk|1
|move|p1a: Rayquaza|Earthquake|p2a: Fluffy
|-supereffective|p2a: Fluffy
|-damage|p2a: Fluffy|0 fnt
|faint|p2a: Fluffy
|-damage|p1a: Rayquaza|17/100|[from] item: Life Orb
|
|-weather|DeltaStream|[upkeep]
|upkeep
|l| Asksj
|
|t:|1641786576
|switch|p2a: Professorquirrel|Calyrex-Shadow|1/100
|-ability|p2a: Professorquirrel|As One
|-ability|p2a: Professorquirrel|Unnerve
|turn|14
|
|t:|1641786582
|switch|p2a: Harry Potter|Diancie-Mega|81/100
|-weather|none
|switch|p1a: Groudon|Groudon-Primal|19/100
|-weather|DesolateLand|[from] ability: Desolate Land|[of] p1a: Groudon
|
|-weather|DesolateLand|[upkeep]
|upkeep
|turn|15
|
|t:|1641786591
|move|p2a: Harry Potter|Stealth Rock|p1a: Groudon
|-sidestart|p1: AMOGMACRAK|move: Stealth Rock
|move|p1a: Groudon|Earthquake|p2a: Harry Potter
|-supereffective|p2a: Harry Potter
|-damage|p2a: Harry Potter|0 fnt
|faint|p2a: Harry Potter
|
|-weather|DesolateLand|[upkeep]
|upkeep
|
|t:|1641786600
|switch|p2a: Voldemort|Yveltal|38/100
|-ability|p2a: Voldemort|Dark Aura
|turn|16
|
|t:|1641786603
|move|p2a: Voldemort|Oblivion Wing|p1a: Groudon
|-damage|p1a: Groudon|0 fnt
|-heal|p2a: Voldemort|50/100|[from] drain|[of] p1a: Groudon
|faint|p1a: Groudon
|-weather|none
|
|upkeep
|
|t:|1641786607
|switch|p1a: Yveltal|Yveltal|59/100
|-damage|p1a: Yveltal|34/100|[from] Stealth Rock
|-ability|p1a: Yveltal|Dark Aura
|turn|17
|
|t:|1641786613
|move|p2a: Voldemort|Oblivion Wing|p1a: Yveltal
|-damage|p1a: Yveltal|17/100
|-heal|p2a: Voldemort|64/100|[from] drain|[of] p1a: Yveltal
|move|p1a: Yveltal|Oblivion Wing|p2a: Voldemort
|-damage|p2a: Voldemort|32/100
|-heal|p1a: Yveltal|38/100|[from] drain|[of] p2a: Voldemort
|
|upkeep
|turn|18
|
|t:|1641786623
|switch|p2a: Chess Wizard|Arceus-Flying|100/100
|move|p1a: Yveltal|Oblivion Wing|p2a: Chess Wizard
|-damage|p2a: Chess Wizard|75/100
|-heal|p1a: Yveltal|58/100|[from] drain|[of] p2a: Chess Wizard
|
|upkeep
|turn|19
|
|t:|1641786636
|move|p2a: Chess Wizard|Recover|p2a: Chess Wizard
|-heal|p2a: Chess Wizard|100/100
|move|p1a: Yveltal|Dark Pulse|p2a: Chess Wizard
|-damage|p2a: Chess Wizard|68/100
|
|upkeep
|turn|20
|
|t:|1641786642
|move|p2a: Chess Wizard|Calm Mind|p2a: Chess Wizard
|-boost|p2a: Chess Wizard|spa|1
|-boost|p2a: Chess Wizard|spd|1
|move|p1a: Yveltal|Dark Pulse|p2a: Chess Wizard
|-damage|p2a: Chess Wizard|46/100
|
|upkeep
|turn|21
|
|t:|1641786653
|-start|p1a: Yveltal|Dynamax
|-heal|p1a: Yveltal|58/100|[silent]
|move|p2a: Chess Wizard|Recover|p2a: Chess Wizard
|-heal|p2a: Chess Wizard|96/100
|move|p1a: Yveltal|Max Darkness|p2a: Chess Wizard
|-damage|p2a: Chess Wizard|62/100
|-unboost|p2a: Chess Wizard|spd|1
|
|upkeep
|turn|22
|
|t:|1641786663
|move|p2a: Chess Wizard|Calm Mind|p2a: Chess Wizard
|-boost|p2a: Chess Wizard|spa|1
|-boost|p2a: Chess Wizard|spd|1
|move|p1a: Yveltal|Max Darkness|p2a: Chess Wizard
|-damage|p2a: Chess Wizard|17/100
|-unboost|p2a: Chess Wizard|spd|1
|
|upkeep
|turn|23
|
|t:|1641786676
|switch|p2a: MirrorofErised|Ditto|100/100
|-transform|p2a: MirrorofErised|p1a: Yveltal|[from] ability: Imposter
|-ability|p2a: MirrorofErised|Dark Aura
|move|p1a: Yveltal|Max Airstream|p2a: MirrorofErised
|-damage|p2a: MirrorofErised|49/100
|-boost|p1a: Yveltal|spe|1
|
|-end|p1a: Yveltal|Dynamax
|-heal|p1a: Yveltal|58/100|[silent]
|upkeep
|turn|24
|
|t:|1641786690
|move|p1a: Yveltal|Oblivion Wing|p2a: MirrorofErised
|-damage|p2a: MirrorofErised|20/100
|-heal|p1a: Yveltal|73/100|[from] drain|[of] p2a: MirrorofErised
|move|p2a: MirrorofErised|Knock Off|p1a: Yveltal
|-resisted|p1a: Yveltal
|-damage|p1a: Yveltal|48/100
|-enditem|p1a: Yveltal|Assault Vest|[from] move: Knock Off|[of] p2a: MirrorofErised
|
|upkeep
|turn|25
|j| Autusurada
|
|t:|1641786700
|switch|p2a: Professorquirrel|Calyrex-Shadow|1/100
|-ability|p2a: Professorquirrel|As One
|-ability|p2a: Professorquirrel|Unnerve
|move|p1a: Yveltal|Oblivion Wing|p2a: Professorquirrel
|-damage|p2a: Professorquirrel|0 fnt
|-heal|p1a: Yveltal|48/100|[from] drain|[of] p2a: Professorquirrel
|faint|p2a: Professorquirrel
|
|upkeep
|
|t:|1641786719
|switch|p2a: Voldemort|Yveltal|32/100
|-ability|p2a: Voldemort|Dark Aura
|turn|26
|
|t:|1641786724
|move|p1a: Yveltal|Oblivion Wing|p2a: Voldemort
|-damage|p2a: Voldemort|0 fnt
|-heal|p1a: Yveltal|70/100|[from] drain|[of] p2a: Voldemort
|faint|p2a: Voldemort
|
|upkeep
|
|t:|1641786730
|switch|p2a: MirrorofErised|Ditto|20/100
|-transform|p2a: MirrorofErised|p1a: Yveltal|[from] ability: Imposter
|-ability|p2a: MirrorofErised|Dark Aura
|turn|27
|
|t:|1641786736
|move|p2a: MirrorofErised|Oblivion Wing|p1a: Yveltal
|-damage|p1a: Yveltal|49/100
|-heal|p2a: MirrorofErised|42/100|[from] drain|[of] p1a: Yveltal
|move|p1a: Yveltal|Oblivion Wing|p2a: MirrorofErised
|-damage|p2a: MirrorofErised|9/100
|-heal|p1a: Yveltal|66/100|[from] drain|[of] p2a: MirrorofErised
|
|upkeep
|turn|28
|c|☆chopforce8|gg
|
|t:|1641786745
|move|p2a: MirrorofErised|Oblivion Wing|p1a: Yveltal
|-damage|p1a: Yveltal|44/100
|-heal|p2a: MirrorofErised|34/100|[from] drain|[of] p1a: Yveltal
|move|p1a: Yveltal|Oblivion Wing|p2a: MirrorofErised
|-damage|p2a: MirrorofErised|3/100
|-heal|p1a: Yveltal|59/100|[from] drain|[of] p2a: MirrorofErised
|
|upkeep
|turn|29
|inactive|chopforce8 has 120 seconds left.
|
|t:|1641786778
|move|p2a: MirrorofErised|Oblivion Wing|p1a: Yveltal
|-damage|p1a: Yveltal|38/100
|-heal|p2a: MirrorofErised|26/100|[from] drain|[of] p1a: Yveltal
|move|p1a: Yveltal|Oblivion Wing|p2a: MirrorofErised
|-damage|p2a: MirrorofErised|0 fnt
|-heal|p1a: Yveltal|51/100|[from] drain|[of] p2a: MirrorofErised
|faint|p2a: MirrorofErised
|
|upkeep
|inactive|chopforce8 has 120 seconds left.
|
|t:|1641786787
|switch|p2a: Chess Wizard|Arceus-Flying|17/100
|turn|30
|l| Autusurada
|
|t:|1641786790
|move|p2a: Chess Wizard|Recover|p2a: Chess Wizard
|-heal|p2a: Chess Wizard|67/100
|move|p1a: Yveltal|Dark Pulse|p2a: Chess Wizard
|-damage|p2a: Chess Wizard|37/100
|
|upkeep
|turn|31
|
|t:|1641786795
|move|p2a: Chess Wizard|Recover|p2a: Chess Wizard
|-heal|p2a: Chess Wizard|87/100
|move|p1a: Yveltal|Dark Pulse|p2a: Chess Wizard
|-damage|p2a: Chess Wizard|55/100
|
|upkeep
|turn|32
|
|t:|1641786801
|switch|p1a: Necrozma|Necrozma-Dusk-Mane|100/100
|-damage|p1a: Necrozma|94/100|[from] Stealth Rock
|move|p2a: Chess Wizard|Calm Mind|p2a: Chess Wizard
|-boost|p2a: Chess Wizard|spa|1
|-boost|p2a: Chess Wizard|spd|1
|
|upkeep
|turn|33
|
|t:|1641786807
|move|p2a: Chess Wizard|Recover|p2a: Chess Wizard
|-heal|p2a: Chess Wizard|100/100
|move|p1a: Necrozma|Dragon Dance|p1a: Necrozma
|-boost|p1a: Necrozma|atk|1
|-boost|p1a: Necrozma|spe|1
|
|upkeep
|turn|34
|
|t:|1641786815
|move|p2a: Chess Wizard|Calm Mind|p2a: Chess Wizard
|-boost|p2a: Chess Wizard|spa|1
|-boost|p2a: Chess Wizard|spd|1
|move|p1a: Necrozma|Sunsteel Strike|p2a: Chess Wizard
|-damage|p2a: Chess Wizard|54/100
|
|upkeep
|turn|35
|
|t:|1641786826
|move|p2a: Chess Wizard|Recover|p2a: Chess Wizard
|-heal|p2a: Chess Wizard|100/100
|move|p1a: Necrozma|Dragon Dance|p1a: Necrozma
|-boost|p1a: Necrozma|atk|1
|-boost|p1a: Necrozma|spe|1
|
|upkeep
|turn|36
|
|t:|1641786832
|move|p1a: Necrozma|Dragon Dance|p1a: Necrozma
|-boost|p1a: Necrozma|atk|1
|-boost|p1a: Necrozma|spe|1
|move|p2a: Chess Wizard|Judgment|p1a: Necrozma
|-resisted|p1a: Necrozma
|-damage|p1a: Necrozma|58/100
|
|upkeep
|turn|37
|
|t:|1641786839
|move|p1a: Necrozma|Morning Sun|p1a: Necrozma
|-heal|p1a: Necrozma|100/100
|move|p2a: Chess Wizard|Recover||[still]
|-fail|p2a: Chess Wizard|heal
|
|upkeep
|turn|38
|
|t:|1641786845
|move|p1a: Necrozma|Sunsteel Strike|p2a: Chess Wizard
|-damage|p2a: Chess Wizard|16/100
|move|p2a: Chess Wizard|Judgment|p1a: Necrozma
|-resisted|p1a: Necrozma
|-damage|p1a: Necrozma|64/100
|
|upkeep
|turn|39
|
|t:|1641786852
|move|p1a: Necrozma|Sunsteel Strike|p2a: Chess Wizard
|-damage|p2a: Chess Wizard|0 fnt
|faint|p2a: Chess Wizard
|
|win|AMOGMACRAK
|raw|AMOGMACRAK's rating: 1617 &rarr; <strong>1642</strong><br />(+25 for winning)
|raw|chopforce8's rating: 1714 &rarr; <strong>1689</strong><br />(-25 for losing)
|c|☆AMOGMACRAK|gg
