|j|☆Hhhhhhhhhhhhx
|j|☆FikachuXD
|t:|1660574055
|gametype|singles
|player|p1|Hhhhhhhhhhhhx|hilbert-wonderlauncher|1379
|player|p2|FikachuXD|teamrocket|1441
|teamsize|p1|6
|teamsize|p2|6
|gen|8
|tier|[Gen 8] National Dex AG
|rated|
|rule|HP Percentage Mod: HP is shown in percentages
|rule|Endless Battle Clause: Forcing endless battles is banned
|clearpoke
|poke|p1|Kyogre|
|poke|p1|Greninja, M|
|poke|p1|Zacian-*|
|poke|p1|Ditto|
|poke|p1|Wobbuffet, M|
|poke|p1|Urshifu-*, M|
|poke|p2|Darkrai|
|poke|p2|Darkrai|
|poke|p2|Xerneas-*|
|poke|p2|Giratina|
|poke|p2|Arceus-*|
|poke|p2|Ferrothorn, M|
|teampreview
|
|t:|1660574066
|start
|switch|p1a: Urshifu|Urshifu-Rapid-Strike, M|100/100
|switch|p2a: Iron.|Ferrothorn, M|100/100
|turn|1
|
|t:|1660574082
|switch|p2a: Giratina|Giratina|100/100
|-ability|p2a: Giratina|Pressure
|-start|p1a: Urshifu|Dynamax|Gmax
|-heal|p1a: Urshifu|100/100|[silent]
|move|p1a: Urshifu|Max Flare|p2a: Giratina
|-resisted|p2a: Giratina
|-damage|p2a: Giratina|90/100
|-weather|SunnyDay
|
|-weather|SunnyDay|[upkeep]
|-heal|p2a: Giratina|96/100|[from] item: Leftovers
|upkeep
|turn|2
|
|t:|1660574101
|move|p1a: Urshifu|G-Max Rapid Flow|p2a: Giratina
|-resisted|p2a: Giratina
|-damage|p2a: Giratina|88/100
|move|p2a: Giratina|Toxic|p1a: Urshifu
|-status|p1a: Urshifu|tox
|
|-weather|SunnyDay|[upkeep]
|-heal|p2a: Giratina|94/100|[from] item: Leftovers
|-damage|p1a: Urshifu|97/100 tox|[from] psn
|upkeep
|turn|3
|
|t:|1660574124
|move|p1a: Urshifu|G-Max Rapid Flow|p2a: Giratina
|-resisted|p2a: Giratina
|-damage|p2a: Giratina|86/100
|move|p2a: Giratina|Dragon Tail|p1a: Urshifu
|-damage|p1a: Urshifu|86/100 tox
|-block|p1a: Urshifu|Dynamax
|
|-weather|SunnyDay|[upkeep]
|-heal|p2a: Giratina|92/100|[from] item: Leftovers
|-damage|p1a: Urshifu|80/100 tox|[from] psn
|upkeep
|-end|p1a: Urshifu|Dynamax
|-heal|p1a: Urshifu|80/100 tox|[silent]
|turn|4
|
|t:|1660574145
|switch|p1a: Kyogre|Kyogre|100/100
|-weather|RainDance|[from] ability: Drizzle|[of] p1a: Kyogre
|move|p2a: Giratina|Defog|p1a: Kyogre
|-unboost|p1a: Kyogre|evasion|1
|
|-weather|RainDance|[upkeep]
|-heal|p2a: Giratina|99/100|[from] item: Leftovers
|upkeep
|turn|5
|
|t:|1660574157
|switch|p2a: Iron.|Ferrothorn, M|100/100
|move|p1a: Kyogre|Sheer Cold|p2a: Iron.|[miss]
|-miss|p1a: Kyogre|p2a: Iron.
|
|-weather|RainDance|[upkeep]
|upkeep
|turn|6
|
|t:|1660574165
|move|p1a: Kyogre|Sheer Cold|p2a: Iron.|[miss]
|-miss|p1a: Kyogre|p2a: Iron.
|move|p2a: Iron.|Stealth Rock|p1a: Kyogre
|-sidestart|p1: Hhhhhhhhhhhhx|move: Stealth Rock
|
|-weather|RainDance|[upkeep]
|upkeep
|turn|7
|
|t:|1660574175
|move|p1a: Kyogre|Sheer Cold|p2a: Iron.|[miss]
|-miss|p1a: Kyogre|p2a: Iron.
|move|p2a: Iron.|Bullet Seed|p1a: Kyogre
|-supereffective|p1a: Kyogre
|-damage|p1a: Kyogre|90/100
|-supereffective|p1a: Kyogre
|-damage|p1a: Kyogre|79/100
|-supereffective|p1a: Kyogre
|-damage|p1a: Kyogre|66/100
|-supereffective|p1a: Kyogre
|-damage|p1a: Kyogre|54/100
|-hitcount|p1a: Kyogre|4
|
|-weather|RainDance|[upkeep]
|-heal|p1a: Kyogre|60/100|[from] item: Leftovers
|upkeep
|turn|8
|
|t:|1660574191
|move|p1a: Kyogre|Sheer Cold|p2a: Iron.|[miss]
|-miss|p1a: Kyogre|p2a: Iron.
|move|p2a: Iron.|Leech Seed|p1a: Kyogre
|-start|p1a: Kyogre|move: Leech Seed
|
|-weather|none
|-heal|p1a: Kyogre|66/100|[from] item: Leftovers
|-damage|p1a: Kyogre|54/100|[from] Leech Seed|[of] p2a: Iron.
|upkeep
|turn|9
|
|t:|1660574204
|switch|p1a: Urshifu|Urshifu-Rapid-Strike, M|80/100 tox
|-damage|p1a: Urshifu|74/100 tox|[from] Stealth Rock
|move|p2a: Iron.|Bullet Seed|p1a: Urshifu
|-supereffective|p1a: Urshifu
|-damage|p1a: Urshifu|59/100 tox
|-supereffective|p1a: Urshifu
|-damage|p1a: Urshifu|42/100 tox
|-supereffective|p1a: Urshifu
|-damage|p1a: Urshifu|27/100 tox
|-supereffective|p1a: Urshifu
|-damage|p1a: Urshifu|10/100 tox
|-supereffective|p1a: Urshifu
|-damage|p1a: Urshifu|0 fnt
|faint|p1a: Urshifu
|-hitcount|p1: Urshifu|5
|
|upkeep
|
|t:|1660574227
|switch|p1a: Zacian|Zacian-Crowned|100/100
|-damage|p1a: Zacian|94/100|[from] Stealth Rock
|-ability|p1a: Zacian|Intrepid Sword|boost
|-boost|p1a: Zacian|atk|1
|turn|10
|
|t:|1660574234
|switch|p2a: Giratina|Giratina|99/100
|-ability|p2a: Giratina|Pressure
|move|p1a: Zacian|Swords Dance|p1a: Zacian
|-boost|p1a: Zacian|atk|2
|
|-heal|p2a: Giratina|100/100|[from] item: Leftovers
|upkeep
|turn|11
|
|t:|1660574248
|switch|p2a: Iron.|Ferrothorn, M|100/100
|move|p1a: Zacian|Play Rough|p2a: Iron.|[miss]
|-miss|p1a: Zacian|p2a: Iron.
|
|upkeep
|turn|12
|
|t:|1660574257
|move|p1a: Zacian|Play Rough|p2a: Iron.
|-resisted|p2a: Iron.
|-damage|p2a: Iron.|37/100
|-damage|p1a: Zacian|82/100|[from] ability: Iron Barbs|[of] p2a: Iron.
|move|p2a: Iron.|Leech Seed|p1a: Zacian
|-start|p1a: Zacian|move: Leech Seed
|
|-heal|p2a: Iron.|44/100|[from] item: Leftovers
|-damage|p1a: Zacian|70/100|[from] Leech Seed|[of] p2a: Iron.
|-heal|p2a: Iron.|55/100|[silent]
|upkeep
|turn|13
|
|t:|1660574273
|move|p1a: Zacian|Behemoth Blade|p2a: Iron.
|-resisted|p2a: Iron.
|-damage|p2a: Iron.|0 fnt
|-damage|p1a: Zacian|58/100|[from] ability: Iron Barbs|[of] p2a: Iron.
|faint|p2a: Iron.
|
|upkeep
|
|t:|1660574286
|switch|p2a: Arceus|Arceus-Poison|100/100
|turn|14
|
|t:|1660574291
|move|p1a: Zacian|Behemoth Blade|p2a: Arceus
|-crit|p2a: Arceus
|-damage|p2a: Arceus|0 fnt
|faint|p2a: Arceus
|
|upkeep
|
|t:|1660574302
|switch|p2a: Xerneas|Xerneas|100/100
|-ability|p2a: Xerneas|Fairy Aura
|turn|15
|
|t:|1660574308
|move|p2a: Xerneas|Hyper Voice|p1a: Zacian
|-resisted|p1a: Zacian
|-damage|p1a: Zacian|42/100
|move|p1a: Zacian|Behemoth Blade|p2a: Xerneas
|-supereffective|p2a: Xerneas
|-damage|p2a: Xerneas|0 fnt
|faint|p2a: Xerneas
|
|upkeep
|
|t:|1660574319
|switch|p2a: Darkrai|Darkrai|100/100
|turn|16
|
|t:|1660574324
|move|p1a: Zacian|Sacred Sword|p2a: Darkrai
|-supereffective|p2a: Darkrai
|-damage|p2a: Darkrai|0 fnt
|faint|p2a: Darkrai
|
|upkeep
|
|t:|1660574328
|switch|p2a: Giratina|Giratina|100/100
|-ability|p2a: Giratina|Pressure
|turn|17
|
|t:|1660574337
|move|p1a: Zacian|Play Rough|p2a: Giratina
|-supereffective|p2a: Giratina
|-damage|p2a: Giratina|0 fnt
|faint|p2a: Giratina
|
|upkeep
|
|t:|1660574340
|switch|p2a: Darkrai|Darkrai|100/100
|turn|18
|
|t:|1660574352
|move|p1a: Zacian|Sacred Sword|p2a: Darkrai
|-supereffective|p2a: Darkrai
|-damage|p2a: Darkrai|0 fnt
|faint|p2a: Darkrai
|
|win|Hhhhhhhhhhhhx
|raw|Hhhhhhhhhhhhx's rating: 1379 &rarr; <strong>1403</strong><br />(+24 for winning)
|raw|FikachuXD's rating: 1441 &rarr; <strong>1417</strong><br />(-24 for losing)
|l|☆FikachuXD
||Ladder isn't responding, score probably updated but might not have (Request timeout).
