|j|☆Dioscira
|j|☆alt1445645
|t:|1660109991
|gametype|singles
|player|p1|Dioscira|clerkf|1530
|player|p2|alt1445645|101|1750
|teamsize|p1|6
|teamsize|p2|6
|gen|8
|tier|[Gen 8] National Dex AG
|rated|
|rule|HP Percentage Mod: HP is shown in percentages
|rule|Endless Battle Clause: Forcing endless battles is banned
|clearpoke
|poke|p1|Giratina|
|poke|p1|Wobbuffet, M|
|poke|p1|Ditto|
|poke|p1|Breloom, F|
|poke|p1|Liepard, F|
|poke|p1|Swampert, F|
|poke|p2|Arceus-*|
|poke|p2|Groudon|
|poke|p2|Zacian-*|
|poke|p2|Rayquaza|
|poke|p2|Calyrex-Shadow|
|poke|p2|Yveltal|
|teampreview
|
|t:|1660110001
|start
|switch|p1a: Swampert|Swampert, F|100/100
|switch|p2a: Zacian|Zacian-Crowned|100/100
|-ability|p2a: Zacian|Intrepid Sword|boost
|-boost|p2a: Zacian|atk|1
|turn|1
|
|t:|1660110008
|detailschange|p1a: Swampert|Swampert-Mega, F
|-mega|p1a: Swampert|Swampert|Swampertite
|move|p2a: Zacian|Play Rough|p1a: Swampert
|-damage|p1a: Swampert|38/100
|move|p1a: Swampert|Counter|p2a: Zacian
|-damage|p2a: Zacian|0 fnt
|faint|p2a: Zacian
|
|upkeep
|
|t:|1660110021
|switch|p2a: Calyrex|Calyrex-Shadow|100/100
|-ability|p2a: Calyrex|As One
|-ability|p2a: Calyrex|Unnerve
|turn|2
|
|t:|1660110029
|move|p2a: Calyrex|Substitute|p2a: Calyrex
|-start|p2a: Calyrex|Substitute
|-damage|p2a: Calyrex|76/100
|move|p1a: Swampert|Mirror Coat||[still]
|-fail|p1a: Swampert
|
|-heal|p2a: Calyrex|82/100|[from] item: Leftovers
|upkeep
|turn|3
|
|t:|1660110036
|move|p2a: Calyrex|Leech Seed|p1a: Swampert|[miss]
|-miss|p2a: Calyrex|p1a: Swampert
|move|p1a: Swampert|Dive||[still]
|-prepare|p1a: Swampert|Dive
|
|-heal|p2a: Calyrex|88/100|[from] item: Leftovers
|upkeep
|turn|4
|
|t:|1660110047
|move|p2a: Calyrex|Leech Seed|p1a: Swampert|[miss]
|-miss|p2a: Calyrex|p1a: Swampert
|move|p1a: Swampert|Dive|p2a: Calyrex|[from]lockedmove
|-end|p2a: Calyrex|Substitute
|
|-heal|p2a: Calyrex|94/100|[from] item: Leftovers
|upkeep
|turn|5
|
|t:|1660110054
|move|p2a: Calyrex|Leech Seed|p1a: Swampert
|-start|p1a: Swampert|move: Leech Seed
|move|p1a: Swampert|Dive||[still]
|-prepare|p1a: Swampert|Dive
|
|-heal|p2a: Calyrex|99/100|[from] item: Leftovers
|-damage|p1a: Swampert|26/100|[from] Leech Seed|[of] p2a: Calyrex
|-heal|p2a: Calyrex|100/100|[silent]
|upkeep
|turn|6
|
|t:|1660110061
|move|p2a: Calyrex|Substitute|p2a: Calyrex
|-start|p2a: Calyrex|Substitute
|-damage|p2a: Calyrex|76/100
|move|p1a: Swampert|Dive|p2a: Calyrex|[from]lockedmove
|-end|p2a: Calyrex|Substitute
|
|-heal|p2a: Calyrex|82/100|[from] item: Leftovers
|-damage|p1a: Swampert|13/100|[from] Leech Seed|[of] p2a: Calyrex
|-heal|p2a: Calyrex|96/100|[silent]
|upkeep
|turn|7
|
|t:|1660110069
|move|p2a: Calyrex|Substitute|p2a: Calyrex
|-start|p2a: Calyrex|Substitute
|-damage|p2a: Calyrex|71/100
|move|p1a: Swampert|Dive||[still]
|-prepare|p1a: Swampert|Dive
|
|-heal|p2a: Calyrex|78/100|[from] item: Leftovers
|-damage|p1a: Swampert|1/100|[from] Leech Seed|[of] p2a: Calyrex
|-heal|p2a: Calyrex|92/100|[silent]
|upkeep
|turn|8
|
|t:|1660110086
|move|p2a: Calyrex|Draining Kiss|p1a: Swampert|[miss]
|-miss|p2a: Calyrex|p1a: Swampert
|move|p1a: Swampert|Dive|p2a: Calyrex|[from]lockedmove
|-end|p2a: Calyrex|Substitute
|
|-heal|p2a: Calyrex|98/100|[from] item: Leftovers
|-damage|p1a: Swampert|0 fnt|[from] Leech Seed|[of] p2a: Calyrex
|-heal|p2a: Calyrex|99/100|[silent]
|faint|p1a: Swampert
|upkeep
|
|t:|1660110094
|switch|p1a: Liepard|Liepard, F|100/100
|turn|9
|
|t:|1660110098
|switch|p2a: Yveltal|Yveltal|100/100
|-ability|p2a: Yveltal|Dark Aura
|move|p1a: Liepard|Substitute|p1a: Liepard
|-start|p1a: Liepard|Substitute
|-damage|p1a: Liepard|76/100
|
|-heal|p1a: Liepard|82/100|[from] item: Leftovers
|upkeep
|turn|10
|
|t:|1660110106
|move|p1a: Liepard|Dark Pulse|p2a: Yveltal
|-resisted|p2a: Yveltal
|-damage|p2a: Yveltal|81/100
|move|p2a: Yveltal|Oblivion Wing|p1a: Liepard
|-end|p1a: Liepard|Substitute
|-heal|p2a: Yveltal|94/100|[from] drain|[of] p1a: Liepard
|-damage|p2a: Yveltal|84/100|[from] item: Life Orb
|
|-heal|p1a: Liepard|87/100|[from] item: Leftovers
|upkeep
|turn|11
|
|t:|1660110118
|switch|p1a: Breloom|Breloom, F|100/100
|move|p2a: Yveltal|Oblivion Wing|p1a: Breloom
|-supereffective|p1a: Breloom
|-damage|p1a: Breloom|0 fnt
|-heal|p2a: Yveltal|100/100|[from] drain|[of] p1a: Breloom
|faint|p1a: Breloom
|-damage|p2a: Yveltal|91/100|[from] item: Life Orb
|
|upkeep
|
|t:|1660110127
|switch|p1a: Giratina|Giratina|100/100
|-ability|p1a: Giratina|Pressure
|turn|12
|
|t:|1660110135
|switch|p2a: Arceus|Arceus|100/100
|-start|p1a: Giratina|Dynamax|
|-heal|p1a: Giratina|100/100|[silent]
|move|p1a: Giratina|Max Airstream|p2a: Arceus
|-damage|p2a: Arceus|77/100
|-boost|p1a: Giratina|spe|1
|
|upkeep
|turn|13
|
|t:|1660110148
|move|p1a: Giratina|Max Airstream|p2a: Arceus
|-damage|p2a: Arceus|50/100
|-boost|p1a: Giratina|spe|1
|move|p2a: Arceus|Swords Dance|p2a: Arceus
|-boost|p2a: Arceus|atk|2
|
|upkeep
|turn|14
|
|t:|1660110156
|-start|p2a: Arceus|Dynamax|
|-heal|p2a: Arceus|50/100|[silent]
|move|p2a: Arceus|Max Guard|p2a: Arceus
|-singleturn|p2a: Arceus|Max Guard
|move|p1a: Giratina|Max Airstream|p2a: Arceus
|-activate|p2a: Arceus|move: Max Guard
|
|upkeep
|-end|p1a: Giratina|Dynamax
|-heal|p1a: Giratina|100/100|[silent]
|turn|15
|
|t:|1660110165
|move|p1a: Giratina|Fly||[still]
|-prepare|p1a: Giratina|Fly
|move|p2a: Arceus|Max Phantasm|p1a: Giratina|[miss]
|-miss|p2a: Arceus|p1a: Giratina
|
|upkeep
|turn|16
|
|t:|1660110170
|move|p1a: Giratina|Fly|p2a: Arceus|[from]lockedmove
|-damage|p2a: Arceus|42/100
|move|p2a: Arceus|Max Phantasm|p1a: Giratina
|-supereffective|p1a: Giratina
|-damage|p1a: Giratina|0 fnt
|faint|p1a: Giratina
|
|upkeep
|
|t:|1660110178
|switch|p1a: Liepard|Liepard, F|87/100
|-end|p2a: Arceus|Dynamax
|-heal|p2a: Arceus|42/100|[silent]
|turn|17
|
|t:|1660110182
|switch|p1a: Wobbuffet|Wobbuffet, M|100/100
|move|p2a: Arceus|Extreme Speed|p1a: Wobbuffet
|-damage|p1a: Wobbuffet|24/100
|
|upkeep
|turn|18
|
|t:|1660110188
|move|p2a: Arceus|Extreme Speed|p1a: Wobbuffet
|-damage|p1a: Wobbuffet|0 fnt
|faint|p1a: Wobbuffet
|
|upkeep
|
|t:|1660110193
|switch|p1a: Ditto|Ditto|100/100
|-transform|p1a: Ditto|p2a: Arceus|[from] ability: Imposter
|turn|19
|
|t:|1660110199
|switch|p2a: Calyrex|Calyrex-Shadow|99/100
|-ability|p2a: Calyrex|As One
|-ability|p2a: Calyrex|Unnerve
|move|p1a: Ditto|Extreme Speed|p2a: Calyrex
|-immune|p2a: Calyrex
|
|-heal|p2a: Calyrex|100/100|[from] item: Leftovers
|upkeep
|turn|20
|-message|Dioscira forfeited.
|
|win|alt1445645
|raw|Dioscira's rating: 1530 &rarr; <strong>1521</strong><br />(-9 for losing)
|raw|alt1445645's rating: 1750 &rarr; <strong>1759</strong><br />(+9 for winning)
|l|☆Dioscira
