|j|☆T4nner
|j|☆Dominator296
|t:|1659305214
|gametype|singles
|player|p1|T4nner|red|1707
|player|p2|Dominator296|alder|1880
|teamsize|p1|6
|teamsize|p2|6
|gen|8
|tier|[Gen 8] National Dex AG
|rated|
|rule|HP Percentage Mod: HP is shown in percentages
|rule|Endless Battle Clause: Forcing endless battles is banned
|clearpoke
|poke|p1|Kyogre|
|poke|p1|Groudon|
|poke|p1|Rayquaza|
|poke|p1|Zacian-*|
|poke|p1|Regieleki|
|poke|p1|Calyrex-Shadow|
|poke|p2|Kyogre|
|poke|p2|Groudon|
|poke|p2|Tyranitar, F|
|poke|p2|Necrozma-Dusk-Mane|
|poke|p2|Arceus-*|
|poke|p2|Arceus-*|
|teampreview
|inactive|Battle timer is ON: inactive players will automatically lose when time's up. (requested by T4nner)
|
|t:|1659305219
|start
|switch|p1a: Rayquaza|Rayquaza|100/100
|switch|p2a: Necrozma|Necrozma-Dusk-Mane|100/100
|-ability|p1a: Rayquaza|Air Lock
|turn|1
|
|t:|1659305234
|switch|p1a: Groudon|Groudon|100/100
|detailschange|p1a: Groudon|Groudon-Primal
|-primal|p1a: Groudon
|-weather|DesolateLand|[from] ability: Desolate Land|[of] p1a: Groudon
|detailschange|p2a: Necrozma|Necrozma-Ultra
|-burst|p2a: Necrozma|Necrozma|Ultranecrozium Z
|move|p2a: Necrozma|Thunder Wave|p1a: Groudon
|-immune|p1a: Groudon
|
|-weather|DesolateLand|[upkeep]
|upkeep
|turn|2
|
|t:|1659305239
|move|p2a: Necrozma|Stealth Rock|p1a: Groudon
|-sidestart|p1: T4nner|move: Stealth Rock
|move|p1a: Groudon|Rock Tomb|p2a: Necrozma
|-damage|p2a: Necrozma|72/100
|-unboost|p2a: Necrozma|spe|1
|
|-weather|DesolateLand|[upkeep]
|upkeep
|turn|3
|
|t:|1659305249
|move|p1a: Groudon|Earthquake|p2a: Necrozma
|-damage|p2a: Necrozma|3/100
|-zpower|p2a: Necrozma
|move|p2a: Necrozma|Light That Burns the Sky|p1a: Groudon|[zeffect]
|-damage|p1a: Groudon|9/100
|
|-weather|DesolateLand|[upkeep]
|upkeep
|turn|4
|inactive|T4nner has 120 seconds left.
|
|t:|1659305282
|move|p1a: Groudon|Stealth Rock|p2a: Necrozma
|-sidestart|p2: Dominator296|move: Stealth Rock
|move|p2a: Necrozma|Photon Geyser|p1a: Groudon
|-damage|p1a: Groudon|0 fnt
|faint|p1a: Groudon
|-weather|none
|
|upkeep
|inactive|T4nner has 120 seconds left.
|
|t:|1659305290
|switch|p1a: Regieleki|Regieleki|100/100
|-damage|p1a: Regieleki|88/100|[from] Stealth Rock
|turn|5
|
|t:|1659305299
|move|p1a: Regieleki|Rapid Spin|p2a: Necrozma
|-damage|p2a: Necrozma|0 fnt
|-boost|p1a: Regieleki|spe|1
|-sideend|p1: T4nner|Stealth Rock|[from] move: Rapid Spin|[of] p1a: Regieleki
|faint|p2a: Necrozma
|
|upkeep
|
|t:|1659305308
|switch|p2a: Tyranitar|Tyranitar, F|100/100
|-damage|p2a: Tyranitar|88/100|[from] Stealth Rock
|-weather|Sandstorm|[from] ability: Sand Stream|[of] p2a: Tyranitar
|turn|6
|
|t:|1659305322
|switch|p1a: Zacian|Zacian-Crowned|100/100
|-ability|p1a: Zacian|Intrepid Sword|boost
|-boost|p1a: Zacian|atk|1
|detailschange|p2a: Tyranitar|Tyranitar-Mega, F
|-mega|p2a: Tyranitar|Tyranitar|Tyranitarite
|move|p2a: Tyranitar|Earthquake|p1a: Zacian
|-supereffective|p1a: Zacian
|-damage|p1a: Zacian|18/100
|
|-weather|Sandstorm|[upkeep]
|upkeep
|turn|7
|
|t:|1659305334
|switch|p2a: Groudon|Groudon|100/100
|-damage|p2a: Groudon|94/100|[from] Stealth Rock
|detailschange|p2a: Groudon|Groudon-Primal
|-primal|p2a: Groudon
|-weather|DesolateLand|[from] ability: Desolate Land|[of] p2a: Groudon
|move|p1a: Zacian|Close Combat|p2a: Groudon
|-damage|p2a: Groudon|46/100
|-unboost|p1a: Zacian|def|1
|-unboost|p1a: Zacian|spd|1
|
|-weather|DesolateLand|[upkeep]
|upkeep
|turn|8
|
|t:|1659305345
|move|p1a: Zacian|Close Combat|p2a: Groudon
|-damage|p2a: Groudon|3/100
|-unboost|p1a: Zacian|def|1
|-unboost|p1a: Zacian|spd|1
|move|p2a: Groudon|Fire Punch|p1a: Zacian
|-supereffective|p1a: Zacian
|-damage|p1a: Zacian|0 fnt
|faint|p1a: Zacian
|
|-weather|DesolateLand|[upkeep]
|upkeep
|c|☆T4nner|wow that was a low roll :(
|inactive|T4nner has 120 seconds left.
|
|t:|1659305383
|switch|p1a: Rayquaza|Rayquaza|100/100
|-ability|p1a: Rayquaza|Air Lock
|turn|9
|
|t:|1659305397
|detailschange|p1a: Rayquaza|Rayquaza-Mega
|-mega|p1a: Rayquaza|Rayquaza|
|-weather|DeltaStream|[from] ability: Delta Stream|[of] p1a: Rayquaza
|move|p1a: Rayquaza|Scale Shot|p2a: Groudon|[miss]
|-miss|p1a: Rayquaza|p2a: Groudon
|move|p2a: Groudon|Rock Slide|p1a: Rayquaza
|-activate||deltastream
|-damage|p1a: Rayquaza|62/100
|
|-weather|DeltaStream|[upkeep]
|upkeep
|turn|10
|
|t:|1659305406
|move|p1a: Rayquaza|Scale Shot|p2a: Groudon
|-damage|p2a: Groudon|0 fnt
|faint|p2a: Groudon
|-hitcount|p2: Groudon|1
|-unboost|p1a: Rayquaza|def|1
|-boost|p1a: Rayquaza|spe|1
|-damage|p1a: Rayquaza|52/100|[from] item: Life Orb
|
|-weather|DeltaStream|[upkeep]
|upkeep
|c|☆T4nner|wtf really?
|
|t:|1659305409
|switch|p2a: Arceus|Arceus, shiny|100/100
|-damage|p2a: Arceus|88/100|[from] Stealth Rock
|turn|11
|inactive|T4nner has 120 seconds left.
|
|t:|1659305424
|move|p2a: Arceus|Extreme Speed|p1a: Rayquaza
|-damage|p1a: Rayquaza|0 fnt
|faint|p1a: Rayquaza
|-weather|none
|
|upkeep
|inactive|T4nner has 120 seconds left.
|
|t:|1659305448
|switch|p1a: Calyrex|Calyrex-Shadow|100/100
|-ability|p1a: Calyrex|As One
|-ability|p1a: Calyrex|Unnerve
|turn|12
|
|t:|1659305453
|switch|p2a: Tyranitar|Tyranitar-Mega, F|88/100
|-damage|p2a: Tyranitar|76/100|[from] Stealth Rock
|-weather|Sandstorm|[from] ability: Sand Stream|[of] p2a: Tyranitar
|-start|p1a: Calyrex|Dynamax|
|-heal|p1a: Calyrex|100/100|[silent]
|move|p1a: Calyrex|Max Starfall|p2a: Tyranitar
|-supereffective|p2a: Tyranitar
|-damage|p2a: Tyranitar|33/100
|-fieldstart|move: Misty Terrain
|
|-weather|Sandstorm|[upkeep]
|-damage|p1a: Calyrex|97/100|[from] Sandstorm
|upkeep
|turn|13
|
|t:|1659305477
|move|p1a: Calyrex|Max Starfall|p2a: Tyranitar
|-supereffective|p2a: Tyranitar
|-crit|p2a: Tyranitar
|-damage|p2a: Tyranitar|0 fnt
|faint|p2a: Tyranitar
|-ability|p1a: Calyrex|Grim Neigh|boost
|-boost|p1a: Calyrex|spa|1
|
|-weather|Sandstorm|[upkeep]
|-damage|p1a: Calyrex|94/100|[from] Sandstorm
|upkeep
|
|t:|1659305486
|switch|p2a: Arceus|Arceus, shiny|88/100
|-damage|p2a: Arceus|76/100|[from] Stealth Rock
|turn|14
|
|t:|1659305494
|-start|p2a: Arceus|Dynamax|
|-heal|p2a: Arceus|76/100|[silent]
|move|p1a: Calyrex|Max Mindstorm|p2a: Arceus
|-damage|p2a: Arceus|38/100
|-fieldstart|move: Psychic Terrain
|move|p2a: Arceus|Max Phantasm|p1a: Calyrex
|-supereffective|p1a: Calyrex
|-damage|p1a: Calyrex|0 fnt
|faint|p1a: Calyrex
|
|-weather|Sandstorm|[upkeep]
|-damage|p2a: Arceus|35/100|[from] Sandstorm
|upkeep
|
|t:|1659305508
|switch|p1a: Kyogre|Kyogre|100/100
|detailschange|p1a: Kyogre|Kyogre-Primal
|-primal|p1a: Kyogre
|-weather|PrimordialSea|[from] ability: Primordial Sea|[of] p1a: Kyogre
|turn|15
|
|t:|1659305516
|move|p1a: Kyogre|Surf|p2a: Arceus
|-damage|p2a: Arceus|4/100
|move|p2a: Arceus|Max Strike|p1a: Kyogre
|-damage|p1a: Kyogre|1/100
|-unboost|p1a: Kyogre|spe|1
|
|-weather|PrimordialSea|[upkeep]
|upkeep
|turn|16
|
|t:|1659305523
|move|p2a: Arceus|Max Phantasm|p1a: Kyogre
|-damage|p1a: Kyogre|0 fnt
|faint|p1a: Kyogre
|-weather|none
|
|upkeep
|
|t:|1659305526
|switch|p1a: Regieleki|Regieleki|88/100
|-end|p2a: Arceus|Dynamax
|-heal|p2a: Arceus|4/100|[silent]
|turn|17
|
|t:|1659305537
|move|p2a: Arceus|Extreme Speed|p1a: Regieleki
|-activate|p1a: Regieleki|move: Psychic Terrain
|move|p1a: Regieleki|Thunderbolt|p2a: Arceus
|-damage|p2a: Arceus|0 fnt
|faint|p2a: Arceus
|
|upkeep
|
|t:|1659305544
|switch|p2a: Arceus|Arceus-Flying|100/100
|-damage|p2a: Arceus|76/100|[from] Stealth Rock
|turn|18
|
|t:|1659305553
|move|p1a: Regieleki|Thunderbolt|p2a: Arceus
|-supereffective|p2a: Arceus
|-damage|p2a: Arceus|0 fnt
|faint|p2a: Arceus
|
|-fieldend|move: Psychic Terrain
|upkeep
|
|t:|1659305556
|switch|p2a: Kyogre|Kyogre|100/100
|-damage|p2a: Kyogre|88/100|[from] Stealth Rock
|-weather|RainDance|[from] ability: Drizzle|[of] p2a: Kyogre
|turn|19
|
|t:|1659305573
|move|p1a: Regieleki|Thunderbolt|p2a: Kyogre
|-supereffective|p2a: Kyogre
|-damage|p2a: Kyogre|0 fnt
|faint|p2a: Kyogre
|
|win|T4nner
|raw|T4nner's rating: 1707 &rarr; <strong>1736</strong><br />(+29 for winning)
|raw|Dominator296's rating: 1880 &rarr; <strong>1851</strong><br />(-29 for losing)
|c|☆T4nner|geez
|l|☆Dominator296
||Ladder isn't responding, score probably updated but might not have (Request timeout).
|l|☆T4nner
|j|☆T4nner
|player|p1|T4nner|red
