|j|☆Naofumi_Bakugo_Jax
|j|‽MRH1106
|t:|1668186963
|gametype|singles
|player|p1|Naofumi_Bakugo_Jax|266|1808
|player|p2|MRH1106|101|1943
|teamsize|p1|6
|teamsize|p2|6
|gen|8
|tier|[Gen 8] National Dex AG
|rated|
|rule|HP Percentage Mod: HP is shown in percentages
|rule|Endless Battle Clause: Forcing endless battles is banned
|clearpoke
|poke|p1|Kyogre|
|poke|p1|Yveltal|
|poke|p1|Calyrex-Shadow|
|poke|p1|Swampert, F|
|poke|p1|Arceus-*|
|poke|p1|Zacian-*|
|poke|p2|Arceus-*|
|poke|p2|Rayquaza|
|poke|p2|Yveltal|
|poke|p2|Zacian-*|
|poke|p2|Calyrex-Shadow|
|poke|p2|Ditto|
|teampreview
|
|t:|1668186974
|start
|switch|p1a: Arceus|Arceus, shiny|100/100
|switch|p2a: Arceus|Arceus-Ground|100/100
|turn|1
|inactive|Battle timer is ON: inactive players will automatically lose when time's up. (requested by MRH1106)
|
|t:|1668186983
|move|p1a: Arceus|Magic Coat|p1a: Arceus
|-singleturn|p1a: Arceus|move: Magic Coat
|move|p2a: Arceus|Judgment|p1a: Arceus
|-damage|p1a: Arceus|69/100
|
|upkeep
|turn|2
|
|t:|1668186989
|move|p2a: Arceus|Judgment|p1a: Arceus
|-damage|p1a: Arceus|36/100
|move|p1a: Arceus|Reflect|p1a: Arceus
|-sidestart|p1: Naofumi_Bakugo_Jax|Reflect
|
|upkeep
|turn|3
|
|t:|1668186998
|move|p2a: Arceus|Defog|p1a: Arceus
|-unboost|p1a: Arceus|evasion|1
|-sideend|p1: Naofumi_Bakugo_Jax|Reflect
|move|p1a: Arceus|Tailwind|p1a: Arceus
|-sidestart|p1: Naofumi_Bakugo_Jax|move: Tailwind
|
|upkeep
|turn|4
|
|t:|1668187026
|switch|p1a: Kyogre|Kyogre|100/100
|-weather|RainDance|[from] ability: Drizzle|[of] p1a: Kyogre
|move|p2a: Arceus|Judgment|p1a: Kyogre
|-damage|p1a: Kyogre|70/100
|
|-weather|RainDance|[upkeep]
|upkeep
|turn|5
|
|t:|1668187030
|-start|p1a: Kyogre|Dynamax|
|-heal|p1a: Kyogre|70/100|[silent]
|move|p1a: Kyogre|Max Geyser|p2a: Arceus
|-supereffective|p2a: Arceus
|-damage|p2a: Arceus|0 fnt
|faint|p2a: Arceus
|
|-weather|RainDance|[upkeep]
|upkeep
|
|t:|1668187043
|switch|p2a: Rayquaza|Rayquaza|100/100
|-ability|p2a: Rayquaza|Air Lock
|turn|6
|
|t:|1668187051
|detailschange|p2a: Rayquaza|Rayquaza-Mega
|-mega|p2a: Rayquaza|Rayquaza|
|-weather|DeltaStream|[from] ability: Delta Stream|[of] p2a: Rayquaza
|move|p1a: Kyogre|Max Hailstorm|p2a: Rayquaza
|-activate||deltastream
|-supereffective|p2a: Rayquaza
|-enditem|p2a: Rayquaza|Focus Sash
|-damage|p2a: Rayquaza|1/100
|move|p2a: Rayquaza|Dragon Ascent|p1a: Kyogre
|-damage|p1a: Kyogre|26/100
|-unboost|p2a: Rayquaza|def|1
|-unboost|p2a: Rayquaza|spd|1
|
|-weather|DeltaStream|[upkeep]
|-sideend|p1: Naofumi_Bakugo_Jax|move: Tailwind
|upkeep
|turn|7
|
|t:|1668187078
|-end|p1a: Kyogre|Dynamax
|-heal|p1a: Kyogre|26/100|[silent]
|switch|p1a: Zacian|Zacian-Crowned|100/100
|-ability|p1a: Zacian|Intrepid Sword|boost
|-boost|p1a: Zacian|atk|1
|move|p2a: Rayquaza|Dragon Dance|p2a: Rayquaza
|-boost|p2a: Rayquaza|atk|1
|-boost|p2a: Rayquaza|spe|1
|
|-weather|DeltaStream|[upkeep]
|upkeep
|turn|8
|
|t:|1668187084
|move|p1a: Zacian|Quick Attack|p2a: Rayquaza
|-damage|p2a: Rayquaza|0 fnt
|faint|p2a: Rayquaza
|-weather|none
|
|upkeep
|
|t:|1668187093
|switch|p2a: Zacian|Zacian-Crowned|100/100
|-ability|p2a: Zacian|Intrepid Sword|boost
|-boost|p2a: Zacian|atk|1
|turn|9
|
|t:|1668187117
|switch|p1a: Kyogre|Kyogre|26/100
|-weather|RainDance|[from] ability: Drizzle|[of] p1a: Kyogre
|move|p2a: Zacian|Behemoth Blade|p1a: Kyogre
|-resisted|p1a: Kyogre
|-damage|p1a: Kyogre|0 fnt
|faint|p1a: Kyogre
|
|-weather|RainDance|[upkeep]
|upkeep
|
|t:|1668187119
|switch|p1a: Swampert|Swampert, F|100/100
|turn|10
|
|t:|1668187125
|detailschange|p1a: Swampert|Swampert-Mega, F
|-mega|p1a: Swampert|Swampert|Swampertite
|move|p1a: Swampert|Earthquake|p2a: Zacian
|-supereffective|p2a: Zacian
|-damage|p2a: Zacian|0 fnt
|faint|p2a: Zacian
|
|-weather|RainDance|[upkeep]
|upkeep
|
|t:|1668187135
|switch|p2a: Ditto|Ditto|100/100
|-transform|p2a: Ditto|p1a: Swampert|[from] ability: Imposter
|turn|11
|
|t:|1668187141
|move|p2a: Ditto|Liquidation|p1a: Swampert
|-damage|p1a: Swampert|24/100
|-unboost|p1a: Swampert|def|1
|move|p1a: Swampert|Yawn|p2a: Ditto
|-start|p2a: Ditto|move: Yawn|[of] p1a: Swampert
|
|-weather|RainDance|[upkeep]
|upkeep
|turn|12
|
|t:|1668187162
|switch|p2a: Calyrex|Calyrex-Shadow|100/100
|-ability|p2a: Calyrex|As One
|-ability|p2a: Calyrex|Unnerve
|move|p1a: Swampert|Liquidation|p2a: Calyrex
|-damage|p2a: Calyrex|1/100
|
|-weather|RainDance|[upkeep]
|upkeep
|turn|13
|
|t:|1668187165
|move|p1a: Swampert|Liquidation|p2a: Calyrex
|-damage|p2a: Calyrex|0 fnt
|faint|p2a: Calyrex
|
|-weather|none
|upkeep
|
|t:|1668187166
|switch|p2a: Ditto|Ditto|100/100
|-transform|p2a: Ditto|p1a: Swampert|[from] ability: Imposter
|turn|14
|
|t:|1668187173
|move|p2a: Ditto|Liquidation|p1a: Swampert
|-damage|p1a: Swampert|0 fnt
|faint|p1a: Swampert
|
|upkeep
|
|t:|1668187180
|switch|p1a: Calyrex|Calyrex-Shadow|100/100
|-ability|p1a: Calyrex|As One
|-ability|p1a: Calyrex|Unnerve
|turn|15
|
|t:|1668187189
|move|p1a: Calyrex|Nasty Plot|p1a: Calyrex
|-boost|p1a: Calyrex|spa|2
|move|p2a: Ditto|Liquidation|p1a: Calyrex
|-damage|p1a: Calyrex|32/100
|
|upkeep
|turn|16
|inactive|MRH1106 has 120 seconds left.
|
|t:|1668187238
|switch|p2a: Yveltal|Yveltal|100/100
|-ability|p2a: Yveltal|Dark Aura
|move|p1a: Calyrex|Astral Barrage|p2a: Yveltal
|-resisted|p2a: Yveltal
|-damage|p2a: Yveltal|33/100
|
|upkeep
|turn|17
|
|t:|1668187259
|move|p2a: Yveltal|Sucker Punch||[still]
|-fail|p2a: Yveltal
|move|p1a: Calyrex|Baton Pass|p1a: Calyrex
|
|t:|1668187262
|switch|p1a: Yveltal|Yveltal, shiny|100/100|[from]move: Baton Pass
|-ability|p1a: Yveltal|Dark Aura
|
|upkeep
|turn|18
|
|t:|1668187271
|move|p1a: Yveltal|Tailwind|p1a: Yveltal
|-sidestart|p1: Naofumi_Bakugo_Jax|move: Tailwind
|move|p2a: Yveltal|Oblivion Wing|p1a: Yveltal
|-damage|p1a: Yveltal|50/100
|-heal|p2a: Yveltal|70/100|[from] drain|[of] p1a: Yveltal
|-damage|p2a: Yveltal|61/100|[from] item: Life Orb
|
|upkeep
|turn|19
|inactive|MRH1106 has 120 seconds left.
|
|t:|1668187285
|switch|p1a: Calyrex|Calyrex-Shadow|32/100
|-ability|p1a: Calyrex|As One
|-ability|p1a: Calyrex|Unnerve
|move|p2a: Yveltal|Oblivion Wing|p1a: Calyrex
|-damage|p1a: Calyrex|0 fnt
|-heal|p2a: Yveltal|81/100|[from] drain|[of] p1a: Calyrex
|faint|p1a: Calyrex
|-damage|p2a: Yveltal|71/100|[from] item: Life Orb
|
|upkeep
|
|t:|1668187290
|switch|p1a: Arceus|Arceus, shiny|36/100
|turn|20
|
|t:|1668187294
|-start|p2a: Yveltal|Dynamax|
|-heal|p2a: Yveltal|71/100|[silent]
|move|p1a: Arceus|Reflect|p1a: Arceus
|-sidestart|p1: Naofumi_Bakugo_Jax|Reflect
|move|p2a: Yveltal|Max Airstream|p1a: Arceus
|-damage|p1a: Arceus|0 fnt
|-boost|p2a: Yveltal|spe|1
|faint|p1a: Arceus
|-damage|p2a: Yveltal|66/100|[from] item: Life Orb
|
|upkeep
|j| luisYR_a
|
|t:|1668187302
|switch|p1a: Zacian|Zacian-Crowned|100/100
|-ability|p1a: Zacian|Intrepid Sword|boost
|-boost|p1a: Zacian|atk|1
|turn|21
|
|t:|1668187305
|move|p1a: Zacian|Behemoth Blade|p2a: Yveltal
|-damage|p2a: Yveltal|0 fnt
|faint|p2a: Yveltal
|
|-sideend|p1: Naofumi_Bakugo_Jax|move: Tailwind
|upkeep
|
|t:|1668187309
|switch|p2a: Ditto|Ditto|100/100
|-transform|p2a: Ditto|p1a: Zacian|[from] ability: Imposter
|-ability|p2a: Ditto|Intrepid Sword|boost
|-boost|p2a: Ditto|atk|1
|turn|22
|
|t:|1668187311
|move|p2a: Ditto|Behemoth Blade|p1a: Zacian
|-damage|p1a: Zacian|39/100
|move|p1a: Zacian|Behemoth Blade|p2a: Ditto
|-crit|p2a: Ditto
|-damage|p2a: Ditto|0 fnt
|faint|p2a: Ditto
|
|win|Naofumi_Bakugo_Jax
|raw|Naofumi_Bakugo_Jax's rating: 1808 &rarr; <strong>1835</strong><br />(+27 for winning)
|raw|MRH1106's rating: 1943 &rarr; <strong>1916</strong><br />(-27 for losing)
|l|‽MRH1106
|l| luisYR_a
||Ladder isn't responding, score probably updated but might not have (Request timeout).
