|j|☆dasort
|j|☆eefre
|player|p1|dasort|marlon|1625
|player|p2|eefre|266|1591
|teamsize|p1|6
|teamsize|p2|6
|gametype|singles
|gen|8
|tier|[Gen 8] National Dex AG
|rated|
|clearpoke
|poke|p1|Urshifu-*, F|
|poke|p1|Zygarde|
|poke|p1|Arceus-*|
|poke|p1|Ferrothorn, F|
|poke|p1|Necrozma-Dusk-Mane|
|poke|p1|Xerneas|
|poke|p2|Rayquaza|
|poke|p2|Arceus-*|
|poke|p2|Ho-Oh|
|poke|p2|Necrozma-Dusk-Mane|
|poke|p2|Ditto|
|poke|p2|Eternatus|
|rule|HP Percentage Mod: HP is shown in percentages
|rule|Endless Battle Clause: Forcing endless battles is banned
|teampreview
|inactive|Battle timer is ON: inactive players will automatically lose when time's up. (requested by dasort)
|
|start
|switch|p1a: Xerneas|Xerneas|100/100
|switch|p2a: Eternatus|Eternatus|100/100
|-ability|p2a: Eternatus|Pressure
|-ability|p1a: Xerneas|Fairy Aura
|turn|1
|
|switch|p1a: Arceus|Arceus-Ground|100/100
|move|p2a: Eternatus|Toxic|p1a: Arceus
|-status|p1a: Arceus|tox
|
|-damage|p1a: Arceus|94/100 tox|[from] psn
|upkeep
|turn|2
|
|switch|p2a: Arceus|Arceus-Ground|100/100
|move|p1a: Arceus|Judgment|p2a: Arceus
|-damage|p2a: Arceus|71/100
|
|-damage|p1a: Arceus|82/100 tox|[from] psn
|upkeep
|turn|3
|
|switch|p1a: Ferrothorn|Ferrothorn, F|100/100
|move|p2a: Arceus|Recover|p2a: Arceus
|-heal|p2a: Arceus|100/100
|
|upkeep
|turn|4
|
|switch|p2a: Eternatus|Eternatus|100/100
|-ability|p2a: Eternatus|Pressure
|move|p1a: Ferrothorn|Leech Seed|p2a: Eternatus
|-start|p2a: Eternatus|move: Leech Seed
|
|-damage|p2a: Eternatus|88/100|[from] Leech Seed|[of] p1a: Ferrothorn
|upkeep
|turn|5
|
|switch|p2a: Ho-Oh|Ho-Oh|100/100
|switch|p1a: Arceus|Arceus-Ground|82/100 tox
|
|-damage|p1a: Arceus|76/100 tox|[from] psn
|upkeep
|turn|6
|
|switch|p1a: Zygarde|Zygarde|100/100
|switch|p2a: Arceus|Arceus-Ground|100/100
|
|upkeep
|turn|7
|
|switch|p1a: Ferrothorn|Ferrothorn, F|100/100
|move|p2a: Arceus|Ice Beam|p1a: Ferrothorn
|-damage|p1a: Ferrothorn|85/100
|
|-heal|p1a: Ferrothorn|91/100|[from] item: Leftovers
|upkeep
|turn|8
|
|switch|p2a: Ho-Oh|Ho-Oh|100/100
|move|p1a: Ferrothorn|Leech Seed|p2a: Ho-Oh
|-start|p2a: Ho-Oh|move: Leech Seed
|
|-heal|p1a: Ferrothorn|97/100|[from] item: Leftovers
|-damage|p2a: Ho-Oh|88/100|[from] Leech Seed|[of] p1a: Ferrothorn
|-heal|p1a: Ferrothorn|100/100|[silent]
|upkeep
|turn|9
|
|move|p1a: Ferrothorn|Protect|p1a: Ferrothorn
|-singleturn|p1a: Ferrothorn|Protect
|move|p2a: Ho-Oh|Sacred Fire|p1a: Ferrothorn
|-activate|p1a: Ferrothorn|move: Protect
|
|-damage|p2a: Ho-Oh|75/100|[from] Leech Seed|[of] p1a: Ferrothorn
|upkeep
|turn|10
|j| sdafgggf
|
|switch|p2a: Eternatus|Eternatus|88/100
|-ability|p2a: Eternatus|Pressure
|switch|p1a: Zygarde|Zygarde|100/100
|
|-heal|p2a: Eternatus|94/100|[from] item: Black Sludge
|upkeep
|turn|11
|
|switch|p1a: Necrozma|Necrozma-Dusk-Mane|100/100
|move|p2a: Eternatus|Toxic|p1a: Necrozma
|-immune|p1a: Necrozma
|
|-heal|p2a: Eternatus|100/100|[from] item: Black Sludge
|upkeep
|turn|12
|
|switch|p2a: Necrozma|Necrozma-Dusk-Mane|100/100
|move|p1a: Necrozma|Stealth Rock|p2a: Necrozma
|-sidestart|p2: eefre|move: Stealth Rock
|
|upkeep
|turn|13
|
|switch|p1a: Ferrothorn|Ferrothorn, F|100/100
|move|p2a: Necrozma|Stealth Rock|p1a: Ferrothorn
|-sidestart|p1: dasort|move: Stealth Rock
|
|upkeep
|turn|14
|
|switch|p2a: Ho-Oh|Ho-Oh|100/100
|move|p1a: Ferrothorn|Spikes|p2a: Ho-Oh
|-sidestart|p2: eefre|Spikes
|
|upkeep
|turn|15
|
|switch|p1a: Zygarde|Zygarde|100/100
|-damage|p1a: Zygarde|94/100|[from] Stealth Rock
|move|p2a: Ho-Oh|Brave Bird|p1a: Zygarde
|-damage|p1a: Zygarde|59/100
|-damage|p2a: Ho-Oh|89/100|[from] Recoil
|
|-heal|p1a: Zygarde|65/100|[from] item: Leftovers
|upkeep
|turn|16
|
|switch|p2a: Arceus|Arceus-Ground|100/100
|-damage|p2a: Arceus|94/100|[from] Stealth Rock
|-damage|p2a: Arceus|82/100|[from] Spikes
|move|p1a: Zygarde|Glare|p2a: Arceus
|-status|p2a: Arceus|par
|
|-heal|p1a: Zygarde|72/100|[from] item: Leftovers
|upkeep
|turn|17
|
|switch|p1a: Ferrothorn|Ferrothorn, F|100/100
|-damage|p1a: Ferrothorn|94/100|[from] Stealth Rock
|move|p2a: Arceus|Defog|p1a: Ferrothorn
|-unboost|p1a: Ferrothorn|evasion|1
|-sideend|p1: dasort|Stealth Rock|[from] move: Defog|[of] p2a: Arceus
|-sideend|p2: eefre|Spikes|[from] move: Defog|[of] p2a: Arceus
|-sideend|p2: eefre|Stealth Rock|[from] move: Defog|[of] p2a: Arceus
|
|-heal|p1a: Ferrothorn|100/100|[from] item: Leftovers
|upkeep
|turn|18
|
|switch|p2a: Eternatus|Eternatus|100/100
|-ability|p2a: Eternatus|Pressure
|move|p1a: Ferrothorn|Knock Off|p2a: Eternatus
|-damage|p2a: Eternatus|85/100
|-enditem|p2a: Eternatus|Black Sludge|[from] move: Knock Off|[of] p1a: Ferrothorn
|
|upkeep
|turn|19
|
|switch|p1a: Necrozma|Necrozma-Dusk-Mane|100/100
|move|p2a: Eternatus|Flamethrower|p1a: Necrozma
|-supereffective|p1a: Necrozma
|-damage|p1a: Necrozma|69/100
|
|-heal|p1a: Necrozma|75/100|[from] item: Leftovers
|upkeep
|turn|20
|
|switch|p1a: Arceus|Arceus-Ground|76/100 tox
|move|p2a: Eternatus|Flamethrower|p1a: Arceus
|-damage|p1a: Arceus|58/100 tox
|
|-damage|p1a: Arceus|52/100 tox|[from] psn
|upkeep
|turn|21
|
|move|p2a: Eternatus|Dynamax Cannon|p1a: Arceus
|-damage|p1a: Arceus|23/100 tox
|move|p1a: Arceus|Recover|p1a: Arceus
|-heal|p1a: Arceus|73/100 tox
|
|-damage|p1a: Arceus|61/100 tox|[from] psn
|upkeep
|turn|22
|
|move|p2a: Eternatus|Dynamax Cannon|p1a: Arceus
|-damage|p1a: Arceus|31/100 tox
|move|p1a: Arceus|Judgment|p2a: Eternatus
|-supereffective|p2a: Eternatus
|-damage|p2a: Eternatus|24/100
|
|-damage|p1a: Arceus|13/100 tox|[from] psn
|upkeep
|turn|23
|
|move|p2a: Eternatus|Recover|p2a: Eternatus
|-heal|p2a: Eternatus|74/100
|move|p1a: Arceus|Judgment|p2a: Eternatus
|-supereffective|p2a: Eternatus
|-damage|p2a: Eternatus|15/100
|
|-damage|p1a: Arceus|0 fnt|[from] psn
|faint|p1a: Arceus
|upkeep
|
|switch|p1a: Xerneas|Xerneas|100/100
|-ability|p1a: Xerneas|Fairy Aura
|turn|24
|l| sdafgggf
|
|move|p2a: Eternatus|Toxic|p1a: Xerneas
|-status|p1a: Xerneas|tox
|move|p1a: Xerneas|Thunder Wave|p2a: Eternatus
|-status|p2a: Eternatus|par
|
|-damage|p1a: Xerneas|94/100 tox|[from] psn
|upkeep
|turn|25
|
|move|p1a: Xerneas|Moonblast|p2a: Eternatus
|-damage|p2a: Eternatus|0 fnt
|faint|p2a: Eternatus
|
|-heal|p1a: Xerneas|100/100 tox|[from] item: Leftovers
|-damage|p1a: Xerneas|88/100 tox|[from] psn
|upkeep
|
|switch|p2a: Necrozma|Necrozma-Dusk-Mane|100/100
|turn|26
|
|switch|p1a: Urshifu|Urshifu-Rapid-Strike, F|100/100
|move|p2a: Necrozma|Stealth Rock|p1a: Urshifu
|-sidestart|p1: dasort|move: Stealth Rock
|
|upkeep
|turn|27
|
|switch|p2a: Rayquaza|Rayquaza|100/100
|-ability|p2a: Rayquaza|Air Lock
|move|p1a: Urshifu|Substitute|p1a: Urshifu
|-start|p1a: Urshifu|Substitute
|-damage|p1a: Urshifu|76/100
|
|-heal|p1a: Urshifu|82/100|[from] item: Leftovers
|upkeep
|turn|28
|
|detailschange|p2a: Rayquaza|Rayquaza-Mega
|-mega|p2a: Rayquaza|Rayquaza|
|-weather|DeltaStream|[from] ability: Delta Stream|[of] p2a: Rayquaza
|move|p2a: Rayquaza|Earthquake|p1a: Urshifu
|-end|p1a: Urshifu|Substitute
|move|p1a: Urshifu|Ice Punch|p2a: Rayquaza
|-activate||deltastream
|-supereffective|p2a: Rayquaza
|-damage|p2a: Rayquaza|46/100
|
|-weather|DeltaStream|[upkeep]
|-heal|p1a: Urshifu|88/100|[from] item: Leftovers
|upkeep
|turn|29
|
|switch|p1a: Zygarde|Zygarde|72/100
|-damage|p1a: Zygarde|65/100|[from] Stealth Rock
|move|p2a: Rayquaza|Earthquake|p1a: Zygarde
|-damage|p1a: Zygarde|28/100
|
|-weather|DeltaStream|[upkeep]
|-heal|p1a: Zygarde|34/100|[from] item: Leftovers
|-activate|p1a: Zygarde|ability: Power Construct
|detailschange|p1a: Zygarde|Zygarde-Complete
|-heal|p1a: Zygarde|56/100|[silent]
|upkeep
|turn|30
|inactive|dasort has 120 seconds left.
|
|-weather|none
|switch|p2a: Arceus|Arceus-Ground|82/100 par
|move|p1a: Zygarde|Thousand Arrows|p2a: Arceus
|-damage|p2a: Arceus|67/100 par
|
|-heal|p1a: Zygarde|63/100|[from] item: Leftovers
|upkeep
|turn|31
|
|switch|p1a: Ferrothorn|Ferrothorn, F|100/100
|-damage|p1a: Ferrothorn|94/100|[from] Stealth Rock
|switch|p2a: Ho-Oh|Ho-Oh|100/100
|
|-heal|p1a: Ferrothorn|100/100|[from] item: Leftovers
|upkeep
|turn|32
|
|switch|p1a: Zygarde|Zygarde-Complete|63/100
|-damage|p1a: Zygarde|56/100|[from] Stealth Rock
|move|p2a: Ho-Oh|Sacred Fire|p1a: Zygarde
|-resisted|p1a: Zygarde
|-damage|p1a: Zygarde|47/100
|-status|p1a: Zygarde|brn
|
|-heal|p1a: Zygarde|53/100 brn|[from] item: Leftovers
|-damage|p1a: Zygarde|47/100 brn|[from] brn
|upkeep
|turn|33
|
|switch|p2a: Arceus|Arceus-Ground|67/100 par
|move|p1a: Zygarde|Rest|p1a: Zygarde
|-status|p1a: Zygarde|slp|[from] move: Rest
|-heal|p1a: Zygarde|100/100 slp|[silent]
|
|upkeep
|turn|34
|
|switch|p1a: Ferrothorn|Ferrothorn, F|100/100
|-damage|p1a: Ferrothorn|94/100|[from] Stealth Rock
|move|p2a: Arceus|Ice Beam|p1a: Ferrothorn
|-damage|p1a: Ferrothorn|77/100
|-status|p1a: Ferrothorn|frz
|
|-heal|p1a: Ferrothorn|84/100 frz|[from] item: Leftovers
|upkeep
|turn|35
|
|switch|p2a: Rayquaza|Rayquaza-Mega|46/100
|-weather|DeltaStream|[from] ability: Delta Stream|[of] p2a: Rayquaza
|cant|p1a: Ferrothorn|frz
|
|-weather|DeltaStream|[upkeep]
|-heal|p1a: Ferrothorn|90/100 frz|[from] item: Leftovers
|upkeep
|turn|36
|
|switch|p1a: Zygarde|Zygarde-Complete|100/100 slp
|-damage|p1a: Zygarde|94/100 slp|[from] Stealth Rock
|move|p2a: Rayquaza|Dragon Ascent|p1a: Zygarde
|-damage|p1a: Zygarde|49/100 slp
|-unboost|p2a: Rayquaza|def|1
|-unboost|p2a: Rayquaza|spd|1
|
|-weather|DeltaStream|[upkeep]
|-heal|p1a: Zygarde|55/100 slp|[from] item: Leftovers
|upkeep
|turn|37
|
|-weather|none
|switch|p2a: Arceus|Arceus-Ground|67/100 par
|switch|p1a: Necrozma|Necrozma-Dusk-Mane|75/100
|-damage|p1a: Necrozma|69/100|[from] Stealth Rock
|
|-heal|p1a: Necrozma|75/100|[from] item: Leftovers
|upkeep
|turn|38
|
|switch|p1a: Ferrothorn|Ferrothorn, F|90/100 frz
|-damage|p1a: Ferrothorn|84/100 frz|[from] Stealth Rock
|move|p2a: Arceus|Judgment|p1a: Ferrothorn
|-damage|p1a: Ferrothorn|53/100 frz
|
|-heal|p1a: Ferrothorn|59/100 frz|[from] item: Leftovers
|upkeep
|turn|39
|
|switch|p2a: Rayquaza|Rayquaza-Mega|46/100
|-weather|DeltaStream|[from] ability: Delta Stream|[of] p2a: Rayquaza
|cant|p1a: Ferrothorn|frz
|
|-weather|DeltaStream|[upkeep]
|-heal|p1a: Ferrothorn|66/100 frz|[from] item: Leftovers
|upkeep
|turn|40
|
|switch|p1a: Xerneas|Xerneas|88/100 tox
|-damage|p1a: Xerneas|76/100 tox|[from] Stealth Rock
|-ability|p1a: Xerneas|Fairy Aura
|move|p2a: Rayquaza|Dragon Ascent|p1a: Xerneas
|-damage|p1a: Xerneas|0 fnt
|-unboost|p2a: Rayquaza|def|1
|-unboost|p2a: Rayquaza|spd|1
|faint|p1a: Xerneas
|
|-weather|DeltaStream|[upkeep]
|upkeep
|
|switch|p1a: Necrozma|Necrozma-Dusk-Mane|75/100
|-damage|p1a: Necrozma|69/100|[from] Stealth Rock
|turn|41
|
|-weather|none
|switch|p2a: Arceus|Arceus-Ground|67/100 par
|move|p1a: Necrozma|Stealth Rock|p2a: Arceus
|-sidestart|p2: eefre|move: Stealth Rock
|
|-heal|p1a: Necrozma|75/100|[from] item: Leftovers
|upkeep
|turn|42
|
|switch|p1a: Ferrothorn|Ferrothorn, F|66/100 frz
|-damage|p1a: Ferrothorn|59/100 frz|[from] Stealth Rock
|move|p2a: Arceus|Defog|p1a: Ferrothorn
|-unboost|p1a: Ferrothorn|evasion|1
|-sideend|p1: dasort|Stealth Rock|[from] move: Defog|[of] p2a: Arceus
|-sideend|p2: eefre|Stealth Rock|[from] move: Defog|[of] p2a: Arceus
|
|-heal|p1a: Ferrothorn|66/100 frz|[from] item: Leftovers
|upkeep
|turn|43
|
|switch|p2a: Rayquaza|Rayquaza-Mega|46/100
|-weather|DeltaStream|[from] ability: Delta Stream|[of] p2a: Rayquaza
|cant|p1a: Ferrothorn|frz
|
|-weather|DeltaStream|[upkeep]
|-heal|p1a: Ferrothorn|72/100 frz|[from] item: Leftovers
|upkeep
|turn|44
|
|-curestatus|p1a: Ferrothorn|frz|[msg]
|move|p1a: Ferrothorn|Protect|p1a: Ferrothorn
|-singleturn|p1a: Ferrothorn|Protect
|move|p2a: Rayquaza|V-create|p1a: Ferrothorn
|-activate|p1a: Ferrothorn|move: Protect
|
|-weather|DeltaStream|[upkeep]
|-heal|p1a: Ferrothorn|78/100|[from] item: Leftovers
|upkeep
|turn|45
|
|switch|p1a: Zygarde|Zygarde-Complete|55/100 slp
|move|p2a: Rayquaza|V-create|p1a: Zygarde
|-resisted|p1a: Zygarde
|-damage|p1a: Zygarde|35/100 slp
|-unboost|p2a: Rayquaza|spe|1
|-unboost|p2a: Rayquaza|def|1
|-unboost|p2a: Rayquaza|spd|1
|
|-weather|DeltaStream|[upkeep]
|-heal|p1a: Zygarde|41/100 slp|[from] item: Leftovers
|upkeep
|turn|46
|
|-weather|none
|switch|p2a: Arceus|Arceus-Ground|67/100 par
|switch|p1a: Urshifu|Urshifu-Rapid-Strike, F|88/100
|
|-heal|p1a: Urshifu|94/100|[from] item: Leftovers
|upkeep
|turn|47
|
|switch|p2a: Necrozma|Necrozma-Dusk-Mane|100/100
|move|p1a: Urshifu|Substitute|p1a: Urshifu
|-start|p1a: Urshifu|Substitute
|-damage|p1a: Urshifu|69/100
|
|-heal|p1a: Urshifu|75/100|[from] item: Leftovers
|upkeep
|turn|48
|
|move|p1a: Urshifu|Bulk Up|p1a: Urshifu
|-boost|p1a: Urshifu|atk|1
|-boost|p1a: Urshifu|def|1
|move|p2a: Necrozma|Stealth Rock|p1a: Urshifu
|-sidestart|p1: dasort|move: Stealth Rock
|
|-heal|p1a: Urshifu|81/100|[from] item: Leftovers
|upkeep
|turn|49
|
|move|p1a: Urshifu|Bulk Up|p1a: Urshifu
|-boost|p1a: Urshifu|atk|1
|-boost|p1a: Urshifu|def|1
|move|p2a: Necrozma|Sunsteel Strike|p1a: Urshifu
|-resisted|p1a: Urshifu
|-activate|p1a: Urshifu|move: Substitute|[damage]
|
|-heal|p1a: Urshifu|88/100|[from] item: Leftovers
|upkeep
|turn|50
|
|move|p1a: Urshifu|Bulk Up|p1a: Urshifu
|-boost|p1a: Urshifu|atk|1
|-boost|p1a: Urshifu|def|1
|move|p2a: Necrozma|Sunsteel Strike|p1a: Urshifu
|-resisted|p1a: Urshifu
|-activate|p1a: Urshifu|move: Substitute|[damage]
|
|-heal|p1a: Urshifu|94/100|[from] item: Leftovers
|upkeep
|turn|51
|
|move|p1a: Urshifu|Bulk Up|p1a: Urshifu
|-boost|p1a: Urshifu|atk|1
|-boost|p1a: Urshifu|def|1
|move|p2a: Necrozma|Sunsteel Strike|p1a: Urshifu
|-resisted|p1a: Urshifu
|-end|p1a: Urshifu|Substitute
|
|-heal|p1a: Urshifu|99/100|[from] item: Leftovers
|upkeep
|turn|52
|
|switch|p2a: Ditto|Ditto|100/100
|-transform|p2a: Ditto|p1a: Urshifu|[from] ability: Imposter
|move|p1a: Urshifu|Substitute|p1a: Urshifu
|-start|p1a: Urshifu|Substitute
|-damage|p1a: Urshifu|75/100
|
|-heal|p1a: Urshifu|81/100|[from] item: Leftovers
|upkeep
|turn|53
|
|move|p2a: Ditto|Surging Strikes|p1a: Urshifu
|-resisted|p1a: Urshifu
|-crit|p1a: Urshifu
|-end|p1a: Urshifu|Substitute
|-resisted|p1a: Urshifu
|-crit|p1a: Urshifu
|-damage|p1a: Urshifu|51/100
|-resisted|p1a: Urshifu
|-crit|p1a: Urshifu
|-damage|p1a: Urshifu|20/100
|-hitcount|p1a: Urshifu|3
|move|p1a: Urshifu|Surging Strikes|p2a: Ditto
|-resisted|p2a: Ditto
|-crit|p2a: Ditto
|-damage|p2a: Ditto|67/100
|-resisted|p2a: Ditto
|-crit|p2a: Ditto
|-damage|p2a: Ditto|36/100
|-resisted|p2a: Ditto
|-crit|p2a: Ditto
|-damage|p2a: Ditto|2/100
|-hitcount|p2a: Ditto|3
|
|-heal|p1a: Urshifu|26/100|[from] item: Leftovers
|upkeep
|turn|54
|
|switch|p1a: Ferrothorn|Ferrothorn, F|78/100
|-damage|p1a: Ferrothorn|72/100|[from] Stealth Rock
|move|p2a: Ditto|Surging Strikes|p1a: Ferrothorn
|-resisted|p1a: Ferrothorn
|-crit|p1a: Ferrothorn
|-damage|p1a: Ferrothorn|49/100
|-damage|p2a: Ditto|0 fnt|[from] ability: Iron Barbs|[of] p1a: Ferrothorn
|-hitcount|p1a: Ferrothorn|1
|faint|p2a: Ditto
|
|-heal|p1a: Ferrothorn|55/100|[from] item: Leftovers
|upkeep
|
|switch|p2a: Ho-Oh|Ho-Oh|100/100
|turn|55
|
|switch|p1a: Zygarde|Zygarde-Complete|41/100 slp
|-damage|p1a: Zygarde|35/100 slp|[from] Stealth Rock
|move|p2a: Ho-Oh|Sacred Fire|p1a: Zygarde
|-resisted|p1a: Zygarde
|-damage|p1a: Zygarde|26/100 slp
|
|-heal|p1a: Zygarde|32/100 slp|[from] item: Leftovers
|upkeep
|turn|56
|
|-start|p2a: Ho-Oh|Dynamax
|-heal|p2a: Ho-Oh|100/100|[silent]
|move|p2a: Ho-Oh|Max Airstream|p1a: Zygarde
|-damage|p1a: Zygarde|8/100 slp
|-boost|p2a: Ho-Oh|spe|1
|cant|p1a: Zygarde|slp
|
|-heal|p1a: Zygarde|14/100 slp|[from] item: Leftovers
|upkeep
|turn|57
|
|move|p2a: Ho-Oh|Max Airstream|p1a: Zygarde
|-damage|p1a: Zygarde|0 fnt
|-boost|p2a: Ho-Oh|spe|1
|faint|p1a: Zygarde
|
|upkeep
|
|switch|p1a: Necrozma|Necrozma-Dusk-Mane|75/100
|-damage|p1a: Necrozma|69/100|[from] Stealth Rock
|turn|58
|
|move|p2a: Ho-Oh|Max Flare|p1a: Necrozma
|-supereffective|p1a: Necrozma
|-damage|p1a: Necrozma|16/100
|-weather|SunnyDay
|move|p1a: Necrozma|Morning Sun|p1a: Necrozma
|-heal|p1a: Necrozma|83/100
|
|-weather|SunnyDay|[upkeep]
|-heal|p1a: Necrozma|89/100|[from] item: Leftovers
|-end|p2a: Ho-Oh|Dynamax
|-heal|p2a: Ho-Oh|100/100|[silent]
|upkeep
|turn|59
|
|move|p2a: Ho-Oh|Sacred Fire|p1a: Necrozma
|-supereffective|p1a: Necrozma
|-damage|p1a: Necrozma|23/100
|move|p1a: Necrozma|Knock Off|p2a: Ho-Oh
|-damage|p2a: Ho-Oh|69/100
|-enditem|p2a: Ho-Oh|Heavy-Duty Boots|[from] move: Knock Off|[of] p1a: Necrozma
|
|-weather|SunnyDay|[upkeep]
|-heal|p1a: Necrozma|29/100|[from] item: Leftovers
|upkeep
|turn|60
|
|move|p2a: Ho-Oh|Sacred Fire|p1a: Necrozma
|-supereffective|p1a: Necrozma
|-damage|p1a: Necrozma|0 fnt
|faint|p1a: Necrozma
|
|-weather|SunnyDay|[upkeep]
|upkeep
|
|switch|p1a: Urshifu|Urshifu-Rapid-Strike, F|26/100
|-damage|p1a: Urshifu|20/100|[from] Stealth Rock
|turn|61
|
|-start|p1a: Urshifu|Dynamax
|-heal|p1a: Urshifu|20/100|[silent]
|move|p2a: Ho-Oh|Brave Bird|p1a: Urshifu
|-supereffective|p1a: Urshifu
|-damage|p1a: Urshifu|0 fnt
|-damage|p2a: Ho-Oh|59/100|[from] Recoil
|faint|p1a: Urshifu
|
|-weather|SunnyDay|[upkeep]
|upkeep
|-message|dasort forfeited.
|
|win|eefre
|l|☆dasort
|raw|dasort's rating: 1625 &rarr; <strong>1603</strong><br />(-22 for losing)
|raw|eefre's rating: 1591 &rarr; <strong>1613</strong><br />(+22 for winning)
