|j|☆rajof
|j|☆DarkboiJ
|t:|1668661208
|gametype|singles
|player|p1|rajof|youngster-gen4dp|1844
|player|p2|DarkboiJ|blue-gen3two|2007
|teamsize|p1|6
|teamsize|p2|6
|gen|8
|tier|[Gen 8] National Dex AG
|rated|
|rule|HP Percentage Mod: HP is shown in percentages
|rule|Endless Battle Clause: Forcing endless battles is banned
|clearpoke
|poke|p1|Arceus-*|
|poke|p1|Ditto|
|poke|p1|Chansey, F|
|poke|p1|Lugia|
|poke|p1|Groudon|
|poke|p1|Sableye, M|
|poke|p2|Darkrai|
|poke|p2|Arceus-*|
|poke|p2|Kyogre|
|poke|p2|Ditto|
|poke|p2|Zapdos|
|poke|p2|Arceus-*|
|teampreview
|inactive|Battle timer is ON: inactive players will automatically lose when time's up. (requested by DarkboiJ)
|
|t:|1668661218
|start
|switch|p1a: 깜까미|Sableye, M|100/100
|switch|p2a: Arceus|Arceus-Fairy|100/100
|turn|1
|inactive|rajof has 120 seconds left.
|
|t:|1668661264
|switch|p1a: 럭키|Chansey, F|100/100
|move|p2a: Arceus|Judgment|p1a: 럭키
|-damage|p1a: 럭키|87/100
|
|upkeep
|turn|2
|
|t:|1668661270
|move|p2a: Arceus|Stealth Rock|p1a: 럭키
|-sidestart|p1: rajof|move: Stealth Rock
|move|p1a: 럭키|Toxic|p2a: Arceus
|-status|p2a: Arceus|tox
|
|-damage|p2a: Arceus|94/100 tox|[from] psn
|upkeep
|turn|3
|inactive|rajof has 120 seconds left.
|
|t:|1668661285
|move|p2a: Arceus|Toxic|p1a: 럭키
|-status|p1a: 럭키|tox
|move|p1a: 럭키|Wish|p1a: 럭키
|
|-damage|p2a: Arceus|82/100 tox|[from] psn
|-damage|p1a: 럭키|80/100 tox|[from] psn
|upkeep
|turn|4
|inactive|rajof has 120 seconds left.
|
|t:|1668661292
|switch|p2a: Ditto|Ditto, shiny|100/100
|-transform|p2a: Ditto|p1a: 럭키|[from] ability: Imposter
|move|p1a: 럭키|Seismic Toss|p2a: Ditto
|-damage|p2a: Ditto|67/100
|
|-heal|p1a: 럭키|100/100 tox|[from] move: Wish|[wisher] 럭키
|-damage|p1a: 럭키|88/100 tox|[from] psn
|upkeep
|turn|5
|
|t:|1668661303
|switch|p2a: Kyogre|Kyogre|100/100
|detailschange|p2a: Kyogre|Kyogre-Primal
|-primal|p2a: Kyogre
|-weather|PrimordialSea|[from] ability: Primordial Sea|[of] p2a: Kyogre
|move|p1a: 럭키|Wish|p1a: 럭키
|
|-weather|PrimordialSea|[upkeep]
|-damage|p1a: 럭키|70/100 tox|[from] psn
|upkeep
|turn|6
|
|t:|1668661312
|-curestatus|p1a: 럭키|tox|[from] ability: Natural Cure
|switch|p1a: 그란돈|Groudon|100/100
|-damage|p1a: 그란돈|94/100|[from] Stealth Rock
|detailschange|p1a: 그란돈|Groudon-Primal
|-primal|p1a: 그란돈
|-weather|DesolateLand|[from] ability: Desolate Land|[of] p1a: 그란돈
|move|p2a: Kyogre|Liquidation||[still]
|-fail|p2a: Kyogre|Liquidation|[from] Desolate Land
|
|-weather|DesolateLand|[upkeep]
|-heal|p1a: 그란돈|100/100|[from] move: Wish|[wisher] 럭키
|upkeep
|turn|7
|
|t:|1668661323
|switch|p2a: Arceus|Arceus-Fairy|82/100 tox
|move|p1a: 그란돈|Rock Tomb|p2a: Arceus|[miss]
|-miss|p1a: 그란돈|p2a: Arceus
|
|-weather|DesolateLand|[upkeep]
|-damage|p2a: Arceus|76/100 tox|[from] psn
|upkeep
|turn|8
|
|t:|1668661346
|-weather|none
|switch|p1a: 럭키|Chansey, F|70/100
|-damage|p1a: 럭키|57/100|[from] Stealth Rock
|move|p2a: Arceus|Toxic|p1a: 럭키
|-status|p1a: 럭키|tox
|
|-damage|p2a: Arceus|64/100 tox|[from] psn
|-damage|p1a: 럭키|51/100 tox|[from] psn
|upkeep
|turn|9
|
|t:|1668661373
|switch|p2a: Darkrai|Darkrai|100/100
|move|p1a: 럭키|Wish|p1a: 럭키
|
|-damage|p1a: 럭키|39/100 tox|[from] psn
|upkeep
|turn|10
|
|t:|1668661378
|move|p1a: 럭키|Protect|p1a: 럭키
|-singleturn|p1a: 럭키|Protect
|move|p2a: Darkrai|Substitute|p2a: Darkrai
|-start|p2a: Darkrai|Substitute
|-damage|p2a: Darkrai|76/100
|
|-heal|p1a: 럭키|89/100 tox|[from] move: Wish|[wisher] 럭키
|-heal|p2a: Darkrai|82/100|[from] item: Leftovers
|-damage|p1a: 럭키|70/100 tox|[from] psn
|upkeep
|turn|11
|
|t:|1668661383
|-curestatus|p1a: 럭키|tox|[from] ability: Natural Cure
|switch|p1a: 깜까미|Sableye, M|100/100
|-damage|p1a: 깜까미|88/100|[from] Stealth Rock
|move|p2a: Darkrai|Nasty Plot|p2a: Darkrai
|-boost|p2a: Darkrai|spa|2
|
|-heal|p2a: Darkrai|88/100|[from] item: Leftovers
|upkeep
|turn|12
|
|t:|1668661390
|move|p1a: 깜까미|Encore|p2a: Darkrai
|-hint|Since gen 7, Dark is immune to Prankster moves.
|-immune|p2a: Darkrai
|move|p2a: Darkrai|Nasty Plot|p2a: Darkrai
|-boost|p2a: Darkrai|spa|2
|
|-heal|p2a: Darkrai|94/100|[from] item: Leftovers
|upkeep
|turn|13
|
|t:|1668661396
|detailschange|p1a: 깜까미|Sableye-Mega, M
|-mega|p1a: 깜까미|Sableye|Sablenite
|move|p2a: Darkrai|Dark Pulse|p1a: 깜까미
|-damage|p1a: 깜까미|0 fnt
|faint|p1a: 깜까미
|
|-heal|p2a: Darkrai|99/100|[from] item: Leftovers
|upkeep
|
|t:|1668661404
|switch|p1a: 악르세우스|Arceus-Fairy|100/100
|-damage|p1a: 악르세우스|88/100|[from] Stealth Rock
|turn|14
|
|t:|1668661407
|-start|p1a: 악르세우스|Dynamax|
|-heal|p1a: 악르세우스|88/100|[silent]
|move|p2a: Darkrai|Hypnosis|p1a: 악르세우스
|-status|p1a: 악르세우스|slp|[from] move: Hypnosis
|cant|p1a: 악르세우스|slp
|
|-heal|p2a: Darkrai|100/100|[from] item: Leftovers
|-damage|p1a: 악르세우스|82/100 slp|[from] ability: Bad Dreams|[of] p2a: Darkrai
|upkeep
|turn|15
|
|t:|1668661412
|move|p2a: Darkrai|Dark Pulse|p1a: 악르세우스
|-resisted|p1a: 악르세우스
|-damage|p1a: 악르세우스|62/100 slp
|cant|p1a: 악르세우스|slp
|
|-damage|p1a: 악르세우스|56/100 slp|[from] ability: Bad Dreams|[of] p2a: Darkrai
|upkeep
|turn|16
|
|t:|1668661416
|move|p2a: Darkrai|Dark Pulse|p1a: 악르세우스
|-resisted|p1a: 악르세우스
|-damage|p1a: 악르세우스|35/100 slp
|cant|p1a: 악르세우스|slp
|
|-damage|p1a: 악르세우스|28/100 slp|[from] ability: Bad Dreams|[of] p2a: Darkrai
|upkeep
|-end|p1a: 악르세우스|Dynamax
|-heal|p1a: 악르세우스|28/100 slp|[silent]
|turn|17
|inactive|rajof has 120 seconds left.
|
|t:|1668661457
|move|p2a: Darkrai|Dark Pulse|p1a: 악르세우스
|-resisted|p1a: 악르세우스
|-damage|p1a: 악르세우스|0 fnt
|faint|p1a: 악르세우스
|
|upkeep
|-message|rajof forfeited.
|
|win|DarkboiJ
|raw|rajof's rating: 1844 &rarr; <strong>1833</strong><br />(-11 for losing)
|raw|DarkboiJ's rating: 2007 &rarr; <strong>2018</strong><br />(+11 for winning)
|l|☆rajof
