|j|☆High ladder bros
|j|☆shift3r
|inactive|Battle timer is ON: inactive players will automatically lose when time's up.
|t:|1633299111
|gametype|singles
|player|p1|High ladder bros|will-gen2|
|player|p2|shift3r|ghetsis-gen5bw|
|teamsize|p1|6
|teamsize|p2|6
|gen|8
|tier|[Gen 8] National Dex AG
|rated|Tournament battle
|rule|HP Percentage Mod: HP is shown in percentages
|rule|Endless Battle Clause: Forcing endless battles is banned
|clearpoke
|poke|p1|Arceus-*|
|poke|p1|Arceus-*|
|poke|p1|Groudon|
|poke|p1|Arceus-*|
|poke|p1|Zacian-*|
|poke|p1|Ho-Oh|
|poke|p2|Yveltal|
|poke|p2|Zygarde|
|poke|p2|Arceus-*|
|poke|p2|Necrozma-Dusk-Mane|
|poke|p2|Arceus-*|
|poke|p2|Arceus-*|
|teampreview
|inactive|shift3r also wants the timer to be on.
|inactive|High ladder bros also wants the timer to be on.
|c|☆shift3r|gl
|c|☆High ladder bros|U2
|j| Spectral~Godz9
|inactive|shift3r has 120 seconds left.
|
|t:|1633299142
|start
|switch|p1a: Best case scenario|Groudon, shiny|100/100
|switch|p2a: Necrozma|Necrozma-Dusk-Mane|100/100
|detailschange|p1a: Best case scenario|Groudon-Primal, shiny
|-primal|p1a: Best case scenario
|-weather|DesolateLand|[from] ability: Desolate Land|[of] p1a: Best case scenario
|turn|1
|
|t:|1633299151
|switch|p2a: Yveltal|Yveltal, shiny|100/100
|-ability|p2a: Yveltal|Dark Aura
|move|p1a: Best case scenario|Overheat|p2a: Yveltal
|-damage|p2a: Yveltal|50/100
|-unboost|p1a: Best case scenario|spa|2
|
|-weather|DesolateLand|[upkeep]
|upkeep
|turn|2
|c|☆shift3r|tf
|
|t:|1633299162
|move|p1a: Best case scenario|Stone Edge|p2a: Yveltal
|-supereffective|p2a: Yveltal
|-crit|p2a: Yveltal
|-damage|p2a: Yveltal|0 fnt
|faint|p2a: Yveltal
|
|-weather|DesolateLand|[upkeep]
|upkeep
|
|t:|1633299168
|switch|p2a: Zygarde|Zygarde|100/100
|turn|3
|
|t:|1633299173
|-weather|none
|switch|p1a: Greater good|Arceus-Fairy, shiny|100/100
|move|p2a: Zygarde|Coil|p2a: Zygarde
|-boost|p2a: Zygarde|atk|1
|-boost|p2a: Zygarde|def|1
|-boost|p2a: Zygarde|accuracy|1
|
|upkeep
|turn|4
|
|t:|1633299191
|move|p1a: Greater good|Judgment|p2a: Zygarde
|-supereffective|p2a: Zygarde
|-damage|p2a: Zygarde|22/100
|move|p2a: Zygarde|Thousand Arrows|p1a: Greater good
|-damage|p1a: Greater good|74/100
|
|-heal|p2a: Zygarde|28/100|[from] item: Leftovers
|-activate|p2a: Zygarde|ability: Power Construct
|detailschange|p2a: Zygarde|Zygarde-Complete
|-heal|p2a: Zygarde|53/100|[silent]
|upkeep
|turn|5
|
|t:|1633299209
|switch|p2a: Necrozma|Necrozma-Dusk-Mane|100/100
|move|p1a: Greater good|Judgment|p2a: Necrozma
|-resisted|p2a: Necrozma
|-damage|p2a: Necrozma|81/100
|
|upkeep
|turn|6
|
|t:|1633299217
|switch|p1a: Best case scenario|Groudon-Primal, shiny|100/100
|-weather|DesolateLand|[from] ability: Desolate Land|[of] p1a: Best case scenario
|move|p2a: Necrozma|Sunsteel Strike|p1a: Best case scenario
|-resisted|p1a: Best case scenario
|-damage|p1a: Best case scenario|85/100
|
|-weather|DesolateLand|[upkeep]
|upkeep
|turn|7
|
|t:|1633299226
|switch|p2a: Zygarde|Zygarde-Complete|53/100
|move|p1a: Best case scenario|Stealth Rock|p2a: Zygarde
|-sidestart|p2: shift3r|move: Stealth Rock
|
|-weather|DesolateLand|[upkeep]
|-heal|p2a: Zygarde|59/100|[from] item: Leftovers
|upkeep
|turn|8
|
|t:|1633299237
|move|p1a: Best case scenario|Precipice Blades|p2a: Zygarde|[miss]
|-miss|p1a: Best case scenario|p2a: Zygarde
|move|p2a: Zygarde|Thousand Arrows|p1a: Best case scenario
|-supereffective|p1a: Best case scenario
|-damage|p1a: Best case scenario|42/100
|
|-weather|DesolateLand|[upkeep]
|-heal|p2a: Zygarde|65/100|[from] item: Leftovers
|upkeep
|turn|9
|j| default0
|c|☆shift3r|LOL
|
|t:|1633299249
|-weather|none
|switch|p1a: Greater good|Arceus-Fairy, shiny|74/100
|move|p2a: Zygarde|Thousand Arrows|p1a: Greater good
|-damage|p1a: Greater good|56/100
|
|-heal|p2a: Zygarde|71/100|[from] item: Leftovers
|upkeep
|turn|10
|
|t:|1633299263
|switch|p2a: Necrozma|Necrozma-Dusk-Mane|81/100
|-damage|p2a: Necrozma|75/100|[from] Stealth Rock
|move|p1a: Greater good|Recover|p1a: Greater good
|-heal|p1a: Greater good|100/100
|
|upkeep
|turn|11
|j| ANoobWithoutANameツ
|
|t:|1633299273
|switch|p1a: Fried chicken|Ho-Oh, shiny|100/100
|move|p2a: Necrozma|Sunsteel Strike|p1a: Fried chicken
|-resisted|p1a: Fried chicken
|-damage|p1a: Fried chicken|79/100
|
|upkeep
|turn|12
|
|t:|1633299282
|switch|p2a: Zygarde|Zygarde-Complete|71/100
|-damage|p2a: Zygarde|65/100|[from] Stealth Rock
|move|p1a: Fried chicken|Sacred Fire|p2a: Zygarde
|-resisted|p2a: Zygarde
|-damage|p2a: Zygarde|58/100
|-status|p2a: Zygarde|brn
|
|-heal|p2a: Zygarde|64/100 brn|[from] item: Leftovers
|-damage|p2a: Zygarde|58/100 brn|[from] brn
|upkeep
|turn|13
|
|t:|1633299297
|switch|p1a: Risky business|Arceus-Ground, shiny|100/100
|move|p2a: Zygarde|Thousand Arrows|p1a: Risky business
|-damage|p1a: Risky business|93/100
|
|-heal|p2a: Zygarde|64/100 brn|[from] item: Leftovers
|-damage|p2a: Zygarde|58/100 brn|[from] brn
|upkeep
|turn|14
|
|t:|1633299312
|switch|p2a: Arceus|Arceus-Water|100/100
|-damage|p2a: Arceus|88/100|[from] Stealth Rock
|move|p1a: Risky business|Ice Beam|p2a: Arceus
|-resisted|p2a: Arceus
|-damage|p2a: Arceus|81/100
|
|upkeep
|turn|15
|
|t:|1633299322
|switch|p1a: Best case scenario|Groudon-Primal, shiny|42/100
|-weather|DesolateLand|[from] ability: Desolate Land|[of] p1a: Best case scenario
|-start|p2a: Arceus|Dynamax
|-heal|p2a: Arceus|81/100|[silent]
|move|p2a: Arceus|Max Geyser||[still]
|-fail|p2a: Arceus|Max Geyser|[from] Desolate Land
|
|-weather|DesolateLand|[upkeep]
|upkeep
|turn|16
|c|☆shift3r|ffffff
|
|t:|1633299336
|-end|p2a: Arceus|Dynamax
|-heal|p2a: Arceus|81/100|[silent]
|switch|p2a: Arceus|Arceus-Ground|100/100
|-damage|p2a: Arceus|94/100|[from] Stealth Rock
|move|p1a: Best case scenario|Precipice Blades|p2a: Arceus|[miss]
|-miss|p1a: Best case scenario|p2a: Arceus
|
|-weather|DesolateLand|[upkeep]
|upkeep
|turn|17
|c|☆shift3r|the 1 time i dmax that
|
|t:|1633299352
|-weather|none
|switch|p1a: Woe is me|Arceus-Water, shiny|100/100
|move|p2a: Arceus|Judgment|p1a: Woe is me
|-damage|p1a: Woe is me|67/100
|
|upkeep
|turn|18
|
|t:|1633299370
|switch|p2a: Necrozma|Necrozma-Dusk-Mane|75/100
|-damage|p2a: Necrozma|69/100|[from] Stealth Rock
|move|p1a: Woe is me|Toxic|p2a: Necrozma
|-immune|p2a: Necrozma
|
|upkeep
|turn|19
|
|t:|1633299379
|move|p1a: Woe is me|Recover|p1a: Woe is me
|-heal|p1a: Woe is me|100/100
|move|p2a: Necrozma|Stealth Rock|p1a: Woe is me
|-sidestart|p1: High ladder bros|move: Stealth Rock
|
|upkeep
|turn|20
|
|t:|1633299396
|switch|p1a: Risky business|Arceus-Ground, shiny|93/100
|-damage|p1a: Risky business|86/100|[from] Stealth Rock
|move|p2a: Necrozma|Thunder Wave|p1a: Risky business
|-immune|p1a: Risky business
|
|upkeep
|turn|21
|
|t:|1633299406
|switch|p2a: Arceus|Arceus-Water|81/100
|-damage|p2a: Arceus|68/100|[from] Stealth Rock
|move|p1a: Risky business|Judgment|p2a: Arceus
|-damage|p2a: Arceus|38/100
|
|upkeep
|turn|22
|
|t:|1633299424
|-start|p1a: Risky business|Dynamax
|-heal|p1a: Risky business|86/100|[silent]
|move|p1a: Risky business|Max Quake|p2a: Arceus
|-damage|p2a: Arceus|0 fnt
|-boost|p1a: Risky business|spd|1
|faint|p2a: Arceus
|
|upkeep
|j| sleep welll@!
|c|☆shift3r|Spectral~Godz9 am i playing good?
|l| sleep welll
|
|t:|1633299432
|switch|p2a: Arceus|Arceus-Ground|94/100
|-damage|p2a: Arceus|88/100|[from] Stealth Rock
|turn|23
|
|t:|1633299437
|move|p1a: Risky business|Max Hailstorm|p2a: Arceus
|-supereffective|p2a: Arceus
|-damage|p2a: Arceus|56/100
|-weather|Hail
|move|p2a: Arceus|Ice Beam|p1a: Risky business
|-supereffective|p1a: Risky business
|-damage|p1a: Risky business|75/100
|
|-weather|Hail|[upkeep]
|-damage|p1a: Risky business|71/100|[from] Hail
|-damage|p2a: Arceus|50/100|[from] Hail
|upkeep
|turn|24
|
|t:|1633299448
|move|p1a: Risky business|Max Quake|p2a: Arceus
|-damage|p2a: Arceus|21/100
|-boost|p1a: Risky business|spd|1
|move|p2a: Arceus|Calm Mind|p2a: Arceus
|-boost|p2a: Arceus|spa|1
|-boost|p2a: Arceus|spd|1
|
|-weather|Hail|[upkeep]
|-damage|p1a: Risky business|68/100|[from] Hail
|-damage|p2a: Arceus|15/100|[from] Hail
|-end|p1a: Risky business|Dynamax
|-heal|p1a: Risky business|68/100|[silent]
|upkeep
|turn|25
|c| Spectral~Godz9|I was afk
|c|☆shift3r|tf
|
|t:|1633299460
|move|p1a: Risky business|Ice Beam|p2a: Arceus
|-supereffective|p2a: Arceus
|-damage|p2a: Arceus|0 fnt
|faint|p2a: Arceus
|
|-weather|Hail|[upkeep]
|-damage|p1a: Risky business|62/100|[from] Hail
|upkeep
|
|t:|1633299465
|switch|p2a: Necrozma|Necrozma-Dusk-Mane|69/100
|-damage|p2a: Necrozma|63/100|[from] Stealth Rock
|turn|26
|c| Spectral~Godz9|I battle people too
|c|☆shift3r|the spd
|c|☆shift3r|speed
|c| Spectral~Godz9|uh
|
|t:|1633299478
|switch|p1a: Fried chicken|Ho-Oh, shiny|100/100
|move|p2a: Necrozma|Sunsteel Strike|p1a: Fried chicken
|-resisted|p1a: Fried chicken
|-damage|p1a: Fried chicken|77/100
|
|-weather|Hail|[upkeep]
|-damage|p1a: Fried chicken|71/100|[from] Hail
|-damage|p2a: Necrozma|57/100|[from] Hail
|upkeep
|turn|27
|c| Spectral~Godz9|you lost
|c| Spectral~Godz9|:^
|c|☆shift3r|ik
|
|t:|1633299490
|switch|p2a: Arceus|Arceus|100/100
|-damage|p2a: Arceus|88/100|[from] Stealth Rock
|move|p1a: Fried chicken|Toxic|p2a: Arceus
|-status|p2a: Arceus|tox
|-enditem|p2a: Arceus|Lum Berry|[eat]
|-curestatus|p2a: Arceus|tox|[msg]
|
|-weather|none
|upkeep
|turn|28
|c|☆shift3r|i still have a chance
|
|t:|1633299503
|switch|p1a: Brute force|Zacian-Crowned|100/100
|-damage|p1a: Brute force|94/100|[from] Stealth Rock
|-ability|p1a: Brute force|Intrepid Sword|boost
|-boost|p1a: Brute force|atk|1
|move|p2a: Arceus|Swords Dance|p2a: Arceus
|-boost|p2a: Arceus|atk|2
|
|upkeep
|turn|29
|
|t:|1633299513
|move|p1a: Brute force|Close Combat|p2a: Arceus
|-supereffective|p2a: Arceus
|-damage|p2a: Arceus|0 fnt
|-unboost|p1a: Brute force|def|1
|-unboost|p1a: Brute force|spd|1
|faint|p2a: Arceus
|
|upkeep
|c|☆shift3r|nvm
|c|☆shift3r|gg
|-message|shift3r forfeited.
|
|win|High ladder bros
|n|☆High ladder bros|highladderbros
|n|☆shift3r|shift3r
|n| Spectral~Godz9|spectralgodz9
|n| default0|default0
|n| ANoobWithoutANameツ|anoobwithoutaname
