|j|☆King-HenryTheThird
|j|☆OnMaWa
|player|p1|King-HenryTheThird|ghetsis|1775
|player|p2|OnMaWa|psychic-gen4|1854
|teamsize|p1|6
|teamsize|p2|6
|gametype|singles
|gen|8
|tier|[Gen 8] National Dex AG
|rated|
|clearpoke
|poke|p1|Zygarde|
|poke|p1|Zacian-Crowned|
|poke|p1|Groudon|
|poke|p1|Ho-Oh|
|poke|p1|Yveltal|
|poke|p1|Ditto|
|poke|p2|Arceus-*|
|poke|p2|Xerneas|
|poke|p2|Lugia|
|poke|p2|Zacian-Crowned|
|poke|p2|Necrozma-Dusk-Mane|
|poke|p2|Yveltal|
|rule|HP Percentage Mod: HP is shown in percentages
|rule|Endless Battle Clause: Forcing endless battles is banned
|teampreview
|c|☆OnMaWa|Again
|c|☆King-HenryTheThird|yeah
|c|☆King-HenryTheThird|lol
|inactive|Battle timer is ON: inactive players will automatically lose when time's up. (requested by King-HenryTheThird)
|
|start
|switch|p1a: 虹の神|Ho-Oh, shiny|100/100
|switch|p2a: Yveltal|Yveltal, shiny|100/100
|-ability|p2a: Yveltal|Dark Aura
|turn|1
|
|move|p2a: Yveltal|Taunt|p1a: 虹の神
|-start|p1a: 虹の神|move: Taunt
|cant|p1a: 虹の神|move: Taunt|Toxic
|
|upkeep
|turn|2
|
|-start|p2a: Yveltal|Dynamax
|-heal|p2a: Yveltal|100/100|[silent]
|move|p2a: Yveltal|Max Airstream|p1a: 虹の神
|-damage|p1a: 虹の神|49/100
|-boost|p2a: Yveltal|spe|1
|-damage|p2a: Yveltal|96/100|[from] item: Life Orb
|move|p1a: 虹の神|Sacred Fire|p2a: Yveltal
|-damage|p2a: Yveltal|76/100
|
|upkeep
|turn|3
|inactive|OnMaWa has 120 seconds left.
|
|switch|p1a: 竜|Zygarde, shiny|100/100
|move|p2a: Yveltal|Max Flare|p1a: 竜
|-resisted|p1a: 竜
|-damage|p1a: 竜|72/100
|-weather|SunnyDay
|-damage|p2a: Yveltal|71/100|[from] item: Life Orb
|
|-weather|SunnyDay|[upkeep]
|upkeep
|turn|4
|
|switch|p1a: 虹の神|Ho-Oh, shiny|82/100
|move|p2a: Yveltal|Max Darkness|p1a: 虹の神
|-damage|p1a: 虹の神|13/100
|-unboost|p1a: 虹の神|spd|1
|-damage|p2a: Yveltal|66/100|[from] item: Life Orb
|
|-weather|SunnyDay|[upkeep]
|-end|p2a: Yveltal|Dynamax
|-heal|p2a: Yveltal|66/100|[silent]
|upkeep
|turn|5
|
|switch|p1a: 怪物|Groudon, shiny|100/100
|detailschange|p1a: 怪物|Groudon-Primal, shiny
|-primal|p1a: 怪物
|-weather|DesolateLand|[from] ability: Desolate Land|[of] p1a: 怪物
|move|p2a: Yveltal|Oblivion Wing|p1a: 怪物
|-damage|p1a: 怪物|60/100
|-heal|p2a: Yveltal|98/100|[from] drain|[of] p1a: 怪物
|-damage|p2a: Yveltal|88/100|[from] item: Life Orb
|
|-weather|DesolateLand|[upkeep]
|upkeep
|turn|6
|
|move|p2a: Yveltal|Dark Pulse|p1a: 怪物
|-damage|p1a: 怪物|6/100
|-damage|p2a: Yveltal|78/100|[from] item: Life Orb
|move|p1a: 怪物|Thunder Wave|p2a: Yveltal
|-status|p2a: Yveltal|par
|
|-weather|DesolateLand|[upkeep]
|upkeep
|turn|7
|inactive|OnMaWa has 90 seconds left.
|
|move|p2a: Yveltal|Oblivion Wing|p1a: 怪物
|-damage|p1a: 怪物|0 fnt
|-heal|p2a: Yveltal|82/100 par|[from] drain|[of] p1a: 怪物
|-damage|p2a: Yveltal|73/100 par|[from] item: Life Orb
|faint|p1a: 怪物
|-weather|none
|
|upkeep
|
|switch|p1a: 死亡|Yveltal|100/100
|-ability|p1a: 死亡|Dark Aura
|turn|8
|
|move|p1a: 死亡|Oblivion Wing|p2a: Yveltal
|-crit|p2a: Yveltal
|-damage|p2a: Yveltal|0 fnt
|-damage|p1a: 死亡|91/100|[from] item: Life Orb
|faint|p2a: Yveltal
|
|upkeep
|inactive|OnMaWa has 90 seconds left.
|c|☆OnMaWa|Whyvcrit now
|
|switch|p2a: Zacian|Zacian-Crowned|100/100
|-ability|p2a: Zacian|Intrepid Sword|boost
|-boost|p2a: Zacian|atk|1
|turn|9
|c|☆King-HenryTheThird|idk?
|
|switch|p1a: 虹の神|Ho-Oh, shiny|46/100
|move|p2a: Zacian|Behemoth Blade|p1a: 虹の神
|-resisted|p1a: 虹の神
|-damage|p1a: 虹の神|16/100
|
|upkeep
|turn|10
|
|move|p2a: Zacian|Behemoth Blade|p1a: 虹の神
|-resisted|p1a: 虹の神
|-damage|p1a: 虹の神|0 fnt
|faint|p1a: 虹の神
|
|upkeep
|
|switch|p1a: 悪魔|Ditto, shiny|100/100
|-transform|p1a: 悪魔|p2a: Zacian|[from] ability: Imposter
|-ability|p1a: 悪魔|Intrepid Sword|boost
|-boost|p1a: 悪魔|atk|1
|turn|11
|
|switch|p2a: Lugia|Lugia|100/100
|move|p1a: 悪魔|Behemoth Blade|p2a: Lugia
|-crit|p2a: Lugia
|-damage|p2a: Lugia|57/100
|
|upkeep
|turn|12
|c|☆OnMaWa|Pfff
|c|☆OnMaWa|I lost now
|
|move|p1a: 悪魔|Behemoth Blade|p2a: Lugia
|-damage|p2a: Lugia|0 fnt
|faint|p2a: Lugia
|
|upkeep
|c|☆King-HenryTheThird|i can always choke
|inactive|OnMaWa has 60 seconds left.
|c|☆King-HenryTheThird|and give u the game
|c|☆King-HenryTheThird|like last time'
|c|☆King-HenryTheThird|double t wave
|
|switch|p2a: Necrozma|Necrozma-Dusk-Mane|100/100
|turn|13
|
|switch|p1a: 死亡|Yveltal|91/100
|-ability|p1a: 死亡|Dark Aura
|move|p2a: Necrozma|Earthquake|p1a: 死亡
|-immune|p1a: 死亡
|
|upkeep
|turn|14
|
|-start|p1a: 死亡|Dynamax
|-heal|p1a: 死亡|91/100|[silent]
|move|p1a: 死亡|Max Airstream|p2a: Necrozma
|-resisted|p2a: Necrozma
|-damage|p2a: Necrozma|58/100
|-boost|p1a: 死亡|spe|1
|-damage|p1a: 死亡|86/100|[from] item: Life Orb
|move|p2a: Necrozma|Rock Slide|p1a: 死亡
|-supereffective|p1a: 死亡
|-damage|p1a: 死亡|54/100
|
|upkeep
|turn|15
|inactive|OnMaWa has 30 seconds left.
|inactive|OnMaWa has 20 seconds left.
|inactive|OnMaWa has 15 seconds left.
|inactive|OnMaWa has 10 seconds left.
|
|move|p1a: 死亡|Max Darkness|p2a: Necrozma
|-supereffective|p2a: Necrozma
|-damage|p2a: Necrozma|0 fnt
|-damage|p1a: 死亡|49/100|[from] item: Life Orb
|faint|p2a: Necrozma
|
|upkeep
|inactive|OnMaWa has 15 seconds left this turn.
|inactive|OnMaWa has 10 seconds left.
|inactive|OnMaWa has 5 seconds left.
|
|switch|p2a: Xerneas|Xerneas, shiny|100/100
|-ability|p2a: Xerneas|Fairy Aura
|turn|16
|inactive|OnMaWa has 15 seconds left this turn.
|inactive|OnMaWa has 10 seconds left.
|
|move|p1a: 死亡|Max Steelspike|p2a: Xerneas
|-supereffective|p2a: Xerneas
|-crit|p2a: Xerneas
|-damage|p2a: Xerneas|0 fnt
|-boost|p1a: 死亡|def|1
|-damage|p1a: 死亡|44/100|[from] item: Life Orb
|faint|p2a: Xerneas
|
|-end|p1a: 死亡|Dynamax
|-heal|p1a: 死亡|44/100|[silent]
|upkeep
|inactive|OnMaWa has 15 seconds left this turn.
|inactive|OnMaWa has 10 seconds left.
|c|☆King-HenryTheThird|ggwp
|inactive|OnMaWa has 5 seconds left.
|
|switch|p2a: Arceus|Arceus|100/100
|turn|17
|inactive|OnMaWa has 15 seconds left this turn.
|inactive|OnMaWa has 10 seconds left.
|
|move|p2a: Arceus|Extreme Speed|p1a: 死亡
|-damage|p1a: 死亡|10/100
|move|p1a: 死亡|Dark Pulse|p2a: Arceus
|-damage|p2a: Arceus|43/100
|-damage|p1a: 死亡|0 fnt|[from] item: Life Orb
|faint|p1a: 死亡
|
|upkeep
|inactive|OnMaWa has 15 seconds left this turn.
|
|switch|p1a: 王様|Zacian-Crowned|100/100
|-ability|p1a: 王様|Intrepid Sword|boost
|-boost|p1a: 王様|atk|1
|turn|18
|inactive|OnMaWa has 25 seconds left this turn.
|inactive|OnMaWa has 20 seconds left.
|inactive|OnMaWa has 15 seconds left.
|
|switch|p2a: Zacian|Zacian-Crowned|100/100
|-ability|p2a: Zacian|Intrepid Sword|boost
|-boost|p2a: Zacian|atk|1
|move|p1a: 王様|Close Combat|p2a: Zacian
|-damage|p2a: Zacian|21/100
|-unboost|p1a: 王様|def|1
|-unboost|p1a: 王様|spd|1
|
|upkeep
|turn|19
|inactive|OnMaWa has 25 seconds left this turn.
|inactive|OnMaWa has 20 seconds left.
|inactive|OnMaWa has 15 seconds left.
|inactive|OnMaWa has 10 seconds left.
|
|move|p2a: Zacian|Play Rough|p1a: 王様
|-resisted|p1a: 王様
|-damage|p1a: 王様|42/100
|move|p1a: 王様|Behemoth Blade|p2a: Zacian
|-damage|p2a: Zacian|0 fnt
|faint|p2a: Zacian
|
|upkeep
|inactive|OnMaWa has 15 seconds left this turn.
|inactive|OnMaWa has 10 seconds left.
|
|switch|p2a: Arceus|Arceus|43/100
|turn|20
|inactive|OnMaWa has 20 seconds left this turn.
|
|move|p2a: Arceus|Extreme Speed|p1a: 王様
|-resisted|p1a: 王様
|-damage|p1a: 王様|4/100
|move|p1a: 王様|Close Combat|p2a: Arceus
|-supereffective|p2a: Arceus
|-damage|p2a: Arceus|0 fnt
|-unboost|p1a: 王様|def|1
|-unboost|p1a: 王様|spd|1
|faint|p2a: Arceus
|
|win|King-HenryTheThird
|inactive|OnMaWa has 25 seconds left this turn.
|raw|King-HenryTheThird's rating: 1775 &rarr; <strong>1800</strong><br />(+25 for winning)
|raw|OnMaWa's rating: 1854 &rarr; <strong>1830</strong><br />(-24 for losing)
