|j|☆TotallyUnknownMan
|j|☆DJ Phoenix da Poet
|t:|1656773338
|gametype|singles
|player|p1|TotallyUnknownMan|cilan|1530
|player|p2|DJ Phoenix da Poet|red|1679
|teamsize|p1|6
|teamsize|p2|6
|gen|8
|tier|[Gen 8] National Dex AG
|rated|
|rule|HP Percentage Mod: HP is shown in percentages
|rule|Endless Battle Clause: Forcing endless battles is banned
|clearpoke
|poke|p1|Marshadow|
|poke|p1|Arceus-*|
|poke|p1|Cinderace, F|
|poke|p1|Barbaracle, F|
|poke|p1|Thundurus, M|
|poke|p1|Lycanroc-Dusk, F|
|poke|p2|Necrozma-Dusk-Mane|
|poke|p2|Calyrex-Shadow|
|poke|p2|Zacian-*|
|poke|p2|Groudon|
|poke|p2|Ditto|
|poke|p2|Yveltal|
|teampreview
|
|t:|1656773354
|start
|switch|p1a: Thundurus|Thundurus, M|100/100
|switch|p2a: Yveltal|Yveltal|100/100
|-ability|p2a: Yveltal|Dark Aura
|turn|1
|
|t:|1656773364
|-start|p2a: Yveltal|Dynamax|
|-heal|p2a: Yveltal|100/100|[silent]
|move|p1a: Thundurus|Nasty Plot|p1a: Thundurus
|-boost|p1a: Thundurus|spa|2
|move|p2a: Yveltal|Max Airstream|p1a: Thundurus
|-resisted|p1a: Thundurus
|-damage|p1a: Thundurus|36/100
|-boost|p2a: Yveltal|spe|1
|-damage|p2a: Yveltal|96/100|[from] item: Life Orb
|
|upkeep
|turn|2
|j| SpaceSpeakers
|
|t:|1656773382
|-start|p1a: Thundurus|Dynamax|
|-heal|p1a: Thundurus|36/100|[silent]
|move|p2a: Yveltal|Max Airstream|p1a: Thundurus
|-resisted|p1a: Thundurus
|-damage|p1a: Thundurus|4/100
|-boost|p2a: Yveltal|spe|1
|-damage|p2a: Yveltal|91/100|[from] item: Life Orb
|move|p1a: Thundurus|Max Lightning|p2a: Yveltal
|-supereffective|p2a: Yveltal
|-damage|p2a: Yveltal|0 fnt
|-fieldstart|move: Electric Terrain
|faint|p2a: Yveltal
|
|upkeep
|c| SpaceSpeakers|vailon
|
|t:|1656773401
|switch|p2a: Calyrex|Calyrex-Shadow|100/100
|-ability|p2a: Calyrex|As One
|-ability|p2a: Calyrex|Unnerve
|turn|3
|
|t:|1656773410
|move|p1a: Thundurus|Max Guard|p1a: Thundurus
|-singleturn|p1a: Thundurus|Max Guard
|move|p2a: Calyrex|Astral Barrage|p1a: Thundurus
|-activate|p1a: Thundurus|move: Max Guard
|
|upkeep
|turn|4
|
|t:|1656773423
|-end|p1a: Thundurus|Dynamax
|-heal|p1a: Thundurus|4/100|[silent]
|switch|p1a: Arceus|Arceus|100/100
|move|p2a: Calyrex|Astral Barrage|p1a: Arceus
|-immune|p1a: Arceus
|
|upkeep
|turn|5
|
|t:|1656773436
|switch|p2a: Zacian|Zacian-Crowned|100/100
|-ability|p2a: Zacian|Intrepid Sword|boost
|-boost|p2a: Zacian|atk|1
|move|p1a: Arceus|Bulldoze|p2a: Zacian
|-supereffective|p2a: Zacian
|-damage|p2a: Zacian|43/100
|-unboost|p2a: Zacian|spe|1
|
|upkeep
|turn|6
|
|t:|1656773446
|move|p1a: Arceus|Bulldoze|p2a: Zacian
|-supereffective|p2a: Zacian
|-damage|p2a: Zacian|0 fnt
|faint|p2a: Zacian
|
|-fieldend|move: Electric Terrain
|upkeep
|c| SpaceSpeakers|non
|
|t:|1656773457
|switch|p2a: Calyrex|Calyrex-Shadow|100/100
|-ability|p2a: Calyrex|As One
|-ability|p2a: Calyrex|Unnerve
|turn|7
|
|t:|1656773465
|move|p2a: Calyrex|Astral Barrage|p1a: Arceus
|-immune|p1a: Arceus
|move|p1a: Arceus|Bulldoze|p2a: Calyrex
|-damage|p2a: Calyrex|68/100
|-unboost|p2a: Calyrex|spe|1
|
|upkeep
|turn|8
|c|☆DJ Phoenix da Poet|Mjam
|c|☆DJ Phoenix da Poet|Nham
|c|☆DJ Phoenix da Poet|Fuck myself
|c|☆TotallyUnknownMan|I
|
|t:|1656773486
|move|p1a: Arceus|Bulldoze|p2a: Calyrex
|-damage|p2a: Calyrex|31/100
|-unboost|p2a: Calyrex|spe|1
|move|p2a: Calyrex|Draining Kiss|p1a: Arceus
|-damage|p1a: Arceus|83/100
|-heal|p2a: Calyrex|46/100|[from] drain|[of] p1a: Arceus
|
|upkeep
|turn|9
|c|☆TotallyUnknownMan|Can't understand u
|c| SpaceSpeakers|lollllllll
|
|t:|1656773505
|move|p1a: Arceus|Bulldoze|p2a: Calyrex
|-damage|p2a: Calyrex|7/100
|-unboost|p2a: Calyrex|spe|1
|move|p2a: Calyrex|Psychic|p1a: Arceus
|-damage|p1a: Arceus|37/100
|
|upkeep
|turn|10
|c|☆DJ Phoenix da Poet|Wrong move lmao
|
|t:|1656773514
|move|p1a: Arceus|Bulldoze|p2a: Calyrex
|-damage|p2a: Calyrex|0 fnt
|faint|p2a: Calyrex
|
|upkeep
|
|t:|1656773520
|switch|p2a: Necrozma|Necrozma-Dusk-Mane|100/100
|turn|11
|
|t:|1656773524
|move|p1a: Arceus|Bulldoze|p2a: Necrozma
|-supereffective|p2a: Necrozma
|-damage|p2a: Necrozma|67/100
|-unboost|p2a: Necrozma|spe|1
|-enditem|p2a: Necrozma|Weakness Policy
|-boost|p2a: Necrozma|atk|2|[from] item: Weakness Policy
|-boost|p2a: Necrozma|spa|2|[from] item: Weakness Policy
|move|p2a: Necrozma|Trick Room|p2a: Necrozma
|-fieldstart|move: Trick Room|[of] p2a: Necrozma
|
|upkeep
|turn|12
|
|t:|1656773535
|move|p2a: Necrozma|Photon Geyser|p1a: Arceus
|-damage|p1a: Arceus|0 fnt
|faint|p1a: Arceus
|
|upkeep
|
|t:|1656773542
|switch|p1a: Marshadow|Marshadow|100/100
|turn|13
|c| SpaceSpeakers|rip
|
|t:|1656773553
|move|p2a: Necrozma|Photon Geyser|p1a: Marshadow
|-supereffective|p1a: Marshadow
|-enditem|p1a: Marshadow|Focus Sash
|-damage|p1a: Marshadow|1/100
|move|p1a: Marshadow|Spectral Thief||[still]
|-clearpositiveboost|p2a: Necrozma|p1a: Marshadow|move: Spectral Thief
|-boost|p1a: Marshadow|atk|2
|-boost|p1a: Marshadow|spa|2
|-anim|p1a: Marshadow|Spectral Thief|p2a: Necrozma
|-supereffective|p2a: Necrozma
|-damage|p2a: Necrozma|0 fnt
|faint|p2a: Necrozma
|
|upkeep
|
|t:|1656773557
|switch|p2a: Groudon|Groudon|100/100
|detailschange|p2a: Groudon|Groudon-Primal
|-primal|p2a: Groudon
|-weather|DesolateLand|[from] ability: Desolate Land|[of] p2a: Groudon
|turn|14
|
|t:|1656773577
|move|p2a: Groudon|Fire Punch|p1a: Marshadow
|-damage|p1a: Marshadow|0 fnt
|faint|p1a: Marshadow
|
|-weather|DesolateLand|[upkeep]
|upkeep
|c|☆DJ Phoenix da Poet|Sao cứ wrong move những lúc như vậy
|c|☆DJ Phoenix da Poet|Sucks
|c| SpaceSpeakers|thua thg giẻ rách này thỉ bỏ game
|
|t:|1656773588
|switch|p1a: Thundurus|Thundurus, M|4/100
|turn|15
|
|t:|1656773593
|move|p2a: Groudon|Fire Punch|p1a: Thundurus
|-damage|p1a: Thundurus|0 fnt
|faint|p1a: Thundurus
|
|-weather|DesolateLand|[upkeep]
|-fieldend|move: Trick Room
|upkeep
|
|t:|1656773606
|switch|p1a: Lycanroc|Lycanroc-Dusk, F|100/100
|turn|16
|c|☆DJ Phoenix da Poet|Probablt
|
|t:|1656773612
|move|p1a: Lycanroc|Drill Run|p2a: Groudon
|-supereffective|p2a: Groudon
|-damage|p2a: Groudon|52/100
|move|p2a: Groudon|Earthquake|p1a: Lycanroc
|-supereffective|p1a: Lycanroc
|-enditem|p1a: Lycanroc|Focus Sash
|-damage|p1a: Lycanroc|1/100
|
|-weather|DesolateLand|[upkeep]
|upkeep
|turn|17
|
|t:|1656773624
|move|p1a: Lycanroc|Drill Run|p2a: Groudon
|-supereffective|p2a: Groudon
|-damage|p2a: Groudon|5/100
|move|p2a: Groudon|Earthquake|p1a: Lycanroc
|-supereffective|p1a: Lycanroc
|-damage|p1a: Lycanroc|0 fnt
|faint|p1a: Lycanroc
|
|-weather|DesolateLand|[upkeep]
|upkeep
|
|t:|1656773635
|switch|p1a: Cinderace|Cinderace, F|100/100
|turn|18
|c|☆DJ Phoenix da Poet|Ra nhầm move
|c|☆DJ Phoenix da Poet|That's the problem
|
|t:|1656773646
|move|p1a: Cinderace|Acrobatics|p2a: Groudon
|-start|p1a: Cinderace|typechange|Flying|[from] ability: Libero
|-damage|p2a: Groudon|0 fnt
|faint|p2a: Groudon
|-weather|none
|
|upkeep
|
|t:|1656773649
|switch|p2a: Ditto|Ditto|100/100
|-transform|p2a: Ditto|p1a: Cinderace|[from] ability: Imposter
|turn|19
|c| SpaceSpeakers|ngu = thua
|
|t:|1656773658
|move|p1a: Cinderace|Acrobatics|p2a: Ditto
|-damage|p2a: Ditto|59/100
|move|p2a: Ditto|Pyro Ball|p1a: Cinderace
|-start|p2a: Ditto|typechange|Fire|[from] ability: Libero
|-damage|p1a: Cinderace|4/100
|
|upkeep
|turn|20
|
|t:|1656773668
|move|p1a: Cinderace|Acrobatics|p2a: Ditto
|-damage|p2a: Ditto|15/100
|move|p2a: Ditto|Acrobatics|p1a: Cinderace
|-start|p2a: Ditto|typechange|Flying|[from] ability: Libero
|-damage|p1a: Cinderace|0 fnt
|faint|p1a: Cinderace
|
|upkeep
|c|☆TotallyUnknownMan|Gg
|c| SpaceSpeakers|gg
|
|t:|1656773678
|switch|p1a: Barbaracle|Barbaracle, F|100/100
|turn|21
|c| SpaceSpeakers|lollll
|
|t:|1656773687
|move|p2a: Ditto|High Jump Kick|p1a: Barbaracle|[miss]
|-start|p2a: Ditto|typechange|Fighting|[from] ability: Libero
|-miss|p2a: Ditto|p1a: Barbaracle
|-damage|p2a: Ditto|0 fnt|[from] highjumpkick
|faint|p2a: Ditto
|
|win|TotallyUnknownMan
|raw|TotallyUnknownMan's rating: 1530 &rarr; <strong>1558</strong><br />(+28 for winning)
|raw|DJ Phoenix da Poet's rating: 1679 &rarr; <strong>1651</strong><br />(-28 for losing)
|c|☆DJ Phoenix da Poet|Missef
|c|☆DJ Phoenix da Poet|Fuck
|c|☆TotallyUnknownMan|Well played
