|j|☆Aarsh2601
|j|☆GroundskeeperOop
|t:|1634568268
|gametype|singles
|player|p1|Aarsh2601|red|1356
|player|p2|GroundskeeperOop|cynthia-gen4|1331
|teamsize|p1|6
|teamsize|p2|6
|gen|8
|tier|[Gen 8] National Dex AG
|rated|
|rule|HP Percentage Mod: HP is shown in percentages
|rule|Endless Battle Clause: Forcing endless battles is banned
|clearpoke
|poke|p1|Mewtwo|
|poke|p1|Dragapult, M|
|poke|p1|Pheromosa|
|poke|p1|Weavile, M|
|poke|p1|Cinderace, M|
|poke|p1|Zacian-*|
|poke|p2|Blastoise, M|
|poke|p2|Kyogre|
|poke|p2|Dracovish|
|poke|p2|Greninja, M|
|poke|p2|Tapu Fini|
|poke|p2|Urshifu-*, M|
|teampreview
|inactive|Battle timer is ON: inactive players will automatically lose when time's up. (requested by GroundskeeperOop)
|inactive|Aarsh2601 also wants the timer to be on.
|
|t:|1634568281
|start
|switch|p1a: Pheromosa|Pheromosa, shiny|100/100
|switch|p2a: Tyler Blevins|Greninja, M, shiny|100/100
|turn|1
|
|t:|1634568289
|switch|p2a: Narwhal Pride|Tapu Fini|100/100
|-fieldstart|move: Misty Terrain|[from] ability: Misty Surge|[of] p2a: Narwhal Pride
|move|p1a: Pheromosa|High Jump Kick|p2a: Narwhal Pride
|-resisted|p2a: Narwhal Pride
|-damage|p2a: Narwhal Pride|66/100
|
|-heal|p2a: Narwhal Pride|72/100|[from] item: Leftovers
|upkeep
|turn|2
|
|t:|1634568302
|-zpower|p1a: Pheromosa
|move|p1a: Pheromosa|Tectonic Rage|p2a: Narwhal Pride|[zeffect]
|-damage|p2a: Narwhal Pride|20/100
|move|p2a: Narwhal Pride|Moonblast|p1a: Pheromosa
|-supereffective|p1a: Pheromosa
|-damage|p1a: Pheromosa|0 fnt
|faint|p1a: Pheromosa
|
|-heal|p2a: Narwhal Pride|26/100|[from] item: Leftovers
|upkeep
|
|t:|1634568315
|switch|p1a: Weavile|Weavile, M|100/100
|-ability|p1a: Weavile|Pressure
|turn|3
|
|t:|1634568325
|move|p1a: Weavile|Fake Out|p2a: Narwhal Pride
|-damage|p2a: Narwhal Pride|14/100
|cant|p2a: Narwhal Pride|flinch
|
|-heal|p2a: Narwhal Pride|20/100|[from] item: Leftovers
|upkeep
|turn|4
|
|t:|1634568333
|move|p1a: Weavile|Night Slash|p2a: Narwhal Pride
|-resisted|p2a: Narwhal Pride
|-damage|p2a: Narwhal Pride|5/100
|move|p2a: Narwhal Pride|Moonblast|p1a: Weavile
|-supereffective|p1a: Weavile
|-damage|p1a: Weavile|9/100
|
|-heal|p2a: Narwhal Pride|11/100|[from] item: Leftovers
|upkeep
|turn|5
|
|t:|1634568342
|move|p1a: Weavile|Night Slash|p2a: Narwhal Pride
|-resisted|p2a: Narwhal Pride
|-crit|p2a: Narwhal Pride
|-damage|p2a: Narwhal Pride|0 fnt
|faint|p2a: Narwhal Pride
|
|-fieldend|Misty Terrain
|upkeep
|
|t:|1634568358
|switch|p2a: Tyler Blevins|Greninja, M, shiny|100/100
|turn|6
|
|t:|1634568368
|move|p2a: Tyler Blevins|Water Shuriken|p1a: Weavile
|-start|p2a: Tyler Blevins|typechange|Water|[from] ability: Protean
|-damage|p1a: Weavile|0 fnt
|faint|p1a: Weavile
|-hitcount|p1: Weavile|1
|
|upkeep
|
|t:|1634568381
|switch|p1a: Zacian|Zacian-Crowned|100/100
|-ability|p1a: Zacian|Intrepid Sword|boost
|-boost|p1a: Zacian|atk|1
|turn|7
|
|t:|1634568394
|move|p2a: Tyler Blevins|Water Shuriken|p1a: Zacian
|-damage|p1a: Zacian|91/100
|-damage|p1a: Zacian|81/100
|-damage|p1a: Zacian|72/100
|-hitcount|p1a: Zacian|3
|move|p1a: Zacian|Play Rough|p2a: Tyler Blevins|[miss]
|-miss|p1a: Zacian|p2a: Tyler Blevins
|
|upkeep
|turn|8
|
|t:|1634568405
|move|p2a: Tyler Blevins|Water Shuriken|p1a: Zacian
|-damage|p1a: Zacian|63/100
|-damage|p1a: Zacian|53/100
|-damage|p1a: Zacian|44/100
|-hitcount|p1a: Zacian|3
|move|p1a: Zacian|Swords Dance|p1a: Zacian
|-boost|p1a: Zacian|atk|2
|
|upkeep
|turn|9
|
|t:|1634568415
|move|p2a: Tyler Blevins|Water Shuriken|p1a: Zacian
|-damage|p1a: Zacian|35/100
|-damage|p1a: Zacian|25/100
|-damage|p1a: Zacian|15/100
|-damage|p1a: Zacian|6/100
|-hitcount|p1a: Zacian|4
|move|p1a: Zacian|Play Rough|p2a: Tyler Blevins
|-damage|p2a: Tyler Blevins|0 fnt
|faint|p2a: Tyler Blevins
|
|upkeep
|
|t:|1634568434
|switch|p2a: Jacko Blacko|Urshifu-Rapid-Strike, M|100/100
|turn|10
|
|t:|1634568438
|move|p2a: Jacko Blacko|Aqua Jet|p1a: Zacian
|-damage|p1a: Zacian|0 fnt
|faint|p1a: Zacian
|
|upkeep
|
|t:|1634568445
|switch|p1a: Dragapult|Dragapult, M, shiny|100/100
|turn|11
|
|t:|1634568452
|switch|p2a: Ghost Gun|Blastoise, M, shiny|100/100
|move|p1a: Dragapult|Dragon Dance|p1a: Dragapult
|-boost|p1a: Dragapult|atk|1
|-boost|p1a: Dragapult|spe|1
|
|upkeep
|turn|12
|
|t:|1634568459
|detailschange|p2a: Ghost Gun|Blastoise-Mega, M, shiny
|-mega|p2a: Ghost Gun|Blastoise|Blastoisinite
|move|p1a: Dragapult|Phantom Force||[still]
|-prepare|p1a: Dragapult|Phantom Force
|move|p2a: Ghost Gun|Dark Pulse|p1a: Dragapult|[miss]
|-miss|p2a: Ghost Gun|p1a: Dragapult
|
|upkeep
|turn|13
|
|t:|1634568467
|move|p1a: Dragapult|Phantom Force|p2a: Ghost Gun|[from]lockedmove
|-damage|p2a: Ghost Gun|32/100
|move|p2a: Ghost Gun|Dark Pulse|p1a: Dragapult
|-supereffective|p1a: Dragapult
|-damage|p1a: Dragapult|0 fnt
|faint|p1a: Dragapult
|
|upkeep
|
|t:|1634568476
|switch|p1a: Cinderace|Cinderace, M|100/100
|turn|14
|
|t:|1634568482
|-start|p1a: Cinderace|Dynamax
|-formechange|p1a: Cinderace|Cinderace-Gmax
|-heal|p1a: Cinderace|100/100|[silent]
|move|p1a: Cinderace|Max Knuckle|p2a: Ghost Gun
|-start|p1a: Cinderace|typechange|Fighting|[from] ability: Libero
|-damage|p2a: Ghost Gun|0 fnt
|-boost|p1a: Cinderace|atk|1
|faint|p2a: Ghost Gun
|
|upkeep
|
|t:|1634568499
|switch|p2a: Rigged Election|Dracovish|100/100
|turn|15
|
|t:|1634568506
|-start|p2a: Rigged Election|Dynamax
|-heal|p2a: Rigged Election|100/100|[silent]
|move|p1a: Cinderace|Max Knuckle|p2a: Rigged Election
|-damage|p2a: Rigged Election|61/100
|-boost|p1a: Cinderace|atk|1
|move|p2a: Rigged Election|Max Wyrmwind|p1a: Cinderace
|-damage|p1a: Cinderace|54/100
|-unboost|p1a: Cinderace|atk|1
|
|upkeep
|turn|16
|
|t:|1634568519
|move|p1a: Cinderace|Max Knuckle|p2a: Rigged Election
|-damage|p2a: Rigged Election|23/100
|-boost|p1a: Cinderace|atk|1
|move|p2a: Rigged Election|Max Wyrmwind|p1a: Cinderace
|-damage|p1a: Cinderace|6/100
|-unboost|p1a: Cinderace|atk|1
|
|-end|p1a: Cinderace|Dynamax
|-formechange|p1a: Cinderace|Cinderace
|-heal|p1a: Cinderace|6/100|[silent]
|upkeep
|turn|17
|
|t:|1634568544
|move|p1a: Cinderace|High Jump Kick|p2a: Rigged Election
|-damage|p2a: Rigged Election|0 fnt
|faint|p2a: Rigged Election
|
|upkeep
|
|t:|1634568551
|switch|p2a: Jacko Blacko|Urshifu-Rapid-Strike, M|100/100
|turn|18
|
|t:|1634568556
|move|p2a: Jacko Blacko|Aqua Jet|p1a: Cinderace
|-damage|p1a: Cinderace|0 fnt
|faint|p1a: Cinderace
|
|upkeep
|
|t:|1634568562
|switch|p1a: Mewtwo|Mewtwo|100/100
|-ability|p1a: Mewtwo|Pressure
|turn|19
|
|t:|1634568571
|switch|p2a: Big Black Seaman|Kyogre, shiny|100/100
|detailschange|p2a: Big Black Seaman|Kyogre-Primal, shiny
|-primal|p2a: Big Black Seaman
|-weather|PrimordialSea|[from] ability: Primordial Sea|[of] p2a: Big Black Seaman
|detailschange|p1a: Mewtwo|Mewtwo-Mega-Y
|-mega|p1a: Mewtwo|Mewtwo|Mewtwonite Y
|move|p1a: Mewtwo|Calm Mind|p1a: Mewtwo
|-boost|p1a: Mewtwo|spa|1
|-boost|p1a: Mewtwo|spd|1
|
|-weather|PrimordialSea|[upkeep]
|upkeep
|turn|20
|
|t:|1634568582
|move|p1a: Mewtwo|Calm Mind|p1a: Mewtwo
|-boost|p1a: Mewtwo|spa|1
|-boost|p1a: Mewtwo|spd|1
|move|p2a: Big Black Seaman|Thunder|p1a: Mewtwo
|-damage|p1a: Mewtwo|81/100
|
|-weather|PrimordialSea|[upkeep]
|upkeep
|turn|21
|
|t:|1634568590
|move|p1a: Mewtwo|Calm Mind|p1a: Mewtwo
|-boost|p1a: Mewtwo|spa|1
|-boost|p1a: Mewtwo|spd|1
|move|p2a: Big Black Seaman|Thunder|p1a: Mewtwo
|-damage|p1a: Mewtwo|64/100
|
|-weather|PrimordialSea|[upkeep]
|upkeep
|turn|22
|
|t:|1634568598
|move|p1a: Mewtwo|Calm Mind|p1a: Mewtwo
|-boost|p1a: Mewtwo|spa|1
|-boost|p1a: Mewtwo|spd|1
|move|p2a: Big Black Seaman|Thunder|p1a: Mewtwo
|-damage|p1a: Mewtwo|52/100
|
|-weather|PrimordialSea|[upkeep]
|upkeep
|turn|23
|
|t:|1634568605
|move|p1a: Mewtwo|Recover|p1a: Mewtwo
|-heal|p1a: Mewtwo|100/100
|move|p2a: Big Black Seaman|Thunder|p1a: Mewtwo
|-damage|p1a: Mewtwo|85/100
|-status|p1a: Mewtwo|par
|
|-weather|PrimordialSea|[upkeep]
|upkeep
|turn|24
|
|t:|1634568614
|move|p2a: Big Black Seaman|Origin Pulse|p1a: Mewtwo
|-damage|p1a: Mewtwo|53/100 par
|move|p1a: Mewtwo|Calm Mind|p1a: Mewtwo
|-boost|p1a: Mewtwo|spa|1
|-boost|p1a: Mewtwo|spd|1
|
|-weather|PrimordialSea|[upkeep]
|upkeep
|turn|25
|
|t:|1634568621
|move|p2a: Big Black Seaman|Origin Pulse|p1a: Mewtwo
|-damage|p1a: Mewtwo|28/100 par
|move|p1a: Mewtwo|Recover|p1a: Mewtwo
|-heal|p1a: Mewtwo|78/100 par
|
|-weather|PrimordialSea|[upkeep]
|upkeep
|turn|26
|
|t:|1634568629
|move|p2a: Big Black Seaman|Origin Pulse|p1a: Mewtwo
|-damage|p1a: Mewtwo|51/100 par
|move|p1a: Mewtwo|Calm Mind|p1a: Mewtwo
|-boost|p1a: Mewtwo|spa|1
|-boost|p1a: Mewtwo|spd|1
|
|-weather|PrimordialSea|[upkeep]
|upkeep
|turn|27
|
|t:|1634568636
|move|p2a: Big Black Seaman|Origin Pulse|p1a: Mewtwo
|-damage|p1a: Mewtwo|29/100 par
|move|p1a: Mewtwo|Recover|p1a: Mewtwo
|-heal|p1a: Mewtwo|79/100 par
|
|-weather|PrimordialSea|[upkeep]
|upkeep
|turn|28
|
|t:|1634568643
|move|p2a: Big Black Seaman|Origin Pulse|p1a: Mewtwo
|-damage|p1a: Mewtwo|57/100 par
|cant|p1a: Mewtwo|par
|
|-weather|PrimordialSea|[upkeep]
|upkeep
|turn|29
|
|t:|1634568649
|move|p2a: Big Black Seaman|Origin Pulse|p1a: Mewtwo
|-crit|p1a: Mewtwo
|-damage|p1a: Mewtwo|0 fnt
|faint|p1a: Mewtwo
|
|win|GroundskeeperOop
|raw|Aarsh2601's rating: 1356 &rarr; <strong>1335</strong><br />(-21 for losing)
|raw|GroundskeeperOop's rating: 1331 &rarr; <strong>1352</strong><br />(+21 for winning)
|c|☆GroundskeeperOop|gg
|l|☆Aarsh2601
||Ladder isn't responding, score probably updated but might not have (Request timeout).
