|j|☆BigDuckie
|j|☆RivalLucky
|player|p1|BigDuckie|workerice|1373
|player|p2|RivalLucky|64|1356
|teamsize|p1|6
|teamsize|p2|6
|gametype|singles
|gen|8
|tier|[Gen 8] National Dex AG
|rated|
|clearpoke
|poke|p1|Zacian-Crowned|
|poke|p1|Dracovish|
|poke|p1|Toxapex, F|
|poke|p1|Ditto|
|poke|p1|Yveltal|
|poke|p1|Gengar, F|
|poke|p2|Sylveon, F|
|poke|p2|Bewear, M|
|poke|p2|Ditto|
|poke|p2|Cinderace, M|
|poke|p2|Sableye, M|
|poke|p2|Vanilluxe, M|
|rule|HP Percentage Mod: HP is shown in percentages
|rule|Endless Battle Clause: Forcing endless battles is banned
|teampreview
|
|start
|switch|p1a: Doom|Yveltal, shiny|100/100
|switch|p2a: Bauble|Sableye, M|100/100
|-ability|p1a: Doom|Dark Aura
|turn|1
|
|detailschange|p2a: Bauble|Sableye-Mega, M
|-mega|p2a: Bauble|Sableye|Sablenite
|-start|p1a: Doom|Dynamax
|-heal|p1a: Doom|100/100|[silent]
|move|p1a: Doom|Max Darkness|p2a: Bauble
|-damage|p2a: Bauble|16/100
|-unboost|p2a: Bauble|spd|1
|move|p2a: Bauble|Recover|p2a: Bauble
|-heal|p2a: Bauble|66/100
|
|upkeep
|turn|2
|
|switch|p2a: Viv|Sylveon, F|100/100
|move|p1a: Doom|Max Darkness|p2a: Viv
|-resisted|p2a: Viv
|-damage|p2a: Viv|78/100
|-unboost|p2a: Viv|spd|1
|
|-heal|p2a: Viv|85/100|[from] item: Leftovers
|upkeep
|turn|3
|
|move|p1a: Doom|Max Flare|p2a: Viv
|-damage|p2a: Viv|47/100
|-weather|SunnyDay
|move|p2a: Viv|Calm Mind|p2a: Viv
|-boost|p2a: Viv|spa|1
|-boost|p2a: Viv|spd|1
|
|-weather|SunnyDay|[upkeep]
|-heal|p2a: Viv|53/100|[from] item: Leftovers
|-end|p1a: Doom|Dynamax
|-heal|p1a: Doom|100/100|[silent]
|upkeep
|turn|4
|
|move|p1a: Doom|Oblivion Wing|p2a: Viv
|-damage|p2a: Viv|17/100
|move|p2a: Viv|Draining Kiss|p1a: Doom
|-supereffective|p1a: Doom
|-damage|p1a: Doom|50/100
|-heal|p2a: Viv|55/100|[from] drain|[of] p1a: Doom
|
|-weather|SunnyDay|[upkeep]
|-heal|p2a: Viv|61/100|[from] item: Leftovers
|upkeep
|turn|5
|
|move|p1a: Doom|Oblivion Wing|p2a: Viv
|-damage|p2a: Viv|30/100
|-heal|p1a: Doom|73/100|[from] drain|[of] p2a: Viv
|move|p2a: Viv|Mystical Fire|p1a: Doom
|-damage|p1a: Doom|39/100
|-unboost|p1a: Doom|spa|1
|
|-weather|SunnyDay|[upkeep]
|-heal|p2a: Viv|36/100|[from] item: Leftovers
|upkeep
|turn|6
|
|move|p1a: Doom|Oblivion Wing|p2a: Viv
|-damage|p2a: Viv|13/100
|-heal|p1a: Doom|56/100|[from] drain|[of] p2a: Viv
|move|p2a: Viv|Draining Kiss|p1a: Doom
|-supereffective|p1a: Doom
|-damage|p1a: Doom|10/100
|-heal|p2a: Viv|47/100|[from] drain|[of] p1a: Doom
|
|-weather|SunnyDay|[upkeep]
|-heal|p2a: Viv|54/100|[from] item: Leftovers
|upkeep
|turn|7
|
|switch|p1a: Sword Doggo|Zacian-Crowned|100/100
|-ability|p1a: Sword Doggo|Intrepid Sword|boost
|-boost|p1a: Sword Doggo|atk|1
|move|p2a: Viv|Draining Kiss|p1a: Sword Doggo
|-resisted|p1a: Sword Doggo
|-damage|p1a: Sword Doggo|88/100
|-heal|p2a: Viv|61/100|[from] drain|[of] p1a: Sword Doggo
|
|-weather|none
|-heal|p2a: Viv|68/100|[from] item: Leftovers
|upkeep
|turn|8
|c|☆RivalLucky|More like “doomed”
|
|switch|p2a: Cinderace|Cinderace, M|100/100
|move|p1a: Sword Doggo|Behemoth Blade|p2a: Cinderace
|-resisted|p2a: Cinderace
|-crit|p2a: Cinderace
|-damage|p2a: Cinderace|0 fnt
|faint|p2a: Cinderace
|
|upkeep
|
|switch|p2a: Imago|Ditto, shiny|100/100
|-transform|p2a: Imago|p1a: Sword Doggo|[from] ability: Imposter
|-ability|p2a: Imago|Intrepid Sword|boost
|-boost|p2a: Imago|atk|1
|turn|9
|
|switch|p1a: Spiky|Toxapex, F, shiny|100/100
|move|p2a: Imago|Behemoth Blade|p1a: Spiky
|-resisted|p1a: Spiky
|-crit|p1a: Spiky
|-damage|p1a: Spiky|41/100
|
|-heal|p1a: Spiky|48/100|[from] item: Leftovers
|upkeep
|turn|10
|
|move|p2a: Imago|Behemoth Blade|p1a: Spiky
|-resisted|p1a: Spiky
|-damage|p1a: Spiky|5/100
|move|p1a: Spiky|Haze|p1a: Spiky
|-clearallboost
|
|-heal|p1a: Spiky|11/100|[from] item: Leftovers
|upkeep
|turn|11
|
|move|p2a: Imago|Behemoth Blade|p1a: Spiky
|-resisted|p1a: Spiky
|-damage|p1a: Spiky|0 fnt
|faint|p1a: Spiky
|
|upkeep
|
|switch|p1a: Sword Doggo|Zacian-Crowned|88/100
|-ability|p1a: Sword Doggo|Intrepid Sword|boost
|-boost|p1a: Sword Doggo|atk|1
|turn|12
|
|switch|p2a: Scoop|Vanilluxe, M|100/100
|-weather|Hail|[from] ability: Snow Warning|[of] p2a: Scoop
|move|p1a: Sword Doggo|Behemoth Blade|p2a: Scoop
|-supereffective|p2a: Scoop
|-enditem|p2a: Scoop|Focus Sash
|-damage|p2a: Scoop|1/100
|
|-weather|Hail|[upkeep]
|-damage|p1a: Sword Doggo|82/100|[from] Hail
|upkeep
|turn|13
|
|switch|p1a: Ditto|Ditto|100/100
|-transform|p1a: Ditto|p2a: Scoop|[from] ability: Imposter
|move|p2a: Scoop|Aurora Veil|p2a: Scoop
|-sidestart|p2: RivalLucky|move: Aurora Veil
|
|-weather|Hail|[upkeep]
|upkeep
|turn|14
|
|switch|p2a: Viv|Sylveon, F|68/100
|move|p1a: Ditto|Ice Shard|p2a: Viv
|-damage|p2a: Viv|60/100
|
|-weather|Hail|[upkeep]
|-damage|p2a: Viv|54/100|[from] Hail
|-heal|p2a: Viv|60/100|[from] item: Leftovers
|upkeep
|turn|15
|
|move|p1a: Ditto|Ice Shard|p2a: Viv
|-damage|p2a: Viv|53/100
|move|p2a: Viv|Mystical Fire|p1a: Ditto
|-supereffective|p1a: Ditto
|-damage|p1a: Ditto|68/100
|-unboost|p1a: Ditto|spa|1
|
|-weather|Hail|[upkeep]
|-damage|p2a: Viv|47/100|[from] Hail
|-heal|p2a: Viv|53/100|[from] item: Leftovers
|upkeep
|turn|16
|
|move|p1a: Ditto|Ice Shard|p2a: Viv
|-damage|p2a: Viv|45/100
|move|p2a: Viv|Draining Kiss|p1a: Ditto
|-damage|p1a: Ditto|50/100
|-heal|p2a: Viv|55/100|[from] drain|[of] p1a: Ditto
|
|-weather|none
|-heal|p2a: Viv|61/100|[from] item: Leftovers
|upkeep
|turn|17
|
|move|p1a: Ditto|Ice Shard|p2a: Viv
|-damage|p2a: Viv|54/100
|move|p2a: Viv|Mystical Fire|p1a: Ditto
|-supereffective|p1a: Ditto
|-damage|p1a: Ditto|16/100
|-unboost|p1a: Ditto|spa|1
|
|-heal|p2a: Viv|60/100|[from] item: Leftovers
|-sideend|p2: RivalLucky|move: Aurora Veil
|upkeep
|turn|18
|
|switch|p2a: Rosevelt|Bewear, M|100/100
|move|p1a: Ditto|Ice Shard|p2a: Rosevelt
|-damage|p2a: Rosevelt|91/100
|
|-heal|p2a: Rosevelt|98/100|[from] item: Leftovers
|upkeep
|turn|19
|
|-activate|p1a: Ditto|move: Struggle
|move|p1a: Ditto|Struggle|p2a: Rosevelt
|-damage|p2a: Rosevelt|94/100
|-damage|p1a: Ditto|0 fnt|[from] recoil
|faint|p1a: Ditto
|move|p2a: Rosevelt|Shadow Claw|p1: Ditto|[notarget]
|-fail|p2a: Rosevelt
|
|-heal|p2a: Rosevelt|99/100|[from] item: Leftovers
|upkeep
|
|switch|p1a: FEESH|Dracovish|100/100
|turn|20
|
|-start|p2a: Rosevelt|Dynamax
|-heal|p2a: Rosevelt|99/100|[silent]
|move|p1a: FEESH|Fishious Rend|p2a: Rosevelt
|-damage|p2a: Rosevelt|83/100
|move|p2a: Rosevelt|Max Knuckle|p1a: FEESH
|-damage|p1a: FEESH|59/100
|-boost|p2a: Rosevelt|atk|1
|
|-heal|p2a: Rosevelt|87/100|[from] item: Leftovers
|upkeep
|turn|21
|
|switch|p1a: Doom|Yveltal, shiny|10/100
|-ability|p1a: Doom|Dark Aura
|move|p2a: Rosevelt|Max Phantasm|p1a: Doom
|-resisted|p1a: Doom
|-damage|p1a: Doom|0 fnt
|faint|p1a: Doom
|
|-heal|p2a: Rosevelt|90/100|[from] item: Leftovers
|upkeep
|
|switch|p1a: FEESH|Dracovish|59/100
|turn|22
|
|move|p1a: FEESH|Psychic Fangs|p2a: Rosevelt
|-supereffective|p2a: Rosevelt
|-damage|p2a: Rosevelt|78/100
|move|p2a: Rosevelt|Max Phantasm|p1a: FEESH
|-damage|p1a: FEESH|1/100
|-unboost|p1a: FEESH|def|1
|
|-heal|p2a: Rosevelt|81/100|[from] item: Leftovers
|-end|p2a: Rosevelt|Dynamax
|-heal|p2a: Rosevelt|81/100|[silent]
|upkeep
|turn|23
|
|move|p1a: FEESH|Psychic Fangs|p2a: Rosevelt
|-supereffective|p2a: Rosevelt
|-damage|p2a: Rosevelt|57/100
|move|p2a: Rosevelt|Shadow Claw|p1a: FEESH
|-damage|p1a: FEESH|0 fnt
|faint|p1a: FEESH
|
|-heal|p2a: Rosevelt|64/100|[from] item: Leftovers
|upkeep
|
|switch|p1a: Sword Doggo|Zacian-Crowned|82/100
|-ability|p1a: Sword Doggo|Intrepid Sword|boost
|-boost|p1a: Sword Doggo|atk|1
|turn|24
|
|move|p1a: Sword Doggo|Behemoth Blade|p2a: Rosevelt
|-damage|p2a: Rosevelt|32/100
|move|p2a: Rosevelt|Drain Punch|p1a: Sword Doggo
|-damage|p1a: Sword Doggo|36/100
|-heal|p2a: Rosevelt|49/100|[from] drain|[of] p1a: Sword Doggo
|
|-heal|p2a: Rosevelt|55/100|[from] item: Leftovers
|upkeep
|turn|25
|
|move|p1a: Sword Doggo|Sacred Sword|p2a: Rosevelt
|-supereffective|p2a: Rosevelt
|-damage|p2a: Rosevelt|12/100
|move|p2a: Rosevelt|Shadow Claw|p1a: Sword Doggo
|-damage|p1a: Sword Doggo|4/100
|
|-heal|p2a: Rosevelt|19/100|[from] item: Leftovers
|upkeep
|turn|26
|
|move|p1a: Sword Doggo|Sacred Sword|p2a: Rosevelt
|-supereffective|p2a: Rosevelt
|-damage|p2a: Rosevelt|0 fnt
|faint|p2a: Rosevelt
|
|upkeep
|
|switch|p2a: Imago|Ditto, shiny|100/100
|-transform|p2a: Imago|p1a: Sword Doggo|[from] ability: Imposter
|-ability|p2a: Imago|Intrepid Sword|boost
|-boost|p2a: Imago|atk|1
|turn|27
|
|move|p2a: Imago|Behemoth Blade|p1a: Sword Doggo
|-damage|p1a: Sword Doggo|0 fnt
|faint|p1a: Sword Doggo
|
|upkeep
|
|switch|p1a: Gengar|Gengar, F, shiny|100/100
|turn|28
|
|detailschange|p1a: Gengar|Gengar-Mega, F, shiny
|-mega|p1a: Gengar|Gengar|Gengarite
|move|p2a: Imago|Behemoth Blade|p1a: Gengar
|-damage|p1a: Gengar|0 fnt
|faint|p1a: Gengar
|
|win|RivalLucky
|l|☆BigDuckie
||Ladder (probably) updated, but score could not be retrieved (Request timeout).
