|j|☆Jfsosa10
|j|☆kerrozxl-
|t:|1661125130
|gametype|singles
|player|p1|Jfsosa10|266|1457
|player|p2|kerrozxl-|unknownf|1550
|teamsize|p1|6
|teamsize|p2|6
|gen|8
|tier|[Gen 8] National Dex AG
|rated|
|rule|HP Percentage Mod: HP is shown in percentages
|rule|Endless Battle Clause: Forcing endless battles is banned
|clearpoke
|poke|p1|Zacian-*|
|poke|p1|Rayquaza|
|poke|p1|Xerneas-*|
|poke|p1|Arceus-*|
|poke|p1|Arceus-*|
|poke|p1|Necrozma-Dusk-Mane|
|poke|p2|Rayquaza|
|poke|p2|Groudon|
|poke|p2|Necrozma-Dusk-Mane|
|poke|p2|Marshadow|
|poke|p2|Yveltal|
|poke|p2|Xerneas-*|
|teampreview
|
|t:|1661125147
|start
|switch|p1a: Arceus|Arceus-Dark|100/100
|switch|p2a: smeargle&lugiahate|Rayquaza, shiny|100/100
|-ability|p2a: smeargle&lugiahate|Air Lock
|turn|1
|
|t:|1661125151
|detailschange|p2a: smeargle&lugiahate|Rayquaza-Mega, shiny
|-mega|p2a: smeargle&lugiahate|Rayquaza|
|-weather|DeltaStream|[from] ability: Delta Stream|[of] p2a: smeargle&lugiahate
|move|p2a: smeargle&lugiahate|Dragon Ascent|p1a: Arceus
|-damage|p1a: Arceus|30/100
|-unboost|p2a: smeargle&lugiahate|def|1
|-unboost|p2a: smeargle&lugiahate|spd|1
|move|p1a: Arceus|Judgment|p2a: smeargle&lugiahate
|-damage|p2a: smeargle&lugiahate|25/100
|
|-weather|DeltaStream|[upkeep]
|upkeep
|turn|2
|
|t:|1661125161
|switch|p1a: Necrozma|Necrozma-Dusk-Mane|100/100
|move|p2a: smeargle&lugiahate|Dragon Ascent|p1a: Necrozma
|-resisted|p1a: Necrozma
|-damage|p1a: Necrozma|65/100
|-unboost|p2a: smeargle&lugiahate|def|1
|-unboost|p2a: smeargle&lugiahate|spd|1
|-damage|p2a: smeargle&lugiahate|9/100|[from] item: Rocky Helmet|[of] p1a: Necrozma
|
|-weather|DeltaStream|[upkeep]
|upkeep
|turn|3
|
|t:|1661125170
|-weather|none
|switch|p2a: Zacian-Crown3d|Groudon|100/100
|detailschange|p2a: Zacian-Crown3d|Groudon-Primal
|-primal|p2a: Zacian-Crown3d
|-weather|DesolateLand|[from] ability: Desolate Land|[of] p2a: Zacian-Crown3d
|move|p1a: Necrozma|Stealth Rock|p2a: Zacian-Crown3d
|-sidestart|p2: kerrozxl-|move: Stealth Rock
|
|-weather|DesolateLand|[upkeep]
|upkeep
|turn|4
|
|t:|1661125178
|switch|p1a: Rayquaza|Rayquaza|100/100
|-ability|p1a: Rayquaza|Air Lock
|move|p2a: Zacian-Crown3d|Precipice Blades|p1a: Rayquaza
|-immune|p1a: Rayquaza
|
|-weather|DesolateLand|[upkeep]
|upkeep
|turn|5
|
|t:|1661125182
|detailschange|p1a: Rayquaza|Rayquaza-Mega
|-mega|p1a: Rayquaza|Rayquaza|
|-weather|DeltaStream|[from] ability: Delta Stream|[of] p1a: Rayquaza
|move|p1a: Rayquaza|Dragon Dance|p1a: Rayquaza
|-boost|p1a: Rayquaza|atk|1
|-boost|p1a: Rayquaza|spe|1
|move|p2a: Zacian-Crown3d|Stone Edge|p1a: Rayquaza|[miss]
|-miss|p2a: Zacian-Crown3d|p1a: Rayquaza
|
|-weather|DeltaStream|[upkeep]
|upkeep
|turn|6
|
|t:|1661125189
|move|p1a: Rayquaza|Dragon Dance|p1a: Rayquaza
|-boost|p1a: Rayquaza|atk|1
|-boost|p1a: Rayquaza|spe|1
|move|p2a: Zacian-Crown3d|Stone Edge|p1a: Rayquaza|[miss]
|-miss|p2a: Zacian-Crown3d|p1a: Rayquaza
|
|-weather|DeltaStream|[upkeep]
|upkeep
|turn|7
|inactive|Battle timer is ON: inactive players will automatically lose when time's up. (requested by Jfsosa10)
|
|t:|1661125245
|move|p1a: Rayquaza|Dragon Ascent|p2a: Zacian-Crown3d
|-damage|p2a: Zacian-Crown3d|0 fnt
|-unboost|p1a: Rayquaza|def|1
|-unboost|p1a: Rayquaza|spd|1
|faint|p2a: Zacian-Crown3d
|-damage|p1a: Rayquaza|91/100|[from] item: Life Orb
|
|-weather|DeltaStream|[upkeep]
|upkeep
|
|t:|1661125251
|switch|p2a: Dynamax Yveltal|Xerneas|100/100
|-damage|p2a: Dynamax Yveltal|88/100|[from] Stealth Rock
|-ability|p2a: Dynamax Yveltal|Fairy Aura
|turn|8
|
|t:|1661125254
|-start|p2a: Dynamax Yveltal|Dynamax|
|-heal|p2a: Dynamax Yveltal|88/100|[silent]
|move|p1a: Rayquaza|Dragon Ascent|p2a: Dynamax Yveltal
|-damage|p2a: Dynamax Yveltal|1/100
|-unboost|p1a: Rayquaza|def|1
|-unboost|p1a: Rayquaza|spd|1
|-damage|p1a: Rayquaza|81/100|[from] item: Life Orb
|move|p2a: Dynamax Yveltal|Max Starfall|p1a: Rayquaza
|-supereffective|p1a: Rayquaza
|-damage|p1a: Rayquaza|0 fnt
|-fieldstart|move: Misty Terrain
|faint|p1a: Rayquaza
|-weather|none
|
|upkeep
|
|t:|1661125262
|switch|p1a: Zacian|Zacian-Crowned|100/100
|-ability|p1a: Zacian|Intrepid Sword|boost
|-boost|p1a: Zacian|atk|1
|turn|9
|
|t:|1661125271
|move|p1a: Zacian|Behemoth Blade|p2a: Dynamax Yveltal
|-supereffective|p2a: Dynamax Yveltal
|-damage|p2a: Dynamax Yveltal|0 fnt
|faint|p2a: Dynamax Yveltal
|
|upkeep
|
|t:|1661125274
|switch|p2a: Ditt0 50/50|Necrozma-Dusk-Mane|100/100
|-damage|p2a: Ditt0 50/50|95/100|[from] Stealth Rock
|turn|10
|
|t:|1661125277
|move|p1a: Zacian|Swords Dance|p1a: Zacian
|-boost|p1a: Zacian|atk|2
|move|p2a: Ditt0 50/50|Dragon Dance|p2a: Ditt0 50/50
|-boost|p2a: Ditt0 50/50|atk|1
|-boost|p2a: Ditt0 50/50|spe|1
|
|upkeep
|turn|11
|
|t:|1661125286
|detailschange|p2a: Ditt0 50/50|Necrozma-Ultra
|-burst|p2a: Ditt0 50/50|Necrozma|Ultranecrozium Z
|move|p2a: Ditt0 50/50|Earthquake|p1a: Zacian
|-supereffective|p1a: Zacian
|-damage|p1a: Zacian|0 fnt
|faint|p1a: Zacian
|
|upkeep
|
|t:|1661125296
|switch|p1a: Arceus|Arceus-Fairy|100/100
|turn|12
|
|t:|1661125317
|-start|p1a: Arceus|Dynamax|
|-heal|p1a: Arceus|100/100|[silent]
|-zpower|p2a: Ditt0 50/50
|move|p2a: Ditt0 50/50|Light That Burns the Sky|p1a: Arceus|[zeffect]
|-damage|p1a: Arceus|32/100
|move|p1a: Arceus|Max Starfall|p2a: Ditt0 50/50
|-supereffective|p2a: Ditt0 50/50
|-damage|p2a: Ditt0 50/50|0 fnt
|faint|p2a: Ditt0 50/50
|
|-fieldend|Misty Terrain
|upkeep
|-message|kerrozxl- forfeited.
|
|win|Jfsosa10
|raw|Jfsosa10's rating: 1457 &rarr; <strong>1482</strong><br />(+25 for winning)
|raw|kerrozxl-'s rating: 1550 &rarr; <strong>1525</strong><br />(-25 for losing)
|l|☆kerrozxl-
||Ladder isn't responding, score probably updated but might not have (Request timeout).
