|j|☆YLong
|j|☆shisky
|t:|1667831266
|gametype|singles
|player|p1|YLong|giovanni-masters|1634
|player|p2|shisky|101|1629
|teamsize|p1|6
|teamsize|p2|6
|gen|8
|tier|[Gen 8] National Dex AG
|rated|
|rule|HP Percentage Mod: HP is shown in percentages
|rule|Endless Battle Clause: Forcing endless battles is banned
|clearpoke
|poke|p1|Zacian-*|
|poke|p1|Calyrex-Shadow|
|poke|p1|Ditto|
|poke|p1|Rayquaza|
|poke|p1|Arceus-*|
|poke|p1|Zacian-*|
|poke|p2|Calyrex-Shadow|
|poke|p2|Zacian-*|
|poke|p2|Kyogre|
|poke|p2|Yveltal|
|poke|p2|Necrozma-Dusk-Mane|
|poke|p2|Ditto|
|teampreview
|inactive|Battle timer is ON: inactive players will automatically lose when time's up. (requested by shisky)
|
|t:|1667831279
|start
|switch|p1a: 我绝对不会变成你|Ditto, shiny|100/100
|switch|p2a: Calyrex|Calyrex-Shadow|100/100
|-ability|p2a: Calyrex|As One
|-ability|p2a: Calyrex|Unnerve
|-transform|p1a: 我绝对不会变成你|p2a: Calyrex|[from] ability: Imposter
|turn|1
|
|t:|1667831292
|switch|p2a: Yveltal|Yveltal|100/100
|-ability|p2a: Yveltal|Dark Aura
|move|p1a: 我绝对不会变成你|Astral Barrage|p2a: Yveltal
|-resisted|p2a: Yveltal
|-damage|p2a: Yveltal|66/100
|
|upkeep
|turn|2
|
|t:|1667831307
|switch|p1a: 我绝对没有钢本|Zacian-Crowned, shiny|100/100
|-ability|p1a: 我绝对没有钢本|Intrepid Sword|boost
|-boost|p1a: 我绝对没有钢本|atk|1
|-start|p2a: Yveltal|Dynamax|
|-heal|p2a: Yveltal|66/100|[silent]
|move|p2a: Yveltal|Max Airstream|p1a: 我绝对没有钢本
|-resisted|p1a: 我绝对没有钢本
|-damage|p1a: 我绝对没有钢本|56/100
|-boost|p2a: Yveltal|spe|1
|-damage|p2a: Yveltal|61/100|[from] item: Life Orb
|
|upkeep
|turn|3
|
|t:|1667831323
|move|p2a: Yveltal|Max Flare|p1a: 我绝对没有钢本
|-supereffective|p1a: 我绝对没有钢本
|-crit|p1a: 我绝对没有钢本
|-damage|p1a: 我绝对没有钢本|0 fnt
|-weather|SunnyDay
|faint|p1a: 我绝对没有钢本
|-damage|p2a: Yveltal|56/100|[from] item: Life Orb
|
|-weather|SunnyDay|[upkeep]
|upkeep
|
|t:|1667831336
|switch|p1a: 我绝对没有神速|Rayquaza|100/100
|-ability|p1a: 我绝对没有神速|Air Lock
|turn|4
|
|t:|1667831343
|detailschange|p1a: 我绝对没有神速|Rayquaza-Mega
|-mega|p1a: 我绝对没有神速|Rayquaza|
|-weather|DeltaStream|[from] ability: Delta Stream|[of] p1a: 我绝对没有神速
|move|p2a: Yveltal|Max Darkness|p1a: 我绝对没有神速
|-enditem|p1a: 我绝对没有神速|Focus Sash
|-damage|p1a: 我绝对没有神速|1/100
|-unboost|p1a: 我绝对没有神速|spd|1
|-damage|p2a: Yveltal|51/100|[from] item: Life Orb
|move|p1a: 我绝对没有神速|Dragon Ascent|p2a: Yveltal
|-damage|p2a: Yveltal|13/100
|-unboost|p1a: 我绝对没有神速|def|1
|-unboost|p1a: 我绝对没有神速|spd|1
|
|-weather|DeltaStream|[upkeep]
|upkeep
|-end|p2a: Yveltal|Dynamax
|-heal|p2a: Yveltal|13/100|[silent]
|turn|5
|
|t:|1667831365
|switch|p2a: Calyrex|Calyrex-Shadow|100/100
|-ability|p2a: Calyrex|As One
|-ability|p2a: Calyrex|Unnerve
|move|p1a: 我绝对没有神速|Extreme Speed|p2a: Calyrex
|-immune|p2a: Calyrex
|
|-weather|DeltaStream|[upkeep]
|upkeep
|turn|6
|
|t:|1667831374
|-weather|none
|switch|p1a: 我绝对不是打输出的|Arceus|100/100
|move|p2a: Calyrex|Substitute|p2a: Calyrex
|-start|p2a: Calyrex|Substitute
|-damage|p2a: Calyrex|76/100
|
|-heal|p2a: Calyrex|82/100|[from] item: Leftovers
|upkeep
|turn|7
|
|t:|1667831384
|move|p2a: Calyrex|Leech Seed|p1a: 我绝对不是打输出的
|-start|p1a: 我绝对不是打输出的|move: Leech Seed
|move|p1a: 我绝对不是打输出的|Earthquake|p2a: Calyrex
|-end|p2a: Calyrex|Substitute
|-damage|p1a: 我绝对不是打输出的|91/100|[from] item: Life Orb
|
|-heal|p2a: Calyrex|88/100|[from] item: Leftovers
|-damage|p1a: 我绝对不是打输出的|78/100|[from] Leech Seed|[of] p2a: Calyrex
|-heal|p2a: Calyrex|100/100|[silent]
|upkeep
|turn|8
|
|t:|1667831394
|move|p2a: Calyrex|Substitute|p2a: Calyrex
|-start|p2a: Calyrex|Substitute
|-damage|p2a: Calyrex|76/100
|move|p1a: 我绝对不是打输出的|Earthquake|p2a: Calyrex
|-end|p2a: Calyrex|Substitute
|-damage|p1a: 我绝对不是打输出的|69/100|[from] item: Life Orb
|
|-heal|p2a: Calyrex|82/100|[from] item: Leftovers
|-damage|p1a: 我绝对不是打输出的|56/100|[from] Leech Seed|[of] p2a: Calyrex
|-heal|p2a: Calyrex|96/100|[silent]
|upkeep
|turn|9
|
|t:|1667831405
|switch|p1a: 我绝对没有神速|Rayquaza-Mega|1/100
|-weather|DeltaStream|[from] ability: Delta Stream|[of] p1a: 我绝对没有神速
|move|p2a: Calyrex|Substitute|p2a: Calyrex
|-start|p2a: Calyrex|Substitute
|-damage|p2a: Calyrex|71/100
|
|-weather|DeltaStream|[upkeep]
|-heal|p2a: Calyrex|78/100|[from] item: Leftovers
|upkeep
|turn|10
|
|t:|1667831416
|move|p2a: Calyrex|Draining Kiss|p1a: 我绝对没有神速
|-supereffective|p1a: 我绝对没有神速
|-damage|p1a: 我绝对没有神速|0 fnt
|-heal|p2a: Calyrex|78/100|[from] drain|[of] p1a: 我绝对没有神速
|faint|p1a: 我绝对没有神速
|-weather|none
|-ability|p2a: Calyrex|Grim Neigh|boost
|-boost|p2a: Calyrex|spa|1
|
|-heal|p2a: Calyrex|84/100|[from] item: Leftovers
|upkeep
|
|t:|1667831420
|switch|p1a: 我绝对不是打输出的|Arceus|56/100
|turn|11
|
|t:|1667831430
|move|p2a: Calyrex|Leech Seed|p1a: 我绝对不是打输出的
|-start|p1a: 我绝对不是打输出的|move: Leech Seed
|move|p1a: 我绝对不是打输出的|Earthquake|p2a: Calyrex
|-end|p2a: Calyrex|Substitute
|-damage|p1a: 我绝对不是打输出的|46/100|[from] item: Life Orb
|
|-heal|p2a: Calyrex|90/100|[from] item: Leftovers
|-damage|p1a: 我绝对不是打输出的|34/100|[from] Leech Seed|[of] p2a: Calyrex
|-heal|p2a: Calyrex|100/100|[silent]
|upkeep
|turn|12
|
|t:|1667831440
|move|p2a: Calyrex|Substitute|p2a: Calyrex
|-start|p2a: Calyrex|Substitute
|-damage|p2a: Calyrex|76/100
|move|p1a: 我绝对不是打输出的|Earthquake|p2a: Calyrex
|-end|p2a: Calyrex|Substitute
|-damage|p1a: 我绝对不是打输出的|24/100|[from] item: Life Orb
|
|-heal|p2a: Calyrex|82/100|[from] item: Leftovers
|-damage|p1a: 我绝对不是打输出的|12/100|[from] Leech Seed|[of] p2a: Calyrex
|-heal|p2a: Calyrex|96/100|[silent]
|upkeep
|turn|13
|
|t:|1667831451
|move|p2a: Calyrex|Substitute|p2a: Calyrex
|-start|p2a: Calyrex|Substitute
|-damage|p2a: Calyrex|71/100
|move|p1a: 我绝对不是打输出的|Earthquake|p2a: Calyrex
|-end|p2a: Calyrex|Substitute
|-damage|p1a: 我绝对不是打输出的|2/100|[from] item: Life Orb
|
|-heal|p2a: Calyrex|78/100|[from] item: Leftovers
|-damage|p1a: 我绝对不是打输出的|0 fnt|[from] Leech Seed|[of] p2a: Calyrex
|-heal|p2a: Calyrex|80/100|[silent]
|faint|p1a: 我绝对不是打输出的
|upkeep
|
|t:|1667831454
|switch|p1a: 我绝对不会变成你|Ditto, shiny|100/100
|-transform|p1a: 我绝对不会变成你|p2a: Calyrex|[from] ability: Imposter
|turn|14
|
|t:|1667831470
|switch|p2a: Yveltal|Yveltal|13/100
|-ability|p2a: Yveltal|Dark Aura
|move|p1a: 我绝对不会变成你|Astral Barrage|p2a: Yveltal
|-resisted|p2a: Yveltal
|-damage|p2a: Yveltal|0 fnt
|faint|p2a: Yveltal
|-ability|p1a: 我绝对不会变成你|Grim Neigh|boost
|-boost|p1a: 我绝对不会变成你|spa|1
|
|upkeep
|
|t:|1667831483
|switch|p2a: Kyogre|Kyogre|100/100
|detailschange|p2a: Kyogre|Kyogre-Primal
|-primal|p2a: Kyogre
|-weather|PrimordialSea|[from] ability: Primordial Sea|[of] p2a: Kyogre
|turn|15
|
|t:|1667831490
|move|p1a: 我绝对不会变成你|Astral Barrage|p2a: Kyogre
|-damage|p2a: Kyogre|9/100
|move|p2a: Kyogre|Thunder Wave|p1a: 我绝对不会变成你
|-status|p1a: 我绝对不会变成你|par
|
|-weather|PrimordialSea|[upkeep]
|upkeep
|turn|16
|
|t:|1667831501
|cant|p1a: 我绝对不会变成你|par
|move|p2a: Kyogre|Surf|p1a: 我绝对不会变成你
|-damage|p1a: 我绝对不会变成你|3/100 par
|
|-weather|PrimordialSea|[upkeep]
|upkeep
|turn|17
|
|t:|1667831506
|move|p1a: 我绝对不会变成你|Astral Barrage|p2a: Kyogre
|-damage|p2a: Kyogre|0 fnt
|faint|p2a: Kyogre
|-weather|none
|-ability|p1a: 我绝对不会变成你|Grim Neigh|boost
|-boost|p1a: 我绝对不会变成你|spa|1
|
|upkeep
|
|t:|1667831515
|switch|p2a: Calyrex|Calyrex-Shadow|80/100
|-ability|p2a: Calyrex|As One
|-ability|p2a: Calyrex|Unnerve
|turn|18
|
|t:|1667831521
|move|p2a: Calyrex|Substitute|p2a: Calyrex
|-start|p2a: Calyrex|Substitute
|-damage|p2a: Calyrex|55/100
|cant|p1a: 我绝对不会变成你|par
|
|-heal|p2a: Calyrex|61/100|[from] item: Leftovers
|upkeep
|turn|19
|
|t:|1667831529
|move|p2a: Calyrex|Draining Kiss|p1a: 我绝对不会变成你
|-damage|p1a: 我绝对不会变成你|0 fnt
|-heal|p2a: Calyrex|63/100|[from] drain|[of] p1a: 我绝对不会变成你
|faint|p1a: 我绝对不会变成你
|-ability|p2a: Calyrex|Grim Neigh|boost
|-boost|p2a: Calyrex|spa|1
|
|-heal|p2a: Calyrex|69/100|[from] item: Leftovers
|upkeep
|
|t:|1667831532
|switch|p1a: 我绝对不怕Y鸟|Calyrex-Shadow|100/100
|-ability|p1a: 我绝对不怕Y鸟|As One
|-ability|p1a: 我绝对不怕Y鸟|Unnerve
|turn|20
|
|t:|1667831543
|move|p1a: 我绝对不怕Y鸟|Astral Barrage|p2a: Calyrex
|-supereffective|p2a: Calyrex
|-end|p2a: Calyrex|Substitute
|move|p2a: Calyrex|Astral Barrage|p1a: 我绝对不怕Y鸟
|-supereffective|p1a: 我绝对不怕Y鸟
|-enditem|p1a: 我绝对不怕Y鸟|Focus Sash
|-damage|p1a: 我绝对不怕Y鸟|1/100
|
|-heal|p2a: Calyrex|75/100|[from] item: Leftovers
|upkeep
|turn|21
|
|t:|1667831566
|move|p2a: Calyrex|Astral Barrage|p1a: 我绝对不怕Y鸟
|-supereffective|p1a: 我绝对不怕Y鸟
|-damage|p1a: 我绝对不怕Y鸟|0 fnt
|faint|p1a: 我绝对不怕Y鸟
|-ability|p2a: Calyrex|Grim Neigh|boost
|-boost|p2a: Calyrex|spa|1
|
|-heal|p2a: Calyrex|81/100|[from] item: Leftovers
|upkeep
|
|t:|1667831569
|switch|p1a: 我绝对没有地雷|Zacian-Crowned, shiny|100/100
|-ability|p1a: 我绝对没有地雷|Intrepid Sword|boost
|-boost|p1a: 我绝对没有地雷|atk|1
|turn|22
|
|t:|1667831580
|move|p2a: Calyrex|Astral Barrage|p1a: 我绝对没有地雷
|-damage|p1a: 我绝对没有地雷|0 fnt
|faint|p1a: 我绝对没有地雷
|
|win|shisky
|raw|YLong's rating: 1634 &rarr; <strong>1614</strong><br />(-20 for losing)
|raw|shisky's rating: 1629 &rarr; <strong>1649</strong><br />(+20 for winning)
|c|☆shisky|你好啊！
|l|☆YLong
