|j|☆Jamalquavious
|j|☆Georgo99
|t:|1666285301
|gametype|singles
|player|p1|Jamalquavious|proton|1759
|player|p2|Georgo99|ingo|1805
|teamsize|p1|6
|teamsize|p2|6
|gen|8
|tier|[Gen 8] National Dex AG
|rated|
|rule|HP Percentage Mod: HP is shown in percentages
|rule|Endless Battle Clause: Forcing endless battles is banned
|clearpoke
|poke|p1|Blissey, F|
|poke|p1|Rayquaza|
|poke|p1|Necrozma-Dusk-Mane|
|poke|p1|Ditto|
|poke|p1|Calyrex-Shadow|
|poke|p1|Sableye, M|
|poke|p2|Calyrex-Shadow|
|poke|p2|Rayquaza|
|poke|p2|Ditto|
|poke|p2|Smeargle, M|
|poke|p2|Marshadow|
|poke|p2|Groudon|
|teampreview
|inactive|Battle timer is ON: inactive players will automatically lose when time's up. (requested by Georgo99)
|inactive|Jamalquavious also wants the timer to be on.
|
|t:|1666285306
|start
|switch|p1a: Groudon reflector|Sableye, M|100/100
|switch|p2a: Mega Basic|Rayquaza, shiny|100/100
|-ability|p2a: Mega Basic|Air Lock
|turn|1
|
|t:|1666285312
|detailschange|p2a: Mega Basic|Rayquaza-Mega, shiny
|-mega|p2a: Mega Basic|Rayquaza|
|-weather|DeltaStream|[from] ability: Delta Stream|[of] p2a: Mega Basic
|move|p1a: Groudon reflector|Will-O-Wisp|p2a: Mega Basic
|-status|p2a: Mega Basic|brn
|move|p2a: Mega Basic|Dragon Ascent|p1a: Groudon reflector
|-damage|p1a: Groudon reflector|48/100
|-unboost|p2a: Mega Basic|def|1
|-unboost|p2a: Mega Basic|spd|1
|-damage|p2a: Mega Basic|91/100 brn|[from] item: Life Orb
|
|-weather|DeltaStream|[upkeep]
|-damage|p2a: Mega Basic|85/100 brn|[from] brn
|upkeep
|turn|2
|
|t:|1666285318
|move|p1a: Groudon reflector|Moonlight|p1a: Groudon reflector
|-heal|p1a: Groudon reflector|98/100
|move|p2a: Mega Basic|Dragon Dance|p2a: Mega Basic
|-boost|p2a: Mega Basic|atk|1
|-boost|p2a: Mega Basic|spe|1
|
|-weather|DeltaStream|[upkeep]
|-damage|p2a: Mega Basic|79/100 brn|[from] brn
|upkeep
|turn|3
|
|t:|1666285323
|move|p1a: Groudon reflector|Encore|p2a: Mega Basic
|-start|p2a: Mega Basic|Encore
|move|p2a: Mega Basic|Dragon Dance|p2a: Mega Basic
|-boost|p2a: Mega Basic|atk|1
|-boost|p2a: Mega Basic|spe|1
|
|-weather|DeltaStream|[upkeep]
|-damage|p2a: Mega Basic|73/100 brn|[from] brn
|upkeep
|turn|4
|
|t:|1666285329
|switch|p1a: Just hates groudon|Ditto, shiny|100/100
|-transform|p1a: Just hates groudon|p2a: Mega Basic|[from] ability: Imposter
|move|p2a: Mega Basic|Dragon Dance|p2a: Mega Basic
|-boost|p2a: Mega Basic|atk|1
|-boost|p2a: Mega Basic|spe|1
|
|-weather|DeltaStream|[upkeep]
|-damage|p2a: Mega Basic|67/100 brn|[from] brn
|upkeep
|turn|5
|
|t:|1666285339
|switch|p2a: Basic God|Smeargle, M|100/100
|move|p1a: Just hates groudon|Dragon Ascent|p2a: Basic God
|-enditem|p2a: Basic God|Focus Sash
|-damage|p2a: Basic God|1/100
|-unboost|p1a: Just hates groudon|def|1
|-unboost|p1a: Just hates groudon|spd|1
|
|-weather|DeltaStream|[upkeep]
|-ability|p2a: Basic God|Moody|boost
|-boost|p2a: Basic God|spe|2
|-unboost|p2a: Basic God|def|1
|upkeep
|turn|6
|j| ddddddabai
|
|t:|1666285345
|move|p2a: Basic God|King's Shield|p2a: Basic God
|-singleturn|p2a: Basic God|Protect
|move|p1a: Just hates groudon|Dragon Ascent|p2a: Basic God
|-activate|p2a: Basic God|move: Protect
|-unboost|p1a: Just hates groudon|atk|1
|
|-weather|DeltaStream|[upkeep]
|-ability|p2a: Basic God|Moody|boost
|-boost|p2a: Basic God|spa|2
|-unboost|p2a: Basic God|def|1
|upkeep
|turn|7
|
|t:|1666285352
|move|p2a: Basic God|King's Shield|p2a: Basic God
|-singleturn|p2a: Basic God|Protect
|move|p1a: Just hates groudon|Dragon Ascent|p2a: Basic God
|-activate|p2a: Basic God|move: Protect
|-unboost|p1a: Just hates groudon|atk|1
|
|-weather|DeltaStream|[upkeep]
|-ability|p2a: Basic God|Moody|boost
|-boost|p2a: Basic God|atk|2
|-unboost|p2a: Basic God|spd|1
|upkeep
|turn|8
|
|t:|1666285358
|move|p1a: Just hates groudon|Dragon Ascent|p2a: Basic God
|-damage|p2a: Basic God|0 fnt
|-unboost|p1a: Just hates groudon|def|1
|-unboost|p1a: Just hates groudon|spd|1
|faint|p2a: Basic God
|
|-weather|DeltaStream|[upkeep]
|upkeep
|c|☆Jamalquavious|Lol
|c|☆Georgo99|No getting out of that one lol
|
|t:|1666285386
|switch|p2a: Mega Basic|Rayquaza-Mega, shiny|67/100 brn
|turn|9
|c|☆Jamalquavious|Ditto busted
|
|t:|1666285392
|switch|p1a: Groudon reflector|Sableye, M|98/100
|move|p2a: Mega Basic|Dragon Ascent|p1a: Groudon reflector
|-damage|p1a: Groudon reflector|47/100
|-unboost|p2a: Mega Basic|def|1
|-unboost|p2a: Mega Basic|spd|1
|-damage|p2a: Mega Basic|57/100 brn|[from] item: Life Orb
|
|-weather|DeltaStream|[upkeep]
|-damage|p2a: Mega Basic|51/100 brn|[from] brn
|upkeep
|turn|10
|c|☆Georgo99|At times yeah
|
|t:|1666285401
|move|p1a: Groudon reflector|Moonlight|p1a: Groudon reflector
|-heal|p1a: Groudon reflector|97/100
|move|p2a: Mega Basic|Dragon Ascent|p1a: Groudon reflector
|-damage|p1a: Groudon reflector|48/100
|-unboost|p2a: Mega Basic|def|1
|-unboost|p2a: Mega Basic|spd|1
|-damage|p2a: Mega Basic|41/100 brn|[from] item: Life Orb
|
|-weather|DeltaStream|[upkeep]
|-damage|p2a: Mega Basic|35/100 brn|[from] brn
|upkeep
|turn|11
|
|t:|1666285408
|switch|p1a: Idk groudon ugly|Necrozma-Dusk-Mane|100/100
|move|p2a: Mega Basic|Dragon Ascent|p1a: Idk groudon ugly
|-resisted|p1a: Idk groudon ugly
|-damage|p1a: Idk groudon ugly|87/100
|-unboost|p2a: Mega Basic|def|1
|-unboost|p2a: Mega Basic|spd|1
|-damage|p2a: Mega Basic|18/100 brn|[from] item: Rocky Helmet|[of] p1a: Idk groudon ugly
|-damage|p2a: Mega Basic|8/100 brn|[from] item: Life Orb
|
|-weather|DeltaStream|[upkeep]
|-damage|p2a: Mega Basic|2/100 brn|[from] brn
|upkeep
|turn|12
|
|t:|1666285413
|move|p2a: Mega Basic|Earthquake|p1a: Idk groudon ugly
|-supereffective|p1a: Idk groudon ugly
|-damage|p1a: Idk groudon ugly|65/100
|-damage|p2a: Mega Basic|0 fnt|[from] item: Life Orb
|faint|p2a: Mega Basic
|-weather|none
|move|p1a: Idk groudon ugly|Stealth Rock|p2: Mega Basic
|-sidestart|p2: Georgo99|move: Stealth Rock
|
|upkeep
|
|t:|1666285421
|switch|p2a: Primal Basic|Groudon, shiny|100/100
|-damage|p2a: Primal Basic|94/100|[from] Stealth Rock
|detailschange|p2a: Primal Basic|Groudon-Primal, shiny
|-primal|p2a: Primal Basic
|-weather|DesolateLand|[from] ability: Desolate Land|[of] p2a: Primal Basic
|turn|13
|
|t:|1666285426
|switch|p1a: Groudon reflector|Sableye, M|48/100
|move|p2a: Primal Basic|Fire Punch|p1a: Groudon reflector
|-damage|p1a: Groudon reflector|0 fnt
|faint|p1a: Groudon reflector
|
|-weather|DesolateLand|[upkeep]
|upkeep
|
|t:|1666285443
|switch|p1a: Groudon protester|Calyrex-Shadow|100/100
|-ability|p1a: Groudon protester|As One
|-ability|p1a: Groudon protester|Unnerve
|turn|14
|
|t:|1666285450
|move|p1a: Groudon protester|Substitute|p1a: Groudon protester
|-start|p1a: Groudon protester|Substitute
|-damage|p1a: Groudon protester|76/100
|move|p2a: Primal Basic|Fire Punch|p1a: Groudon protester
|-end|p1a: Groudon protester|Substitute
|
|-weather|DesolateLand|[upkeep]
|-heal|p1a: Groudon protester|82/100|[from] item: Leftovers
|upkeep
|turn|15
|c|☆Jamalquavious|Well
|c|☆Georgo99|Why the groudon hate?
|
|t:|1666285463
|-start|p1a: Groudon protester|Dynamax|
|-heal|p1a: Groudon protester|82/100|[silent]
|move|p1a: Groudon protester|Max Mindstorm|p2a: Primal Basic
|-damage|p2a: Primal Basic|17/100
|-fieldstart|move: Psychic Terrain
|move|p2a: Primal Basic|Fire Punch|p1a: Groudon protester
|-damage|p1a: Groudon protester|38/100
|
|-weather|DesolateLand|[upkeep]
|-heal|p1a: Groudon protester|41/100|[from] item: Leftovers
|upkeep
|turn|16
|c|☆Jamalquavious|So
|l| ddddddabai
|c|☆Jamalquavious|I use to get walled by groudon
|c|☆Jamalquavious|So
|c|☆Jamalquavious|Yeah
|c|☆Georgo99|Makes sense
|
|t:|1666285482
|move|p1a: Groudon protester|Max Phantasm|p2a: Primal Basic
|-damage|p2a: Primal Basic|0 fnt
|faint|p2a: Primal Basic
|-weather|none
|-ability|p1a: Groudon protester|Grim Neigh|boost
|-boost|p1a: Groudon protester|spa|1
|
|-heal|p1a: Groudon protester|44/100|[from] item: Leftovers
|upkeep
|
|t:|1666285491
|switch|p2a: No U Basic|Ditto|100/100
|-damage|p2a: No U Basic|88/100|[from] Stealth Rock
|-transform|p2a: No U Basic|p1a: Groudon protester|[from] ability: Imposter
|turn|17
|inactive|Jamalquavious has 120 seconds left.
|
|t:|1666285524
|-end|p1a: Groudon protester|Dynamax
|-heal|p1a: Groudon protester|44/100|[silent]
|switch|p1a: Groudon bad|Blissey, F, shiny|100/100
|move|p2a: No U Basic|Psyshock|p1a: Groudon bad
|-damage|p1a: Groudon bad|21/100
|
|-heal|p1a: Groudon bad|27/100|[from] item: Leftovers
|upkeep
|turn|18
|c|☆Jamalquavious|Nice
|
|t:|1666285532
|switch|p1a: Idk groudon ugly|Necrozma-Dusk-Mane|65/100
|move|p2a: No U Basic|Psyshock|p1a: Idk groudon ugly
|-resisted|p1a: Idk groudon ugly
|-damage|p1a: Idk groudon ugly|53/100
|
|upkeep
|turn|19
|
|t:|1666285542
|-start|p2a: No U Basic|Dynamax|
|-heal|p2a: No U Basic|88/100|[silent]
|move|p2a: No U Basic|Max Darkness|p1a: Idk groudon ugly
|-supereffective|p1a: Idk groudon ugly
|-damage|p1a: Idk groudon ugly|0 fnt
|faint|p1a: Idk groudon ugly
|-ability|p2a: No U Basic|Grim Neigh|boost
|-boost|p2a: No U Basic|spa|1
|
|-fieldend|move: Psychic Terrain
|upkeep
|
|t:|1666285556
|switch|p1a: Groudon protester|Calyrex-Shadow|44/100
|-ability|p1a: Groudon protester|As One
|-ability|p1a: Groudon protester|Unnerve
|turn|20
|c|☆Jamalquavious|50/50 time
|c|☆Georgo99|Uuggghhhh :c
|
|t:|1666285582
|move|p2a: No U Basic|Max Mindstorm|p1a: Groudon protester
|-resisted|p1a: Groudon protester
|-damage|p1a: Groudon protester|0 fnt
|-fieldstart|move: Psychic Terrain
|faint|p1a: Groudon protester
|-ability|p2a: No U Basic|Grim Neigh|boost
|-boost|p2a: No U Basic|spa|1
|
|upkeep
|j| ddddddabai
|c|☆Georgo99|:o
|c|☆Jamalquavious|:(
|inactive|Jamalquavious has 120 seconds left.
|c|☆Jamalquavious|I think I lose
|c|☆Georgo99|Maybe
|c|☆Jamalquavious|No way I come back from this
|
|t:|1666285615
|switch|p1a: Groudon bad|Blissey, F, shiny|27/100
|turn|21
|
|t:|1666285619
|move|p2a: No U Basic|Max Darkness|p1a: Groudon bad
|-damage|p1a: Groudon bad|0 fnt
|faint|p1a: Groudon bad
|-ability|p2a: No U Basic|Grim Neigh|boost
|-boost|p2a: No U Basic|spa|1
|
|upkeep
|
|t:|1666285624
|switch|p1a: FUCK GROUDON|Rayquaza|100/100
|-ability|p1a: FUCK GROUDON|Air Lock
|-end|p2a: No U Basic|Dynamax
|-heal|p2a: No U Basic|88/100|[silent]
|turn|22
|inactive|Jamalquavious has 120 seconds left.
|
|t:|1666285645
|detailschange|p1a: FUCK GROUDON|Rayquaza-Mega
|-mega|p1a: FUCK GROUDON|Rayquaza|
|-weather|DeltaStream|[from] ability: Delta Stream|[of] p1a: FUCK GROUDON
|move|p2a: No U Basic|Psyshock|p1a: FUCK GROUDON
|-damage|p1a: FUCK GROUDON|0 fnt
|faint|p1a: FUCK GROUDON
|-weather|none
|-ability|p2a: No U Basic|Grim Neigh|boost
|-boost|p2a: No U Basic|spa|1
|
|upkeep
|
|t:|1666285647
|switch|p1a: Just hates groudon|Ditto, shiny|100/100
|turn|23
|c|☆Jamalquavious|Gg wp
|c|☆Georgo99|Look at the bright side
|c|☆Georgo99|you killed groudon
|c|☆Jamalquavious|True
|c|☆Georgo99|Lol gg
|c|☆Jamalquavious|Therefore
|
|t:|1666285668
|move|p2a: No U Basic|Psyshock|p1a: Just hates groudon
|-damage|p1a: Just hates groudon|0 fnt
|faint|p1a: Just hates groudon
|
|win|Georgo99
|raw|Jamalquavious's rating: 1759 &rarr; <strong>1742</strong><br />(-17 for losing)
|raw|Georgo99's rating: 1805 &rarr; <strong>1822</strong><br />(+17 for winning)
|c|☆Jamalquavious|No more brightside
|c|☆Jamalquavious|Its shady now
|c|☆Jamalquavious|Gg
|l|☆Jamalquavious
