|j|☆KerroZxL-
|j|☆LavenderTownRemix
|player|p1|KerroZxL-|unknownf|1631
|player|p2|LavenderTownRemix|fantina|1426
|teamsize|p1|6
|teamsize|p2|6
|gametype|singles
|gen|8
|tier|[Gen 8] National Dex AG
|rated|
|clearpoke
|poke|p1|Ditto|
|poke|p1|Rayquaza|
|poke|p1|Necrozma-Dusk-Mane|
|poke|p1|Excadrill, F|
|poke|p1|Yveltal|
|poke|p1|Marshadow|
|poke|p2|Giratina-Origin|
|poke|p2|Mimikyu, M|
|poke|p2|Sableye, F|
|poke|p2|Runerigus, F|
|poke|p2|Corsola-Galar, F|
|poke|p2|Gengar, F|
|rule|HP Percentage Mod: HP is shown in percentages
|rule|Endless Battle Clause: Forcing endless battles is banned
|teampreview
|
|start
|switch|p1a: Excadrill|Excadrill, F|100/100
|switch|p2a: Sableye|Sableye, F|100/100
|-ability|p1a: Excadrill|Mold Breaker
|turn|1
|
|move|p2a: Sableye|Will-O-Wisp|p1a: Excadrill
|-status|p1a: Excadrill|brn
|move|p1a: Excadrill|Rapid Spin|p2a: Sableye
|-immune|p2a: Sableye
|
|-damage|p1a: Excadrill|94/100 brn|[from] brn
|upkeep
|turn|2
|
|move|p2a: Sableye|Encore|p1a: Excadrill
|-start|p1a: Excadrill|Encore
|move|p1a: Excadrill|Rapid Spin|p2a: Sableye
|-immune|p2a: Sableye
|
|-damage|p1a: Excadrill|88/100 brn|[from] brn
|upkeep
|turn|3
|
|switch|p1a: -|Yveltal, shiny|100/100
|-ability|p1a: -|Dark Aura
|switch|p2a: Mimikyu|Mimikyu, M|100/100
|
|upkeep
|turn|4
|
|-start|p1a: -|Dynamax
|-heal|p1a: -|100/100|[silent]
|-zpower|p2a: Mimikyu
|move|p2a: Mimikyu|Let's Snuggle Forever|p1a: -|[zeffect]
|-supereffective|p1a: -
|-damage|p1a: -|39/100
|move|p1a: -|Max Airstream|p2a: Mimikyu
|-activate|p2a: Mimikyu|ability: Disguise
|-damage|p2a: Mimikyu|100/100
|-boost|p1a: -|spe|1
|detailschange|p2a: Mimikyu|Mimikyu-Busted, M
|-damage|p2a: Mimikyu|88/100|[from] pokemon: Mimikyu-Busted
|-damage|p1a: -|34/100|[from] item: Life Orb
|
|upkeep
|turn|5
|
|move|p1a: -|Max Airstream|p2a: Mimikyu
|-damage|p2a: Mimikyu|0 fnt
|-boost|p1a: -|spe|1
|-damage|p1a: -|29/100|[from] item: Life Orb
|faint|p2a: Mimikyu
|
|upkeep
|
|switch|p2a: Giratina|Giratina-Origin|100/100
|turn|6
|
|-start|p2a: Giratina|Dynamax
|-heal|p2a: Giratina|100/100|[silent]
|move|p1a: -|Max Darkness|p2a: Giratina
|-supereffective|p2a: Giratina
|-damage|p2a: Giratina|17/100
|-unboost|p2a: Giratina|spd|1
|-damage|p1a: -|24/100|[from] item: Life Orb
|move|p2a: Giratina|Max Wyrmwind|p1a: -
|-damage|p1a: -|0 fnt
|faint|p1a: -
|
|upkeep
|
|switch|p1a: Excadrill|Excadrill, F|88/100 brn
|-ability|p1a: Excadrill|Mold Breaker
|turn|7
|
|move|p1a: Excadrill|Earthquake|p2a: Giratina
|-damage|p2a: Giratina|8/100
|move|p2a: Giratina|Max Phantasm|p1a: Excadrill
|-damage|p1a: Excadrill|0 fnt
|faint|p1a: Excadrill
|
|upkeep
|inactive|Battle timer is ON: inactive players will automatically lose when time's up. (requested by LavenderTownRemix)
|
|switch|p1a: Marshadow|Marshadow|100/100
|turn|8
|
|move|p1a: Marshadow|Shadow Sneak|p2a: Giratina
|-supereffective|p2a: Giratina
|-damage|p2a: Giratina|0 fnt
|faint|p2a: Giratina
|
|upkeep
|
|switch|p2a: Runerigus|Runerigus, F|100/100
|turn|9
|
|move|p1a: Marshadow|Spectral Thief|p2a: Runerigus
|-supereffective|p2a: Runerigus
|-damage|p2a: Runerigus|44/100
|-activate|p2a: Runerigus|ability: Wandering Spirit|Technician|Wandering Spirit|[of] p1a: Marshadow
|move|p2a: Runerigus|Will-O-Wisp|p1a: Marshadow
|-status|p1a: Marshadow|brn
|
|-heal|p2a: Runerigus|50/100|[from] item: Leftovers
|-damage|p1a: Marshadow|94/100 brn|[from] brn
|upkeep
|turn|10
|
|move|p1a: Marshadow|Spectral Thief|p2a: Runerigus
|-supereffective|p2a: Runerigus
|-damage|p2a: Runerigus|24/100
|move|p2a: Runerigus|Earthquake|p1a: Marshadow
|-damage|p1a: Marshadow|58/100 brn
|
|-heal|p2a: Runerigus|30/100|[from] item: Leftovers
|-damage|p1a: Marshadow|51/100 brn|[from] brn
|upkeep
|turn|11
|
|switch|p2a: Sableye|Sableye, F|100/100
|move|p1a: Marshadow|Spectral Thief|p2a: Sableye
|-damage|p2a: Sableye|69/100
|
|-heal|p2a: Sableye|75/100|[from] item: Leftovers
|-damage|p1a: Marshadow|45/100 brn|[from] brn
|upkeep
|turn|12
|
|move|p1a: Marshadow|Spectral Thief|p2a: Sableye
|-damage|p2a: Sableye|45/100
|move|p2a: Sableye|Foul Play|p1a: Marshadow
|-crit|p1a: Marshadow
|-damage|p1a: Marshadow|0 fnt
|-activate|p1a: Marshadow|ability: Wandering Spirit|Prankster|Wandering Spirit|[of] p2a: Sableye
|faint|p1a: Marshadow
|
|-heal|p2a: Sableye|51/100|[from] item: Leftovers
|upkeep
|
|switch|p1a: Rayquaza|Rayquaza|100/100
|-ability|p1a: Rayquaza|Air Lock
|turn|13
|
|detailschange|p1a: Rayquaza|Rayquaza-Mega
|-mega|p1a: Rayquaza|Rayquaza|
|-weather|DeltaStream|[from] ability: Delta Stream|[of] p1a: Rayquaza
|move|p1a: Rayquaza|Dragon Ascent|p2a: Sableye
|-damage|p2a: Sableye|0 fnt
|-unboost|p1a: Rayquaza|def|1
|-unboost|p1a: Rayquaza|spd|1
|-weather|none
|-activate|p2a: Sableye|ability: Wandering Spirit|Delta Stream|Wandering Spirit|[of] p1a: Rayquaza
|-damage|p1a: Rayquaza|91/100|[from] item: Life Orb
|faint|p2a: Sableye
|
|upkeep
|
|switch|p2a: Corsola|Corsola-Galar, F|100/100
|turn|14
|
|switch|p1a: Necrozma|Necrozma-Dusk-Mane|100/100
|move|p2a: Corsola|Strength Sap|p1a: Necrozma
|-unboost|p1a: Necrozma|atk|1
|
|upkeep
|turn|15
|
|move|p1a: Necrozma|Thunder Wave|p2a: Corsola
|-status|p2a: Corsola|par
|cant|p2a: Corsola|par
|
|upkeep
|turn|16
|
|move|p1a: Necrozma|Sunsteel Strike|p2a: Corsola
|-damage|p2a: Corsola|78/100 par
|move|p2a: Corsola|Will-O-Wisp|p1a: Necrozma|[miss]
|-miss|p2a: Corsola|p1a: Necrozma
|
|upkeep
|turn|17
|inactive|KerroZxL- has 120 seconds left.
|
|move|p1a: Necrozma|Sunsteel Strike|p2a: Corsola
|-damage|p2a: Corsola|54/100 par
|-start|p1a: Necrozma|Disable|Sunsteel Strike|[from] ability: Cursed Body|[of] p2a: Corsola
|move|p2a: Corsola|Will-O-Wisp|p1a: Necrozma
|-status|p1a: Necrozma|brn
|
|-damage|p1a: Necrozma|94/100 brn|[from] brn
|upkeep
|turn|18
|
|move|p1a: Necrozma|Stealth Rock|p2a: Corsola
|-sidestart|p2: LavenderTownRemix|move: Stealth Rock
|move|p2a: Corsola|Strength Sap|p1a: Necrozma
|-unboost|p1a: Necrozma|atk|1
|-heal|p2a: Corsola|100/100 par
|
|-heal|p1a: Necrozma|100/100 brn|[from] item: Leftovers
|-damage|p1a: Necrozma|94/100 brn|[from] brn
|upkeep
|turn|19
|inactive|KerroZxL- has 120 seconds left.
|inactive|KerroZxL- has 90 seconds left.
|
|move|p1a: Necrozma|Thunder Wave|p2a: Corsola|[miss]
|-miss|p1a: Necrozma|p2a: Corsola
|move|p2a: Corsola|Will-O-Wisp|p1a: Necrozma
|-fail|p1a: Necrozma|brn
|
|-heal|p1a: Necrozma|100/100 brn|[from] item: Leftovers
|-damage|p1a: Necrozma|94/100 brn|[from] brn
|upkeep
|turn|20
|
|switch|p1a: Ditto|Ditto|100/100
|-transform|p1a: Ditto|p2a: Corsola|[from] ability: Imposter
|move|p2a: Corsola|Will-O-Wisp|p1a: Ditto
|-status|p1a: Ditto|brn
|
|-damage|p1a: Ditto|94/100 brn|[from] brn
|upkeep
|turn|21
|inactive|KerroZxL- has 90 seconds left.
|inactive|KerroZxL- has 60 seconds left.
|
|move|p1a: Ditto|Night Shade|p2a: Corsola
|-damage|p2a: Corsola|70/100 par
|cant|p2a: Corsola|par
|
|-damage|p1a: Ditto|88/100 brn|[from] brn
|upkeep
|turn|22
|
|switch|p2a: Gengar|Gengar, F|100/100
|-damage|p2a: Gengar|88/100|[from] Stealth Rock
|move|p1a: Ditto|Night Shade|p2a: Gengar
|-damage|p2a: Gengar|50/100
|-start|p1a: Ditto|Disable|Night Shade|[from] ability: Cursed Body|[of] p2a: Gengar
|
|-damage|p1a: Ditto|82/100 brn|[from] brn
|upkeep
|turn|23
|inactive|KerroZxL- has 60 seconds left.
|
|switch|p1a: Necrozma|Necrozma-Dusk-Mane|94/100 brn
|detailschange|p2a: Gengar|Gengar-Mega, F
|-mega|p2a: Gengar|Gengar|Gengarite
|move|p2a: Gengar|Hex|p1a: Necrozma
|-supereffective|p1a: Necrozma
|-damage|p1a: Necrozma|0 fnt
|faint|p1a: Necrozma
|
|upkeep
|
|switch|p1a: Rayquaza|Rayquaza-Mega|91/100
|-weather|DeltaStream|[from] ability: Delta Stream|[of] p1a: Rayquaza
|turn|24
|
|move|p2a: Gengar|Hypnosis|p1a: Rayquaza
|-status|p1a: Rayquaza|slp|[from] move: Hypnosis
|cant|p1a: Rayquaza|slp
|
|-weather|DeltaStream|[upkeep]
|upkeep
|turn|25
|
|move|p2a: Gengar|Hex|p1a: Rayquaza
|-damage|p1a: Rayquaza|9/100 slp
|-curestatus|p1a: Rayquaza|slp|[msg]
|move|p1a: Rayquaza|Dragon Dance|p1a: Rayquaza
|-boost|p1a: Rayquaza|atk|1
|-boost|p1a: Rayquaza|spe|1
|
|-weather|DeltaStream|[upkeep]
|upkeep
|turn|26
|
|switch|p2a: Runerigus|Runerigus, F|30/100
|-damage|p2a: Runerigus|24/100|[from] Stealth Rock
|move|p1a: Rayquaza|Earthquake|p2a: Runerigus
|-damage|p2a: Runerigus|0 fnt
|-damage|p1a: Rayquaza|0 fnt|[from] item: Life Orb
|faint|p2a: Runerigus
|faint|p1a: Rayquaza
|-weather|none
|
|upkeep
|
|switch|p1a: Ditto|Ditto|82/100 brn
|switch|p2a: Corsola|Corsola-Galar, F|70/100 par
|-transform|p1a: Ditto|p2a: Corsola|[from] ability: Imposter
|-damage|p2a: Corsola|57/100 par|[from] Stealth Rock
|turn|27
|
|move|p1a: Ditto|Night Shade|p2a: Corsola
|-damage|p2a: Corsola|26/100 par
|move|p2a: Corsola|Night Shade|p1a: Ditto
|-damage|p1a: Ditto|49/100 brn
|
|-damage|p1a: Ditto|43/100 brn|[from] brn
|upkeep
|turn|28
|
|move|p1a: Ditto|Night Shade|p2a: Corsola
|-damage|p2a: Corsola|0 fnt
|faint|p2a: Corsola
|
|-damage|p1a: Ditto|37/100 brn|[from] brn
|upkeep
|
|switch|p2a: Gengar|Gengar-Mega, F|50/100
|-damage|p2a: Gengar|38/100|[from] Stealth Rock
|turn|29
|
|move|p2a: Gengar|Hex|p1a: Ditto
|-supereffective|p1a: Ditto
|-damage|p1a: Ditto|0 fnt
|faint|p1a: Ditto
|
|win|LavenderTownRemix
|l|☆KerroZxL-
|raw|KerroZxL-'s rating: 1631 &rarr; <strong>1600</strong><br />(-31 for losing)
|raw|LavenderTownRemix's rating: 1409 &rarr; <strong>1440</strong><br />(+31 for winning)
