|j|☆elgas
|j|☆97thPhantom
|t:|1651352004
|gametype|singles
|player|p1|elgas|101|1404
|player|p2|97thPhantom|saturn|1315
|teamsize|p1|6
|teamsize|p2|6
|gen|8
|tier|[Gen 8] National Dex AG
|rated|
|rule|HP Percentage Mod: HP is shown in percentages
|rule|Endless Battle Clause: Forcing endless battles is banned
|clearpoke
|poke|p1|Rayquaza|
|poke|p1|Gengar, M|
|poke|p1|Zacian-*|
|poke|p1|Arceus-*|
|poke|p1|Groudon|
|poke|p1|Smeargle, F|
|poke|p2|Kyogre|
|poke|p2|Gengar, F|
|poke|p2|Dracovish|
|poke|p2|Zygarde|
|poke|p2|Calyrex-Shadow|
|poke|p2|Forretress, F|
|teampreview
|inactive|Battle timer is ON: inactive players will automatically lose when time's up. (requested by 97thPhantom)
|
|t:|1651352029
|start
|switch|p1a: Smeargle|Smeargle, F, shiny|100/100
|switch|p2a: Forretress|Forretress, F|100/100
|turn|1
|
|t:|1651352045
|move|p1a: Smeargle|Protect|p1a: Smeargle
|-singleturn|p1a: Smeargle|Protect
|move|p2a: Forretress|Toxic Spikes|p1a: Smeargle
|-sidestart|p1: elgas|move: Toxic Spikes
|
|-ability|p1a: Smeargle|Moody|boost
|-boost|p1a: Smeargle|spa|2
|-unboost|p1a: Smeargle|def|1
|upkeep
|turn|2
|
|t:|1651352060
|move|p1a: Smeargle|Spore|p2a: Forretress
|-status|p2a: Forretress|slp|[from] move: Spore
|cant|p2a: Forretress|slp
|
|-ability|p1a: Smeargle|Moody|boost
|-boost|p1a: Smeargle|def|2
|-unboost|p1a: Smeargle|spe|1
|upkeep
|turn|3
|
|t:|1651352074
|switch|p2a: GHOSTS!|Gengar, F, shiny|100/100
|move|p1a: Smeargle|Minimize|p1a: Smeargle
|-boost|p1a: Smeargle|evasion|2
|
|-ability|p1a: Smeargle|Moody|boost
|-boost|p1a: Smeargle|atk|2
|-unboost|p1a: Smeargle|spd|1
|upkeep
|turn|4
|
|t:|1651352084
|move|p1a: Smeargle|Protect|p1a: Smeargle
|-singleturn|p1a: Smeargle|Protect
|move|p2a: GHOSTS!|Clear Smog|p1a: Smeargle
|-activate|p1a: Smeargle|move: Protect
|
|-ability|p1a: Smeargle|Moody|boost
|-boost|p1a: Smeargle|def|2
|-unboost|p1a: Smeargle|spe|1
|upkeep
|turn|5
|
|t:|1651352103
|switch|p1a: Gengar|Gengar, M, shiny|100/100
|-sideend|p1: elgas|move: Toxic Spikes|[of] p1a: Gengar
|detailschange|p2a: GHOSTS!|Gengar-Mega, F, shiny
|-mega|p2a: GHOSTS!|Gengar|Gengarite
|move|p2a: GHOSTS!|Clear Smog|p1a: Gengar
|-resisted|p1a: Gengar
|-damage|p1a: Gengar|88/100
|-clearboost|p1a: Gengar
|
|upkeep
|turn|6
|
|t:|1651352113
|detailschange|p1a: Gengar|Gengar-Mega, M, shiny
|-mega|p1a: Gengar|Gengar|Gengarite
|move|p1a: Gengar|Shadow Ball|p2a: GHOSTS!
|-supereffective|p2a: GHOSTS!
|-damage|p2a: GHOSTS!|0 fnt
|faint|p2a: GHOSTS!
|
|upkeep
|
|t:|1651352120
|switch|p2a: 2 for 1 Deal|Calyrex-Shadow|100/100
|-ability|p2a: 2 for 1 Deal|As One
|-ability|p2a: 2 for 1 Deal|Unnerve
|turn|7
|
|t:|1651352131
|move|p2a: 2 for 1 Deal|Astral Barrage|p1a: Gengar
|-supereffective|p1a: Gengar
|-damage|p1a: Gengar|0 fnt
|faint|p1a: Gengar
|-ability|p2a: 2 for 1 Deal|Grim Neigh|boost
|-boost|p2a: 2 for 1 Deal|spa|1
|
|upkeep
|
|t:|1651352141
|switch|p1a: Smeargle|Smeargle, F, shiny|100/100
|turn|8
|
|t:|1651352148
|move|p1a: Smeargle|Protect|p1a: Smeargle
|-singleturn|p1a: Smeargle|Protect
|move|p2a: 2 for 1 Deal|Nasty Plot|p2a: 2 for 1 Deal
|-boost|p2a: 2 for 1 Deal|spa|2
|
|-ability|p1a: Smeargle|Moody|boost
|-boost|p1a: Smeargle|spa|2
|-unboost|p1a: Smeargle|atk|1
|upkeep
|turn|9
|inactive|elgas has 120 seconds left.
|
|t:|1651352189
|move|p1a: Smeargle|Protect||[still]
|-fail|p1a: Smeargle
|move|p2a: 2 for 1 Deal|Dark Pulse|p1a: Smeargle
|-enditem|p1a: Smeargle|Focus Sash
|-damage|p1a: Smeargle|1/100
|
|-ability|p1a: Smeargle|Moody|boost
|-boost|p1a: Smeargle|spe|2
|-unboost|p1a: Smeargle|def|1
|upkeep
|turn|10
|
|t:|1651352200
|move|p1a: Smeargle|Baton Pass|p1a: Smeargle
|
|t:|1651352202
|switch|p1a: Arceus|Arceus-Electric, shiny|100/100|[from]move: Baton Pass
|move|p2a: 2 for 1 Deal|Nasty Plot|p2a: 2 for 1 Deal
|-boost|p2a: 2 for 1 Deal|spa|2
|
|upkeep
|turn|11
|
|t:|1651352209
|-start|p1a: Arceus|Dynamax|
|-heal|p1a: Arceus|100/100|[silent]
|move|p1a: Arceus|Max Lightning|p2a: 2 for 1 Deal
|-enditem|p2a: 2 for 1 Deal|Focus Sash
|-damage|p2a: 2 for 1 Deal|1/100
|-fieldstart|move: Electric Terrain
|move|p2a: 2 for 1 Deal|Astral Barrage|p1a: Arceus
|-damage|p1a: Arceus|20/100
|
|upkeep
|turn|12
|
|t:|1651352228
|switch|p2a: Immortal Snake|Zygarde|100/100
|move|p1a: Arceus|Max Lightning|p2a: Immortal Snake
|-immune|p2a: Immortal Snake
|
|upkeep
|turn|13
|
|t:|1651352238
|-start|p2a: Immortal Snake|Dynamax|
|-heal|p2a: Immortal Snake|100/100|[silent]
|move|p1a: Arceus|Max Wyrmwind|p2a: Immortal Snake
|-supereffective|p2a: Immortal Snake
|-damage|p2a: Immortal Snake|43/100
|-unboost|p2a: Immortal Snake|atk|1
|move|p2a: Immortal Snake|Max Quake|p1a: Arceus
|-supereffective|p1a: Arceus
|-damage|p1a: Arceus|0 fnt
|-boost|p2a: Immortal Snake|spd|1
|faint|p1a: Arceus
|
|-heal|p2a: Immortal Snake|46/100|[from] item: Leftovers
|-activate|p2a: Immortal Snake|ability: Power Construct
|detailschange|p2a: Immortal Snake|Zygarde-Complete
|-heal|p2a: Immortal Snake|65/100|[silent]
|upkeep
|
|t:|1651352251
|switch|p1a: Rayquaza|Rayquaza|100/100
|-ability|p1a: Rayquaza|Air Lock
|turn|14
|
|t:|1651352262
|move|p2a: Immortal Snake|Max Guard|p2a: Immortal Snake
|-singleturn|p2a: Immortal Snake|Max Guard
|move|p1a: Rayquaza|Outrage|p2a: Immortal Snake
|-activate|p2a: Immortal Snake|move: Max Guard
|
|-heal|p2a: Immortal Snake|68/100|[from] item: Leftovers
|upkeep
|turn|15
|
|t:|1651352277
|switch|p1a: Smeargle|Smeargle, F, shiny|1/100
|move|p2a: Immortal Snake|Max Guard||[still]
|-fail|p2a: Immortal Snake
|
|-heal|p2a: Immortal Snake|71/100|[from] item: Leftovers
|-fieldend|move: Electric Terrain
|-ability|p1a: Smeargle|Moody|boost
|-boost|p1a: Smeargle|spe|2
|-unboost|p1a: Smeargle|atk|1
|upkeep
|-end|p2a: Immortal Snake|Dynamax
|-heal|p2a: Immortal Snake|71/100|[silent]
|turn|16
|
|t:|1651352292
|move|p1a: Smeargle|Protect|p1a: Smeargle
|-singleturn|p1a: Smeargle|Protect
|move|p2a: Immortal Snake|Coil|p2a: Immortal Snake
|-boost|p2a: Immortal Snake|atk|1
|-boost|p2a: Immortal Snake|def|1
|-boost|p2a: Immortal Snake|accuracy|1
|
|-heal|p2a: Immortal Snake|77/100|[from] item: Leftovers
|-ability|p1a: Smeargle|Moody|boost
|-boost|p1a: Smeargle|spd|2
|-unboost|p1a: Smeargle|spe|1
|upkeep
|turn|17
|
|t:|1651352303
|move|p1a: Smeargle|Baton Pass|p1a: Smeargle
|
|t:|1651352312
|switch|p1a: Zacian|Zacian-Crowned, shiny|100/100|[from]move: Baton Pass
|-ability|p1a: Zacian|Intrepid Sword|boost
|-boost|p1a: Zacian|atk|1
|move|p2a: Immortal Snake|Thousand Arrows|p1a: Zacian
|-supereffective|p1a: Zacian
|-damage|p1a: Zacian|40/100
|
|-heal|p2a: Immortal Snake|83/100|[from] item: Leftovers
|upkeep
|turn|18
|
|t:|1651352324
|move|p1a: Zacian|Play Rough|p2a: Immortal Snake
|-supereffective|p2a: Immortal Snake
|-damage|p2a: Immortal Snake|47/100
|-unboost|p2a: Immortal Snake|atk|1
|move|p2a: Immortal Snake|Thousand Arrows|p1a: Zacian
|-supereffective|p1a: Zacian
|-damage|p1a: Zacian|0 fnt
|faint|p1a: Zacian
|
|-heal|p2a: Immortal Snake|53/100|[from] item: Leftovers
|upkeep
|
|t:|1651352336
|switch|p1a: Groudon|Groudon, shiny|100/100
|detailschange|p1a: Groudon|Groudon-Primal, shiny
|-primal|p1a: Groudon
|-weather|DesolateLand|[from] ability: Desolate Land|[of] p1a: Groudon
|turn|19
|
|t:|1651352344
|move|p1a: Groudon|Dragon Claw|p2a: Immortal Snake
|-supereffective|p2a: Immortal Snake
|-damage|p2a: Immortal Snake|31/100
|move|p2a: Immortal Snake|Rest|p2a: Immortal Snake
|-status|p2a: Immortal Snake|slp|[from] move: Rest
|-heal|p2a: Immortal Snake|100/100 slp|[silent]
|
|-weather|DesolateLand|[upkeep]
|upkeep
|turn|20
|
|t:|1651352353
|-weather|none
|switch|p1a: Rayquaza|Rayquaza|100/100
|-ability|p1a: Rayquaza|Air Lock
|cant|p2a: Immortal Snake|slp
|move|p2a: Immortal Snake|Sleep Talk|p2a: Immortal Snake
|move|p2a: Immortal Snake|Rest||[from]move: Sleep Talk|[still]
|-fail|p2a: Immortal Snake
|
|upkeep
|turn|21
|
|t:|1651352362
|move|p1a: Rayquaza|Dragon Dance|p1a: Rayquaza
|-boost|p1a: Rayquaza|atk|1
|-boost|p1a: Rayquaza|spe|1
|cant|p2a: Immortal Snake|slp
|move|p2a: Immortal Snake|Sleep Talk|p2a: Immortal Snake
|move|p2a: Immortal Snake|Rest||[from]move: Sleep Talk|[still]
|-fail|p2a: Immortal Snake
|
|upkeep
|turn|22
|
|t:|1651352369
|move|p1a: Rayquaza|Dragon Dance|p1a: Rayquaza
|-boost|p1a: Rayquaza|atk|1
|-boost|p1a: Rayquaza|spe|1
|-curestatus|p2a: Immortal Snake|slp|[msg]
|move|p2a: Immortal Snake|Thousand Arrows|p1a: Rayquaza
|-damage|p1a: Rayquaza|79/100
|-start|p1a: Rayquaza|Smack Down
|
|upkeep
|turn|23
|
|t:|1651352383
|move|p1a: Rayquaza|Dragon Dance|p1a: Rayquaza
|-boost|p1a: Rayquaza|atk|1
|-boost|p1a: Rayquaza|spe|1
|move|p2a: Immortal Snake|Coil|p2a: Immortal Snake
|-boost|p2a: Immortal Snake|atk|1
|-boost|p2a: Immortal Snake|def|1
|-boost|p2a: Immortal Snake|accuracy|1
|
|upkeep
|turn|24
|
|t:|1651352396
|move|p1a: Rayquaza|Outrage|p2a: Immortal Snake
|-supereffective|p2a: Immortal Snake
|-damage|p2a: Immortal Snake|0 fnt
|faint|p2a: Immortal Snake
|-damage|p1a: Rayquaza|69/100|[from] item: Life Orb
|
|upkeep
|
|t:|1651352407
|switch|p2a: Forretress|Forretress, F|100/100 slp
|turn|25
|
|t:|1651352411
|move|p1a: Rayquaza|Outrage|p2a: Forretress|[from]lockedmove
|-resisted|p2a: Forretress
|-damage|p2a: Forretress|27/100 slp
|-damage|p1a: Rayquaza|59/100|[from] item: Life Orb
|-curestatus|p2a: Forretress|slp|[msg]
|move|p2a: Forretress|Toxic Spikes|p1a: Rayquaza
|-sidestart|p1: elgas|move: Toxic Spikes
|
|-heal|p2a: Forretress|33/100|[from] item: Leftovers
|upkeep
|turn|26
|
|t:|1651352420
|move|p1a: Rayquaza|Outrage|p2a: Forretress|[from]lockedmove
|-resisted|p2a: Forretress
|-damage|p2a: Forretress|0 fnt
|faint|p2a: Forretress
|-damage|p1a: Rayquaza|49/100|[from] item: Life Orb
|-start|p1a: Rayquaza|confusion|[fatigue]
|
|upkeep
|
|t:|1651352430
|switch|p2a: 2 for 1 Deal|Calyrex-Shadow|1/100
|-ability|p2a: 2 for 1 Deal|As One
|-ability|p2a: 2 for 1 Deal|Unnerve
|turn|27
|
|t:|1651352437
|-activate|p1a: Rayquaza|confusion
|move|p1a: Rayquaza|Dragon Ascent|p2a: 2 for 1 Deal
|-damage|p2a: 2 for 1 Deal|0 fnt
|-unboost|p1a: Rayquaza|def|1
|-unboost|p1a: Rayquaza|spd|1
|faint|p2a: 2 for 1 Deal
|-damage|p1a: Rayquaza|39/100|[from] item: Life Orb
|
|upkeep
|
|t:|1651352446
|switch|p2a: Toxic Fish Uno|Kyogre|100/100
|detailschange|p2a: Toxic Fish Uno|Kyogre-Primal
|-primal|p2a: Toxic Fish Uno
|-weather|PrimordialSea|[from] ability: Primordial Sea|[of] p2a: Toxic Fish Uno
|turn|28
|
|t:|1651352458
|-activate|p1a: Rayquaza|confusion
|-damage|p1a: Rayquaza|0 fnt|[from] confusion
|faint|p1a: Rayquaza
|move|p2a: Toxic Fish Uno|Thunder|p1: Rayquaza|[notarget]
|-fail|p2a: Toxic Fish Uno
|
|-weather|PrimordialSea|[upkeep]
|upkeep
|
|t:|1651352464
|switch|p1a: Groudon|Groudon-Primal, shiny|100/100
|-status|p1a: Groudon|psn
|-weather|DesolateLand|[from] ability: Desolate Land|[of] p1a: Groudon
|turn|29
|
|t:|1651352470
|switch|p2a: Toxic Fish Dos|Dracovish, shiny|100/100
|move|p1a: Groudon|Precipice Blades|p2a: Toxic Fish Dos|[miss]
|-miss|p1a: Groudon|p2a: Toxic Fish Dos
|
|-weather|DesolateLand|[upkeep]
|-damage|p1a: Groudon|88/100 psn|[from] psn
|upkeep
|turn|30
|
|t:|1651352477
|move|p2a: Toxic Fish Dos|Earthquake|p1a: Groudon
|-supereffective|p1a: Groudon
|-damage|p1a: Groudon|54/100 psn
|move|p1a: Groudon|Precipice Blades|p2a: Toxic Fish Dos
|-damage|p2a: Toxic Fish Dos|15/100
|
|-weather|DesolateLand|[upkeep]
|-damage|p1a: Groudon|42/100 psn|[from] psn
|upkeep
|turn|31
|
|t:|1651352489
|move|p2a: Toxic Fish Dos|Earthquake|p1a: Groudon
|-supereffective|p1a: Groudon
|-damage|p1a: Groudon|3/100 psn
|move|p1a: Groudon|Precipice Blades|p2a: Toxic Fish Dos
|-damage|p2a: Toxic Fish Dos|0 fnt
|faint|p2a: Toxic Fish Dos
|
|-weather|DesolateLand|[upkeep]
|-damage|p1a: Groudon|0 fnt|[from] psn
|faint|p1a: Groudon
|-weather|none
|upkeep
|
|t:|1651352498
|switch|p1a: Smeargle|Smeargle, F, shiny|1/100
|switch|p2a: Toxic Fish Uno|Kyogre-Primal|100/100
|-status|p1a: Smeargle|psn
|-weather|PrimordialSea|[from] ability: Primordial Sea|[of] p2a: Toxic Fish Uno
|turn|32
|c|☆97thPhantom|gg
|
|t:|1651352513
|move|p1a: Smeargle|Spore|p2a: Toxic Fish Uno
|-status|p2a: Toxic Fish Uno|slp|[from] move: Spore
|cant|p2a: Toxic Fish Uno|slp
|
|-weather|PrimordialSea|[upkeep]
|-damage|p1a: Smeargle|0 fnt|[from] psn
|faint|p1a: Smeargle
|
|win|97thPhantom
|upkeep
|raw|elgas's rating: 1404 &rarr; <strong>1379</strong><br />(-25 for losing)
|raw|97thPhantom's rating: 1315 &rarr; <strong>1340</strong><br />(+25 for winning)
||Ladder isn't responding, score probably updated but might not have (Request timeout).
|l|☆elgas
