|j|☆baba_looey
|j|☆coloer
|t:|1650764980
|gametype|singles
|player|p1|baba_looey|worker|1425
|player|p2|coloer|red|1454
|teamsize|p1|6
|teamsize|p2|6
|gen|8
|tier|[Gen 8] National Dex AG
|rated|
|rule|HP Percentage Mod: HP is shown in percentages
|rule|Endless Battle Clause: Forcing endless battles is banned
|clearpoke
|poke|p1|Magearna|
|poke|p1|Gengar, M|
|poke|p1|Yveltal|
|poke|p1|Groudon|
|poke|p1|Rayquaza|
|poke|p1|Zacian-*|
|poke|p2|Rayquaza|
|poke|p2|Necrozma-Dusk-Mane|
|poke|p2|Umbreon, F|
|poke|p2|Urshifu-*, M|
|poke|p2|Cinderace, M|
|poke|p2|Gastrodon-East, M|
|teampreview
|
|t:|1650764994
|start
|switch|p1a: Groudon|Groudon|100/100
|switch|p2a: Necrozma|Necrozma-Dusk-Mane, shiny|100/100
|detailschange|p1a: Groudon|Groudon-Primal
|-primal|p1a: Groudon
|-weather|DesolateLand|[from] ability: Desolate Land|[of] p1a: Groudon
|turn|1
|
|t:|1650765001
|move|p2a: Necrozma|Stealth Rock|p1a: Groudon
|-sidestart|p1: baba_looey|move: Stealth Rock
|move|p1a: Groudon|Stealth Rock|p2a: Necrozma
|-sidestart|p2: coloer|move: Stealth Rock
|
|-weather|DesolateLand|[upkeep]
|upkeep
|turn|2
|
|t:|1650765010
|move|p2a: Necrozma|Thunder Wave|p1a: Groudon
|-immune|p1a: Groudon
|move|p1a: Groudon|Overheat|p2a: Necrozma
|-supereffective|p2a: Necrozma
|-damage|p2a: Necrozma|0 fnt
|-unboost|p1a: Groudon|spa|2
|faint|p2a: Necrozma
|
|-weather|DesolateLand|[upkeep]
|upkeep
|
|t:|1650765021
|switch|p2a: Umbreon|Umbreon, F, shiny|100/100
|-damage|p2a: Umbreon|88/100|[from] Stealth Rock
|turn|3
|inactive|Battle timer is ON: inactive players will automatically lose when time's up. (requested by baba_looey)
|
|t:|1650765032
|-weather|none
|switch|p1a: Magearna|Magearna|100/100
|-damage|p1a: Magearna|94/100|[from] Stealth Rock
|move|p2a: Umbreon|Protect||[still]
|-fail|p2a: Umbreon
|
|-heal|p2a: Umbreon|94/100|[from] item: Leftovers
|upkeep
|turn|4
|
|t:|1650765050
|move|p2a: Umbreon|Yawn|p1a: Magearna
|-start|p1a: Magearna|move: Yawn|[of] p2a: Umbreon
|move|p1a: Magearna|Volt Switch|p2a: Umbreon
|-damage|p2a: Umbreon|84/100
|
|t:|1650765059
|switch|p1a: Gengar|Gengar, M|100/100|[from]move: Volt Switch
|-damage|p1a: Gengar|88/100|[from] Stealth Rock
|
|-heal|p2a: Umbreon|90/100|[from] item: Leftovers
|upkeep
|turn|5
|
|t:|1650765067
|detailschange|p1a: Gengar|Gengar-Mega, M
|-mega|p1a: Gengar|Gengar|Gengarite
|move|p1a: Gengar|Substitute|p1a: Gengar
|-start|p1a: Gengar|Substitute
|-damage|p1a: Gengar|63/100
|move|p2a: Umbreon|Yawn||[still]
|-fail|p2a: Umbreon
|
|-heal|p2a: Umbreon|96/100|[from] item: Leftovers
|upkeep
|turn|6
|
|t:|1650765075
|move|p1a: Gengar|Encore|p2a: Umbreon
|-start|p2a: Umbreon|Encore
|move|p2a: Umbreon|Yawn||[still]
|-fail|p2a: Umbreon
|
|-heal|p2a: Umbreon|100/100|[from] item: Leftovers
|upkeep
|turn|7
|
|t:|1650765087
|move|p1a: Gengar|Focus Blast|p2a: Umbreon
|-supereffective|p2a: Umbreon
|-damage|p2a: Umbreon|43/100
|move|p2a: Umbreon|Yawn||[still]
|-fail|p2a: Umbreon
|
|-heal|p2a: Umbreon|49/100|[from] item: Leftovers
|upkeep
|turn|8
|
|t:|1650765094
|move|p1a: Gengar|Focus Blast|p2a: Umbreon|[miss]
|-miss|p1a: Gengar|p2a: Umbreon
|move|p2a: Umbreon|Yawn||[still]
|-fail|p2a: Umbreon
|
|-heal|p2a: Umbreon|55/100|[from] item: Leftovers
|-end|p2a: Umbreon|Encore
|upkeep
|turn|9
|
|t:|1650765108
|move|p1a: Gengar|Encore|p2a: Umbreon
|-start|p2a: Umbreon|Encore
|move|p2a: Umbreon|Yawn||[still]
|-fail|p2a: Umbreon
|
|-heal|p2a: Umbreon|61/100|[from] item: Leftovers
|upkeep
|turn|10
|
|t:|1650765115
|move|p1a: Gengar|Focus Blast|p2a: Umbreon
|-supereffective|p2a: Umbreon
|-damage|p2a: Umbreon|9/100
|move|p2a: Umbreon|Yawn||[still]
|-fail|p2a: Umbreon
|
|-heal|p2a: Umbreon|15/100|[from] item: Leftovers
|upkeep
|turn|11
|
|t:|1650765122
|move|p1a: Gengar|Focus Blast|p2a: Umbreon
|-supereffective|p2a: Umbreon
|-damage|p2a: Umbreon|0 fnt
|faint|p2a: Umbreon
|
|upkeep
|
|t:|1650765128
|switch|p2a: Rayquaza|Rayquaza, shiny|100/100
|-damage|p2a: Rayquaza|75/100|[from] Stealth Rock
|-ability|p2a: Rayquaza|Air Lock
|turn|12
|
|t:|1650765133
|-start|p2a: Rayquaza|Dynamax|
|-heal|p2a: Rayquaza|75/100|[silent]
|move|p1a: Gengar|Shadow Ball|p2a: Rayquaza
|-damage|p2a: Rayquaza|49/100
|move|p2a: Rayquaza|Max Airstream|p1a: Gengar
|-end|p1a: Gengar|Substitute
|-boost|p2a: Rayquaza|spe|1
|-damage|p2a: Rayquaza|44/100|[from] item: Life Orb
|
|upkeep
|turn|13
|
|t:|1650765147
|switch|p1a: Yveltal|Yveltal|100/100
|-ability|p1a: Yveltal|Dark Aura
|move|p2a: Rayquaza|Max Airstream|p1a: Yveltal
|-damage|p1a: Yveltal|17/100
|-boost|p2a: Rayquaza|spe|1
|-damage|p2a: Rayquaza|39/100|[from] item: Life Orb
|
|upkeep
|turn|14
|
|t:|1650765156
|move|p2a: Rayquaza|Max Airstream|p1a: Yveltal
|-damage|p1a: Yveltal|0 fnt
|-boost|p2a: Rayquaza|spe|1
|faint|p1a: Yveltal
|-damage|p2a: Rayquaza|34/100|[from] item: Life Orb
|
|-end|p2a: Rayquaza|Dynamax
|-heal|p2a: Rayquaza|34/100|[silent]
|upkeep
|
|t:|1650765163
|switch|p1a: Zacian|Zacian|100/100
|-damage|p1a: Zacian|88/100|[from] Stealth Rock
|-ability|p1a: Zacian|Intrepid Sword|boost
|-boost|p1a: Zacian|atk|1
|turn|15
|
|t:|1650765170
|move|p2a: Rayquaza|Overheat|p1a: Zacian
|-damage|p1a: Zacian|16/100
|-unboost|p2a: Rayquaza|spa|2
|-damage|p2a: Rayquaza|24/100|[from] item: Life Orb
|move|p1a: Zacian|Play Rough|p2a: Rayquaza
|-supereffective|p2a: Rayquaza
|-damage|p2a: Rayquaza|0 fnt
|faint|p2a: Rayquaza
|
|upkeep
|
|t:|1650765182
|switch|p2a: Urshifu|Urshifu-Rapid-Strike, M|100/100
|-damage|p2a: Urshifu|94/100|[from] Stealth Rock
|turn|16
|
|t:|1650765195
|move|p2a: Urshifu|Aqua Jet|p1a: Zacian
|-damage|p1a: Zacian|0 fnt
|faint|p1a: Zacian
|
|upkeep
|
|t:|1650765199
|switch|p1a: Groudon|Groudon-Primal|100/100
|-damage|p1a: Groudon|88/100|[from] Stealth Rock
|-weather|DesolateLand|[from] ability: Desolate Land|[of] p1a: Groudon
|turn|17
|
|t:|1650765205
|switch|p2a: Gastrodon|Gastrodon-East, M|100/100
|-damage|p2a: Gastrodon|94/100|[from] Stealth Rock
|move|p1a: Groudon|Precipice Blades|p2a: Gastrodon
|-damage|p2a: Gastrodon|34/100
|-enditem|p2a: Gastrodon|Sitrus Berry|[eat]
|-heal|p2a: Gastrodon|58/100|[from] item: Sitrus Berry
|
|-weather|DesolateLand|[upkeep]
|upkeep
|turn|18
|
|t:|1650765213
|move|p2a: Gastrodon|Protect|p2a: Gastrodon
|-singleturn|p2a: Gastrodon|Protect
|move|p1a: Groudon|Precipice Blades|p2a: Gastrodon
|-activate|p2a: Gastrodon|move: Protect
|
|-weather|DesolateLand|[upkeep]
|upkeep
|turn|19
|
|t:|1650765220
|move|p1a: Groudon|Precipice Blades|p2a: Gastrodon
|-damage|p2a: Gastrodon|0 fnt
|faint|p2a: Gastrodon
|
|-weather|DesolateLand|[upkeep]
|upkeep
|
|t:|1650765232
|switch|p2a: Cinderace|Cinderace, M, shiny|100/100
|-damage|p2a: Cinderace|76/100|[from] Stealth Rock
|turn|20
|inactive|coloer has 120 seconds left.
|
|t:|1650765271
|move|p2a: Cinderace|High Jump Kick|p1a: Groudon
|-start|p2a: Cinderace|typechange|Fighting|[from] ability: Libero
|-damage|p1a: Groudon|52/100
|move|p1a: Groudon|Precipice Blades|p2a: Cinderace
|-damage|p2a: Cinderace|0 fnt
|faint|p2a: Cinderace
|
|-weather|DesolateLand|[upkeep]
|upkeep
|-message|coloer forfeited.
|
|win|baba_looey
|raw|baba_looey's rating: 1425 &rarr; <strong>1447</strong><br />(+22 for winning)
|raw|coloer's rating: 1454 &rarr; <strong>1432</strong><br />(-22 for losing)
|l|☆coloer
