|j|☆llmmllmm
|j|☆ihateDread
|t:|1664512944
|gametype|singles
|player|p1|llmmllmm|170|
|player|p2|ihateDread|n|
|teamsize|p1|6
|teamsize|p2|6
|gen|8
|tier|[Gen 8] National Dex AG
|rule|HP Percentage Mod: HP is shown in percentages
|rule|Endless Battle Clause: Forcing endless battles is banned
|clearpoke
|poke|p1|Gothitelle, M|
|poke|p1|Zacian-*|
|poke|p1|Tyranitar, M|
|poke|p1|Necrozma-Dusk-Mane|
|poke|p1|Latios, M|
|poke|p1|Arceus-*|
|poke|p2|Zacian-*|
|poke|p2|Rayquaza|
|poke|p2|Zekrom|
|poke|p2|Necrozma-Dusk-Mane|
|poke|p2|Calyrex-Shadow|
|poke|p2|Grimmsnarl, M|
|teampreview
|inactive|Battle timer is ON: inactive players will automatically lose when time's up. (requested by ihateDread)
|c|☆llmmllmm|again
|
|t:|1664512950
|start
|switch|p1a: Zacian|Zacian-Crowned|100/100
|switch|p2a: Wall Builder|Grimmsnarl, M|100/100
|-ability|p1a: Zacian|Intrepid Sword|boost
|-boost|p1a: Zacian|atk|1
|turn|1
|
|t:|1664512965
|move|p2a: Wall Builder|Taunt|p1a: Zacian
|-start|p1a: Zacian|move: Taunt
|cant|p1a: Zacian|move: Taunt|Substitute
|
|upkeep
|turn|2
|
|t:|1664512978
|move|p2a: Wall Builder|Reflect|p2a: Wall Builder
|-sidestart|p2: ihateDread|Reflect
|move|p1a: Zacian|Behemoth Blade|p2a: Wall Builder
|-supereffective|p2a: Wall Builder
|-damage|p2a: Wall Builder|17/100
|
|upkeep
|turn|3
|c|☆ihateDread|no!
|c|☆llmmllmm|whhe
|
|t:|1664512985
|switch|p1a: Gothitelle|Gothitelle, M|100/100
|move|p2a: Wall Builder|Light Screen|p2a: Wall Builder
|-sidestart|p2: ihateDread|move: Light Screen
|
|upkeep
|turn|4
|
|t:|1664512990
|move|p2a: Wall Builder|Taunt|p1a: Gothitelle
|-start|p1a: Gothitelle|move: Taunt
|cant|p1a: Gothitelle|move: Taunt|Taunt
|
|upkeep
|turn|5
|
|t:|1664512998
|switch|p1a: Latios|Latios, M|100/100
|move|p2a: Wall Builder|Thunder Wave|p1a: Latios
|-status|p1a: Latios|par
|
|upkeep
|turn|6
|
|t:|1664513003
|switch|p2a: Light God|Necrozma-Dusk-Mane, shiny|100/100
|detailschange|p1a: Latios|Latios-Mega, M
|-mega|p1a: Latios|Latios|Latiosite
|move|p1a: Latios|Defog|p2a: Light God
|-unboost|p2a: Light God|evasion|1
|-sideend|p2: ihateDread|Reflect
|-sideend|p2: ihateDread|move: Light Screen
|
|upkeep
|turn|7
|c|☆ihateDread|f word
|c|☆llmmllmm|no!!!
|
|t:|1664513016
|switch|p1a: Arceus|Arceus-Ground|100/100
|move|p2a: Light God|Dragon Dance|p2a: Light God
|-boost|p2a: Light God|atk|1
|-boost|p2a: Light God|spe|1
|
|upkeep
|turn|8
|c|☆llmmllmm|u can't!!!
|
|t:|1664513034
|detailschange|p2a: Light God|Necrozma-Ultra, shiny
|-burst|p2a: Light God|Necrozma|Ultranecrozium Z
|move|p2a: Light God|Earthquake|p1a: Arceus
|-damage|p1a: Arceus|64/100
|move|p1a: Arceus|Ice Beam|p2a: Light God
|-supereffective|p2a: Light God
|-damage|p2a: Light God|47/100
|
|upkeep
|turn|9
|
|t:|1664513040
|switch|p1a: Necrozma|Necrozma-Dusk-Mane|100/100
|-zpower|p2a: Light God
|move|p2a: Light God|Light That Burns the Sky|p1a: Necrozma|[zeffect]
|-resisted|p1a: Necrozma
|-damage|p1a: Necrozma|69/100
|
|upkeep
|turn|10
|c|☆llmmllmm|wrong.
|
|t:|1664513053
|move|p2a: Light God|Earthquake|p1a: Necrozma
|-supereffective|p1a: Necrozma
|-damage|p1a: Necrozma|0 fnt
|faint|p1a: Necrozma
|
|upkeep
|
|t:|1664513056
|switch|p1a: Zacian|Zacian-Crowned|100/100
|-ability|p1a: Zacian|Intrepid Sword|boost
|-boost|p1a: Zacian|atk|1
|turn|11
|c|☆ihateDread|no
|
|t:|1664513062
|move|p2a: Light God|Earthquake|p1a: Zacian
|-supereffective|p1a: Zacian
|-damage|p1a: Zacian|0 fnt
|faint|p1a: Zacian
|
|upkeep
|c|☆llmmllmm|ah shi
|
|t:|1664513068
|switch|p1a: Arceus|Arceus-Ground|64/100
|turn|12
|
|t:|1664513074
|move|p2a: Light God|Photon Geyser|p1a: Arceus
|-damage|p1a: Arceus|16/100
|move|p1a: Arceus|Judgment|p2a: Light God
|-damage|p2a: Light God|0 fnt
|faint|p2a: Light God
|
|upkeep
|c|☆llmmllmm|i hate this game
|
|t:|1664513079
|switch|p2a: Horsey|Calyrex-Shadow|100/100
|-ability|p2a: Horsey|As One
|-ability|p2a: Horsey|Unnerve
|turn|13
|
|t:|1664513082
|switch|p1a: Tyranitar|Tyranitar, M|100/100
|-weather|Sandstorm|[from] ability: Sand Stream|[of] p1a: Tyranitar
|move|p2a: Horsey|Nasty Plot|p2a: Horsey
|-boost|p2a: Horsey|spa|2
|
|-weather|Sandstorm|[upkeep]
|-damage|p2a: Horsey|94/100|[from] Sandstorm
|upkeep
|turn|14
|
|t:|1664513086
|-start|p2a: Horsey|Dynamax|
|-heal|p2a: Horsey|94/100|[silent]
|move|p2a: Horsey|Max Starfall|p1a: Tyranitar
|-supereffective|p1a: Tyranitar
|-damage|p1a: Tyranitar|28/100
|-fieldstart|move: Misty Terrain
|move|p1a: Tyranitar|Pursuit|p2a: Horsey
|-supereffective|p2a: Horsey
|-damage|p2a: Horsey|50/100
|
|-weather|Sandstorm|[upkeep]
|-damage|p2a: Horsey|47/100|[from] Sandstorm
|-heal|p1a: Tyranitar|34/100|[from] item: Leftovers
|upkeep
|turn|15
|c|☆llmmllmm|where is your mother
|
|t:|1664513101
|-start|p1a: Tyranitar|Dynamax|
|-heal|p1a: Tyranitar|34/100|[silent]
|move|p1a: Tyranitar|Max Guard|p1a: Tyranitar
|-singleturn|p1a: Tyranitar|Max Guard
|move|p2a: Horsey|Max Starfall|p1a: Tyranitar
|-activate|p1a: Tyranitar|move: Max Guard
|
|-weather|Sandstorm|[upkeep]
|-damage|p2a: Horsey|44/100|[from] Sandstorm
|-heal|p1a: Tyranitar|38/100|[from] item: Leftovers
|upkeep
|turn|16
|c|☆ihateDread|shesusht
|c|☆llmmllmm|insane
|
|t:|1664513108
|move|p2a: Horsey|Max Starfall|p1a: Tyranitar
|-supereffective|p1a: Tyranitar
|-crit|p1a: Tyranitar
|-damage|p1a: Tyranitar|0 fnt
|faint|p1a: Tyranitar
|-ability|p2a: Horsey|Grim Neigh|boost
|-boost|p2a: Horsey|spa|1
|
|-weather|Sandstorm|[upkeep]
|-damage|p2a: Horsey|41/100|[from] Sandstorm
|upkeep
|c|☆ihateDread|haha
|c|☆llmmllmm|WHA
|inactive|llmmllmm has 270 seconds left.
|-message|llmmllmm forfeited.
|
|win|ihateDread
|l|☆llmmllmm
