|j|☆dividing by 0
|j|☆amnael01
|t:|1658890601
|gametype|singles
|player|p1|dividing by 0|pokemaniac|1797
|player|p2|amnael01|dawn|1764
|teamsize|p1|6
|teamsize|p2|6
|gen|8
|tier|[Gen 8] National Dex AG
|rated|
|rule|HP Percentage Mod: HP is shown in percentages
|rule|Endless Battle Clause: Forcing endless battles is banned
|clearpoke
|poke|p1|Rayquaza|
|poke|p1|Groudon|
|poke|p1|Kyogre|
|poke|p1|Yveltal|
|poke|p1|Necrozma-Dusk-Mane|
|poke|p1|Pheromosa|
|poke|p2|Smeargle, M|
|poke|p2|Groudon|
|poke|p2|Espeon, F|
|poke|p2|Rayquaza|
|poke|p2|Xerneas-*|
|poke|p2|Zacian-*|
|teampreview
|j| MeloMeloMeloetta
|
|t:|1658890609
|start
|switch|p1a: Pheromosa|Pheromosa|100/100
|switch|p2a: Groudon|Groudon|100/100
|detailschange|p2a: Groudon|Groudon-Primal
|-primal|p2a: Groudon
|-weather|DesolateLand|[from] ability: Desolate Land|[of] p2a: Groudon
|turn|1
|
|t:|1658890613
|switch|p1a: Rayquaza|Rayquaza|100/100
|-ability|p1a: Rayquaza|Air Lock
|move|p2a: Groudon|Stealth Rock|p1a: Rayquaza
|-sidestart|p1: dividing by 0|move: Stealth Rock
|
|-weather|DesolateLand|[upkeep]
|upkeep
|turn|2
|
|t:|1658890617
|-weather|none
|switch|p2a: Rayquaza|Rayquaza|100/100
|-ability|p2a: Rayquaza|Air Lock
|detailschange|p1a: Rayquaza|Rayquaza-Mega
|-mega|p1a: Rayquaza|Rayquaza|
|-weather|DeltaStream|[from] ability: Delta Stream|[of] p1a: Rayquaza
|move|p1a: Rayquaza|Surf|p2a: Rayquaza
|-resisted|p2a: Rayquaza
|-damage|p2a: Rayquaza|81/100
|
|-weather|DeltaStream|[upkeep]
|upkeep
|turn|3
|
|t:|1658890621
|-weather|none
|switch|p1a: Necrozma|Necrozma-Dusk-Mane|100/100
|-damage|p1a: Necrozma|94/100|[from] Stealth Rock
|detailschange|p2a: Rayquaza|Rayquaza-Mega
|-mega|p2a: Rayquaza|Rayquaza|
|-weather|DeltaStream|[from] ability: Delta Stream|[of] p2a: Rayquaza
|move|p2a: Rayquaza|Dragon Ascent|p1a: Necrozma
|-resisted|p1a: Necrozma
|-damage|p1a: Necrozma|72/100
|-unboost|p2a: Rayquaza|def|1
|-unboost|p2a: Rayquaza|spd|1
|
|-weather|DeltaStream|[upkeep]
|-heal|p1a: Necrozma|78/100|[from] item: Leftovers
|upkeep
|turn|4
|
|t:|1658890624
|-weather|none
|switch|p2a: Espeon|Espeon, F|100/100
|move|p1a: Necrozma|Thunder Wave|p2a: Espeon
|move|p2a: Espeon|Thunder Wave|p1a: Necrozma|[from]ability: Magic Bounce
|-status|p1a: Necrozma|par
|
|-heal|p1a: Necrozma|84/100 par|[from] item: Leftovers
|upkeep
|turn|5
|j| Grace-sas
|
|t:|1658890629
|move|p2a: Espeon|Shadow Ball|p1a: Necrozma
|-supereffective|p1a: Necrozma
|-damage|p1a: Necrozma|56/100 par
|cant|p1a: Necrozma|par
|
|-heal|p1a: Necrozma|62/100 par|[from] item: Leftovers
|upkeep
|turn|6
|
|t:|1658890636
|move|p2a: Espeon|Shadow Ball|p1a: Necrozma
|-supereffective|p1a: Necrozma
|-damage|p1a: Necrozma|34/100 par
|move|p1a: Necrozma|Morning Sun|p1a: Necrozma
|-heal|p1a: Necrozma|84/100 par
|
|-heal|p1a: Necrozma|90/100 par|[from] item: Leftovers
|upkeep
|turn|7
|
|t:|1658890639
|move|p2a: Espeon|Shadow Ball|p1a: Necrozma
|-supereffective|p1a: Necrozma
|-damage|p1a: Necrozma|60/100 par
|cant|p1a: Necrozma|par
|
|-heal|p1a: Necrozma|66/100 par|[from] item: Leftovers
|upkeep
|turn|8
|
|t:|1658890641
|move|p2a: Espeon|Shadow Ball|p1a: Necrozma
|-supereffective|p1a: Necrozma
|-damage|p1a: Necrozma|38/100 par
|move|p1a: Necrozma|Morning Sun|p1a: Necrozma
|-heal|p1a: Necrozma|88/100 par
|
|-heal|p1a: Necrozma|94/100 par|[from] item: Leftovers
|upkeep
|turn|9
|
|t:|1658890644
|move|p2a: Espeon|Shadow Ball|p1a: Necrozma
|-supereffective|p1a: Necrozma
|-damage|p1a: Necrozma|64/100 par
|move|p1a: Necrozma|Iron Head|p2a: Espeon
|-damage|p2a: Espeon|19/100
|
|-heal|p1a: Necrozma|70/100 par|[from] item: Leftovers
|upkeep
|turn|10
|
|t:|1658890647
|move|p2a: Espeon|Shadow Ball|p1a: Necrozma
|-supereffective|p1a: Necrozma
|-damage|p1a: Necrozma|41/100 par
|cant|p1a: Necrozma|par
|
|-heal|p1a: Necrozma|47/100 par|[from] item: Leftovers
|upkeep
|turn|11
|
|t:|1658890650
|move|p2a: Espeon|Shadow Ball|p1a: Necrozma
|-supereffective|p1a: Necrozma
|-damage|p1a: Necrozma|15/100 par
|move|p1a: Necrozma|Morning Sun|p1a: Necrozma
|-heal|p1a: Necrozma|65/100 par
|
|-heal|p1a: Necrozma|71/100 par|[from] item: Leftovers
|upkeep
|turn|12
|
|t:|1658890653
|switch|p2a: Groudon|Groudon-Primal|100/100
|-weather|DesolateLand|[from] ability: Desolate Land|[of] p2a: Groudon
|move|p1a: Necrozma|Morning Sun|p1a: Necrozma
|-heal|p1a: Necrozma|100/100 par
|
|-weather|DesolateLand|[upkeep]
|upkeep
|turn|13
|
|t:|1658890660
|switch|p1a: Yveltal|Yveltal|100/100
|-ability|p1a: Yveltal|Dark Aura
|move|p2a: Groudon|Fire Punch|p1a: Yveltal
|-crit|p1a: Yveltal
|-damage|p1a: Yveltal|2/100
|-status|p1a: Yveltal|brn
|
|-weather|DesolateLand|[upkeep]
|-damage|p1a: Yveltal|0 fnt|[from] brn
|faint|p1a: Yveltal
|upkeep
|
|t:|1658890670
|switch|p1a: Rayquaza|Rayquaza-Mega|100/100
|-damage|p1a: Rayquaza|76/100|[from] Stealth Rock
|-weather|DeltaStream|[from] ability: Delta Stream|[of] p1a: Rayquaza
|turn|14
|
|t:|1658890673
|switch|p2a: Espeon|Espeon, F|19/100
|move|p1a: Rayquaza|Draco Meteor|p2a: Espeon
|-damage|p2a: Espeon|0 fnt
|-unboost|p1a: Rayquaza|spa|2
|faint|p2a: Espeon
|
|-weather|DeltaStream|[upkeep]
|upkeep
|
|t:|1658890676
|switch|p2a: Zacian|Zacian-Crowned|100/100
|-ability|p2a: Zacian|Intrepid Sword|boost
|-boost|p2a: Zacian|atk|1
|turn|15
|
|t:|1658890679
|-weather|none
|switch|p1a: Necrozma|Necrozma-Dusk-Mane|100/100 par
|-damage|p1a: Necrozma|94/100 par|[from] Stealth Rock
|move|p2a: Zacian|Play Rough|p1a: Necrozma
|-resisted|p1a: Necrozma
|-damage|p1a: Necrozma|68/100 par
|-unboost|p1a: Necrozma|atk|1
|
|-heal|p1a: Necrozma|74/100 par|[from] item: Leftovers
|upkeep
|turn|16
|l| Grace-sas
|
|t:|1658890684
|switch|p2a: Groudon|Groudon-Primal|100/100
|-weather|DesolateLand|[from] ability: Desolate Land|[of] p2a: Groudon
|cant|p1a: Necrozma|par
|
|-weather|DesolateLand|[upkeep]
|-heal|p1a: Necrozma|80/100 par|[from] item: Leftovers
|upkeep
|turn|17
|inactive|Battle timer is ON: inactive players will automatically lose when time's up. (requested by amnael01)
|c|☆dividing by 0|@melomelomeloetta why have you been watching my last 3 or so games
|c|☆dividing by 0|lmao
|
|t:|1658890719
|switch|p1a: Rayquaza|Rayquaza-Mega|76/100
|-damage|p1a: Rayquaza|51/100|[from] Stealth Rock
|-weather|DeltaStream|[from] ability: Delta Stream|[of] p1a: Rayquaza
|move|p2a: Groudon|Fire Punch|p1a: Rayquaza
|-resisted|p1a: Rayquaza
|-damage|p1a: Rayquaza|28/100
|
|-weather|DeltaStream|[upkeep]
|upkeep
|turn|18
|
|t:|1658890732
|switch|p2a: Rayquaza|Rayquaza-Mega|81/100
|move|p1a: Rayquaza|Surf|p2a: Rayquaza
|-resisted|p2a: Rayquaza
|-damage|p2a: Rayquaza|65/100
|
|-weather|DeltaStream|[upkeep]
|upkeep
|turn|19
|
|t:|1658890740
|switch|p1a: Necrozma|Necrozma-Dusk-Mane|80/100 par
|-damage|p1a: Necrozma|74/100 par|[from] Stealth Rock
|move|p2a: Rayquaza|Dragon Ascent|p1a: Necrozma
|-resisted|p1a: Necrozma
|-damage|p1a: Necrozma|53/100 par
|-unboost|p2a: Rayquaza|def|1
|-unboost|p2a: Rayquaza|spd|1
|
|-weather|DeltaStream|[upkeep]
|-heal|p1a: Necrozma|59/100 par|[from] item: Leftovers
|upkeep
|turn|20
|
|t:|1658890744
|-weather|none
|switch|p2a: Groudon|Groudon-Primal|100/100
|-weather|DesolateLand|[from] ability: Desolate Land|[of] p2a: Groudon
|move|p1a: Necrozma|Iron Head|p2a: Groudon
|-resisted|p2a: Groudon
|-damage|p2a: Groudon|87/100
|
|-weather|DesolateLand|[upkeep]
|-heal|p1a: Necrozma|65/100 par|[from] item: Leftovers
|upkeep
|turn|21
|c| MeloMeloMeloetta|It's more fun to watch than play games
|
|t:|1658890751
|move|p2a: Groudon|Fire Punch|p1a: Necrozma
|-supereffective|p1a: Necrozma
|-damage|p1a: Necrozma|0 fnt
|faint|p1a: Necrozma
|
|-weather|DesolateLand|[upkeep]
|upkeep
|
|t:|1658890755
|switch|p1a: Rayquaza|Rayquaza-Mega|28/100
|-damage|p1a: Rayquaza|3/100|[from] Stealth Rock
|-weather|DeltaStream|[from] ability: Delta Stream|[of] p1a: Rayquaza
|turn|22
|
|t:|1658890769
|switch|p2a: Rayquaza|Rayquaza-Mega|65/100
|move|p1a: Rayquaza|Surf|p2a: Rayquaza
|-resisted|p2a: Rayquaza
|-damage|p2a: Rayquaza|47/100
|
|-weather|DeltaStream|[upkeep]
|upkeep
|turn|23
|
|t:|1658890771
|move|p2a: Rayquaza|Extreme Speed|p1a: Rayquaza
|-damage|p1a: Rayquaza|0 fnt
|faint|p1a: Rayquaza
|
|-weather|DeltaStream|[upkeep]
|upkeep
|c|☆dividing by 0|why mine though?
|
|t:|1658890799
|switch|p1a: Pheromosa|Pheromosa|100/100
|-damage|p1a: Pheromosa|88/100|[from] Stealth Rock
|turn|24
|
|t:|1658890813
|move|p2a: Rayquaza|Extreme Speed|p1a: Pheromosa
|-damage|p1a: Pheromosa|0 fnt
|faint|p1a: Pheromosa
|
|-weather|DeltaStream|[upkeep]
|upkeep
|
|t:|1658890817
|switch|p1a: Kyogre|Kyogre|100/100
|-damage|p1a: Kyogre|88/100|[from] Stealth Rock
|-ability|p1a: Kyogre|Drizzle|[from] deltastream|[fail]
|turn|25
|c| MeloMeloMeloetta|At first, I could only see yours
|
|t:|1658890829
|-start|p1a: Kyogre|Dynamax|
|-heal|p1a: Kyogre|88/100|[silent]
|move|p2a: Rayquaza|Extreme Speed|p1a: Kyogre
|-damage|p1a: Kyogre|68/100
|move|p1a: Kyogre|Max Hailstorm|p2a: Rayquaza
|-activate||deltastream
|-supereffective|p2a: Rayquaza
|-damage|p2a: Rayquaza|0 fnt
|-weather|Hail
|faint|p2a: Rayquaza
|
|-weather|Hail|[upkeep]
|-damage|p1a: Kyogre|65/100|[from] Hail
|upkeep
|
|t:|1658890833
|switch|p2a: Zacian|Zacian-Crowned|100/100
|-ability|p2a: Zacian|Intrepid Sword|boost
|-boost|p2a: Zacian|atk|1
|turn|26
|
|t:|1658890836
|move|p2a: Zacian|Wild Charge|p1a: Kyogre
|-supereffective|p1a: Kyogre
|-damage|p1a: Kyogre|2/100
|-damage|p2a: Zacian|67/100|[from] Recoil
|move|p1a: Kyogre|Max Geyser|p2a: Zacian
|-damage|p2a: Zacian|0 fnt
|-weather|RainDance
|faint|p2a: Zacian
|
|-weather|RainDance|[upkeep]
|upkeep
|
|t:|1658890843
|switch|p2a: Groudon|Groudon-Primal|87/100
|-weather|DesolateLand|[from] ability: Desolate Land|[of] p2a: Groudon
|turn|27
|
|t:|1658890846
|move|p2a: Groudon|Earthquake|p1a: Kyogre
|-damage|p1a: Kyogre|0 fnt
|faint|p1a: Kyogre
|
|-weather|DesolateLand|[upkeep]
|upkeep
|
|t:|1658890848
|switch|p1a: Groudon|Groudon|100/100
|-damage|p1a: Groudon|94/100|[from] Stealth Rock
|detailschange|p1a: Groudon|Groudon-Primal
|-primal|p1a: Groudon
|turn|28
|
|t:|1658890852
|move|p2a: Groudon|Earthquake|p1a: Groudon
|-supereffective|p1a: Groudon
|-damage|p1a: Groudon|13/100
|move|p1a: Groudon|Rock Polish|p1a: Groudon
|-boost|p1a: Groudon|spe|2
|
|-weather|DesolateLand|[upkeep]
|upkeep
|turn|29
|
|t:|1658890855
|move|p1a: Groudon|Precipice Blades|p2a: Groudon
|-supereffective|p2a: Groudon
|-damage|p2a: Groudon|0 fnt
|faint|p2a: Groudon
|
|-weather|DesolateLand|[upkeep]
|upkeep
|
|t:|1658890857
|switch|p2a: Smeargle|Smeargle, M|100/100
|turn|30
|
|t:|1658890860
|move|p1a: Groudon|Heat Crash|p2a: Smeargle
|-enditem|p2a: Smeargle|Focus Sash
|-damage|p2a: Smeargle|1/100
|move|p2a: Smeargle|Spore|p1a: Groudon
|-status|p1a: Groudon|slp|[from] move: Spore
|
|-weather|DesolateLand|[upkeep]
|-ability|p2a: Smeargle|Moody|boost
|-boost|p2a: Smeargle|spe|2
|-unboost|p2a: Smeargle|def|1
|upkeep
|turn|31
|
|t:|1658890865
|move|p2a: Smeargle|Shift Gear|p2a: Smeargle
|-boost|p2a: Smeargle|spe|2
|-boost|p2a: Smeargle|atk|1
|cant|p1a: Groudon|slp
|
|-weather|DesolateLand|[upkeep]
|-ability|p2a: Smeargle|Moody|boost
|-boost|p2a: Smeargle|spd|2
|-unboost|p2a: Smeargle|def|1
|upkeep
|turn|32
|
|t:|1658890867
|move|p2a: Smeargle|Shift Gear|p2a: Smeargle
|-boost|p2a: Smeargle|spe|2
|-boost|p2a: Smeargle|atk|1
|cant|p1a: Groudon|slp
|
|-weather|DesolateLand|[upkeep]
|-ability|p2a: Smeargle|Moody|boost
|-boost|p2a: Smeargle|spa|2
|-unboost|p2a: Smeargle|def|1
|upkeep
|turn|33
|
|t:|1658890872
|move|p2a: Smeargle|Spiky Shield|p2a: Smeargle
|-singleturn|p2a: Smeargle|move: Protect
|-curestatus|p1a: Groudon|slp|[msg]
|move|p1a: Groudon|Heat Crash|p2a: Smeargle
|-activate|p2a: Smeargle|move: Protect
|-damage|p1a: Groudon|1/100|[from] Spiky Shield|[of] p2a: Smeargle
|
|-weather|DesolateLand|[upkeep]
|-ability|p2a: Smeargle|Moody|boost
|-boost|p2a: Smeargle|spd|2
|-unboost|p2a: Smeargle|def|1
|upkeep
|turn|34
|
|t:|1658890875
|move|p2a: Smeargle|Spore|p1a: Groudon
|-status|p1a: Groudon|slp|[from] move: Spore
|cant|p1a: Groudon|slp
|
|-weather|DesolateLand|[upkeep]
|-ability|p2a: Smeargle|Moody|boost
|-boost|p2a: Smeargle|spa|2
|-unboost|p2a: Smeargle|atk|1
|upkeep
|turn|35
|
|t:|1658890879
|move|p2a: Smeargle|Shift Gear|p2a: Smeargle
|-boost|p2a: Smeargle|spe|0
|-boost|p2a: Smeargle|atk|1
|cant|p1a: Groudon|slp
|
|-weather|DesolateLand|[upkeep]
|-ability|p2a: Smeargle|Moody|boost
|-boost|p2a: Smeargle|spa|2
|-unboost|p2a: Smeargle|spe|1
|upkeep
|turn|36
|
|t:|1658890883
|move|p2a: Smeargle|Spiky Shield|p2a: Smeargle
|-singleturn|p2a: Smeargle|move: Protect
|cant|p1a: Groudon|slp
|
|-weather|DesolateLand|[upkeep]
|-ability|p2a: Smeargle|Moody|boost
|-boost|p2a: Smeargle|atk|2
|-unboost|p2a: Smeargle|spe|1
|upkeep
|turn|37
|
|t:|1658890886
|move|p2a: Smeargle|Spiky Shield|p2a: Smeargle
|-singleturn|p2a: Smeargle|move: Protect
|-curestatus|p1a: Groudon|slp|[msg]
|move|p1a: Groudon|Heat Crash|p2a: Smeargle
|-activate|p2a: Smeargle|move: Protect
|-damage|p1a: Groudon|0 fnt|[from] Spiky Shield|[of] p2a: Smeargle
|faint|p1a: Groudon
|-weather|none
|
|win|amnael01
|raw|dividing by 0's rating: 1797 &rarr; <strong>1775</strong><br />(-22 for losing)
|raw|amnael01's rating: 1764 &rarr; <strong>1786</strong><br />(+22 for winning)
|l|☆dividing by 0
|l|☆amnael01
