|j|☆AnimeZZZZ5
|j|☆NashamagusAS
|t:|1613386039
|player|p1|AnimeZZZZ5|az|1786
|player|p2|NashamagusAS|dawn|1676
|teamsize|p1|6
|teamsize|p2|6
|gametype|singles
|gen|8
|tier|[Gen 8] National Dex AG
|rated|
|clearpoke
|poke|p1|Yveltal|
|poke|p1|Marshadow|
|poke|p1|Smeargle, M|
|poke|p1|Smeargle, M|
|poke|p1|Arceus-*|
|poke|p1|Pheromosa|
|poke|p2|Arceus-*|
|poke|p2|Yveltal|
|poke|p2|Rayquaza|
|poke|p2|Necrozma-Dusk-Mane|
|poke|p2|Groudon|
|poke|p2|Zacian-Crowned|
|rule|HP Percentage Mod: HP is shown in percentages
|rule|Endless Battle Clause: Forcing endless battles is banned
|teampreview
|j| Makaai(pokechamp)
|
|t:|1613386045
|start
|switch|p1a: Smeargle|Smeargle, M|100/100
|switch|p2a: Zacian|Zacian-Crowned|100/100
|-ability|p2a: Zacian|Intrepid Sword|boost
|-boost|p2a: Zacian|atk|1
|turn|1
|
|t:|1613386070
|move|p2a: Zacian|Substitute|p2a: Zacian
|-start|p2a: Zacian|Substitute
|-damage|p2a: Zacian|76/100
|move|p1a: Smeargle|Shell Smash|p1a: Smeargle
|-unboost|p1a: Smeargle|def|1
|-unboost|p1a: Smeargle|spd|1
|-boost|p1a: Smeargle|atk|2
|-boost|p1a: Smeargle|spa|2
|-boost|p1a: Smeargle|spe|2
|
|-ability|p1a: Smeargle|Moody|boost
|-boost|p1a: Smeargle|spa|2
|-unboost|p1a: Smeargle|spe|1
|upkeep
|turn|2
|
|t:|1613386086
|move|p2a: Zacian|Behemoth Blade|p1a: Smeargle
|-enditem|p1a: Smeargle|Focus Sash
|-damage|p1a: Smeargle|1/100
|move|p1a: Smeargle|Sticky Web|p2a: Zacian
|-sidestart|p2: NashamagusAS|move: Sticky Web
|
|-ability|p1a: Smeargle|Moody|boost
|-boost|p1a: Smeargle|spa|2
|-unboost|p1a: Smeargle|spe|1
|upkeep
|turn|3
|
|t:|1613386104
|move|p2a: Zacian|Behemoth Blade|p1a: Smeargle
|-damage|p1a: Smeargle|0 fnt
|faint|p1a: Smeargle
|
|upkeep
|
|t:|1613386106
|switch|p1a: Marshadow|Marshadow|100/100
|turn|4
|
|t:|1613386113
|move|p2a: Zacian|Behemoth Blade|p1a: Marshadow
|-enditem|p1a: Marshadow|Focus Sash
|-damage|p1a: Marshadow|1/100
|move|p1a: Marshadow|Spectral Thief||[still]
|-clearpositiveboost|p2a: Zacian|p1a: Marshadow|move: Spectral Thief
|-boost|p1a: Marshadow|atk|1
|-anim|p1a: Marshadow|Spectral Thief|p2a: Zacian
|-damage|p2a: Zacian|17/100
|
|upkeep
|turn|5
|
|t:|1613386127
|move|p1a: Marshadow|Shadow Sneak|p2a: Zacian
|-end|p2a: Zacian|Substitute
|move|p2a: Zacian|Behemoth Blade|p1a: Marshadow
|-damage|p1a: Marshadow|0 fnt
|faint|p1a: Marshadow
|
|upkeep
|
|t:|1613386148
|switch|p1a: Pheromosa|Pheromosa|100/100
|turn|6
|
|t:|1613386157
|move|p1a: Pheromosa|Drill Run|p2a: Zacian
|-supereffective|p2a: Zacian
|-damage|p2a: Zacian|0 fnt
|faint|p2a: Zacian
|-ability|p1a: Pheromosa|Beast Boost|boost
|-boost|p1a: Pheromosa|spe|1
|
|upkeep
|
|t:|1613386168
|switch|p2a: Groudon|Groudon, shiny|100/100
|-activate|p2a: Groudon|move: Sticky Web
|-unboost|p2a: Groudon|spe|1
|detailschange|p2a: Groudon|Groudon-Primal, shiny
|-primal|p2a: Groudon
|-weather|DesolateLand|[from] ability: Desolate Land|[of] p2a: Groudon
|turn|7
|l| Makaai(pokechamp)
|inactive|Battle timer is ON: inactive players will automatically lose when time's up. (requested by NashamagusAS)
|inactive|AnimeZZZZ5 has 120 seconds left.
|
|t:|1613386257
|move|p1a: Pheromosa|Drill Run|p2a: Groudon
|-supereffective|p2a: Groudon
|-damage|p2a: Groudon|66/100
|move|p2a: Groudon|Stealth Rock|p1a: Pheromosa
|-sidestart|p1: AnimeZZZZ5|move: Stealth Rock
|
|-weather|DesolateLand|[upkeep]
|upkeep
|turn|8
|
|t:|1613386264
|move|p1a: Pheromosa|High Jump Kick|p2a: Groudon
|-damage|p2a: Groudon|28/100
|move|p2a: Groudon|Rock Tomb|p1a: Pheromosa
|-damage|p1a: Pheromosa|37/100
|-unboost|p1a: Pheromosa|spe|1
|
|-weather|DesolateLand|[upkeep]
|upkeep
|turn|9
|
|t:|1613386273
|move|p1a: Pheromosa|High Jump Kick|p2a: Groudon
|-damage|p2a: Groudon|0 fnt
|faint|p2a: Groudon
|-weather|none
|-ability|p1a: Pheromosa|Beast Boost|boost
|-boost|p1a: Pheromosa|spe|1
|
|upkeep
|
|t:|1613386283
|switch|p2a: Necrozma|Necrozma-Dusk-Mane, shiny|100/100
|-activate|p2a: Necrozma|move: Sticky Web
|-unboost|p2a: Necrozma|spe|1
|turn|10
|
|t:|1613386288
|move|p1a: Pheromosa|High Jump Kick|p2a: Necrozma
|-damage|p2a: Necrozma|49/100
|move|p2a: Necrozma|Trick Room|p2a: Necrozma
|-fieldstart|move: Trick Room|[of] p2a: Necrozma
|
|upkeep
|turn|11
|
|t:|1613386295
|move|p2a: Necrozma|Sunsteel Strike|p1a: Pheromosa
|-damage|p1a: Pheromosa|0 fnt
|faint|p1a: Pheromosa
|
|upkeep
|
|t:|1613386298
|switch|p1a: Arceus|Arceus-Ground|100/100
|-damage|p1a: Arceus|94/100|[from] Stealth Rock
|turn|12
|
|t:|1613386305
|-zpower|p2a: Necrozma
|move|p2a: Necrozma|Searing Sunraze Smash|p1a: Arceus|[zeffect]
|-damage|p1a: Arceus|0 fnt
|faint|p1a: Arceus
|
|upkeep
|
|t:|1613386308
|switch|p1a: Yveltal|Yveltal|100/100
|-damage|p1a: Yveltal|75/100|[from] Stealth Rock
|-ability|p1a: Yveltal|Dark Aura
|turn|13
|
|t:|1613386320
|move|p2a: Necrozma|Sunsteel Strike|p1a: Yveltal
|-damage|p1a: Yveltal|18/100
|move|p1a: Yveltal|Knock Off|p2a: Necrozma
|-supereffective|p2a: Necrozma
|-damage|p2a: Necrozma|5/100
|
|upkeep
|turn|14
|
|t:|1613386332
|move|p2a: Necrozma|Sunsteel Strike|p1a: Yveltal
|-damage|p1a: Yveltal|0 fnt
|faint|p1a: Yveltal
|
|-fieldend|move: Trick Room
|upkeep
|
|t:|1613386333
|switch|p1a: Smeargle|Smeargle, M|100/100
|-damage|p1a: Smeargle|88/100|[from] Stealth Rock
|turn|15
|
|t:|1613386343
|move|p1a: Smeargle|Substitute|p1a: Smeargle
|-start|p1a: Smeargle|Substitute
|-damage|p1a: Smeargle|63/100
|move|p2a: Necrozma|Sunsteel Strike|p1a: Smeargle
|-end|p1a: Smeargle|Substitute
|
|-heal|p1a: Smeargle|69/100|[from] item: Leftovers
|-ability|p1a: Smeargle|Moody|boost
|-boost|p1a: Smeargle|spe|2
|-unboost|p1a: Smeargle|spd|1
|upkeep
|turn|16
|
|t:|1613386354
|move|p1a: Smeargle|Spiky Shield|p1a: Smeargle
|-singleturn|p1a: Smeargle|move: Protect
|move|p2a: Necrozma|Sunsteel Strike|p1a: Smeargle
|-activate|p1a: Smeargle|move: Protect
|-damage|p2a: Necrozma|0 fnt|[from] Spiky Shield|[of] p1a: Smeargle
|faint|p2a: Necrozma
|
|-heal|p1a: Smeargle|75/100|[from] item: Leftovers
|-ability|p1a: Smeargle|Moody|boost
|-boost|p1a: Smeargle|spa|2
|-unboost|p1a: Smeargle|spd|1
|upkeep
|
|t:|1613386368
|switch|p2a: Yveltal|Yveltal|100/100
|-ability|p2a: Yveltal|Dark Aura
|turn|17
|
|t:|1613386377
|move|p1a: Smeargle|Substitute|p1a: Smeargle
|-start|p1a: Smeargle|Substitute
|-damage|p1a: Smeargle|50/100
|move|p2a: Yveltal|Taunt|p1a: Smeargle
|-start|p1a: Smeargle|move: Taunt
|
|-heal|p1a: Smeargle|56/100|[from] item: Leftovers
|-ability|p1a: Smeargle|Moody|boost
|-boost|p1a: Smeargle|spe|2
|-unboost|p1a: Smeargle|def|1
|upkeep
|turn|18
|
|t:|1613386391
|move|p1a: Smeargle|Power Trip|p2a: Yveltal
|-resisted|p2a: Yveltal
|-damage|p2a: Yveltal|89/100
|move|p2a: Yveltal|Oblivion Wing|p1a: Smeargle
|-end|p1a: Smeargle|Substitute
|-heal|p2a: Yveltal|100/100|[from] drain|[of] p1a: Smeargle
|-damage|p2a: Yveltal|91/100|[from] item: Life Orb
|
|-heal|p1a: Smeargle|62/100|[from] item: Leftovers
|-ability|p1a: Smeargle|Moody|boost
|-boost|p1a: Smeargle|spd|2
|-unboost|p1a: Smeargle|atk|1
|upkeep
|turn|19
|
|t:|1613386406
|move|p1a: Smeargle|Power Trip|p2a: Yveltal
|-resisted|p2a: Yveltal
|-damage|p2a: Yveltal|83/100
|move|p2a: Yveltal|Oblivion Wing|p1a: Smeargle
|-damage|p1a: Smeargle|0 fnt
|-heal|p2a: Yveltal|100/100|[from] drain|[of] p1a: Smeargle
|-damage|p2a: Yveltal|91/100|[from] item: Life Orb
|faint|p1a: Smeargle
|
|win|NashamagusAS
|raw|AnimeZZZZ5's rating: 1757 &rarr; <strong>1732</strong><br />(-25 for losing)
|raw|NashamagusAS's rating: 1676 &rarr; <strong>1701</strong><br />(+25 for winning)
