|j|☆llmmllmm
|j|☆Gieros Test
|t:|1647831851
|gametype|singles
|player|p1|llmmllmm|tuberf|1570
|player|p2|Gieros Test|pokemonrangerf|1574
|teamsize|p1|6
|teamsize|p2|6
|gen|8
|tier|[Gen 8] National Dex AG
|rated|
|rule|HP Percentage Mod: HP is shown in percentages
|rule|Endless Battle Clause: Forcing endless battles is banned
|clearpoke
|poke|p1|Ho-Oh|
|poke|p1|Arceus-*|
|poke|p1|Rayquaza|
|poke|p1|Calyrex-Shadow|
|poke|p1|Marshadow|
|poke|p1|Arceus-*|
|poke|p2|Deoxys-Speed|
|poke|p2|Tapu Lele|
|poke|p2|Calyrex-Shadow|
|poke|p2|Xerneas-*|
|poke|p2|Necrozma-Dusk-Mane|
|poke|p2|Ditto|
|teampreview
|inactive|Battle timer is ON: inactive players will automatically lose when time's up. (requested by llmmllmm)
|
|t:|1647831860
|start
|switch|p1a: Arceus|Arceus-Ground|100/100
|switch|p2a: Deoxys|Deoxys-Speed|100/100
|-ability|p2a: Deoxys|Pressure
|turn|1
|
|t:|1647831865
|move|p2a: Deoxys|Taunt|p1a: Arceus
|-start|p1a: Arceus|move: Taunt
|move|p1a: Arceus|Judgment|p2a: Deoxys
|-damage|p2a: Deoxys|24/100
|
|upkeep
|turn|2
|
|t:|1647831871
|move|p2a: Deoxys|Stealth Rock|p1a: Arceus
|-sidestart|p1: llmmllmm|move: Stealth Rock
|move|p1a: Arceus|Judgment|p2a: Deoxys
|-damage|p2a: Deoxys|0 fnt
|faint|p2a: Deoxys
|
|upkeep
|
|t:|1647831874
|switch|p2a: Tapu Lele|Tapu Lele|100/100
|-fieldstart|move: Psychic Terrain|[from] ability: Psychic Surge|[of] p2a: Tapu Lele
|turn|3
|
|t:|1647831878
|move|p2a: Tapu Lele|Nature's Madness|p1a: Arceus
|-damage|p1a: Arceus|50/100
|move|p1a: Arceus|Ice Beam|p2a: Tapu Lele
|-damage|p2a: Tapu Lele|65/100
|
|-end|p1a: Arceus|move: Taunt
|upkeep
|turn|4
|
|t:|1647831886
|move|p2a: Tapu Lele|Taunt|p1a: Arceus
|-start|p1a: Arceus|move: Taunt
|cant|p1a: Arceus|move: Taunt|Defog
|
|upkeep
|turn|5
|
|t:|1647831888
|move|p2a: Tapu Lele|Psyshock|p1a: Arceus
|-damage|p1a: Arceus|16/100
|move|p1a: Arceus|Judgment|p2a: Tapu Lele
|-crit|p2a: Tapu Lele
|-damage|p2a: Tapu Lele|0 fnt
|faint|p2a: Tapu Lele
|
|upkeep
|
|t:|1647831898
|switch|p2a: Necrozma|Necrozma-Dusk-Mane|100/100
|turn|6
|
|t:|1647831901
|detailschange|p2a: Necrozma|Necrozma-Ultra
|-burst|p2a: Necrozma|Necrozma|Ultranecrozium Z
|move|p2a: Necrozma|Dragon Dance|p2a: Necrozma
|-boost|p2a: Necrozma|atk|1
|-boost|p2a: Necrozma|spe|1
|move|p1a: Arceus|Judgment|p2a: Necrozma
|-damage|p2a: Necrozma|37/100
|
|-end|p1a: Arceus|move: Taunt
|upkeep
|turn|7
|
|t:|1647831906
|move|p2a: Necrozma|Photon Geyser|p1a: Arceus
|-damage|p1a: Arceus|0 fnt
|faint|p1a: Arceus
|
|upkeep
|
|t:|1647831916
|switch|p1a: Ho-Oh|Ho-Oh|100/100
|turn|8
|
|t:|1647831921
|move|p2a: Necrozma|Stone Edge|p1a: Ho-Oh
|-supereffective|p1a: Ho-Oh
|-damage|p1a: Ho-Oh|0 fnt
|faint|p1a: Ho-Oh
|
|upkeep
|
|t:|1647831924
|switch|p1a: Arceus|Arceus|100/100
|-damage|p1a: Arceus|88/100|[from] Stealth Rock
|turn|9
|
|t:|1647831931
|move|p1a: Arceus|Extreme Speed|p2a: Necrozma
|-activate|p2a: Necrozma|move: Psychic Terrain
|move|p2a: Necrozma|Photon Geyser|p1a: Arceus
|-damage|p1a: Arceus|0 fnt
|faint|p1a: Arceus
|
|upkeep
|
|t:|1647831948
|switch|p1a: Rayquaza|Rayquaza|100/100
|-damage|p1a: Rayquaza|76/100|[from] Stealth Rock
|-ability|p1a: Rayquaza|Air Lock
|turn|10
|
|t:|1647831952
|detailschange|p1a: Rayquaza|Rayquaza-Mega
|-mega|p1a: Rayquaza|Rayquaza|
|-weather|DeltaStream|[from] ability: Delta Stream|[of] p1a: Rayquaza
|-zpower|p2a: Necrozma
|move|p2a: Necrozma|Light That Burns the Sky|p1a: Rayquaza|[zeffect]
|-damage|p1a: Rayquaza|0 fnt
|faint|p1a: Rayquaza
|-weather|none
|
|-fieldend|move: Psychic Terrain
|upkeep
|-message|llmmllmm forfeited.
|
|win|Gieros Test
|raw|llmmllmm's rating: 1570 &rarr; <strong>1550</strong><br />(-20 for losing)
|raw|Gieros Test's rating: 1574 &rarr; <strong>1594</strong><br />(+20 for winning)
|l|☆llmmllmm
