|j|☆kek1445645
|j|☆lemoncell0
|t:|1662853428
|gametype|singles
|player|p1|kek1445645|170|1862
|player|p2|lemoncell0|allister|1967
|teamsize|p1|6
|teamsize|p2|6
|gen|8
|tier|[Gen 8] National Dex AG
|rated|
|rule|HP Percentage Mod: HP is shown in percentages
|rule|Endless Battle Clause: Forcing endless battles is banned
|clearpoke
|poke|p1|Groudon|
|poke|p1|Rayquaza|
|poke|p1|Zygarde|
|poke|p1|Arceus-*|
|poke|p1|Calyrex-Shadow|
|poke|p1|Xerneas-*|
|poke|p2|Tyranitar, M|
|poke|p2|Ditto|
|poke|p2|Latias, F|
|poke|p2|Gothitelle, M|
|poke|p2|Quagsire, M|
|poke|p2|Zacian-*|
|teampreview
|c|☆kek1445645|ayyy
|c|☆kek1445645|yo lemon u got a dc btw
|c|☆lemoncell0|heyo heyo
|c|☆lemoncell0|dc?
|c|☆kek1445645|discord
|c|☆lemoncell0|ahh yeah I do
|c|☆kek1445645|add me ?
|c|☆kek1445645|u dont have 2
|c|☆lemoncell0|lemoncell0#6903
|c|☆lemoncell0|I will :D
|
|t:|1662853510
|start
|switch|p1a: Pneuma|Rayquaza|100/100
|switch|p2a: Latias|Latias, F|100/100
|-ability|p1a: Pneuma|Air Lock
|turn|1
|
|t:|1662853522
|switch|p1a: Xerneas|Xerneas|100/100
|-ability|p1a: Xerneas|Fairy Aura
|detailschange|p2a: Latias|Latias-Mega, F
|-mega|p2a: Latias|Latias|Latiasite
|move|p2a: Latias|Draco Meteor|p1a: Xerneas
|-immune|p1a: Xerneas
|
|upkeep
|turn|2
|
|t:|1662853531
|move|p2a: Latias|Toxic|p1a: Xerneas
|-status|p1a: Xerneas|tox
|move|p1a: Xerneas|Geomancy||[still]
|-prepare|p1a: Xerneas|Geomancy
|-enditem|p1a: Xerneas|Power Herb
|-anim|p1a: Xerneas|Geomancy|p1a: Xerneas
|-boost|p1a: Xerneas|spa|2
|-boost|p1a: Xerneas|spd|2
|-boost|p1a: Xerneas|spe|2
|
|-damage|p1a: Xerneas|94/100 tox|[from] psn
|upkeep
|turn|3
|
|t:|1662853540
|switch|p2a: Gothitelle|Gothitelle, M|100/100
|move|p1a: Xerneas|Moonblast|p2a: Gothitelle
|-damage|p2a: Gothitelle|0 fnt
|faint|p2a: Gothitelle
|
|-damage|p1a: Xerneas|82/100 tox|[from] psn
|upkeep
|
|t:|1662853542
|switch|p2a: Ditto|Ditto|100/100
|-transform|p2a: Ditto|p1a: Xerneas|[from] ability: Imposter
|-ability|p2a: Ditto|Fairy Aura
|turn|4
|c|☆lemoncell0|close combat
|c|☆kek1445645|ye its heat lol
|c|☆kek1445645|i might put just psyshock over it
|c|☆lemoncell0|is it better than psyshock
|c|☆lemoncell0|oh lol
|c|☆kek1445645|i doubt it lol
|
|t:|1662853570
|-start|p2a: Ditto|Dynamax|
|-heal|p2a: Ditto|100/100|[silent]
|-start|p1a: Xerneas|Dynamax|
|-heal|p1a: Xerneas|82/100 tox|[silent]
|move|p2a: Ditto|Max Guard|p2a: Ditto
|-singleturn|p2a: Ditto|Max Guard
|move|p1a: Xerneas|Max Starfall|p2a: Ditto
|-activate|p2a: Ditto|move: Max Guard
|
|-damage|p1a: Xerneas|73/100 tox|[from] psn
|upkeep
|turn|5
|c|☆kek1445645|i just thought it was funny
|
|t:|1662853576
|move|p1a: Xerneas|Max Starfall|p2a: Ditto
|-damage|p2a: Ditto|31/100
|-fieldstart|move: Misty Terrain
|move|p2a: Ditto|Max Starfall|p1a: Xerneas
|-damage|p1a: Xerneas|32/100 tox
|
|-damage|p1a: Xerneas|20/100 tox|[from] psn
|upkeep
|turn|6
|
|t:|1662853581
|move|p2a: Ditto|Max Guard|p2a: Ditto
|-singleturn|p2a: Ditto|Max Guard
|move|p1a: Xerneas|Max Starfall|p2a: Ditto
|-activate|p2a: Ditto|move: Max Guard
|
|-damage|p1a: Xerneas|5/100 tox|[from] psn
|upkeep
|-end|p2a: Ditto|Dynamax
|-heal|p2a: Ditto|31/100|[silent]
|-end|p1a: Xerneas|Dynamax
|-heal|p1a: Xerneas|5/100 tox|[silent]
|turn|7
|
|t:|1662853585
|move|p2a: Ditto|Moonblast|p1a: Xerneas
|-damage|p1a: Xerneas|0 fnt
|faint|p1a: Xerneas
|
|upkeep
|
|t:|1662853590
|switch|p1a: Arceus|Arceus|100/100
|turn|8
|
|t:|1662853592
|switch|p2a: Quagsire|Quagsire, M|100/100
|move|p1a: Arceus|Extreme Speed|p2a: Quagsire
|-damage|p2a: Quagsire|70/100
|-damage|p1a: Arceus|84/100|[from] item: Rocky Helmet|[of] p2a: Quagsire
|
|upkeep
|turn|9
|
|t:|1662853594
|switch|p1a: Pneuma|Rayquaza|100/100
|-ability|p1a: Pneuma|Air Lock
|move|p2a: Quagsire|Recover|p2a: Quagsire
|-heal|p2a: Quagsire|100/100
|
|-fieldend|Misty Terrain
|upkeep
|turn|10
|c|☆kek1445645|DO I HAVE
|c|☆kek1445645|DRACO
|
|t:|1662853605
|detailschange|p1a: Pneuma|Rayquaza-Mega
|-mega|p1a: Pneuma|Rayquaza|
|-weather|DeltaStream|[from] ability: Delta Stream|[of] p1a: Pneuma
|move|p1a: Pneuma|Dragon Dance|p1a: Pneuma
|-boost|p1a: Pneuma|atk|1
|-boost|p1a: Pneuma|spe|1
|move|p2a: Quagsire|Counter||[still]
|-fail|p2a: Quagsire
|
|-weather|DeltaStream|[upkeep]
|upkeep
|turn|11
|
|t:|1662853613
|-weather|none
|switch|p1a: Shi Oh You|Zygarde, shiny|100/100
|move|p2a: Quagsire|Counter||[still]
|-fail|p2a: Quagsire
|
|upkeep
|turn|12
|
|t:|1662853617
|move|p1a: Shi Oh You|Glare|p2a: Quagsire
|-status|p2a: Quagsire|par
|move|p2a: Quagsire|Earthquake|p1a: Shi Oh You
|-damage|p1a: Shi Oh You|85/100
|
|-heal|p1a: Shi Oh You|91/100|[from] item: Leftovers
|upkeep
|turn|13
|
|t:|1662853626
|switch|p1a: Calyrex|Calyrex-Shadow|100/100
|-ability|p1a: Calyrex|As One
|-ability|p1a: Calyrex|Unnerve
|move|p2a: Quagsire|Earthquake|p1a: Calyrex
|-damage|p1a: Calyrex|68/100
|
|-heal|p1a: Calyrex|74/100|[from] item: Leftovers
|upkeep
|turn|14
|
|t:|1662853631
|switch|p1a: Pyra|Groudon|100/100
|detailschange|p1a: Pyra|Groudon-Primal
|-primal|p1a: Pyra
|-weather|DesolateLand|[from] ability: Desolate Land|[of] p1a: Pyra
|switch|p2a: Tyranitar|Tyranitar, M|100/100
|-ability|p2a: Tyranitar|Sand Stream|[from] desolateland|[fail]
|
|-weather|DesolateLand|[upkeep]
|upkeep
|turn|15
|
|t:|1662853633
|switch|p2a: Latias|Latias-Mega, F|100/100
|move|p1a: Pyra|Precipice Blades|p2a: Latias
|-immune|p2a: Latias|[from] ability: Levitate
|
|-weather|DesolateLand|[upkeep]
|upkeep
|turn|16
|
|t:|1662853635
|move|p2a: Latias|Toxic|p1a: Pyra
|-status|p1a: Pyra|tox
|move|p1a: Pyra|Thunder Wave|p2a: Latias
|-status|p2a: Latias|par
|
|-weather|DesolateLand|[upkeep]
|-damage|p1a: Pyra|94/100 tox|[from] psn
|upkeep
|turn|17
|
|t:|1662853638
|move|p1a: Pyra|Stealth Rock|p2a: Latias
|-sidestart|p2: lemoncell0|move: Stealth Rock
|move|p2a: Latias|Draco Meteor|p1a: Pyra
|-damage|p1a: Pyra|44/100 tox
|-unboost|p2a: Latias|spa|2
|
|-weather|DesolateLand|[upkeep]
|-damage|p1a: Pyra|32/100 tox|[from] psn
|upkeep
|turn|18
|
|t:|1662853642
|move|p1a: Pyra|Heat Crash|p2a: Latias
|-resisted|p2a: Latias
|-damage|p2a: Latias|46/100 par
|move|p2a: Latias|Defog|p1a: Pyra
|-unboost|p1a: Pyra|evasion|1
|-sideend|p2: lemoncell0|Stealth Rock|[from] move: Defog|[of] p2a: Latias
|
|-weather|DesolateLand|[upkeep]
|-damage|p1a: Pyra|14/100 tox|[from] psn
|upkeep
|turn|19
|
|t:|1662853646
|move|p1a: Pyra|Stealth Rock|p2a: Latias
|-sidestart|p2: lemoncell0|move: Stealth Rock
|move|p2a: Latias|Defog|p1a: Pyra
|-unboost|p1a: Pyra|evasion|1
|-sideend|p2: lemoncell0|Stealth Rock|[from] move: Defog|[of] p2a: Latias
|
|-weather|DesolateLand|[upkeep]
|-damage|p1a: Pyra|0 fnt|[from] psn
|faint|p1a: Pyra
|-weather|none
|upkeep
|
|t:|1662853651
|switch|p1a: Pneuma|Rayquaza-Mega|100/100
|-weather|DeltaStream|[from] ability: Delta Stream|[of] p1a: Pneuma
|turn|20
|
|t:|1662853654
|move|p1a: Pneuma|Dragon Ascent|p2a: Latias
|-damage|p2a: Latias|0 fnt
|-unboost|p1a: Pneuma|def|1
|-unboost|p1a: Pneuma|spd|1
|faint|p2a: Latias
|
|-weather|DeltaStream|[upkeep]
|upkeep
|
|t:|1662853663
|switch|p2a: Tyranitar|Tyranitar, M|100/100
|-ability|p2a: Tyranitar|Sand Stream|[from] deltastream|[fail]
|turn|21
|
|t:|1662853669
|move|p1a: Pneuma|Earthquake|p2a: Tyranitar
|-supereffective|p2a: Tyranitar
|-crit|p2a: Tyranitar
|-damage|p2a: Tyranitar|0 fnt
|faint|p2a: Tyranitar
|
|-weather|DeltaStream|[upkeep]
|upkeep
|c|☆kek1445645|ouf
|c|☆kek1445645|that did not one shot otherwise
|
|t:|1662853678
|switch|p2a: Zacian|Zacian-Crowned|100/100
|-ability|p2a: Zacian|Intrepid Sword|boost
|-boost|p2a: Zacian|atk|1
|turn|22
|
|t:|1662853684
|move|p2a: Zacian|Behemoth Blade|p1a: Pneuma
|-enditem|p1a: Pneuma|Focus Sash
|-damage|p1a: Pneuma|1/100
|move|p1a: Pneuma|Earthquake|p2a: Zacian
|-supereffective|p2a: Zacian
|-damage|p2a: Zacian|14/100
|
|-weather|DeltaStream|[upkeep]
|upkeep
|turn|23
|
|t:|1662853687
|move|p1a: Pneuma|Extreme Speed|p2a: Zacian
|-resisted|p2a: Zacian
|-damage|p2a: Zacian|0 fnt
|faint|p2a: Zacian
|
|-weather|DeltaStream|[upkeep]
|upkeep
|
|t:|1662853689
|switch|p2a: Ditto|Ditto|31/100
|-transform|p2a: Ditto|p1a: Pneuma|[from] ability: Imposter
|turn|24
|
|t:|1662853691
|move|p2a: Ditto|Extreme Speed|p1a: Pneuma
|-damage|p1a: Pneuma|0 fnt
|faint|p1a: Pneuma
|
|-weather|DeltaStream|[upkeep]
|upkeep
|
|t:|1662853693
|switch|p1a: Calyrex|Calyrex-Shadow|74/100
|-ability|p1a: Calyrex|As One
|-ability|p1a: Calyrex|Unnerve
|turn|25
|
|t:|1662853697
|-weather|none
|switch|p2a: Quagsire|Quagsire, M|100/100 par
|move|p1a: Calyrex|Astral Barrage|p2a: Quagsire
|-damage|p2a: Quagsire|16/100 par
|
|-heal|p1a: Calyrex|80/100|[from] item: Leftovers
|upkeep
|turn|26
|
|t:|1662853702
|move|p1a: Calyrex|Astral Barrage|p2a: Quagsire
|-damage|p2a: Quagsire|0 fnt
|faint|p2a: Quagsire
|-ability|p1a: Calyrex|Grim Neigh|boost
|-boost|p1a: Calyrex|spa|1
|
|-heal|p1a: Calyrex|86/100|[from] item: Leftovers
|upkeep
|c|☆lemoncell0|rip gg
|
|t:|1662853704
|switch|p2a: Ditto|Ditto|31/100
|-transform|p2a: Ditto|p1a: Calyrex|[from] ability: Imposter
|turn|27
|c|☆kek1445645|gg u want da elo?
|c|☆lemoncell0|nah its cool
|
|t:|1662853713
|move|p2a: Ditto|Draining Kiss|p1a: Calyrex
|-damage|p1a: Calyrex|54/100
|-heal|p2a: Ditto|59/100|[from] drain|[of] p1a: Calyrex
|move|p1a: Calyrex|Astral Barrage|p2a: Ditto
|-supereffective|p2a: Ditto
|-damage|p2a: Ditto|0 fnt
|faint|p2a: Ditto
|
|win|kek1445645
|raw|kek1445645's rating: 1862 &rarr; <strong>1888</strong><br />(+26 for winning)
|raw|lemoncell0's rating: 1967 &rarr; <strong>1941</strong><br />(-26 for losing)
|c|☆kek1445645|u called my
|c|☆lemoncell0|Imma test my gothdiancie team now
|c|☆kek1445645|no draco out lol
||Ladder isn't responding, score probably updated but might not have (Request timeout).
