|j|‽AG Main Infernape
|j|☆NOAH MK2
|t:|1631567420
|gametype|singles
|player|p1|AG Main Infernape|lance|1837
|player|p2|NOAH MK2|1|1778
|teamsize|p1|6
|teamsize|p2|6
|gen|8
|tier|[Gen 8] National Dex AG
|rated|
|rule|HP Percentage Mod: HP is shown in percentages
|rule|Endless Battle Clause: Forcing endless battles is banned
|clearpoke
|poke|p1|Sableye, M|
|poke|p1|Quagsire, M|
|poke|p1|Chansey, F|
|poke|p1|Tyranitar, M|
|poke|p1|Lugia|
|poke|p1|Giratina|
|poke|p2|Klefki, F|
|poke|p2|Zygarde|
|poke|p2|Calyrex-Shadow|
|poke|p2|Yveltal|
|poke|p2|Rayquaza|
|poke|p2|Necrozma-Dusk-Mane|
|teampreview
|
|t:|1631567432
|start
|switch|p1a: Sableye|Sableye, M|100/100
|switch|p2a: Yveltal|Yveltal|100/100
|-ability|p2a: Yveltal|Dark Aura
|turn|1
|
|t:|1631567453
|switch|p2a: Klefki|Klefki, F|100/100
|detailschange|p1a: Sableye|Sableye-Mega, M
|-mega|p1a: Sableye|Sableye|Sablenite
|move|p1a: Sableye|Protect||[still]
|-fail|p1a: Sableye
|
|upkeep
|turn|2
|
|t:|1631567464
|switch|p1a: Chansey|Chansey, F|100/100
|move|p2a: Klefki|Reflect|p2a: Klefki
|-sidestart|p2: NOAH MK2|Reflect
|
|upkeep
|turn|3
|
|t:|1631567469
|switch|p2a: Zygarde|Zygarde|100/100
|move|p1a: Chansey|Seismic Toss|p2a: Zygarde
|-damage|p2a: Zygarde|72/100
|
|-heal|p2a: Zygarde|79/100|[from] item: Leftovers
|upkeep
|turn|4
|
|t:|1631567478
|switch|p1a: Quagsire|Quagsire, M|100/100
|move|p2a: Zygarde|Substitute|p2a: Zygarde
|-start|p2a: Zygarde|Substitute
|-damage|p2a: Zygarde|54/100
|
|-heal|p2a: Zygarde|60/100|[from] item: Leftovers
|upkeep
|turn|5
|
|t:|1631567484
|move|p2a: Zygarde|Glare|p1a: Quagsire
|-status|p1a: Quagsire|par
|move|p1a: Quagsire|Earthquake|p2a: Zygarde
|-activate|p2a: Zygarde|move: Substitute|[damage]
|
|-heal|p2a: Zygarde|66/100|[from] item: Leftovers
|upkeep
|turn|6
|
|t:|1631567491
|move|p2a: Zygarde|Dragon Dance|p2a: Zygarde
|-boost|p2a: Zygarde|atk|1
|-boost|p2a: Zygarde|spe|1
|move|p1a: Quagsire|Earthquake|p2a: Zygarde
|-activate|p2a: Zygarde|move: Substitute|[damage]
|
|-heal|p2a: Zygarde|72/100|[from] item: Leftovers
|upkeep
|turn|7
|
|t:|1631567498
|move|p2a: Zygarde|Dragon Dance|p2a: Zygarde
|-boost|p2a: Zygarde|atk|1
|-boost|p2a: Zygarde|spe|1
|move|p1a: Quagsire|Haze|p1a: Quagsire
|-clearallboost
|
|-heal|p2a: Zygarde|78/100|[from] item: Leftovers
|upkeep
|turn|8
|
|t:|1631567504
|move|p2a: Zygarde|Thousand Arrows|p1a: Quagsire
|-damage|p1a: Quagsire|75/100 par
|move|p1a: Quagsire|Earthquake|p2a: Zygarde
|-end|p2a: Zygarde|Substitute
|
|-heal|p2a: Zygarde|85/100|[from] item: Leftovers
|upkeep
|turn|9
|
|t:|1631567510
|switch|p2a: Rayquaza|Rayquaza|100/100
|-ability|p2a: Rayquaza|Air Lock
|move|p1a: Quagsire|Recover|p1a: Quagsire
|-heal|p1a: Quagsire|100/100 par
|
|-sideend|p2: NOAH MK2|Reflect
|upkeep
|turn|10
|
|t:|1631567520
|switch|p2a: Zygarde|Zygarde|85/100
|switch|p1a: Lugia|Lugia|100/100
|
|-heal|p2a: Zygarde|91/100|[from] item: Leftovers
|upkeep
|turn|11
|
|t:|1631567526
|move|p2a: Zygarde|Substitute|p2a: Zygarde
|-start|p2a: Zygarde|Substitute
|-damage|p2a: Zygarde|66/100
|move|p1a: Lugia|Toxic||[still]
|-fail|p1a: Lugia
|
|-heal|p2a: Zygarde|72/100|[from] item: Leftovers
|upkeep
|turn|12
|
|t:|1631567531
|move|p2a: Zygarde|Glare|p1a: Lugia
|-status|p1a: Lugia|par
|move|p1a: Lugia|Whirlwind|p2a: Zygarde
|drag|p2a: Necrozma|Necrozma-Dusk-Mane|100/100
|
|upkeep
|turn|13
|
|t:|1631567546
|switch|p2a: Yveltal|Yveltal|100/100
|-ability|p2a: Yveltal|Dark Aura
|switch|p1a: Sableye|Sableye-Mega, M|100/100
|
|upkeep
|turn|14
|
|t:|1631567554
|switch|p1a: Tyranitar|Tyranitar, M|100/100
|-weather|Sandstorm|[from] ability: Sand Stream|[of] p1a: Tyranitar
|move|p2a: Yveltal|Knock Off|p1a: Tyranitar
|-resisted|p1a: Tyranitar
|-damage|p1a: Tyranitar|68/100
|-enditem|p1a: Tyranitar|Leftovers|[from] move: Knock Off|[of] p2a: Yveltal
|-damage|p2a: Yveltal|91/100|[from] item: Life Orb
|
|-weather|Sandstorm|[upkeep]
|-damage|p2a: Yveltal|84/100|[from] Sandstorm
|upkeep
|turn|15
|inactive|Battle timer is ON: inactive players will automatically lose when time's up. (requested by AG Main Infernape)
|
|t:|1631567561
|switch|p2a: Klefki|Klefki, F|100/100
|move|p1a: Tyranitar|Rock Tomb|p2a: Klefki
|-resisted|p2a: Klefki
|-damage|p2a: Klefki|90/100
|-unboost|p2a: Klefki|spe|1
|
|-weather|Sandstorm|[upkeep]
|upkeep
|turn|16
|
|t:|1631567569
|switch|p1a: Chansey|Chansey, F|100/100
|move|p2a: Klefki|Reflect|p2a: Klefki
|-sidestart|p2: NOAH MK2|Reflect
|
|-weather|Sandstorm|[upkeep]
|-damage|p1a: Chansey|94/100|[from] Sandstorm
|upkeep
|turn|17
|
|t:|1631567573
|switch|p2a: Yveltal|Yveltal|84/100
|-ability|p2a: Yveltal|Dark Aura
|move|p1a: Chansey|Heal Bell|p1a: Chansey
|-activate|p1a: Chansey|move: Heal Bell
|-curestatus|p1: Lugia|par|[msg]
|-curestatus|p1: Quagsire|par|[msg]
|
|-weather|Sandstorm|[upkeep]
|-damage|p2a: Yveltal|78/100|[from] Sandstorm
|-damage|p1a: Chansey|88/100|[from] Sandstorm
|upkeep
|turn|18
|
|t:|1631567581
|switch|p1a: Tyranitar|Tyranitar, M|68/100
|move|p2a: Yveltal|Knock Off|p1a: Tyranitar
|-resisted|p1a: Tyranitar
|-damage|p1a: Tyranitar|43/100
|-damage|p2a: Yveltal|68/100|[from] item: Life Orb
|
|-weather|none
|upkeep
|turn|19
|
|t:|1631567592
|switch|p2a: Zygarde|Zygarde|72/100
|move|p1a: Tyranitar|Rest|p1a: Tyranitar
|-status|p1a: Tyranitar|slp|[from] move: Rest
|-heal|p1a: Tyranitar|100/100 slp|[silent]
|
|-heal|p2a: Zygarde|78/100|[from] item: Leftovers
|upkeep
|turn|20
|
|t:|1631567599
|switch|p1a: Quagsire|Quagsire, M|100/100
|move|p2a: Zygarde|Thousand Arrows|p1a: Quagsire
|-damage|p1a: Quagsire|74/100
|
|-heal|p2a: Zygarde|84/100|[from] item: Leftovers
|upkeep
|turn|21
|
|t:|1631567612
|move|p2a: Zygarde|Substitute|p2a: Zygarde
|-start|p2a: Zygarde|Substitute
|-damage|p2a: Zygarde|59/100
|move|p1a: Quagsire|Earthquake|p2a: Zygarde
|-activate|p2a: Zygarde|move: Substitute|[damage]
|
|-heal|p2a: Zygarde|65/100|[from] item: Leftovers
|upkeep
|turn|22
|
|t:|1631567616
|switch|p1a: Sableye|Sableye-Mega, M|100/100
|move|p2a: Zygarde|Glare|p1a: Sableye
|move|p1a: Sableye|Glare||[from]ability: Magic Bounce|[still]
|-fail|p1a: Sableye
|
|-heal|p2a: Zygarde|72/100|[from] item: Leftovers
|upkeep
|turn|23
|
|t:|1631567628
|move|p1a: Sableye|Protect|p1a: Sableye
|-singleturn|p1a: Sableye|Protect
|move|p2a: Zygarde|Dragon Dance|p2a: Zygarde
|-boost|p2a: Zygarde|atk|1
|-boost|p2a: Zygarde|spe|1
|
|-heal|p2a: Zygarde|78/100|[from] item: Leftovers
|-sideend|p2: NOAH MK2|Reflect
|upkeep
|turn|24
|
|t:|1631567634
|switch|p1a: Quagsire|Quagsire, M|74/100
|move|p2a: Zygarde|Thousand Arrows|p1a: Quagsire
|-damage|p1a: Quagsire|47/100
|
|-heal|p2a: Zygarde|84/100|[from] item: Leftovers
|upkeep
|turn|25
|
|t:|1631567638
|move|p2a: Zygarde|Glare|p1a: Quagsire
|-status|p1a: Quagsire|par
|move|p1a: Quagsire|Recover|p1a: Quagsire
|-heal|p1a: Quagsire|97/100 par
|
|-heal|p2a: Zygarde|90/100|[from] item: Leftovers
|upkeep
|turn|26
|
|t:|1631567659
|switch|p2a: Calyrex|Calyrex-Shadow|100/100
|-ability|p2a: Calyrex|As One
|-ability|p2a: Calyrex|Unnerve
|move|p1a: Quagsire|Haze|p1a: Quagsire
|-clearallboost
|
|upkeep
|turn|27
|
|t:|1631567667
|switch|p1a: Tyranitar|Tyranitar, M|100/100 slp
|-weather|Sandstorm|[from] ability: Sand Stream|[of] p1a: Tyranitar
|move|p2a: Calyrex|Trick|p1a: Tyranitar
|-activate|p2a: Calyrex|move: Trick|[of] p1a: Tyranitar
|-item|p1a: Tyranitar|Choice Scarf|[from] move: Trick
|-enditem|p2a: Calyrex|Choice Scarf|[silent]|[from] move: Trick
|
|-weather|Sandstorm|[upkeep]
|-damage|p2a: Calyrex|94/100|[from] Sandstorm
|upkeep
|turn|28
|
|t:|1631567680
|-activate|p2a: Calyrex|move: Pursuit
|cant|p1a: Tyranitar|slp
|switch|p2a: Yveltal|Yveltal|68/100
|-ability|p2a: Yveltal|Dark Aura
|
|-weather|Sandstorm|[upkeep]
|-damage|p2a: Yveltal|62/100|[from] Sandstorm
|upkeep
|turn|29
|
|t:|1631567687
|move|p2a: Yveltal|Oblivion Wing|p1a: Tyranitar
|-resisted|p1a: Tyranitar
|-damage|p1a: Tyranitar|92/100 slp
|-heal|p2a: Yveltal|69/100|[from] drain|[of] p1a: Tyranitar
|-damage|p2a: Yveltal|59/100|[from] item: Life Orb
|cant|p1a: Tyranitar|slp
|
|-weather|Sandstorm|[upkeep]
|-damage|p2a: Yveltal|53/100|[from] Sandstorm
|upkeep
|turn|30
|
|t:|1631567695
|switch|p2a: Necrozma|Necrozma-Dusk-Mane|100/100
|-curestatus|p1a: Tyranitar|slp|[msg]
|move|p1a: Tyranitar|Stealth Rock|p2a: Necrozma
|-sidestart|p2: NOAH MK2|move: Stealth Rock
|
|-weather|Sandstorm|[upkeep]
|upkeep
|turn|31
|j| BOTICE MEH SENPI
|
|t:|1631567701
|switch|p1a: Sableye|Sableye-Mega, M|100/100
|move|p2a: Necrozma|Sunsteel Strike|p1a: Sableye
|-damage|p1a: Sableye|65/100
|
|-weather|none
|upkeep
|turn|32
|
|t:|1631567707
|switch|p2a: Klefki|Klefki, F|90/100
|-damage|p2a: Klefki|84/100|[from] Stealth Rock
|move|p1a: Sableye|Recover|p1a: Sableye
|-heal|p1a: Sableye|100/100
|
|upkeep
|turn|33
|
|t:|1631567711
|switch|p1a: Chansey|Chansey, F|88/100
|move|p2a: Klefki|Defog|p1a: Chansey
|-unboost|p1a: Chansey|evasion|1
|-sideend|p2: NOAH MK2|Stealth Rock|[from] move: Defog|[of] p2a: Klefki
|
|upkeep
|turn|34
|
|t:|1631567715
|switch|p2a: Yveltal|Yveltal|53/100
|-ability|p2a: Yveltal|Dark Aura
|move|p1a: Chansey|Heal Bell|p1a: Chansey
|-activate|p1a: Chansey|move: Heal Bell
|-curestatus|p1: Quagsire|par|[msg]
|
|upkeep
|turn|35
|
|t:|1631567723
|switch|p1a: Tyranitar|Tyranitar, M|92/100
|-weather|Sandstorm|[from] ability: Sand Stream|[of] p1a: Tyranitar
|move|p2a: Yveltal|Oblivion Wing|p1a: Tyranitar
|-resisted|p1a: Tyranitar
|-damage|p1a: Tyranitar|82/100
|-heal|p2a: Yveltal|60/100|[from] drain|[of] p1a: Tyranitar
|-damage|p2a: Yveltal|50/100|[from] item: Life Orb
|
|-weather|Sandstorm|[upkeep]
|-damage|p2a: Yveltal|44/100|[from] Sandstorm
|upkeep
|turn|36
|
|t:|1631567739
|-activate|p2a: Yveltal|move: Pursuit
|move|p1a: Tyranitar|Pursuit|p2a: Yveltal|[from]Pursuit
|-resisted|p2a: Yveltal
|-damage|p2a: Yveltal|21/100
|switch|p2a: Zygarde|Zygarde|90/100
|
|-weather|Sandstorm|[upkeep]
|-heal|p2a: Zygarde|96/100|[from] item: Leftovers
|upkeep
|turn|37
|
|t:|1631567747
|switch|p1a: Quagsire|Quagsire, M|97/100
|move|p2a: Zygarde|Dragon Dance|p2a: Zygarde
|-boost|p2a: Zygarde|atk|1
|-boost|p2a: Zygarde|spe|1
|
|-weather|Sandstorm|[upkeep]
|-heal|p2a: Zygarde|100/100|[from] item: Leftovers
|upkeep
|turn|38
|
|t:|1631567755
|move|p2a: Zygarde|Substitute|p2a: Zygarde
|-start|p2a: Zygarde|Substitute
|-damage|p2a: Zygarde|76/100
|move|p1a: Quagsire|Toxic||[still]
|-fail|p1a: Quagsire
|
|-weather|Sandstorm|[upkeep]
|-heal|p2a: Zygarde|82/100|[from] item: Leftovers
|upkeep
|turn|39
|
|t:|1631567759
|move|p2a: Zygarde|Glare|p1a: Quagsire
|-status|p1a: Quagsire|par
|move|p1a: Quagsire|Haze|p1a: Quagsire
|-clearallboost
|
|-weather|none
|-heal|p2a: Zygarde|88/100|[from] item: Leftovers
|upkeep
|turn|40
|
|t:|1631567765
|move|p2a: Zygarde|Dragon Dance|p2a: Zygarde
|-boost|p2a: Zygarde|atk|1
|-boost|p2a: Zygarde|spe|1
|move|p1a: Quagsire|Earthquake|p2a: Zygarde
|-end|p2a: Zygarde|Substitute
|
|-heal|p2a: Zygarde|94/100|[from] item: Leftovers
|upkeep
|turn|41
|
|t:|1631567771
|move|p2a: Zygarde|Substitute|p2a: Zygarde
|-start|p2a: Zygarde|Substitute
|-damage|p2a: Zygarde|69/100
|move|p1a: Quagsire|Haze|p1a: Quagsire
|-clearallboost
|
|-heal|p2a: Zygarde|75/100|[from] item: Leftovers
|upkeep
|turn|42
|
|t:|1631567779
|move|p2a: Zygarde|Thousand Arrows|p1a: Quagsire
|-damage|p1a: Quagsire|70/100 par
|cant|p1a: Quagsire|par
|
|-heal|p2a: Zygarde|81/100|[from] item: Leftovers
|upkeep
|turn|43
|
|t:|1631567784
|move|p2a: Zygarde|Thousand Arrows|p1a: Quagsire
|-damage|p1a: Quagsire|42/100 par
|cant|p1a: Quagsire|par
|
|-heal|p2a: Zygarde|88/100|[from] item: Leftovers
|upkeep
|turn|44
|
|t:|1631567791
|move|p2a: Zygarde|Thousand Arrows|p1a: Quagsire
|-damage|p1a: Quagsire|16/100 par
|move|p1a: Quagsire|Recover|p1a: Quagsire
|-heal|p1a: Quagsire|66/100 par
|
|-heal|p2a: Zygarde|94/100|[from] item: Leftovers
|upkeep
|turn|45
|
|t:|1631567799
|switch|p2a: Rayquaza|Rayquaza|100/100
|-ability|p2a: Rayquaza|Air Lock
|move|p1a: Quagsire|Recover|p1a: Quagsire
|-heal|p1a: Quagsire|100/100 par
|
|upkeep
|turn|46
|
|t:|1631567804
|switch|p2a: Necrozma|Necrozma-Dusk-Mane|100/100
|switch|p1a: Lugia|Lugia|100/100
|
|upkeep
|turn|47
|
|t:|1631567810
|switch|p1a: Sableye|Sableye-Mega, M|100/100
|move|p2a: Necrozma|Sunsteel Strike|p1a: Sableye
|-damage|p1a: Sableye|63/100
|
|upkeep
|turn|48
|
|t:|1631567821
|switch|p2a: Zygarde|Zygarde|94/100
|move|p1a: Sableye|Recover|p1a: Sableye
|-heal|p1a: Sableye|100/100
|
|-heal|p2a: Zygarde|99/100|[from] item: Leftovers
|upkeep
|turn|49
|
|t:|1631567826
|move|p2a: Zygarde|Substitute|p2a: Zygarde
|-start|p2a: Zygarde|Substitute
|-damage|p2a: Zygarde|75/100
|move|p1a: Sableye|Foul Play|p2a: Zygarde
|-end|p2a: Zygarde|Substitute
|
|-heal|p2a: Zygarde|81/100|[from] item: Leftovers
|upkeep
|turn|50
|
|t:|1631567831
|switch|p2a: Necrozma|Necrozma-Dusk-Mane|100/100
|move|p1a: Sableye|Foul Play|p2a: Necrozma
|-supereffective|p2a: Necrozma
|-damage|p2a: Necrozma|62/100
|-damage|p1a: Sableye|84/100|[from] item: Rocky Helmet|[of] p2a: Necrozma
|
|upkeep
|turn|51
|
|t:|1631567835
|move|p2a: Necrozma|Morning Sun|p2a: Necrozma
|-heal|p2a: Necrozma|100/100
|move|p1a: Sableye|Will-O-Wisp|p2a: Necrozma|[miss]
|-miss|p1a: Sableye|p2a: Necrozma
|
|upkeep
|turn|52
|
|t:|1631567850
|switch|p2a: Yveltal|Yveltal|21/100
|-ability|p2a: Yveltal|Dark Aura
|move|p1a: Sableye|Will-O-Wisp|p2a: Yveltal
|-status|p2a: Yveltal|brn
|
|-damage|p2a: Yveltal|15/100 brn|[from] brn
|upkeep
|turn|53
|
|t:|1631567855
|move|p1a: Sableye|Protect|p1a: Sableye
|-singleturn|p1a: Sableye|Protect
|move|p2a: Yveltal|Oblivion Wing|p1a: Sableye
|-activate|p1a: Sableye|move: Protect
|
|-damage|p2a: Yveltal|9/100 brn|[from] brn
|upkeep
|turn|54
|
|t:|1631567859
|switch|p1a: Tyranitar|Tyranitar, M|82/100
|-weather|Sandstorm|[from] ability: Sand Stream|[of] p1a: Tyranitar
|move|p2a: Yveltal|Oblivion Wing|p1a: Tyranitar
|-resisted|p1a: Tyranitar
|-damage|p1a: Tyranitar|74/100
|-heal|p2a: Yveltal|16/100 brn|[from] drain|[of] p1a: Tyranitar
|-damage|p2a: Yveltal|6/100 brn|[from] item: Life Orb
|
|-weather|Sandstorm|[upkeep]
|-damage|p2a: Yveltal|0 fnt|[from] Sandstorm
|faint|p2a: Yveltal
|upkeep
|
|t:|1631567870
|switch|p2a: Rayquaza|Rayquaza|100/100
|-ability|p2a: Rayquaza|Air Lock
|turn|55
|
|t:|1631567874
|switch|p1a: Lugia|Lugia|100/100
|detailschange|p2a: Rayquaza|Rayquaza-Mega
|-mega|p2a: Rayquaza|Rayquaza|
|-weather|DeltaStream|[from] ability: Delta Stream|[of] p2a: Rayquaza
|move|p2a: Rayquaza|Earthquake|p1a: Lugia
|-immune|p1a: Lugia
|
|-weather|DeltaStream|[upkeep]
|upkeep
|turn|56
|
|t:|1631567880
|-weather|none
|switch|p2a: Necrozma|Necrozma-Dusk-Mane|100/100
|move|p1a: Lugia|Toxic|p2a: Necrozma
|-immune|p2a: Necrozma
|
|upkeep
|turn|57
|
|t:|1631567887
|switch|p1a: Sableye|Sableye-Mega, M|84/100
|switch|p2a: Zygarde|Zygarde|81/100
|
|-heal|p2a: Zygarde|87/100|[from] item: Leftovers
|upkeep
|turn|58
|
|t:|1631567891
|move|p2a: Zygarde|Substitute|p2a: Zygarde
|-start|p2a: Zygarde|Substitute
|-damage|p2a: Zygarde|62/100
|move|p1a: Sableye|Foul Play|p2a: Zygarde
|-end|p2a: Zygarde|Substitute
|
|-heal|p2a: Zygarde|69/100|[from] item: Leftovers
|upkeep
|turn|59
|
|t:|1631567905
|switch|p2a: Necrozma|Necrozma-Dusk-Mane|100/100
|move|p1a: Sableye|Foul Play|p2a: Necrozma
|-supereffective|p2a: Necrozma
|-damage|p2a: Necrozma|64/100
|-damage|p1a: Sableye|67/100|[from] item: Rocky Helmet|[of] p2a: Necrozma
|
|upkeep
|turn|60
|
|t:|1631567910
|move|p2a: Necrozma|Sunsteel Strike|p1a: Sableye
|-crit|p1a: Sableye
|-damage|p1a: Sableye|11/100
|move|p1a: Sableye|Recover|p1a: Sableye
|-heal|p1a: Sableye|61/100
|
|upkeep
|turn|61
|
|t:|1631567920
|move|p2a: Necrozma|Morning Sun|p2a: Necrozma
|-heal|p2a: Necrozma|100/100
|move|p1a: Sableye|Recover|p1a: Sableye
|-heal|p1a: Sableye|100/100
|
|upkeep
|turn|62
|
|t:|1631567924
|switch|p2a: Calyrex|Calyrex-Shadow|94/100
|-ability|p2a: Calyrex|As One
|-ability|p2a: Calyrex|Unnerve
|move|p1a: Sableye|Will-O-Wisp|p2a: Calyrex
|-status|p2a: Calyrex|brn
|
|-damage|p2a: Calyrex|88/100 brn|[from] brn
|upkeep
|turn|63
|
|t:|1631567929
|switch|p2a: Necrozma|Necrozma-Dusk-Mane|100/100
|switch|p1a: Tyranitar|Tyranitar, M|74/100
|-weather|Sandstorm|[from] ability: Sand Stream|[of] p1a: Tyranitar
|
|-weather|Sandstorm|[upkeep]
|upkeep
|turn|64
|
|t:|1631567934
|switch|p1a: Sableye|Sableye-Mega, M|100/100
|move|p2a: Necrozma|Stealth Rock|p1a: Sableye
|move|p1a: Sableye|Stealth Rock|p2a: Necrozma|[from]ability: Magic Bounce
|-sidestart|p2: NOAH MK2|move: Stealth Rock
|
|-weather|Sandstorm|[upkeep]
|-damage|p1a: Sableye|95/100|[from] Sandstorm
|upkeep
|turn|65
|
|t:|1631567938
|move|p2a: Necrozma|Sunsteel Strike|p1a: Sableye
|-damage|p1a: Sableye|61/100
|move|p1a: Sableye|Will-O-Wisp|p2a: Necrozma
|-status|p2a: Necrozma|brn
|
|-weather|Sandstorm|[upkeep]
|-damage|p1a: Sableye|55/100|[from] Sandstorm
|-damage|p2a: Necrozma|94/100 brn|[from] brn
|upkeep
|turn|66
|-message|NOAH MK2 forfeited.
|
|win|AG Main Infernape
|raw|AG Main Infernape's rating: 1837 &rarr; <strong>1854</strong><br />(+17 for winning)
|raw|NOAH MK2's rating: 1778 &rarr; <strong>1761</strong><br />(-17 for losing)
|l|☆NOAH MK2
