|j|☆Tahz
|j|☆nanxue
|t:|1665831081
|gametype|singles
|player|p1|Tahz|veteran|1797
|player|p2|nanxue|n|1702
|teamsize|p1|6
|teamsize|p2|6
|gen|8
|tier|[Gen 8] National Dex AG
|rated|
|rule|HP Percentage Mod: HP is shown in percentages
|rule|Endless Battle Clause: Forcing endless battles is banned
|clearpoke
|poke|p1|Zygarde|
|poke|p1|Chansey, F|
|poke|p1|Necrozma-Dusk-Mane|
|poke|p1|Yveltal|
|poke|p1|Arceus-*|
|poke|p1|Ferrothorn, M|
|poke|p2|Kyogre|
|poke|p2|Groudon|
|poke|p2|Necrozma-Dusk-Mane|
|poke|p2|Rayquaza|
|poke|p2|Yveltal|
|poke|p2|Ditto|
|teampreview
|inactive|Battle timer is ON: inactive players will automatically lose when time's up. (requested by Tahz)
|
|t:|1665831092
|start
|switch|p1a: Flare HQ|Yveltal, shiny|100/100
|switch|p2a: Yveltal|Yveltal|100/100
|-ability|p2a: Yveltal|Dark Aura
|-ability|p1a: Flare HQ|Dark Aura
|turn|1
|
|t:|1665831097
|move|p2a: Yveltal|Taunt|p1a: Flare HQ
|-start|p1a: Flare HQ|move: Taunt
|move|p1a: Flare HQ|U-turn|p2a: Yveltal
|-damage|p2a: Yveltal|85/100
|
|t:|1665831110
|switch|p1a: Terminus Cave|Zygarde, shiny|100/100|[from]move: U-turn
|
|-heal|p2a: Yveltal|91/100|[from] item: Leftovers
|upkeep
|turn|2
|
|t:|1665831113
|move|p2a: Yveltal|Taunt|p1a: Terminus Cave
|-start|p1a: Terminus Cave|move: Taunt
|cant|p1a: Terminus Cave|move: Taunt|Glare
|
|-heal|p2a: Yveltal|97/100|[from] item: Leftovers
|upkeep
|turn|3
|
|t:|1665831116
|move|p2a: Yveltal|Oblivion Wing|p1a: Terminus Cave
|-damage|p1a: Terminus Cave|65/100
|-heal|p2a: Yveltal|100/100|[from] drain|[of] p1a: Terminus Cave
|move|p1a: Terminus Cave|Thousand Arrows|p2a: Yveltal
|-damage|p2a: Yveltal|74/100
|-start|p2a: Yveltal|Smack Down
|
|-heal|p2a: Yveltal|80/100|[from] item: Leftovers
|upkeep
|turn|4
|
|t:|1665831123
|move|p2a: Yveltal|Oblivion Wing|p1a: Terminus Cave
|-damage|p1a: Terminus Cave|30/100
|-heal|p2a: Yveltal|100/100|[from] drain|[of] p1a: Terminus Cave
|move|p1a: Terminus Cave|Thousand Arrows|p2a: Yveltal
|-damage|p2a: Yveltal|75/100
|
|-heal|p2a: Yveltal|81/100|[from] item: Leftovers
|-end|p1a: Terminus Cave|move: Taunt
|-activate|p1a: Terminus Cave|ability: Power Construct
|detailschange|p1a: Terminus Cave|Zygarde-Complete, shiny
|-heal|p1a: Terminus Cave|54/100|[silent]
|upkeep
|turn|5
|
|t:|1665831137
|switch|p1a: Honeycalm Island|Chansey, F, shiny|100/100
|move|p2a: Yveltal|Taunt|p1a: Honeycalm Island
|-start|p1a: Honeycalm Island|move: Taunt
|
|-heal|p2a: Yveltal|87/100|[from] item: Leftovers
|upkeep
|turn|6
|
|t:|1665831143
|switch|p2a: Necrozma|Necrozma-Dusk-Mane|100/100
|switch|p1a: Hall Of Origin|Arceus-Rock|100/100
|
|upkeep
|turn|7
|
|t:|1665831148
|move|p1a: Hall Of Origin|Will-O-Wisp|p2a: Necrozma|[miss]
|-miss|p1a: Hall Of Origin|p2a: Necrozma
|move|p2a: Necrozma|Thunder Wave|p1a: Hall Of Origin
|-status|p1a: Hall Of Origin|par
|
|upkeep
|turn|8
|
|t:|1665831153
|switch|p2a: Groudon|Groudon|100/100
|detailschange|p2a: Groudon|Groudon-Primal
|-primal|p2a: Groudon
|-weather|DesolateLand|[from] ability: Desolate Land|[of] p2a: Groudon
|switch|p1a: Flare HQ|Yveltal, shiny|100/100
|-ability|p1a: Flare HQ|Dark Aura
|
|-weather|DesolateLand|[upkeep]
|upkeep
|turn|9
|
|t:|1665831158
|move|p2a: Groudon|Heat Crash|p1a: Flare HQ
|-damage|p1a: Flare HQ|25/100
|move|p1a: Flare HQ|Foul Play|p2a: Groudon
|-damage|p2a: Groudon|51/100
|
|-weather|DesolateLand|[upkeep]
|upkeep
|turn|10
|
|t:|1665831164
|switch|p1a: Hall Of Origin|Arceus-Rock|100/100 par
|move|p2a: Groudon|Heat Crash|p1a: Hall Of Origin
|-resisted|p1a: Hall Of Origin
|-damage|p1a: Hall Of Origin|79/100 par
|
|-weather|DesolateLand|[upkeep]
|upkeep
|turn|11
|
|t:|1665831170
|switch|p1a: Flare HQ|Yveltal, shiny|25/100
|-ability|p1a: Flare HQ|Dark Aura
|move|p2a: Groudon|Precipice Blades|p1a: Flare HQ
|-immune|p1a: Flare HQ
|
|-weather|DesolateLand|[upkeep]
|upkeep
|turn|12
|
|t:|1665831176
|move|p1a: Flare HQ|Sucker Punch|p2a: Groudon
|-damage|p2a: Groudon|27/100
|move|p2a: Groudon|Heat Crash|p1a: Flare HQ
|-damage|p1a: Flare HQ|0 fnt
|faint|p1a: Flare HQ
|
|-weather|DesolateLand|[upkeep]
|upkeep
|
|t:|1665831181
|switch|p1a: Terminus Cave|Zygarde-Complete, shiny|54/100
|turn|13
|
|t:|1665831184
|-weather|none
|switch|p2a: Yveltal|Yveltal|87/100
|-ability|p2a: Yveltal|Dark Aura
|move|p1a: Terminus Cave|Glare|p2a: Yveltal
|-status|p2a: Yveltal|par
|
|-heal|p2a: Yveltal|94/100 par|[from] item: Leftovers
|upkeep
|turn|14
|
|t:|1665831189
|move|p1a: Terminus Cave|Thousand Arrows|p2a: Yveltal
|-damage|p2a: Yveltal|69/100 par
|-start|p2a: Yveltal|Smack Down
|move|p2a: Yveltal|Taunt|p1a: Terminus Cave
|-start|p1a: Terminus Cave|move: Taunt
|
|-heal|p2a: Yveltal|75/100 par|[from] item: Leftovers
|upkeep
|turn|15
|
|t:|1665831192
|move|p1a: Terminus Cave|Thousand Arrows|p2a: Yveltal
|-damage|p2a: Yveltal|50/100 par
|cant|p2a: Yveltal|par
|
|-heal|p2a: Yveltal|57/100 par|[from] item: Leftovers
|upkeep
|turn|16
|
|t:|1665831195
|move|p1a: Terminus Cave|Thousand Arrows|p2a: Yveltal
|-damage|p2a: Yveltal|30/100 par
|move|p2a: Yveltal|Oblivion Wing|p1a: Terminus Cave
|-damage|p1a: Terminus Cave|28/100
|-heal|p2a: Yveltal|61/100 par|[from] drain|[of] p1a: Terminus Cave
|
|-heal|p2a: Yveltal|67/100 par|[from] item: Leftovers
|upkeep
|turn|17
|
|t:|1665831200
|move|p1a: Terminus Cave|Thousand Arrows|p2a: Yveltal
|-damage|p2a: Yveltal|43/100 par
|move|p2a: Yveltal|Oblivion Wing|p1a: Terminus Cave
|-damage|p1a: Terminus Cave|1/100
|-heal|p2a: Yveltal|74/100 par|[from] drain|[of] p1a: Terminus Cave
|
|-heal|p2a: Yveltal|80/100 par|[from] item: Leftovers
|-end|p1a: Terminus Cave|move: Taunt
|upkeep
|turn|18
|
|t:|1665831204
|move|p1a: Terminus Cave|Rest|p1a: Terminus Cave
|-status|p1a: Terminus Cave|slp|[from] move: Rest
|-heal|p1a: Terminus Cave|100/100 slp|[silent]
|move|p2a: Yveltal|Oblivion Wing|p1a: Terminus Cave
|-damage|p1a: Terminus Cave|76/100 slp
|-heal|p2a: Yveltal|100/100 par|[from] drain|[of] p1a: Terminus Cave
|
|upkeep
|turn|19
|
|t:|1665831208
|switch|p1a: Honeycalm Island|Chansey, F, shiny|100/100
|switch|p2a: Kyogre|Kyogre|100/100
|-weather|RainDance|[from] ability: Drizzle|[of] p2a: Kyogre
|
|-weather|RainDance|[upkeep]
|upkeep
|turn|20
|
|t:|1665831211
|switch|p2a: Necrozma|Necrozma-Dusk-Mane|100/100
|move|p1a: Honeycalm Island|Confide|p2a: Necrozma
|-unboost|p2a: Necrozma|spa|1
|
|-weather|RainDance|[upkeep]
|upkeep
|turn|21
|
|t:|1665831217
|move|p2a: Necrozma|Stealth Rock|p1a: Honeycalm Island
|-sidestart|p1: Tahz|move: Stealth Rock
|move|p1a: Honeycalm Island|Aromatherapy|p1a: Honeycalm Island
|-activate|p1a: Honeycalm Island|move: Aromatherapy
|-curestatus|p1: Hall Of Origin|par|[msg]
|-curestatus|p1: Terminus Cave|slp|[msg]
|
|-weather|RainDance|[upkeep]
|upkeep
|turn|22
|
|t:|1665831223
|switch|p2a: Kyogre|Kyogre|100/100
|switch|p1a: Altar Of The Sunne|Necrozma-Dusk-Mane|100/100
|-damage|p1a: Altar Of The Sunne|94/100|[from] Stealth Rock
|
|-weather|RainDance|[upkeep]
|upkeep
|turn|23
|
|t:|1665831227
|switch|p1a: Honeycalm Island|Chansey, F, shiny|100/100
|-damage|p1a: Honeycalm Island|88/100|[from] Stealth Rock
|move|p2a: Kyogre|Water Spout|p1a: Honeycalm Island
|-damage|p1a: Honeycalm Island|52/100
|
|-weather|none
|upkeep
|turn|24
|
|t:|1665831240
|switch|p2a: Groudon|Groudon-Primal|27/100
|-weather|DesolateLand|[from] ability: Desolate Land|[of] p2a: Groudon
|move|p1a: Honeycalm Island|Soft-Boiled|p1a: Honeycalm Island
|-heal|p1a: Honeycalm Island|100/100
|
|-weather|DesolateLand|[upkeep]
|upkeep
|turn|25
|
|t:|1665831249
|switch|p1a: Hall Of Origin|Arceus-Rock|79/100
|-damage|p1a: Hall Of Origin|67/100|[from] Stealth Rock
|move|p2a: Groudon|Heat Crash|p1a: Hall Of Origin
|-resisted|p1a: Hall Of Origin
|-damage|p1a: Hall Of Origin|45/100
|
|-weather|DesolateLand|[upkeep]
|upkeep
|turn|26
|
|t:|1665831254
|-weather|none
|switch|p2a: Necrozma|Necrozma-Dusk-Mane|100/100
|move|p1a: Hall Of Origin|Judgment|p2a: Necrozma
|-resisted|p2a: Necrozma
|-damage|p2a: Necrozma|81/100
|
|upkeep
|turn|27
|
|t:|1665831257
|switch|p2a: Groudon|Groudon-Primal|27/100
|-weather|DesolateLand|[from] ability: Desolate Land|[of] p2a: Groudon
|move|p1a: Hall Of Origin|Will-O-Wisp|p2a: Groudon
|-immune|p2a: Groudon
|
|-weather|DesolateLand|[upkeep]
|upkeep
|turn|28
|
|t:|1665831262
|move|p1a: Hall Of Origin|Defog|p2a: Groudon
|-unboost|p2a: Groudon|evasion|1
|-sideend|p1: Tahz|Stealth Rock|[from] move: Defog|[of] p1a: Hall Of Origin
|move|p2a: Groudon|Precipice Blades|p1a: Hall Of Origin
|-supereffective|p1a: Hall Of Origin
|-damage|p1a: Hall Of Origin|0 fnt
|faint|p1a: Hall Of Origin
|
|-weather|DesolateLand|[upkeep]
|upkeep
|
|t:|1665831265
|switch|p1a: Terminus Cave|Zygarde-Complete, shiny|76/100
|turn|29
|
|t:|1665831280
|-weather|none
|switch|p2a: Yveltal|Yveltal|100/100 par
|-ability|p2a: Yveltal|Dark Aura
|move|p1a: Terminus Cave|Glare|p2a: Yveltal
|-fail|p2a: Yveltal|par
|
|upkeep
|turn|30
|
|t:|1665831283
|move|p1a: Terminus Cave|Thousand Arrows|p2a: Yveltal
|-damage|p2a: Yveltal|75/100 par
|-start|p2a: Yveltal|Smack Down
|move|p2a: Yveltal|Taunt|p1a: Terminus Cave
|-start|p1a: Terminus Cave|move: Taunt
|
|-heal|p2a: Yveltal|81/100 par|[from] item: Leftovers
|upkeep
|turn|31
|
|t:|1665831286
|move|p1a: Terminus Cave|Thousand Arrows|p2a: Yveltal
|-damage|p2a: Yveltal|58/100 par
|move|p2a: Yveltal|Oblivion Wing|p1a: Terminus Cave
|-damage|p1a: Terminus Cave|50/100
|-heal|p2a: Yveltal|87/100 par|[from] drain|[of] p1a: Terminus Cave
|
|-heal|p2a: Yveltal|94/100 par|[from] item: Leftovers
|upkeep
|turn|32
|
|t:|1665831289
|move|p1a: Terminus Cave|Thousand Arrows|p2a: Yveltal
|-damage|p2a: Yveltal|69/100 par
|move|p2a: Yveltal|Oblivion Wing|p1a: Terminus Cave
|-damage|p1a: Terminus Cave|28/100
|-heal|p2a: Yveltal|96/100 par|[from] drain|[of] p1a: Terminus Cave
|
|-heal|p2a: Yveltal|100/100 par|[from] item: Leftovers
|upkeep
|turn|33
|
|t:|1665831295
|switch|p2a: Kyogre|Kyogre|100/100
|-weather|RainDance|[from] ability: Drizzle|[of] p2a: Kyogre
|move|p1a: Terminus Cave|Thousand Arrows|p2a: Kyogre
|-damage|p2a: Kyogre|68/100
|
|-weather|RainDance|[upkeep]
|-end|p1a: Terminus Cave|move: Taunt
|upkeep
|turn|34
|
|t:|1665831305
|switch|p2a: Rayquaza|Rayquaza|100/100
|-ability|p2a: Rayquaza|Air Lock
|switch|p1a: Honeycalm Island|Chansey, F, shiny|100/100
|
|-weather|RainDance|[upkeep]
|upkeep
|turn|35
|
|t:|1665831308
|switch|p1a: Altar Of The Sunne|Necrozma-Dusk-Mane|94/100
|detailschange|p2a: Rayquaza|Rayquaza-Mega
|-mega|p2a: Rayquaza|Rayquaza|
|-weather|DeltaStream|[from] ability: Delta Stream|[of] p2a: Rayquaza
|move|p2a: Rayquaza|Dragon Ascent|p1a: Altar Of The Sunne
|-resisted|p1a: Altar Of The Sunne
|-damage|p1a: Altar Of The Sunne|67/100
|-unboost|p2a: Rayquaza|def|1
|-unboost|p2a: Rayquaza|spd|1
|-damage|p2a: Rayquaza|84/100|[from] item: Rocky Helmet|[of] p1a: Altar Of The Sunne
|-damage|p2a: Rayquaza|74/100|[from] item: Life Orb
|
|-weather|DeltaStream|[upkeep]
|upkeep
|turn|36
|
|t:|1665831314
|-start|p1a: Altar Of The Sunne|Dynamax|
|-heal|p1a: Altar Of The Sunne|67/100|[silent]
|move|p2a: Rayquaza|V-create|p1a: Altar Of The Sunne
|-supereffective|p1a: Altar Of The Sunne
|-damage|p1a: Altar Of The Sunne|23/100
|-unboost|p2a: Rayquaza|spe|1
|-unboost|p2a: Rayquaza|def|1
|-unboost|p2a: Rayquaza|spd|1
|-damage|p2a: Rayquaza|57/100|[from] item: Rocky Helmet|[of] p1a: Altar Of The Sunne
|-damage|p2a: Rayquaza|48/100|[from] item: Life Orb
|move|p1a: Altar Of The Sunne|Max Steelspike|p2a: Rayquaza
|-damage|p2a: Rayquaza|0 fnt
|-boost|p1a: Altar Of The Sunne|def|1
|faint|p2a: Rayquaza
|-weather|none
|
|upkeep
|
|t:|1665831319
|switch|p2a: Kyogre|Kyogre|68/100
|-weather|RainDance|[from] ability: Drizzle|[of] p2a: Kyogre
|turn|37
|
|t:|1665831324
|move|p1a: Altar Of The Sunne|Max Guard|p1a: Altar Of The Sunne
|-singleturn|p1a: Altar Of The Sunne|Max Guard
|move|p2a: Kyogre|Water Spout|p1a: Altar Of The Sunne
|-activate|p1a: Altar Of The Sunne|move: Max Guard
|
|-weather|RainDance|[upkeep]
|upkeep
|turn|38
|
|t:|1665831328
|move|p2a: Kyogre|Water Spout|p1a: Altar Of The Sunne
|-damage|p1a: Altar Of The Sunne|0 fnt
|faint|p1a: Altar Of The Sunne
|
|-weather|RainDance|[upkeep]
|upkeep
|
|t:|1665831331
|switch|p1a: Honeycalm Island|Chansey, F, shiny|100/100
|turn|39
|
|t:|1665831335
|switch|p2a: Groudon|Groudon-Primal|27/100
|-weather|DesolateLand|[from] ability: Desolate Land|[of] p2a: Groudon
|move|p1a: Honeycalm Island|Wish|p1a: Honeycalm Island
|
|-weather|DesolateLand|[upkeep]
|upkeep
|turn|40
|
|t:|1665831343
|switch|p1a: Terminus Cave|Zygarde-Complete, shiny|28/100
|move|p2a: Groudon|Dragon Tail|p1a: Terminus Cave
|-supereffective|p1a: Terminus Cave
|-damage|p1a: Terminus Cave|9/100
|drag|p1a: Dusty Bowl|Ferrothorn, M|100/100
|
|-weather|DesolateLand|[upkeep]
|upkeep
|turn|41
|
|t:|1665831356
|switch|p1a: Terminus Cave|Zygarde-Complete, shiny|9/100
|move|p2a: Groudon|Heat Crash|p1a: Terminus Cave
|-resisted|p1a: Terminus Cave
|-damage|p1a: Terminus Cave|1/100
|
|-weather|DesolateLand|[upkeep]
|upkeep
|turn|42
|
|t:|1665831363
|move|p1a: Terminus Cave|Thousand Arrows|p2a: Groudon
|-supereffective|p2a: Groudon
|-damage|p2a: Groudon|0 fnt
|faint|p2a: Groudon
|-weather|none
|
|upkeep
|
|t:|1665831369
|switch|p2a: Kyogre|Kyogre|68/100
|-weather|RainDance|[from] ability: Drizzle|[of] p2a: Kyogre
|turn|43
|
|t:|1665831380
|switch|p1a: Honeycalm Island|Chansey, F, shiny|100/100
|-start|p2a: Kyogre|Dynamax|
|-heal|p2a: Kyogre|68/100|[silent]
|move|p2a: Kyogre|Max Geyser|p1a: Honeycalm Island
|-damage|p1a: Honeycalm Island|67/100
|
|-weather|RainDance|[upkeep]
|upkeep
|turn|44
|
|t:|1665831388
|move|p2a: Kyogre|Max Geyser|p1a: Honeycalm Island
|-damage|p1a: Honeycalm Island|32/100
|move|p1a: Honeycalm Island|Wish|p1a: Honeycalm Island
|
|-weather|RainDance|[upkeep]
|upkeep
|turn|45
|
|t:|1665831392
|move|p2a: Kyogre|Max Geyser|p1a: Honeycalm Island
|-damage|p1a: Honeycalm Island|0 fnt
|faint|p1a: Honeycalm Island
|
|-weather|RainDance|[upkeep]
|upkeep
|
|t:|1665831396
|switch|p1a: Dusty Bowl|Ferrothorn, M|100/100
|-end|p2a: Kyogre|Dynamax
|-heal|p2a: Kyogre|68/100|[silent]
|turn|46
|
|t:|1665831402
|switch|p2a: Necrozma|Necrozma-Dusk-Mane|81/100
|move|p1a: Dusty Bowl|Leech Seed|p2a: Necrozma|[miss]
|-miss|p1a: Dusty Bowl|p2a: Necrozma
|
|-weather|RainDance|[upkeep]
|upkeep
|turn|47
|
|t:|1665831411
|move|p2a: Necrozma|Sunsteel Strike|p1a: Dusty Bowl
|-resisted|p1a: Dusty Bowl
|-damage|p1a: Dusty Bowl|79/100
|-damage|p2a: Necrozma|69/100|[from] ability: Iron Barbs|[of] p1a: Dusty Bowl
|move|p1a: Dusty Bowl|Leech Seed|p2a: Necrozma
|-start|p2a: Necrozma|move: Leech Seed
|
|-weather|none
|-heal|p1a: Dusty Bowl|85/100|[from] item: Leftovers
|-damage|p2a: Necrozma|57/100|[from] Leech Seed|[of] p1a: Dusty Bowl
|-heal|p1a: Dusty Bowl|97/100|[silent]
|upkeep
|turn|48
|
|t:|1665831419
|switch|p2a: Yveltal|Yveltal|100/100 par
|-ability|p2a: Yveltal|Dark Aura
|move|p1a: Dusty Bowl|Spikes|p2a: Yveltal
|-sidestart|p2: nanxue|Spikes
|
|-heal|p1a: Dusty Bowl|100/100|[from] item: Leftovers
|upkeep
|turn|49
|
|t:|1665831431
|cant|p2a: Yveltal|par
|move|p1a: Dusty Bowl|Leech Seed|p2a: Yveltal
|-start|p2a: Yveltal|move: Leech Seed
|
|-damage|p2a: Yveltal|88/100 par|[from] Leech Seed|[of] p1a: Dusty Bowl
|upkeep
|turn|50
|
|t:|1665831433
|move|p2a: Yveltal|Heat Wave|p1a: Dusty Bowl|[miss]
|-miss|p2a: Yveltal|p1a: Dusty Bowl
|move|p1a: Dusty Bowl|Gyro Ball|p2a: Yveltal
|-damage|p2a: Yveltal|65/100 par
|
|-heal|p2a: Yveltal|71/100 par|[from] item: Leftovers
|-damage|p2a: Yveltal|59/100 par|[from] Leech Seed|[of] p1a: Dusty Bowl
|upkeep
|turn|51
|
|t:|1665831438
|move|p2a: Yveltal|Heat Wave|p1a: Dusty Bowl
|-supereffective|p1a: Dusty Bowl
|-damage|p1a: Dusty Bowl|18/100
|move|p1a: Dusty Bowl|Gyro Ball|p2a: Yveltal
|-damage|p2a: Yveltal|35/100 par
|
|-heal|p2a: Yveltal|41/100 par|[from] item: Leftovers
|-heal|p1a: Dusty Bowl|24/100|[from] item: Leftovers
|-damage|p2a: Yveltal|29/100 par|[from] Leech Seed|[of] p1a: Dusty Bowl
|-heal|p1a: Dusty Bowl|38/100|[silent]
|upkeep
|turn|52
|
|t:|1665831442
|switch|p2a: Necrozma|Necrozma-Dusk-Mane|57/100
|-damage|p2a: Necrozma|44/100|[from] Spikes
|move|p1a: Dusty Bowl|Gyro Ball|p2a: Necrozma
|-resisted|p2a: Necrozma
|-damage|p2a: Necrozma|33/100
|-damage|p1a: Dusty Bowl|22/100|[from] item: Rocky Helmet|[of] p2a: Necrozma
|
|-heal|p1a: Dusty Bowl|28/100|[from] item: Leftovers
|upkeep
|turn|53
|
|t:|1665831445
|move|p2a: Necrozma|Morning Sun|p2a: Necrozma
|-heal|p2a: Necrozma|83/100
|move|p1a: Dusty Bowl|Leech Seed|p2a: Necrozma
|-start|p2a: Necrozma|move: Leech Seed
|
|-heal|p1a: Dusty Bowl|34/100|[from] item: Leftovers
|-damage|p2a: Necrozma|70/100|[from] Leech Seed|[of] p1a: Dusty Bowl
|-heal|p1a: Dusty Bowl|47/100|[silent]
|upkeep
|turn|54
|
|t:|1665831449
|move|p2a: Necrozma|Stealth Rock|p1a: Dusty Bowl
|-sidestart|p1: Tahz|move: Stealth Rock
|move|p1a: Dusty Bowl|Gyro Ball|p2a: Necrozma
|-resisted|p2a: Necrozma
|-damage|p2a: Necrozma|59/100
|-damage|p1a: Dusty Bowl|30/100|[from] item: Rocky Helmet|[of] p2a: Necrozma
|
|-heal|p1a: Dusty Bowl|36/100|[from] item: Leftovers
|-damage|p2a: Necrozma|47/100|[from] Leech Seed|[of] p1a: Dusty Bowl
|-heal|p1a: Dusty Bowl|49/100|[silent]
|upkeep
|turn|55
|
|t:|1665831452
|switch|p2a: Yveltal|Yveltal|29/100 par
|-ability|p2a: Yveltal|Dark Aura
|move|p1a: Dusty Bowl|Gyro Ball|p2a: Yveltal
|-damage|p2a: Yveltal|5/100 par
|
|-heal|p2a: Yveltal|11/100 par|[from] item: Leftovers
|-heal|p1a: Dusty Bowl|55/100|[from] item: Leftovers
|upkeep
|turn|56
|
|t:|1665831455
|cant|p2a: Yveltal|par
|move|p1a: Dusty Bowl|Gyro Ball|p2a: Yveltal
|-damage|p2a: Yveltal|0 fnt
|faint|p2a: Yveltal
|
|-heal|p1a: Dusty Bowl|61/100|[from] item: Leftovers
|upkeep
|
|t:|1665831459
|switch|p2a: Kyogre|Kyogre|68/100
|-damage|p2a: Kyogre|55/100|[from] Spikes
|-weather|RainDance|[from] ability: Drizzle|[of] p2a: Kyogre
|turn|57
|
|t:|1665831465
|move|p2a: Kyogre|Ice Beam|p1a: Dusty Bowl
|-damage|p1a: Dusty Bowl|40/100
|move|p1a: Dusty Bowl|Leech Seed|p2a: Kyogre
|-start|p2a: Kyogre|move: Leech Seed
|
|-weather|RainDance|[upkeep]
|-heal|p1a: Dusty Bowl|46/100|[from] item: Leftovers
|-damage|p2a: Kyogre|43/100|[from] Leech Seed|[of] p1a: Dusty Bowl
|-heal|p1a: Dusty Bowl|58/100|[silent]
|upkeep
|turn|58
|
|t:|1665831469
|switch|p2a: Ditto|Ditto|100/100
|-damage|p2a: Ditto|88/100|[from] Spikes
|-transform|p2a: Ditto|p1a: Dusty Bowl|[from] ability: Imposter
|move|p1a: Dusty Bowl|Toxic|p2a: Ditto
|-immune|p2a: Ditto
|
|-weather|RainDance|[upkeep]
|-heal|p1a: Dusty Bowl|64/100|[from] item: Leftovers
|upkeep
|turn|59
|
|t:|1665831474
|move|p2a: Ditto|Gyro Ball|p1a: Dusty Bowl
|-resisted|p1a: Dusty Bowl
|-crit|p1a: Dusty Bowl
|-damage|p1a: Dusty Bowl|61/100
|-damage|p2a: Ditto|76/100|[from] ability: Iron Barbs|[of] p1a: Dusty Bowl
|move|p1a: Dusty Bowl|Toxic|p2a: Ditto
|-immune|p2a: Ditto
|
|-weather|RainDance|[upkeep]
|-heal|p1a: Dusty Bowl|67/100|[from] item: Leftovers
|upkeep
|turn|60
|
|t:|1665831481
|switch|p2a: Necrozma|Necrozma-Dusk-Mane|47/100
|-damage|p2a: Necrozma|34/100|[from] Spikes
|move|p1a: Dusty Bowl|Leech Seed|p2a: Necrozma
|-start|p2a: Necrozma|move: Leech Seed
|
|-weather|RainDance|[upkeep]
|-heal|p1a: Dusty Bowl|74/100|[from] item: Leftovers
|-damage|p2a: Necrozma|22/100|[from] Leech Seed|[of] p1a: Dusty Bowl
|-heal|p1a: Dusty Bowl|86/100|[silent]
|upkeep
|turn|61
|
|t:|1665831486
|switch|p2a: Kyogre|Kyogre|43/100
|-damage|p2a: Kyogre|31/100|[from] Spikes
|move|p1a: Dusty Bowl|Gyro Ball|p2a: Kyogre
|-resisted|p2a: Kyogre
|-damage|p2a: Kyogre|6/100
|
|-weather|none
|-heal|p1a: Dusty Bowl|92/100|[from] item: Leftovers
|upkeep
|turn|62
|
|t:|1665831491
|move|p2a: Kyogre|Thunder|p1a: Dusty Bowl
|-resisted|p1a: Dusty Bowl
|-damage|p1a: Dusty Bowl|79/100
|move|p1a: Dusty Bowl|Leech Seed|p2a: Kyogre
|-start|p2a: Kyogre|move: Leech Seed
|
|-heal|p1a: Dusty Bowl|85/100|[from] item: Leftovers
|-damage|p2a: Kyogre|0 fnt|[from] Leech Seed|[of] p1a: Dusty Bowl
|-heal|p1a: Dusty Bowl|91/100|[silent]
|faint|p2a: Kyogre
|upkeep
|
|t:|1665831495
|switch|p2a: Necrozma|Necrozma-Dusk-Mane|22/100
|-damage|p2a: Necrozma|10/100|[from] Spikes
|turn|63
|
|t:|1665831499
|move|p2a: Necrozma|Morning Sun|p2a: Necrozma
|-heal|p2a: Necrozma|60/100
|move|p1a: Dusty Bowl|Leech Seed|p2a: Necrozma|[miss]
|-miss|p1a: Dusty Bowl|p2a: Necrozma
|
|-heal|p1a: Dusty Bowl|97/100|[from] item: Leftovers
|upkeep
|turn|64
|
|t:|1665831503
|move|p2a: Necrozma|Thunder Wave|p1a: Dusty Bowl
|-status|p1a: Dusty Bowl|par
|move|p1a: Dusty Bowl|Leech Seed|p2a: Necrozma
|-start|p2a: Necrozma|move: Leech Seed
|
|-heal|p1a: Dusty Bowl|100/100 par|[from] item: Leftovers
|-damage|p2a: Necrozma|47/100|[from] Leech Seed|[of] p1a: Dusty Bowl
|upkeep
|turn|65
|
|t:|1665831507
|move|p2a: Necrozma|Morning Sun|p2a: Necrozma
|-heal|p2a: Necrozma|97/100
|move|p1a: Dusty Bowl|Spikes|p2a: Necrozma
|-sidestart|p2: nanxue|Spikes
|
|-damage|p2a: Necrozma|85/100|[from] Leech Seed|[of] p1a: Dusty Bowl
|upkeep
|turn|66
|
|t:|1665831509
|switch|p2a: Ditto|Ditto|76/100
|-damage|p2a: Ditto|59/100|[from] Spikes
|-transform|p2a: Ditto|p1a: Dusty Bowl|[from] ability: Imposter
|move|p1a: Dusty Bowl|Spikes|p2a: Ditto
|-sidestart|p2: nanxue|Spikes
|
|upkeep
|turn|67
|-message|nanxue forfeited.
|
|win|Tahz
|raw|Tahz's rating: 1797 &rarr; <strong>1812</strong><br />(+15 for winning)
|raw|nanxue's rating: 1702 &rarr; <strong>1687</strong><br />(-15 for losing)
|l|☆nanxue
