|j|☆TBECurry
|j|☆the thin mints lad
|t:|1664034976
|gametype|singles
|player|p1|TBECurry|acetrainer-gen4dp|1579
|player|p2|the thin mints lad|cress|1680
|teamsize|p1|6
|teamsize|p2|6
|gen|8
|tier|[Gen 8] National Dex AG
|rated|
|rule|HP Percentage Mod: HP is shown in percentages
|rule|Endless Battle Clause: Forcing endless battles is banned
|clearpoke
|poke|p1|Arceus-*|
|poke|p1|Excadrill, M|
|poke|p1|Smeargle, F|
|poke|p1|Smeargle, F|
|poke|p1|Xerneas-*|
|poke|p1|Rayquaza|
|poke|p2|Marshadow|
|poke|p2|Ditto|
|poke|p2|Zygarde|
|poke|p2|Murkrow, M|
|poke|p2|Eternatus|
|poke|p2|Arceus-*|
|teampreview
|inactive|Battle timer is ON: inactive players will automatically lose when time's up. (requested by TBECurry)
|
|t:|1664034996
|start
|switch|p1a: Excadrill|Excadrill, M|100/100
|switch|p2a: The better Yoinker|Ditto|100/100
|-ability|p1a: Excadrill|Mold Breaker
|-transform|p2a: The better Yoinker|p1a: Excadrill|[from] ability: Imposter
|-ability|p2a: The better Yoinker|Mold Breaker
|turn|1
|
|t:|1664035013
|move|p1a: Excadrill|Stealth Rock|p2a: The better Yoinker
|-sidestart|p2: the thin mints lad|move: Stealth Rock
|move|p2a: The better Yoinker|Stealth Rock|p1a: Excadrill
|-sidestart|p1: TBECurry|move: Stealth Rock
|
|upkeep
|turn|2
|
|t:|1664035017
|switch|p2a: Yoinker|Marshadow|100/100
|-damage|p2a: Yoinker|94/100|[from] Stealth Rock
|move|p1a: Excadrill|Rapid Spin|p2a: Yoinker
|-immune|p2a: Yoinker
|
|upkeep
|turn|3
|
|t:|1664035024
|move|p2a: Yoinker|Shadow Sneak|p1a: Excadrill
|-damage|p1a: Excadrill|31/100
|move|p1a: Excadrill|Earthquake|p2a: Yoinker
|-damage|p2a: Yoinker|22/100
|
|upkeep
|turn|4
|
|t:|1664035033
|switch|p1a: Smeargle|Smeargle, F|100/100
|-damage|p1a: Smeargle|88/100|[from] Stealth Rock
|move|p2a: Yoinker|Shadow Sneak|p1a: Smeargle
|-immune|p1a: Smeargle
|
|-heal|p1a: Smeargle|94/100|[from] item: Leftovers
|-ability|p1a: Smeargle|Moody|boost
|-boost|p1a: Smeargle|spd|2
|-unboost|p1a: Smeargle|spe|1
|upkeep
|turn|5
|
|t:|1664035049
|-start|p2a: Yoinker|Dynamax|
|-heal|p2a: Yoinker|22/100|[silent]
|move|p2a: Yoinker|Max Knuckle|p1a: Smeargle
|-supereffective|p1a: Smeargle
|-damage|p1a: Smeargle|0 fnt
|-boost|p2a: Yoinker|atk|1
|faint|p1a: Smeargle
|
|upkeep
|
|t:|1664035066
|switch|p1a: Excadrill|Excadrill, M|31/100
|-damage|p1a: Excadrill|28/100|[from] Stealth Rock
|-ability|p1a: Excadrill|Mold Breaker
|turn|6
|
|t:|1664035072
|move|p2a: Yoinker|Max Knuckle|p1a: Excadrill
|-supereffective|p1a: Excadrill
|-damage|p1a: Excadrill|0 fnt
|-boost|p2a: Yoinker|atk|1
|faint|p1a: Excadrill
|
|upkeep
|
|t:|1664035083
|switch|p1a: Arceus|Arceus-Ghost|100/100
|-damage|p1a: Arceus|88/100|[from] Stealth Rock
|turn|7
|
|t:|1664035087
|switch|p1a: Smeargle|Smeargle, F|100/100
|-damage|p1a: Smeargle|88/100|[from] Stealth Rock
|move|p2a: Yoinker|Max Knuckle|p1a: Smeargle
|-supereffective|p1a: Smeargle
|-damage|p1a: Smeargle|0 fnt
|-boost|p2a: Yoinker|atk|1
|faint|p1a: Smeargle
|
|upkeep
|
|t:|1664035104
|switch|p1a: Arceus|Arceus-Ghost|88/100
|-damage|p1a: Arceus|76/100|[from] Stealth Rock
|-end|p2a: Yoinker|Dynamax
|-heal|p2a: Yoinker|22/100|[silent]
|turn|8
|
|t:|1664035110
|move|p2a: Yoinker|Shadow Sneak|p1a: Arceus
|-supereffective|p1a: Arceus
|-damage|p1a: Arceus|0 fnt
|faint|p1a: Arceus
|
|upkeep
|-message|TBECurry forfeited.
|
|win|the thin mints lad
|raw|TBECurry's rating: 1579 &rarr; <strong>1565</strong><br />(-14 for losing)
|raw|the thin mints lad's rating: 1680 &rarr; <strong>1694</strong><br />(+14 for winning)
|l|☆TBECurry
||Ladder isn't responding, score probably updated but might not have (Request timeout).
