|j|☆Ssssoooookkkkk
|j|☆niun
|t:|1598177189
|player|p1|Ssssoooookkkkk|102|1504
|player|p2|niun|170|1483
|teamsize|p1|6
|teamsize|p2|6
|gametype|singles
|gen|8
|tier|[Gen 8] National Dex AG
|rated|
|clearpoke
|poke|p1|Zacian-Crowned|
|poke|p1|Xerneas|
|poke|p1|Yveltal|
|poke|p1|Necrozma-Dusk-Mane|
|poke|p1|Rayquaza|
|poke|p1|Ho-Oh|
|poke|p2|Arceus-*|
|poke|p2|Necrozma-Dusk-Mane|
|poke|p2|Chansey, F|
|poke|p2|Heatran, F|
|poke|p2|Gliscor, F|
|poke|p2|Yveltal|
|rule|HP Percentage Mod: HP is shown in percentages
|rule|Endless Battle Clause: Forcing endless battles is banned
|teampreview
|inactive|Battle timer is ON: inactive players will automatically lose when time's up. (requested by Ssssoooookkkkk)
|
|t:|1598177203
|start
|switch|p1a: Necrozma|Necrozma-Dusk-Mane|100/100
|switch|p2a: Arceus|Arceus-Water|100/100
|turn|1
|
|t:|1598177214
|move|p2a: Arceus|Judgment|p1a: Necrozma
|-damage|p1a: Necrozma|60/100
|move|p1a: Necrozma|Stealth Rock|p2a: Arceus
|-sidestart|p2: niun|move: Stealth Rock
|
|-heal|p1a: Necrozma|66/100|[from] item: Leftovers
|upkeep
|turn|2
|
|t:|1598177236
|switch|p1a: Xerneas|Xerneas|100/100
|-ability|p1a: Xerneas|Fairy Aura
|move|p2a: Arceus|Judgment|p1a: Xerneas
|-crit|p1a: Xerneas
|-damage|p1a: Xerneas|31/100
|
|upkeep
|turn|3
|
|t:|1598177247
|move|p1a: Xerneas|Geomancy||[still]
|-prepare|p1a: Xerneas|Geomancy
|-enditem|p1a: Xerneas|Power Herb
|-anim|p1a: Xerneas|Geomancy|p1a: Xerneas
|-boost|p1a: Xerneas|spa|2
|-boost|p1a: Xerneas|spd|2
|-boost|p1a: Xerneas|spe|2
|move|p2a: Arceus|Toxic|p1a: Xerneas
|-status|p1a: Xerneas|tox
|
|-damage|p1a: Xerneas|25/100 tox|[from] psn
|upkeep
|turn|4
|
|t:|1598177258
|switch|p2a: Chansey|Chansey, F|100/100
|-damage|p2a: Chansey|88/100|[from] Stealth Rock
|move|p1a: Xerneas|Moonblast|p2a: Chansey
|-damage|p2a: Chansey|56/100
|
|-damage|p1a: Xerneas|13/100 tox|[from] psn
|upkeep
|turn|5
|
|t:|1598177267
|move|p1a: Xerneas|Moonblast|p2a: Chansey
|-damage|p2a: Chansey|23/100
|-unboost|p2a: Chansey|spa|1
|move|p2a: Chansey|Wish|p2a: Chansey
|
|-damage|p1a: Xerneas|0 fnt|[from] psn
|faint|p1a: Xerneas
|upkeep
|
|t:|1598177279
|switch|p1a: Necrozma|Necrozma-Dusk-Mane|66/100
|turn|6
|
|t:|1598177300
|switch|p2a: Yveltal|Yveltal|100/100
|-damage|p2a: Yveltal|75/100|[from] Stealth Rock
|-ability|p2a: Yveltal|Dark Aura
|move|p1a: Necrozma|Morning Sun|p1a: Necrozma
|-heal|p1a: Necrozma|100/100
|
|-heal|p2a: Yveltal|100/100|[from] move: Wish|[wisher] Chansey
|upkeep
|turn|7
|
|t:|1598177316
|switch|p1a: Ho-Oh|Ho-Oh|100/100
|move|p2a: Yveltal|Knock Off|p1a: Ho-Oh
|-damage|p1a: Ho-Oh|68/100
|-enditem|p1a: Ho-Oh|Heavy-Duty Boots|[from] move: Knock Off|[of] p2a: Yveltal
|
|upkeep
|turn|8
|
|t:|1598177324
|switch|p2a: Heatran|Heatran, F|100/100
|-damage|p2a: Heatran|88/100|[from] Stealth Rock
|move|p1a: Ho-Oh|Sacred Fire|p2a: Heatran
|-start|p2a: Heatran|ability: Flash Fire
|
|-heal|p2a: Heatran|94/100|[from] item: Leftovers
|upkeep
|turn|9
|inactive|Ssssoooookkkkk has 120 seconds left.
|
|t:|1598177355
|switch|p1a: Yveltal|Yveltal|100/100
|-ability|p1a: Yveltal|Dark Aura
|move|p2a: Heatran|Lava Plume|p1a: Yveltal
|-damage|p1a: Yveltal|59/100
|
|-heal|p2a: Heatran|100/100|[from] item: Leftovers
|upkeep
|turn|10
|inactive|Ssssoooookkkkk has 120 seconds left.
|
|t:|1598177375
|-start|p1a: Yveltal|Dynamax
|-heal|p1a: Yveltal|59/100|[silent]
|move|p1a: Yveltal|Max Darkness|p2a: Heatran
|-damage|p2a: Heatran|19/100
|-unboost|p2a: Heatran|spd|1
|-damage|p1a: Yveltal|54/100|[from] item: Life Orb
|move|p2a: Heatran|Stealth Rock|p1a: Yveltal
|-sidestart|p1: Ssssoooookkkkk|move: Stealth Rock
|
|-heal|p2a: Heatran|26/100|[from] item: Leftovers
|upkeep
|turn|11
|
|t:|1598177389
|move|p1a: Yveltal|Max Airstream|p2a: Heatran
|-resisted|p2a: Heatran
|-damage|p2a: Heatran|0 fnt
|-boost|p1a: Yveltal|spe|1
|-damage|p1a: Yveltal|49/100|[from] item: Life Orb
|faint|p2a: Heatran
|
|upkeep
|
|t:|1598177397
|switch|p2a: Chansey|Chansey, F|23/100
|-damage|p2a: Chansey|10/100|[from] Stealth Rock
|turn|12
|
|t:|1598177405
|move|p1a: Yveltal|Max Airstream|p2a: Chansey
|-damage|p2a: Chansey|0 fnt
|-boost|p1a: Yveltal|spe|1
|-damage|p1a: Yveltal|44/100|[from] item: Life Orb
|faint|p2a: Chansey
|
|-end|p1a: Yveltal|Dynamax
|-heal|p1a: Yveltal|44/100|[silent]
|upkeep
|
|t:|1598177414
|switch|p2a: Yveltal|Yveltal|100/100
|-damage|p2a: Yveltal|75/100|[from] Stealth Rock
|-ability|p2a: Yveltal|Dark Aura
|turn|13
|
|t:|1598177419
|move|p1a: Yveltal|Oblivion Wing|p2a: Yveltal
|-damage|p2a: Yveltal|46/100
|-heal|p1a: Yveltal|70/100|[from] drain|[of] p2a: Yveltal
|-damage|p1a: Yveltal|60/100|[from] item: Life Orb
|move|p2a: Yveltal|Oblivion Wing|p1a: Yveltal
|-damage|p1a: Yveltal|21/100
|-heal|p2a: Yveltal|71/100|[from] drain|[of] p1a: Yveltal
|
|upkeep
|turn|14
|
|t:|1598177432
|move|p1a: Yveltal|Oblivion Wing|p2a: Yveltal
|-damage|p2a: Yveltal|41/100
|-heal|p1a: Yveltal|47/100|[from] drain|[of] p2a: Yveltal
|-damage|p1a: Yveltal|37/100|[from] item: Life Orb
|move|p2a: Yveltal|Oblivion Wing|p1a: Yveltal
|-damage|p1a: Yveltal|0 fnt
|-heal|p2a: Yveltal|65/100|[from] drain|[of] p1a: Yveltal
|faint|p1a: Yveltal
|
|upkeep
|
|t:|1598177447
|switch|p1a: Zacian|Zacian-Crowned|100/100
|-damage|p1a: Zacian|94/100|[from] Stealth Rock
|-ability|p1a: Zacian|Intrepid Sword|boost
|-boost|p1a: Zacian|atk|1
|turn|15
|
|t:|1598177455
|switch|p2a: Necrozma|Necrozma-Dusk-Mane|100/100
|-damage|p2a: Necrozma|94/100|[from] Stealth Rock
|move|p1a: Zacian|Behemoth Blade|p2a: Necrozma
|-resisted|p2a: Necrozma
|-damage|p2a: Necrozma|69/100
|-damage|p1a: Zacian|78/100|[from] item: Rocky Helmet|[of] p2a: Necrozma
|
|upkeep
|turn|16
|
|t:|1598177465
|switch|p1a: Ho-Oh|Ho-Oh|100/100
|-damage|p1a: Ho-Oh|51/100|[from] Stealth Rock
|move|p2a: Necrozma|Morning Sun|p2a: Necrozma
|-heal|p2a: Necrozma|100/100
|
|upkeep
|turn|17
|
|t:|1598177479
|switch|p2a: Arceus|Arceus-Water|100/100
|-damage|p2a: Arceus|88/100|[from] Stealth Rock
|move|p1a: Ho-Oh|Sacred Fire|p2a: Arceus
|-resisted|p2a: Arceus
|-damage|p2a: Arceus|78/100
|-status|p2a: Arceus|brn
|
|-damage|p2a: Arceus|71/100 brn|[from] brn
|upkeep
|turn|18
|
|t:|1598177499
|switch|p1a: Rayquaza|Rayquaza|100/100
|-damage|p1a: Rayquaza|76/100|[from] Stealth Rock
|-ability|p1a: Rayquaza|Air Lock
|move|p2a: Arceus|Recover|p2a: Arceus
|-heal|p2a: Arceus|100/100 brn
|
|-damage|p2a: Arceus|94/100 brn|[from] brn
|upkeep
|turn|19
|
|t:|1598177508
|detailschange|p1a: Rayquaza|Rayquaza-Mega
|-mega|p1a: Rayquaza|Rayquaza|
|-weather|DeltaStream|[from] ability: Delta Stream|[of] p1a: Rayquaza
|move|p1a: Rayquaza|Dragon Dance|p1a: Rayquaza
|-boost|p1a: Rayquaza|atk|1
|-boost|p1a: Rayquaza|spe|1
|move|p2a: Arceus|Ice Beam|p1a: Rayquaza
|-activate||deltastream
|-supereffective|p1a: Rayquaza
|-damage|p1a: Rayquaza|22/100
|
|-weather|DeltaStream|[upkeep]
|-damage|p2a: Arceus|88/100 brn|[from] brn
|upkeep
|turn|20
|
|t:|1598177518
|move|p1a: Rayquaza|Dragon Ascent|p2a: Arceus
|-damage|p2a: Arceus|5/100 brn
|-unboost|p1a: Rayquaza|def|1
|-unboost|p1a: Rayquaza|spd|1
|-damage|p1a: Rayquaza|12/100|[from] item: Life Orb
|move|p2a: Arceus|Ice Beam|p1a: Rayquaza
|-activate||deltastream
|-supereffective|p1a: Rayquaza
|-damage|p1a: Rayquaza|0 fnt
|faint|p1a: Rayquaza
|-weather|none
|
|-damage|p2a: Arceus|0 fnt|[from] brn
|faint|p2a: Arceus
|upkeep
|
|t:|1598177533
|switch|p1a: Necrozma|Necrozma-Dusk-Mane|100/100
|switch|p2a: Gliscor|Gliscor, F|100/100
|-damage|p2a: Gliscor|88/100|[from] Stealth Rock
|-damage|p1a: Necrozma|94/100|[from] Stealth Rock
|turn|21
|
|t:|1598177539
|move|p2a: Gliscor|Substitute|p2a: Gliscor
|-start|p2a: Gliscor|Substitute
|-damage|p2a: Gliscor|63/100
|move|p1a: Necrozma|Sunsteel Strike|p2a: Gliscor
|-end|p2a: Gliscor|Substitute
|
|-heal|p1a: Necrozma|100/100|[from] item: Leftovers
|-status|p2a: Gliscor|tox|[from] item: Toxic Orb
|upkeep
|turn|22
|j| Dark 606
|
|t:|1598177550
|move|p2a: Gliscor|Protect|p2a: Gliscor
|-singleturn|p2a: Gliscor|Protect
|move|p1a: Necrozma|Sunsteel Strike|p2a: Gliscor
|-activate|p2a: Gliscor|move: Protect
|
|-heal|p2a: Gliscor|76/100 tox|[from] ability: Poison Heal
|upkeep
|turn|23
|
|t:|1598177559
|switch|p2a: Necrozma|Necrozma-Dusk-Mane|100/100
|-damage|p2a: Necrozma|94/100|[from] Stealth Rock
|move|p1a: Necrozma|Sunsteel Strike|p2a: Necrozma
|-resisted|p2a: Necrozma
|-damage|p2a: Necrozma|81/100
|-damage|p1a: Necrozma|84/100|[from] item: Rocky Helmet|[of] p2a: Necrozma
|
|-heal|p1a: Necrozma|90/100|[from] item: Leftovers
|upkeep
|turn|24
|
|t:|1598177569
|move|p2a: Necrozma|Swords Dance|p2a: Necrozma
|-boost|p2a: Necrozma|atk|2
|move|p1a: Necrozma|Knock Off|p2a: Necrozma
|-supereffective|p2a: Necrozma
|-damage|p2a: Necrozma|55/100
|-damage|p1a: Necrozma|73/100|[from] item: Rocky Helmet|[of] p2a: Necrozma
|-enditem|p2a: Necrozma|Rocky Helmet|[from] move: Knock Off|[of] p1a: Necrozma
|
|-heal|p1a: Necrozma|79/100|[from] item: Leftovers
|upkeep
|turn|25
|
|t:|1598177585
|switch|p1a: Ho-Oh|Ho-Oh|84/100
|-damage|p1a: Ho-Oh|34/100|[from] Stealth Rock
|move|p2a: Necrozma|Morning Sun|p2a: Necrozma
|-heal|p2a: Necrozma|100/100
|
|upkeep
|turn|26
|
|t:|1598177592
|switch|p2a: Gliscor|Gliscor, F|76/100 tox
|-damage|p2a: Gliscor|63/100 tox|[from] Stealth Rock
|move|p1a: Ho-Oh|Sacred Fire|p2a: Gliscor
|-damage|p2a: Gliscor|31/100 tox
|
|-heal|p2a: Gliscor|43/100 tox|[from] ability: Poison Heal
|upkeep
|turn|27
|
|t:|1598177602
|move|p2a: Gliscor|Toxic|p1a: Ho-Oh
|-status|p1a: Ho-Oh|tox
|move|p1a: Ho-Oh|Sacred Fire|p2a: Gliscor
|-damage|p2a: Gliscor|12/100 tox
|
|-heal|p2a: Gliscor|24/100 tox|[from] ability: Poison Heal
|-damage|p1a: Ho-Oh|28/100 tox|[from] psn
|upkeep
|turn|28
|
|t:|1598177610
|move|p2a: Gliscor|Protect|p2a: Gliscor
|-singleturn|p2a: Gliscor|Protect
|move|p1a: Ho-Oh|Sacred Fire|p2a: Gliscor
|-activate|p2a: Gliscor|move: Protect
|
|-heal|p2a: Gliscor|37/100 tox|[from] ability: Poison Heal
|-damage|p1a: Ho-Oh|16/100 tox|[from] psn
|upkeep
|turn|29
|
|t:|1598177618
|move|p2a: Gliscor|Substitute|p2a: Gliscor
|-start|p2a: Gliscor|Substitute
|-damage|p2a: Gliscor|12/100 tox
|move|p1a: Ho-Oh|Sacred Fire|p2a: Gliscor
|-end|p2a: Gliscor|Substitute
|
|-heal|p2a: Gliscor|24/100 tox|[from] ability: Poison Heal
|-damage|p1a: Ho-Oh|0 fnt|[from] psn
|faint|p1a: Ho-Oh
|upkeep
|
|t:|1598177628
|switch|p1a: Zacian|Zacian-Crowned|78/100
|-damage|p1a: Zacian|72/100|[from] Stealth Rock
|-ability|p1a: Zacian|Intrepid Sword|boost
|-boost|p1a: Zacian|atk|1
|turn|30
|
|t:|1598177633
|move|p1a: Zacian|Behemoth Blade|p2a: Gliscor
|-damage|p2a: Gliscor|0 fnt
|faint|p2a: Gliscor
|
|upkeep
|
|t:|1598177638
|switch|p2a: Necrozma|Necrozma-Dusk-Mane|100/100
|-damage|p2a: Necrozma|94/100|[from] Stealth Rock
|turn|31
|
|t:|1598177650
|-start|p2a: Necrozma|Dynamax
|-heal|p2a: Necrozma|94/100|[silent]
|move|p1a: Zacian|Swords Dance|p1a: Zacian
|-boost|p1a: Zacian|atk|2
|move|p2a: Necrozma|Max Steelspike|p1a: Zacian
|-damage|p1a: Zacian|8/100
|-boost|p2a: Necrozma|def|1
|
|upkeep
|turn|32
|
|t:|1598177659
|move|p1a: Zacian|Behemoth Blade|p2a: Necrozma
|-resisted|p2a: Necrozma
|-damage|p2a: Necrozma|64/100
|move|p2a: Necrozma|Max Steelspike|p1a: Zacian
|-damage|p1a: Zacian|0 fnt
|-boost|p2a: Necrozma|def|1
|faint|p1a: Zacian
|
|upkeep
|-message|Ssssoooookkkkk forfeited.
|
|win|niun
|l|☆Ssssoooookkkkk
|raw|Ssssoooookkkkk's rating: 1504 &rarr; <strong>1483</strong><br />(-21 for losing)
|raw|niun's rating: 1483 &rarr; <strong>1504</strong><br />(+21 for winning)
|l|☆niun
