|j|☆iHaveAsthma
|j|☆IU dlwlrma
|t:|1647254209
|gametype|singles
|player|p1|iHaveAsthma|doctor|1682
|player|p2|IU dlwlrma|youngster-gen4|1855
|teamsize|p1|6
|teamsize|p2|6
|gen|8
|tier|[Gen 8] National Dex AG
|rated|
|rule|HP Percentage Mod: HP is shown in percentages
|rule|Endless Battle Clause: Forcing endless battles is banned
|clearpoke
|poke|p1|Rayquaza|
|poke|p1|Lugia|
|poke|p1|Calyrex-Shadow|
|poke|p1|Groudon|
|poke|p1|Arceus-*|
|poke|p1|Arceus-*|
|poke|p2|Arceus-*|
|poke|p2|Ditto|
|poke|p2|Chansey, F|
|poke|p2|Lugia|
|poke|p2|Groudon|
|poke|p2|Arceus-*|
|teampreview
|
|t:|1647254215
|start
|switch|p1a: Rayquaza|Rayquaza|100/100
|switch|p2a: 루기아|Lugia|100/100
|-ability|p1a: Rayquaza|Air Lock
|turn|1
|
|t:|1647254221
|switch|p1a: Groudon|Groudon|100/100
|detailschange|p1a: Groudon|Groudon-Primal
|-primal|p1a: Groudon
|-weather|DesolateLand|[from] ability: Desolate Land|[of] p1a: Groudon
|move|p2a: 루기아|Toxic|p1a: Groudon
|-status|p1a: Groudon|tox
|
|-weather|DesolateLand|[upkeep]
|-damage|p1a: Groudon|94/100 tox|[from] psn
|upkeep
|turn|2
|inactive|Battle timer is ON: inactive players will automatically lose when time's up. (requested by iHaveAsthma)
|
|t:|1647254230
|move|p1a: Groudon|Toxic|p2a: 루기아
|-status|p2a: 루기아|tox
|move|p2a: 루기아|Aeroblast|p1a: Groudon
|-damage|p1a: Groudon|59/100 tox
|
|-weather|DesolateLand|[upkeep]
|-damage|p1a: Groudon|47/100 tox|[from] psn
|-damage|p2a: 루기아|94/100 tox|[from] psn
|upkeep
|turn|3
|
|t:|1647254239
|-weather|none
|switch|p1a: Rayquaza|Rayquaza|100/100
|-ability|p1a: Rayquaza|Air Lock
|move|p2a: 루기아|Aeroblast|p1a: Rayquaza
|-damage|p1a: Rayquaza|65/100
|
|-damage|p2a: 루기아|82/100 tox|[from] psn
|upkeep
|turn|4
|
|t:|1647254245
|switch|p1a: Groudon|Groudon-Primal|47/100 tox
|-weather|DesolateLand|[from] ability: Desolate Land|[of] p1a: Groudon
|move|p2a: 루기아|Aeroblast|p1a: Groudon
|-damage|p1a: Groudon|15/100 tox
|
|-weather|DesolateLand|[upkeep]
|-damage|p1a: Groudon|9/100 tox|[from] psn
|-damage|p2a: 루기아|63/100 tox|[from] psn
|upkeep
|turn|5
|
|t:|1647254251
|move|p1a: Groudon|Stealth Rock|p2a: 루기아
|-sidestart|p2: IU dlwlrma|move: Stealth Rock
|move|p2a: 루기아|Aeroblast|p1a: Groudon
|-damage|p1a: Groudon|0 fnt
|faint|p1a: Groudon
|-weather|none
|
|-damage|p2a: 루기아|38/100 tox|[from] psn
|upkeep
|
|t:|1647254255
|switch|p1a: Rayquaza|Rayquaza|65/100
|-ability|p1a: Rayquaza|Air Lock
|turn|6
|
|t:|1647254266
|detailschange|p1a: Rayquaza|Rayquaza-Mega
|-mega|p1a: Rayquaza|Rayquaza|
|-weather|DeltaStream|[from] ability: Delta Stream|[of] p1a: Rayquaza
|move|p1a: Rayquaza|Dragon Ascent|p2a: 루기아
|-damage|p2a: 루기아|0 fnt
|-unboost|p1a: Rayquaza|def|1
|-unboost|p1a: Rayquaza|spd|1
|-damage|p1a: Rayquaza|49/100|[from] item: Rocky Helmet|[of] p2a: 루기아
|faint|p2a: 루기아
|
|-weather|DeltaStream|[upkeep]
|upkeep
|
|t:|1647254273
|switch|p2a: 악르세우스|Arceus-Dark|100/100
|-damage|p2a: 악르세우스|88/100|[from] Stealth Rock
|turn|7
|
|t:|1647254291
|move|p2a: 악르세우스|Judgment|p1a: Rayquaza
|-damage|p1a: Rayquaza|0 fnt
|faint|p1a: Rayquaza
|-weather|none
|
|upkeep
|
|t:|1647254298
|switch|p1a: Arceus|Arceus-Flying|100/100
|turn|8
|
|t:|1647254300
|move|p2a: 악르세우스|Calm Mind|p2a: 악르세우스
|-boost|p2a: 악르세우스|spa|1
|-boost|p2a: 악르세우스|spd|1
|move|p1a: Arceus|Swords Dance|p1a: Arceus
|-boost|p1a: Arceus|atk|2
|
|upkeep
|turn|9
|
|t:|1647254306
|-start|p2a: 악르세우스|Dynamax
|-heal|p2a: 악르세우스|88/100|[silent]
|-start|p1a: Arceus|Dynamax
|-heal|p1a: Arceus|100/100|[silent]
|move|p2a: 악르세우스|Max Darkness|p1a: Arceus
|-damage|p1a: Arceus|65/100
|-unboost|p1a: Arceus|spd|1
|move|p1a: Arceus|Max Airstream|p2a: 악르세우스
|-damage|p2a: 악르세우스|37/100
|-boost|p1a: Arceus|spe|1
|
|upkeep
|turn|10
|
|t:|1647254330
|move|p1a: Arceus|Max Guard|p1a: Arceus
|-singleturn|p1a: Arceus|Max Guard
|move|p2a: 악르세우스|Max Darkness|p1a: Arceus
|-activate|p1a: Arceus|move: Max Guard
|
|upkeep
|turn|11
|
|t:|1647254333
|move|p1a: Arceus|Max Airstream|p2a: 악르세우스
|-crit|p2a: 악르세우스
|-damage|p2a: 악르세우스|0 fnt
|-boost|p1a: Arceus|spe|1
|faint|p2a: 악르세우스
|
|-end|p1a: Arceus|Dynamax
|-heal|p1a: Arceus|65/100|[silent]
|upkeep
|
|t:|1647254345
|switch|p2a: 럭키|Chansey, F|100/100
|-damage|p2a: 럭키|88/100|[from] Stealth Rock
|turn|12
|
|t:|1647254351
|move|p1a: Arceus|Fly||[still]
|-prepare|p1a: Arceus|Fly
|move|p2a: 럭키|Wish|p2a: 럭키
|
|upkeep
|turn|13
|
|t:|1647254355
|move|p2a: 럭키|Protect|p2a: 럭키
|-singleturn|p2a: 럭키|Protect
|move|p1a: Arceus|Fly|p2a: 럭키|[from]lockedmove
|-activate|p2a: 럭키|move: Protect
|
|-heal|p2a: 럭키|100/100|[from] move: Wish|[wisher] 럭키
|upkeep
|turn|14
|
|t:|1647254359
|move|p1a: Arceus|Swords Dance|p1a: Arceus
|-boost|p1a: Arceus|atk|2
|move|p2a: 럭키|Toxic|p1a: Arceus
|-status|p1a: Arceus|tox
|
|-damage|p1a: Arceus|59/100 tox|[from] psn
|upkeep
|turn|15
|
|t:|1647254366
|move|p1a: Arceus|Earthquake|p2a: 럭키
|-damage|p2a: 럭키|32/100
|move|p2a: 럭키|Wish|p2a: 럭키
|
|-damage|p1a: Arceus|47/100 tox|[from] psn
|upkeep
|turn|16
|
|t:|1647254380
|move|p2a: 럭키|Protect|p2a: 럭키
|-singleturn|p2a: 럭키|Protect
|move|p1a: Arceus|Fly||[still]
|-prepare|p1a: Arceus|Fly
|
|-heal|p2a: 럭키|82/100|[from] move: Wish|[wisher] 럭키
|-damage|p1a: Arceus|29/100 tox|[from] psn
|upkeep
|turn|17
|
|t:|1647254398
|move|p1a: Arceus|Fly|p2a: 럭키|[from]lockedmove
|-damage|p2a: 럭키|0 fnt
|faint|p2a: 럭키
|
|-damage|p1a: Arceus|5/100 tox|[from] psn
|upkeep
|
|t:|1647254401
|switch|p2a: 메타몽|Ditto|100/100
|-damage|p2a: 메타몽|88/100|[from] Stealth Rock
|-transform|p2a: 메타몽|p1a: Arceus|[from] ability: Imposter
|turn|18
|
|t:|1647254407
|move|p2a: 메타몽|Fly||[still]
|-prepare|p2a: 메타몽|Fly
|move|p1a: Arceus|Fly||[still]
|-prepare|p1a: Arceus|Fly
|
|-damage|p1a: Arceus|0 fnt|[from] psn
|faint|p1a: Arceus
|upkeep
|
|t:|1647254410
|switch|p1a: Lugia|Lugia|100/100
|turn|19
|
|t:|1647254423
|move|p2a: 메타몽|Fly|p1a: Lugia|[from]lockedmove
|-damage|p1a: Lugia|62/100
|move|p1a: Lugia|Roar|p2a: 메타몽
|drag|p2a: 아르세우스|Arceus-Fairy|100/100
|-damage|p2a: 아르세우스|88/100|[from] Stealth Rock
|
|upkeep
|turn|20
|
|t:|1647254436
|move|p2a: 아르세우스|Calm Mind|p2a: 아르세우스
|-boost|p2a: 아르세우스|spa|1
|-boost|p2a: 아르세우스|spd|1
|move|p1a: Lugia|Thunder Wave|p2a: 아르세우스|[miss]
|-miss|p1a: Lugia|p2a: 아르세우스
|
|upkeep
|turn|21
|
|t:|1647254439
|move|p2a: 아르세우스|Judgment|p1a: Lugia
|-damage|p1a: Lugia|26/100
|move|p1a: Lugia|Roar|p2a: 아르세우스
|drag|p2a: 메타몽|Ditto|88/100
|-damage|p2a: 메타몽|76/100|[from] Stealth Rock
|-transform|p2a: 메타몽|p1a: Lugia|[from] ability: Imposter
|
|upkeep
|turn|22
|
|t:|1647254444
|switch|p1a: Arceus|Arceus-Ground|100/100
|move|p2a: 메타몽|Defog|p1a: Arceus
|-unboost|p1a: Arceus|evasion|1
|-sideend|p2: IU dlwlrma|Stealth Rock|[from] move: Defog|[of] p2a: 메타몽
|
|upkeep
|turn|23
|
|t:|1647254448
|switch|p2a: 아르세우스|Arceus-Fairy|88/100
|move|p1a: Arceus|Calm Mind|p1a: Arceus
|-boost|p1a: Arceus|spa|1
|-boost|p1a: Arceus|spd|1
|
|upkeep
|turn|24
|
|t:|1647254453
|move|p2a: 아르세우스|Calm Mind|p2a: 아르세우스
|-boost|p2a: 아르세우스|spa|1
|-boost|p2a: 아르세우스|spd|1
|move|p1a: Arceus|Judgment|p2a: 아르세우스
|-damage|p2a: 아르세우스|54/100
|
|upkeep
|turn|25
|
|t:|1647254459
|switch|p1a: Calyrex|Calyrex-Shadow|100/100
|-ability|p1a: Calyrex|As One
|-ability|p1a: Calyrex|Unnerve
|move|p2a: 아르세우스|Recover|p2a: 아르세우스
|-heal|p2a: 아르세우스|100/100
|
|upkeep
|turn|26
|j| cjfc
|
|t:|1647254474
|move|p1a: Calyrex|Encore|p2a: 아르세우스
|-start|p2a: 아르세우스|Encore
|move|p2a: 아르세우스|Recover||[still]
|-fail|p2a: 아르세우스|heal
|
|upkeep
|turn|27
|
|t:|1647254481
|move|p1a: Calyrex|Nasty Plot|p1a: Calyrex
|-boost|p1a: Calyrex|spa|2
|move|p2a: 아르세우스|Recover||[still]
|-fail|p2a: 아르세우스|heal
|
|upkeep
|turn|28
|
|t:|1647254484
|move|p1a: Calyrex|Nasty Plot|p1a: Calyrex
|-boost|p1a: Calyrex|spa|2
|move|p2a: 아르세우스|Recover||[still]
|-fail|p2a: 아르세우스|heal
|
|-end|p2a: 아르세우스|Encore
|upkeep
|turn|29
|n| pokemasterbrendan|cjfc
|
|t:|1647254487
|move|p1a: Calyrex|Encore|p2a: 아르세우스
|-start|p2a: 아르세우스|Encore
|move|p2a: 아르세우스|Recover||[still]
|-fail|p2a: 아르세우스|heal
|
|upkeep
|turn|30
|
|t:|1647254493
|move|p1a: Calyrex|Nasty Plot|p1a: Calyrex
|-boost|p1a: Calyrex|spa|2
|move|p2a: 아르세우스|Recover||[still]
|-fail|p2a: 아르세우스|heal
|
|upkeep
|turn|31
|
|t:|1647254495
|move|p1a: Calyrex|Astral Barrage|p2a: 아르세우스
|-damage|p2a: 아르세우스|0 fnt
|faint|p2a: 아르세우스
|
|upkeep
|
|t:|1647254497
|switch|p2a: 메타몽|Ditto|76/100
|-transform|p2a: 메타몽|p1a: Calyrex|[from] ability: Imposter
|turn|32
|
|t:|1647254501
|move|p2a: 메타몽|Astral Barrage|p1a: Calyrex
|-supereffective|p1a: Calyrex
|-enditem|p1a: Calyrex|Focus Sash
|-damage|p1a: Calyrex|1/100
|move|p1a: Calyrex|Astral Barrage|p2a: 메타몽
|-supereffective|p2a: 메타몽
|-damage|p2a: 메타몽|0 fnt
|faint|p2a: 메타몽
|
|upkeep
|c|☆iHaveAsthma|gg wp
|-message|IU dlwlrma forfeited.
|
|win|iHaveAsthma
|raw|iHaveAsthma's rating: 1682 &rarr; <strong>1710</strong><br />(+28 for winning)
|raw|IU dlwlrma's rating: 1825 &rarr; <strong>1797</strong><br />(-28 for losing)
|l|☆IU dlwlrma
