|j|☆Pkmn3443
|j|☆ThyKingCharles
|t:|1616023866
|player|p1|Pkmn3443|101|1943
|player|p2|ThyKingCharles|zinnia|1726
|teamsize|p1|6
|teamsize|p2|6
|gametype|singles
|gen|8
|tier|[Gen 8] National Dex AG
|rated|
|clearpoke
|poke|p1|Zacian-Crowned|
|poke|p1|Necrozma-Dusk-Mane|
|poke|p1|Ditto|
|poke|p1|Ho-Oh|
|poke|p1|Rayquaza|
|poke|p1|Yveltal|
|poke|p2|Rayquaza|
|poke|p2|Arceus-*|
|poke|p2|Yveltal|
|poke|p2|Zacian-Crowned|
|poke|p2|Necrozma-Dusk-Mane|
|poke|p2|Marshadow|
|rule|HP Percentage Mod: HP is shown in percentages
|rule|Endless Battle Clause: Forcing endless battles is banned
|teampreview
|
|t:|1616023886
|start
|switch|p1a: Rayquaza|Rayquaza|100/100
|switch|p2a: Arceus|Arceus|100/100
|-ability|p1a: Rayquaza|Air Lock
|turn|1
|
|t:|1616023901
|detailschange|p1a: Rayquaza|Rayquaza-Mega
|-mega|p1a: Rayquaza|Rayquaza|
|-weather|DeltaStream|[from] ability: Delta Stream|[of] p1a: Rayquaza
|move|p2a: Arceus|Extreme Speed|p1a: Rayquaza
|-damage|p1a: Rayquaza|51/100
|move|p1a: Rayquaza|Draco Meteor|p2a: Arceus|[miss]
|-miss|p1a: Rayquaza|p2a: Arceus
|
|-weather|DeltaStream|[upkeep]
|upkeep
|turn|2
|
|t:|1616023906
|-weather|none
|switch|p1a: Zacian|Zacian-Crowned|100/100
|-ability|p1a: Zacian|Intrepid Sword|boost
|-boost|p1a: Zacian|atk|1
|move|p2a: Arceus|Extreme Speed|p1a: Zacian
|-resisted|p1a: Zacian
|-damage|p1a: Zacian|81/100
|
|upkeep
|turn|3
|
|t:|1616023910
|move|p1a: Zacian|Close Combat|p2a: Arceus
|-supereffective|p2a: Arceus
|-enditem|p2a: Arceus|Chople Berry|[eat]
|-enditem|p2a: Arceus|Chople Berry|[weaken]
|-damage|p2a: Arceus|43/100
|-unboost|p1a: Zacian|def|1
|-unboost|p1a: Zacian|spd|1
|move|p2a: Arceus|Earthquake|p1a: Zacian
|-supereffective|p1a: Zacian
|-damage|p1a: Zacian|0 fnt
|faint|p1a: Zacian
|
|upkeep
|
|t:|1616023915
|switch|p1a: Necrozma|Necrozma-Dusk-Mane|100/100
|turn|4
|
|t:|1616023920
|move|p2a: Arceus|Earthquake|p1a: Necrozma
|-supereffective|p1a: Necrozma
|-damage|p1a: Necrozma|72/100
|move|p1a: Necrozma|Stealth Rock|p2a: Arceus
|-sidestart|p2: ThyKingCharles|move: Stealth Rock
|
|upkeep
|turn|5
|
|t:|1616023924
|move|p2a: Arceus|Earthquake|p1a: Necrozma
|-supereffective|p1a: Necrozma
|-damage|p1a: Necrozma|38/100
|move|p1a: Necrozma|Morning Sun|p1a: Necrozma
|-heal|p1a: Necrozma|88/100
|
|upkeep
|turn|6
|
|t:|1616023929
|switch|p2a: Yveltal|Yveltal|100/100
|-ability|p2a: Yveltal|Dark Aura
|move|p1a: Necrozma|Sunsteel Strike|p2a: Yveltal
|-damage|p2a: Yveltal|48/100
|
|upkeep
|turn|7
|j| Jefff 369421 ★❤❤️
|j| Beatboxing_Phantom
|j| alwaysrinse
|
|t:|1616023938
|switch|p1a: Ho-Oh|Ho-Oh|100/100
|move|p2a: Yveltal|Defog|p1a: Ho-Oh
|-unboost|p1a: Ho-Oh|evasion|1
|-sideend|p2: ThyKingCharles|Stealth Rock|[from] move: Defog|[of] p2a: Yveltal
|
|upkeep
|turn|8
|c| alwaysrinse|zacian suxcks
|
|t:|1616023943
|switch|p2a: Arceus|Arceus|43/100
|move|p1a: Ho-Oh|Sacred Fire|p2a: Arceus
|-damage|p2a: Arceus|14/100
|
|upkeep
|turn|9
|c| alwaysrinse|no calyrex on either side
|
|t:|1616023948
|move|p2a: Arceus|Extreme Speed|p1a: Ho-Oh
|-damage|p1a: Ho-Oh|68/100
|move|p1a: Ho-Oh|Sacred Fire|p2a: Arceus
|-damage|p2a: Arceus|0 fnt
|faint|p2a: Arceus
|
|upkeep
|
|t:|1616023953
|switch|p2a: Marshadow|Marshadow|100/100
|turn|10
|
|t:|1616023956
|switch|p1a: Necrozma|Necrozma-Dusk-Mane|88/100
|move|p2a: Marshadow|Rock Tomb|p1a: Necrozma
|-resisted|p1a: Necrozma
|-damage|p1a: Necrozma|80/100
|-unboost|p1a: Necrozma|spe|1
|
|upkeep
|turn|11
|c| alwaysrinse|that chople
|
|t:|1616023964
|switch|p2a: Necrozma|Necrozma-Dusk-Mane|100/100
|move|p1a: Necrozma|Morning Sun|p1a: Necrozma
|-heal|p1a: Necrozma|100/100
|
|upkeep
|turn|12
|c| alwaysrinse|does the arc pack recover
|c| Beatboxing_Phantom|oeuf
|
|t:|1616023970
|move|p2a: Necrozma|Dragon Dance|p2a: Necrozma
|-boost|p2a: Necrozma|atk|1
|-boost|p2a: Necrozma|spe|1
|move|p1a: Necrozma|Stealth Rock|p2a: Necrozma
|-sidestart|p2: ThyKingCharles|move: Stealth Rock
|
|upkeep
|turn|13
|
|t:|1616023979
|switch|p1a: Ho-Oh|Ho-Oh|100/100
|move|p2a: Necrozma|Dragon Dance|p2a: Necrozma
|-boost|p2a: Necrozma|atk|1
|-boost|p2a: Necrozma|spe|1
|
|upkeep
|turn|14
|c| Beatboxing_Phantom|dont ask..
|
|t:|1616023986
|detailschange|p2a: Necrozma|Necrozma-Ultra
|-burst|p2a: Necrozma|Necrozma|Ultranecrozium Z
|move|p2a: Necrozma|Photon Geyser|p1a: Ho-Oh
|-damage|p1a: Ho-Oh|11/100
|move|p1a: Ho-Oh|Sacred Fire|p2a: Necrozma
|-resisted|p2a: Necrozma
|-damage|p2a: Necrozma|78/100
|-status|p2a: Necrozma|brn
|
|-damage|p2a: Necrozma|72/100 brn|[from] brn
|upkeep
|turn|15
|
|t:|1616023990
|switch|p2a: Yveltal|Yveltal|48/100
|-ability|p2a: Yveltal|Dark Aura
|switch|p1a: Necrozma|Necrozma-Dusk-Mane|100/100
|
|upkeep
|turn|16
|
|t:|1616023995
|-start|p2a: Yveltal|Dynamax
|-heal|p2a: Yveltal|48/100|[silent]
|move|p2a: Yveltal|Max Airstream|p1a: Necrozma
|-resisted|p1a: Necrozma
|-damage|p1a: Necrozma|70/100
|-boost|p2a: Yveltal|spe|1
|move|p1a: Necrozma|Sunsteel Strike|p2a: Yveltal
|-damage|p2a: Yveltal|23/100
|
|upkeep
|turn|17
|c| alwaysrinse|I think its funny when ndm sets up
|c| Beatboxing_Phantom|y
|
|t:|1616024006
|switch|p1a: Ho-Oh|Ho-Oh|44/100
|move|p2a: Yveltal|Max Darkness|p1a: Ho-Oh
|-damage|p1a: Ho-Oh|0 fnt
|faint|p1a: Ho-Oh
|
|upkeep
|
|t:|1616024009
|switch|p1a: Yveltal|Yveltal|100/100
|-ability|p1a: Yveltal|Dark Aura
|turn|18
|
|t:|1616024015
|-start|p1a: Yveltal|Dynamax
|-heal|p1a: Yveltal|100/100|[silent]
|move|p2a: Yveltal|Max Guard|p2a: Yveltal
|-singleturn|p2a: Yveltal|Max Guard
|move|p1a: Yveltal|Max Airstream|p2a: Yveltal
|-activate|p2a: Yveltal|move: Max Guard
|
|-end|p2a: Yveltal|Dynamax
|-heal|p2a: Yveltal|23/100|[silent]
|upkeep
|turn|19
|
|t:|1616024017
|move|p2a: Yveltal|Defog|p1a: Yveltal
|-unboost|p1a: Yveltal|evasion|1
|-sideend|p2: ThyKingCharles|Stealth Rock|[from] move: Defog|[of] p2a: Yveltal
|move|p1a: Yveltal|Max Airstream|p2a: Yveltal
|-damage|p2a: Yveltal|0 fnt
|-boost|p1a: Yveltal|spe|1
|-damage|p1a: Yveltal|96/100|[from] item: Life Orb
|faint|p2a: Yveltal
|
|upkeep
|c| Beatboxing_Phantom|now u die
|
|t:|1616024023
|switch|p2a: Necrozma|Necrozma-Ultra|72/100 brn
|turn|20
|
|t:|1616024026
|move|p1a: Yveltal|Max Darkness|p2a: Necrozma
|-supereffective|p2a: Necrozma
|-damage|p2a: Necrozma|0 fnt
|-damage|p1a: Yveltal|91/100|[from] item: Life Orb
|faint|p2a: Necrozma
|
|-end|p1a: Yveltal|Dynamax
|-heal|p1a: Yveltal|91/100|[silent]
|upkeep
|
|t:|1616024028
|switch|p2a: Zacian|Zacian-Crowned|100/100
|-ability|p2a: Zacian|Intrepid Sword|boost
|-boost|p2a: Zacian|atk|1
|turn|21
|
|t:|1616024034
|move|p1a: Yveltal|Heat Wave|p2a: Zacian
|-supereffective|p2a: Zacian
|-damage|p2a: Zacian|13/100
|-damage|p1a: Yveltal|81/100|[from] item: Life Orb
|move|p2a: Zacian|Behemoth Blade|p1a: Yveltal
|-crit|p1a: Yveltal
|-damage|p1a: Yveltal|0 fnt
|faint|p1a: Yveltal
|
|upkeep
|c| Beatboxing_Phantom|:O
|
|t:|1616024043
|switch|p1a: Ditto|Ditto|100/100
|-transform|p1a: Ditto|p2a: Zacian|[from] ability: Imposter
|-ability|p1a: Ditto|Intrepid Sword|boost
|-boost|p1a: Ditto|atk|1
|turn|22
|
|t:|1616024049
|move|p1a: Ditto|Behemoth Blade|p2a: Zacian
|-damage|p2a: Zacian|0 fnt
|faint|p2a: Zacian
|
|upkeep
|
|t:|1616024055
|switch|p2a: Marshadow|Marshadow|100/100
|turn|23
|c| alwaysrinse|why not use ray there
|c| alwaysrinse|why use ditto
|
|t:|1616024067
|switch|p1a: Rayquaza|Rayquaza-Mega|51/100
|-weather|DeltaStream|[from] ability: Delta Stream|[of] p1a: Rayquaza
|move|p2a: Marshadow|Spectral Thief|p1a: Rayquaza
|-damage|p1a: Rayquaza|0 fnt
|faint|p1a: Rayquaza
|-weather|none
|
|upkeep
|
|t:|1616024070
|switch|p1a: Necrozma|Necrozma-Dusk-Mane|70/100
|turn|24
|c| alwaysrinse|I guess physdef ndm is a marsh check
|c| alwaysrinse|WHY
|
|t:|1616024073
|move|p2a: Marshadow|Spectral Thief|p1a: Necrozma
|-supereffective|p1a: Necrozma
|-damage|p1a: Necrozma|33/100
|-damage|p2a: Marshadow|84/100|[from] item: Rocky Helmet|[of] p1a: Necrozma
|move|p1a: Necrozma|Morning Sun|p1a: Necrozma
|-heal|p1a: Necrozma|83/100
|
|upkeep
|turn|25
|c| alwaysrinse|WHY DID YOU SACK RAY WTF
|
|t:|1616024082
|switch|p2a: Rayquaza|Rayquaza|100/100
|-ability|p2a: Rayquaza|Air Lock
|move|p1a: Necrozma|Morning Sun|p1a: Necrozma
|-heal|p1a: Necrozma|100/100
|
|upkeep
|turn|26
|c| alwaysrinse|oh nec had 70 only
|
|t:|1616024087
|detailschange|p2a: Rayquaza|Rayquaza-Mega
|-mega|p2a: Rayquaza|Rayquaza|
|-weather|DeltaStream|[from] ability: Delta Stream|[of] p2a: Rayquaza
|move|p2a: Rayquaza|Earthquake|p1a: Necrozma
|-supereffective|p1a: Necrozma
|-damage|p1a: Necrozma|45/100
|-damage|p2a: Rayquaza|91/100|[from] item: Life Orb
|move|p1a: Necrozma|Stealth Rock|p2a: Rayquaza
|-sidestart|p2: ThyKingCharles|move: Stealth Rock
|
|-weather|DeltaStream|[upkeep]
|upkeep
|turn|27
|
|t:|1616024094
|move|p2a: Rayquaza|Earthquake|p1a: Necrozma
|-supereffective|p1a: Necrozma
|-damage|p1a: Necrozma|0 fnt
|-damage|p2a: Rayquaza|81/100|[from] item: Life Orb
|faint|p1a: Necrozma
|
|-weather|DeltaStream|[upkeep]
|upkeep
|
|t:|1616024097
|switch|p1a: Ditto|Ditto|100/100
|-transform|p1a: Ditto|p2a: Rayquaza|[from] ability: Imposter
|turn|28
|
|t:|1616024100
|move|p2a: Rayquaza|Extreme Speed|p1a: Ditto
|-damage|p1a: Ditto|38/100
|-damage|p2a: Rayquaza|71/100|[from] item: Life Orb
|move|p1a: Ditto|Dragon Ascent|p2a: Rayquaza
|-damage|p2a: Rayquaza|0 fnt
|-unboost|p1a: Ditto|def|1
|-unboost|p1a: Ditto|spd|1
|faint|p2a: Rayquaza
|
|-weather|DeltaStream|[upkeep]
|upkeep
|
|t:|1616024103
|switch|p2a: Marshadow|Marshadow|84/100
|-damage|p2a: Marshadow|78/100|[from] Stealth Rock
|turn|29
|c| alwaysrinse|why rocks there
|
|t:|1616024105
|move|p2a: Marshadow|Shadow Sneak|p1a: Ditto
|-damage|p1a: Ditto|0 fnt
|faint|p1a: Ditto
|-weather|none
|
|win|ThyKingCharles
|raw|Pkmn3443's rating: 1943 &rarr; <strong>1918</strong><br />(-25 for losing)
|raw|ThyKingCharles's rating: 1726 &rarr; <strong>1751</strong><br />(+25 for winning)
|c| alwaysrinse|what was that
|c|☆ThyKingCharles|gg
