|j|☆Pkmn3443
|j|☆BigDuckie
|t:|1616436530
|player|p1|Pkmn3443|1|1905
|player|p2|BigDuckie|clair|1674
|teamsize|p1|6
|teamsize|p2|6
|gametype|singles
|gen|8
|tier|[Gen 8] National Dex AG
|rated|
|clearpoke
|poke|p1|Zacian-Crowned|
|poke|p1|Necrozma-Dusk-Mane|
|poke|p1|Ditto|
|poke|p1|Ho-Oh|
|poke|p1|Rayquaza|
|poke|p1|Yveltal|
|poke|p2|Necrozma-Dusk-Mane|
|poke|p2|Zygarde|
|poke|p2|Groudon|
|poke|p2|Yveltal|
|poke|p2|Rayquaza|
|poke|p2|Ditto|
|rule|HP Percentage Mod: HP is shown in percentages
|rule|Endless Battle Clause: Forcing endless battles is banned
|teampreview
|inactive|Battle timer is ON: inactive players will automatically lose when time's up. (requested by BigDuckie)
|inactive|Pkmn3443 has 120 seconds left.
|
|t:|1616436560
|start
|switch|p1a: Rayquaza|Rayquaza|100/100
|switch|p2a: Minty|Zygarde, shiny|100/100
|-ability|p1a: Rayquaza|Air Lock
|turn|1
|
|t:|1616436568
|detailschange|p1a: Rayquaza|Rayquaza-Mega
|-mega|p1a: Rayquaza|Rayquaza|
|-weather|DeltaStream|[from] ability: Delta Stream|[of] p1a: Rayquaza
|move|p1a: Rayquaza|Draco Meteor|p2a: Minty|[miss]
|-miss|p1a: Rayquaza|p2a: Minty
|move|p2a: Minty|Glare|p1a: Rayquaza
|-status|p1a: Rayquaza|par
|
|-weather|DeltaStream|[upkeep]
|upkeep
|turn|2
|
|t:|1616436577
|switch|p2a: Sol|Necrozma-Dusk-Mane|100/100
|move|p1a: Rayquaza|Draco Meteor|p2a: Sol
|-resisted|p2a: Sol
|-damage|p2a: Sol|64/100
|-unboost|p1a: Rayquaza|spa|2
|-damage|p1a: Rayquaza|91/100 par|[from] item: Life Orb
|
|-weather|DeltaStream|[upkeep]
|upkeep
|turn|3
|
|t:|1616436585
|switch|p2a: Godzilla|Groudon|100/100
|detailschange|p2a: Godzilla|Groudon-Primal
|-primal|p2a: Godzilla
|-weather|DesolateLand|[from] ability: Desolate Land|[of] p2a: Godzilla
|move|p1a: Rayquaza|V-create|p2a: Godzilla
|-resisted|p2a: Godzilla
|-damage|p2a: Godzilla|55/100
|-unboost|p1a: Rayquaza|spe|1
|-unboost|p1a: Rayquaza|def|1
|-unboost|p1a: Rayquaza|spd|1
|-damage|p1a: Rayquaza|81/100 par|[from] item: Life Orb
|
|-weather|DesolateLand|[upkeep]
|upkeep
|turn|4
|
|t:|1616436594
|move|p2a: Godzilla|Stealth Rock|p1a: Rayquaza
|-sidestart|p1: Pkmn3443|move: Stealth Rock
|move|p1a: Rayquaza|Draco Meteor|p2a: Godzilla
|-damage|p2a: Godzilla|22/100
|-unboost|p1a: Rayquaza|spa|2
|-damage|p1a: Rayquaza|71/100 par|[from] item: Life Orb
|
|-weather|DesolateLand|[upkeep]
|upkeep
|turn|5
|
|t:|1616436601
|cant|p1a: Rayquaza|par
|move|p2a: Godzilla|Toxic||[still]
|-fail|p2a: Godzilla
|
|-weather|DesolateLand|[upkeep]
|upkeep
|turn|6
|
|t:|1616436624
|-weather|none
|switch|p2a: Minty|Zygarde, shiny|100/100
|move|p1a: Rayquaza|Extreme Speed|p2a: Minty
|-damage|p2a: Minty|75/100
|-damage|p1a: Rayquaza|61/100 par|[from] item: Life Orb
|
|-heal|p2a: Minty|81/100|[from] item: Leftovers
|upkeep
|turn|7
|
|t:|1616436629
|move|p2a: Minty|Substitute|p2a: Minty
|-start|p2a: Minty|Substitute
|-damage|p2a: Minty|56/100
|move|p1a: Rayquaza|Draco Meteor|p2a: Minty
|-supereffective|p2a: Minty
|-end|p2a: Minty|Substitute
|-unboost|p1a: Rayquaza|spa|2
|-damage|p1a: Rayquaza|51/100 par|[from] item: Life Orb
|
|-heal|p2a: Minty|63/100|[from] item: Leftovers
|upkeep
|turn|8
|
|t:|1616436646
|switch|p1a: Ho-Oh|Ho-Oh|100/100
|move|p2a: Minty|Substitute|p2a: Minty
|-start|p2a: Minty|Substitute
|-damage|p2a: Minty|38/100
|
|-heal|p2a: Minty|44/100|[from] item: Leftovers
|-activate|p2a: Minty|ability: Power Construct
|detailschange|p2a: Minty|Zygarde-Complete, shiny
|-heal|p2a: Minty|63/100|[silent]
|upkeep
|turn|9
|
|t:|1616436655
|move|p1a: Ho-Oh|Defog|p2a: Minty
|-sideend|p1: Pkmn3443|Stealth Rock|[from] move: Defog|[of] p1a: Ho-Oh
|move|p2a: Minty|Glare|p1a: Ho-Oh
|-status|p1a: Ho-Oh|par
|
|-heal|p2a: Minty|70/100|[from] item: Leftovers
|upkeep
|turn|10
|
|t:|1616436661
|move|p2a: Minty|Coil|p2a: Minty
|-boost|p2a: Minty|atk|1
|-boost|p2a: Minty|def|1
|-boost|p2a: Minty|accuracy|1
|cant|p1a: Ho-Oh|par
|
|-heal|p2a: Minty|76/100|[from] item: Leftovers
|upkeep
|turn|11
|
|t:|1616436668
|move|p2a: Minty|Thousand Arrows|p1a: Ho-Oh
|-damage|p1a: Ho-Oh|67/100 par
|-start|p1a: Ho-Oh|Smack Down
|move|p1a: Ho-Oh|Whirlwind|p2a: Minty
|drag|p2a: Ditto|Ditto|100/100
|-transform|p2a: Ditto|p1a: Ho-Oh|[from] ability: Imposter
|
|upkeep
|turn|12
|
|t:|1616436684
|switch|p2a: Sol|Necrozma-Dusk-Mane|64/100
|cant|p1a: Ho-Oh|par
|
|upkeep
|turn|13
|
|t:|1616436688
|switch|p1a: Necrozma|Necrozma-Dusk-Mane|100/100
|move|p2a: Sol|Knock Off|p1a: Necrozma
|-supereffective|p1a: Necrozma
|-damage|p1a: Necrozma|70/100
|-damage|p2a: Sol|47/100|[from] item: Rocky Helmet|[of] p1a: Necrozma
|-enditem|p1a: Necrozma|Rocky Helmet|[from] move: Knock Off|[of] p2a: Sol
|
|upkeep
|turn|14
|
|t:|1616436696
|switch|p2a: Minty|Zygarde-Complete, shiny|76/100
|move|p1a: Necrozma|Stealth Rock|p2a: Minty
|-sidestart|p2: BigDuckie|move: Stealth Rock
|
|-heal|p2a: Minty|82/100|[from] item: Leftovers
|upkeep
|turn|15
|
|t:|1616436704
|switch|p1a: Ho-Oh|Ho-Oh|99/100 par
|move|p2a: Minty|Coil|p2a: Minty
|-boost|p2a: Minty|atk|1
|-boost|p2a: Minty|def|1
|-boost|p2a: Minty|accuracy|1
|
|-heal|p2a: Minty|88/100|[from] item: Leftovers
|upkeep
|turn|16
|
|t:|1616436714
|move|p2a: Minty|Thousand Arrows|p1a: Ho-Oh
|-damage|p1a: Ho-Oh|66/100 par
|-start|p1a: Ho-Oh|Smack Down
|move|p1a: Ho-Oh|Whirlwind|p2a: Minty
|drag|p2a: Godzilla|Groudon-Primal|22/100
|-damage|p2a: Godzilla|10/100|[from] Stealth Rock
|-weather|DesolateLand|[from] ability: Desolate Land|[of] p2a: Godzilla
|
|-weather|DesolateLand|[upkeep]
|upkeep
|turn|17
|
|t:|1616436721
|move|p2a: Godzilla|Precipice Blades|p1a: Ho-Oh|[miss]
|-miss|p2a: Godzilla|p1a: Ho-Oh
|move|p1a: Ho-Oh|Sacred Fire|p2a: Godzilla
|-resisted|p2a: Godzilla
|-damage|p2a: Godzilla|0 fnt
|faint|p2a: Godzilla
|-weather|none
|
|upkeep
|
|t:|1616436732
|switch|p2a: Bacon Birb|Yveltal, shiny|100/100
|-ability|p2a: Bacon Birb|Dark Aura
|turn|18
|
|t:|1616436738
|switch|p1a: Zacian|Zacian-Crowned|100/100
|-ability|p1a: Zacian|Intrepid Sword|boost
|-boost|p1a: Zacian|atk|1
|move|p2a: Bacon Birb|Defog|p1a: Zacian
|-unboost|p1a: Zacian|evasion|1
|-sideend|p2: BigDuckie|Stealth Rock|[from] move: Defog|[of] p2a: Bacon Birb
|
|upkeep
|turn|19
|
|t:|1616436751
|move|p1a: Zacian|Behemoth Blade|p2a: Bacon Birb
|-damage|p2a: Bacon Birb|21/100
|move|p2a: Bacon Birb|Snarl|p1a: Zacian
|-resisted|p1a: Zacian
|-crit|p1a: Zacian
|-damage|p1a: Zacian|78/100
|-unboost|p1a: Zacian|spa|1
|
|upkeep
|turn|20
|
|t:|1616436759
|move|p1a: Zacian|Behemoth Blade|p2a: Bacon Birb
|-damage|p2a: Bacon Birb|0 fnt
|faint|p2a: Bacon Birb
|
|upkeep
|
|t:|1616436762
|switch|p2a: Ditto|Ditto|100/100
|-transform|p2a: Ditto|p1a: Zacian|[from] ability: Imposter
|-ability|p2a: Ditto|Intrepid Sword|boost
|-boost|p2a: Ditto|atk|1
|turn|21
|
|t:|1616436775
|move|p2a: Ditto|Behemoth Blade|p1a: Zacian
|-damage|p1a: Zacian|0 fnt
|faint|p1a: Zacian
|
|upkeep
|
|t:|1616436780
|switch|p1a: Necrozma|Necrozma-Dusk-Mane|70/100
|turn|22
|
|t:|1616436799
|switch|p2a: Sol|Necrozma-Dusk-Mane|47/100
|move|p1a: Necrozma|Stealth Rock|p2a: Sol
|-sidestart|p2: BigDuckie|move: Stealth Rock
|
|upkeep
|turn|23
|
|t:|1616436806
|move|p1a: Necrozma|Knock Off|p2a: Sol
|-supereffective|p2a: Sol
|-damage|p2a: Sol|18/100
|-damage|p1a: Necrozma|53/100|[from] item: Rocky Helmet|[of] p2a: Sol
|-enditem|p2a: Sol|Rocky Helmet|[from] move: Knock Off|[of] p1a: Necrozma
|move|p2a: Sol|Stealth Rock|p1a: Necrozma
|-sidestart|p1: Pkmn3443|move: Stealth Rock
|
|upkeep
|turn|24
|
|t:|1616436817
|move|p1a: Necrozma|Knock Off|p2a: Sol
|-supereffective|p2a: Sol
|-damage|p2a: Sol|0 fnt
|faint|p2a: Sol
|
|upkeep
|
|t:|1616436827
|switch|p2a: Minty|Zygarde-Complete, shiny|88/100
|-damage|p2a: Minty|82/100|[from] Stealth Rock
|turn|25
|
|t:|1616436832
|switch|p1a: Ho-Oh|Ho-Oh|99/100 par
|move|p2a: Minty|Thousand Arrows|p1a: Ho-Oh
|-damage|p1a: Ho-Oh|77/100 par
|-start|p1a: Ho-Oh|Smack Down
|
|-heal|p2a: Minty|88/100|[from] item: Leftovers
|upkeep
|turn|26
|
|t:|1616436845
|-start|p2a: Minty|Dynamax
|-heal|p2a: Minty|88/100|[silent]
|move|p2a: Minty|Max Quake|p1a: Ho-Oh
|-supereffective|p1a: Ho-Oh
|-damage|p1a: Ho-Oh|8/100 par
|-boost|p2a: Minty|spd|1
|move|p1a: Ho-Oh|Toxic|p2a: Minty
|-status|p2a: Minty|tox
|
|-heal|p2a: Minty|91/100 tox|[from] item: Leftovers
|-damage|p2a: Minty|88/100 tox|[from] psn
|upkeep
|turn|27
|
|t:|1616436856
|switch|p1a: Yveltal|Yveltal|100/100
|-damage|p1a: Yveltal|76/100|[from] Stealth Rock
|-ability|p1a: Yveltal|Dark Aura
|move|p2a: Minty|Max Quake|p1a: Yveltal
|-immune|p1a: Yveltal
|
|-heal|p2a: Minty|91/100 tox|[from] item: Leftovers
|-damage|p2a: Minty|85/100 tox|[from] psn
|upkeep
|turn|28
|
|t:|1616436862
|move|p2a: Minty|Max Guard|p2a: Minty
|-singleturn|p2a: Minty|Max Guard
|move|p1a: Yveltal|Knock Off|p2a: Minty
|-activate|p2a: Minty|move: Max Guard
|
|-heal|p2a: Minty|88/100 tox|[from] item: Leftovers
|-damage|p2a: Minty|79/100 tox|[from] psn
|-end|p2a: Minty|Dynamax
|-heal|p2a: Minty|79/100 tox|[silent]
|upkeep
|turn|29
|
|t:|1616436869
|move|p1a: Yveltal|Taunt|p2a: Minty
|-start|p2a: Minty|move: Taunt
|cant|p2a: Minty|move: Taunt|Coil
|
|-heal|p2a: Minty|85/100 tox|[from] item: Leftovers
|-damage|p2a: Minty|60/100 tox|[from] psn
|upkeep
|turn|30
|
|t:|1616436879
|-start|p1a: Yveltal|Dynamax
|-heal|p1a: Yveltal|76/100|[silent]
|move|p1a: Yveltal|Max Airstream|p2a: Minty
|-damage|p2a: Minty|27/100 tox
|-boost|p1a: Yveltal|spe|1
|-damage|p1a: Yveltal|71/100|[from] item: Life Orb
|move|p2a: Minty|Thousand Arrows|p1a: Yveltal
|-damage|p1a: Yveltal|55/100
|-start|p1a: Yveltal|Smack Down
|
|-heal|p2a: Minty|33/100 tox|[from] item: Leftovers
|-damage|p2a: Minty|2/100 tox|[from] psn
|upkeep
|turn|31
|j| Makaai(pokechamp)
|inactive|BigDuckie has 120 seconds left.
|
|t:|1616436920
|move|p1a: Yveltal|Max Airstream|p2a: Minty
|-damage|p2a: Minty|0 fnt
|-boost|p1a: Yveltal|spe|1
|-damage|p1a: Yveltal|50/100|[from] item: Life Orb
|faint|p2a: Minty
|
|upkeep
|
|t:|1616436932
|switch|p2a: Ditto|Ditto|100/100
|-damage|p2a: Ditto|88/100|[from] Stealth Rock
|-transform|p2a: Ditto|p1a: Yveltal|[from] ability: Imposter
|-ability|p2a: Ditto|Dark Aura
|turn|32
|
|t:|1616436939
|move|p2a: Ditto|Oblivion Wing|p1a: Yveltal
|-crit|p1a: Yveltal
|-damage|p1a: Yveltal|23/100
|-heal|p2a: Ditto|100/100|[from] drain|[of] p1a: Yveltal
|move|p1a: Yveltal|Max Airstream|p2a: Ditto
|-damage|p2a: Ditto|0 fnt
|-boost|p1a: Yveltal|spe|1
|-damage|p1a: Yveltal|18/100|[from] item: Life Orb
|faint|p2a: Ditto
|
|-end|p1a: Yveltal|Dynamax
|-heal|p1a: Yveltal|18/100|[silent]
|upkeep
|
|t:|1616436945
|switch|p2a: Rayquaza|Rayquaza|100/100
|-damage|p2a: Rayquaza|76/100|[from] Stealth Rock
|-ability|p2a: Rayquaza|Air Lock
|turn|33
|inactive|BigDuckie has 120 seconds left.
|
|t:|1616436960
|move|p2a: Rayquaza|Extreme Speed|p1a: Yveltal
|-damage|p1a: Yveltal|0 fnt
|faint|p1a: Yveltal
|
|upkeep
|
|t:|1616436971
|switch|p1a: Necrozma|Necrozma-Dusk-Mane|53/100
|-damage|p1a: Necrozma|47/100|[from] Stealth Rock
|turn|34
|inactive|BigDuckie has 120 seconds left.
|
|t:|1616436989
|move|p2a: Rayquaza|Dragon Dance|p2a: Rayquaza
|-boost|p2a: Rayquaza|atk|1
|-boost|p2a: Rayquaza|spe|1
|move|p1a: Necrozma|Sunsteel Strike|p2a: Rayquaza
|-damage|p2a: Rayquaza|13/100
|
|upkeep
|turn|35
|
|t:|1616436997
|detailschange|p2a: Rayquaza|Rayquaza-Mega
|-mega|p2a: Rayquaza|Rayquaza|
|-weather|DeltaStream|[from] ability: Delta Stream|[of] p2a: Rayquaza
|move|p2a: Rayquaza|V-create|p1a: Necrozma
|-supereffective|p1a: Necrozma
|-damage|p1a: Necrozma|0 fnt
|-unboost|p2a: Rayquaza|spe|1
|-unboost|p2a: Rayquaza|def|1
|-unboost|p2a: Rayquaza|spd|1
|faint|p1a: Necrozma
|
|-weather|DeltaStream|[upkeep]
|upkeep
|
|t:|1616437006
|switch|p1a: Ditto|Ditto|100/100
|-damage|p1a: Ditto|88/100|[from] Stealth Rock
|-transform|p1a: Ditto|p2a: Rayquaza|[from] ability: Imposter
|turn|36
|
|t:|1616437012
|move|p1a: Ditto|Extreme Speed|p2a: Rayquaza
|-damage|p2a: Rayquaza|0 fnt
|faint|p2a: Rayquaza
|
|win|Pkmn3443
|raw|Pkmn3443's rating: 1905 &rarr; <strong>1913</strong><br />(+8 for winning)
|raw|BigDuckie's rating: 1674 &rarr; <strong>1666</strong><br />(-8 for losing)
|l|☆BigDuckie
