|j|☆penguinsingh337
|j|☆Ussolando
|t:|1663219604
|gametype|singles
|player|p1|penguinsingh337|2|1541
|player|p2|Ussolando|karen|1523
|teamsize|p1|6
|teamsize|p2|6
|gen|8
|tier|[Gen 8] National Dex AG
|rated|
|rule|HP Percentage Mod: HP is shown in percentages
|rule|Endless Battle Clause: Forcing endless battles is banned
|clearpoke
|poke|p1|Rayquaza|
|poke|p1|Necrozma-Dusk-Mane|
|poke|p1|Ferrothorn, F|
|poke|p1|Arceus-*|
|poke|p1|Yveltal|
|poke|p1|Zacian-*|
|poke|p2|Kyogre|
|poke|p2|Galvantula, M|
|poke|p2|Greninja, M|
|poke|p2|Ditto|
|poke|p2|Jirachi|
|poke|p2|Clefable, F|
|teampreview
|inactive|Battle timer is ON: inactive players will automatically lose when time's up. (requested by penguinsingh337)
|
|t:|1663219613
|start
|switch|p1a: Necrozma|Necrozma-Dusk-Mane|100/100
|switch|p2a: Galvantula|Galvantula, M, shiny|100/100
|turn|1
|
|t:|1663219618
|move|p2a: Galvantula|Sticky Web|p1a: Necrozma
|-sidestart|p1: penguinsingh337|move: Sticky Web
|move|p1a: Necrozma|Dragon Dance|p1a: Necrozma
|-boost|p1a: Necrozma|atk|1
|-boost|p1a: Necrozma|spe|1
|
|upkeep
|turn|2
|
|t:|1663219624
|move|p1a: Necrozma|Earthquake|p2a: Galvantula
|-enditem|p2a: Galvantula|Focus Sash
|-damage|p2a: Galvantula|1/100
|move|p2a: Galvantula|Thunder|p1a: Necrozma
|-damage|p1a: Necrozma|55/100
|
|upkeep
|turn|3
|
|t:|1663219630
|move|p1a: Necrozma|Earthquake|p2a: Galvantula
|-damage|p2a: Galvantula|0 fnt
|faint|p2a: Galvantula
|
|upkeep
|
|t:|1663219634
|switch|p2a: Ditto|Ditto, shiny|100/100
|-transform|p2a: Ditto|p1a: Necrozma|[from] ability: Imposter
|turn|4
|
|t:|1663219640
|-start|p1a: Necrozma|Dynamax|
|-heal|p1a: Necrozma|55/100|[silent]
|move|p2a: Ditto|Earthquake|p1a: Necrozma
|-supereffective|p1a: Necrozma
|-damage|p1a: Necrozma|13/100
|-enditem|p1a: Necrozma|Weakness Policy
|-boost|p1a: Necrozma|atk|2|[from] item: Weakness Policy
|-boost|p1a: Necrozma|spa|2|[from] item: Weakness Policy
|move|p1a: Necrozma|Max Quake|p2a: Ditto
|-supereffective|p2a: Ditto
|-damage|p2a: Ditto|0 fnt
|-boost|p1a: Necrozma|spd|1
|faint|p2a: Ditto
|
|upkeep
|
|t:|1663219647
|switch|p2a: Greninja|Greninja, M|100/100
|turn|5
|
|t:|1663219671
|switch|p2a: Clefable|Clefable, F, shiny|100/100
|move|p1a: Necrozma|Max Quake|p2a: Clefable
|-damage|p2a: Clefable|0 fnt
|-boost|p1a: Necrozma|spd|1
|faint|p2a: Clefable
|
|upkeep
|
|t:|1663219675
|switch|p2a: Jirachi|Jirachi, shiny|100/100
|turn|6
|
|t:|1663219684
|move|p1a: Necrozma|Max Quake|p2a: Jirachi
|-supereffective|p2a: Jirachi
|-crit|p2a: Jirachi
|-damage|p2a: Jirachi|0 fnt
|-boost|p1a: Necrozma|spd|1
|faint|p2a: Jirachi
|
|upkeep
|
|t:|1663219686
|switch|p2a: Greninja|Greninja, M|100/100
|-end|p1a: Necrozma|Dynamax
|-heal|p1a: Necrozma|13/100|[silent]
|turn|7
|
|t:|1663219693
|move|p2a: Greninja|Water Shuriken|p1a: Necrozma
|-damage|p1a: Necrozma|10/100
|-damage|p1a: Necrozma|7/100
|-damage|p1a: Necrozma|4/100
|-hitcount|p1a: Necrozma|3
|move|p1a: Necrozma|Earthquake|p2a: Greninja
|-damage|p2a: Greninja|0 fnt
|faint|p2a: Greninja
|
|upkeep
|-message|Ussolando forfeited.
|
|win|penguinsingh337
|raw|penguinsingh337's rating: 1541 &rarr; <strong>1560</strong><br />(+19 for winning)
|raw|Ussolando's rating: 1523 &rarr; <strong>1504</strong><br />(-19 for losing)
|l|☆Ussolando
