|j|☆niun
|j|☆chopforce8
|t:|1597610401
|player|p1|niun|102|1538
|player|p2|chopforce8|red|1666
|teamsize|p1|6
|teamsize|p2|6
|gametype|singles
|gen|8
|tier|[Gen 8] National Dex AG
|rated|
|clearpoke
|poke|p1|Espeon, M|
|poke|p1|Whimsicott, F|
|poke|p1|Eevee, F|
|poke|p1|Zygarde|
|poke|p1|Arceus-*|
|poke|p1|Gengar, M|
|poke|p2|Yveltal|
|poke|p2|Diancie|
|poke|p2|Arceus-*|
|poke|p2|Zacian-Crowned|
|poke|p2|Ditto|
|poke|p2|Groudon|
|rule|HP Percentage Mod: HP is shown in percentages
|rule|Endless Battle Clause: Forcing endless battles is banned
|teampreview
|
|t:|1597610410
|start
|switch|p1a: Arceus|Arceus|100/100
|switch|p2a: Comit|Diancie|100/100
|turn|1
|inactive|Battle timer is ON: inactive players will automatically lose when time's up. (requested by niun)
|
|t:|1597610421
|detailschange|p2a: Comit|Diancie-Mega
|-mega|p2a: Comit|Diancie|Diancite
|move|p2a: Comit|Diamond Storm|p1a: Arceus
|-damage|p1a: Arceus|66/100
|-boost|p2a: Comit|def|2
|move|p1a: Arceus|Earthquake|p2a: Comit
|-supereffective|p2a: Comit
|-damage|p2a: Comit|47/100
|
|upkeep
|turn|2
|
|t:|1597610429
|move|p2a: Comit|Diamond Storm|p1a: Arceus
|-damage|p1a: Arceus|29/100
|move|p1a: Arceus|Earthquake|p2a: Comit
|-supereffective|p2a: Comit
|-damage|p2a: Comit|0 fnt
|faint|p2a: Comit
|
|upkeep
|
|t:|1597610436
|switch|p2a: Fitbabe|Zacian-Crowned|100/100
|-ability|p2a: Fitbabe|Intrepid Sword|boost
|-boost|p2a: Fitbabe|atk|1
|turn|3
|
|t:|1597610441
|move|p2a: Fitbabe|Behemoth Blade|p1a: Arceus
|-damage|p1a: Arceus|0 fnt
|faint|p1a: Arceus
|
|upkeep
|
|t:|1597610446
|switch|p1a: Whimsicott|Whimsicott, F|100/100
|turn|4
|
|t:|1597610450
|switch|p2a: Darko|Yveltal|100/100
|-ability|p2a: Darko|Dark Aura
|move|p1a: Whimsicott|Tailwind|p1a: Whimsicott
|-sidestart|p1: niun|move: Tailwind
|
|upkeep
|turn|5
|
|t:|1597610459
|move|p1a: Whimsicott|Moonblast|p2a: Darko
|-supereffective|p2a: Darko
|-damage|p2a: Darko|35/100
|move|p2a: Darko|Dark Pulse|p1a: Whimsicott
|-resisted|p1a: Whimsicott
|-damage|p1a: Whimsicott|46/100
|-damage|p2a: Darko|25/100|[from] item: Life Orb
|
|upkeep
|turn|6
|
|t:|1597610467
|move|p2a: Darko|Sucker Punch|p1a: Whimsicott
|-resisted|p1a: Whimsicott
|-damage|p1a: Whimsicott|9/100
|-damage|p2a: Darko|15/100|[from] item: Life Orb
|move|p1a: Whimsicott|Moonblast|p2a: Darko
|-supereffective|p2a: Darko
|-damage|p2a: Darko|0 fnt
|faint|p2a: Darko
|
|upkeep
|
|t:|1597610476
|switch|p2a: Fitbabe|Zacian-Crowned|100/100
|-ability|p2a: Fitbabe|Intrepid Sword|boost
|-boost|p2a: Fitbabe|atk|1
|turn|7
|
|t:|1597610482
|move|p1a: Whimsicott|Memento|p2a: Fitbabe
|-unboost|p2a: Fitbabe|atk|2
|-unboost|p2a: Fitbabe|spa|2
|faint|p1a: Whimsicott
|move|p2a: Fitbabe|Quick Attack|p1: Whimsicott|[notarget]
|-fail|p2a: Fitbabe
|
|-sideend|p1: niun|move: Tailwind
|upkeep
|
|t:|1597610488
|switch|p1a: Eevee|Eevee, F|100/100
|-ability|p1a: Eevee|Anticipation
|turn|8
|
|t:|1597610493
|move|p2a: Fitbabe|Close Combat|p1a: Eevee
|-supereffective|p1a: Eevee
|-damage|p1a: Eevee|0 fnt
|-unboost|p2a: Fitbabe|def|1
|-unboost|p2a: Fitbabe|spd|1
|faint|p1a: Eevee
|
|upkeep
|
|t:|1597610499
|switch|p1a: Zygarde|Zygarde|100/100
|turn|9
|
|t:|1597610510
|switch|p2a: Tg|Arceus-Flying|100/100
|move|p1a: Zygarde|Glare|p2a: Tg
|-status|p2a: Tg|par
|
|upkeep
|turn|10
|
|t:|1597610516
|switch|p1a: Espeon|Espeon, M|100/100
|cant|p2a: Tg|par
|
|upkeep
|turn|11
|
|t:|1597610522
|-start|p2a: Tg|Dynamax
|-heal|p2a: Tg|100/100 par|[silent]
|move|p1a: Espeon|Calm Mind|p1a: Espeon
|-boost|p1a: Espeon|spa|1
|-boost|p1a: Espeon|spd|1
|move|p2a: Tg|Max Airstream|p1a: Espeon
|-damage|p1a: Espeon|53/100
|-boost|p2a: Tg|spe|1
|
|upkeep
|turn|12
|
|t:|1597610531
|cant|p2a: Tg|par
|move|p1a: Espeon|Morning Sun|p1a: Espeon
|-heal|p1a: Espeon|100/100
|
|upkeep
|turn|13
|
|t:|1597610538
|move|p2a: Tg|Max Airstream|p1a: Espeon
|-damage|p1a: Espeon|55/100
|-boost|p2a: Tg|spe|1
|move|p1a: Espeon|Morning Sun|p1a: Espeon
|-heal|p1a: Espeon|100/100
|
|-end|p2a: Tg|Dynamax
|-heal|p2a: Tg|100/100 par|[silent]
|upkeep
|turn|14
|
|t:|1597610548
|cant|p2a: Tg|par
|move|p1a: Espeon|Calm Mind|p1a: Espeon
|-boost|p1a: Espeon|spa|1
|-boost|p1a: Espeon|spd|1
|
|upkeep
|turn|15
|
|t:|1597610554
|move|p2a: Tg|Perish Song|p2a: Tg
|-start|p1a: Espeon|perish3|[silent]
|-start|p2a: Tg|perish3|[silent]
|-fieldactivate|move: Perish Song
|move|p1a: Espeon|Stored Power|p2a: Tg
|-damage|p2a: Tg|46/100 par
|
|-start|p2a: Tg|perish3
|-start|p1a: Espeon|perish3
|upkeep
|turn|16
|
|t:|1597610562
|move|p2a: Tg|Recover|p2a: Tg
|-heal|p2a: Tg|96/100 par
|move|p1a: Espeon|Stored Power|p2a: Tg
|-damage|p2a: Tg|38/100 par
|
|-start|p2a: Tg|perish2
|-start|p1a: Espeon|perish2
|upkeep
|turn|17
|
|t:|1597610570
|cant|p2a: Tg|par
|move|p1a: Espeon|Stored Power|p2a: Tg
|-damage|p2a: Tg|0 fnt
|faint|p2a: Tg
|
|-start|p1a: Espeon|perish1
|upkeep
|
|t:|1597610580
|switch|p2a: Marlo|Ditto|100/100
|-transform|p2a: Marlo|p1a: Espeon|[from] ability: Imposter
|turn|18
|
|t:|1597610595
|switch|p1a: Gengar|Gengar, M|100/100
|move|p2a: Marlo|Stored Power|p1a: Gengar
|-supereffective|p1a: Gengar
|-damage|p1a: Gengar|0 fnt
|faint|p1a: Gengar
|
|upkeep
|
|t:|1597610602
|switch|p1a: Espeon|Espeon, M|100/100
|turn|19
|
|t:|1597610605
|switch|p2a: Fitbabe|Zacian-Crowned|100/100
|-ability|p2a: Fitbabe|Intrepid Sword|boost
|-boost|p2a: Fitbabe|atk|1
|move|p1a: Espeon|Calm Mind|p1a: Espeon
|-boost|p1a: Espeon|spa|1
|-boost|p1a: Espeon|spd|1
|
|upkeep
|turn|20
|j| Key Rex
|
|t:|1597610612
|move|p2a: Fitbabe|Behemoth Blade|p1a: Espeon
|-damage|p1a: Espeon|6/100
|-enditem|p1a: Espeon|Aguav Berry|[eat]
|-heal|p1a: Espeon|39/100|[from] item: Aguav Berry
|move|p1a: Espeon|Stored Power|p2a: Fitbabe
|-resisted|p2a: Fitbabe
|-damage|p2a: Fitbabe|84/100
|
|upkeep
|turn|21
|
|t:|1597610620
|move|p2a: Fitbabe|Swords Dance|p2a: Fitbabe
|-boost|p2a: Fitbabe|atk|2
|move|p1a: Espeon|Stored Power|p2a: Fitbabe
|-resisted|p2a: Fitbabe
|-damage|p2a: Fitbabe|64/100
|
|upkeep
|turn|22
|-message|niun forfeited.
|
|win|chopforce8
|l|☆niun
|l|☆chopforce8
|raw|niun's rating: 1514 &rarr; <strong>1503</strong><br />(-11 for losing)
|raw|chopforce8's rating: 1680 &rarr; <strong>1691</strong><br />(+11 for winning)
