|j|☆agdp
|j|☆starkorea74
|t:|1640533530
|gametype|singles
|player|p1|agdp|101|1761
|player|p2|starkorea74|169|1898
|teamsize|p1|6
|teamsize|p2|6
|gen|8
|tier|[Gen 8] National Dex AG
|rated|
|rule|HP Percentage Mod: HP is shown in percentages
|rule|Endless Battle Clause: Forcing endless battles is banned
|clearpoke
|poke|p1|Zygarde|
|poke|p1|Eternatus|
|poke|p1|Necrozma-Dusk-Mane|
|poke|p1|Ditto|
|poke|p1|Arceus-*|
|poke|p1|Chansey, F|
|poke|p2|Groudon|
|poke|p2|Rayquaza|
|poke|p2|Arceus-*|
|poke|p2|Ho-Oh|
|poke|p2|Necrozma-Dusk-Mane|
|poke|p2|Yveltal|
|teampreview
|j| pokemasterbrendan
|
|t:|1640533560
|start
|switch|p1a: Necrozma|Necrozma-Dusk-Mane|100/100
|switch|p2a: Rayquaza|Rayquaza|100/100
|-ability|p2a: Rayquaza|Air Lock
|turn|1
|
|t:|1640533568
|detailschange|p2a: Rayquaza|Rayquaza-Mega
|-mega|p2a: Rayquaza|Rayquaza|
|-weather|DeltaStream|[from] ability: Delta Stream|[of] p2a: Rayquaza
|move|p2a: Rayquaza|V-create|p1a: Necrozma
|-supereffective|p1a: Necrozma
|-damage|p1a: Necrozma|0 fnt
|-unboost|p2a: Rayquaza|spe|1
|-unboost|p2a: Rayquaza|def|1
|-unboost|p2a: Rayquaza|spd|1
|-damage|p2a: Rayquaza|84/100|[from] item: Rocky Helmet|[of] p1a: Necrozma
|faint|p1a: Necrozma
|
|-weather|DeltaStream|[upkeep]
|upkeep
|
|t:|1640533584
|switch|p1a: Arceus|Arceus-Water|100/100
|turn|2
|
|t:|1640533596
|-weather|none
|switch|p2a: Necrozma|Necrozma-Dusk-Mane|100/100
|move|p1a: Arceus|Ice Beam|p2a: Necrozma
|-resisted|p2a: Necrozma
|-damage|p2a: Necrozma|91/100
|
|-heal|p2a: Necrozma|97/100|[from] item: Leftovers
|upkeep
|turn|3
|
|t:|1640533607
|move|p1a: Arceus|Whirlpool|p2a: Necrozma
|-damage|p2a: Necrozma|82/100
|-activate|p2a: Necrozma|move: Whirlpool|[of] p1a: Arceus
|move|p2a: Necrozma|Toxic|p1a: Arceus
|-status|p1a: Arceus|tox
|
|-heal|p2a: Necrozma|88/100|[from] item: Leftovers
|-damage|p1a: Arceus|94/100 tox|[from] psn
|-damage|p2a: Necrozma|76/100|[from] move: Whirlpool|[partiallytrapped]
|upkeep
|turn|4
|j| NoLackLuster
|
|t:|1640533622
|switch|p1a: Chansey|Chansey, F|100/100
|move|p2a: Necrozma|Stealth Rock|p1a: Chansey
|-sidestart|p1: agdp|move: Stealth Rock
|
|-heal|p2a: Necrozma|82/100|[from] item: Leftovers
|-end|p2a: Necrozma|Whirlpool|[partiallytrapped]|[silent]
|upkeep
|turn|5
|l| NoLackLuster
|
|t:|1640533630
|switch|p2a: Rayquaza|Rayquaza-Mega|84/100
|-weather|DeltaStream|[from] ability: Delta Stream|[of] p2a: Rayquaza
|move|p1a: Chansey|Wish|p1a: Chansey
|
|-weather|DeltaStream|[upkeep]
|upkeep
|turn|6
|
|t:|1640533640
|switch|p1a: Arceus|Arceus-Water|94/100 tox
|-damage|p1a: Arceus|82/100 tox|[from] Stealth Rock
|move|p2a: Rayquaza|Dragon Ascent|p1a: Arceus
|-damage|p1a: Arceus|0 fnt
|-unboost|p2a: Rayquaza|def|1
|-unboost|p2a: Rayquaza|spd|1
|faint|p1a: Arceus
|
|-weather|DeltaStream|[upkeep]
|upkeep
|
|t:|1640533652
|switch|p1a: Ditto|Ditto|100/100
|-damage|p1a: Ditto|88/100|[from] Stealth Rock
|-transform|p1a: Ditto|p2a: Rayquaza|[from] ability: Imposter
|turn|7
|
|t:|1640533660
|switch|p2a: Ho-Oh|Ho-Oh|100/100
|move|p1a: Ditto|Dragon Ascent|p2a: Ho-Oh
|-damage|p2a: Ho-Oh|41/100
|-unboost|p1a: Ditto|def|1
|-unboost|p1a: Ditto|spd|1
|
|-weather|DeltaStream|[upkeep]
|upkeep
|turn|8
|
|t:|1640533668
|switch|p2a: Necrozma|Necrozma-Dusk-Mane|82/100
|move|p1a: Ditto|Dragon Ascent|p2a: Necrozma
|-resisted|p2a: Necrozma
|-damage|p2a: Necrozma|60/100
|-unboost|p1a: Ditto|def|1
|-unboost|p1a: Ditto|spd|1
|
|-weather|DeltaStream|[upkeep]
|-heal|p2a: Necrozma|66/100|[from] item: Leftovers
|upkeep
|turn|9
|
|t:|1640533681
|-weather|none
|switch|p1a: Zygarde|Zygarde|100/100
|-damage|p1a: Zygarde|94/100|[from] Stealth Rock
|move|p2a: Necrozma|Morning Sun|p2a: Necrozma
|-heal|p2a: Necrozma|100/100
|
|-heal|p1a: Zygarde|100/100|[from] item: Leftovers
|upkeep
|turn|10
|
|t:|1640533718
|move|p1a: Zygarde|Thousand Arrows|p2a: Necrozma
|-supereffective|p2a: Necrozma
|-damage|p2a: Necrozma|65/100
|move|p2a: Necrozma|Toxic|p1a: Zygarde
|-status|p1a: Zygarde|tox
|
|-heal|p2a: Necrozma|71/100|[from] item: Leftovers
|-damage|p1a: Zygarde|94/100 tox|[from] psn
|upkeep
|turn|11
|
|t:|1640533729
|move|p1a: Zygarde|Thousand Arrows|p2a: Necrozma
|-supereffective|p2a: Necrozma
|-damage|p2a: Necrozma|36/100
|move|p2a: Necrozma|Morning Sun|p2a: Necrozma
|-heal|p2a: Necrozma|86/100
|
|-heal|p1a: Zygarde|100/100 tox|[from] item: Leftovers
|-heal|p2a: Necrozma|92/100|[from] item: Leftovers
|-damage|p1a: Zygarde|88/100 tox|[from] psn
|upkeep
|turn|12
|
|t:|1640533744
|switch|p2a: Arceus|Arceus-Dark|100/100
|move|p1a: Zygarde|Thousand Arrows|p2a: Arceus
|-damage|p2a: Arceus|73/100
|
|-heal|p1a: Zygarde|94/100 tox|[from] item: Leftovers
|-damage|p1a: Zygarde|76/100 tox|[from] psn
|upkeep
|turn|13
|
|t:|1640533753
|move|p2a: Arceus|Calm Mind|p2a: Arceus
|-boost|p2a: Arceus|spa|1
|-boost|p2a: Arceus|spd|1
|move|p1a: Zygarde|Dragon Tail|p2a: Arceus
|-damage|p2a: Arceus|53/100
|drag|p2a: Groudon|Groudon|100/100
|detailschange|p2a: Groudon|Groudon-Primal
|-primal|p2a: Groudon
|-weather|DesolateLand|[from] ability: Desolate Land|[of] p2a: Groudon
|
|-weather|DesolateLand|[upkeep]
|-heal|p1a: Zygarde|82/100 tox|[from] item: Leftovers
|-damage|p1a: Zygarde|57/100 tox|[from] psn
|upkeep
|turn|14
|
|t:|1640533774
|-weather|none
|switch|p2a: Arceus|Arceus-Dark|53/100
|move|p1a: Zygarde|Thousand Arrows|p2a: Arceus
|-damage|p2a: Arceus|25/100
|
|-heal|p1a: Zygarde|63/100 tox|[from] item: Leftovers
|-damage|p1a: Zygarde|32/100 tox|[from] psn
|-activate|p1a: Zygarde|ability: Power Construct
|detailschange|p1a: Zygarde|Zygarde-Complete
|-heal|p1a: Zygarde|56/100 tox|[silent]
|upkeep
|turn|15
|
|t:|1640533788
|move|p2a: Arceus|Recover|p2a: Arceus
|-heal|p2a: Arceus|75/100
|move|p1a: Zygarde|Rest|p1a: Zygarde
|-status|p1a: Zygarde|slp|[from] move: Rest
|-heal|p1a: Zygarde|100/100 slp|[silent]
|
|upkeep
|turn|16
|
|t:|1640533812
|switch|p1a: Eternatus|Eternatus|100/100
|-damage|p1a: Eternatus|88/100|[from] Stealth Rock
|-ability|p1a: Eternatus|Pressure
|move|p2a: Arceus|Calm Mind|p2a: Arceus
|-boost|p2a: Arceus|spa|1
|-boost|p2a: Arceus|spd|1
|
|-heal|p1a: Eternatus|94/100|[from] item: Black Sludge
|upkeep
|turn|17
|
|t:|1640533825
|move|p2a: Arceus|Judgment|p1a: Eternatus
|-damage|p1a: Eternatus|40/100
|move|p1a: Eternatus|Dragon Tail|p2a: Arceus
|-damage|p2a: Arceus|64/100
|drag|p2a: Necrozma|Necrozma-Dusk-Mane|92/100
|
|-heal|p1a: Eternatus|47/100|[from] item: Black Sludge
|-heal|p2a: Necrozma|98/100|[from] item: Leftovers
|upkeep
|turn|18
|
|t:|1640533839
|switch|p2a: Groudon|Groudon-Primal|100/100
|-weather|DesolateLand|[from] ability: Desolate Land|[of] p2a: Groudon
|move|p1a: Eternatus|Toxic Spikes|p2a: Groudon
|-sidestart|p2: starkorea74|move: Toxic Spikes
|
|-weather|DesolateLand|[upkeep]
|-heal|p1a: Eternatus|53/100|[from] item: Black Sludge
|upkeep
|turn|19
|
|t:|1640533849
|move|p1a: Eternatus|Toxic Spikes|p2a: Groudon
|-sidestart|p2: starkorea74|move: Toxic Spikes
|move|p2a: Groudon|Precipice Blades|p1a: Eternatus
|-supereffective|p1a: Eternatus
|-crit|p1a: Eternatus
|-damage|p1a: Eternatus|0 fnt
|faint|p1a: Eternatus
|
|-weather|DesolateLand|[upkeep]
|upkeep
|
|t:|1640533858
|switch|p1a: Ditto|Ditto|88/100
|-damage|p1a: Ditto|76/100|[from] Stealth Rock
|-transform|p1a: Ditto|p2a: Groudon|[from] ability: Imposter
|turn|20
|
|t:|1640533872
|switch|p2a: Ho-Oh|Ho-Oh|74/100
|move|p1a: Ditto|Thunder Wave|p2a: Ho-Oh
|-status|p2a: Ho-Oh|par
|
|-weather|DesolateLand|[upkeep]
|upkeep
|turn|21
|
|t:|1640533880
|-weather|none
|switch|p1a: Chansey|Chansey, F|100/100
|-damage|p1a: Chansey|88/100|[from] Stealth Rock
|move|p2a: Ho-Oh|Defog|p1a: Chansey
|-unboost|p1a: Chansey|evasion|1
|-sideend|p1: agdp|Stealth Rock|[from] move: Defog|[of] p2a: Ho-Oh
|-sideend|p2: starkorea74|Toxic Spikes|[from] move: Defog|[of] p2a: Ho-Oh
|
|upkeep
|turn|22
|
|t:|1640533891
|switch|p2a: Rayquaza|Rayquaza-Mega|84/100
|-weather|DeltaStream|[from] ability: Delta Stream|[of] p2a: Rayquaza
|move|p1a: Chansey|Aromatherapy|p1a: Chansey
|-activate|p1a: Chansey|move: Aromatherapy
|-curestatus|p1: Zygarde|slp|[msg]
|
|-weather|DeltaStream|[upkeep]
|upkeep
|turn|23
|
|t:|1640533902
|switch|p1a: Zygarde|Zygarde-Complete|100/100
|move|p2a: Rayquaza|Dragon Ascent|p1a: Zygarde
|-damage|p1a: Zygarde|35/100
|-unboost|p2a: Rayquaza|def|1
|-unboost|p2a: Rayquaza|spd|1
|
|-weather|DeltaStream|[upkeep]
|-heal|p1a: Zygarde|42/100|[from] item: Leftovers
|upkeep
|turn|24
|
|t:|1640533914
|move|p2a: Rayquaza|Dragon Ascent|p1a: Zygarde
|-damage|p1a: Zygarde|0 fnt
|-unboost|p2a: Rayquaza|def|1
|-unboost|p2a: Rayquaza|spd|1
|faint|p1a: Zygarde
|
|-weather|DeltaStream|[upkeep]
|upkeep
|
|t:|1640533920
|switch|p1a: Chansey|Chansey, F|88/100
|turn|25
|
|t:|1640533930
|move|p2a: Rayquaza|Dragon Ascent|p1a: Chansey
|-crit|p1a: Chansey
|-damage|p1a: Chansey|0 fnt
|-unboost|p2a: Rayquaza|def|1
|-unboost|p2a: Rayquaza|spd|1
|faint|p1a: Chansey
|
|-weather|DeltaStream|[upkeep]
|upkeep
|
|t:|1640533937
|switch|p1a: Ditto|Ditto|76/100
|-transform|p1a: Ditto|p2a: Rayquaza|[from] ability: Imposter
|turn|26
|
|t:|1640533943
|switch|p2a: Necrozma|Necrozma-Dusk-Mane|98/100
|move|p1a: Ditto|Extreme Speed|p2a: Necrozma
|-resisted|p2a: Necrozma
|-damage|p2a: Necrozma|87/100
|
|-weather|DeltaStream|[upkeep]
|-heal|p2a: Necrozma|93/100|[from] item: Leftovers
|upkeep
|turn|27
|
|t:|1640533952
|move|p1a: Ditto|Extreme Speed|p2a: Necrozma
|-resisted|p2a: Necrozma
|-damage|p2a: Necrozma|83/100
|move|p2a: Necrozma|Sunsteel Strike|p1a: Ditto
|-damage|p1a: Ditto|0 fnt
|faint|p1a: Ditto
|-weather|none
|
|win|starkorea74
|raw|agdp's rating: 1761 &rarr; <strong>1749</strong><br />(-12 for losing)
|raw|starkorea74's rating: 1898 &rarr; <strong>1910</strong><br />(+12 for winning)
|c|☆agdp|GG
|c| pokemasterbrendan|gg
