|j|☆Prottay1317❤
|j|☆Mikasaaapower
|inactive|Battle timer is ON: inactive players will automatically lose when time's up.
|j|*Lady Monita ✿
|t:|1650292718
|gametype|singles
|player|p1|Prottay1317❤|korrina|
|player|p2|Mikasaaapower|sina|
|teamsize|p1|6
|teamsize|p2|6
|gen|8
|tier|[Gen 8] National Dex AG
|rated|Tournament battle
|rule|HP Percentage Mod: HP is shown in percentages
|rule|Endless Battle Clause: Forcing endless battles is banned
|rule|Scalemons Mod: Every Pokemon's stats, barring HP, are scaled to come as close to a BST of 600 as possible
|clearpoke
|poke|p1|Zacian-*|
|poke|p1|Calyrex-Ice|
|poke|p1|Zekrom|
|poke|p1|Grimmsnarl, M|
|poke|p1|Groudon|
|poke|p1|Yveltal|
|poke|p2|Shuckle, F|
|poke|p2|Yveltal|
|poke|p2|Necrozma-Dusk-Mane|
|poke|p2|Kyogre-Primal|
|poke|p2|Zacian-*|
|poke|p2|Rayquaza-Mega|
|teampreview
|
|t:|1650292725
|start
|switch|p1a: Grimmsnarl|Grimmsnarl, M|100/100
|switch|p2a: Shuckle|Shuckle, F|100/100
|turn|1
|
|t:|1650292732
|move|p1a: Grimmsnarl|Taunt|p2a: Shuckle
|-start|p2a: Shuckle|move: Taunt
|-enditem|p2a: Shuckle|Mental Herb
|-end|p2a: Shuckle|move: Taunt
|move|p2a: Shuckle|Stealth Rock|p1a: Grimmsnarl
|-sidestart|p1: Prottay1317❤|move: Stealth Rock
|
|upkeep
|turn|2
|
|t:|1650292738
|move|p1a: Grimmsnarl|Taunt|p2a: Shuckle
|-start|p2a: Shuckle|move: Taunt
|move|p2a: Shuckle|Final Gambit|p1a: Grimmsnarl
|-damage|p1a: Grimmsnarl|39/100
|faint|p2a: Shuckle
|
|upkeep
|
|t:|1650292747
|switch|p2a: Rayquaza|Rayquaza-Mega|100/100
|-weather|DeltaStream|[from] ability: Delta Stream|[of] p2a: Rayquaza
|turn|3
|
|t:|1650292757
|-weather|none
|switch|p2a: Yveltal|Yveltal|100/100
|-ability|p2a: Yveltal|Dark Aura
|move|p1a: Grimmsnarl|Reflect|p1a: Grimmsnarl
|-sidestart|p1: Prottay1317❤|Reflect
|
|upkeep
|turn|4
|
|t:|1650292773
|-start|p2a: Yveltal|Dynamax|
|-heal|p2a: Yveltal|100/100|[silent]
|move|p2a: Yveltal|Max Airstream|p1a: Grimmsnarl
|-damage|p1a: Grimmsnarl|0 fnt
|-boost|p2a: Yveltal|spe|1
|faint|p1a: Grimmsnarl
|-damage|p2a: Yveltal|96/100|[from] item: Life Orb
|
|upkeep
|
|t:|1650292798
|switch|p1a: Zekrom|Zekrom|100/100
|-damage|p1a: Zekrom|88/100|[from] Stealth Rock
|-ability|p1a: Zekrom|Teravolt
|turn|5
|
|t:|1650292810
|-start|p1a: Zekrom|Dynamax|
|-heal|p1a: Zekrom|88/100|[silent]
|move|p1a: Zekrom|Max Guard|p1a: Zekrom
|-singleturn|p1a: Zekrom|Max Guard
|move|p2a: Yveltal|Max Darkness|p1a: Zekrom
|-activate|p1a: Zekrom|move: Max Guard
|
|-heal|p1a: Zekrom|91/100|[from] item: Leftovers
|upkeep
|turn|6
|
|t:|1650292816
|move|p2a: Yveltal|Max Darkness|p1a: Zekrom
|-crit|p1a: Zekrom
|-damage|p1a: Zekrom|0 fnt
|faint|p1a: Zekrom
|-damage|p2a: Yveltal|91/100|[from] item: Life Orb
|
|-end|p2a: Yveltal|Dynamax
|-heal|p2a: Yveltal|91/100|[silent]
|upkeep
|
|t:|1650292821
|switch|p1a: Groudon|Groudon|100/100
|-damage|p1a: Groudon|94/100|[from] Stealth Rock
|-weather|SunnyDay|[from] ability: Drought|[of] p1a: Groudon
|turn|7
|
|t:|1650292827
|move|p2a: Yveltal|Oblivion Wing|p1a: Groudon
|-damage|p1a: Groudon|33/100
|-heal|p2a: Yveltal|100/100|[from] drain|[of] p1a: Groudon
|-damage|p2a: Yveltal|91/100|[from] item: Life Orb
|move|p1a: Groudon|Thunder Wave|p2a: Yveltal
|-status|p2a: Yveltal|par
|
|-weather|SunnyDay|[upkeep]
|upkeep
|turn|8
|
|t:|1650292832
|move|p1a: Groudon|Stealth Rock|p2a: Yveltal
|-sidestart|p2: Mikasaaapower|move: Stealth Rock
|move|p2a: Yveltal|Oblivion Wing|p1a: Groudon
|-damage|p1a: Groudon|0 fnt
|-heal|p2a: Yveltal|100/100 par|[from] drain|[of] p1a: Groudon
|faint|p1a: Groudon
|-damage|p2a: Yveltal|91/100 par|[from] item: Life Orb
|
|-weather|SunnyDay|[upkeep]
|upkeep
|
|t:|1650292843
|switch|p1a: Zacian|Zacian-Crowned|100/100
|-damage|p1a: Zacian|94/100|[from] Stealth Rock
|-ability|p1a: Zacian|Intrepid Sword|boost
|-boost|p1a: Zacian|atk|1
|turn|9
|
|t:|1650292847
|move|p1a: Zacian|Wild Charge|p2a: Yveltal
|-supereffective|p2a: Yveltal
|-damage|p2a: Yveltal|0 fnt
|faint|p2a: Yveltal
|-damage|p1a: Zacian|67/100|[from] Recoil
|
|-weather|SunnyDay|[upkeep]
|upkeep
|inactive|Mikasaaapower has 120 seconds left.
|
|t:|1650292883
|switch|p2a: Necrozma|Necrozma-Dusk-Mane|100/100
|-damage|p2a: Necrozma|95/100|[from] Stealth Rock
|turn|10
|
|t:|1650292887
|move|p1a: Zacian|Swords Dance|p1a: Zacian
|-boost|p1a: Zacian|atk|2
|move|p2a: Necrozma|Earthquake|p1a: Zacian
|-supereffective|p1a: Zacian
|-damage|p1a: Zacian|15/100
|-damage|p2a: Necrozma|85/100|[from] item: Life Orb
|
|-weather|SunnyDay|[upkeep]
|-sideend|p1: Prottay1317❤|Reflect
|upkeep
|turn|11
|
|t:|1650292891
|move|p1a: Zacian|Close Combat|p2a: Necrozma
|-damage|p2a: Necrozma|0 fnt
|-unboost|p1a: Zacian|def|1
|-unboost|p1a: Zacian|spd|1
|faint|p2a: Necrozma
|
|-weather|none
|upkeep
|
|t:|1650292896
|switch|p2a: Zacian|Zacian-Crowned|100/100
|-damage|p2a: Zacian|94/100|[from] Stealth Rock
|-ability|p2a: Zacian|Intrepid Sword|boost
|-boost|p2a: Zacian|atk|1
|turn|12
|
|t:|1650292899
|move|p2a: Zacian|Behemoth Blade|p1a: Zacian
|-damage|p1a: Zacian|0 fnt
|faint|p1a: Zacian
|
|upkeep
|
|t:|1650292905
|switch|p1a: Calyrex|Calyrex-Ice|100/100
|-ability|p1a: Calyrex|As One
|-ability|p1a: Calyrex|Unnerve
|-damage|p1a: Calyrex|76/100|[from] Stealth Rock
|turn|13
|
|t:|1650292909
|move|p2a: Zacian|Behemoth Blade|p1a: Calyrex
|-supereffective|p1a: Calyrex
|-enditem|p1a: Calyrex|Babiri Berry|[eat]
|-enditem|p1a: Calyrex|Babiri Berry|[weaken]
|-damage|p1a: Calyrex|18/100
|move|p1a: Calyrex|Trick Room|p1a: Calyrex
|-fieldstart|move: Trick Room|[of] p1a: Calyrex
|
|upkeep
|turn|14
|
|t:|1650292918
|move|p1a: Calyrex|High Horsepower|p2a: Zacian
|-supereffective|p2a: Zacian
|-damage|p2a: Zacian|15/100
|move|p2a: Zacian|Behemoth Blade|p1a: Calyrex
|-supereffective|p1a: Calyrex
|-damage|p1a: Calyrex|0 fnt
|faint|p1a: Calyrex
|
|upkeep
|
|t:|1650292922
|switch|p1a: Yveltal|Yveltal|100/100
|-damage|p1a: Yveltal|76/100|[from] Stealth Rock
|-ability|p1a: Yveltal|Dark Aura
|turn|15
|
|t:|1650292926
|move|p1a: Yveltal|Oblivion Wing|p2a: Zacian
|-resisted|p2a: Zacian
|-damage|p2a: Zacian|0 fnt
|-heal|p1a: Yveltal|84/100|[from] drain|[of] p2a: Zacian
|faint|p2a: Zacian
|-damage|p1a: Yveltal|75/100|[from] item: Life Orb
|
|upkeep
|
|t:|1650292932
|switch|p2a: Rayquaza|Rayquaza-Mega|100/100
|-damage|p2a: Rayquaza|76/100|[from] Stealth Rock
|-weather|DeltaStream|[from] ability: Delta Stream|[of] p2a: Rayquaza
|turn|16
|
|t:|1650292938
|move|p2a: Rayquaza|Dragon Ascent|p1a: Yveltal
|-damage|p1a: Yveltal|0 fnt
|-unboost|p2a: Rayquaza|def|1
|-unboost|p2a: Rayquaza|spd|1
|faint|p1a: Yveltal
|-damage|p2a: Rayquaza|66/100|[from] item: Life Orb
|
|win|Mikasaaapower
|n|☆Prottay1317❤|prottay1317
|n|☆Mikasaaapower|mikasaaapower
|n|*Lady Monita ✿|ladymonita
|l|*Lady Monita ✿
|l|☆Prottay1317❤
