|j|☆Cold but Goated
|j|☆FenixFyre04
|t:|1650175958
|gametype|singles
|player|p1|Cold but Goated|clown|1774
|player|p2|FenixFyre04|benga|1942
|teamsize|p1|6
|teamsize|p2|6
|gen|8
|tier|[Gen 8] National Dex AG
|rated|
|rule|HP Percentage Mod: HP is shown in percentages
|rule|Endless Battle Clause: Forcing endless battles is banned
|clearpoke
|poke|p1|Calyrex-Shadow|
|poke|p1|Palkia|
|poke|p1|Lugia|
|poke|p1|Groudon|
|poke|p1|Tyranitar, M|
|poke|p1|Arceus-*|
|poke|p2|Tyranitar, F|
|poke|p2|Ho-Oh|
|poke|p2|Necrozma-Dusk-Mane|
|poke|p2|Zacian-*|
|poke|p2|Rayquaza|
|poke|p2|Calyrex-Shadow|
|teampreview
|inactive|Battle timer is ON: inactive players will automatically lose when time's up. (requested by FenixFyre04)
|inactive|Cold but Goated also wants the timer to be on.
|
|t:|1650175975
|start
|switch|p1a: Groudon|Groudon|100/100
|switch|p2a: Rayquaza|Rayquaza|100/100
|-ability|p2a: Rayquaza|Air Lock
|detailschange|p1a: Groudon|Groudon-Primal
|-primal|p1a: Groudon
|-weather|DesolateLand|[from] ability: Desolate Land|[of] p1a: Groudon
|turn|1
|
|t:|1650175977
|-weather|none
|switch|p1a: Luigi|Lugia|100/100
|detailschange|p2a: Rayquaza|Rayquaza-Mega
|-mega|p2a: Rayquaza|Rayquaza|
|-weather|DeltaStream|[from] ability: Delta Stream|[of] p2a: Rayquaza
|move|p2a: Rayquaza|Dragon Ascent|p1a: Luigi
|-damage|p1a: Luigi|67/100
|-unboost|p2a: Rayquaza|def|1
|-unboost|p2a: Rayquaza|spd|1
|
|-weather|DeltaStream|[upkeep]
|upkeep
|turn|2
|
|t:|1650175982
|-start|p1a: Luigi|Dynamax|
|-heal|p1a: Luigi|67/100|[silent]
|move|p2a: Rayquaza|Dragon Ascent|p1a: Luigi
|-damage|p1a: Luigi|37/100
|-unboost|p2a: Rayquaza|def|1
|-unboost|p2a: Rayquaza|spd|1
|move|p1a: Luigi|Max Hailstorm|p2a: Rayquaza
|-activate||deltastream
|-supereffective|p2a: Rayquaza
|-damage|p2a: Rayquaza|1/100
|
|-weather|DeltaStream|[upkeep]
|upkeep
|turn|3
|c|☆Cold but Goated|What
|c|☆Cold but Goated|lucky
|inactive|FenixFyre04 has 120 seconds left.
|
|t:|1650176042
|-weather|none
|switch|p2a: Zacian|Zacian-Crowned|100/100
|-ability|p2a: Zacian|Intrepid Sword|boost
|-boost|p2a: Zacian|atk|1
|-end|p1a: Luigi|Dynamax
|-heal|p1a: Luigi|37/100|[silent]
|switch|p1a: Groudon|Groudon-Primal|100/100
|-weather|DesolateLand|[from] ability: Desolate Land|[of] p1a: Groudon
|
|-weather|DesolateLand|[upkeep]
|upkeep
|turn|4
|
|t:|1650176054
|switch|p2a: Necrozma|Necrozma-Dusk-Mane|100/100
|move|p1a: Groudon|Stealth Rock|p2a: Necrozma
|-sidestart|p2: FenixFyre04|move: Stealth Rock
|
|-weather|DesolateLand|[upkeep]
|upkeep
|turn|5
|
|t:|1650176059
|move|p1a: Groudon|Precipice Blades|p2a: Necrozma|[miss]
|-miss|p1a: Groudon|p2a: Necrozma
|move|p2a: Necrozma|Stealth Rock|p1a: Groudon
|-sidestart|p1: Cold but Goated|move: Stealth Rock
|
|-weather|DesolateLand|[upkeep]
|upkeep
|turn|6
|
|t:|1650176063
|switch|p2a: Ho-Oh|Ho-Oh, shiny|100/100
|move|p1a: Groudon|Precipice Blades|p2a: Ho-Oh
|-immune|p2a: Ho-Oh
|
|-weather|DesolateLand|[upkeep]
|upkeep
|turn|7
|
|t:|1650176066
|move|p1a: Groudon|Stone Edge|p2a: Ho-Oh
|-supereffective|p2a: Ho-Oh
|-damage|p2a: Ho-Oh|0 fnt
|faint|p2a: Ho-Oh
|
|-weather|DesolateLand|[upkeep]
|upkeep
|
|t:|1650176071
|switch|p2a: Calyrex|Calyrex-Shadow|100/100
|-ability|p2a: Calyrex|As One
|-ability|p2a: Calyrex|Unnerve
|-damage|p2a: Calyrex|88/100|[from] Stealth Rock
|turn|8
|
|t:|1650176078
|switch|p2a: Zacian|Zacian-Crowned|100/100
|-damage|p2a: Zacian|94/100|[from] Stealth Rock
|-ability|p2a: Zacian|Intrepid Sword|boost
|-boost|p2a: Zacian|atk|1
|move|p1a: Groudon|Precipice Blades|p2a: Zacian
|-supereffective|p2a: Zacian
|-damage|p2a: Zacian|0 fnt
|faint|p2a: Zacian
|
|-weather|DesolateLand|[upkeep]
|upkeep
|c|☆Cold but Goated|LOL
|-message|FenixFyre04 forfeited.
|
|win|Cold but Goated
|raw|Cold but Goated's rating: 1774 &rarr; <strong>1803</strong><br />(+29 for winning)
|raw|FenixFyre04's rating: 1942 &rarr; <strong>1913</strong><br />(-29 for losing)
|l|☆FenixFyre04
