|j|☆TomoTaco69
|j|☆coolthingdude
|t:|1665759149
|gametype|singles
|player|p1|TomoTaco69|102|1794
|player|p2|coolthingdude|byron|1734
|teamsize|p1|6
|teamsize|p2|6
|gen|8
|tier|[Gen 8] National Dex AG
|rated|
|rule|HP Percentage Mod: HP is shown in percentages
|rule|Endless Battle Clause: Forcing endless battles is banned
|clearpoke
|poke|p1|Arceus-*|
|poke|p1|Arceus-*|
|poke|p1|Yveltal|
|poke|p1|Necrozma-Dusk-Mane|
|poke|p1|Ditto|
|poke|p1|Marshadow|
|poke|p2|Xerneas-*|
|poke|p2|Zekrom|
|poke|p2|Dialga|
|poke|p2|Zacian-*|
|poke|p2|Groudon|
|poke|p2|Ditto|
|teampreview
|inactive|Battle timer is ON: inactive players will automatically lose when time's up. (requested by TomoTaco69)
|inactive|coolthingdude has 120 seconds left.
|
|t:|1665759207
|start
|switch|p1a: Arceus|Arceus-Ground|100/100
|switch|p2a: Bork|Dialga|100/100
|-ability|p2a: Bork|Pressure
|turn|1
|
|t:|1665759212
|-zpower|p1a: Arceus
|move|p1a: Arceus|Tectonic Rage|p2a: Bork|[zeffect]
|-supereffective|p2a: Bork
|-damage|p2a: Bork|0 fnt
|faint|p2a: Bork
|
|upkeep
|
|t:|1665759221
|switch|p2a: FAT|Xerneas|100/100
|-ability|p2a: FAT|Fairy Aura
|turn|2
|
|t:|1665759225
|switch|p1a: Necrozma|Necrozma-Dusk-Mane|100/100
|move|p2a: FAT|Geomancy||[still]
|-prepare|p2a: FAT|Geomancy
|-enditem|p2a: FAT|Power Herb
|-anim|p2a: FAT|Geomancy|p2a: FAT
|-boost|p2a: FAT|spa|2
|-boost|p2a: FAT|spd|2
|-boost|p2a: FAT|spe|2
|
|upkeep
|turn|3
|
|t:|1665759229
|-start|p2a: FAT|Dynamax|
|-heal|p2a: FAT|100/100|[silent]
|-start|p1a: Necrozma|Dynamax|
|-heal|p1a: Necrozma|100/100|[silent]
|move|p2a: FAT|Max Quake|p1a: Necrozma
|-supereffective|p1a: Necrozma
|-damage|p1a: Necrozma|60/100
|-boost|p2a: FAT|spd|1
|move|p1a: Necrozma|Max Steelspike|p2a: FAT
|-supereffective|p2a: FAT
|-damage|p2a: FAT|50/100
|-boost|p1a: Necrozma|def|1
|
|upkeep
|turn|4
|
|t:|1665759240
|move|p2a: FAT|Max Guard|p2a: FAT
|-singleturn|p2a: FAT|Max Guard
|move|p1a: Necrozma|Max Steelspike|p2a: FAT
|-activate|p2a: FAT|move: Max Guard
|
|upkeep
|turn|5
|
|t:|1665759244
|move|p2a: FAT|Max Quake|p1a: Necrozma
|-supereffective|p1a: Necrozma
|-damage|p1a: Necrozma|18/100
|-boost|p2a: FAT|spd|1
|move|p1a: Necrozma|Max Steelspike|p2a: FAT
|-supereffective|p2a: FAT
|-damage|p2a: FAT|0 fnt
|-boost|p1a: Necrozma|def|1
|faint|p2a: FAT
|
|upkeep
|
|t:|1665759252
|switch|p2a: Zekrom|Zekrom|100/100
|-ability|p2a: Zekrom|Teravolt
|-end|p1a: Necrozma|Dynamax
|-heal|p1a: Necrozma|18/100|[silent]
|turn|6
|
|t:|1665759255
|move|p2a: Zekrom|Fusion Bolt|p1a: Necrozma
|-damage|p1a: Necrozma|0 fnt
|faint|p1a: Necrozma
|
|upkeep
|
|t:|1665759258
|switch|p1a: Arceus|Arceus-Ground|100/100
|turn|7
|
|t:|1665759264
|move|p1a: Arceus|Earthquake|p2a: Zekrom
|-supereffective|p2a: Zekrom
|-damage|p2a: Zekrom|21/100
|move|p2a: Zekrom|Outrage|p1a: Arceus
|-damage|p1a: Arceus|49/100
|
|upkeep
|turn|8
|
|t:|1665759269
|move|p1a: Arceus|Earthquake|p2a: Zekrom
|-supereffective|p2a: Zekrom
|-crit|p2a: Zekrom
|-damage|p2a: Zekrom|0 fnt
|faint|p2a: Zekrom
|
|upkeep
|
|t:|1665759273
|switch|p2a: Doggo|Zacian-Crowned|100/100
|-ability|p2a: Doggo|Intrepid Sword|boost
|-boost|p2a: Doggo|atk|1
|turn|9
|
|t:|1665759278
|move|p2a: Doggo|Behemoth Blade|p1a: Arceus
|-damage|p1a: Arceus|0 fnt
|faint|p1a: Arceus
|
|upkeep
|
|t:|1665759282
|switch|p1a: Ditto|Ditto|100/100
|-transform|p1a: Ditto|p2a: Doggo|[from] ability: Imposter
|-ability|p1a: Ditto|Intrepid Sword|boost
|-boost|p1a: Ditto|atk|1
|turn|10
|
|t:|1665759306
|switch|p2a: Primal being|Groudon|100/100
|detailschange|p2a: Primal being|Groudon-Primal
|-primal|p2a: Primal being
|-weather|DesolateLand|[from] ability: Desolate Land|[of] p2a: Primal being
|move|p1a: Ditto|Behemoth Blade|p2a: Primal being
|-resisted|p2a: Primal being
|-damage|p2a: Primal being|62/100
|
|-weather|DesolateLand|[upkeep]
|upkeep
|turn|11
|
|t:|1665759310
|switch|p1a: Arceus|Arceus-Flying|100/100
|move|p2a: Primal being|Lava Plume|p1a: Arceus
|-damage|p1a: Arceus|51/100
|
|-weather|DesolateLand|[upkeep]
|upkeep
|turn|12
|
|t:|1665759317
|-weather|none
|switch|p2a: Doggo|Zacian-Crowned|100/100
|-ability|p2a: Doggo|Intrepid Sword|boost
|-boost|p2a: Doggo|atk|1
|move|p1a: Arceus|Judgment|p2a: Doggo
|-resisted|p2a: Doggo
|-damage|p2a: Doggo|77/100
|
|upkeep
|turn|13
|
|t:|1665759322
|move|p2a: Doggo|Wild Charge|p1a: Arceus
|-supereffective|p1a: Arceus
|-damage|p1a: Arceus|0 fnt
|faint|p1a: Arceus
|-damage|p2a: Doggo|61/100|[from] Recoil
|
|upkeep
|
|t:|1665759324
|switch|p1a: Ditto|Ditto|100/100
|-transform|p1a: Ditto|p2a: Doggo|[from] ability: Imposter
|-ability|p1a: Ditto|Intrepid Sword|boost
|-boost|p1a: Ditto|atk|1
|turn|14
|
|t:|1665759334
|move|p1a: Ditto|Behemoth Blade|p2a: Doggo
|-crit|p2a: Doggo
|-damage|p2a: Doggo|0 fnt
|faint|p2a: Doggo
|
|upkeep
|
|t:|1665759337
|switch|p2a: Primal being|Groudon-Primal|62/100
|-weather|DesolateLand|[from] ability: Desolate Land|[of] p2a: Primal being
|turn|15
|
|t:|1665759344
|switch|p1a: Marshadow|Marshadow|100/100
|move|p2a: Primal being|Lava Plume|p1a: Marshadow
|-damage|p1a: Marshadow|13/100
|-status|p1a: Marshadow|brn
|
|-weather|DesolateLand|[upkeep]
|-damage|p1a: Marshadow|7/100 brn|[from] brn
|upkeep
|turn|16
|
|t:|1665759351
|move|p1a: Marshadow|Spectral Thief|p2a: Primal being
|-damage|p2a: Primal being|50/100
|move|p2a: Primal being|Lava Plume|p1a: Marshadow
|-damage|p1a: Marshadow|0 fnt
|faint|p1a: Marshadow
|
|-weather|DesolateLand|[upkeep]
|upkeep
|
|t:|1665759355
|switch|p1a: Ditto|Ditto|100/100
|-transform|p1a: Ditto|p2a: Primal being|[from] ability: Imposter
|turn|17
|
|t:|1665759359
|move|p1a: Ditto|Earth Power|p2a: Primal being
|-supereffective|p2a: Primal being
|-damage|p2a: Primal being|0 fnt
|faint|p2a: Primal being
|
|-weather|DesolateLand|[upkeep]
|upkeep
|
|t:|1665759363
|switch|p2a: imposter|Ditto|100/100
|turn|18
|-message|coolthingdude forfeited.
|
|win|TomoTaco69
|raw|TomoTaco69's rating: 1794 &rarr; <strong>1811</strong><br />(+17 for winning)
|raw|coolthingdude's rating: 1734 &rarr; <strong>1717</strong><br />(-17 for losing)
|l|☆coolthingdude
