|j|☆World breaker Odin
|j|‽PokemhIsntAFurry
|t:|1636849622
|gametype|singles
|player|p1|World breaker Odin|nanu|1664
|player|p2|PokemhIsntAFurry|102|1514
|teamsize|p1|6
|teamsize|p2|6
|gen|8
|tier|[Gen 8] National Dex AG
|rated|
|rule|HP Percentage Mod: HP is shown in percentages
|rule|Endless Battle Clause: Forcing endless battles is banned
|clearpoke
|poke|p1|Lunala|
|poke|p1|Tyranitar, F|
|poke|p1|Rayquaza|
|poke|p1|Necrozma-Dusk-Mane|
|poke|p1|Arceus-*|
|poke|p1|Zacian-*|
|poke|p2|Ditto|
|poke|p2|Yveltal|
|poke|p2|Necrozma-Dusk-Mane|
|poke|p2|Arceus-*|
|poke|p2|Rayquaza|
|poke|p2|Arceus-*|
|teampreview
|inactive|Battle timer is ON: inactive players will automatically lose when time's up. (requested by World breaker Odin)
|
|t:|1636849630
|start
|switch|p1a: Kaido awakened|Rayquaza|100/100
|switch|p2a: Ditto|Ditto|100/100
|-ability|p1a: Kaido awakened|Air Lock
|-transform|p2a: Ditto|p1a: Kaido awakened|[from] ability: Imposter
|turn|1
|
|t:|1636849640
|detailschange|p1a: Kaido awakened|Rayquaza-Mega
|-mega|p1a: Kaido awakened|Rayquaza|
|-weather|DeltaStream|[from] ability: Delta Stream|[of] p1a: Kaido awakened
|move|p2a: Ditto|Dragon Ascent|p1a: Kaido awakened
|-damage|p1a: Kaido awakened|29/100
|-unboost|p2a: Ditto|def|1
|-unboost|p2a: Ditto|spd|1
|move|p1a: Kaido awakened|Dragon Ascent|p2a: Ditto
|-damage|p2a: Ditto|0 fnt
|-unboost|p1a: Kaido awakened|def|1
|-unboost|p1a: Kaido awakened|spd|1
|faint|p2a: Ditto
|
|-weather|DeltaStream|[upkeep]
|upkeep
|
|t:|1636849645
|switch|p2a: Arceus|Arceus-Ground|100/100
|turn|2
|
|t:|1636849660
|-weather|none
|switch|p1a: Lion heart|Necrozma-Dusk-Mane, shiny|100/100
|move|p2a: Arceus|Calm Mind|p2a: Arceus
|-boost|p2a: Arceus|spa|1
|-boost|p2a: Arceus|spd|1
|
|upkeep
|turn|3
|
|t:|1636849667
|move|p2a: Arceus|Calm Mind|p2a: Arceus
|-boost|p2a: Arceus|spa|1
|-boost|p2a: Arceus|spd|1
|move|p1a: Lion heart|Stealth Rock|p2a: Arceus
|-sidestart|p2: PokemhIsntAFurry|move: Stealth Rock
|
|upkeep
|turn|4
|
|t:|1636849677
|move|p2a: Arceus|Judgment|p1a: Lion heart
|-supereffective|p1a: Lion heart
|-damage|p1a: Lion heart|0 fnt
|faint|p1a: Lion heart
|
|upkeep
|
|t:|1636849683
|switch|p1a: Fairygod mother|Lunala, shiny|100/100
|turn|5
|
|t:|1636849688
|-start|p2a: Arceus|Dynamax
|-heal|p2a: Arceus|100/100|[silent]
|move|p2a: Arceus|Max Quake|p1a: Fairygod mother
|-damage|p1a: Fairygod mother|53/100
|-boost|p2a: Arceus|spd|1
|move|p1a: Fairygod mother|Toxic|p2a: Arceus
|-status|p2a: Arceus|tox
|
|-damage|p2a: Arceus|97/100 tox|[from] psn
|upkeep
|turn|6
|
|t:|1636849703
|switch|p1a: Kaido awakened|Rayquaza-Mega|29/100
|-weather|DeltaStream|[from] ability: Delta Stream|[of] p1a: Kaido awakened
|move|p2a: Arceus|Max Quake|p1a: Kaido awakened
|-immune|p1a: Kaido awakened
|
|-weather|DeltaStream|[upkeep]
|-damage|p2a: Arceus|91/100 tox|[from] psn
|upkeep
|turn|7
|
|t:|1636849717
|-weather|none
|switch|p1a: Fairygod mother|Lunala, shiny|53/100
|move|p2a: Arceus|Max Hailstorm|p1a: Fairygod mother
|-damage|p1a: Fairygod mother|0 fnt
|-weather|Hail
|faint|p1a: Fairygod mother
|
|-weather|Hail|[upkeep]
|-damage|p2a: Arceus|88/100 tox|[from] Hail
|-damage|p2a: Arceus|79/100 tox|[from] psn
|-end|p2a: Arceus|Dynamax
|-heal|p2a: Arceus|80/100 tox|[silent]
|upkeep
|
|t:|1636849732
|switch|p1a: Kaido awakened|Rayquaza-Mega|29/100
|-weather|DeltaStream|[from] ability: Delta Stream|[of] p1a: Kaido awakened
|turn|8
|
|t:|1636849738
|move|p2a: Arceus|Ice Beam|p1a: Kaido awakened
|-activate||deltastream
|-supereffective|p1a: Kaido awakened
|-damage|p1a: Kaido awakened|0 fnt
|faint|p1a: Kaido awakened
|-weather|none
|
|-damage|p2a: Arceus|55/100 tox|[from] psn
|upkeep
|
|t:|1636849746
|switch|p1a: Super vegito|Zacian-Crowned, shiny|100/100
|-ability|p1a: Super vegito|Intrepid Sword|boost
|-boost|p1a: Super vegito|atk|1
|turn|9
|
|t:|1636849753
|move|p1a: Super vegito|Behemoth Blade|p2a: Arceus
|-damage|p2a: Arceus|0 fnt
|faint|p2a: Arceus
|
|upkeep
|
|t:|1636849755
|switch|p2a: Necrozma|Necrozma-Dusk-Mane|100/100
|-damage|p2a: Necrozma|94/100|[from] Stealth Rock
|turn|10
|
|t:|1636849762
|switch|p1a: Toph|Arceus-Ground, shiny|100/100
|move|p2a: Necrozma|Stealth Rock|p1a: Toph
|-sidestart|p1: World breaker Odin|move: Stealth Rock
|
|upkeep
|turn|11
|
|t:|1636849770
|switch|p2a: Arceus|Arceus-Water|100/100
|-damage|p2a: Arceus|88/100|[from] Stealth Rock
|-start|p1a: Toph|Dynamax
|-heal|p1a: Toph|100/100|[silent]
|move|p1a: Toph|Max Quake|p2a: Arceus
|-damage|p2a: Arceus|47/100
|-boost|p1a: Toph|spd|1
|
|upkeep
|turn|12
|
|t:|1636849781
|move|p1a: Toph|Max Quake|p2a: Arceus
|-damage|p2a: Arceus|5/100
|-boost|p1a: Toph|spd|1
|move|p2a: Arceus|Recover|p2a: Arceus
|-heal|p2a: Arceus|55/100
|
|upkeep
|turn|13
|
|t:|1636849789
|move|p1a: Toph|Max Quake|p2a: Arceus
|-damage|p2a: Arceus|11/100
|-boost|p1a: Toph|spd|1
|move|p2a: Arceus|Recover|p2a: Arceus
|-heal|p2a: Arceus|61/100
|
|-end|p1a: Toph|Dynamax
|-heal|p1a: Toph|100/100|[silent]
|upkeep
|turn|14
|
|t:|1636849803
|switch|p1a: Super vegito|Zacian-Crowned, shiny|100/100
|-damage|p1a: Super vegito|94/100|[from] Stealth Rock
|-ability|p1a: Super vegito|Intrepid Sword|boost
|-boost|p1a: Super vegito|atk|1
|move|p2a: Arceus|Recover|p2a: Arceus
|-heal|p2a: Arceus|100/100
|
|upkeep
|turn|15
|
|t:|1636849819
|switch|p2a: Yveltal|Yveltal|100/100
|-ability|p2a: Yveltal|Dark Aura
|move|p1a: Super vegito|Substitute|p1a: Super vegito
|-start|p1a: Super vegito|Substitute
|-damage|p1a: Super vegito|69/100
|
|upkeep
|turn|16
|
|t:|1636849827
|move|p1a: Super vegito|Behemoth Blade|p2a: Yveltal
|-damage|p2a: Yveltal|13/100
|move|p2a: Yveltal|U-turn|p1a: Super vegito
|-resisted|p1a: Super vegito
|-activate|p1a: Super vegito|move: Substitute|[damage]
|
|t:|1636849829
|switch|p2a: Necrozma|Necrozma-Dusk-Mane|94/100|[from]move: U-turn
|-damage|p2a: Necrozma|88/100|[from] Stealth Rock
|
|upkeep
|turn|17
|
|t:|1636849839
|move|p1a: Super vegito|Close Combat|p2a: Necrozma
|-damage|p2a: Necrozma|46/100
|-unboost|p1a: Super vegito|def|1
|-unboost|p1a: Super vegito|spd|1
|-damage|p1a: Super vegito|53/100|[from] item: Rocky Helmet|[of] p2a: Necrozma
|move|p2a: Necrozma|Sunsteel Strike|p1a: Super vegito
|-crit|p1a: Super vegito
|-end|p1a: Super vegito|Substitute
|
|upkeep
|turn|18
|
|t:|1636849851
|switch|p1a: Toph|Arceus-Ground, shiny|100/100
|-damage|p1a: Toph|94/100|[from] Stealth Rock
|move|p2a: Necrozma|Morning Sun|p2a: Necrozma
|-heal|p2a: Necrozma|96/100
|
|upkeep
|turn|19
|
|t:|1636849860
|switch|p1a: Super vegito|Zacian-Crowned, shiny|53/100
|-damage|p1a: Super vegito|47/100|[from] Stealth Rock
|-ability|p1a: Super vegito|Intrepid Sword|boost
|-boost|p1a: Super vegito|atk|1
|switch|p2a: Arceus|Arceus-Water|100/100
|-damage|p2a: Arceus|88/100|[from] Stealth Rock
|
|upkeep
|turn|20
|
|t:|1636849870
|switch|p2a: Necrozma|Necrozma-Dusk-Mane|96/100
|-damage|p2a: Necrozma|90/100|[from] Stealth Rock
|move|p1a: Super vegito|Wild Charge|p2a: Necrozma
|-damage|p2a: Necrozma|54/100
|-damage|p1a: Super vegito|30/100|[from] item: Rocky Helmet|[of] p2a: Necrozma
|-damage|p1a: Super vegito|19/100|[from] Recoil
|
|upkeep
|turn|21
|
|t:|1636849880
|move|p1a: Super vegito|Close Combat|p2a: Necrozma
|-damage|p2a: Necrozma|10/100
|-unboost|p1a: Super vegito|def|1
|-unboost|p1a: Super vegito|spd|1
|-damage|p1a: Super vegito|2/100|[from] item: Rocky Helmet|[of] p2a: Necrozma
|move|p2a: Necrozma|Morning Sun|p2a: Necrozma
|-heal|p2a: Necrozma|60/100
|
|upkeep
|turn|22
|
|t:|1636849890
|move|p1a: Super vegito|Close Combat|p2a: Necrozma
|-damage|p2a: Necrozma|20/100
|-unboost|p1a: Super vegito|def|1
|-unboost|p1a: Super vegito|spd|1
|-damage|p1a: Super vegito|0 fnt|[from] item: Rocky Helmet|[of] p2a: Necrozma
|faint|p1a: Super vegito
|move|p2a: Necrozma|Morning Sun|p2a: Necrozma
|-heal|p2a: Necrozma|70/100
|
|upkeep
|
|t:|1636849900
|switch|p1a: Toph|Arceus-Ground, shiny|94/100
|-damage|p1a: Toph|88/100|[from] Stealth Rock
|turn|23
|
|t:|1636849904
|switch|p2a: Yveltal|Yveltal|13/100
|-ability|p2a: Yveltal|Dark Aura
|move|p1a: Toph|Judgment|p2a: Yveltal
|-immune|p2a: Yveltal
|
|upkeep
|turn|24
|
|t:|1636849917
|move|p1a: Toph|Ice Beam|p2a: Yveltal
|-supereffective|p2a: Yveltal
|-damage|p2a: Yveltal|0 fnt
|faint|p2a: Yveltal
|
|upkeep
|
|t:|1636849919
|switch|p2a: Arceus|Arceus-Water|88/100
|-damage|p2a: Arceus|76/100|[from] Stealth Rock
|turn|25
|
|t:|1636849926
|move|p1a: Toph|Judgment|p2a: Arceus
|-damage|p2a: Arceus|43/100
|move|p2a: Arceus|Whirlpool|p1a: Toph
|-supereffective|p1a: Toph
|-damage|p1a: Toph|61/100
|-activate|p1a: Toph|move: Whirlpool|[of] p2a: Arceus
|
|-damage|p1a: Toph|49/100|[from] move: Whirlpool|[partiallytrapped]
|upkeep
|turn|26
|
|t:|1636849936
|move|p1a: Toph|Judgment|p2a: Arceus
|-damage|p2a: Arceus|11/100
|move|p2a: Arceus|Recover|p2a: Arceus
|-heal|p2a: Arceus|61/100
|
|-damage|p1a: Toph|36/100|[from] move: Whirlpool|[partiallytrapped]
|upkeep
|turn|27
|-message|World breaker Odin forfeited.
|
|win|PokemhIsntAFurry
|raw|World breaker Odin's rating: 1664 &rarr; <strong>1636</strong><br />(-28 for losing)
|raw|PokemhIsntAFurry's rating: 1514 &rarr; <strong>1542</strong><br />(+28 for winning)
|l|☆World breaker Odin
