|j|☆Ike745
|j|☆hv43
|t:|1655582527
|gametype|singles
|player|p1|Ike745|169|
|player|p2|hv43|170|
|teamsize|p1|6
|teamsize|p2|6
|gen|8
|tier|[Gen 8] National Dex AG
|rule|HP Percentage Mod: HP is shown in percentages
|rule|Endless Battle Clause: Forcing endless battles is banned
|clearpoke
|poke|p1|Rillaboom, F|
|poke|p1|Blissey, F|
|poke|p1|Ferrothorn, M|
|poke|p1|Toxapex, F|
|poke|p1|Tapu Lele|
|poke|p1|Calyrex-Shadow|
|poke|p2|Kyogre|
|poke|p2|Dracovish|
|poke|p2|Sharpedo, F|
|poke|p2|Gyarados, F|
|poke|p2|Urshifu-*, F|
|poke|p2|Pelipper, M|
|teampreview
|c|☆Ike745|gl hf
|
|t:|1655582558
|start
|switch|p1a: Tapu Lele|Tapu Lele, shiny|100/100
|switch|p2a: Uber Boi|Kyogre|100/100
|-fieldstart|move: Psychic Terrain|[from] ability: Psychic Surge|[of] p1a: Tapu Lele
|-weather|RainDance|[from] ability: Drizzle|[of] p2a: Uber Boi
|turn|1
|c|☆hv43|same
|
|t:|1655582697
|move|p1a: Tapu Lele|Sunny Day|p1a: Tapu Lele
|-weather|SunnyDay
|move|p2a: Uber Boi|Thunder|p1a: Tapu Lele|[miss]
|-miss|p2a: Uber Boi|p1a: Tapu Lele
|
|-weather|SunnyDay|[upkeep]
|upkeep
|turn|2
|
|t:|1655582703
|switch|p1a: Ferrothorn|Ferrothorn, M|100/100
|switch|p2a: Delivery Boi|Pelipper, M|100/100
|-weather|RainDance|[from] ability: Drizzle|[of] p2a: Delivery Boi
|
|-weather|RainDance|[upkeep]
|upkeep
|turn|3
|
|t:|1655582713
|move|p2a: Delivery Boi|Hurricane|p1a: Ferrothorn
|-damage|p1a: Ferrothorn|69/100
|-start|p1a: Ferrothorn|confusion
|-activate|p1a: Ferrothorn|confusion
|move|p1a: Ferrothorn|Stealth Rock|p2a: Delivery Boi
|-sidestart|p2: hv43|move: Stealth Rock
|
|-weather|RainDance|[upkeep]
|-heal|p1a: Ferrothorn|75/100|[from] item: Leftovers
|upkeep
|turn|4
|
|t:|1655582734
|switch|p1a: Blissey|Blissey, F|100/100
|move|p2a: Delivery Boi|Hurricane|p1a: Blissey
|-damage|p1a: Blissey|90/100
|
|-weather|RainDance|[upkeep]
|-heal|p1a: Blissey|97/100|[from] item: Leftovers
|upkeep
|turn|5
|
|t:|1655582743
|move|p2a: Delivery Boi|U-turn|p1a: Blissey
|-damage|p1a: Blissey|80/100
|
|t:|1655582754
|switch|p2a: Goomba Boi|Sharpedo, F|100/100|[from]move: U-turn
|-damage|p2a: Goomba Boi|88/100|[from] Stealth Rock
|move|p1a: Blissey|Thunder|p2a: Goomba Boi
|-supereffective|p2a: Goomba Boi
|-damage|p2a: Goomba Boi|0 fnt
|faint|p2a: Goomba Boi
|
|-weather|RainDance|[upkeep]
|-heal|p1a: Blissey|86/100|[from] item: Leftovers
|-fieldend|move: Psychic Terrain
|upkeep
|
|t:|1655582761
|switch|p2a: Scary Boi|Gyarados, F|100/100
|-damage|p2a: Scary Boi|76/100|[from] Stealth Rock
|turn|6
|
|t:|1655582805
|switch|p1a: Toxapex|Toxapex, F, shiny|100/100
|-zpower|p2a: Scary Boi
|move|p2a: Scary Boi|Supersonic Skystrike|p1a: Toxapex|[zeffect]
|-damage|p1a: Toxapex|50/100
|
|-weather|RainDance|[upkeep]
|-heal|p1a: Toxapex|56/100|[from] item: Black Sludge
|upkeep
|turn|7
|
|t:|1655582862
|move|p1a: Toxapex|Baneful Bunker|p1a: Toxapex
|-singleturn|p1a: Toxapex|move: Protect
|move|p2a: Scary Boi|Bounce||[still]
|-prepare|p2a: Scary Boi|Bounce
|
|-weather|RainDance|[upkeep]
|-heal|p1a: Toxapex|62/100|[from] item: Black Sludge
|upkeep
|turn|8
|
|t:|1655582879
|move|p2a: Scary Boi|Bounce|p1a: Toxapex|[from]lockedmove|[miss]
|-miss|p2a: Scary Boi|p1a: Toxapex
|move|p1a: Toxapex|Recover|p1a: Toxapex
|-heal|p1a: Toxapex|100/100
|
|-weather|RainDance|[upkeep]
|upkeep
|turn|9
|
|t:|1655582886
|move|p2a: Scary Boi|Earthquake|p1a: Toxapex
|-supereffective|p1a: Toxapex
|-crit|p1a: Toxapex
|-damage|p1a: Toxapex|44/100
|move|p1a: Toxapex|Toxic Spikes|p2a: Scary Boi
|-sidestart|p2: hv43|move: Toxic Spikes
|
|-weather|none
|-heal|p1a: Toxapex|50/100|[from] item: Black Sludge
|upkeep
|turn|10
|
|t:|1655582897
|move|p1a: Toxapex|Baneful Bunker|p1a: Toxapex
|-singleturn|p1a: Toxapex|move: Protect
|move|p2a: Scary Boi|Dragon Dance|p2a: Scary Boi
|-boost|p2a: Scary Boi|atk|1
|-boost|p2a: Scary Boi|spe|1
|
|-heal|p1a: Toxapex|56/100|[from] item: Black Sludge
|upkeep
|turn|11
|
|t:|1655582906
|switch|p1a: Rillaboom|Rillaboom, F|100/100
|-fieldstart|move: Grassy Terrain|[from] ability: Grassy Surge|[of] p1a: Rillaboom
|move|p2a: Scary Boi|Earthquake|p1a: Rillaboom
|-resisted|p1a: Rillaboom
|-damage|p1a: Rillaboom|88/100
|
|-heal|p1a: Rillaboom|94/100|[from] Grassy Terrain
|upkeep
|turn|12
|
|t:|1655582914
|move|p2a: Scary Boi|Bounce||[still]
|-prepare|p2a: Scary Boi|Bounce
|move|p1a: Rillaboom|Substitute|p1a: Rillaboom
|-start|p1a: Rillaboom|Substitute
|-damage|p1a: Rillaboom|69/100
|
|-heal|p1a: Rillaboom|76/100|[from] Grassy Terrain
|upkeep
|turn|13
|
|t:|1655582944
|move|p2a: Scary Boi|Bounce|p1a: Rillaboom|[from]lockedmove
|-supereffective|p1a: Rillaboom
|-end|p1a: Rillaboom|Substitute
|move|p1a: Rillaboom|Swords Dance|p1a: Rillaboom
|-boost|p1a: Rillaboom|atk|2
|
|-heal|p1a: Rillaboom|82/100|[from] Grassy Terrain
|upkeep
|turn|14
|
|t:|1655582950
|move|p1a: Rillaboom|Grassy Glide|p2a: Scary Boi
|-crit|p2a: Scary Boi
|-damage|p2a: Scary Boi|0 fnt
|faint|p2a: Scary Boi
|
|-heal|p1a: Rillaboom|88/100|[from] Grassy Terrain
|upkeep
|
|t:|1655582954
|switch|p2a: Delivery Boi|Pelipper, M|100/100
|-damage|p2a: Delivery Boi|76/100|[from] Stealth Rock
|-weather|RainDance|[from] ability: Drizzle|[of] p2a: Delivery Boi
|turn|15
|
|t:|1655582961
|move|p1a: Rillaboom|Grassy Glide|p2a: Delivery Boi
|-damage|p2a: Delivery Boi|0 fnt
|faint|p2a: Delivery Boi
|
|-weather|RainDance|[upkeep]
|-heal|p1a: Rillaboom|94/100|[from] Grassy Terrain
|upkeep
|
|t:|1655582966
|switch|p2a: Jojo Reference Boi|Urshifu-Rapid-Strike, F|100/100
|-damage|p2a: Jojo Reference Boi|94/100|[from] Stealth Rock
|-status|p2a: Jojo Reference Boi|psn
|turn|16
|
|t:|1655582971
|move|p1a: Rillaboom|Grassy Glide|p2a: Jojo Reference Boi
|-supereffective|p2a: Jojo Reference Boi
|-damage|p2a: Jojo Reference Boi|0 fnt
|faint|p2a: Jojo Reference Boi
|
|-weather|RainDance|[upkeep]
|-heal|p1a: Rillaboom|100/100|[from] Grassy Terrain
|upkeep
|
|t:|1655582973
|switch|p2a: Chompy Boi|Dracovish|100/100
|-damage|p2a: Chompy Boi|88/100|[from] Stealth Rock
|-status|p2a: Chompy Boi|psn
|turn|17
|
|t:|1655582982
|move|p1a: Rillaboom|Grassy Glide|p2a: Chompy Boi
|-damage|p2a: Chompy Boi|0 fnt
|faint|p2a: Chompy Boi
|
|-weather|RainDance|[upkeep]
|upkeep
|
|t:|1655582983
|switch|p2a: Uber Boi|Kyogre|100/100
|-damage|p2a: Uber Boi|88/100|[from] Stealth Rock
|-status|p2a: Uber Boi|psn
|turn|18
|
|t:|1655582990
|move|p1a: Rillaboom|Grassy Glide|p2a: Uber Boi
|-supereffective|p2a: Uber Boi
|-damage|p2a: Uber Boi|0 fnt
|faint|p2a: Uber Boi
|
|win|Ike745
|c|☆Ike745|gg
