|j|☆World breaker Odin
|j|☆rowletroost
|t:|1636673020
|gametype|singles
|player|p1|World breaker Odin|nanu|1491
|player|p2|rowletroost|candice|1807
|teamsize|p1|6
|teamsize|p2|6
|gen|8
|tier|[Gen 8] National Dex AG
|rated|
|rule|HP Percentage Mod: HP is shown in percentages
|rule|Endless Battle Clause: Forcing endless battles is banned
|clearpoke
|poke|p1|Rayquaza|
|poke|p1|Necrozma-Dusk-Mane|
|poke|p1|Yveltal|
|poke|p1|Groudon|
|poke|p1|Zygarde|
|poke|p1|Zacian-*|
|poke|p2|Arceus-*|
|poke|p2|Xerneas-*|
|poke|p2|Kyogre|
|poke|p2|Marshadow|
|poke|p2|Ribombee, F|
|poke|p2|Vivillon-Savanna, M|
|teampreview
|inactive|Battle timer is ON: inactive players will automatically lose when time's up. (requested by rowletroost)
|inactive|World breaker Odin also wants the timer to be on.
|
|t:|1636673037
|start
|switch|p1a: Necrozma|Necrozma-Dusk-Mane, shiny|100/100
|switch|p2a: Arceus|Arceus-Ground|100/100
|turn|1
|
|t:|1636673043
|move|p2a: Arceus|Judgment|p1a: Necrozma
|-supereffective|p1a: Necrozma
|-damage|p1a: Necrozma|39/100
|move|p1a: Necrozma|Stealth Rock|p2a: Arceus
|-sidestart|p2: rowletroost|move: Stealth Rock
|
|upkeep
|turn|2
|
|t:|1636673051
|move|p2a: Arceus|Judgment|p1a: Necrozma
|-supereffective|p1a: Necrozma
|-damage|p1a: Necrozma|0 fnt
|faint|p1a: Necrozma
|
|upkeep
|
|t:|1636673058
|switch|p1a: Rayquaza|Rayquaza|100/100
|-ability|p1a: Rayquaza|Air Lock
|turn|3
|
|t:|1636673064
|detailschange|p1a: Rayquaza|Rayquaza-Mega
|-mega|p1a: Rayquaza|Rayquaza|
|-weather|DeltaStream|[from] ability: Delta Stream|[of] p1a: Rayquaza
|move|p1a: Rayquaza|Dragon Ascent|p2a: Arceus
|-damage|p2a: Arceus|35/100
|-unboost|p1a: Rayquaza|def|1
|-unboost|p1a: Rayquaza|spd|1
|move|p2a: Arceus|Defog|p1a: Rayquaza
|-unboost|p1a: Rayquaza|evasion|1
|-sideend|p2: rowletroost|Stealth Rock|[from] move: Defog|[of] p2a: Arceus
|
|-weather|DeltaStream|[upkeep]
|upkeep
|turn|4
|
|t:|1636673081
|-start|p2a: Arceus|Dynamax
|-heal|p2a: Arceus|35/100|[silent]
|move|p1a: Rayquaza|Dragon Ascent|p2a: Arceus
|-damage|p2a: Arceus|5/100
|-unboost|p1a: Rayquaza|def|1
|-unboost|p1a: Rayquaza|spd|1
|move|p2a: Arceus|Max Hailstorm|p1a: Rayquaza
|-activate||deltastream
|-supereffective|p1a: Rayquaza
|-damage|p1a: Rayquaza|0 fnt
|-weather|Hail
|faint|p1a: Rayquaza
|
|-weather|Hail|[upkeep]
|-damage|p2a: Arceus|2/100|[from] Hail
|upkeep
|
|t:|1636673097
|switch|p1a: Zacian|Zacian-Crowned, shiny|100/100
|-ability|p1a: Zacian|Intrepid Sword|boost
|-boost|p1a: Zacian|atk|1
|turn|5
|
|t:|1636673102
|move|p1a: Zacian|Behemoth Blade|p2a: Arceus
|-damage|p2a: Arceus|0 fnt
|faint|p2a: Arceus
|
|-weather|Hail|[upkeep]
|-damage|p1a: Zacian|94/100|[from] Hail
|upkeep
|
|t:|1636673107
|switch|p2a: Kyogre|Kyogre, shiny|100/100
|detailschange|p2a: Kyogre|Kyogre-Primal, shiny
|-primal|p2a: Kyogre
|-weather|PrimordialSea|[from] ability: Primordial Sea|[of] p2a: Kyogre
|turn|6
|
|t:|1636673115
|move|p1a: Zacian|Wild Charge|p2a: Kyogre
|-supereffective|p2a: Kyogre
|-damage|p2a: Kyogre|0 fnt
|faint|p2a: Kyogre
|-weather|none
|-damage|p1a: Zacian|63/100|[from] Recoil
|
|upkeep
|
|t:|1636673128
|switch|p2a: Marshadow|Marshadow|100/100
|turn|7
|
|t:|1636673132
|switch|p1a: Zygarde|Zygarde, shiny|100/100
|move|p2a: Marshadow|Rock Tomb|p1a: Zygarde
|-resisted|p1a: Zygarde
|-damage|p1a: Zygarde|93/100
|-unboost|p1a: Zygarde|spe|1
|
|-heal|p1a: Zygarde|99/100|[from] item: Leftovers
|upkeep
|turn|8
|
|t:|1636673142
|switch|p2a: Ribombee|Ribombee, F, shiny|100/100
|move|p1a: Zygarde|Substitute|p1a: Zygarde
|-start|p1a: Zygarde|Substitute
|-damage|p1a: Zygarde|74/100
|
|-heal|p1a: Zygarde|80/100|[from] item: Leftovers
|upkeep
|turn|9
|
|t:|1636673151
|move|p2a: Ribombee|Sticky Web|p1a: Zygarde
|-sidestart|p1: World breaker Odin|move: Sticky Web
|move|p1a: Zygarde|Glare|p2a: Ribombee
|-status|p2a: Ribombee|par
|
|-heal|p1a: Zygarde|86/100|[from] item: Leftovers
|upkeep
|turn|10
|
|t:|1636673159
|move|p2a: Ribombee|Aromatherapy|p2a: Ribombee
|-activate|p2a: Ribombee|move: Aromatherapy
|-curestatus|p2a: Ribombee|par|[msg]
|move|p1a: Zygarde|Coil|p1a: Zygarde
|-boost|p1a: Zygarde|atk|1
|-boost|p1a: Zygarde|def|1
|-boost|p1a: Zygarde|accuracy|1
|
|-heal|p1a: Zygarde|93/100|[from] item: Leftovers
|upkeep
|turn|11
|
|t:|1636673170
|move|p2a: Ribombee|Moonblast|p1a: Zygarde
|-supereffective|p1a: Zygarde
|-end|p1a: Zygarde|Substitute
|move|p1a: Zygarde|Glare|p2a: Ribombee
|-status|p2a: Ribombee|par
|
|-heal|p1a: Zygarde|99/100|[from] item: Leftovers
|upkeep
|turn|12
|
|t:|1636673179
|move|p2a: Ribombee|Moonblast|p1a: Zygarde
|-supereffective|p1a: Zygarde
|-damage|p1a: Zygarde|33/100
|move|p1a: Zygarde|Substitute|p1a: Zygarde
|-start|p1a: Zygarde|Substitute
|-damage|p1a: Zygarde|8/100
|
|-heal|p1a: Zygarde|14/100|[from] item: Leftovers
|-activate|p1a: Zygarde|ability: Power Construct
|detailschange|p1a: Zygarde|Zygarde-Complete, shiny
|-heal|p1a: Zygarde|43/100|[silent]
|upkeep
|turn|13
|
|t:|1636673192
|cant|p2a: Ribombee|par
|move|p1a: Zygarde|Thousand Arrows|p2a: Ribombee
|-resisted|p2a: Ribombee
|-damage|p2a: Ribombee|53/100 par
|
|-heal|p1a: Zygarde|49/100|[from] item: Leftovers
|upkeep
|turn|14
|
|t:|1636673201
|move|p2a: Ribombee|Moonblast|p1a: Zygarde
|-supereffective|p1a: Zygarde
|-end|p1a: Zygarde|Substitute
|move|p1a: Zygarde|Thousand Arrows|p2a: Ribombee
|-resisted|p2a: Ribombee
|-damage|p2a: Ribombee|7/100 par
|
|-heal|p1a: Zygarde|56/100|[from] item: Leftovers
|upkeep
|turn|15
|
|t:|1636673216
|-start|p1a: Zygarde|Dynamax
|-heal|p1a: Zygarde|56/100|[silent]
|move|p2a: Ribombee|Moonblast|p1a: Zygarde
|-supereffective|p1a: Zygarde
|-damage|p1a: Zygarde|34/100
|-unboost|p1a: Zygarde|spa|1
|move|p1a: Zygarde|Max Quake|p2a: Ribombee
|-resisted|p2a: Ribombee
|-damage|p2a: Ribombee|0 fnt
|-boost|p1a: Zygarde|spd|1
|faint|p2a: Ribombee
|
|-heal|p1a: Zygarde|37/100|[from] item: Leftovers
|upkeep
|
|t:|1636673231
|switch|p2a: Marshadow|Marshadow|100/100
|turn|16
|
|t:|1636673235
|move|p2a: Marshadow|Spectral Thief||[still]
|-clearpositiveboost|p1a: Zygarde|p2a: Marshadow|move: Spectral Thief
|-boost|p2a: Marshadow|atk|1
|-boost|p2a: Marshadow|def|1
|-boost|p2a: Marshadow|spd|1
|-boost|p2a: Marshadow|accuracy|1
|-anim|p2a: Marshadow|Spectral Thief|p1a: Zygarde
|-damage|p1a: Zygarde|25/100
|move|p1a: Zygarde|Max Quake|p2a: Marshadow
|-damage|p2a: Marshadow|64/100
|-boost|p1a: Zygarde|spd|1
|
|-heal|p1a: Zygarde|28/100|[from] item: Leftovers
|upkeep
|turn|17
|
|t:|1636673251
|move|p1a: Zygarde|Max Guard|p1a: Zygarde
|-singleturn|p1a: Zygarde|Max Guard
|move|p2a: Marshadow|Spectral Thief|p1a: Zygarde
|-activate|p1a: Zygarde|move: Max Guard
|
|-heal|p1a: Zygarde|31/100|[from] item: Leftovers
|-end|p1a: Zygarde|Dynamax
|-heal|p1a: Zygarde|31/100|[silent]
|upkeep
|turn|18
|
|t:|1636673275
|switch|p1a: Groudon|Groudon, shiny|100/100
|-activate|p1a: Groudon|move: Sticky Web
|-unboost|p1a: Groudon|spe|1
|detailschange|p1a: Groudon|Groudon-Primal, shiny
|-primal|p1a: Groudon
|-weather|DesolateLand|[from] ability: Desolate Land|[of] p1a: Groudon
|move|p2a: Marshadow|Close Combat|p1a: Groudon
|-damage|p1a: Groudon|43/100
|-unboost|p2a: Marshadow|def|1
|-unboost|p2a: Marshadow|spd|1
|
|-weather|DesolateLand|[upkeep]
|upkeep
|turn|19
|
|t:|1636673288
|move|p2a: Marshadow|Close Combat|p1a: Groudon
|-damage|p1a: Groudon|0 fnt
|-unboost|p2a: Marshadow|def|1
|-unboost|p2a: Marshadow|spd|1
|faint|p1a: Groudon
|-weather|none
|
|upkeep
|-message|World breaker Odin forfeited.
|
|win|rowletroost
|raw|World breaker Odin's rating: 1491 &rarr; <strong>1485</strong><br />(-6 for losing)
|raw|rowletroost's rating: 1807 &rarr; <strong>1813</strong><br />(+6 for winning)
|l|☆World breaker Odin
