|j|☆aselia the eternal
|j|☆hanwujiwandou
|t:|1664501669
|gametype|singles
|player|p1|aselia the eternal|101|1859
|player|p2|hanwujiwandou|lillie-z|1791
|teamsize|p1|6
|teamsize|p2|6
|gen|8
|tier|[Gen 8] National Dex AG
|rated|
|rule|HP Percentage Mod: HP is shown in percentages
|rule|Endless Battle Clause: Forcing endless battles is banned
|clearpoke
|poke|p1|Arceus-*|
|poke|p1|Deoxys-Speed|
|poke|p1|Arceus-*|
|poke|p1|Arceus-*|
|poke|p1|Arceus-*|
|poke|p1|Arceus-*|
|poke|p2|Zacian-*|
|poke|p2|Marshadow|
|poke|p2|Ho-Oh|
|poke|p2|Groudon|
|poke|p2|Calyrex-Shadow|
|poke|p2|Yveltal|
|teampreview
|inactive|Battle timer is ON: inactive players will automatically lose when time's up. (requested by hanwujiwandou)
|
|t:|1664501680
|start
|switch|p1a: Arceus|Arceus-Ice|100/100
|switch|p2a: Groudon|Groudon|100/100
|detailschange|p2a: Groudon|Groudon-Primal
|-primal|p2a: Groudon
|-weather|DesolateLand|[from] ability: Desolate Land|[of] p2a: Groudon
|turn|1
|
|t:|1664501687
|move|p1a: Arceus|Stealth Rock|p2a: Groudon
|-sidestart|p2: hanwujiwandou|move: Stealth Rock
|move|p2a: Groudon|Stealth Rock|p1a: Arceus
|-sidestart|p1: aselia the eternal|move: Stealth Rock
|
|-weather|DesolateLand|[upkeep]
|upkeep
|turn|2
|
|t:|1664501690
|move|p1a: Arceus|Judgment|p2a: Groudon
|-damage|p2a: Groudon|35/100
|move|p2a: Groudon|Precipice Blades|p1a: Arceus
|-damage|p1a: Arceus|49/100
|
|-weather|DesolateLand|[upkeep]
|upkeep
|turn|3
|
|t:|1664501701
|-weather|none
|switch|p2a: Ho-Oh|Ho-Oh|100/100
|move|p1a: Arceus|Judgment|p2a: Ho-Oh
|-damage|p2a: Ho-Oh|65/100
|
|upkeep
|turn|4
|inactive|aselia the eternal has 120 seconds left.
|
|t:|1664501742
|move|p1a: Arceus|Judgment|p2a: Ho-Oh
|-damage|p2a: Ho-Oh|30/100
|move|p2a: Ho-Oh|Recover|p2a: Ho-Oh
|-heal|p2a: Ho-Oh|80/100
|
|upkeep
|turn|5
|
|t:|1664501754
|switch|p1a: Arceus|Arceus-Ground|100/100
|-damage|p1a: Arceus|94/100|[from] Stealth Rock
|move|p2a: Ho-Oh|Sacred Fire|p1a: Arceus
|-damage|p1a: Arceus|64/100
|
|upkeep
|turn|6
|
|t:|1664501759
|move|p1a: Arceus|Stone Edge|p2a: Ho-Oh
|-supereffective|p2a: Ho-Oh
|-damage|p2a: Ho-Oh|0 fnt
|faint|p2a: Ho-Oh
|
|upkeep
|
|t:|1664501765
|switch|p2a: Yveltal|Yveltal|100/100
|-damage|p2a: Yveltal|76/100|[from] Stealth Rock
|-ability|p2a: Yveltal|Dark Aura
|turn|7
|inactive|aselia the eternal has 120 seconds left.
|inactive|aselia the eternal has 90 seconds left.
|
|t:|1664501823
|-start|p1a: Arceus|Dynamax|
|-heal|p1a: Arceus|64/100|[silent]
|-start|p2a: Yveltal|Dynamax|
|-heal|p2a: Yveltal|76/100|[silent]
|move|p1a: Arceus|Max Strike|p2a: Yveltal
|-damage|p2a: Yveltal|54/100
|-unboost|p2a: Yveltal|spe|1
|move|p2a: Yveltal|Max Airstream|p1a: Arceus
|-damage|p1a: Arceus|36/100
|-boost|p2a: Yveltal|spe|1
|
|upkeep
|turn|8
|
|t:|1664501840
|move|p1a: Arceus|Max Guard|p1a: Arceus
|-singleturn|p1a: Arceus|Max Guard
|move|p2a: Yveltal|Max Airstream|p1a: Arceus
|-activate|p1a: Arceus|move: Max Guard
|
|upkeep
|turn|9
|inactive|aselia the eternal has 60 seconds left.
|
|t:|1664501865
|move|p1a: Arceus|Max Strike|p2a: Yveltal
|-damage|p2a: Yveltal|32/100
|-unboost|p2a: Yveltal|spe|1
|move|p2a: Yveltal|Max Airstream|p1a: Arceus
|-damage|p1a: Arceus|6/100
|-boost|p2a: Yveltal|spe|1
|
|upkeep
|-end|p1a: Arceus|Dynamax
|-heal|p1a: Arceus|6/100|[silent]
|-end|p2a: Yveltal|Dynamax
|-heal|p2a: Yveltal|32/100|[silent]
|turn|10
|inactive|aselia the eternal has 60 seconds left.
|
|t:|1664501886
|move|p2a: Yveltal|Sucker Punch|p1a: Arceus
|-damage|p1a: Arceus|0 fnt
|faint|p1a: Arceus
|
|upkeep
|j| red de pokemon oro
|inactive|aselia the eternal has 30 seconds left.
|inactive|aselia the eternal has 20 seconds left.
|inactive|aselia the eternal has 15 seconds left.
|
|t:|1664501925
|switch|p1a: Arceus|Arceus-Grass|100/100
|-damage|p1a: Arceus|88/100|[from] Stealth Rock
|turn|11
|inactive|aselia the eternal has 25 seconds left this turn.
|
|t:|1664501927
|move|p1a: Arceus|Stone Edge|p2a: Yveltal|[miss]
|-miss|p1a: Arceus|p2a: Yveltal
|move|p2a: Yveltal|Oblivion Wing|p1a: Arceus
|-supereffective|p1a: Arceus
|-damage|p1a: Arceus|18/100
|-heal|p2a: Yveltal|83/100|[from] drain|[of] p1a: Arceus
|
|upkeep
|turn|12
|inactive|aselia the eternal has 30 seconds left.
|c|☆aselia the eternal|..
|
|t:|1664501936
|move|p1a: Arceus|Stone Edge|p2a: Yveltal
|-supereffective|p2a: Yveltal
|-crit|p2a: Yveltal
|-damage|p2a: Yveltal|0 fnt
|faint|p2a: Yveltal
|
|upkeep
|
|t:|1664501946
|switch|p2a: Zacian|Zacian-Crowned|100/100
|-damage|p2a: Zacian|94/100|[from] Stealth Rock
|-ability|p2a: Zacian|Intrepid Sword|boost
|-boost|p2a: Zacian|atk|1
|turn|13
|
|t:|1664501949
|move|p2a: Zacian|Behemoth Blade|p1a: Arceus
|-crit|p1a: Arceus
|-damage|p1a: Arceus|0 fnt
|faint|p1a: Arceus
|
|upkeep
|
|t:|1664501967
|switch|p1a: Deoxys|Deoxys-Speed|100/100
|-damage|p1a: Deoxys|88/100|[from] Stealth Rock
|-ability|p1a: Deoxys|Pressure
|turn|14
|
|t:|1664501982
|move|p1a: Deoxys|Reflect|p1a: Deoxys
|-sidestart|p1: aselia the eternal|Reflect
|move|p2a: Zacian|Behemoth Blade|p1a: Deoxys
|-damage|p1a: Deoxys|37/100
|
|upkeep
|turn|15
|
|t:|1664501988
|move|p1a: Deoxys|Spikes|p2a: Zacian
|-sidestart|p2: hanwujiwandou|Spikes
|move|p2a: Zacian|Behemoth Blade|p1a: Deoxys
|-damage|p1a: Deoxys|0 fnt
|faint|p1a: Deoxys
|
|upkeep
|
|t:|1664501992
|switch|p1a: Arceus|Arceus-Ground|100/100
|-damage|p1a: Arceus|94/100|[from] Stealth Rock
|turn|16
|inactive|aselia the eternal has 60 seconds left.
|
|t:|1664502005
|switch|p2a: Groudon|Groudon-Primal|35/100
|-damage|p2a: Groudon|23/100|[from] Stealth Rock
|-damage|p2a: Groudon|11/100|[from] Spikes
|-weather|DesolateLand|[from] ability: Desolate Land|[of] p2a: Groudon
|move|p1a: Arceus|Earthquake|p2a: Groudon
|-supereffective|p2a: Groudon
|-damage|p2a: Groudon|0 fnt
|faint|p2a: Groudon
|-weather|none
|
|upkeep
|
|t:|1664502022
|switch|p2a: Calyrex|Calyrex-Shadow|100/100
|-ability|p2a: Calyrex|As One
|-ability|p2a: Calyrex|Unnerve
|-damage|p2a: Calyrex|88/100|[from] Stealth Rock
|-damage|p2a: Calyrex|76/100|[from] Spikes
|turn|17
|
|t:|1664502027
|move|p2a: Calyrex|Astral Barrage|p1a: Arceus
|-damage|p1a: Arceus|34/100
|move|p1a: Arceus|Earthquake|p2a: Calyrex
|-damage|p2a: Calyrex|4/100
|
|upkeep
|turn|18
|
|t:|1664502049
|move|p2a: Calyrex|Astral Barrage|p1a: Arceus
|-damage|p1a: Arceus|0 fnt
|faint|p1a: Arceus
|-ability|p2a: Calyrex|Grim Neigh|boost
|-boost|p2a: Calyrex|spa|1
|
|upkeep
|
|t:|1664502053
|switch|p1a: Arceus|Arceus|100/100
|-damage|p1a: Arceus|88/100|[from] Stealth Rock
|turn|19
|
|t:|1664502065
|move|p2a: Calyrex|Astral Barrage|p1a: Arceus
|-immune|p1a: Arceus
|move|p1a: Arceus|Shadow Claw|p2a: Calyrex
|-supereffective|p2a: Calyrex
|-damage|p2a: Calyrex|0 fnt
|faint|p2a: Calyrex
|
|upkeep
|
|t:|1664502068
|switch|p2a: Zacian|Zacian-Crowned|94/100
|-damage|p2a: Zacian|88/100|[from] Stealth Rock
|-damage|p2a: Zacian|76/100|[from] Spikes
|-ability|p2a: Zacian|Intrepid Sword|boost
|-boost|p2a: Zacian|atk|1
|turn|20
|
|t:|1664502075
|move|p2a: Zacian|Behemoth Blade|p1a: Arceus
|-damage|p1a: Arceus|58/100
|move|p1a: Arceus|Earthquake|p2a: Zacian
|-supereffective|p2a: Zacian
|-damage|p2a: Zacian|9/100
|
|upkeep
|turn|21
|
|t:|1664502080
|move|p1a: Arceus|Extreme Speed|p2a: Zacian
|-resisted|p2a: Zacian
|-damage|p2a: Zacian|0 fnt
|faint|p2a: Zacian
|
|-sideend|p1: aselia the eternal|Reflect
|upkeep
|
|t:|1664502084
|switch|p2a: Marshadow|Marshadow|100/100
|-damage|p2a: Marshadow|94/100|[from] Stealth Rock
|-damage|p2a: Marshadow|82/100|[from] Spikes
|turn|22
|
|t:|1664502086
|move|p2a: Marshadow|Close Combat|p1a: Arceus
|-supereffective|p1a: Arceus
|-enditem|p1a: Arceus|Chople Berry|[eat]
|-enditem|p1a: Arceus|Chople Berry|[weaken]
|-damage|p1a: Arceus|19/100
|-unboost|p2a: Marshadow|def|1
|-unboost|p2a: Marshadow|spd|1
|move|p1a: Arceus|Shadow Claw|p2a: Marshadow
|-supereffective|p2a: Marshadow
|-damage|p2a: Marshadow|0 fnt
|faint|p2a: Marshadow
|
|win|aselia the eternal
|raw|aselia the eternal's rating: 1859 &rarr; <strong>1875</strong><br />(+16 for winning)
|raw|hanwujiwandou's rating: 1791 &rarr; <strong>1775</strong><br />(-16 for losing)
|l|☆hanwujiwandou
|l| red de pokemon oro
||Ladder isn't responding, score probably updated but might not have (Request timeout).
