|j|☆lochdaddy
|j|☆Pawnnel
|t:|1656315367
|gametype|singles
|player|p1|lochdaddy|caitlin|1510
|player|p2|Pawnnel|psychic-gen4|1627
|teamsize|p1|6
|teamsize|p2|6
|gen|8
|tier|[Gen 8] National Dex AG
|rated|
|rule|HP Percentage Mod: HP is shown in percentages
|rule|Endless Battle Clause: Forcing endless battles is banned
|clearpoke
|poke|p1|Excadrill, M|
|poke|p1|Grimmsnarl, M|
|poke|p1|Xerneas-*|
|poke|p1|Rayquaza|
|poke|p1|Necrozma-Dusk-Mane|
|poke|p1|Arceus-*|
|poke|p2|Venusaur, M|
|poke|p2|Torkoal, M|
|poke|p2|Alakazam, M|
|poke|p2|Quagsire, M|
|poke|p2|Metagross|
|poke|p2|Garchomp, M|
|teampreview
|inactive|Battle timer is ON: inactive players will automatically lose when time's up. (requested by Pawnnel)
|inactive|lochdaddy also wants the timer to be on.
|
|t:|1656315377
|start
|switch|p1a: Excadrill|Excadrill, M|100/100
|switch|p2a: Rex|Garchomp, M|100/100
|-ability|p1a: Excadrill|Mold Breaker
|turn|1
|
|t:|1656315389
|move|p2a: Rex|Swords Dance|p2a: Rex
|-boost|p2a: Rex|atk|2
|move|p1a: Excadrill|Stealth Rock|p2a: Rex
|-sidestart|p2: Pawnnel|move: Stealth Rock
|
|upkeep
|turn|2
|
|t:|1656315401
|move|p2a: Rex|Earthquake|p1a: Excadrill
|-supereffective|p1a: Excadrill
|-enditem|p1a: Excadrill|Focus Sash
|-damage|p1a: Excadrill|1/100
|move|p1a: Excadrill|Toxic|p2a: Rex
|-status|p2a: Rex|tox
|
|-damage|p2a: Rex|94/100 tox|[from] psn
|upkeep
|turn|3
|
|t:|1656315411
|move|p2a: Rex|Scale Shot|p1a: Excadrill|[miss]
|-miss|p2a: Rex|p1a: Excadrill
|move|p1a: Excadrill|Earthquake|p2a: Rex
|-damage|p2a: Rex|40/100 tox
|
|-damage|p2a: Rex|27/100 tox|[from] psn
|upkeep
|turn|4
|
|t:|1656315420
|move|p2a: Rex|Earthquake|p1a: Excadrill
|-supereffective|p1a: Excadrill
|-damage|p1a: Excadrill|0 fnt
|faint|p1a: Excadrill
|
|-damage|p2a: Rex|9/100 tox|[from] psn
|upkeep
|
|t:|1656315427
|switch|p1a: Grimmsnarl|Grimmsnarl, M|100/100
|turn|5
|
|t:|1656315431
|move|p1a: Grimmsnarl|Reflect|p1a: Grimmsnarl
|-sidestart|p1: lochdaddy|Reflect
|move|p2a: Rex|Earthquake|p1a: Grimmsnarl
|-damage|p1a: Grimmsnarl|56/100
|
|-damage|p2a: Rex|0 fnt|[from] psn
|faint|p2a: Rex
|upkeep
|
|t:|1656315438
|switch|p2a: Turt|Torkoal, M|100/100
|-damage|p2a: Turt|76/100|[from] Stealth Rock
|-weather|SunnyDay|[from] ability: Drought|[of] p2a: Turt
|turn|6
|
|t:|1656315445
|move|p1a: Grimmsnarl|Light Screen|p1a: Grimmsnarl
|-sidestart|p1: lochdaddy|move: Light Screen
|move|p2a: Turt|Rapid Spin|p1a: Grimmsnarl
|-damage|p1a: Grimmsnarl|53/100
|-boost|p2a: Turt|spe|1
|-sideend|p2: Pawnnel|Stealth Rock|[from] move: Rapid Spin|[of] p2a: Turt
|
|-weather|SunnyDay|[upkeep]
|upkeep
|turn|7
|
|t:|1656315452
|move|p1a: Grimmsnarl|Taunt|p2a: Turt
|-start|p2a: Turt|move: Taunt
|cant|p2a: Turt|move: Taunt|Yawn
|
|-weather|SunnyDay|[upkeep]
|upkeep
|turn|8
|
|t:|1656315459
|switch|p2a: Metallix|Metagross|100/100
|move|p1a: Grimmsnarl|Thunder Wave|p2a: Metallix
|-status|p2a: Metallix|par
|
|-weather|SunnyDay|[upkeep]
|upkeep
|turn|9
|
|t:|1656315468
|detailschange|p2a: Metallix|Metagross-Mega
|-mega|p2a: Metallix|Metagross|Metagrossite
|move|p1a: Grimmsnarl|Taunt|p2a: Metallix
|-start|p2a: Metallix|move: Taunt
|cant|p2a: Metallix|move: Taunt|Agility
|
|-weather|SunnyDay|[upkeep]
|upkeep
|turn|10
|
|t:|1656315479
|switch|p1a: Rayquaza|Rayquaza|100/100
|-ability|p1a: Rayquaza|Air Lock
|move|p2a: Metallix|Meteor Mash|p1a: Rayquaza
|-damage|p1a: Rayquaza|59/100
|-boost|p2a: Metallix|atk|1
|
|-weather|SunnyDay|[upkeep]
|upkeep
|turn|11
|
|t:|1656315489
|detailschange|p1a: Rayquaza|Rayquaza-Mega
|-mega|p1a: Rayquaza|Rayquaza|
|-weather|DeltaStream|[from] ability: Delta Stream|[of] p1a: Rayquaza
|move|p1a: Rayquaza|Dragon Dance|p1a: Rayquaza
|-boost|p1a: Rayquaza|atk|1
|-boost|p1a: Rayquaza|spe|1
|move|p2a: Metallix|Meteor Mash|p1a: Rayquaza
|-damage|p1a: Rayquaza|9/100
|-boost|p2a: Metallix|atk|1
|
|-weather|DeltaStream|[upkeep]
|-end|p2a: Metallix|move: Taunt
|upkeep
|turn|12
|
|t:|1656315503
|move|p1a: Rayquaza|Earthquake|p2a: Metallix
|-supereffective|p2a: Metallix
|-damage|p2a: Metallix|0 fnt
|faint|p2a: Metallix
|-damage|p1a: Rayquaza|0 fnt|[from] item: Life Orb
|faint|p1a: Rayquaza
|-weather|none
|
|-sideend|p1: lochdaddy|Reflect
|upkeep
|
|t:|1656315517
|switch|p1a: Grimmsnarl|Grimmsnarl, M|53/100
|switch|p2a: Turt|Torkoal, M|76/100
|-weather|SunnyDay|[from] ability: Drought|[of] p2a: Turt
|turn|13
|
|t:|1656315523
|move|p1a: Grimmsnarl|Reflect|p1a: Grimmsnarl
|-sidestart|p1: lochdaddy|Reflect
|move|p2a: Turt|Yawn|p1a: Grimmsnarl
|-start|p1a: Grimmsnarl|move: Yawn|[of] p2a: Turt
|
|-weather|SunnyDay|[upkeep]
|-sideend|p1: lochdaddy|move: Light Screen
|upkeep
|turn|14
|
|t:|1656315531
|move|p1a: Grimmsnarl|Light Screen|p1a: Grimmsnarl
|-sidestart|p1: lochdaddy|move: Light Screen
|move|p2a: Turt|Flamethrower|p1a: Grimmsnarl
|-damage|p1a: Grimmsnarl|28/100
|
|-weather|SunnyDay|[upkeep]
|-end|p1a: Grimmsnarl|move: Yawn|[silent]
|-status|p1a: Grimmsnarl|slp
|upkeep
|turn|15
|
|t:|1656315538
|cant|p1a: Grimmsnarl|slp
|move|p2a: Turt|Yawn||[still]
|-fail|p2a: Turt
|
|-weather|SunnyDay|[upkeep]
|upkeep
|turn|16
|
|t:|1656315545
|cant|p1a: Grimmsnarl|slp
|move|p2a: Turt|Stealth Rock|p1a: Grimmsnarl
|-sidestart|p1: lochdaddy|move: Stealth Rock
|
|-weather|SunnyDay|[upkeep]
|upkeep
|turn|17
|
|t:|1656315553
|cant|p1a: Grimmsnarl|slp
|move|p2a: Turt|Flamethrower|p1a: Grimmsnarl
|-damage|p1a: Grimmsnarl|3/100 slp
|
|-weather|SunnyDay|[upkeep]
|upkeep
|turn|18
|
|t:|1656315562
|switch|p2a: Flop|Quagsire, M|100/100
|-curestatus|p1a: Grimmsnarl|slp|[msg]
|move|p1a: Grimmsnarl|Thunder Wave|p2a: Flop
|-immune|p2a: Flop
|
|-weather|SunnyDay|[upkeep]
|upkeep
|turn|19
|
|t:|1656315571
|move|p1a: Grimmsnarl|Taunt|p2a: Flop
|-start|p2a: Flop|move: Taunt
|move|p2a: Flop|Earthquake|p1a: Grimmsnarl
|-damage|p1a: Grimmsnarl|0 fnt
|faint|p1a: Grimmsnarl
|
|-weather|SunnyDay|[upkeep]
|upkeep
|
|t:|1656315596
|switch|p1a: Necrozma|Necrozma-Dusk-Mane|100/100
|-damage|p1a: Necrozma|95/100|[from] Stealth Rock
|turn|20
|
|t:|1656315609
|-start|p2a: Flop|Dynamax|
|-heal|p2a: Flop|100/100|[silent]
|move|p1a: Necrozma|Dragon Dance|p1a: Necrozma
|-boost|p1a: Necrozma|atk|1
|-boost|p1a: Necrozma|spe|1
|move|p2a: Flop|Max Quake|p1a: Necrozma
|-supereffective|p1a: Necrozma
|-damage|p1a: Necrozma|70/100
|-boost|p2a: Flop|spd|1
|-enditem|p1a: Necrozma|Weakness Policy
|-boost|p1a: Necrozma|atk|2|[from] item: Weakness Policy
|-boost|p1a: Necrozma|spa|2|[from] item: Weakness Policy
|
|-weather|none
|-sideend|p1: lochdaddy|Reflect
|upkeep
|turn|21
|
|t:|1656315625
|-start|p1a: Necrozma|Dynamax|
|-heal|p1a: Necrozma|70/100|[silent]
|move|p1a: Necrozma|Max Quake|p2a: Flop
|-damage|p2a: Flop|80/100
|-boost|p1a: Necrozma|spd|1
|move|p2a: Flop|Max Geyser|p1a: Necrozma
|-damage|p1a: Necrozma|55/100
|-weather|RainDance
|
|-weather|RainDance|[upkeep]
|-heal|p2a: Flop|83/100|[from] item: Leftovers
|-end|p2a: Flop|move: Taunt
|-sideend|p1: lochdaddy|move: Light Screen
|upkeep
|turn|22
|
|t:|1656315642
|move|p1a: Necrozma|Max Quake|p2a: Flop
|-damage|p2a: Flop|62/100
|-boost|p1a: Necrozma|spd|1
|move|p2a: Flop|Max Quake|p1a: Necrozma
|-supereffective|p1a: Necrozma
|-damage|p1a: Necrozma|28/100
|-boost|p2a: Flop|spd|1
|
|-weather|RainDance|[upkeep]
|-heal|p2a: Flop|65/100|[from] item: Leftovers
|upkeep
|-end|p2a: Flop|Dynamax
|-heal|p2a: Flop|65/100|[silent]
|turn|23
|
|t:|1656315657
|move|p1a: Necrozma|Max Quake|p2a: Flop
|-damage|p2a: Flop|27/100
|-boost|p1a: Necrozma|spd|1
|move|p2a: Flop|Recover|p2a: Flop
|-heal|p2a: Flop|77/100
|
|-weather|RainDance|[upkeep]
|-heal|p2a: Flop|83/100|[from] item: Leftovers
|upkeep
|-end|p1a: Necrozma|Dynamax
|-heal|p1a: Necrozma|29/100|[silent]
|turn|24
|c|☆lochdaddy|this thing is so skilless bruh
|
|t:|1656315670
|move|p1a: Necrozma|Earthquake|p2a: Flop
|-damage|p2a: Flop|50/100
|move|p2a: Flop|Curse|p2a: Flop
|-unboost|p2a: Flop|spe|1
|-boost|p2a: Flop|atk|1
|-boost|p2a: Flop|def|1
|
|-weather|RainDance|[upkeep]
|-heal|p2a: Flop|56/100|[from] item: Leftovers
|upkeep
|turn|25
|inactive|Pawnnel has 120 seconds left.
|c|☆Pawnnel|Bruv you got geomancy xerneas
|
|t:|1656315700
|move|p1a: Necrozma|Earthquake|p2a: Flop
|-damage|p2a: Flop|33/100
|move|p2a: Flop|Recover|p2a: Flop
|-heal|p2a: Flop|83/100
|
|-weather|none
|-heal|p2a: Flop|89/100|[from] item: Leftovers
|upkeep
|turn|26
|inactive|Pawnnel has 120 seconds left.
|
|t:|1656315715
|move|p1a: Necrozma|Sunsteel Strike|p2a: Flop
|-resisted|p2a: Flop
|-damage|p2a: Flop|51/100
|move|p2a: Flop|Curse|p2a: Flop
|-unboost|p2a: Flop|spe|1
|-boost|p2a: Flop|atk|1
|-boost|p2a: Flop|def|1
|
|-heal|p2a: Flop|57/100|[from] item: Leftovers
|upkeep
|turn|27
|inactive|Pawnnel has 120 seconds left.
|c|☆lochdaddy|oh lol i forgot abt that
|inactive|lochdaddy has 120 seconds left.
|
|t:|1656315734
|move|p1a: Necrozma|Dragon Dance|p1a: Necrozma
|-boost|p1a: Necrozma|atk|1
|-boost|p1a: Necrozma|spe|1
|move|p2a: Flop|Curse|p2a: Flop
|-unboost|p2a: Flop|spe|1
|-boost|p2a: Flop|atk|1
|-boost|p2a: Flop|def|1
|
|-heal|p2a: Flop|63/100|[from] item: Leftovers
|upkeep
|turn|28
|
|t:|1656315743
|move|p1a: Necrozma|Sunsteel Strike|p2a: Flop
|-resisted|p2a: Flop
|-damage|p2a: Flop|33/100
|move|p2a: Flop|Earthquake|p1a: Necrozma
|-supereffective|p1a: Necrozma
|-damage|p1a: Necrozma|0 fnt
|faint|p1a: Necrozma
|
|-heal|p2a: Flop|40/100|[from] item: Leftovers
|upkeep
|
|t:|1656315758
|switch|p1a: Xerneas|Xerneas|100/100
|-damage|p1a: Xerneas|88/100|[from] Stealth Rock
|-ability|p1a: Xerneas|Fairy Aura
|turn|29
|
|t:|1656315766
|move|p1a: Xerneas|Moonblast|p2a: Flop
|-damage|p2a: Flop|2/100
|move|p2a: Flop|Recover|p2a: Flop
|-heal|p2a: Flop|52/100
|
|-heal|p2a: Flop|58/100|[from] item: Leftovers
|upkeep
|turn|30
|c|☆lochdaddy|bro
|
|t:|1656315775
|move|p1a: Xerneas|Moonblast|p2a: Flop
|-damage|p2a: Flop|25/100
|-unboost|p2a: Flop|spa|1
|move|p2a: Flop|Recover|p2a: Flop
|-heal|p2a: Flop|75/100
|
|-heal|p2a: Flop|81/100|[from] item: Leftovers
|upkeep
|turn|31
|c|☆lochdaddy|so annoying
|
|t:|1656315789
|move|p1a: Xerneas|Moonblast|p2a: Flop
|-damage|p2a: Flop|41/100
|move|p2a: Flop|Recover|p2a: Flop
|-heal|p2a: Flop|91/100
|
|-heal|p2a: Flop|97/100|[from] item: Leftovers
|upkeep
|turn|32
|c|☆Pawnnel|You know whats annoying
|c|☆lochdaddy|u
|inactive|Pawnnel has 120 seconds left.
|-message|lochdaddy forfeited.
|
|win|Pawnnel
|raw|lochdaddy's rating: 1510 &rarr; <strong>1496</strong><br />(-14 for losing)
|raw|Pawnnel's rating: 1627 &rarr; <strong>1641</strong><br />(+14 for winning)
|l|☆lochdaddy
|c|☆Pawnnel|Getting the esquivalent of a double quiver dance in ine turn
