|j|☆u5r5u
|j|☆amnael1
|t:|1653658364
|gametype|singles
|player|p1|u5r5u|clerkf|1639
|player|p2|amnael1|dawn|1832
|teamsize|p1|6
|teamsize|p2|6
|gen|8
|tier|[Gen 8] National Dex AG
|rated|
|rule|HP Percentage Mod: HP is shown in percentages
|rule|Endless Battle Clause: Forcing endless battles is banned
|clearpoke
|poke|p1|Ditto|
|poke|p1|Calyrex-Shadow|
|poke|p1|Yveltal|
|poke|p1|Zacian-*|
|poke|p1|Kyogre|
|poke|p1|Necrozma-Dusk-Mane|
|poke|p2|Smeargle, M|
|poke|p2|Groudon|
|poke|p2|Espeon, M|
|poke|p2|Rayquaza|
|poke|p2|Xerneas-*|
|poke|p2|Zacian-*|
|teampreview
|inactive|Battle timer is ON: inactive players will automatically lose when time's up. (requested by u5r5u)
|
|t:|1653658373
|start
|switch|p1a: Calyrex|Calyrex-Shadow|100/100
|switch|p2a: Espeon|Espeon, M|100/100
|-ability|p1a: Calyrex|As One
|-ability|p1a: Calyrex|Unnerve
|turn|1
|
|t:|1653658383
|move|p1a: Calyrex|Astral Barrage|p2a: Espeon
|-supereffective|p2a: Espeon
|-enditem|p2a: Espeon|Focus Sash
|-damage|p2a: Espeon|1/100
|move|p2a: Espeon|Shadow Ball|p1a: Calyrex
|-supereffective|p1a: Calyrex
|-damage|p1a: Calyrex|0 fnt
|faint|p1a: Calyrex
|
|upkeep
|
|t:|1653658391
|switch|p1a: Zacian|Zacian-Crowned|100/100
|-ability|p1a: Zacian|Intrepid Sword|boost
|-boost|p1a: Zacian|atk|1
|turn|2
|
|t:|1653658400
|move|p1a: Zacian|Behemoth Blade|p2a: Espeon
|-damage|p2a: Espeon|0 fnt
|faint|p2a: Espeon
|
|upkeep
|
|t:|1653658402
|switch|p2a: Groudon|Groudon|100/100
|detailschange|p2a: Groudon|Groudon-Primal
|-primal|p2a: Groudon
|-weather|DesolateLand|[from] ability: Desolate Land|[of] p2a: Groudon
|turn|3
|
|t:|1653658408
|switch|p1a: Yveltal|Yveltal|100/100
|-ability|p1a: Yveltal|Dark Aura
|move|p2a: Groudon|Fire Punch|p1a: Yveltal
|-damage|p1a: Yveltal|38/100
|-status|p1a: Yveltal|brn
|
|-weather|DesolateLand|[upkeep]
|-damage|p1a: Yveltal|32/100 brn|[from] brn
|upkeep
|turn|4
|
|t:|1653658415
|-start|p1a: Yveltal|Dynamax|
|-heal|p1a: Yveltal|32/100 brn|[silent]
|move|p1a: Yveltal|Max Airstream|p2a: Groudon
|-damage|p2a: Groudon|32/100
|-boost|p1a: Yveltal|spe|1
|move|p2a: Groudon|Fire Punch|p1a: Yveltal
|-damage|p1a: Yveltal|0 fnt
|faint|p1a: Yveltal
|
|-weather|DesolateLand|[upkeep]
|upkeep
|
|t:|1653658421
|switch|p1a: Zacian|Zacian-Crowned|100/100
|-ability|p1a: Zacian|Intrepid Sword|boost
|-boost|p1a: Zacian|atk|1
|turn|5
|
|t:|1653658423
|move|p1a: Zacian|Close Combat|p2a: Groudon
|-damage|p2a: Groudon|0 fnt
|-unboost|p1a: Zacian|def|1
|-unboost|p1a: Zacian|spd|1
|faint|p2a: Groudon
|-weather|none
|
|upkeep
|
|t:|1653658425
|switch|p2a: Zacian|Zacian-Crowned|100/100
|-ability|p2a: Zacian|Intrepid Sword|boost
|-boost|p2a: Zacian|atk|1
|turn|6
|
|t:|1653658434
|switch|p1a: Necrozma|Necrozma-Dusk-Mane|100/100
|move|p2a: Zacian|Behemoth Blade|p1a: Necrozma
|-resisted|p1a: Necrozma
|-damage|p1a: Necrozma|74/100
|-damage|p2a: Zacian|84/100|[from] item: Rocky Helmet|[of] p1a: Necrozma
|
|upkeep
|turn|7
|
|t:|1653658440
|switch|p2a: Smeargle|Smeargle, M|100/100
|move|p1a: Necrozma|Stealth Rock|p2a: Smeargle
|-sidestart|p2: amnael1|move: Stealth Rock
|
|-ability|p2a: Smeargle|Moody|boost
|-boost|p2a: Smeargle|spe|2
|-unboost|p2a: Smeargle|def|1
|upkeep
|turn|8
|
|t:|1653658444
|move|p2a: Smeargle|Spore|p1a: Necrozma
|-status|p1a: Necrozma|slp|[from] move: Spore
|cant|p1a: Necrozma|slp
|
|-ability|p2a: Smeargle|Moody|boost
|-boost|p2a: Smeargle|spa|2
|-unboost|p2a: Smeargle|spe|1
|upkeep
|turn|9
|
|t:|1653658450
|move|p2a: Smeargle|Shift Gear|p2a: Smeargle
|-boost|p2a: Smeargle|spe|2
|-boost|p2a: Smeargle|atk|1
|cant|p1a: Necrozma|slp
|
|-ability|p2a: Smeargle|Moody|boost
|-boost|p2a: Smeargle|atk|2
|-unboost|p2a: Smeargle|def|1
|upkeep
|turn|10
|
|t:|1653658454
|move|p2a: Smeargle|Shift Gear|p2a: Smeargle
|-boost|p2a: Smeargle|spe|2
|-boost|p2a: Smeargle|atk|1
|cant|p1a: Necrozma|slp
|
|-ability|p2a: Smeargle|Moody|boost
|-boost|p2a: Smeargle|spd|2
|-unboost|p2a: Smeargle|def|1
|upkeep
|turn|11
|
|t:|1653658457
|move|p2a: Smeargle|Spiky Shield|p2a: Smeargle
|-singleturn|p2a: Smeargle|move: Protect
|-curestatus|p1a: Necrozma|slp|[msg]
|move|p1a: Necrozma|Thunder Wave|p2a: Smeargle
|-activate|p2a: Smeargle|move: Protect
|
|-ability|p2a: Smeargle|Moody|boost
|-boost|p2a: Smeargle|atk|2
|-unboost|p2a: Smeargle|spe|1
|upkeep
|turn|12
|
|t:|1653658468
|move|p2a: Smeargle|Spore|p1a: Necrozma
|-status|p1a: Necrozma|slp|[from] move: Spore
|cant|p1a: Necrozma|slp
|
|-ability|p2a: Smeargle|Moody|boost
|-boost|p2a: Smeargle|def|2
|-unboost|p2a: Smeargle|spa|1
|upkeep
|turn|13
|j| 47-Theconemann-47
|
|t:|1653658475
|move|p2a: Smeargle|Shift Gear|p2a: Smeargle
|-boost|p2a: Smeargle|spe|2
|-boost|p2a: Smeargle|atk|0
|-curestatus|p1a: Necrozma|slp|[msg]
|move|p1a: Necrozma|Morning Sun|p1a: Necrozma
|-heal|p1a: Necrozma|100/100
|
|-ability|p2a: Smeargle|Moody|boost
|-boost|p2a: Smeargle|def|2
|-unboost|p2a: Smeargle|spd|1
|upkeep
|turn|14
|
|t:|1653658486
|move|p2a: Smeargle|Spiky Shield|p2a: Smeargle
|-singleturn|p2a: Smeargle|move: Protect
|move|p1a: Necrozma|Thunder Wave|p2a: Smeargle
|-activate|p2a: Smeargle|move: Protect
|
|-ability|p2a: Smeargle|Moody|boost
|-boost|p2a: Smeargle|def|2
|-unboost|p2a: Smeargle|spe|1
|upkeep
|turn|15
|
|t:|1653658490
|move|p2a: Smeargle|Spore|p1a: Necrozma
|-status|p1a: Necrozma|slp|[from] move: Spore
|cant|p1a: Necrozma|slp
|
|-ability|p2a: Smeargle|Moody|boost
|-boost|p2a: Smeargle|spa|2
|-unboost|p2a: Smeargle|spe|1
|upkeep
|turn|16
|
|t:|1653658499
|move|p2a: Smeargle|Baton Pass|p2a: Smeargle
|
|t:|1653658501
|switch|p2a: Xerneas|Xerneas|100/100|[from]move: Baton Pass
|-damage|p2a: Xerneas|88/100|[from] Stealth Rock
|-ability|p2a: Xerneas|Fairy Aura
|-curestatus|p1a: Necrozma|slp|[msg]
|move|p1a: Necrozma|Thunder Wave|p2a: Xerneas
|-status|p2a: Xerneas|par
|
|upkeep
|turn|17
|
|t:|1653658512
|move|p2a: Xerneas|Geomancy||[still]
|-prepare|p2a: Xerneas|Geomancy
|-enditem|p2a: Xerneas|Power Herb
|-anim|p2a: Xerneas|Geomancy|p2a: Xerneas
|-boost|p2a: Xerneas|spa|2
|-boost|p2a: Xerneas|spd|2
|-boost|p2a: Xerneas|spe|2
|move|p1a: Necrozma|Sunsteel Strike|p2a: Xerneas
|-supereffective|p2a: Xerneas
|-damage|p2a: Xerneas|55/100 par
|
|upkeep
|turn|18
|
|t:|1653658525
|-start|p2a: Xerneas|Dynamax|
|-heal|p2a: Xerneas|55/100 par|[silent]
|move|p2a: Xerneas|Max Flare|p1a: Necrozma
|-supereffective|p1a: Necrozma
|-damage|p1a: Necrozma|0 fnt
|-weather|SunnyDay
|faint|p1a: Necrozma
|
|-weather|SunnyDay|[upkeep]
|upkeep
|
|t:|1653658538
|switch|p1a: Zacian|Zacian-Crowned|100/100
|-ability|p1a: Zacian|Intrepid Sword|boost
|-boost|p1a: Zacian|atk|1
|turn|19
|
|t:|1653658540
|switch|p1a: Kyogre|Kyogre|100/100
|-weather|RainDance|[from] ability: Drizzle|[of] p1a: Kyogre
|move|p2a: Xerneas|Max Flare|p1a: Kyogre
|-resisted|p1a: Kyogre
|-damage|p1a: Kyogre|79/100
|-weather|SunnyDay
|
|-weather|SunnyDay|[upkeep]
|upkeep
|turn|20
|
|t:|1653658554
|switch|p1a: Zacian|Zacian-Crowned|100/100
|-ability|p1a: Zacian|Intrepid Sword|boost
|-boost|p1a: Zacian|atk|1
|cant|p2a: Xerneas|par
|
|-weather|SunnyDay|[upkeep]
|upkeep
|-end|p2a: Xerneas|Dynamax
|-heal|p2a: Xerneas|55/100 par|[silent]
|turn|21
|
|t:|1653658561
|move|p2a: Xerneas|Hidden Power|p1a: Zacian
|-supereffective|p1a: Zacian
|-damage|p1a: Zacian|0 fnt
|faint|p1a: Zacian
|
|-weather|SunnyDay|[upkeep]
|upkeep
|
|t:|1653658565
|switch|p1a: Ditto|Ditto|100/100
|-transform|p1a: Ditto|p2a: Xerneas|[from] ability: Imposter
|-ability|p1a: Ditto|Fairy Aura
|turn|22
|
|t:|1653658575
|move|p1a: Ditto|Moonblast|p2a: Xerneas
|-damage|p2a: Xerneas|0 fnt
|faint|p2a: Xerneas
|
|-weather|SunnyDay|[upkeep]
|upkeep
|
|t:|1653658578
|switch|p2a: Smeargle|Smeargle, M|100/100
|-damage|p2a: Smeargle|88/100|[from] Stealth Rock
|turn|23
|
|t:|1653658583
|move|p2a: Smeargle|Spiky Shield|p2a: Smeargle
|-singleturn|p2a: Smeargle|move: Protect
|move|p1a: Ditto|Moonblast|p2a: Smeargle
|-activate|p2a: Smeargle|move: Protect
|
|-weather|none
|-ability|p2a: Smeargle|Moody|boost
|-boost|p2a: Smeargle|spd|2
|-unboost|p2a: Smeargle|atk|1
|upkeep
|turn|24
|
|t:|1653658588
|switch|p2a: Zacian|Zacian-Crowned|84/100
|-damage|p2a: Zacian|78/100|[from] Stealth Rock
|-ability|p2a: Zacian|Intrepid Sword|boost
|-boost|p2a: Zacian|atk|1
|move|p1a: Ditto|Moonblast|p2a: Zacian
|-resisted|p2a: Zacian
|-damage|p2a: Zacian|0 fnt
|faint|p2a: Zacian
|
|upkeep
|
|t:|1653658590
|switch|p2a: Smeargle|Smeargle, M|88/100
|-damage|p2a: Smeargle|76/100|[from] Stealth Rock
|turn|25
|
|t:|1653658593
|move|p2a: Smeargle|Spiky Shield|p2a: Smeargle
|-singleturn|p2a: Smeargle|move: Protect
|move|p1a: Ditto|Moonblast|p2a: Smeargle
|-activate|p2a: Smeargle|move: Protect
|
|-ability|p2a: Smeargle|Moody|boost
|-boost|p2a: Smeargle|spe|2
|-unboost|p2a: Smeargle|atk|1
|upkeep
|turn|26
|
|t:|1653658596
|move|p1a: Ditto|Moonblast|p2a: Smeargle
|-damage|p2a: Smeargle|0 fnt
|faint|p2a: Smeargle
|
|upkeep
|
|t:|1653658597
|switch|p2a: Rayquaza|Rayquaza|100/100
|-damage|p2a: Rayquaza|76/100|[from] Stealth Rock
|-ability|p2a: Rayquaza|Air Lock
|turn|27
|
|t:|1653658604
|switch|p1a: Kyogre|Kyogre|79/100
|-weather|RainDance|[from] ability: Drizzle|[of] p1a: Kyogre
|detailschange|p2a: Rayquaza|Rayquaza-Mega
|-mega|p2a: Rayquaza|Rayquaza|
|-weather|DeltaStream|[from] ability: Delta Stream|[of] p2a: Rayquaza
|move|p2a: Rayquaza|Dragon Ascent|p1a: Kyogre
|-damage|p1a: Kyogre|0 fnt
|-unboost|p2a: Rayquaza|def|1
|-unboost|p2a: Rayquaza|spd|1
|faint|p1a: Kyogre
|
|-weather|DeltaStream|[upkeep]
|upkeep
|
|t:|1653658608
|switch|p1a: Ditto|Ditto|100/100
|-transform|p1a: Ditto|p2a: Rayquaza|[from] ability: Imposter
|turn|28
|
|t:|1653658613
|move|p2a: Rayquaza|Extreme Speed|p1a: Ditto
|-damage|p1a: Ditto|36/100
|move|p1a: Ditto|Dragon Ascent|p2a: Rayquaza
|-damage|p2a: Rayquaza|0 fnt
|-unboost|p1a: Ditto|def|1
|-unboost|p1a: Ditto|spd|1
|faint|p2a: Rayquaza
|
|win|u5r5u
|raw|u5r5u's rating: 1639 &rarr; <strong>1669</strong><br />(+30 for winning)
|raw|amnael1's rating: 1832 &rarr; <strong>1802</strong><br />(-30 for losing)
|l|☆amnael1
|l| 47-Theconemann-47
