|j|☆GolemWentBoom
|j|☆Better Alone
|t:|1660248161
|gametype|singles
|player|p1|GolemWentBoom|170|1608
|player|p2|Better Alone|hiker-gen4|1610
|teamsize|p1|6
|teamsize|p2|6
|gen|8
|tier|[Gen 8] National Dex AG
|rated|
|rule|HP Percentage Mod: HP is shown in percentages
|rule|Endless Battle Clause: Forcing endless battles is banned
|clearpoke
|poke|p1|Golem, M|
|poke|p1|Xerneas-*|
|poke|p1|Kyogre|
|poke|p1|Kyurem-White|
|poke|p1|Arceus-*|
|poke|p1|Necrozma-Dusk-Mane|
|poke|p2|Ho-Oh|
|poke|p2|Murkrow, F|
|poke|p2|Diancie|
|poke|p2|Calyrex-Shadow|
|poke|p2|Groudon|
|poke|p2|Zacian-*|
|teampreview
|inactive|Battle timer is ON: inactive players will automatically lose when time's up. (requested by GolemWentBoom)
|
|t:|1660248165
|start
|switch|p1a: Golem|Golem, M|100/100
|switch|p2a: Diancie|Diancie|100/100
|turn|1
|
|t:|1660248168
|detailschange|p2a: Diancie|Diancie-Mega
|-mega|p2a: Diancie|Diancie|Diancite
|move|p2a: Diancie|Stealth Rock|p1a: Golem
|-sidestart|p1: GolemWentBoom|move: Stealth Rock
|move|p1a: Golem|Earthquake|p2a: Diancie
|-supereffective|p2a: Diancie
|-damage|p2a: Diancie|0 fnt
|faint|p2a: Diancie
|
|upkeep
|
|t:|1660248182
|switch|p2a: Calyrex|Calyrex-Shadow|100/100
|-ability|p2a: Calyrex|As One
|-ability|p2a: Calyrex|Unnerve
|turn|2
|
|t:|1660248185
|move|p2a: Calyrex|Astral Barrage|p1a: Golem
|-damage|p1a: Golem|5/100
|move|p1a: Golem|Rock Tomb|p2a: Calyrex
|-damage|p2a: Calyrex|58/100
|-unboost|p2a: Calyrex|spe|1
|
|upkeep
|turn|3
|
|t:|1660248194
|switch|p1a: Arceus|Arceus|100/100
|-damage|p1a: Arceus|88/100|[from] Stealth Rock
|move|p2a: Calyrex|Draining Kiss|p1a: Arceus
|-damage|p1a: Arceus|73/100
|-heal|p2a: Calyrex|72/100|[from] drain|[of] p1a: Arceus
|
|upkeep
|turn|4
|
|t:|1660248214
|switch|p2a: Zacian|Zacian-Crowned, shiny|100/100
|-ability|p2a: Zacian|Intrepid Sword|boost
|-boost|p2a: Zacian|atk|1
|move|p1a: Arceus|Earthquake|p2a: Zacian
|-supereffective|p2a: Zacian
|-damage|p2a: Zacian|39/100
|
|upkeep
|turn|5
|
|t:|1660248226
|switch|p2a: Calyrex|Calyrex-Shadow|72/100
|-ability|p2a: Calyrex|As One
|-ability|p2a: Calyrex|Unnerve
|move|p1a: Arceus|Earthquake|p2a: Calyrex
|-damage|p2a: Calyrex|29/100
|
|upkeep
|turn|6
|
|t:|1660248228
|move|p2a: Calyrex|Psyshock|p1a: Arceus
|-damage|p1a: Arceus|38/100
|move|p1a: Arceus|Earthquake|p2a: Calyrex
|-damage|p2a: Calyrex|0 fnt
|faint|p2a: Calyrex
|
|upkeep
|
|t:|1660248234
|switch|p2a: Zacian|Zacian-Crowned, shiny|39/100
|-ability|p2a: Zacian|Intrepid Sword|boost
|-boost|p2a: Zacian|atk|1
|turn|7
|
|t:|1660248239
|move|p1a: Arceus|Extreme Speed|p2a: Zacian
|-resisted|p2a: Zacian
|-damage|p2a: Zacian|17/100
|move|p2a: Zacian|Close Combat|p1a: Arceus
|-supereffective|p1a: Arceus
|-enditem|p1a: Arceus|Chople Berry|[eat]
|-enditem|p1a: Arceus|Chople Berry|[weaken]
|-damage|p1a: Arceus|0 fnt
|-unboost|p2a: Zacian|def|1
|-unboost|p2a: Zacian|spd|1
|faint|p1a: Arceus
|
|upkeep
|
|t:|1660248248
|switch|p1a: Necrozma|Necrozma-Dusk-Mane|100/100
|-damage|p1a: Necrozma|95/100|[from] Stealth Rock
|turn|8
|
|t:|1660248252
|move|p2a: Zacian|Play Rough|p1a: Necrozma
|-resisted|p1a: Necrozma
|-damage|p1a: Necrozma|64/100
|move|p1a: Necrozma|Earthquake|p2a: Zacian
|-supereffective|p2a: Zacian
|-damage|p2a: Zacian|0 fnt
|faint|p2a: Zacian
|
|upkeep
|
|t:|1660248255
|switch|p2a: Ho-Oh|Ho-Oh|100/100
|turn|9
|
|t:|1660248260
|detailschange|p1a: Necrozma|Necrozma-Ultra
|-burst|p1a: Necrozma|Necrozma|Ultranecrozium Z
|move|p1a: Necrozma|Rock Blast|p2a: Ho-Oh
|-supereffective|p2a: Ho-Oh
|-crit|p2a: Ho-Oh
|-damage|p2a: Ho-Oh|14/100
|-supereffective|p2a: Ho-Oh
|-damage|p2a: Ho-Oh|0 fnt
|faint|p2a: Ho-Oh
|-hitcount|p2: Ho-Oh|2
|
|upkeep
|-message|Better Alone forfeited.
|
|win|GolemWentBoom
|raw|GolemWentBoom's rating: 1608 &rarr; <strong>1628</strong><br />(+20 for winning)
|raw|Better Alone's rating: 1610 &rarr; <strong>1590</strong><br />(-20 for losing)
|l|☆Better Alone
||Ladder isn't responding, score probably updated but might not have (Request timeout).
