|j|☆Snakethey
|j|☆Quarter_Cut
|t:|1653669211
|gametype|singles
|player|p1|Snakethey|flint|1223
|player|p2|Quarter_Cut|unknownf|1283
|teamsize|p1|6
|teamsize|p2|6
|gen|8
|tier|[Gen 8] National Dex AG
|rated|
|rule|HP Percentage Mod: HP is shown in percentages
|rule|Endless Battle Clause: Forcing endless battles is banned
|clearpoke
|poke|p1|Tapu Koko|
|poke|p1|Blastoise, M|
|poke|p1|Hitmonlee, M|
|poke|p1|Serperior, M|
|poke|p1|Raichu-Alola, F|
|poke|p1|Darmanitan-Galar, F|
|poke|p2|Sharpedo, F|
|poke|p2|Greninja, M|
|poke|p2|Incineroar, F|
|poke|p2|Krookodile, M|
|poke|p2|Hydreigon, F|
|poke|p2|Tyranitar, M|
|teampreview
|inactive|Battle timer is ON: inactive players will automatically lose when time's up. (requested by Quarter_Cut)
|
|t:|1653669216
|start
|switch|p1a: Serperior|Serperior, M|100/100
|switch|p2a: SHIN????|Tyranitar, M, shiny|100/100
|-weather|Sandstorm|[from] ability: Sand Stream|[of] p2a: SHIN????
|turn|1
|
|t:|1653669220
|move|p1a: Serperior|Leaf Storm|p2a: SHIN????
|-supereffective|p2a: SHIN????
|-damage|p2a: SHIN????|37/100
|-boost|p1a: Serperior|spa|2
|move|p2a: SHIN????|Stealth Rock|p1a: Serperior
|-sidestart|p1: Snakethey|move: Stealth Rock
|
|-weather|Sandstorm|[upkeep]
|-damage|p1a: Serperior|94/100|[from] Sandstorm
|upkeep
|turn|2
|c|☆Snakethey|My last name is shin
|
|t:|1653669243
|move|p1a: Serperior|Leaf Storm|p2a: SHIN????
|-supereffective|p2a: SHIN????
|-damage|p2a: SHIN????|0 fnt
|-boost|p1a: Serperior|spa|2
|faint|p2a: SHIN????
|
|-weather|Sandstorm|[upkeep]
|-damage|p1a: Serperior|88/100|[from] Sandstorm
|upkeep
|
|t:|1653669246
|switch|p2a: Tasteful|Sharpedo, F, shiny|100/100
|turn|3
|
|t:|1653669249
|move|p2a: Tasteful|Protect|p2a: Tasteful
|-singleturn|p2a: Tasteful|Protect
|move|p1a: Serperior|Leaf Storm|p2a: Tasteful
|-activate|p2a: Tasteful|move: Protect
|
|-weather|Sandstorm|[upkeep]
|-damage|p1a: Serperior|82/100|[from] Sandstorm
|-damage|p2a: Tasteful|94/100|[from] Sandstorm
|-ability|p2a: Tasteful|Speed Boost|boost
|-boost|p2a: Tasteful|spe|1
|upkeep
|turn|4
|
|t:|1653669260
|move|p2a: Tasteful|Crunch|p1a: Serperior
|-damage|p1a: Serperior|25/100
|-boost|p1a: Serperior|def|1
|move|p1a: Serperior|Leaf Storm|p2a: Tasteful
|-supereffective|p2a: Tasteful
|-damage|p2a: Tasteful|0 fnt
|-boost|p1a: Serperior|spa|2
|faint|p2a: Tasteful
|
|-weather|Sandstorm|[upkeep]
|-damage|p1a: Serperior|19/100|[from] Sandstorm
|upkeep
|
|t:|1653669267
|switch|p2a: "Not anymore."|Greninja, M, shiny|100/100
|turn|5
|
|t:|1653669271
|move|p2a: "Not anymore."|Ice Beam|p1a: Serperior
|-start|p2a: "Not anymore."|typechange|Ice|[from] ability: Protean
|-supereffective|p1a: Serperior
|-damage|p1a: Serperior|0 fnt
|faint|p1a: Serperior
|-damage|p2a: "Not anymore."|91/100|[from] item: Life Orb
|
|-weather|none
|upkeep
|
|t:|1653669280
|switch|p1a: Tapu Koko|Tapu Koko|100/100
|-damage|p1a: Tapu Koko|88/100|[from] Stealth Rock
|-fieldstart|move: Electric Terrain|[from] ability: Electric Surge|[of] p1a: Tapu Koko
|turn|6
|
|t:|1653669285
|move|p1a: Tapu Koko|Reflect|p1a: Tapu Koko
|-sidestart|p1: Snakethey|Reflect
|move|p2a: "Not anymore."|Extrasensory|p1a: Tapu Koko
|-start|p2a: "Not anymore."|typechange|Psychic|[from] ability: Protean
|-damage|p1a: Tapu Koko|31/100
|-damage|p2a: "Not anymore."|81/100|[from] item: Life Orb
|
|upkeep
|turn|7
|
|t:|1653669293
|move|p1a: Tapu Koko|Light Screen|p1a: Tapu Koko
|-sidestart|p1: Snakethey|move: Light Screen
|move|p2a: "Not anymore."|Extrasensory|p1a: Tapu Koko
|-damage|p1a: Tapu Koko|2/100
|-damage|p2a: "Not anymore."|71/100|[from] item: Life Orb
|
|upkeep
|turn|8
|
|t:|1653669298
|move|p1a: Tapu Koko|U-turn|p2a: "Not anymore."
|-supereffective|p2a: "Not anymore."
|-damage|p2a: "Not anymore."|20/100
|
|t:|1653669303
|switch|p1a: Raichu|Raichu-Alola, F|100/100|[from]move: U-turn
|-damage|p1a: Raichu|88/100|[from] Stealth Rock
|move|p2a: "Not anymore."|Ice Beam|p1a: Raichu
|-start|p2a: "Not anymore."|typechange|Ice|[from] ability: Protean
|-damage|p1a: Raichu|48/100
|-damage|p2a: "Not anymore."|11/100|[from] item: Life Orb
|
|upkeep
|turn|9
|
|t:|1653669317
|move|p1a: Raichu|Extreme Speed|p2a: "Not anymore."
|-damage|p2a: "Not anymore."|0 fnt
|faint|p2a: "Not anymore."
|
|upkeep
|
|t:|1653669322
|switch|p2a: 🎸🎸🎸|Krookodile, M|100/100
|turn|10
|
|t:|1653669330
|switch|p1a: Tapu Koko|Tapu Koko|2/100
|-damage|p1a: Tapu Koko|0 fnt|[from] Stealth Rock
|faint|p1a: Tapu Koko
|-start|p2a: 🎸🎸🎸|Dynamax|
|-heal|p2a: 🎸🎸🎸|100/100|[silent]
|move|p2a: 🎸🎸🎸|Max Airstream|p1: Tapu Koko|[notarget]
|-fail|p2a: 🎸🎸🎸
|
|-sideend|p1: Snakethey|Reflect
|upkeep
|
|t:|1653669347
|switch|p1a: Raichu|Raichu-Alola, F|48/100
|-damage|p1a: Raichu|36/100|[from] Stealth Rock
|turn|11
|
|t:|1653669356
|move|p1a: Raichu|Fake Out|p2a: 🎸🎸🎸
|-damage|p2a: 🎸🎸🎸|96/100
|move|p2a: 🎸🎸🎸|Max Airstream|p1a: Raichu
|-resisted|p1a: Raichu
|-damage|p1a: Raichu|0 fnt
|-boost|p2a: 🎸🎸🎸|spe|1
|faint|p1a: Raichu
|-ability|p2a: 🎸🎸🎸|Moxie|boost
|-boost|p2a: 🎸🎸🎸|atk|1
|
|-heal|p2a: 🎸🎸🎸|99/100|[from] item: Leftovers
|-sideend|p1: Snakethey|move: Light Screen
|upkeep
|
|t:|1653669367
|switch|p1a: Blastoise|Blastoise, M|100/100
|-damage|p1a: Blastoise|88/100|[from] Stealth Rock
|turn|12
|
|t:|1653669375
|detailschange|p1a: Blastoise|Blastoise-Mega, M
|-mega|p1a: Blastoise|Blastoise|Blastoisinite
|move|p2a: 🎸🎸🎸|Max Airstream|p1a: Blastoise
|-damage|p1a: Blastoise|37/100
|-boost|p2a: 🎸🎸🎸|spe|1
|move|p1a: Blastoise|Water Pulse|p2a: 🎸🎸🎸
|-supereffective|p2a: 🎸🎸🎸
|-damage|p2a: 🎸🎸🎸|30/100
|
|-heal|p2a: 🎸🎸🎸|33/100|[from] item: Leftovers
|upkeep
|-end|p2a: 🎸🎸🎸|Dynamax
|-heal|p2a: 🎸🎸🎸|33/100|[silent]
|turn|13
|
|t:|1653669388
|move|p2a: 🎸🎸🎸|Power Trip|p1a: Blastoise
|-damage|p1a: Blastoise|0 fnt
|faint|p1a: Blastoise
|-ability|p2a: 🎸🎸🎸|Moxie|boost
|-boost|p2a: 🎸🎸🎸|atk|1
|
|-heal|p2a: 🎸🎸🎸|39/100|[from] item: Leftovers
|-fieldend|move: Electric Terrain
|upkeep
|
|t:|1653669393
|switch|p1a: Hitmonlee|Hitmonlee, M|100/100
|-damage|p1a: Hitmonlee|94/100|[from] Stealth Rock
|turn|14
|
|t:|1653669396
|move|p1a: Hitmonlee|Endure|p1a: Hitmonlee
|-singleturn|p1a: Hitmonlee|move: Endure
|move|p2a: 🎸🎸🎸|Aerial Ace|p1a: Hitmonlee
|-supereffective|p1a: Hitmonlee
|-activate|p1a: Hitmonlee|move: Endure
|-damage|p1a: Hitmonlee|1/100
|-enditem|p1a: Hitmonlee|Liechi Berry|[eat]
|-boost|p1a: Hitmonlee|atk|1|[from] item: Liechi Berry
|
|-heal|p2a: 🎸🎸🎸|46/100|[from] item: Leftovers
|upkeep
|turn|15
|
|t:|1653669407
|move|p2a: 🎸🎸🎸|Aerial Ace|p1a: Hitmonlee
|-supereffective|p1a: Hitmonlee
|-damage|p1a: Hitmonlee|0 fnt
|faint|p1a: Hitmonlee
|-ability|p2a: 🎸🎸🎸|Moxie|boost
|-boost|p2a: 🎸🎸🎸|atk|1
|
|-heal|p2a: 🎸🎸🎸|52/100|[from] item: Leftovers
|upkeep
|
|t:|1653669413
|switch|p1a: Darmanitan|Darmanitan-Galar, F|100/100
|-damage|p1a: Darmanitan|75/100|[from] Stealth Rock
|turn|16
|c|☆Quarter_Cut|unburden only brings it to 600
|c|☆Quarter_Cut|i used max air twice to get past 600
|
|t:|1653669428
|-start|p1a: Darmanitan|Dynamax|
|-heal|p1a: Darmanitan|75/100|[silent]
|move|p2a: 🎸🎸🎸|Power Trip|p1a: Darmanitan
|-damage|p1a: Darmanitan|0 fnt
|faint|p1a: Darmanitan
|
|win|Quarter_Cut
|raw|Snakethey's rating: 1223 &rarr; <strong>1202</strong><br />(-21 for losing)
|raw|Quarter_Cut's rating: 1283 &rarr; <strong>1304</strong><br />(+21 for winning)
|l|☆Snakethey
||Ladder isn't responding, score probably updated but might not have (Request timeout).
