|j|☆slaves&bulldozers
|j|☆Master kushagra
|inactive|Battle timer is ON: inactive players will automatically lose when time's up.
|t:|1667048951
|gametype|singles
|player|p1|slaves&bulldozers|lady-gen4|
|player|p2|Master kushagra|leon-masters|
|teamsize|p1|6
|teamsize|p2|6
|gen|8
|tier|[Gen 8] National Dex AG
|rated|Tournament battle
|rule|HP Percentage Mod: HP is shown in percentages
|rule|Endless Battle Clause: Forcing endless battles is banned
|clearpoke
|poke|p1|Ho-Oh|
|poke|p1|Ho-Oh|
|poke|p1|Yveltal|
|poke|p1|Necrozma-Dusk-Mane|
|poke|p1|Zygarde|
|poke|p1|Groudon|
|poke|p2|Arceus-*|
|poke|p2|Zacian-*|
|poke|p2|Rayquaza|
|poke|p2|Yveltal|
|poke|p2|Calyrex-Shadow|
|poke|p2|Necrozma-Dusk-Mane|
|teampreview
|j| Luxiee
|c|☆slaves&bulldozers|hf
|j| dudeisucksomuch
|j|+Frozoid
|l|+Frozoid
|
|t:|1667048962
|start
|switch|p1a: Zygarde|Zygarde|100/100
|switch|p2a: Arceus|Arceus-Ground|100/100
|turn|1
|c|☆Master kushagra|u2
|j| Karlaaaaaa
|
|t:|1667048971
|move|p2a: Arceus|Magic Coat|p2a: Arceus
|-singleturn|p2a: Arceus|move: Magic Coat
|move|p1a: Zygarde|Glare|p2a: Arceus
|move|p2a: Arceus|Glare|p1a: Zygarde|[from]Magic Coat
|-status|p1a: Zygarde|par
|
|upkeep
|turn|2
|j| OhYessirWeGucci
|
|t:|1667048996
|move|p2a: Arceus|Magic Coat|p2a: Arceus
|-singleturn|p2a: Arceus|move: Magic Coat
|move|p1a: Zygarde|Glare|p2a: Arceus
|move|p2a: Arceus|Glare|p1a: Zygarde|[from]Magic Coat
|-fail|p1a: Zygarde|par
|
|upkeep
|turn|3
|
|t:|1667049005
|move|p2a: Arceus|Magic Coat|p2a: Arceus
|-singleturn|p2a: Arceus|move: Magic Coat
|move|p1a: Zygarde|Coil|p1a: Zygarde
|-boost|p1a: Zygarde|atk|1
|-boost|p1a: Zygarde|def|1
|-boost|p1a: Zygarde|accuracy|1
|
|upkeep
|turn|4
|
|t:|1667049017
|move|p2a: Arceus|Stealth Rock|p1a: Zygarde
|-sidestart|p1: slaves&bulldozers|move: Stealth Rock
|cant|p1a: Zygarde|par
|
|upkeep
|turn|5
|
|t:|1667049027
|-zpower|p2a: Arceus
|move|p2a: Arceus|Tectonic Rage|p1a: Zygarde|[zeffect]
|-damage|p1a: Zygarde|66/100 par
|cant|p1a: Zygarde|par
|
|-heal|p1a: Zygarde|72/100 par|[from] item: Leftovers
|upkeep
|turn|6
|j| YTKanata60
|
|t:|1667049033
|move|p2a: Arceus|Earthquake|p1a: Zygarde
|-damage|p1a: Zygarde|52/100 par
|move|p1a: Zygarde|Thousand Arrows|p2a: Arceus
|-damage|p2a: Arceus|69/100
|
|-heal|p1a: Zygarde|58/100 par|[from] item: Leftovers
|upkeep
|turn|7
|
|t:|1667049038
|move|p2a: Arceus|Earthquake|p1a: Zygarde
|-damage|p1a: Zygarde|38/100 par
|cant|p1a: Zygarde|par
|
|-heal|p1a: Zygarde|44/100 par|[from] item: Leftovers
|-activate|p1a: Zygarde|ability: Power Construct
|detailschange|p1a: Zygarde|Zygarde-Complete
|-heal|p1a: Zygarde|63/100 par|[silent]
|upkeep
|turn|8
|
|t:|1667049042
|move|p2a: Arceus|Earthquake|p1a: Zygarde
|-damage|p1a: Zygarde|51/100 par
|move|p1a: Zygarde|Glare|p2a: Arceus
|-status|p2a: Arceus|par
|
|-heal|p1a: Zygarde|57/100 par|[from] item: Leftovers
|upkeep
|turn|9
|
|t:|1667049044
|move|p2a: Arceus|Earthquake|p1a: Zygarde
|-damage|p1a: Zygarde|44/100 par
|cant|p1a: Zygarde|par
|
|-heal|p1a: Zygarde|50/100 par|[from] item: Leftovers
|upkeep
|turn|10
|
|t:|1667049048
|move|p2a: Arceus|Earthquake|p1a: Zygarde
|-damage|p1a: Zygarde|39/100 par
|move|p1a: Zygarde|Rest|p1a: Zygarde
|-status|p1a: Zygarde|slp|[from] move: Rest
|-heal|p1a: Zygarde|100/100 slp|[silent]
|
|upkeep
|turn|11
|
|t:|1667049057
|switch|p2a: Rayquaza|Rayquaza|100/100
|-ability|p2a: Rayquaza|Air Lock
|cant|p1a: Zygarde|slp
|
|upkeep
|turn|12
|
|t:|1667049068
|switch|p1a: Necrozma|Necrozma-Dusk-Mane|100/100
|-damage|p1a: Necrozma|94/100|[from] Stealth Rock
|detailschange|p2a: Rayquaza|Rayquaza-Mega
|-mega|p2a: Rayquaza|Rayquaza|
|-weather|DeltaStream|[from] ability: Delta Stream|[of] p2a: Rayquaza
|move|p2a: Rayquaza|Dragon Dance|p2a: Rayquaza
|-boost|p2a: Rayquaza|atk|1
|-boost|p2a: Rayquaza|spe|1
|
|-weather|DeltaStream|[upkeep]
|upkeep
|turn|13
|
|t:|1667049076
|-start|p1a: Necrozma|Dynamax|
|-heal|p1a: Necrozma|94/100|[silent]
|move|p2a: Rayquaza|V-create|p1a: Necrozma
|-supereffective|p1a: Necrozma
|-damage|p1a: Necrozma|45/100
|-unboost|p2a: Rayquaza|spe|1
|-unboost|p2a: Rayquaza|def|1
|-unboost|p2a: Rayquaza|spd|1
|-damage|p2a: Rayquaza|84/100|[from] item: Rocky Helmet|[of] p1a: Necrozma
|move|p1a: Necrozma|Max Steelspike|p2a: Rayquaza
|-damage|p2a: Rayquaza|0 fnt
|-boost|p1a: Necrozma|def|1
|faint|p2a: Rayquaza
|-weather|none
|
|upkeep
|
|t:|1667049083
|switch|p2a: Calyrex|Calyrex-Shadow|100/100
|-ability|p2a: Calyrex|As One
|-ability|p2a: Calyrex|Unnerve
|turn|14
|
|t:|1667049087
|-end|p1a: Necrozma|Dynamax
|-heal|p1a: Necrozma|45/100|[silent]
|switch|p1a: Ho-Oh|Ho-Oh|100/100
|move|p2a: Calyrex|Astral Barrage|p1a: Ho-Oh
|-damage|p1a: Ho-Oh|61/100
|
|upkeep
|turn|15
|
|t:|1667049091
|switch|p2a: Arceus|Arceus-Ground|69/100 par
|move|p1a: Ho-Oh|Whirlwind|p2a: Arceus
|drag|p2a: Necrozma|Necrozma-Dusk-Mane|100/100
|
|upkeep
|turn|16
|j| dasort
|
|t:|1667049097
|switch|p1a: Zygarde|Zygarde-Complete|100/100 slp
|-damage|p1a: Zygarde|94/100 slp|[from] Stealth Rock
|switch|p2a: Arceus|Arceus-Ground|69/100 par
|
|-heal|p1a: Zygarde|100/100 slp|[from] item: Leftovers
|upkeep
|turn|17
|
|t:|1667049101
|switch|p2a: Zacian|Zacian-Crowned, shiny|100/100
|-ability|p2a: Zacian|Intrepid Sword|boost
|-boost|p2a: Zacian|atk|1
|cant|p1a: Zygarde|slp
|
|upkeep
|turn|18
|l| dasort
|
|t:|1667049106
|move|p2a: Zacian|Play Rough|p1a: Zygarde
|-supereffective|p1a: Zygarde
|-damage|p1a: Zygarde|31/100 slp
|-curestatus|p1a: Zygarde|slp|[msg]
|move|p1a: Zygarde|Glare|p2a: Zacian
|-status|p2a: Zacian|par
|
|-heal|p1a: Zygarde|37/100|[from] item: Leftovers
|upkeep
|turn|19
|
|t:|1667049121
|switch|p1a: Ho-Oh|Ho-Oh|94/100
|cant|p2a: Zacian|par
|
|upkeep
|turn|20
|
|t:|1667049126
|move|p1a: Ho-Oh|Sacred Fire|p2a: Zacian
|-supereffective|p2a: Zacian
|-damage|p2a: Zacian|16/100 par
|cant|p2a: Zacian|par
|
|upkeep
|turn|21
|
|t:|1667049133
|move|p1a: Ho-Oh|Sacred Fire|p2a: Zacian
|-supereffective|p2a: Zacian
|-damage|p2a: Zacian|0 fnt
|faint|p2a: Zacian
|
|upkeep
|
|t:|1667049136
|switch|p2a: Yveltal|Yveltal, shiny|100/100
|-ability|p2a: Yveltal|Dark Aura
|turn|22
|
|t:|1667049144
|-start|p2a: Yveltal|Dynamax|
|-heal|p2a: Yveltal|100/100|[silent]
|move|p2a: Yveltal|Max Darkness|p1a: Ho-Oh
|-damage|p1a: Ho-Oh|30/100
|-unboost|p1a: Ho-Oh|spd|1
|-damage|p2a: Yveltal|96/100|[from] item: Life Orb
|move|p1a: Ho-Oh|Defog|p2a: Yveltal
|-unboost|p2a: Yveltal|evasion|1
|-sideend|p1: slaves&bulldozers|Stealth Rock|[from] move: Defog|[of] p1a: Ho-Oh
|
|upkeep
|turn|23
|
|t:|1667049150
|switch|p1a: Necrozma|Necrozma-Dusk-Mane|45/100
|move|p2a: Yveltal|Max Airstream|p1a: Necrozma
|-resisted|p1a: Necrozma
|-damage|p1a: Necrozma|13/100
|-boost|p2a: Yveltal|spe|1
|-damage|p2a: Yveltal|91/100|[from] item: Life Orb
|
|upkeep
|turn|24
|
|t:|1667049154
|move|p2a: Yveltal|Max Airstream|p1a: Necrozma
|-resisted|p1a: Necrozma
|-damage|p1a: Necrozma|0 fnt
|-boost|p2a: Yveltal|spe|1
|faint|p1a: Necrozma
|-damage|p2a: Yveltal|86/100|[from] item: Life Orb
|
|upkeep
|
|t:|1667049156
|switch|p1a: Ho-Oh|Ho-Oh|100/100
|-end|p2a: Yveltal|Dynamax
|-heal|p2a: Yveltal|86/100|[silent]
|turn|25
|
|t:|1667049158
|move|p2a: Yveltal|Dark Pulse|p1a: Ho-Oh
|-damage|p1a: Ho-Oh|70/100
|-damage|p2a: Yveltal|76/100|[from] item: Life Orb
|move|p1a: Ho-Oh|Toxic|p2a: Yveltal
|-status|p2a: Yveltal|tox
|
|-damage|p2a: Yveltal|70/100 tox|[from] psn
|upkeep
|turn|26
|
|t:|1667049162
|move|p1a: Ho-Oh|Protect|p1a: Ho-Oh
|-singleturn|p1a: Ho-Oh|Protect
|move|p2a: Yveltal|Dark Pulse|p1a: Ho-Oh
|-activate|p1a: Ho-Oh|move: Protect
|
|-damage|p2a: Yveltal|57/100 tox|[from] psn
|upkeep
|turn|27
|
|t:|1667049164
|switch|p1a: Ho-Oh|Ho-Oh|64/100
|move|p2a: Yveltal|Dark Pulse|p1a: Ho-Oh
|-damage|p1a: Ho-Oh|22/100
|-damage|p2a: Yveltal|48/100 tox|[from] item: Life Orb
|
|-damage|p2a: Yveltal|29/100 tox|[from] psn
|upkeep
|turn|28
|
|t:|1667049173
|switch|p1a: Ho-Oh|Ho-Oh|100/100
|move|p2a: Yveltal|Dark Pulse|p1a: Ho-Oh
|-damage|p1a: Ho-Oh|70/100
|-damage|p2a: Yveltal|19/100 tox|[from] item: Life Orb
|
|-damage|p2a: Yveltal|0 fnt|[from] psn
|faint|p2a: Yveltal
|upkeep
|
|t:|1667049177
|switch|p2a: Arceus|Arceus-Ground|69/100 par
|turn|29
|
|t:|1667049181
|switch|p1a: Zygarde|Zygarde-Complete|37/100
|move|p2a: Arceus|Stone Edge|p1a: Zygarde
|-resisted|p1a: Zygarde
|-damage|p1a: Zygarde|31/100
|
|-heal|p1a: Zygarde|37/100|[from] item: Leftovers
|upkeep
|turn|30
|
|t:|1667049186
|move|p1a: Zygarde|Coil|p1a: Zygarde
|-boost|p1a: Zygarde|atk|1
|-boost|p1a: Zygarde|def|1
|-boost|p1a: Zygarde|accuracy|1
|move|p2a: Arceus|Earthquake|p1a: Zygarde
|-damage|p1a: Zygarde|25/100
|
|-heal|p1a: Zygarde|31/100|[from] item: Leftovers
|upkeep
|turn|31
|
|t:|1667049189
|move|p1a: Zygarde|Thousand Arrows|p2a: Arceus
|-damage|p2a: Arceus|35/100 par
|move|p2a: Arceus|Earthquake|p1a: Zygarde
|-damage|p1a: Zygarde|18/100
|
|-heal|p1a: Zygarde|25/100|[from] item: Leftovers
|upkeep
|turn|32
|
|t:|1667049191
|move|p1a: Zygarde|Rest|p1a: Zygarde
|-status|p1a: Zygarde|slp|[from] move: Rest
|-heal|p1a: Zygarde|100/100 slp|[silent]
|move|p2a: Arceus|Earthquake|p1a: Zygarde
|-damage|p1a: Zygarde|88/100 slp
|
|-heal|p1a: Zygarde|95/100 slp|[from] item: Leftovers
|upkeep
|turn|33
|
|t:|1667049194
|switch|p2a: Calyrex|Calyrex-Shadow|100/100
|-ability|p2a: Calyrex|As One
|-ability|p2a: Calyrex|Unnerve
|cant|p1a: Zygarde|slp
|
|-heal|p1a: Zygarde|100/100 slp|[from] item: Leftovers
|upkeep
|turn|34
|
|t:|1667049198
|move|p2a: Calyrex|Astral Barrage|p1a: Zygarde
|-damage|p1a: Zygarde|61/100 slp
|cant|p1a: Zygarde|slp
|
|-heal|p1a: Zygarde|67/100 slp|[from] item: Leftovers
|upkeep
|turn|35
|
|t:|1667049202
|switch|p1a: Ho-Oh|Ho-Oh|100/100
|move|p2a: Calyrex|Astral Barrage|p1a: Ho-Oh
|-damage|p1a: Ho-Oh|69/100
|
|upkeep
|turn|36
|
|t:|1667049204
|move|p2a: Calyrex|Astral Barrage|p1a: Ho-Oh
|-damage|p1a: Ho-Oh|35/100
|move|p1a: Ho-Oh|Sacred Fire|p2a: Calyrex
|-damage|p2a: Calyrex|51/100
|
|upkeep
|turn|37
|
|t:|1667049209
|switch|p1a: Yveltal|Yveltal|100/100
|-ability|p1a: Yveltal|Dark Aura
|move|p2a: Calyrex|Astral Barrage|p1a: Yveltal
|-resisted|p1a: Yveltal
|-damage|p1a: Yveltal|76/100
|
|upkeep
|turn|38
|
|t:|1667049214
|switch|p2a: Arceus|Arceus-Ground|35/100 par
|move|p1a: Yveltal|Foul Play|p2a: Arceus
|-damage|p2a: Arceus|0 fnt
|faint|p2a: Arceus
|
|upkeep
|
|t:|1667049216
|switch|p2a: Necrozma|Necrozma-Dusk-Mane|100/100
|turn|39
|
|t:|1667049220
|switch|p1a: Zygarde|Zygarde-Complete|67/100 slp
|move|p2a: Necrozma|Sunsteel Strike|p1a: Zygarde
|-damage|p1a: Zygarde|49/100 slp
|
|-heal|p1a: Zygarde|55/100 slp|[from] item: Leftovers
|upkeep
|turn|40
|
|t:|1667049224
|-curestatus|p1a: Zygarde|slp|[msg]
|move|p1a: Zygarde|Glare|p2a: Necrozma
|-status|p2a: Necrozma|par
|cant|p2a: Necrozma|par
|
|-heal|p1a: Zygarde|61/100|[from] item: Leftovers
|upkeep
|turn|41
|
|t:|1667049227
|move|p1a: Zygarde|Coil|p1a: Zygarde
|-boost|p1a: Zygarde|atk|1
|-boost|p1a: Zygarde|def|1
|-boost|p1a: Zygarde|accuracy|1
|move|p2a: Necrozma|Morning Sun|p2a: Necrozma
|-fail|p2a: Necrozma|heal
|
|-heal|p1a: Zygarde|67/100|[from] item: Leftovers
|upkeep
|turn|42
|c|☆Master kushagra|gg\
|c|☆slaves&bulldozers|gg
|-message|Master kushagra forfeited.
|
|win|slaves&bulldozers
|n|☆slaves&bulldozers|slavesbulldozers
|n|☆Master kushagra|masterkushagra
|n| Luxiee|luxiee
|n| dudeisucksomuch|dudeisucksomuch
|n| Karlaaaaaa|karlaaaaaa
|n| OhYessirWeGucci|ohyessirwegucci
|n| YTKanata60|ytkanata60
