|j|☆ImHoribleAtPokemon
|j|☆Code Red CCXX
|t:|1665848046
|gametype|singles
|player|p1|ImHoribleAtPokemon|101|
|player|p2|Code Red CCXX|skier|
|teamsize|p1|6
|teamsize|p2|6
|gen|8
|tier|[Gen 8] National Dex AG
|rule|HP Percentage Mod: HP is shown in percentages
|rule|Endless Battle Clause: Forcing endless battles is banned
|clearpoke
|poke|p1|Sableye, F|
|poke|p1|Corviknight, F|
|poke|p1|Clefable, M|
|poke|p1|Alomomola, M|
|poke|p1|Seismitoad, F|
|poke|p1|Blissey, F|
|poke|p2|Blacephalon|
|poke|p2|Sceptile, M|
|poke|p2|Buzzwole|
|poke|p2|Bisharp, M|
|poke|p2|Ambipom, F|
|poke|p2|Krookodile, M|
|teampreview
|inactive|Battle timer is ON: inactive players will automatically lose when time's up. (requested by ImHoribleAtPokemon)
|
|t:|1665848075
|start
|switch|p1a: Sableye|Sableye, F|100/100
|switch|p2a: Papyrus|Krookodile, M|100/100
|-ability|p2a: Papyrus|Intimidate|boost
|-unboost|p1a: Sableye|atk|1
|turn|1
|inactive|Code Red CCXX has 270 seconds left.
|inactiveoff|Battle timer is now OFF.
|j| sleestacks
|j| allhailweegee
|inactive|Battle timer is ON: inactive players will automatically lose when time's up. (requested by Code Red CCXX)
|c|☆Code Red CCXX|u there
|
|t:|1665848238
|detailschange|p1a: Sableye|Sableye-Mega, F
|-mega|p1a: Sableye|Sableye|Sablenite
|move|p2a: Papyrus|Stealth Rock|p1a: Sableye
|move|p1a: Sableye|Stealth Rock|p2a: Papyrus|[from]ability: Magic Bounce
|-sidestart|p2: Code Red CCXX|move: Stealth Rock
|move|p1a: Sableye|Will-O-Wisp|p2a: Papyrus
|-status|p2a: Papyrus|brn
|
|-damage|p2a: Papyrus|94/100 brn|[from] brn
|upkeep
|turn|2
|c|☆Code Red CCXX|oh right mega
|inactive|Code Red CCXX has 270 seconds left.
|c| sleestacks|cringe blissey virgin vs based ambipom chad
|c|☆Code Red CCXX|i forgot shit
|c| allhailweegee|trueeee
|j| KucaPrdoke
|c| KucaPrdoke|Yo hey
|
|t:|1665848280
|move|p2a: Papyrus|Knock Off|p1a: Sableye
|-damage|p1a: Sableye|87/100
|move|p1a: Sableye|Calm Mind|p1a: Sableye
|-boost|p1a: Sableye|spa|1
|-boost|p1a: Sableye|spd|1
|
|-damage|p2a: Papyrus|88/100 brn|[from] brn
|upkeep
|turn|3
|
|t:|1665848293
|switch|p2a: Meta Trouble Fan|Bisharp, M, shiny|100/100
|-damage|p2a: Meta Trouble Fan|95/100|[from] Stealth Rock
|move|p1a: Sableye|Calm Mind|p1a: Sableye
|-boost|p1a: Sableye|spa|1
|-boost|p1a: Sableye|spd|1
|
|upkeep
|turn|4
|
|t:|1665848295
|move|p2a: Meta Trouble Fan|Swords Dance|p2a: Meta Trouble Fan
|-boost|p2a: Meta Trouble Fan|atk|2
|move|p1a: Sableye|Will-O-Wisp|p2a: Meta Trouble Fan
|-status|p2a: Meta Trouble Fan|brn
|
|-damage|p2a: Meta Trouble Fan|89/100 brn|[from] brn
|upkeep
|turn|5
|
|t:|1665848301
|switch|p1a: Clefable|Clefable, M|100/100
|move|p2a: Meta Trouble Fan|Swords Dance|p2a: Meta Trouble Fan
|-boost|p2a: Meta Trouble Fan|atk|2
|
|-damage|p2a: Meta Trouble Fan|83/100 brn|[from] brn
|upkeep
|turn|6
|
|t:|1665848304
|move|p2a: Meta Trouble Fan|Iron Head|p1a: Clefable
|-supereffective|p1a: Clefable
|-damage|p1a: Clefable|47/100
|-damage|p2a: Meta Trouble Fan|73/100 brn|[from] item: Life Orb
|cant|p1a: Clefable|flinch
|
|-heal|p1a: Clefable|53/100|[from] item: Leftovers
|-damage|p2a: Meta Trouble Fan|67/100 brn|[from] brn
|upkeep
|turn|7
|
|t:|1665848309
|move|p1a: Clefable|Protect|p1a: Clefable
|-singleturn|p1a: Clefable|Protect
|move|p2a: Meta Trouble Fan|Iron Head|p1a: Clefable
|-activate|p1a: Clefable|move: Protect
|
|-heal|p1a: Clefable|59/100|[from] item: Leftovers
|-damage|p2a: Meta Trouble Fan|61/100 brn|[from] brn
|upkeep
|turn|8
|
|t:|1665848314
|move|p2a: Meta Trouble Fan|Iron Head|p1a: Clefable
|-supereffective|p1a: Clefable
|-damage|p1a: Clefable|9/100
|-damage|p2a: Meta Trouble Fan|51/100 brn|[from] item: Life Orb
|cant|p1a: Clefable|flinch
|
|-heal|p1a: Clefable|15/100|[from] item: Leftovers
|-damage|p2a: Meta Trouble Fan|45/100 brn|[from] brn
|upkeep
|turn|9
|
|t:|1665848319
|move|p1a: Clefable|Protect|p1a: Clefable
|-singleturn|p1a: Clefable|Protect
|move|p2a: Meta Trouble Fan|Swords Dance|p2a: Meta Trouble Fan
|-boost|p2a: Meta Trouble Fan|atk|2
|
|-heal|p1a: Clefable|22/100|[from] item: Leftovers
|-damage|p2a: Meta Trouble Fan|39/100 brn|[from] brn
|upkeep
|turn|10
|c| KucaPrdoke|Bisharp was unbanned?
|
|t:|1665848323
|switch|p1a: Corviknight|Corviknight, F|100/100
|-ability|p1a: Corviknight|Pressure
|move|p2a: Meta Trouble Fan|Iron Head|p1a: Corviknight
|-resisted|p1a: Corviknight
|-damage|p1a: Corviknight|66/100
|-damage|p2a: Meta Trouble Fan|29/100 brn|[from] item: Life Orb
|
|-heal|p1a: Corviknight|72/100|[from] item: Leftovers
|-damage|p2a: Meta Trouble Fan|23/100 brn|[from] brn
|upkeep
|turn|11
|c|☆Code Red CCXX|yea
|c| allhailweegee|yeah
|c| KucaPrdoke|W
|
|t:|1665848331
|move|p2a: Meta Trouble Fan|Sucker Punch||[still]
|-fail|p2a: Meta Trouble Fan
|move|p1a: Corviknight|Iron Defense|p1a: Corviknight
|-boost|p1a: Corviknight|def|2
|
|-heal|p1a: Corviknight|78/100|[from] item: Leftovers
|-damage|p2a: Meta Trouble Fan|17/100 brn|[from] brn
|upkeep
|turn|12
|
|t:|1665848335
|move|p2a: Meta Trouble Fan|Knock Off|p1a: Corviknight
|-damage|p1a: Corviknight|36/100
|-enditem|p1a: Corviknight|Leftovers|[from] move: Knock Off|[of] p2a: Meta Trouble Fan
|-damage|p2a: Meta Trouble Fan|8/100 brn|[from] item: Life Orb
|move|p1a: Corviknight|Iron Defense|p1a: Corviknight
|-boost|p1a: Corviknight|def|2
|
|-damage|p2a: Meta Trouble Fan|2/100 brn|[from] brn
|upkeep
|turn|13
|
|t:|1665848341
|move|p2a: Meta Trouble Fan|Knock Off|p1a: Corviknight
|-damage|p1a: Corviknight|16/100
|-damage|p2a: Meta Trouble Fan|0 fnt|[from] item: Life Orb
|faint|p2a: Meta Trouble Fan
|move|p1a: Corviknight|Roost|p1a: Corviknight
|-heal|p1a: Corviknight|66/100
|-singleturn|p1a: Corviknight|move: Roost
|
|upkeep
|
|t:|1665848344
|switch|p2a: Dog Slaya|Blacephalon, shiny|100/100
|-damage|p2a: Dog Slaya|76/100|[from] Stealth Rock
|turn|14
|
|t:|1665848346
|switch|p1a: Blissey|Blissey, F|100/100
|move|p2a: Dog Slaya|Fire Blast|p1a: Blissey
|-damage|p1a: Blissey|78/100
|
|upkeep
|turn|15
|
|t:|1665848356
|switch|p2a: Clapper|Ambipom, F|100/100
|-damage|p2a: Clapper|88/100|[from] Stealth Rock
|move|p1a: Blissey|Wish|p1a: Blissey
|
|upkeep
|turn|16
|c| KucaPrdoke|Fat dubs left right and centre
|c| KucaPrdoke|Nvm
|
|t:|1665848367
|switch|p1a: Corviknight|Corviknight, F|66/100
|-ability|p1a: Corviknight|Pressure
|move|p2a: Clapper|Knock Off|p1a: Corviknight
|-damage|p1a: Corviknight|50/100
|
|-heal|p1a: Corviknight|100/100|[from] move: Wish|[wisher] Blissey
|upkeep
|turn|17
|c|☆Code Red CCXX|hyper stall team
|c| allhailweegee|the chad ambipom
|c|☆Code Red CCXX|sigh
|
|t:|1665848378
|switch|p2a: Papyrus|Krookodile, M|88/100 brn
|-damage|p2a: Papyrus|82/100 brn|[from] Stealth Rock
|-ability|p2a: Papyrus|Intimidate|boost
|-unboost|p1a: Corviknight|atk|1
|move|p1a: Corviknight|Body Press|p2a: Papyrus
|-supereffective|p2a: Papyrus
|-damage|p2a: Papyrus|21/100 brn
|
|-damage|p2a: Papyrus|15/100 brn|[from] brn
|upkeep
|turn|18
|
|t:|1665848384
|switch|p1a: Sableye|Sableye-Mega, F|87/100
|move|p2a: Papyrus|Close Combat|p1a: Sableye
|-immune|p1a: Sableye
|
|-damage|p2a: Papyrus|9/100 brn|[from] brn
|upkeep
|turn|19
|c| KucaPrdoke|Yeah nobody loves to see it
|
|t:|1665848399
|move|p2a: Papyrus|Earthquake|p1a: Sableye
|-damage|p1a: Sableye|65/100
|move|p1a: Sableye|Recover|p1a: Sableye
|-heal|p1a: Sableye|100/100
|
|-damage|p2a: Papyrus|3/100 brn|[from] brn
|upkeep
|turn|20
|
|t:|1665848403
|move|p2a: Papyrus|Earthquake|p1a: Sableye
|-damage|p1a: Sableye|80/100
|move|p1a: Sableye|Recover|p1a: Sableye
|-heal|p1a: Sableye|100/100
|
|-damage|p2a: Papyrus|0 fnt|[from] brn
|faint|p2a: Papyrus
|upkeep
|c| sleestacks|should’ve clicked trick smh
|c|☆Code Red CCXX|i didnt have tri
|inactive|Code Red CCXX has 270 seconds left.
|
|t:|1665848434
|switch|p2a: Dog Slaya|Blacephalon, shiny|76/100
|-damage|p2a: Dog Slaya|51/100|[from] Stealth Rock
|turn|21
|c| sleestacks|wait
|
|t:|1665848439
|move|p2a: Dog Slaya|Trick||[still]
|-fail|p2a: Dog Slaya
|move|p1a: Sableye|Calm Mind|p1a: Sableye
|-boost|p1a: Sableye|spa|1
|-boost|p1a: Sableye|spd|1
|
|upkeep
|turn|22
|c|☆Code Red CCXX|wait fuck
|
|t:|1665848447
|switch|p2a: Clapper|Ambipom, F|88/100
|-damage|p2a: Clapper|76/100|[from] Stealth Rock
|move|p1a: Sableye|Calm Mind|p1a: Sableye
|-boost|p1a: Sableye|spa|1
|-boost|p1a: Sableye|spd|1
|
|upkeep
|turn|23
|
|t:|1665848452
|move|p2a: Clapper|Knock Off|p1a: Sableye
|-damage|p1a: Sableye|74/100
|move|p1a: Sableye|Will-O-Wisp|p2a: Clapper
|-status|p2a: Clapper|brn
|
|-damage|p2a: Clapper|70/100 brn|[from] brn
|upkeep
|turn|24
|c|☆Code Red CCXX|why was this thing not banned LOL
|
|t:|1665848465
|move|p2a: Clapper|Knock Off|p1a: Sableye
|-damage|p1a: Sableye|60/100
|move|p1a: Sableye|Recover|p1a: Sableye
|-heal|p1a: Sableye|100/100
|
|-damage|p2a: Clapper|63/100 brn|[from] brn
|upkeep
|turn|25
|
|t:|1665848473
|move|p2a: Clapper|Knock Off|p1a: Sableye
|-damage|p1a: Sableye|88/100
|move|p1a: Sableye|Calm Mind|p1a: Sableye
|-boost|p1a: Sableye|spa|1
|-boost|p1a: Sableye|spd|1
|
|-damage|p2a: Clapper|57/100 brn|[from] brn
|upkeep
|turn|26
|c| sleestacks|what thing
|c|☆Code Red CCXX|sableye
|c| allhailweegee|man stall is so fun
|c|☆Code Red CCXX|it destroyed gen 7 ou
|
|t:|1665848494
|move|p2a: Clapper|Knock Off|p1a: Sableye
|-damage|p1a: Sableye|75/100
|move|p1a: Sableye|Calm Mind|p1a: Sableye
|-boost|p1a: Sableye|spa|1
|-boost|p1a: Sableye|spd|1
|
|-damage|p2a: Clapper|51/100 brn|[from] brn
|upkeep
|turn|27
|
|t:|1665848497
|move|p2a: Clapper|Knock Off|p1a: Sableye
|-damage|p1a: Sableye|62/100
|move|p1a: Sableye|Calm Mind|p1a: Sableye
|-boost|p1a: Sableye|spa|1
|-boost|p1a: Sableye|spd|1
|
|-damage|p2a: Clapper|45/100 brn|[from] brn
|upkeep
|turn|28
|c| sleestacks|this isn’t Gen 7 ou
|
|t:|1665848499
|move|p2a: Clapper|Knock Off|p1a: Sableye
|-damage|p1a: Sableye|50/100
|move|p1a: Sableye|Recover|p1a: Sableye
|-heal|p1a: Sableye|99/100
|
|-damage|p2a: Clapper|39/100 brn|[from] brn
|upkeep
|turn|29
|c|☆Code Red CCXX|yeah but it'd still be to strong for gen 8 ou
|
|t:|1665848529
|move|p2a: Clapper|Knock Off|p1a: Sableye
|-crit|p1a: Sableye
|-damage|p1a: Sableye|78/100
|move|p1a: Sableye|Calm Mind|p1a: Sableye
|-boost|p1a: Sableye|spa|1
|-boost|p1a: Sableye|spd|1
|
|-damage|p2a: Clapper|32/100 brn|[from] brn
|upkeep
|turn|30
|l| KucaPrdoke
|
|t:|1665848533
|move|p2a: Clapper|Knock Off|p1a: Sableye
|-crit|p1a: Sableye
|-damage|p1a: Sableye|58/100
|move|p1a: Sableye|Recover|p1a: Sableye
|-heal|p1a: Sableye|100/100
|
|-damage|p2a: Clapper|26/100 brn|[from] brn
|upkeep
|turn|31
|
|t:|1665848537
|move|p2a: Clapper|Knock Off|p1a: Sableye
|-damage|p1a: Sableye|87/100
|move|p1a: Sableye|Snarl|p2a: Clapper
|-damage|p2a: Clapper|0 fnt
|faint|p2a: Clapper
|
|upkeep
|
|t:|1665848550
|switch|p2a: Dog Slaya|Blacephalon, shiny|51/100
|-damage|p2a: Dog Slaya|26/100|[from] Stealth Rock
|turn|32
|
|t:|1665848553
|move|p2a: Dog Slaya|Fire Blast|p1a: Sableye
|-damage|p1a: Sableye|74/100
|move|p1a: Sableye|Snarl|p2a: Dog Slaya
|-supereffective|p2a: Dog Slaya
|-damage|p2a: Dog Slaya|0 fnt
|faint|p2a: Dog Slaya
|
|upkeep
|
|t:|1665848558
|switch|p2a: Dr.Livesey|Buzzwole|100/100
|-damage|p2a: Dr.Livesey|88/100|[from] Stealth Rock
|turn|33
|
|t:|1665848561
|move|p2a: Dr.Livesey|Bulk Up|p2a: Dr.Livesey
|-boost|p2a: Dr.Livesey|atk|1
|-boost|p2a: Dr.Livesey|def|1
|move|p1a: Sableye|Will-O-Wisp|p2a: Dr.Livesey
|-status|p2a: Dr.Livesey|brn
|
|-damage|p2a: Dr.Livesey|82/100 brn|[from] brn
|upkeep
|turn|34
|
|t:|1665848563
|move|p2a: Dr.Livesey|Bulk Up|p2a: Dr.Livesey
|-boost|p2a: Dr.Livesey|atk|1
|-boost|p2a: Dr.Livesey|def|1
|move|p1a: Sableye|Snarl|p2a: Dr.Livesey|[miss]
|-miss|p1a: Sableye|p2a: Dr.Livesey
|
|-damage|p2a: Dr.Livesey|76/100 brn|[from] brn
|upkeep
|turn|35
|
|t:|1665848570
|move|p2a: Dr.Livesey|Leech Life|p1a: Sableye
|-damage|p1a: Sableye|33/100
|-heal|p2a: Dr.Livesey|91/100 brn|[from] drain|[of] p1a: Sableye
|move|p1a: Sableye|Snarl|p2a: Dr.Livesey|[miss]
|-miss|p1a: Sableye|p2a: Dr.Livesey
|
|-damage|p2a: Dr.Livesey|84/100 brn|[from] brn
|upkeep
|turn|36
|
|t:|1665848575
|switch|p1a: Corviknight|Corviknight, F|100/100
|-ability|p1a: Corviknight|Pressure
|move|p2a: Dr.Livesey|Leech Life|p1a: Corviknight
|-resisted|p1a: Corviknight
|-damage|p1a: Corviknight|94/100
|-heal|p2a: Dr.Livesey|88/100 brn|[from] drain|[of] p1a: Corviknight
|
|-damage|p2a: Dr.Livesey|82/100 brn|[from] brn
|upkeep
|turn|37
|
|t:|1665848579
|switch|p2a: Tree|Sceptile, M|100/100
|-damage|p2a: Tree|88/100|[from] Stealth Rock
|move|p1a: Corviknight|Iron Defense|p1a: Corviknight
|-boost|p1a: Corviknight|def|2
|
|upkeep
|turn|38
|
|t:|1665848583
|detailschange|p2a: Tree|Sceptile-Mega, M
|-mega|p2a: Tree|Sceptile|Sceptilite
|move|p2a: Tree|Swords Dance|p2a: Tree
|-boost|p2a: Tree|atk|2
|move|p1a: Corviknight|Body Press|p2a: Tree
|-damage|p2a: Tree|9/100
|
|upkeep
|turn|39
|
|t:|1665848586
|move|p2a: Tree|Drain Punch|p1a: Corviknight
|-damage|p1a: Corviknight|79/100
|-heal|p2a: Tree|19/100|[from] drain|[of] p1a: Corviknight
|move|p1a: Corviknight|Body Press|p2a: Tree
|-damage|p2a: Tree|0 fnt
|faint|p2a: Tree
|
|upkeep
|
|t:|1665848589
|switch|p2a: Dr.Livesey|Buzzwole|82/100 brn
|-damage|p2a: Dr.Livesey|69/100 brn|[from] Stealth Rock
|turn|40
|
|t:|1665848591
|move|p2a: Dr.Livesey|Bulk Up|p2a: Dr.Livesey
|-boost|p2a: Dr.Livesey|atk|1
|-boost|p2a: Dr.Livesey|def|1
|move|p1a: Corviknight|Iron Defense|p1a: Corviknight
|-boost|p1a: Corviknight|def|2
|
|-damage|p2a: Dr.Livesey|63/100 brn|[from] brn
|upkeep
|turn|41
|l| allhailweegee
|
|t:|1665848598
|move|p2a: Dr.Livesey|Bulk Up|p2a: Dr.Livesey
|-boost|p2a: Dr.Livesey|atk|1
|-boost|p2a: Dr.Livesey|def|1
|move|p1a: Corviknight|Body Press|p2a: Dr.Livesey
|-resisted|p2a: Dr.Livesey
|-damage|p2a: Dr.Livesey|51/100 brn
|-damage|p1a: Corviknight|63/100|[from] item: Rocky Helmet|[of] p2a: Dr.Livesey
|
|-damage|p2a: Dr.Livesey|45/100 brn|[from] brn
|upkeep
|turn|42
|
|t:|1665848603
|switch|p1a: Alomomola|Alomomola, M|100/100
|move|p2a: Dr.Livesey|Ice Punch|p1a: Alomomola
|-resisted|p1a: Alomomola
|-damage|p1a: Alomomola|92/100
|
|-heal|p1a: Alomomola|98/100|[from] item: Leftovers
|-damage|p2a: Dr.Livesey|39/100 brn|[from] brn
|upkeep
|turn|43
|
|t:|1665848606
|move|p2a: Dr.Livesey|Leech Life|p1a: Alomomola
|-damage|p1a: Alomomola|67/100
|-heal|p2a: Dr.Livesey|56/100 brn|[from] drain|[of] p1a: Alomomola
|move|p1a: Alomomola|Toxic||[still]
|-fail|p1a: Alomomola
|
|-heal|p1a: Alomomola|73/100|[from] item: Leftovers
|-damage|p2a: Dr.Livesey|50/100 brn|[from] brn
|upkeep
|turn|44
|
|t:|1665848609
|move|p1a: Alomomola|Protect|p1a: Alomomola
|-singleturn|p1a: Alomomola|Protect
|move|p2a: Dr.Livesey|Bulk Up|p2a: Dr.Livesey
|-boost|p2a: Dr.Livesey|atk|1
|-boost|p2a: Dr.Livesey|def|1
|
|-heal|p1a: Alomomola|80/100|[from] item: Leftovers
|-damage|p2a: Dr.Livesey|44/100 brn|[from] brn
|upkeep
|turn|45
|c|☆ImHoribleAtPokemon|Oh wait
|
|t:|1665848614
|switch|p1a: Corviknight|Corviknight, F|63/100
|-ability|p1a: Corviknight|Pressure
|move|p2a: Dr.Livesey|Leech Life|p1a: Corviknight
|-resisted|p1a: Corviknight
|-damage|p1a: Corviknight|54/100
|-heal|p2a: Dr.Livesey|48/100 brn|[from] drain|[of] p1a: Corviknight
|
|-damage|p2a: Dr.Livesey|42/100 brn|[from] brn
|upkeep
|turn|46
|c|☆Code Red CCXX|wtf
|c|☆Code Red CCXX|lmao
|c|☆ImHoribleAtPokemon|I’m stupid
|
|t:|1665848623
|move|p2a: Dr.Livesey|Ice Punch|p1a: Corviknight
|-damage|p1a: Corviknight|32/100
|-status|p1a: Corviknight|frz
|-curestatus|p1a: Corviknight|frz|[msg]
|move|p1a: Corviknight|Roost|p1a: Corviknight
|-heal|p1a: Corviknight|82/100
|-singleturn|p1a: Corviknight|move: Roost
|
|-damage|p2a: Dr.Livesey|36/100 brn|[from] brn
|upkeep
|turn|47
|
|t:|1665848629
|move|p2a: Dr.Livesey|Bulk Up|p2a: Dr.Livesey
|-boost|p2a: Dr.Livesey|atk|1
|-boost|p2a: Dr.Livesey|def|1
|move|p1a: Corviknight|Iron Defense|p1a: Corviknight
|-boost|p1a: Corviknight|def|2
|
|-damage|p2a: Dr.Livesey|29/100 brn|[from] brn
|upkeep
|turn|48
|j| allhailweegee
|
|t:|1665848632
|move|p2a: Dr.Livesey|Ice Punch|p1a: Corviknight
|-damage|p1a: Corviknight|69/100
|move|p1a: Corviknight|Iron Defense|p1a: Corviknight
|-boost|p1a: Corviknight|def|2
|
|-damage|p2a: Dr.Livesey|23/100 brn|[from] brn
|upkeep
|turn|49
|l| allhailweegee
|
|t:|1665848639
|move|p2a: Dr.Livesey|Bulk Up|p2a: Dr.Livesey
|-boost|p2a: Dr.Livesey|atk|1
|-boost|p2a: Dr.Livesey|def|1
|move|p1a: Corviknight|Roost|p1a: Corviknight
|-heal|p1a: Corviknight|100/100
|-singleturn|p1a: Corviknight|move: Roost
|
|-damage|p2a: Dr.Livesey|17/100 brn|[from] brn
|upkeep
|turn|50
|
|t:|1665848642
|move|p2a: Dr.Livesey|Ice Punch|p1a: Corviknight
|-damage|p1a: Corviknight|91/100
|move|p1a: Corviknight|Iron Defense|p1a: Corviknight
|-boost|p1a: Corviknight|def|2
|
|-damage|p2a: Dr.Livesey|11/100 brn|[from] brn
|upkeep
|turn|51
|
|t:|1665848646
|move|p2a: Dr.Livesey|Ice Punch|p1a: Corviknight
|-damage|p1a: Corviknight|83/100
|move|p1a: Corviknight|Body Press|p2a: Dr.Livesey
|-resisted|p2a: Dr.Livesey
|-damage|p2a: Dr.Livesey|1/100 brn
|-damage|p1a: Corviknight|67/100|[from] item: Rocky Helmet|[of] p2a: Dr.Livesey
|
|-damage|p2a: Dr.Livesey|0 fnt|[from] brn
|faint|p2a: Dr.Livesey
|
|win|ImHoribleAtPokemon
|upkeep
|c|☆Code Red CCXX|gg
|c|☆Code Red CCXX|!showteam
|c| Code Red CCXX|/raw <div class="infobox"><details><summary>View team</summary>Dog Slaya (Blacephalon) @ Choice Scarf  <br />Ability: Beast Boost  <br />Shiny: Yes  <br />EVs: 252 SpA &#x2f; 4 SpD &#x2f; 252 Spe  <br />Timid Nature  <br />IVs: 0 Atk  <br />- Fire Blast  <br />- Shadow Ball  <br />- Psyshock  <br />- Trick  <br /><br />Tree (Sceptile) (M) @ Sceptilite  <br />Ability: Overgrow  <br />EVs: 252 Atk &#x2f; 4 SpD &#x2f; 252 Spe  <br />Jolly Nature  <br />- Swords Dance  <br />- Outrage  <br />- Leaf Blade  <br />- Drain Punch  <br /><br />Dr.Livesey (Buzzwole) @ Rocky Helmet  <br />Ability: Beast Boost  <br />EVs: 252 HP &#x2f; 252 Atk &#x2f; 4 Def  <br />Adamant Nature  <br />- Close Combat  <br />- Leech Life  <br />- Ice Punch  <br />- Bulk Up  <br /><br />Meta Trouble Fan (Bisharp) (M) @ Life Orb  <br />Ability: Defiant  <br />Shiny: Yes  <br />EVs: 252 Atk &#x2f; 252 Def &#x2f; 4 SpD  <br />Adamant Nature  <br />- Swords Dance  <br />- Iron Head  <br />- Knock Off  <br />- Sucker Punch  <br /><br />Clapper (Ambipom) (F) @ Choice Band  <br />Ability: Technician  <br />EVs: 252 Atk &#x2f; 4 SpD &#x2f; 252 Spe  <br />Jolly Nature  <br />- Fake Out  <br />- Tail Slap  <br />- Ice Punch  <br />- Knock Off  <br /><br />Papyrus (Krookodile) (M) @ Focus Sash  <br />Ability: Intimidate  <br />EVs: 252 Atk &#x2f; 4 SpD &#x2f; 252 Spe  <br />Jolly Nature  <br />- Stealth Rock  <br />- Knock Off  <br />- Earthquake  <br />- Close Combat  <br /><br /></details></div>
|l|☆Code Red CCXX
|l|☆ImHoribleAtPokemon
|j|☆ImHoribleAtPokemon
|player|p1|ImHoribleAtPokemon|101
|c| sleestacks|never too late for a crit
