|j|☆Aloe lumen
|j|☆soviet glonk
|t:|1644559097
|gametype|singles
|player|p1|Aloe lumen|clown|1535
|player|p2|soviet glonk|ghetsis|1776
|teamsize|p1|6
|teamsize|p2|6
|gen|8
|tier|[Gen 8] National Dex AG
|rated|
|rule|HP Percentage Mod: HP is shown in percentages
|rule|Endless Battle Clause: Forcing endless battles is banned
|clearpoke
|poke|p1|Arceus-*|
|poke|p1|Excadrill, F|
|poke|p1|Smeargle, M|
|poke|p1|Smeargle, F|
|poke|p1|Xerneas-*|
|poke|p1|Rayquaza|
|poke|p2|Arceus-*|
|poke|p2|Ditto|
|poke|p2|Yveltal|
|poke|p2|Calyrex-Shadow|
|poke|p2|Arceus-*|
|poke|p2|Necrozma-Dusk-Mane|
|teampreview
|inactive|Battle timer is ON: inactive players will automatically lose when time's up. (requested by Aloe lumen)
|inactive|soviet glonk also wants the timer to be on.
|
|t:|1644559118
|start
|switch|p1a: Excadrill|Excadrill, F|100/100
|switch|p2a: Calyrex|Calyrex-Shadow|100/100
|-ability|p2a: Calyrex|As One
|-ability|p2a: Calyrex|Unnerve
|-ability|p1a: Excadrill|Mold Breaker
|turn|1
|j| zenderviz
|
|t:|1644559132
|move|p2a: Calyrex|Astral Barrage|p1a: Excadrill
|-enditem|p1a: Excadrill|Focus Sash
|-damage|p1a: Excadrill|1/100
|move|p1a: Excadrill|Rock Tomb|p2a: Calyrex
|-damage|p2a: Calyrex|73/100
|-unboost|p2a: Calyrex|spe|1
|
|upkeep
|turn|2
|
|t:|1644559145
|switch|p2a: Arceus|Arceus-Water|100/100
|move|p1a: Excadrill|Stealth Rock|p2a: Arceus
|-sidestart|p2: soviet glonk|move: Stealth Rock
|
|upkeep
|turn|3
|
|t:|1644559154
|move|p2a: Arceus|Whirlpool|p1a: Excadrill
|-supereffective|p1a: Excadrill
|-damage|p1a: Excadrill|0 fnt
|faint|p1a: Excadrill
|
|upkeep
|
|t:|1644559164
|switch|p1a: Smeargle|Smeargle, F|100/100
|turn|4
|
|t:|1644559171
|move|p2a: Arceus|Whirlpool|p1a: Smeargle
|-damage|p1a: Smeargle|67/100
|-activate|p1a: Smeargle|move: Whirlpool|[of] p2a: Arceus
|move|p1a: Smeargle|Spore|p2a: Arceus
|-status|p2a: Arceus|slp|[from] move: Spore
|
|-damage|p1a: Smeargle|55/100|[from] move: Whirlpool|[partiallytrapped]
|-ability|p1a: Smeargle|Moody|boost
|-boost|p1a: Smeargle|atk|2
|-unboost|p1a: Smeargle|spe|1
|upkeep
|turn|5
|
|t:|1644559184
|cant|p2a: Arceus|slp
|move|p1a: Smeargle|Baton Pass|p1a: Smeargle
|
|t:|1644559201
|switch|p1a: Arceus|Arceus-Ghost|100/100|[from]move: Baton Pass
|
|-damage|p1a: Arceus|88/100|[from] move: Whirlpool|[partiallytrapped]
|upkeep
|turn|6
|
|t:|1644559212
|-start|p1a: Arceus|Dynamax
|-heal|p1a: Arceus|88/100|[silent]
|cant|p2a: Arceus|slp
|move|p1a: Arceus|Max Phantasm|p2a: Arceus
|-damage|p2a: Arceus|6/100 slp
|-unboost|p2a: Arceus|def|1
|
|-damage|p1a: Arceus|82/100|[from] move: Whirlpool|[partiallytrapped]
|upkeep
|turn|7
|
|t:|1644559225
|cant|p2a: Arceus|slp
|move|p1a: Arceus|Max Knuckle|p2a: Arceus
|-damage|p2a: Arceus|0 fnt
|-boost|p1a: Arceus|atk|1
|faint|p2a: Arceus
|
|-end|p1a: Arceus|Whirlpool|[partiallytrapped]|[silent]
|upkeep
|inactive|soviet glonk has 120 seconds left.
|
|t:|1644559255
|switch|p2a: Yveltal|Yveltal|100/100
|-ability|p2a: Yveltal|Dark Aura
|turn|8
|j| dddsdfssdfr45
|
|t:|1644559270
|move|p2a: Yveltal|Foul Play|p1a: Arceus
|-supereffective|p1a: Arceus
|-damage|p1a: Arceus|0 fnt
|faint|p1a: Arceus
|
|upkeep
|
|t:|1644559277
|switch|p1a: Xerneas|Xerneas|100/100
|-ability|p1a: Xerneas|Fairy Aura
|turn|9
|
|t:|1644559282
|move|p1a: Xerneas|Moonblast|p2a: Yveltal
|-supereffective|p2a: Yveltal
|-damage|p2a: Yveltal|18/100
|move|p2a: Yveltal|U-turn|p1a: Xerneas
|-resisted|p1a: Xerneas
|-damage|p1a: Xerneas|92/100
|
|t:|1644559292
|switch|p2a: Necrozma|Necrozma-Dusk-Mane|100/100|[from]move: U-turn
|-damage|p2a: Necrozma|94/100|[from] Stealth Rock
|
|upkeep
|turn|10
|
|t:|1644559300
|move|p1a: Xerneas|Thunder|p2a: Necrozma
|-damage|p2a: Necrozma|60/100
|-status|p2a: Necrozma|par
|move|p2a: Necrozma|Sunsteel Strike|p1a: Xerneas
|-supereffective|p1a: Xerneas
|-damage|p1a: Xerneas|1/100
|
|upkeep
|turn|11
|
|t:|1644559312
|move|p1a: Xerneas|Hidden Power|p2a: Necrozma
|-supereffective|p2a: Necrozma
|-damage|p2a: Necrozma|34/100 par
|move|p2a: Necrozma|Moonlight|p2a: Necrozma
|-heal|p2a: Necrozma|84/100 par
|
|upkeep
|turn|12
|
|t:|1644559320
|move|p1a: Xerneas|Thunder|p2a: Necrozma
|-damage|p2a: Necrozma|51/100 par
|cant|p2a: Necrozma|par
|
|upkeep
|turn|13
|
|t:|1644559327
|move|p1a: Xerneas|Thunder|p2a: Necrozma|[miss]
|-miss|p1a: Xerneas|p2a: Necrozma
|move|p2a: Necrozma|Stealth Rock|p1a: Xerneas
|-sidestart|p1: Aloe lumen|move: Stealth Rock
|
|upkeep
|turn|14
|
|t:|1644559333
|move|p1a: Xerneas|Thunder|p2a: Necrozma
|-damage|p2a: Necrozma|18/100 par
|move|p2a: Necrozma|Moonlight|p2a: Necrozma
|-heal|p2a: Necrozma|68/100 par
|
|upkeep
|turn|15
|
|t:|1644559341
|move|p1a: Xerneas|Thunder|p2a: Necrozma
|-damage|p2a: Necrozma|34/100 par
|move|p2a: Necrozma|Moonlight|p2a: Necrozma
|-heal|p2a: Necrozma|84/100 par
|
|upkeep
|turn|16
|
|t:|1644559348
|move|p1a: Xerneas|Thunder|p2a: Necrozma
|-damage|p2a: Necrozma|50/100 par
|move|p2a: Necrozma|Sunsteel Strike|p1a: Xerneas
|-supereffective|p1a: Xerneas
|-damage|p1a: Xerneas|0 fnt
|faint|p1a: Xerneas
|
|upkeep
|
|t:|1644559362
|switch|p1a: Smeargle|Smeargle, F|55/100
|-damage|p1a: Smeargle|42/100|[from] Stealth Rock
|turn|17
|j| chechenez227
|
|t:|1644559375
|move|p1a: Smeargle|Taunt|p2a: Necrozma
|-start|p2a: Necrozma|move: Taunt
|move|p2a: Necrozma|Sunsteel Strike|p1a: Smeargle
|-damage|p1a: Smeargle|0 fnt
|faint|p1a: Smeargle
|
|upkeep
|
|t:|1644559388
|switch|p1a: Smeargle|Smeargle, M|100/100
|-damage|p1a: Smeargle|88/100|[from] Stealth Rock
|turn|18
|
|t:|1644559393
|move|p1a: Smeargle|Substitute|p1a: Smeargle
|-start|p1a: Smeargle|Substitute
|-damage|p1a: Smeargle|63/100
|move|p2a: Necrozma|Sunsteel Strike|p1a: Smeargle
|-end|p1a: Smeargle|Substitute
|
|-heal|p1a: Smeargle|69/100|[from] item: Leftovers
|-ability|p1a: Smeargle|Moody|boost
|-boost|p1a: Smeargle|spa|2
|-unboost|p1a: Smeargle|spe|1
|upkeep
|turn|19
|
|t:|1644559404
|move|p1a: Smeargle|Substitute|p1a: Smeargle
|-start|p1a: Smeargle|Substitute
|-damage|p1a: Smeargle|45/100
|move|p2a: Necrozma|Sunsteel Strike|p1a: Smeargle
|-end|p1a: Smeargle|Substitute
|
|-heal|p1a: Smeargle|51/100|[from] item: Leftovers
|-end|p2a: Necrozma|move: Taunt
|-ability|p1a: Smeargle|Moody|boost
|-boost|p1a: Smeargle|spe|2
|-unboost|p1a: Smeargle|spd|1
|upkeep
|turn|20
|
|t:|1644559420
|move|p1a: Smeargle|Substitute|p1a: Smeargle
|-start|p1a: Smeargle|Substitute
|-damage|p1a: Smeargle|26/100
|move|p2a: Necrozma|Sunsteel Strike|p1a: Smeargle
|-end|p1a: Smeargle|Substitute
|
|-heal|p1a: Smeargle|32/100|[from] item: Leftovers
|-ability|p1a: Smeargle|Moody|boost
|-boost|p1a: Smeargle|def|2
|-unboost|p1a: Smeargle|spe|1
|upkeep
|turn|21
|
|t:|1644559439
|move|p1a: Smeargle|Substitute|p1a: Smeargle
|-start|p1a: Smeargle|Substitute
|-damage|p1a: Smeargle|7/100
|move|p2a: Necrozma|Sunsteel Strike|p1a: Smeargle
|-end|p1a: Smeargle|Substitute
|
|-heal|p1a: Smeargle|13/100|[from] item: Leftovers
|-ability|p1a: Smeargle|Moody|boost
|-boost|p1a: Smeargle|def|2
|-unboost|p1a: Smeargle|spe|1
|upkeep
|turn|22
|
|t:|1644559451
|move|p1a: Smeargle|Power Trip|p2a: Necrozma
|-supereffective|p2a: Necrozma
|-damage|p2a: Necrozma|34/100 par
|-damage|p1a: Smeargle|0 fnt|[from] item: Rocky Helmet|[of] p2a: Necrozma
|faint|p1a: Smeargle
|cant|p2a: Necrozma|par
|
|upkeep
|
|t:|1644559459
|switch|p1a: Rayquaza|Rayquaza|100/100
|-damage|p1a: Rayquaza|76/100|[from] Stealth Rock
|-ability|p1a: Rayquaza|Air Lock
|turn|23
|l| zenderviz
|c|☆soviet glonk|gg
|j| zenderviz
|
|t:|1644559471
|detailschange|p1a: Rayquaza|Rayquaza-Mega
|-mega|p1a: Rayquaza|Rayquaza|
|-weather|DeltaStream|[from] ability: Delta Stream|[of] p1a: Rayquaza
|move|p1a: Rayquaza|Earthquake|p2a: Necrozma
|-supereffective|p2a: Necrozma
|-damage|p2a: Necrozma|0 fnt
|faint|p2a: Necrozma
|-damage|p1a: Rayquaza|66/100|[from] item: Life Orb
|
|-weather|DeltaStream|[upkeep]
|upkeep
|l| zenderviz
|
|t:|1644559478
|switch|p2a: Calyrex|Calyrex-Shadow|73/100
|-ability|p2a: Calyrex|As One
|-ability|p2a: Calyrex|Unnerve
|-damage|p2a: Calyrex|60/100|[from] Stealth Rock
|turn|24
|-message|Aloe lumen forfeited.
|
|win|soviet glonk
|raw|Aloe lumen's rating: 1535 &rarr; <strong>1527</strong><br />(-8 for losing)
|raw|soviet glonk's rating: 1776 &rarr; <strong>1784</strong><br />(+8 for winning)
|l|☆Aloe lumen
|l|☆soviet glonk
|l| chechenez227
|j| chechenez227
|j|☆Aloe lumen
|player|p1|Aloe lumen|clown
