|j|☆Daeva Ashura
|j|☆alt1445645
|t:|1662183168
|gametype|singles
|player|p1|Daeva Ashura|guzma-masters|
|player|p2|alt1445645|169|
|teamsize|p1|6
|teamsize|p2|6
|gen|8
|tier|[Gen 8] National Dex AG
|rule|HP Percentage Mod: HP is shown in percentages
|rule|Endless Battle Clause: Forcing endless battles is banned
|clearpoke
|poke|p1|Darmanitan-Galar, F|
|poke|p1|Salamence, M|
|poke|p1|Blaziken, F|
|poke|p1|Quagsire, F|
|poke|p1|Excadrill, M|
|poke|p1|Ditto|
|poke|p2|Arceus-*|
|poke|p2|Groudon|
|poke|p2|Zacian-*|
|poke|p2|Rayquaza|
|poke|p2|Calyrex-Shadow|
|poke|p2|Yveltal|
|teampreview
|inactive|Battle timer is ON: inactive players will automatically lose when time's up. (requested by Daeva Ashura)
|c|☆Daeva Ashura|hf
|c|☆alt1445645|o this shit
|c|☆alt1445645|this ones cool lol
|c|☆Daeva Ashura|arceus counters me
|c|☆alt1445645|whats this guys deal btw
|c|☆Daeva Ashura|like soloes this entire team ;
|inactive|alt1445645 has 270 seconds left.
|c|☆alt1445645|testaltv26
|
|t:|1662183208
|start
|switch|p1a: Excadrill|Excadrill, M|100/100
|switch|p2a: Calyrex|Calyrex-Shadow|100/100
|-ability|p2a: Calyrex|As One
|-ability|p2a: Calyrex|Unnerve
|-ability|p1a: Excadrill|Mold Breaker
|turn|1
|
|t:|1662183218
|move|p2a: Calyrex|Substitute|p2a: Calyrex
|-start|p2a: Calyrex|Substitute
|-damage|p2a: Calyrex|76/100
|move|p1a: Excadrill|Rock Tomb|p2a: Calyrex|[miss]
|-miss|p1a: Excadrill|p2a: Calyrex
|
|-heal|p2a: Calyrex|82/100|[from] item: Leftovers
|upkeep
|turn|2
|c|☆Daeva Ashura|fun
|
|t:|1662183226
|move|p2a: Calyrex|Astral Barrage|p1a: Excadrill
|-damage|p1a: Excadrill|3/100
|move|p1a: Excadrill|Rock Tomb|p2a: Calyrex
|-end|p2a: Calyrex|Substitute
|
|-heal|p2a: Calyrex|88/100|[from] item: Leftovers
|upkeep
|turn|3
|c|☆alt1445645|alright thats unfortunate
|c|☆Daeva Ashura|surely u switch
|
|t:|1662183242
|move|p2a: Calyrex|Astral Barrage|p1a: Excadrill
|-damage|p1a: Excadrill|0 fnt
|faint|p1a: Excadrill
|-ability|p2a: Calyrex|Grim Neigh|boost
|-boost|p2a: Calyrex|spa|1
|
|-heal|p2a: Calyrex|94/100|[from] item: Leftovers
|upkeep
|c|☆Daeva Ashura|;
|
|t:|1662183246
|switch|p1a: Darmanitan|Darmanitan-Galar, F|100/100
|turn|4
|c|☆alt1445645|no free rocks
|c|☆Daeva Ashura|;
|
|t:|1662183260
|switch|p2a: Groudon|Groudon|100/100
|detailschange|p2a: Groudon|Groudon-Primal
|-primal|p2a: Groudon
|-weather|DesolateLand|[from] ability: Desolate Land|[of] p2a: Groudon
|move|p1a: Darmanitan|Icicle Crash|p2a: Groudon
|-damage|p2a: Groudon|69/100
|
|-weather|DesolateLand|[upkeep]
|upkeep
|turn|5
|c|☆alt1445645|o i thought that thing did more dmg
|
|t:|1662183287
|switch|p1a: Quagsire|Quagsire, F|100/100
|move|p2a: Groudon|Stone Edge|p1a: Quagsire
|-resisted|p1a: Quagsire
|-damage|p1a: Quagsire|86/100
|
|-weather|DesolateLand|[upkeep]
|upkeep
|turn|6
|c|☆Daeva Ashura|its a monke
|
|t:|1662183296
|move|p2a: Groudon|Toxic|p1a: Quagsire
|-status|p1a: Quagsire|tox
|move|p1a: Quagsire|Toxic|p2a: Groudon
|-status|p2a: Groudon|tox
|
|-weather|DesolateLand|[upkeep]
|-damage|p2a: Groudon|63/100 tox|[from] psn
|-damage|p1a: Quagsire|80/100 tox|[from] psn
|upkeep
|turn|7
|c|☆alt1445645|u mostly play gen 7 right
|c|☆alt1445645|not gen 7
|c|☆Daeva Ashura|no
|c|☆alt1445645|gen 8
|c|☆Daeva Ashura|g8
|c|☆alt1445645|ye my b
|c|☆Daeva Ashura|i used to play ndag
|c|☆Daeva Ashura|got 2051
|c|☆Daeva Ashura|then on my 2051 game
|c|☆alt1445645|why u perfer gen 8?
|c|☆Daeva Ashura|i got 11 turn freeze
|c|☆alt1445645|over nat dex
|c|☆Daeva Ashura|and then i decided
|inactive|alt1445645 has 270 seconds left.
|c|☆Daeva Ashura|fk ndag
|c|☆Daeva Ashura|rng
|
|t:|1662183326
|move|p2a: Groudon|Stealth Rock|p1a: Quagsire
|-sidestart|p1: Daeva Ashura|move: Stealth Rock
|move|p1a: Quagsire|Recover|p1a: Quagsire
|-heal|p1a: Quagsire|100/100 tox
|
|-weather|DesolateLand|[upkeep]
|-damage|p2a: Groudon|50/100 tox|[from] psn
|-damage|p1a: Quagsire|88/100 tox|[from] psn
|upkeep
|turn|8
|c|☆Daeva Ashura|90% of my losses r bc of rng
|inactive|alt1445645 has 270 seconds left.
|
|t:|1662183337
|-weather|none
|switch|p2a: Yveltal|Yveltal|100/100
|-ability|p2a: Yveltal|Dark Aura
|move|p1a: Quagsire|Earthquake|p2a: Yveltal
|-immune|p2a: Yveltal
|
|-damage|p1a: Quagsire|70/100 tox|[from] psn
|upkeep
|turn|9
|c|☆alt1445645|tbf its a rng game
|inactive|alt1445645 has 270 seconds left.
|c|☆alt1445645|but ye
|c|☆alt1445645|i feel that
|c|☆Daeva Ashura|btw my gxe is low
|c|☆Daeva Ashura|its like 90%
|c|☆Daeva Ashura|bc i play meme teams on ladder
|c|☆Daeva Ashura|ive gotten over 2k on ag 3 times
|c|☆alt1445645|eh u can get to first with 87 gxe
|c|☆alt1445645|gxe dont matter
|c|☆Daeva Ashura|over 2k on ndag 6 times
|inactive|alt1445645 has 240 seconds left.
|c|☆Daeva Ashura|5*
|
|t:|1662183385
|move|p2a: Yveltal|Dark Pulse|p1a: Quagsire
|-damage|p1a: Quagsire|0 fnt
|faint|p1a: Quagsire
|-damage|p2a: Yveltal|91/100|[from] item: Life Orb
|
|upkeep
|
|t:|1662183391
|switch|p1a: Darmanitan|Darmanitan-Galar, F|100/100
|-damage|p1a: Darmanitan|76/100|[from] Stealth Rock
|turn|10
|c|☆alt1445645|tbh
|inactive|alt1445645 has 240 seconds left.
|c|☆alt1445645|i used to be rly competitve about gxe and elo
|c|☆Daeva Ashura|i never really cared tbh
|c|☆Daeva Ashura|and the miss is hurting rn
|c|☆alt1445645|i cared and then held first for a week and then was just like
|c|☆alt1445645|maaan idc
|c|☆Daeva Ashura|no sr gives yvel no chip
|c|☆Daeva Ashura|;
|
|t:|1662183430
|move|p2a: Yveltal|Sucker Punch|p1a: Darmanitan
|-damage|p1a: Darmanitan|0 fnt
|faint|p1a: Darmanitan
|-damage|p2a: Yveltal|81/100|[from] item: Life Orb
|
|upkeep
|
|t:|1662183435
|switch|p1a: Ditto|Ditto|100/100
|-damage|p1a: Ditto|88/100|[from] Stealth Rock
|-transform|p1a: Ditto|p2a: Yveltal|[from] ability: Imposter
|-ability|p1a: Ditto|Dark Aura
|turn|11
|
|t:|1662183443
|-start|p1a: Ditto|Dynamax|
|-heal|p1a: Ditto|88/100|[silent]
|-start|p2a: Yveltal|Dynamax|
|-heal|p2a: Yveltal|81/100|[silent]
|move|p1a: Ditto|Max Airstream|p2a: Yveltal
|-damage|p2a: Yveltal|50/100
|-boost|p1a: Ditto|spe|1
|move|p2a: Yveltal|Max Airstream|p1a: Ditto
|-crit|p1a: Ditto
|-damage|p1a: Ditto|0 fnt
|-boost|p2a: Yveltal|spe|1
|faint|p1a: Ditto
|-damage|p2a: Yveltal|45/100|[from] item: Life Orb
|
|upkeep
|c|☆Daeva Ashura|ah
|c|☆Daeva Ashura|gg
|c|☆alt1445645|zamn
|
|t:|1662183450
|switch|p1a: GOAT|Salamence, M, shiny|100/100
|-damage|p1a: GOAT|76/100|[from] Stealth Rock
|turn|12
|c|☆alt1445645|gg
|c|☆Daeva Ashura|normal rng be like
|
|t:|1662183456
|detailschange|p1a: GOAT|Salamence-Mega, M, shiny
|-mega|p1a: GOAT|Salamence|Salamencite
|move|p2a: Yveltal|Max Darkness|p1a: GOAT
|-damage|p1a: GOAT|0 fnt
|faint|p1a: GOAT
|-damage|p2a: Yveltal|40/100|[from] item: Life Orb
|
|upkeep
|
|t:|1662183458
|switch|p1a: Blaziken|Blaziken, F|100/100
|-damage|p1a: Blaziken|88/100|[from] Stealth Rock
|turn|13
|
|t:|1662183461
|move|p2a: Yveltal|Max Airstream|p1a: Blaziken
|-supereffective|p1a: Blaziken
|-damage|p1a: Blaziken|0 fnt
|-boost|p2a: Yveltal|spe|1
|faint|p1a: Blaziken
|-damage|p2a: Yveltal|35/100|[from] item: Life Orb
|
|win|alt1445645
