|j|☆garchang
|j|☆seidou45
|t:|1666334889
|gametype|singles
|player|p1|garchang|1|1671
|player|p2|seidou45|lucas|1892
|teamsize|p1|6
|teamsize|p2|6
|gen|8
|tier|[Gen 8] National Dex AG
|rated|
|rule|HP Percentage Mod: HP is shown in percentages
|rule|Endless Battle Clause: Forcing endless battles is banned
|clearpoke
|poke|p1|Charizard, F|
|poke|p1|Hippowdon, F|
|poke|p1|Marshadow|
|poke|p1|Yveltal|
|poke|p1|Corviknight, F|
|poke|p1|Regieleki|
|poke|p2|Tyranitar, M|
|poke|p2|Lugia|
|poke|p2|Gliscor, M|
|poke|p2|Giratina|
|poke|p2|Gothitelle, M|
|poke|p2|Yveltal|
|teampreview
|inactive|Battle timer is ON: inactive players will automatically lose when time's up. (requested by garchang)
|
|t:|1666334903
|start
|switch|p1a: Regieleki|Regieleki, shiny|100/100
|switch|p2a: Yveltal|Yveltal|100/100
|-ability|p2a: Yveltal|Dark Aura
|turn|1
|
|t:|1666334907
|switch|p2a: Gliscor|Gliscor, M|100/100
|move|p1a: Regieleki|Volt Switch|p2a: Gliscor
|-immune|p2a: Gliscor
|
|-status|p2a: Gliscor|tox|[from] item: Toxic Orb
|upkeep
|turn|2
|
|t:|1666334923
|switch|p1a: Hippowdon|Hippowdon, F, shiny|100/100
|-weather|Sandstorm|[from] ability: Sand Stream|[of] p1a: Hippowdon
|move|p2a: Gliscor|Toxic|p1a: Hippowdon
|-status|p1a: Hippowdon|tox
|
|-weather|Sandstorm|[upkeep]
|-damage|p1a: Hippowdon|94/100 tox|[from] psn
|upkeep
|turn|3
|
|t:|1666334930
|move|p2a: Gliscor|Knock Off|p1a: Hippowdon
|-crit|p1a: Hippowdon
|-damage|p1a: Hippowdon|76/100 tox
|-enditem|p1a: Hippowdon|Iapapa Berry|[from] move: Knock Off|[of] p2a: Gliscor
|move|p1a: Hippowdon|Stealth Rock|p2a: Gliscor
|-sidestart|p2: seidou45|move: Stealth Rock
|
|-weather|Sandstorm|[upkeep]
|-damage|p1a: Hippowdon|64/100 tox|[from] psn
|upkeep
|turn|4
|
|t:|1666334951
|move|p2a: Gliscor|Toxic|p1a: Hippowdon
|-fail|p1a: Hippowdon|tox
|move|p1a: Hippowdon|Ice Fang|p2a: Gliscor
|-supereffective|p2a: Gliscor
|-damage|p2a: Gliscor|62/100 tox
|
|-weather|Sandstorm|[upkeep]
|-heal|p2a: Gliscor|74/100 tox|[from] ability: Poison Heal
|-damage|p1a: Hippowdon|45/100 tox|[from] psn
|upkeep
|turn|5
|
|t:|1666334961
|move|p2a: Gliscor|Protect|p2a: Gliscor
|-singleturn|p2a: Gliscor|Protect
|move|p1a: Hippowdon|Ice Fang|p2a: Gliscor
|-activate|p2a: Gliscor|move: Protect
|
|-weather|Sandstorm|[upkeep]
|-heal|p2a: Gliscor|87/100 tox|[from] ability: Poison Heal
|-damage|p1a: Hippowdon|21/100 tox|[from] psn
|upkeep
|turn|6
|
|t:|1666334967
|move|p2a: Gliscor|Protect||[still]
|-fail|p2a: Gliscor
|move|p1a: Hippowdon|Ice Fang|p2a: Gliscor
|-supereffective|p2a: Gliscor
|-damage|p2a: Gliscor|46/100 tox
|
|-weather|none
|-heal|p2a: Gliscor|59/100 tox|[from] ability: Poison Heal
|-damage|p1a: Hippowdon|0 fnt|[from] psn
|faint|p1a: Hippowdon
|upkeep
|
|t:|1666334984
|switch|p1a: Charizard|Charizard, F, shiny|100/100
|turn|7
|
|t:|1666334993
|detailschange|p1a: Charizard|Charizard-Mega-X, F, shiny
|-mega|p1a: Charizard|Charizard|Charizardite X
|move|p1a: Charizard|Dragon Dance|p1a: Charizard
|-boost|p1a: Charizard|atk|1
|-boost|p1a: Charizard|spe|1
|move|p2a: Gliscor|Toxic|p1a: Charizard
|-status|p1a: Charizard|tox
|
|-damage|p1a: Charizard|94/100 tox|[from] psn
|-heal|p2a: Gliscor|71/100 tox|[from] ability: Poison Heal
|upkeep
|turn|8
|
|t:|1666334999
|move|p2a: Gliscor|Protect|p2a: Gliscor
|-singleturn|p2a: Gliscor|Protect
|move|p1a: Charizard|Flare Blitz|p2a: Gliscor
|-activate|p2a: Gliscor|move: Protect
|
|-damage|p1a: Charizard|82/100 tox|[from] psn
|-heal|p2a: Gliscor|84/100 tox|[from] ability: Poison Heal
|upkeep
|turn|9
|
|t:|1666335014
|switch|p2a: Giratina|Giratina, shiny|100/100
|-damage|p2a: Giratina|88/100|[from] Stealth Rock
|-ability|p2a: Giratina|Pressure
|move|p1a: Charizard|Flare Blitz|p2a: Giratina
|-resisted|p2a: Giratina
|-damage|p2a: Giratina|49/100
|-damage|p1a: Charizard|60/100 tox|[from] Recoil
|
|-heal|p2a: Giratina|55/100|[from] item: Leftovers
|-damage|p1a: Charizard|42/100 tox|[from] psn
|upkeep
|turn|10
|
|t:|1666335023
|switch|p2a: Gliscor|Gliscor, M|84/100 tox
|-damage|p2a: Gliscor|71/100 tox|[from] Stealth Rock
|move|p1a: Charizard|Outrage|p2a: Gliscor
|-damage|p2a: Gliscor|0 fnt
|faint|p2a: Gliscor
|
|-damage|p1a: Charizard|18/100 tox|[from] psn
|upkeep
|
|t:|1666335029
|switch|p2a: Lugia|Lugia|100/100
|turn|11
|
|t:|1666335032
|move|p1a: Charizard|Outrage|p2a: Lugia|[from]lockedmove
|-damage|p2a: Lugia|65/100
|-start|p1a: Charizard|confusion|[fatigue]
|move|p2a: Lugia|Roost|p2a: Lugia
|-heal|p2a: Lugia|100/100
|-singleturn|p2a: Lugia|move: Roost
|
|-damage|p1a: Charizard|0 fnt|[from] psn
|faint|p1a: Charizard
|upkeep
|
|t:|1666335041
|switch|p1a: Regieleki|Regieleki, shiny|100/100
|turn|12
|
|t:|1666335046
|move|p1a: Regieleki|Volt Switch|p2a: Lugia
|-supereffective|p2a: Lugia
|-damage|p2a: Lugia|63/100
|
|t:|1666335050
|switch|p1a: 까까오택시|Corviknight, F, shiny|100/100|[from]move: Volt Switch
|-ability|p1a: 까까오택시|Pressure
|move|p2a: Lugia|Roost|p2a: Lugia
|-heal|p2a: Lugia|100/100
|-singleturn|p2a: Lugia|move: Roost
|
|upkeep
|turn|13
|
|t:|1666335057
|switch|p2a: Giratina|Giratina, shiny|55/100
|-damage|p2a: Giratina|42/100|[from] Stealth Rock
|-ability|p2a: Giratina|Pressure
|move|p1a: 까까오택시|U-turn|p2a: Giratina
|-resisted|p2a: Giratina
|-damage|p2a: Giratina|38/100
|
|t:|1666335071
|switch|p1a: Marshadow|Marshadow|100/100|[from]move: U-turn
|
|-heal|p2a: Giratina|44/100|[from] item: Leftovers
|upkeep
|turn|14
|
|t:|1666335083
|switch|p1a: 까까오택시|Corviknight, F, shiny|100/100
|-ability|p1a: 까까오택시|Pressure
|move|p2a: Giratina|Defog|p1a: 까까오택시
|-unboost|p1a: 까까오택시|evasion|1
|-sideend|p2: seidou45|Stealth Rock|[from] move: Defog|[of] p2a: Giratina
|
|-heal|p2a: Giratina|51/100|[from] item: Leftovers
|upkeep
|turn|15
|
|t:|1666335090
|move|p1a: 까까오택시|U-turn|p2a: Giratina
|-resisted|p2a: Giratina
|-damage|p2a: Giratina|47/100
|
|t:|1666335097
|switch|p1a: Yveltal|Yveltal, shiny|100/100|[from]move: U-turn
|-ability|p1a: Yveltal|Dark Aura
|move|p2a: Giratina|Will-O-Wisp|p1a: Yveltal
|-status|p1a: Yveltal|brn
|
|-heal|p2a: Giratina|53/100|[from] item: Leftovers
|-damage|p1a: Yveltal|94/100 brn|[from] brn
|upkeep
|turn|16
|
|t:|1666335105
|switch|p2a: Tyranitar|Tyranitar, M, shiny|100/100
|-weather|Sandstorm|[from] ability: Sand Stream|[of] p2a: Tyranitar
|move|p1a: Yveltal|Dark Pulse|p2a: Tyranitar
|-resisted|p2a: Tyranitar
|-damage|p2a: Tyranitar|85/100
|-damage|p1a: Yveltal|84/100 brn|[from] item: Life Orb
|
|-weather|Sandstorm|[upkeep]
|-damage|p1a: Yveltal|78/100 brn|[from] Sandstorm
|-damage|p1a: Yveltal|72/100 brn|[from] brn
|upkeep
|turn|17
|
|t:|1666335114
|switch|p1a: Marshadow|Marshadow|100/100
|detailschange|p2a: Tyranitar|Tyranitar-Mega, M, shiny
|-mega|p2a: Tyranitar|Tyranitar|Tyranitarite
|move|p2a: Tyranitar|Stealth Rock|p1a: Marshadow
|-sidestart|p1: garchang|move: Stealth Rock
|
|-weather|Sandstorm|[upkeep]
|-damage|p1a: Marshadow|94/100|[from] Sandstorm
|upkeep
|turn|18
|
|t:|1666335125
|switch|p2a: Giratina|Giratina, shiny|53/100
|-ability|p2a: Giratina|Pressure
|move|p1a: Marshadow|Close Combat|p2a: Giratina
|-immune|p2a: Giratina
|
|-weather|Sandstorm|[upkeep]
|-damage|p1a: Marshadow|88/100|[from] Sandstorm
|-damage|p2a: Giratina|47/100|[from] Sandstorm
|-heal|p2a: Giratina|53/100|[from] item: Leftovers
|upkeep
|turn|19
|
|t:|1666335142
|switch|p1a: 까까오택시|Corviknight, F, shiny|100/100
|-damage|p1a: 까까오택시|88/100|[from] Stealth Rock
|-ability|p1a: 까까오택시|Pressure
|switch|p2a: Yveltal|Yveltal|100/100
|-ability|p2a: Yveltal|Dark Aura
|
|-weather|Sandstorm|[upkeep]
|-damage|p2a: Yveltal|94/100|[from] Sandstorm
|upkeep
|turn|20
|
|t:|1666335149
|move|p2a: Yveltal|Heat Wave|p1a: 까까오택시
|-supereffective|p1a: 까까오택시
|-damage|p1a: 까까오택시|3/100
|-status|p1a: 까까오택시|brn
|-damage|p2a: Yveltal|84/100|[from] item: Life Orb
|move|p1a: 까까오택시|Defog|p2a: Yveltal
|-unboost|p2a: Yveltal|evasion|1
|-sideend|p1: garchang|Stealth Rock|[from] move: Defog|[of] p1a: 까까오택시
|
|-weather|none
|-damage|p1a: 까까오택시|0 fnt|[from] brn
|faint|p1a: 까까오택시
|upkeep
|
|t:|1666335157
|switch|p1a: Regieleki|Regieleki, shiny|100/100
|turn|21
|
|t:|1666335167
|-start|p2a: Yveltal|Dynamax|
|-heal|p2a: Yveltal|84/100|[silent]
|move|p1a: Regieleki|Volt Switch|p2a: Yveltal
|-supereffective|p2a: Yveltal
|-damage|p2a: Yveltal|22/100
|
|t:|1666335175
|switch|p1a: Yveltal|Yveltal, shiny|72/100 brn|[from]move: Volt Switch
|-ability|p1a: Yveltal|Dark Aura
|move|p2a: Yveltal|Max Airstream|p1a: Yveltal
|-damage|p1a: Yveltal|0 fnt
|-boost|p2a: Yveltal|spe|1
|faint|p1a: Yveltal
|-damage|p2a: Yveltal|17/100|[from] item: Life Orb
|
|upkeep
|
|t:|1666335181
|switch|p1a: Regieleki|Regieleki, shiny|100/100
|turn|22
|
|t:|1666335187
|move|p1a: Regieleki|Volt Switch|p2a: Yveltal
|-supereffective|p2a: Yveltal
|-damage|p2a: Yveltal|0 fnt
|faint|p2a: Yveltal
|
|t:|1666335190
|switch|p1a: Marshadow|Marshadow|88/100|[from]move: Volt Switch
|
|upkeep
|
|t:|1666335193
|switch|p2a: Lugia|Lugia|100/100
|turn|23
|
|t:|1666335215
|-start|p1a: Marshadow|Dynamax|
|-heal|p1a: Marshadow|88/100|[silent]
|move|p1a: Marshadow|Max Phantasm|p2a: Lugia
|-supereffective|p2a: Lugia
|-damage|p2a: Lugia|67/100
|-unboost|p2a: Lugia|def|1
|move|p2a: Lugia|Thunder Wave|p1a: Marshadow
|-status|p1a: Marshadow|par
|
|upkeep
|turn|24
|
|t:|1666335222
|move|p2a: Lugia|Roost|p2a: Lugia
|-heal|p2a: Lugia|100/100
|-singleturn|p2a: Lugia|move: Roost
|move|p1a: Marshadow|Max Phantasm|p2a: Lugia
|-supereffective|p2a: Lugia
|-damage|p2a: Lugia|47/100
|-unboost|p2a: Lugia|def|1
|
|upkeep
|turn|25
|
|t:|1666335226
|switch|p2a: Tyranitar|Tyranitar-Mega, M, shiny|85/100
|-weather|Sandstorm|[from] ability: Sand Stream|[of] p2a: Tyranitar
|cant|p1a: Marshadow|par
|
|-weather|Sandstorm|[upkeep]
|-damage|p1a: Marshadow|85/100 par|[from] Sandstorm
|upkeep
|-end|p1a: Marshadow|Dynamax
|-heal|p1a: Marshadow|85/100 par|[silent]
|turn|26
|
|t:|1666335231
|switch|p2a: Lugia|Lugia|47/100
|move|p1a: Marshadow|Close Combat|p2a: Lugia
|-resisted|p2a: Lugia
|-damage|p2a: Lugia|40/100
|-unboost|p1a: Marshadow|def|1
|-unboost|p1a: Marshadow|spd|1
|
|-weather|Sandstorm|[upkeep]
|-damage|p2a: Lugia|34/100|[from] Sandstorm
|-damage|p1a: Marshadow|79/100 par|[from] Sandstorm
|upkeep
|turn|27
|
|t:|1666335236
|switch|p1a: Regieleki|Regieleki, shiny|100/100
|move|p2a: Lugia|Roost|p2a: Lugia
|-heal|p2a: Lugia|84/100
|-singleturn|p2a: Lugia|move: Roost
|
|-weather|Sandstorm|[upkeep]
|-damage|p1a: Regieleki|95/100|[from] Sandstorm
|-damage|p2a: Lugia|78/100|[from] Sandstorm
|upkeep
|turn|28
|
|t:|1666335252
|move|p1a: Regieleki|Volt Switch|p2a: Lugia
|-supereffective|p2a: Lugia
|-crit|p2a: Lugia
|-damage|p2a: Lugia|0 fnt
|faint|p2a: Lugia
|
|t:|1666335257
|switch|p1a: Marshadow|Marshadow|79/100 par|[from]move: Volt Switch
|
|-weather|Sandstorm|[upkeep]
|-damage|p1a: Marshadow|72/100 par|[from] Sandstorm
|upkeep
|
|t:|1666335270
|switch|p2a: Tyranitar|Tyranitar-Mega, M, shiny|85/100
|turn|29
|
|t:|1666335274
|move|p1a: Marshadow|Close Combat|p2a: Tyranitar
|-supereffective|p2a: Tyranitar
|-damage|p2a: Tyranitar|0 fnt
|-unboost|p1a: Marshadow|def|1
|-unboost|p1a: Marshadow|spd|1
|faint|p2a: Tyranitar
|
|-weather|none
|upkeep
|
|t:|1666335280
|switch|p2a: Giratina|Giratina, shiny|53/100
|-ability|p2a: Giratina|Pressure
|turn|30
|
|t:|1666335286
|move|p1a: Marshadow|Shadow Sneak|p2a: Giratina
|-supereffective|p2a: Giratina
|-damage|p2a: Giratina|17/100
|move|p2a: Giratina|Rest|p2a: Giratina
|-status|p2a: Giratina|slp|[from] move: Rest
|-heal|p2a: Giratina|100/100 slp|[silent]
|
|upkeep
|turn|31
|
|t:|1666335297
|cant|p1a: Marshadow|par
|cant|p2a: Giratina|slp
|
|upkeep
|turn|32
|
|t:|1666335300
|move|p1a: Marshadow|Spectral Thief|p2a: Giratina
|-supereffective|p2a: Giratina
|-damage|p2a: Giratina|49/100 slp
|cant|p2a: Giratina|slp
|
|-heal|p2a: Giratina|55/100 slp|[from] item: Leftovers
|upkeep
|turn|33
|
|t:|1666335307
|move|p1a: Marshadow|Spectral Thief|p2a: Giratina
|-supereffective|p2a: Giratina
|-damage|p2a: Giratina|7/100 slp
|-curestatus|p2a: Giratina|slp|[msg]
|move|p2a: Giratina|Rest|p2a: Giratina
|-status|p2a: Giratina|slp|[from] move: Rest
|-heal|p2a: Giratina|100/100 slp|[silent]
|
|upkeep
|turn|34
|
|t:|1666335312
|switch|p1a: Regieleki|Regieleki, shiny|95/100
|cant|p2a: Giratina|slp
|
|upkeep
|turn|35
|
|t:|1666335318
|move|p1a: Regieleki|Volt Switch|p2a: Giratina
|-resisted|p2a: Giratina
|-damage|p2a: Giratina|84/100 slp
|
|t:|1666335322
|switch|p1a: Marshadow|Marshadow|72/100 par|[from]move: Volt Switch
|cant|p2a: Giratina|slp
|
|-heal|p2a: Giratina|91/100 slp|[from] item: Leftovers
|upkeep
|turn|36
|
|t:|1666335329
|cant|p1a: Marshadow|par
|-curestatus|p2a: Giratina|slp|[msg]
|move|p2a: Giratina|Will-O-Wisp||[still]
|-fail|p2a: Giratina
|
|-heal|p2a: Giratina|97/100|[from] item: Leftovers
|upkeep
|turn|37
|
|t:|1666335340
|move|p1a: Marshadow|Spectral Thief|p2a: Giratina
|-supereffective|p2a: Giratina
|-damage|p2a: Giratina|47/100
|move|p2a: Giratina|Will-O-Wisp||[still]
|-fail|p2a: Giratina
|
|-heal|p2a: Giratina|53/100|[from] item: Leftovers
|upkeep
|turn|38
|
|t:|1666335346
|switch|p1a: Regieleki|Regieleki, shiny|95/100
|move|p2a: Giratina|Rest|p2a: Giratina
|-status|p2a: Giratina|slp|[from] move: Rest
|-heal|p2a: Giratina|100/100 slp|[silent]
|
|upkeep
|turn|39
|
|t:|1666335352
|move|p1a: Regieleki|Electro Ball|p2a: Giratina
|-resisted|p2a: Giratina
|-damage|p2a: Giratina|73/100 slp
|cant|p2a: Giratina|slp
|
|-heal|p2a: Giratina|79/100 slp|[from] item: Leftovers
|upkeep
|turn|40
|
|t:|1666335355
|move|p1a: Regieleki|Electro Ball|p2a: Giratina
|-resisted|p2a: Giratina
|-damage|p2a: Giratina|54/100 slp
|cant|p2a: Giratina|slp
|
|-heal|p2a: Giratina|60/100 slp|[from] item: Leftovers
|upkeep
|turn|41
|
|t:|1666335359
|move|p1a: Regieleki|Electro Ball|p2a: Giratina
|-resisted|p2a: Giratina
|-damage|p2a: Giratina|32/100 slp
|-curestatus|p2a: Giratina|slp|[msg]
|move|p2a: Giratina|Toxic|p1a: Regieleki
|-status|p1a: Regieleki|tox
|
|-heal|p2a: Giratina|38/100|[from] item: Leftovers
|-damage|p1a: Regieleki|89/100 tox|[from] psn
|upkeep
|turn|42
|
|t:|1666335369
|switch|p1a: Marshadow|Marshadow|72/100 par
|move|p2a: Giratina|Rest|p2a: Giratina
|-status|p2a: Giratina|slp|[from] move: Rest
|-heal|p2a: Giratina|100/100 slp|[silent]
|
|upkeep
|turn|43
|
|t:|1666335375
|move|p1a: Marshadow|Spectral Thief|p2a: Giratina
|-supereffective|p2a: Giratina
|-damage|p2a: Giratina|51/100 slp
|cant|p2a: Giratina|slp
|
|-heal|p2a: Giratina|57/100 slp|[from] item: Leftovers
|upkeep
|turn|44
|
|t:|1666335379
|move|p1a: Marshadow|Spectral Thief|p2a: Giratina
|-supereffective|p2a: Giratina
|-damage|p2a: Giratina|5/100 slp
|cant|p2a: Giratina|slp
|
|-heal|p2a: Giratina|11/100 slp|[from] item: Leftovers
|upkeep
|turn|45
|
|t:|1666335383
|move|p1a: Marshadow|Shadow Sneak|p2a: Giratina
|-supereffective|p2a: Giratina
|-damage|p2a: Giratina|0 fnt
|faint|p2a: Giratina
|
|upkeep
|
|t:|1666335388
|switch|p2a: Gothitelle|Gothitelle, M, shiny|100/100
|turn|46
|
|t:|1666335392
|move|p2a: Gothitelle|Cosmic Power|p2a: Gothitelle
|-boost|p2a: Gothitelle|def|1
|-boost|p2a: Gothitelle|spd|1
|move|p1a: Marshadow|Spectral Thief||[still]
|-clearpositiveboost|p2a: Gothitelle|p1a: Marshadow|move: Spectral Thief
|-boost|p1a: Marshadow|def|1
|-boost|p1a: Marshadow|spd|1
|-anim|p1a: Marshadow|Spectral Thief|p2a: Gothitelle
|-supereffective|p2a: Gothitelle
|-damage|p2a: Gothitelle|14/100
|
|upkeep
|turn|47
|
|t:|1666335399
|move|p1a: Marshadow|Shadow Sneak|p2a: Gothitelle
|-supereffective|p2a: Gothitelle
|-damage|p2a: Gothitelle|0 fnt
|faint|p2a: Gothitelle
|
|win|garchang
|raw|garchang's rating: 1671 &rarr; <strong>1702</strong><br />(+31 for winning)
|raw|seidou45's rating: 1892 &rarr; <strong>1861</strong><br />(-31 for losing)
|l|☆seidou45
