|j|☆Freeity
|j|☆Arabesca
|t:|1656612693
|gametype|singles
|player|p1|Freeity|hugh|
|player|p2|Arabesca|elesa|
|teamsize|p1|6
|teamsize|p2|6
|gen|8
|tier|[Gen 8] National Dex AG
|rule|HP Percentage Mod: HP is shown in percentages
|rule|Endless Battle Clause: Forcing endless battles is banned
|clearpoke
|poke|p1|Yveltal|
|poke|p1|Zacian-*|
|poke|p1|Lugia|
|poke|p1|Necrozma-Dusk-Mane|
|poke|p1|Kyogre|
|poke|p1|Zygarde|
|poke|p2|Arceus-*|
|poke|p2|Marshadow|
|poke|p2|Naganadel|
|poke|p2|Dialga|
|poke|p2|Lugia|
|poke|p2|Kyogre|
|teampreview
|
|t:|1656612724
|start
|switch|p1a: Kyogre|Kyogre|100/100
|switch|p2a: Arceus|Arceus-Ground|100/100
|detailschange|p1a: Kyogre|Kyogre-Primal
|-primal|p1a: Kyogre
|-weather|PrimordialSea|[from] ability: Primordial Sea|[of] p1a: Kyogre
|turn|1
|inactive|Battle timer is ON: inactive players will automatically lose when time's up. (requested by Freeity)
|
|t:|1656612734
|move|p2a: Arceus|Stealth Rock|p1a: Kyogre
|-sidestart|p1: Freeity|move: Stealth Rock
|move|p1a: Kyogre|Origin Pulse|p2a: Arceus
|-supereffective|p2a: Arceus
|-damage|p2a: Arceus|0 fnt
|faint|p2a: Arceus
|
|-weather|PrimordialSea|[upkeep]
|upkeep
|
|t:|1656612755
|switch|p2a: Lugia|Lugia|100/100
|turn|2
|
|t:|1656612767
|-weather|none
|switch|p1a: Necrozma|Necrozma-Dusk-Mane|100/100
|-damage|p1a: Necrozma|94/100|[from] Stealth Rock
|move|p2a: Lugia|Toxic|p1a: Necrozma
|-immune|p1a: Necrozma
|
|upkeep
|turn|3
|
|t:|1656612789
|switch|p2a: Marshadow|Marshadow|100/100
|move|p1a: Necrozma|Stealth Rock|p2a: Marshadow
|-sidestart|p2: Arabesca|move: Stealth Rock
|
|upkeep
|turn|4
|
|t:|1656612824
|switch|p1a: Yveltal|Yveltal|100/100
|-ability|p1a: Yveltal|Dark Aura
|move|p2a: Marshadow|Spectral Thief|p1a: Yveltal
|-resisted|p1a: Yveltal
|-damage|p1a: Yveltal|77/100
|-damage|p2a: Marshadow|91/100|[from] item: Life Orb
|
|upkeep
|turn|5
|
|t:|1656612829
|move|p2a: Marshadow|Ice Punch|p1a: Yveltal
|-supereffective|p1a: Yveltal
|-damage|p1a: Yveltal|24/100
|-damage|p2a: Marshadow|81/100|[from] item: Life Orb
|move|p1a: Yveltal|Foul Play|p2a: Marshadow
|-damage|p2a: Marshadow|0 fnt
|faint|p2a: Marshadow
|
|upkeep
|
|t:|1656612840
|switch|p2a: Lugia|Lugia|100/100
|turn|6
|
|t:|1656612861
|switch|p1a: Necrozma|Necrozma-Dusk-Mane|94/100
|-damage|p1a: Necrozma|88/100|[from] Stealth Rock
|move|p2a: Lugia|Defog|p1a: Necrozma
|-unboost|p1a: Necrozma|evasion|1
|-sideend|p1: Freeity|Stealth Rock|[from] move: Defog|[of] p2a: Lugia
|-sideend|p2: Arabesca|Stealth Rock|[from] move: Defog|[of] p2a: Lugia
|
|upkeep
|turn|7
|
|t:|1656612876
|switch|p2a: Dialga|Dialga|100/100
|-ability|p2a: Dialga|Pressure
|move|p1a: Necrozma|Moonlight|p1a: Necrozma
|-heal|p1a: Necrozma|100/100
|
|upkeep
|turn|8
|
|t:|1656612891
|switch|p1a: Zygarde|Zygarde|100/100
|move|p2a: Dialga|Earth Power|p1a: Zygarde
|-damage|p1a: Zygarde|73/100
|
|-heal|p1a: Zygarde|79/100|[from] item: Leftovers
|upkeep
|turn|9
|
|t:|1656612896
|switch|p1a: Zacian|Zacian-Crowned|100/100
|-ability|p1a: Zacian|Intrepid Sword|boost
|-boost|p1a: Zacian|atk|1
|move|p2a: Dialga|Draco Meteor|p1a: Zacian
|-immune|p1a: Zacian
|
|upkeep
|turn|10
|
|t:|1656612903
|move|p1a: Zacian|Close Combat|p2a: Dialga
|-supereffective|p2a: Dialga
|-damage|p2a: Dialga|0 fnt
|-unboost|p1a: Zacian|def|1
|-unboost|p1a: Zacian|spd|1
|faint|p2a: Dialga
|
|upkeep
|
|t:|1656612909
|switch|p2a: Kyogre|Kyogre|100/100
|-weather|RainDance|[from] ability: Drizzle|[of] p2a: Kyogre
|turn|11
|
|t:|1656612911
|switch|p1a: Kyogre|Kyogre-Primal|100/100
|-weather|PrimordialSea|[from] ability: Primordial Sea|[of] p1a: Kyogre
|move|p2a: Kyogre|Water Spout|p1a: Kyogre
|-resisted|p1a: Kyogre
|-damage|p1a: Kyogre|65/100
|
|-weather|PrimordialSea|[upkeep]
|upkeep
|turn|12
|
|t:|1656612919
|switch|p2a: Lugia|Lugia|100/100
|move|p1a: Kyogre|Thunder|p2a: Lugia
|-supereffective|p2a: Lugia
|-damage|p2a: Lugia|69/100
|
|-weather|PrimordialSea|[upkeep]
|upkeep
|turn|13
|
|t:|1656612931
|-weather|none
|switch|p1a: Necrozma|Necrozma-Dusk-Mane|100/100
|move|p2a: Lugia|Toxic|p1a: Necrozma
|-immune|p1a: Necrozma
|
|upkeep
|turn|14
|
|t:|1656612938
|switch|p2a: Naganadel|Naganadel|100/100
|move|p1a: Necrozma|Sunsteel Strike|p2a: Naganadel
|-damage|p2a: Naganadel|19/100
|
|upkeep
|turn|15
|
|t:|1656612949
|move|p2a: Naganadel|Flamethrower|p1a: Necrozma
|-supereffective|p1a: Necrozma
|-damage|p1a: Necrozma|63/100
|move|p1a: Necrozma|Sunsteel Strike|p2a: Naganadel
|-damage|p2a: Naganadel|0 fnt
|faint|p2a: Naganadel
|
|upkeep
|c|☆Freeity|lmso
|c|☆Freeity|lmao
|
|t:|1656612957
|switch|p2a: Kyogre|Kyogre|100/100
|-weather|RainDance|[from] ability: Drizzle|[of] p2a: Kyogre
|turn|16
|
|t:|1656612963
|switch|p1a: Zygarde|Zygarde|79/100
|move|p2a: Kyogre|Water Spout|p1a: Zygarde
|-damage|p1a: Zygarde|0 fnt
|faint|p1a: Zygarde
|
|-weather|RainDance|[upkeep]
|upkeep
|
|t:|1656612967
|switch|p1a: Kyogre|Kyogre-Primal|65/100
|-weather|PrimordialSea|[from] ability: Primordial Sea|[of] p1a: Kyogre
|turn|17
|
|t:|1656612978
|switch|p2a: Lugia|Lugia|69/100
|move|p1a: Kyogre|Thunder|p2a: Lugia
|-supereffective|p2a: Lugia
|-damage|p2a: Lugia|11/100
|
|-weather|PrimordialSea|[upkeep]
|upkeep
|turn|18
|
|t:|1656612984
|-weather|none
|switch|p1a: Zacian|Zacian-Crowned|100/100
|-ability|p1a: Zacian|Intrepid Sword|boost
|-boost|p1a: Zacian|atk|1
|move|p2a: Lugia|Roost|p2a: Lugia
|-heal|p2a: Lugia|61/100
|-singleturn|p2a: Lugia|move: Roost
|
|upkeep
|turn|19
|
|t:|1656612990
|move|p1a: Zacian|Wild Charge|p2a: Lugia
|-supereffective|p2a: Lugia
|-damage|p2a: Lugia|0 fnt
|faint|p2a: Lugia
|-damage|p1a: Zacian|84/100|[from] Recoil
|
|upkeep
|
|t:|1656612994
|switch|p2a: Kyogre|Kyogre|100/100
|-weather|RainDance|[from] ability: Drizzle|[of] p2a: Kyogre
|turn|20
|
|t:|1656612998
|move|p2a: Kyogre|Water Spout|p1a: Zacian
|-crit|p1a: Zacian
|-damage|p1a: Zacian|0 fnt
|faint|p1a: Zacian
|
|-weather|RainDance|[upkeep]
|upkeep
|
|t:|1656613001
|switch|p1a: Kyogre|Kyogre-Primal|65/100
|-weather|PrimordialSea|[from] ability: Primordial Sea|[of] p1a: Kyogre
|turn|21
|c|☆Freeity|gg
|
|t:|1656613009
|-start|p2a: Kyogre|Dynamax|
|-heal|p2a: Kyogre|100/100|[silent]
|move|p2a: Kyogre|Max Lightning|p1a: Kyogre
|-supereffective|p1a: Kyogre
|-damage|p1a: Kyogre|1/100
|-fieldstart|move: Electric Terrain
|move|p1a: Kyogre|Thunder|p2a: Kyogre
|-supereffective|p2a: Kyogre
|-damage|p2a: Kyogre|48/100
|
|-weather|PrimordialSea|[upkeep]
|upkeep
|turn|22
|
|t:|1656613022
|move|p2a: Kyogre|Max Lightning|p1a: Kyogre
|-supereffective|p1a: Kyogre
|-damage|p1a: Kyogre|0 fnt
|faint|p1a: Kyogre
|-weather|none
|
|upkeep
|
|t:|1656613026
|switch|p1a: Lugia|Lugia|100/100
|turn|23
|
|t:|1656613031
|move|p2a: Kyogre|Max Lightning|p1a: Lugia
|-supereffective|p1a: Lugia
|-damage|p1a: Lugia|59/100
|move|p1a: Lugia|Thunder Wave|p2a: Kyogre
|-status|p2a: Kyogre|par
|
|upkeep
|-end|p2a: Kyogre|Dynamax
|-heal|p2a: Kyogre|48/100 par|[silent]
|turn|24
|
|t:|1656613038
|move|p1a: Lugia|Roost|p1a: Lugia
|-heal|p1a: Lugia|100/100
|-singleturn|p1a: Lugia|move: Roost
|cant|p2a: Kyogre|par
|
|upkeep
|turn|25
|
|t:|1656613043
|move|p1a: Lugia|Ice Beam|p2a: Kyogre
|-resisted|p2a: Kyogre
|-damage|p2a: Kyogre|42/100 par
|move|p2a: Kyogre|Water Spout|p1a: Lugia
|-damage|p1a: Lugia|90/100
|
|-fieldend|move: Electric Terrain
|upkeep
|turn|26
|
|t:|1656613049
|cant|p2a: Kyogre|par
|move|p1a: Lugia|Whirlwind||[still]
|-fail|p1a: Lugia
|
|upkeep
|turn|27
|
|t:|1656613053
|move|p2a: Kyogre|Water Spout|p1a: Lugia
|-damage|p1a: Lugia|70/100
|move|p1a: Lugia|Whirlwind||[still]
|-fail|p1a: Lugia
|
|upkeep
|turn|28
|c|☆Freeity|=)
|
|t:|1656613058
|move|p1a: Lugia|Roost|p1a: Lugia
|-heal|p1a: Lugia|100/100
|-singleturn|p1a: Lugia|move: Roost
|move|p2a: Kyogre|Water Spout|p1a: Lugia
|-damage|p1a: Lugia|90/100
|
|upkeep
|turn|29
|
|t:|1656613065
|cant|p2a: Kyogre|par
|move|p1a: Lugia|Whirlwind||[still]
|-fail|p1a: Lugia
|
|upkeep
|turn|30
|
|t:|1656613080
|move|p1a: Lugia|Roost|p1a: Lugia
|-heal|p1a: Lugia|100/100
|-singleturn|p1a: Lugia|move: Roost
|move|p2a: Kyogre|Water Spout|p1a: Lugia
|-damage|p1a: Lugia|91/100
|
|upkeep
|turn|31
|
|t:|1656613083
|move|p1a: Lugia|Roost|p1a: Lugia
|-heal|p1a: Lugia|100/100
|-singleturn|p1a: Lugia|move: Roost
|move|p2a: Kyogre|Water Spout|p1a: Lugia
|-damage|p1a: Lugia|90/100
|
|upkeep
|turn|32
|
|t:|1656613090
|move|p1a: Lugia|Ice Beam|p2a: Kyogre
|-resisted|p2a: Kyogre
|-damage|p2a: Kyogre|35/100 par
|cant|p2a: Kyogre|par
|
|upkeep
|turn|33
|
|t:|1656613094
|move|p1a: Lugia|Ice Beam|p2a: Kyogre
|-resisted|p2a: Kyogre
|-damage|p2a: Kyogre|28/100 par
|-activate|p2a: Kyogre|move: Struggle
|move|p2a: Kyogre|Struggle|p1a: Lugia
|-crit|p1a: Lugia
|-damage|p1a: Lugia|83/100
|-damage|p2a: Kyogre|3/100 par|[from] recoil
|
|upkeep
|turn|34
|
|t:|1656613097
|move|p1a: Lugia|Roost|p1a: Lugia
|-heal|p1a: Lugia|100/100
|-singleturn|p1a: Lugia|move: Roost
|-activate|p2a: Kyogre|move: Struggle
|move|p2a: Kyogre|Struggle|p1a: Lugia
|-damage|p1a: Lugia|98/100
|-damage|p2a: Kyogre|0 fnt|[from] recoil
|faint|p2a: Kyogre
|
|win|Freeity
|l|☆Arabesca
