|j|☆kerrozxl-
|j|☆Buck is stallish
|t:|1661028762
|gametype|singles
|player|p1|kerrozxl-|unknownf|
|player|p2|Buck is stallish|ethan-masters|
|teamsize|p1|6
|teamsize|p2|6
|gen|8
|tier|[Gen 8] National Dex AG
|rule|HP Percentage Mod: HP is shown in percentages
|rule|Endless Battle Clause: Forcing endless battles is banned
|clearpoke
|poke|p1|Rayquaza|
|poke|p1|Groudon|
|poke|p1|Necrozma-Dusk-Mane|
|poke|p1|Marshadow|
|poke|p1|Yveltal|
|poke|p1|Xerneas-*|
|poke|p2|Kyogre|
|poke|p2|Chansey, F|
|poke|p2|Sableye, F|
|poke|p2|Lugia|
|poke|p2|Yveltal|
|poke|p2|Arceus-*|
|teampreview
|inactive|Battle timer is ON: inactive players will automatically lose when time's up. (requested by Buck is stallish)
|
|t:|1661028775
|start
|switch|p1a: Rayquaza|Rayquaza, shiny|100/100
|switch|p2a: Pretty gem|Sableye, F|100/100
|-ability|p1a: Rayquaza|Air Lock
|turn|1
|
|t:|1661028780
|switch|p1a: Groudon|Groudon, shiny|100/100
|detailschange|p1a: Groudon|Groudon-Primal, shiny
|-primal|p1a: Groudon
|-weather|DesolateLand|[from] ability: Desolate Land|[of] p1a: Groudon
|detailschange|p2a: Pretty gem|Sableye-Mega, F
|-mega|p2a: Pretty gem|Sableye|Sablenite
|move|p2a: Pretty gem|Protect||[still]
|-fail|p2a: Pretty gem
|
|-weather|DesolateLand|[upkeep]
|upkeep
|turn|2
|
|t:|1661028784
|move|p2a: Pretty gem|Protect|p2a: Pretty gem
|-singleturn|p2a: Pretty gem|Protect
|move|p1a: Groudon|Precipice Blades|p2a: Pretty gem
|-activate|p2a: Pretty gem|move: Protect
|
|-weather|DesolateLand|[upkeep]
|upkeep
|turn|3
|
|t:|1661028787
|move|p1a: Groudon|Precipice Blades|p2a: Pretty gem
|-damage|p2a: Pretty gem|49/100
|move|p2a: Pretty gem|Recover|p2a: Pretty gem
|-heal|p2a: Pretty gem|99/100
|
|-weather|DesolateLand|[upkeep]
|upkeep
|turn|4
|
|t:|1661028791
|switch|p2a: Fearless priest|Arceus-Ground|100/100
|move|p1a: Groudon|Overheat|p2a: Fearless priest
|-damage|p2a: Fearless priest|38/100
|-unboost|p1a: Groudon|spa|2
|
|-weather|DesolateLand|[upkeep]
|upkeep
|turn|5
|inactive|Buck is stallish has 270 seconds left.
|
|t:|1661028838
|-weather|none
|switch|p1a: Rayquaza|Rayquaza, shiny|100/100
|-ability|p1a: Rayquaza|Air Lock
|move|p2a: Fearless priest|Recover|p2a: Fearless priest
|-heal|p2a: Fearless priest|88/100
|
|upkeep
|turn|6
|inactive|kerrozxl- has 270 seconds left.
|
|t:|1661028870
|detailschange|p1a: Rayquaza|Rayquaza-Mega, shiny
|-mega|p1a: Rayquaza|Rayquaza|
|-weather|DeltaStream|[from] ability: Delta Stream|[of] p1a: Rayquaza
|move|p1a: Rayquaza|Dragon Ascent|p2a: Fearless priest
|-damage|p2a: Fearless priest|21/100
|-unboost|p1a: Rayquaza|def|1
|-unboost|p1a: Rayquaza|spd|1
|move|p2a: Fearless priest|Will-O-Wisp|p1a: Rayquaza
|-status|p1a: Rayquaza|brn
|
|-weather|DeltaStream|[upkeep]
|-damage|p1a: Rayquaza|95/100 brn|[from] brn
|upkeep
|turn|7
|inactive|Buck is stallish has 270 seconds left.
|
|t:|1661028899
|switch|p2a: White phoenix|Lugia|100/100
|move|p1a: Rayquaza|Dragon Ascent|p2a: White phoenix
|-damage|p2a: White phoenix|83/100
|-unboost|p1a: Rayquaza|def|1
|-unboost|p1a: Rayquaza|spd|1
|
|-weather|DeltaStream|[upkeep]
|-heal|p2a: White phoenix|89/100|[from] item: Leftovers
|-damage|p1a: Rayquaza|89/100 brn|[from] brn
|upkeep
|turn|8
|inactive|kerrozxl- has 270 seconds left.
|
|t:|1661028930
|-weather|none
|switch|p1a: Groudon|Groudon-Primal, shiny|100/100
|-weather|DesolateLand|[from] ability: Desolate Land|[of] p1a: Groudon
|move|p2a: White phoenix|Roost|p2a: White phoenix
|-heal|p2a: White phoenix|100/100
|-singleturn|p2a: White phoenix|move: Roost
|
|-weather|DesolateLand|[upkeep]
|upkeep
|turn|9
|
|t:|1661028950
|switch|p2a: Pretty gem|Sableye-Mega, F|99/100
|move|p1a: Groudon|Stealth Rock|p2a: Pretty gem
|move|p2a: Pretty gem|Stealth Rock|p1a: Groudon|[from]ability: Magic Bounce
|-sidestart|p1: kerrozxl-|move: Stealth Rock
|
|-weather|DesolateLand|[upkeep]
|upkeep
|turn|10
|inactive|kerrozxl- has 270 seconds left.
|
|t:|1661028964
|switch|p2a: White phoenix|Lugia|100/100
|move|p1a: Groudon|Precipice Blades|p2a: White phoenix
|-immune|p2a: White phoenix
|
|-weather|DesolateLand|[upkeep]
|upkeep
|turn|11
|
|t:|1661028968
|move|p2a: White phoenix|Toxic|p1a: Groudon
|-status|p1a: Groudon|tox
|move|p1a: Groudon|Stone Edge|p2a: White phoenix
|-supereffective|p2a: White phoenix
|-damage|p2a: White phoenix|81/100
|
|-weather|DesolateLand|[upkeep]
|-heal|p2a: White phoenix|87/100|[from] item: Leftovers
|-damage|p1a: Groudon|94/100 tox|[from] psn
|upkeep
|turn|12
|
|t:|1661028976
|-weather|none
|switch|p1a: Necrozma|Necrozma-Dusk-Mane|100/100
|-damage|p1a: Necrozma|95/100|[from] Stealth Rock
|move|p2a: White phoenix|Roost|p2a: White phoenix
|-heal|p2a: White phoenix|100/100
|-singleturn|p2a: White phoenix|move: Roost
|
|upkeep
|turn|13
|
|t:|1661028979
|switch|p2a: Pretty gem|Sableye-Mega, F|99/100
|move|p1a: Necrozma|Dragon Dance|p1a: Necrozma
|-boost|p1a: Necrozma|atk|1
|-boost|p1a: Necrozma|spe|1
|
|upkeep
|turn|14
|
|t:|1661028985
|switch|p1a: Rayquaza|Rayquaza-Mega, shiny|89/100 brn
|-damage|p1a: Rayquaza|64/100 brn|[from] Stealth Rock
|-weather|DeltaStream|[from] ability: Delta Stream|[of] p1a: Rayquaza
|move|p2a: Pretty gem|Foul Play|p1a: Rayquaza
|-damage|p1a: Rayquaza|0 fnt
|faint|p1a: Rayquaza
|-weather|none
|
|upkeep
|
|t:|1661028989
|switch|p1a: Xerneas|Xerneas, shiny|100/100
|-damage|p1a: Xerneas|88/100|[from] Stealth Rock
|-ability|p1a: Xerneas|Fairy Aura
|turn|15
|
|t:|1661028992
|switch|p2a: Tough pink lady|Chansey, F|100/100
|move|p1a: Xerneas|Moonblast|p2a: Tough pink lady
|-damage|p2a: Tough pink lady|84/100
|-unboost|p2a: Tough pink lady|spa|1
|
|upkeep
|turn|16
|
|t:|1661028999
|switch|p1a: Groudon|Groudon-Primal, shiny|94/100 tox
|-damage|p1a: Groudon|82/100 tox|[from] Stealth Rock
|-weather|DesolateLand|[from] ability: Desolate Land|[of] p1a: Groudon
|switch|p2a: Eternal storm|Kyogre|100/100
|-ability|p2a: Eternal storm|Drizzle|[from] desolateland|[fail]
|
|-weather|DesolateLand|[upkeep]
|-damage|p1a: Groudon|76/100 tox|[from] psn
|upkeep
|turn|17
|inactive|kerrozxl- has 270 seconds left.
|inactive|Buck is stallish has 270 seconds left.
|
|t:|1661029045
|switch|p2a: Pretty gem|Sableye-Mega, F|99/100
|move|p1a: Groudon|Precipice Blades|p2a: Pretty gem
|-damage|p2a: Pretty gem|51/100
|
|-weather|DesolateLand|[upkeep]
|-damage|p1a: Groudon|63/100 tox|[from] psn
|upkeep
|turn|18
|
|t:|1661029049
|move|p2a: Pretty gem|Protect|p2a: Pretty gem
|-singleturn|p2a: Pretty gem|Protect
|move|p1a: Groudon|Overheat|p2a: Pretty gem
|-activate|p2a: Pretty gem|move: Protect
|
|-weather|DesolateLand|[upkeep]
|-damage|p1a: Groudon|45/100 tox|[from] psn
|upkeep
|turn|19
|inactive|kerrozxl- has 270 seconds left.
|
|t:|1661029061
|switch|p2a: White phoenix|Lugia|100/100
|move|p1a: Groudon|Precipice Blades|p2a: White phoenix
|-immune|p2a: White phoenix
|
|-weather|DesolateLand|[upkeep]
|-damage|p1a: Groudon|20/100 tox|[from] psn
|upkeep
|turn|20
|inactive|kerrozxl- has 270 seconds left.
|
|t:|1661029071
|switch|p2a: Pretty gem|Sableye-Mega, F|51/100
|move|p1a: Groudon|Overheat|p2a: Pretty gem
|-damage|p2a: Pretty gem|0 fnt
|-unboost|p1a: Groudon|spa|2
|faint|p2a: Pretty gem
|
|-weather|DesolateLand|[upkeep]
|-damage|p1a: Groudon|0 fnt|[from] psn
|faint|p1a: Groudon
|-weather|none
|upkeep
|
|t:|1661029079
|switch|p1a: Yveltal|Yveltal, shiny|100/100
|switch|p2a: Raven of death|Yveltal, shiny|100/100
|-ability|p2a: Raven of death|Dark Aura
|-ability|p1a: Yveltal|Dark Aura
|turn|21
|inactive|kerrozxl- has 270 seconds left.
|
|t:|1661029106
|move|p2a: Raven of death|U-turn|p1a: Yveltal
|-damage|p1a: Yveltal|82/100
|
|t:|1661029117
|switch|p2a: Fearless priest|Arceus-Ground|21/100|[from]move: U-turn
|move|p1a: Yveltal|Defog|p2a: Fearless priest
|-unboost|p2a: Fearless priest|evasion|1
|-sideend|p1: kerrozxl-|Stealth Rock|[from] move: Defog|[of] p1a: Yveltal
|
|upkeep
|turn|22
|inactive|kerrozxl- has 270 seconds left.
|
|t:|1661029127
|move|p1a: Yveltal|Knock Off|p2a: Fearless priest
|-damage|p2a: Fearless priest|1/100
|move|p2a: Fearless priest|Recover|p2a: Fearless priest
|-heal|p2a: Fearless priest|51/100
|
|upkeep
|turn|23
|inactive|kerrozxl- has 270 seconds left.
|
|t:|1661029141
|switch|p1a: Xerneas|Xerneas, shiny|88/100
|-ability|p1a: Xerneas|Fairy Aura
|move|p2a: Fearless priest|Recover|p2a: Fearless priest
|-heal|p2a: Fearless priest|100/100
|
|upkeep
|turn|24
|
|t:|1661029159
|switch|p2a: Tough pink lady|Chansey, F|84/100
|move|p1a: Xerneas|Geomancy||[still]
|-prepare|p1a: Xerneas|Geomancy
|-enditem|p1a: Xerneas|Power Herb
|-anim|p1a: Xerneas|Geomancy|p1a: Xerneas
|-boost|p1a: Xerneas|spa|2
|-boost|p1a: Xerneas|spd|2
|-boost|p1a: Xerneas|spe|2
|
|upkeep
|turn|25
|inactive|kerrozxl- has 270 seconds left.
|
|t:|1661029184
|-start|p1a: Xerneas|Dynamax|
|-heal|p1a: Xerneas|88/100|[silent]
|move|p1a: Xerneas|Max Starfall|p2a: Tough pink lady
|-damage|p2a: Tough pink lady|31/100
|-fieldstart|move: Misty Terrain
|move|p2a: Tough pink lady|Confide|p1a: Xerneas
|-unboost|p1a: Xerneas|spa|1
|
|upkeep
|turn|26
|inactive|kerrozxl- has 270 seconds left.
|
|t:|1661029202
|switch|p2a: Eternal storm|Kyogre|100/100
|-weather|RainDance|[from] ability: Drizzle|[of] p2a: Eternal storm
|move|p1a: Xerneas|Max Starfall|p2a: Eternal storm
|-damage|p2a: Eternal storm|14/100
|
|-weather|RainDance|[upkeep]
|-heal|p2a: Eternal storm|21/100|[from] item: Leftovers
|upkeep
|turn|27
|
|t:|1661029207
|move|p1a: Xerneas|Max Starfall|p2a: Eternal storm
|-damage|p2a: Eternal storm|0 fnt
|faint|p2a: Eternal storm
|
|-weather|RainDance|[upkeep]
|upkeep
|
|t:|1661029208
|switch|p2a: Tough pink lady|Chansey, F|31/100
|-end|p1a: Xerneas|Dynamax
|-heal|p1a: Xerneas|88/100|[silent]
|turn|28
|
|t:|1661029215
|move|p1a: Xerneas|Moonblast|p2a: Tough pink lady
|-damage|p2a: Tough pink lady|6/100
|move|p2a: Tough pink lady|Soft-Boiled|p2a: Tough pink lady
|-heal|p2a: Tough pink lady|56/100
|
|-weather|RainDance|[upkeep]
|upkeep
|turn|29
|
|t:|1661029219
|move|p1a: Xerneas|Geomancy||[still]
|-prepare|p1a: Xerneas|Geomancy
|move|p2a: Tough pink lady|Soft-Boiled|p2a: Tough pink lady
|-heal|p2a: Tough pink lady|100/100
|
|-weather|RainDance|[upkeep]
|-fieldend|Misty Terrain
|upkeep
|turn|30
|
|t:|1661029223
|move|p1a: Xerneas|Geomancy|p1a: Xerneas|[from]lockedmove
|-boost|p1a: Xerneas|spa|2
|-boost|p1a: Xerneas|spd|2
|-boost|p1a: Xerneas|spe|2
|move|p2a: Tough pink lady|Confide|p1a: Xerneas
|-unboost|p1a: Xerneas|spa|1
|
|-weather|none
|upkeep
|turn|31
|
|t:|1661029227
|move|p1a: Xerneas|Geomancy||[still]
|-prepare|p1a: Xerneas|Geomancy
|move|p2a: Tough pink lady|Confide|p1a: Xerneas
|-unboost|p1a: Xerneas|spa|1
|
|upkeep
|turn|32
|
|t:|1661029229
|move|p1a: Xerneas|Geomancy|p1a: Xerneas|[from]lockedmove
|-boost|p1a: Xerneas|spa|2
|-boost|p1a: Xerneas|spd|2
|-boost|p1a: Xerneas|spe|2
|move|p2a: Tough pink lady|Confide|p1a: Xerneas
|-unboost|p1a: Xerneas|spa|1
|
|upkeep
|turn|33
|
|t:|1661029232
|move|p1a: Xerneas|Geomancy||[still]
|-prepare|p1a: Xerneas|Geomancy
|move|p2a: Tough pink lady|Confide|p1a: Xerneas
|-unboost|p1a: Xerneas|spa|1
|
|upkeep
|turn|34
|
|t:|1661029235
|move|p1a: Xerneas|Geomancy|p1a: Xerneas|[from]lockedmove
|-boost|p1a: Xerneas|spa|2
|-boost|p1a: Xerneas|spd|0
|-boost|p1a: Xerneas|spe|0
|move|p2a: Tough pink lady|Confide|p1a: Xerneas
|-unboost|p1a: Xerneas|spa|1
|
|upkeep
|turn|35
|
|t:|1661029237
|move|p1a: Xerneas|Moonblast|p2a: Tough pink lady
|-damage|p2a: Tough pink lady|66/100
|-unboost|p2a: Tough pink lady|spa|1
|move|p2a: Tough pink lady|Confide|p1a: Xerneas
|-unboost|p1a: Xerneas|spa|1
|
|upkeep
|turn|36
|
|t:|1661029243
|move|p1a: Xerneas|Moonblast|p2a: Tough pink lady
|-damage|p2a: Tough pink lady|41/100
|move|p2a: Tough pink lady|Soft-Boiled|p2a: Tough pink lady
|-heal|p2a: Tough pink lady|91/100
|
|upkeep
|turn|37
|
|t:|1661029246
|switch|p1a: Necrozma|Necrozma-Dusk-Mane|95/100
|move|p2a: Tough pink lady|Seismic Toss|p1a: Necrozma
|-damage|p1a: Necrozma|65/100
|
|upkeep
|turn|38
|inactive|kerrozxl- has 270 seconds left.
|inactive|kerrozxl- has 240 seconds left.
|
|t:|1661029308
|switch|p2a: Fearless priest|Arceus-Ground|100/100
|move|p1a: Necrozma|Dragon Dance|p1a: Necrozma
|-boost|p1a: Necrozma|atk|1
|-boost|p1a: Necrozma|spe|1
|
|upkeep
|turn|39
|
|t:|1661029312
|detailschange|p1a: Necrozma|Necrozma-Ultra
|-burst|p1a: Necrozma|Necrozma|Ultranecrozium Z
|move|p1a: Necrozma|Photon Geyser|p2a: Fearless priest
|-damage|p2a: Fearless priest|47/100
|move|p2a: Fearless priest|Will-O-Wisp|p1a: Necrozma
|-status|p1a: Necrozma|brn
|
|-damage|p1a: Necrozma|59/100 brn|[from] brn
|upkeep
|turn|40
|
|t:|1661029328
|switch|p2a: Raven of death|Yveltal, shiny|100/100
|-ability|p2a: Raven of death|Dark Aura
|-zpower|p1a: Necrozma
|move|p1a: Necrozma|Light That Burns the Sky|p2a: Raven of death|[zeffect]
|-immune|p2a: Raven of death
|
|-damage|p1a: Necrozma|53/100 brn|[from] brn
|upkeep
|turn|41
|
|t:|1661029340
|switch|p2a: Fearless priest|Arceus-Ground|47/100
|move|p1a: Necrozma|Stone Edge|p2a: Fearless priest
|-resisted|p2a: Fearless priest
|-damage|p2a: Fearless priest|39/100
|
|-damage|p1a: Necrozma|47/100 brn|[from] brn
|upkeep
|turn|42
|inactive|kerrozxl- has 240 seconds left.
|
|t:|1661029365
|move|p1a: Necrozma|Photon Geyser|p2a: Fearless priest
|-damage|p2a: Fearless priest|15/100
|move|p2a: Fearless priest|Recover|p2a: Fearless priest
|-heal|p2a: Fearless priest|65/100
|
|-damage|p1a: Necrozma|41/100 brn|[from] brn
|upkeep
|turn|43
|inactive|kerrozxl- has 240 seconds left.
|
|t:|1661029381
|move|p1a: Necrozma|Dragon Dance|p1a: Necrozma
|-boost|p1a: Necrozma|atk|1
|-boost|p1a: Necrozma|spe|1
|move|p2a: Fearless priest|Recover|p2a: Fearless priest
|-heal|p2a: Fearless priest|100/100
|
|-damage|p1a: Necrozma|35/100 brn|[from] brn
|upkeep
|turn|44
|
|t:|1661029386
|move|p1a: Necrozma|Photon Geyser|p2a: Fearless priest
|-damage|p2a: Fearless priest|67/100
|move|p2a: Fearless priest|Stealth Rock|p1a: Necrozma
|-sidestart|p1: kerrozxl-|move: Stealth Rock
|
|-damage|p1a: Necrozma|29/100 brn|[from] brn
|upkeep
|turn|45
|
|t:|1661029392
|move|p1a: Necrozma|Photon Geyser|p2a: Fearless priest
|-damage|p2a: Fearless priest|33/100
|move|p2a: Fearless priest|Judgment|p1a: Necrozma
|-damage|p1a: Necrozma|0 fnt
|faint|p1a: Necrozma
|
|upkeep
|
|t:|1661029397
|switch|p1a: Xerneas|Xerneas, shiny|88/100
|-damage|p1a: Xerneas|76/100|[from] Stealth Rock
|-ability|p1a: Xerneas|Fairy Aura
|turn|46
|
|t:|1661029402
|-start|p2a: Fearless priest|Dynamax|
|-heal|p2a: Fearless priest|33/100|[silent]
|move|p2a: Fearless priest|Max Quake|p1a: Xerneas
|-damage|p1a: Xerneas|30/100
|-boost|p2a: Fearless priest|spd|1
|move|p1a: Xerneas|Moonblast|p2a: Fearless priest
|-damage|p2a: Fearless priest|17/100
|-unboost|p2a: Fearless priest|spa|1
|
|upkeep
|turn|47
|inactive|kerrozxl- has 270 seconds left.
|inactive|kerrozxl- has 240 seconds left.
|
|t:|1661029463
|move|p2a: Fearless priest|Max Quake|p1a: Xerneas
|-damage|p1a: Xerneas|1/100
|-boost|p2a: Fearless priest|spd|1
|move|p1a: Xerneas|Moonblast|p2a: Fearless priest
|-damage|p2a: Fearless priest|4/100
|
|upkeep
|turn|48
|
|t:|1661029468
|move|p2a: Fearless priest|Max Guard|p2a: Fearless priest
|-singleturn|p2a: Fearless priest|Max Guard
|move|p1a: Xerneas|Moonblast|p2a: Fearless priest
|-activate|p2a: Fearless priest|move: Max Guard
|
|upkeep
|-end|p2a: Fearless priest|Dynamax
|-heal|p2a: Fearless priest|4/100|[silent]
|turn|49
|
|t:|1661029473
|move|p2a: Fearless priest|Recover|p2a: Fearless priest
|-heal|p2a: Fearless priest|54/100
|move|p1a: Xerneas|Moonblast|p2a: Fearless priest
|-damage|p2a: Fearless priest|28/100
|-unboost|p2a: Fearless priest|spa|1
|
|upkeep
|turn|50
|
|t:|1661029477
|move|p2a: Fearless priest|Recover|p2a: Fearless priest
|-heal|p2a: Fearless priest|78/100
|move|p1a: Xerneas|Moonblast|p2a: Fearless priest
|-damage|p2a: Fearless priest|55/100
|-unboost|p2a: Fearless priest|spa|1
|
|upkeep
|turn|51
|
|t:|1661029480
|move|p2a: Fearless priest|Stealth Rock||[still]
|-fail|p2a: Fearless priest
|move|p1a: Xerneas|Geomancy||[still]
|-prepare|p1a: Xerneas|Geomancy
|
|upkeep
|turn|52
|
|t:|1661029485
|move|p2a: Fearless priest|Judgment|p1a: Xerneas
|-damage|p1a: Xerneas|0 fnt
|faint|p1a: Xerneas
|
|upkeep
|
|t:|1661029487
|switch|p1a: Yveltal|Yveltal, shiny|82/100
|-ability|p1a: Yveltal|Dark Aura
|turn|53
|
|t:|1661029489
|move|p1a: Yveltal|Knock Off|p2a: Fearless priest
|-damage|p2a: Fearless priest|35/100
|move|p2a: Fearless priest|Will-O-Wisp|p1a: Yveltal
|-status|p1a: Yveltal|brn
|
|-damage|p1a: Yveltal|76/100 brn|[from] brn
|upkeep
|turn|54
|
|t:|1661029493
|move|p1a: Yveltal|Defog|p2a: Fearless priest
|-unboost|p2a: Fearless priest|evasion|1
|-sideend|p1: kerrozxl-|Stealth Rock|[from] move: Defog|[of] p1a: Yveltal
|move|p2a: Fearless priest|Recover|p2a: Fearless priest
|-heal|p2a: Fearless priest|85/100
|
|-damage|p1a: Yveltal|70/100 brn|[from] brn
|upkeep
|turn|55
|
|t:|1661029503
|move|p1a: Yveltal|Oblivion Wing|p2a: Fearless priest
|-damage|p2a: Fearless priest|74/100
|-heal|p1a: Yveltal|79/100 brn|[from] drain|[of] p2a: Fearless priest
|move|p2a: Fearless priest|Stealth Rock|p1a: Yveltal
|-sidestart|p1: kerrozxl-|move: Stealth Rock
|
|-damage|p1a: Yveltal|73/100 brn|[from] brn
|upkeep
|turn|56
|
|t:|1661029510
|move|p1a: Yveltal|Knock Off|p2a: Fearless priest
|-crit|p2a: Fearless priest
|-damage|p2a: Fearless priest|60/100
|move|p2a: Fearless priest|Recover|p2a: Fearless priest
|-heal|p2a: Fearless priest|100/100
|
|-damage|p1a: Yveltal|67/100 brn|[from] brn
|upkeep
|turn|57
|inactive|kerrozxl- has 270 seconds left.
|inactive|kerrozxl- has 240 seconds left.
|
|t:|1661029591
|switch|p2a: White phoenix|Lugia|100/100
|move|p1a: Yveltal|Knock Off|p2a: White phoenix
|-supereffective|p2a: White phoenix
|-damage|p2a: White phoenix|86/100
|-enditem|p2a: White phoenix|Leftovers|[from] move: Knock Off|[of] p1a: Yveltal
|
|-damage|p1a: Yveltal|61/100 brn|[from] brn
|upkeep
|turn|58
|
|t:|1661029609
|move|p1a: Yveltal|Knock Off|p2a: White phoenix
|-supereffective|p2a: White phoenix
|-damage|p2a: White phoenix|67/100
|move|p2a: White phoenix|Roost|p2a: White phoenix
|-heal|p2a: White phoenix|100/100
|-singleturn|p2a: White phoenix|move: Roost
|
|-damage|p1a: Yveltal|55/100 brn|[from] brn
|upkeep
|turn|59
|inactive|kerrozxl- has 210 seconds left.
|inactive|kerrozxl- has 180 seconds left.
|
|t:|1661029674
|move|p1a: Yveltal|Knock Off|p2a: White phoenix
|-supereffective|p2a: White phoenix
|-damage|p2a: White phoenix|92/100
|move|p2a: White phoenix|Ice Beam|p1a: Yveltal
|-supereffective|p1a: Yveltal
|-damage|p1a: Yveltal|27/100 brn
|
|-damage|p1a: Yveltal|21/100 brn|[from] brn
|upkeep
|turn|60
|
|t:|1661029696
|move|p1a: Yveltal|Knock Off|p2a: White phoenix
|-supereffective|p2a: White phoenix
|-crit|p2a: White phoenix
|-damage|p2a: White phoenix|62/100
|move|p2a: White phoenix|Roost|p2a: White phoenix
|-heal|p2a: White phoenix|100/100
|-singleturn|p2a: White phoenix|move: Roost
|
|-damage|p1a: Yveltal|15/100 brn|[from] brn
|upkeep
|turn|61
|inactive|kerrozxl- has 180 seconds left.
|inactive|kerrozxl- has 150 seconds left.
|c|☆Buck is stallish|Hurry please
|inactive|kerrozxl- has 120 seconds left.
|inactive|kerrozxl- has 90 seconds left.
|inactive|kerrozxl- has 60 seconds left.
|
|t:|1661029846
|move|p1a: Yveltal|Knock Off|p2a: White phoenix
|-supereffective|p2a: White phoenix
|-damage|p2a: White phoenix|91/100
|move|p2a: White phoenix|Roost|p2a: White phoenix
|-heal|p2a: White phoenix|100/100
|-singleturn|p2a: White phoenix|move: Roost
|
|-damage|p1a: Yveltal|9/100 brn|[from] brn
|upkeep
|turn|62
|c|☆kerrozxl-|Sory lmao
|c|☆kerrozxl-|im ina val game
|
|t:|1661029856
|move|p1a: Yveltal|Defog|p2a: White phoenix
|-unboost|p2a: White phoenix|evasion|1
|-sideend|p1: kerrozxl-|Stealth Rock|[from] move: Defog|[of] p1a: Yveltal
|move|p2a: White phoenix|Roost||[still]
|-fail|p2a: White phoenix|heal
|
|-damage|p1a: Yveltal|3/100 brn|[from] brn
|upkeep
|turn|63
|
|t:|1661029860
|move|p1a: Yveltal|Knock Off|p2a: White phoenix
|-supereffective|p2a: White phoenix
|-damage|p2a: White phoenix|92/100
|move|p2a: White phoenix|Roost|p2a: White phoenix
|-heal|p2a: White phoenix|100/100
|-singleturn|p2a: White phoenix|move: Roost
|
|-damage|p1a: Yveltal|0 fnt|[from] brn
|faint|p1a: Yveltal
|upkeep
|
|t:|1661029861
|switch|p1a: Marshadow|Marshadow|100/100
|turn|64
|
|t:|1661029863
|move|p1a: Marshadow|Spectral Thief|p2a: White phoenix
|-supereffective|p2a: White phoenix
|-damage|p2a: White phoenix|80/100
|move|p2a: White phoenix|Toxic|p1a: Marshadow
|-status|p1a: Marshadow|tox
|
|-damage|p1a: Marshadow|94/100 tox|[from] psn
|upkeep
|turn|65
|inactive|kerrozxl- has 90 seconds left.
|c|☆Buck is stallish|Fair enough
|
|t:|1661029880
|move|p1a: Marshadow|Spectral Thief|p2a: White phoenix
|-supereffective|p2a: White phoenix
|-damage|p2a: White phoenix|38/100
|move|p2a: White phoenix|Roost|p2a: White phoenix
|-heal|p2a: White phoenix|88/100
|-singleturn|p2a: White phoenix|move: Roost
|
|-damage|p1a: Marshadow|82/100 tox|[from] psn
|upkeep
|turn|66
|
|t:|1661029885
|move|p1a: Marshadow|Rock Tomb|p2a: White phoenix
|-supereffective|p2a: White phoenix
|-damage|p2a: White phoenix|56/100
|-unboost|p2a: White phoenix|spe|1
|move|p2a: White phoenix|Roost|p2a: White phoenix
|-heal|p2a: White phoenix|100/100
|-singleturn|p2a: White phoenix|move: Roost
|
|-damage|p1a: Marshadow|63/100 tox|[from] psn
|upkeep
|turn|67
|
|t:|1661029887
|move|p1a: Marshadow|Spectral Thief|p2a: White phoenix
|-supereffective|p2a: White phoenix
|-crit|p2a: White phoenix
|-damage|p2a: White phoenix|66/100
|move|p2a: White phoenix|Ice Beam|p1a: Marshadow
|-damage|p1a: Marshadow|43/100 tox
|
|-damage|p1a: Marshadow|18/100 tox|[from] psn
|upkeep
|turn|68
|
|t:|1661029896
|switch|p2a: Tough pink lady|Chansey, F|91/100
|move|p1a: Marshadow|Spectral Thief|p2a: Tough pink lady
|-immune|p2a: Tough pink lady
|
|-damage|p1a: Marshadow|0 fnt|[from] psn
|faint|p1a: Marshadow
|
|win|Buck is stallish
|upkeep
