|j|☆Vegeta Otsusuki
|j|☆RUiNtheExtinct
|t:|1665638981
|gametype|singles
|player|p1|Vegeta Otsusuki|blue-gen3two|1695
|player|p2|RUiNtheExtinct|red-gen7|1745
|teamsize|p1|6
|teamsize|p2|6
|gen|8
|tier|[Gen 8] National Dex AG
|rated|
|rule|HP Percentage Mod: HP is shown in percentages
|rule|Endless Battle Clause: Forcing endless battles is banned
|clearpoke
|poke|p1|Aerodactyl, M|
|poke|p1|Excadrill, F|
|poke|p1|Ditto|
|poke|p1|Arceus-*|
|poke|p1|Arceus-*|
|poke|p1|Grimmsnarl, M|
|poke|p2|Groudon|
|poke|p2|Ditto|
|poke|p2|Rayquaza|
|poke|p2|Yveltal|
|poke|p2|Smeargle, F|
|poke|p2|Arceus-*|
|teampreview
|inactive|Battle timer is ON: inactive players will automatically lose when time's up. (requested by Vegeta Otsusuki)
|
|t:|1665638989
|start
|switch|p1a: Grimmsnarl|Grimmsnarl, M|100/100
|switch|p2a: Groudon|Groudon|100/100
|detailschange|p2a: Groudon|Groudon-Primal
|-primal|p2a: Groudon
|-weather|DesolateLand|[from] ability: Desolate Land|[of] p2a: Groudon
|turn|1
|
|t:|1665638996
|move|p1a: Grimmsnarl|Reflect|p1a: Grimmsnarl
|-sidestart|p1: Vegeta Otsusuki|Reflect
|move|p2a: Groudon|Heat Crash|p1a: Grimmsnarl
|-damage|p1a: Grimmsnarl|14/100
|
|-weather|DesolateLand|[upkeep]
|upkeep
|turn|2
|
|t:|1665639003
|move|p1a: Grimmsnarl|Taunt|p2a: Groudon
|-start|p2a: Groudon|move: Taunt
|cant|p2a: Groudon|move: Taunt|Stealth Rock
|
|-weather|DesolateLand|[upkeep]
|upkeep
|turn|3
|
|t:|1665639006
|move|p1a: Grimmsnarl|Light Screen|p1a: Grimmsnarl
|-sidestart|p1: Vegeta Otsusuki|move: Light Screen
|move|p2a: Groudon|Heat Crash|p1a: Grimmsnarl
|-damage|p1a: Grimmsnarl|0 fnt
|faint|p1a: Grimmsnarl
|
|-weather|DesolateLand|[upkeep]
|upkeep
|
|t:|1665639011
|switch|p1a: Excadrill|Excadrill, F, shiny|100/100
|-ability|p1a: Excadrill|Mold Breaker
|turn|4
|
|t:|1665639016
|move|p1a: Excadrill|Stealth Rock|p2a: Groudon
|-sidestart|p2: RUiNtheExtinct|move: Stealth Rock
|move|p2a: Groudon|Earthquake|p1a: Excadrill
|-supereffective|p1a: Excadrill
|-damage|p1a: Excadrill|4/100
|
|-weather|DesolateLand|[upkeep]
|-end|p2a: Groudon|move: Taunt
|upkeep
|turn|5
|
|t:|1665639027
|move|p1a: Excadrill|Earthquake|p2a: Groudon
|-supereffective|p2a: Groudon
|-damage|p2a: Groudon|40/100
|move|p2a: Groudon|Rock Tomb|p1a: Excadrill
|-resisted|p1a: Excadrill
|-damage|p1a: Excadrill|0 fnt
|faint|p1a: Excadrill
|
|-weather|DesolateLand|[upkeep]
|upkeep
|
|t:|1665639043
|switch|p1a: Aerodactyl|Aerodactyl, M|100/100
|turn|6
|j| Enjoy Enjoy 2
|
|t:|1665639048
|move|p1a: Aerodactyl|Dragon Dance|p1a: Aerodactyl
|-boost|p1a: Aerodactyl|atk|1
|-boost|p1a: Aerodactyl|spe|1
|move|p2a: Groudon|Rock Tomb|p1a: Aerodactyl
|-supereffective|p1a: Aerodactyl
|-damage|p1a: Aerodactyl|56/100
|-unboost|p1a: Aerodactyl|spe|1
|
|-weather|DesolateLand|[upkeep]
|upkeep
|turn|7
|
|t:|1665639055
|move|p1a: Aerodactyl|Earthquake|p2a: Groudon
|-supereffective|p2a: Groudon
|-damage|p2a: Groudon|0 fnt
|faint|p2a: Groudon
|-weather|none
|
|upkeep
|
|t:|1665639071
|switch|p2a: Rayquaza|Rayquaza|100/100
|-damage|p2a: Rayquaza|76/100|[from] Stealth Rock
|-ability|p2a: Rayquaza|Air Lock
|turn|8
|
|t:|1665639079
|detailschange|p1a: Aerodactyl|Aerodactyl-Mega, M
|-mega|p1a: Aerodactyl|Aerodactyl|Aerodactylite
|detailschange|p2a: Rayquaza|Rayquaza-Mega
|-mega|p2a: Rayquaza|Rayquaza|
|-weather|DeltaStream|[from] ability: Delta Stream|[of] p2a: Rayquaza
|move|p1a: Aerodactyl|Dual Wingbeat|p2a: Rayquaza
|-damage|p2a: Rayquaza|35/100
|-damage|p2a: Rayquaza|0 fnt
|faint|p2a: Rayquaza
|-weather|none
|-hitcount|p2: Rayquaza|2
|
|-sideend|p1: Vegeta Otsusuki|Reflect
|upkeep
|
|t:|1665639085
|switch|p2a: Ditto|Ditto|100/100
|-damage|p2a: Ditto|88/100|[from] Stealth Rock
|-transform|p2a: Ditto|p1a: Aerodactyl|[from] ability: Imposter
|turn|9
|
|t:|1665639099
|switch|p1a: Arceus|Arceus-Electric|100/100
|move|p2a: Ditto|Rock Slide|p1a: Arceus
|-damage|p1a: Arceus|73/100
|
|upkeep
|turn|10
|
|t:|1665639107
|switch|p2a: Smeargle|Smeargle, F|100/100
|-damage|p2a: Smeargle|88/100|[from] Stealth Rock
|move|p1a: Arceus|Judgment|p2a: Smeargle
|-damage|p2a: Smeargle|0 fnt
|faint|p2a: Smeargle
|
|-sideend|p1: Vegeta Otsusuki|move: Light Screen
|upkeep
|
|t:|1665639109
|switch|p2a: Arceus|Arceus-Flying|100/100
|-damage|p2a: Arceus|76/100|[from] Stealth Rock
|turn|11
|
|t:|1665639116
|-start|p2a: Arceus|Dynamax|
|-heal|p2a: Arceus|76/100|[silent]
|move|p2a: Arceus|Max Airstream|p1a: Arceus
|-resisted|p1a: Arceus
|-damage|p1a: Arceus|54/100
|-boost|p2a: Arceus|spe|1
|move|p1a: Arceus|Judgment|p2a: Arceus
|-supereffective|p2a: Arceus
|-damage|p2a: Arceus|44/100
|
|upkeep
|turn|12
|
|t:|1665639121
|-start|p1a: Arceus|Dynamax|
|-heal|p1a: Arceus|54/100|[silent]
|move|p2a: Arceus|Max Quake|p1a: Arceus
|-supereffective|p1a: Arceus
|-damage|p1a: Arceus|30/100
|-boost|p2a: Arceus|spd|1
|move|p1a: Arceus|Max Lightning|p2a: Arceus
|-supereffective|p2a: Arceus
|-damage|p2a: Arceus|15/100
|-fieldstart|move: Electric Terrain
|
|upkeep
|turn|13
|
|t:|1665639134
|move|p1a: Arceus|Max Guard|p1a: Arceus
|-singleturn|p1a: Arceus|Max Guard
|move|p2a: Arceus|Max Quake|p1a: Arceus
|-activate|p1a: Arceus|move: Max Guard
|
|upkeep
|-end|p2a: Arceus|Dynamax
|-heal|p2a: Arceus|15/100|[silent]
|turn|14
|
|t:|1665639139
|move|p2a: Arceus|Fly||[still]
|-prepare|p2a: Arceus|Fly
|move|p1a: Arceus|Max Lightning|p2a: Arceus|[miss]
|-miss|p1a: Arceus|p2a: Arceus
|
|upkeep
|-end|p1a: Arceus|Dynamax
|-heal|p1a: Arceus|30/100|[silent]
|turn|15
|
|t:|1665639144
|move|p2a: Arceus|Fly|p1a: Arceus|[from]lockedmove
|-resisted|p1a: Arceus
|-damage|p1a: Arceus|17/100
|move|p1a: Arceus|Recover|p1a: Arceus
|-heal|p1a: Arceus|67/100
|
|upkeep
|turn|16
|
|t:|1665639148
|move|p2a: Arceus|Recover|p2a: Arceus
|-heal|p2a: Arceus|65/100
|move|p1a: Arceus|Judgment|p2a: Arceus
|-supereffective|p2a: Arceus
|-damage|p2a: Arceus|5/100
|
|-fieldend|move: Electric Terrain
|upkeep
|turn|17
|
|t:|1665639151
|move|p2a: Arceus|Recover|p2a: Arceus
|-heal|p2a: Arceus|55/100
|move|p1a: Arceus|Judgment|p2a: Arceus
|-supereffective|p2a: Arceus
|-crit|p2a: Arceus
|-damage|p2a: Arceus|0 fnt
|faint|p2a: Arceus
|
|upkeep
|
|t:|1665639154
|switch|p2a: Yveltal|Yveltal|100/100
|-damage|p2a: Yveltal|76/100|[from] Stealth Rock
|-ability|p2a: Yveltal|Dark Aura
|turn|18
|
|t:|1665639160
|move|p2a: Yveltal|Dark Pulse|p1a: Arceus
|-damage|p1a: Arceus|14/100
|-damage|p2a: Yveltal|66/100|[from] item: Life Orb
|cant|p1a: Arceus|flinch
|
|upkeep
|turn|19
|
|t:|1665639164
|move|p2a: Yveltal|Oblivion Wing|p1a: Arceus
|-resisted|p1a: Arceus
|-damage|p1a: Arceus|0 fnt
|-heal|p2a: Yveltal|77/100|[from] drain|[of] p1a: Arceus
|faint|p1a: Arceus
|-damage|p2a: Yveltal|67/100|[from] item: Life Orb
|
|upkeep
|
|t:|1665639169
|switch|p1a: Aerodactyl|Aerodactyl-Mega, M|56/100
|turn|20
|
|t:|1665639172
|move|p1a: Aerodactyl|Rock Slide|p2a: Yveltal
|-supereffective|p2a: Yveltal
|-damage|p2a: Yveltal|0 fnt
|faint|p2a: Yveltal
|
|upkeep
|
|t:|1665639175
|switch|p2a: Ditto|Ditto|88/100
|-damage|p2a: Ditto|76/100|[from] Stealth Rock
|-transform|p2a: Ditto|p1a: Aerodactyl|[from] ability: Imposter
|turn|21
|
|t:|1665639182
|switch|p1a: Ditto|Ditto, shiny|100/100
|move|p2a: Ditto|Rock Slide|p1a: Ditto|[miss]
|-miss|p2a: Ditto|p1a: Ditto
|
|upkeep
|turn|22
|
|t:|1665639188
|move|p2a: Ditto|Rock Slide|p1a: Ditto
|-damage|p1a: Ditto|53/100
|move|p1a: Ditto|Transform||[still]
|-fail|p1a: Ditto
|
|upkeep
|turn|23
|
|t:|1665639191
|move|p2a: Ditto|Rock Slide|p1a: Ditto
|-damage|p1a: Ditto|0 fnt
|faint|p1a: Ditto
|
|upkeep
|
|t:|1665639198
|switch|p1a: Aerodactyl|Aerodactyl-Mega, M|56/100
|turn|24
|
|t:|1665639201
|switch|p1a: Arceus|Arceus|100/100
|move|p2a: Ditto|Rock Slide|p1a: Arceus
|-damage|p1a: Arceus|73/100
|
|upkeep
|turn|25
|
|t:|1665639205
|move|p2a: Ditto|Rock Slide|p1a: Arceus
|-damage|p1a: Arceus|49/100
|move|p1a: Arceus|Recover|p1a: Arceus
|-heal|p1a: Arceus|99/100
|
|upkeep
|turn|26
|-message|RUiNtheExtinct forfeited.
|
|win|Vegeta Otsusuki
|raw|Vegeta Otsusuki's rating: 1695 &rarr; <strong>1718</strong><br />(+23 for winning)
|raw|RUiNtheExtinct's rating: 1745 &rarr; <strong>1722</strong><br />(-23 for losing)
|l|☆RUiNtheExtinct
