|j|☆AbdurRahman125
|j|☆cheziqua
|t:|1657521369
|gametype|singles
|player|p1|AbdurRahman125|red|1493
|player|p2|cheziqua|266|1634
|teamsize|p1|6
|teamsize|p2|6
|gen|8
|tier|[Gen 8] National Dex AG
|rated|
|rule|HP Percentage Mod: HP is shown in percentages
|rule|Endless Battle Clause: Forcing endless battles is banned
|clearpoke
|poke|p1|Zekrom|
|poke|p1|Zacian-*|
|poke|p1|Groudon|
|poke|p1|Greninja, M|
|poke|p1|Marshadow|
|poke|p1|Rayquaza|
|poke|p2|Calyrex-Shadow|
|poke|p2|Groudon|
|poke|p2|Marshadow|
|poke|p2|Zacian-*|
|poke|p2|Lugia|
|poke|p2|Yveltal|
|teampreview
|
|t:|1657521375
|start
|switch|p1a: Groudon|Groudon|100/100
|switch|p2a: Groudon|Groudon, shiny|100/100
|detailschange|p1a: Groudon|Groudon-Primal
|-primal|p1a: Groudon
|-weather|DesolateLand|[from] ability: Desolate Land|[of] p1a: Groudon
|detailschange|p2a: Groudon|Groudon-Primal, shiny
|-primal|p2a: Groudon
|turn|1
|inactive|Battle timer is ON: inactive players will automatically lose when time's up. (requested by AbdurRahman125)
|
|t:|1657521380
|move|p1a: Groudon|Precipice Blades|p2a: Groudon
|-supereffective|p2a: Groudon
|-damage|p2a: Groudon|36/100
|move|p2a: Groudon|Stealth Rock|p1a: Groudon
|-sidestart|p1: AbdurRahman125|move: Stealth Rock
|
|-weather|DesolateLand|[upkeep]
|upkeep
|turn|2
|
|t:|1657521388
|switch|p2a: Lugia|Lugia|100/100
|move|p1a: Groudon|Precipice Blades|p2a: Lugia
|-immune|p2a: Lugia
|
|-weather|DesolateLand|[upkeep]
|upkeep
|turn|3
|
|t:|1657521395
|move|p1a: Groudon|Thunderbolt|p2a: Lugia
|-supereffective|p2a: Lugia
|-damage|p2a: Lugia|83/100
|move|p2a: Lugia|Toxic|p1a: Groudon
|-status|p1a: Groudon|tox
|
|-weather|DesolateLand|[upkeep]
|-damage|p1a: Groudon|94/100 tox|[from] psn
|upkeep
|turn|4
|
|t:|1657521406
|move|p1a: Groudon|Stone Edge|p2a: Lugia
|-supereffective|p2a: Lugia
|-damage|p2a: Lugia|24/100
|move|p2a: Lugia|Roost|p2a: Lugia
|-heal|p2a: Lugia|74/100
|-singleturn|p2a: Lugia|move: Roost
|
|-weather|DesolateLand|[upkeep]
|-damage|p1a: Groudon|82/100 tox|[from] psn
|upkeep
|turn|5
|
|t:|1657521431
|move|p1a: Groudon|Flamethrower|p2a: Lugia
|-damage|p2a: Lugia|36/100
|move|p2a: Lugia|Roost|p2a: Lugia
|-heal|p2a: Lugia|86/100
|-singleturn|p2a: Lugia|move: Roost
|
|-weather|DesolateLand|[upkeep]
|-damage|p1a: Groudon|64/100 tox|[from] psn
|upkeep
|turn|6
|
|t:|1657521441
|move|p1a: Groudon|Stone Edge|p2a: Lugia
|-supereffective|p2a: Lugia
|-damage|p2a: Lugia|25/100
|move|p2a: Lugia|Roost|p2a: Lugia
|-heal|p2a: Lugia|75/100
|-singleturn|p2a: Lugia|move: Roost
|
|-weather|DesolateLand|[upkeep]
|-damage|p1a: Groudon|40/100 tox|[from] psn
|upkeep
|turn|7
|
|t:|1657521449
|move|p1a: Groudon|Stone Edge|p2a: Lugia
|-supereffective|p2a: Lugia
|-damage|p2a: Lugia|14/100
|move|p2a: Lugia|Roost|p2a: Lugia
|-heal|p2a: Lugia|65/100
|-singleturn|p2a: Lugia|move: Roost
|
|-weather|DesolateLand|[upkeep]
|-damage|p1a: Groudon|10/100 tox|[from] psn
|upkeep
|turn|8
|
|t:|1657521453
|move|p1a: Groudon|Stone Edge|p2a: Lugia|[miss]
|-miss|p1a: Groudon|p2a: Lugia
|move|p2a: Lugia|Roost|p2a: Lugia
|-heal|p2a: Lugia|100/100
|-singleturn|p2a: Lugia|move: Roost
|
|-weather|DesolateLand|[upkeep]
|-damage|p1a: Groudon|0 fnt|[from] psn
|faint|p1a: Groudon
|-weather|none
|upkeep
|
|t:|1657521457
|switch|p1a: Zekrom|Zekrom|100/100
|-damage|p1a: Zekrom|88/100|[from] Stealth Rock
|-ability|p1a: Zekrom|Teravolt
|turn|9
|
|t:|1657521464
|move|p1a: Zekrom|Bolt Strike|p2a: Lugia|[miss]
|-miss|p1a: Zekrom|p2a: Lugia
|move|p2a: Lugia|Toxic|p1a: Zekrom
|-status|p1a: Zekrom|tox
|
|-damage|p1a: Zekrom|82/100 tox|[from] psn
|upkeep
|turn|10
|
|t:|1657521467
|move|p1a: Zekrom|Bolt Strike|p2a: Lugia
|-supereffective|p2a: Lugia
|-damage|p2a: Lugia|18/100
|move|p2a: Lugia|Roost|p2a: Lugia
|-heal|p2a: Lugia|68/100
|-singleturn|p2a: Lugia|move: Roost
|
|-damage|p1a: Zekrom|70/100 tox|[from] psn
|upkeep
|turn|11
|
|t:|1657521473
|switch|p2a: Groudon|Groudon-Primal, shiny|36/100
|-weather|DesolateLand|[from] ability: Desolate Land|[of] p2a: Groudon
|move|p1a: Zekrom|Bolt Strike|p2a: Groudon
|-immune|p2a: Groudon
|
|-weather|DesolateLand|[upkeep]
|-damage|p1a: Zekrom|51/100 tox|[from] psn
|upkeep
|turn|12
|
|t:|1657521478
|move|p1a: Zekrom|Earth Power|p2a: Groudon
|-supereffective|p2a: Groudon
|-damage|p2a: Groudon|0 fnt
|faint|p2a: Groudon
|-weather|none
|
|-damage|p1a: Zekrom|27/100 tox|[from] psn
|upkeep
|
|t:|1657521483
|switch|p2a: Lugia|Lugia|68/100
|turn|13
|
|t:|1657521486
|move|p1a: Zekrom|Bolt Strike|p2a: Lugia
|-supereffective|p2a: Lugia
|-damage|p2a: Lugia|0 fnt
|faint|p2a: Lugia
|
|-damage|p1a: Zekrom|0 fnt|[from] psn
|faint|p1a: Zekrom
|upkeep
|
|t:|1657521492
|switch|p1a: Rayquaza|Rayquaza|100/100
|switch|p2a: Yveltal|Yveltal, shiny|100/100
|-ability|p2a: Yveltal|Dark Aura
|-damage|p1a: Rayquaza|76/100|[from] Stealth Rock
|-ability|p1a: Rayquaza|Air Lock
|turn|14
|
|t:|1657521515
|detailschange|p1a: Rayquaza|Rayquaza-Mega
|-mega|p1a: Rayquaza|Rayquaza|
|-weather|DeltaStream|[from] ability: Delta Stream|[of] p1a: Rayquaza
|-start|p2a: Yveltal|Dynamax|
|-heal|p2a: Yveltal|100/100|[silent]
|move|p1a: Rayquaza|Dragon Ascent|p2a: Yveltal
|-damage|p2a: Yveltal|63/100
|-unboost|p1a: Rayquaza|def|1
|-unboost|p1a: Rayquaza|spd|1
|move|p2a: Yveltal|Max Airstream|p1a: Rayquaza
|-crit|p1a: Rayquaza
|-damage|p1a: Rayquaza|0 fnt
|-boost|p2a: Yveltal|spe|1
|faint|p1a: Rayquaza
|-weather|none
|-damage|p2a: Yveltal|58/100|[from] item: Life Orb
|
|upkeep
|inactive|AbdurRahman125 has 120 seconds left.
|
|t:|1657521531
|switch|p1a: Greninja|Greninja, M|100/100
|-damage|p1a: Greninja|88/100|[from] Stealth Rock
|turn|15
|inactive|AbdurRahman125 has 120 seconds left.
|
|t:|1657521542
|-start|p1a: Greninja|Dynamax|
|-heal|p1a: Greninja|88/100|[silent]
|move|p2a: Yveltal|Max Airstream|p1a: Greninja
|-damage|p1a: Greninja|18/100
|-boost|p2a: Yveltal|spe|1
|-damage|p2a: Yveltal|53/100|[from] item: Life Orb
|move|p1a: Greninja|Max Geyser|p2a: Yveltal
|-damage|p2a: Yveltal|27/100
|-weather|RainDance
|
|-weather|RainDance|[upkeep]
|upkeep
|turn|16
|inactive|AbdurRahman125 has 120 seconds left.
|
|t:|1657521555
|move|p2a: Yveltal|Max Darkness|p1a: Greninja
|-resisted|p1a: Greninja
|-damage|p1a: Greninja|0 fnt
|faint|p1a: Greninja
|-damage|p2a: Yveltal|23/100|[from] item: Life Orb
|
|-weather|RainDance|[upkeep]
|upkeep
|
|t:|1657521559
|switch|p1a: Marshadow|Marshadow|100/100
|-damage|p1a: Marshadow|94/100|[from] Stealth Rock
|-end|p2a: Yveltal|Dynamax
|-heal|p2a: Yveltal|23/100|[silent]
|turn|17
|
|t:|1657521571
|move|p2a: Yveltal|Oblivion Wing|p1a: Marshadow
|-supereffective|p1a: Marshadow
|-damage|p1a: Marshadow|0 fnt
|-heal|p2a: Yveltal|80/100|[from] drain|[of] p1a: Marshadow
|faint|p1a: Marshadow
|-damage|p2a: Yveltal|70/100|[from] item: Life Orb
|
|-weather|RainDance|[upkeep]
|upkeep
|
|t:|1657521576
|switch|p1a: Zacian|Zacian-Crowned|100/100
|-damage|p1a: Zacian|94/100|[from] Stealth Rock
|-ability|p1a: Zacian|Intrepid Sword|boost
|-boost|p1a: Zacian|atk|1
|turn|18
|
|t:|1657521583
|move|p2a: Yveltal|Oblivion Wing|p1a: Zacian
|-resisted|p1a: Zacian
|-damage|p1a: Zacian|70/100
|-heal|p2a: Yveltal|85/100|[from] drain|[of] p1a: Zacian
|-damage|p2a: Yveltal|75/100|[from] item: Life Orb
|move|p1a: Zacian|Behemoth Blade|p2a: Yveltal
|-damage|p2a: Yveltal|0 fnt
|faint|p2a: Yveltal
|
|-weather|RainDance|[upkeep]
|upkeep
|
|t:|1657521587
|switch|p2a: Zacian|Zacian-Crowned|100/100
|-ability|p2a: Zacian|Intrepid Sword|boost
|-boost|p2a: Zacian|atk|1
|turn|19
|
|t:|1657521593
|move|p2a: Zacian|Behemoth Blade|p1a: Zacian
|-damage|p1a: Zacian|0 fnt
|faint|p1a: Zacian
|
|win|cheziqua
|raw|AbdurRahman125's rating: 1493 &rarr; <strong>1481</strong><br />(-12 for losing)
|raw|cheziqua's rating: 1634 &rarr; <strong>1646</strong><br />(+12 for winning)
