|j|☆King of oveused
|j|☆Glaliegoesboom ❤
|t:|1661348957
|gametype|singles
|player|p1|King of oveused|clown|
|player|p2|Glaliegoesboom ❤|cynthia-masters|
|teamsize|p1|6
|teamsize|p2|6
|gen|8
|tier|[Gen 8] National Dex AG
|rule|HP Percentage Mod: HP is shown in percentages
|rule|Endless Battle Clause: Forcing endless battles is banned
|clearpoke
|poke|p1|Dialga|
|poke|p1|Palkia|
|poke|p1|Greninja, M|
|poke|p1|Dragonite, F|
|poke|p1|Charizard, M|
|poke|p1|Gyarados, M|
|poke|p2|Urshifu-*, F|
|poke|p2|Garchomp, F|
|poke|p2|Dialga|
|poke|p2|Dracozolt|
|poke|p2|Jellicent, F|
|poke|p2|Hippowdon, F|
|teampreview
|inactive|Battle timer is ON: inactive players will automatically lose when time's up. (requested by King of oveused)
|inactive|Glaliegoesboom ❤ also wants the timer to be on.
|c|☆King of oveused|L
|
|t:|1661348967
|start
|switch|p1a: Gyarados|Gyarados, M|100/100
|switch|p2a: Dialga|Dialga|100/100
|-ability|p1a: Gyarados|Intimidate|boost
|-unboost|p2a: Dialga|atk|1
|-ability|p2a: Dialga|Pressure
|turn|1
|
|t:|1661348975
|move|p1a: Gyarados|Dragon Dance|p1a: Gyarados
|-boost|p1a: Gyarados|atk|1
|-boost|p1a: Gyarados|spe|1
|move|p2a: Dialga|Thunderbolt|p1a: Gyarados
|-supereffective|p1a: Gyarados
|-damage|p1a: Gyarados|0 fnt
|faint|p1a: Gyarados
|
|upkeep
|c|☆King of oveused|Nce
|c|☆King of oveused|nice
|c|☆Glaliegoesboom ❤|What did u expect
|
|t:|1661348996
|switch|p1a: Palkia|Palkia|100/100
|-ability|p1a: Palkia|Pressure
|turn|2
|
|t:|1661349003
|move|p1a: Palkia|Aura Sphere|p2a: Dialga
|-supereffective|p2a: Dialga
|-damage|p2a: Dialga|62/100
|move|p2a: Dialga|Dragon Pulse|p1a: Palkia
|-supereffective|p1a: Palkia
|-damage|p1a: Palkia|0 fnt
|faint|p1a: Palkia
|
|upkeep
|c|☆King of oveused|Wat
|c|☆King of oveused|how did he tank aura sphere like nothing
|c|☆Glaliegoesboom ❤|Av
|
|t:|1661349015
|switch|p1a: Greninja|Greninja, M|100/100
|turn|3
|
|t:|1661349018
|move|p1a: Greninja|Ice Beam|p2a: Dialga
|-start|p1a: Greninja|typechange|Ice|[from] ability: Protean
|-damage|p2a: Dialga|39/100
|move|p2a: Dialga|Thunderbolt|p1a: Greninja
|-damage|p1a: Greninja|45/100
|
|upkeep
|turn|4
|c|☆King of oveused|I probs shouldve prepped ll
|
|t:|1661349027
|move|p1a: Greninja|Ice Beam|p2a: Dialga
|-damage|p2a: Dialga|17/100
|move|p2a: Dialga|Dragon Pulse|p1a: Greninja
|-damage|p1a: Greninja|0 fnt
|faint|p1a: Greninja
|
|upkeep
|c|☆King of oveused|lol
|
|t:|1661349030
|switch|p1a: Dragonite|Dragonite, F|100/100
|turn|5
|j| The AlphaOm3ga
|
|t:|1661349032
|-start|p1a: Dragonite|Dynamax|
|-heal|p1a: Dragonite|100/100|[silent]
|move|p1a: Dragonite|Max Airstream|p2a: Dialga
|-resisted|p2a: Dialga
|-damage|p2a: Dialga|0 fnt
|-boost|p1a: Dragonite|spe|1
|faint|p2a: Dialga
|
|upkeep
|
|t:|1661349038
|switch|p2a: Hippowdon|Hippowdon, F|100/100
|-weather|Sandstorm|[from] ability: Sand Stream|[of] p2a: Hippowdon
|turn|6
|
|t:|1661349041
|move|p1a: Dragonite|Max Geyser|p2a: Hippowdon
|-supereffective|p2a: Hippowdon
|-damage|p2a: Hippowdon|31/100
|-weather|RainDance
|move|p2a: Hippowdon|Slack Off|p2a: Hippowdon
|-heal|p2a: Hippowdon|81/100
|
|-weather|RainDance|[upkeep]
|-heal|p2a: Hippowdon|87/100|[from] item: Leftovers
|upkeep
|turn|7
|
|t:|1661349049
|move|p1a: Dragonite|Max Knuckle|p2a: Hippowdon
|-damage|p2a: Hippowdon|66/100
|-boost|p1a: Dragonite|atk|1
|move|p2a: Hippowdon|Slack Off|p2a: Hippowdon
|-heal|p2a: Hippowdon|100/100
|
|-weather|RainDance|[upkeep]
|upkeep
|-end|p1a: Dragonite|Dynamax
|-heal|p1a: Dragonite|100/100|[silent]
|turn|8
|
|t:|1661349055
|move|p1a: Dragonite|Waterfall|p2a: Hippowdon
|-supereffective|p2a: Hippowdon
|-damage|p2a: Hippowdon|14/100
|move|p2a: Hippowdon|Toxic|p1a: Dragonite
|-status|p1a: Dragonite|tox
|
|-weather|RainDance|[upkeep]
|-heal|p2a: Hippowdon|20/100|[from] item: Leftovers
|-damage|p1a: Dragonite|94/100 tox|[from] psn
|upkeep
|turn|9
|
|t:|1661349062
|switch|p2a: Jellicent|Jellicent, F|100/100
|move|p1a: Dragonite|Waterfall|p2a: Jellicent
|-immune|p2a: Jellicent|[from] ability: Water Absorb
|
|-weather|RainDance|[upkeep]
|-damage|p1a: Dragonite|82/100 tox|[from] psn
|upkeep
|turn|10
|
|t:|1661349066
|move|p1a: Dragonite|Outrage|p2a: Jellicent
|-damage|p2a: Jellicent|30/100
|move|p2a: Jellicent|Strength Sap|p1a: Dragonite
|-unboost|p1a: Dragonite|atk|1
|-heal|p2a: Jellicent|100/100
|
|-weather|none
|-damage|p1a: Dragonite|63/100 tox|[from] psn
|upkeep
|turn|11
|
|t:|1661349071
|move|p1a: Dragonite|Outrage|p2a: Jellicent|[from]lockedmove
|-damage|p2a: Jellicent|54/100
|-start|p1a: Dragonite|confusion|[fatigue]
|move|p2a: Jellicent|Ice Beam|p1a: Dragonite
|-supereffective|p1a: Dragonite
|-damage|p1a: Dragonite|0 fnt
|faint|p1a: Dragonite
|
|-heal|p2a: Jellicent|60/100|[from] item: Leftovers
|upkeep
|c|☆King of oveused|This move is fkin busted
|
|t:|1661349078
|switch|p1a: Charizard|Charizard, M|100/100
|turn|12
|c| The AlphaOm3ga|Tru actually
|
|t:|1661349083
|detailschange|p1a: Charizard|Charizard-Mega-X, M
|-mega|p1a: Charizard|Charizard|Charizardite X
|move|p1a: Charizard|Dragon Dance|p1a: Charizard
|-boost|p1a: Charizard|atk|1
|-boost|p1a: Charizard|spe|1
|move|p2a: Jellicent|Strength Sap|p1a: Charizard
|-unboost|p1a: Charizard|atk|1
|-heal|p2a: Jellicent|100/100
|
|upkeep
|turn|13
|
|t:|1661349089
|move|p1a: Charizard|Dragon Dance|p1a: Charizard
|-boost|p1a: Charizard|atk|1
|-boost|p1a: Charizard|spe|1
|move|p2a: Jellicent|Taunt|p1a: Charizard
|-start|p1a: Charizard|move: Taunt
|
|upkeep
|turn|14
|
|t:|1661349092
|move|p1a: Charizard|Thunder Punch|p2a: Jellicent
|-supereffective|p2a: Jellicent
|-damage|p2a: Jellicent|21/100
|move|p2a: Jellicent|Strength Sap|p1a: Charizard
|-unboost|p1a: Charizard|atk|1
|-heal|p2a: Jellicent|100/100
|
|upkeep
|turn|15
|
|t:|1661349099
|switch|p1a: Dialga|Dialga|100/100
|-ability|p1a: Dialga|Pressure
|move|p2a: Jellicent|Ice Beam|p1a: Dialga
|-damage|p1a: Dialga|82/100
|
|upkeep
|turn|16
|c| The AlphaOm3ga|The most annoying part is the healing
|
|t:|1661349108
|switch|p2a: Hippowdon|Hippowdon, F|20/100
|-weather|Sandstorm|[from] ability: Sand Stream|[of] p2a: Hippowdon
|move|p1a: Dialga|Dragon Pulse|p2a: Hippowdon
|-damage|p2a: Hippowdon|0 fnt
|faint|p2a: Hippowdon
|
|-weather|Sandstorm|[upkeep]
|upkeep
|
|t:|1661349112
|switch|p2a: Urshifu|Urshifu, F|100/100
|turn|17
|
|t:|1661349119
|move|p2a: Urshifu|Close Combat|p1a: Dialga
|-supereffective|p1a: Dialga
|-damage|p1a: Dialga|0 fnt
|-unboost|p2a: Urshifu|def|1
|-unboost|p2a: Urshifu|spd|1
|faint|p1a: Dialga
|
|-weather|Sandstorm|[upkeep]
|-damage|p2a: Urshifu|94/100|[from] Sandstorm
|upkeep
|
|t:|1661349121
|switch|p1a: Charizard|Charizard-Mega-X, M|100/100
|turn|18
|
|t:|1661349124
|move|p2a: Urshifu|Close Combat|p1a: Charizard
|-damage|p1a: Charizard|7/100
|-unboost|p2a: Urshifu|def|1
|-unboost|p2a: Urshifu|spd|1
|move|p1a: Charizard|Dragon Dance|p1a: Charizard
|-boost|p1a: Charizard|atk|1
|-boost|p1a: Charizard|spe|1
|
|-weather|Sandstorm|[upkeep]
|-damage|p1a: Charizard|0 fnt|[from] Sandstorm
|-damage|p2a: Urshifu|88/100|[from] Sandstorm
|faint|p1a: Charizard
|
|win|Glaliegoesboom ❤
|upkeep
|c|☆King of oveused|Gg
|c|☆Glaliegoesboom ❤|Gg
|c|☆King of oveused|didnt prep and dont care
|c|☆King of oveused|ıts 4 fun
|c| The AlphaOm3ga|Tho u still played like shit. Tbolt vs gyara was obvi
|c|☆Glaliegoesboom ❤|He didnt have a switchin
|c|☆King of oveused|i didnt care much of winning
|c|☆King of oveused|now ndag
|c|☆King of oveused|and make another team
|c| The AlphaOm3ga|Glalie
|c|☆Glaliegoesboom ❤|Buck send a team
|c| The AlphaOm3ga|use ur band marsg
|c|☆King of oveused|Bruh
|l|☆King of oveused
|c| The AlphaOm3ga|Ok im sending my balance
|c|☆Glaliegoesboom ❤|Thats just my semistall team with marsh instead of don
|c| The AlphaOm3ga|ah
|c| The AlphaOm3ga|ok
|n| Buck X|thealphaom3ga
|l|☆Glaliegoesboom ❤
