|j|☆aseeasase
|j|☆MRH1106
|t:|1657688696
|gametype|singles
|player|p1|aseeasase|2|1713
|player|p2|MRH1106|red|1829
|teamsize|p1|6
|teamsize|p2|6
|gen|8
|tier|[Gen 8] National Dex AG
|rated|
|rule|HP Percentage Mod: HP is shown in percentages
|rule|Endless Battle Clause: Forcing endless battles is banned
|clearpoke
|poke|p1|Groudon|
|poke|p1|Xerneas-*|
|poke|p1|Arceus-*|
|poke|p1|Rayquaza|
|poke|p1|Kyogre|
|poke|p1|Calyrex-Shadow|
|poke|p2|Zacian-*|
|poke|p2|Calyrex-Shadow|
|poke|p2|Rayquaza|
|poke|p2|Ditto|
|poke|p2|Yveltal|
|poke|p2|Arceus-*|
|teampreview
|inactive|Battle timer is ON: inactive players will automatically lose when time's up. (requested by MRH1106)
|inactive|MRH1106 has 120 seconds left.
|inactive|MRH1106 has 90 seconds left.
|
|t:|1657688763
|start
|switch|p1a: Arceus|Arceus|100/100
|switch|p2a: Legit god|Arceus-Ground|100/100
|turn|1
|
|t:|1657688772
|move|p2a: Legit god|Judgment|p1a: Arceus
|-damage|p1a: Arceus|71/100
|move|p1a: Arceus|Will-O-Wisp|p2a: Legit god
|-status|p2a: Legit god|brn
|
|-damage|p2a: Legit god|94/100 brn|[from] brn
|upkeep
|turn|2
|
|t:|1657688783
|move|p2a: Legit god|Judgment|p1a: Arceus
|-damage|p1a: Arceus|39/100
|move|p1a: Arceus|Recover|p1a: Arceus
|-heal|p1a: Arceus|89/100
|
|-damage|p2a: Legit god|88/100 brn|[from] brn
|upkeep
|turn|3
|
|t:|1657688793
|switch|p2a: Rayyyy|Rayquaza|100/100
|-ability|p2a: Rayyyy|Air Lock
|move|p1a: Arceus|Ice Beam|p2a: Rayyyy
|-supereffective|p2a: Rayyyy
|-enditem|p2a: Rayyyy|Focus Sash
|-damage|p2a: Rayyyy|1/100
|
|upkeep
|turn|4
|
|t:|1657688802
|detailschange|p2a: Rayyyy|Rayquaza-Mega
|-mega|p2a: Rayyyy|Rayquaza|
|-weather|DeltaStream|[from] ability: Delta Stream|[of] p2a: Rayyyy
|move|p1a: Arceus|Extreme Speed|p2a: Rayyyy
|-damage|p2a: Rayyyy|0 fnt
|faint|p2a: Rayyyy
|-weather|none
|
|upkeep
|
|t:|1657688806
|switch|p2a: Knifepuppy|Zacian-Crowned|100/100
|-ability|p2a: Knifepuppy|Intrepid Sword|boost
|-boost|p2a: Knifepuppy|atk|1
|turn|5
|
|t:|1657688831
|move|p2a: Knifepuppy|Behemoth Blade|p1a: Arceus
|-damage|p1a: Arceus|45/100
|-damage|p2a: Knifepuppy|84/100|[from] item: Rocky Helmet|[of] p1a: Arceus
|move|p1a: Arceus|Will-O-Wisp|p2a: Knifepuppy
|-status|p2a: Knifepuppy|brn
|
|-damage|p2a: Knifepuppy|78/100 brn|[from] brn
|upkeep
|turn|6
|
|t:|1657688841
|move|p2a: Knifepuppy|Swords Dance|p2a: Knifepuppy
|-boost|p2a: Knifepuppy|atk|2
|move|p1a: Arceus|Recover|p1a: Arceus
|-heal|p1a: Arceus|95/100
|
|-damage|p2a: Knifepuppy|72/100 brn|[from] brn
|upkeep
|turn|7
|
|t:|1657688850
|switch|p1a: Groudon|Groudon|100/100
|detailschange|p1a: Groudon|Groudon-Primal
|-primal|p1a: Groudon
|-weather|DesolateLand|[from] ability: Desolate Land|[of] p1a: Groudon
|move|p2a: Knifepuppy|Behemoth Blade|p1a: Groudon
|-resisted|p1a: Groudon
|-damage|p1a: Groudon|82/100
|
|-weather|DesolateLand|[upkeep]
|-damage|p2a: Knifepuppy|65/100 brn|[from] brn
|upkeep
|turn|8
|
|t:|1657688865
|move|p2a: Knifepuppy|Crunch|p1a: Groudon
|-damage|p1a: Groudon|61/100
|move|p1a: Groudon|Stealth Rock|p2a: Knifepuppy
|-sidestart|p2: MRH1106|move: Stealth Rock
|
|-weather|DesolateLand|[upkeep]
|-damage|p2a: Knifepuppy|59/100 brn|[from] brn
|upkeep
|turn|9
|
|t:|1657688879
|move|p2a: Knifepuppy|Crunch|p1a: Groudon
|-damage|p1a: Groudon|42/100
|move|p1a: Groudon|Toxic||[still]
|-fail|p1a: Groudon
|
|-weather|DesolateLand|[upkeep]
|-damage|p2a: Knifepuppy|53/100 brn|[from] brn
|upkeep
|turn|10
|
|t:|1657688891
|move|p2a: Knifepuppy|Behemoth Blade|p1a: Groudon
|-resisted|p1a: Groudon
|-damage|p1a: Groudon|25/100
|move|p1a: Groudon|Rest|p1a: Groudon
|-status|p1a: Groudon|slp|[from] move: Rest
|-heal|p1a: Groudon|100/100 slp|[silent]
|
|-weather|DesolateLand|[upkeep]
|-damage|p2a: Knifepuppy|47/100 brn|[from] brn
|upkeep
|turn|11
|
|t:|1657688901
|switch|p2a: YeeHaw~|Calyrex-Shadow|100/100
|-ability|p2a: YeeHaw~|As One
|-ability|p2a: YeeHaw~|Unnerve
|-damage|p2a: YeeHaw~|88/100|[from] Stealth Rock
|cant|p1a: Groudon|slp
|
|-weather|DesolateLand|[upkeep]
|upkeep
|turn|12
|inactive|aseeasase has 120 seconds left.
|
|t:|1657688928
|-weather|none
|switch|p1a: Arceus|Arceus|95/100
|move|p2a: YeeHaw~|Nasty Plot|p2a: YeeHaw~
|-boost|p2a: YeeHaw~|spa|2
|
|upkeep
|turn|13
|inactive|aseeasase has 120 seconds left.
|inactive|MRH1106 has 120 seconds left.
|
|t:|1657688964
|move|p2a: YeeHaw~|Draining Kiss|p1a: Arceus
|-damage|p1a: Arceus|67/100
|-heal|p2a: YeeHaw~|100/100|[from] drain|[of] p1a: Arceus
|-damage|p2a: YeeHaw~|84/100|[from] item: Rocky Helmet|[of] p1a: Arceus
|move|p1a: Arceus|Ice Beam|p2a: YeeHaw~
|-damage|p2a: YeeHaw~|60/100
|-status|p2a: YeeHaw~|frz
|
|upkeep
|turn|14
|inactive|aseeasase has 120 seconds left.
|
|t:|1657688978
|-curestatus|p2a: YeeHaw~|frz|[msg]
|move|p2a: YeeHaw~|Psyshock|p1a: Arceus
|-damage|p1a: Arceus|18/100
|move|p1a: Arceus|Ice Beam|p2a: YeeHaw~
|-damage|p2a: YeeHaw~|37/100
|
|upkeep
|turn|15
|inactive|aseeasase has 120 seconds left.
|
|t:|1657688991
|move|p2a: YeeHaw~|Psyshock|p1a: Arceus
|-damage|p1a: Arceus|0 fnt
|faint|p1a: Arceus
|-ability|p2a: YeeHaw~|Grim Neigh|boost
|-boost|p2a: YeeHaw~|spa|1
|
|upkeep
|
|t:|1657688997
|switch|p1a: Xerneas|Xerneas|100/100
|-ability|p1a: Xerneas|Fairy Aura
|turn|16
|
|t:|1657689002
|move|p1a: Xerneas|Moonblast|p2a: YeeHaw~
|-damage|p2a: YeeHaw~|0 fnt
|faint|p2a: YeeHaw~
|
|upkeep
|
|t:|1657689012
|switch|p2a: Hells dragon|Yveltal, shiny|100/100
|-damage|p2a: Hells dragon|76/100|[from] Stealth Rock
|-ability|p2a: Hells dragon|Dark Aura
|turn|17
|
|t:|1657689028
|-start|p1a: Xerneas|Dynamax|
|-heal|p1a: Xerneas|100/100|[silent]
|-start|p2a: Hells dragon|Dynamax|
|-heal|p2a: Hells dragon|76/100|[silent]
|move|p2a: Hells dragon|Max Airstream|p1a: Xerneas
|-damage|p1a: Xerneas|62/100
|-boost|p2a: Hells dragon|spe|1
|-damage|p2a: Hells dragon|71/100|[from] item: Life Orb
|move|p1a: Xerneas|Max Starfall|p2a: Hells dragon
|-supereffective|p2a: Hells dragon
|-damage|p2a: Hells dragon|0 fnt
|-fieldstart|move: Misty Terrain
|faint|p2a: Hells dragon
|
|upkeep
|-message|MRH1106 forfeited.
|
|win|aseeasase
|raw|aseeasase's rating: 1713 &rarr; <strong>1739</strong><br />(+26 for winning)
|raw|MRH1106's rating: 1829 &rarr; <strong>1803</strong><br />(-26 for losing)
|l|☆MRH1106
