|j|☆Apprenti Buck
|j|☆MVP2536
|t:|1662816101
|gametype|singles
|player|p1|Apprenti Buck|ethan|2008
|player|p2|MVP2536|giovanni|1849
|teamsize|p1|6
|teamsize|p2|6
|gen|8
|tier|[Gen 8] National Dex AG
|rated|
|rule|HP Percentage Mod: HP is shown in percentages
|rule|Endless Battle Clause: Forcing endless battles is banned
|clearpoke
|poke|p1|Groudon|
|poke|p1|Rayquaza|
|poke|p1|Calyrex-Shadow|
|poke|p1|Arceus-*|
|poke|p1|Yveltal|
|poke|p1|Marshadow|
|poke|p2|Groudon|
|poke|p2|Aegislash, M|
|poke|p2|Rotom-Wash|
|poke|p2|Scrafty, M|
|poke|p2|Whimsicott, F|
|poke|p2|Ditto|
|teampreview
|inactive|Battle timer is ON: inactive players will automatically lose when time's up. (requested by Apprenti Buck)
|c|☆MVP2536|oh no
|
|t:|1662816112
|start
|switch|p1a: Groudon|Groudon|100/100
|switch|p2a: Rotom|Rotom-Wash|100/100
|detailschange|p1a: Groudon|Groudon-Primal
|-primal|p1a: Groudon
|-weather|DesolateLand|[from] ability: Desolate Land|[of] p1a: Groudon
|turn|1
|c|☆MVP2536|stop this im trying to climb :(
|
|t:|1662816131
|move|p1a: Groudon|Stealth Rock|p2a: Rotom
|-sidestart|p2: MVP2536|move: Stealth Rock
|move|p2a: Rotom|Toxic|p1a: Groudon
|-status|p1a: Groudon|tox
|
|-weather|DesolateLand|[upkeep]
|-damage|p1a: Groudon|94/100 tox|[from] psn
|upkeep
|turn|2
|
|t:|1662816140
|move|p1a: Groudon|Rock Tomb|p2a: Rotom
|-damage|p2a: Rotom|78/100
|-unboost|p2a: Rotom|spe|1
|move|p2a: Rotom|Foul Play|p1a: Groudon
|-damage|p1a: Groudon|64/100 tox
|
|-weather|DesolateLand|[upkeep]
|-damage|p1a: Groudon|52/100 tox|[from] psn
|upkeep
|turn|3
|c|☆Apprenti Buck|Me too lol
|c|☆Apprenti Buck|im 2009
|
|t:|1662816165
|move|p1a: Groudon|Rock Tomb|p2a: Rotom
|-damage|p2a: Rotom|56/100
|-unboost|p2a: Rotom|spe|1
|move|p2a: Rotom|Foul Play|p1a: Groudon
|-damage|p1a: Groudon|25/100 tox
|
|-weather|DesolateLand|[upkeep]
|-damage|p1a: Groudon|6/100 tox|[from] psn
|upkeep
|turn|4
|c|☆MVP2536|ye i see that
|
|t:|1662816176
|switch|p2a: garbage|Groudon|100/100
|-damage|p2a: garbage|94/100|[from] Stealth Rock
|detailschange|p2a: garbage|Groudon-Primal
|-primal|p2a: garbage
|move|p1a: Groudon|Rock Tomb|p2a: garbage
|-damage|p2a: garbage|81/100
|-unboost|p2a: garbage|spe|1
|
|-weather|DesolateLand|[upkeep]
|-damage|p1a: Groudon|0 fnt|[from] psn
|faint|p1a: Groudon
|upkeep
|
|t:|1662816184
|switch|p1a: Yveltal|Yveltal|100/100
|-ability|p1a: Yveltal|Dark Aura
|turn|5
|c|☆MVP2536|dyna?
|c|☆Apprenti Buck|Ouch miscliked
|
|t:|1662816199
|switch|p1a: Rayquaza|Rayquaza|100/100
|-ability|p1a: Rayquaza|Air Lock
|move|p2a: garbage|Heat Crash|p1a: Rayquaza
|-resisted|p1a: Rayquaza
|-damage|p1a: Rayquaza|71/100
|
|-weather|DesolateLand|[upkeep]
|upkeep
|turn|6
|
|t:|1662816206
|-weather|none
|switch|p2a: Rotom|Rotom-Wash|56/100
|-damage|p2a: Rotom|44/100|[from] Stealth Rock
|detailschange|p1a: Rayquaza|Rayquaza-Mega
|-mega|p1a: Rayquaza|Rayquaza|
|-weather|DeltaStream|[from] ability: Delta Stream|[of] p1a: Rayquaza
|move|p1a: Rayquaza|Dragon Ascent|p2a: Rotom
|-resisted|p2a: Rotom
|-damage|p2a: Rotom|0 fnt
|-unboost|p1a: Rayquaza|def|1
|-unboost|p1a: Rayquaza|spd|1
|-damage|p1a: Rayquaza|55/100|[from] item: Rocky Helmet|[of] p2a: Rotom
|faint|p2a: Rotom
|-damage|p1a: Rayquaza|45/100|[from] item: Life Orb
|
|-weather|DeltaStream|[upkeep]
|upkeep
|c|☆MVP2536|ah
|
|t:|1662816221
|switch|p2a: Ditto|Ditto|100/100
|-damage|p2a: Ditto|88/100|[from] Stealth Rock
|-transform|p2a: Ditto|p1a: Rayquaza|[from] ability: Imposter
|turn|7
|
|t:|1662816227
|switch|p1a: Arceus|Arceus|100/100
|move|p2a: Ditto|Dragon Ascent|p1a: Arceus
|-damage|p1a: Arceus|38/100
|-unboost|p2a: Ditto|def|1
|-unboost|p2a: Ditto|spd|1
|
|-weather|DeltaStream|[upkeep]
|upkeep
|turn|8
|
|t:|1662816233
|-weather|none
|switch|p2a: Scrafty|Scrafty, M|100/100
|-damage|p2a: Scrafty|95/100|[from] Stealth Rock
|move|p1a: Arceus|Earthquake|p2a: Scrafty
|-damage|p2a: Scrafty|55/100
|-damage|p1a: Arceus|28/100|[from] item: Life Orb
|
|upkeep
|turn|9
|
|t:|1662816242
|switch|p1a: Marshadow|Marshadow|100/100
|move|p2a: Scrafty|Knock Off|p1a: Marshadow
|-damage|p1a: Marshadow|52/100
|-enditem|p1a: Marshadow|Life Orb|[from] move: Knock Off|[of] p2a: Scrafty
|
|upkeep
|turn|10
|
|t:|1662816259
|switch|p2a: Whimsicott|Whimsicott, F|100/100
|move|p1a: Marshadow|Poltergeist|p2a: Whimsicott
|-activate|p2a: Whimsicott|move: Poltergeist|Heavy-Duty Boots
|-damage|p2a: Whimsicott|23/100
|
|upkeep
|turn|11
|
|t:|1662816266
|move|p1a: Marshadow|Poltergeist|p2a: Whimsicott
|-activate|p2a: Whimsicott|move: Poltergeist|Heavy-Duty Boots
|-damage|p2a: Whimsicott|0 fnt
|faint|p2a: Whimsicott
|
|upkeep
|c|☆MVP2536|damn it
|
|t:|1662816275
|switch|p2a: garbage|Groudon-Primal|81/100
|-damage|p2a: garbage|68/100|[from] Stealth Rock
|-weather|DesolateLand|[from] ability: Desolate Land|[of] p2a: garbage
|turn|12
|
|t:|1662816280
|move|p1a: Marshadow|Close Combat|p2a: garbage
|-damage|p2a: garbage|36/100
|-unboost|p1a: Marshadow|def|1
|-unboost|p1a: Marshadow|spd|1
|move|p2a: garbage|Heat Crash|p1a: Marshadow
|-damage|p1a: Marshadow|0 fnt
|faint|p1a: Marshadow
|
|-weather|DesolateLand|[upkeep]
|upkeep
|
|t:|1662816286
|switch|p1a: Rayquaza|Rayquaza-Mega|45/100
|-weather|DeltaStream|[from] ability: Delta Stream|[of] p1a: Rayquaza
|turn|13
|
|t:|1662816291
|move|p1a: Rayquaza|Earthquake|p2a: garbage
|-supereffective|p2a: garbage
|-crit|p2a: garbage
|-damage|p2a: garbage|0 fnt
|faint|p2a: garbage
|-damage|p1a: Rayquaza|35/100|[from] item: Life Orb
|
|-weather|DeltaStream|[upkeep]
|upkeep
|
|t:|1662816299
|switch|p2a: Ditto|Ditto|88/100
|-damage|p2a: Ditto|76/100|[from] Stealth Rock
|-transform|p2a: Ditto|p1a: Rayquaza|[from] ability: Imposter
|turn|14
|
|t:|1662816305
|move|p1a: Rayquaza|Extreme Speed|p2a: Ditto
|-damage|p2a: Ditto|19/100
|-damage|p1a: Rayquaza|25/100|[from] item: Life Orb
|move|p2a: Ditto|Dragon Ascent|p1a: Rayquaza
|-damage|p1a: Rayquaza|0 fnt
|-unboost|p2a: Ditto|def|1
|-unboost|p2a: Ditto|spd|1
|faint|p1a: Rayquaza
|
|-weather|DeltaStream|[upkeep]
|upkeep
|
|t:|1662816311
|switch|p1a: Yveltal|Yveltal|100/100
|-ability|p1a: Yveltal|Dark Aura
|turn|15
|
|t:|1662816317
|-weather|none
|switch|p2a: Scrafty|Scrafty, M|55/100
|-damage|p2a: Scrafty|49/100|[from] Stealth Rock
|-start|p1a: Yveltal|Dynamax|
|-heal|p1a: Yveltal|100/100|[silent]
|move|p1a: Yveltal|Max Airstream|p2a: Scrafty
|-supereffective|p2a: Scrafty
|-damage|p2a: Scrafty|0 fnt
|-boost|p1a: Yveltal|spe|1
|faint|p2a: Scrafty
|-damage|p1a: Yveltal|96/100|[from] item: Life Orb
|
|upkeep
|c|☆Apprenti Buck|Gg i think
|c|☆MVP2536|ye gg
|c|☆MVP2536|ahhhhhhhhhh
|
|t:|1662816347
|switch|p2a: Ditto|Ditto|19/100
|-damage|p2a: Ditto|7/100|[from] Stealth Rock
|-transform|p2a: Ditto|p1a: Yveltal|[from] ability: Imposter
|-ability|p2a: Ditto|Dark Aura
|turn|16
|
|t:|1662816362
|move|p2a: Ditto|Oblivion Wing|p1a: Yveltal
|-damage|p1a: Yveltal|75/100
|-heal|p2a: Ditto|47/100|[from] drain|[of] p1a: Yveltal
|move|p1a: Yveltal|Max Airstream|p2a: Ditto
|-damage|p2a: Ditto|0 fnt
|-boost|p1a: Yveltal|spe|1
|faint|p2a: Ditto
|-damage|p1a: Yveltal|70/100|[from] item: Life Orb
|
|upkeep
|inactive|MVP2536 has 120 seconds left.
|
|t:|1662816372
|switch|p2a: Aegislash|Aegislash, M|100/100
|-damage|p2a: Aegislash|94/100|[from] Stealth Rock
|turn|17
|
|t:|1662816377
|-start|p2a: Aegislash|Dynamax|
|-heal|p2a: Aegislash|94/100|[silent]
|move|p2a: Aegislash|Max Guard|p2a: Aegislash
|-singleturn|p2a: Aegislash|Max Guard
|move|p1a: Yveltal|Max Darkness|p2a: Aegislash
|-activate|p2a: Aegislash|move: Max Guard
|
|-heal|p2a: Aegislash|97/100|[from] item: Leftovers
|upkeep
|-end|p1a: Yveltal|Dynamax
|-heal|p1a: Yveltal|70/100|[silent]
|turn|18
|
|t:|1662816389
|switch|p1a: Calyrex|Calyrex-Shadow|100/100
|-ability|p1a: Calyrex|As One
|-ability|p1a: Calyrex|Unnerve
|-formechange|p2a: Aegislash|Aegislash-Blade||[from] ability: Stance Change
|move|p2a: Aegislash|Max Knuckle|p1a: Calyrex
|-immune|p1a: Calyrex
|
|-heal|p2a: Aegislash|100/100|[from] item: Leftovers
|upkeep
|turn|19
|c|☆MVP2536|NOOOOOO
|c|☆MVP2536|gg
|
|t:|1662816406
|move|p2a: Aegislash|Max Guard|p2a: Aegislash
|-singleturn|p2a: Aegislash|Max Guard
|move|p1a: Calyrex|Substitute|p1a: Calyrex
|-start|p1a: Calyrex|Substitute
|-damage|p1a: Calyrex|76/100
|
|upkeep
|-end|p2a: Aegislash|Dynamax
|-heal|p2a: Aegislash|100/100|[silent]
|turn|20
|-message|MVP2536 forfeited.
|
|win|Apprenti Buck
|raw|Apprenti Buck's rating: 2008 &rarr; <strong>2019</strong><br />(+11 for winning)
|raw|MVP2536's rating: 1849 &rarr; <strong>1838</strong><br />(-11 for losing)
