|j|☆soviet glonk
|j|☆seidou21
|inactive|Battle timer is ON: inactive players will automatically lose when time's up.
|t:|1640768841
|gametype|singles
|player|p1|soviet glonk|ghetsis|
|player|p2|seidou21|wallace|
|teamsize|p1|6
|teamsize|p2|6
|gen|8
|tier|[Gen 8] National Dex AG
|rated|Tournament battle
|rule|HP Percentage Mod: HP is shown in percentages
|rule|Endless Battle Clause: Forcing endless battles is banned
|clearpoke
|poke|p1|Marshadow|
|poke|p1|Zacian-*|
|poke|p1|Yveltal|
|poke|p1|Necrozma-Dusk-Mane|
|poke|p1|Arceus-*|
|poke|p1|Arceus-*|
|poke|p2|Kyogre|
|poke|p2|Arceus-*|
|poke|p2|Arceus-*|
|poke|p2|Necrozma-Dusk-Mane|
|poke|p2|Zacian-*|
|poke|p2|Eternatus|
|teampreview
|inactive|soviet glonk also wants the timer to be on.
|j| KATYYTAK
|c|☆soviet glonk|hf
|c|☆seidou21|hi
|j| ZCopen
|j| 09-10a
|c|☆soviet glonk|kyogre fuck
|inactive|soviet glonk has 120 seconds left.
|
|t:|1640768889
|start
|switch|p1a: Marshadow|Marshadow|100/100
|switch|p2a: Kyogre|Kyogre, shiny|100/100
|-weather|RainDance|[from] ability: Drizzle|[of] p2a: Kyogre
|turn|1
|
|t:|1640768895
|switch|p2a: Necrozma|Necrozma-Dusk-Mane, shiny|100/100
|move|p1a: Marshadow|Shadow Sneak|p2a: Necrozma
|-supereffective|p2a: Necrozma
|-damage|p2a: Necrozma|63/100
|-damage|p1a: Marshadow|84/100|[from] item: Rocky Helmet|[of] p2a: Necrozma
|
|-weather|RainDance|[upkeep]
|upkeep
|turn|2
|
|t:|1640768904
|switch|p1a: Arceus|Arceus-Ground|100/100
|switch|p2a: Arceus|Arceus-Ground, shiny|100/100
|
|-weather|RainDance|[upkeep]
|upkeep
|turn|3
|j| ILoveGarchom
|
|t:|1640768910
|move|p2a: Arceus|Judgment|p1a: Arceus
|-damage|p1a: Arceus|71/100
|move|p1a: Arceus|Ice Beam|p2a: Arceus
|-supereffective|p2a: Arceus
|-damage|p2a: Arceus|71/100
|
|-weather|RainDance|[upkeep]
|upkeep
|turn|4
|
|t:|1640768921
|switch|p1a: Arceus|Arceus-Dark|100/100
|move|p2a: Arceus|Recover|p2a: Arceus
|-heal|p2a: Arceus|100/100
|
|-weather|RainDance|[upkeep]
|upkeep
|turn|5
|c| ILoveGarchom|...
|
|t:|1640768924
|switch|p2a: Zacian|Zacian-Crowned, shiny|100/100
|-ability|p2a: Zacian|Intrepid Sword|boost
|-boost|p2a: Zacian|atk|1
|move|p1a: Arceus|Roar|p2a: Zacian
|drag|p2a: Eternatus|Eternatus|100/100
|-ability|p2a: Eternatus|Pressure
|
|-weather|none
|upkeep
|turn|6
|
|t:|1640768947
|switch|p2a: Zacian|Zacian-Crowned, shiny|100/100
|-ability|p2a: Zacian|Intrepid Sword|boost
|-boost|p2a: Zacian|atk|1
|move|p1a: Arceus|Calm Mind|p1a: Arceus
|-boost|p1a: Arceus|spa|1
|-boost|p1a: Arceus|spd|1
|
|upkeep
|turn|7
|
|t:|1640768951
|switch|p1a: Necrozma|Necrozma-Dusk-Mane|100/100
|move|p2a: Zacian|Behemoth Blade|p1a: Necrozma
|-resisted|p1a: Necrozma
|-damage|p1a: Necrozma|77/100
|-damage|p2a: Zacian|84/100|[from] item: Rocky Helmet|[of] p1a: Necrozma
|
|upkeep
|turn|8
|
|t:|1640768955
|switch|p2a: Arceus|Arceus-Ground, shiny|100/100
|move|p1a: Necrozma|Toxic|p2a: Arceus
|-status|p2a: Arceus|tox
|
|-damage|p2a: Arceus|94/100 tox|[from] psn
|upkeep
|turn|9
|
|t:|1640768961
|switch|p2a: Kyogre|Kyogre, shiny|100/100
|-weather|RainDance|[from] ability: Drizzle|[of] p2a: Kyogre
|switch|p1a: Arceus|Arceus-Ground|71/100
|
|-weather|RainDance|[upkeep]
|upkeep
|turn|10
|l| ILoveGarchom
|
|t:|1640768975
|move|p2a: Kyogre|Water Spout|p1a: Arceus
|-supereffective|p1a: Arceus
|-damage|p1a: Arceus|0 fnt
|faint|p1a: Arceus
|
|-weather|RainDance|[upkeep]
|upkeep
|c|☆soviet glonk|my team literally dies to this one mon
|
|t:|1640768985
|switch|p1a: Marshadow|Marshadow|84/100
|turn|11
|
|t:|1640768987
|move|p1a: Marshadow|Shadow Sneak|p2a: Kyogre
|-damage|p2a: Kyogre|49/100
|move|p2a: Kyogre|Water Spout|p1a: Marshadow
|-damage|p1a: Marshadow|9/100
|
|-weather|RainDance|[upkeep]
|upkeep
|turn|12
|j| EZ teambuilder
|j| ILoveGarchom
|
|t:|1640768999
|switch|p2a: Arceus|Arceus, shiny|100/100
|move|p1a: Marshadow|Shadow Sneak|p2a: Arceus
|-immune|p2a: Arceus
|
|-weather|RainDance|[upkeep]
|upkeep
|turn|13
|j|@Frito135 ❤
|
|t:|1640769004
|switch|p1a: Zacian|Zacian-Crowned|100/100
|-ability|p1a: Zacian|Intrepid Sword|boost
|-boost|p1a: Zacian|atk|1
|move|p2a: Arceus|Will-O-Wisp|p1a: Zacian
|-status|p1a: Zacian|brn
|
|-weather|none
|-damage|p1a: Zacian|94/100 brn|[from] brn
|upkeep
|turn|14
|c|☆seidou21|good
|
|t:|1640769015
|switch|p1a: Yveltal|Yveltal|100/100
|-ability|p1a: Yveltal|Dark Aura
|switch|p2a: Necrozma|Necrozma-Dusk-Mane, shiny|63/100
|
|upkeep
|turn|15
|
|t:|1640769021
|switch|p2a: Zacian|Zacian-Crowned, shiny|84/100
|-ability|p2a: Zacian|Intrepid Sword|boost
|-boost|p2a: Zacian|atk|1
|-start|p1a: Yveltal|Dynamax
|-heal|p1a: Yveltal|100/100|[silent]
|move|p1a: Yveltal|Max Airstream|p2a: Zacian
|-resisted|p2a: Zacian
|-damage|p2a: Zacian|40/100
|-boost|p1a: Yveltal|spe|1
|-damage|p1a: Yveltal|96/100|[from] item: Life Orb
|
|upkeep
|turn|16
|
|t:|1640769025
|move|p2a: Zacian|Protect|p2a: Zacian
|-singleturn|p2a: Zacian|Protect
|move|p1a: Yveltal|Max Airstream|p2a: Zacian
|-resisted|p2a: Zacian
|-zbroken|p2a: Zacian
|-damage|p2a: Zacian|29/100
|-boost|p1a: Yveltal|spe|1
|-damage|p1a: Yveltal|91/100|[from] item: Life Orb
|
|upkeep
|turn|17
|
|t:|1640769028
|move|p2a: Zacian|Quick Attack|p1a: Yveltal
|-damage|p1a: Yveltal|78/100
|move|p1a: Yveltal|Max Airstream|p2a: Zacian
|-resisted|p2a: Zacian
|-damage|p2a: Zacian|0 fnt
|-boost|p1a: Yveltal|spe|1
|faint|p2a: Zacian
|-damage|p1a: Yveltal|74/100|[from] item: Life Orb
|
|-end|p1a: Yveltal|Dynamax
|-heal|p1a: Yveltal|74/100|[silent]
|upkeep
|c| ILoveGarchom|zacian dead in the water
|c| 09-10a|ll
|c| 09-10a|lol
|
|t:|1640769035
|switch|p2a: Eternatus|Eternatus|100/100
|-ability|p2a: Eternatus|Pressure
|turn|18
|
|t:|1640769039
|move|p1a: Yveltal|Dark Pulse|p2a: Eternatus
|-damage|p2a: Eternatus|55/100
|-damage|p1a: Yveltal|64/100|[from] item: Life Orb
|move|p2a: Eternatus|Mystical Fire|p1a: Yveltal
|-damage|p1a: Yveltal|42/100
|-unboost|p1a: Yveltal|spa|1
|
|-heal|p2a: Eternatus|61/100|[from] item: Black Sludge
|upkeep
|turn|19
|
|t:|1640769050
|move|p1a: Yveltal|Taunt|p2a: Eternatus
|-start|p2a: Eternatus|move: Taunt
|cant|p2a: Eternatus|move: Taunt|Recover
|
|-heal|p2a: Eternatus|67/100|[from] item: Black Sludge
|upkeep
|turn|20
|
|t:|1640769058
|switch|p1a: Arceus|Arceus-Dark|100/100
|move|p2a: Eternatus|Mystical Fire|p1a: Arceus
|-damage|p1a: Arceus|88/100
|-unboost|p1a: Arceus|spa|1
|
|-heal|p2a: Eternatus|73/100|[from] item: Black Sludge
|upkeep
|turn|21
|
|t:|1640769064
|switch|p2a: Kyogre|Kyogre, shiny|49/100
|-weather|RainDance|[from] ability: Drizzle|[of] p2a: Kyogre
|move|p1a: Arceus|Roar|p2a: Kyogre
|drag|p2a: Necrozma|Necrozma-Dusk-Mane, shiny|63/100
|
|-weather|RainDance|[upkeep]
|upkeep
|turn|22
|
|t:|1640769069
|move|p1a: Arceus|Calm Mind|p1a: Arceus
|-boost|p1a: Arceus|spa|1
|-boost|p1a: Arceus|spd|1
|move|p2a: Necrozma|Thunder Wave|p1a: Arceus
|-status|p1a: Arceus|par
|
|-weather|RainDance|[upkeep]
|upkeep
|turn|23
|
|t:|1640769074
|switch|p2a: Kyogre|Kyogre, shiny|49/100
|move|p1a: Arceus|Calm Mind|p1a: Arceus
|-boost|p1a: Arceus|spa|1
|-boost|p1a: Arceus|spd|1
|
|-weather|RainDance|[upkeep]
|upkeep
|turn|24
|
|t:|1640769081
|move|p2a: Kyogre|Scald|p1a: Arceus
|-damage|p1a: Arceus|70/100 par
|cant|p1a: Arceus|par
|
|-weather|RainDance|[upkeep]
|upkeep
|turn|25
|
|t:|1640769084
|move|p2a: Kyogre|Scald|p1a: Arceus
|-damage|p1a: Arceus|50/100 par
|move|p1a: Arceus|Recover|p1a: Arceus
|-heal|p1a: Arceus|99/100 par
|
|-weather|none
|upkeep
|turn|26
|
|t:|1640769091
|switch|p2a: Eternatus|Eternatus|73/100
|-ability|p2a: Eternatus|Pressure
|move|p1a: Arceus|Calm Mind|p1a: Arceus
|-boost|p1a: Arceus|spa|1
|-boost|p1a: Arceus|spd|1
|
|-heal|p2a: Eternatus|80/100|[from] item: Black Sludge
|upkeep
|turn|27
|
|t:|1640769097
|move|p2a: Eternatus|Mystical Fire|p1a: Arceus
|-damage|p1a: Arceus|95/100 par
|-unboost|p1a: Arceus|spa|1
|move|p1a: Arceus|Roar|p2a: Eternatus
|drag|p2a: Kyogre|Kyogre, shiny|49/100
|-weather|RainDance|[from] ability: Drizzle|[of] p2a: Kyogre
|
|-weather|RainDance|[upkeep]
|upkeep
|turn|28
|
|t:|1640769101
|switch|p2a: Eternatus|Eternatus|80/100
|-ability|p2a: Eternatus|Pressure
|move|p1a: Arceus|Judgment|p2a: Eternatus
|-damage|p2a: Eternatus|38/100
|
|-weather|RainDance|[upkeep]
|-heal|p2a: Eternatus|44/100|[from] item: Black Sludge
|upkeep
|turn|29
|
|t:|1640769106
|move|p2a: Eternatus|Recover|p2a: Eternatus
|-heal|p2a: Eternatus|94/100
|move|p1a: Arceus|Calm Mind|p1a: Arceus
|-boost|p1a: Arceus|spa|1
|-boost|p1a: Arceus|spd|1
|
|-weather|RainDance|[upkeep]
|-heal|p2a: Eternatus|99/100|[from] item: Black Sludge
|upkeep
|turn|30
|l| KATYYTAK
|
|t:|1640769111
|move|p2a: Eternatus|Mystical Fire|p1a: Arceus
|-damage|p1a: Arceus|92/100 par
|-unboost|p1a: Arceus|spa|1
|move|p1a: Arceus|Judgment|p2a: Eternatus
|-damage|p2a: Eternatus|60/100
|
|-weather|RainDance|[upkeep]
|-heal|p2a: Eternatus|67/100|[from] item: Black Sludge
|upkeep
|turn|31
|
|t:|1640769115
|move|p2a: Eternatus|Toxic Spikes|p1a: Arceus
|-sidestart|p1: soviet glonk|move: Toxic Spikes
|cant|p1a: Arceus|par
|
|-weather|none
|-heal|p2a: Eternatus|73/100|[from] item: Black Sludge
|upkeep
|turn|32
|l| EZ teambuilder
|
|t:|1640769122
|move|p2a: Eternatus|Toxic Spikes|p1a: Arceus
|-sidestart|p1: soviet glonk|move: Toxic Spikes
|move|p1a: Arceus|Roar|p2a: Eternatus
|drag|p2a: Arceus|Arceus, shiny|100/100
|
|upkeep
|turn|33
|
|t:|1640769128
|switch|p2a: Eternatus|Eternatus|73/100
|-ability|p2a: Eternatus|Pressure
|cant|p1a: Arceus|par
|
|-heal|p2a: Eternatus|79/100|[from] item: Black Sludge
|upkeep
|turn|34
|
|t:|1640769137
|move|p2a: Eternatus|Mystical Fire|p1a: Arceus
|-damage|p1a: Arceus|88/100 par
|-unboost|p1a: Arceus|spa|1
|move|p1a: Arceus|Calm Mind|p1a: Arceus
|-boost|p1a: Arceus|spa|1
|-boost|p1a: Arceus|spd|1
|
|-heal|p2a: Eternatus|85/100|[from] item: Black Sludge
|upkeep
|turn|35
|
|t:|1640769141
|move|p2a: Eternatus|Cosmic Power|p2a: Eternatus
|-boost|p2a: Eternatus|def|1
|-boost|p2a: Eternatus|spd|1
|move|p1a: Arceus|Calm Mind|p1a: Arceus
|-boost|p1a: Arceus|spa|1
|-boost|p1a: Arceus|spd|1
|
|-heal|p2a: Eternatus|92/100|[from] item: Black Sludge
|upkeep
|turn|36
|
|t:|1640769145
|move|p2a: Eternatus|Mystical Fire|p1a: Arceus
|-damage|p1a: Arceus|84/100 par
|-unboost|p1a: Arceus|spa|1
|move|p1a: Arceus|Roar|p2a: Eternatus
|drag|p2a: Kyogre|Kyogre, shiny|49/100
|-weather|RainDance|[from] ability: Drizzle|[of] p2a: Kyogre
|
|-weather|RainDance|[upkeep]
|upkeep
|turn|37
|
|t:|1640769150
|move|p2a: Kyogre|Scald|p1a: Arceus
|-damage|p1a: Arceus|76/100 par
|cant|p1a: Arceus|par
|
|-weather|RainDance|[upkeep]
|upkeep
|turn|38
|
|t:|1640769154
|move|p2a: Kyogre|Scald|p1a: Arceus
|-damage|p1a: Arceus|66/100 par
|cant|p1a: Arceus|par
|
|-weather|RainDance|[upkeep]
|upkeep
|turn|39
|
|t:|1640769157
|switch|p2a: Eternatus|Eternatus|92/100
|-ability|p2a: Eternatus|Pressure
|move|p1a: Arceus|Recover|p1a: Arceus
|-heal|p1a: Arceus|100/100 par
|
|-weather|RainDance|[upkeep]
|-heal|p2a: Eternatus|98/100|[from] item: Black Sludge
|upkeep
|turn|40
|
|t:|1640769160
|move|p2a: Eternatus|Cosmic Power|p2a: Eternatus
|-boost|p2a: Eternatus|def|1
|-boost|p2a: Eternatus|spd|1
|move|p1a: Arceus|Calm Mind|p1a: Arceus
|-boost|p1a: Arceus|spa|1
|-boost|p1a: Arceus|spd|0
|
|-weather|none
|-heal|p2a: Eternatus|100/100|[from] item: Black Sludge
|upkeep
|turn|41
|
|t:|1640769163
|move|p2a: Eternatus|Mystical Fire|p1a: Arceus
|-damage|p1a: Arceus|97/100 par
|-unboost|p1a: Arceus|spa|1
|cant|p1a: Arceus|par
|
|upkeep
|turn|42
|c| ILoveGarchom|refresh wud have been a bit more usefull
|
|t:|1640769169
|move|p2a: Eternatus|Cosmic Power|p2a: Eternatus
|-boost|p2a: Eternatus|def|1
|-boost|p2a: Eternatus|spd|1
|move|p1a: Arceus|Roar|p2a: Eternatus
|drag|p2a: Kyogre|Kyogre, shiny|49/100
|-weather|RainDance|[from] ability: Drizzle|[of] p2a: Kyogre
|
|-weather|RainDance|[upkeep]
|upkeep
|turn|43
|
|t:|1640769173
|move|p2a: Kyogre|Scald|p1a: Arceus
|-damage|p1a: Arceus|88/100 par
|cant|p1a: Arceus|par
|
|-weather|RainDance|[upkeep]
|upkeep
|turn|44
|
|t:|1640769177
|move|p2a: Kyogre|Scald|p1a: Arceus
|-damage|p1a: Arceus|79/100 par
|move|p1a: Arceus|Calm Mind|p1a: Arceus
|-boost|p1a: Arceus|spa|1
|-boost|p1a: Arceus|spd|0
|
|-weather|RainDance|[upkeep]
|upkeep
|turn|45
|
|t:|1640769179
|switch|p2a: Eternatus|Eternatus|100/100
|-ability|p2a: Eternatus|Pressure
|move|p1a: Arceus|Judgment|p2a: Eternatus
|-damage|p2a: Eternatus|52/100
|
|-weather|RainDance|[upkeep]
|-heal|p2a: Eternatus|59/100|[from] item: Black Sludge
|upkeep
|turn|46
|c| 09-10a|that zac-
|c| 09-10a|:o
|
|t:|1640769192
|move|p2a: Eternatus|Recover|p2a: Eternatus
|-heal|p2a: Eternatus|100/100
|move|p1a: Arceus|Calm Mind|p1a: Arceus
|-boost|p1a: Arceus|spa|1
|-boost|p1a: Arceus|spd|0
|
|-weather|none
|upkeep
|turn|47
|
|t:|1640769196
|move|p2a: Eternatus|Mystical Fire|p1a: Arceus
|-damage|p1a: Arceus|75/100 par
|-unboost|p1a: Arceus|spa|1
|move|p1a: Arceus|Judgment|p2a: Eternatus
|-damage|p2a: Eternatus|46/100
|
|-heal|p2a: Eternatus|52/100|[from] item: Black Sludge
|upkeep
|turn|48
|c| ZCopen|refresh would be worse
|j| KATYYTAK
|
|t:|1640769226
|move|p2a: Eternatus|Recover|p2a: Eternatus
|-heal|p2a: Eternatus|100/100
|cant|p1a: Arceus|par
|
|upkeep
|turn|49
|
|t:|1640769229
|move|p2a: Eternatus|Cosmic Power|p2a: Eternatus
|-boost|p2a: Eternatus|def|1
|-boost|p2a: Eternatus|spd|1
|move|p1a: Arceus|Calm Mind|p1a: Arceus
|-boost|p1a: Arceus|spa|1
|-boost|p1a: Arceus|spd|0
|
|upkeep
|turn|50
|
|t:|1640769232
|move|p2a: Eternatus|Mystical Fire|p1a: Arceus
|-damage|p1a: Arceus|72/100 par
|-unboost|p1a: Arceus|spa|1
|move|p1a: Arceus|Roar|p2a: Eternatus
|drag|p2a: Arceus|Arceus, shiny|100/100
|
|upkeep
|turn|51
|j| EZ teambuilder
|
|t:|1640769236
|move|p2a: Arceus|Stealth Rock|p1a: Arceus
|-sidestart|p1: soviet glonk|move: Stealth Rock
|move|p1a: Arceus|Judgment|p2a: Arceus
|-damage|p2a: Arceus|56/100
|
|-heal|p2a: Arceus|62/100|[from] item: Leftovers
|upkeep
|turn|52
|
|t:|1640769239
|switch|p2a: Eternatus|Eternatus|100/100
|-ability|p2a: Eternatus|Pressure
|move|p1a: Arceus|Calm Mind|p1a: Arceus
|-boost|p1a: Arceus|spa|1
|-boost|p1a: Arceus|spd|0
|
|upkeep
|turn|53
|
|t:|1640769242
|move|p2a: Eternatus|Mystical Fire|p1a: Arceus
|-damage|p1a: Arceus|68/100 par
|-unboost|p1a: Arceus|spa|1
|move|p1a: Arceus|Judgment|p2a: Eternatus
|-damage|p2a: Eternatus|46/100
|
|-heal|p2a: Eternatus|52/100|[from] item: Black Sludge
|upkeep
|turn|54
|
|t:|1640769249
|move|p2a: Eternatus|Recover|p2a: Eternatus
|-heal|p2a: Eternatus|100/100
|move|p1a: Arceus|Recover|p1a: Arceus
|-heal|p1a: Arceus|100/100 par
|
|upkeep
|turn|55
|
|t:|1640769264
|move|p2a: Eternatus|Mystical Fire|p1a: Arceus
|-damage|p1a: Arceus|97/100 par
|-unboost|p1a: Arceus|spa|1
|move|p1a: Arceus|Calm Mind|p1a: Arceus
|-boost|p1a: Arceus|spa|1
|-boost|p1a: Arceus|spd|0
|
|upkeep
|turn|56
|
|t:|1640769268
|move|p2a: Eternatus|Cosmic Power|p2a: Eternatus
|-boost|p2a: Eternatus|def|1
|-boost|p2a: Eternatus|spd|1
|move|p1a: Arceus|Calm Mind|p1a: Arceus
|-boost|p1a: Arceus|spa|1
|-boost|p1a: Arceus|spd|0
|
|upkeep
|turn|57
|
|t:|1640769271
|move|p2a: Eternatus|Mystical Fire|p1a: Arceus
|-damage|p1a: Arceus|94/100 par
|-unboost|p1a: Arceus|spa|1
|move|p1a: Arceus|Roar|p2a: Eternatus
|drag|p2a: Arceus|Arceus-Ground, shiny|94/100 tox
|
|-damage|p2a: Arceus|88/100 tox|[from] psn
|upkeep
|turn|58
|
|t:|1640769279
|switch|p2a: Eternatus|Eternatus|100/100
|-ability|p2a: Eternatus|Pressure
|move|p1a: Arceus|Calm Mind|p1a: Arceus
|-boost|p1a: Arceus|spa|1
|-boost|p1a: Arceus|spd|0
|
|upkeep
|turn|59
|l| EZ teambuilder
|
|t:|1640769305
|move|p2a: Eternatus|Mystical Fire|p1a: Arceus
|-damage|p1a: Arceus|90/100 par
|-unboost|p1a: Arceus|spa|1
|move|p1a: Arceus|Calm Mind|p1a: Arceus
|-boost|p1a: Arceus|spa|1
|-boost|p1a: Arceus|spd|0
|
|upkeep
|turn|60
|
|t:|1640769310
|move|p2a: Eternatus|Cosmic Power|p2a: Eternatus
|-boost|p2a: Eternatus|def|1
|-boost|p2a: Eternatus|spd|1
|move|p1a: Arceus|Calm Mind|p1a: Arceus
|-boost|p1a: Arceus|spa|1
|-boost|p1a: Arceus|spd|0
|
|upkeep
|turn|61
|
|t:|1640769312
|move|p2a: Eternatus|Mystical Fire|p1a: Arceus
|-damage|p1a: Arceus|87/100 par
|-unboost|p1a: Arceus|spa|1
|cant|p1a: Arceus|par
|
|upkeep
|turn|62
|
|t:|1640769316
|move|p2a: Eternatus|Cosmic Power|p2a: Eternatus
|-boost|p2a: Eternatus|def|1
|-boost|p2a: Eternatus|spd|1
|cant|p1a: Arceus|par
|
|upkeep
|turn|63
|
|t:|1640769318
|move|p2a: Eternatus|Mystical Fire|p1a: Arceus
|-damage|p1a: Arceus|83/100 par
|-unboost|p1a: Arceus|spa|1
|cant|p1a: Arceus|par
|
|upkeep
|turn|64
|
|t:|1640769322
|move|p2a: Eternatus|Toxic Spikes||[still]
|-fail|p2a: Eternatus
|move|p1a: Arceus|Roar|p2a: Eternatus
|drag|p2a: Necrozma|Necrozma-Dusk-Mane, shiny|63/100
|
|upkeep
|turn|65
|
|t:|1640769336
|move|p2a: Necrozma|Sunsteel Strike|p1a: Arceus
|-damage|p1a: Arceus|52/100 par
|move|p1a: Arceus|Roar|p2a: Necrozma
|drag|p2a: Eternatus|Eternatus|100/100
|-ability|p2a: Eternatus|Pressure
|
|upkeep
|turn|66
|
|t:|1640769342
|move|p2a: Eternatus|Cosmic Power|p2a: Eternatus
|-boost|p2a: Eternatus|def|1
|-boost|p2a: Eternatus|spd|1
|move|p1a: Arceus|Recover|p1a: Arceus
|-heal|p1a: Arceus|100/100 par
|
|upkeep
|turn|67
|
|t:|1640769347
|move|p2a: Eternatus|Cosmic Power|p2a: Eternatus
|-boost|p2a: Eternatus|def|1
|-boost|p2a: Eternatus|spd|1
|move|p1a: Arceus|Calm Mind|p1a: Arceus
|-boost|p1a: Arceus|spa|1
|-boost|p1a: Arceus|spd|0
|
|upkeep
|turn|68
|
|t:|1640769353
|move|p2a: Eternatus|Cosmic Power|p2a: Eternatus
|-boost|p2a: Eternatus|def|1
|-boost|p2a: Eternatus|spd|1
|cant|p1a: Arceus|par
|
|upkeep
|turn|69
|
|t:|1640769356
|move|p2a: Eternatus|Mystical Fire|p1a: Arceus
|-damage|p1a: Arceus|97/100 par
|-unboost|p1a: Arceus|spa|1
|cant|p1a: Arceus|par
|
|upkeep
|turn|70
|
|t:|1640769364
|move|p2a: Eternatus|Cosmic Power|p2a: Eternatus
|-boost|p2a: Eternatus|def|1
|-boost|p2a: Eternatus|spd|1
|move|p1a: Arceus|Roar|p2a: Eternatus
|drag|p2a: Arceus|Arceus-Ground, shiny|88/100 tox
|
|-damage|p2a: Arceus|82/100 tox|[from] psn
|upkeep
|turn|71
|
|t:|1640769369
|switch|p2a: Eternatus|Eternatus|100/100
|-ability|p2a: Eternatus|Pressure
|move|p1a: Arceus|Calm Mind|p1a: Arceus
|-boost|p1a: Arceus|spa|1
|-boost|p1a: Arceus|spd|0
|
|upkeep
|turn|72
|
|t:|1640769373
|move|p2a: Eternatus|Cosmic Power|p2a: Eternatus
|-boost|p2a: Eternatus|def|1
|-boost|p2a: Eternatus|spd|1
|cant|p1a: Arceus|par
|
|upkeep
|turn|73
|
|t:|1640769388
|move|p2a: Eternatus|Cosmic Power|p2a: Eternatus
|-boost|p2a: Eternatus|def|1
|-boost|p2a: Eternatus|spd|1
|cant|p1a: Arceus|par
|
|upkeep
|turn|74
|
|t:|1640769393
|move|p2a: Eternatus|Cosmic Power|p2a: Eternatus
|-boost|p2a: Eternatus|def|1
|-boost|p2a: Eternatus|spd|1
|move|p1a: Arceus|Roar|p2a: Eternatus
|drag|p2a: Kyogre|Kyogre, shiny|49/100
|-weather|RainDance|[from] ability: Drizzle|[of] p2a: Kyogre
|
|-weather|RainDance|[upkeep]
|upkeep
|turn|75
|
|t:|1640769404
|move|p2a: Kyogre|Scald|p1a: Arceus
|-damage|p1a: Arceus|87/100 par
|move|p1a: Arceus|Judgment|p2a: Kyogre
|-damage|p2a: Kyogre|0 fnt
|faint|p2a: Kyogre
|
|-weather|RainDance|[upkeep]
|upkeep
|
|t:|1640769414
|switch|p2a: Necrozma|Necrozma-Dusk-Mane, shiny|63/100
|turn|76
|
|t:|1640769417
|move|p2a: Necrozma|Sunsteel Strike|p1a: Arceus
|-damage|p1a: Arceus|54/100 par
|move|p1a: Arceus|Judgment|p2a: Necrozma
|-supereffective|p2a: Necrozma
|-damage|p2a: Necrozma|0 fnt
|faint|p2a: Necrozma
|
|-weather|RainDance|[upkeep]
|upkeep
|j| EZ teambuilder
|
|t:|1640769424
|switch|p2a: Arceus|Arceus, shiny|62/100
|turn|77
|l| EZ teambuilder
|
|t:|1640769433
|switch|p2a: Eternatus|Eternatus|100/100
|-ability|p2a: Eternatus|Pressure
|move|p1a: Arceus|Judgment|p2a: Eternatus
|-damage|p2a: Eternatus|39/100
|
|-weather|RainDance|[upkeep]
|-heal|p2a: Eternatus|45/100|[from] item: Black Sludge
|upkeep
|turn|78
|
|t:|1640769437
|move|p2a: Eternatus|Recover|p2a: Eternatus
|-heal|p2a: Eternatus|95/100
|cant|p1a: Arceus|par
|
|-weather|none
|-heal|p2a: Eternatus|100/100|[from] item: Black Sludge
|upkeep
|turn|79
|
|t:|1640769441
|switch|p2a: Arceus|Arceus, shiny|62/100
|cant|p1a: Arceus|par
|
|-heal|p2a: Arceus|68/100|[from] item: Leftovers
|upkeep
|turn|80
|
|t:|1640769446
|move|p2a: Arceus|Recover|p2a: Arceus
|-heal|p2a: Arceus|100/100
|cant|p1a: Arceus|par
|
|upkeep
|turn|81
|
|t:|1640769449
|move|p2a: Arceus|Shadow Ball|p1a: Arceus
|-resisted|p1a: Arceus
|-damage|p1a: Arceus|52/100 par
|move|p1a: Arceus|Recover|p1a: Arceus
|-heal|p1a: Arceus|100/100 par
|
|upkeep
|turn|82
|l| ILoveGarchom
|
|t:|1640769475
|move|p2a: Arceus|Shadow Ball|p1a: Arceus
|-resisted|p1a: Arceus
|-damage|p1a: Arceus|99/100 par
|cant|p1a: Arceus|par
|
|upkeep
|turn|83
|
|t:|1640769482
|switch|p1a: Zacian|Zacian-Crowned|94/100 brn
|-damage|p1a: Zacian|88/100 brn|[from] Stealth Rock
|-ability|p1a: Zacian|Intrepid Sword|boost
|-boost|p1a: Zacian|atk|1
|move|p2a: Arceus|Shadow Ball|p1a: Zacian
|-damage|p1a: Zacian|68/100 brn
|
|-damage|p1a: Zacian|62/100 brn|[from] brn
|upkeep
|turn|84
|
|t:|1640769488
|switch|p2a: Arceus|Arceus-Ground, shiny|82/100 tox
|move|p1a: Zacian|Behemoth Blade|p2a: Arceus
|-damage|p2a: Arceus|56/100 tox
|
|-damage|p2a: Arceus|50/100 tox|[from] psn
|-damage|p1a: Zacian|56/100 brn|[from] brn
|upkeep
|turn|85
|
|t:|1640769493
|move|p1a: Zacian|Close Combat|p2a: Arceus
|-damage|p2a: Arceus|28/100 tox
|-unboost|p1a: Zacian|def|1
|-unboost|p1a: Zacian|spd|1
|move|p2a: Arceus|Judgment|p1a: Zacian
|-supereffective|p1a: Zacian
|-damage|p1a: Zacian|0 fnt
|faint|p1a: Zacian
|
|-damage|p2a: Arceus|15/100 tox|[from] psn
|upkeep
|
|t:|1640769498
|switch|p1a: Marshadow|Marshadow|9/100
|-status|p1a: Marshadow|tox
|-damage|p1a: Marshadow|3/100 tox|[from] Stealth Rock
|turn|86
|
|t:|1640769512
|switch|p2a: Eternatus|Eternatus|100/100
|-ability|p2a: Eternatus|Pressure
|move|p1a: Marshadow|Poltergeist|p2a: Eternatus|[miss]
|-miss|p1a: Marshadow|p2a: Eternatus
|
|-damage|p1a: Marshadow|0 fnt|[from] psn
|faint|p1a: Marshadow
|upkeep
|
|t:|1640769519
|switch|p1a: Yveltal|Yveltal|42/100
|-damage|p1a: Yveltal|17/100|[from] Stealth Rock
|-ability|p1a: Yveltal|Dark Aura
|turn|87
|
|t:|1640769524
|switch|p2a: Arceus|Arceus, shiny|100/100
|move|p1a: Yveltal|Taunt|p2a: Arceus
|-start|p2a: Arceus|move: Taunt
|
|upkeep
|turn|88
|c|☆soviet glonk|gg
|-message|soviet glonk forfeited.
|
|win|seidou21
|n|☆soviet glonk|sovietglonk
|n|☆seidou21|seidou21
|n| ZCopen|zcopen
|n| 09-10a|0910a
|n| Frito135 ❤|frito135
|n| KATYYTAK|katyytak
