|j|☆skylinkdesu
|j|☆rowletroost
|t:|1642008082
|gametype|singles
|player|p1|skylinkdesu|erika-gen2|1602
|player|p2|rowletroost|lance|1870
|teamsize|p1|6
|teamsize|p2|6
|gen|8
|tier|[Gen 8] National Dex AG
|rated|
|rule|HP Percentage Mod: HP is shown in percentages
|rule|Endless Battle Clause: Forcing endless battles is banned
|clearpoke
|poke|p1|Rayquaza|
|poke|p1|Arceus-*|
|poke|p1|Ferrothorn, F|
|poke|p1|Necrozma-Dusk-Mane|
|poke|p1|Arceus-*|
|poke|p1|Tyranitar, M|
|poke|p2|Arceus-*|
|poke|p2|Xerneas-*|
|poke|p2|Kyogre|
|poke|p2|Marshadow|
|poke|p2|Ribombee, F|
|poke|p2|Vivillon-Savanna, F|
|teampreview
|inactive|Battle timer is ON: inactive players will automatically lose when time's up. (requested by rowletroost)
|
|t:|1642008103
|start
|switch|p1a: let's go|Tyranitar, M|100/100
|switch|p2a: Arceus|Arceus-Ground|100/100
|-weather|Sandstorm|[from] ability: Sand Stream|[of] p1a: let's go
|turn|1
|
|t:|1642008107
|switch|p1a: can we have|Ferrothorn, F|100/100
|move|p2a: Arceus|Ice Beam|p1a: can we have
|-damage|p1a: can we have|86/100
|
|-weather|Sandstorm|[upkeep]
|-heal|p1a: can we have|93/100|[from] item: Leftovers
|upkeep
|turn|2
|
|t:|1642008115
|move|p2a: Arceus|Judgment|p1a: can we have
|-damage|p1a: can we have|61/100
|move|p1a: can we have|Stealth Rock|p2a: Arceus
|-sidestart|p2: rowletroost|move: Stealth Rock
|
|-weather|Sandstorm|[upkeep]
|-heal|p1a: can we have|67/100|[from] item: Leftovers
|upkeep
|turn|3
|
|t:|1642008120
|move|p2a: Arceus|Defog|p1a: can we have
|-unboost|p1a: can we have|evasion|1
|-sideend|p2: rowletroost|Stealth Rock|[from] move: Defog|[of] p2a: Arceus
|move|p1a: can we have|Leech Seed|p2a: Arceus
|-start|p2a: Arceus|move: Leech Seed
|
|-weather|Sandstorm|[upkeep]
|-heal|p1a: can we have|74/100|[from] item: Leftovers
|-damage|p2a: Arceus|88/100|[from] Leech Seed|[of] p1a: can we have
|-heal|p1a: can we have|89/100|[silent]
|upkeep
|turn|4
|
|t:|1642008126
|move|p2a: Arceus|Judgment|p1a: can we have
|-damage|p1a: can we have|57/100
|move|p1a: can we have|Leech Seed||[still]
|-fail|p1a: can we have
|
|-weather|Sandstorm|[upkeep]
|-heal|p1a: can we have|64/100|[from] item: Leftovers
|-damage|p2a: Arceus|76/100|[from] Leech Seed|[of] p1a: can we have
|-heal|p1a: can we have|79/100|[silent]
|upkeep
|turn|5
|
|t:|1642008132
|move|p2a: Arceus|Judgment|p1a: can we have
|-damage|p1a: can we have|50/100
|move|p1a: can we have|Stealth Rock|p2a: Arceus
|-sidestart|p2: rowletroost|move: Stealth Rock
|
|-weather|none
|-heal|p1a: can we have|56/100|[from] item: Leftovers
|-damage|p2a: Arceus|63/100|[from] Leech Seed|[of] p1a: can we have
|-heal|p1a: can we have|72/100|[silent]
|upkeep
|turn|6
|
|t:|1642008140
|move|p2a: Arceus|Defog|p1a: can we have
|-unboost|p1a: can we have|evasion|1
|-sideend|p2: rowletroost|Stealth Rock|[from] move: Defog|[of] p2a: Arceus
|move|p1a: can we have|Power Whip|p2a: Arceus
|-supereffective|p2a: Arceus
|-damage|p2a: Arceus|24/100
|
|-heal|p1a: can we have|78/100|[from] item: Leftovers
|-damage|p2a: Arceus|11/100|[from] Leech Seed|[of] p1a: can we have
|-heal|p1a: can we have|94/100|[silent]
|upkeep
|turn|7
|
|t:|1642008144
|move|p2a: Arceus|Recover|p2a: Arceus
|-heal|p2a: Arceus|61/100
|move|p1a: can we have|Stealth Rock|p2a: Arceus
|-sidestart|p2: rowletroost|move: Stealth Rock
|
|-heal|p1a: can we have|99/100|[from] item: Leftovers
|-damage|p2a: Arceus|49/100|[from] Leech Seed|[of] p1a: can we have
|-heal|p1a: can we have|100/100|[silent]
|upkeep
|turn|8
|
|t:|1642008150
|move|p2a: Arceus|Recover|p2a: Arceus
|-heal|p2a: Arceus|99/100
|move|p1a: can we have|Power Whip|p2a: Arceus
|-supereffective|p2a: Arceus
|-damage|p2a: Arceus|60/100
|
|-damage|p2a: Arceus|47/100|[from] Leech Seed|[of] p1a: can we have
|upkeep
|turn|9
|
|t:|1642008156
|move|p2a: Arceus|Defog|p1a: can we have
|-unboost|p1a: can we have|evasion|1
|-sideend|p2: rowletroost|Stealth Rock|[from] move: Defog|[of] p2a: Arceus
|move|p1a: can we have|Power Whip|p2a: Arceus
|-supereffective|p2a: Arceus
|-damage|p2a: Arceus|9/100
|
|-damage|p2a: Arceus|0 fnt|[from] Leech Seed|[of] p1a: can we have
|faint|p2a: Arceus
|upkeep
|
|t:|1642008165
|switch|p2a: Xerneas|Xerneas, shiny|100/100
|-ability|p2a: Xerneas|Fairy Aura
|turn|10
|
|t:|1642008178
|move|p2a: Xerneas|Geomancy||[still]
|-prepare|p2a: Xerneas|Geomancy
|-enditem|p2a: Xerneas|Power Herb
|-anim|p2a: Xerneas|Geomancy|p2a: Xerneas
|-boost|p2a: Xerneas|spa|2
|-boost|p2a: Xerneas|spd|2
|-boost|p2a: Xerneas|spe|2
|move|p1a: can we have|Stealth Rock|p2a: Xerneas
|-sidestart|p2: rowletroost|move: Stealth Rock
|
|upkeep
|turn|11
|inactive|skylinkdesu has 120 seconds left.
|
|t:|1642008237
|switch|p1a: but|Arceus-Rock|100/100
|move|p2a: Xerneas|Hidden Power|p1a: but
|-resisted|p1a: but
|-damage|p1a: but|84/100
|
|upkeep
|turn|12
|
|t:|1642008246
|move|p2a: Xerneas|Moonblast|p1a: but
|-damage|p1a: but|0 fnt
|faint|p1a: but
|
|upkeep
|
|t:|1642008248
|switch|p1a: a coffee|Necrozma-Dusk-Mane|100/100
|turn|13
|
|t:|1642008251
|switch|p1a: or something|Arceus-Ground|100/100
|-start|p2a: Xerneas|Dynamax
|-heal|p2a: Xerneas|100/100|[silent]
|move|p2a: Xerneas|Max Flare|p1a: or something
|-damage|p1a: or something|46/100
|-weather|SunnyDay
|
|-weather|SunnyDay|[upkeep]
|upkeep
|turn|14
|inactive|skylinkdesu has 120 seconds left.
|
|t:|1642008261
|move|p2a: Xerneas|Max Mindstorm|p1a: or something
|-damage|p1a: or something|0 fnt
|-fieldstart|move: Psychic Terrain
|faint|p1a: or something
|
|-weather|SunnyDay|[upkeep]
|upkeep
|
|t:|1642008264
|switch|p1a: a coffee|Necrozma-Dusk-Mane|100/100
|turn|15
|
|t:|1642008267
|-start|p1a: a coffee|Dynamax
|-heal|p1a: a coffee|100/100|[silent]
|move|p1a: a coffee|Max Guard|p1a: a coffee
|-singleturn|p1a: a coffee|Max Guard
|move|p2a: Xerneas|Max Flare|p1a: a coffee
|-activate|p1a: a coffee|move: Max Guard
|
|-weather|SunnyDay|[upkeep]
|-end|p2a: Xerneas|Dynamax
|-heal|p2a: Xerneas|100/100|[silent]
|upkeep
|turn|16
|
|t:|1642008271
|move|p2a: Xerneas|Hidden Power|p1a: a coffee
|-supereffective|p1a: a coffee
|-crit|p1a: a coffee
|-damage|p1a: a coffee|35/100
|move|p1a: a coffee|Max Steelspike|p2a: Xerneas
|-supereffective|p2a: Xerneas
|-damage|p2a: Xerneas|3/100
|-boost|p1a: a coffee|def|1
|
|-weather|SunnyDay|[upkeep]
|upkeep
|turn|17
|
|t:|1642008278
|-end|p1a: a coffee|Dynamax
|-heal|p1a: a coffee|35/100|[silent]
|switch|p1a: let's go|Tyranitar, M|100/100
|-weather|Sandstorm|[from] ability: Sand Stream|[of] p1a: let's go
|move|p2a: Xerneas|Hidden Power|p1a: let's go
|-resisted|p1a: let's go
|-damage|p1a: let's go|91/100
|
|-weather|Sandstorm|[upkeep]
|-damage|p2a: Xerneas|0 fnt|[from] Sandstorm
|faint|p2a: Xerneas
|upkeep
|
|t:|1642008288
|switch|p2a: Ribombee|Ribombee, F, shiny|100/100
|-damage|p2a: Ribombee|76/100|[from] Stealth Rock
|turn|18
|
|t:|1642008292
|move|p2a: Ribombee|Defog|p1a: let's go
|-unboost|p1a: let's go|evasion|1
|-sideend|p2: rowletroost|Stealth Rock|[from] move: Defog|[of] p2a: Ribombee
|-fieldend|move: Psychic Terrain
|move|p1a: let's go|Rock Tomb|p2a: Ribombee
|-supereffective|p2a: Ribombee
|-damage|p2a: Ribombee|0 fnt
|faint|p2a: Ribombee
|
|-weather|Sandstorm|[upkeep]
|upkeep
|
|t:|1642008301
|switch|p2a: Kyogre|Kyogre, shiny|100/100
|detailschange|p2a: Kyogre|Kyogre-Primal, shiny
|-primal|p2a: Kyogre
|-weather|PrimordialSea|[from] ability: Primordial Sea|[of] p2a: Kyogre
|turn|19
|
|t:|1642008309
|move|p2a: Kyogre|Ice Beam|p1a: let's go
|-damage|p1a: let's go|64/100
|move|p1a: let's go|Rock Tomb|p2a: Kyogre
|-damage|p2a: Kyogre|78/100
|-unboost|p2a: Kyogre|spe|1
|
|-weather|PrimordialSea|[upkeep]
|upkeep
|turn|20
|
|t:|1642008314
|move|p1a: let's go|Stealth Rock|p2a: Kyogre
|-sidestart|p2: rowletroost|move: Stealth Rock
|move|p2a: Kyogre|Origin Pulse|p1a: let's go
|-supereffective|p1a: let's go
|-damage|p1a: let's go|0 fnt
|faint|p1a: let's go
|
|-weather|PrimordialSea|[upkeep]
|upkeep
|
|t:|1642008318
|switch|p1a: we've never met|Rayquaza|100/100
|-ability|p1a: we've never met|Air Lock
|turn|21
|
|t:|1642008322
|detailschange|p1a: we've never met|Rayquaza-Mega
|-mega|p1a: we've never met|Rayquaza|
|-weather|DeltaStream|[from] ability: Delta Stream|[of] p1a: we've never met
|move|p1a: we've never met|Dragon Ascent|p2a: Kyogre
|-damage|p2a: Kyogre|0 fnt
|-unboost|p1a: we've never met|def|1
|-unboost|p1a: we've never met|spd|1
|faint|p2a: Kyogre
|
|-weather|DeltaStream|[upkeep]
|upkeep
|-message|rowletroost forfeited.
|
|win|skylinkdesu
|raw|skylinkdesu's rating: 1602 &rarr; <strong>1635</strong><br />(+33 for winning)
|raw|rowletroost's rating: 1870 &rarr; <strong>1837</strong><br />(-33 for losing)
|l|☆rowletroost
||Ladder isn't responding, score probably updated but might not have (Request timeout).
|l|☆skylinkdesu
|j|☆skylinkdesu
|player|p1|skylinkdesu|erika-gen2
