|j|☆Billette uwu
|j|‽Flynn Watson ^~^
|t:|1646079748
|gametype|singles
|player|p1|Billette uwu|unknownf|
|player|p2|Flynn Watson ^~^|darach|
|teamsize|p1|6
|teamsize|p2|6
|gen|8
|tier|[Gen 8] National Dex AG
|rule|HP Percentage Mod: HP is shown in percentages
|rule|Endless Battle Clause: Forcing endless battles is banned
|clearpoke
|poke|p1|Kangaskhan, F|
|poke|p1|Zacian-*|
|poke|p1|Necrozma-Dusk-Mane|
|poke|p1|Ho-Oh|
|poke|p1|Yveltal|
|poke|p1|Groudon|
|poke|p2|Landorus-Therian, M|
|poke|p2|Smeargle, M|
|poke|p2|Calyrex-Shadow|
|poke|p2|Kartana|
|poke|p2|Yveltal|
|poke|p2|Groudon|
|teampreview
|inactive|Battle timer is ON: inactive players will automatically lose when time's up. (requested by Billette uwu)
|inactive|Flynn Watson ^~^ also wants the timer to be on.
|
|t:|1646079753
|start
|switch|p1a: Kangaskhan|Kangaskhan, F|100/100
|switch|p2a: Landorus|Landorus-Therian, M|100/100
|-ability|p2a: Landorus|Intimidate|boost
|-fail|p1a: Kangaskhan|unboost|Attack|[from] ability: Scrappy|[of] p1a: Kangaskhan
|turn|1
|
|t:|1646079760
|detailschange|p1a: Kangaskhan|Kangaskhan-Mega, F
|-mega|p1a: Kangaskhan|Kangaskhan|Kangaskhanite
|move|p1a: Kangaskhan|Fake Out|p2a: Landorus
|-damage|p2a: Landorus|78/100
|-damage|p2a: Landorus|73/100
|-hitcount|p2a: Landorus|2
|cant|p2a: Landorus|flinch
|
|upkeep
|turn|2
|
|t:|1646079775
|move|p1a: Kangaskhan|Body Slam|p2a: Landorus
|-damage|p2a: Landorus|26/100
|-status|p2a: Landorus|par
|-damage|p2a: Landorus|15/100 par
|-hitcount|p2a: Landorus|2
|move|p2a: Landorus|Stealth Rock|p1a: Kangaskhan
|-sidestart|p1: Billette uwu|move: Stealth Rock
|
|upkeep
|turn|3
|
|t:|1646079784
|move|p1a: Kangaskhan|Shadow Claw|p2a: Landorus
|-damage|p2a: Landorus|0 fnt
|faint|p2a: Landorus
|-hitcount|p2: Landorus|1
|
|upkeep
|
|t:|1646079805
|switch|p2a: Groudon|Groudon|100/100
|detailschange|p2a: Groudon|Groudon-Primal
|-primal|p2a: Groudon
|-weather|DesolateLand|[from] ability: Desolate Land|[of] p2a: Groudon
|turn|4
|
|t:|1646079813
|move|p1a: Kangaskhan|Seismic Toss|p2a: Groudon
|-damage|p2a: Groudon|71/100
|-damage|p2a: Groudon|42/100
|-hitcount|p2a: Groudon|2
|move|p2a: Groudon|Rock Polish|p2a: Groudon
|-boost|p2a: Groudon|spe|2
|
|-weather|DesolateLand|[upkeep]
|upkeep
|turn|5
|
|t:|1646079819
|move|p2a: Groudon|Precipice Blades|p1a: Kangaskhan|[miss]
|-miss|p2a: Groudon|p1a: Kangaskhan
|move|p1a: Kangaskhan|Seismic Toss|p2a: Groudon
|-damage|p2a: Groudon|13/100
|-damage|p2a: Groudon|0 fnt
|faint|p2a: Groudon
|-weather|none
|-hitcount|p2: Groudon|2
|
|upkeep
|
|t:|1646079824
|switch|p2a: Kartana|Kartana|100/100
|turn|6
|c|☆Billette uwu|Rip
|c|☆Billette uwu|sorry bout that
|
|t:|1646079839
|move|p1a: Kangaskhan|Seismic Toss|p2a: Kartana
|-damage|p2a: Kartana|62/100
|-damage|p2a: Kartana|24/100
|-hitcount|p2a: Kartana|2
|move|p2a: Kartana|Swords Dance|p2a: Kartana
|-boost|p2a: Kartana|atk|2
|
|upkeep
|turn|7
|-message|Flynn Watson ^~^ forfeited.
|
|win|Billette uwu
|l|‽Flynn Watson ^~^
