|j|☆KokoroSenpai
|j|☆Toxic Ariados
|t:|1667140712
|gametype|singles
|player|p1|KokoroSenpai|caitlin|1596
|player|p2|Toxic Ariados|lucas|1446
|teamsize|p1|6
|teamsize|p2|6
|gen|8
|tier|[Gen 8] National Dex AG
|rated|
|rule|HP Percentage Mod: HP is shown in percentages
|rule|Endless Battle Clause: Forcing endless battles is banned
|clearpoke
|poke|p1|Zacian-*|
|poke|p1|Arceus-*|
|poke|p1|Giratina|
|poke|p1|Chansey, F|
|poke|p1|Quagsire, F|
|poke|p1|Tyranitar, M|
|poke|p2|Lapras, F|
|poke|p2|Dhelmise|
|poke|p2|Primarina, F|
|poke|p2|Sharpedo, M|
|poke|p2|Malamar, M|
|poke|p2|Dracovish|
|teampreview
|inactive|Battle timer is ON: inactive players will automatically lose when time's up. (requested by KokoroSenpai)
|
|t:|1667140725
|start
|switch|p1a: Giratina|Giratina|100/100
|switch|p2a: The Megalodon|Sharpedo, M|100/100
|-ability|p1a: Giratina|Pressure
|turn|1
|
|t:|1667140731
|move|p2a: The Megalodon|Protect|p2a: The Megalodon
|-singleturn|p2a: The Megalodon|Protect
|move|p1a: Giratina|Will-O-Wisp|p2a: The Megalodon
|-activate|p2a: The Megalodon|move: Protect
|
|-ability|p2a: The Megalodon|Speed Boost|boost
|-boost|p2a: The Megalodon|spe|1
|upkeep
|turn|2
|
|t:|1667140743
|move|p2a: The Megalodon|Substitute|p2a: The Megalodon
|-start|p2a: The Megalodon|Substitute
|-damage|p2a: The Megalodon|76/100
|move|p1a: Giratina|Will-O-Wisp|p2a: The Megalodon|[miss]
|-miss|p1a: Giratina|p2a: The Megalodon
|
|-ability|p2a: The Megalodon|Speed Boost|boost
|-boost|p2a: The Megalodon|spe|1
|upkeep
|turn|3
|
|t:|1667140747
|switch|p1a: Arceus|Arceus-Water|100/100
|move|p2a: The Megalodon|Crunch|p1a: Arceus
|-damage|p1a: Arceus|80/100
|
|-ability|p2a: The Megalodon|Speed Boost|boost
|-boost|p2a: The Megalodon|spe|1
|upkeep
|turn|4
|
|t:|1667140751
|move|p2a: The Megalodon|Crunch|p1a: Arceus
|-damage|p1a: Arceus|58/100
|move|p1a: Arceus|Calm Mind|p1a: Arceus
|-boost|p1a: Arceus|spa|1
|-boost|p1a: Arceus|spd|1
|
|-ability|p2a: The Megalodon|Speed Boost|boost
|-boost|p2a: The Megalodon|spe|1
|upkeep
|turn|5
|
|t:|1667140759
|move|p2a: The Megalodon|Crunch|p1a: Arceus
|-damage|p1a: Arceus|35/100
|move|p1a: Arceus|Recover|p1a: Arceus
|-heal|p1a: Arceus|85/100
|
|-ability|p2a: The Megalodon|Speed Boost|boost
|-boost|p2a: The Megalodon|spe|1
|upkeep
|turn|6
|
|t:|1667140767
|detailschange|p2a: The Megalodon|Sharpedo-Mega, M
|-mega|p2a: The Megalodon|Sharpedo|Sharpedonite
|move|p2a: The Megalodon|Crunch|p1a: Arceus
|-damage|p1a: Arceus|47/100
|-unboost|p1a: Arceus|def|1
|move|p1a: Arceus|Calm Mind|p1a: Arceus
|-boost|p1a: Arceus|spa|1
|-boost|p1a: Arceus|spd|1
|
|upkeep
|turn|7
|
|t:|1667140774
|move|p2a: The Megalodon|Crunch|p1a: Arceus
|-damage|p1a: Arceus|0 fnt
|faint|p1a: Arceus
|
|upkeep
|
|t:|1667140779
|switch|p1a: Quagsire|Quagsire, F|100/100
|turn|8
|
|t:|1667140783
|move|p2a: The Megalodon|Protect|p2a: The Megalodon
|-singleturn|p2a: The Megalodon|Protect
|move|p1a: Quagsire|Earthquake|p2a: The Megalodon
|-activate|p2a: The Megalodon|move: Protect
|
|upkeep
|turn|9
|
|t:|1667140797
|move|p2a: The Megalodon|Crunch|p1a: Quagsire
|-damage|p1a: Quagsire|53/100
|move|p1a: Quagsire|Earthquake|p2a: The Megalodon
|-end|p2a: The Megalodon|Substitute
|
|-heal|p1a: Quagsire|59/100|[from] item: Leftovers
|upkeep
|turn|10
|
|t:|1667140806
|move|p2a: The Megalodon|Crunch|p1a: Quagsire
|-damage|p1a: Quagsire|9/100
|move|p1a: Quagsire|Recover|p1a: Quagsire
|-heal|p1a: Quagsire|59/100
|
|-heal|p1a: Quagsire|65/100|[from] item: Leftovers
|upkeep
|turn|11
|
|t:|1667140810
|switch|p1a: Zacian|Zacian-Crowned|100/100
|-ability|p1a: Zacian|Intrepid Sword|boost
|-boost|p1a: Zacian|atk|1
|move|p2a: The Megalodon|Crunch|p1a: Zacian
|-resisted|p1a: Zacian
|-damage|p1a: Zacian|73/100
|
|upkeep
|turn|12
|
|t:|1667140815
|move|p2a: The Megalodon|Substitute|p2a: The Megalodon
|-start|p2a: The Megalodon|Substitute
|-damage|p2a: The Megalodon|51/100
|move|p1a: Zacian|Behemoth Blade|p2a: The Megalodon
|-resisted|p2a: The Megalodon
|-end|p2a: The Megalodon|Substitute
|
|upkeep
|turn|13
|
|t:|1667140819
|move|p2a: The Megalodon|Destiny Bond|p2a: The Megalodon
|-singlemove|p2a: The Megalodon|Destiny Bond
|move|p1a: Zacian|Behemoth Blade|p2a: The Megalodon
|-resisted|p2a: The Megalodon
|-damage|p2a: The Megalodon|0 fnt
|faint|p2a: The Megalodon
|-activate|p2a: The Megalodon|move: Destiny Bond
|faint|p1a: Zacian
|
|upkeep
|
|t:|1667140838
|switch|p1a: Chansey|Chansey, F|100/100
|switch|p2a: The Siren|Primarina, F|100/100
|turn|14
|
|t:|1667140846
|move|p2a: The Siren|Magic Coat|p2a: The Siren
|-singleturn|p2a: The Siren|move: Magic Coat
|move|p1a: Chansey|Toxic|p2a: The Siren
|move|p2a: The Siren|Toxic|p1a: Chansey|[from]Magic Coat
|-status|p1a: Chansey|tox
|
|-damage|p1a: Chansey|94/100 tox|[from] psn
|upkeep
|turn|15
|
|t:|1667140851
|move|p2a: The Siren|Magic Coat|p2a: The Siren
|-singleturn|p2a: The Siren|move: Magic Coat
|move|p1a: Chansey|Toxic|p2a: The Siren
|move|p2a: The Siren|Toxic|p1a: Chansey|[from]Magic Coat
|-fail|p1a: Chansey|tox
|
|-damage|p1a: Chansey|82/100 tox|[from] psn
|upkeep
|turn|16
|
|t:|1667140855
|-curestatus|p1a: Chansey|tox|[from] ability: Natural Cure
|switch|p1a: Giratina|Giratina|100/100
|-ability|p1a: Giratina|Pressure
|move|p2a: The Siren|Magic Coat|p2a: The Siren
|-singleturn|p2a: The Siren|move: Magic Coat
|
|upkeep
|turn|17
|
|t:|1667140859
|switch|p1a: Chansey|Chansey, F|82/100
|move|p2a: The Siren|Moonblast|p1a: Chansey
|-damage|p1a: Chansey|67/100
|-unboost|p1a: Chansey|spa|1
|
|upkeep
|turn|18
|
|t:|1667140882
|move|p2a: The Siren|Magic Coat|p2a: The Siren
|-singleturn|p2a: The Siren|move: Magic Coat
|move|p1a: Chansey|Seismic Toss|p2a: The Siren
|-damage|p2a: The Siren|73/100
|
|-heal|p2a: The Siren|79/100|[from] item: Leftovers
|upkeep
|turn|19
|
|t:|1667140899
|move|p2a: The Siren|Moonblast|p1a: Chansey
|-crit|p1a: Chansey
|-damage|p1a: Chansey|42/100
|move|p1a: Chansey|Seismic Toss|p2a: The Siren
|-damage|p2a: The Siren|52/100
|
|-heal|p2a: The Siren|58/100|[from] item: Leftovers
|upkeep
|turn|20
|inactive|KokoroSenpai has 120 seconds left.
|inactive|KokoroSenpai has 90 seconds left.
|
|t:|1667140977
|move|p2a: The Siren|Magic Coat|p2a: The Siren
|-singleturn|p2a: The Siren|move: Magic Coat
|move|p1a: Chansey|Aromatherapy||[still]
|-activate|p1a: Chansey|move: Aromatherapy
|-fail|p1a: Chansey
|
|-heal|p2a: The Siren|64/100|[from] item: Leftovers
|upkeep
|turn|21
|
|t:|1667140985
|move|p2a: The Siren|Magic Coat|p2a: The Siren
|-singleturn|p2a: The Siren|move: Magic Coat
|move|p1a: Chansey|Soft-Boiled|p1a: Chansey
|-heal|p1a: Chansey|92/100
|
|-heal|p2a: The Siren|70/100|[from] item: Leftovers
|upkeep
|turn|22
|
|t:|1667140988
|move|p2a: The Siren|Magic Coat|p2a: The Siren
|-singleturn|p2a: The Siren|move: Magic Coat
|move|p1a: Chansey|Seismic Toss|p2a: The Siren
|-damage|p2a: The Siren|42/100
|
|-heal|p2a: The Siren|48/100|[from] item: Leftovers
|upkeep
|turn|23
|
|t:|1667140990
|switch|p2a: The Leviathan|Dracovish|100/100
|move|p1a: Chansey|Seismic Toss|p2a: The Leviathan
|-damage|p2a: The Leviathan|69/100
|
|upkeep
|turn|24
|
|t:|1667140994
|switch|p1a: Giratina|Giratina|100/100
|-ability|p1a: Giratina|Pressure
|move|p2a: The Leviathan|Ice Fang|p1a: Giratina
|-supereffective|p1a: Giratina
|-damage|p1a: Giratina|77/100
|
|upkeep
|turn|25
|
|t:|1667140998
|switch|p2a: The Siren|Primarina, F|48/100
|move|p1a: Giratina|Will-O-Wisp|p2a: The Siren
|-status|p2a: The Siren|brn
|
|-heal|p2a: The Siren|54/100 brn|[from] item: Leftovers
|-damage|p2a: The Siren|48/100 brn|[from] brn
|upkeep
|turn|26
|
|t:|1667141004
|switch|p1a: Chansey|Chansey, F|92/100
|move|p2a: The Siren|Moonblast|p1a: Chansey
|-crit|p1a: Chansey
|-damage|p1a: Chansey|69/100
|
|-heal|p2a: The Siren|54/100 brn|[from] item: Leftovers
|-damage|p2a: The Siren|48/100 brn|[from] brn
|upkeep
|turn|27
|
|t:|1667141009
|move|p2a: The Siren|Scald|p1a: Chansey
|-damage|p1a: Chansey|58/100
|move|p1a: Chansey|Soft-Boiled|p1a: Chansey
|-heal|p1a: Chansey|100/100
|
|-heal|p2a: The Siren|54/100 brn|[from] item: Leftovers
|-damage|p2a: The Siren|48/100 brn|[from] brn
|upkeep
|turn|28
|
|t:|1667141013
|move|p2a: The Siren|Moonblast|p1a: Chansey
|-damage|p1a: Chansey|85/100
|move|p1a: Chansey|Seismic Toss|p2a: The Siren
|-damage|p2a: The Siren|21/100 brn
|
|-heal|p2a: The Siren|27/100 brn|[from] item: Leftovers
|-damage|p2a: The Siren|21/100 brn|[from] brn
|upkeep
|turn|29
|
|t:|1667141016
|switch|p2a: Davy Jones|Dhelmise|100/100
|move|p1a: Chansey|Seismic Toss|p2a: Davy Jones
|-immune|p2a: Davy Jones
|
|upkeep
|turn|30
|
|t:|1667141023
|switch|p1a: Giratina|Giratina|77/100
|-ability|p1a: Giratina|Pressure
|move|p2a: Davy Jones|Anchor Shot|p1a: Giratina
|-damage|p1a: Giratina|55/100
|
|upkeep
|turn|31
|
|t:|1667141029
|move|p1a: Giratina|Will-O-Wisp|p2a: Davy Jones
|-status|p2a: Davy Jones|brn
|move|p2a: Davy Jones|Anchor Shot|p1a: Giratina
|-damage|p1a: Giratina|45/100
|
|-damage|p2a: Davy Jones|94/100 brn|[from] brn
|upkeep
|turn|32
|
|t:|1667141036
|move|p1a: Giratina|Rest|p1a: Giratina
|-status|p1a: Giratina|slp|[from] move: Rest
|-heal|p1a: Giratina|100/100 slp|[silent]
|move|p2a: Davy Jones|Anchor Shot|p1a: Giratina
|-damage|p1a: Giratina|90/100 slp
|
|-damage|p2a: Davy Jones|88/100 brn|[from] brn
|upkeep
|turn|33
|
|t:|1667141040
|switch|p1a: Chansey|Chansey, F|85/100
|switch|p2a: The Kraken|Malamar, M|100/100
|
|upkeep
|turn|34
|
|t:|1667141045
|switch|p1a: Giratina|Giratina|90/100 slp
|-ability|p1a: Giratina|Pressure
|move|p2a: The Kraken|Knock Off|p1a: Giratina
|-supereffective|p1a: Giratina
|-damage|p1a: Giratina|67/100 slp
|-enditem|p1a: Giratina|Safety Goggles|[from] move: Knock Off|[of] p2a: The Kraken
|
|upkeep
|turn|35
|
|t:|1667141060
|cant|p1a: Giratina|slp
|move|p2a: The Kraken|Foul Play|p1a: Giratina
|-supereffective|p1a: Giratina
|-damage|p1a: Giratina|43/100 slp
|
|upkeep
|turn|36
|
|t:|1667141065
|cant|p1a: Giratina|slp
|move|p2a: The Kraken|Foul Play|p1a: Giratina
|-supereffective|p1a: Giratina
|-damage|p1a: Giratina|22/100 slp
|
|upkeep
|turn|37
|
|t:|1667141073
|switch|p2a: Loch Ness Monster|Lapras, F|100/100
|-curestatus|p1a: Giratina|slp|[msg]
|move|p1a: Giratina|Rest|p1a: Giratina
|-status|p1a: Giratina|slp|[from] move: Rest
|-heal|p1a: Giratina|100/100 slp|[silent]
|
|upkeep
|turn|38
|
|t:|1667141080
|switch|p1a: Chansey|Chansey, F|85/100
|move|p2a: Loch Ness Monster|Whirlpool|p1a: Chansey
|-damage|p1a: Chansey|81/100
|-activate|p1a: Chansey|move: Whirlpool|[of] p2a: Loch Ness Monster
|
|-damage|p1a: Chansey|69/100|[from] move: Whirlpool|[partiallytrapped]
|upkeep
|turn|39
|
|t:|1667141087
|move|p2a: Loch Ness Monster|Perish Song|p2a: Loch Ness Monster
|-start|p1a: Chansey|perish3|[silent]
|-start|p2a: Loch Ness Monster|perish3|[silent]
|-fieldactivate|move: Perish Song
|move|p1a: Chansey|Toxic|p2a: Loch Ness Monster
|-status|p2a: Loch Ness Monster|tox
|
|-damage|p2a: Loch Ness Monster|94/100 tox|[from] psn
|-damage|p1a: Chansey|56/100|[from] move: Whirlpool|[partiallytrapped]
|-start|p2a: Loch Ness Monster|perish3
|-start|p1a: Chansey|perish3
|upkeep
|turn|40
|
|t:|1667141095
|-start|p2a: Loch Ness Monster|Dynamax|Gmax
|-heal|p2a: Loch Ness Monster|94/100 tox|[silent]
|move|p2a: Loch Ness Monster|G-Max Resonance|p1a: Chansey
|-damage|p1a: Chansey|42/100
|-sidestart|p2: Toxic Ariados|move: Aurora Veil
|move|p1a: Chansey|Seismic Toss|p2a: Loch Ness Monster
|-damage|p2a: Loch Ness Monster|84/100 tox
|
|-damage|p2a: Loch Ness Monster|78/100 tox|[from] psn
|-damage|p1a: Chansey|30/100|[from] move: Whirlpool|[partiallytrapped]
|-start|p2a: Loch Ness Monster|perish2
|-start|p1a: Chansey|perish2
|upkeep
|turn|41
|
|t:|1667141100
|move|p2a: Loch Ness Monster|Max Geyser|p1a: Chansey
|-damage|p1a: Chansey|21/100
|-weather|RainDance
|move|p1a: Chansey|Soft-Boiled|p1a: Chansey
|-heal|p1a: Chansey|71/100
|
|-weather|RainDance|[upkeep]
|-damage|p2a: Loch Ness Monster|69/100 tox|[from] psn
|-damage|p1a: Chansey|58/100|[from] move: Whirlpool|[partiallytrapped]
|-start|p2a: Loch Ness Monster|perish1
|-start|p1a: Chansey|perish1
|upkeep
|turn|42
|
|t:|1667141109
|-end|p2a: Loch Ness Monster|Dynamax
|-heal|p2a: Loch Ness Monster|69/100 tox|[silent]
|switch|p2a: Davy Jones|Dhelmise|88/100 brn
|move|p1a: Chansey|Seismic Toss|p2a: Davy Jones
|-immune|p2a: Davy Jones
|
|-weather|RainDance|[upkeep]
|-damage|p2a: Davy Jones|82/100 brn|[from] brn
|-end|p1a: Chansey|Whirlpool|[partiallytrapped]|[silent]
|-start|p1a: Chansey|perish0
|faint|p1a: Chansey
|upkeep
|
|t:|1667141113
|switch|p1a: Tyranitar|Tyranitar, M|100/100
|-weather|Sandstorm|[from] ability: Sand Stream|[of] p1a: Tyranitar
|turn|43
|
|t:|1667141117
|move|p1a: Tyranitar|Foul Play|p2a: Davy Jones
|-supereffective|p2a: Davy Jones
|-damage|p2a: Davy Jones|23/100 brn
|-enditem|p2a: Davy Jones|Weakness Policy
|-boost|p2a: Davy Jones|atk|2|[from] item: Weakness Policy
|-boost|p2a: Davy Jones|spa|2|[from] item: Weakness Policy
|move|p2a: Davy Jones|Anchor Shot|p1a: Tyranitar
|-supereffective|p1a: Tyranitar
|-damage|p1a: Tyranitar|35/100
|-activate|p1a: Tyranitar|trapped
|
|-weather|Sandstorm|[upkeep]
|-damage|p2a: Davy Jones|17/100 brn|[from] Sandstorm
|-heal|p1a: Tyranitar|41/100|[from] item: Leftovers
|-damage|p2a: Davy Jones|10/100 brn|[from] brn
|upkeep
|turn|44
|
|t:|1667141121
|move|p1a: Tyranitar|Foul Play|p2a: Davy Jones
|-supereffective|p2a: Davy Jones
|-damage|p2a: Davy Jones|0 fnt
|faint|p2a: Davy Jones
|
|-weather|Sandstorm|[upkeep]
|-heal|p1a: Tyranitar|47/100|[from] item: Leftovers
|upkeep
|
|t:|1667141122
|switch|p2a: The Leviathan|Dracovish|69/100
|turn|45
|
|t:|1667141127
|switch|p1a: Giratina|Giratina|100/100 slp
|-ability|p1a: Giratina|Pressure
|move|p2a: The Leviathan|Outrage|p1a: Giratina
|-supereffective|p1a: Giratina
|-damage|p1a: Giratina|60/100 slp
|
|-weather|Sandstorm|[upkeep]
|-damage|p2a: The Leviathan|63/100|[from] Sandstorm
|-damage|p1a: Giratina|54/100 slp|[from] Sandstorm
|upkeep
|turn|46
|
|t:|1667141130
|move|p2a: The Leviathan|Outrage|p1a: Giratina|[from]lockedmove
|-supereffective|p1a: Giratina
|-damage|p1a: Giratina|15/100 slp
|-start|p2a: The Leviathan|confusion|[fatigue]
|cant|p1a: Giratina|slp
|
|-weather|Sandstorm|[upkeep]
|-damage|p2a: The Leviathan|57/100|[from] Sandstorm
|-damage|p1a: Giratina|8/100 slp|[from] Sandstorm
|upkeep
|turn|47
|
|t:|1667141133
|-activate|p2a: The Leviathan|confusion
|move|p2a: The Leviathan|Outrage|p1a: Giratina
|-supereffective|p1a: Giratina
|-damage|p1a: Giratina|0 fnt
|faint|p1a: Giratina
|
|-weather|none
|-sideend|p2: Toxic Ariados|move: Aurora Veil
|upkeep
|-message|KokoroSenpai forfeited.
|
|win|Toxic Ariados
|raw|KokoroSenpai's rating: 1616 &rarr; <strong>1587</strong><br />(-29 for losing)
|raw|Toxic Ariados's rating: 1446 &rarr; <strong>1475</strong><br />(+29 for winning)
|l|☆KokoroSenpai
||Ladder isn't responding, score probably updated but might not have (Request timeout).
