|j|‽NykterStein
|j|☆H3X4G0N
|t:|1664013043
|gametype|singles
|player|p1|NykterStein|lady|1190
|player|p2|H3X4G0N|silver|1055
|teamsize|p1|6
|teamsize|p2|6
|gen|8
|tier|[Gen 8] National Dex AG
|rated|
|rule|HP Percentage Mod: HP is shown in percentages
|rule|Endless Battle Clause: Forcing endless battles is banned
|clearpoke
|poke|p1|Doduo, M|
|poke|p1|Golurk|
|poke|p1|Wailord, M|
|poke|p1|Wooper, M|
|poke|p1|Cubone, M|
|poke|p1|Mr. Mime, F|
|poke|p2|Shuckle, F|
|poke|p2|Centiskorch, M|
|poke|p2|Yanmega, M|
|poke|p2|Forretress, M|
|poke|p2|Pinsir, F|
|poke|p2|Genesect|
|teampreview
|inactive|Battle timer is ON: inactive players will automatically lose when time's up. (requested by NykterStein)
|
|t:|1664013050
|start
|switch|p1a: Doduo|Doduo, M|100/100
|switch|p2a: Needs A Evolution|Shuckle, F, shiny|100/100
|-item|p1a: Doduo|Air Balloon
|turn|1
|
|t:|1664013056
|move|p1a: Doduo|Fly||[still]
|-prepare|p1a: Doduo|Fly
|move|p2a: Needs A Evolution|Toxic|p1a: Doduo|[miss]
|-miss|p2a: Needs A Evolution|p1a: Doduo
|
|upkeep
|turn|2
|c|☆H3X4G0N|Woopy
|inactive|NykterStein has 120 seconds left.
|
|t:|1664013100
|move|p1a: Doduo|Fly|p2a: Needs A Evolution|[from]lockedmove
|-damage|p2a: Needs A Evolution|80/100
|move|p2a: Needs A Evolution|Sticky Web|p1a: Doduo
|-sidestart|p1: NykterStein|move: Sticky Web
|
|upkeep
|turn|3
|
|t:|1664013109
|move|p1a: Doduo|Double Team|p1a: Doduo
|-boost|p1a: Doduo|evasion|1
|move|p2a: Needs A Evolution|Stealth Rock|p1a: Doduo
|-sidestart|p1: NykterStein|move: Stealth Rock
|
|upkeep
|turn|4
|
|t:|1664013113
|move|p1a: Doduo|Double Team|p1a: Doduo
|-boost|p1a: Doduo|evasion|1
|move|p2a: Needs A Evolution|Toxic|p1a: Doduo
|-status|p1a: Doduo|tox
|
|-damage|p1a: Doduo|94/100 tox|[from] psn
|upkeep
|turn|5
|
|t:|1664013120
|move|p1a: Doduo|Steel Wing|p2a: Needs A Evolution
|-supereffective|p2a: Needs A Evolution
|-damage|p2a: Needs A Evolution|58/100
|move|p2a: Needs A Evolution|Final Gambit|p1a: Doduo
|-damage|p1a: Doduo|28/100 tox
|-enditem|p1a: Doduo|Air Balloon
|faint|p2a: Needs A Evolution
|
|-damage|p1a: Doduo|15/100 tox|[from] psn
|upkeep
|
|t:|1664013127
|switch|p2a: How fast i'm!!|Yanmega, M, shiny|100/100
|turn|6
|
|t:|1664013131
|move|p2a: How fast i'm!!|Protect|p2a: How fast i'm!!
|-singleturn|p2a: How fast i'm!!|Protect
|move|p1a: Doduo|Fly||[still]
|-prepare|p1a: Doduo|Fly
|
|-damage|p1a: Doduo|0 fnt|[from] psn
|faint|p1a: Doduo
|-ability|p2a: How fast i'm!!|Speed Boost|boost
|-boost|p2a: How fast i'm!!|spe|1
|upkeep
|
|t:|1664013139
|switch|p1a: Mr. Mime|Mr. Mime, F|100/100
|-activate|p1a: Mr. Mime|move: Sticky Web
|-unboost|p1a: Mr. Mime|spe|1
|-damage|p1a: Mr. Mime|88/100|[from] Stealth Rock
|turn|7
|
|t:|1664013146
|move|p2a: How fast i'm!!|Bug Buzz|p1a: Mr. Mime
|-immune|p1a: Mr. Mime|[from] ability: Soundproof
|move|p1a: Mr. Mime|Reflect|p1a: Mr. Mime
|-sidestart|p1: NykterStein|Reflect
|
|-ability|p2a: How fast i'm!!|Speed Boost|boost
|-boost|p2a: How fast i'm!!|spe|1
|upkeep
|turn|8
|
|t:|1664013153
|-zpower|p2a: How fast i'm!!
|move|p2a: How fast i'm!!|Shattered Psyche|p1a: Mr. Mime|[zeffect]
|-resisted|p1a: Mr. Mime
|-damage|p1a: Mr. Mime|56/100
|move|p1a: Mr. Mime|Light Screen|p1a: Mr. Mime
|-sidestart|p1: NykterStein|move: Light Screen
|
|-ability|p2a: How fast i'm!!|Speed Boost|boost
|-boost|p2a: How fast i'm!!|spe|1
|upkeep
|turn|9
|
|t:|1664013162
|move|p1a: Mr. Mime|Protect|p1a: Mr. Mime
|-singleturn|p1a: Mr. Mime|Protect
|move|p2a: How fast i'm!!|Air Slash|p1a: Mr. Mime
|-activate|p1a: Mr. Mime|move: Protect
|
|-ability|p2a: How fast i'm!!|Speed Boost|boost
|-boost|p2a: How fast i'm!!|spe|1
|upkeep
|turn|10
|
|t:|1664013169
|move|p1a: Mr. Mime|Magic Coat|p1a: Mr. Mime
|-singleturn|p1a: Mr. Mime|move: Magic Coat
|move|p2a: How fast i'm!!|Air Slash|p1a: Mr. Mime
|-damage|p1a: Mr. Mime|35/100
|
|-ability|p2a: How fast i'm!!|Speed Boost|boost
|-boost|p2a: How fast i'm!!|spe|1
|upkeep
|turn|11
|
|t:|1664013176
|move|p1a: Mr. Mime|Protect|p1a: Mr. Mime
|-singleturn|p1a: Mr. Mime|Protect
|move|p2a: How fast i'm!!|Air Slash|p1a: Mr. Mime
|-activate|p1a: Mr. Mime|move: Protect
|
|-ability|p2a: How fast i'm!!|Speed Boost|boost
|-boost|p2a: How fast i'm!!|spe|1
|upkeep
|turn|12
|
|t:|1664013184
|move|p2a: How fast i'm!!|Air Slash|p1a: Mr. Mime
|-damage|p1a: Mr. Mime|15/100
|cant|p1a: Mr. Mime|flinch
|
|upkeep
|turn|13
|
|t:|1664013191
|move|p1a: Mr. Mime|Protect|p1a: Mr. Mime
|-singleturn|p1a: Mr. Mime|Protect
|move|p2a: How fast i'm!!|Air Slash|p1a: Mr. Mime
|-activate|p1a: Mr. Mime|move: Protect
|
|upkeep
|turn|14
|inactive|NykterStein has 120 seconds left.
|
|t:|1664013234
|move|p1a: Mr. Mime|Protect|p1a: Mr. Mime
|-singleturn|p1a: Mr. Mime|Protect
|move|p2a: How fast i'm!!|Air Slash|p1a: Mr. Mime
|-activate|p1a: Mr. Mime|move: Protect
|
|-sideend|p1: NykterStein|Reflect
|upkeep
|turn|15
|
|t:|1664013240
|move|p1a: Mr. Mime|Magic Coat|p1a: Mr. Mime
|-singleturn|p1a: Mr. Mime|move: Magic Coat
|move|p2a: How fast i'm!!|Air Slash|p1a: Mr. Mime
|-damage|p1a: Mr. Mime|0 fnt
|faint|p1a: Mr. Mime
|
|-sideend|p1: NykterStein|move: Light Screen
|upkeep
|
|t:|1664013252
|switch|p1a: Wailord|Wailord, M|100/100
|-activate|p1a: Wailord|move: Sticky Web
|-unboost|p1a: Wailord|spe|1
|-damage|p1a: Wailord|88/100|[from] Stealth Rock
|turn|16
|
|t:|1664013257
|move|p2a: How fast i'm!!|Psychic|p1a: Wailord
|-damage|p1a: Wailord|61/100
|move|p1a: Wailord|Self-Destruct|p2a: How fast i'm!!
|-damage|p2a: How fast i'm!!|25/100
|faint|p1a: Wailord
|
|upkeep
|
|t:|1664013266
|switch|p1a: Wooper|Wooper, M|100/100
|-activate|p1a: Wooper|move: Sticky Web
|-unboost|p1a: Wooper|spe|1
|-damage|p1a: Wooper|94/100|[from] Stealth Rock
|turn|17
|inactive|NykterStein has 120 seconds left.
|
|t:|1664013275
|move|p2a: How fast i'm!!|Air Slash|p1a: Wooper
|-damage|p1a: Wooper|0 fnt
|faint|p1a: Wooper
|
|upkeep
|
|t:|1664013279
|switch|p1a: Cubone|Cubone, M|100/100
|-activate|p1a: Cubone|move: Sticky Web
|-unboost|p1a: Cubone|spe|1
|-damage|p1a: Cubone|95/100|[from] Stealth Rock
|turn|18
|
|t:|1664013287
|move|p2a: How fast i'm!!|Air Slash|p1a: Cubone
|-damage|p1a: Cubone|22/100
|move|p1a: Cubone|Bone Rush|p2a: How fast i'm!!
|-immune|p2a: How fast i'm!!
|
|upkeep
|turn|19
|
|t:|1664013293
|move|p2a: How fast i'm!!|Air Slash|p1a: Cubone
|-damage|p1a: Cubone|0 fnt
|faint|p1a: Cubone
|
|upkeep
|
|t:|1664013297
|switch|p1a: Golurk|Golurk|100/100
|-damage|p1a: Golurk|94/100|[from] Stealth Rock
|-item|p1a: Golurk|Air Balloon
|turn|20
|c|☆H3X4G0N|Gg
|
|t:|1664013302
|move|p2a: How fast i'm!!|Air Slash|p1a: Golurk
|-damage|p1a: Golurk|48/100
|-enditem|p1a: Golurk|Air Balloon
|move|p1a: Golurk|Fly||[still]
|-prepare|p1a: Golurk|Fly
|
|upkeep
|turn|21
|inactive|NykterStein has 120 seconds left.
|inactive|NykterStein has 90 seconds left.
|inactive|NykterStein has 60 seconds left.
|inactive|NykterStein has 30 seconds left.
|inactive|NykterStein has 20 seconds left.
|inactive|NykterStein has 15 seconds left.
|inactive|NykterStein has 10 seconds left.
|inactive|NykterStein has 5 seconds left.
|-message|NykterStein lost due to inactivity.
|
|win|H3X4G0N
|raw|NykterStein's rating: 1190 &rarr; <strong>1156</strong><br />(-34 for losing)
|raw|H3X4G0N's rating: 1055 &rarr; <strong>1099</strong><br />(+44 for winning)
