|j|☆MasterDylanBowDown
|j|☆Dominator296
|t:|1653643184
|gametype|singles
|player|p1|MasterDylanBowDown|flannery|1747
|player|p2|Dominator296|alder|2022
|teamsize|p1|6
|teamsize|p2|6
|gen|8
|tier|[Gen 8] National Dex AG
|rated|
|rule|HP Percentage Mod: HP is shown in percentages
|rule|Endless Battle Clause: Forcing endless battles is banned
|clearpoke
|poke|p1|Arceus-*|
|poke|p1|Giratina|
|poke|p1|Arceus-*|
|poke|p1|Chansey, F|
|poke|p1|Quagsire, F|
|poke|p1|Arceus-*|
|poke|p2|Kyogre|
|poke|p2|Groudon|
|poke|p2|Tyranitar, M|
|poke|p2|Necrozma-Dusk-Mane|
|poke|p2|Arceus-*|
|poke|p2|Arceus-*|
|teampreview
|inactive|Battle timer is ON: inactive players will automatically lose when time's up. (requested by MasterDylanBowDown)
|inactive|MasterDylanBowDown has 120 seconds left.
|j| PlayRisky4NoReason
|
|t:|1653643236
|start
|switch|p1a: Giratina|Giratina|100/100
|switch|p2a: Necrozma|Necrozma-Dusk-Mane|100/100
|-ability|p1a: Giratina|Pressure
|turn|1
|
|t:|1653643260
|switch|p2a: Groudon|Groudon|100/100
|detailschange|p2a: Groudon|Groudon-Primal
|-primal|p2a: Groudon
|-weather|DesolateLand|[from] ability: Desolate Land|[of] p2a: Groudon
|move|p1a: Giratina|Will-O-Wisp|p2a: Groudon
|-immune|p2a: Groudon
|
|-weather|DesolateLand|[upkeep]
|upkeep
|turn|2
|inactive|Dominator296 has 120 seconds left.
|
|t:|1653643286
|move|p2a: Groudon|Precipice Blades|p1a: Giratina
|-damage|p1a: Giratina|63/100
|move|p1a: Giratina|Toxic|p2a: Groudon
|-status|p2a: Groudon|tox
|
|-weather|DesolateLand|[upkeep]
|-heal|p1a: Giratina|69/100|[from] item: Leftovers
|-damage|p2a: Groudon|94/100 tox|[from] psn
|upkeep
|turn|3
|
|t:|1653643309
|-weather|none
|switch|p2a: Tyranitar|Tyranitar, M|100/100
|-weather|Sandstorm|[from] ability: Sand Stream|[of] p2a: Tyranitar
|move|p1a: Giratina|Toxic|p2a: Tyranitar
|-status|p2a: Tyranitar|tox
|
|-weather|Sandstorm|[upkeep]
|-damage|p1a: Giratina|63/100|[from] Sandstorm
|-heal|p1a: Giratina|69/100|[from] item: Leftovers
|-damage|p2a: Tyranitar|94/100 tox|[from] psn
|upkeep
|turn|4
|
|t:|1653643325
|-activate|p1a: Giratina|move: Pursuit
|detailschange|p2a: Tyranitar|Tyranitar-Mega, M
|-mega|p2a: Tyranitar|Tyranitar|Tyranitarite
|move|p2a: Tyranitar|Pursuit|p1a: Giratina|[from]Pursuit
|-supereffective|p1a: Giratina
|-crit|p1a: Giratina
|-damage|p1a: Giratina|0 fnt
|faint|p1a: Giratina
|-hint|A Pokemon can't switch between when it runs out of HP and when it faints
|
|-weather|Sandstorm|[upkeep]
|-damage|p2a: Tyranitar|82/100 tox|[from] psn
|upkeep
|
|t:|1653643335
|switch|p1a: Arceus|Arceus-Fairy|100/100
|turn|5
|inactive|MasterDylanBowDown has 120 seconds left.
|
|t:|1653643376
|switch|p2a: Necrozma|Necrozma-Dusk-Mane|100/100
|move|p1a: Arceus|Judgment|p2a: Necrozma
|-resisted|p2a: Necrozma
|-damage|p2a: Necrozma|80/100
|
|-weather|Sandstorm|[upkeep]
|-damage|p1a: Arceus|94/100|[from] Sandstorm
|upkeep
|turn|6
|inactive|MasterDylanBowDown has 90 seconds left.
|
|t:|1653643395
|move|p1a: Arceus|Will-O-Wisp|p2a: Necrozma|[miss]
|-miss|p1a: Arceus|p2a: Necrozma
|move|p2a: Necrozma|Sunsteel Strike|p1a: Arceus
|-supereffective|p1a: Arceus
|-crit|p1a: Arceus
|-damage|p1a: Arceus|0 fnt
|faint|p1a: Arceus
|
|-weather|Sandstorm|[upkeep]
|upkeep
|inactive|MasterDylanBowDown has 90 seconds left.
|inactive|MasterDylanBowDown has 60 seconds left.
|
|t:|1653643447
|switch|p1a: Arceus|Arceus-Dark|100/100
|turn|7
|
|t:|1653643456
|switch|p2a: Arceus|Arceus, shiny|100/100
|move|p1a: Arceus|Calm Mind|p1a: Arceus
|-boost|p1a: Arceus|spa|1
|-boost|p1a: Arceus|spd|1
|
|-weather|none
|upkeep
|turn|8
|inactive|MasterDylanBowDown has 60 seconds left.
|
|t:|1653643470
|switch|p1a: Quagsire|Quagsire, F|100/100
|move|p2a: Arceus|Swords Dance|p2a: Arceus
|-boost|p2a: Arceus|atk|2
|
|upkeep
|turn|9
|inactive|MasterDylanBowDown has 60 seconds left.
|
|t:|1653643479
|-start|p2a: Arceus|Dynamax|
|-heal|p2a: Arceus|100/100|[silent]
|move|p2a: Arceus|Max Strike|p1a: Quagsire
|-damage|p1a: Quagsire|41/100
|-unboost|p1a: Quagsire|spe|1
|move|p1a: Quagsire|Recover|p1a: Quagsire
|-heal|p1a: Quagsire|91/100
|
|upkeep
|turn|10
|inactive|MasterDylanBowDown has 60 seconds left.
|
|t:|1653643492
|move|p2a: Arceus|Max Phantasm|p1a: Quagsire
|-damage|p1a: Quagsire|63/100
|-unboost|p1a: Quagsire|def|1
|move|p1a: Quagsire|Recover|p1a: Quagsire
|-heal|p1a: Quagsire|100/100
|
|upkeep
|turn|11
|
|t:|1653643500
|move|p2a: Arceus|Max Strike|p1a: Quagsire
|-damage|p1a: Quagsire|15/100
|-unboost|p1a: Quagsire|spe|1
|move|p1a: Quagsire|Recover|p1a: Quagsire
|-heal|p1a: Quagsire|65/100
|
|upkeep
|-end|p2a: Arceus|Dynamax
|-heal|p2a: Arceus|100/100|[silent]
|turn|12
|
|t:|1653643514
|switch|p1a: Arceus|Arceus-Rock|100/100
|move|p2a: Arceus|Extreme Speed|p1a: Arceus
|-resisted|p1a: Arceus
|-damage|p1a: Arceus|67/100
|
|upkeep
|turn|13
|inactive|MasterDylanBowDown has 60 seconds left.
|
|t:|1653643536
|switch|p1a: Quagsire|Quagsire, F|65/100
|move|p2a: Arceus|Shadow Claw|p1a: Quagsire
|-damage|p1a: Quagsire|46/100
|-damage|p2a: Arceus|84/100|[from] item: Rocky Helmet|[of] p1a: Quagsire
|
|upkeep
|turn|14
|inactive|MasterDylanBowDown has 60 seconds left.
|
|t:|1653643549
|move|p2a: Arceus|Extreme Speed|p1a: Quagsire
|-damage|p1a: Quagsire|12/100
|-damage|p2a: Arceus|67/100|[from] item: Rocky Helmet|[of] p1a: Quagsire
|move|p1a: Quagsire|Recover|p1a: Quagsire
|-heal|p1a: Quagsire|62/100
|
|upkeep
|turn|15
|inactive|MasterDylanBowDown has 60 seconds left.
|
|t:|1653643563
|switch|p2a: Kyogre|Kyogre|100/100
|-weather|RainDance|[from] ability: Drizzle|[of] p2a: Kyogre
|move|p1a: Quagsire|Recover|p1a: Quagsire
|-heal|p1a: Quagsire|100/100
|
|-weather|RainDance|[upkeep]
|upkeep
|turn|16
|inactive|MasterDylanBowDown has 60 seconds left.
|
|t:|1653643575
|switch|p1a: Chansey|Chansey, F|100/100
|move|p2a: Kyogre|Water Spout|p1a: Chansey
|-damage|p1a: Chansey|69/100
|
|-weather|RainDance|[upkeep]
|upkeep
|turn|17
|inactive|MasterDylanBowDown has 60 seconds left.
|
|t:|1653643585
|move|p2a: Kyogre|Water Spout|p1a: Chansey
|-damage|p1a: Chansey|34/100
|move|p1a: Chansey|Soft-Boiled|p1a: Chansey
|-heal|p1a: Chansey|84/100
|
|-weather|RainDance|[upkeep]
|upkeep
|turn|18
|inactive|MasterDylanBowDown has 60 seconds left.
|
|t:|1653643598
|switch|p2a: Tyranitar|Tyranitar-Mega, M|82/100 tox
|-weather|Sandstorm|[from] ability: Sand Stream|[of] p2a: Tyranitar
|move|p1a: Chansey|Seismic Toss|p2a: Tyranitar
|-damage|p2a: Tyranitar|56/100 tox
|
|-weather|Sandstorm|[upkeep]
|-damage|p1a: Chansey|77/100|[from] Sandstorm
|-damage|p2a: Tyranitar|50/100 tox|[from] psn
|upkeep
|turn|19
|inactive|MasterDylanBowDown has 60 seconds left.
|
|t:|1653643620
|-activate|p1a: Chansey|move: Pursuit
|move|p2a: Tyranitar|Pursuit|p1a: Chansey|[from]Pursuit
|-damage|p1a: Chansey|41/100
|switch|p1a: Arceus|Arceus-Rock|67/100
|
|-weather|Sandstorm|[upkeep]
|-damage|p2a: Tyranitar|38/100 tox|[from] psn
|upkeep
|turn|20
|
|t:|1653643631
|move|p1a: Arceus|Calm Mind|p1a: Arceus
|-boost|p1a: Arceus|spa|1
|-boost|p1a: Arceus|spd|1
|move|p2a: Tyranitar|Earthquake|p1a: Arceus
|-supereffective|p1a: Arceus
|-damage|p1a: Arceus|10/100
|
|-weather|Sandstorm|[upkeep]
|-damage|p2a: Tyranitar|19/100 tox|[from] psn
|upkeep
|turn|21
|
|t:|1653643645
|move|p1a: Arceus|Judgment|p2a: Tyranitar
|-damage|p2a: Tyranitar|0 fnt
|faint|p2a: Tyranitar
|
|-weather|Sandstorm|[upkeep]
|upkeep
|
|t:|1653643651
|switch|p2a: Kyogre|Kyogre|100/100
|-weather|RainDance|[from] ability: Drizzle|[of] p2a: Kyogre
|turn|22
|
|t:|1653643658
|move|p2a: Kyogre|Water Spout|p1a: Arceus
|-supereffective|p1a: Arceus
|-damage|p1a: Arceus|0 fnt
|faint|p1a: Arceus
|
|-weather|RainDance|[upkeep]
|upkeep
|
|t:|1653643667
|switch|p1a: Chansey|Chansey, F|41/100
|turn|23
|
|t:|1653643678
|move|p2a: Kyogre|Water Spout|p1a: Chansey
|-damage|p1a: Chansey|7/100
|move|p1a: Chansey|Soft-Boiled|p1a: Chansey
|-heal|p1a: Chansey|57/100
|
|-weather|RainDance|[upkeep]
|upkeep
|turn|24
|
|t:|1653643684
|switch|p2a: Groudon|Groudon-Primal|94/100 tox
|-weather|DesolateLand|[from] ability: Desolate Land|[of] p2a: Groudon
|move|p1a: Chansey|Soft-Boiled|p1a: Chansey
|-heal|p1a: Chansey|100/100
|
|-weather|DesolateLand|[upkeep]
|-damage|p2a: Groudon|88/100 tox|[from] psn
|upkeep
|turn|25
|
|t:|1653643695
|switch|p1a: Arceus|Arceus-Dark|100/100
|move|p2a: Groudon|Precipice Blades|p1a: Arceus
|-damage|p1a: Arceus|46/100
|
|-weather|DesolateLand|[upkeep]
|-damage|p2a: Groudon|76/100 tox|[from] psn
|upkeep
|turn|26
|
|t:|1653643707
|move|p1a: Arceus|Recover|p1a: Arceus
|-heal|p1a: Arceus|96/100
|move|p2a: Groudon|Precipice Blades|p1a: Arceus
|-damage|p1a: Arceus|44/100
|
|-weather|DesolateLand|[upkeep]
|-damage|p2a: Groudon|57/100 tox|[from] psn
|upkeep
|turn|27
|
|t:|1653643714
|-weather|none
|switch|p2a: Kyogre|Kyogre|100/100
|-weather|RainDance|[from] ability: Drizzle|[of] p2a: Kyogre
|move|p1a: Arceus|Recover|p1a: Arceus
|-heal|p1a: Arceus|94/100
|
|-weather|RainDance|[upkeep]
|upkeep
|turn|28
|
|t:|1653643722
|switch|p1a: Chansey|Chansey, F|100/100
|move|p2a: Kyogre|Water Spout|p1a: Chansey
|-damage|p1a: Chansey|70/100
|
|-weather|RainDance|[upkeep]
|upkeep
|turn|29
|
|t:|1653643730
|switch|p2a: Necrozma|Necrozma-Dusk-Mane|80/100
|move|p1a: Chansey|Seismic Toss|p2a: Necrozma
|-damage|p2a: Necrozma|52/100
|
|-weather|RainDance|[upkeep]
|upkeep
|turn|30
|inactive|MasterDylanBowDown has 90 seconds left.
|
|t:|1653643739
|switch|p1a: Arceus|Arceus-Dark|94/100
|detailschange|p2a: Necrozma|Necrozma-Ultra
|-burst|p2a: Necrozma|Necrozma|Ultranecrozium Z
|move|p2a: Necrozma|Thunder Wave|p1a: Arceus
|-status|p1a: Arceus|par
|
|-weather|RainDance|[upkeep]
|upkeep
|turn|31
|inactive|MasterDylanBowDown has 90 seconds left.
|
|t:|1653643759
|move|p2a: Necrozma|Stealth Rock|p1a: Arceus
|-sidestart|p1: MasterDylanBowDown|move: Stealth Rock
|move|p1a: Arceus|Calm Mind|p1a: Arceus
|-boost|p1a: Arceus|spa|1
|-boost|p1a: Arceus|spd|1
|
|-weather|none
|upkeep
|turn|32
|
|t:|1653643770
|switch|p2a: Arceus|Arceus, shiny|67/100
|cant|p1a: Arceus|par
|
|upkeep
|turn|33
|inactive|MasterDylanBowDown has 90 seconds left.
|
|t:|1653643798
|-start|p1a: Arceus|Dynamax|
|-heal|p1a: Arceus|94/100 par|[silent]
|move|p2a: Arceus|Swords Dance|p2a: Arceus
|-boost|p2a: Arceus|atk|2
|move|p1a: Arceus|Max Darkness|p2a: Arceus
|-damage|p2a: Arceus|1/100
|-unboost|p2a: Arceus|spd|1
|
|upkeep
|turn|34
|
|t:|1653643811
|-end|p1a: Arceus|Dynamax
|-heal|p1a: Arceus|94/100 par|[silent]
|switch|p1a: Quagsire|Quagsire, F|100/100
|-damage|p1a: Quagsire|94/100|[from] Stealth Rock
|move|p2a: Arceus|Extreme Speed|p1a: Quagsire
|-damage|p1a: Quagsire|60/100
|-damage|p2a: Arceus|0 fnt|[from] item: Rocky Helmet|[of] p1a: Quagsire
|faint|p2a: Arceus
|
|upkeep
|
|t:|1653643820
|switch|p2a: Kyogre|Kyogre|100/100
|-weather|RainDance|[from] ability: Drizzle|[of] p2a: Kyogre
|turn|35
|inactive|MasterDylanBowDown has 90 seconds left.
|inactive|MasterDylanBowDown has 60 seconds left.
|
|t:|1653643868
|move|p2a: Kyogre|Water Spout|p1a: Quagsire
|-damage|p1a: Quagsire|0 fnt
|faint|p1a: Quagsire
|
|-weather|RainDance|[upkeep]
|upkeep
|j| Azq2020 ♥❤ ^~^
|
|t:|1653643877
|switch|p1a: Chansey|Chansey, F|70/100
|-damage|p1a: Chansey|57/100|[from] Stealth Rock
|turn|36
|l| Azq2020 ♥❤ ^~^
|
|t:|1653643897
|switch|p2a: Groudon|Groudon-Primal|57/100 tox
|-weather|DesolateLand|[from] ability: Desolate Land|[of] p2a: Groudon
|move|p1a: Chansey|Soft-Boiled|p1a: Chansey
|-heal|p1a: Chansey|100/100
|
|-weather|DesolateLand|[upkeep]
|-damage|p2a: Groudon|51/100 tox|[from] psn
|upkeep
|turn|37
|inactive|MasterDylanBowDown has 60 seconds left.
|
|t:|1653643910
|switch|p1a: Arceus|Arceus-Dark|94/100 par
|-damage|p1a: Arceus|82/100 par|[from] Stealth Rock
|move|p2a: Groudon|Fire Punch|p1a: Arceus
|-damage|p1a: Arceus|24/100 par
|
|-weather|DesolateLand|[upkeep]
|-damage|p2a: Groudon|38/100 tox|[from] psn
|upkeep
|turn|38
|inactive|MasterDylanBowDown has 60 seconds left.
|inactive|MasterDylanBowDown has 30 seconds left.
|
|t:|1653643956
|move|p2a: Groudon|Fire Punch|p1a: Arceus
|-damage|p1a: Arceus|0 fnt
|faint|p1a: Arceus
|
|-weather|DesolateLand|[upkeep]
|-damage|p2a: Groudon|20/100 tox|[from] psn
|upkeep
|inactive|MasterDylanBowDown has 30 seconds left this turn.
|
|t:|1653643961
|switch|p1a: Chansey|Chansey, F|100/100
|-damage|p1a: Chansey|88/100|[from] Stealth Rock
|turn|39
|inactive|MasterDylanBowDown has 30 seconds left.
|
|t:|1653643968
|move|p2a: Groudon|Fire Punch|p1a: Chansey
|-damage|p1a: Chansey|24/100
|move|p1a: Chansey|Soft-Boiled|p1a: Chansey
|-heal|p1a: Chansey|74/100
|
|-weather|DesolateLand|[upkeep]
|-damage|p2a: Groudon|0 fnt|[from] psn
|faint|p2a: Groudon
|-weather|none
|upkeep
|
|t:|1653643974
|switch|p2a: Necrozma|Necrozma-Ultra|52/100
|turn|40
|
|t:|1653643983
|-zpower|p2a: Necrozma
|move|p2a: Necrozma|Light That Burns the Sky|p1a: Chansey|[zeffect]
|-damage|p1a: Chansey|0 fnt
|faint|p1a: Chansey
|
|win|Dominator296
|raw|MasterDylanBowDown's rating: 1747 &rarr; <strong>1740</strong><br />(-7 for losing)
|raw|Dominator296's rating: 2022 &rarr; <strong>2029</strong><br />(+7 for winning)
|l|☆MasterDylanBowDown
|l|☆Dominator296
