|j|☆test1432
|j|☆Onoufrios
|player|p1|test1432|1|1516
|player|p2|Onoufrios|170|1677
|teamsize|p1|6
|teamsize|p2|6
|gametype|singles
|gen|8
|tier|[Gen 8] National Dex AG
|rated|
|clearpoke
|poke|p1|Deoxys-Speed|
|poke|p1|Grimmsnarl, M|
|poke|p1|Eternatus|
|poke|p1|Xerneas|
|poke|p1|Necrozma-Dusk-Mane|
|poke|p1|Rayquaza|
|poke|p2|Lugia|
|poke|p2|Xerneas|
|poke|p2|Necrozma-Dusk-Mane|
|poke|p2|Ditto|
|poke|p2|Kyogre|
|poke|p2|Ferrothorn, F|
|rule|HP Percentage Mod: HP is shown in percentages
|rule|Endless Battle Clause: Forcing endless battles is banned
|teampreview
|
|start
|switch|p1a: Deoxys|Deoxys-Speed|100/100
|switch|p2a: Kyogre|Kyogre|100/100
|-ability|p1a: Deoxys|Pressure
|-weather|RainDance|[from] ability: Drizzle|[of] p2a: Kyogre
|turn|1
|
|move|p1a: Deoxys|Stealth Rock|p2a: Kyogre
|-sidestart|p2: Onoufrios|move: Stealth Rock
|move|p2a: Kyogre|Water Spout|p1a: Deoxys
|-enditem|p1a: Deoxys|Focus Sash
|-damage|p1a: Deoxys|1/100
|
|-weather|RainDance|[upkeep]
|upkeep
|turn|2
|
|switch|p2a: Ditto|Ditto|100/100
|-damage|p2a: Ditto|88/100|[from] Stealth Rock
|-transform|p2a: Ditto|p1a: Deoxys|[from] ability: Imposter
|-ability|p2a: Ditto|Pressure
|move|p1a: Deoxys|Spikes|p2a: Ditto
|-sidestart|p2: Onoufrios|Spikes
|
|-weather|RainDance|[upkeep]
|upkeep
|turn|3
|
|move|p1a: Deoxys|Magic Coat|p1a: Deoxys
|-singleturn|p1a: Deoxys|move: Magic Coat
|move|p2a: Ditto|Stealth Rock|p1a: Deoxys
|move|p1a: Deoxys|Stealth Rock||[from]Magic Coat|[still]
|-fail|p1a: Deoxys
|
|-weather|RainDance|[upkeep]
|upkeep
|turn|4
|
|move|p1a: Deoxys|Magic Coat|p1a: Deoxys
|-singleturn|p1a: Deoxys|move: Magic Coat
|move|p2a: Ditto|Stealth Rock|p1a: Deoxys
|move|p1a: Deoxys|Stealth Rock||[from]Magic Coat|[still]
|-fail|p1a: Deoxys
|
|-weather|RainDance|[upkeep]
|upkeep
|turn|5
|
|switch|p2a: Necrozma|Necrozma-Dusk-Mane|100/100
|-damage|p2a: Necrozma|88/100|[from] Spikes
|-damage|p2a: Necrozma|82/100|[from] Stealth Rock
|move|p1a: Deoxys|Magic Coat|p1a: Deoxys
|-singleturn|p1a: Deoxys|move: Magic Coat
|
|-weather|none
|upkeep
|turn|6
|inactive|Battle timer is ON: inactive players will automatically lose when time's up. (requested by Onoufrios)
|j| fckeveryoneman
|
|move|p1a: Deoxys|Taunt|p2a: Necrozma
|-start|p2a: Necrozma|move: Taunt
|move|p2a: Necrozma|Photon Geyser|p1a: Deoxys
|-resisted|p1a: Deoxys
|-damage|p1a: Deoxys|0 fnt
|faint|p1a: Deoxys
|
|upkeep
|l| fckeveryoneman
|
|switch|p1a: Grimmsnarl|Grimmsnarl, M|100/100
|turn|7
|
|switch|p2a: Ferrothorn|Ferrothorn, F|100/100
|-damage|p2a: Ferrothorn|88/100|[from] Spikes
|-damage|p2a: Ferrothorn|82/100|[from] Stealth Rock
|move|p1a: Grimmsnarl|Reflect|p1a: Grimmsnarl
|-sidestart|p1: test1432|Reflect
|
|-heal|p2a: Ferrothorn|88/100|[from] item: Leftovers
|upkeep
|turn|8
|j| Faisal Shourov
|
|move|p1a: Grimmsnarl|Taunt|p2a: Ferrothorn
|-start|p2a: Ferrothorn|move: Taunt
|cant|p2a: Ferrothorn|move: Taunt|Stealth Rock
|
|-heal|p2a: Ferrothorn|94/100|[from] item: Leftovers
|upkeep
|turn|9
|
|switch|p1a: Necrozma|Necrozma-Dusk-Mane|100/100
|move|p2a: Ferrothorn|Knock Off|p1a: Necrozma
|-supereffective|p1a: Necrozma
|-damage|p1a: Necrozma|92/100
|
|-heal|p2a: Ferrothorn|100/100|[from] item: Leftovers
|upkeep
|turn|10
|
|switch|p2a: Lugia|Lugia|100/100
|move|p1a: Necrozma|Dragon Dance|p1a: Necrozma
|-boost|p1a: Necrozma|atk|1
|-boost|p1a: Necrozma|spe|1
|
|upkeep
|turn|11
|
|detailschange|p1a: Necrozma|Necrozma-Ultra
|-burst|p1a: Necrozma|Necrozma|Ultranecrozium Z
|move|p1a: Necrozma|Rock Blast|p2a: Lugia
|-supereffective|p2a: Lugia
|-damage|p2a: Lugia|90/100
|-supereffective|p2a: Lugia
|-damage|p2a: Lugia|70/100
|-hitcount|p2a: Lugia|2
|move|p2a: Lugia|Thunder Wave|p1a: Necrozma
|-status|p1a: Necrozma|par
|
|upkeep
|turn|12
|
|switch|p2a: Ferrothorn|Ferrothorn, F|100/100
|-damage|p2a: Ferrothorn|88/100|[from] Spikes
|-damage|p2a: Ferrothorn|82/100|[from] Stealth Rock
|move|p1a: Necrozma|Rock Blast|p2a: Ferrothorn
|-resisted|p2a: Ferrothorn
|-damage|p2a: Ferrothorn|77/100
|-resisted|p2a: Ferrothorn
|-damage|p2a: Ferrothorn|72/100
|-hitcount|p2a: Ferrothorn|2
|
|-heal|p2a: Ferrothorn|79/100|[from] item: Leftovers
|upkeep
|turn|13
|c|☆test1432|lol.
|inactive|Onoufrios has 120 seconds left.
|
|cant|p1a: Necrozma|par
|move|p2a: Ferrothorn|Stealth Rock|p1a: Necrozma
|-sidestart|p1: test1432|move: Stealth Rock
|
|-heal|p2a: Ferrothorn|85/100|[from] item: Leftovers
|upkeep
|turn|14
|
|move|p1a: Necrozma|Earthquake|p2a: Ferrothorn
|-damage|p2a: Ferrothorn|47/100
|move|p2a: Ferrothorn|Leech Seed|p1a: Necrozma
|-start|p1a: Necrozma|move: Leech Seed
|
|-heal|p2a: Ferrothorn|53/100|[from] item: Leftovers
|-damage|p1a: Necrozma|79/100 par|[from] Leech Seed|[of] p2a: Ferrothorn
|-heal|p2a: Ferrothorn|65/100|[silent]
|-sideend|p1: test1432|Reflect
|upkeep
|turn|15
|inactive|Onoufrios has 120 seconds left.
|
|move|p1a: Necrozma|Dragon Dance|p1a: Necrozma
|-boost|p1a: Necrozma|atk|1
|-boost|p1a: Necrozma|spe|1
|move|p2a: Ferrothorn|Gyro Ball|p1a: Necrozma
|-damage|p1a: Necrozma|31/100 par
|
|-heal|p2a: Ferrothorn|71/100|[from] item: Leftovers
|-damage|p1a: Necrozma|18/100 par|[from] Leech Seed|[of] p2a: Ferrothorn
|-heal|p2a: Ferrothorn|83/100|[silent]
|upkeep
|turn|16
|
|switch|p2a: Lugia|Lugia|70/100
|cant|p1a: Necrozma|par
|
|-damage|p1a: Necrozma|6/100 par|[from] Leech Seed|[of] p2a: Lugia
|-heal|p2a: Lugia|80/100|[silent]
|upkeep
|turn|17
|
|switch|p2a: Ferrothorn|Ferrothorn, F|83/100
|-damage|p2a: Ferrothorn|71/100|[from] Spikes
|-damage|p2a: Ferrothorn|64/100|[from] Stealth Rock
|-zpower|p1a: Necrozma
|move|p1a: Necrozma|Light That Burns the Sky|p2a: Ferrothorn|[zeffect]
|-resisted|p2a: Ferrothorn
|-damage|p2a: Ferrothorn|0 fnt
|faint|p2a: Ferrothorn
|
|upkeep
|inactive|Onoufrios has 90 seconds left.
|
|switch|p2a: Ditto|Ditto|88/100
|-damage|p2a: Ditto|76/100|[from] Stealth Rock
|-damage|p2a: Ditto|63/100|[from] Spikes
|-transform|p2a: Ditto|p1a: Necrozma|[from] ability: Imposter
|turn|18
|c| Faisal Shourov|oh
|inactive|Onoufrios has 90 seconds left.
|c|☆test1432|oh well
|
|move|p2a: Ditto|Rock Blast|p1a: Necrozma
|-damage|p1a: Necrozma|0 fnt
|-hitcount|p1a: Necrozma|1
|faint|p1a: Necrozma
|
|upkeep
|
|switch|p1a: Grimmsnarl|Grimmsnarl, M|100/100
|-damage|p1a: Grimmsnarl|88/100|[from] Stealth Rock
|turn|19
|inactive|Onoufrios has 90 seconds left.
|
|switch|p2a: Kyogre|Kyogre|100/100
|-damage|p2a: Kyogre|88/100|[from] Spikes
|-damage|p2a: Kyogre|76/100|[from] Stealth Rock
|-weather|RainDance|[from] ability: Drizzle|[of] p2a: Kyogre
|move|p1a: Grimmsnarl|Reflect|p1a: Grimmsnarl
|-sidestart|p1: test1432|Reflect
|
|-weather|RainDance|[upkeep]
|upkeep
|turn|20
|
|switch|p2a: Lugia|Lugia|80/100
|move|p1a: Grimmsnarl|Light Screen|p1a: Grimmsnarl
|-sidestart|p1: test1432|move: Light Screen
|
|-weather|RainDance|[upkeep]
|upkeep
|turn|21
|
|move|p1a: Grimmsnarl|Taunt|p2a: Lugia
|-start|p2a: Lugia|move: Taunt
|cant|p2a: Lugia|move: Taunt|Roost
|
|-weather|RainDance|[upkeep]
|upkeep
|turn|22
|
|switch|p2a: Ditto|Ditto|63/100
|-damage|p2a: Ditto|51/100|[from] Stealth Rock
|-damage|p2a: Ditto|39/100|[from] Spikes
|-transform|p2a: Ditto|p1a: Grimmsnarl|[from] ability: Imposter
|move|p1a: Grimmsnarl|Spirit Break|p2a: Ditto
|-supereffective|p2a: Ditto
|-damage|p2a: Ditto|0 fnt
|faint|p2a: Ditto
|
|-weather|RainDance|[upkeep]
|upkeep
|c|☆test1432|?
|inactive|Onoufrios has 60 seconds left.
|
|switch|p2a: Necrozma|Necrozma-Dusk-Mane|82/100
|-damage|p2a: Necrozma|70/100|[from] Spikes
|-damage|p2a: Necrozma|64/100|[from] Stealth Rock
|turn|23
|inactive|Onoufrios has 60 seconds left.
|
|detailschange|p2a: Necrozma|Necrozma-Ultra
|-burst|p2a: Necrozma|Necrozma|Ultranecrozium Z
|move|p1a: Grimmsnarl|Taunt|p2a: Necrozma
|-start|p2a: Necrozma|move: Taunt
|move|p2a: Necrozma|Earthquake|p1a: Grimmsnarl
|-damage|p1a: Grimmsnarl|68/100
|
|-weather|none
|upkeep
|turn|24
|inactive|Onoufrios has 60 seconds left.
|
|switch|p2a: Lugia|Lugia|80/100
|switch|p1a: Rayquaza|Rayquaza|100/100
|-damage|p1a: Rayquaza|76/100|[from] Stealth Rock
|-ability|p1a: Rayquaza|Air Lock
|
|upkeep
|turn|25
|
|detailschange|p1a: Rayquaza|Rayquaza-Mega
|-mega|p1a: Rayquaza|Rayquaza|
|-weather|DeltaStream|[from] ability: Delta Stream|[of] p1a: Rayquaza
|move|p1a: Rayquaza|Dragon Ascent|p2a: Lugia
|-damage|p2a: Lugia|39/100
|-unboost|p1a: Rayquaza|def|1
|-unboost|p1a: Rayquaza|spd|1
|move|p2a: Lugia|Roost|p2a: Lugia
|-heal|p2a: Lugia|89/100
|-singleturn|p2a: Lugia|move: Roost
|
|-weather|DeltaStream|[upkeep]
|upkeep
|turn|26
|
|move|p1a: Rayquaza|Dragon Dance|p1a: Rayquaza
|-boost|p1a: Rayquaza|atk|1
|-boost|p1a: Rayquaza|spe|1
|move|p2a: Lugia|Roost|p2a: Lugia
|-heal|p2a: Lugia|100/100
|-singleturn|p2a: Lugia|move: Roost
|
|-weather|DeltaStream|[upkeep]
|-sideend|p1: test1432|Reflect
|upkeep
|turn|27
|
|move|p1a: Rayquaza|Dragon Ascent|p2a: Lugia
|-damage|p2a: Lugia|68/100
|-unboost|p1a: Rayquaza|def|1
|-unboost|p1a: Rayquaza|spd|1
|move|p2a: Lugia|Thunder Wave|p1a: Rayquaza
|-status|p1a: Rayquaza|par
|-enditem|p1a: Rayquaza|Lum Berry|[eat]
|-curestatus|p1a: Rayquaza|par|[msg]
|
|-weather|DeltaStream|[upkeep]
|-sideend|p1: test1432|move: Light Screen
|upkeep
|turn|28
|
|move|p1a: Rayquaza|Dragon Ascent|p2a: Lugia
|-damage|p2a: Lugia|9/100
|-unboost|p1a: Rayquaza|def|1
|-unboost|p1a: Rayquaza|spd|1
|move|p2a: Lugia|Thunder Wave|p1a: Rayquaza
|-status|p1a: Rayquaza|par
|
|-weather|DeltaStream|[upkeep]
|upkeep
|turn|29
|
|cant|p1a: Rayquaza|par
|move|p2a: Lugia|Roost|p2a: Lugia
|-heal|p2a: Lugia|59/100
|-singleturn|p2a: Lugia|move: Roost
|
|-weather|DeltaStream|[upkeep]
|upkeep
|turn|30
|
|move|p2a: Lugia|Roost|p2a: Lugia
|-heal|p2a: Lugia|100/100
|-singleturn|p2a: Lugia|move: Roost
|move|p1a: Rayquaza|Dragon Dance|p1a: Rayquaza
|-boost|p1a: Rayquaza|atk|1
|-boost|p1a: Rayquaza|spe|1
|
|-weather|DeltaStream|[upkeep]
|upkeep
|turn|31
|
|move|p1a: Rayquaza|Dragon Ascent|p2a: Lugia
|-damage|p2a: Lugia|54/100
|-unboost|p1a: Rayquaza|def|1
|-unboost|p1a: Rayquaza|spd|1
|move|p2a: Lugia|Whirlwind|p1a: Rayquaza
|-weather|none
|drag|p1a: Grimmsnarl|Grimmsnarl, M|68/100
|-damage|p1a: Grimmsnarl|55/100|[from] Stealth Rock
|
|upkeep
|turn|32
|
|switch|p2a: Kyogre|Kyogre|76/100
|-damage|p2a: Kyogre|64/100|[from] Spikes
|-damage|p2a: Kyogre|51/100|[from] Stealth Rock
|-weather|RainDance|[from] ability: Drizzle|[of] p2a: Kyogre
|move|p1a: Grimmsnarl|Taunt|p2a: Kyogre
|-start|p2a: Kyogre|move: Taunt
|
|-weather|RainDance|[upkeep]
|upkeep
|turn|33
|
|move|p1a: Grimmsnarl|Light Screen|p1a: Grimmsnarl
|-sidestart|p1: test1432|move: Light Screen
|move|p2a: Kyogre|Origin Pulse|p1a: Grimmsnarl
|-damage|p1a: Grimmsnarl|8/100
|
|-weather|RainDance|[upkeep]
|upkeep
|turn|34
|
|move|p1a: Grimmsnarl|Reflect|p1a: Grimmsnarl
|-sidestart|p1: test1432|Reflect
|move|p2a: Kyogre|Origin Pulse|p1a: Grimmsnarl
|-damage|p1a: Grimmsnarl|0 fnt
|faint|p1a: Grimmsnarl
|
|-weather|RainDance|[upkeep]
|-end|p2a: Kyogre|move: Taunt
|upkeep
|
|switch|p1a: Xerneas|Xerneas|100/100
|-damage|p1a: Xerneas|88/100|[from] Stealth Rock
|-ability|p1a: Xerneas|Fairy Aura
|turn|35
|inactive|Onoufrios has 30 seconds left.
|inactive|Onoufrios has 20 seconds left.
|
|move|p2a: Kyogre|Origin Pulse|p1a: Xerneas
|-damage|p1a: Xerneas|47/100
|move|p1a: Xerneas|Geomancy||[still]
|-prepare|p1a: Xerneas|Geomancy|p1a: Xerneas
|-enditem|p1a: Xerneas|Power Herb
|-anim|p1a: Xerneas|Geomancy|p1a: Xerneas
|-boost|p1a: Xerneas|spa|2
|-boost|p1a: Xerneas|spd|2
|-boost|p1a: Xerneas|spe|2
|
|-weather|RainDance|[upkeep]
|upkeep
|turn|36
|inactive|Onoufrios has 30 seconds left this turn.
|inactive|Onoufrios has 20 seconds left.
|inactive|Onoufrios has 15 seconds left.
|
|-start|p2a: Kyogre|Dynamax
|-heal|p2a: Kyogre|51/100|[silent]
|move|p1a: Xerneas|Moonblast|p2a: Kyogre
|-damage|p2a: Kyogre|3/100
|move|p2a: Kyogre|Max Geyser|p1a: Xerneas
|-damage|p1a: Xerneas|18/100
|
|-weather|none
|upkeep
|turn|37
|inactive|Onoufrios has 25 seconds left this turn.
|inactive|Onoufrios has 20 seconds left.
|inactive|Onoufrios has 15 seconds left.
|inactive|Onoufrios has 10 seconds left.
|
|move|p1a: Xerneas|Moonblast|p2a: Kyogre
|-damage|p2a: Kyogre|0 fnt
|faint|p2a: Kyogre
|
|upkeep
|inactive|Onoufrios has 15 seconds left this turn.
|inactive|Onoufrios has 10 seconds left.
|c|☆test1432|it's your timer
|
|switch|p2a: Necrozma|Necrozma-Ultra|64/100
|-damage|p2a: Necrozma|52/100|[from] Spikes
|-damage|p2a: Necrozma|39/100|[from] Stealth Rock
|turn|38
|inactive|Onoufrios has 20 seconds left this turn.
|inactive|Onoufrios has 15 seconds left.
|
|move|p1a: Xerneas|Moonblast|p2a: Necrozma
|-supereffective|p2a: Necrozma
|-damage|p2a: Necrozma|0 fnt
|faint|p2a: Necrozma
|
|upkeep
|inactive|Onoufrios has 20 seconds left this turn.
|inactive|Onoufrios has 15 seconds left.
|
|switch|p2a: Lugia|Lugia|54/100
|turn|39
|inactive|Onoufrios has 25 seconds left this turn.
|
|-start|p1a: Xerneas|Dynamax
|-heal|p1a: Xerneas|18/100|[silent]
|move|p1a: Xerneas|Max Starfall|p2a: Lugia
|-damage|p2a: Lugia|0 fnt
|-fieldstart|move: Misty Terrain
|faint|p2a: Lugia
|
|upkeep
|inactive|Onoufrios has 30 seconds left this turn.
|
|switch|p2a: Xerneas|Xerneas|100/100
|-damage|p2a: Xerneas|88/100|[from] Stealth Rock
|-damage|p2a: Xerneas|75/100|[from] Spikes
|-ability|p2a: Xerneas|Fairy Aura
|turn|40
|c| Faisal Shourov|Xerneas showing why it's the top S tier mon
|inactive|Onoufrios has 30 seconds left.
|
|move|p1a: Xerneas|Max Starfall|p2a: Xerneas
|-damage|p2a: Xerneas|0 fnt
|faint|p2a: Xerneas
|
|win|test1432
|inactive|Onoufrios has 30 seconds left this turn.
|c|☆test1432|lol
|raw|test1432's rating: 1516 &rarr; <strong>1544</strong><br />(+28 for winning)
|raw|Onoufrios's rating: 1677 &rarr; <strong>1648</strong><br />(-29 for losing)
