|j|☆Ike745
|j|☆TaxFraud094
|t:|1663822599
|gametype|singles
|player|p1|Ike745|blue|1706
|player|p2|TaxFraud094|skyla-masters2|1868
|teamsize|p1|6
|teamsize|p2|6
|gen|8
|tier|[Gen 8] National Dex AG
|rated|
|rule|HP Percentage Mod: HP is shown in percentages
|rule|Endless Battle Clause: Forcing endless battles is banned
|clearpoke
|poke|p1|Rayquaza|
|poke|p1|Groudon|
|poke|p1|Arceus-*|
|poke|p1|Calyrex-Shadow|
|poke|p1|Yveltal|
|poke|p1|Arceus-*|
|poke|p2|Zacian-*|
|poke|p2|Arceus-*|
|poke|p2|Yveltal|
|poke|p2|Necrozma-Dusk-Mane|
|poke|p2|Groudon|
|poke|p2|Ditto|
|teampreview
|inactive|Battle timer is ON: inactive players will automatically lose when time's up. (requested by Ike745)
|inactive|TaxFraud094 also wants the timer to be on.
|
|t:|1663822609
|start
|switch|p1a: Groudon|Groudon, shiny|100/100
|switch|p2a: Arceus|Arceus-Ground|100/100
|detailschange|p1a: Groudon|Groudon-Primal, shiny
|-primal|p1a: Groudon
|-weather|DesolateLand|[from] ability: Desolate Land|[of] p1a: Groudon
|turn|1
|c|☆Ike745|gl hf
|
|t:|1663822615
|-weather|none
|switch|p1a: Arceus|Arceus-Fairy|100/100
|move|p2a: Arceus|Judgment|p1a: Arceus
|-damage|p1a: Arceus|70/100
|
|upkeep
|turn|2
|
|t:|1663822623
|switch|p2a: Groudon|Groudon|100/100
|detailschange|p2a: Groudon|Groudon-Primal
|-primal|p2a: Groudon
|-weather|DesolateLand|[from] ability: Desolate Land|[of] p2a: Groudon
|move|p1a: Arceus|Judgment|p2a: Groudon
|-resisted|p2a: Groudon
|-damage|p2a: Groudon|85/100
|
|-weather|DesolateLand|[upkeep]
|upkeep
|turn|3
|
|t:|1663822628
|move|p1a: Arceus|Toxic|p2a: Groudon
|-status|p2a: Groudon|tox
|move|p2a: Groudon|Stone Edge|p1a: Arceus
|-damage|p1a: Arceus|44/100
|
|-weather|DesolateLand|[upkeep]
|-damage|p2a: Groudon|79/100 tox|[from] psn
|upkeep
|turn|4
|
|t:|1663822634
|move|p1a: Arceus|Recover|p1a: Arceus
|-heal|p1a: Arceus|94/100
|move|p2a: Groudon|Stealth Rock|p1a: Arceus
|-sidestart|p1: Ike745|move: Stealth Rock
|
|-weather|DesolateLand|[upkeep]
|-damage|p2a: Groudon|66/100 tox|[from] psn
|upkeep
|turn|5
|
|t:|1663822637
|move|p1a: Arceus|Defog|p2a: Groudon
|-unboost|p2a: Groudon|evasion|1
|-sideend|p1: Ike745|Stealth Rock|[from] move: Defog|[of] p1a: Arceus
|move|p2a: Groudon|Stone Edge|p1a: Arceus
|-damage|p1a: Arceus|70/100
|
|-weather|DesolateLand|[upkeep]
|-damage|p2a: Groudon|48/100 tox|[from] psn
|upkeep
|turn|6
|
|t:|1663822641
|move|p1a: Arceus|Recover|p1a: Arceus
|-heal|p1a: Arceus|100/100
|move|p2a: Groudon|Rest|p2a: Groudon
|-status|p2a: Groudon|slp|[from] move: Rest
|-heal|p2a: Groudon|100/100 slp|[silent]
|
|-weather|DesolateLand|[upkeep]
|upkeep
|turn|7
|
|t:|1663822644
|switch|p1a: Groudon|Groudon-Primal, shiny|100/100
|switch|p2a: Necrozma|Necrozma-Dusk-Mane|100/100
|
|-weather|DesolateLand|[upkeep]
|upkeep
|turn|8
|
|t:|1663822651
|switch|p2a: Arceus|Arceus-Ground|100/100
|move|p1a: Groudon|Thunder Wave|p2a: Arceus
|-immune|p2a: Arceus
|
|-weather|DesolateLand|[upkeep]
|upkeep
|turn|9
|
|t:|1663822656
|-weather|none
|switch|p1a: Arceus|Arceus-Fairy|100/100
|move|p2a: Arceus|Judgment|p1a: Arceus
|-crit|p1a: Arceus
|-damage|p1a: Arceus|58/100
|
|upkeep
|turn|10
|
|t:|1663822660
|switch|p2a: Necrozma|Necrozma-Dusk-Mane|100/100
|move|p1a: Arceus|Recover|p1a: Arceus
|-heal|p1a: Arceus|100/100
|
|upkeep
|turn|11
|
|t:|1663822663
|switch|p1a: Groudon|Groudon-Primal, shiny|100/100
|-weather|DesolateLand|[from] ability: Desolate Land|[of] p1a: Groudon
|move|p2a: Necrozma|Earthquake|p1a: Groudon
|-supereffective|p1a: Groudon
|-damage|p1a: Groudon|69/100
|
|-weather|DesolateLand|[upkeep]
|upkeep
|turn|12
|
|t:|1663822670
|switch|p2a: Arceus|Arceus-Ground|100/100
|move|p1a: Groudon|Stealth Rock|p2a: Arceus
|-sidestart|p2: TaxFraud094|move: Stealth Rock
|
|-weather|DesolateLand|[upkeep]
|upkeep
|turn|13
|
|t:|1663822676
|-weather|none
|switch|p1a: Arceus|Arceus-Fairy|100/100
|move|p2a: Arceus|Judgment|p1a: Arceus
|-damage|p1a: Arceus|72/100
|
|upkeep
|turn|14
|
|t:|1663822680
|switch|p2a: Necrozma|Necrozma-Dusk-Mane|100/100
|-damage|p2a: Necrozma|94/100|[from] Stealth Rock
|move|p1a: Arceus|Judgment|p2a: Necrozma
|-resisted|p2a: Necrozma
|-damage|p2a: Necrozma|74/100
|
|upkeep
|turn|15
|
|t:|1663822684
|switch|p1a: Yveltal|Yveltal|100/100
|-ability|p1a: Yveltal|Dark Aura
|move|p2a: Necrozma|Earthquake|p1a: Yveltal
|-immune|p1a: Yveltal
|
|upkeep
|turn|16
|
|t:|1663822688
|switch|p2a: Yveltal|Yveltal|100/100
|-ability|p2a: Yveltal|Dark Aura
|-start|p1a: Yveltal|Dynamax|
|-heal|p1a: Yveltal|100/100|[silent]
|move|p1a: Yveltal|Max Airstream|p2a: Yveltal
|-damage|p2a: Yveltal|49/100
|-boost|p1a: Yveltal|spe|1
|-damage|p1a: Yveltal|96/100|[from] item: Life Orb
|
|upkeep
|turn|17
|
|t:|1663822698
|-start|p2a: Yveltal|Dynamax|
|-heal|p2a: Yveltal|49/100|[silent]
|move|p2a: Yveltal|Max Guard|p2a: Yveltal
|-singleturn|p2a: Yveltal|Max Guard
|move|p1a: Yveltal|Max Airstream|p2a: Yveltal
|-activate|p2a: Yveltal|move: Max Guard
|
|upkeep
|turn|18
|
|t:|1663822716
|move|p1a: Yveltal|Max Airstream|p2a: Yveltal
|-damage|p2a: Yveltal|25/100
|-boost|p1a: Yveltal|spe|1
|-damage|p1a: Yveltal|91/100|[from] item: Life Orb
|move|p2a: Yveltal|Max Flutterby|p1a: Yveltal
|-damage|p1a: Yveltal|73/100
|-unboost|p1a: Yveltal|spa|1
|
|upkeep
|-end|p1a: Yveltal|Dynamax
|-heal|p1a: Yveltal|73/100|[silent]
|turn|19
|
|t:|1663822731
|move|p1a: Yveltal|Oblivion Wing|p2a: Yveltal
|-damage|p2a: Yveltal|13/100
|-heal|p1a: Yveltal|92/100|[from] drain|[of] p2a: Yveltal
|-damage|p1a: Yveltal|82/100|[from] item: Life Orb
|move|p2a: Yveltal|Max Flutterby|p1a: Yveltal
|-damage|p1a: Yveltal|46/100
|-unboost|p1a: Yveltal|spa|1
|
|upkeep
|-end|p2a: Yveltal|Dynamax
|-heal|p2a: Yveltal|13/100|[silent]
|turn|20
|
|t:|1663822743
|move|p1a: Yveltal|Oblivion Wing|p2a: Yveltal
|-damage|p2a: Yveltal|0 fnt
|-heal|p1a: Yveltal|57/100|[from] drain|[of] p2a: Yveltal
|faint|p2a: Yveltal
|-damage|p1a: Yveltal|47/100|[from] item: Life Orb
|
|upkeep
|
|t:|1663822753
|switch|p2a: Arceus|Arceus-Ground|100/100
|-damage|p2a: Arceus|94/100|[from] Stealth Rock
|turn|21
|
|t:|1663822764
|switch|p1a: Arceus|Arceus-Fairy|72/100
|move|p2a: Arceus|Calm Mind|p2a: Arceus
|-boost|p2a: Arceus|spa|1
|-boost|p2a: Arceus|spd|1
|
|upkeep
|turn|22
|
|t:|1663822769
|switch|p2a: Zacian|Zacian-Crowned|100/100
|-damage|p2a: Zacian|94/100|[from] Stealth Rock
|-ability|p2a: Zacian|Intrepid Sword|boost
|-boost|p2a: Zacian|atk|1
|move|p1a: Arceus|Toxic|p2a: Zacian
|-immune|p2a: Zacian
|
|upkeep
|turn|23
|
|t:|1663822778
|switch|p1a: Groudon|Groudon-Primal, shiny|69/100
|-weather|DesolateLand|[from] ability: Desolate Land|[of] p1a: Groudon
|move|p2a: Zacian|Close Combat|p1a: Groudon
|-damage|p1a: Groudon|33/100
|-unboost|p2a: Zacian|def|1
|-unboost|p2a: Zacian|spd|1
|
|-weather|DesolateLand|[upkeep]
|upkeep
|turn|24
|
|t:|1663822785
|switch|p2a: Arceus|Arceus-Ground|94/100
|-damage|p2a: Arceus|88/100|[from] Stealth Rock
|move|p1a: Groudon|Precipice Blades|p2a: Arceus
|-damage|p2a: Arceus|38/100
|
|-weather|DesolateLand|[upkeep]
|upkeep
|turn|25
|
|t:|1663822788
|-weather|none
|switch|p1a: Arceus|Arceus-Fairy|72/100
|move|p2a: Arceus|Recover|p2a: Arceus
|-heal|p2a: Arceus|88/100
|
|upkeep
|turn|26
|j| Cardsten
|j| A Bread Sandwich
|inactive|TaxFraud094 has 120 seconds left.
|
|t:|1663822823
|switch|p2a: Groudon|Groudon-Primal|100/100 slp
|-damage|p2a: Groudon|88/100 slp|[from] Stealth Rock
|-weather|DesolateLand|[from] ability: Desolate Land|[of] p2a: Groudon
|move|p1a: Arceus|Judgment|p2a: Groudon
|-resisted|p2a: Groudon
|-damage|p2a: Groudon|72/100 slp
|
|-weather|DesolateLand|[upkeep]
|upkeep
|turn|27
|
|t:|1663822832
|move|p1a: Arceus|Recover|p1a: Arceus
|-heal|p1a: Arceus|100/100
|cant|p2a: Groudon|slp
|
|-weather|DesolateLand|[upkeep]
|upkeep
|turn|28
|
|t:|1663822836
|move|p1a: Arceus|Judgment|p2a: Groudon
|-resisted|p2a: Groudon
|-damage|p2a: Groudon|56/100 slp
|cant|p2a: Groudon|slp
|
|-weather|DesolateLand|[upkeep]
|upkeep
|turn|29
|
|t:|1663822843
|move|p1a: Arceus|Judgment|p2a: Groudon
|-resisted|p2a: Groudon
|-damage|p2a: Groudon|40/100 slp
|-curestatus|p2a: Groudon|slp|[msg]
|move|p2a: Groudon|Stealth Rock|p1a: Arceus
|-sidestart|p1: Ike745|move: Stealth Rock
|
|-weather|DesolateLand|[upkeep]
|upkeep
|turn|30
|
|t:|1663822846
|move|p1a: Arceus|Defog|p2a: Groudon
|-unboost|p2a: Groudon|evasion|1
|-sideend|p2: TaxFraud094|Stealth Rock|[from] move: Defog|[of] p1a: Arceus
|-sideend|p1: Ike745|Stealth Rock|[from] move: Defog|[of] p1a: Arceus
|move|p2a: Groudon|Precipice Blades|p1a: Arceus
|-damage|p1a: Arceus|57/100
|
|-weather|DesolateLand|[upkeep]
|upkeep
|turn|31
|
|t:|1663822849
|move|p1a: Arceus|Recover|p1a: Arceus
|-heal|p1a: Arceus|100/100
|move|p2a: Groudon|Stealth Rock|p1a: Arceus
|-sidestart|p1: Ike745|move: Stealth Rock
|
|-weather|DesolateLand|[upkeep]
|upkeep
|turn|32
|
|t:|1663822852
|move|p1a: Arceus|Toxic|p2a: Groudon
|-status|p2a: Groudon|tox
|move|p2a: Groudon|Stealth Rock||[still]
|-fail|p2a: Groudon
|
|-weather|DesolateLand|[upkeep]
|-damage|p2a: Groudon|33/100 tox|[from] psn
|upkeep
|turn|33
|
|t:|1663822856
|move|p1a: Arceus|Defog|p2a: Groudon
|-unboost|p2a: Groudon|evasion|1
|-sideend|p1: Ike745|Stealth Rock|[from] move: Defog|[of] p1a: Arceus
|move|p2a: Groudon|Stealth Rock|p1a: Arceus
|-sidestart|p1: Ike745|move: Stealth Rock
|
|-weather|DesolateLand|[upkeep]
|-damage|p2a: Groudon|21/100 tox|[from] psn
|upkeep
|turn|34
|
|t:|1663822861
|move|p1a: Arceus|Defog|p2a: Groudon
|-unboost|p2a: Groudon|evasion|1
|-sideend|p1: Ike745|Stealth Rock|[from] move: Defog|[of] p1a: Arceus
|move|p2a: Groudon|Rest|p2a: Groudon
|-status|p2a: Groudon|slp|[from] move: Rest
|-heal|p2a: Groudon|100/100 slp|[silent]
|
|-weather|DesolateLand|[upkeep]
|upkeep
|turn|35
|
|t:|1663822863
|switch|p1a: Groudon|Groudon-Primal, shiny|33/100
|cant|p2a: Groudon|slp
|
|-weather|DesolateLand|[upkeep]
|upkeep
|turn|36
|
|t:|1663822873
|move|p1a: Groudon|Stealth Rock|p2a: Groudon
|-sidestart|p2: TaxFraud094|move: Stealth Rock
|cant|p2a: Groudon|slp
|
|-weather|DesolateLand|[upkeep]
|upkeep
|turn|37
|
|t:|1663822880
|switch|p2a: Arceus|Arceus-Ground|88/100
|-damage|p2a: Arceus|82/100|[from] Stealth Rock
|move|p1a: Groudon|Precipice Blades|p2a: Arceus
|-damage|p2a: Arceus|31/100
|
|-weather|DesolateLand|[upkeep]
|upkeep
|turn|38
|
|t:|1663822885
|move|p2a: Arceus|Recover|p2a: Arceus
|-heal|p2a: Arceus|82/100
|move|p1a: Groudon|Precipice Blades|p2a: Arceus
|-damage|p2a: Arceus|31/100
|
|-weather|DesolateLand|[upkeep]
|upkeep
|turn|39
|
|t:|1663822889
|-weather|none
|switch|p1a: Arceus|Arceus-Fairy|100/100
|move|p2a: Arceus|Recover|p2a: Arceus
|-heal|p2a: Arceus|81/100
|
|upkeep
|turn|40
|
|t:|1663822894
|switch|p2a: Groudon|Groudon-Primal|100/100 slp
|-damage|p2a: Groudon|88/100 slp|[from] Stealth Rock
|-weather|DesolateLand|[from] ability: Desolate Land|[of] p2a: Groudon
|move|p1a: Arceus|Judgment|p2a: Groudon
|-resisted|p2a: Groudon
|-damage|p2a: Groudon|73/100 slp
|
|-weather|DesolateLand|[upkeep]
|upkeep
|turn|41
|
|t:|1663822923
|switch|p1a: Calyrex|Calyrex-Shadow|100/100
|-ability|p1a: Calyrex|As One
|-ability|p1a: Calyrex|Unnerve
|-weather|none
|switch|p2a: Necrozma|Necrozma-Dusk-Mane|74/100
|-damage|p2a: Necrozma|68/100|[from] Stealth Rock
|
|upkeep
|turn|42
|j| DrMario69
|c| DrMario69|yo basak
|c| DrMario69|ur fighting this guy LOL
|c|☆Ike745|??
|inactive|TaxFraud094 has 120 seconds left.
|
|t:|1663822958
|move|p1a: Calyrex|Astral Barrage|p2a: Necrozma
|-supereffective|p2a: Necrozma
|-damage|p2a: Necrozma|0 fnt
|faint|p2a: Necrozma
|-ability|p1a: Calyrex|Grim Neigh|boost
|-boost|p1a: Calyrex|spa|1
|
|upkeep
|
|t:|1663822961
|switch|p2a: Groudon|Groudon-Primal|73/100 slp
|-damage|p2a: Groudon|60/100 slp|[from] Stealth Rock
|-weather|DesolateLand|[from] ability: Desolate Land|[of] p2a: Groudon
|turn|43
|
|t:|1663822968
|move|p1a: Calyrex|Astral Barrage|p2a: Groudon
|-damage|p2a: Groudon|0 fnt
|faint|p2a: Groudon
|-weather|none
|-ability|p1a: Calyrex|Grim Neigh|boost
|-boost|p1a: Calyrex|spa|1
|
|upkeep
|
|t:|1663822972
|switch|p2a: Ditto|Ditto|100/100
|-damage|p2a: Ditto|88/100|[from] Stealth Rock
|-transform|p2a: Ditto|p1a: Calyrex|[from] ability: Imposter
|turn|44
|
|t:|1663822975
|move|p2a: Ditto|Astral Barrage|p1a: Calyrex
|-supereffective|p1a: Calyrex
|-enditem|p1a: Calyrex|Focus Sash
|-damage|p1a: Calyrex|1/100
|move|p1a: Calyrex|Astral Barrage|p2a: Ditto
|-supereffective|p2a: Ditto
|-damage|p2a: Ditto|0 fnt
|faint|p2a: Ditto
|-ability|p1a: Calyrex|Grim Neigh|boost
|-boost|p1a: Calyrex|spa|1
|
|upkeep
|-message|TaxFraud094 forfeited.
|
|win|Ike745
|raw|Ike745's rating: 1706 &rarr; <strong>1735</strong><br />(+29 for winning)
|raw|TaxFraud094's rating: 1868 &rarr; <strong>1839</strong><br />(-29 for losing)
|l|☆TaxFraud094
|c|☆Ike745|ez
|c| DrMario69|he malds hard af
|c| DrMario69|he was the guy who made someone play out a 300 turn stall game lmao
|c| DrMario69|cause he got mad
|c| DrMario69|even tho for sure he lost
|c|☆Ike745|damn
|c| DrMario69|he got mad at me cause i didnt say glhf back
|c| DrMario69|maaan im watchin youtube
|c| DrMario69|didnt even notice it
|c| DrMario69|anyway get in anotha game i wanna spec
