|j|☆wolfie_olson
|j|‽PlatinumEA
|t:|1648731595
|gametype|singles
|player|p1|wolfie_olson|170|
|player|p2|PlatinumEA|266|
|teamsize|p1|6
|teamsize|p2|6
|gen|8
|tier|[Gen 8] National Dex AG
|rule|HP Percentage Mod: HP is shown in percentages
|rule|Endless Battle Clause: Forcing endless battles is banned
|clearpoke
|poke|p1|Sirfetch’d, M|
|poke|p1|Accelgor, M|
|poke|p1|Dracovish|
|poke|p1|Victini|
|poke|p1|Lucario, M|
|poke|p1|Togekiss, L1, F|
|poke|p2|Groudon|
|poke|p2|Necrozma-Dusk-Mane|
|poke|p2|Arceus-*|
|poke|p2|Yveltal|
|poke|p2|Arceus-*|
|poke|p2|Arceus-*|
|teampreview
|inactive|Battle timer is ON: inactive players will automatically lose when time's up. (requested by wolfie_olson)
|
|t:|1648731608
|start
|switch|p1a: Sirfetch’d|Sirfetch’d, M|100/100
|switch|p2a: Arceus|Arceus-Water|100/100
|turn|1
|
|t:|1648731613
|move|p1a: Sirfetch’d|Final Gambit|p2a: Arceus
|-damage|p2a: Arceus|14/100
|faint|p1a: Sirfetch’d
|move|p2a: Arceus|Swords Dance|p2a: Arceus
|-boost|p2a: Arceus|atk|2
|
|upkeep
|
|t:|1648731622
|switch|p1a: Dracovish|Dracovish|100/100
|turn|2
|
|t:|1648731625
|switch|p2a: Groudon|Groudon|100/100
|detailschange|p2a: Groudon|Groudon-Primal
|-primal|p2a: Groudon
|-weather|DesolateLand|[from] ability: Desolate Land|[of] p2a: Groudon
|move|p1a: Dracovish|Fishious Rend||[still]
|-fail|p1a: Dracovish|Fishious Rend|[from] Desolate Land
|
|-weather|DesolateLand|[upkeep]
|upkeep
|turn|3
|
|t:|1648731638
|switch|p1a: Togekiss|Togekiss, L1, F|100/100
|move|p2a: Groudon|Bulk Up|p2a: Groudon
|-boost|p2a: Groudon|atk|1
|-boost|p2a: Groudon|def|1
|
|-weather|DesolateLand|[upkeep]
|upkeep
|turn|4
|
|t:|1648731647
|-weather|none
|switch|p2a: Necrozma|Necrozma-Dusk-Mane|100/100
|move|p1a: Togekiss|Endeavor|p2a: Necrozma
|-damage|p2a: Necrozma|4/100
|-damage|p1a: Togekiss|85/100|[from] item: Rocky Helmet|[of] p2a: Necrozma
|
|upkeep
|turn|5
|
|t:|1648731657
|move|p1a: Togekiss|Extreme Speed|p2a: Necrozma
|-resisted|p2a: Necrozma
|-damage|p2a: Necrozma|4/100
|-damage|p1a: Togekiss|70/100|[from] item: Rocky Helmet|[of] p2a: Necrozma
|move|p2a: Necrozma|Moonlight|p2a: Necrozma
|-heal|p2a: Necrozma|54/100
|
|upkeep
|turn|6
|
|t:|1648731665
|move|p2a: Necrozma|Sunsteel Strike|p1a: Togekiss
|-supereffective|p1a: Togekiss
|-damage|p1a: Togekiss|0 fnt
|faint|p1a: Togekiss
|
|upkeep
|
|t:|1648731671
|switch|p1a: Accelgor|Accelgor, M|100/100
|turn|7
|
|t:|1648731677
|move|p1a: Accelgor|Final Gambit|p2a: Necrozma
|-damage|p2a: Necrozma|0 fnt
|faint|p1a: Accelgor
|faint|p2a: Necrozma
|
|upkeep
|
|t:|1648731689
|switch|p1a: Victini|Victini|100/100
|switch|p2a: Arceus|Arceus-Water|14/100
|turn|8
|
|t:|1648731695
|move|p1a: Victini|Final Gambit|p2a: Arceus
|-damage|p2a: Arceus|0 fnt
|faint|p1a: Victini
|faint|p2a: Arceus
|
|upkeep
|
|t:|1648731702
|switch|p2a: Groudon|Groudon-Primal|100/100
|switch|p1a: Lucario|Lucario, M|100/100
|-weather|DesolateLand|[from] ability: Desolate Land|[of] p2a: Groudon
|turn|9
|
|t:|1648731706
|move|p1a: Lucario|Final Gambit|p2a: Groudon
|-damage|p2a: Groudon|15/100
|faint|p1a: Lucario
|move|p2a: Groudon|Precipice Blades|p1: Lucario|[notarget]
|-fail|p2a: Groudon
|
|-weather|DesolateLand|[upkeep]
|upkeep
|
|t:|1648731712
|switch|p1a: Dracovish|Dracovish|100/100
|turn|10
|
|t:|1648731715
|-start|p1a: Dracovish|Dynamax|
|-heal|p1a: Dracovish|100/100|[silent]
|move|p1a: Dracovish|Max Geyser||[still]
|-fail|p1a: Dracovish|Max Geyser|[from] Desolate Land
|move|p2a: Groudon|Precipice Blades|p1a: Dracovish
|-damage|p1a: Dracovish|67/100
|
|-weather|DesolateLand|[upkeep]
|upkeep
|turn|11
|
|t:|1648731724
|move|p1a: Dracovish|Max Geyser||[still]
|-fail|p1a: Dracovish|Max Geyser|[from] Desolate Land
|move|p2a: Groudon|Precipice Blades|p1a: Dracovish|[miss]
|-miss|p2a: Groudon|p1a: Dracovish
|
|-weather|DesolateLand|[upkeep]
|upkeep
|turn|12
|
|t:|1648731733
|move|p1a: Dracovish|Max Geyser||[still]
|-fail|p1a: Dracovish|Max Geyser|[from] Desolate Land
|move|p2a: Groudon|Rest|p2a: Groudon
|-status|p2a: Groudon|slp|[from] move: Rest
|-heal|p2a: Groudon|100/100 slp|[silent]
|
|-weather|DesolateLand|[upkeep]
|-end|p1a: Dracovish|Dynamax
|-heal|p1a: Dracovish|67/100|[silent]
|upkeep
|turn|13
|
|t:|1648731737
|move|p1a: Dracovish|Fishious Rend||[still]
|-fail|p1a: Dracovish|Fishious Rend|[from] Desolate Land
|cant|p2a: Groudon|slp
|
|-weather|DesolateLand|[upkeep]
|upkeep
|turn|14
|-message|wolfie_olson forfeited.
|
|win|PlatinumEA
