|j|☆Naofumi_Bakugo_Jax
|j|☆utvsutvs
|t:|1664440688
|gametype|singles
|player|p1|Naofumi_Bakugo_Jax|blue|1600
|player|p2|utvsutvs|265|1810
|teamsize|p1|6
|teamsize|p2|6
|gen|8
|tier|[Gen 8] National Dex AG
|rated|
|rule|HP Percentage Mod: HP is shown in percentages
|rule|Endless Battle Clause: Forcing endless battles is banned
|clearpoke
|poke|p1|Zacian-*|
|poke|p1|Calyrex-Shadow|
|poke|p1|Yveltal|
|poke|p1|Arceus-*|
|poke|p1|Swampert, F|
|poke|p1|Kyogre|
|poke|p2|Diancie|
|poke|p2|Marshadow|
|poke|p2|Calyrex-Shadow|
|poke|p2|Arceus-*|
|poke|p2|Arceus-*|
|poke|p2|Yveltal|
|teampreview
|
|t:|1664440702
|start
|switch|p1a: Zacian|Zacian-Crowned|100/100
|switch|p2a: Calyrex|Calyrex-Shadow|100/100
|-ability|p2a: Calyrex|As One
|-ability|p2a: Calyrex|Unnerve
|-ability|p1a: Zacian|Intrepid Sword|boost
|-boost|p1a: Zacian|atk|1
|turn|1
|
|t:|1664440707
|move|p2a: Calyrex|Substitute|p2a: Calyrex
|-start|p2a: Calyrex|Substitute
|-damage|p2a: Calyrex|76/100
|move|p1a: Zacian|Behemoth Blade|p2a: Calyrex
|-end|p2a: Calyrex|Substitute
|
|upkeep
|turn|2
|
|t:|1664440712
|-zpower|p2a: Calyrex
|move|p2a: Calyrex|Never-Ending Nightmare|p1a: Zacian|[zeffect]
|-damage|p1a: Zacian|7/100
|move|p1a: Zacian|Behemoth Blade|p2a: Calyrex
|-damage|p2a: Calyrex|0 fnt
|faint|p2a: Calyrex
|
|upkeep
|
|t:|1664440738
|switch|p2a: Arceus|Arceus|100/100
|turn|3
|
|t:|1664440757
|switch|p1a: Arceus|Arceus, shiny|100/100
|move|p2a: Arceus|Extreme Speed|p1a: Arceus
|-damage|p1a: Arceus|73/100
|
|upkeep
|turn|4
|
|t:|1664440764
|switch|p2a: Diancie|Diancie|100/100
|move|p1a: Arceus|Reflect|p1a: Arceus
|-sidestart|p1: Naofumi_Bakugo_Jax|Reflect
|
|upkeep
|turn|5
|
|t:|1664440769
|detailschange|p2a: Diancie|Diancie-Mega
|-mega|p2a: Diancie|Diancie|Diancite
|move|p1a: Arceus|Magic Coat|p1a: Arceus
|-singleturn|p1a: Arceus|move: Magic Coat
|move|p2a: Diancie|Stealth Rock|p1a: Arceus
|move|p1a: Arceus|Stealth Rock|p2a: Diancie|[from]Magic Coat
|-sidestart|p2: utvsutvs|move: Stealth Rock
|
|upkeep
|turn|6
|
|t:|1664440784
|switch|p1a: Calyrex|Calyrex-Shadow|100/100
|-ability|p1a: Calyrex|As One
|-ability|p1a: Calyrex|Unnerve
|move|p2a: Diancie|Stealth Rock|p1a: Calyrex
|-sidestart|p1: Naofumi_Bakugo_Jax|move: Stealth Rock
|
|upkeep
|turn|7
|
|t:|1664440794
|move|p1a: Calyrex|Nasty Plot|p1a: Calyrex
|-boost|p1a: Calyrex|spa|2
|move|p2a: Diancie|Moonblast|p1a: Calyrex
|-damage|p1a: Calyrex|46/100
|
|upkeep
|turn|8
|
|t:|1664440809
|move|p1a: Calyrex|Astral Barrage|p2a: Diancie
|-damage|p2a: Diancie|0 fnt
|faint|p2a: Diancie
|-ability|p1a: Calyrex|Grim Neigh|boost
|-boost|p1a: Calyrex|spa|1
|
|upkeep
|
|t:|1664440811
|switch|p2a: Marshadow|Marshadow|100/100
|-damage|p2a: Marshadow|94/100|[from] Stealth Rock
|turn|9
|
|t:|1664440821
|switch|p1a: Zacian|Zacian-Crowned|7/100
|-damage|p1a: Zacian|1/100|[from] Stealth Rock
|-ability|p1a: Zacian|Intrepid Sword|boost
|-boost|p1a: Zacian|atk|1
|move|p2a: Marshadow|Shadow Sneak|p1a: Zacian
|-damage|p1a: Zacian|0 fnt
|faint|p1a: Zacian
|-damage|p2a: Marshadow|84/100|[from] item: Life Orb
|
|upkeep
|
|t:|1664440850
|switch|p1a: Arceus|Arceus, shiny|73/100
|-damage|p1a: Arceus|61/100|[from] Stealth Rock
|turn|10
|
|t:|1664440864
|move|p2a: Marshadow|Rock Tomb|p1a: Arceus
|-crit|p1a: Arceus
|-damage|p1a: Arceus|22/100
|-unboost|p1a: Arceus|spe|1
|-damage|p2a: Marshadow|74/100|[from] item: Life Orb
|move|p1a: Arceus|Tailwind|p1a: Arceus
|-sidestart|p1: Naofumi_Bakugo_Jax|move: Tailwind
|
|upkeep
|turn|11
|
|t:|1664440889
|switch|p1a: Kyogre|Kyogre|100/100
|-damage|p1a: Kyogre|88/100|[from] Stealth Rock
|-weather|RainDance|[from] ability: Drizzle|[of] p1a: Kyogre
|move|p2a: Marshadow|Rock Tomb|p1a: Kyogre
|-damage|p1a: Kyogre|66/100
|-unboost|p1a: Kyogre|spe|1
|-damage|p2a: Marshadow|64/100|[from] item: Life Orb
|
|-weather|RainDance|[upkeep]
|-sideend|p1: Naofumi_Bakugo_Jax|Reflect
|upkeep
|turn|12
|
|t:|1664440910
|move|p2a: Marshadow|Shadow Sneak|p1a: Kyogre
|-damage|p1a: Kyogre|25/100
|-damage|p2a: Marshadow|54/100|[from] item: Life Orb
|move|p1a: Kyogre|Origin Pulse|p2a: Marshadow
|-damage|p2a: Marshadow|0 fnt
|faint|p2a: Marshadow
|
|-weather|RainDance|[upkeep]
|upkeep
|
|t:|1664440937
|switch|p2a: Arceus|Arceus|100/100
|-damage|p2a: Arceus|88/100|[from] Stealth Rock
|turn|13
|
|t:|1664440962
|switch|p1a: Swampert|Swampert, F|100/100
|-damage|p1a: Swampert|94/100|[from] Stealth Rock
|move|p2a: Arceus|Extreme Speed|p1a: Swampert
|-damage|p1a: Swampert|44/100
|
|-weather|RainDance|[upkeep]
|-sideend|p1: Naofumi_Bakugo_Jax|move: Tailwind
|upkeep
|turn|14
|
|t:|1664440978
|detailschange|p1a: Swampert|Swampert-Mega, F
|-mega|p1a: Swampert|Swampert|Swampertite
|move|p2a: Arceus|Extreme Speed|p1a: Swampert
|-damage|p1a: Swampert|7/100
|move|p1a: Swampert|Liquidation|p2a: Arceus
|-damage|p2a: Arceus|40/100
|
|-weather|RainDance|[upkeep]
|upkeep
|turn|15
|
|t:|1664441000
|move|p2a: Arceus|Extreme Speed|p1a: Swampert
|-damage|p1a: Swampert|0 fnt
|faint|p1a: Swampert
|
|-weather|none
|upkeep
|
|t:|1664441008
|switch|p1a: Yveltal|Yveltal, shiny|100/100
|-damage|p1a: Yveltal|76/100|[from] Stealth Rock
|-ability|p1a: Yveltal|Dark Aura
|turn|16
|
|t:|1664441031
|-start|p1a: Yveltal|Dynamax|
|-heal|p1a: Yveltal|76/100|[silent]
|move|p2a: Arceus|Extreme Speed|p1a: Yveltal
|-damage|p1a: Yveltal|57/100
|move|p1a: Yveltal|Max Airstream|p2a: Arceus
|-damage|p2a: Arceus|0 fnt
|-boost|p1a: Yveltal|spe|1
|faint|p2a: Arceus
|
|upkeep
|
|t:|1664441049
|switch|p2a: Yveltal|Yveltal|100/100
|-damage|p2a: Yveltal|76/100|[from] Stealth Rock
|-ability|p2a: Yveltal|Dark Aura
|turn|17
|
|t:|1664441056
|-start|p2a: Yveltal|Dynamax|
|-heal|p2a: Yveltal|76/100|[silent]
|move|p2a: Yveltal|Max Guard|p2a: Yveltal
|-singleturn|p2a: Yveltal|Max Guard
|move|p1a: Yveltal|Max Airstream|p2a: Yveltal
|-activate|p2a: Yveltal|move: Max Guard
|
|upkeep
|turn|18
|
|t:|1664441063
|move|p1a: Yveltal|Max Guard|p1a: Yveltal
|-singleturn|p1a: Yveltal|Max Guard
|move|p2a: Yveltal|Max Airstream|p1a: Yveltal
|-activate|p1a: Yveltal|move: Max Guard
|
|upkeep
|-end|p1a: Yveltal|Dynamax
|-heal|p1a: Yveltal|57/100|[silent]
|turn|19
|
|t:|1664441073
|move|p1a: Yveltal|Tailwind|p1a: Yveltal
|-sidestart|p1: Naofumi_Bakugo_Jax|move: Tailwind
|move|p2a: Yveltal|Max Airstream|p1a: Yveltal
|-damage|p1a: Yveltal|0 fnt
|-boost|p2a: Yveltal|spe|1
|faint|p1a: Yveltal
|-damage|p2a: Yveltal|71/100|[from] item: Life Orb
|
|upkeep
|
|t:|1664441090
|switch|p1a: Kyogre|Kyogre|25/100
|-damage|p1a: Kyogre|13/100|[from] Stealth Rock
|-weather|RainDance|[from] ability: Drizzle|[of] p1a: Kyogre
|-end|p2a: Yveltal|Dynamax
|-heal|p2a: Yveltal|71/100|[silent]
|turn|20
|
|t:|1664441096
|move|p1a: Kyogre|Ice Beam|p2a: Yveltal
|-supereffective|p2a: Yveltal
|-damage|p2a: Yveltal|8/100
|move|p2a: Yveltal|Knock Off|p1a: Kyogre
|-damage|p1a: Kyogre|0 fnt
|-enditem|p1a: Kyogre|Choice Scarf|[from] move: Knock Off|[of] p2a: Yveltal
|faint|p1a: Kyogre
|-damage|p2a: Yveltal|0 fnt|[from] item: Life Orb
|faint|p2a: Yveltal
|
|-weather|RainDance|[upkeep]
|upkeep
|
|t:|1664441110
|switch|p1a: Arceus|Arceus, shiny|22/100
|switch|p2a: Arceus|Arceus-Ground|100/100
|-damage|p1a: Arceus|10/100|[from] Stealth Rock
|-damage|p2a: Arceus|94/100|[from] Stealth Rock
|turn|21
|
|t:|1664441120
|move|p1a: Arceus|Extreme Speed|p2a: Arceus
|-crit|p2a: Arceus
|-damage|p2a: Arceus|42/100
|move|p2a: Arceus|Extreme Speed|p1a: Arceus
|-damage|p1a: Arceus|0 fnt
|faint|p1a: Arceus
|
|-weather|RainDance|[upkeep]
|upkeep
|c|☆utvsutvs|o
|
|t:|1664441126
|switch|p1a: Calyrex|Calyrex-Shadow|46/100
|-ability|p1a: Calyrex|As One
|-ability|p1a: Calyrex|Unnerve
|-damage|p1a: Calyrex|33/100|[from] Stealth Rock
|turn|22
|
|t:|1664441130
|move|p1a: Calyrex|Astral Barrage|p2a: Arceus
|-damage|p2a: Arceus|0 fnt
|faint|p2a: Arceus
|
|win|Naofumi_Bakugo_Jax
|raw|Naofumi_Bakugo_Jax's rating: 1600 &rarr; <strong>1631</strong><br />(+31 for winning)
|raw|utvsutvs's rating: 1810 &rarr; <strong>1779</strong><br />(-31 for losing)
|l|☆utvsutvs
