|j|☆cotesmcgotes
|j|☆Snakethey
|t:|1667143095
|gametype|singles
|player|p1|cotesmcgotes|brendan|1541
|player|p2|Snakethey|steven|1729
|teamsize|p1|6
|teamsize|p2|6
|gen|8
|tier|[Gen 8] National Dex AG
|rated|
|rule|HP Percentage Mod: HP is shown in percentages
|rule|Endless Battle Clause: Forcing endless battles is banned
|clearpoke
|poke|p1|Quagsire, F|
|poke|p1|Breloom, F|
|poke|p1|Kangaskhan, F|
|poke|p1|Rayquaza|
|poke|p1|Ninjask, F|
|poke|p1|Zacian-*|
|poke|p2|Mewtwo|
|poke|p2|Arceus-*|
|poke|p2|Arceus-*|
|poke|p2|Ditto|
|poke|p2|Zacian-*|
|poke|p2|Calyrex-Shadow|
|teampreview
|inactive|Battle timer is ON: inactive players will automatically lose when time's up. (requested by cotesmcgotes)
|
|t:|1667143110
|start
|switch|p1a: Ninjask|Ninjask, F|100/100
|switch|p2a: Mewtwo|Mewtwo|100/100
|-ability|p2a: Mewtwo|Unnerve
|turn|1
|
|t:|1667143116
|detailschange|p2a: Mewtwo|Mewtwo-Mega-X
|-mega|p2a: Mewtwo|Mewtwo|Mewtwonite X
|move|p1a: Ninjask|Protect|p1a: Ninjask
|-singleturn|p1a: Ninjask|Protect
|move|p2a: Mewtwo|Fire Punch|p1a: Ninjask
|-activate|p1a: Ninjask|move: Protect
|
|-ability|p1a: Ninjask|Speed Boost|boost
|-boost|p1a: Ninjask|spe|1
|upkeep
|turn|2
|
|t:|1667143127
|move|p1a: Ninjask|Substitute|p1a: Ninjask
|-start|p1a: Ninjask|Substitute
|-damage|p1a: Ninjask|76/100
|move|p2a: Mewtwo|Fire Punch|p1a: Ninjask
|-supereffective|p1a: Ninjask
|-end|p1a: Ninjask|Substitute
|
|-heal|p1a: Ninjask|82/100|[from] item: Leftovers
|-ability|p1a: Ninjask|Speed Boost|boost
|-boost|p1a: Ninjask|spe|1
|upkeep
|turn|3
|
|t:|1667143133
|move|p1a: Ninjask|Protect|p1a: Ninjask
|-singleturn|p1a: Ninjask|Protect
|move|p2a: Mewtwo|Fire Punch|p1a: Ninjask
|-activate|p1a: Ninjask|move: Protect
|
|-heal|p1a: Ninjask|88/100|[from] item: Leftovers
|-ability|p1a: Ninjask|Speed Boost|boost
|-boost|p1a: Ninjask|spe|1
|upkeep
|turn|4
|
|t:|1667143140
|move|p1a: Ninjask|Substitute|p1a: Ninjask
|-start|p1a: Ninjask|Substitute
|-damage|p1a: Ninjask|63/100
|move|p2a: Mewtwo|Zen Headbutt|p1a: Ninjask
|-end|p1a: Ninjask|Substitute
|
|-heal|p1a: Ninjask|69/100|[from] item: Leftovers
|-ability|p1a: Ninjask|Speed Boost|boost
|-boost|p1a: Ninjask|spe|1
|upkeep
|turn|5
|
|t:|1667143165
|move|p1a: Ninjask|Protect|p1a: Ninjask
|-singleturn|p1a: Ninjask|Protect
|move|p2a: Mewtwo|Zen Headbutt|p1a: Ninjask
|-activate|p1a: Ninjask|move: Protect
|
|-heal|p1a: Ninjask|75/100|[from] item: Leftovers
|-ability|p1a: Ninjask|Speed Boost|boost
|-boost|p1a: Ninjask|spe|1
|upkeep
|turn|6
|
|t:|1667143175
|move|p1a: Ninjask|Substitute|p1a: Ninjask
|-start|p1a: Ninjask|Substitute
|-damage|p1a: Ninjask|50/100
|move|p2a: Mewtwo|Fire Punch|p1a: Ninjask
|-supereffective|p1a: Ninjask
|-end|p1a: Ninjask|Substitute
|
|-heal|p1a: Ninjask|57/100|[from] item: Leftovers
|-ability|p1a: Ninjask|Speed Boost|boost
|-boost|p1a: Ninjask|spe|1
|upkeep
|turn|7
|inactive|cotesmcgotes has 120 seconds left.
|
|t:|1667143198
|move|p1a: Ninjask|Baton Pass|p1a: Ninjask
|
|t:|1667143200
|switch|p1a: Zacian|Zacian-Crowned, shiny|100/100|[from]move: Baton Pass
|-ability|p1a: Zacian|Intrepid Sword|boost
|-boost|p1a: Zacian|atk|1
|move|p2a: Mewtwo|Zen Headbutt|p1a: Zacian
|-resisted|p1a: Zacian
|-damage|p1a: Zacian|75/100
|
|upkeep
|turn|8
|
|t:|1667143211
|move|p1a: Zacian|Behemoth Blade|p2a: Mewtwo
|-damage|p2a: Mewtwo|2/100
|move|p2a: Mewtwo|Earthquake|p1a: Zacian
|-supereffective|p1a: Zacian
|-damage|p1a: Zacian|0 fnt
|faint|p1a: Zacian
|
|upkeep
|
|t:|1667143220
|switch|p1a: Kangaskhan|Kangaskhan, F|100/100
|turn|9
|
|t:|1667143230
|detailschange|p1a: Kangaskhan|Kangaskhan-Mega, F
|-mega|p1a: Kangaskhan|Kangaskhan|Kangaskhanite
|move|p1a: Kangaskhan|Fake Out|p2a: Mewtwo
|-damage|p2a: Mewtwo|0 fnt
|faint|p2a: Mewtwo
|-hitcount|p2: Mewtwo|1
|
|upkeep
|
|t:|1667143236
|switch|p2a: Arceus|Arceus-Ground|100/100
|turn|10
|
|t:|1667143248
|switch|p1a: Rayquaza|Rayquaza|100/100
|-ability|p1a: Rayquaza|Air Lock
|move|p2a: Arceus|Stealth Rock|p1a: Rayquaza
|-sidestart|p1: cotesmcgotes|move: Stealth Rock
|
|upkeep
|turn|11
|
|t:|1667143262
|move|p2a: Arceus|Extreme Speed|p1a: Rayquaza
|-damage|p1a: Rayquaza|71/100
|move|p1a: Rayquaza|Surf|p2a: Arceus
|-supereffective|p2a: Arceus
|-crit|p2a: Arceus
|-damage|p2a: Arceus|28/100
|
|upkeep
|turn|12
|
|t:|1667143271
|switch|p2a: Arceus|Arceus|100/100
|move|p1a: Rayquaza|Surf|p2a: Arceus
|-damage|p2a: Arceus|79/100
|
|upkeep
|turn|13
|
|t:|1667143276
|move|p1a: Rayquaza|Defog|p2a: Arceus
|-unboost|p2a: Arceus|evasion|1
|-sideend|p1: cotesmcgotes|Stealth Rock|[from] move: Defog|[of] p1a: Rayquaza
|move|p2a: Arceus|Swords Dance|p2a: Arceus
|-boost|p2a: Arceus|atk|2
|
|upkeep
|turn|14
|
|t:|1667143285
|switch|p1a: Quagsire|Quagsire, F|100/100
|move|p2a: Arceus|Extreme Speed|p1a: Quagsire
|-damage|p1a: Quagsire|71/100
|-damage|p2a: Arceus|63/100|[from] item: Rocky Helmet|[of] p1a: Quagsire
|
|upkeep
|turn|15
|
|t:|1667143292
|switch|p2a: Calyrex|Calyrex-Shadow|100/100
|-ability|p2a: Calyrex|As One
|-ability|p2a: Calyrex|Unnerve
|move|p1a: Quagsire|Recover|p1a: Quagsire
|-heal|p1a: Quagsire|100/100
|
|upkeep
|turn|16
|
|t:|1667143297
|switch|p1a: Kangaskhan|Kangaskhan-Mega, F|100/100
|move|p2a: Calyrex|Energy Ball|p1a: Kangaskhan
|-damage|p1a: Kangaskhan|65/100
|
|upkeep
|turn|17
|
|t:|1667143303
|switch|p2a: Zacian|Zacian-Crowned|100/100
|-ability|p2a: Zacian|Intrepid Sword|boost
|-boost|p2a: Zacian|atk|1
|move|p1a: Kangaskhan|Sucker Punch||[still]
|-fail|p1a: Kangaskhan
|
|upkeep
|turn|18
|
|t:|1667143310
|switch|p1a: Quagsire|Quagsire, F|100/100
|move|p2a: Zacian|Play Rough|p1a: Quagsire
|-damage|p1a: Quagsire|58/100
|-unboost|p1a: Quagsire|atk|1
|-damage|p2a: Zacian|84/100|[from] item: Rocky Helmet|[of] p1a: Quagsire
|
|upkeep
|turn|19
|
|t:|1667143319
|switch|p2a: Arceus|Arceus-Ground|28/100
|move|p1a: Quagsire|Recover|p1a: Quagsire
|-heal|p1a: Quagsire|100/100
|
|upkeep
|turn|20
|
|t:|1667143326
|switch|p1a: Rayquaza|Rayquaza|71/100
|-ability|p1a: Rayquaza|Air Lock
|move|p2a: Arceus|Recover|p2a: Arceus
|-heal|p2a: Arceus|78/100
|
|upkeep
|turn|21
|
|t:|1667143336
|switch|p2a: Zacian|Zacian-Crowned|84/100
|-ability|p2a: Zacian|Intrepid Sword|boost
|-boost|p2a: Zacian|atk|1
|move|p1a: Rayquaza|Surf|p2a: Zacian
|-damage|p2a: Zacian|50/100
|
|upkeep
|turn|22
|
|t:|1667143347
|switch|p1a: Quagsire|Quagsire, F|100/100
|move|p2a: Zacian|Play Rough|p1a: Quagsire
|-damage|p1a: Quagsire|57/100
|-unboost|p1a: Quagsire|atk|1
|-damage|p2a: Zacian|33/100|[from] item: Rocky Helmet|[of] p1a: Quagsire
|
|upkeep
|turn|23
|
|t:|1667143353
|move|p2a: Zacian|Play Rough|p1a: Quagsire
|-damage|p1a: Quagsire|15/100
|-damage|p2a: Zacian|17/100|[from] item: Rocky Helmet|[of] p1a: Quagsire
|move|p1a: Quagsire|Recover|p1a: Quagsire
|-heal|p1a: Quagsire|65/100
|
|upkeep
|turn|24
|
|t:|1667143361
|switch|p2a: Calyrex|Calyrex-Shadow|100/100
|-ability|p2a: Calyrex|As One
|-ability|p2a: Calyrex|Unnerve
|move|p1a: Quagsire|Recover|p1a: Quagsire
|-heal|p1a: Quagsire|100/100
|
|upkeep
|turn|25
|
|t:|1667143367
|switch|p1a: Kangaskhan|Kangaskhan-Mega, F|65/100
|move|p2a: Calyrex|Energy Ball|p1a: Kangaskhan
|-damage|p1a: Kangaskhan|27/100
|
|upkeep
|turn|26
|
|t:|1667143374
|switch|p2a: Zacian|Zacian-Crowned|17/100
|-ability|p2a: Zacian|Intrepid Sword|boost
|-boost|p2a: Zacian|atk|1
|move|p1a: Kangaskhan|Sucker Punch||[still]
|-fail|p1a: Kangaskhan
|
|upkeep
|turn|27
|
|t:|1667143378
|switch|p1a: Quagsire|Quagsire, F|100/100
|move|p2a: Zacian|Close Combat|p1a: Quagsire
|-damage|p1a: Quagsire|66/100
|-unboost|p2a: Zacian|def|1
|-unboost|p2a: Zacian|spd|1
|-damage|p2a: Zacian|0 fnt|[from] item: Rocky Helmet|[of] p1a: Quagsire
|faint|p2a: Zacian
|
|upkeep
|
|t:|1667143382
|switch|p2a: Calyrex|Calyrex-Shadow|100/100
|-ability|p2a: Calyrex|As One
|-ability|p2a: Calyrex|Unnerve
|turn|28
|
|t:|1667143396
|switch|p1a: Rayquaza|Rayquaza|71/100
|-ability|p1a: Rayquaza|Air Lock
|move|p2a: Calyrex|Energy Ball|p1a: Rayquaza
|-resisted|p1a: Rayquaza
|-damage|p1a: Rayquaza|61/100
|-unboost|p1a: Rayquaza|spd|1
|
|upkeep
|turn|29
|
|t:|1667143409
|-start|p2a: Calyrex|Dynamax|
|-heal|p2a: Calyrex|100/100|[silent]
|-start|p1a: Rayquaza|Dynamax|
|-heal|p1a: Rayquaza|61/100|[silent]
|move|p2a: Calyrex|Max Phantasm|p1a: Rayquaza
|-damage|p1a: Rayquaza|0 fnt
|faint|p1a: Rayquaza
|-ability|p2a: Calyrex|Grim Neigh|boost
|-boost|p2a: Calyrex|spa|1
|
|upkeep
|
|t:|1667143416
|switch|p1a: Kangaskhan|Kangaskhan-Mega, F|27/100
|turn|30
|
|t:|1667143428
|-end|p2a: Calyrex|Dynamax
|-heal|p2a: Calyrex|100/100|[silent]
|switch|p2a: Arceus|Arceus|63/100
|move|p1a: Kangaskhan|Sucker Punch||[still]
|-fail|p1a: Kangaskhan
|
|upkeep
|turn|31
|
|t:|1667143435
|switch|p1a: Quagsire|Quagsire, F|66/100
|move|p2a: Arceus|Extreme Speed|p1a: Quagsire
|-damage|p1a: Quagsire|39/100
|-damage|p2a: Arceus|46/100|[from] item: Rocky Helmet|[of] p1a: Quagsire
|
|upkeep
|turn|32
|
|t:|1667143441
|switch|p2a: Calyrex|Calyrex-Shadow|100/100
|-ability|p2a: Calyrex|As One
|-ability|p2a: Calyrex|Unnerve
|move|p1a: Quagsire|Recover|p1a: Quagsire
|-heal|p1a: Quagsire|89/100
|
|upkeep
|turn|33
|
|t:|1667143468
|switch|p1a: Ninjask|Ninjask, F|57/100
|move|p2a: Calyrex|Energy Ball|p1a: Ninjask
|-resisted|p1a: Ninjask
|-crit|p1a: Ninjask
|-damage|p1a: Ninjask|31/100
|
|-heal|p1a: Ninjask|37/100|[from] item: Leftovers
|upkeep
|turn|34
|
|t:|1667143475
|move|p1a: Ninjask|Protect|p1a: Ninjask
|-singleturn|p1a: Ninjask|Protect
|move|p2a: Calyrex|Astral Barrage|p1a: Ninjask
|-activate|p1a: Ninjask|move: Protect
|
|-heal|p1a: Ninjask|43/100|[from] item: Leftovers
|-ability|p1a: Ninjask|Speed Boost|boost
|-boost|p1a: Ninjask|spe|1
|upkeep
|turn|35
|
|t:|1667143482
|move|p1a: Ninjask|Substitute|p1a: Ninjask
|-start|p1a: Ninjask|Substitute
|-damage|p1a: Ninjask|19/100
|move|p2a: Calyrex|Astral Barrage|p1a: Ninjask
|-end|p1a: Ninjask|Substitute
|
|-heal|p1a: Ninjask|25/100|[from] item: Leftovers
|-ability|p1a: Ninjask|Speed Boost|boost
|-boost|p1a: Ninjask|spe|1
|upkeep
|turn|36
|
|t:|1667143491
|move|p1a: Ninjask|Protect|p1a: Ninjask
|-singleturn|p1a: Ninjask|Protect
|move|p2a: Calyrex|Psyshock|p1a: Ninjask
|-activate|p1a: Ninjask|move: Protect
|
|-heal|p1a: Ninjask|31/100|[from] item: Leftovers
|-ability|p1a: Ninjask|Speed Boost|boost
|-boost|p1a: Ninjask|spe|1
|upkeep
|turn|37
|
|t:|1667143502
|move|p1a: Ninjask|Substitute|p1a: Ninjask
|-start|p1a: Ninjask|Substitute
|-damage|p1a: Ninjask|6/100
|move|p2a: Calyrex|Psyshock|p1a: Ninjask
|-end|p1a: Ninjask|Substitute
|
|-heal|p1a: Ninjask|12/100|[from] item: Leftovers
|-ability|p1a: Ninjask|Speed Boost|boost
|-boost|p1a: Ninjask|spe|1
|upkeep
|turn|38
|
|t:|1667143508
|move|p1a: Ninjask|Protect|p1a: Ninjask
|-singleturn|p1a: Ninjask|Protect
|move|p2a: Calyrex|Psyshock|p1a: Ninjask
|-activate|p1a: Ninjask|move: Protect
|
|-heal|p1a: Ninjask|18/100|[from] item: Leftovers
|-ability|p1a: Ninjask|Speed Boost|boost
|-boost|p1a: Ninjask|spe|1
|upkeep
|turn|39
|
|t:|1667143523
|move|p1a: Ninjask|Baton Pass|p1a: Ninjask
|
|t:|1667143524
|switch|p1a: Breloom|Breloom, F|100/100|[from]move: Baton Pass
|move|p2a: Calyrex|Psyshock|p1a: Breloom
|-supereffective|p1a: Breloom
|-damage|p1a: Breloom|7/100
|
|-status|p1a: Breloom|tox|[from] item: Toxic Orb
|upkeep
|turn|40
|
|t:|1667143536
|switch|p2a: Arceus|Arceus-Ground|78/100
|move|p1a: Breloom|Spore|p2a: Arceus
|-status|p2a: Arceus|slp|[from] move: Spore
|
|-heal|p1a: Breloom|19/100 tox|[from] ability: Poison Heal
|upkeep
|turn|41
|
|t:|1667143543
|move|p1a: Breloom|Leech Seed|p2a: Arceus
|-start|p2a: Arceus|move: Leech Seed
|cant|p2a: Arceus|slp
|
|-damage|p2a: Arceus|66/100 slp|[from] Leech Seed|[of] p1a: Breloom
|-heal|p1a: Breloom|36/100 tox|[silent]
|-heal|p1a: Breloom|49/100 tox|[from] ability: Poison Heal
|upkeep
|turn|42
|
|t:|1667143547
|switch|p2a: Ditto|Ditto|100/100
|-transform|p2a: Ditto|p1a: Breloom|[from] ability: Imposter
|move|p1a: Breloom|Substitute|p1a: Breloom
|-start|p1a: Breloom|Substitute
|-damage|p1a: Breloom|24/100 tox
|
|-heal|p1a: Breloom|36/100 tox|[from] ability: Poison Heal
|upkeep
|turn|43
|
|t:|1667143558
|switch|p2a: Calyrex|Calyrex-Shadow|100/100
|-ability|p2a: Calyrex|As One
|-ability|p2a: Calyrex|Unnerve
|-singleturn|p1a: Breloom|move: Focus Punch
|move|p1a: Breloom|Focus Punch|p2a: Calyrex
|-immune|p2a: Calyrex
|
|-heal|p1a: Breloom|49/100 tox|[from] ability: Poison Heal
|upkeep
|turn|44
|
|t:|1667143562
|move|p1a: Breloom|Spore|p2a: Calyrex
|-status|p2a: Calyrex|slp|[from] move: Spore
|cant|p2a: Calyrex|slp
|
|-heal|p1a: Breloom|61/100 tox|[from] ability: Poison Heal
|upkeep
|turn|45
|
|t:|1667143571
|move|p1a: Breloom|Leech Seed|p2a: Calyrex
|-start|p2a: Calyrex|move: Leech Seed
|-curestatus|p2a: Calyrex|slp|[msg]
|move|p2a: Calyrex|Psyshock|p1a: Breloom
|-supereffective|p1a: Breloom
|-end|p1a: Breloom|Substitute
|
|-damage|p2a: Calyrex|88/100|[from] Leech Seed|[of] p1a: Breloom
|-heal|p1a: Breloom|74/100 tox|[silent]
|-heal|p1a: Breloom|87/100 tox|[from] ability: Poison Heal
|upkeep
|turn|46
|
|t:|1667143577
|switch|p2a: Arceus|Arceus|46/100
|move|p1a: Breloom|Spore|p2a: Arceus
|-status|p2a: Arceus|slp|[from] move: Spore
|-enditem|p2a: Arceus|Lum Berry|[eat]
|-curestatus|p2a: Arceus|slp|[msg]
|
|-heal|p1a: Breloom|99/100 tox|[from] ability: Poison Heal
|upkeep
|turn|47
|
|t:|1667143588
|move|p1a: Breloom|Spore|p2a: Arceus
|-status|p2a: Arceus|slp|[from] move: Spore
|cant|p2a: Arceus|slp
|
|-heal|p1a: Breloom|100/100 tox|[from] ability: Poison Heal
|upkeep
|turn|48
|
|t:|1667143593
|cant|p2a: Arceus|slp
|move|p1a: Breloom|Substitute|p1a: Breloom
|-start|p1a: Breloom|Substitute
|-damage|p1a: Breloom|76/100 tox
|
|-heal|p1a: Breloom|88/100 tox|[from] ability: Poison Heal
|upkeep
|turn|49
|
|t:|1667143596
|cant|p2a: Arceus|slp
|move|p1a: Breloom|Leech Seed|p2a: Arceus
|-start|p2a: Arceus|move: Leech Seed
|
|-damage|p2a: Arceus|34/100 slp|[from] Leech Seed|[of] p1a: Breloom
|-heal|p1a: Breloom|100/100 tox|[silent]
|upkeep
|turn|50
|
|t:|1667143605
|-singleturn|p1a: Breloom|move: Focus Punch
|-curestatus|p2a: Arceus|slp|[msg]
|move|p2a: Arceus|Extreme Speed|p1a: Breloom
|-end|p1a: Breloom|Substitute
|move|p1a: Breloom|Focus Punch|p2a: Arceus
|-supereffective|p2a: Arceus
|-damage|p2a: Arceus|0 fnt
|faint|p2a: Arceus
|
|upkeep
|
|t:|1667143620
|switch|p2a: Ditto|Ditto|100/100
|-transform|p2a: Ditto|p1a: Breloom|[from] ability: Imposter
|turn|51
|
|t:|1667143641
|-singleturn|p2a: Ditto|move: Focus Punch
|move|p1a: Breloom|Substitute|p1a: Breloom
|-start|p1a: Breloom|Substitute
|-damage|p1a: Breloom|76/100 tox
|move|p2a: Ditto|Focus Punch|p1a: Breloom
|-end|p1a: Breloom|Substitute
|
|-heal|p1a: Breloom|88/100 tox|[from] ability: Poison Heal
|upkeep
|turn|52
|
|t:|1667143653
|-singleturn|p2a: Ditto|move: Focus Punch
|move|p1a: Breloom|Substitute|p1a: Breloom
|-start|p1a: Breloom|Substitute
|-damage|p1a: Breloom|63/100 tox
|move|p2a: Ditto|Focus Punch|p1a: Breloom
|-end|p1a: Breloom|Substitute
|
|-heal|p1a: Breloom|76/100 tox|[from] ability: Poison Heal
|upkeep
|turn|53
|
|t:|1667143663
|-singleturn|p2a: Ditto|move: Focus Punch
|move|p1a: Breloom|Substitute|p1a: Breloom
|-start|p1a: Breloom|Substitute
|-damage|p1a: Breloom|51/100 tox
|move|p2a: Ditto|Focus Punch|p1a: Breloom
|-end|p1a: Breloom|Substitute
|
|-heal|p1a: Breloom|63/100 tox|[from] ability: Poison Heal
|upkeep
|turn|54
|
|t:|1667143673
|-singleturn|p2a: Ditto|move: Focus Punch
|move|p1a: Breloom|Substitute|p1a: Breloom
|-start|p1a: Breloom|Substitute
|-damage|p1a: Breloom|39/100 tox
|move|p2a: Ditto|Focus Punch|p1a: Breloom
|-end|p1a: Breloom|Substitute
|
|-heal|p1a: Breloom|51/100 tox|[from] ability: Poison Heal
|upkeep
|turn|55
|
|t:|1667143683
|-singleturn|p2a: Ditto|move: Focus Punch
|move|p1a: Breloom|Substitute|p1a: Breloom
|-start|p1a: Breloom|Substitute
|-damage|p1a: Breloom|26/100 tox
|move|p2a: Ditto|Focus Punch|p1a: Breloom
|-end|p1a: Breloom|Substitute
|
|-heal|p1a: Breloom|39/100 tox|[from] ability: Poison Heal
|upkeep
|turn|56
|
|t:|1667143696
|switch|p2a: Calyrex|Calyrex-Shadow|88/100
|-ability|p2a: Calyrex|As One
|-ability|p2a: Calyrex|Unnerve
|move|p1a: Breloom|Spore|p2a: Calyrex
|-status|p2a: Calyrex|slp|[from] move: Spore
|
|-heal|p1a: Breloom|51/100 tox|[from] ability: Poison Heal
|upkeep
|turn|57
|
|t:|1667143699
|switch|p2a: Ditto|Ditto|100/100
|-transform|p2a: Ditto|p1a: Breloom|[from] ability: Imposter
|move|p1a: Breloom|Substitute|p1a: Breloom
|-start|p1a: Breloom|Substitute
|-damage|p1a: Breloom|26/100 tox
|
|-heal|p1a: Breloom|39/100 tox|[from] ability: Poison Heal
|upkeep
|turn|58
|
|t:|1667143704
|-singleturn|p2a: Ditto|move: Focus Punch
|-singleturn|p1a: Breloom|move: Focus Punch
|move|p2a: Ditto|Focus Punch|p1a: Breloom
|-end|p1a: Breloom|Substitute
|move|p1a: Breloom|Focus Punch|p2a: Ditto
|-damage|p2a: Ditto|34/100
|
|-heal|p1a: Breloom|51/100 tox|[from] ability: Poison Heal
|upkeep
|turn|59
|
|t:|1667143717
|-singleturn|p2a: Ditto|move: Focus Punch
|move|p1a: Breloom|Substitute|p1a: Breloom
|-start|p1a: Breloom|Substitute
|-damage|p1a: Breloom|26/100 tox
|move|p2a: Ditto|Focus Punch|p1a: Breloom
|-end|p1a: Breloom|Substitute
|
|-heal|p1a: Breloom|39/100 tox|[from] ability: Poison Heal
|upkeep
|turn|60
|
|t:|1667143735
|-singleturn|p2a: Ditto|move: Focus Punch
|move|p1a: Breloom|Substitute|p1a: Breloom
|-start|p1a: Breloom|Substitute
|-damage|p1a: Breloom|14/100 tox
|move|p2a: Ditto|Focus Punch|p1a: Breloom
|-end|p1a: Breloom|Substitute
|
|-heal|p1a: Breloom|26/100 tox|[from] ability: Poison Heal
|upkeep
|turn|61
|
|t:|1667143750
|-singleturn|p2a: Ditto|move: Focus Punch
|move|p1a: Breloom|Substitute|p1a: Breloom
|-start|p1a: Breloom|Substitute
|-damage|p1a: Breloom|1/100 tox
|move|p2a: Ditto|Focus Punch|p1a: Breloom
|-end|p1a: Breloom|Substitute
|
|-heal|p1a: Breloom|14/100 tox|[from] ability: Poison Heal
|upkeep
|turn|62
|
|t:|1667143768
|switch|p1a: Quagsire|Quagsire, F|89/100
|-singleturn|p2a: Ditto|move: Focus Punch
|move|p2a: Ditto|Focus Punch|p1a: Quagsire
|-damage|p1a: Quagsire|43/100
|-damage|p2a: Ditto|18/100|[from] item: Rocky Helmet|[of] p1a: Quagsire
|
|upkeep
|turn|63
|inactive|cotesmcgotes has 120 seconds left.
|
|t:|1667143784
|switch|p2a: Calyrex|Calyrex-Shadow|88/100 slp
|-ability|p2a: Calyrex|As One
|-ability|p2a: Calyrex|Unnerve
|switch|p1a: Ninjask|Ninjask, F|18/100
|
|-heal|p1a: Ninjask|24/100|[from] item: Leftovers
|upkeep
|turn|64
|inactive|cotesmcgotes has 120 seconds left.
|
|t:|1667143805
|move|p1a: Ninjask|Protect|p1a: Ninjask
|-singleturn|p1a: Ninjask|Protect
|cant|p2a: Calyrex|slp
|
|-heal|p1a: Ninjask|31/100|[from] item: Leftovers
|-ability|p1a: Ninjask|Speed Boost|boost
|-boost|p1a: Ninjask|spe|1
|upkeep
|turn|65
|
|t:|1667143820
|move|p1a: Ninjask|Substitute|p1a: Ninjask
|-start|p1a: Ninjask|Substitute
|-damage|p1a: Ninjask|6/100
|cant|p2a: Calyrex|slp
|
|-heal|p1a: Ninjask|12/100|[from] item: Leftovers
|-ability|p1a: Ninjask|Speed Boost|boost
|-boost|p1a: Ninjask|spe|1
|upkeep
|turn|66
|inactive|cotesmcgotes has 90 seconds left.
|
|t:|1667143862
|move|p1a: Ninjask|Protect|p1a: Ninjask
|-singleturn|p1a: Ninjask|Protect
|-curestatus|p2a: Calyrex|slp|[msg]
|move|p2a: Calyrex|Psyshock|p1a: Ninjask
|-activate|p1a: Ninjask|move: Protect
|
|-heal|p1a: Ninjask|18/100|[from] item: Leftovers
|-ability|p1a: Ninjask|Speed Boost|boost
|-boost|p1a: Ninjask|spe|1
|upkeep
|turn|67
|
|t:|1667143879
|switch|p2a: Arceus|Arceus-Ground|66/100 slp
|move|p1a: Ninjask|Baton Pass|p1a: Ninjask
|
|t:|1667143883
|switch|p1a: Breloom|Breloom, F|14/100 tox|[from]move: Baton Pass
|
|-heal|p1a: Breloom|26/100 tox|[from] ability: Poison Heal
|upkeep
|turn|68
|
|t:|1667143899
|-singleturn|p1a: Breloom|move: Focus Punch
|-curestatus|p2a: Arceus|slp|[msg]
|move|p2a: Arceus|Stealth Rock|p1a: Breloom
|-sidestart|p1: cotesmcgotes|move: Stealth Rock
|move|p1a: Breloom|Focus Punch|p2a: Arceus
|-damage|p2a: Arceus|21/100
|
|-heal|p1a: Breloom|39/100 tox|[from] ability: Poison Heal
|upkeep
|turn|69
|
|t:|1667143907
|move|p2a: Arceus|Extreme Speed|p1a: Breloom
|-activate|p1a: Breloom|move: Substitute|[damage]
|move|p1a: Breloom|Spore|p2a: Arceus
|-status|p2a: Arceus|slp|[from] move: Spore
|
|-heal|p1a: Breloom|51/100 tox|[from] ability: Poison Heal
|upkeep
|turn|70
|
|t:|1667143919
|move|p1a: Breloom|Leech Seed|p2a: Arceus
|-start|p2a: Arceus|move: Leech Seed
|cant|p2a: Arceus|slp
|
|-damage|p2a: Arceus|8/100 slp|[from] Leech Seed|[of] p1a: Breloom
|-heal|p1a: Breloom|68/100 tox|[silent]
|-heal|p1a: Breloom|80/100 tox|[from] ability: Poison Heal
|upkeep
|turn|71
|inactive|cotesmcgotes has 60 seconds left.
|
|t:|1667143954
|switch|p2a: Calyrex|Calyrex-Shadow|88/100
|-ability|p2a: Calyrex|As One
|-ability|p2a: Calyrex|Unnerve
|-singleturn|p1a: Breloom|move: Focus Punch
|move|p1a: Breloom|Focus Punch|p2a: Calyrex
|-immune|p2a: Calyrex
|
|-heal|p1a: Breloom|93/100 tox|[from] ability: Poison Heal
|upkeep
|turn|72
|
|t:|1667143958
|move|p1a: Breloom|Spore|p2a: Calyrex
|-status|p2a: Calyrex|slp|[from] move: Spore
|cant|p2a: Calyrex|slp
|
|-heal|p1a: Breloom|100/100 tox|[from] ability: Poison Heal
|upkeep
|turn|73
|
|t:|1667143962
|move|p1a: Breloom|Leech Seed|p2a: Calyrex
|-start|p2a: Calyrex|move: Leech Seed
|cant|p2a: Calyrex|slp
|
|-damage|p2a: Calyrex|76/100 slp|[from] Leech Seed|[of] p1a: Breloom
|upkeep
|turn|74
|
|t:|1667143975
|-singleturn|p1a: Breloom|move: Focus Punch
|-curestatus|p2a: Calyrex|slp|[msg]
|move|p2a: Calyrex|Psyshock|p1a: Breloom
|-supereffective|p1a: Breloom
|-end|p1a: Breloom|Substitute
|move|p1a: Breloom|Focus Punch|p2a: Calyrex
|-immune|p2a: Calyrex
|
|-damage|p2a: Calyrex|64/100|[from] Leech Seed|[of] p1a: Breloom
|upkeep
|turn|75
|
|t:|1667143981
|switch|p2a: Ditto|Ditto|18/100
|-transform|p2a: Ditto|p1a: Breloom|[from] ability: Imposter
|move|p1a: Breloom|Spore|p2a: Ditto
|-immune|p2a: Ditto
|
|upkeep
|turn|76
|
|t:|1667143997
|-singleturn|p2a: Ditto|move: Focus Punch
|move|p1a: Breloom|Substitute|p1a: Breloom
|-start|p1a: Breloom|Substitute
|-damage|p1a: Breloom|76/100 tox
|move|p2a: Ditto|Focus Punch|p1a: Breloom
|-end|p1a: Breloom|Substitute
|
|-heal|p1a: Breloom|88/100 tox|[from] ability: Poison Heal
|upkeep
|turn|77
|
|t:|1667144015
|-singleturn|p2a: Ditto|move: Focus Punch
|move|p1a: Breloom|Substitute|p1a: Breloom
|-start|p1a: Breloom|Substitute
|-damage|p1a: Breloom|63/100 tox
|move|p2a: Ditto|Focus Punch|p1a: Breloom
|-end|p1a: Breloom|Substitute
|
|-heal|p1a: Breloom|76/100 tox|[from] ability: Poison Heal
|upkeep
|turn|78
|
|t:|1667144025
|-singleturn|p2a: Ditto|move: Focus Punch
|move|p1a: Breloom|Substitute|p1a: Breloom
|-start|p1a: Breloom|Substitute
|-damage|p1a: Breloom|51/100 tox
|move|p2a: Ditto|Focus Punch|p1a: Breloom
|-end|p1a: Breloom|Substitute
|
|-heal|p1a: Breloom|63/100 tox|[from] ability: Poison Heal
|upkeep
|turn|79
|
|t:|1667144032
|-singleturn|p2a: Ditto|move: Focus Punch
|move|p1a: Breloom|Substitute|p1a: Breloom
|-start|p1a: Breloom|Substitute
|-damage|p1a: Breloom|39/100 tox
|move|p2a: Ditto|Focus Punch|p1a: Breloom
|-end|p1a: Breloom|Substitute
|
|-heal|p1a: Breloom|51/100 tox|[from] ability: Poison Heal
|upkeep
|turn|80
|
|t:|1667144042
|-singleturn|p2a: Ditto|move: Focus Punch
|move|p1a: Breloom|Substitute|p1a: Breloom
|-start|p1a: Breloom|Substitute
|-damage|p1a: Breloom|26/100 tox
|move|p2a: Ditto|Focus Punch|p1a: Breloom
|-end|p1a: Breloom|Substitute
|
|-heal|p1a: Breloom|39/100 tox|[from] ability: Poison Heal
|upkeep
|turn|81
|inactive|cotesmcgotes has 60 seconds left.
|
|t:|1667144074
|switch|p2a: Calyrex|Calyrex-Shadow|64/100
|-ability|p2a: Calyrex|As One
|-ability|p2a: Calyrex|Unnerve
|move|p1a: Breloom|Leech Seed|p2a: Calyrex
|-start|p2a: Calyrex|move: Leech Seed
|
|-damage|p2a: Calyrex|51/100|[from] Leech Seed|[of] p1a: Breloom
|-heal|p1a: Breloom|52/100 tox|[silent]
|-heal|p1a: Breloom|64/100 tox|[from] ability: Poison Heal
|upkeep
|turn|82
|
|t:|1667144085
|switch|p2a: Ditto|Ditto|18/100
|-transform|p2a: Ditto|p1a: Breloom|[from] ability: Imposter
|move|p1a: Breloom|Spore|p2a: Ditto
|-immune|p2a: Ditto
|
|-heal|p1a: Breloom|76/100 tox|[from] ability: Poison Heal
|upkeep
|turn|83
|
|t:|1667144093
|switch|p1a: Quagsire|Quagsire, F|43/100
|-damage|p1a: Quagsire|37/100|[from] Stealth Rock
|-singleturn|p2a: Ditto|move: Focus Punch
|move|p2a: Ditto|Focus Punch|p1a: Quagsire
|-damage|p1a: Quagsire|0 fnt
|-damage|p2a: Ditto|1/100|[from] item: Rocky Helmet|[of] p1a: Quagsire
|faint|p1a: Quagsire
|
|upkeep
|
|t:|1667144102
|switch|p1a: Kangaskhan|Kangaskhan-Mega, F|27/100
|-damage|p1a: Kangaskhan|15/100|[from] Stealth Rock
|turn|84
|
|t:|1667144109
|-singleturn|p2a: Ditto|move: Focus Punch
|move|p1a: Kangaskhan|Fake Out|p2a: Ditto
|-damage|p2a: Ditto|0 fnt
|faint|p2a: Ditto
|-hitcount|p2: Ditto|1
|
|upkeep
|
|t:|1667144113
|switch|p2a: Arceus|Arceus-Ground|8/100 slp
|turn|85
|inactive|cotesmcgotes has 90 seconds left.
|
|t:|1667144121
|cant|p2a: Arceus|slp
|move|p1a: Kangaskhan|Body Slam|p2a: Arceus
|-damage|p2a: Arceus|0 fnt
|faint|p2a: Arceus
|-hitcount|p2: Arceus|1
|
|upkeep
|
|t:|1667144127
|switch|p2a: Calyrex|Calyrex-Shadow|51/100
|-ability|p2a: Calyrex|As One
|-ability|p2a: Calyrex|Unnerve
|turn|86
|
|t:|1667144130
|move|p1a: Kangaskhan|Sucker Punch|p2a: Calyrex
|-supereffective|p2a: Calyrex
|-damage|p2a: Calyrex|0 fnt
|faint|p2a: Calyrex
|-hitcount|p2: Calyrex|1
|
|win|cotesmcgotes
|raw|cotesmcgotes's rating: 1541 &rarr; <strong>1571</strong><br />(+30 for winning)
|raw|Snakethey's rating: 1729 &rarr; <strong>1699</strong><br />(-30 for losing)
|c|☆Snakethey|Gg
