|j|☆Snakethey
|j|☆DarkboiJ
|t:|1668148306
|gametype|singles
|player|p1|Snakethey|steven|1710
|player|p2|DarkboiJ|blue-gen3two|2033
|teamsize|p1|6
|teamsize|p2|6
|gen|8
|tier|[Gen 8] National Dex AG
|rated|
|rule|HP Percentage Mod: HP is shown in percentages
|rule|Endless Battle Clause: Forcing endless battles is banned
|clearpoke
|poke|p1|Zacian-*|
|poke|p1|Calyrex-Shadow|
|poke|p1|Rayquaza|
|poke|p1|Darmanitan-Galar, F|
|poke|p1|Arceus-*|
|poke|p1|Donphan, F|
|poke|p2|Darkrai|
|poke|p2|Arceus-*|
|poke|p2|Kyogre|
|poke|p2|Ditto|
|poke|p2|Zapdos|
|poke|p2|Arceus-*|
|teampreview
|inactive|Battle timer is ON: inactive players will automatically lose when time's up. (requested by DarkboiJ)
|j| rahull
|j| zsl 血翼飞龙 403938
|
|t:|1668148329
|start
|switch|p1a: Donphan|Donphan, F|100/100
|switch|p2a: Darkrai|Darkrai|100/100
|turn|1
|
|t:|1668148336
|move|p2a: Darkrai|Substitute|p2a: Darkrai
|-start|p2a: Darkrai|Substitute
|-damage|p2a: Darkrai|76/100
|move|p1a: Donphan|Stealth Rock|p2a: Darkrai
|-sidestart|p2: DarkboiJ|move: Stealth Rock
|
|-heal|p2a: Darkrai|82/100|[from] item: Leftovers
|upkeep
|turn|2
|
|t:|1668148344
|move|p2a: Darkrai|Hypnosis|p1a: Donphan|[miss]
|-miss|p2a: Darkrai|p1a: Donphan
|move|p1a: Donphan|Block||[still]
|-fail|p1a: Donphan
|
|-heal|p2a: Darkrai|88/100|[from] item: Leftovers
|upkeep
|turn|3
|
|t:|1668148352
|switch|p1a: Rayquaza|Rayquaza|100/100
|-ability|p1a: Rayquaza|Air Lock
|move|p2a: Darkrai|Hypnosis|p1a: Rayquaza
|-status|p1a: Rayquaza|slp|[from] move: Hypnosis
|-enditem|p1a: Rayquaza|Lum Berry|[eat]
|-curestatus|p1a: Rayquaza|slp|[msg]
|
|-heal|p2a: Darkrai|94/100|[from] item: Leftovers
|upkeep
|turn|4
|
|t:|1668148357
|detailschange|p1a: Rayquaza|Rayquaza-Mega
|-mega|p1a: Rayquaza|Rayquaza|
|-weather|DeltaStream|[from] ability: Delta Stream|[of] p1a: Rayquaza
|move|p2a: Darkrai|Hypnosis|p1a: Rayquaza
|-status|p1a: Rayquaza|slp|[from] move: Hypnosis
|cant|p1a: Rayquaza|slp
|
|-weather|DeltaStream|[upkeep]
|-heal|p2a: Darkrai|99/100|[from] item: Leftovers
|-damage|p1a: Rayquaza|88/100 slp|[from] ability: Bad Dreams|[of] p2a: Darkrai
|upkeep
|turn|5
|
|t:|1668148371
|move|p2a: Darkrai|Dark Pulse|p1a: Rayquaza
|-damage|p1a: Rayquaza|49/100 slp
|cant|p1a: Rayquaza|slp
|
|-weather|DeltaStream|[upkeep]
|-heal|p2a: Darkrai|100/100|[from] item: Leftovers
|-damage|p1a: Rayquaza|37/100 slp|[from] ability: Bad Dreams|[of] p2a: Darkrai
|upkeep
|turn|6
|
|t:|1668148378
|move|p2a: Darkrai|Dark Pulse|p1a: Rayquaza
|-damage|p1a: Rayquaza|0 fnt
|faint|p1a: Rayquaza
|-weather|none
|
|upkeep
|
|t:|1668148385
|switch|p1a: Zacian|Zacian-Crowned|100/100
|-ability|p1a: Zacian|Intrepid Sword|boost
|-boost|p1a: Zacian|atk|1
|turn|7
|
|t:|1668148387
|move|p1a: Zacian|Behemoth Blade|p2a: Darkrai
|-end|p2a: Darkrai|Substitute
|move|p2a: Darkrai|Hypnosis|p1a: Zacian
|-status|p1a: Zacian|slp|[from] move: Hypnosis
|
|-damage|p1a: Zacian|88/100 slp|[from] ability: Bad Dreams|[of] p2a: Darkrai
|upkeep
|turn|8
|
|t:|1668148393
|switch|p2a: Ditto|Ditto, shiny|100/100
|-damage|p2a: Ditto|88/100|[from] Stealth Rock
|-transform|p2a: Ditto|p1a: Zacian|[from] ability: Imposter
|-ability|p2a: Ditto|Intrepid Sword|boost
|-boost|p2a: Ditto|atk|1
|cant|p1a: Zacian|slp
|
|upkeep
|turn|9
|
|t:|1668148402
|move|p2a: Ditto|Behemoth Blade|p1a: Zacian
|-damage|p1a: Zacian|0 fnt
|faint|p1a: Zacian
|
|upkeep
|
|t:|1668148405
|switch|p1a: Calyrex|Calyrex-Shadow|100/100
|-ability|p1a: Calyrex|As One
|-ability|p1a: Calyrex|Unnerve
|turn|10
|
|t:|1668148413
|switch|p2a: Arceus|Arceus|100/100
|-damage|p2a: Arceus|88/100|[from] Stealth Rock
|-start|p1a: Calyrex|Dynamax|
|-heal|p1a: Calyrex|100/100|[silent]
|move|p1a: Calyrex|Max Phantasm|p2a: Arceus
|-immune|p2a: Arceus
|
|upkeep
|turn|11
|
|t:|1668148420
|move|p1a: Calyrex|Max Starfall|p2a: Arceus
|-damage|p2a: Arceus|61/100
|-fieldstart|move: Misty Terrain
|move|p2a: Arceus|Recover|p2a: Arceus
|-heal|p2a: Arceus|100/100
|
|upkeep
|turn|12
|
|t:|1668148429
|move|p1a: Calyrex|Max Mindstorm|p2a: Arceus
|-crit|p2a: Arceus
|-damage|p2a: Arceus|19/100
|-fieldstart|move: Psychic Terrain
|move|p2a: Arceus|Recover|p2a: Arceus
|-heal|p2a: Arceus|69/100
|
|upkeep
|-end|p1a: Calyrex|Dynamax
|-heal|p1a: Calyrex|100/100|[silent]
|turn|13
|
|t:|1668148438
|move|p1a: Calyrex|Psyshock|p2a: Arceus
|-damage|p2a: Arceus|23/100
|move|p2a: Arceus|Recover|p2a: Arceus
|-heal|p2a: Arceus|73/100
|
|upkeep
|turn|14
|
|t:|1668148445
|switch|p1a: Arceus|Arceus|100/100
|switch|p2a: Darkrai|Darkrai|100/100
|-damage|p2a: Darkrai|88/100|[from] Stealth Rock
|
|-heal|p2a: Darkrai|94/100|[from] item: Leftovers
|upkeep
|turn|15
|
|t:|1668148448
|switch|p2a: Zapdos|Zapdos|100/100
|move|p1a: Arceus|Extreme Speed|p2a: Zapdos
|-hint|Psychic Terrain doesn't affect Pokémon immune to Ground.
|-damage|p2a: Zapdos|59/100
|-status|p1a: Arceus|par|[from] ability: Static|[of] p2a: Zapdos
|-damage|p1a: Arceus|91/100 par|[from] item: Life Orb
|
|upkeep
|turn|16
|
|t:|1668148454
|move|p2a: Zapdos|Volt Switch|p1a: Arceus
|-damage|p1a: Arceus|72/100 par
|
|t:|1668148459
|switch|p2a: Arceus|Arceus-Fairy|100/100|[from]move: Volt Switch
|-damage|p2a: Arceus|88/100|[from] Stealth Rock
|cant|p1a: Arceus|par
|
|-fieldend|move: Psychic Terrain
|upkeep
|turn|17
|
|t:|1668148467
|move|p2a: Arceus|Stealth Rock|p1a: Arceus
|-sidestart|p1: Snakethey|move: Stealth Rock
|move|p1a: Arceus|Recover|p1a: Arceus
|-heal|p1a: Arceus|100/100 par
|
|upkeep
|turn|18
|
|t:|1668148476
|move|p2a: Arceus|Judgment|p1a: Arceus
|-damage|p1a: Arceus|69/100 par
|move|p1a: Arceus|Swords Dance|p1a: Arceus
|-boost|p1a: Arceus|atk|2
|
|upkeep
|turn|19
|
|t:|1668148483
|move|p1a: Arceus|Extreme Speed|p2a: Arceus
|-damage|p2a: Arceus|18/100
|-damage|p1a: Arceus|60/100 par|[from] item: Life Orb
|move|p2a: Arceus|Judgment|p1a: Arceus
|-damage|p1a: Arceus|30/100 par
|
|upkeep
|turn|20
|
|t:|1668148487
|move|p1a: Arceus|Extreme Speed|p2a: Arceus
|-damage|p2a: Arceus|0 fnt
|faint|p2a: Arceus
|-damage|p1a: Arceus|20/100 par|[from] item: Life Orb
|
|upkeep
|
|t:|1668148490
|switch|p2a: Ditto|Ditto, shiny|88/100
|-damage|p2a: Ditto|76/100|[from] Stealth Rock
|-transform|p2a: Ditto|p1a: Arceus|[from] ability: Imposter
|turn|21
|
|t:|1668148495
|switch|p1a: Calyrex|Calyrex-Shadow|100/100
|-ability|p1a: Calyrex|As One
|-ability|p1a: Calyrex|Unnerve
|-damage|p1a: Calyrex|88/100|[from] Stealth Rock
|move|p2a: Ditto|Extreme Speed|p1a: Calyrex
|-immune|p1a: Calyrex
|
|upkeep
|turn|22
|
|t:|1668148503
|switch|p1a: Donphan|Donphan, F|100/100
|-damage|p1a: Donphan|94/100|[from] Stealth Rock
|switch|p2a: Darkrai|Darkrai|94/100
|-damage|p2a: Darkrai|82/100|[from] Stealth Rock
|
|-heal|p2a: Darkrai|88/100|[from] item: Leftovers
|upkeep
|turn|23
|
|t:|1668148508
|move|p2a: Darkrai|Hypnosis|p1a: Donphan|[miss]
|-miss|p2a: Darkrai|p1a: Donphan
|move|p1a: Donphan|Rapid Spin|p2a: Darkrai
|-damage|p2a: Darkrai|72/100
|-boost|p1a: Donphan|spe|1
|-sideend|p1: Snakethey|Stealth Rock|[from] move: Rapid Spin|[of] p1a: Donphan
|
|-heal|p2a: Darkrai|79/100|[from] item: Leftovers
|upkeep
|turn|24
|
|t:|1668148515
|switch|p1a: Arceus|Arceus|20/100 par
|move|p2a: Darkrai|Hypnosis||[still]
|-fail|p2a: Darkrai
|
|-heal|p2a: Darkrai|85/100|[from] item: Leftovers
|upkeep
|turn|25
|
|t:|1668148519
|switch|p2a: Zapdos|Zapdos|59/100
|move|p1a: Arceus|Extreme Speed|p2a: Zapdos
|-damage|p2a: Zapdos|21/100
|-damage|p1a: Arceus|10/100 par|[from] item: Life Orb
|
|upkeep
|turn|26
|
|t:|1668148522
|move|p1a: Arceus|Extreme Speed|p2a: Zapdos
|-damage|p2a: Zapdos|0 fnt
|faint|p2a: Zapdos
|-damage|p1a: Arceus|0 fnt|[from] item: Life Orb
|faint|p1a: Arceus
|
|upkeep
|
|t:|1668148529
|switch|p1a: Donphan|Donphan, F|94/100
|switch|p2a: Ditto|Ditto, shiny|76/100
|-damage|p2a: Ditto|63/100|[from] Stealth Rock
|-transform|p2a: Ditto|p1a: Donphan|[from] ability: Imposter
|turn|27
|
|t:|1668148534
|switch|p2a: Kyogre|Kyogre|100/100
|-damage|p2a: Kyogre|88/100|[from] Stealth Rock
|detailschange|p2a: Kyogre|Kyogre-Primal
|-primal|p2a: Kyogre
|-weather|PrimordialSea|[from] ability: Primordial Sea|[of] p2a: Kyogre
|move|p1a: Donphan|Block|p2a: Kyogre
|-activate|p2a: Kyogre|trapped
|
|-weather|PrimordialSea|[upkeep]
|upkeep
|turn|28
|
|t:|1668148538
|move|p2a: Kyogre|Water Spout|p1a: Donphan
|-supereffective|p1a: Donphan
|-damage|p1a: Donphan|0 fnt
|faint|p1a: Donphan
|
|-weather|PrimordialSea|[upkeep]
|upkeep
|
|t:|1668148552
|switch|p1a: Calyrex|Calyrex-Shadow|88/100
|-ability|p1a: Calyrex|As One
|-ability|p1a: Calyrex|Unnerve
|turn|29
|
|t:|1668148559
|move|p1a: Calyrex|Psyshock|p2a: Kyogre
|-damage|p2a: Kyogre|29/100
|move|p2a: Kyogre|Thunder|p1a: Calyrex
|-damage|p1a: Calyrex|39/100
|
|-weather|PrimordialSea|[upkeep]
|upkeep
|turn|30
|
|t:|1668148566
|move|p1a: Calyrex|Draining Kiss|p2a: Kyogre
|-damage|p2a: Kyogre|15/100
|-heal|p1a: Calyrex|50/100|[from] drain|[of] p2a: Kyogre
|move|p2a: Kyogre|Liquidation|p1a: Calyrex
|-damage|p1a: Calyrex|0 fnt
|faint|p1a: Calyrex
|
|-weather|PrimordialSea|[upkeep]
|upkeep
|
|t:|1668148573
|switch|p1a: Darmanitan|Darmanitan-Galar, F|100/100
|turn|31
|
|t:|1668148584
|move|p1a: Darmanitan|Flare Blitz||[still]
|-fail|p1a: Darmanitan|Flare Blitz|[from] Primordial Sea
|move|p2a: Kyogre|Liquidation|p1a: Darmanitan
|-damage|p1a: Darmanitan|0 fnt
|faint|p1a: Darmanitan
|
|win|DarkboiJ
|raw|Snakethey's rating: 1710 &rarr; <strong>1705</strong><br />(-5 for losing)
|raw|DarkboiJ's rating: 2033 &rarr; <strong>2038</strong><br />(+5 for winning)
|c|☆Snakethey|Crap
