|j|☆iroeweuio
|j|☆amnael1
|t:|1662502798
|gametype|singles
|player|p1|iroeweuio|2|1651
|player|p2|amnael1|101|1903
|teamsize|p1|6
|teamsize|p2|6
|gen|8
|tier|[Gen 8] National Dex AG
|rated|
|rule|HP Percentage Mod: HP is shown in percentages
|rule|Endless Battle Clause: Forcing endless battles is banned
|clearpoke
|poke|p1|Chatot, M|
|poke|p1|Weavile, M|
|poke|p1|Giratina-Origin|
|poke|p1|Ditto|
|poke|p1|Breloom, M|
|poke|p1|Wobbuffet, M|
|poke|p2|Smeargle, M|
|poke|p2|Groudon|
|poke|p2|Espeon, M|
|poke|p2|Rayquaza|
|poke|p2|Xerneas-*|
|poke|p2|Zacian-*|
|teampreview
|
|t:|1662502812
|start
|switch|p1a: Weavile|Weavile, M|100/100
|switch|p2a: Groudon|Groudon|100/100
|-ability|p1a: Weavile|Pressure
|detailschange|p2a: Groudon|Groudon-Primal
|-primal|p2a: Groudon
|-weather|DesolateLand|[from] ability: Desolate Land|[of] p2a: Groudon
|turn|1
|inactive|Battle timer is ON: inactive players will automatically lose when time's up. (requested by amnael1)
|
|t:|1662502817
|move|p1a: Weavile|Substitute|p1a: Weavile
|-start|p1a: Weavile|Substitute
|-damage|p1a: Weavile|76/100
|move|p2a: Groudon|Fire Punch|p1a: Weavile
|-supereffective|p1a: Weavile
|-end|p1a: Weavile|Substitute
|
|-weather|DesolateLand|[upkeep]
|-heal|p1a: Weavile|82/100|[from] item: Leftovers
|upkeep
|turn|2
|
|t:|1662502821
|move|p1a: Weavile|Substitute|p1a: Weavile
|-start|p1a: Weavile|Substitute
|-damage|p1a: Weavile|57/100
|move|p2a: Groudon|Roar|p1a: Weavile
|drag|p1a: Breloom|Breloom, M|100/100
|
|-weather|DesolateLand|[upkeep]
|-status|p1a: Breloom|tox|[from] item: Toxic Orb
|upkeep
|turn|3
|
|t:|1662502823
|move|p2a: Groudon|Fire Punch|p1a: Breloom
|-supereffective|p1a: Breloom
|-damage|p1a: Breloom|0 fnt
|faint|p1a: Breloom
|
|-weather|DesolateLand|[upkeep]
|upkeep
|
|t:|1662502830
|switch|p1a: Ditto|Ditto|100/100
|-transform|p1a: Ditto|p2a: Groudon|[from] ability: Imposter
|turn|4
|
|t:|1662502832
|move|p1a: Ditto|Stealth Rock|p2a: Groudon
|-sidestart|p2: amnael1|move: Stealth Rock
|move|p2a: Groudon|Earthquake|p1a: Ditto
|-supereffective|p1a: Ditto
|-damage|p1a: Ditto|8/100
|
|-weather|DesolateLand|[upkeep]
|upkeep
|turn|5
|
|t:|1662502835
|switch|p1a: Giratina|Giratina-Origin|100/100
|move|p2a: Groudon|Stealth Rock|p1a: Giratina
|-sidestart|p1: iroeweuio|move: Stealth Rock
|
|-weather|DesolateLand|[upkeep]
|upkeep
|turn|6
|
|t:|1662502838
|-start|p1a: Giratina|Dynamax|
|-heal|p1a: Giratina|100/100|[silent]
|move|p1a: Giratina|Max Airstream|p2a: Groudon
|-damage|p2a: Groudon|72/100
|-boost|p1a: Giratina|spe|1
|move|p2a: Groudon|Roar|p1a: Giratina
|-block|p1a: Giratina|Dynamax
|
|-weather|DesolateLand|[upkeep]
|upkeep
|turn|7
|
|t:|1662502843
|move|p1a: Giratina|Max Phantasm|p2a: Groudon
|-damage|p2a: Groudon|20/100
|-unboost|p2a: Groudon|def|1
|move|p2a: Groudon|Fire Punch|p1a: Giratina
|-resisted|p1a: Giratina
|-damage|p1a: Giratina|87/100
|-status|p1a: Giratina|brn
|
|-weather|DesolateLand|[upkeep]
|-damage|p1a: Giratina|84/100 brn|[from] brn
|upkeep
|turn|8
|
|t:|1662502846
|move|p1a: Giratina|Max Airstream|p2a: Groudon
|-damage|p2a: Groudon|0 fnt
|-boost|p1a: Giratina|spe|1
|faint|p2a: Groudon
|-weather|none
|
|-damage|p1a: Giratina|81/100 brn|[from] brn
|upkeep
|
|t:|1662502850
|switch|p2a: Xerneas|Xerneas|100/100
|-damage|p2a: Xerneas|88/100|[from] Stealth Rock
|-ability|p2a: Xerneas|Fairy Aura
|-end|p1a: Giratina|Dynamax
|-heal|p1a: Giratina|81/100 brn|[silent]
|turn|9
|
|t:|1662502856
|move|p1a: Giratina|Shadow Force||[still]
|-prepare|p1a: Giratina|Shadow Force
|move|p2a: Xerneas|Geomancy||[still]
|-prepare|p2a: Xerneas|Geomancy
|-enditem|p2a: Xerneas|Power Herb
|-anim|p2a: Xerneas|Geomancy|p2a: Xerneas
|-boost|p2a: Xerneas|spa|2
|-boost|p2a: Xerneas|spd|2
|-boost|p2a: Xerneas|spe|2
|
|-damage|p1a: Giratina|75/100 brn|[from] brn
|upkeep
|turn|10
|
|t:|1662502860
|-start|p2a: Xerneas|Dynamax|
|-heal|p2a: Xerneas|88/100|[silent]
|move|p2a: Xerneas|Max Guard|p2a: Xerneas
|-singleturn|p2a: Xerneas|Max Guard
|move|p1a: Giratina|Shadow Force|p2a: Xerneas|[from]lockedmove
|-activate|p2a: Xerneas|move: Max Guard
|
|-damage|p1a: Giratina|69/100 brn|[from] brn
|upkeep
|turn|11
|
|t:|1662502868
|move|p1a: Giratina|Shadow Force||[still]
|-prepare|p1a: Giratina|Shadow Force
|move|p2a: Xerneas|Max Starfall|p1a: Giratina|[miss]
|-miss|p2a: Xerneas|p1a: Giratina
|
|-damage|p1a: Giratina|62/100 brn|[from] brn
|upkeep
|turn|12
|
|t:|1662502871
|move|p1a: Giratina|Shadow Force|p2a: Xerneas|[from]lockedmove
|-damage|p2a: Xerneas|75/100
|move|p2a: Xerneas|Max Starfall|p1a: Giratina
|-supereffective|p1a: Giratina
|-damage|p1a: Giratina|0 fnt
|-fieldstart|move: Misty Terrain
|faint|p1a: Giratina
|
|upkeep
|
|t:|1662502873
|switch|p1a: Wobbuffet|Wobbuffet, M|100/100
|-damage|p1a: Wobbuffet|88/100|[from] Stealth Rock
|-end|p2a: Xerneas|Dynamax
|-heal|p2a: Xerneas|75/100|[silent]
|turn|13
|
|t:|1662502875
|move|p2a: Xerneas|Moonblast|p1a: Wobbuffet
|-damage|p1a: Wobbuffet|22/100
|move|p1a: Wobbuffet|Mirror Coat|p2a: Xerneas
|-damage|p2a: Xerneas|0 fnt
|faint|p2a: Xerneas
|
|upkeep
|
|t:|1662502882
|switch|p2a: Zacian|Zacian-Crowned|100/100
|-damage|p2a: Zacian|94/100|[from] Stealth Rock
|-ability|p2a: Zacian|Intrepid Sword|boost
|-boost|p2a: Zacian|atk|1
|turn|14
|-enditem|p1a: Wobbuffet|Custap Berry|[eat]
|-activate|p1a: Wobbuffet|item: Custap Berry|[consumed]
|
|t:|1662502884
|move|p1a: Wobbuffet|Destiny Bond|p1a: Wobbuffet
|-singlemove|p1a: Wobbuffet|Destiny Bond
|move|p2a: Zacian|Behemoth Blade|p1a: Wobbuffet
|-damage|p1a: Wobbuffet|0 fnt
|faint|p1a: Wobbuffet
|-activate|p1a: Wobbuffet|move: Destiny Bond
|faint|p2a: Zacian
|
|upkeep
|
|t:|1662502889
|switch|p2a: Rayquaza|Rayquaza|100/100
|switch|p1a: Ditto|Ditto|8/100
|-damage|p2a: Rayquaza|76/100|[from] Stealth Rock
|-ability|p2a: Rayquaza|Air Lock
|-damage|p1a: Ditto|0 fnt|[from] Stealth Rock
|faint|p1a: Ditto
|
|t:|1662502891
|switch|p1a: Chatot|Chatot, M|100/100
|-damage|p1a: Chatot|76/100|[from] Stealth Rock
|turn|15
|
|t:|1662502894
|detailschange|p2a: Rayquaza|Rayquaza-Mega
|-mega|p2a: Rayquaza|Rayquaza|
|-weather|DeltaStream|[from] ability: Delta Stream|[of] p2a: Rayquaza
|move|p2a: Rayquaza|Dragon Ascent|p1a: Chatot
|-damage|p1a: Chatot|0 fnt
|-unboost|p2a: Rayquaza|def|1
|-unboost|p2a: Rayquaza|spd|1
|faint|p1a: Chatot
|
|-weather|DeltaStream|[upkeep]
|upkeep
|
|t:|1662502896
|switch|p1a: Weavile|Weavile, M|57/100
|-damage|p1a: Weavile|32/100|[from] Stealth Rock
|-ability|p1a: Weavile|Pressure
|turn|16
|
|t:|1662502899
|move|p2a: Rayquaza|Extreme Speed|p1a: Weavile
|-damage|p1a: Weavile|0 fnt
|faint|p1a: Weavile
|
|win|amnael1
|raw|iroeweuio's rating: 1651 &rarr; <strong>1643</strong><br />(-8 for losing)
|raw|amnael1's rating: 1903 &rarr; <strong>1911</strong><br />(+8 for winning)
|c|☆iroeweuio|gg
