|j|☆Astrovanquisher
|j|☆AnimeZZZZ5
|t:|1664560601
|gametype|singles
|player|p1|Astrovanquisher|2|1830
|player|p2|AnimeZZZZ5|102|1801
|teamsize|p1|6
|teamsize|p2|6
|gen|8
|tier|[Gen 8] National Dex AG
|rated|
|rule|HP Percentage Mod: HP is shown in percentages
|rule|Endless Battle Clause: Forcing endless battles is banned
|clearpoke
|poke|p1|Grimmsnarl, M|
|poke|p1|Excadrill, M|
|poke|p1|Xerneas-*|
|poke|p1|Yveltal|
|poke|p1|Calyrex-Shadow|
|poke|p1|Necrozma-Dusk-Mane|
|poke|p2|Calyrex-Shadow|
|poke|p2|Arceus-*|
|poke|p2|Kyurem-White|
|poke|p2|Ho-Oh|
|poke|p2|Necrozma-Dusk-Mane|
|poke|p2|Zygarde|
|teampreview
|
|t:|1664560608
|start
|switch|p1a: Excadrill|Excadrill, M|100/100
|switch|p2a: Calyrex|Calyrex-Shadow|100/100
|-ability|p2a: Calyrex|As One
|-ability|p2a: Calyrex|Unnerve
|-ability|p1a: Excadrill|Mold Breaker
|turn|1
|
|t:|1664560621
|switch|p1a: Grimmsnarl|Grimmsnarl, M|100/100
|move|p2a: Calyrex|Astral Barrage|p1a: Grimmsnarl
|-resisted|p1a: Grimmsnarl
|-damage|p1a: Grimmsnarl|60/100
|
|upkeep
|turn|2
|
|t:|1664560653
|move|p1a: Grimmsnarl|Light Screen|p1a: Grimmsnarl
|-sidestart|p1: Astrovanquisher|move: Light Screen
|move|p2a: Calyrex|Nasty Plot|p2a: Calyrex
|-boost|p2a: Calyrex|spa|2
|
|upkeep
|turn|3
|
|t:|1664560658
|move|p1a: Grimmsnarl|Thunder Wave|p2a: Calyrex|[miss]
|-miss|p1a: Grimmsnarl|p2a: Calyrex
|move|p2a: Calyrex|Nasty Plot|p2a: Calyrex
|-boost|p2a: Calyrex|spa|2
|
|upkeep
|turn|4
|
|t:|1664560663
|move|p1a: Grimmsnarl|Thunder Wave|p2a: Calyrex
|-status|p2a: Calyrex|par
|move|p2a: Calyrex|Draining Kiss|p1a: Grimmsnarl
|-supereffective|p1a: Grimmsnarl
|-damage|p1a: Grimmsnarl|0 fnt
|faint|p1a: Grimmsnarl
|-ability|p2a: Calyrex|Grim Neigh|boost
|-boost|p2a: Calyrex|spa|1
|
|upkeep
|
|t:|1664560673
|switch|p1a: Yveltal|Yveltal|100/100
|-ability|p1a: Yveltal|Dark Aura
|turn|5
|
|t:|1664560680
|move|p1a: Yveltal|Dark Pulse|p2a: Calyrex
|-supereffective|p2a: Calyrex
|-enditem|p2a: Calyrex|Focus Sash
|-damage|p2a: Calyrex|1/100 par
|-damage|p1a: Yveltal|91/100|[from] item: Life Orb
|move|p2a: Calyrex|Draining Kiss|p1a: Yveltal
|-supereffective|p1a: Yveltal
|-damage|p1a: Yveltal|22/100
|-heal|p2a: Calyrex|60/100 par|[from] drain|[of] p1a: Yveltal
|
|upkeep
|turn|6
|
|t:|1664560695
|move|p1a: Yveltal|Oblivion Wing|p2a: Calyrex
|-damage|p2a: Calyrex|2/100 par
|-heal|p1a: Yveltal|60/100|[from] drain|[of] p2a: Calyrex
|-damage|p1a: Yveltal|50/100|[from] item: Life Orb
|move|p2a: Calyrex|Draining Kiss|p1a: Yveltal
|-supereffective|p1a: Yveltal
|-damage|p1a: Yveltal|0 fnt
|-heal|p2a: Calyrex|45/100 par|[from] drain|[of] p1a: Yveltal
|faint|p1a: Yveltal
|-ability|p2a: Calyrex|Grim Neigh|boost
|-boost|p2a: Calyrex|spa|1
|
|upkeep
|
|t:|1664560708
|switch|p1a: Calyrex|Calyrex-Shadow|100/100
|-ability|p1a: Calyrex|As One
|-ability|p1a: Calyrex|Unnerve
|turn|7
|
|t:|1664560713
|switch|p2a: Arceus|Arceus-Dark|100/100
|move|p1a: Calyrex|Astral Barrage|p2a: Arceus
|-resisted|p2a: Arceus
|-damage|p2a: Arceus|80/100
|
|upkeep
|turn|8
|
|t:|1664560722
|move|p1a: Calyrex|Nasty Plot|p1a: Calyrex
|-boost|p1a: Calyrex|spa|2
|move|p2a: Arceus|Judgment|p1a: Calyrex
|-supereffective|p1a: Calyrex
|-damage|p1a: Calyrex|3/100
|
|upkeep
|turn|9
|
|t:|1664560729
|move|p1a: Calyrex|Baton Pass|p1a: Calyrex
|
|t:|1664560731
|switch|p1a: Xerneas|Xerneas|100/100|[from]move: Baton Pass
|-ability|p1a: Xerneas|Fairy Aura
|move|p2a: Arceus|Judgment|p1a: Xerneas
|-resisted|p1a: Xerneas
|-damage|p1a: Xerneas|89/100
|
|-sideend|p1: Astrovanquisher|move: Light Screen
|upkeep
|turn|10
|
|t:|1664560742
|switch|p2a: Necrozma|Necrozma-Dusk-Mane|100/100
|move|p1a: Xerneas|Geomancy||[still]
|-prepare|p1a: Xerneas|Geomancy
|-enditem|p1a: Xerneas|Power Herb
|-anim|p1a: Xerneas|Geomancy|p1a: Xerneas
|-boost|p1a: Xerneas|spa|2
|-boost|p1a: Xerneas|spd|2
|-boost|p1a: Xerneas|spe|2
|
|upkeep
|turn|11
|
|t:|1664560749
|switch|p2a: Calyrex|Calyrex-Shadow|45/100 par
|-ability|p2a: Calyrex|As One
|-ability|p2a: Calyrex|Unnerve
|-start|p1a: Xerneas|Dynamax|
|-heal|p1a: Xerneas|89/100|[silent]
|move|p1a: Xerneas|Max Flare|p2a: Calyrex
|-damage|p2a: Calyrex|0 fnt
|-weather|SunnyDay
|faint|p2a: Calyrex
|
|-weather|SunnyDay|[upkeep]
|upkeep
|
|t:|1664560761
|switch|p2a: Zygarde|Zygarde|100/100
|turn|12
|
|t:|1664560767
|switch|p2a: Ho-Oh|Ho-Oh|100/100
|move|p1a: Xerneas|Max Starfall|p2a: Ho-Oh
|-resisted|p2a: Ho-Oh
|-damage|p2a: Ho-Oh|15/100
|-fieldstart|move: Misty Terrain
|
|-weather|SunnyDay|[upkeep]
|upkeep
|turn|13
|
|t:|1664560778
|switch|p2a: Zygarde|Zygarde|100/100
|move|p1a: Xerneas|Max Starfall|p2a: Zygarde
|-supereffective|p2a: Zygarde
|-damage|p2a: Zygarde|0 fnt
|faint|p2a: Zygarde
|
|-weather|SunnyDay|[upkeep]
|upkeep
|
|t:|1664560780
|switch|p2a: Necrozma|Necrozma-Dusk-Mane|100/100
|-end|p1a: Xerneas|Dynamax
|-heal|p1a: Xerneas|89/100|[silent]
|turn|14
|
|t:|1664560791
|-start|p2a: Necrozma|Dynamax|
|-heal|p2a: Necrozma|100/100|[silent]
|move|p1a: Xerneas|Hidden Power|p2a: Necrozma
|-supereffective|p2a: Necrozma
|-damage|p2a: Necrozma|38/100
|move|p2a: Necrozma|Max Steelspike|p1a: Xerneas
|-supereffective|p1a: Xerneas
|-damage|p1a: Xerneas|0 fnt
|-boost|p2a: Necrozma|def|1
|faint|p1a: Xerneas
|
|-weather|SunnyDay|[upkeep]
|upkeep
|
|t:|1664560802
|switch|p1a: Calyrex|Calyrex-Shadow|3/100
|-ability|p1a: Calyrex|As One
|-ability|p1a: Calyrex|Unnerve
|turn|15
|
|t:|1664560809
|-end|p2a: Necrozma|Dynamax
|-heal|p2a: Necrozma|38/100|[silent]
|switch|p2a: Arceus|Arceus-Dark|80/100
|move|p1a: Calyrex|Astral Barrage|p2a: Arceus
|-resisted|p2a: Arceus
|-damage|p2a: Arceus|61/100
|
|-weather|none
|upkeep
|turn|16
|
|t:|1664560819
|switch|p1a: Excadrill|Excadrill, M|100/100
|-ability|p1a: Excadrill|Mold Breaker
|move|p2a: Arceus|Recover|p2a: Arceus
|-heal|p2a: Arceus|100/100
|
|-fieldend|Misty Terrain
|upkeep
|turn|17
|
|t:|1664560827
|move|p1a: Excadrill|Rock Tomb|p2a: Arceus
|-damage|p2a: Arceus|87/100
|-unboost|p2a: Arceus|spe|1
|move|p2a: Arceus|Judgment|p1a: Excadrill
|-damage|p1a: Excadrill|38/100
|
|upkeep
|turn|18
|
|t:|1664560835
|move|p1a: Excadrill|Earthquake|p2a: Arceus
|-damage|p2a: Arceus|53/100
|move|p2a: Arceus|Judgment|p1a: Excadrill
|-damage|p1a: Excadrill|0 fnt
|faint|p1a: Excadrill
|
|upkeep
|
|t:|1664560862
|switch|p1a: Calyrex|Calyrex-Shadow|3/100
|-ability|p1a: Calyrex|As One
|-ability|p1a: Calyrex|Unnerve
|turn|19
|
|t:|1664560880
|move|p1a: Calyrex|Draining Kiss|p2a: Arceus
|-supereffective|p2a: Arceus
|-damage|p2a: Arceus|33/100
|-heal|p1a: Calyrex|23/100|[from] drain|[of] p2a: Arceus
|move|p2a: Arceus|Recover|p2a: Arceus
|-heal|p2a: Arceus|83/100
|
|upkeep
|turn|20
|
|t:|1664560889
|move|p1a: Calyrex|Draining Kiss|p2a: Arceus
|-supereffective|p2a: Arceus
|-damage|p2a: Arceus|62/100
|-heal|p1a: Calyrex|43/100|[from] drain|[of] p2a: Arceus
|move|p2a: Arceus|Judgment|p1a: Calyrex
|-supereffective|p1a: Calyrex
|-damage|p1a: Calyrex|0 fnt
|faint|p1a: Calyrex
|
|upkeep
|
|t:|1664560892
|switch|p1a: Necrozma|Necrozma-Dusk-Mane|100/100
|turn|21
|
|t:|1664560902
|move|p1a: Necrozma|Dragon Dance|p1a: Necrozma
|-boost|p1a: Necrozma|atk|1
|-boost|p1a: Necrozma|spe|1
|move|p2a: Arceus|Recover|p2a: Arceus
|-heal|p2a: Arceus|100/100
|
|upkeep
|turn|22
|
|t:|1664560908
|move|p1a: Necrozma|Sunsteel Strike|p2a: Arceus
|-damage|p2a: Arceus|47/100
|move|p2a: Arceus|Judgment|p1a: Necrozma
|-supereffective|p1a: Necrozma
|-damage|p1a: Necrozma|35/100
|-enditem|p1a: Necrozma|Weakness Policy
|-boost|p1a: Necrozma|atk|2|[from] item: Weakness Policy
|-boost|p1a: Necrozma|spa|2|[from] item: Weakness Policy
|
|upkeep
|turn|23
|
|t:|1664560916
|switch|p2a: Kyurem|Kyurem-White|100/100
|-ability|p2a: Kyurem|Turboblaze
|move|p1a: Necrozma|Sunsteel Strike|p2a: Kyurem
|-supereffective|p2a: Kyurem
|-damage|p2a: Kyurem|0 fnt
|faint|p2a: Kyurem
|
|upkeep
|
|t:|1664560918
|switch|p2a: Ho-Oh|Ho-Oh|49/100
|turn|24
|
|t:|1664560929
|switch|p2a: Necrozma|Necrozma-Dusk-Mane|38/100
|move|p1a: Necrozma|Stone Edge|p2a: Necrozma
|-resisted|p2a: Necrozma
|-damage|p2a: Necrozma|14/100
|
|upkeep
|turn|25
|
|t:|1664560936
|move|p1a: Necrozma|Sunsteel Strike|p2a: Necrozma
|-resisted|p2a: Necrozma
|-crit|p2a: Necrozma
|-damage|p2a: Necrozma|0 fnt
|-damage|p1a: Necrozma|18/100|[from] item: Rocky Helmet|[of] p2a: Necrozma
|faint|p2a: Necrozma
|
|upkeep
|
|t:|1664560939
|switch|p2a: Ho-Oh|Ho-Oh|82/100
|turn|26
|
|t:|1664560946
|move|p1a: Necrozma|Stone Edge|p2a: Ho-Oh
|-supereffective|p2a: Ho-Oh
|-damage|p2a: Ho-Oh|0 fnt
|faint|p2a: Ho-Oh
|
|upkeep
|
|t:|1664560951
|switch|p2a: Arceus|Arceus-Dark|47/100
|turn|27
|
|t:|1664560955
|move|p1a: Necrozma|Sunsteel Strike|p2a: Arceus
|-damage|p2a: Arceus|0 fnt
|faint|p2a: Arceus
|
|win|Astrovanquisher
|raw|Astrovanquisher's rating: 1830 &rarr; <strong>1847</strong><br />(+17 for winning)
|raw|AnimeZZZZ5's rating: 1786 &rarr; <strong>1769</strong><br />(-17 for losing)
|l|☆AnimeZZZZ5
|l|☆Astrovanquisher
|j|☆Astrovanquisher
|player|p1|Astrovanquisher|2
||Ladder isn't responding, score probably updated but might not have (Request timeout).
