|j|☆TaeRae
|j|‽Flynn Watson ^~^
|inactive|Battle timer is ON: inactive players will automatically lose when time's up.
|t:|1646244428
|gametype|singles
|player|p1|TaeRae|az|
|player|p2|Flynn Watson ^~^|darach|
|teamsize|p1|6
|teamsize|p2|6
|gen|8
|tier|[Gen 8] National Dex AG
|rated|Tournament battle
|rule|HP Percentage Mod: HP is shown in percentages
|rule|Endless Battle Clause: Forcing endless battles is banned
|clearpoke
|poke|p1|Lugia|
|poke|p1|Eternatus|
|poke|p1|Giratina|
|poke|p1|Ho-Oh|
|poke|p1|Mewtwo|
|poke|p1|Ditto|
|poke|p2|Sableye, M|
|poke|p2|Chansey, F|
|poke|p2|Tyranitar, M|
|poke|p2|Lugia|
|poke|p2|Giratina|
|poke|p2|Quagsire, F|
|teampreview
|inactive|Flynn Watson ^~^ also wants the timer to be on.
|
|t:|1646244433
|start
|switch|p1a: Giratina|Giratina|100/100
|switch|p2a: Sableye|Sableye, M|100/100
|-ability|p1a: Giratina|Pressure
|turn|1
|
|t:|1646244438
|detailschange|p2a: Sableye|Sableye-Mega, M
|-mega|p2a: Sableye|Sableye|Sablenite
|move|p1a: Giratina|Protect|p1a: Giratina
|-singleturn|p1a: Giratina|Protect
|move|p2a: Sableye|Foul Play|p1a: Giratina
|-activate|p1a: Giratina|move: Protect
|
|upkeep
|turn|2
|
|t:|1646244445
|move|p1a: Giratina|Substitute|p1a: Giratina
|-start|p1a: Giratina|Substitute
|-damage|p1a: Giratina|76/100
|move|p2a: Sableye|Foul Play|p1a: Giratina
|-supereffective|p1a: Giratina
|-end|p1a: Giratina|Substitute
|
|-heal|p1a: Giratina|82/100|[from] item: Leftovers
|upkeep
|turn|3
|
|t:|1646244453
|switch|p2a: Tyranitar|Tyranitar, M|100/100
|-weather|Sandstorm|[from] ability: Sand Stream|[of] p2a: Tyranitar
|move|p1a: Giratina|Protect||[still]
|-fail|p1a: Giratina
|
|-weather|Sandstorm|[upkeep]
|-damage|p1a: Giratina|76/100|[from] Sandstorm
|-heal|p1a: Giratina|82/100|[from] item: Leftovers
|upkeep
|turn|4
|j| Cab Sauv
|
|t:|1646244462
|move|p1a: Giratina|Protect|p1a: Giratina
|-singleturn|p1a: Giratina|Protect
|move|p2a: Tyranitar|Stealth Rock|p1a: Giratina
|-sidestart|p1: TaeRae|move: Stealth Rock
|
|-weather|Sandstorm|[upkeep]
|-damage|p1a: Giratina|76/100|[from] Sandstorm
|-heal|p1a: Giratina|82/100|[from] item: Leftovers
|upkeep
|turn|5
|
|t:|1646244468
|switch|p2a: Sableye|Sableye-Mega, M|100/100
|move|p1a: Giratina|Substitute|p1a: Giratina
|-start|p1a: Giratina|Substitute
|-damage|p1a: Giratina|57/100
|
|-weather|Sandstorm|[upkeep]
|-damage|p1a: Giratina|51/100|[from] Sandstorm
|-damage|p2a: Sableye|95/100|[from] Sandstorm
|-heal|p1a: Giratina|57/100|[from] item: Leftovers
|upkeep
|turn|6
|c| Cab Sauv|That's a real cool looking team
|
|t:|1646244481
|switch|p2a: Giratina|Giratina|100/100
|-ability|p2a: Giratina|Pressure
|move|p1a: Giratina|Protect||[still]
|-fail|p1a: Giratina
|
|-weather|Sandstorm|[upkeep]
|-damage|p1a: Giratina|51/100|[from] Sandstorm
|-damage|p2a: Giratina|94/100|[from] Sandstorm
|-heal|p1a: Giratina|57/100|[from] item: Leftovers
|-heal|p2a: Giratina|100/100|[from] item: Leftovers
|upkeep
|turn|7
|c| Cab Sauv|I like tyranitar
|c| Cab Sauv|He reminds me of god Zilla
|
|t:|1646244502
|switch|p2a: Sableye|Sableye-Mega, M|95/100
|move|p1a: Giratina|Protect||[still]
|-fail|p1a: Giratina
|
|-weather|none
|-heal|p1a: Giratina|63/100|[from] item: Leftovers
|upkeep
|turn|8
|
|t:|1646244515
|switch|p2a: Chansey|Chansey, F|100/100
|move|p1a: Giratina|Magic Coat|p1a: Giratina
|-singleturn|p1a: Giratina|move: Magic Coat
|
|-heal|p1a: Giratina|69/100|[from] item: Leftovers
|upkeep
|turn|9
|
|t:|1646244528
|switch|p1a: Eternatus|Eternatus|100/100
|-damage|p1a: Eternatus|88/100|[from] Stealth Rock
|-ability|p1a: Eternatus|Pressure
|switch|p2a: Giratina|Giratina|100/100
|-ability|p2a: Giratina|Pressure
|
|-heal|p1a: Eternatus|94/100|[from] item: Leftovers
|upkeep
|turn|10
|
|t:|1646244537
|switch|p2a: Tyranitar|Tyranitar, M|100/100
|-weather|Sandstorm|[from] ability: Sand Stream|[of] p2a: Tyranitar
|move|p1a: Eternatus|Protect||[still]
|-fail|p1a: Eternatus
|
|-weather|Sandstorm|[upkeep]
|-damage|p1a: Eternatus|88/100|[from] Sandstorm
|-heal|p1a: Eternatus|94/100|[from] item: Leftovers
|upkeep
|turn|11
|c| Cab Sauv|Hey tae rae do you like God Zilla
|c|☆TaeRae|yeah
|c| Cab Sauv|Nice
|
|t:|1646244552
|switch|p2a: Chansey|Chansey, F|100/100
|move|p1a: Eternatus|Substitute|p1a: Eternatus
|-start|p1a: Eternatus|Substitute
|-damage|p1a: Eternatus|69/100
|
|-weather|Sandstorm|[upkeep]
|-damage|p1a: Eternatus|63/100|[from] Sandstorm
|-damage|p2a: Chansey|94/100|[from] Sandstorm
|-heal|p1a: Eternatus|69/100|[from] item: Leftovers
|upkeep
|turn|12
|
|t:|1646244558
|switch|p2a: Tyranitar|Tyranitar, M|100/100
|move|p1a: Eternatus|Recover|p1a: Eternatus
|-heal|p1a: Eternatus|100/100
|
|-weather|Sandstorm|[upkeep]
|-damage|p1a: Eternatus|94/100|[from] Sandstorm
|-heal|p1a: Eternatus|100/100|[from] item: Leftovers
|upkeep
|turn|13
|
|t:|1646244562
|switch|p2a: Chansey|Chansey, F|94/100
|move|p1a: Eternatus|Mystical Fire|p2a: Chansey
|-damage|p2a: Chansey|88/100
|-unboost|p2a: Chansey|spa|1
|
|-weather|Sandstorm|[upkeep]
|-damage|p1a: Eternatus|94/100|[from] Sandstorm
|-damage|p2a: Chansey|82/100|[from] Sandstorm
|-heal|p1a: Eternatus|100/100|[from] item: Leftovers
|upkeep
|turn|14
|
|t:|1646244568
|switch|p2a: Giratina|Giratina|100/100
|-ability|p2a: Giratina|Pressure
|move|p1a: Eternatus|Mystical Fire|p2a: Giratina
|-resisted|p2a: Giratina
|-damage|p2a: Giratina|94/100
|-unboost|p2a: Giratina|spa|1
|
|-weather|none
|-heal|p2a: Giratina|99/100|[from] item: Leftovers
|upkeep
|turn|15
|
|t:|1646244572
|switch|p2a: Tyranitar|Tyranitar, M|100/100
|-weather|Sandstorm|[from] ability: Sand Stream|[of] p2a: Tyranitar
|move|p1a: Eternatus|Mystical Fire|p2a: Tyranitar
|-resisted|p2a: Tyranitar
|-damage|p2a: Tyranitar|95/100
|-unboost|p2a: Tyranitar|spa|1
|
|-weather|Sandstorm|[upkeep]
|-damage|p1a: Eternatus|94/100|[from] Sandstorm
|-heal|p1a: Eternatus|100/100|[from] item: Leftovers
|-heal|p2a: Tyranitar|100/100|[from] item: Leftovers
|upkeep
|turn|16
|
|t:|1646244575
|switch|p2a: Giratina|Giratina|99/100
|-ability|p2a: Giratina|Pressure
|move|p1a: Eternatus|Mystical Fire|p2a: Giratina
|-resisted|p2a: Giratina
|-damage|p2a: Giratina|93/100
|-unboost|p2a: Giratina|spa|1
|
|-weather|Sandstorm|[upkeep]
|-damage|p1a: Eternatus|94/100|[from] Sandstorm
|-damage|p2a: Giratina|87/100|[from] Sandstorm
|-heal|p1a: Eternatus|100/100|[from] item: Leftovers
|-heal|p2a: Giratina|93/100|[from] item: Leftovers
|upkeep
|turn|17
|
|t:|1646244581
|switch|p2a: Tyranitar|Tyranitar, M|100/100
|move|p1a: Eternatus|Mystical Fire|p2a: Tyranitar
|-resisted|p2a: Tyranitar
|-damage|p2a: Tyranitar|96/100
|-unboost|p2a: Tyranitar|spa|1
|
|-weather|Sandstorm|[upkeep]
|-damage|p1a: Eternatus|94/100|[from] Sandstorm
|-heal|p1a: Eternatus|100/100|[from] item: Leftovers
|-heal|p2a: Tyranitar|100/100|[from] item: Leftovers
|upkeep
|turn|18
|
|t:|1646244585
|switch|p2a: Giratina|Giratina|93/100
|-ability|p2a: Giratina|Pressure
|move|p1a: Eternatus|Mystical Fire|p2a: Giratina
|-resisted|p2a: Giratina
|-damage|p2a: Giratina|86/100
|-unboost|p2a: Giratina|spa|1
|
|-weather|Sandstorm|[upkeep]
|-damage|p1a: Eternatus|94/100|[from] Sandstorm
|-damage|p2a: Giratina|80/100|[from] Sandstorm
|-heal|p1a: Eternatus|100/100|[from] item: Leftovers
|-heal|p2a: Giratina|86/100|[from] item: Leftovers
|upkeep
|turn|19
|
|t:|1646244591
|move|p1a: Eternatus|Protect|p1a: Eternatus
|-singleturn|p1a: Eternatus|Protect
|move|p2a: Giratina|Toxic|p1a: Eternatus
|-activate|p1a: Eternatus|move: Protect
|
|-weather|none
|-heal|p2a: Giratina|92/100|[from] item: Leftovers
|upkeep
|turn|20
|
|t:|1646244602
|move|p1a: Eternatus|Recover||[still]
|-fail|p1a: Eternatus|heal
|move|p2a: Giratina|Rest|p2a: Giratina
|-status|p2a: Giratina|slp|[from] move: Rest
|-heal|p2a: Giratina|100/100 slp|[silent]
|
|upkeep
|turn|21
|
|t:|1646244616
|switch|p2a: Tyranitar|Tyranitar, M|100/100
|-weather|Sandstorm|[from] ability: Sand Stream|[of] p2a: Tyranitar
|move|p1a: Eternatus|Protect||[still]
|-fail|p1a: Eternatus
|
|-weather|Sandstorm|[upkeep]
|-damage|p1a: Eternatus|94/100|[from] Sandstorm
|-heal|p1a: Eternatus|100/100|[from] item: Leftovers
|upkeep
|turn|22
|
|t:|1646244625
|switch|p2a: Giratina|Giratina|100/100 slp
|-ability|p2a: Giratina|Pressure
|move|p1a: Eternatus|Mystical Fire|p2a: Giratina
|-resisted|p2a: Giratina
|-damage|p2a: Giratina|93/100 slp
|-unboost|p2a: Giratina|spa|1
|
|-weather|Sandstorm|[upkeep]
|-damage|p1a: Eternatus|94/100|[from] Sandstorm
|-damage|p2a: Giratina|87/100 slp|[from] Sandstorm
|-heal|p1a: Eternatus|100/100|[from] item: Leftovers
|-heal|p2a: Giratina|93/100 slp|[from] item: Leftovers
|upkeep
|turn|23
|
|t:|1646244630
|switch|p2a: Tyranitar|Tyranitar, M|100/100
|move|p1a: Eternatus|Mystical Fire|p2a: Tyranitar
|-resisted|p2a: Tyranitar
|-damage|p2a: Tyranitar|96/100
|-unboost|p2a: Tyranitar|spa|1
|
|-weather|Sandstorm|[upkeep]
|-damage|p1a: Eternatus|94/100|[from] Sandstorm
|-heal|p1a: Eternatus|100/100|[from] item: Leftovers
|-heal|p2a: Tyranitar|100/100|[from] item: Leftovers
|upkeep
|turn|24
|
|t:|1646244636
|switch|p2a: Quagsire|Quagsire, F|100/100
|move|p1a: Eternatus|Protect||[still]
|-fail|p1a: Eternatus
|
|-weather|Sandstorm|[upkeep]
|-damage|p1a: Eternatus|94/100|[from] Sandstorm
|-heal|p1a: Eternatus|100/100|[from] item: Leftovers
|upkeep
|turn|25
|
|t:|1646244648
|move|p1a: Eternatus|Recover||[still]
|-fail|p1a: Eternatus|heal
|move|p2a: Quagsire|Curse|p2a: Quagsire
|-unboost|p2a: Quagsire|spe|1
|-boost|p2a: Quagsire|atk|1
|-boost|p2a: Quagsire|def|1
|
|-weather|none
|upkeep
|turn|26
|
|t:|1646244659
|move|p1a: Eternatus|Mystical Fire|p2a: Quagsire
|-resisted|p2a: Quagsire
|-damage|p2a: Quagsire|87/100
|-unboost|p2a: Quagsire|spa|1
|move|p2a: Quagsire|Curse|p2a: Quagsire
|-unboost|p2a: Quagsire|spe|1
|-boost|p2a: Quagsire|atk|1
|-boost|p2a: Quagsire|def|1
|
|upkeep
|turn|27
|c| Cab Sauv|I think eternatus looks like covid
|
|t:|1646244669
|move|p1a: Eternatus|Mystical Fire|p2a: Quagsire
|-resisted|p2a: Quagsire
|-damage|p2a: Quagsire|73/100
|-unboost|p2a: Quagsire|spa|1
|move|p2a: Quagsire|Curse|p2a: Quagsire
|-unboost|p2a: Quagsire|spe|1
|-boost|p2a: Quagsire|atk|1
|-boost|p2a: Quagsire|def|1
|
|upkeep
|turn|28
|
|t:|1646244677
|move|p1a: Eternatus|Mystical Fire|p2a: Quagsire
|-resisted|p2a: Quagsire
|-damage|p2a: Quagsire|58/100
|-unboost|p2a: Quagsire|spa|1
|move|p2a: Quagsire|Recover|p2a: Quagsire
|-heal|p2a: Quagsire|100/100
|
|upkeep
|turn|29
|
|t:|1646244688
|switch|p1a: Ditto|Ditto|100/100
|-damage|p1a: Ditto|88/100|[from] Stealth Rock
|-transform|p1a: Ditto|p2a: Quagsire|[from] ability: Imposter
|move|p2a: Quagsire|Curse|p2a: Quagsire
|-unboost|p2a: Quagsire|spe|1
|-boost|p2a: Quagsire|atk|1
|-boost|p2a: Quagsire|def|1
|
|upkeep
|turn|30
|
|t:|1646244699
|move|p1a: Ditto|Toxic|p2a: Quagsire
|-status|p2a: Quagsire|tox
|move|p2a: Quagsire|Toxic|p1a: Ditto
|-status|p1a: Ditto|tox
|
|-damage|p1a: Ditto|82/100 tox|[from] psn
|-damage|p2a: Quagsire|94/100 tox|[from] psn
|upkeep
|turn|31
|
|t:|1646244709
|switch|p1a: Eternatus|Eternatus|100/100
|-damage|p1a: Eternatus|88/100|[from] Stealth Rock
|-ability|p1a: Eternatus|Pressure
|move|p2a: Quagsire|Toxic|p1a: Eternatus
|-immune|p1a: Eternatus
|
|-heal|p1a: Eternatus|94/100|[from] item: Leftovers
|-damage|p2a: Quagsire|82/100 tox|[from] psn
|upkeep
|turn|32
|
|t:|1646244714
|move|p1a: Eternatus|Protect|p1a: Eternatus
|-singleturn|p1a: Eternatus|Protect
|move|p2a: Quagsire|Earthquake|p1a: Eternatus
|-activate|p1a: Eternatus|move: Protect
|
|-heal|p1a: Eternatus|100/100|[from] item: Leftovers
|-damage|p2a: Quagsire|64/100 tox|[from] psn
|upkeep
|turn|33
|
|t:|1646244724
|switch|p2a: Chansey|Chansey, F|82/100
|move|p1a: Eternatus|Substitute|p1a: Eternatus
|-start|p1a: Eternatus|Substitute
|-damage|p1a: Eternatus|76/100
|
|-heal|p1a: Eternatus|82/100|[from] item: Leftovers
|upkeep
|turn|34
|
|t:|1646244730
|move|p1a: Eternatus|Mystical Fire|p2a: Chansey
|-damage|p2a: Chansey|76/100
|-unboost|p2a: Chansey|spa|1
|move|p2a: Chansey|Soft-Boiled|p2a: Chansey
|-heal|p2a: Chansey|100/100
|
|-heal|p1a: Eternatus|88/100|[from] item: Leftovers
|upkeep
|turn|35
|
|t:|1646244741
|move|p1a: Eternatus|Protect|p1a: Eternatus
|-singleturn|p1a: Eternatus|Protect
|move|p2a: Chansey|Heal Bell|p2a: Chansey
|-activate|p2a: Chansey|move: Heal Bell
|-curestatus|p2: Quagsire|tox|[msg]
|-curestatus|p2: Giratina|slp|[msg]
|
|-heal|p1a: Eternatus|94/100|[from] item: Leftovers
|upkeep
|turn|36
|inactive|Flynn Watson ^~^ has 120 seconds left.
|
|t:|1646244777
|switch|p2a: Quagsire|Quagsire, F|64/100
|move|p1a: Eternatus|Protect||[still]
|-fail|p1a: Eternatus
|
|-heal|p1a: Eternatus|100/100|[from] item: Leftovers
|upkeep
|turn|37
|
|t:|1646244788
|move|p1a: Eternatus|Protect|p1a: Eternatus
|-singleturn|p1a: Eternatus|Protect
|move|p2a: Quagsire|Recover|p2a: Quagsire
|-heal|p2a: Quagsire|100/100
|
|upkeep
|turn|38
|
|t:|1646244800
|move|p1a: Eternatus|Protect||[still]
|-fail|p1a: Eternatus
|move|p2a: Quagsire|Curse|p2a: Quagsire
|-unboost|p2a: Quagsire|spe|1
|-boost|p2a: Quagsire|atk|1
|-boost|p2a: Quagsire|def|1
|
|upkeep
|turn|39
|
|t:|1646244808
|move|p1a: Eternatus|Protect|p1a: Eternatus
|-singleturn|p1a: Eternatus|Protect
|move|p2a: Quagsire|Curse|p2a: Quagsire
|-unboost|p2a: Quagsire|spe|1
|-boost|p2a: Quagsire|atk|1
|-boost|p2a: Quagsire|def|1
|
|upkeep
|turn|40
|
|t:|1646244823
|switch|p1a: Ditto|Ditto|82/100 tox
|-damage|p1a: Ditto|70/100 tox|[from] Stealth Rock
|-transform|p1a: Ditto|p2a: Quagsire|[from] ability: Imposter
|switch|p2a: Lugia|Lugia|100/100
|
|-damage|p1a: Ditto|64/100 tox|[from] psn
|upkeep
|turn|41
|c| Cab Sauv|Oh no covid ran out of attacks
|
|t:|1646244831
|switch|p2a: Sableye|Sableye-Mega, M|95/100
|move|p1a: Ditto|Toxic|p2a: Sableye
|move|p2a: Sableye|Toxic|p1a: Ditto|[from]ability: Magic Bounce
|-fail|p1a: Ditto|tox
|
|-damage|p1a: Ditto|52/100 tox|[from] psn
|upkeep
|turn|42
|
|t:|1646244846
|switch|p1a: Eternatus|Eternatus|100/100
|-damage|p1a: Eternatus|88/100|[from] Stealth Rock
|-ability|p1a: Eternatus|Pressure
|move|p2a: Sableye|Foul Play|p1a: Eternatus
|-damage|p1a: Eternatus|72/100
|
|-heal|p1a: Eternatus|78/100|[from] item: Leftovers
|upkeep
|turn|43
|c| Cab Sauv|Wait that's good for everyone
|
|t:|1646244856
|switch|p2a: Giratina|Giratina|93/100
|-ability|p2a: Giratina|Pressure
|move|p1a: Eternatus|Recover|p1a: Eternatus
|-heal|p1a: Eternatus|100/100
|
|-heal|p2a: Giratina|99/100|[from] item: Leftovers
|upkeep
|turn|44
|
|t:|1646244870
|move|p1a: Eternatus|Substitute|p1a: Eternatus
|-start|p1a: Eternatus|Substitute
|-damage|p1a: Eternatus|76/100
|move|p2a: Giratina|Rest|p2a: Giratina
|-status|p2a: Giratina|slp|[from] move: Rest
|-heal|p2a: Giratina|100/100 slp|[silent]
|
|-heal|p1a: Eternatus|82/100|[from] item: Leftovers
|upkeep
|turn|45
|
|t:|1646244889
|switch|p2a: Tyranitar|Tyranitar, M|100/100
|-weather|Sandstorm|[from] ability: Sand Stream|[of] p2a: Tyranitar
|move|p1a: Eternatus|Recover|p1a: Eternatus
|-heal|p1a: Eternatus|100/100
|
|-weather|Sandstorm|[upkeep]
|-damage|p1a: Eternatus|94/100|[from] Sandstorm
|-heal|p1a: Eternatus|100/100|[from] item: Leftovers
|upkeep
|turn|46
|
|t:|1646244901
|move|p1a: Eternatus|Protect|p1a: Eternatus
|-singleturn|p1a: Eternatus|Protect
|move|p2a: Tyranitar|Rock Tomb|p1a: Eternatus
|-activate|p1a: Eternatus|move: Protect
|
|-weather|Sandstorm|[upkeep]
|-damage|p1a: Eternatus|94/100|[from] Sandstorm
|-heal|p1a: Eternatus|100/100|[from] item: Leftovers
|upkeep
|turn|47
|
|t:|1646244911
|switch|p2a: Chansey|Chansey, F|100/100
|move|p1a: Eternatus|Protect||[still]
|-fail|p1a: Eternatus
|
|-weather|Sandstorm|[upkeep]
|-damage|p1a: Eternatus|94/100|[from] Sandstorm
|-damage|p2a: Chansey|94/100|[from] Sandstorm
|-heal|p1a: Eternatus|100/100|[from] item: Leftovers
|upkeep
|turn|48
|
|t:|1646244920
|switch|p2a: Lugia|Lugia|100/100
|move|p1a: Eternatus|Recover||[still]
|-fail|p1a: Eternatus|heal
|
|-weather|Sandstorm|[upkeep]
|-damage|p1a: Eternatus|94/100|[from] Sandstorm
|-damage|p2a: Lugia|94/100|[from] Sandstorm
|-heal|p1a: Eternatus|100/100|[from] item: Leftovers
|-heal|p2a: Lugia|100/100|[from] item: Leftovers
|upkeep
|turn|49
|
|t:|1646244928
|switch|p2a: Tyranitar|Tyranitar, M|100/100
|move|p1a: Eternatus|Protect||[still]
|-fail|p1a: Eternatus
|
|-weather|none
|upkeep
|turn|50
|
|t:|1646244935
|switch|p2a: Lugia|Lugia|100/100
|move|p1a: Eternatus|Protect||[still]
|-fail|p1a: Eternatus
|
|upkeep
|turn|51
|
|t:|1646244947
|switch|p1a: Lugia|Lugia|100/100
|-damage|p1a: Lugia|76/100|[from] Stealth Rock
|-ability|p1a: Lugia|Pressure
|switch|p2a: Tyranitar|Tyranitar, M|100/100
|-weather|Sandstorm|[from] ability: Sand Stream|[of] p2a: Tyranitar
|
|-weather|Sandstorm|[upkeep]
|-damage|p1a: Lugia|70/100|[from] Sandstorm
|-heal|p1a: Lugia|76/100|[from] item: Leftovers
|upkeep
|turn|52
|
|t:|1646244954
|move|p1a: Lugia|Protect|p1a: Lugia
|-singleturn|p1a: Lugia|Protect
|move|p2a: Tyranitar|Rock Tomb|p1a: Lugia
|-activate|p1a: Lugia|move: Protect
|
|-weather|Sandstorm|[upkeep]
|-damage|p1a: Lugia|70/100|[from] Sandstorm
|-heal|p1a: Lugia|76/100|[from] item: Leftovers
|upkeep
|turn|53
|c| Cab Sauv|Wait a minute everything has pressure
|
|t:|1646244965
|move|p1a: Lugia|Substitute|p1a: Lugia
|-start|p1a: Lugia|Substitute
|-damage|p1a: Lugia|51/100
|move|p2a: Tyranitar|Rock Tomb|p1a: Lugia
|-supereffective|p1a: Lugia
|-crit|p1a: Lugia
|-end|p1a: Lugia|Substitute
|
|-weather|Sandstorm|[upkeep]
|-damage|p1a: Lugia|45/100|[from] Sandstorm
|-heal|p1a: Lugia|51/100|[from] item: Leftovers
|upkeep
|turn|54
|c| Cab Sauv|Lmao
|c|☆TaeRae|yeah
|
|t:|1646244979
|-start|p2a: Tyranitar|Dynamax
|-heal|p2a: Tyranitar|100/100|[silent]
|move|p1a: Lugia|Protect|p1a: Lugia
|-singleturn|p1a: Lugia|Protect
|move|p2a: Tyranitar|Max Darkness|p1a: Lugia
|-supereffective|p1a: Lugia
|-zbroken|p1a: Lugia
|-damage|p1a: Lugia|38/100
|-unboost|p1a: Lugia|spd|1
|
|-weather|Sandstorm|[upkeep]
|-damage|p1a: Lugia|32/100|[from] Sandstorm
|-heal|p1a: Lugia|38/100|[from] item: Leftovers
|upkeep
|turn|55
|
|t:|1646244987
|move|p1a: Lugia|Recover|p1a: Lugia
|-heal|p1a: Lugia|88/100
|move|p2a: Tyranitar|Max Darkness|p1a: Lugia
|-supereffective|p1a: Lugia
|-damage|p1a: Lugia|40/100
|-unboost|p1a: Lugia|spd|1
|
|-weather|none
|-heal|p1a: Lugia|46/100|[from] item: Leftovers
|upkeep
|turn|56
|
|t:|1646244996
|switch|p1a: Eternatus|Eternatus|100/100
|-damage|p1a: Eternatus|88/100|[from] Stealth Rock
|-ability|p1a: Eternatus|Pressure
|move|p2a: Tyranitar|Max Darkness|p1a: Eternatus
|-damage|p1a: Eternatus|59/100
|-unboost|p1a: Eternatus|spd|1
|
|-heal|p1a: Eternatus|65/100|[from] item: Leftovers
|-end|p2a: Tyranitar|Dynamax
|-heal|p2a: Tyranitar|100/100|[silent]
|upkeep
|turn|57
|
|t:|1646245002
|switch|p2a: Giratina|Giratina|100/100 slp
|-ability|p2a: Giratina|Pressure
|move|p1a: Eternatus|Protect||[still]
|-fail|p1a: Eternatus
|
|-heal|p1a: Eternatus|71/100|[from] item: Leftovers
|upkeep
|turn|58
|
|t:|1646245017
|switch|p2a: Quagsire|Quagsire, F|100/100
|move|p1a: Eternatus|Substitute|p1a: Eternatus
|-start|p1a: Eternatus|Substitute
|-damage|p1a: Eternatus|46/100
|
|-heal|p1a: Eternatus|53/100|[from] item: Leftovers
|upkeep
|turn|59
|
|t:|1646245023
|switch|p2a: Lugia|Lugia|100/100
|move|p1a: Eternatus|Recover|p1a: Eternatus
|-heal|p1a: Eternatus|100/100
|
|upkeep
|turn|60
|
|t:|1646245030
|move|p1a: Eternatus|Recover||[still]
|-fail|p1a: Eternatus|heal
|move|p2a: Lugia|Whirlwind|p1a: Eternatus
|drag|p1a: Giratina|Giratina|69/100
|-damage|p1a: Giratina|57/100|[from] Stealth Rock
|-ability|p1a: Giratina|Pressure
|
|-heal|p1a: Giratina|63/100|[from] item: Leftovers
|upkeep
|turn|61
|
|t:|1646245044
|move|p1a: Giratina|Protect|p1a: Giratina
|-singleturn|p1a: Giratina|Protect
|move|p2a: Lugia|Toxic|p1a: Giratina
|-activate|p1a: Giratina|move: Protect
|
|-heal|p1a: Giratina|69/100|[from] item: Leftovers
|upkeep
|turn|62
|
|t:|1646245054
|move|p1a: Giratina|Magic Coat|p1a: Giratina
|-singleturn|p1a: Giratina|move: Magic Coat
|move|p2a: Lugia|Whirlwind|p1a: Giratina
|move|p1a: Giratina|Whirlwind|p2a: Lugia|[from]Magic Coat
|drag|p2a: Sableye|Sableye-Mega, M|95/100
|
|-heal|p1a: Giratina|75/100|[from] item: Leftovers
|upkeep
|turn|63
|
|t:|1646245060
|move|p1a: Giratina|Substitute|p1a: Giratina
|-start|p1a: Giratina|Substitute
|-damage|p1a: Giratina|51/100
|move|p2a: Sableye|Foul Play|p1a: Giratina
|-supereffective|p1a: Giratina
|-end|p1a: Giratina|Substitute
|
|-heal|p1a: Giratina|57/100|[from] item: Leftovers
|upkeep
|turn|64
|
|t:|1646245065
|switch|p2a: Lugia|Lugia|100/100
|move|p1a: Giratina|Protect||[still]
|-fail|p1a: Giratina
|
|-heal|p1a: Giratina|63/100|[from] item: Leftovers
|upkeep
|turn|65
|
|t:|1646245073
|switch|p1a: Eternatus|Eternatus|100/100
|-damage|p1a: Eternatus|88/100|[from] Stealth Rock
|-ability|p1a: Eternatus|Pressure
|move|p2a: Lugia|Substitute|p2a: Lugia
|-start|p2a: Lugia|Substitute
|-damage|p2a: Lugia|75/100
|
|-heal|p1a: Eternatus|94/100|[from] item: Leftovers
|-heal|p2a: Lugia|82/100|[from] item: Leftovers
|upkeep
|turn|66
|
|t:|1646245078
|move|p1a: Eternatus|Substitute|p1a: Eternatus
|-start|p1a: Eternatus|Substitute
|-damage|p1a: Eternatus|69/100
|move|p2a: Lugia|Roost|p2a: Lugia
|-heal|p2a: Lugia|100/100
|-singleturn|p2a: Lugia|move: Roost
|
|-heal|p1a: Eternatus|76/100|[from] item: Leftovers
|upkeep
|turn|67
|
|t:|1646245081
|move|p1a: Eternatus|Recover|p1a: Eternatus
|-heal|p1a: Eternatus|100/100
|move|p2a: Lugia|Whirlwind|p1a: Eternatus
|drag|p1a: Mewtwo|Mewtwo|100/100
|-damage|p1a: Mewtwo|88/100|[from] Stealth Rock
|-ability|p1a: Mewtwo|Pressure
|
|-heal|p1a: Mewtwo|94/100|[from] item: Leftovers
|upkeep
|turn|68
|
|t:|1646245091
|move|p1a: Mewtwo|Protect|p1a: Mewtwo
|-singleturn|p1a: Mewtwo|Protect
|move|p2a: Lugia|Whirlwind|p1a: Mewtwo
|drag|p1a: Eternatus|Eternatus|100/100
|-damage|p1a: Eternatus|88/100|[from] Stealth Rock
|-ability|p1a: Eternatus|Pressure
|
|-heal|p1a: Eternatus|94/100|[from] item: Leftovers
|upkeep
|turn|69
|
|t:|1646245102
|move|p1a: Eternatus|Protect|p1a: Eternatus
|-singleturn|p1a: Eternatus|Protect
|move|p2a: Lugia|Whirlwind|p1a: Eternatus
|drag|p1a: Giratina|Giratina|63/100
|-damage|p1a: Giratina|51/100|[from] Stealth Rock
|-ability|p1a: Giratina|Pressure
|
|-heal|p1a: Giratina|57/100|[from] item: Leftovers
|upkeep
|turn|70
|
|t:|1646245112
|move|p1a: Giratina|Magic Coat|p1a: Giratina
|-singleturn|p1a: Giratina|move: Magic Coat
|move|p2a: Lugia|Substitute|p2a: Lugia
|-fail|p2a: Lugia|move: Substitute
|
|-heal|p1a: Giratina|63/100|[from] item: Leftovers
|upkeep
|turn|71
|
|t:|1646245117
|move|p1a: Giratina|Protect|p1a: Giratina
|-singleturn|p1a: Giratina|Protect
|move|p2a: Lugia|Toxic|p1a: Giratina
|-activate|p1a: Giratina|move: Protect
|
|-heal|p1a: Giratina|69/100|[from] item: Leftovers
|upkeep
|turn|72
|
|t:|1646245122
|move|p1a: Giratina|Magic Coat|p1a: Giratina
|-singleturn|p1a: Giratina|move: Magic Coat
|move|p2a: Lugia|Substitute|p2a: Lugia
|-fail|p2a: Lugia|move: Substitute
|
|-heal|p1a: Giratina|75/100|[from] item: Leftovers
|upkeep
|turn|73
|
|t:|1646245129
|switch|p2a: Giratina|Giratina|100/100 slp
|-ability|p2a: Giratina|Pressure
|move|p1a: Giratina|Magic Coat|p1a: Giratina
|-singleturn|p1a: Giratina|move: Magic Coat
|
|-heal|p1a: Giratina|81/100|[from] item: Leftovers
|upkeep
|turn|74
|
|t:|1646245136
|move|p1a: Giratina|Substitute|p1a: Giratina
|-start|p1a: Giratina|Substitute
|-damage|p1a: Giratina|57/100
|cant|p2a: Giratina|slp
|
|-heal|p1a: Giratina|63/100|[from] item: Leftovers
|upkeep
|turn|75
|
|t:|1646245142
|switch|p2a: Quagsire|Quagsire, F|100/100
|move|p1a: Giratina|Protect||[still]
|-fail|p1a: Giratina
|
|-heal|p1a: Giratina|69/100|[from] item: Leftovers
|upkeep
|turn|76
|
|t:|1646245146
|switch|p2a: Tyranitar|Tyranitar, M|100/100
|-weather|Sandstorm|[from] ability: Sand Stream|[of] p2a: Tyranitar
|move|p1a: Giratina|Protect||[still]
|-fail|p1a: Giratina
|
|-weather|Sandstorm|[upkeep]
|-damage|p1a: Giratina|63/100|[from] Sandstorm
|-heal|p1a: Giratina|69/100|[from] item: Leftovers
|upkeep
|turn|77
|
|t:|1646245151
|switch|p2a: Giratina|Giratina|100/100 slp
|-ability|p2a: Giratina|Pressure
|move|p1a: Giratina|Protect||[still]
|-fail|p1a: Giratina
|
|-weather|Sandstorm|[upkeep]
|-damage|p1a: Giratina|63/100|[from] Sandstorm
|-damage|p2a: Giratina|94/100 slp|[from] Sandstorm
|-heal|p1a: Giratina|69/100|[from] item: Leftovers
|-heal|p2a: Giratina|100/100 slp|[from] item: Leftovers
|upkeep
|turn|78
|
|t:|1646245161
|switch|p1a: Eternatus|Eternatus|94/100
|-damage|p1a: Eternatus|82/100|[from] Stealth Rock
|-ability|p1a: Eternatus|Pressure
|switch|p2a: Tyranitar|Tyranitar, M|100/100
|
|-weather|Sandstorm|[upkeep]
|-damage|p1a: Eternatus|76/100|[from] Sandstorm
|-heal|p1a: Eternatus|82/100|[from] item: Leftovers
|upkeep
|turn|79
|inactive|Flynn Watson ^~^ has 120 seconds left.
|inactive|Flynn Watson ^~^ has 90 seconds left.
|
|t:|1646245227
|switch|p2a: Giratina|Giratina|100/100 slp
|-ability|p2a: Giratina|Pressure
|move|p1a: Eternatus|Substitute|p1a: Eternatus
|-start|p1a: Eternatus|Substitute
|-damage|p1a: Eternatus|57/100
|
|-weather|Sandstorm|[upkeep]
|-damage|p1a: Eternatus|51/100|[from] Sandstorm
|-damage|p2a: Giratina|94/100 slp|[from] Sandstorm
|-heal|p1a: Eternatus|57/100|[from] item: Leftovers
|-heal|p2a: Giratina|100/100 slp|[from] item: Leftovers
|upkeep
|turn|80
|
|t:|1646245238
|switch|p2a: Tyranitar|Tyranitar, M|100/100
|move|p1a: Eternatus|Recover|p1a: Eternatus
|-heal|p1a: Eternatus|100/100
|
|-weather|none
|upkeep
|turn|81
|inactive|Flynn Watson ^~^ has 90 seconds left.
|
|t:|1646245264
|switch|p2a: Giratina|Giratina|100/100 slp
|-ability|p2a: Giratina|Pressure
|move|p1a: Eternatus|Substitute|p1a: Eternatus
|-fail|p1a: Eternatus|move: Substitute
|
|upkeep
|turn|82
|
|t:|1646245268
|switch|p2a: Tyranitar|Tyranitar, M|100/100
|-weather|Sandstorm|[from] ability: Sand Stream|[of] p2a: Tyranitar
|move|p1a: Eternatus|Recover||[still]
|-fail|p1a: Eternatus|heal
|
|-weather|Sandstorm|[upkeep]
|-damage|p1a: Eternatus|94/100|[from] Sandstorm
|-heal|p1a: Eternatus|100/100|[from] item: Leftovers
|upkeep
|turn|83
|
|t:|1646245272
|switch|p2a: Giratina|Giratina|100/100 slp
|-ability|p2a: Giratina|Pressure
|move|p1a: Eternatus|Substitute|p1a: Eternatus
|-fail|p1a: Eternatus|move: Substitute
|
|-weather|Sandstorm|[upkeep]
|-damage|p1a: Eternatus|94/100|[from] Sandstorm
|-damage|p2a: Giratina|94/100 slp|[from] Sandstorm
|-heal|p1a: Eternatus|100/100|[from] item: Leftovers
|-heal|p2a: Giratina|100/100 slp|[from] item: Leftovers
|upkeep
|turn|84
|
|t:|1646245279
|switch|p2a: Tyranitar|Tyranitar, M|100/100
|move|p1a: Eternatus|Substitute|p1a: Eternatus
|-fail|p1a: Eternatus|move: Substitute
|
|-weather|Sandstorm|[upkeep]
|-damage|p1a: Eternatus|94/100|[from] Sandstorm
|-heal|p1a: Eternatus|100/100|[from] item: Leftovers
|upkeep
|turn|85
|inactive|Flynn Watson ^~^ has 90 seconds left.
|
|t:|1646245320
|switch|p1a: Lugia|Lugia|46/100
|-damage|p1a: Lugia|21/100|[from] Stealth Rock
|-ability|p1a: Lugia|Pressure
|switch|p2a: Giratina|Giratina|100/100 slp
|-ability|p2a: Giratina|Pressure
|
|-weather|Sandstorm|[upkeep]
|-damage|p1a: Lugia|15/100|[from] Sandstorm
|-damage|p2a: Giratina|94/100 slp|[from] Sandstorm
|-heal|p1a: Lugia|21/100|[from] item: Leftovers
|-heal|p2a: Giratina|100/100 slp|[from] item: Leftovers
|upkeep
|turn|86
|
|t:|1646245325
|move|p1a: Lugia|Recover|p1a: Lugia
|-heal|p1a: Lugia|71/100
|cant|p2a: Giratina|slp
|
|-weather|none
|-heal|p1a: Lugia|77/100|[from] item: Leftovers
|upkeep
|turn|87
|
|t:|1646245330
|move|p1a: Lugia|Aeroblast|p2a: Giratina
|-damage|p2a: Giratina|73/100 slp
|-curestatus|p2a: Giratina|slp|[msg]
|move|p2a: Giratina|Toxic|p1a: Lugia
|-status|p1a: Lugia|tox
|
|-heal|p1a: Lugia|83/100 tox|[from] item: Leftovers
|-heal|p2a: Giratina|79/100|[from] item: Leftovers
|-damage|p1a: Lugia|77/100 tox|[from] psn
|upkeep
|turn|88
|
|t:|1646245346
|move|p1a: Lugia|Recover|p1a: Lugia
|-heal|p1a: Lugia|100/100 tox
|move|p2a: Giratina|Rest|p2a: Giratina
|-status|p2a: Giratina|slp|[from] move: Rest
|-heal|p2a: Giratina|100/100 slp|[silent]
|
|-damage|p1a: Lugia|88/100 tox|[from] psn
|upkeep
|turn|89
|
|t:|1646245352
|switch|p2a: Tyranitar|Tyranitar, M|100/100
|-weather|Sandstorm|[from] ability: Sand Stream|[of] p2a: Tyranitar
|move|p1a: Lugia|Substitute|p1a: Lugia
|-start|p1a: Lugia|Substitute
|-damage|p1a: Lugia|64/100 tox
|
|-weather|Sandstorm|[upkeep]
|-damage|p1a: Lugia|58/100 tox|[from] Sandstorm
|-heal|p1a: Lugia|64/100 tox|[from] item: Leftovers
|-damage|p1a: Lugia|46/100 tox|[from] psn
|upkeep
|turn|90
|
|t:|1646245355
|switch|p2a: Giratina|Giratina|100/100 slp
|-ability|p2a: Giratina|Pressure
|move|p1a: Lugia|Recover|p1a: Lugia
|-heal|p1a: Lugia|96/100 tox
|
|-weather|Sandstorm|[upkeep]
|-damage|p1a: Lugia|90/100 tox|[from] Sandstorm
|-damage|p2a: Giratina|94/100 slp|[from] Sandstorm
|-heal|p1a: Lugia|96/100 tox|[from] item: Leftovers
|-heal|p2a: Giratina|100/100 slp|[from] item: Leftovers
|-damage|p1a: Lugia|72/100 tox|[from] psn
|upkeep
|turn|91
|
|t:|1646245363
|switch|p2a: Tyranitar|Tyranitar, M|100/100
|move|p1a: Lugia|Recover|p1a: Lugia
|-heal|p1a: Lugia|100/100 tox
|
|-weather|Sandstorm|[upkeep]
|-damage|p1a: Lugia|94/100 tox|[from] Sandstorm
|-heal|p1a: Lugia|100/100 tox|[from] item: Leftovers
|-damage|p1a: Lugia|70/100 tox|[from] psn
|upkeep
|turn|92
|inactive|Flynn Watson ^~^ has 120 seconds left.
|
|t:|1646245393
|switch|p2a: Giratina|Giratina|100/100 slp
|-ability|p2a: Giratina|Pressure
|move|p1a: Lugia|Recover|p1a: Lugia
|-heal|p1a: Lugia|100/100 tox
|
|-weather|Sandstorm|[upkeep]
|-damage|p1a: Lugia|94/100 tox|[from] Sandstorm
|-damage|p2a: Giratina|94/100 slp|[from] Sandstorm
|-heal|p1a: Lugia|100/100 tox|[from] item: Leftovers
|-heal|p2a: Giratina|100/100 slp|[from] item: Leftovers
|-damage|p1a: Lugia|64/100 tox|[from] psn
|upkeep
|turn|93
|
|t:|1646245399
|switch|p2a: Tyranitar|Tyranitar, M|100/100
|move|p1a: Lugia|Recover|p1a: Lugia
|-heal|p1a: Lugia|100/100 tox
|
|-weather|none
|-damage|p1a: Lugia|58/100 tox|[from] psn
|upkeep
|turn|94
|inactive|Flynn Watson ^~^ has 120 seconds left.
|
|t:|1646245426
|switch|p2a: Giratina|Giratina|100/100 slp
|-ability|p2a: Giratina|Pressure
|move|p1a: Lugia|Recover|p1a: Lugia
|-heal|p1a: Lugia|100/100 tox
|
|-damage|p1a: Lugia|52/100 tox|[from] psn
|upkeep
|turn|95
|
|t:|1646245432
|switch|p2a: Tyranitar|Tyranitar, M|100/100
|-weather|Sandstorm|[from] ability: Sand Stream|[of] p2a: Tyranitar
|move|p1a: Lugia|Recover|p1a: Lugia
|-heal|p1a: Lugia|100/100 tox
|
|-weather|Sandstorm|[upkeep]
|-damage|p1a: Lugia|94/100 tox|[from] Sandstorm
|-heal|p1a: Lugia|100/100 tox|[from] item: Leftovers
|-damage|p1a: Lugia|46/100 tox|[from] psn
|upkeep
|turn|96
|
|t:|1646245437
|switch|p2a: Giratina|Giratina|100/100 slp
|-ability|p2a: Giratina|Pressure
|move|p1a: Lugia|Recover|p1a: Lugia
|-heal|p1a: Lugia|96/100 tox
|
|-weather|Sandstorm|[upkeep]
|-damage|p1a: Lugia|90/100 tox|[from] Sandstorm
|-damage|p2a: Giratina|94/100 slp|[from] Sandstorm
|-heal|p1a: Lugia|96/100 tox|[from] item: Leftovers
|-heal|p2a: Giratina|100/100 slp|[from] item: Leftovers
|-damage|p1a: Lugia|36/100 tox|[from] psn
|upkeep
|turn|97
|
|t:|1646245450
|switch|p2a: Tyranitar|Tyranitar, M|100/100
|move|p1a: Lugia|Recover|p1a: Lugia
|-heal|p1a: Lugia|86/100 tox
|
|-weather|Sandstorm|[upkeep]
|-damage|p1a: Lugia|80/100 tox|[from] Sandstorm
|-heal|p1a: Lugia|86/100 tox|[from] item: Leftovers
|-damage|p1a: Lugia|20/100 tox|[from] psn
|upkeep
|turn|98
|inactive|Flynn Watson ^~^ has 120 seconds left.
|
|t:|1646245484
|switch|p2a: Giratina|Giratina|100/100 slp
|-ability|p2a: Giratina|Pressure
|move|p1a: Lugia|Recover|p1a: Lugia
|-heal|p1a: Lugia|70/100 tox
|
|-weather|Sandstorm|[upkeep]
|-damage|p1a: Lugia|64/100 tox|[from] Sandstorm
|-damage|p2a: Giratina|94/100 slp|[from] Sandstorm
|-heal|p1a: Lugia|70/100 tox|[from] item: Leftovers
|-heal|p2a: Giratina|100/100 slp|[from] item: Leftovers
|-damage|p1a: Lugia|0 fnt|[from] psn
|faint|p1a: Lugia
|upkeep
|
|t:|1646245499
|switch|p1a: Ho-Oh|Ho-Oh|100/100
|-damage|p1a: Ho-Oh|51/100|[from] Stealth Rock
|-ability|p1a: Ho-Oh|Pressure
|turn|99
|
|t:|1646245504
|move|p1a: Ho-Oh|Protect|p1a: Ho-Oh
|-singleturn|p1a: Ho-Oh|Protect
|cant|p2a: Giratina|slp
|
|-weather|none
|-heal|p1a: Ho-Oh|57/100|[from] item: Leftovers
|upkeep
|turn|100
|
|t:|1646245511
|move|p1a: Ho-Oh|Substitute|p1a: Ho-Oh
|-start|p1a: Ho-Oh|Substitute
|-damage|p1a: Ho-Oh|32/100
|cant|p2a: Giratina|slp
|
|-heal|p1a: Ho-Oh|38/100|[from] item: Leftovers
|upkeep
|turn|101
|
|t:|1646245516
|switch|p2a: Tyranitar|Tyranitar, M|100/100
|-weather|Sandstorm|[from] ability: Sand Stream|[of] p2a: Tyranitar
|move|p1a: Ho-Oh|Protect||[still]
|-fail|p1a: Ho-Oh
|
|-weather|Sandstorm|[upkeep]
|-damage|p1a: Ho-Oh|32/100|[from] Sandstorm
|-heal|p1a: Ho-Oh|38/100|[from] item: Leftovers
|upkeep
|turn|102
|inactive|Flynn Watson ^~^ has 120 seconds left.
|
|t:|1646245527
|switch|p2a: Giratina|Giratina|100/100 slp
|-ability|p2a: Giratina|Pressure
|move|p1a: Ho-Oh|Defog|p2a: Giratina
|-unboost|p2a: Giratina|evasion|1
|-sideend|p1: TaeRae|Stealth Rock|[from] move: Defog|[of] p1a: Ho-Oh
|
|-weather|Sandstorm|[upkeep]
|-damage|p1a: Ho-Oh|32/100|[from] Sandstorm
|-damage|p2a: Giratina|94/100 slp|[from] Sandstorm
|-heal|p1a: Ho-Oh|38/100|[from] item: Leftovers
|-heal|p2a: Giratina|100/100 slp|[from] item: Leftovers
|upkeep
|turn|103
|inactive|Flynn Watson ^~^ has 120 seconds left.
|
|t:|1646245532
|switch|p2a: Tyranitar|Tyranitar, M|100/100
|move|p1a: Ho-Oh|Protect||[still]
|-fail|p1a: Ho-Oh
|
|-weather|Sandstorm|[upkeep]
|-damage|p1a: Ho-Oh|32/100|[from] Sandstorm
|-heal|p1a: Ho-Oh|38/100|[from] item: Leftovers
|upkeep
|turn|104
|
|t:|1646245540
|move|p1a: Ho-Oh|Defog|p2a: Tyranitar
|-unboost|p2a: Tyranitar|evasion|1
|move|p2a: Tyranitar|Rock Tomb|p1a: Ho-Oh
|-supereffective|p1a: Ho-Oh
|-end|p1a: Ho-Oh|Substitute
|
|-weather|Sandstorm|[upkeep]
|-damage|p1a: Ho-Oh|32/100|[from] Sandstorm
|-heal|p1a: Ho-Oh|38/100|[from] item: Leftovers
|upkeep
|turn|105
|
|t:|1646245544
|move|p1a: Ho-Oh|Protect|p1a: Ho-Oh
|-singleturn|p1a: Ho-Oh|Protect
|move|p2a: Tyranitar|Rock Tomb|p1a: Ho-Oh
|-activate|p1a: Ho-Oh|move: Protect
|
|-weather|none
|-heal|p1a: Ho-Oh|44/100|[from] item: Leftovers
|upkeep
|turn|106
|l| Cab Sauv
|
|t:|1646245554
|move|p1a: Ho-Oh|Substitute|p1a: Ho-Oh
|-start|p1a: Ho-Oh|Substitute
|-damage|p1a: Ho-Oh|19/100
|move|p2a: Tyranitar|Stealth Rock|p1a: Ho-Oh
|-sidestart|p1: TaeRae|move: Stealth Rock
|
|-heal|p1a: Ho-Oh|25/100|[from] item: Leftovers
|upkeep
|turn|107
|
|t:|1646245559
|move|p1a: Ho-Oh|Protect|p1a: Ho-Oh
|-singleturn|p1a: Ho-Oh|Protect
|move|p2a: Tyranitar|Rock Tomb|p1a: Ho-Oh
|-activate|p1a: Ho-Oh|move: Protect
|
|-heal|p1a: Ho-Oh|31/100|[from] item: Leftovers
|upkeep
|turn|108
|
|t:|1646245571
|move|p1a: Ho-Oh|Flare Blitz|p2a: Tyranitar
|-resisted|p2a: Tyranitar
|-damage|p2a: Tyranitar|75/100
|-damage|p1a: Ho-Oh|23/100|[from] Recoil
|move|p2a: Tyranitar|Rock Tomb|p1a: Ho-Oh
|-supereffective|p1a: Ho-Oh
|-end|p1a: Ho-Oh|Substitute
|
|-heal|p1a: Ho-Oh|29/100|[from] item: Leftovers
|-heal|p2a: Tyranitar|82/100|[from] item: Leftovers
|upkeep
|turn|109
|
|t:|1646245576
|move|p1a: Ho-Oh|Protect|p1a: Ho-Oh
|-singleturn|p1a: Ho-Oh|Protect
|move|p2a: Tyranitar|Rock Tomb|p1a: Ho-Oh
|-activate|p1a: Ho-Oh|move: Protect
|
|-heal|p1a: Ho-Oh|35/100|[from] item: Leftovers
|-heal|p2a: Tyranitar|88/100|[from] item: Leftovers
|upkeep
|turn|110
|
|t:|1646245584
|move|p1a: Ho-Oh|Substitute|p1a: Ho-Oh
|-start|p1a: Ho-Oh|Substitute
|-damage|p1a: Ho-Oh|10/100
|move|p2a: Tyranitar|Rock Tomb|p1a: Ho-Oh
|-supereffective|p1a: Ho-Oh
|-end|p1a: Ho-Oh|Substitute
|
|-heal|p1a: Ho-Oh|16/100|[from] item: Leftovers
|-heal|p2a: Tyranitar|94/100|[from] item: Leftovers
|upkeep
|turn|111
|
|t:|1646245588
|move|p1a: Ho-Oh|Protect|p1a: Ho-Oh
|-singleturn|p1a: Ho-Oh|Protect
|move|p2a: Tyranitar|Stealth Rock||[still]
|-fail|p2a: Tyranitar
|
|-heal|p1a: Ho-Oh|22/100|[from] item: Leftovers
|-heal|p2a: Tyranitar|99/100|[from] item: Leftovers
|upkeep
|turn|112
|j| Cab Sauv
|
|t:|1646245594
|move|p1a: Ho-Oh|Flare Blitz|p2a: Tyranitar
|-resisted|p2a: Tyranitar
|-damage|p2a: Tyranitar|73/100
|-status|p2a: Tyranitar|brn
|-damage|p1a: Ho-Oh|14/100|[from] Recoil
|move|p2a: Tyranitar|Rock Tomb|p1a: Ho-Oh
|-supereffective|p1a: Ho-Oh
|-damage|p1a: Ho-Oh|0 fnt
|faint|p1a: Ho-Oh
|
|-heal|p2a: Tyranitar|79/100 brn|[from] item: Leftovers
|-damage|p2a: Tyranitar|73/100 brn|[from] brn
|upkeep
|
|t:|1646245603
|switch|p1a: Mewtwo|Mewtwo|94/100
|-damage|p1a: Mewtwo|82/100|[from] Stealth Rock
|-ability|p1a: Mewtwo|Pressure
|turn|113
|
|t:|1646245607
|move|p1a: Mewtwo|Drain Punch|p2a: Tyranitar
|-supereffective|p2a: Tyranitar
|-damage|p2a: Tyranitar|16/100 brn
|-heal|p1a: Mewtwo|100/100|[from] drain|[of] p2a: Tyranitar
|move|p2a: Tyranitar|Rest|p2a: Tyranitar
|-status|p2a: Tyranitar|slp|[from] move: Rest
|-heal|p2a: Tyranitar|100/100 slp|[silent]
|
|upkeep
|turn|114
|
|t:|1646245613
|switch|p2a: Lugia|Lugia|100/100
|move|p1a: Mewtwo|Drain Punch|p2a: Lugia
|-resisted|p2a: Lugia
|-damage|p2a: Lugia|99/100
|
|-heal|p2a: Lugia|100/100|[from] item: Leftovers
|upkeep
|turn|115
|
|t:|1646245618
|move|p1a: Mewtwo|Substitute|p1a: Mewtwo
|-start|p1a: Mewtwo|Substitute
|-damage|p1a: Mewtwo|76/100
|move|p2a: Lugia|Substitute|p2a: Lugia
|-start|p2a: Lugia|Substitute
|-damage|p2a: Lugia|75/100
|
|-heal|p1a: Mewtwo|82/100|[from] item: Leftovers
|-heal|p2a: Lugia|82/100|[from] item: Leftovers
|upkeep
|turn|116
|
|t:|1646245624
|move|p1a: Mewtwo|Protect|p1a: Mewtwo
|-singleturn|p1a: Mewtwo|Protect
|move|p2a: Lugia|Whirlwind|p1a: Mewtwo
|drag|p1a: Giratina|Giratina|69/100
|-damage|p1a: Giratina|57/100|[from] Stealth Rock
|-ability|p1a: Giratina|Pressure
|
|-heal|p2a: Lugia|88/100|[from] item: Leftovers
|-heal|p1a: Giratina|63/100|[from] item: Leftovers
|upkeep
|turn|117
|
|t:|1646245631
|move|p1a: Giratina|Magic Coat|p1a: Giratina
|-singleturn|p1a: Giratina|move: Magic Coat
|move|p2a: Lugia|Roost|p2a: Lugia
|-heal|p2a: Lugia|100/100
|-singleturn|p2a: Lugia|move: Roost
|
|-heal|p1a: Giratina|69/100|[from] item: Leftovers
|upkeep
|turn|118
|-message|TaeRae forfeited.
|
|win|Flynn Watson ^~^
|n|☆TaeRae|taerae
|n|‽Flynn Watson ^~^|flynnwatson
|n| Cab Sauv|cabsauv
|l|☆TaeRae
