|j|☆Dodg3theStorm
|j|☆KokoroSenpai
|t:|1660219326
|gametype|singles
|player|p1|Dodg3theStorm|blue|1377
|player|p2|KokoroSenpai|youngster-gen4dp|1551
|teamsize|p1|6
|teamsize|p2|6
|gen|8
|tier|[Gen 8] National Dex AG
|rated|
|rule|HP Percentage Mod: HP is shown in percentages
|rule|Endless Battle Clause: Forcing endless battles is banned
|clearpoke
|poke|p1|Jolteon, M|
|poke|p1|Incineroar, M|
|poke|p1|Blastoise, F|
|poke|p1|Dragapult, F|
|poke|p1|Tsareena, F|
|poke|p1|Skarmory, M|
|poke|p2|Zacian-*|
|poke|p2|Groudon|
|poke|p2|Diancie|
|poke|p2|Mandibuzz, F|
|poke|p2|Chansey, F|
|poke|p2|Quagsire, M|
|teampreview
|inactive|Battle timer is ON: inactive players will automatically lose when time's up. (requested by KokoroSenpai)
|
|t:|1660219342
|start
|switch|p1a: Dramma|Dragapult, F|100/100
|switch|p2a: Diancie|Diancie|100/100
|turn|1
|
|t:|1660219346
|detailschange|p2a: Diancie|Diancie-Mega
|-mega|p2a: Diancie|Diancie|Diancite
|move|p1a: Dramma|Steel Wing|p2a: Diancie
|-supereffective|p2a: Diancie
|-damage|p2a: Diancie|0 fnt
|faint|p2a: Diancie
|-damage|p1a: Dramma|91/100|[from] item: Life Orb
|
|upkeep
|
|t:|1660219353
|switch|p2a: Groudon|Groudon|100/100
|-weather|SunnyDay|[from] ability: Drought|[of] p2a: Groudon
|turn|2
|
|t:|1660219356
|-start|p1a: Dramma|Dynamax|
|-heal|p1a: Dramma|91/100|[silent]
|move|p1a: Dramma|Max Wyrmwind|p2a: Groudon
|-damage|p2a: Groudon|47/100
|-unboost|p2a: Groudon|atk|1
|-damage|p1a: Dramma|86/100|[from] item: Life Orb
|move|p2a: Groudon|Stealth Rock|p1a: Dramma
|-sidestart|p1: Dodg3theStorm|move: Stealth Rock
|
|-weather|SunnyDay|[upkeep]
|-heal|p2a: Groudon|53/100|[from] item: Leftovers
|upkeep
|turn|3
|
|t:|1660219359
|switch|p2a: Zacian|Zacian-Crowned|100/100
|-ability|p2a: Zacian|Intrepid Sword|boost
|-boost|p2a: Zacian|atk|1
|move|p1a: Dramma|Max Wyrmwind|p2a: Zacian
|-immune|p2a: Zacian
|
|-weather|SunnyDay|[upkeep]
|upkeep
|turn|4
|
|t:|1660219361
|move|p1a: Dramma|Max Flare|p2a: Zacian
|-supereffective|p2a: Zacian
|-crit|p2a: Zacian
|-damage|p2a: Zacian|0 fnt
|faint|p2a: Zacian
|-damage|p1a: Dramma|81/100|[from] item: Life Orb
|
|-weather|SunnyDay|[upkeep]
|upkeep
|
|t:|1660219365
|switch|p2a: Mandibuzz|Mandibuzz, F|100/100
|-end|p1a: Dramma|Dynamax
|-heal|p1a: Dramma|81/100|[silent]
|turn|5
|
|t:|1660219368
|switch|p1a: Flora|Tsareena, F|100/100
|-damage|p1a: Flora|88/100|[from] Stealth Rock
|move|p2a: Mandibuzz|Foul Play|p1a: Flora
|-damage|p1a: Flora|43/100
|
|-weather|SunnyDay|[upkeep]
|upkeep
|turn|6
|
|t:|1660219374
|move|p2a: Mandibuzz|Foul Play|p1a: Flora
|-damage|p1a: Flora|2/100
|move|p1a: Flora|Rapid Spin|p2a: Mandibuzz
|-damage|p2a: Mandibuzz|90/100
|-boost|p1a: Flora|spe|1
|-sideend|p1: Dodg3theStorm|Stealth Rock|[from] move: Rapid Spin|[of] p1a: Flora
|
|-weather|none
|upkeep
|turn|7
|
|t:|1660219379
|switch|p1a: Gale|Skarmory, M|100/100
|move|p2a: Mandibuzz|Foul Play|p1a: Gale
|-damage|p1a: Gale|88/100
|-damage|p2a: Mandibuzz|73/100|[from] item: Rocky Helmet|[of] p1a: Gale
|
|upkeep
|turn|8
|
|t:|1660219381
|move|p2a: Mandibuzz|Foul Play|p1a: Gale
|-damage|p1a: Gale|75/100
|-damage|p2a: Mandibuzz|57/100|[from] item: Rocky Helmet|[of] p1a: Gale
|move|p1a: Gale|Stealth Rock|p2a: Mandibuzz
|-sidestart|p2: KokoroSenpai|move: Stealth Rock
|
|upkeep
|turn|9
|
|t:|1660219383
|move|p2a: Mandibuzz|Taunt|p1a: Gale
|-start|p1a: Gale|move: Taunt
|cant|p1a: Gale|move: Taunt|Spikes
|
|upkeep
|turn|10
|
|t:|1660219386
|switch|p1a: Spike|Incineroar, M|100/100
|-ability|p1a: Spike|Intimidate|boost
|-unboost|p2a: Mandibuzz|atk|1
|move|p2a: Mandibuzz|Defog|p1a: Spike
|-unboost|p1a: Spike|evasion|1
|-sideend|p2: KokoroSenpai|Stealth Rock|[from] move: Defog|[of] p2a: Mandibuzz
|
|upkeep
|turn|11
|
|t:|1660219388
|move|p2a: Mandibuzz|Roost|p2a: Mandibuzz
|-heal|p2a: Mandibuzz|100/100
|-singleturn|p2a: Mandibuzz|move: Roost
|move|p1a: Spike|Parting Shot|p2a: Mandibuzz
|-unboost|p2a: Mandibuzz|atk|1
|-unboost|p2a: Mandibuzz|spa|1
|
|t:|1660219393
|switch|p1a: Shelly|Blastoise, F|100/100|[from]move: Parting Shot
|
|upkeep
|turn|12
|l|☆KokoroSenpai
|inactive|KokoroSenpai disconnected and has a minute to reconnect!
|player|p2|
|j|☆KokoroSenpai
|inactive|KokoroSenpai reconnected and has 145 seconds left.
|player|p2|KokoroSenpai|youngster-gen4dp
|
|t:|1660219401
|switch|p2a: Chansey|Chansey, F|100/100
|detailschange|p1a: Shelly|Blastoise-Mega, F
|-mega|p1a: Shelly|Blastoise|Blastoisinite
|move|p1a: Shelly|Shell Smash|p1a: Shelly
|-unboost|p1a: Shelly|def|1
|-unboost|p1a: Shelly|spd|1
|-boost|p1a: Shelly|atk|2
|-boost|p1a: Shelly|spa|2
|-boost|p1a: Shelly|spe|2
|
|upkeep
|turn|13
|
|t:|1660219403
|move|p1a: Shelly|Water Pulse|p2a: Chansey
|-damage|p2a: Chansey|74/100
|-start|p2a: Chansey|confusion
|-activate|p2a: Chansey|confusion
|move|p2a: Chansey|Toxic|p1a: Shelly
|-status|p1a: Shelly|tox
|
|-damage|p1a: Shelly|94/100 tox|[from] psn
|upkeep
|turn|14
|
|t:|1660219409
|move|p1a: Shelly|Water Pulse|p2a: Chansey
|-damage|p2a: Chansey|44/100
|-end|p2a: Chansey|confusion
|move|p2a: Chansey|Soft-Boiled|p2a: Chansey
|-heal|p2a: Chansey|94/100
|
|-damage|p1a: Shelly|82/100 tox|[from] psn
|upkeep
|turn|15
|
|t:|1660219412
|switch|p1a: Axel|Jolteon, M|100/100
|move|p2a: Chansey|Seismic Toss|p1a: Axel
|-damage|p1a: Axel|64/100
|
|-status|p1a: Axel|brn|[from] item: Flame Orb
|upkeep
|turn|16
|
|t:|1660219419
|switch|p2a: Quagsire|Quagsire, M|100/100
|move|p1a: Axel|Heal Bell|p1a: Axel
|-activate|p1a: Axel|move: Heal Bell
|-curestatus|p1a: Axel|brn|[msg]
|-curestatus|p1: Shelly|tox|[msg]
|
|-status|p1a: Axel|brn|[from] item: Flame Orb
|upkeep
|turn|17
|
|t:|1660219429
|switch|p1a: Gale|Skarmory, M|75/100
|move|p2a: Quagsire|Scald|p1a: Gale
|-damage|p1a: Gale|53/100
|
|upkeep
|turn|18
|
|t:|1660219435
|switch|p2a: Mandibuzz|Mandibuzz, F|100/100
|move|p1a: Gale|Stealth Rock|p2a: Mandibuzz
|-sidestart|p2: KokoroSenpai|move: Stealth Rock
|
|upkeep
|turn|19
|
|t:|1660219440
|switch|p1a: Axel|Jolteon, M|64/100 brn
|move|p2a: Mandibuzz|Defog|p1a: Axel
|-unboost|p1a: Axel|evasion|1
|-sideend|p2: KokoroSenpai|Stealth Rock|[from] move: Defog|[of] p2a: Mandibuzz
|
|-damage|p1a: Axel|58/100 brn|[from] brn
|upkeep
|turn|20
|
|t:|1660219443
|switch|p1a: Gale|Skarmory, M|53/100
|switch|p2a: Quagsire|Quagsire, M|100/100
|
|upkeep
|turn|21
|
|t:|1660219446
|switch|p2a: Mandibuzz|Mandibuzz, F|100/100
|move|p1a: Gale|Stealth Rock|p2a: Mandibuzz
|-sidestart|p2: KokoroSenpai|move: Stealth Rock
|
|upkeep
|turn|22
|
|t:|1660219451
|switch|p1a: Shelly|Blastoise-Mega, F|82/100
|move|p2a: Mandibuzz|Taunt|p1a: Shelly
|-start|p1a: Shelly|move: Taunt
|
|upkeep
|turn|23
|
|t:|1660219458
|switch|p2a: Chansey|Chansey, F|94/100
|-damage|p2a: Chansey|82/100|[from] Stealth Rock
|move|p1a: Shelly|Ice Beam|p2a: Chansey
|-damage|p2a: Chansey|72/100
|
|upkeep
|turn|24
|
|t:|1660219460
|switch|p1a: Gale|Skarmory, M|53/100
|move|p2a: Chansey|Toxic|p1a: Gale
|-immune|p1a: Gale
|
|upkeep
|turn|25
|
|t:|1660219463
|move|p1a: Gale|Roost|p1a: Gale
|-heal|p1a: Gale|100/100
|-singleturn|p1a: Gale|move: Roost
|move|p2a: Chansey|Soft-Boiled|p2a: Chansey
|-heal|p2a: Chansey|100/100
|
|upkeep
|turn|26
|
|t:|1660219475
|switch|p1a: Shelly|Blastoise-Mega, F|82/100
|switch|p2a: Mandibuzz|Mandibuzz, F|100/100
|
|upkeep
|turn|27
|
|t:|1660219478
|move|p1a: Shelly|Ice Beam|p2a: Mandibuzz
|-supereffective|p2a: Mandibuzz
|-damage|p2a: Mandibuzz|55/100
|move|p2a: Mandibuzz|Defog|p1a: Shelly
|-unboost|p1a: Shelly|evasion|1
|-sideend|p2: KokoroSenpai|Stealth Rock|[from] move: Defog|[of] p2a: Mandibuzz
|
|upkeep
|turn|28
|
|t:|1660219481
|switch|p2a: Chansey|Chansey, F|100/100
|move|p1a: Shelly|Ice Beam|p2a: Chansey
|-damage|p2a: Chansey|91/100
|
|upkeep
|turn|29
|
|t:|1660219485
|switch|p1a: Gale|Skarmory, M|100/100
|switch|p2a: Groudon|Groudon|53/100
|-weather|SunnyDay|[from] ability: Drought|[of] p2a: Groudon
|
|-weather|SunnyDay|[upkeep]
|-heal|p2a: Groudon|59/100|[from] item: Leftovers
|upkeep
|turn|30
|
|t:|1660219492
|-start|p2a: Groudon|Dynamax|
|-heal|p2a: Groudon|59/100|[silent]
|move|p2a: Groudon|Max Flare|p1a: Gale
|-supereffective|p1a: Gale
|-damage|p1a: Gale|21/100
|move|p1a: Gale|Stealth Rock|p2a: Groudon
|-sidestart|p2: KokoroSenpai|move: Stealth Rock
|
|-weather|SunnyDay|[upkeep]
|-heal|p2a: Groudon|62/100|[from] item: Leftovers
|upkeep
|turn|31
|
|t:|1660219495
|switch|p1a: Spike|Incineroar, M|100/100
|-ability|p1a: Spike|Intimidate|boost
|-unboost|p2a: Groudon|atk|1
|move|p2a: Groudon|Max Flare|p1a: Spike
|-resisted|p1a: Spike
|-damage|p1a: Spike|86/100
|
|-weather|SunnyDay|[upkeep]
|-heal|p2a: Groudon|65/100|[from] item: Leftovers
|upkeep
|turn|32
|
|t:|1660219497
|switch|p1a: Gale|Skarmory, M|21/100
|move|p2a: Groudon|Max Quake|p1a: Gale
|-immune|p1a: Gale
|
|-weather|SunnyDay|[upkeep]
|-heal|p2a: Groudon|68/100|[from] item: Leftovers
|upkeep
|-end|p2a: Groudon|Dynamax
|-heal|p2a: Groudon|68/100|[silent]
|turn|33
|
|t:|1660219500
|switch|p1a: Spike|Incineroar, M|86/100
|-ability|p1a: Spike|Intimidate|boost
|-unboost|p2a: Groudon|atk|1
|move|p2a: Groudon|Swords Dance|p2a: Groudon
|-boost|p2a: Groudon|atk|2
|
|-weather|none
|-heal|p2a: Groudon|74/100|[from] item: Leftovers
|upkeep
|turn|34
|l|☆KokoroSenpai
|inactive|KokoroSenpai disconnected and has a minute to reconnect!
|player|p2|
|inactive|Dodg3theStorm has 120 seconds left.
|inactive|Dodg3theStorm has 90 seconds left.
|j|☆KokoroSenpai
|inactive|KokoroSenpai reconnected.
|player|p2|KokoroSenpai|youngster-gen4dp
|inactive|Dodg3theStorm has 60 seconds left.
|
|t:|1660219604
|switch|p2a: Quagsire|Quagsire, M|100/100
|-damage|p2a: Quagsire|94/100|[from] Stealth Rock
|move|p1a: Spike|Parting Shot|p2a: Quagsire
|-unboost|p2a: Quagsire|atk|1
|-unboost|p2a: Quagsire|spa|1
|
|t:|1660219608
|switch|p1a: Flora|Tsareena, F|2/100|[from]move: Parting Shot
|
|upkeep
|turn|35
|
|t:|1660219614
|switch|p2a: Mandibuzz|Mandibuzz, F|55/100
|move|p1a: Flora|Trop Kick|p2a: Mandibuzz
|-resisted|p2a: Mandibuzz
|-damage|p2a: Mandibuzz|42/100
|-unboost|p2a: Mandibuzz|atk|1
|
|upkeep
|turn|36
|
|t:|1660219620
|move|p2a: Mandibuzz|Roost|p2a: Mandibuzz
|-heal|p2a: Mandibuzz|92/100
|-singleturn|p2a: Mandibuzz|move: Roost
|move|p1a: Flora|U-turn|p2a: Mandibuzz
|-supereffective|p2a: Mandibuzz
|-damage|p2a: Mandibuzz|63/100
|
|t:|1660219625
|switch|p1a: Shelly|Blastoise-Mega, F|82/100|[from]move: U-turn
|
|upkeep
|turn|37
|
|t:|1660219628
|switch|p2a: Chansey|Chansey, F|91/100
|-damage|p2a: Chansey|79/100|[from] Stealth Rock
|move|p1a: Shelly|Shell Smash|p1a: Shelly
|-unboost|p1a: Shelly|def|1
|-unboost|p1a: Shelly|spd|1
|-boost|p1a: Shelly|atk|2
|-boost|p1a: Shelly|spa|2
|-boost|p1a: Shelly|spe|2
|
|upkeep
|turn|38
|
|t:|1660219631
|move|p1a: Shelly|Dark Pulse|p2a: Chansey
|-damage|p2a: Chansey|54/100
|move|p2a: Chansey|Toxic|p1a: Shelly
|-status|p1a: Shelly|tox
|
|-damage|p1a: Shelly|76/100 tox|[from] psn
|upkeep
|turn|39
|
|t:|1660219635
|move|p1a: Shelly|Dark Pulse|p2a: Chansey
|-damage|p2a: Chansey|30/100
|move|p2a: Chansey|Soft-Boiled|p2a: Chansey
|-heal|p2a: Chansey|80/100
|
|-damage|p1a: Shelly|64/100 tox|[from] psn
|upkeep
|turn|40
|
|t:|1660219638
|switch|p1a: Dramma|Dragapult, F|81/100
|move|p2a: Chansey|Seismic Toss|p1a: Dramma
|-immune|p1a: Dramma
|
|upkeep
|turn|41
|
|t:|1660219646
|move|p1a: Dramma|Substitute|p1a: Dramma
|-start|p1a: Dramma|Substitute
|-damage|p1a: Dramma|56/100
|move|p2a: Chansey|Toxic||[still]
|-fail|p2a: Chansey
|
|upkeep
|turn|42
|
|t:|1660219649
|switch|p2a: Quagsire|Quagsire, M|94/100
|-damage|p2a: Quagsire|88/100|[from] Stealth Rock
|move|p1a: Dramma|Dragon Darts|p2a: Quagsire
|-damage|p2a: Quagsire|65/100
|-anim|p1a: Dramma|Dragon Darts|p2a: Quagsire
|-damage|p2a: Quagsire|41/100
|-damage|p1a: Dramma|46/100|[from] item: Life Orb
|
|upkeep
|turn|43
|
|t:|1660219655
|move|p1a: Dramma|Dragon Darts|p2a: Quagsire
|-damage|p2a: Quagsire|17/100
|-anim|p1a: Dramma|Dragon Darts|p2a: Quagsire
|-damage|p2a: Quagsire|0 fnt
|faint|p2a: Quagsire
|-damage|p1a: Dramma|36/100|[from] item: Life Orb
|
|upkeep
|
|t:|1660219658
|switch|p2a: Mandibuzz|Mandibuzz, F|63/100
|turn|44
|
|t:|1660219660
|move|p1a: Dramma|Dragon Darts|p2a: Mandibuzz
|-damage|p2a: Mandibuzz|43/100
|-anim|p1a: Dramma|Dragon Darts|p2a: Mandibuzz
|-damage|p2a: Mandibuzz|19/100
|-damage|p1a: Dramma|27/100|[from] item: Life Orb
|move|p2a: Mandibuzz|Roost|p2a: Mandibuzz
|-heal|p2a: Mandibuzz|69/100
|-singleturn|p2a: Mandibuzz|move: Roost
|
|upkeep
|turn|45
|
|t:|1660219664
|switch|p1a: Axel|Jolteon, M|58/100 brn
|move|p2a: Mandibuzz|Roost|p2a: Mandibuzz
|-heal|p2a: Mandibuzz|100/100
|-singleturn|p2a: Mandibuzz|move: Roost
|
|-damage|p1a: Axel|52/100 brn|[from] brn
|upkeep
|turn|46
|
|t:|1660219668
|switch|p2a: Groudon|Groudon|74/100
|-damage|p2a: Groudon|68/100|[from] Stealth Rock
|-weather|SunnyDay|[from] ability: Drought|[of] p2a: Groudon
|move|p1a: Axel|Heal Bell|p1a: Axel
|-activate|p1a: Axel|move: Heal Bell
|-curestatus|p1a: Axel|brn|[msg]
|-curestatus|p1: Shelly|tox|[msg]
|
|-weather|SunnyDay|[upkeep]
|-heal|p2a: Groudon|74/100|[from] item: Leftovers
|-status|p1a: Axel|brn|[from] item: Flame Orb
|upkeep
|turn|47
|
|t:|1660219671
|switch|p1a: Spike|Incineroar, M|86/100
|-ability|p1a: Spike|Intimidate|boost
|-unboost|p2a: Groudon|atk|1
|move|p2a: Groudon|Fire Punch|p1a: Spike
|-resisted|p1a: Spike
|-damage|p1a: Spike|77/100
|
|-weather|SunnyDay|[upkeep]
|-heal|p2a: Groudon|80/100|[from] item: Leftovers
|upkeep
|turn|48
|
|t:|1660219677
|switch|p1a: Gale|Skarmory, M|21/100
|move|p2a: Groudon|Precipice Blades|p1a: Gale
|-immune|p1a: Gale
|
|-weather|SunnyDay|[upkeep]
|-heal|p2a: Groudon|87/100|[from] item: Leftovers
|upkeep
|turn|49
|
|t:|1660219680
|switch|p2a: Mandibuzz|Mandibuzz, F|100/100
|switch|p1a: Spike|Incineroar, M|77/100
|-ability|p1a: Spike|Intimidate|boost
|-unboost|p2a: Mandibuzz|atk|1
|
|-weather|SunnyDay|[upkeep]
|upkeep
|turn|50
|
|t:|1660219683
|move|p2a: Mandibuzz|Foul Play|p1a: Spike
|-resisted|p1a: Spike
|-damage|p1a: Spike|64/100
|move|p1a: Spike|Knock Off|p2a: Mandibuzz
|-resisted|p2a: Mandibuzz
|-damage|p2a: Mandibuzz|87/100
|-enditem|p2a: Mandibuzz|Heavy-Duty Boots|[from] move: Knock Off|[of] p1a: Spike
|
|-weather|none
|upkeep
|turn|51
|
|t:|1660219690
|move|p2a: Mandibuzz|Defog|p1a: Spike
|-unboost|p1a: Spike|evasion|1
|-sideend|p2: KokoroSenpai|Stealth Rock|[from] move: Defog|[of] p2a: Mandibuzz
|-zpower|p1a: Spike
|move|p1a: Spike|Z-Parting Shot|p2a: Mandibuzz|[anim]Parting Shot
|-activate|p1a: Spike|healreplacement
|-unboost|p2a: Mandibuzz|atk|1
|-unboost|p2a: Mandibuzz|spa|1
|
|t:|1660219694
|switch|p1a: Dramma|Dragapult, F|27/100|[from]move: Parting Shot
|-heal|p1a: Dramma|100/100|[from] move: Parting Shot|[zeffect]
|
|upkeep
|turn|52
|
|t:|1660219700
|switch|p1a: Spike|Incineroar, M|64/100
|-ability|p1a: Spike|Intimidate|boost
|-unboost|p2a: Mandibuzz|atk|1
|move|p2a: Mandibuzz|Foul Play|p1a: Spike
|-resisted|p1a: Spike
|-crit|p1a: Spike
|-damage|p1a: Spike|45/100
|
|upkeep
|turn|53
|
|t:|1660219704
|move|p2a: Mandibuzz|Foul Play|p1a: Spike
|-resisted|p1a: Spike
|-damage|p1a: Spike|32/100
|move|p1a: Spike|Parting Shot|p2a: Mandibuzz
|-unboost|p2a: Mandibuzz|atk|1
|-unboost|p2a: Mandibuzz|spa|1
|
|t:|1660219706
|switch|p1a: Shelly|Blastoise-Mega, F|64/100|[from]move: Parting Shot
|
|upkeep
|turn|54
|
|t:|1660219710
|switch|p2a: Chansey|Chansey, F|80/100
|move|p1a: Shelly|Ice Beam|p2a: Chansey
|-damage|p2a: Chansey|71/100
|
|upkeep
|turn|55
|
|t:|1660219712
|switch|p1a: Gale|Skarmory, M|21/100
|switch|p2a: Mandibuzz|Mandibuzz, F|87/100
|
|upkeep
|turn|56
|
|t:|1660219714
|move|p2a: Mandibuzz|Taunt|p1a: Gale
|-start|p1a: Gale|move: Taunt
|cant|p1a: Gale|move: Taunt|Stealth Rock
|
|upkeep
|turn|57
|
|t:|1660219718
|switch|p1a: Spike|Incineroar, M|32/100
|-ability|p1a: Spike|Intimidate|boost
|-unboost|p2a: Mandibuzz|atk|1
|move|p2a: Mandibuzz|Foul Play|p1a: Spike
|-resisted|p1a: Spike
|-damage|p1a: Spike|18/100
|
|upkeep
|turn|58
|
|t:|1660219722
|move|p2a: Mandibuzz|Taunt|p1a: Spike
|-start|p1a: Spike|move: Taunt
|cant|p1a: Spike|move: Taunt|Parting Shot
|
|upkeep
|turn|59
|
|t:|1660219725
|move|p2a: Mandibuzz|Foul Play|p1a: Spike
|-resisted|p1a: Spike
|-damage|p1a: Spike|4/100
|move|p1a: Spike|Knock Off|p2a: Mandibuzz
|-resisted|p2a: Mandibuzz
|-damage|p2a: Mandibuzz|78/100
|
|upkeep
|turn|60
|
|t:|1660219730
|move|p2a: Mandibuzz|Foul Play|p1a: Spike
|-resisted|p1a: Spike
|-damage|p1a: Spike|0 fnt
|faint|p1a: Spike
|
|upkeep
|
|t:|1660219732
|switch|p1a: Shelly|Blastoise-Mega, F|64/100
|turn|61
|
|t:|1660219735
|switch|p2a: Chansey|Chansey, F|71/100
|move|p1a: Shelly|Ice Beam|p2a: Chansey
|-damage|p2a: Chansey|62/100
|
|upkeep
|turn|62
|
|t:|1660219740
|move|p1a: Shelly|Ice Beam|p2a: Chansey
|-damage|p2a: Chansey|53/100
|move|p2a: Chansey|Soft-Boiled|p2a: Chansey
|-heal|p2a: Chansey|100/100
|
|upkeep
|turn|63
|
|t:|1660219744
|switch|p1a: Gale|Skarmory, M|21/100
|move|p2a: Chansey|Toxic|p1a: Gale
|-immune|p1a: Gale
|
|upkeep
|turn|64
|
|t:|1660219746
|move|p1a: Gale|Roost|p1a: Gale
|-heal|p1a: Gale|71/100
|-singleturn|p1a: Gale|move: Roost
|move|p2a: Chansey|Seismic Toss|p1a: Gale
|-damage|p1a: Gale|41/100
|-damage|p2a: Chansey|84/100|[from] item: Rocky Helmet|[of] p1a: Gale
|
|upkeep
|turn|65
|
|t:|1660219754
|move|p1a: Gale|Stealth Rock|p2a: Chansey
|-sidestart|p2: KokoroSenpai|move: Stealth Rock
|move|p2a: Chansey|Seismic Toss|p1a: Gale
|-damage|p1a: Gale|11/100
|-damage|p2a: Chansey|67/100|[from] item: Rocky Helmet|[of] p1a: Gale
|
|upkeep
|turn|66
|
|t:|1660219758
|move|p1a: Gale|Roost|p1a: Gale
|-heal|p1a: Gale|61/100
|-singleturn|p1a: Gale|move: Roost
|move|p2a: Chansey|Seismic Toss|p1a: Gale
|-damage|p1a: Gale|31/100
|-damage|p2a: Chansey|51/100|[from] item: Rocky Helmet|[of] p1a: Gale
|
|upkeep
|turn|67
|
|t:|1660219760
|move|p1a: Gale|Roost|p1a: Gale
|-heal|p1a: Gale|81/100
|-singleturn|p1a: Gale|move: Roost
|move|p2a: Chansey|Soft-Boiled|p2a: Chansey
|-heal|p2a: Chansey|100/100
|
|upkeep
|turn|68
|
|t:|1660219764
|switch|p2a: Mandibuzz|Mandibuzz, F|78/100
|-damage|p2a: Mandibuzz|53/100|[from] Stealth Rock
|move|p1a: Gale|Whirlwind|p2a: Mandibuzz
|drag|p2a: Chansey|Chansey, F|100/100
|-damage|p2a: Chansey|88/100|[from] Stealth Rock
|
|upkeep
|turn|69
|
|t:|1660219769
|move|p2a: Chansey|Seismic Toss|p1a: Gale
|-damage|p1a: Gale|51/100
|-damage|p2a: Chansey|71/100|[from] item: Rocky Helmet|[of] p1a: Gale
|move|p1a: Gale|Whirlwind|p2a: Chansey
|drag|p2a: Mandibuzz|Mandibuzz, F|53/100
|-damage|p2a: Mandibuzz|28/100|[from] Stealth Rock
|
|upkeep
|turn|70
|
|t:|1660219773
|switch|p1a: Axel|Jolteon, M|52/100 brn
|move|p2a: Mandibuzz|Defog|p1a: Axel
|-unboost|p1a: Axel|evasion|1
|-sideend|p2: KokoroSenpai|Stealth Rock|[from] move: Defog|[of] p2a: Mandibuzz
|
|-damage|p1a: Axel|46/100 brn|[from] brn
|upkeep
|turn|71
|
|t:|1660219775
|switch|p2a: Groudon|Groudon|87/100
|-weather|SunnyDay|[from] ability: Drought|[of] p2a: Groudon
|move|p1a: Axel|Volt Switch|p2a: Groudon
|-immune|p2a: Groudon
|
|-weather|SunnyDay|[upkeep]
|-heal|p2a: Groudon|93/100|[from] item: Leftovers
|-damage|p1a: Axel|40/100 brn|[from] brn
|upkeep
|turn|72
|
|t:|1660219778
|move|p1a: Axel|Hidden Power|p2a: Groudon
|-supereffective|p2a: Groudon
|-damage|p2a: Groudon|67/100
|move|p2a: Groudon|Precipice Blades|p1a: Axel
|-supereffective|p1a: Axel
|-damage|p1a: Axel|0 fnt
|faint|p1a: Axel
|
|-weather|SunnyDay|[upkeep]
|-heal|p2a: Groudon|73/100|[from] item: Leftovers
|upkeep
|
|t:|1660219786
|switch|p1a: Shelly|Blastoise-Mega, F|64/100
|turn|73
|
|t:|1660219789
|switch|p2a: Chansey|Chansey, F|71/100
|move|p1a: Shelly|Dark Pulse|p2a: Chansey
|-damage|p2a: Chansey|58/100
|
|-weather|SunnyDay|[upkeep]
|upkeep
|turn|74
|
|t:|1660219791
|switch|p1a: Flora|Tsareena, F|2/100
|move|p2a: Chansey|Soft-Boiled|p2a: Chansey
|-heal|p2a: Chansey|100/100
|
|-weather|SunnyDay|[upkeep]
|upkeep
|turn|75
|
|t:|1660219794
|move|p1a: Flora|Knock Off|p2a: Chansey
|-damage|p2a: Chansey|81/100
|-enditem|p2a: Chansey|Eviolite|[from] move: Knock Off|[of] p1a: Flora
|move|p2a: Chansey|Seismic Toss|p1a: Flora
|-damage|p1a: Flora|0 fnt
|faint|p1a: Flora
|
|-weather|none
|upkeep
|
|t:|1660219796
|switch|p1a: Dramma|Dragapult, F|100/100
|turn|76
|
|t:|1660219801
|switch|p2a: Groudon|Groudon|73/100
|-weather|SunnyDay|[from] ability: Drought|[of] p2a: Groudon
|move|p1a: Dramma|Substitute|p1a: Dramma
|-start|p1a: Dramma|Substitute
|-damage|p1a: Dramma|76/100
|
|-weather|SunnyDay|[upkeep]
|-heal|p2a: Groudon|79/100|[from] item: Leftovers
|upkeep
|turn|77
|
|t:|1660219804
|move|p1a: Dramma|Dragon Darts|p2a: Groudon
|-damage|p2a: Groudon|60/100
|-anim|p1a: Dramma|Dragon Darts|p2a: Groudon
|-damage|p2a: Groudon|40/100
|-damage|p1a: Dramma|66/100|[from] item: Life Orb
|move|p2a: Groudon|Precipice Blades|p1a: Dramma
|-end|p1a: Dramma|Substitute
|
|-weather|SunnyDay|[upkeep]
|-heal|p2a: Groudon|46/100|[from] item: Leftovers
|upkeep
|turn|78
|
|t:|1660219814
|switch|p1a: Gale|Skarmory, M|51/100
|move|p2a: Groudon|Precipice Blades|p1a: Gale
|-immune|p1a: Gale
|
|-weather|SunnyDay|[upkeep]
|-heal|p2a: Groudon|52/100|[from] item: Leftovers
|upkeep
|turn|79
|
|t:|1660219816
|move|p2a: Groudon|Fire Punch|p1a: Gale
|-supereffective|p1a: Gale
|-damage|p1a: Gale|6/100
|-damage|p2a: Groudon|35/100|[from] item: Rocky Helmet|[of] p1a: Gale
|move|p1a: Gale|Spikes|p2a: Groudon
|-sidestart|p2: KokoroSenpai|Spikes
|
|-weather|SunnyDay|[upkeep]
|-heal|p2a: Groudon|42/100|[from] item: Leftovers
|upkeep
|turn|80
|
|t:|1660219819
|move|p2a: Groudon|Fire Punch|p1a: Gale
|-supereffective|p1a: Gale
|-damage|p1a: Gale|0 fnt
|-damage|p2a: Groudon|25/100|[from] item: Rocky Helmet|[of] p1a: Gale
|faint|p1a: Gale
|
|-weather|none
|-heal|p2a: Groudon|31/100|[from] item: Leftovers
|upkeep
|
|t:|1660219821
|switch|p1a: Dramma|Dragapult, F|66/100
|turn|81
|
|t:|1660219823
|move|p1a: Dramma|Dragon Darts|p2a: Groudon
|-damage|p2a: Groudon|12/100
|-anim|p1a: Dramma|Dragon Darts|p2a: Groudon
|-damage|p2a: Groudon|0 fnt
|faint|p2a: Groudon
|-damage|p1a: Dramma|56/100|[from] item: Life Orb
|
|upkeep
|
|t:|1660219825
|switch|p2a: Mandibuzz|Mandibuzz, F|28/100
|turn|82
|
|t:|1660219827
|move|p1a: Dramma|Dragon Darts|p2a: Mandibuzz
|-damage|p2a: Mandibuzz|4/100
|-anim|p1a: Dramma|Dragon Darts|p2a: Mandibuzz
|-damage|p2a: Mandibuzz|0 fnt
|faint|p2a: Mandibuzz
|-damage|p1a: Dramma|46/100|[from] item: Life Orb
|
|upkeep
|
|t:|1660219828
|switch|p2a: Chansey|Chansey, F|81/100
|-damage|p2a: Chansey|68/100|[from] Spikes
|turn|83
|
|t:|1660219830
|move|p1a: Dramma|Dragon Darts|p2a: Chansey
|-damage|p2a: Chansey|35/100
|-anim|p1a: Dramma|Dragon Darts|p2a: Chansey
|-damage|p2a: Chansey|1/100
|-damage|p1a: Dramma|36/100|[from] item: Life Orb
|move|p2a: Chansey|Toxic|p1a: Dramma
|-status|p1a: Dramma|tox
|
|-damage|p1a: Dramma|30/100 tox|[from] psn
|upkeep
|turn|84
|
|t:|1660219835
|move|p1a: Dramma|Dragon Darts|p2a: Chansey
|-damage|p2a: Chansey|0 fnt
|faint|p2a: Chansey
|-damage|p1a: Dramma|21/100 tox|[from] item: Life Orb
|
|win|Dodg3theStorm
|raw|Dodg3theStorm's rating: 1377 &rarr; <strong>1406</strong><br />(+29 for winning)
|raw|KokoroSenpai's rating: 1551 &rarr; <strong>1522</strong><br />(-29 for losing)
|c|☆Dodg3theStorm|Ggwp
|l|☆KokoroSenpai
