|j|☆Godsomu07
|j|☆MVP2536
|t:|1663500431
|gametype|singles
|player|p1|Godsomu07|101|1507
|player|p2|MVP2536|giovanni|1769
|teamsize|p1|6
|teamsize|p2|6
|gen|8
|tier|[Gen 8] National Dex AG
|rated|
|rule|HP Percentage Mod: HP is shown in percentages
|rule|Endless Battle Clause: Forcing endless battles is banned
|clearpoke
|poke|p1|Groudon|
|poke|p1|Tyranitar, F|
|poke|p1|Zygarde|
|poke|p1|Marshadow|
|poke|p1|Kyogre|
|poke|p1|Chansey, F|
|poke|p2|Groudon|
|poke|p2|Aegislash, M|
|poke|p2|Rotom-Wash|
|poke|p2|Scrafty, M|
|poke|p2|Whimsicott, F|
|poke|p2|Ditto|
|teampreview
|inactive|Battle timer is ON: inactive players will automatically lose when time's up. (requested by Godsomu07)
|
|t:|1663500435
|start
|switch|p1a: Groudon|Groudon|100/100
|switch|p2a: Ditto|Ditto|100/100
|-transform|p2a: Ditto|p1a: Groudon|[from] ability: Imposter
|-weather|SunnyDay|[from] ability: Drought|[of] p2a: Ditto
|detailschange|p1a: Groudon|Groudon-Primal
|-primal|p1a: Groudon
|-weather|DesolateLand|[from] ability: Desolate Land|[of] p1a: Groudon
|turn|1
|
|t:|1663500447
|move|p2a: Ditto|Stealth Rock|p1a: Groudon
|-sidestart|p1: Godsomu07|move: Stealth Rock
|move|p1a: Groudon|Stealth Rock|p2a: Ditto
|-sidestart|p2: MVP2536|move: Stealth Rock
|
|-weather|DesolateLand|[upkeep]
|upkeep
|turn|2
|
|t:|1663500456
|switch|p2a: Rotom|Rotom-Wash|100/100
|-damage|p2a: Rotom|88/100|[from] Stealth Rock
|move|p1a: Groudon|Thunder Wave|p2a: Rotom
|-immune|p2a: Rotom
|
|-weather|DesolateLand|[upkeep]
|upkeep
|turn|3
|l|☆Godsomu07
|inactive|Godsomu07 disconnected and has a minute to reconnect!
|player|p1|
|inactive|Godsomu07 has 30 seconds to reconnect!
|j|☆Godsomu07
|inactive|Godsomu07 reconnected and has 100 seconds left.
|player|p1|Godsomu07|101
|inactive|Godsomu07 has 90 seconds left.
|
|t:|1663500524
|move|p2a: Rotom|Volt Switch|p1a: Groudon
|-immune|p1a: Groudon
|move|p1a: Groudon|Fire Punch|p2a: Rotom
|-resisted|p2a: Rotom
|-damage|p2a: Rotom|62/100
|-damage|p1a: Groudon|84/100|[from] item: Rocky Helmet|[of] p2a: Rotom
|
|-weather|DesolateLand|[upkeep]
|upkeep
|turn|4
|inactive|Godsomu07 has 90 seconds left.
|
|t:|1663500530
|move|p2a: Rotom|Pain Split|p1a: Groudon
|-sethp|p1a: Groudon|69/100|[from] move: Pain Split|[silent]
|-sethp|p2a: Rotom|78/100|[from] move: Pain Split
|move|p1a: Groudon|Fire Punch|p2a: Rotom
|-resisted|p2a: Rotom
|-damage|p2a: Rotom|52/100
|-damage|p1a: Groudon|53/100|[from] item: Rocky Helmet|[of] p2a: Rotom
|
|-weather|DesolateLand|[upkeep]
|upkeep
|turn|5
|
|t:|1663500536
|move|p2a: Rotom|Toxic|p1a: Groudon
|-status|p1a: Groudon|tox
|move|p1a: Groudon|Fire Punch|p2a: Rotom
|-resisted|p2a: Rotom
|-damage|p2a: Rotom|26/100
|-damage|p1a: Groudon|36/100 tox|[from] item: Rocky Helmet|[of] p2a: Rotom
|
|-weather|DesolateLand|[upkeep]
|-damage|p1a: Groudon|30/100 tox|[from] psn
|upkeep
|turn|6
|
|t:|1663500545
|move|p2a: Rotom|Foul Play|p1a: Groudon
|-damage|p1a: Groudon|10/100 tox
|move|p1a: Groudon|Rest|p1a: Groudon
|-status|p1a: Groudon|slp|[from] move: Rest
|-heal|p1a: Groudon|100/100 slp|[silent]
|
|-weather|DesolateLand|[upkeep]
|upkeep
|turn|7
|
|t:|1663500550
|move|p2a: Rotom|Pain Split|p1a: Groudon
|-sethp|p1a: Groudon|62/100 slp|[from] move: Pain Split|[silent]
|-sethp|p2a: Rotom|69/100|[from] move: Pain Split
|cant|p1a: Groudon|slp
|
|-weather|DesolateLand|[upkeep]
|upkeep
|turn|8
|
|t:|1663500554
|move|p2a: Rotom|Foul Play|p1a: Groudon
|-damage|p1a: Groudon|40/100 slp
|cant|p1a: Groudon|slp
|
|-weather|DesolateLand|[upkeep]
|upkeep
|turn|9
|
|t:|1663500560
|move|p2a: Rotom|Foul Play|p1a: Groudon
|-damage|p1a: Groudon|18/100 slp
|-curestatus|p1a: Groudon|slp|[msg]
|move|p1a: Groudon|Rest|p1a: Groudon
|-status|p1a: Groudon|slp|[from] move: Rest
|-heal|p1a: Groudon|100/100 slp|[silent]
|
|-weather|DesolateLand|[upkeep]
|upkeep
|turn|10
|
|t:|1663500566
|-weather|none
|switch|p1a: Zygarde|Zygarde|100/100
|-damage|p1a: Zygarde|94/100|[from] Stealth Rock
|move|p2a: Rotom|Pain Split|p1a: Zygarde
|-sethp|p1a: Zygarde|76/100|[from] move: Pain Split|[silent]
|-sethp|p2a: Rotom|90/100|[from] move: Pain Split
|
|-heal|p1a: Zygarde|83/100|[from] item: Leftovers
|upkeep
|turn|11
|
|t:|1663500570
|move|p2a: Rotom|Toxic|p1a: Zygarde
|-status|p1a: Zygarde|tox
|move|p1a: Zygarde|Glare|p2a: Rotom
|-immune|p2a: Rotom
|
|-heal|p1a: Zygarde|89/100 tox|[from] item: Leftovers
|-damage|p1a: Zygarde|83/100 tox|[from] psn
|upkeep
|turn|12
|
|t:|1663500584
|switch|p2a: Whimsicott|Whimsicott, F|100/100
|move|p1a: Zygarde|Thousand Arrows|p2a: Whimsicott
|-resisted|p2a: Whimsicott
|-damage|p2a: Whimsicott|79/100
|
|-heal|p1a: Zygarde|89/100 tox|[from] item: Leftovers
|-damage|p1a: Zygarde|76/100 tox|[from] psn
|upkeep
|turn|13
|
|t:|1663500590
|move|p2a: Whimsicott|Taunt|p1a: Zygarde
|-start|p1a: Zygarde|move: Taunt
|cant|p1a: Zygarde|move: Taunt|Glare
|
|-heal|p1a: Zygarde|83/100 tox|[from] item: Leftovers
|-damage|p1a: Zygarde|64/100 tox|[from] psn
|upkeep
|turn|14
|
|t:|1663500598
|switch|p1a: Groudon|Groudon-Primal|100/100 slp
|-damage|p1a: Groudon|88/100 slp|[from] Stealth Rock
|-weather|DesolateLand|[from] ability: Desolate Land|[of] p1a: Groudon
|move|p2a: Whimsicott|Leech Seed|p1a: Groudon
|-start|p1a: Groudon|move: Leech Seed
|
|-weather|DesolateLand|[upkeep]
|-damage|p1a: Groudon|76/100 slp|[from] Leech Seed|[of] p2a: Whimsicott
|-heal|p2a: Whimsicott|95/100|[silent]
|upkeep
|turn|15
|
|t:|1663500608
|-weather|none
|switch|p1a: Chansey|Chansey, F|100/100
|move|p2a: Whimsicott|Moonblast|p1a: Chansey
|-damage|p1a: Chansey|87/100
|
|upkeep
|turn|16
|
|t:|1663500613
|move|p2a: Whimsicott|Taunt|p1a: Chansey
|-start|p1a: Chansey|move: Taunt
|move|p1a: Chansey|Seismic Toss|p2a: Whimsicott
|-damage|p2a: Whimsicott|56/100
|
|upkeep
|turn|17
|
|t:|1663500618
|move|p2a: Whimsicott|Leech Seed|p1a: Chansey
|-start|p1a: Chansey|move: Leech Seed
|move|p1a: Chansey|Seismic Toss|p2a: Whimsicott
|-damage|p2a: Whimsicott|18/100
|
|-damage|p1a: Chansey|75/100|[from] Leech Seed|[of] p2a: Whimsicott
|-heal|p2a: Whimsicott|49/100|[silent]
|upkeep
|turn|18
|
|t:|1663500626
|move|p2a: Whimsicott|Stun Spore|p1a: Chansey
|-status|p1a: Chansey|par
|move|p1a: Chansey|Seismic Toss|p2a: Whimsicott
|-damage|p2a: Whimsicott|10/100
|
|-damage|p1a: Chansey|62/100 par|[from] Leech Seed|[of] p2a: Whimsicott
|-heal|p2a: Whimsicott|41/100|[silent]
|-end|p1a: Chansey|move: Taunt
|upkeep
|turn|19
|
|t:|1663500636
|-curestatus|p1a: Chansey|par|[from] ability: Natural Cure
|switch|p1a: Groudon|Groudon-Primal|76/100 slp
|-damage|p1a: Groudon|64/100 slp|[from] Stealth Rock
|-weather|DesolateLand|[from] ability: Desolate Land|[of] p1a: Groudon
|move|p2a: Whimsicott|Taunt|p1a: Groudon
|-start|p1a: Groudon|move: Taunt
|
|-weather|DesolateLand|[upkeep]
|upkeep
|turn|20
|
|t:|1663500647
|move|p2a: Whimsicott|Leech Seed|p1a: Groudon
|-start|p1a: Groudon|move: Leech Seed
|cant|p1a: Groudon|slp
|
|-weather|DesolateLand|[upkeep]
|-damage|p1a: Groudon|51/100 slp|[from] Leech Seed|[of] p2a: Whimsicott
|-heal|p2a: Whimsicott|57/100|[silent]
|upkeep
|turn|21
|
|t:|1663500654
|move|p2a: Whimsicott|Moonblast|p1a: Groudon
|-resisted|p1a: Groudon
|-damage|p1a: Groudon|38/100 slp
|cant|p1a: Groudon|slp
|
|-weather|DesolateLand|[upkeep]
|-damage|p1a: Groudon|26/100 slp|[from] Leech Seed|[of] p2a: Whimsicott
|-heal|p2a: Whimsicott|73/100|[silent]
|-end|p1a: Groudon|move: Taunt
|upkeep
|turn|22
|
|t:|1663500662
|switch|p2a: Rotom|Rotom-Wash|90/100
|-damage|p2a: Rotom|78/100|[from] Stealth Rock
|-curestatus|p1a: Groudon|slp|[msg]
|move|p1a: Groudon|Fire Punch|p2a: Rotom
|-resisted|p2a: Rotom
|-damage|p2a: Rotom|52/100
|-damage|p1a: Groudon|9/100|[from] item: Rocky Helmet|[of] p2a: Rotom
|
|-weather|DesolateLand|[upkeep]
|-damage|p1a: Groudon|0 fnt|[from] Leech Seed|[of] p2a: Rotom
|-heal|p2a: Rotom|62/100|[silent]
|faint|p1a: Groudon
|-weather|none
|upkeep
|
|t:|1663500670
|switch|p1a: Zygarde|Zygarde|64/100 tox
|-damage|p1a: Zygarde|58/100 tox|[from] Stealth Rock
|turn|23
|
|t:|1663500674
|switch|p2a: Whimsicott|Whimsicott, F|73/100
|move|p1a: Zygarde|Glare|p2a: Whimsicott
|-status|p2a: Whimsicott|par
|
|-heal|p1a: Zygarde|64/100 tox|[from] item: Leftovers
|-damage|p1a: Zygarde|58/100 tox|[from] psn
|upkeep
|turn|24
|
|t:|1663500680
|move|p1a: Zygarde|Rest|p1a: Zygarde
|-status|p1a: Zygarde|slp|[from] move: Rest
|-heal|p1a: Zygarde|100/100 slp|[silent]
|move|p2a: Whimsicott|Leech Seed|p1a: Zygarde
|-start|p1a: Zygarde|move: Leech Seed
|
|-damage|p1a: Zygarde|88/100 slp|[from] Leech Seed|[of] p2a: Whimsicott
|-heal|p2a: Whimsicott|90/100 par|[silent]
|upkeep
|turn|25
|
|t:|1663500688
|switch|p1a: Chansey|Chansey, F|62/100
|move|p2a: Whimsicott|Moonblast|p1a: Chansey
|-damage|p1a: Chansey|49/100
|
|upkeep
|turn|26
|
|t:|1663500694
|move|p2a: Whimsicott|Taunt|p1a: Chansey
|-start|p1a: Chansey|move: Taunt
|cant|p1a: Chansey|move: Taunt|Soft-Boiled
|
|upkeep
|turn|27
|
|t:|1663500699
|move|p2a: Whimsicott|Leech Seed|p1a: Chansey
|-start|p1a: Chansey|move: Leech Seed
|move|p1a: Chansey|Seismic Toss|p2a: Whimsicott
|-damage|p2a: Whimsicott|52/100 par
|
|-damage|p1a: Chansey|37/100|[from] Leech Seed|[of] p2a: Whimsicott
|-heal|p2a: Whimsicott|82/100 par|[silent]
|upkeep
|turn|28
|
|t:|1663500707
|switch|p1a: Zygarde|Zygarde|88/100 slp
|-damage|p1a: Zygarde|82/100 slp|[from] Stealth Rock
|move|p2a: Whimsicott|Leech Seed|p1a: Zygarde
|-start|p1a: Zygarde|move: Leech Seed
|
|-heal|p1a: Zygarde|88/100 slp|[from] item: Leftovers
|-damage|p1a: Zygarde|76/100 slp|[from] Leech Seed|[of] p2a: Whimsicott
|-heal|p2a: Whimsicott|99/100 par|[silent]
|upkeep
|turn|29
|
|t:|1663500714
|switch|p1a: Chansey|Chansey, F|37/100
|move|p2a: Whimsicott|Taunt|p1a: Chansey
|-start|p1a: Chansey|move: Taunt
|
|upkeep
|turn|30
|
|t:|1663500718
|move|p2a: Whimsicott|Leech Seed|p1a: Chansey
|-start|p1a: Chansey|move: Leech Seed
|move|p1a: Chansey|Seismic Toss|p2a: Whimsicott
|-damage|p2a: Whimsicott|61/100 par
|
|-damage|p1a: Chansey|24/100|[from] Leech Seed|[of] p2a: Whimsicott
|-heal|p2a: Whimsicott|92/100 par|[silent]
|upkeep
|turn|31
|
|t:|1663500726
|switch|p1a: Kyogre|Kyogre|100/100
|-damage|p1a: Kyogre|88/100|[from] Stealth Rock
|detailschange|p1a: Kyogre|Kyogre-Primal
|-primal|p1a: Kyogre
|-weather|PrimordialSea|[from] ability: Primordial Sea|[of] p1a: Kyogre
|move|p2a: Whimsicott|Moonblast|p1a: Kyogre
|-damage|p1a: Kyogre|67/100
|-unboost|p1a: Kyogre|spa|1
|
|-weather|PrimordialSea|[upkeep]
|upkeep
|turn|32
|
|t:|1663500731
|switch|p2a: garbage|Groudon|100/100
|-damage|p2a: garbage|94/100|[from] Stealth Rock
|detailschange|p2a: garbage|Groudon-Primal
|-primal|p2a: garbage
|-weather|DesolateLand|[from] ability: Desolate Land|[of] p2a: garbage
|move|p1a: Kyogre|Ice Beam|p2a: garbage
|-damage|p2a: garbage|78/100
|
|-weather|DesolateLand|[upkeep]
|upkeep
|turn|33
|
|t:|1663500736
|switch|p1a: Zygarde|Zygarde|76/100 slp
|-damage|p1a: Zygarde|70/100 slp|[from] Stealth Rock
|move|p2a: garbage|Heat Crash|p1a: Zygarde
|-resisted|p1a: Zygarde
|-damage|p1a: Zygarde|47/100 slp
|
|-weather|DesolateLand|[upkeep]
|-heal|p1a: Zygarde|54/100 slp|[from] item: Leftovers
|upkeep
|turn|34
|
|t:|1663500743
|-weather|none
|switch|p2a: Whimsicott|Whimsicott, F|92/100 par
|switch|p1a: Chansey|Chansey, F|24/100
|
|upkeep
|turn|35
|
|t:|1663500748
|cant|p2a: Whimsicott|par
|move|p1a: Chansey|Soft-Boiled|p1a: Chansey
|-heal|p1a: Chansey|74/100
|
|upkeep
|turn|36
|
|t:|1663500755
|move|p2a: Whimsicott|Leech Seed|p1a: Chansey|[miss]
|-miss|p2a: Whimsicott|p1a: Chansey
|move|p1a: Chansey|Seismic Toss|p2a: Whimsicott
|-damage|p2a: Whimsicott|53/100 par
|
|upkeep
|turn|37
|
|t:|1663500759
|switch|p2a: Aegislash|Aegislash, M|100/100
|-damage|p2a: Aegislash|94/100|[from] Stealth Rock
|move|p1a: Chansey|Protect||[still]
|-fail|p1a: Chansey
|
|-heal|p2a: Aegislash|100/100|[from] item: Leftovers
|upkeep
|turn|38
|
|t:|1663500767
|switch|p2a: Whimsicott|Whimsicott, F|53/100 par
|switch|p1a: Tyranitar|Tyranitar, F|100/100
|-damage|p1a: Tyranitar|88/100|[from] Stealth Rock
|-weather|Sandstorm|[from] ability: Sand Stream|[of] p1a: Tyranitar
|
|-weather|Sandstorm|[upkeep]
|-damage|p2a: Whimsicott|47/100 par|[from] Sandstorm
|-heal|p1a: Tyranitar|94/100|[from] item: Leftovers
|upkeep
|turn|39
|
|t:|1663500776
|switch|p2a: Scrafty|Scrafty, M|100/100
|-damage|p2a: Scrafty|95/100|[from] Stealth Rock
|move|p1a: Tyranitar|Stone Edge|p2a: Scrafty|[miss]
|-miss|p1a: Tyranitar|p2a: Scrafty
|
|-weather|Sandstorm|[upkeep]
|-damage|p2a: Scrafty|89/100|[from] Sandstorm
|-heal|p1a: Tyranitar|100/100|[from] item: Leftovers
|upkeep
|turn|40
|
|t:|1663500787
|switch|p1a: Zygarde|Zygarde|54/100 slp
|-damage|p1a: Zygarde|47/100 slp|[from] Stealth Rock
|move|p2a: Scrafty|Knock Off|p1a: Zygarde
|-damage|p1a: Zygarde|23/100 slp
|-enditem|p1a: Zygarde|Leftovers|[from] move: Knock Off|[of] p2a: Scrafty
|
|-weather|Sandstorm|[upkeep]
|-damage|p2a: Scrafty|83/100|[from] Sandstorm
|-activate|p1a: Zygarde|ability: Power Construct
|detailschange|p1a: Zygarde|Zygarde-Complete
|-heal|p1a: Zygarde|52/100 slp|[silent]
|upkeep
|turn|41
|
|t:|1663500799
|cant|p1a: Zygarde|slp
|move|p2a: Scrafty|Ice Punch|p1a: Zygarde
|-supereffective|p1a: Zygarde
|-damage|p1a: Zygarde|18/100 slp
|
|-weather|Sandstorm|[upkeep]
|-damage|p2a: Scrafty|77/100|[from] Sandstorm
|upkeep
|turn|42
|
|t:|1663500807
|cant|p1a: Zygarde|slp
|move|p2a: Scrafty|Ice Punch|p1a: Zygarde
|-supereffective|p1a: Zygarde
|-damage|p1a: Zygarde|0 fnt
|faint|p1a: Zygarde
|
|-weather|none
|upkeep
|
|t:|1663500812
|switch|p1a: Kyogre|Kyogre-Primal|67/100
|-damage|p1a: Kyogre|55/100|[from] Stealth Rock
|-weather|PrimordialSea|[from] ability: Primordial Sea|[of] p1a: Kyogre
|turn|43
|
|t:|1663500820
|switch|p2a: garbage|Groudon-Primal|78/100
|-damage|p2a: garbage|66/100|[from] Stealth Rock
|-weather|DesolateLand|[from] ability: Desolate Land|[of] p2a: garbage
|move|p1a: Kyogre|Ice Beam|p2a: garbage
|-damage|p2a: garbage|41/100
|
|-weather|DesolateLand|[upkeep]
|upkeep
|turn|44
|
|t:|1663500825
|move|p2a: garbage|Rest|p2a: garbage
|-status|p2a: garbage|slp|[from] move: Rest
|-heal|p2a: garbage|100/100 slp|[silent]
|move|p1a: Kyogre|Ice Beam|p2a: garbage
|-damage|p2a: garbage|77/100 slp
|
|-weather|DesolateLand|[upkeep]
|upkeep
|turn|45
|
|t:|1663500830
|cant|p2a: garbage|slp
|move|p2a: garbage|Sleep Talk|p2a: garbage
|move|p2a: garbage|Rest||[from]move: Sleep Talk|[still]
|-fail|p2a: garbage
|move|p1a: Kyogre|Ice Beam|p2a: garbage
|-crit|p2a: garbage
|-damage|p2a: garbage|40/100 slp
|
|-weather|DesolateLand|[upkeep]
|upkeep
|turn|46
|j| Apprenti Buck
|
|t:|1663500838
|cant|p2a: garbage|slp
|move|p2a: garbage|Sleep Talk|p2a: garbage
|move|p2a: garbage|Rest||[from]move: Sleep Talk|[still]
|-fail|p2a: garbage
|move|p1a: Kyogre|Ice Beam|p2a: garbage
|-damage|p2a: garbage|15/100 slp
|
|-weather|DesolateLand|[upkeep]
|upkeep
|turn|47
|
|t:|1663500848
|-weather|none
|switch|p2a: Whimsicott|Whimsicott, F|47/100 par
|move|p1a: Kyogre|Ice Beam|p2a: Whimsicott
|-supereffective|p2a: Whimsicott
|-damage|p2a: Whimsicott|0 fnt
|faint|p2a: Whimsicott
|
|upkeep
|
|t:|1663500851
|switch|p2a: Ditto|Ditto|100/100
|-damage|p2a: Ditto|88/100|[from] Stealth Rock
|-transform|p2a: Ditto|p1a: Kyogre|[from] ability: Imposter
|-weather|PrimordialSea|[from] ability: Primordial Sea|[of] p2a: Ditto
|turn|48
|
|t:|1663500861
|move|p2a: Ditto|Thunder Wave|p1a: Kyogre
|-status|p1a: Kyogre|par
|move|p1a: Kyogre|Rest|p1a: Kyogre
|-status|p1a: Kyogre|slp|[from] move: Rest
|-heal|p1a: Kyogre|100/100 slp|[silent]
|
|-weather|PrimordialSea|[upkeep]
|upkeep
|turn|49
|
|t:|1663500871
|switch|p2a: garbage|Groudon-Primal|15/100 slp
|-damage|p2a: garbage|3/100 slp|[from] Stealth Rock
|-weather|DesolateLand|[from] ability: Desolate Land|[of] p2a: garbage
|cant|p1a: Kyogre|slp
|
|-weather|DesolateLand|[upkeep]
|upkeep
|turn|50
|
|t:|1663500879
|-curestatus|p2a: garbage|slp|[msg]
|move|p2a: garbage|Rest|p2a: garbage
|-status|p2a: garbage|slp|[from] move: Rest
|-heal|p2a: garbage|100/100 slp|[silent]
|cant|p1a: Kyogre|slp
|
|-weather|DesolateLand|[upkeep]
|upkeep
|turn|51
|
|t:|1663500883
|cant|p2a: garbage|slp
|move|p2a: garbage|Sleep Talk|p2a: garbage
|move|p2a: garbage|Rest||[from]move: Sleep Talk|[still]
|-fail|p2a: garbage
|-curestatus|p1a: Kyogre|slp|[msg]
|move|p1a: Kyogre|Ice Beam|p2a: garbage
|-damage|p2a: garbage|74/100 slp
|
|-weather|DesolateLand|[upkeep]
|upkeep
|turn|52
|
|t:|1663500886
|cant|p2a: garbage|slp
|move|p2a: garbage|Sleep Talk|p2a: garbage
|move|p2a: garbage|Heat Crash|p1a: Kyogre|[from]move: Sleep Talk
|-resisted|p1a: Kyogre
|-damage|p1a: Kyogre|79/100
|move|p1a: Kyogre|Ice Beam|p2a: garbage
|-damage|p2a: garbage|49/100 slp
|
|-weather|DesolateLand|[upkeep]
|upkeep
|turn|53
|
|t:|1663500890
|-curestatus|p2a: garbage|slp|[msg]
|move|p2a: garbage|Rest|p2a: garbage
|-status|p2a: garbage|slp|[from] move: Rest
|-heal|p2a: garbage|100/100 slp|[silent]
|move|p1a: Kyogre|Ice Beam|p2a: garbage
|-crit|p2a: garbage
|-damage|p2a: garbage|64/100 slp
|
|-weather|DesolateLand|[upkeep]
|upkeep
|turn|54
|
|t:|1663500894
|cant|p2a: garbage|slp
|move|p2a: garbage|Sleep Talk|p2a: garbage
|move|p2a: garbage|Precipice Blades|p1a: Kyogre|[from]move: Sleep Talk|[miss]
|-miss|p2a: garbage|p1a: Kyogre
|move|p1a: Kyogre|Ice Beam|p2a: garbage
|-damage|p2a: garbage|41/100 slp
|
|-weather|DesolateLand|[upkeep]
|upkeep
|turn|55
|c|☆MVP2536|...
|
|t:|1663500903
|cant|p2a: garbage|slp
|move|p2a: garbage|Sleep Talk|p2a: garbage
|move|p2a: garbage|Heat Crash|p1a: Kyogre|[from]move: Sleep Talk
|-resisted|p1a: Kyogre
|-damage|p1a: Kyogre|58/100
|move|p1a: Kyogre|Ice Beam|p2a: garbage
|-damage|p2a: garbage|17/100 slp
|
|-weather|DesolateLand|[upkeep]
|upkeep
|turn|56
|
|t:|1663500912
|-weather|none
|switch|p2a: Ditto|Ditto|88/100
|-damage|p2a: Ditto|76/100|[from] Stealth Rock
|-transform|p2a: Ditto|p1a: Kyogre|[from] ability: Imposter
|-weather|PrimordialSea|[from] ability: Primordial Sea|[of] p2a: Ditto
|move|p1a: Kyogre|Ice Beam|p2a: Ditto
|-resisted|p2a: Ditto
|-damage|p2a: Ditto|64/100
|
|-weather|PrimordialSea|[upkeep]
|upkeep
|turn|57
|
|t:|1663500926
|move|p2a: Ditto|Thunder Wave|p1a: Kyogre
|-status|p1a: Kyogre|par
|move|p1a: Kyogre|Thunder Wave|p2a: Ditto
|-status|p2a: Ditto|par
|
|-weather|PrimordialSea|[upkeep]
|upkeep
|turn|58
|
|t:|1663500934
|switch|p2a: garbage|Groudon-Primal|17/100 slp
|-damage|p2a: garbage|5/100 slp|[from] Stealth Rock
|-weather|DesolateLand|[from] ability: Desolate Land|[of] p2a: garbage
|switch|p1a: Chansey|Chansey, F|74/100
|
|-weather|DesolateLand|[upkeep]
|upkeep
|turn|59
|
|t:|1663500940
|-curestatus|p2a: garbage|slp|[msg]
|move|p2a: garbage|Rest|p2a: garbage
|-status|p2a: garbage|slp|[from] move: Rest
|-heal|p2a: garbage|100/100 slp|[silent]
|move|p1a: Chansey|Heal Bell|p1a: Chansey
|-activate|p1a: Chansey|move: Heal Bell
|-curestatus|p1: Kyogre|par|[msg]
|
|-weather|DesolateLand|[upkeep]
|upkeep
|turn|60
|
|t:|1663500958
|switch|p1a: Kyogre|Kyogre-Primal|58/100
|-damage|p1a: Kyogre|46/100|[from] Stealth Rock
|-weather|PrimordialSea|[from] ability: Primordial Sea|[of] p1a: Kyogre
|cant|p2a: garbage|slp
|move|p2a: garbage|Sleep Talk|p2a: garbage
|move|p2a: garbage|Precipice Blades|p1a: Kyogre|[from]move: Sleep Talk
|-damage|p1a: Kyogre|0 fnt
|faint|p1a: Kyogre
|-weather|none
|
|upkeep
|
|t:|1663500970
|switch|p1a: Marshadow|Marshadow|100/100
|-damage|p1a: Marshadow|94/100|[from] Stealth Rock
|turn|61
|
|t:|1663500975
|move|p1a: Marshadow|Close Combat|p2a: garbage
|-damage|p2a: garbage|62/100 slp
|-unboost|p1a: Marshadow|def|1
|-unboost|p1a: Marshadow|spd|1
|cant|p2a: garbage|slp
|move|p2a: garbage|Sleep Talk|p2a: garbage
|move|p2a: garbage|Precipice Blades|p1a: Marshadow|[from]move: Sleep Talk
|-damage|p1a: Marshadow|0 fnt
|faint|p1a: Marshadow
|
|upkeep
|
|t:|1663500983
|switch|p1a: Tyranitar|Tyranitar, F|100/100
|-damage|p1a: Tyranitar|88/100|[from] Stealth Rock
|-weather|Sandstorm|[from] ability: Sand Stream|[of] p1a: Tyranitar
|turn|62
|
|t:|1663500994
|-curestatus|p2a: garbage|slp|[msg]
|move|p2a: garbage|Precipice Blades|p1a: Tyranitar|[miss]
|-miss|p2a: garbage|p1a: Tyranitar
|move|p1a: Tyranitar|Crunch|p2a: garbage
|-damage|p2a: garbage|43/100
|
|-weather|Sandstorm|[upkeep]
|-heal|p1a: Tyranitar|94/100|[from] item: Leftovers
|upkeep
|turn|63
|
|t:|1663501002
|move|p2a: garbage|Precipice Blades|p1a: Tyranitar
|-supereffective|p1a: Tyranitar
|-damage|p1a: Tyranitar|0 fnt
|faint|p1a: Tyranitar
|
|-weather|Sandstorm|[upkeep]
|upkeep
|
|t:|1663501005
|switch|p1a: Chansey|Chansey, F|74/100
|turn|64
|
|t:|1663501009
|move|p2a: garbage|Heat Crash|p1a: Chansey
|-crit|p1a: Chansey
|-damage|p1a: Chansey|0 fnt
|faint|p1a: Chansey
|
|win|MVP2536
|raw|Godsomu07's rating: 1507 &rarr; <strong>1500</strong><br />(-7 for losing)
|raw|MVP2536's rating: 1769 &rarr; <strong>1776</strong><br />(+7 for winning)
|c|☆MVP2536|gg
|l|☆Godsomu07
