|j|☆Jayki11
|j|☆Zard Y Gang Admin
|player|p1|Jayki11|red|1453
|player|p2|Zard Y Gang Admin|dawn|1514
|teamsize|p1|6
|teamsize|p2|6
|gametype|singles
|gen|8
|tier|[Gen 8] National Dex AG
|rated|
|clearpoke
|poke|p1|Charizard, F|
|poke|p1|Marshadow|
|poke|p1|Lugia|
|poke|p1|Zacian-*|
|poke|p1|Dugtrio, F|
|poke|p1|Groudon|
|poke|p2|Whimsicott, F|
|poke|p2|Charizard, F|
|poke|p2|Lunala|
|poke|p2|Zacian-*|
|poke|p2|Yveltal|
|poke|p2|Ditto|
|rule|HP Percentage Mod: HP is shown in percentages
|rule|Endless Battle Clause: Forcing endless battles is banned
|teampreview
|
|start
|switch|p1a: Chartor|Groudon|100/100
|switch|p2a: Whimsicott|Whimsicott, F|100/100
|-weather|SunnyDay|[from] ability: Drought|[of] p1a: Chartor
|turn|1
|
|move|p2a: Whimsicott|Tailwind|p2a: Whimsicott
|-sidestart|p2: Zard Y Gang Admin|move: Tailwind
|move|p1a: Chartor|Stealth Rock|p2a: Whimsicott
|-sidestart|p2: Zard Y Gang Admin|move: Stealth Rock
|
|-weather|SunnyDay|[upkeep]
|upkeep
|turn|2
|j| Red Knuckle
|c| Red Knuckle|SHIT JUT GOT REAL
|inactive|Battle timer is ON: inactive players will automatically lose when time's up. (requested by Jayki11)
|
|move|p2a: Whimsicott|Memento|p1a: Chartor
|-unboost|p1a: Chartor|atk|2
|-unboost|p1a: Chartor|spa|2
|faint|p2a: Whimsicott
|move|p1a: Chartor|Overheat|p2: Whimsicott|[notarget]
|-fail|p1a: Chartor
|
|-weather|SunnyDay|[upkeep]
|upkeep
|
|switch|p2a: Yveltal|Yveltal|100/100
|-damage|p2a: Yveltal|76/100|[from] Stealth Rock
|-ability|p2a: Yveltal|Dark Aura
|turn|3
|l| Red Knuckle
|
|-start|p2a: Yveltal|Dynamax
|-heal|p2a: Yveltal|76/100|[silent]
|move|p2a: Yveltal|Max Airstream|p1a: Chartor
|-crit|p1a: Chartor
|-damage|p1a: Chartor|25/100
|-boost|p2a: Yveltal|spe|1
|move|p1a: Chartor|Toxic|p2a: Yveltal|[miss]
|-miss|p1a: Chartor|p2a: Yveltal
|
|-weather|SunnyDay|[upkeep]
|-heal|p1a: Chartor|32/100|[from] item: Leftovers
|upkeep
|turn|4
|
|switch|p1a: Troizizi|Dugtrio, F|100/100
|move|p2a: Yveltal|Max Airstream|p1a: Troizizi
|-enditem|p1a: Troizizi|Focus Sash
|-damage|p1a: Troizizi|1/100
|-boost|p2a: Yveltal|spe|1
|
|-weather|SunnyDay|[upkeep]
|-sideend|p2: Zard Y Gang Admin|move: Tailwind
|upkeep
|turn|5
|
|move|p1a: Troizizi|Sucker Punch|p2a: Yveltal
|-resisted|p2a: Yveltal
|-damage|p2a: Yveltal|70/100
|move|p2a: Yveltal|Max Darkness|p1a: Troizizi
|-damage|p1a: Troizizi|0 fnt
|faint|p1a: Troizizi
|
|-weather|none
|-end|p2a: Yveltal|Dynamax
|-heal|p2a: Yveltal|70/100|[silent]
|upkeep
|j| Lhfcof
|inactive|Jayki11 has 120 seconds left.
|
|switch|p1a: Chartor|Groudon|32/100
|-weather|SunnyDay|[from] ability: Drought|[of] p1a: Chartor
|turn|6
|
|move|p2a: Yveltal|Oblivion Wing|p1a: Chartor
|-damage|p1a: Chartor|2/100
|-heal|p2a: Yveltal|92/100|[from] drain|[of] p1a: Chartor
|move|p1a: Chartor|Toxic|p2a: Yveltal
|-status|p2a: Yveltal|tox
|
|-weather|SunnyDay|[upkeep]
|-heal|p1a: Chartor|9/100|[from] item: Leftovers
|-damage|p2a: Yveltal|86/100 tox|[from] psn
|upkeep
|turn|7
|
|switch|p1a: Power inside of Yo|Lugia|100/100
|move|p2a: Yveltal|Oblivion Wing|p1a: Power inside of Yo
|-damage|p1a: Power inside of Yo|88/100
|-heal|p2a: Yveltal|96/100 tox|[from] drain|[of] p1a: Power inside of Yo
|
|-weather|SunnyDay|[upkeep]
|-heal|p1a: Power inside of Yo|94/100|[from] item: Leftovers
|-damage|p2a: Yveltal|84/100 tox|[from] psn
|upkeep
|turn|8
|
|move|p2a: Yveltal|Dark Pulse|p1a: Power inside of Yo
|-supereffective|p1a: Power inside of Yo
|-crit|p1a: Power inside of Yo
|-damage|p1a: Power inside of Yo|0 fnt
|faint|p1a: Power inside of Yo
|
|-weather|SunnyDay|[upkeep]
|-damage|p2a: Yveltal|66/100 tox|[from] psn
|upkeep
|c|☆Zard Y Gang Admin|oof
|inactive|Jayki11 has 120 seconds left.
|
|switch|p1a: Chartor|Groudon|9/100
|turn|9
|c|☆Zard Y Gang Admin|sorry
|inactive|Jayki11 has 120 seconds left.
|c|☆Jayki11|:'(
|
|move|p2a: Yveltal|Oblivion Wing|p1a: Chartor
|-damage|p1a: Chartor|0 fnt
|-heal|p2a: Yveltal|72/100 tox|[from] drain|[of] p1a: Chartor
|faint|p1a: Chartor
|
|-weather|SunnyDay|[upkeep]
|-damage|p2a: Yveltal|48/100 tox|[from] psn
|upkeep
|l| Lhfcof
|
|switch|p1a: Dragon Feu|Charizard, F|100/100
|turn|10
|
|-start|p1a: Dragon Feu|Dynamax
|-heal|p1a: Dragon Feu|100/100|[silent]
|move|p2a: Yveltal|Dark Pulse|p1a: Dragon Feu
|-damage|p1a: Dragon Feu|67/100
|move|p1a: Dragon Feu|Max Airstream|p2a: Yveltal
|-damage|p2a: Yveltal|0 fnt
|-boost|p1a: Dragon Feu|spe|1
|faint|p2a: Yveltal
|
|-weather|none
|upkeep
|
|switch|p2a: Lunala|Lunala|100/100
|turn|11
|
|move|p1a: Dragon Feu|Max Flare|p2a: Lunala
|-damage|p2a: Lunala|81/100
|-weather|SunnyDay
|move|p2a: Lunala|Defog|p1a: Dragon Feu
|-unboost|p1a: Dragon Feu|evasion|1
|-sideend|p2: Zard Y Gang Admin|Stealth Rock|[from] move: Defog|[of] p2a: Lunala
|
|-weather|SunnyDay|[upkeep]
|-damage|p1a: Dragon Feu|60/100|[from] ability: Solar Power|[of] p1a: Dragon Feu
|upkeep
|turn|12
|
|move|p1a: Dragon Feu|Max Airstream|p2a: Lunala
|-damage|p2a: Lunala|15/100
|-boost|p1a: Dragon Feu|spe|1
|move|p2a: Lunala|Moongeist Beam|p1a: Dragon Feu
|-damage|p1a: Dragon Feu|24/100
|
|-weather|SunnyDay|[upkeep]
|-damage|p1a: Dragon Feu|18/100|[from] ability: Solar Power|[of] p1a: Dragon Feu
|-end|p1a: Dragon Feu|Dynamax
|-heal|p1a: Dragon Feu|18/100|[silent]
|upkeep
|turn|13
|
|move|p1a: Dragon Feu|Flamethrower|p2a: Lunala
|-damage|p2a: Lunala|0 fnt
|faint|p2a: Lunala
|
|-weather|SunnyDay|[upkeep]
|-damage|p1a: Dragon Feu|5/100|[from] ability: Solar Power|[of] p1a: Dragon Feu
|upkeep
|
|switch|p2a: Ditto|Ditto|100/100
|-transform|p2a: Ditto|p1a: Dragon Feu|[from] ability: Imposter
|turn|14
|
|move|p2a: Ditto|Flamethrower|p1a: Dragon Feu
|-resisted|p1a: Dragon Feu
|-damage|p1a: Dragon Feu|0 fnt
|faint|p1a: Dragon Feu
|
|-weather|SunnyDay|[upkeep]
|-damage|p2a: Ditto|88/100|[from] ability: Solar Power|[of] p2a: Ditto
|upkeep
|
|switch|p1a: Joru Chan|Marshadow|100/100
|turn|15
|
|move|p1a: Joru Chan|Shadow Sneak|p2a: Ditto
|-damage|p2a: Ditto|29/100
|-damage|p1a: Joru Chan|91/100|[from] item: Life Orb
|move|p2a: Ditto|Flamethrower|p1a: Joru Chan
|-damage|p1a: Joru Chan|0 fnt
|faint|p1a: Joru Chan
|
|-weather|none
|upkeep
|
|switch|p1a: Gekkou The Vagabon|Zacian-Crowned|100/100
|-ability|p1a: Gekkou The Vagabon|Intrepid Sword|boost
|-boost|p1a: Gekkou The Vagabon|atk|1
|turn|16
|
|move|p2a: Ditto|Flamethrower|p1a: Gekkou The Vagabon
|-supereffective|p1a: Gekkou The Vagabon
|-damage|p1a: Gekkou The Vagabon|27/100
|-status|p1a: Gekkou The Vagabon|brn
|move|p1a: Gekkou The Vagabon|Psychic Fangs|p2a: Ditto
|-damage|p2a: Ditto|0 fnt
|faint|p2a: Ditto
|
|-damage|p1a: Gekkou The Vagabon|20/100 brn|[from] brn
|upkeep
|
|switch|p2a: Zacian|Zacian-Crowned|100/100
|-ability|p2a: Zacian|Intrepid Sword|boost
|-boost|p2a: Zacian|atk|1
|turn|17
|c|☆Jayki11|god of haxx was with you
|c|☆Jayki11|gg
|
|move|p2a: Zacian|Behemoth Blade|p1a: Gekkou The Vagabon
|-damage|p1a: Gekkou The Vagabon|0 fnt
|faint|p1a: Gekkou The Vagabon
|
|win|Zard Y Gang Admin
|l|☆Jayki11
|raw|Jayki11's rating: 1453 &rarr; <strong>1437</strong><br />(-16 for losing)
|raw|Zard Y Gang Admin's rating: 1514 &rarr; <strong>1530</strong><br />(+16 for winning)
|c|☆Zard Y Gang Admin|none of it mattered tho LMAO
|j|☆Jayki11
|player|p1|Jayki11|red
|l|☆Jayki11
|player|p1|
