|j|☆acid doom 3
|j|☆Buck X
|t:|1662913522
|gametype|singles
|player|p1|acid doom 3|101|
|player|p2|Buck X|ethan|
|teamsize|p1|6
|teamsize|p2|6
|gen|8
|tier|[Gen 8] National Dex AG
|rule|HP Percentage Mod: HP is shown in percentages
|rule|Endless Battle Clause: Forcing endless battles is banned
|clearpoke
|poke|p1|Groudon|
|poke|p1|Rayquaza|
|poke|p1|Urshifu-*, F|
|poke|p1|Calyrex-Shadow|
|poke|p1|Ditto|
|poke|p1|Weavile, F|
|poke|p2|Groudon|
|poke|p2|Rayquaza|
|poke|p2|Calyrex-Shadow|
|poke|p2|Arceus-*|
|poke|p2|Yveltal|
|poke|p2|Marshadow|
|teampreview
|inactive|Battle timer is ON: inactive players will automatically lose when time's up. (requested by Buck X)
|
|t:|1662913533
|start
|switch|p1a: Ditto|Ditto|100/100
|switch|p2a: Behemoth|Groudon, shiny|100/100
|-transform|p1a: Ditto|p2a: Behemoth|[from] ability: Imposter
|-weather|SunnyDay|[from] ability: Drought|[of] p1a: Ditto
|detailschange|p2a: Behemoth|Groudon-Primal, shiny
|-primal|p2a: Behemoth
|-weather|DesolateLand|[from] ability: Desolate Land|[of] p2a: Behemoth
|turn|1
|
|t:|1662913554
|move|p1a: Ditto|Precipice Blades|p2a: Behemoth
|-supereffective|p2a: Behemoth
|-damage|p2a: Behemoth|5/100
|move|p2a: Behemoth|Stealth Rock|p1a: Ditto
|-sidestart|p1: acid doom 3|move: Stealth Rock
|
|-weather|DesolateLand|[upkeep]
|upkeep
|turn|2
|
|t:|1662913560
|-weather|none
|switch|p2a: Ziz|Rayquaza, shiny|100/100
|-ability|p2a: Ziz|Air Lock
|move|p1a: Ditto|Precipice Blades|p2a: Ziz
|-immune|p2a: Ziz
|
|upkeep
|turn|3
|inactive|Buck X has 270 seconds left.
|c|☆acid doom 3|my ditto is choice scarf
|inactive|Buck X has 240 seconds left.
|
|t:|1662913624
|switch|p1a: Weavile|Weavile, F|100/100
|-damage|p1a: Weavile|76/100|[from] Stealth Rock
|-ability|p1a: Weavile|Pressure
|detailschange|p2a: Ziz|Rayquaza-Mega, shiny
|-mega|p2a: Ziz|Rayquaza|
|-weather|DeltaStream|[from] ability: Delta Stream|[of] p2a: Ziz
|move|p2a: Ziz|Dragon Dance|p2a: Ziz
|-boost|p2a: Ziz|atk|1
|-boost|p2a: Ziz|spe|1
|
|-weather|DeltaStream|[upkeep]
|upkeep
|turn|4
|c|☆Buck X|Idc
|c|☆Buck X|play
|
|t:|1662913640
|-start|p1a: Weavile|Dynamax|
|-heal|p1a: Weavile|76/100|[silent]
|move|p2a: Ziz|Extreme Speed|p1a: Weavile
|-damage|p1a: Weavile|12/100
|-damage|p2a: Ziz|91/100|[from] item: Life Orb
|move|p1a: Weavile|Max Hailstorm|p2a: Ziz
|-activate||deltastream
|-supereffective|p2a: Ziz
|-crit|p2a: Ziz
|-damage|p2a: Ziz|0 fnt
|-weather|Hail
|faint|p2a: Ziz
|
|-weather|Hail|[upkeep]
|upkeep
|
|t:|1662913651
|switch|p2a: Transcendent Deity|Arceus|100/100
|turn|5
|
|t:|1662913661
|move|p2a: Transcendent Deity|Extreme Speed|p1a: Weavile
|-damage|p1a: Weavile|0 fnt
|faint|p1a: Weavile
|-damage|p2a: Transcendent Deity|91/100|[from] item: Life Orb
|
|-weather|Hail|[upkeep]
|-damage|p2a: Transcendent Deity|84/100|[from] Hail
|upkeep
|
|t:|1662913678
|switch|p1a: Ditto|Ditto|100/100
|-damage|p1a: Ditto|88/100|[from] Stealth Rock
|-transform|p1a: Ditto|p2a: Transcendent Deity|[from] ability: Imposter
|turn|6
|
|t:|1662913689
|move|p1a: Ditto|Extreme Speed|p2a: Transcendent Deity
|-damage|p2a: Transcendent Deity|55/100
|move|p2a: Transcendent Deity|Swords Dance|p2a: Transcendent Deity
|-boost|p2a: Transcendent Deity|atk|2
|
|-weather|Hail|[upkeep]
|-damage|p1a: Ditto|82/100|[from] Hail
|-damage|p2a: Transcendent Deity|49/100|[from] Hail
|upkeep
|turn|7
|
|t:|1662913698
|move|p1a: Ditto|Extreme Speed|p2a: Transcendent Deity
|-damage|p2a: Transcendent Deity|18/100
|move|p2a: Transcendent Deity|Extreme Speed|p1a: Ditto
|-damage|p1a: Ditto|0 fnt
|faint|p1a: Ditto
|-damage|p2a: Transcendent Deity|8/100|[from] item: Life Orb
|
|-weather|Hail|[upkeep]
|-damage|p2a: Transcendent Deity|2/100|[from] Hail
|upkeep
|
|t:|1662913711
|switch|p1a: Rayquaza|Rayquaza|100/100
|-damage|p1a: Rayquaza|76/100|[from] Stealth Rock
|-ability|p1a: Rayquaza|Air Lock
|turn|8
|
|t:|1662913722
|detailschange|p1a: Rayquaza|Rayquaza-Mega
|-mega|p1a: Rayquaza|Rayquaza|
|-weather|DeltaStream|[from] ability: Delta Stream|[of] p1a: Rayquaza
|move|p2a: Transcendent Deity|Extreme Speed|p1a: Rayquaza
|-damage|p1a: Rayquaza|0 fnt
|faint|p1a: Rayquaza
|-weather|none
|-damage|p2a: Transcendent Deity|0 fnt|[from] item: Life Orb
|faint|p2a: Transcendent Deity
|
|upkeep
|
|t:|1662913735
|switch|p2a: Dawn|Calyrex-Shadow|100/100
|switch|p1a: Calyrex|Calyrex-Shadow|100/100
|-ability|p2a: Dawn|As One
|-ability|p2a: Dawn|Unnerve
|-ability|p1a: Calyrex|As One
|-ability|p1a: Calyrex|Unnerve
|-damage|p1a: Calyrex|88/100|[from] Stealth Rock
|turn|9
|
|t:|1662913746
|switch|p2a: Behemoth|Groudon-Primal, shiny|5/100
|-weather|DesolateLand|[from] ability: Desolate Land|[of] p2a: Behemoth
|move|p1a: Calyrex|Astral Barrage|p2a: Behemoth
|-damage|p2a: Behemoth|0 fnt
|faint|p2a: Behemoth
|-weather|none
|-ability|p1a: Calyrex|Grim Neigh|boost
|-boost|p1a: Calyrex|spa|1
|
|upkeep
|
|t:|1662913748
|switch|p2a: Buck’s alter ego|Marshadow|100/100
|turn|10
|
|t:|1662913758
|move|p2a: Buck’s alter ego|Shadow Sneak|p1a: Calyrex
|-supereffective|p1a: Calyrex
|-damage|p1a: Calyrex|0 fnt
|faint|p1a: Calyrex
|-damage|p2a: Buck’s alter ego|91/100|[from] item: Life Orb
|
|upkeep
|
|t:|1662913766
|switch|p1a: Urshifu|Urshifu-Rapid-Strike, F|100/100
|-damage|p1a: Urshifu|94/100|[from] Stealth Rock
|turn|11
|
|t:|1662913783
|move|p2a: Buck’s alter ego|Close Combat|p1a: Urshifu
|-damage|p1a: Urshifu|12/100
|-unboost|p2a: Buck’s alter ego|def|1
|-unboost|p2a: Buck’s alter ego|spd|1
|-damage|p2a: Buck’s alter ego|81/100|[from] item: Life Orb
|move|p1a: Urshifu|Surging Strikes|p2a: Buck’s alter ego
|-crit|p2a: Buck’s alter ego
|-damage|p2a: Buck’s alter ego|45/100
|-crit|p2a: Buck’s alter ego
|-damage|p2a: Buck’s alter ego|5/100
|-crit|p2a: Buck’s alter ego
|-damage|p2a: Buck’s alter ego|0 fnt
|faint|p2a: Buck’s alter ego
|-hitcount|p2: Buck’s alter ego|3
|
|upkeep
|
|t:|1662913787
|switch|p2a: Twilight|Yveltal|100/100
|-ability|p2a: Twilight|Dark Aura
|turn|12
|c|☆acid doom 3|yes
|
|t:|1662913803
|-start|p2a: Twilight|Dynamax|
|-heal|p2a: Twilight|100/100|[silent]
|move|p1a: Urshifu|Surging Strikes|p2a: Twilight
|-crit|p2a: Twilight
|-damage|p2a: Twilight|91/100
|-crit|p2a: Twilight
|-damage|p2a: Twilight|83/100
|-crit|p2a: Twilight
|-damage|p2a: Twilight|75/100
|-hitcount|p2a: Twilight|3
|move|p2a: Twilight|Max Airstream|p1a: Urshifu
|-supereffective|p1a: Urshifu
|-damage|p1a: Urshifu|0 fnt
|-boost|p2a: Twilight|spe|1
|faint|p1a: Urshifu
|-damage|p2a: Twilight|70/100|[from] item: Life Orb
|
|upkeep
|c|☆Buck X|Stfu
|
|t:|1662913820
|switch|p1a: Groudon|Groudon, shiny|100/100
|-damage|p1a: Groudon|94/100|[from] Stealth Rock
|detailschange|p1a: Groudon|Groudon-Primal, shiny
|-primal|p1a: Groudon
|-weather|DesolateLand|[from] ability: Desolate Land|[of] p1a: Groudon
|turn|13
|inactive|acid doom 3 has 270 seconds left.
|
|t:|1662913835
|move|p2a: Twilight|Max Darkness|p1a: Groudon
|-damage|p1a: Groudon|0 fnt
|faint|p1a: Groudon
|-weather|none
|-damage|p2a: Twilight|65/100|[from] item: Life Orb
|
|win|Buck X
|l|☆Buck X
|c|☆acid doom 3|no way
