|j|☆CLEAR GEM清瑜
|j|☆iHaveAsthma
|t:|1666456289
|gametype|singles
|player|p1|CLEAR GEM清瑜|skierf|1792
|player|p2|iHaveAsthma|doctor|1875
|teamsize|p1|6
|teamsize|p2|6
|gen|8
|tier|[Gen 8] National Dex AG
|rated|
|rule|HP Percentage Mod: HP is shown in percentages
|rule|Endless Battle Clause: Forcing endless battles is banned
|clearpoke
|poke|p1|Rayquaza|
|poke|p1|Groudon|
|poke|p1|Necrozma-Dusk-Mane|
|poke|p1|Arceus-*|
|poke|p1|Zacian-*|
|poke|p1|Yveltal|
|poke|p2|Rayquaza|
|poke|p2|Arceus-*|
|poke|p2|Arceus-*|
|poke|p2|Lugia|
|poke|p2|Groudon|
|poke|p2|Marshadow|
|teampreview
|inactive|Battle timer is ON: inactive players will automatically lose when time's up. (requested by CLEAR GEM清瑜)
|
|t:|1666456294
|start
|switch|p1a: 老烈|Rayquaza, shiny|100/100
|switch|p2a: Rayquaza|Rayquaza|100/100
|-ability|p2a: Rayquaza|Air Lock
|-ability|p1a: 老烈|Air Lock
|turn|1
|
|t:|1666456301
|switch|p1a: 嘉然小姐的狗|Zacian-Crowned|100/100
|-ability|p1a: 嘉然小姐的狗|Intrepid Sword|boost
|-boost|p1a: 嘉然小姐的狗|atk|1
|detailschange|p2a: Rayquaza|Rayquaza-Mega
|-mega|p2a: Rayquaza|Rayquaza|
|-weather|DeltaStream|[from] ability: Delta Stream|[of] p2a: Rayquaza
|move|p2a: Rayquaza|Scale Shot|p1a: 嘉然小姐的狗
|-immune|p1a: 嘉然小姐的狗
|
|-weather|DeltaStream|[upkeep]
|upkeep
|turn|2
|inactive|iHaveAsthma has 120 seconds left.
|
|t:|1666456358
|-weather|none
|switch|p2a: Lugia|Lugia|100/100
|move|p1a: 嘉然小姐的狗|Close Combat|p2a: Lugia
|-resisted|p2a: Lugia
|-damage|p2a: Lugia|95/100
|-unboost|p1a: 嘉然小姐的狗|def|1
|-unboost|p1a: 嘉然小姐的狗|spd|1
|
|upkeep
|turn|3
|
|t:|1666456363
|move|p1a: 嘉然小姐的狗|Wild Charge|p2a: Lugia
|-supereffective|p2a: Lugia
|-crit|p2a: Lugia
|-damage|p2a: Lugia|11/100
|-damage|p1a: 嘉然小姐的狗|78/100|[from] Recoil
|move|p2a: Lugia|Recover|p2a: Lugia
|-heal|p2a: Lugia|61/100
|
|upkeep
|turn|4
|
|t:|1666456376
|move|p1a: 嘉然小姐的狗|Wild Charge|p2a: Lugia
|-supereffective|p2a: Lugia
|-damage|p2a: Lugia|1/100
|-damage|p1a: 嘉然小姐的狗|62/100|[from] Recoil
|move|p2a: Lugia|Thunder Wave|p1a: 嘉然小姐的狗
|-status|p1a: 嘉然小姐的狗|par
|
|upkeep
|turn|5
|
|t:|1666456380
|move|p1a: 嘉然小姐的狗|Quick Attack|p2a: Lugia
|-damage|p2a: Lugia|0 fnt
|faint|p2a: Lugia
|
|upkeep
|
|t:|1666456382
|switch|p2a: Groudon|Groudon|100/100
|detailschange|p2a: Groudon|Groudon-Primal
|-primal|p2a: Groudon
|-weather|DesolateLand|[from] ability: Desolate Land|[of] p2a: Groudon
|turn|6
|
|t:|1666456384
|move|p2a: Groudon|Stealth Rock|p1a: 嘉然小姐的狗
|-sidestart|p1: CLEAR GEM清瑜|move: Stealth Rock
|move|p1a: 嘉然小姐的狗|Close Combat|p2a: Groudon
|-damage|p2a: Groudon|46/100
|-unboost|p1a: 嘉然小姐的狗|def|1
|-unboost|p1a: 嘉然小姐的狗|spd|1
|
|-weather|DesolateLand|[upkeep]
|upkeep
|turn|7
|
|t:|1666456386
|move|p2a: Groudon|Earth Power|p1a: 嘉然小姐的狗
|-supereffective|p1a: 嘉然小姐的狗
|-damage|p1a: 嘉然小姐的狗|0 fnt
|faint|p1a: 嘉然小姐的狗
|
|-weather|DesolateLand|[upkeep]
|upkeep
|
|t:|1666456388
|switch|p1a: 老烈|Rayquaza, shiny|100/100
|-damage|p1a: 老烈|76/100|[from] Stealth Rock
|-ability|p1a: 老烈|Air Lock
|turn|8
|
|t:|1666456391
|detailschange|p1a: 老烈|Rayquaza-Mega, shiny
|-mega|p1a: 老烈|Rayquaza|
|-weather|DeltaStream|[from] ability: Delta Stream|[of] p1a: 老烈
|move|p1a: 老烈|Scale Shot|p2a: Groudon
|-damage|p2a: Groudon|29/100
|-damage|p2a: Groudon|14/100
|-damage|p2a: Groudon|0 fnt
|faint|p2a: Groudon
|-hitcount|p2: Groudon|3
|-unboost|p1a: 老烈|def|1
|-boost|p1a: 老烈|spe|1
|-damage|p1a: 老烈|66/100|[from] item: Life Orb
|
|-weather|DeltaStream|[upkeep]
|upkeep
|
|t:|1666456401
|switch|p2a: Marshadow|Marshadow|100/100
|turn|9
|
|t:|1666456406
|move|p2a: Marshadow|Shadow Sneak|p1a: 老烈
|-damage|p1a: 老烈|25/100
|move|p1a: 老烈|Scale Shot|p2a: Marshadow
|-damage|p2a: Marshadow|70/100
|-damage|p2a: Marshadow|40/100
|-hitcount|p2a: Marshadow|2
|-unboost|p1a: 老烈|def|1
|-boost|p1a: 老烈|spe|1
|-damage|p1a: 老烈|15/100|[from] item: Life Orb
|
|-weather|DeltaStream|[upkeep]
|upkeep
|turn|10
|
|t:|1666456413
|move|p2a: Marshadow|Shadow Sneak|p1a: 老烈
|-damage|p1a: 老烈|0 fnt
|faint|p1a: 老烈
|-weather|none
|
|upkeep
|
|t:|1666456414
|switch|p1a: 不会(?)|Groudon|100/100
|-damage|p1a: 不会(?)|94/100|[from] Stealth Rock
|detailschange|p1a: 不会(?)|Groudon-Primal
|-primal|p1a: 不会(?)
|-weather|DesolateLand|[from] ability: Desolate Land|[of] p1a: 不会(?)
|turn|11
|
|t:|1666456421
|move|p2a: Marshadow|Toxic|p1a: 不会(?)
|-status|p1a: 不会(?)|tox
|move|p1a: 不会(?)|Thunder Wave|p2a: Marshadow
|-status|p2a: Marshadow|par
|
|-weather|DesolateLand|[upkeep]
|-damage|p1a: 不会(?)|88/100 tox|[from] psn
|upkeep
|turn|12
|
|t:|1666456424
|move|p1a: 不会(?)|Stealth Rock|p2a: Marshadow
|-sidestart|p2: iHaveAsthma|move: Stealth Rock
|cant|p2a: Marshadow|par
|
|-weather|DesolateLand|[upkeep]
|-damage|p1a: 不会(?)|76/100 tox|[from] psn
|upkeep
|turn|13
|
|t:|1666456426
|move|p1a: 不会(?)|Fire Punch|p2a: Marshadow
|-damage|p2a: Marshadow|0 fnt
|faint|p2a: Marshadow
|
|-weather|DesolateLand|[upkeep]
|-damage|p1a: 不会(?)|58/100 tox|[from] psn
|upkeep
|
|t:|1666456430
|switch|p2a: Arceus|Arceus-Ground|100/100
|-damage|p2a: Arceus|94/100|[from] Stealth Rock
|turn|14
|
|t:|1666456436
|move|p2a: Arceus|Calm Mind|p2a: Arceus
|-boost|p2a: Arceus|spa|1
|-boost|p2a: Arceus|spd|1
|move|p1a: 不会(?)|Fire Punch|p2a: Arceus
|-damage|p2a: Arceus|62/100
|
|-weather|DesolateLand|[upkeep]
|-damage|p1a: 不会(?)|34/100 tox|[from] psn
|upkeep
|turn|15
|
|t:|1666456442
|move|p2a: Arceus|Recover|p2a: Arceus
|-heal|p2a: Arceus|100/100
|move|p1a: 不会(?)|Roar|p2a: Arceus
|drag|p2a: Arceus|Arceus-Flying|100/100
|-damage|p2a: Arceus|76/100|[from] Stealth Rock
|
|-weather|DesolateLand|[upkeep]
|-damage|p1a: 不会(?)|4/100 tox|[from] psn
|upkeep
|turn|16
|
|t:|1666456445
|move|p2a: Arceus|Swords Dance|p2a: Arceus
|-boost|p2a: Arceus|atk|2
|move|p1a: 不会(?)|Thunder Wave|p2a: Arceus
|-status|p2a: Arceus|par
|
|-weather|DesolateLand|[upkeep]
|-damage|p1a: 不会(?)|0 fnt|[from] psn
|faint|p1a: 不会(?)
|-weather|none
|upkeep
|
|t:|1666456453
|switch|p1a: Y鸟|Yveltal|100/100
|-damage|p1a: Y鸟|76/100|[from] Stealth Rock
|-ability|p1a: Y鸟|Dark Aura
|turn|17
|
|t:|1666456454
|-start|p1a: Y鸟|Dynamax|
|-heal|p1a: Y鸟|76/100|[silent]
|move|p1a: Y鸟|Max Airstream|p2a: Arceus
|-damage|p2a: Arceus|0 fnt
|-boost|p1a: Y鸟|spe|1
|faint|p2a: Arceus
|-damage|p1a: Y鸟|71/100|[from] item: Life Orb
|
|upkeep
|
|t:|1666456459
|switch|p2a: Arceus|Arceus-Ground|100/100
|-damage|p2a: Arceus|94/100|[from] Stealth Rock
|turn|18
|
|t:|1666456462
|-start|p2a: Arceus|Dynamax|
|-heal|p2a: Arceus|94/100|[silent]
|move|p2a: Arceus|Max Guard|p2a: Arceus
|-singleturn|p2a: Arceus|Max Guard
|move|p1a: Y鸟|Max Darkness|p2a: Arceus
|-activate|p2a: Arceus|move: Max Guard
|
|upkeep
|turn|19
|
|t:|1666456464
|move|p1a: Y鸟|Max Darkness|p2a: Arceus
|-damage|p2a: Arceus|53/100
|-unboost|p2a: Arceus|spd|1
|-damage|p1a: Y鸟|66/100|[from] item: Life Orb
|move|p2a: Arceus|Max Hailstorm|p1a: Y鸟
|-supereffective|p1a: Y鸟
|-damage|p1a: Y鸟|33/100
|-weather|Hail
|
|-weather|Hail|[upkeep]
|-damage|p1a: Y鸟|30/100|[from] Hail
|-damage|p2a: Arceus|50/100|[from] Hail
|upkeep
|-end|p1a: Y鸟|Dynamax
|-heal|p1a: Y鸟|30/100|[silent]
|turn|20
|
|t:|1666456466
|move|p1a: Y鸟|Dark Pulse|p2a: Arceus
|-damage|p2a: Arceus|7/100
|-damage|p1a: Y鸟|20/100|[from] item: Life Orb
|move|p2a: Arceus|Max Hailstorm|p1a: Y鸟
|-supereffective|p1a: Y鸟
|-damage|p1a: Y鸟|0 fnt
|faint|p1a: Y鸟
|
|-weather|Hail|[upkeep]
|-damage|p2a: Arceus|4/100|[from] Hail
|upkeep
|
|t:|1666456469
|switch|p1a: 钢铁之躯|Necrozma-Dusk-Mane|100/100
|-damage|p1a: 钢铁之躯|94/100|[from] Stealth Rock
|-end|p2a: Arceus|Dynamax
|-heal|p2a: Arceus|4/100|[silent]
|turn|21
|
|t:|1666456474
|detailschange|p1a: 钢铁之躯|Necrozma-Ultra
|-burst|p1a: 钢铁之躯|Necrozma|Ultranecrozium Z
|move|p1a: 钢铁之躯|Dragon Dance|p1a: 钢铁之躯
|-boost|p1a: 钢铁之躯|atk|1
|-boost|p1a: 钢铁之躯|spe|1
|move|p2a: Arceus|Recover|p2a: Arceus
|-heal|p2a: Arceus|54/100
|
|-weather|Hail|[upkeep]
|-damage|p1a: 钢铁之躯|88/100|[from] Hail
|-damage|p2a: Arceus|48/100|[from] Hail
|upkeep
|turn|22
|-message|iHaveAsthma forfeited.
|
|win|CLEAR GEM清瑜
|raw|CLEAR GEM清瑜's rating: 1792 &rarr; <strong>1817</strong><br />(+25 for winning)
|raw|iHaveAsthma's rating: 1875 &rarr; <strong>1850</strong><br />(-25 for losing)
|l|☆iHaveAsthma
||Ladder isn't responding, score probably updated but might not have (Request timeout).
