|j|☆AnimeZZZZ5
|j|☆PromisesBehold
|t:|1646036657
|gametype|singles
|player|p1|AnimeZZZZ5|2|1722
|player|p2|PromisesBehold|backpacker|1892
|teamsize|p1|6
|teamsize|p2|6
|gen|8
|tier|[Gen 8] National Dex AG
|rated|
|rule|HP Percentage Mod: HP is shown in percentages
|rule|Endless Battle Clause: Forcing endless battles is banned
|clearpoke
|poke|p1|Zacian-*|
|poke|p1|Kyurem-Black|
|poke|p1|Arceus-*|
|poke|p1|Groudon|
|poke|p1|Yveltal|
|poke|p1|Arceus-*|
|poke|p2|Sableye, M|
|poke|p2|Quagsire, M|
|poke|p2|Chansey, F|
|poke|p2|Tyranitar, M|
|poke|p2|Lugia|
|poke|p2|Giratina|
|teampreview
|inactive|Battle timer is ON: inactive players will automatically lose when time's up. (requested by PromisesBehold)
|
|t:|1646036672
|start
|switch|p1a: Groudon|Groudon|100/100
|switch|p2a: Sableye|Sableye, M|100/100
|detailschange|p1a: Groudon|Groudon-Primal
|-primal|p1a: Groudon
|-weather|DesolateLand|[from] ability: Desolate Land|[of] p1a: Groudon
|turn|1
|
|t:|1646036695
|detailschange|p2a: Sableye|Sableye-Mega, M
|-mega|p2a: Sableye|Sableye|Sablenite
|move|p2a: Sableye|Protect|p2a: Sableye
|-singleturn|p2a: Sableye|Protect
|move|p1a: Groudon|Precipice Blades|p2a: Sableye
|-activate|p2a: Sableye|move: Protect
|
|-weather|DesolateLand|[upkeep]
|upkeep
|turn|2
|
|t:|1646036706
|switch|p2a: Giratina|Giratina|100/100
|-ability|p2a: Giratina|Pressure
|move|p1a: Groudon|Overheat|p2a: Giratina
|-resisted|p2a: Giratina
|-damage|p2a: Giratina|74/100
|-unboost|p1a: Groudon|spa|2
|
|-weather|DesolateLand|[upkeep]
|-heal|p2a: Giratina|80/100|[from] item: Leftovers
|upkeep
|turn|3
|
|t:|1646036715
|-weather|none
|switch|p1a: Zacian|Zacian-Crowned|100/100
|-ability|p1a: Zacian|Intrepid Sword|boost
|-boost|p1a: Zacian|atk|1
|move|p2a: Giratina|Toxic|p1a: Zacian
|-immune|p1a: Zacian
|
|-heal|p2a: Giratina|86/100|[from] item: Leftovers
|upkeep
|turn|4
|
|t:|1646036720
|switch|p2a: Quagsire|Quagsire, M|100/100
|move|p1a: Zacian|Substitute|p1a: Zacian
|-start|p1a: Zacian|Substitute
|-damage|p1a: Zacian|76/100
|
|upkeep
|turn|5
|
|t:|1646036728
|move|p1a: Zacian|Close Combat|p2a: Quagsire
|-damage|p2a: Quagsire|65/100
|-unboost|p1a: Zacian|def|1
|-unboost|p1a: Zacian|spd|1
|-damage|p1a: Zacian|59/100|[from] item: Rocky Helmet|[of] p2a: Quagsire
|move|p2a: Quagsire|Recover|p2a: Quagsire
|-heal|p2a: Quagsire|100/100
|
|upkeep
|turn|6
|
|t:|1646036740
|switch|p1a: Yveltal|Yveltal|100/100
|-ability|p1a: Yveltal|Dark Aura
|move|p2a: Quagsire|Toxic|p1a: Yveltal
|-status|p1a: Yveltal|tox
|
|-damage|p1a: Yveltal|94/100 tox|[from] psn
|upkeep
|turn|7
|
|t:|1646036744
|switch|p1a: Groudon|Groudon-Primal|100/100
|-weather|DesolateLand|[from] ability: Desolate Land|[of] p1a: Groudon
|switch|p2a: Tyranitar|Tyranitar, M|100/100
|-ability|p2a: Tyranitar|Sand Stream|[from] desolateland|[fail]
|
|-weather|DesolateLand|[upkeep]
|upkeep
|turn|8
|
|t:|1646036753
|switch|p2a: Giratina|Giratina|86/100
|-ability|p2a: Giratina|Pressure
|move|p1a: Groudon|Stealth Rock|p2a: Giratina
|-sidestart|p2: PromisesBehold|move: Stealth Rock
|
|-weather|DesolateLand|[upkeep]
|-heal|p2a: Giratina|92/100|[from] item: Leftovers
|upkeep
|turn|9
|
|t:|1646036756
|move|p1a: Groudon|Toxic|p2a: Giratina
|-status|p2a: Giratina|tox
|move|p2a: Giratina|Defog|p1a: Groudon
|-unboost|p1a: Groudon|evasion|1
|-sideend|p2: PromisesBehold|Stealth Rock|[from] move: Defog|[of] p2a: Giratina
|
|-weather|DesolateLand|[upkeep]
|-heal|p2a: Giratina|98/100 tox|[from] item: Leftovers
|-damage|p2a: Giratina|92/100 tox|[from] psn
|upkeep
|turn|10
|j| Mrxiaoming
|
|t:|1646036772
|move|p1a: Groudon|Precipice Blades|p2a: Giratina
|-damage|p2a: Giratina|61/100 tox
|move|p2a: Giratina|Toxic|p1a: Groudon
|-status|p1a: Groudon|tox
|
|-weather|DesolateLand|[upkeep]
|-heal|p2a: Giratina|68/100 tox|[from] item: Leftovers
|-damage|p1a: Groudon|94/100 tox|[from] psn
|-damage|p2a: Giratina|55/100 tox|[from] psn
|upkeep
|turn|11
|
|t:|1646036779
|switch|p2a: Sableye|Sableye-Mega, M|100/100
|move|p1a: Groudon|Precipice Blades|p2a: Sableye
|-damage|p2a: Sableye|56/100
|
|-weather|DesolateLand|[upkeep]
|-damage|p1a: Groudon|82/100 tox|[from] psn
|upkeep
|turn|12
|
|t:|1646036790
|move|p2a: Sableye|Protect|p2a: Sableye
|-singleturn|p2a: Sableye|Protect
|move|p1a: Groudon|Overheat|p2a: Sableye
|-activate|p2a: Sableye|move: Protect
|
|-weather|DesolateLand|[upkeep]
|-damage|p1a: Groudon|63/100 tox|[from] psn
|upkeep
|turn|13
|
|t:|1646036799
|switch|p2a: Giratina|Giratina|55/100 tox
|-ability|p2a: Giratina|Pressure
|move|p1a: Groudon|Overheat|p2a: Giratina
|-resisted|p2a: Giratina
|-damage|p2a: Giratina|29/100 tox
|-unboost|p1a: Groudon|spa|2
|
|-weather|DesolateLand|[upkeep]
|-heal|p2a: Giratina|35/100 tox|[from] item: Leftovers
|-damage|p1a: Groudon|39/100 tox|[from] psn
|-damage|p2a: Giratina|29/100 tox|[from] psn
|upkeep
|turn|14
|
|t:|1646036806
|move|p1a: Groudon|Precipice Blades|p2a: Giratina
|-damage|p2a: Giratina|0 fnt
|faint|p2a: Giratina
|
|-weather|DesolateLand|[upkeep]
|-damage|p1a: Groudon|8/100 tox|[from] psn
|upkeep
|
|t:|1646036810
|switch|p2a: Sableye|Sableye-Mega, M|56/100
|turn|15
|
|t:|1646036824
|-weather|none
|switch|p1a: Zacian|Zacian-Crowned|59/100
|-ability|p1a: Zacian|Intrepid Sword|boost
|-boost|p1a: Zacian|atk|1
|move|p2a: Sableye|Recover|p2a: Sableye
|-heal|p2a: Sableye|100/100
|
|upkeep
|turn|16
|
|t:|1646036829
|switch|p2a: Quagsire|Quagsire, M|100/100
|move|p1a: Zacian|Behemoth Blade|p2a: Quagsire
|-resisted|p2a: Quagsire
|-damage|p2a: Quagsire|76/100
|-damage|p1a: Zacian|43/100|[from] item: Rocky Helmet|[of] p2a: Quagsire
|
|upkeep
|turn|17
|inactive|AnimeZZZZ5 has 120 seconds left.
|
|t:|1646036863
|move|p1a: Zacian|Substitute|p1a: Zacian
|-start|p1a: Zacian|Substitute
|-damage|p1a: Zacian|18/100
|move|p2a: Quagsire|Recover|p2a: Quagsire
|-heal|p2a: Quagsire|100/100
|
|upkeep
|turn|18
|
|t:|1646036869
|move|p1a: Zacian|Swords Dance|p1a: Zacian
|-boost|p1a: Zacian|atk|2
|move|p2a: Quagsire|Earthquake|p1a: Zacian
|-supereffective|p1a: Zacian
|-end|p1a: Zacian|Substitute
|
|upkeep
|turn|19
|
|t:|1646036874
|move|p1a: Zacian|Close Combat|p2a: Quagsire
|-damage|p2a: Quagsire|62/100
|-unboost|p1a: Zacian|def|1
|-unboost|p1a: Zacian|spd|1
|-damage|p1a: Zacian|1/100|[from] item: Rocky Helmet|[of] p2a: Quagsire
|move|p2a: Quagsire|Haze|p2a: Quagsire
|-clearallboost
|
|upkeep
|turn|20
|
|t:|1646036880
|move|p1a: Zacian|Close Combat|p2a: Quagsire
|-damage|p2a: Quagsire|24/100
|-unboost|p1a: Zacian|def|1
|-unboost|p1a: Zacian|spd|1
|-damage|p1a: Zacian|0 fnt|[from] item: Rocky Helmet|[of] p2a: Quagsire
|faint|p1a: Zacian
|move|p2a: Quagsire|Recover|p2a: Quagsire
|-heal|p2a: Quagsire|74/100
|
|upkeep
|
|t:|1646036883
|switch|p1a: Kyurem|Kyurem-Black|100/100
|-ability|p1a: Kyurem|Teravolt
|turn|21
|
|t:|1646036897
|switch|p2a: Sableye|Sableye-Mega, M|100/100
|move|p1a: Kyurem|Dragon Dance|p1a: Kyurem
|-boost|p1a: Kyurem|atk|1
|-boost|p1a: Kyurem|spe|1
|
|upkeep
|turn|22
|inactive|AnimeZZZZ5 has 120 seconds left.
|inactive|PromisesBehold has 120 seconds left.
|c|☆PromisesBehold|We're back in 1900s
|c|☆PromisesBehold|I beat skarph :)
|c|☆PromisesBehold|Help me aqua
|inactive|PromisesBehold has 90 seconds left.
|c|☆PromisesBehold|You click
|c|☆PromisesBehold|Kk
|
|t:|1646036977
|-start|p1a: Kyurem|Dynamax
|-heal|p1a: Kyurem|100/100|[silent]
|move|p1a: Kyurem|Max Hailstorm|p2a: Sableye
|-damage|p2a: Sableye|0 fnt
|-weather|Hail
|faint|p2a: Sableye
|-damage|p1a: Kyurem|96/100|[from] item: Life Orb
|
|-weather|Hail|[upkeep]
|upkeep
|c|☆PromisesBehold|:)
|c|☆PromisesBehold|Idk how to recover this lmfao
|c|☆PromisesBehold|Sowwy
|inactive|PromisesBehold has 60 seconds left.
|c|☆PromisesBehold|I choked somewhere
|
|t:|1646037000
|switch|p2a: Quagsire|Quagsire, M|74/100
|turn|23
|inactive|PromisesBehold has 60 seconds left.
|
|t:|1646037014
|move|p1a: Kyurem|Max Hailstorm|p2a: Quagsire
|-damage|p2a: Quagsire|0 fnt
|faint|p2a: Quagsire
|-damage|p1a: Kyurem|91/100|[from] item: Life Orb
|
|-weather|Hail|[upkeep]
|upkeep
|
|t:|1646037018
|switch|p2a: Tyranitar|Tyranitar, M|100/100
|-weather|Sandstorm|[from] ability: Sand Stream|[of] p2a: Tyranitar
|turn|24
|
|t:|1646037022
|move|p1a: Kyurem|Max Hailstorm|p2a: Tyranitar
|-damage|p2a: Tyranitar|0 fnt
|-weather|Hail
|faint|p2a: Tyranitar
|-damage|p1a: Kyurem|86/100|[from] item: Life Orb
|
|-weather|Hail|[upkeep]
|-end|p1a: Kyurem|Dynamax
|-heal|p1a: Kyurem|86/100|[silent]
|upkeep
|
|t:|1646037025
|switch|p2a: Lugia|Lugia|100/100
|turn|25
|
|t:|1646037029
|move|p1a: Kyurem|Icicle Spear|p2a: Lugia
|-supereffective|p2a: Lugia
|-damage|p2a: Lugia|70/100
|-supereffective|p2a: Lugia
|-damage|p2a: Lugia|40/100
|-supereffective|p2a: Lugia
|-damage|p2a: Lugia|12/100
|-supereffective|p2a: Lugia
|-crit|p2a: Lugia
|-damage|p2a: Lugia|0 fnt
|faint|p2a: Lugia
|-hitcount|p2: Lugia|4
|-damage|p1a: Kyurem|76/100|[from] item: Life Orb
|
|-weather|Hail|[upkeep]
|upkeep
|c|☆PromisesBehold|Why didnt u max
|c|☆PromisesBehold|smh
|-message|PromisesBehold forfeited.
|
|win|AnimeZZZZ5
|raw|AnimeZZZZ5's rating: 1722 &rarr; <strong>1752</strong><br />(+30 for winning)
|raw|PromisesBehold's rating: 1910 &rarr; <strong>1880</strong><br />(-30 for losing)
|l| Mrxiaoming
|c|☆PromisesBehold|There's no point
|c|☆PromisesBehold|:(
|c|☆PromisesBehold|His arcs won at that point
|c|☆PromisesBehold|If one was sd
|c|☆PromisesBehold|We have no quag
|c|☆PromisesBehold|Which made it game
