|j|☆amnael1
|j|☆Blackstar152001
|t:|1665169584
|gametype|singles
|player|p1|amnael1|170|1875
|player|p2|Blackstar152001|blue-gen3two|1858
|teamsize|p1|6
|teamsize|p2|6
|gen|8
|tier|[Gen 8] National Dex AG
|rated|
|rule|HP Percentage Mod: HP is shown in percentages
|rule|Endless Battle Clause: Forcing endless battles is banned
|clearpoke
|poke|p1|Smeargle, F|
|poke|p1|Groudon|
|poke|p1|Espeon, M|
|poke|p1|Rayquaza|
|poke|p1|Xerneas-*|
|poke|p1|Zacian-*|
|poke|p2|Arceus-*|
|poke|p2|Mewtwo|
|poke|p2|Ditto|
|poke|p2|Zacian-*|
|poke|p2|Arceus-*|
|poke|p2|Arceus-*|
|teampreview
|inactive|Battle timer is ON: inactive players will automatically lose when time's up. (requested by Blackstar152001)
|
|t:|1665169596
|start
|switch|p1a: Rayquaza|Rayquaza|100/100
|switch|p2a: All time fav💞|Mewtwo|100/100
|-ability|p2a: All time fav💞|Pressure
|-ability|p1a: Rayquaza|Air Lock
|turn|1
|
|t:|1665169600
|detailschange|p1a: Rayquaza|Rayquaza-Mega
|-mega|p1a: Rayquaza|Rayquaza|
|-weather|DeltaStream|[from] ability: Delta Stream|[of] p1a: Rayquaza
|move|p2a: All time fav💞|Will-O-Wisp|p1a: Rayquaza
|-status|p1a: Rayquaza|brn
|move|p1a: Rayquaza|Dragon Ascent|p2a: All time fav💞
|-damage|p2a: All time fav💞|65/100
|-unboost|p1a: Rayquaza|def|1
|-unboost|p1a: Rayquaza|spd|1
|
|-weather|DeltaStream|[upkeep]
|-heal|p2a: All time fav💞|71/100|[from] item: Leftovers
|-damage|p1a: Rayquaza|95/100 brn|[from] brn
|upkeep
|turn|2
|
|t:|1665169607
|move|p2a: All time fav💞|Psychic|p1a: Rayquaza
|-damage|p1a: Rayquaza|32/100 brn
|move|p1a: Rayquaza|Dragon Dance|p1a: Rayquaza
|-boost|p1a: Rayquaza|atk|1
|-boost|p1a: Rayquaza|spe|1
|
|-weather|DeltaStream|[upkeep]
|-heal|p2a: All time fav💞|77/100|[from] item: Leftovers
|-damage|p1a: Rayquaza|26/100 brn|[from] brn
|upkeep
|turn|3
|
|t:|1665169622
|switch|p2a: Arceus|Arceus-Electric|100/100
|move|p1a: Rayquaza|Dragon Ascent|p2a: Arceus
|-resisted|p2a: Arceus
|-damage|p2a: Arceus|85/100
|-unboost|p1a: Rayquaza|def|1
|-unboost|p1a: Rayquaza|spd|1
|
|-weather|DeltaStream|[upkeep]
|-damage|p1a: Rayquaza|20/100 brn|[from] brn
|upkeep
|turn|4
|
|t:|1665169630
|-weather|none
|switch|p1a: Espeon|Espeon, M|100/100
|move|p2a: Arceus|Recover|p2a: Arceus
|-heal|p2a: Arceus|100/100
|
|upkeep
|turn|5
|
|t:|1665169634
|move|p1a: Espeon|Yawn|p2a: Arceus
|-start|p2a: Arceus|move: Yawn|[of] p1a: Espeon
|move|p2a: Arceus|Judgment|p1a: Espeon
|-damage|p1a: Espeon|37/100
|
|upkeep
|turn|6
|
|t:|1665169637
|switch|p2a: All time fav💞|Mewtwo|77/100
|-ability|p2a: All time fav💞|Pressure
|move|p1a: Espeon|Baton Pass|p1a: Espeon
|
|t:|1665169640
|switch|p1a: Zacian|Zacian-Crowned|100/100|[from]move: Baton Pass
|-ability|p1a: Zacian|Intrepid Sword|boost
|-boost|p1a: Zacian|atk|1
|
|-heal|p2a: All time fav💞|84/100|[from] item: Leftovers
|upkeep
|turn|7
|
|t:|1665169644
|switch|p2a: Arceus|Arceus-Electric|100/100
|move|p1a: Zacian|Behemoth Blade|p2a: Arceus
|-resisted|p2a: Arceus
|-damage|p2a: Arceus|78/100
|
|upkeep
|turn|8
|
|t:|1665169648
|switch|p1a: Espeon|Espeon, M|37/100
|move|p2a: Arceus|Judgment|p1a: Espeon
|-damage|p1a: Espeon|0 fnt
|faint|p1a: Espeon
|
|upkeep
|
|t:|1665169651
|switch|p1a: Groudon|Groudon|100/100
|detailschange|p1a: Groudon|Groudon-Primal
|-primal|p1a: Groudon
|-weather|DesolateLand|[from] ability: Desolate Land|[of] p1a: Groudon
|turn|9
|
|t:|1665169657
|switch|p2a: Arceus|Arceus-Fairy|100/100
|move|p1a: Groudon|Stealth Rock|p2a: Arceus
|-sidestart|p2: Blackstar152001|move: Stealth Rock
|
|-weather|DesolateLand|[upkeep]
|upkeep
|turn|10
|
|t:|1665169659
|-weather|none
|switch|p1a: Rayquaza|Rayquaza-Mega|20/100 brn
|-weather|DeltaStream|[from] ability: Delta Stream|[of] p1a: Rayquaza
|move|p2a: Arceus|Toxic||[still]
|-fail|p2a: Arceus
|
|-weather|DeltaStream|[upkeep]
|-damage|p1a: Rayquaza|14/100 brn|[from] brn
|upkeep
|turn|11
|
|t:|1665169668
|move|p1a: Rayquaza|Dragon Ascent|p2a: Arceus
|-damage|p2a: Arceus|73/100
|-unboost|p1a: Rayquaza|def|1
|-unboost|p1a: Rayquaza|spd|1
|move|p2a: Arceus|Stealth Rock|p1a: Rayquaza
|-sidestart|p1: amnael1|move: Stealth Rock
|
|-weather|DeltaStream|[upkeep]
|-damage|p1a: Rayquaza|8/100 brn|[from] brn
|upkeep
|turn|12
|
|t:|1665169671
|move|p1a: Rayquaza|Dragon Ascent|p2a: Arceus
|-damage|p2a: Arceus|47/100
|-unboost|p1a: Rayquaza|def|1
|-unboost|p1a: Rayquaza|spd|1
|move|p2a: Arceus|Recover|p2a: Arceus
|-heal|p2a: Arceus|97/100
|
|-weather|DeltaStream|[upkeep]
|-damage|p1a: Rayquaza|2/100 brn|[from] brn
|upkeep
|turn|13
|
|t:|1665169674
|move|p1a: Rayquaza|Dragon Ascent|p2a: Arceus
|-damage|p2a: Arceus|70/100
|-unboost|p1a: Rayquaza|def|1
|-unboost|p1a: Rayquaza|spd|1
|move|p2a: Arceus|Recover|p2a: Arceus
|-heal|p2a: Arceus|100/100
|
|-weather|DeltaStream|[upkeep]
|-damage|p1a: Rayquaza|0 fnt|[from] brn
|faint|p1a: Rayquaza
|-weather|none
|upkeep
|
|t:|1665169677
|switch|p1a: Zacian|Zacian-Crowned|100/100
|-damage|p1a: Zacian|94/100|[from] Stealth Rock
|-ability|p1a: Zacian|Intrepid Sword|boost
|-boost|p1a: Zacian|atk|1
|turn|14
|
|t:|1665169679
|switch|p2a: Arceus|Arceus-Electric|78/100
|-damage|p2a: Arceus|65/100|[from] Stealth Rock
|move|p1a: Zacian|Behemoth Blade|p2a: Arceus
|-resisted|p2a: Arceus
|-damage|p2a: Arceus|43/100
|
|upkeep
|turn|15
|
|t:|1665169684
|switch|p1a: Smeargle|Smeargle, F|100/100
|-damage|p1a: Smeargle|88/100|[from] Stealth Rock
|move|p2a: Arceus|Recover|p2a: Arceus
|-heal|p2a: Arceus|93/100
|
|-ability|p1a: Smeargle|Moody|boost
|-boost|p1a: Smeargle|spd|2
|-unboost|p1a: Smeargle|spa|1
|upkeep
|turn|16
|
|t:|1665169707
|switch|p2a: Arceus|Arceus|100/100
|-damage|p2a: Arceus|88/100|[from] Stealth Rock
|move|p1a: Smeargle|Spore|p2a: Arceus
|-status|p2a: Arceus|slp|[from] move: Spore
|-enditem|p2a: Arceus|Lum Berry|[eat]
|-curestatus|p2a: Arceus|slp|[msg]
|
|-ability|p1a: Smeargle|Moody|boost
|-boost|p1a: Smeargle|spd|2
|-unboost|p1a: Smeargle|spe|1
|upkeep
|turn|17
|
|t:|1665169711
|move|p1a: Smeargle|Spiky Shield|p1a: Smeargle
|-singleturn|p1a: Smeargle|move: Protect
|move|p2a: Arceus|Extreme Speed|p1a: Smeargle
|-activate|p1a: Smeargle|move: Protect
|-damage|p2a: Arceus|76/100|[from] Spiky Shield|[of] p1a: Smeargle
|
|-ability|p1a: Smeargle|Moody|boost
|-boost|p1a: Smeargle|spd|2
|-unboost|p1a: Smeargle|def|1
|upkeep
|turn|18
|
|t:|1665169715
|switch|p1a: Zacian|Zacian-Crowned|94/100
|-damage|p1a: Zacian|88/100|[from] Stealth Rock
|-ability|p1a: Zacian|Intrepid Sword|boost
|-boost|p1a: Zacian|atk|1
|move|p2a: Arceus|Extreme Speed|p1a: Zacian
|-resisted|p1a: Zacian
|-damage|p1a: Zacian|66/100
|
|upkeep
|turn|19
|
|t:|1665169719
|switch|p2a: Arceus|Arceus-Electric|93/100
|-damage|p2a: Arceus|81/100|[from] Stealth Rock
|move|p1a: Zacian|Close Combat|p2a: Arceus
|-crit|p2a: Arceus
|-damage|p2a: Arceus|22/100
|-unboost|p1a: Zacian|def|1
|-unboost|p1a: Zacian|spd|1
|
|upkeep
|turn|20
|
|t:|1665169725
|move|p1a: Zacian|Play Rough|p2a: Arceus
|-damage|p2a: Arceus|0 fnt
|faint|p2a: Arceus
|
|upkeep
|
|t:|1665169728
|switch|p2a: Ditto|Ditto, shiny|100/100
|-damage|p2a: Ditto|88/100|[from] Stealth Rock
|-transform|p2a: Ditto|p1a: Zacian|[from] ability: Imposter
|-ability|p2a: Ditto|Intrepid Sword|boost
|-boost|p2a: Ditto|atk|1
|turn|21
|
|t:|1665169733
|move|p2a: Ditto|Close Combat|p1a: Zacian
|-damage|p1a: Zacian|0 fnt
|-unboost|p2a: Ditto|def|1
|-unboost|p2a: Ditto|spd|1
|faint|p1a: Zacian
|
|upkeep
|
|t:|1665169736
|switch|p1a: Groudon|Groudon-Primal|100/100
|-damage|p1a: Groudon|88/100|[from] Stealth Rock
|-weather|DesolateLand|[from] ability: Desolate Land|[of] p1a: Groudon
|turn|22
|
|t:|1665169744
|switch|p2a: Arceus|Arceus-Fairy|100/100
|-damage|p2a: Arceus|88/100|[from] Stealth Rock
|move|p1a: Groudon|Fire Punch|p2a: Arceus
|-damage|p2a: Arceus|36/100
|
|-weather|DesolateLand|[upkeep]
|upkeep
|turn|23
|
|t:|1665169749
|-weather|none
|switch|p1a: Smeargle|Smeargle, F|88/100
|-damage|p1a: Smeargle|76/100|[from] Stealth Rock
|move|p2a: Arceus|Toxic|p1a: Smeargle
|-status|p1a: Smeargle|tox
|
|-damage|p1a: Smeargle|70/100 tox|[from] psn
|-ability|p1a: Smeargle|Moody|boost
|-boost|p1a: Smeargle|atk|2
|-unboost|p1a: Smeargle|spa|1
|upkeep
|turn|24
|
|t:|1665169752
|move|p2a: Arceus|Judgment|p1a: Smeargle
|-damage|p1a: Smeargle|0 fnt
|faint|p1a: Smeargle
|
|upkeep
|
|t:|1665169755
|switch|p1a: Xerneas|Xerneas|100/100
|-damage|p1a: Xerneas|88/100|[from] Stealth Rock
|-ability|p1a: Xerneas|Fairy Aura
|turn|25
|
|t:|1665169757
|move|p2a: Arceus|Toxic|p1a: Xerneas
|-status|p1a: Xerneas|tox
|move|p1a: Xerneas|Geomancy||[still]
|-prepare|p1a: Xerneas|Geomancy
|-enditem|p1a: Xerneas|Power Herb
|-anim|p1a: Xerneas|Geomancy|p1a: Xerneas
|-boost|p1a: Xerneas|spa|2
|-boost|p1a: Xerneas|spd|2
|-boost|p1a: Xerneas|spe|2
|
|-damage|p1a: Xerneas|82/100 tox|[from] psn
|upkeep
|turn|26
|
|t:|1665169761
|move|p1a: Xerneas|Moonblast|p2a: Arceus
|-damage|p2a: Arceus|0 fnt
|faint|p2a: Arceus
|
|-damage|p1a: Xerneas|70/100 tox|[from] psn
|upkeep
|
|t:|1665169765
|switch|p2a: Ditto|Ditto, shiny|88/100
|-damage|p2a: Ditto|76/100|[from] Stealth Rock
|-transform|p2a: Ditto|p1a: Xerneas|[from] ability: Imposter
|-ability|p2a: Ditto|Fairy Aura
|turn|27
|
|t:|1665169768
|switch|p2a: All time fav💞|Mewtwo|84/100
|-damage|p2a: All time fav💞|71/100|[from] Stealth Rock
|-ability|p2a: All time fav💞|Pressure
|-start|p1a: Xerneas|Dynamax|
|-heal|p1a: Xerneas|70/100 tox|[silent]
|move|p1a: Xerneas|Max Starfall|p2a: All time fav💞
|-damage|p2a: All time fav💞|0 fnt
|-fieldstart|move: Misty Terrain
|faint|p2a: All time fav💞
|
|-damage|p1a: Xerneas|60/100 tox|[from] psn
|upkeep
|
|t:|1665169771
|switch|p2a: Zacian|Zacian-Crowned|100/100
|-damage|p2a: Zacian|94/100|[from] Stealth Rock
|-ability|p2a: Zacian|Intrepid Sword|boost
|-boost|p2a: Zacian|atk|1
|turn|28
|
|t:|1665169773
|move|p1a: Xerneas|Max Flare|p2a: Zacian
|-supereffective|p2a: Zacian
|-damage|p2a: Zacian|0 fnt
|-weather|SunnyDay
|faint|p2a: Zacian
|
|-weather|SunnyDay|[upkeep]
|-damage|p1a: Xerneas|48/100 tox|[from] psn
|upkeep
|
|t:|1665169777
|switch|p2a: Ditto|Ditto, shiny|76/100
|-damage|p2a: Ditto|63/100|[from] Stealth Rock
|-transform|p2a: Ditto|p1a: Xerneas|[from] ability: Imposter
|-ability|p2a: Ditto|Fairy Aura
|turn|29
|
|t:|1665169782
|-start|p2a: Ditto|Dynamax|
|-heal|p2a: Ditto|63/100|[silent]
|move|p2a: Ditto|Max Guard|p2a: Ditto
|-singleturn|p2a: Ditto|Max Guard
|move|p1a: Xerneas|Max Starfall|p2a: Ditto
|-activate|p2a: Ditto|move: Max Guard
|
|-weather|SunnyDay|[upkeep]
|-damage|p1a: Xerneas|33/100 tox|[from] psn
|upkeep
|-end|p1a: Xerneas|Dynamax
|-heal|p1a: Xerneas|33/100 tox|[silent]
|turn|30
|
|t:|1665169787
|move|p2a: Ditto|Max Starfall|p1a: Xerneas
|-damage|p1a: Xerneas|0 fnt
|faint|p1a: Xerneas
|
|-weather|SunnyDay|[upkeep]
|upkeep
|
|t:|1665169789
|switch|p1a: Groudon|Groudon-Primal|88/100
|-damage|p1a: Groudon|76/100|[from] Stealth Rock
|-weather|DesolateLand|[from] ability: Desolate Land|[of] p1a: Groudon
|turn|31
|
|t:|1665169796
|move|p2a: Ditto|Max Overgrowth|p1a: Groudon
|-damage|p1a: Groudon|0 fnt
|-fieldstart|move: Grassy Terrain
|faint|p1a: Groudon
|-weather|none
|
|win|Blackstar152001
|raw|amnael1's rating: 1875 &rarr; <strong>1854</strong><br />(-21 for losing)
|raw|Blackstar152001's rating: 1858 &rarr; <strong>1879</strong><br />(+21 for winning)
|l|☆amnael1
