|j|☆Otfc
|j|☆FenixFyre04
|t:|1656491439
|gametype|singles
|player|p1|Otfc|allister|1495
|player|p2|FenixFyre04|benga|1713
|teamsize|p1|6
|teamsize|p2|6
|gen|8
|tier|[Gen 8] National Dex AG
|rated|
|rule|HP Percentage Mod: HP is shown in percentages
|rule|Endless Battle Clause: Forcing endless battles is banned
|clearpoke
|poke|p1|Runerigus, F|
|poke|p1|Mawile, F|
|poke|p1|Hatterene, F|
|poke|p1|Melmetal|
|poke|p1|Cresselia, F|
|poke|p1|Calyrex-Ice|
|poke|p2|Mandibuzz, F|
|poke|p2|Calyrex-Shadow|
|poke|p2|Zacian-*|
|poke|p2|Necrozma-Dusk-Mane|
|poke|p2|Rayquaza|
|poke|p2|Tyranitar, F|
|teampreview
|inactive|Battle timer is ON: inactive players will automatically lose when time's up. (requested by FenixFyre04)
|
|t:|1656491469
|start
|switch|p1a: Hatterene|Hatterene, F|100/100
|switch|p2a: Rayquaza|Rayquaza|100/100
|-ability|p2a: Rayquaza|Air Lock
|turn|1
|
|t:|1656491497
|detailschange|p2a: Rayquaza|Rayquaza-Mega
|-mega|p2a: Rayquaza|Rayquaza|
|-weather|DeltaStream|[from] ability: Delta Stream|[of] p2a: Rayquaza
|move|p2a: Rayquaza|Dragon Ascent|p1a: Hatterene
|-enditem|p1a: Hatterene|Focus Sash
|-damage|p1a: Hatterene|1/100
|-unboost|p2a: Rayquaza|def|1
|-unboost|p2a: Rayquaza|spd|1
|move|p1a: Hatterene|Trick Room|p1a: Hatterene
|-fieldstart|move: Trick Room|[of] p1a: Hatterene
|
|-weather|DeltaStream|[upkeep]
|upkeep
|turn|2
|
|t:|1656491519
|-weather|none
|switch|p2a: Tyranitar|Tyranitar, F, shiny|100/100
|-weather|Sandstorm|[from] ability: Sand Stream|[of] p2a: Tyranitar
|move|p1a: Hatterene|Healing Wish|p1a: Hatterene
|faint|p1a: Hatterene
|
|-weather|Sandstorm|[upkeep]
|upkeep
|
|t:|1656491531
|switch|p1a: Calyrex|Calyrex-Ice|100/100
|-ability|p1a: Calyrex|As One
|-ability|p1a: Calyrex|Unnerve
|turn|3
|inactive|FenixFyre04 has 120 seconds left.
|
|t:|1656491561
|switch|p2a: Necrozma|Necrozma-Dusk-Mane|100/100
|move|p1a: Calyrex|Close Combat|p2a: Necrozma
|-damage|p2a: Necrozma|59/100
|-unboost|p1a: Calyrex|def|1
|-unboost|p1a: Calyrex|spd|1
|-damage|p1a: Calyrex|84/100|[from] item: Rocky Helmet|[of] p2a: Necrozma
|
|-weather|Sandstorm|[upkeep]
|-damage|p1a: Calyrex|78/100|[from] Sandstorm
|upkeep
|turn|4
|inactive|FenixFyre04 has 120 seconds left.
|inactive|Otfc has 120 seconds left.
|
|t:|1656491596
|switch|p1a: Melmetal|Melmetal|100/100
|move|p2a: Necrozma|Stealth Rock|p1a: Melmetal
|-sidestart|p1: Otfc|move: Stealth Rock
|
|-weather|Sandstorm|[upkeep]
|upkeep
|turn|5
|inactive|FenixFyre04 has 120 seconds left.
|
|t:|1656491634
|move|p1a: Melmetal|Earthquake|p2a: Necrozma
|-supereffective|p2a: Necrozma
|-damage|p2a: Necrozma|29/100
|move|p2a: Necrozma|Knock Off|p1a: Melmetal
|-damage|p1a: Melmetal|82/100
|-enditem|p1a: Melmetal|Weakness Policy|[from] move: Knock Off|[of] p2a: Necrozma
|
|-weather|Sandstorm|[upkeep]
|-fieldend|move: Trick Room
|upkeep
|turn|6
|
|t:|1656491648
|move|p2a: Necrozma|Moonlight|p2a: Necrozma
|-heal|p2a: Necrozma|54/100
|move|p1a: Melmetal|Earthquake|p2a: Necrozma
|-supereffective|p2a: Necrozma
|-damage|p2a: Necrozma|22/100
|
|-weather|none
|upkeep
|turn|7
|
|t:|1656491657
|move|p2a: Necrozma|Moonlight|p2a: Necrozma
|-heal|p2a: Necrozma|72/100
|move|p1a: Melmetal|Earthquake|p2a: Necrozma
|-supereffective|p2a: Necrozma
|-damage|p2a: Necrozma|40/100
|
|upkeep
|turn|8
|inactive|FenixFyre04 has 120 seconds left.
|
|t:|1656491666
|switch|p2a: Rayquaza|Rayquaza-Mega|100/100
|-weather|DeltaStream|[from] ability: Delta Stream|[of] p2a: Rayquaza
|switch|p1a: Cresselia|Cresselia, F|100/100
|-damage|p1a: Cresselia|88/100|[from] Stealth Rock
|
|-weather|DeltaStream|[upkeep]
|upkeep
|turn|9
|inactive|FenixFyre04 has 120 seconds left.
|
|t:|1656491693
|move|p2a: Rayquaza|Dragon Ascent|p1a: Cresselia
|-damage|p1a: Cresselia|8/100
|-unboost|p2a: Rayquaza|def|1
|-unboost|p2a: Rayquaza|spd|1
|move|p1a: Cresselia|Trick Room|p1a: Cresselia
|-fieldstart|move: Trick Room|[of] p1a: Cresselia
|
|-weather|DeltaStream|[upkeep]
|upkeep
|turn|10
|
|t:|1656491701
|-weather|none
|switch|p2a: Necrozma|Necrozma-Dusk-Mane|40/100
|move|p1a: Cresselia|Lunar Dance|p1a: Cresselia
|faint|p1a: Cresselia
|
|upkeep
|
|t:|1656491705
|switch|p1a: Calyrex|Calyrex-Ice|78/100
|-ability|p1a: Calyrex|As One
|-ability|p1a: Calyrex|Unnerve
|-heal|p1a: Calyrex|100/100|[from] move: Lunar Dance
|-damage|p1a: Calyrex|76/100|[from] Stealth Rock
|turn|11
|inactive|FenixFyre04 has 120 seconds left.
|
|t:|1656491727
|-start|p2a: Necrozma|Dynamax|
|-heal|p2a: Necrozma|40/100|[silent]
|move|p1a: Calyrex|Glacial Lance|p2a: Necrozma
|-resisted|p2a: Necrozma
|-damage|p2a: Necrozma|22/100
|move|p2a: Necrozma|Max Steelspike|p1a: Calyrex
|-supereffective|p1a: Calyrex
|-damage|p1a: Calyrex|0 fnt
|-boost|p2a: Necrozma|def|1
|faint|p1a: Calyrex
|
|upkeep
|
|t:|1656491734
|switch|p1a: Melmetal|Melmetal|82/100
|-heal|p1a: Melmetal|100/100|[from] move: Healing Wish
|-damage|p1a: Melmetal|94/100|[from] Stealth Rock
|turn|12
|inactive|FenixFyre04 has 120 seconds left.
|c|☆Otfc|Im dead
|
|t:|1656491751
|-start|p1a: Melmetal|Dynamax|Gmax
|-heal|p1a: Melmetal|94/100|[silent]
|move|p1a: Melmetal|Max Quake|p2a: Necrozma
|-supereffective|p2a: Necrozma
|-damage|p2a: Necrozma|7/100
|-boost|p1a: Melmetal|spd|1
|move|p2a: Necrozma|Max Darkness|p1a: Melmetal
|-damage|p1a: Melmetal|84/100
|-unboost|p1a: Melmetal|spd|1
|
|upkeep
|turn|13
|
|t:|1656491758
|move|p1a: Melmetal|Max Quake|p2a: Necrozma
|-supereffective|p2a: Necrozma
|-damage|p2a: Necrozma|0 fnt
|-boost|p1a: Melmetal|spd|1
|faint|p2a: Necrozma
|
|-fieldend|move: Trick Room
|upkeep
|
|t:|1656491766
|switch|p2a: Zacian|Zacian-Crowned|100/100
|-ability|p2a: Zacian|Intrepid Sword|boost
|-boost|p2a: Zacian|atk|1
|turn|14
|
|t:|1656491769
|switch|p2a: Rayquaza|Rayquaza-Mega|100/100
|-weather|DeltaStream|[from] ability: Delta Stream|[of] p2a: Rayquaza
|move|p1a: Melmetal|Max Quake|p2a: Rayquaza
|-immune|p2a: Rayquaza
|
|-weather|DeltaStream|[upkeep]
|upkeep
|-end|p1a: Melmetal|Dynamax
|-heal|p1a: Melmetal|84/100|[silent]
|turn|15
|
|t:|1656491773
|move|p2a: Rayquaza|V-create|p1a: Melmetal
|-supereffective|p1a: Melmetal
|-damage|p1a: Melmetal|0 fnt
|-unboost|p2a: Rayquaza|spe|1
|-unboost|p2a: Rayquaza|def|1
|-unboost|p2a: Rayquaza|spd|1
|faint|p1a: Melmetal
|
|-weather|DeltaStream|[upkeep]
|upkeep
|
|t:|1656491777
|switch|p1a: Mawile|Mawile, F|100/100
|-damage|p1a: Mawile|95/100|[from] Stealth Rock
|-ability|p1a: Mawile|Intimidate|boost
|-unboost|p2a: Rayquaza|atk|1
|turn|16
|-message|Otfc forfeited.
|
|win|FenixFyre04
|raw|Otfc's rating: 1495 &rarr; <strong>1486</strong><br />(-9 for losing)
|raw|FenixFyre04's rating: 1713 &rarr; <strong>1722</strong><br />(+9 for winning)
|l|☆FenixFyre04
