|j|☆llmmllmm
|j|☆C0ld as Ice
|t:|1647561065
|gametype|singles
|player|p1|llmmllmm|1|1599
|player|p2|C0ld as Ice|schoolkid-gen4dp|1843
|teamsize|p1|6
|teamsize|p2|6
|gen|8
|tier|[Gen 8] National Dex AG
|rated|
|rule|HP Percentage Mod: HP is shown in percentages
|rule|Endless Battle Clause: Forcing endless battles is banned
|clearpoke
|poke|p1|Arceus-*|
|poke|p1|Calyrex-Shadow|
|poke|p1|Arceus-*|
|poke|p1|Ditto|
|poke|p1|Deoxys-Speed|
|poke|p1|Yveltal|
|poke|p2|Necrozma-Dusk-Mane|
|poke|p2|Groudon|
|poke|p2|Arceus-*|
|poke|p2|Rayquaza|
|poke|p2|Giratina|
|poke|p2|Tyranitar, M|
|teampreview
|inactive|Battle timer is ON: inactive players will automatically lose when time's up. (requested by C0ld as Ice)
|
|t:|1647561074
|start
|switch|p1a: Deoxys|Deoxys-Speed|100/100
|switch|p2a: Groudon|Groudon|100/100
|-ability|p1a: Deoxys|Pressure
|detailschange|p2a: Groudon|Groudon-Primal
|-primal|p2a: Groudon
|-weather|DesolateLand|[from] ability: Desolate Land|[of] p2a: Groudon
|turn|1
|
|t:|1647561083
|move|p1a: Deoxys|Reflect|p1a: Deoxys
|-sidestart|p1: llmmllmm|Reflect
|move|p2a: Groudon|Rock Tomb|p1a: Deoxys
|-damage|p1a: Deoxys|86/100
|-unboost|p1a: Deoxys|spe|1
|
|-weather|DesolateLand|[upkeep]
|upkeep
|turn|2
|
|t:|1647561089
|move|p1a: Deoxys|Stealth Rock|p2a: Groudon
|-sidestart|p2: C0ld as Ice|move: Stealth Rock
|move|p2a: Groudon|Eruption|p1a: Deoxys
|-damage|p1a: Deoxys|0 fnt
|faint|p1a: Deoxys
|
|-weather|DesolateLand|[upkeep]
|upkeep
|
|t:|1647561095
|switch|p1a: Arceus|Arceus-Ground|100/100
|turn|3
|
|t:|1647561116
|-weather|none
|switch|p2a: Arceus|Arceus-Water|100/100
|-damage|p2a: Arceus|88/100|[from] Stealth Rock
|move|p1a: Arceus|Ice Beam|p2a: Arceus
|-resisted|p2a: Arceus
|-damage|p2a: Arceus|77/100
|
|upkeep
|turn|4
|
|t:|1647561125
|move|p1a: Arceus|Earth Power|p2a: Arceus
|-damage|p2a: Arceus|43/100
|move|p2a: Arceus|Whirlpool|p1a: Arceus
|-supereffective|p1a: Arceus
|-damage|p1a: Arceus|72/100
|-activate|p1a: Arceus|move: Whirlpool|[of] p2a: Arceus
|
|-damage|p1a: Arceus|59/100|[from] move: Whirlpool|[partiallytrapped]
|upkeep
|turn|5
|
|t:|1647561129
|move|p1a: Arceus|Earth Power|p2a: Arceus
|-damage|p2a: Arceus|11/100
|move|p2a: Arceus|Recover|p2a: Arceus
|-heal|p2a: Arceus|61/100
|
|-damage|p1a: Arceus|47/100|[from] move: Whirlpool|[partiallytrapped]
|upkeep
|turn|6
|
|t:|1647561135
|-zpower|p1a: Arceus
|move|p1a: Arceus|Tectonic Rage|p2a: Arceus|[zeffect]
|-damage|p2a: Arceus|0 fnt
|faint|p2a: Arceus
|
|-end|p1a: Arceus|Whirlpool|[partiallytrapped]|[silent]
|upkeep
|
|t:|1647561140
|switch|p2a: Rayquaza|Rayquaza|100/100
|-damage|p2a: Rayquaza|76/100|[from] Stealth Rock
|-ability|p2a: Rayquaza|Air Lock
|turn|7
|
|t:|1647561143
|detailschange|p2a: Rayquaza|Rayquaza-Mega
|-mega|p2a: Rayquaza|Rayquaza|
|-weather|DeltaStream|[from] ability: Delta Stream|[of] p2a: Rayquaza
|move|p1a: Arceus|Ice Beam|p2a: Rayquaza
|-activate||deltastream
|-supereffective|p2a: Rayquaza
|-damage|p2a: Rayquaza|10/100
|move|p2a: Rayquaza|Dragon Ascent|p1a: Arceus
|-damage|p1a: Arceus|0 fnt
|-unboost|p2a: Rayquaza|def|1
|-unboost|p2a: Rayquaza|spd|1
|faint|p1a: Arceus
|
|-weather|DeltaStream|[upkeep]
|upkeep
|
|t:|1647561148
|switch|p1a: Arceus|Arceus, shiny|100/100
|turn|8
|
|t:|1647561150
|-weather|none
|switch|p2a: Giratina|Giratina|100/100
|-damage|p2a: Giratina|88/100|[from] Stealth Rock
|-ability|p2a: Giratina|Pressure
|move|p1a: Arceus|Extreme Speed|p2a: Giratina
|-immune|p2a: Giratina
|
|-heal|p2a: Giratina|94/100|[from] item: Leftovers
|-sideend|p1: llmmllmm|Reflect
|upkeep
|turn|9
|
|t:|1647561154
|move|p1a: Arceus|Swords Dance|p1a: Arceus
|-boost|p1a: Arceus|atk|2
|move|p2a: Giratina|Defog|p1a: Arceus
|-unboost|p1a: Arceus|evasion|1
|-sideend|p2: C0ld as Ice|Stealth Rock|[from] move: Defog|[of] p2a: Giratina
|
|-heal|p2a: Giratina|99/100|[from] item: Leftovers
|upkeep
|turn|10
|
|t:|1647561157
|move|p1a: Arceus|Swords Dance|p1a: Arceus
|-boost|p1a: Arceus|atk|2
|move|p2a: Giratina|Will-O-Wisp|p1a: Arceus
|-status|p1a: Arceus|brn
|
|-heal|p2a: Giratina|100/100|[from] item: Leftovers
|-damage|p1a: Arceus|94/100 brn|[from] brn
|upkeep
|turn|11
|
|t:|1647561164
|switch|p2a: Necrozma|Necrozma-Dusk-Mane|100/100
|move|p1a: Arceus|Swords Dance|p1a: Arceus
|-boost|p1a: Arceus|atk|2
|
|-damage|p1a: Arceus|88/100 brn|[from] brn
|upkeep
|turn|12
|
|t:|1647561168
|move|p1a: Arceus|Earthquake|p2a: Necrozma
|-supereffective|p2a: Necrozma
|-damage|p2a: Necrozma|23/100
|-damage|p1a: Arceus|79/100 brn|[from] item: Life Orb
|move|p2a: Necrozma|Dragon Dance|p2a: Necrozma
|-boost|p2a: Necrozma|atk|1
|-boost|p2a: Necrozma|spe|1
|
|-damage|p1a: Arceus|72/100 brn|[from] brn
|upkeep
|turn|13
|
|t:|1647561177
|move|p1a: Arceus|Extreme Speed|p2a: Necrozma
|-resisted|p2a: Necrozma
|-damage|p2a: Necrozma|0 fnt
|-damage|p1a: Arceus|56/100 brn|[from] item: Rocky Helmet|[of] p2a: Necrozma
|faint|p2a: Necrozma
|-damage|p1a: Arceus|46/100 brn|[from] item: Life Orb
|
|-damage|p1a: Arceus|40/100 brn|[from] brn
|upkeep
|
|t:|1647561180
|switch|p2a: Rayquaza|Rayquaza-Mega|10/100
|-weather|DeltaStream|[from] ability: Delta Stream|[of] p2a: Rayquaza
|turn|14
|
|t:|1647561182
|move|p1a: Arceus|Extreme Speed|p2a: Rayquaza
|-damage|p2a: Rayquaza|0 fnt
|faint|p2a: Rayquaza
|-weather|none
|-damage|p1a: Arceus|30/100 brn|[from] item: Life Orb
|
|-damage|p1a: Arceus|24/100 brn|[from] brn
|upkeep
|
|t:|1647561187
|switch|p2a: Giratina|Giratina|100/100
|-ability|p2a: Giratina|Pressure
|turn|15
|
|t:|1647561190
|move|p1a: Arceus|Shadow Claw|p2a: Giratina
|-supereffective|p2a: Giratina
|-damage|p2a: Giratina|41/100
|-damage|p1a: Arceus|14/100 brn|[from] item: Life Orb
|move|p2a: Giratina|Rest|p2a: Giratina
|-status|p2a: Giratina|slp|[from] move: Rest
|-heal|p2a: Giratina|100/100 slp|[silent]
|
|-damage|p1a: Arceus|8/100 brn|[from] brn
|upkeep
|turn|16
|
|t:|1647561199
|move|p1a: Arceus|Shadow Claw|p2a: Giratina
|-supereffective|p2a: Giratina
|-damage|p2a: Giratina|48/100 slp
|-damage|p1a: Arceus|0 fnt|[from] item: Life Orb
|faint|p1a: Arceus
|cant|p2a: Giratina|slp
|
|-heal|p2a: Giratina|54/100 slp|[from] item: Leftovers
|upkeep
|
|t:|1647561202
|switch|p1a: Yveltal|Yveltal|100/100
|-ability|p1a: Yveltal|Dark Aura
|turn|17
|
|t:|1647561207
|-start|p1a: Yveltal|Dynamax
|-heal|p1a: Yveltal|100/100|[silent]
|move|p1a: Yveltal|Max Ooze|p2a: Giratina
|-resisted|p2a: Giratina
|-damage|p2a: Giratina|38/100 slp
|-boost|p1a: Yveltal|spa|1
|-damage|p1a: Yveltal|96/100|[from] item: Life Orb
|cant|p2a: Giratina|slp
|
|-heal|p2a: Giratina|44/100 slp|[from] item: Leftovers
|upkeep
|turn|18
|
|t:|1647561211
|move|p1a: Yveltal|Max Airstream|p2a: Giratina
|-crit|p2a: Giratina
|-damage|p2a: Giratina|0 fnt
|-boost|p1a: Yveltal|spe|1
|faint|p2a: Giratina
|-damage|p1a: Yveltal|91/100|[from] item: Life Orb
|
|upkeep
|
|t:|1647561217
|switch|p2a: Tyranitar|Tyranitar, M|100/100
|-weather|Sandstorm|[from] ability: Sand Stream|[of] p2a: Tyranitar
|turn|19
|
|t:|1647561221
|-start|p2a: Tyranitar|Dynamax
|-heal|p2a: Tyranitar|100/100|[silent]
|move|p2a: Tyranitar|Max Guard|p2a: Tyranitar
|-singleturn|p2a: Tyranitar|Max Guard
|move|p1a: Yveltal|Max Darkness|p2a: Tyranitar
|-activate|p2a: Tyranitar|move: Max Guard
|
|-weather|Sandstorm|[upkeep]
|-damage|p1a: Yveltal|88/100|[from] Sandstorm
|-end|p1a: Yveltal|Dynamax
|-heal|p1a: Yveltal|88/100|[silent]
|upkeep
|turn|20
|
|t:|1647561236
|move|p1a: Yveltal|Dark Pulse|p2a: Tyranitar
|-resisted|p2a: Tyranitar
|-damage|p2a: Tyranitar|88/100
|-damage|p1a: Yveltal|78/100|[from] item: Life Orb
|move|p2a: Tyranitar|Max Darkness|p1a: Yveltal
|-resisted|p1a: Yveltal
|-damage|p1a: Yveltal|55/100
|-unboost|p1a: Yveltal|spd|1
|
|-weather|Sandstorm|[upkeep]
|-damage|p1a: Yveltal|49/100|[from] Sandstorm
|-heal|p2a: Tyranitar|91/100|[from] item: Leftovers
|upkeep
|turn|21
|
|t:|1647561242
|move|p1a: Yveltal|Oblivion Wing|p2a: Tyranitar
|-resisted|p2a: Tyranitar
|-damage|p2a: Tyranitar|82/100
|-heal|p1a: Yveltal|63/100|[from] drain|[of] p2a: Tyranitar
|-damage|p1a: Yveltal|53/100|[from] item: Life Orb
|move|p2a: Tyranitar|Max Darkness|p1a: Yveltal
|-resisted|p1a: Yveltal
|-damage|p1a: Yveltal|27/100
|-unboost|p1a: Yveltal|spd|1
|
|-weather|Sandstorm|[upkeep]
|-damage|p1a: Yveltal|21/100|[from] Sandstorm
|-heal|p2a: Tyranitar|85/100|[from] item: Leftovers
|-end|p2a: Tyranitar|Dynamax
|-heal|p2a: Tyranitar|85/100|[silent]
|upkeep
|turn|22
|
|t:|1647561245
|move|p1a: Yveltal|Oblivion Wing|p2a: Tyranitar
|-resisted|p2a: Tyranitar
|-damage|p2a: Tyranitar|66/100
|-heal|p1a: Yveltal|35/100|[from] drain|[of] p2a: Tyranitar
|-damage|p1a: Yveltal|25/100|[from] item: Life Orb
|move|p2a: Tyranitar|Roar|p1a: Yveltal
|drag|p1a: Calyrex|Calyrex-Shadow|100/100
|-ability|p1a: Calyrex|As One
|-ability|p1a: Calyrex|Unnerve
|
|-weather|Sandstorm|[upkeep]
|-damage|p1a: Calyrex|94/100|[from] Sandstorm
|-heal|p2a: Tyranitar|72/100|[from] item: Leftovers
|upkeep
|turn|23
|
|t:|1647561255
|-activate|p1a: Calyrex|move: Pursuit
|move|p2a: Tyranitar|Pursuit|p1a: Calyrex|[from]Pursuit
|-supereffective|p1a: Calyrex
|-damage|p1a: Calyrex|0 fnt
|faint|p1a: Calyrex
|-hint|A Pokemon can't switch between when it runs out of HP and when it faints
|
|-weather|none
|-heal|p2a: Tyranitar|78/100|[from] item: Leftovers
|upkeep
|
|t:|1647561263
|switch|p1a: Ditto|Ditto|100/100
|-transform|p1a: Ditto|p2a: Tyranitar|[from] ability: Imposter
|-weather|Sandstorm|[from] ability: Sand Stream|[of] p1a: Ditto
|turn|24
|
|t:|1647561267
|move|p1a: Ditto|Toxic|p2a: Tyranitar
|-status|p2a: Tyranitar|tox
|move|p2a: Tyranitar|Toxic|p1a: Ditto
|-status|p1a: Ditto|tox
|
|-weather|Sandstorm|[upkeep]
|-heal|p2a: Tyranitar|85/100 tox|[from] item: Leftovers
|-damage|p1a: Ditto|94/100 tox|[from] psn
|-damage|p2a: Tyranitar|78/100 tox|[from] psn
|upkeep
|turn|25
|
|t:|1647561270
|switch|p1a: Yveltal|Yveltal|25/100
|-ability|p1a: Yveltal|Dark Aura
|move|p2a: Tyranitar|Stealth Rock|p1a: Yveltal
|-sidestart|p1: llmmllmm|move: Stealth Rock
|
|-weather|Sandstorm|[upkeep]
|-damage|p1a: Yveltal|19/100|[from] Sandstorm
|-heal|p2a: Tyranitar|85/100 tox|[from] item: Leftovers
|-damage|p2a: Tyranitar|72/100 tox|[from] psn
|upkeep
|turn|26
|
|t:|1647561275
|move|p1a: Yveltal|Oblivion Wing|p2a: Tyranitar
|-resisted|p2a: Tyranitar
|-damage|p2a: Tyranitar|60/100 tox
|-heal|p1a: Yveltal|29/100|[from] drain|[of] p2a: Tyranitar
|-damage|p1a: Yveltal|19/100|[from] item: Life Orb
|move|p2a: Tyranitar|Roar|p1a: Yveltal
|drag|p1a: Ditto|Ditto|94/100 tox
|-damage|p1a: Ditto|82/100 tox|[from] Stealth Rock
|-transform|p1a: Ditto|p2a: Tyranitar|[from] ability: Imposter
|
|-weather|Sandstorm|[upkeep]
|-heal|p2a: Tyranitar|66/100 tox|[from] item: Leftovers
|-damage|p1a: Ditto|76/100 tox|[from] psn
|-damage|p2a: Tyranitar|47/100 tox|[from] psn
|upkeep
|turn|27
|
|t:|1647561284
|move|p1a: Ditto|Stealth Rock|p2a: Tyranitar
|-sidestart|p2: C0ld as Ice|move: Stealth Rock
|move|p2a: Tyranitar|Pursuit|p1a: Ditto
|-resisted|p1a: Ditto
|-damage|p1a: Ditto|67/100 tox
|
|-weather|Sandstorm|[upkeep]
|-heal|p2a: Tyranitar|53/100 tox|[from] item: Leftovers
|-damage|p1a: Ditto|55/100 tox|[from] psn
|-damage|p2a: Tyranitar|29/100 tox|[from] psn
|upkeep
|turn|28
|
|t:|1647561287
|-activate|p1a: Ditto|move: Pursuit
|move|p2a: Tyranitar|Pursuit|p1a: Ditto|[from]Pursuit
|-resisted|p1a: Ditto
|-damage|p1a: Ditto|37/100 tox
|switch|p1a: Yveltal|Yveltal|19/100
|-damage|p1a: Yveltal|0 fnt|[from] Stealth Rock
|faint|p1a: Yveltal
|
|-weather|none
|-heal|p2a: Tyranitar|35/100 tox|[from] item: Leftovers
|-damage|p2a: Tyranitar|4/100 tox|[from] psn
|upkeep
|
|t:|1647561293
|switch|p1a: Ditto|Ditto|37/100 tox
|-damage|p1a: Ditto|25/100 tox|[from] Stealth Rock
|-transform|p1a: Ditto|p2a: Tyranitar|[from] ability: Imposter
|-weather|Sandstorm|[from] ability: Sand Stream|[of] p1a: Ditto
|turn|29
|
|t:|1647561309
|move|p1a: Ditto|Pursuit|p2a: Tyranitar
|-resisted|p2a: Tyranitar
|-damage|p2a: Tyranitar|0 fnt
|faint|p2a: Tyranitar
|
|-weather|Sandstorm|[upkeep]
|-damage|p1a: Ditto|19/100 tox|[from] psn
|upkeep
|
|t:|1647561311
|switch|p2a: Groudon|Groudon-Primal|100/100
|-damage|p2a: Groudon|88/100|[from] Stealth Rock
|-weather|DesolateLand|[from] ability: Desolate Land|[of] p2a: Groudon
|turn|30
|
|t:|1647561313
|move|p2a: Groudon|Eruption|p1a: Ditto
|-resisted|p1a: Ditto
|-damage|p1a: Ditto|0 fnt
|faint|p1a: Ditto
|
|win|C0ld as Ice
|raw|llmmllmm's rating: 1599 &rarr; <strong>1592</strong><br />(-7 for losing)
|raw|C0ld as Ice's rating: 1862 &rarr; <strong>1869</strong><br />(+7 for winning)
|c|☆C0ld as Ice|gg
|c|☆llmmllmm|gg
|l|☆llmmllmm
||Ladder isn't responding, score probably updated but might not have (Request timeout).
