|j|☆Hikhanh123
|j|☆85792195wwww
|t:|1665201725
|gametype|singles
|player|p1|Hikhanh123|wallace|1603
|player|p2|85792195wwww|266|1832
|teamsize|p1|6
|teamsize|p2|6
|gen|8
|tier|[Gen 8] National Dex AG
|rated|
|rule|HP Percentage Mod: HP is shown in percentages
|rule|Endless Battle Clause: Forcing endless battles is banned
|clearpoke
|poke|p1|Zacian-*|
|poke|p1|Groudon|
|poke|p1|Yveltal|
|poke|p1|Calyrex-Shadow|
|poke|p1|Rayquaza|
|poke|p1|Marshadow|
|poke|p2|Kyogre|
|poke|p2|Zacian-*|
|poke|p2|Rayquaza|
|poke|p2|Marshadow|
|poke|p2|Ditto|
|poke|p2|Arceus-*|
|teampreview
|inactive|Battle timer is ON: inactive players will automatically lose when time's up. (requested by Hikhanh123)
|
|t:|1665201743
|start
|switch|p1a: Zacian|Zacian-Crowned|100/100
|switch|p2a: Arceus|Arceus-Electric|100/100
|-ability|p1a: Zacian|Intrepid Sword|boost
|-boost|p1a: Zacian|atk|1
|turn|1
|
|t:|1665201753
|switch|p1a: Groudon|Groudon|100/100
|detailschange|p1a: Groudon|Groudon-Primal
|-primal|p1a: Groudon
|-weather|DesolateLand|[from] ability: Desolate Land|[of] p1a: Groudon
|move|p2a: Arceus|Will-O-Wisp|p1a: Groudon
|-immune|p1a: Groudon
|
|-weather|DesolateLand|[upkeep]
|upkeep
|turn|2
|
|t:|1665201764
|switch|p2a: Kyogre|Kyogre|100/100
|detailschange|p2a: Kyogre|Kyogre-Primal
|-primal|p2a: Kyogre
|-weather|PrimordialSea|[from] ability: Primordial Sea|[of] p2a: Kyogre
|move|p1a: Groudon|Stealth Rock|p2a: Kyogre
|-sidestart|p2: 85792195wwww|move: Stealth Rock
|
|-weather|PrimordialSea|[upkeep]
|upkeep
|turn|3
|
|t:|1665201773
|switch|p1a: Rayquaza|Rayquaza|100/100
|-ability|p1a: Rayquaza|Air Lock
|move|p2a: Kyogre|Ice Beam|p1a: Rayquaza
|-supereffective|p1a: Rayquaza
|-damage|p1a: Rayquaza|0 fnt
|faint|p1a: Rayquaza
|
|-weather|PrimordialSea|[upkeep]
|upkeep
|
|t:|1665201785
|switch|p1a: Groudon|Groudon-Primal|100/100
|-weather|DesolateLand|[from] ability: Desolate Land|[of] p1a: Groudon
|turn|4
|
|t:|1665201793
|switch|p2a: Rayquaza|Rayquaza|100/100
|-damage|p2a: Rayquaza|76/100|[from] Stealth Rock
|-ability|p2a: Rayquaza|Air Lock
|move|p1a: Groudon|Thunder Wave|p2a: Rayquaza
|-status|p2a: Rayquaza|par
|
|-weather|DesolateLand|[upkeep]
|upkeep
|turn|5
|
|t:|1665201808
|-weather|none
|switch|p1a: Yveltal|Yveltal|100/100
|-ability|p1a: Yveltal|Dark Aura
|detailschange|p2a: Rayquaza|Rayquaza-Mega
|-mega|p2a: Rayquaza|Rayquaza|
|-weather|DeltaStream|[from] ability: Delta Stream|[of] p2a: Rayquaza
|move|p2a: Rayquaza|Dragon Ascent|p1a: Yveltal
|-damage|p1a: Yveltal|0 fnt
|-unboost|p2a: Rayquaza|def|1
|-unboost|p2a: Rayquaza|spd|1
|faint|p1a: Yveltal
|
|-weather|DeltaStream|[upkeep]
|upkeep
|
|t:|1665201829
|switch|p1a: Zacian|Zacian-Crowned|100/100
|-ability|p1a: Zacian|Intrepid Sword|boost
|-boost|p1a: Zacian|atk|1
|turn|6
|
|t:|1665201837
|move|p1a: Zacian|Substitute|p1a: Zacian
|-start|p1a: Zacian|Substitute
|-damage|p1a: Zacian|76/100
|move|p2a: Rayquaza|Dragon Ascent|p1a: Zacian
|-resisted|p1a: Zacian
|-end|p1a: Zacian|Substitute
|-unboost|p2a: Rayquaza|def|1
|-unboost|p2a: Rayquaza|spd|1
|
|-weather|DeltaStream|[upkeep]
|upkeep
|turn|7
|
|t:|1665201848
|-weather|none
|switch|p2a: Arceus|Arceus-Electric|100/100
|-damage|p2a: Arceus|88/100|[from] Stealth Rock
|move|p1a: Zacian|Substitute|p1a: Zacian
|-start|p1a: Zacian|Substitute
|-damage|p1a: Zacian|51/100
|
|upkeep
|turn|8
|
|t:|1665201856
|move|p1a: Zacian|Swords Dance|p1a: Zacian
|-boost|p1a: Zacian|atk|2
|move|p2a: Arceus|Stealth Rock|p1a: Zacian
|-sidestart|p1: Hikhanh123|move: Stealth Rock
|
|upkeep
|turn|9
|
|t:|1665201865
|switch|p2a: Rayquaza|Rayquaza-Mega|76/100 par
|-damage|p2a: Rayquaza|51/100 par|[from] Stealth Rock
|-weather|DeltaStream|[from] ability: Delta Stream|[of] p2a: Rayquaza
|move|p1a: Zacian|Sacred Sword|p2a: Rayquaza
|-resisted|p2a: Rayquaza
|-damage|p2a: Rayquaza|6/100 par
|
|-weather|DeltaStream|[upkeep]
|upkeep
|turn|10
|
|t:|1665201878
|switch|p1a: Groudon|Groudon-Primal|100/100
|-damage|p1a: Groudon|88/100|[from] Stealth Rock
|-weather|DesolateLand|[from] ability: Desolate Land|[of] p1a: Groudon
|move|p2a: Rayquaza|V-create|p1a: Groudon
|-resisted|p1a: Groudon
|-damage|p1a: Groudon|45/100
|-unboost|p2a: Rayquaza|spe|1
|-unboost|p2a: Rayquaza|def|1
|-unboost|p2a: Rayquaza|spd|1
|
|-weather|DesolateLand|[upkeep]
|upkeep
|turn|11
|
|t:|1665201889
|move|p1a: Groudon|Fire Punch|p2a: Rayquaza
|-resisted|p2a: Rayquaza
|-damage|p2a: Rayquaza|0 fnt
|faint|p2a: Rayquaza
|
|-weather|DesolateLand|[upkeep]
|upkeep
|
|t:|1665201901
|switch|p2a: Kyogre|Kyogre-Primal|100/100
|-damage|p2a: Kyogre|88/100|[from] Stealth Rock
|-weather|PrimordialSea|[from] ability: Primordial Sea|[of] p2a: Kyogre
|turn|12
|
|t:|1665201907
|move|p2a: Kyogre|Scald|p1a: Groudon
|-supereffective|p1a: Groudon
|-damage|p1a: Groudon|0 fnt
|faint|p1a: Groudon
|
|-weather|PrimordialSea|[upkeep]
|upkeep
|
|t:|1665201916
|switch|p1a: Calyrex|Calyrex-Shadow|100/100
|-ability|p1a: Calyrex|As One
|-ability|p1a: Calyrex|Unnerve
|-damage|p1a: Calyrex|88/100|[from] Stealth Rock
|turn|13
|
|t:|1665201923
|move|p1a: Calyrex|Astral Barrage|p2a: Kyogre
|-damage|p2a: Kyogre|19/100
|move|p2a: Kyogre|Scald|p1a: Calyrex
|-damage|p1a: Calyrex|0 fnt
|faint|p1a: Calyrex
|
|-weather|PrimordialSea|[upkeep]
|upkeep
|
|t:|1665201930
|switch|p1a: Zacian|Zacian-Crowned|51/100
|-damage|p1a: Zacian|44/100|[from] Stealth Rock
|-ability|p1a: Zacian|Intrepid Sword|boost
|-boost|p1a: Zacian|atk|1
|turn|14
|-message|Hikhanh123 forfeited.
|
|win|85792195wwww
|raw|Hikhanh123's rating: 1603 &rarr; <strong>1595</strong><br />(-8 for losing)
|raw|85792195wwww's rating: 1832 &rarr; <strong>1840</strong><br />(+8 for winning)
