|j|☆TropIsCool69
|j|☆Hhhhhhhhhhhhx
|t:|1663942054
|gametype|singles
|player|p1|TropIsCool69|hop|1502
|player|p2|Hhhhhhhhhhhhx|nate|1547
|teamsize|p1|6
|teamsize|p2|6
|gen|8
|tier|[Gen 8] National Dex AG
|rated|
|rule|HP Percentage Mod: HP is shown in percentages
|rule|Endless Battle Clause: Forcing endless battles is banned
|clearpoke
|poke|p1|Hawlucha, M|
|poke|p1|Shuckle, M|
|poke|p1|Umbreon, M|
|poke|p1|Kyogre|
|poke|p1|Rillaboom, M|
|poke|p1|Mudsdale, M|
|poke|p2|Greninja, M|
|poke|p2|Zacian-*|
|poke|p2|Necrozma-Dusk-Mane|
|poke|p2|Urshifu-*, M|
|poke|p2|Kyogre|
|poke|p2|Landorus-Therian, M|
|teampreview
|inactive|Battle timer is ON: inactive players will automatically lose when time's up. (requested by TropIsCool69)
|
|t:|1663942069
|start
|switch|p1a: Shuckle|Shuckle, M|100/100
|switch|p2a: Necrozma|Necrozma-Dusk-Mane|100/100
|turn|1
|
|t:|1663942075
|move|p2a: Necrozma|Dragon Dance|p2a: Necrozma
|-boost|p2a: Necrozma|atk|1
|-boost|p2a: Necrozma|spe|1
|move|p1a: Shuckle|Sticky Web|p2a: Necrozma
|-sidestart|p2: Hhhhhhhhhhhhx|move: Sticky Web
|
|upkeep
|turn|2
|
|t:|1663942089
|move|p2a: Necrozma|Dragon Dance|p2a: Necrozma
|-boost|p2a: Necrozma|atk|1
|-boost|p2a: Necrozma|spe|1
|move|p1a: Shuckle|Final Gambit|p2a: Necrozma
|-damage|p2a: Necrozma|39/100
|faint|p1a: Shuckle
|
|upkeep
|
|t:|1663942096
|switch|p1a: Mudsdale|Mudsdale, M|100/100
|turn|3
|
|t:|1663942111
|-start|p1a: Mudsdale|Dynamax|
|-heal|p1a: Mudsdale|100/100|[silent]
|move|p2a: Necrozma|Earthquake|p1a: Mudsdale
|-damage|p1a: Mudsdale|64/100
|-ability|p1a: Mudsdale|Stamina|boost
|-boost|p1a: Mudsdale|def|1
|-damage|p2a: Necrozma|29/100|[from] item: Life Orb
|move|p1a: Mudsdale|Max Quake|p2a: Necrozma
|-supereffective|p2a: Necrozma
|-damage|p2a: Necrozma|0 fnt
|-boost|p1a: Mudsdale|spd|1
|faint|p2a: Necrozma
|
|upkeep
|
|t:|1663942118
|switch|p2a: Landorus|Landorus-Therian, M|100/100
|-ability|p2a: Landorus|Intimidate|boost
|-unboost|p1a: Mudsdale|atk|1
|turn|4
|
|t:|1663942129
|move|p2a: Landorus|Defog|p1a: Mudsdale
|-unboost|p1a: Mudsdale|evasion|1
|-sideend|p2: Hhhhhhhhhhhhx|Sticky Web|[from] move: Defog|[of] p2a: Landorus
|move|p1a: Mudsdale|Max Steelspike|p2a: Landorus
|-damage|p2a: Landorus|76/100
|-boost|p1a: Mudsdale|def|1
|
|upkeep
|turn|5
|
|t:|1663942137
|move|p2a: Landorus|Stealth Rock|p1a: Mudsdale
|-sidestart|p1: TropIsCool69|move: Stealth Rock
|move|p1a: Mudsdale|Max Steelspike|p2a: Landorus
|-damage|p2a: Landorus|51/100
|-boost|p1a: Mudsdale|def|1
|
|upkeep
|-end|p1a: Mudsdale|Dynamax
|-heal|p1a: Mudsdale|64/100|[silent]
|turn|6
|
|t:|1663942147
|move|p2a: Landorus|U-turn|p1a: Mudsdale
|-damage|p1a: Mudsdale|57/100
|-ability|p1a: Mudsdale|Stamina|boost
|-boost|p1a: Mudsdale|def|1
|
|t:|1663942162
|switch|p2a: Kyogre|Kyogre|100/100|[from]move: U-turn
|-weather|RainDance|[from] ability: Drizzle|[of] p2a: Kyogre
|move|p1a: Mudsdale|Body Press|p2a: Kyogre
|-damage|p2a: Kyogre|33/100
|
|-weather|RainDance|[upkeep]
|-heal|p2a: Kyogre|39/100|[from] item: Leftovers
|upkeep
|turn|7
|
|t:|1663942172
|move|p2a: Kyogre|Surf|p1a: Mudsdale
|-supereffective|p1a: Mudsdale
|-damage|p1a: Mudsdale|0 fnt
|faint|p1a: Mudsdale
|
|-weather|RainDance|[upkeep]
|-heal|p2a: Kyogre|45/100|[from] item: Leftovers
|upkeep
|
|t:|1663942180
|switch|p1a: Rillaboom|Rillaboom, M|100/100
|-damage|p1a: Rillaboom|88/100|[from] Stealth Rock
|-fieldstart|move: Grassy Terrain|[from] ability: Grassy Surge|[of] p1a: Rillaboom
|turn|8
|
|t:|1663942186
|switch|p2a: Landorus|Landorus-Therian, M|51/100
|-ability|p2a: Landorus|Intimidate|boost
|-unboost|p1a: Rillaboom|atk|1
|move|p1a: Rillaboom|Grassy Glide|p2a: Landorus
|-damage|p2a: Landorus|14/100
|
|-weather|RainDance|[upkeep]
|-heal|p1a: Rillaboom|94/100|[from] Grassy Terrain
|upkeep
|turn|9
|
|t:|1663942195
|move|p1a: Rillaboom|Grassy Glide|p2a: Landorus
|-damage|p2a: Landorus|0 fnt
|faint|p2a: Landorus
|
|-weather|RainDance|[upkeep]
|-heal|p1a: Rillaboom|100/100|[from] Grassy Terrain
|upkeep
|
|t:|1663942199
|switch|p2a: Zacian|Zacian-Crowned|100/100
|-ability|p2a: Zacian|Intrepid Sword|boost
|-boost|p2a: Zacian|atk|1
|turn|10
|
|t:|1663942207
|move|p1a: Rillaboom|Grassy Glide|p2a: Zacian
|-resisted|p2a: Zacian
|-damage|p2a: Zacian|76/100
|move|p2a: Zacian|Behemoth Blade|p1a: Rillaboom
|-damage|p1a: Rillaboom|10/100
|
|-weather|none
|-heal|p2a: Zacian|82/100|[from] Grassy Terrain
|-heal|p1a: Rillaboom|17/100|[from] Grassy Terrain
|upkeep
|turn|11
|
|t:|1663942217
|move|p1a: Rillaboom|Grassy Glide|p2a: Zacian
|-resisted|p2a: Zacian
|-damage|p2a: Zacian|59/100
|move|p2a: Zacian|Behemoth Blade|p1a: Rillaboom
|-damage|p1a: Rillaboom|0 fnt
|faint|p1a: Rillaboom
|
|-heal|p2a: Zacian|65/100|[from] Grassy Terrain
|upkeep
|
|t:|1663942228
|switch|p1a: Hawlucha|Hawlucha, M|100/100
|-damage|p1a: Hawlucha|88/100|[from] Stealth Rock
|-enditem|p1a: Hawlucha|Grassy Seed
|-boost|p1a: Hawlucha|def|1|[from] item: Grassy Seed
|turn|12
|
|t:|1663942236
|move|p1a: Hawlucha|Iron Head|p2a: Zacian
|-damage|p2a: Zacian|42/100
|cant|p2a: Zacian|flinch
|
|-heal|p2a: Zacian|48/100|[from] Grassy Terrain
|-fieldend|move: Grassy Terrain
|upkeep
|turn|13
|
|t:|1663942242
|move|p1a: Hawlucha|Fire Punch|p2a: Zacian
|-supereffective|p2a: Zacian
|-damage|p2a: Zacian|9/100
|move|p2a: Zacian|Play Rough|p1a: Hawlucha
|-supereffective|p1a: Hawlucha
|-damage|p1a: Hawlucha|0 fnt
|faint|p1a: Hawlucha
|
|upkeep
|
|t:|1663942250
|switch|p1a: Kyogre|Kyogre|100/100
|-damage|p1a: Kyogre|88/100|[from] Stealth Rock
|-weather|RainDance|[from] ability: Drizzle|[of] p1a: Kyogre
|turn|14
|
|t:|1663942265
|move|p1a: Kyogre|Thunder|p2a: Zacian
|-damage|p2a: Zacian|0 fnt
|faint|p2a: Zacian
|
|-weather|RainDance|[upkeep]
|upkeep
|
|t:|1663942280
|switch|p2a: Greninja|Greninja, M|100/100
|turn|15
|
|t:|1663942290
|move|p2a: Greninja|Water Shuriken|p1a: Kyogre
|-resisted|p1a: Kyogre
|-damage|p1a: Kyogre|82/100
|-resisted|p1a: Kyogre
|-damage|p1a: Kyogre|77/100
|-resisted|p1a: Kyogre
|-damage|p1a: Kyogre|72/100
|-resisted|p1a: Kyogre
|-damage|p1a: Kyogre|66/100
|-resisted|p1a: Kyogre
|-damage|p1a: Kyogre|60/100
|-hitcount|p1a: Kyogre|5
|move|p1a: Kyogre|Thunder|p2a: Greninja
|-supereffective|p2a: Greninja
|-damage|p2a: Greninja|0 fnt
|faint|p2a: Greninja
|
|-weather|RainDance|[upkeep]
|upkeep
|
|t:|1663942295
|switch|p2a: Kyogre|Kyogre|45/100
|turn|16
|
|t:|1663942306
|move|p1a: Kyogre|Thunder|p2a: Kyogre
|-supereffective|p2a: Kyogre
|-damage|p2a: Kyogre|0 fnt
|faint|p2a: Kyogre
|
|-weather|RainDance|[upkeep]
|upkeep
|-message|Hhhhhhhhhhhhx forfeited.
|
|win|TropIsCool69
|raw|TropIsCool69's rating: 1502 &rarr; <strong>1525</strong><br />(+23 for winning)
|raw|Hhhhhhhhhhhhx's rating: 1547 &rarr; <strong>1524</strong><br />(-23 for losing)
|l|☆Hhhhhhhhhhhhx
|j| Zeebruh
|l| Zeebruh
||Ladder isn't responding, score probably updated but might not have (Request timeout).
