|j|☆karakura_red
|j|☆chopforce8
|t:|1662205260
|gametype|singles
|player|p1|karakura_red|richboy|1682
|player|p2|chopforce8|red|1793
|teamsize|p1|6
|teamsize|p2|6
|gen|8
|tier|[Gen 8] National Dex AG
|rated|
|rule|HP Percentage Mod: HP is shown in percentages
|rule|Endless Battle Clause: Forcing endless battles is banned
|clearpoke
|poke|p1|Arceus-*|
|poke|p1|Arceus-*|
|poke|p1|Arceus-*|
|poke|p1|Arceus-*|
|poke|p1|Arceus-*|
|poke|p1|Arceus-*|
|poke|p2|Yveltal|
|poke|p2|Diancie|
|poke|p2|Calyrex-Shadow|
|poke|p2|Zacian-*|
|poke|p2|Ditto|
|poke|p2|Arceus-*|
|teampreview
|inactive|Battle timer is ON: inactive players will automatically lose when time's up. (requested by karakura_red)
|
|t:|1662205280
|start
|switch|p1a: Peace|Arceus|100/100
|switch|p2a: Harry Potter|Diancie|100/100
|turn|1
|
|t:|1662205285
|detailschange|p2a: Harry Potter|Diancie-Mega
|-mega|p2a: Harry Potter|Diancie|Diancite
|move|p2a: Harry Potter|Stealth Rock|p1a: Peace
|-sidestart|p1: karakura_red|move: Stealth Rock
|move|p1a: Peace|Light Screen|p1a: Peace
|-sidestart|p1: karakura_red|move: Light Screen
|
|upkeep
|turn|2
|
|t:|1662205290
|move|p2a: Harry Potter|Diamond Storm|p1a: Peace
|-crit|p1a: Peace
|-damage|p1a: Peace|60/100
|move|p1a: Peace|Reflect|p1a: Peace
|-sidestart|p1: karakura_red|Reflect
|
|upkeep
|turn|3
|
|t:|1662205296
|switch|p2a: Chess Wizard|Arceus-Flying|100/100
|move|p1a: Peace|Perish Song|p1a: Peace
|-start|p1a: Peace|perish3|[silent]
|-start|p2a: Chess Wizard|perish3|[silent]
|-fieldactivate|move: Perish Song
|
|-start|p2a: Chess Wizard|perish3
|-start|p1a: Peace|perish3
|upkeep
|turn|4
|
|t:|1662205308
|switch|p2a: Fluffy|Zacian-Crowned|100/100
|-ability|p2a: Fluffy|Intrepid Sword|boost
|-boost|p2a: Fluffy|atk|1
|move|p1a: Peace|Stealth Rock|p2a: Fluffy
|-sidestart|p2: chopforce8|move: Stealth Rock
|
|-start|p1a: Peace|perish2
|upkeep
|turn|5
|
|t:|1662205315
|switch|p1a: Gentleness|Arceus-Flying|100/100
|-damage|p1a: Gentleness|76/100|[from] Stealth Rock
|move|p2a: Fluffy|Swords Dance|p2a: Fluffy
|-boost|p2a: Fluffy|atk|2
|
|upkeep
|turn|6
|
|t:|1662205322
|move|p2a: Fluffy|Behemoth Blade|p1a: Gentleness
|-damage|p1a: Gentleness|32/100
|move|p1a: Gentleness|Judgment|p2a: Fluffy
|-resisted|p2a: Fluffy
|-damage|p2a: Fluffy|76/100
|
|upkeep
|turn|7
|
|t:|1662205328
|move|p2a: Fluffy|Swords Dance|p2a: Fluffy
|-boost|p2a: Fluffy|atk|2
|move|p1a: Gentleness|Judgment|p2a: Fluffy
|-resisted|p2a: Fluffy
|-damage|p2a: Fluffy|52/100
|
|upkeep
|turn|8
|
|t:|1662205334
|move|p2a: Fluffy|Substitute|p2a: Fluffy
|-start|p2a: Fluffy|Substitute
|-damage|p2a: Fluffy|27/100
|move|p1a: Gentleness|Judgment|p2a: Fluffy
|-resisted|p2a: Fluffy
|-activate|p2a: Fluffy|move: Substitute|[damage]
|
|-sideend|p1: karakura_red|move: Light Screen
|upkeep
|turn|9
|
|t:|1662205340
|move|p2a: Fluffy|Behemoth Blade|p1a: Gentleness
|-damage|p1a: Gentleness|0 fnt
|faint|p1a: Gentleness
|
|-sideend|p1: karakura_red|Reflect
|upkeep
|
|t:|1662205347
|switch|p1a: Kindness|Arceus|100/100
|-damage|p1a: Kindness|88/100|[from] Stealth Rock
|turn|10
|
|t:|1662205352
|move|p1a: Kindness|Extreme Speed|p2a: Fluffy
|-resisted|p2a: Fluffy
|-end|p2a: Fluffy|Substitute
|move|p2a: Fluffy|Behemoth Blade|p1a: Kindness
|-damage|p1a: Kindness|0 fnt
|faint|p1a: Kindness
|
|upkeep
|
|t:|1662205360
|switch|p1a: Joy|Arceus|100/100
|-damage|p1a: Joy|88/100|[from] Stealth Rock
|turn|11
|
|t:|1662205364
|move|p1a: Joy|Extreme Speed|p2a: Fluffy
|-resisted|p2a: Fluffy
|-damage|p2a: Fluffy|8/100
|move|p2a: Fluffy|Behemoth Blade|p1a: Joy
|-damage|p1a: Joy|0 fnt
|faint|p1a: Joy
|
|upkeep
|
|t:|1662205367
|switch|p1a: Patience|Arceus|100/100
|-damage|p1a: Patience|88/100|[from] Stealth Rock
|turn|12
|
|t:|1662205377
|move|p1a: Patience|Extreme Speed|p2a: Fluffy
|-resisted|p2a: Fluffy
|-damage|p2a: Fluffy|0 fnt
|faint|p2a: Fluffy
|
|upkeep
|
|t:|1662205388
|switch|p2a: Voldemort|Yveltal|100/100
|-damage|p2a: Voldemort|76/100|[from] Stealth Rock
|-ability|p2a: Voldemort|Dark Aura
|turn|13
|
|t:|1662205413
|move|p2a: Voldemort|Oblivion Wing|p1a: Patience
|-damage|p1a: Patience|47/100
|-heal|p2a: Voldemort|100/100|[from] drain|[of] p1a: Patience
|-damage|p2a: Voldemort|91/100|[from] item: Life Orb
|-zpower|p1a: Patience
|move|p1a: Patience|Breakneck Blitz|p2a: Voldemort|[zeffect]
|-damage|p2a: Voldemort|0 fnt
|faint|p2a: Voldemort
|
|upkeep
|
|t:|1662205426
|switch|p2a: Chess Wizard|Arceus-Flying|100/100
|-damage|p2a: Chess Wizard|76/100|[from] Stealth Rock
|turn|14
|
|t:|1662205437
|move|p2a: Chess Wizard|Calm Mind|p2a: Chess Wizard
|-boost|p2a: Chess Wizard|spa|1
|-boost|p2a: Chess Wizard|spd|1
|move|p1a: Patience|Swords Dance|p1a: Patience
|-boost|p1a: Patience|atk|2
|
|upkeep
|turn|15
|
|t:|1662205443
|-start|p2a: Chess Wizard|Dynamax|
|-heal|p2a: Chess Wizard|76/100|[silent]
|move|p1a: Patience|Extreme Speed|p2a: Chess Wizard
|-damage|p2a: Chess Wizard|46/100
|move|p2a: Chess Wizard|Max Airstream|p1a: Patience
|-damage|p1a: Patience|0 fnt
|-boost|p2a: Chess Wizard|spe|1
|faint|p1a: Patience
|
|upkeep
|
|t:|1662205447
|switch|p1a: Peace|Arceus|60/100
|-damage|p1a: Peace|48/100|[from] Stealth Rock
|turn|16
|
|t:|1662205456
|move|p2a: Chess Wizard|Max Airstream|p1a: Peace
|-damage|p1a: Peace|0 fnt
|-boost|p2a: Chess Wizard|spe|1
|faint|p1a: Peace
|
|upkeep
|-message|karakura_red forfeited.
|
|win|chopforce8
|raw|karakura_red's rating: 1682 &rarr; <strong>1668</strong><br />(-14 for losing)
|raw|chopforce8's rating: 1793 &rarr; <strong>1807</strong><br />(+14 for winning)
|l|☆karakura_red
|l|☆chopforce8
||Ladder isn't responding, score probably updated but might not have (Request timeout).
