|j|☆AnimeZZZZ5
|j|☆CLEAR GEM清瑜
|t:|1622362549
|gametype|singles
|player|p1|AnimeZZZZ5|bugcatcher|1816
|player|p2|CLEAR GEM清瑜|skierf|1676
|teamsize|p1|6
|teamsize|p2|6
|gen|8
|tier|[Gen 8] National Dex AG
|rated|
|rule|HP Percentage Mod: HP is shown in percentages
|rule|Endless Battle Clause: Forcing endless battles is banned
|clearpoke
|poke|p1|Regieleki|
|poke|p1|Kyurem-Black|
|poke|p1|Ditto|
|poke|p1|Lunala|
|poke|p1|Calyrex-Ice|
|poke|p1|Arceus-*|
|poke|p2|Rayquaza|
|poke|p2|Groudon|
|poke|p2|Zacian-*|
|poke|p2|Kyurem-Black|
|poke|p2|Groudon|
|poke|p2|Yveltal|
|teampreview
|inactive|Battle timer is ON: inactive players will automatically lose when time's up. (requested by CLEAR GEM清瑜)
|inactive|AnimeZZZZ5 has 120 seconds left.
|
|t:|1622362584
|start
|switch|p1a: Arceus|Arceus-Fairy|100/100
|switch|p2a: Groudon|Groudon|100/100
|detailschange|p2a: Groudon|Groudon-Primal
|-primal|p2a: Groudon
|-weather|DesolateLand|[from] ability: Desolate Land|[of] p2a: Groudon
|turn|1
|
|t:|1622362589
|move|p1a: Arceus|Toxic|p2a: Groudon
|-status|p2a: Groudon|tox
|move|p2a: Groudon|Stealth Rock|p1a: Arceus
|-sidestart|p1: AnimeZZZZ5|move: Stealth Rock
|
|-weather|DesolateLand|[upkeep]
|-damage|p2a: Groudon|94/100 tox|[from] psn
|upkeep
|turn|2
|
|t:|1622362598
|move|p1a: Arceus|Stealth Rock|p2a: Groudon
|-sidestart|p2: CLEAR GEM清瑜|move: Stealth Rock
|move|p2a: Groudon|Precipice Blades|p1a: Arceus
|-damage|p1a: Arceus|50/100
|
|-weather|DesolateLand|[upkeep]
|-damage|p2a: Groudon|82/100 tox|[from] psn
|upkeep
|turn|3
|
|t:|1622362605
|move|p1a: Arceus|Recover|p1a: Arceus
|-heal|p1a: Arceus|100/100
|move|p2a: Groudon|Precipice Blades|p1a: Arceus|[miss]
|-miss|p2a: Groudon|p1a: Arceus
|
|-weather|DesolateLand|[upkeep]
|-damage|p2a: Groudon|63/100 tox|[from] psn
|upkeep
|turn|4
|
|t:|1622362609
|move|p1a: Arceus|Recover||[still]
|-fail|p1a: Arceus|heal
|move|p2a: Groudon|Roar|p1a: Arceus
|drag|p1a: Regieleki|Regieleki|100/100
|-damage|p1a: Regieleki|88/100|[from] Stealth Rock
|
|-weather|DesolateLand|[upkeep]
|-damage|p2a: Groudon|39/100 tox|[from] psn
|upkeep
|turn|5
|
|t:|1622362616
|switch|p1a: Arceus|Arceus-Fairy|100/100
|-damage|p1a: Arceus|88/100|[from] Stealth Rock
|move|p2a: Groudon|Heat Crash|p1a: Arceus
|-damage|p1a: Arceus|35/100
|
|-weather|DesolateLand|[upkeep]
|-damage|p2a: Groudon|8/100 tox|[from] psn
|upkeep
|turn|6
|
|t:|1622362621
|move|p1a: Arceus|Recover|p1a: Arceus
|-heal|p1a: Arceus|85/100
|move|p2a: Groudon|Heat Crash|p1a: Arceus
|-damage|p1a: Arceus|28/100
|
|-weather|DesolateLand|[upkeep]
|-damage|p2a: Groudon|0 fnt|[from] psn
|faint|p2a: Groudon
|-weather|none
|upkeep
|
|t:|1622362625
|switch|p2a: Zacian|Zacian-Crowned|100/100
|-damage|p2a: Zacian|94/100|[from] Stealth Rock
|-ability|p2a: Zacian|Intrepid Sword|boost
|-boost|p2a: Zacian|atk|1
|turn|7
|
|t:|1622362632
|move|p2a: Zacian|Play Rough|p1a: Arceus
|-damage|p1a: Arceus|0 fnt
|faint|p1a: Arceus
|
|upkeep
|
|t:|1622362638
|switch|p1a: Regieleki|Regieleki|88/100
|-damage|p1a: Regieleki|76/100|[from] Stealth Rock
|turn|8
|
|t:|1622362640
|move|p1a: Regieleki|Reflect|p1a: Regieleki
|-sidestart|p1: AnimeZZZZ5|Reflect
|move|p2a: Zacian|Play Rough|p1a: Regieleki
|-damage|p1a: Regieleki|3/100
|
|upkeep
|turn|9
|
|t:|1622362642
|move|p2a: Zacian|Quick Attack|p1a: Regieleki
|-damage|p1a: Regieleki|0 fnt
|faint|p1a: Regieleki
|
|upkeep
|
|t:|1622362647
|switch|p1a: Calyrex|Calyrex-Ice|100/100
|-ability|p1a: Calyrex|As One
|-ability|p1a: Calyrex|Unnerve
|-damage|p1a: Calyrex|75/100|[from] Stealth Rock
|turn|10
|
|t:|1622362651
|move|p2a: Zacian|Behemoth Blade|p1a: Calyrex
|-supereffective|p1a: Calyrex
|-damage|p1a: Calyrex|20/100
|-enditem|p1a: Calyrex|Weakness Policy
|-boost|p1a: Calyrex|atk|2|[from] item: Weakness Policy
|-boost|p1a: Calyrex|spa|2|[from] item: Weakness Policy
|move|p1a: Calyrex|Trick Room|p1a: Calyrex
|-fieldstart|move: Trick Room|[of] p1a: Calyrex
|
|upkeep
|turn|11
|
|t:|1622362658
|-start|p1a: Calyrex|Dynamax
|-heal|p1a: Calyrex|20/100|[silent]
|move|p2a: Zacian|Quick Attack|p1a: Calyrex
|-damage|p1a: Calyrex|16/100
|move|p1a: Calyrex|Max Mindstorm|p2a: Zacian
|-resisted|p2a: Zacian
|-damage|p2a: Zacian|22/100
|-fieldstart|move: Psychic Terrain
|
|upkeep
|turn|12
|
|t:|1622362669
|move|p2a: Zacian|Quick Attack|p1a: Calyrex
|-activate|p1a: Calyrex|move: Psychic Terrain
|move|p1a: Calyrex|Max Knuckle|p2a: Zacian
|-damage|p2a: Zacian|0 fnt
|-boost|p1a: Calyrex|atk|1
|faint|p2a: Zacian
|-ability|p1a: Calyrex|Chilling Neigh|boost
|-boost|p1a: Calyrex|atk|1
|
|upkeep
|
|t:|1622362672
|switch|p2a: Rayquaza|Rayquaza|100/100
|-damage|p2a: Rayquaza|76/100|[from] Stealth Rock
|-ability|p2a: Rayquaza|Air Lock
|turn|13
|
|t:|1622362675
|detailschange|p2a: Rayquaza|Rayquaza-Mega
|-mega|p2a: Rayquaza|Rayquaza|
|-weather|DeltaStream|[from] ability: Delta Stream|[of] p2a: Rayquaza
|move|p1a: Calyrex|Max Hailstorm|p2a: Rayquaza
|-activate||deltastream
|-supereffective|p2a: Rayquaza
|-damage|p2a: Rayquaza|0 fnt
|faint|p2a: Rayquaza
|-weather|none
|-ability|p1a: Calyrex|Chilling Neigh|boost
|-boost|p1a: Calyrex|atk|1
|
|-end|p1a: Calyrex|Dynamax
|-heal|p1a: Calyrex|17/100|[silent]
|upkeep
|
|t:|1622362679
|switch|p2a: Groudon|Groudon|100/100
|-damage|p2a: Groudon|94/100|[from] Stealth Rock
|detailschange|p2a: Groudon|Groudon-Primal
|-primal|p2a: Groudon
|-weather|DesolateLand|[from] ability: Desolate Land|[of] p2a: Groudon
|turn|14
|
|t:|1622362683
|move|p1a: Calyrex|Glacial Lance|p2a: Groudon
|-damage|p2a: Groudon|0 fnt
|faint|p2a: Groudon
|-weather|none
|-ability|p1a: Calyrex|Chilling Neigh|boost
|-boost|p1a: Calyrex|atk|1
|
|-fieldend|move: Trick Room
|upkeep
|
|t:|1622362686
|switch|p2a: Yveltal|Yveltal|100/100
|-damage|p2a: Yveltal|76/100|[from] Stealth Rock
|-ability|p2a: Yveltal|Dark Aura
|turn|15
|
|t:|1622362688
|-start|p2a: Yveltal|Dynamax
|-heal|p2a: Yveltal|76/100|[silent]
|move|p2a: Yveltal|Max Airstream|p1a: Calyrex
|-damage|p1a: Calyrex|0 fnt
|-boost|p2a: Yveltal|spe|1
|faint|p1a: Calyrex
|
|-sideend|p1: AnimeZZZZ5|Reflect
|-fieldend|move: Psychic Terrain
|upkeep
|
|t:|1622362695
|switch|p1a: Kyurem|Kyurem-Black|100/100
|-damage|p1a: Kyurem|75/100|[from] Stealth Rock
|-ability|p1a: Kyurem|Teravolt
|turn|16
|
|t:|1622362697
|move|p2a: Yveltal|Max Darkness|p1a: Kyurem
|-damage|p1a: Kyurem|0 fnt
|faint|p1a: Kyurem
|
|upkeep
|
|t:|1622362700
|switch|p1a: Lunala|Lunala|100/100
|-damage|p1a: Lunala|88/100|[from] Stealth Rock
|turn|17
|j| fighter-noddy
|
|t:|1622362702
|move|p2a: Yveltal|Max Darkness|p1a: Lunala
|-supereffective|p1a: Lunala
|-damage|p1a: Lunala|0 fnt
|faint|p1a: Lunala
|
|-end|p2a: Yveltal|Dynamax
|-heal|p2a: Yveltal|76/100|[silent]
|upkeep
|
|t:|1622362705
|switch|p1a: Ditto|Ditto|100/100
|-damage|p1a: Ditto|88/100|[from] Stealth Rock
|-transform|p1a: Ditto|p2a: Yveltal|[from] ability: Imposter
|-ability|p1a: Ditto|Dark Aura
|turn|18
|
|t:|1622362707
|move|p1a: Ditto|Oblivion Wing|p2a: Yveltal
|-damage|p2a: Yveltal|35/100
|-heal|p1a: Ditto|100/100|[from] drain|[of] p2a: Yveltal
|move|p2a: Yveltal|Oblivion Wing|p1a: Ditto
|-damage|p1a: Ditto|46/100
|-heal|p2a: Yveltal|65/100|[from] drain|[of] p1a: Ditto
|
|upkeep
|turn|19
|
|t:|1622362710
|move|p1a: Ditto|Oblivion Wing|p2a: Yveltal
|-damage|p2a: Yveltal|27/100
|-heal|p1a: Ditto|84/100|[from] drain|[of] p2a: Yveltal
|move|p2a: Yveltal|Oblivion Wing|p1a: Ditto
|-damage|p1a: Ditto|33/100
|-heal|p2a: Yveltal|56/100|[from] drain|[of] p1a: Ditto
|
|upkeep
|turn|20
|
|t:|1622362713
|move|p1a: Ditto|Oblivion Wing|p2a: Yveltal
|-damage|p2a: Yveltal|17/100
|-heal|p1a: Ditto|71/100|[from] drain|[of] p2a: Yveltal
|move|p2a: Yveltal|Oblivion Wing|p1a: Ditto
|-damage|p1a: Ditto|18/100
|-heal|p2a: Yveltal|47/100|[from] drain|[of] p1a: Ditto
|
|upkeep
|turn|21
|
|t:|1622362716
|move|p1a: Ditto|Oblivion Wing|p2a: Yveltal
|-damage|p2a: Yveltal|6/100
|-heal|p1a: Ditto|59/100|[from] drain|[of] p2a: Yveltal
|move|p2a: Yveltal|Oblivion Wing|p1a: Ditto
|-damage|p1a: Ditto|10/100
|-heal|p2a: Yveltal|34/100|[from] drain|[of] p1a: Ditto
|
|upkeep
|turn|22
|
|t:|1622362719
|move|p1a: Ditto|Oblivion Wing|p2a: Yveltal
|-damage|p2a: Yveltal|0 fnt
|-heal|p1a: Ditto|43/100|[from] drain|[of] p2a: Yveltal
|faint|p2a: Yveltal
|
|upkeep
|
|t:|1622362721
|switch|p2a: Kyurem|Kyurem-Black|100/100
|-ability|p2a: Kyurem|Teravolt
|turn|23
|-message|AnimeZZZZ5 forfeited.
|
|win|CLEAR GEM清瑜
|raw|AnimeZZZZ5's rating: 1816 &rarr; <strong>1788</strong><br />(-28 for losing)
|raw|CLEAR GEM清瑜's rating: 1676 &rarr; <strong>1704</strong><br />(+28 for winning)
|l|☆AnimeZZZZ5
