|j|☆KANN ar KANN
|j|☆CLEAR GEM清瑜
|t:|1662801927
|gametype|singles
|player|p1|KANN ar KANN|2|1729
|player|p2|CLEAR GEM清瑜|skierf|1863
|teamsize|p1|6
|teamsize|p2|6
|gen|8
|tier|[Gen 8] National Dex AG
|rated|
|rule|HP Percentage Mod: HP is shown in percentages
|rule|Endless Battle Clause: Forcing endless battles is banned
|clearpoke
|poke|p1|Zacian-*|
|poke|p1|Kyogre|
|poke|p1|Xerneas-*|
|poke|p1|Marshadow|
|poke|p1|Ditto|
|poke|p1|Rayquaza|
|poke|p2|Rayquaza|
|poke|p2|Groudon|
|poke|p2|Necrozma-Dusk-Mane|
|poke|p2|Arceus-*|
|poke|p2|Zacian-*|
|poke|p2|Yveltal|
|teampreview
|inactive|Battle timer is ON: inactive players will automatically lose when time's up. (requested by CLEAR GEM清瑜)
|c|☆KANN ar KANN|hf
|
|t:|1662801940
|start
|switch|p1a: Deeeeeey boiiiii|Rayquaza|100/100
|switch|p2a: 不会(?)|Groudon|100/100
|-ability|p1a: Deeeeeey boiiiii|Air Lock
|detailschange|p2a: 不会(?)|Groudon-Primal
|-primal|p2a: 不会(?)
|-weather|DesolateLand|[from] ability: Desolate Land|[of] p2a: 不会(?)
|turn|1
|
|t:|1662801943
|detailschange|p1a: Deeeeeey boiiiii|Rayquaza-Mega
|-mega|p1a: Deeeeeey boiiiii|Rayquaza|
|-weather|DeltaStream|[from] ability: Delta Stream|[of] p1a: Deeeeeey boiiiii
|move|p1a: Deeeeeey boiiiii|Waterfall|p2a: 不会(?)
|-supereffective|p2a: 不会(?)
|-damage|p2a: 不会(?)|0 fnt
|faint|p2a: 不会(?)
|-damage|p1a: Deeeeeey boiiiii|91/100|[from] item: Life Orb
|
|-weather|DeltaStream|[upkeep]
|upkeep
|
|t:|1662801949
|switch|p2a: 嘉然小姐的狗|Zacian-Crowned|100/100
|-ability|p2a: 嘉然小姐的狗|Intrepid Sword|boost
|-boost|p2a: 嘉然小姐的狗|atk|1
|turn|2
|
|t:|1662801956
|move|p1a: Deeeeeey boiiiii|V-create|p2a: 嘉然小姐的狗|[miss]
|-miss|p1a: Deeeeeey boiiiii|p2a: 嘉然小姐的狗
|move|p2a: 嘉然小姐的狗|Behemoth Blade|p1a: Deeeeeey boiiiii
|-damage|p1a: Deeeeeey boiiiii|0 fnt
|faint|p1a: Deeeeeey boiiiii
|-weather|none
|
|upkeep
|
|t:|1662801960
|switch|p1a: Barbatruc|Ditto, shiny|100/100
|-transform|p1a: Barbatruc|p2a: 嘉然小姐的狗|[from] ability: Imposter
|-ability|p1a: Barbatruc|Intrepid Sword|boost
|-boost|p1a: Barbatruc|atk|1
|turn|3
|
|t:|1662801963
|switch|p2a: 钢铁之躯|Necrozma-Dusk-Mane|100/100
|move|p1a: Barbatruc|Behemoth Blade|p2a: 钢铁之躯
|-resisted|p2a: 钢铁之躯
|-damage|p2a: 钢铁之躯|57/100
|
|upkeep
|turn|4
|
|t:|1662801965
|move|p1a: Barbatruc|Behemoth Blade|p2a: 钢铁之躯
|-resisted|p2a: 钢铁之躯
|-damage|p2a: 钢铁之躯|11/100
|move|p2a: 钢铁之躯|Earthquake|p1a: Barbatruc
|-supereffective|p1a: Barbatruc
|-damage|p1a: Barbatruc|0 fnt
|faint|p1a: Barbatruc
|
|upkeep
|
|t:|1662801973
|switch|p1a: KIKI|Kyogre|100/100
|-weather|RainDance|[from] ability: Drizzle|[of] p1a: KIKI
|turn|5
|
|t:|1662801977
|move|p1a: KIKI|Water Spout|p2a: 钢铁之躯
|-damage|p2a: 钢铁之躯|0 fnt
|faint|p2a: 钢铁之躯
|
|-weather|RainDance|[upkeep]
|upkeep
|
|t:|1662801979
|switch|p2a: 老烈|Rayquaza|100/100
|-ability|p2a: 老烈|Air Lock
|turn|6
|
|t:|1662801985
|detailschange|p2a: 老烈|Rayquaza-Mega
|-mega|p2a: 老烈|Rayquaza|
|-weather|DeltaStream|[from] ability: Delta Stream|[of] p2a: 老烈
|-start|p1a: KIKI|Dynamax|
|-heal|p1a: KIKI|100/100|[silent]
|move|p2a: 老烈|Dragon Dance|p2a: 老烈
|-boost|p2a: 老烈|atk|1
|-boost|p2a: 老烈|spe|1
|move|p1a: KIKI|Max Hailstorm|p2a: 老烈
|-activate||deltastream
|-supereffective|p2a: 老烈
|-damage|p2a: 老烈|12/100
|
|-weather|DeltaStream|[upkeep]
|upkeep
|turn|7
|
|t:|1662801997
|move|p2a: 老烈|Dragon Ascent|p1a: KIKI
|-damage|p1a: KIKI|29/100
|-unboost|p2a: 老烈|def|1
|-unboost|p2a: 老烈|spd|1
|move|p1a: KIKI|Max Geyser|p2a: 老烈
|-resisted|p2a: 老烈
|-damage|p2a: 老烈|0 fnt
|-weather|RainDance
|faint|p2a: 老烈
|
|-weather|RainDance|[upkeep]
|upkeep
|
|t:|1662802007
|switch|p2a: 悬空羊驼|Arceus-Flying|100/100
|turn|8
|
|t:|1662802010
|-start|p2a: 悬空羊驼|Dynamax|
|-heal|p2a: 悬空羊驼|100/100|[silent]
|move|p2a: 悬空羊驼|Max Airstream|p1a: KIKI
|-damage|p1a: KIKI|0 fnt
|-boost|p2a: 悬空羊驼|spe|1
|faint|p1a: KIKI
|
|-weather|RainDance|[upkeep]
|upkeep
|
|t:|1662802018
|switch|p1a: XEU|Xerneas|100/100
|-ability|p1a: XEU|Fairy Aura
|turn|9
|
|t:|1662802021
|move|p2a: 悬空羊驼|Max Airstream|p1a: XEU
|-damage|p1a: XEU|39/100
|-boost|p2a: 悬空羊驼|spe|1
|move|p1a: XEU|Thunder Wave|p2a: 悬空羊驼
|-status|p2a: 悬空羊驼|par
|
|-weather|RainDance|[upkeep]
|upkeep
|turn|10
|
|t:|1662802029
|move|p2a: 悬空羊驼|Max Airstream|p1a: XEU
|-damage|p1a: XEU|0 fnt
|-boost|p2a: 悬空羊驼|spe|1
|faint|p1a: XEU
|
|-weather|RainDance|[upkeep]
|upkeep
|
|t:|1662802032
|switch|p1a: Faith gang|Marshadow|100/100
|-end|p2a: 悬空羊驼|Dynamax
|-heal|p2a: 悬空羊驼|100/100 par|[silent]
|turn|11
|
|t:|1662802034
|move|p1a: Faith gang|Spectral Thief||[still]
|-clearpositiveboost|p2a: 悬空羊驼|p1a: Faith gang|move: Spectral Thief
|-boost|p1a: Faith gang|spe|3
|-anim|p1a: Faith gang|Spectral Thief|p2a: 悬空羊驼
|-damage|p2a: 悬空羊驼|68/100 par
|cant|p2a: 悬空羊驼|par
|
|-weather|none
|upkeep
|turn|12
|
|t:|1662802044
|move|p1a: Faith gang|Spectral Thief|p2a: 悬空羊驼
|-damage|p2a: 悬空羊驼|34/100 par
|move|p2a: 悬空羊驼|Judgment|p1a: Faith gang
|-supereffective|p1a: Faith gang
|-enditem|p1a: Faith gang|Focus Sash
|-damage|p1a: Faith gang|1/100
|
|upkeep
|turn|13
|
|t:|1662802051
|move|p1a: Faith gang|Spectral Thief|p2a: 悬空羊驼
|-crit|p2a: 悬空羊驼
|-damage|p2a: 悬空羊驼|0 fnt
|faint|p2a: 悬空羊驼
|
|upkeep
|
|t:|1662802054
|switch|p2a: Y鸟|Yveltal|100/100
|-ability|p2a: Y鸟|Dark Aura
|turn|14
|
|t:|1662802057
|move|p1a: Faith gang|Endeavor|p2a: Y鸟
|-damage|p2a: Y鸟|1/100
|move|p2a: Y鸟|Oblivion Wing|p1a: Faith gang
|-supereffective|p1a: Faith gang
|-damage|p1a: Faith gang|0 fnt
|-heal|p2a: Y鸟|1/100|[from] drain|[of] p1a: Faith gang
|faint|p1a: Faith gang
|-damage|p2a: Y鸟|0 fnt|[from] item: Life Orb
|faint|p2a: Y鸟
|
|upkeep
|
|t:|1662802062
|switch|p1a: Skilos|Zacian-Crowned, shiny|100/100
|switch|p2a: 嘉然小姐的狗|Zacian-Crowned|100/100
|-ability|p1a: Skilos|Intrepid Sword|boost
|-boost|p1a: Skilos|atk|1
|-ability|p2a: 嘉然小姐的狗|Intrepid Sword|boost
|-boost|p2a: 嘉然小姐的狗|atk|1
|turn|15
|
|t:|1662802064
|move|p1a: Skilos|Behemoth Blade|p2a: 嘉然小姐的狗
|-damage|p2a: 嘉然小姐的狗|26/100
|move|p2a: 嘉然小姐的狗|Behemoth Blade|p1a: Skilos
|-damage|p1a: Skilos|9/100
|
|upkeep
|turn|16
|
|t:|1662802071
|move|p2a: 嘉然小姐的狗|Quick Attack|p1a: Skilos
|-resisted|p1a: Skilos
|-damage|p1a: Skilos|0 fnt
|faint|p1a: Skilos
|
|win|CLEAR GEM清瑜
|raw|KANN ar KANN's rating: 1729 &rarr; <strong>1716</strong><br />(-13 for losing)
|raw|CLEAR GEM清瑜's rating: 1863 &rarr; <strong>1876</strong><br />(+13 for winning)
