|j|☆85792195wwww
|j|☆OnMaWa
|player|p1|85792195wwww|lady|1837
|player|p2|OnMaWa|psychic-gen4|1769
|teamsize|p1|6
|teamsize|p2|6
|gametype|singles
|gen|8
|tier|[Gen 8] National Dex AG
|rated|
|clearpoke
|poke|p1|Rayquaza|
|poke|p1|Zacian-Crowned|
|poke|p1|Ditto|
|poke|p1|Kyogre|
|poke|p1|Excadrill, F|
|poke|p1|Arceus-*|
|poke|p2|Arceus-*|
|poke|p2|Xerneas|
|poke|p2|Lugia|
|poke|p2|Zacian-Crowned|
|poke|p2|Necrozma-Dusk-Mane|
|poke|p2|Groudon|
|rule|HP Percentage Mod: HP is shown in percentages
|rule|Endless Battle Clause: Forcing endless battles is banned
|teampreview
|
|start
|switch|p1a: Zacian|Zacian-Crowned|100/100
|switch|p2a: Zacian|Zacian-Crowned|100/100
|-ability|p2a: Zacian|Intrepid Sword|boost
|-boost|p2a: Zacian|atk|1
|-ability|p1a: Zacian|Intrepid Sword|boost
|-boost|p1a: Zacian|atk|1
|turn|1
|
|move|p2a: Zacian|Behemoth Blade|p1a: Zacian
|-damage|p1a: Zacian|13/100
|move|p1a: Zacian|Close Combat|p2a: Zacian
|-damage|p2a: Zacian|29/100
|-unboost|p1a: Zacian|def|1
|-unboost|p1a: Zacian|spd|1
|
|upkeep
|turn|2
|
|move|p2a: Zacian|Close Combat|p1a: Zacian
|-damage|p1a: Zacian|0 fnt
|-unboost|p2a: Zacian|def|1
|-unboost|p2a: Zacian|spd|1
|faint|p1a: Zacian
|
|upkeep
|
|switch|p1a: Excadrill|Excadrill, F|100/100
|-ability|p1a: Excadrill|Mold Breaker
|turn|3
|inactive|Battle timer is ON: inactive players will automatically lose when time's up. (requested by 85792195wwww)
|
|move|p2a: Zacian|Close Combat|p1a: Excadrill
|-supereffective|p1a: Excadrill
|-enditem|p1a: Excadrill|Focus Sash
|-damage|p1a: Excadrill|1/100
|-unboost|p2a: Zacian|def|1
|-unboost|p2a: Zacian|spd|1
|move|p1a: Excadrill|Rapid Spin|p2a: Zacian
|-resisted|p2a: Zacian
|-damage|p2a: Zacian|14/100
|-boost|p1a: Excadrill|spe|1
|
|upkeep
|turn|4
|inactive|OnMaWa has 120 seconds left.
|
|move|p1a: Excadrill|Earthquake|p2a: Zacian
|-supereffective|p2a: Zacian
|-damage|p2a: Zacian|0 fnt
|faint|p2a: Zacian
|
|upkeep
|
|switch|p2a: Arceus|Arceus|100/100
|turn|5
|
|move|p2a: Arceus|Extreme Speed|p1a: Excadrill
|-resisted|p1a: Excadrill
|-damage|p1a: Excadrill|0 fnt
|faint|p1a: Excadrill
|
|upkeep
|
|switch|p1a: Arceus|Arceus|100/100
|turn|6
|inactive|OnMaWa has 120 seconds left.
|inactive|OnMaWa has 90 seconds left.
|
|move|p1a: Arceus|Swords Dance|p1a: Arceus
|-boost|p1a: Arceus|atk|2
|move|p2a: Arceus|Swords Dance|p2a: Arceus
|-boost|p2a: Arceus|atk|2
|
|upkeep
|turn|7
|
|-start|p1a: Arceus|Dynamax
|-heal|p1a: Arceus|100/100|[silent]
|-start|p2a: Arceus|Dynamax
|-heal|p2a: Arceus|100/100|[silent]
|move|p1a: Arceus|Max Strike|p2a: Arceus
|-damage|p2a: Arceus|45/100
|-unboost|p2a: Arceus|spe|1
|-damage|p1a: Arceus|96/100|[from] item: Life Orb
|move|p2a: Arceus|Max Strike|p1a: Arceus
|-damage|p1a: Arceus|36/100
|-unboost|p1a: Arceus|spe|1
|
|upkeep
|turn|8
|
|move|p2a: Arceus|Max Guard|p2a: Arceus
|-singleturn|p2a: Arceus|Max Guard
|move|p1a: Arceus|Max Strike|p2a: Arceus
|-activate|p2a: Arceus|move: Max Guard
|
|upkeep
|turn|9
|inactive|OnMaWa has 60 seconds left.
|
|move|p1a: Arceus|Max Strike|p2a: Arceus
|-crit|p2a: Arceus
|-damage|p2a: Arceus|0 fnt
|-damage|p1a: Arceus|31/100|[from] item: Life Orb
|faint|p2a: Arceus
|
|-end|p1a: Arceus|Dynamax
|-heal|p1a: Arceus|31/100|[silent]
|upkeep
|
|switch|p2a: Necrozma|Necrozma-Dusk-Mane|100/100
|turn|10
|
|move|p1a: Arceus|Earthquake|p2a: Necrozma
|-supereffective|p2a: Necrozma
|-damage|p2a: Necrozma|0 fnt
|-damage|p1a: Arceus|21/100|[from] item: Life Orb
|faint|p2a: Necrozma
|
|upkeep
|
|switch|p2a: Lugia|Lugia|100/100
|turn|11
|inactive|OnMaWa has 30 seconds left.
|
|move|p1a: Arceus|Extreme Speed|p2a: Lugia
|-crit|p2a: Lugia
|-damage|p2a: Lugia|59/100
|-damage|p1a: Arceus|12/100|[from] item: Life Orb
|move|p2a: Lugia|Roost|p2a: Lugia
|-heal|p2a: Lugia|100/100
|-singleturn|p2a: Lugia|move: Roost
|
|upkeep
|turn|12
|inactive|OnMaWa has 30 seconds left.
|inactive|OnMaWa has 20 seconds left.
|
|move|p1a: Arceus|Swords Dance|p1a: Arceus
|-boost|p1a: Arceus|atk|2
|move|p2a: Lugia|Whirlwind|p1a: Arceus
|drag|p1a: Rayquaza|Rayquaza|100/100
|-ability|p1a: Rayquaza|Air Lock
|
|upkeep
|turn|13
|inactive|OnMaWa has 30 seconds left this turn.
|
|switch|p1a: Arceus|Arceus|12/100
|move|p2a: Lugia|Toxic|p1a: Arceus|[miss]
|-miss|p2a: Lugia|p1a: Arceus
|
|upkeep
|turn|14
|inactive|OnMaWa has 30 seconds left.
|
|move|p1a: Arceus|Swords Dance|p1a: Arceus
|-boost|p1a: Arceus|atk|2
|move|p2a: Lugia|Toxic|p1a: Arceus
|-status|p1a: Arceus|tox
|
|-damage|p1a: Arceus|5/100 tox|[from] psn
|upkeep
|turn|15
|
|switch|p1a: Ditto|Ditto|100/100
|-transform|p1a: Ditto|p2a: Lugia|[from] ability: Imposter
|move|p2a: Lugia|Roost||[still]
|-fail|p2a: Lugia|heal
|
|upkeep
|turn|16
|inactive|OnMaWa has 30 seconds left.
|
|move|p1a: Ditto|Toxic|p2a: Lugia
|-status|p2a: Lugia|tox
|move|p2a: Lugia|Thunder Wave|p1a: Ditto
|-status|p1a: Ditto|par
|
|-damage|p2a: Lugia|94/100 tox|[from] psn
|upkeep
|turn|17
|inactive|OnMaWa has 30 seconds left.
|
|switch|p2a: Xerneas|Xerneas, shiny|100/100
|-ability|p2a: Xerneas|Fairy Aura
|switch|p1a: Arceus|Arceus|5/100 tox
|
|-damage|p1a: Arceus|0 fnt|[from] psn
|faint|p1a: Arceus
|upkeep
|
|switch|p1a: Rayquaza|Rayquaza|100/100
|-ability|p1a: Rayquaza|Air Lock
|turn|18
|inactive|OnMaWa has 30 seconds left.
|inactive|OnMaWa has 20 seconds left.
|inactive|OnMaWa has 15 seconds left.
|
|detailschange|p1a: Rayquaza|Rayquaza-Mega
|-mega|p1a: Rayquaza|Rayquaza|
|-weather|DeltaStream|[from] ability: Delta Stream|[of] p1a: Rayquaza
|move|p1a: Rayquaza|Dragon Ascent|p2a: Xerneas
|-damage|p2a: Xerneas|8/100
|-unboost|p1a: Rayquaza|def|1
|-unboost|p1a: Rayquaza|spd|1
|-damage|p1a: Rayquaza|91/100|[from] item: Life Orb
|move|p2a: Xerneas|Moonblast|p1a: Rayquaza
|-supereffective|p1a: Rayquaza
|-damage|p1a: Rayquaza|0 fnt
|faint|p1a: Rayquaza
|-weather|none
|
|upkeep
|inactive|OnMaWa has 20 seconds left this turn.
|
|switch|p1a: Kyogre|Kyogre|100/100
|detailschange|p1a: Kyogre|Kyogre-Primal
|-primal|p1a: Kyogre
|-weather|PrimordialSea|[from] ability: Primordial Sea|[of] p1a: Kyogre
|turn|19
|inactive|OnMaWa has 30 seconds left this turn.
|inactive|OnMaWa has 20 seconds left.
|
|switch|p2a: Groudon|Groudon|100/100
|detailschange|p2a: Groudon|Groudon-Primal
|-primal|p2a: Groudon
|-weather|DesolateLand|[from] ability: Desolate Land|[of] p2a: Groudon
|move|p1a: Kyogre|Ice Beam|p2a: Groudon
|-damage|p2a: Groudon|56/100
|
|-weather|DesolateLand|[upkeep]
|upkeep
|turn|20
|inactive|OnMaWa has 30 seconds left this turn.
|inactive|OnMaWa has 20 seconds left.
|inactive|OnMaWa has 15 seconds left.
|inactive|OnMaWa has 10 seconds left.
|
|switch|p1a: Ditto|Ditto|100/100 par
|-transform|p1a: Ditto|p2a: Groudon|[from] ability: Imposter
|move|p2a: Groudon|Precipice Blades|p1a: Ditto
|-supereffective|p1a: Ditto
|-damage|p1a: Ditto|0 fnt
|faint|p1a: Ditto
|
|-weather|DesolateLand|[upkeep]
|upkeep
|inactive|OnMaWa has 15 seconds left this turn.
|
|switch|p1a: Kyogre|Kyogre-Primal|100/100
|-weather|PrimordialSea|[from] ability: Primordial Sea|[of] p1a: Kyogre
|turn|21
|inactive|OnMaWa has 25 seconds left this turn.
|inactive|OnMaWa has 20 seconds left.
|inactive|OnMaWa has 15 seconds left.
|inactive|OnMaWa has 10 seconds left.
|
|switch|p2a: Xerneas|Xerneas, shiny|8/100
|-ability|p2a: Xerneas|Fairy Aura
|move|p1a: Kyogre|Scald|p2a: Xerneas
|-damage|p2a: Xerneas|0 fnt
|faint|p2a: Xerneas
|
|-weather|PrimordialSea|[upkeep]
|upkeep
|inactive|OnMaWa has 15 seconds left this turn.
|inactive|OnMaWa has 10 seconds left.
|
|switch|p2a: Lugia|Lugia|94/100 tox
|turn|22
|inactive|OnMaWa has 20 seconds left this turn.
|inactive|OnMaWa has 15 seconds left.
|
|move|p2a: Lugia|Thunder Wave|p1a: Kyogre
|-status|p1a: Kyogre|par
|cant|p1a: Kyogre|par
|
|-weather|PrimordialSea|[upkeep]
|-damage|p2a: Lugia|88/100 tox|[from] psn
|upkeep
|turn|23
|inactive|OnMaWa has 25 seconds left this turn.
|inactive|OnMaWa has 20 seconds left.
|inactive|OnMaWa has 15 seconds left.
|inactive|OnMaWa has 10 seconds left.
|
|move|p1a: Kyogre|Calm Mind|p1a: Kyogre
|-boost|p1a: Kyogre|spa|1
|-boost|p1a: Kyogre|spd|1
|move|p2a: Lugia|Whirlwind||[still]
|-fail|p2a: Lugia
|
|-weather|PrimordialSea|[upkeep]
|-damage|p2a: Lugia|75/100 tox|[from] psn
|upkeep
|turn|24
|inactive|OnMaWa has 20 seconds left this turn.
|inactive|OnMaWa has 15 seconds left.
|
|move|p1a: Kyogre|Ice Beam|p2a: Lugia
|-supereffective|p2a: Lugia
|-damage|p2a: Lugia|0 fnt
|faint|p2a: Lugia
|
|-weather|PrimordialSea|[upkeep]
|upkeep
|inactive|OnMaWa has 20 seconds left this turn.
|inactive|OnMaWa has 15 seconds left.
|
|switch|p2a: Groudon|Groudon-Primal|56/100
|-weather|DesolateLand|[from] ability: Desolate Land|[of] p2a: Groudon
|turn|25
|inactive|OnMaWa has 25 seconds left this turn.
|inactive|OnMaWa has 20 seconds left.
|
|move|p2a: Groudon|Precipice Blades|p1a: Kyogre
|-damage|p1a: Kyogre|24/100 par
|move|p1a: Kyogre|Ice Beam|p2a: Groudon
|-damage|p2a: Groudon|0 fnt
|faint|p2a: Groudon
|-weather|none
|
|win|85792195wwww
|inactive|OnMaWa has 25 seconds left this turn.
|raw|85792195wwww's rating: 1837 &rarr; <strong>1853</strong><br />(+16 for winning)
|raw|OnMaWa's rating: 1769 &rarr; <strong>1753</strong><br />(-16 for losing)
|j| oadoijaojda
