|j|‽Fire In My Heart
|j|☆Pr3ssur3
|inactive|Battle timer is ON: inactive players will automatically lose when time's up.
|t:|1654568457
|gametype|singles
|player|p1|Fire In My Heart|backpacker|
|player|p2|Pr3ssur3|schoolkid-gen4dp|
|teamsize|p1|6
|teamsize|p2|6
|gen|8
|tier|[Gen 8] National Dex AG
|rated|Tournament battle
|rule|HP Percentage Mod: HP is shown in percentages
|rule|Endless Battle Clause: Forcing endless battles is banned
|clearpoke
|poke|p1|Arceus-*|
|poke|p1|Giratina|
|poke|p1|Arceus-*|
|poke|p1|Chansey, F|
|poke|p1|Quagsire, F|
|poke|p1|Ditto|
|poke|p2|Necrozma-Dusk-Mane|
|poke|p2|Zygarde|
|poke|p2|Calyrex-Shadow|
|poke|p2|Marshadow|
|poke|p2|Xerneas-*|
|poke|p2|Skarmory, F|
|teampreview
|inactive|Pr3ssur3 also wants the timer to be on.
|
|t:|1654568470
|start
|switch|p1a: Arceus|Arceus-Fairy, shiny|100/100
|switch|p2a: Skarmory|Skarmory, F|100/100
|turn|1
|
|t:|1654568474
|move|p1a: Arceus|Will-O-Wisp|p2a: Skarmory
|-status|p2a: Skarmory|brn
|move|p2a: Skarmory|Spikes|p1a: Arceus
|-sidestart|p1: Fire In My Heart|Spikes
|
|-damage|p2a: Skarmory|94/100 brn|[from] brn
|upkeep
|turn|2
|
|t:|1654568476
|move|p1a: Arceus|Stealth Rock|p2a: Skarmory
|-sidestart|p2: Pr3ssur3|move: Stealth Rock
|move|p2a: Skarmory|Spikes|p1a: Arceus
|-sidestart|p1: Fire In My Heart|Spikes
|
|-damage|p2a: Skarmory|88/100 brn|[from] brn
|upkeep
|turn|3
|
|t:|1654568480
|switch|p1a: Giratina|Giratina, shiny|100/100
|-damage|p1a: Giratina|84/100|[from] Spikes
|-ability|p1a: Giratina|Pressure
|move|p2a: Skarmory|Rock Tomb|p1a: Giratina
|-damage|p1a: Giratina|80/100
|-unboost|p1a: Giratina|spe|1
|
|-heal|p1a: Giratina|86/100|[from] item: Leftovers
|-damage|p2a: Skarmory|82/100 brn|[from] brn
|upkeep
|turn|4
|j| mitskipilled
|l| mitskipilled
|
|t:|1654568488
|move|p2a: Skarmory|Taunt|p1a: Giratina
|-start|p1a: Giratina|move: Taunt
|cant|p1a: Giratina|move: Taunt|Defog
|
|-heal|p1a: Giratina|93/100|[from] item: Leftovers
|-damage|p2a: Skarmory|75/100 brn|[from] brn
|upkeep
|turn|5
|
|t:|1654568494
|switch|p1a: Ditto|Ditto, shiny|100/100
|-damage|p1a: Ditto|84/100|[from] Spikes
|-transform|p1a: Ditto|p2a: Skarmory|[from] ability: Imposter
|move|p2a: Skarmory|Spikes|p1a: Ditto
|-sidestart|p1: Fire In My Heart|Spikes
|
|-damage|p2a: Skarmory|69/100 brn|[from] brn
|upkeep
|turn|6
|j| mitskipilled
|j| ImAbroom
|
|t:|1654568510
|move|p1a: Ditto|Taunt|p2a: Skarmory
|-start|p2a: Skarmory|move: Taunt
|cant|p2a: Skarmory|move: Taunt|Taunt
|
|-damage|p2a: Skarmory|63/100 brn|[from] brn
|upkeep
|turn|7
|c| mitskipilled|nom if u lose to skarm im making fun of you
|
|t:|1654568527
|switch|p1a: Giratina|Giratina, shiny|93/100
|-damage|p1a: Giratina|68/100|[from] Spikes
|-ability|p1a: Giratina|Pressure
|switch|p2a: Calyrex|Calyrex-Shadow|100/100
|-ability|p2a: Calyrex|As One
|-ability|p2a: Calyrex|Unnerve
|-damage|p2a: Calyrex|88/100|[from] Stealth Rock
|
|-heal|p1a: Giratina|74/100|[from] item: Leftovers
|upkeep
|turn|8
|
|t:|1654568534
|move|p2a: Calyrex|Taunt|p1a: Giratina
|-start|p1a: Giratina|move: Taunt
|cant|p1a: Giratina|move: Taunt|Defog
|
|-heal|p1a: Giratina|80/100|[from] item: Leftovers
|upkeep
|turn|9
|
|t:|1654568540
|switch|p1a: Chansey|Chansey, F, shiny|100/100
|-damage|p1a: Chansey|76/100|[from] Spikes
|move|p2a: Calyrex|Astral Barrage|p1a: Chansey
|-immune|p1a: Chansey
|
|upkeep
|turn|10
|
|t:|1654568546
|switch|p1a: Ditto|Ditto, shiny|84/100
|-damage|p1a: Ditto|59/100|[from] Spikes
|-transform|p1a: Ditto|p2a: Calyrex|[from] ability: Imposter
|move|p2a: Calyrex|Taunt|p1a: Ditto
|-start|p1a: Ditto|move: Taunt
|
|upkeep
|turn|11
|
|t:|1654568554
|switch|p2a: Skarmory|Skarmory, F|63/100 brn
|-damage|p2a: Skarmory|50/100 brn|[from] Stealth Rock
|move|p1a: Ditto|Astral Barrage|p2a: Skarmory
|-damage|p2a: Skarmory|0 fnt
|faint|p2a: Skarmory
|-ability|p1a: Ditto|Grim Neigh|boost
|-boost|p1a: Ditto|spa|1
|
|upkeep
|
|t:|1654568555
|switch|p2a: Marshadow|Marshadow|100/100
|-damage|p2a: Marshadow|94/100|[from] Stealth Rock
|turn|12
|
|t:|1654568573
|switch|p1a: Arceus|Arceus-Fairy, shiny|100/100
|-damage|p1a: Arceus|76/100|[from] Spikes
|switch|p2a: Calyrex|Calyrex-Shadow|88/100
|-ability|p2a: Calyrex|As One
|-ability|p2a: Calyrex|Unnerve
|-damage|p2a: Calyrex|76/100|[from] Stealth Rock
|
|upkeep
|turn|13
|
|t:|1654568583
|switch|p1a: Arceus|Arceus-Dark, shiny|100/100
|-damage|p1a: Arceus|76/100|[from] Spikes
|move|p2a: Calyrex|Astral Barrage|p1a: Arceus
|-resisted|p1a: Arceus
|-damage|p1a: Arceus|57/100
|
|upkeep
|turn|14
|
|t:|1654568590
|switch|p2a: Xerneas|Xerneas|100/100
|-damage|p2a: Xerneas|88/100|[from] Stealth Rock
|-ability|p2a: Xerneas|Fairy Aura
|switch|p1a: Chansey|Chansey, F, shiny|76/100
|-damage|p1a: Chansey|51/100|[from] Spikes
|
|upkeep
|turn|15
|
|t:|1654568596
|switch|p2a: Calyrex|Calyrex-Shadow|76/100
|-ability|p2a: Calyrex|As One
|-ability|p2a: Calyrex|Unnerve
|-damage|p2a: Calyrex|64/100|[from] Stealth Rock
|move|p1a: Chansey|Soft-Boiled|p1a: Chansey
|-heal|p1a: Chansey|100/100
|
|upkeep
|turn|16
|
|t:|1654568603
|switch|p1a: Arceus|Arceus-Dark, shiny|57/100
|-damage|p1a: Arceus|32/100|[from] Spikes
|move|p2a: Calyrex|Taunt|p1a: Arceus
|-start|p1a: Arceus|move: Taunt
|
|upkeep
|turn|17
|
|t:|1654568607
|switch|p2a: Xerneas|Xerneas|88/100
|-damage|p2a: Xerneas|76/100|[from] Stealth Rock
|-ability|p2a: Xerneas|Fairy Aura
|move|p1a: Arceus|Judgment|p2a: Xerneas
|-resisted|p2a: Xerneas
|-damage|p2a: Xerneas|58/100
|
|upkeep
|turn|18
|
|t:|1654568614
|switch|p1a: Chansey|Chansey, F, shiny|100/100
|-damage|p1a: Chansey|76/100|[from] Spikes
|switch|p2a: Calyrex|Calyrex-Shadow|64/100
|-ability|p2a: Calyrex|As One
|-ability|p2a: Calyrex|Unnerve
|-damage|p2a: Calyrex|51/100|[from] Stealth Rock
|
|upkeep
|turn|19
|
|t:|1654568620
|move|p2a: Calyrex|Taunt|p1a: Chansey
|-start|p1a: Chansey|move: Taunt
|cant|p1a: Chansey|move: Taunt|Soft-Boiled
|
|upkeep
|turn|20
|
|t:|1654568627
|move|p2a: Calyrex|Astral Barrage|p1a: Chansey
|-immune|p1a: Chansey
|move|p1a: Chansey|Seismic Toss|p2a: Calyrex
|-immune|p2a: Calyrex
|
|upkeep
|turn|21
|
|t:|1654568634
|move|p2a: Calyrex|Taunt||[still]
|-fail|p2a: Calyrex
|move|p1a: Chansey|Seismic Toss|p2a: Calyrex
|-immune|p2a: Calyrex
|
|-end|p1a: Chansey|move: Taunt
|upkeep
|turn|22
|
|t:|1654568639
|move|p2a: Calyrex|Taunt|p1a: Chansey
|-start|p1a: Chansey|move: Taunt
|move|p1a: Chansey|Seismic Toss|p2a: Calyrex
|-immune|p2a: Calyrex
|
|upkeep
|turn|23
|
|t:|1654568653
|switch|p2a: Necrozma|Necrozma-Dusk-Mane|100/100
|-damage|p2a: Necrozma|95/100|[from] Stealth Rock
|move|p1a: Chansey|Seismic Toss|p2a: Necrozma
|-damage|p2a: Necrozma|65/100
|
|upkeep
|turn|24
|
|t:|1654568660
|switch|p1a: Giratina|Giratina, shiny|80/100
|-damage|p1a: Giratina|55/100|[from] Spikes
|-ability|p1a: Giratina|Pressure
|detailschange|p2a: Necrozma|Necrozma-Ultra
|-burst|p2a: Necrozma|Necrozma|Ultranecrozium Z
|move|p2a: Necrozma|Dragon Dance|p2a: Necrozma
|-boost|p2a: Necrozma|atk|1
|-boost|p2a: Necrozma|spe|1
|
|-heal|p1a: Giratina|61/100|[from] item: Leftovers
|upkeep
|turn|25
|
|t:|1654568667
|switch|p1a: Arceus|Arceus-Dark, shiny|32/100
|-damage|p1a: Arceus|7/100|[from] Spikes
|-zpower|p2a: Necrozma
|move|p2a: Necrozma|Light That Burns the Sky|p1a: Arceus|[zeffect]
|-immune|p1a: Arceus
|
|upkeep
|turn|26
|
|t:|1654568669
|move|p2a: Necrozma|Earthquake|p1a: Arceus
|-damage|p1a: Arceus|0 fnt
|faint|p1a: Arceus
|
|upkeep
|
|t:|1654568673
|switch|p1a: Giratina|Giratina, shiny|61/100
|-damage|p1a: Giratina|36/100|[from] Spikes
|-ability|p1a: Giratina|Pressure
|turn|27
|
|t:|1654568676
|move|p2a: Necrozma|Outrage|p1a: Giratina
|-supereffective|p1a: Giratina
|-damage|p1a: Giratina|0 fnt
|faint|p1a: Giratina
|
|upkeep
|
|t:|1654568679
|switch|p1a: Arceus|Arceus-Fairy, shiny|76/100
|-damage|p1a: Arceus|51/100|[from] Spikes
|turn|28
|
|t:|1654568685
|move|p2a: Necrozma|Outrage|p1a: Arceus|[from]lockedmove
|-immune|p1a: Arceus
|-start|p2a: Necrozma|confusion|[fatigue]
|move|p1a: Arceus|Will-O-Wisp|p2a: Necrozma
|-status|p2a: Necrozma|brn
|
|-damage|p2a: Necrozma|59/100 brn|[from] brn
|upkeep
|turn|29
|
|t:|1654568688
|-activate|p2a: Necrozma|confusion
|move|p2a: Necrozma|Photon Geyser|p1a: Arceus
|-damage|p1a: Arceus|24/100
|move|p1a: Arceus|Recover|p1a: Arceus
|-heal|p1a: Arceus|75/100
|
|-damage|p2a: Necrozma|53/100 brn|[from] brn
|upkeep
|turn|30
|
|t:|1654568693
|-activate|p2a: Necrozma|confusion
|-damage|p2a: Necrozma|22/100 brn|[from] confusion
|move|p1a: Arceus|Recover|p1a: Arceus
|-heal|p1a: Arceus|100/100
|
|-damage|p2a: Necrozma|16/100 brn|[from] brn
|upkeep
|turn|31
|
|t:|1654568701
|-activate|p2a: Necrozma|confusion
|move|p2a: Necrozma|Photon Geyser|p1a: Arceus
|-damage|p1a: Arceus|75/100
|move|p1a: Arceus|Judgment|p2a: Necrozma
|-supereffective|p2a: Necrozma
|-damage|p2a: Necrozma|0 fnt
|faint|p2a: Necrozma
|
|upkeep
|inactive|Pr3ssur3 has 120 seconds left.
|c| ImAbroom|Wow
|j| ashfqwer 6
|inactive|Pr3ssur3 has 90 seconds left.
|l| mitskipilled
|
|t:|1654568766
|switch|p2a: Xerneas|Xerneas|58/100
|-damage|p2a: Xerneas|45/100|[from] Stealth Rock
|-ability|p2a: Xerneas|Fairy Aura
|turn|32
|inactive|Pr3ssur3 has 90 seconds left.
|inactive|Fire In My Heart has 120 seconds left.
|inactive|Pr3ssur3 has 60 seconds left.
|j| Akari101
|inactive|Pr3ssur3 has 30 seconds left.
|
|t:|1654568835
|-start|p1a: Arceus|Dynamax|
|-heal|p1a: Arceus|75/100|[silent]
|-start|p2a: Xerneas|Dynamax|
|-heal|p2a: Xerneas|45/100|[silent]
|move|p1a: Arceus|Max Starfall|p2a: Xerneas
|-damage|p2a: Xerneas|13/100
|-fieldstart|move: Misty Terrain
|move|p2a: Xerneas|Max Starfall|p1a: Arceus
|-damage|p1a: Arceus|41/100
|
|upkeep
|turn|33
|
|t:|1654568848
|-end|p1a: Arceus|Dynamax
|-heal|p1a: Arceus|41/100|[silent]
|switch|p1a: Chansey|Chansey, F, shiny|76/100
|-damage|p1a: Chansey|51/100|[from] Spikes
|move|p2a: Xerneas|Max Guard||[still]
|-fail|p2a: Xerneas
|
|upkeep
|turn|34
|
|t:|1654568851
|move|p2a: Xerneas|Max Starfall|p1a: Chansey
|-damage|p1a: Chansey|27/100
|move|p1a: Chansey|Soft-Boiled|p1a: Chansey
|-heal|p1a: Chansey|77/100
|
|upkeep
|-end|p2a: Xerneas|Dynamax
|-heal|p2a: Xerneas|13/100|[silent]
|turn|35
|
|t:|1654568855
|switch|p2a: Calyrex|Calyrex-Shadow|51/100
|-ability|p2a: Calyrex|As One
|-ability|p2a: Calyrex|Unnerve
|-damage|p2a: Calyrex|39/100|[from] Stealth Rock
|move|p1a: Chansey|Seismic Toss|p2a: Calyrex
|-immune|p2a: Calyrex
|
|upkeep
|turn|36
|
|t:|1654568858
|move|p2a: Calyrex|Taunt|p1a: Chansey
|-start|p1a: Chansey|move: Taunt
|move|p1a: Chansey|Seismic Toss|p2a: Calyrex
|-immune|p2a: Calyrex
|
|-fieldend|Misty Terrain
|upkeep
|turn|37
|
|t:|1654568867
|move|p2a: Calyrex|Baton Pass|p2a: Calyrex
|
|t:|1654568870
|switch|p2a: Marshadow|Marshadow|94/100|[from]move: Baton Pass
|-damage|p2a: Marshadow|88/100|[from] Stealth Rock
|move|p1a: Chansey|Seismic Toss|p2a: Marshadow
|-immune|p2a: Marshadow
|
|upkeep
|turn|38
|
|t:|1654568893
|move|p2a: Marshadow|Spectral Thief|p1a: Chansey
|-immune|p1a: Chansey
|move|p1a: Chansey|Seismic Toss|p2a: Marshadow
|-immune|p2a: Marshadow
|
|-end|p1a: Chansey|move: Taunt
|upkeep
|turn|39
|
|t:|1654568905
|switch|p2a: Calyrex|Calyrex-Shadow|39/100
|-ability|p2a: Calyrex|As One
|-ability|p2a: Calyrex|Unnerve
|-damage|p2a: Calyrex|27/100|[from] Stealth Rock
|move|p1a: Chansey|Soft-Boiled|p1a: Chansey
|-heal|p1a: Chansey|100/100
|
|upkeep
|turn|40
|
|t:|1654568913
|switch|p1a: Ditto|Ditto, shiny|59/100
|-damage|p1a: Ditto|35/100|[from] Spikes
|-transform|p1a: Ditto|p2a: Calyrex|[from] ability: Imposter
|move|p2a: Calyrex|Taunt|p1a: Ditto
|-start|p1a: Ditto|move: Taunt
|
|upkeep
|turn|41
|
|t:|1654568917
|switch|p2a: Xerneas|Xerneas|13/100
|-damage|p2a: Xerneas|0 fnt|[from] Stealth Rock
|faint|p2a: Xerneas
|move|p1a: Ditto|Astral Barrage|p2: Xerneas|[notarget]
|-fail|p1a: Ditto
|
|upkeep
|
|t:|1654568919
|switch|p2a: Marshadow|Marshadow|88/100
|-damage|p2a: Marshadow|82/100|[from] Stealth Rock
|turn|42
|
|t:|1654568924
|switch|p1a: Chansey|Chansey, F, shiny|100/100
|-damage|p1a: Chansey|76/100|[from] Spikes
|move|p2a: Marshadow|Shadow Sneak|p1a: Chansey
|-immune|p1a: Chansey
|
|upkeep
|turn|43
|
|t:|1654568927
|switch|p2a: Zygarde|Zygarde|100/100
|-damage|p2a: Zygarde|94/100|[from] Stealth Rock
|move|p1a: Chansey|Seismic Toss|p2a: Zygarde
|-damage|p2a: Zygarde|67/100
|
|upkeep
|turn|44
|
|t:|1654568930
|move|p2a: Zygarde|Earthquake|p1a: Chansey
|-damage|p1a: Chansey|27/100
|-damage|p2a: Zygarde|57/100|[from] item: Life Orb
|move|p1a: Chansey|Seismic Toss|p2a: Zygarde
|-damage|p2a: Zygarde|29/100
|
|-activate|p2a: Zygarde|ability: Power Construct
|detailschange|p2a: Zygarde|Zygarde-Complete
|-heal|p2a: Zygarde|56/100|[silent]
|upkeep
|turn|45
|
|t:|1654568933
|move|p2a: Zygarde|Earthquake|p1a: Chansey
|-crit|p1a: Chansey
|-damage|p1a: Chansey|0 fnt
|faint|p1a: Chansey
|-damage|p2a: Zygarde|46/100|[from] item: Life Orb
|
|upkeep
|
|t:|1654568940
|switch|p1a: Quagsire|Quagsire, F, shiny|100/100
|-damage|p1a: Quagsire|76/100|[from] Spikes
|turn|46
|
|t:|1654568949
|move|p2a: Zygarde|Earthquake|p1a: Quagsire
|-damage|p1a: Quagsire|36/100
|-damage|p2a: Zygarde|36/100|[from] item: Life Orb
|move|p1a: Quagsire|Recover|p1a: Quagsire
|-heal|p1a: Quagsire|86/100
|
|upkeep
|turn|47
|inactive|Pr3ssur3 has 120 seconds left.
|
|t:|1654568986
|move|p2a: Zygarde|Outrage|p1a: Quagsire
|-damage|p1a: Quagsire|32/100
|-damage|p2a: Zygarde|20/100|[from] item: Rocky Helmet|[of] p1a: Quagsire
|-damage|p2a: Zygarde|10/100|[from] item: Life Orb
|move|p1a: Quagsire|Earthquake|p2a: Zygarde
|-damage|p2a: Zygarde|0 fnt
|faint|p2a: Zygarde
|
|upkeep
|
|t:|1654568989
|switch|p2a: Calyrex|Calyrex-Shadow|27/100
|-ability|p2a: Calyrex|As One
|-ability|p2a: Calyrex|Unnerve
|-damage|p2a: Calyrex|14/100|[from] Stealth Rock
|turn|48
|
|t:|1654568995
|move|p2a: Calyrex|Astral Barrage|p1a: Quagsire
|-damage|p1a: Quagsire|0 fnt
|faint|p1a: Quagsire
|-ability|p2a: Calyrex|Grim Neigh|boost
|-boost|p2a: Calyrex|spa|1
|
|upkeep
|
|t:|1654568996
|switch|p1a: Ditto|Ditto, shiny|35/100
|-damage|p1a: Ditto|10/100|[from] Spikes
|-transform|p1a: Ditto|p2a: Calyrex|[from] ability: Imposter
|turn|49
|
|t:|1654568999
|move|p1a: Ditto|Astral Barrage|p2a: Calyrex
|-supereffective|p2a: Calyrex
|-damage|p2a: Calyrex|0 fnt
|faint|p2a: Calyrex
|-ability|p1a: Ditto|Grim Neigh|boost
|-boost|p1a: Ditto|spa|1
|
|upkeep
|
|t:|1654569001
|switch|p2a: Marshadow|Marshadow|82/100
|-damage|p2a: Marshadow|76/100|[from] Stealth Rock
|turn|50
|
|t:|1654569003
|move|p2a: Marshadow|Shadow Sneak|p1a: Ditto
|-supereffective|p1a: Ditto
|-damage|p1a: Ditto|0 fnt
|faint|p1a: Ditto
|
|upkeep
|
|t:|1654569004
|switch|p1a: Arceus|Arceus-Fairy, shiny|41/100
|-damage|p1a: Arceus|16/100|[from] Spikes
|turn|51
|
|t:|1654569007
|move|p2a: Marshadow|Spectral Thief|p1a: Arceus
|-damage|p1a: Arceus|0 fnt
|faint|p1a: Arceus
|
|win|Pr3ssur3
|n|‽Fire In My Heart|fireinmyheart
|n|☆Pr3ssur3|pr3ssur3
|n| ImAbroom|imabroom
|n| ashfqwer 6|ashfqwer6
|n| Akari101|akari101
|l| ashfqwer 6
|c| ImAbroom|Damn
|l| ImAbroom
|l| Akari101
|j| ImAbroom
|l| ImAbroom
|j| Glaliegoesboom ❤
|l| Glaliegoesboom ❤
|l|‽Fire In My Heart
|j| mitskipilled
|j| USPT Halcyon
|l| mitskipilled
|j|‽Fire In My Heart
|player|p1|Fire In My Heart|backpacker
|n|‽Fire In My Heart|fireinmyheart
|n|‽Fire In My Heart|fireinmyheart
|n|‽Fire In My Heart|fireinmyheart
|l|‽Fire In My Heart
|player|p1|
|j| Akari101
|l| Akari101
