|j|☆HikaruMaxwell_004
|j|☆copperspray
|t:|1625037426
|gametype|singles
|player|p1|HikaruMaxwell_004|hilbert|1629
|player|p2|copperspray|juan|1694
|teamsize|p1|6
|teamsize|p2|6
|gen|8
|tier|[Gen 8] National Dex AG
|rated|
|rule|HP Percentage Mod: HP is shown in percentages
|rule|Endless Battle Clause: Forcing endless battles is banned
|clearpoke
|poke|p1|Shuckle, F|
|poke|p1|Yveltal|
|poke|p1|Arceus-*|
|poke|p1|Kyogre|
|poke|p1|Zacian-*|
|poke|p1|Rayquaza|
|poke|p2|Magearna|
|poke|p2|Zacian-*|
|poke|p2|Rayquaza|
|poke|p2|Groudon|
|poke|p2|Yveltal|
|poke|p2|Ho-Oh|
|teampreview
|inactive|Battle timer is ON: inactive players will automatically lose when time's up. (requested by copperspray)
|
|t:|1625037441
|start
|switch|p1a: Shuckle|Shuckle, F|100/100
|switch|p2a: Yveltal|Yveltal|100/100
|-ability|p2a: Yveltal|Dark Aura
|turn|1
|
|t:|1625037455
|switch|p1a: Zacian|Zacian-Crowned|100/100
|-ability|p1a: Zacian|Intrepid Sword|boost
|-boost|p1a: Zacian|atk|1
|move|p2a: Yveltal|Taunt|p1a: Zacian
|-start|p1a: Zacian|move: Taunt
|
|upkeep
|turn|2
|
|t:|1625037464
|switch|p2a: Groudon|Groudon|100/100
|detailschange|p2a: Groudon|Groudon-Primal
|-primal|p2a: Groudon
|-weather|DesolateLand|[from] ability: Desolate Land|[of] p2a: Groudon
|move|p1a: Zacian|Close Combat|p2a: Groudon
|-damage|p2a: Groudon|59/100
|-unboost|p1a: Zacian|def|1
|-unboost|p1a: Zacian|spd|1
|
|-weather|DesolateLand|[upkeep]
|upkeep
|turn|3
|
|t:|1625037475
|switch|p1a: Shuckle|Shuckle, F|100/100
|move|p2a: Groudon|Stone Edge|p1a: Shuckle
|-supereffective|p1a: Shuckle
|-crit|p1a: Shuckle
|-damage|p1a: Shuckle|39/100
|
|-weather|DesolateLand|[upkeep]
|upkeep
|turn|4
|
|t:|1625037482
|move|p2a: Groudon|Precipice Blades|p1a: Shuckle
|-damage|p1a: Shuckle|3/100
|move|p1a: Shuckle|Stealth Rock|p2a: Groudon
|-sidestart|p2: copperspray|move: Stealth Rock
|
|-weather|DesolateLand|[upkeep]
|upkeep
|turn|5
|-enditem|p1a: Shuckle|Custap Berry|[eat]
|-activate|p1a: Shuckle|item: Custap Berry|[consumed]
|
|t:|1625037496
|move|p1a: Shuckle|Sticky Web|p2a: Groudon
|-sidestart|p2: copperspray|move: Sticky Web
|move|p2a: Groudon|Overheat|p1a: Shuckle
|-damage|p1a: Shuckle|0 fnt
|-unboost|p2a: Groudon|spa|2
|faint|p1a: Shuckle
|
|-weather|DesolateLand|[upkeep]
|upkeep
|
|t:|1625037506
|switch|p1a: Arceus|Arceus-Ghost|100/100
|turn|6
|
|t:|1625037523
|move|p1a: Arceus|Swords Dance|p1a: Arceus
|-boost|p1a: Arceus|atk|2
|move|p2a: Groudon|Precipice Blades|p1a: Arceus|[miss]
|-miss|p2a: Groudon|p1a: Arceus
|
|-weather|DesolateLand|[upkeep]
|upkeep
|turn|7
|
|t:|1625037533
|move|p1a: Arceus|Shadow Force||[still]
|-prepare|p1a: Arceus|Shadow Force
|move|p2a: Groudon|Precipice Blades|p1a: Arceus|[miss]
|-miss|p2a: Groudon|p1a: Arceus
|
|-weather|DesolateLand|[upkeep]
|upkeep
|turn|8
|
|t:|1625037541
|-weather|none
|switch|p2a: Yveltal|Yveltal|100/100
|-damage|p2a: Yveltal|76/100|[from] Stealth Rock
|-ability|p2a: Yveltal|Dark Aura
|move|p1a: Arceus|Shadow Force|p2a: Yveltal|[from]lockedmove
|-resisted|p2a: Yveltal
|-damage|p2a: Yveltal|1/100
|
|upkeep
|turn|9
|
|t:|1625037556
|move|p1a: Arceus|Extreme Speed|p2a: Yveltal
|-damage|p2a: Yveltal|0 fnt
|faint|p2a: Yveltal
|
|upkeep
|
|t:|1625037568
|switch|p2a: Ho-Oh|Ho-Oh|100/100
|turn|10
|
|t:|1625037581
|-start|p2a: Ho-Oh|Dynamax
|-heal|p2a: Ho-Oh|100/100|[silent]
|move|p2a: Ho-Oh|Max Guard|p2a: Ho-Oh
|-singleturn|p2a: Ho-Oh|Max Guard
|move|p1a: Arceus|Shadow Force||[still]
|-prepare|p1a: Arceus|Shadow Force
|
|upkeep
|turn|11
|
|t:|1625037592
|move|p1a: Arceus|Shadow Force|p2a: Ho-Oh|[from]lockedmove
|-damage|p2a: Ho-Oh|47/100
|move|p2a: Ho-Oh|Max Flare|p1a: Arceus
|-damage|p1a: Arceus|58/100
|-weather|SunnyDay
|
|-weather|SunnyDay|[upkeep]
|upkeep
|turn|12
|
|t:|1625037615
|move|p1a: Arceus|Shadow Force||[still]
|-prepare|p1a: Arceus|Shadow Force
|move|p2a: Ho-Oh|Max Flare|p1a: Arceus|[miss]
|-miss|p2a: Ho-Oh|p1a: Arceus
|
|-weather|SunnyDay|[upkeep]
|-end|p2a: Ho-Oh|Dynamax
|-heal|p2a: Ho-Oh|47/100|[silent]
|upkeep
|turn|13
|
|t:|1625037629
|switch|p2a: Magearna|Magearna|100/100
|-damage|p2a: Magearna|94/100|[from] Stealth Rock
|-activate|p2a: Magearna|move: Sticky Web
|-unboost|p2a: Magearna|spe|1
|move|p1a: Arceus|Shadow Force|p2a: Magearna|[from]lockedmove
|-crit|p2a: Magearna
|-damage|p2a: Magearna|0 fnt
|faint|p2a: Magearna
|
|-weather|SunnyDay|[upkeep]
|upkeep
|
|t:|1625037639
|switch|p2a: Ho-Oh|Ho-Oh|80/100
|turn|14
|
|t:|1625037642
|move|p1a: Arceus|Shadow Force||[still]
|-prepare|p1a: Arceus|Shadow Force
|move|p2a: Ho-Oh|Defog|p1a: Arceus|[miss]
|-miss|p2a: Ho-Oh|p1a: Arceus
|
|-weather|SunnyDay|[upkeep]
|upkeep
|turn|15
|j| Beatboxing_Phantom
|
|t:|1625037660
|move|p1a: Arceus|Shadow Force|p2a: Ho-Oh|[from]lockedmove
|-damage|p2a: Ho-Oh|0 fnt
|faint|p2a: Ho-Oh
|
|-weather|none
|upkeep
|-message|copperspray forfeited.
|
|win|HikaruMaxwell_004
|raw|HikaruMaxwell_004's rating: 1629 &rarr; <strong>1653</strong><br />(+24 for winning)
|raw|copperspray's rating: 1694 &rarr; <strong>1670</strong><br />(-24 for losing)
|l|☆copperspray
|j| Super Magnum
|j| LT81YL tga
|j| Krishna♫ 07
|c|☆HikaruMaxwell_004|o.o'
|c|☆HikaruMaxwell_004|Part is here
|j| TheDarkRising
|c| Super Magnum|Ono
|c| TheDarkRising|:o
|j| Arnavgupta
|j| flame week
|c| TheDarkRising|part getting exposed
|l| TheDarkRising
|l| Super Magnum
|l| Arnavgupta
