|j|☆Aarsh2601
|j|☆AInb
|t:|1643717490
|gametype|singles
|player|p1|Aarsh2601|red|1386
|player|p2|AInb|pokemonrangerf-gen4|1551
|teamsize|p1|6
|teamsize|p2|6
|gen|8
|tier|[Gen 8] National Dex AG
|rated|
|rule|HP Percentage Mod: HP is shown in percentages
|rule|Endless Battle Clause: Forcing endless battles is banned
|clearpoke
|poke|p1|Tapu Koko|
|poke|p1|Calyrex-Shadow|
|poke|p1|Pheromosa|
|poke|p1|Blaziken, F|
|poke|p1|Marshadow|
|poke|p1|Zacian-*|
|poke|p2|Slurpuff, M|
|poke|p2|Groudon|
|poke|p2|Arceus-*|
|poke|p2|Rayquaza|
|poke|p2|Zacian-*|
|poke|p2|Yveltal|
|teampreview
|inactive|Battle timer is ON: inactive players will automatically lose when time's up. (requested by Aarsh2601)
|inactive|AInb also wants the timer to be on.
|
|t:|1643717504
|start
|switch|p1a: Zacian|Zacian-Crowned|100/100
|switch|p2a: Yveltal|Yveltal|100/100
|-ability|p1a: Zacian|Intrepid Sword|boost
|-boost|p1a: Zacian|atk|1
|-ability|p2a: Yveltal|Dark Aura
|turn|1
|
|t:|1643717514
|-start|p2a: Yveltal|Dynamax
|-heal|p2a: Yveltal|100/100|[silent]
|move|p1a: Zacian|Play Rough|p2a: Yveltal
|-supereffective|p2a: Yveltal
|-damage|p2a: Yveltal|21/100
|move|p2a: Yveltal|Max Flare|p1a: Zacian
|-supereffective|p1a: Zacian
|-damage|p1a: Zacian|0 fnt
|-weather|SunnyDay
|faint|p1a: Zacian
|-damage|p2a: Yveltal|16/100|[from] item: Life Orb
|
|-weather|SunnyDay|[upkeep]
|upkeep
|
|t:|1643717529
|switch|p1a: Pheromosa|Pheromosa, shiny|100/100
|turn|2
|
|t:|1643717533
|-start|p1a: Pheromosa|Dynamax
|-heal|p1a: Pheromosa|100/100|[silent]
|move|p1a: Pheromosa|Max Knuckle|p2a: Yveltal
|-damage|p2a: Yveltal|0 fnt
|-boost|p1a: Pheromosa|atk|1
|faint|p2a: Yveltal
|-ability|p1a: Pheromosa|Beast Boost|boost
|-boost|p1a: Pheromosa|atk|1
|
|-weather|SunnyDay|[upkeep]
|upkeep
|
|t:|1643717546
|switch|p2a: Slurpuff|Slurpuff, M|100/100
|turn|3
|
|t:|1643717550
|move|p1a: Pheromosa|Max Ooze|p2a: Slurpuff
|-supereffective|p2a: Slurpuff
|-enditem|p2a: Slurpuff|Focus Sash
|-damage|p2a: Slurpuff|1/100
|-boost|p1a: Pheromosa|spa|1
|move|p2a: Slurpuff|Sticky Web|p1a: Pheromosa
|-sidestart|p1: Aarsh2601|move: Sticky Web
|
|-weather|SunnyDay|[upkeep]
|upkeep
|turn|4
|
|t:|1643717561
|move|p2a: Slurpuff|Yawn|p1a: Pheromosa
|-start|p1a: Pheromosa|move: Yawn|[of] p2a: Slurpuff
|move|p1a: Pheromosa|Max Knuckle|p2a: Slurpuff
|-resisted|p2a: Slurpuff
|-damage|p2a: Slurpuff|0 fnt
|-boost|p1a: Pheromosa|atk|1
|faint|p2a: Slurpuff
|-ability|p1a: Pheromosa|Beast Boost|boost
|-boost|p1a: Pheromosa|atk|1
|
|-weather|SunnyDay|[upkeep]
|-end|p1a: Pheromosa|Dynamax
|-heal|p1a: Pheromosa|100/100|[silent]
|upkeep
|
|t:|1643717576
|switch|p2a: Zacian|Zacian-Crowned|100/100
|-ability|p2a: Zacian|Intrepid Sword|boost
|-boost|p2a: Zacian|atk|1
|turn|5
|
|t:|1643717581
|move|p1a: Pheromosa|High Jump Kick|p2a: Zacian
|-damage|p2a: Zacian|0 fnt
|faint|p2a: Zacian
|-ability|p1a: Pheromosa|Beast Boost|boost
|-boost|p1a: Pheromosa|atk|1
|
|-weather|none
|-end|p1a: Pheromosa|move: Yawn|[silent]
|-status|p1a: Pheromosa|slp
|upkeep
|
|t:|1643717590
|switch|p2a: Arceus|Arceus|100/100
|turn|6
|j| carrier ant attack
|
|t:|1643717594
|cant|p1a: Pheromosa|slp
|move|p2a: Arceus|Swords Dance|p2a: Arceus
|-boost|p2a: Arceus|atk|2
|
|upkeep
|turn|7
|c| carrier ant attack|Kaitlen, stop fooling around
|c| carrier ant attack|Enough
|
|t:|1643717610
|cant|p1a: Pheromosa|slp
|move|p2a: Arceus|Earthquake|p1a: Pheromosa
|-resisted|p1a: Pheromosa
|-damage|p1a: Pheromosa|22/100 slp
|
|upkeep
|turn|8
|
|t:|1643717617
|move|p2a: Arceus|Extreme Speed|p1a: Pheromosa
|-damage|p1a: Pheromosa|0 fnt
|faint|p1a: Pheromosa
|
|upkeep
|
|t:|1643717624
|switch|p1a: Marshadow|Marshadow|100/100
|-activate|p1a: Marshadow|move: Sticky Web
|-unboost|p1a: Marshadow|spe|1
|turn|9
|
|t:|1643717629
|move|p2a: Arceus|Earthquake|p1a: Marshadow
|-damage|p1a: Marshadow|12/100
|move|p1a: Marshadow|Close Combat|p2a: Arceus
|-supereffective|p2a: Arceus
|-enditem|p2a: Arceus|Chople Berry|[eat]
|-enditem|p2a: Arceus|Chople Berry|[weaken]
|-damage|p2a: Arceus|56/100
|-unboost|p1a: Marshadow|def|1
|-unboost|p1a: Marshadow|spd|1
|
|upkeep
|turn|10
|
|t:|1643717639
|move|p2a: Arceus|Earthquake|p1a: Marshadow
|-damage|p1a: Marshadow|0 fnt
|faint|p1a: Marshadow
|
|upkeep
|
|t:|1643717650
|switch|p1a: Calyrex|Calyrex-Shadow|100/100
|-ability|p1a: Calyrex|As One
|-ability|p1a: Calyrex|Unnerve
|-activate|p1a: Calyrex|move: Sticky Web
|-unboost|p1a: Calyrex|spe|1
|turn|11
|
|t:|1643717659
|move|p2a: Arceus|Earthquake|p1a: Calyrex
|-damage|p1a: Calyrex|17/100
|move|p1a: Calyrex|Psychic|p2a: Arceus
|-damage|p2a: Arceus|13/100
|
|-heal|p1a: Calyrex|23/100|[from] item: Leftovers
|upkeep
|turn|12
|
|t:|1643717668
|move|p2a: Arceus|Earthquake|p1a: Calyrex
|-damage|p1a: Calyrex|0 fnt
|faint|p1a: Calyrex
|
|upkeep
|
|t:|1643717676
|switch|p1a: Blaziken|Blaziken, F|100/100
|-activate|p1a: Blaziken|move: Sticky Web
|-unboost|p1a: Blaziken|spe|1
|turn|13
|
|t:|1643717683
|detailschange|p1a: Blaziken|Blaziken-Mega, F
|-mega|p1a: Blaziken|Blaziken|Blazikenite
|move|p1a: Blaziken|Protect|p1a: Blaziken
|-singleturn|p1a: Blaziken|Protect
|move|p2a: Arceus|Earthquake|p1a: Blaziken
|-activate|p1a: Blaziken|move: Protect
|
|-ability|p1a: Blaziken|Speed Boost|boost
|-boost|p1a: Blaziken|spe|1
|upkeep
|turn|14
|
|t:|1643717694
|move|p2a: Arceus|Earthquake|p1a: Blaziken
|-supereffective|p1a: Blaziken
|-damage|p1a: Blaziken|0 fnt
|faint|p1a: Blaziken
|
|upkeep
|
|t:|1643717700
|switch|p1a: Tapu Koko|Tapu Koko, shiny|100/100
|-activate|p1a: Tapu Koko|move: Sticky Web
|-unboost|p1a: Tapu Koko|spe|1
|-fieldstart|move: Electric Terrain|[from] ability: Electric Surge|[of] p1a: Tapu Koko
|turn|15
|
|t:|1643717706
|move|p1a: Tapu Koko|Quick Attack|p2a: Arceus
|-damage|p2a: Arceus|6/100
|move|p2a: Arceus|Recover|p2a: Arceus
|-heal|p2a: Arceus|56/100
|
|upkeep
|turn|16
|
|t:|1643717712
|move|p2a: Arceus|Recover|p2a: Arceus
|-heal|p2a: Arceus|100/100
|move|p1a: Tapu Koko|Dazzling Gleam|p2a: Arceus
|-crit|p2a: Arceus
|-damage|p2a: Arceus|63/100
|
|upkeep
|turn|17
|
|t:|1643717719
|move|p2a: Arceus|Extreme Speed|p1a: Tapu Koko
|-damage|p1a: Tapu Koko|0 fnt
|faint|p1a: Tapu Koko
|
|win|AInb
|raw|Aarsh2601's rating: 1386 &rarr; <strong>1375</strong><br />(-11 for losing)
|raw|AInb's rating: 1551 &rarr; <strong>1562</strong><br />(+11 for winning)
|l|☆Aarsh2601
