|j|☆yiyi yizi
|j|☆carlandpaul
|t:|1644010076
|gametype|singles
|player|p1|yiyi yizi|hilbert|1618
|player|p2|carlandpaul|2|1683
|teamsize|p1|6
|teamsize|p2|6
|gen|8
|tier|[Gen 8] National Dex AG
|rated|
|rule|HP Percentage Mod: HP is shown in percentages
|rule|Endless Battle Clause: Forcing endless battles is banned
|clearpoke
|poke|p1|Whimsicott, F|
|poke|p1|Corsola-Galar, M|
|poke|p1|Greninja, M|
|poke|p1|Magnemite, L1|
|poke|p1|Bergmite, L1, F|
|poke|p1|Gliscor, F|
|poke|p2|Smeargle, M|
|poke|p2|Arceus-*|
|poke|p2|Groudon|
|poke|p2|Quagsire, M|
|poke|p2|Kangaskhan, F|
|poke|p2|Marshadow|
|teampreview
|inactive|Battle timer is ON: inactive players will automatically lose when time's up. (requested by yiyi yizi)
|
|t:|1644010085
|start
|switch|p1a: Gliscor|Gliscor, F, shiny|100/100
|switch|p2a: Smeargle|Smeargle, M|100/100
|turn|1
|
|t:|1644010092
|move|p1a: Gliscor|Substitute|p1a: Gliscor
|-start|p1a: Gliscor|Substitute
|-damage|p1a: Gliscor|75/100
|move|p2a: Smeargle|Spore||[still]
|-fail|p2a: Smeargle
|
|-status|p1a: Gliscor|tox|[from] item: Toxic Orb
|upkeep
|turn|2
|
|t:|1644010094
|move|p1a: Gliscor|Toxic|p2a: Smeargle
|-status|p2a: Smeargle|tox
|move|p2a: Smeargle|Stealth Rock|p1a: Gliscor
|-sidestart|p1: yiyi yizi|move: Stealth Rock
|
|-heal|p1a: Gliscor|88/100 tox|[from] ability: Poison Heal
|-damage|p2a: Smeargle|94/100 tox|[from] psn
|upkeep
|turn|3
|
|t:|1644010097
|move|p1a: Gliscor|Earthquake|p2a: Smeargle
|-damage|p2a: Smeargle|21/100 tox
|move|p2a: Smeargle|Shift Gear|p2a: Smeargle
|-boost|p2a: Smeargle|spe|2
|-boost|p2a: Smeargle|atk|1
|
|-damage|p2a: Smeargle|8/100 tox|[from] psn
|-heal|p1a: Gliscor|99/100 tox|[from] ability: Poison Heal
|upkeep
|turn|4
|
|t:|1644010100
|move|p2a: Smeargle|Baton Pass|p2a: Smeargle
|
|t:|1644010112
|switch|p2a: Kangaskhan|Kangaskhan, F|100/100|[from]move: Baton Pass
|move|p1a: Gliscor|Earthquake|p2a: Kangaskhan
|-damage|p2a: Kangaskhan|59/100
|
|-heal|p1a: Gliscor|100/100 tox|[from] ability: Poison Heal
|upkeep
|turn|5
|
|t:|1644010116
|detailschange|p2a: Kangaskhan|Kangaskhan-Mega, F
|-mega|p2a: Kangaskhan|Kangaskhan|Kangaskhanite
|move|p2a: Kangaskhan|Ice Punch|p1a: Gliscor
|-supereffective|p1a: Gliscor
|-end|p1a: Gliscor|Substitute
|-supereffective|p1a: Gliscor
|-damage|p1a: Gliscor|72/100 tox
|-hitcount|p1a: Gliscor|2
|move|p1a: Gliscor|Toxic|p2a: Kangaskhan
|-status|p2a: Kangaskhan|tox
|
|-damage|p2a: Kangaskhan|53/100 tox|[from] psn
|-heal|p1a: Gliscor|84/100 tox|[from] ability: Poison Heal
|upkeep
|turn|6
|
|t:|1644010123
|move|p1a: Gliscor|Protect|p1a: Gliscor
|-singleturn|p1a: Gliscor|Protect
|move|p2a: Kangaskhan|Ice Punch|p1a: Gliscor
|-activate|p1a: Gliscor|move: Protect
|
|-damage|p2a: Kangaskhan|42/100 tox|[from] psn
|-heal|p1a: Gliscor|96/100 tox|[from] ability: Poison Heal
|upkeep
|turn|7
|
|t:|1644010129
|switch|p2a: Quagsire|Quagsire, M|100/100
|switch|p1a: Corsola|Corsola-Galar, M, shiny|100/100
|-damage|p1a: Corsola|88/100|[from] Stealth Rock
|
|upkeep
|turn|8
|
|t:|1644010132
|switch|p1a: Gliscor|Gliscor, F, shiny|96/100 tox
|-damage|p1a: Gliscor|84/100 tox|[from] Stealth Rock
|move|p2a: Quagsire|Toxic|p1a: Gliscor
|-fail|p1a: Gliscor|tox
|
|-heal|p1a: Gliscor|96/100 tox|[from] ability: Poison Heal
|upkeep
|turn|9
|
|t:|1644010135
|move|p1a: Gliscor|Substitute|p1a: Gliscor
|-start|p1a: Gliscor|Substitute
|-damage|p1a: Gliscor|71/100 tox
|move|p2a: Quagsire|Liquidation|p1a: Gliscor
|-supereffective|p1a: Gliscor
|-end|p1a: Gliscor|Substitute
|
|-heal|p1a: Gliscor|84/100 tox|[from] ability: Poison Heal
|upkeep
|turn|10
|
|t:|1644010139
|move|p1a: Gliscor|Protect|p1a: Gliscor
|-singleturn|p1a: Gliscor|Protect
|move|p2a: Quagsire|Liquidation|p1a: Gliscor
|-activate|p1a: Gliscor|move: Protect
|
|-heal|p1a: Gliscor|96/100 tox|[from] ability: Poison Heal
|upkeep
|turn|11
|-message|carlandpaul forfeited.
|
|win|yiyi yizi
|raw|yiyi yizi's rating: 1618 &rarr; <strong>1642</strong><br />(+24 for winning)
|raw|carlandpaul's rating: 1683 &rarr; <strong>1659</strong><br />(-24 for losing)
|l|☆carlandpaul
|c|☆yiyi yizi|xd?
