|j|☆Vivek9394
|j|☆rknrthnjkgh
|t:|1668184246
|gametype|singles
|player|p1|Vivek9394|265|1624
|player|p2|rknrthnjkgh|169|1728
|teamsize|p1|6
|teamsize|p2|6
|gen|8
|tier|[Gen 8] National Dex AG
|rated|
|rule|HP Percentage Mod: HP is shown in percentages
|rule|Endless Battle Clause: Forcing endless battles is banned
|clearpoke
|poke|p1|Dialga|
|poke|p1|Groudon|
|poke|p1|Arceus-*|
|poke|p1|Calyrex-Shadow|
|poke|p1|Zacian-*|
|poke|p1|Grimmsnarl, M|
|poke|p2|Ninjask, M|
|poke|p2|Diancie|
|poke|p2|Dubwool, F|
|poke|p2|Xatu, F|
|poke|p2|Smeargle, M|
|poke|p2|Clefable, F|
|teampreview
|inactive|Battle timer is ON: inactive players will automatically lose when time's up. (requested by rknrthnjkgh)
|inactive|Vivek9394 also wants the timer to be on.
|
|t:|1668184259
|start
|switch|p1a: Groudon|Groudon|100/100
|switch|p2a: Ninjask|Ninjask, M|100/100
|detailschange|p1a: Groudon|Groudon-Primal
|-primal|p1a: Groudon
|-weather|DesolateLand|[from] ability: Desolate Land|[of] p1a: Groudon
|turn|1
|
|t:|1668184263
|move|p2a: Ninjask|Substitute|p2a: Ninjask
|-start|p2a: Ninjask|Substitute
|-damage|p2a: Ninjask|76/100
|move|p1a: Groudon|Stealth Rock|p2a: Ninjask
|-sidestart|p2: rknrthnjkgh|move: Stealth Rock
|
|-weather|DesolateLand|[upkeep]
|-ability|p2a: Ninjask|Speed Boost|boost
|-boost|p2a: Ninjask|spe|1
|upkeep
|turn|2
|
|t:|1668184264
|move|p2a: Ninjask|Defog|p1a: Groudon
|-unboost|p1a: Groudon|evasion|1
|-sideend|p2: rknrthnjkgh|Stealth Rock|[from] move: Defog|[of] p2a: Ninjask
|move|p1a: Groudon|Heat Crash|p2a: Ninjask
|-supereffective|p2a: Ninjask
|-end|p2a: Ninjask|Substitute
|
|-weather|DesolateLand|[upkeep]
|-ability|p2a: Ninjask|Speed Boost|boost
|-boost|p2a: Ninjask|spe|1
|upkeep
|turn|3
|
|t:|1668184269
|move|p2a: Ninjask|Baton Pass|p2a: Ninjask
|
|t:|1668184270
|switch|p2a: Smeargle|Smeargle, M|100/100|[from]move: Baton Pass
|move|p1a: Groudon|Heat Crash|p2a: Smeargle
|-enditem|p2a: Smeargle|Focus Sash
|-damage|p2a: Smeargle|1/100
|
|-weather|DesolateLand|[upkeep]
|-ability|p2a: Smeargle|Moody|boost
|-boost|p2a: Smeargle|spd|2
|-unboost|p2a: Smeargle|spa|1
|upkeep
|turn|4
|
|t:|1668184274
|move|p2a: Smeargle|Spore|p1a: Groudon
|-status|p1a: Groudon|slp|[from] move: Spore
|cant|p1a: Groudon|slp
|
|-weather|DesolateLand|[upkeep]
|-ability|p2a: Smeargle|Moody|boost
|-boost|p2a: Smeargle|def|2
|-unboost|p2a: Smeargle|atk|1
|upkeep
|turn|5
|
|t:|1668184277
|move|p2a: Smeargle|Ingrain|p2a: Smeargle
|-start|p2a: Smeargle|move: Ingrain
|-curestatus|p1a: Groudon|slp|[msg]
|move|p1a: Groudon|Earthquake|p2a: Smeargle
|-damage|p2a: Smeargle|0 fnt
|faint|p2a: Smeargle
|
|-weather|DesolateLand|[upkeep]
|upkeep
|
|t:|1668184279
|switch|p2a: Dubwool|Dubwool, F|100/100
|turn|6
|
|t:|1668184288
|move|p1a: Groudon|Stealth Rock|p2a: Dubwool
|-sidestart|p2: rknrthnjkgh|move: Stealth Rock
|move|p2a: Dubwool|Cotton Guard|p2a: Dubwool
|-boost|p2a: Dubwool|def|3
|
|-weather|DesolateLand|[upkeep]
|upkeep
|turn|7
|
|t:|1668184291
|move|p1a: Groudon|Heat Crash|p2a: Dubwool
|-damage|p2a: Dubwool|63/100
|move|p2a: Dubwool|Substitute|p2a: Dubwool
|-start|p2a: Dubwool|Substitute
|-damage|p2a: Dubwool|38/100
|
|-weather|DesolateLand|[upkeep]
|-heal|p2a: Dubwool|44/100|[from] item: Leftovers
|upkeep
|turn|8
|
|t:|1668184293
|move|p1a: Groudon|Heat Crash|p2a: Dubwool
|-end|p2a: Dubwool|Substitute
|move|p2a: Dubwool|Cotton Guard|p2a: Dubwool
|-boost|p2a: Dubwool|def|3
|
|-weather|DesolateLand|[upkeep]
|-heal|p2a: Dubwool|50/100|[from] item: Leftovers
|upkeep
|turn|9
|
|t:|1668184296
|move|p1a: Groudon|Heat Crash|p2a: Dubwool
|-damage|p2a: Dubwool|28/100
|move|p2a: Dubwool|Baton Pass|p2a: Dubwool
|
|t:|1668184302
|switch|p2a: Diancie|Diancie|100/100|[from]move: Baton Pass
|-damage|p2a: Diancie|88/100|[from] Stealth Rock
|
|-weather|DesolateLand|[upkeep]
|-heal|p2a: Diancie|94/100|[from] item: Leftovers
|upkeep
|turn|10
|
|t:|1668184305
|move|p1a: Groudon|Earthquake|p2a: Diancie
|-supereffective|p2a: Diancie
|-damage|p2a: Diancie|66/100
|move|p2a: Diancie|Substitute|p2a: Diancie
|-start|p2a: Diancie|Substitute
|-damage|p2a: Diancie|41/100
|
|-weather|DesolateLand|[upkeep]
|-heal|p2a: Diancie|47/100|[from] item: Leftovers
|upkeep
|turn|11
|
|t:|1668184308
|move|p1a: Groudon|Earthquake|p2a: Diancie
|-supereffective|p2a: Diancie
|-end|p2a: Diancie|Substitute
|move|p2a: Diancie|Calm Mind|p2a: Diancie
|-boost|p2a: Diancie|spa|1
|-boost|p2a: Diancie|spd|1
|
|-weather|DesolateLand|[upkeep]
|-heal|p2a: Diancie|53/100|[from] item: Leftovers
|upkeep
|turn|12
|
|t:|1668184318
|move|p1a: Groudon|Earthquake|p2a: Diancie
|-supereffective|p2a: Diancie
|-damage|p2a: Diancie|26/100
|move|p2a: Diancie|Calm Mind|p2a: Diancie
|-boost|p2a: Diancie|spa|1
|-boost|p2a: Diancie|spd|1
|
|-weather|DesolateLand|[upkeep]
|-heal|p2a: Diancie|32/100|[from] item: Leftovers
|upkeep
|turn|13
|
|t:|1668184321
|move|p1a: Groudon|Earthquake|p2a: Diancie
|-supereffective|p2a: Diancie
|-damage|p2a: Diancie|4/100
|move|p2a: Diancie|Baton Pass|p2a: Diancie
|
|t:|1668184339
|switch|p2a: Ninjask|Ninjask, M|76/100|[from]move: Baton Pass
|-damage|p2a: Ninjask|26/100|[from] Stealth Rock
|
|-weather|DesolateLand|[upkeep]
|upkeep
|turn|14
|
|t:|1668184344
|move|p2a: Ninjask|Protect|p2a: Ninjask
|-singleturn|p2a: Ninjask|Protect
|move|p1a: Groudon|Heat Crash|p2a: Ninjask
|-activate|p2a: Ninjask|move: Protect
|
|-weather|DesolateLand|[upkeep]
|-ability|p2a: Ninjask|Speed Boost|boost
|-boost|p2a: Ninjask|spe|1
|upkeep
|turn|15
|
|t:|1668184347
|move|p2a: Ninjask|Substitute|p2a: Ninjask
|-start|p2a: Ninjask|Substitute
|-damage|p2a: Ninjask|1/100
|move|p1a: Groudon|Heat Crash|p2a: Ninjask
|-supereffective|p2a: Ninjask
|-end|p2a: Ninjask|Substitute
|
|-weather|DesolateLand|[upkeep]
|-ability|p2a: Ninjask|Speed Boost|boost
|-boost|p2a: Ninjask|spe|1
|upkeep
|turn|16
|
|t:|1668184349
|move|p2a: Ninjask|Protect|p2a: Ninjask
|-singleturn|p2a: Ninjask|Protect
|move|p1a: Groudon|Heat Crash|p2a: Ninjask
|-activate|p2a: Ninjask|move: Protect
|
|-weather|DesolateLand|[upkeep]
|-ability|p2a: Ninjask|Speed Boost|boost
|-boost|p2a: Ninjask|spe|1
|upkeep
|turn|17
|
|t:|1668184352
|move|p2a: Ninjask|Baton Pass|p2a: Ninjask
|
|t:|1668184353
|switch|p2a: Clefable|Clefable, F|100/100|[from]move: Baton Pass
|-damage|p2a: Clefable|88/100|[from] Stealth Rock
|move|p1a: Groudon|Heat Crash|p2a: Clefable
|-damage|p2a: Clefable|64/100
|
|-weather|DesolateLand|[upkeep]
|upkeep
|turn|18
|
|t:|1668184358
|move|p2a: Clefable|Soft-Boiled|p2a: Clefable
|-heal|p2a: Clefable|100/100
|move|p1a: Groudon|Earthquake|p2a: Clefable
|-damage|p2a: Clefable|79/100
|
|-weather|DesolateLand|[upkeep]
|upkeep
|turn|19
|
|t:|1668184362
|move|p2a: Clefable|Minimize|p2a: Clefable
|-boost|p2a: Clefable|evasion|2
|move|p1a: Groudon|Earthquake|p2a: Clefable|[miss]
|-miss|p1a: Groudon|p2a: Clefable
|
|-weather|DesolateLand|[upkeep]
|upkeep
|turn|20
|
|t:|1668184369
|-weather|none
|switch|p1a: Grimmsnarl|Grimmsnarl, M|100/100
|move|p2a: Clefable|Minimize|p2a: Clefable
|-boost|p2a: Clefable|evasion|2
|
|upkeep
|turn|21
|
|t:|1668184371
|move|p1a: Grimmsnarl|Thunder Wave|p2a: Clefable
|-status|p2a: Clefable|par
|move|p2a: Clefable|Baton Pass|p2a: Clefable
|
|t:|1668184374
|switch|p2a: Xatu|Xatu, F|100/100|[from]move: Baton Pass
|-damage|p2a: Xatu|76/100|[from] Stealth Rock
|
|upkeep
|turn|22
|
|t:|1668184377
|move|p2a: Xatu|Dazzling Gleam|p1a: Grimmsnarl
|-supereffective|p1a: Grimmsnarl
|-damage|p1a: Grimmsnarl|34/100
|-heal|p2a: Xatu|85/100|[from] item: Shell Bell|[of] p1a: Grimmsnarl
|move|p1a: Grimmsnarl|Darkest Lariat|p2a: Xatu
|-supereffective|p2a: Xatu
|-damage|p2a: Xatu|0 fnt
|faint|p2a: Xatu
|
|upkeep
|-message|rknrthnjkgh forfeited.
|
|win|Vivek9394
|raw|Vivek9394's rating: 1624 &rarr; <strong>1650</strong><br />(+26 for winning)
|raw|rknrthnjkgh's rating: 1728 &rarr; <strong>1702</strong><br />(-26 for losing)
|l|☆rknrthnjkgh
|c|☆Vivek9394|Haha
