|j|☆as fast as you can
|j|☆wrong ladder oops
|t:|1599487087
|player|p1|as fast as you can|iris-gen5bw2|1997
|player|p2|wrong ladder oops|pokemonrangerf-gen4|1940
|teamsize|p1|6
|teamsize|p2|6
|gametype|singles
|gen|8
|tier|[Gen 8] National Dex AG
|rated|
|clearpoke
|poke|p1|Eternatus|
|poke|p1|Arceus-*|
|poke|p1|Necrozma-Dusk-Mane|
|poke|p1|Arceus-*|
|poke|p1|Giratina|
|poke|p1|Ditto|
|poke|p2|Chansey, F|
|poke|p2|Quagsire, F|
|poke|p2|Sableye, F|
|poke|p2|Dragonite, M|
|poke|p2|Toxapex, M|
|poke|p2|Tyranitar, M|
|rule|HP Percentage Mod: HP is shown in percentages
|rule|Endless Battle Clause: Forcing endless battles is banned
|teampreview
|c|☆wrong ladder oops|hf
|c|☆as fast as you can|._.
|c|☆as fast as you can|hf
|
|t:|1599487107
|start
|switch|p1a: Arceus|Arceus-Fairy|100/100
|switch|p2a: Sableye|Sableye, F|100/100
|turn|1
|
|t:|1599487113
|detailschange|p2a: Sableye|Sableye-Mega, F
|-mega|p2a: Sableye|Sableye|Sablenite
|move|p2a: Sableye|Protect|p2a: Sableye
|-singleturn|p2a: Sableye|Protect
|move|p1a: Arceus|Judgment|p2a: Sableye
|-activate|p2a: Sableye|move: Protect
|
|upkeep
|turn|2
|c|☆wrong ladder oops|unfortunately with this team
|c|☆wrong ladder oops|im freelo for people with good teams
|
|t:|1599487124
|switch|p1a: Ditto|Ditto|100/100
|-transform|p1a: Ditto|p2a: Sableye|[from] ability: Imposter
|switch|p2a: Toxapex|Toxapex, M|100/100
|
|upkeep
|turn|3
|
|t:|1599487134
|switch|p1a: Giratina|Giratina|100/100
|-ability|p1a: Giratina|Pressure
|move|p2a: Toxapex|Scald|p1a: Giratina
|-resisted|p1a: Giratina
|-damage|p1a: Giratina|96/100
|
|-heal|p1a: Giratina|100/100|[from] item: Leftovers
|upkeep
|turn|4
|
|t:|1599487141
|switch|p1a: Ditto|Ditto|100/100
|-transform|p1a: Ditto|p2a: Toxapex|[from] ability: Imposter
|move|p2a: Toxapex|Toxic|p1a: Ditto
|-immune|p1a: Ditto
|
|upkeep
|turn|5
|
|t:|1599487150
|move|p1a: Ditto|Scald|p2a: Toxapex
|-resisted|p2a: Toxapex
|-damage|p2a: Toxapex|94/100
|-status|p2a: Toxapex|brn
|move|p2a: Toxapex|Scald|p1a: Ditto
|-resisted|p1a: Ditto
|-damage|p1a: Ditto|93/100
|
|-damage|p2a: Toxapex|88/100 brn|[from] brn
|upkeep
|turn|6
|
|t:|1599487153
|switch|p1a: Giratina|Giratina|100/100
|-ability|p1a: Giratina|Pressure
|move|p2a: Toxapex|Scald|p1a: Giratina
|-resisted|p1a: Giratina
|-damage|p1a: Giratina|96/100
|-status|p1a: Giratina|brn
|
|-heal|p1a: Giratina|100/100 brn|[from] item: Leftovers
|-damage|p1a: Giratina|94/100 brn|[from] brn
|-damage|p2a: Toxapex|81/100 brn|[from] brn
|upkeep
|turn|7
|
|t:|1599487163
|switch|p1a: Ditto|Ditto|100/100
|-transform|p1a: Ditto|p2a: Toxapex|[from] ability: Imposter
|move|p2a: Toxapex|Toxic Spikes|p1a: Ditto
|-sidestart|p1: as fast as you can|move: Toxic Spikes
|
|-damage|p2a: Toxapex|75/100 brn|[from] brn
|upkeep
|turn|8
|
|t:|1599487169
|switch|p1a: Giratina|Giratina|94/100 brn
|-ability|p1a: Giratina|Pressure
|switch|p2a: Tyranitar|Tyranitar, M|100/100
|-weather|Sandstorm|[from] ability: Sand Stream|[of] p2a: Tyranitar
|
|-weather|Sandstorm|[upkeep]
|-damage|p1a: Giratina|88/100 brn|[from] Sandstorm
|-heal|p1a: Giratina|94/100 brn|[from] item: Leftovers
|-damage|p1a: Giratina|88/100 brn|[from] brn
|upkeep
|turn|9
|
|t:|1599487177
|switch|p2a: Sableye|Sableye-Mega, F|100/100
|move|p1a: Giratina|Will-O-Wisp|p2a: Sableye
|move|p2a: Sableye|Will-O-Wisp|p1a: Giratina|[from]Magic Bounce
|-fail|p1a: Giratina|brn
|
|-weather|Sandstorm|[upkeep]
|-damage|p1a: Giratina|82/100 brn|[from] Sandstorm
|-damage|p2a: Sableye|94/100|[from] Sandstorm
|-heal|p1a: Giratina|88/100 brn|[from] item: Leftovers
|-damage|p1a: Giratina|82/100 brn|[from] brn
|upkeep
|turn|10
|
|t:|1599487183
|move|p1a: Giratina|Defog|p2a: Sableye
|move|p2a: Sableye|Defog|p1a: Giratina|[from]Magic Bounce
|-unboost|p1a: Giratina|evasion|1
|-sideend|p1: as fast as you can|Toxic Spikes|[from] move: Defog|[of] p2a: Sableye
|move|p2a: Sableye|Foul Play|p1a: Giratina
|-supereffective|p1a: Giratina
|-damage|p1a: Giratina|58/100 brn
|
|-weather|Sandstorm|[upkeep]
|-damage|p1a: Giratina|52/100 brn|[from] Sandstorm
|-damage|p2a: Sableye|88/100|[from] Sandstorm
|-heal|p1a: Giratina|58/100 brn|[from] item: Leftovers
|-damage|p1a: Giratina|52/100 brn|[from] brn
|upkeep
|turn|11
|
|t:|1599487190
|switch|p1a: Arceus|Arceus-Ground|100/100
|switch|p2a: Toxapex|Toxapex, M|100/100 brn
|
|-weather|Sandstorm|[upkeep]
|-damage|p2a: Toxapex|94/100 brn|[from] Sandstorm
|-damage|p2a: Toxapex|88/100 brn|[from] brn
|upkeep
|turn|12
|
|t:|1599487196
|switch|p2a: Dragonite|Dragonite, M|100/100
|move|p1a: Arceus|Judgment|p2a: Dragonite
|-immune|p2a: Dragonite
|
|-weather|none
|upkeep
|turn|13
|
|t:|1599487203
|switch|p1a: Necrozma|Necrozma-Dusk-Mane|100/100
|move|p2a: Dragonite|Toxic|p1a: Necrozma
|-immune|p1a: Necrozma
|
|upkeep
|turn|14
|j| InvalidBoi
|
|t:|1599487210
|switch|p2a: Sableye|Sableye-Mega, F|88/100
|switch|p1a: Eternatus|Eternatus|100/100
|-ability|p1a: Eternatus|Pressure
|
|upkeep
|turn|15
|
|t:|1599487214
|switch|p1a: Ditto|Ditto|100/100
|-transform|p1a: Ditto|p2a: Sableye|[from] ability: Imposter
|move|p2a: Sableye|Protect||[still]
|-fail|p2a: Sableye
|
|upkeep
|turn|16
|c| InvalidBoi|hi
|c|☆wrong ladder oops|hi
|
|t:|1599487221
|switch|p1a: Arceus|Arceus-Ground|100/100
|move|p2a: Sableye|Recover|p2a: Sableye
|-heal|p2a: Sableye|100/100
|
|upkeep
|turn|17
|c| InvalidBoi|just came here to steal teams
|c| InvalidBoi|lol
|c|☆wrong ladder oops|hm
|
|t:|1599487239
|switch|p1a: Ditto|Ditto|100/100
|-transform|p1a: Ditto|p2a: Sableye|[from] ability: Imposter
|move|p2a: Sableye|Protect||[still]
|-fail|p2a: Sableye
|
|upkeep
|turn|18
|
|t:|1599487247
|move|p1a: Ditto|Foul Play|p2a: Sableye
|-damage|p2a: Sableye|85/100
|move|p2a: Sableye|Foul Play|p1a: Ditto
|-damage|p1a: Ditto|86/100
|
|upkeep
|turn|19
|
|t:|1599487254
|switch|p1a: Arceus|Arceus-Ground|100/100
|move|p2a: Sableye|Recover|p2a: Sableye
|-heal|p2a: Sableye|100/100
|
|upkeep
|turn|20
|
|t:|1599487266
|switch|p2a: Tyranitar|Tyranitar, M|100/100
|-weather|Sandstorm|[from] ability: Sand Stream|[of] p2a: Tyranitar
|move|p1a: Arceus|Judgment|p2a: Tyranitar
|-supereffective|p2a: Tyranitar
|-enditem|p2a: Tyranitar|Shuca Berry|[eat]
|-enditem|p2a: Tyranitar|Shuca Berry|[weaken]
|-damage|p2a: Tyranitar|74/100
|
|-weather|Sandstorm|[upkeep]
|upkeep
|turn|21
|
|t:|1599487280
|move|p1a: Arceus|Judgment|p2a: Tyranitar
|-supereffective|p2a: Tyranitar
|-damage|p2a: Tyranitar|22/100
|move|p2a: Tyranitar|Stealth Rock|p1a: Arceus
|-sidestart|p1: as fast as you can|move: Stealth Rock
|
|-weather|Sandstorm|[upkeep]
|upkeep
|turn|22
|
|t:|1599487288
|switch|p1a: Giratina|Giratina|52/100 brn
|-damage|p1a: Giratina|39/100 brn|[from] Stealth Rock
|-ability|p1a: Giratina|Pressure
|switch|p2a: Dragonite|Dragonite, M|100/100
|
|-weather|Sandstorm|[upkeep]
|-damage|p2a: Dragonite|94/100|[from] Sandstorm
|-damage|p1a: Giratina|33/100 brn|[from] Sandstorm
|-heal|p2a: Dragonite|100/100|[from] item: Leftovers
|-heal|p1a: Giratina|39/100 brn|[from] item: Leftovers
|-damage|p1a: Giratina|33/100 brn|[from] brn
|upkeep
|turn|23
|
|t:|1599487293
|switch|p1a: Necrozma|Necrozma-Dusk-Mane|100/100
|-damage|p1a: Necrozma|94/100|[from] Stealth Rock
|move|p2a: Dragonite|Draco Meteor|p1a: Necrozma
|-resisted|p1a: Necrozma
|-damage|p1a: Necrozma|79/100
|-unboost|p2a: Dragonite|spa|2
|
|-weather|Sandstorm|[upkeep]
|-damage|p2a: Dragonite|94/100|[from] Sandstorm
|-heal|p2a: Dragonite|100/100|[from] item: Leftovers
|upkeep
|turn|24
|
|t:|1599487303
|switch|p1a: Arceus|Arceus-Fairy|100/100
|-damage|p1a: Arceus|88/100|[from] Stealth Rock
|move|p2a: Dragonite|Draco Meteor|p1a: Arceus
|-immune|p1a: Arceus
|
|-weather|none
|upkeep
|turn|25
|c| InvalidBoi|is mega sableye op?
|c| InvalidBoi|lol
|
|t:|1599487318
|move|p1a: Arceus|Whirlpool|p2a: Dragonite
|-resisted|p2a: Dragonite
|-damage|p2a: Dragonite|98/100
|-activate|p2a: Dragonite|move: Whirlpool|[of] p1a: Arceus
|move|p2a: Dragonite|Draco Meteor|p1a: Arceus
|-immune|p1a: Arceus
|
|-heal|p2a: Dragonite|100/100|[from] item: Leftovers
|-damage|p2a: Dragonite|88/100|[from] move: Whirlpool|[partiallytrapped]
|upkeep
|turn|26
|
|t:|1599487322
|move|p1a: Arceus|Judgment|p2a: Dragonite
|-supereffective|p2a: Dragonite
|-damage|p2a: Dragonite|0 fnt
|faint|p2a: Dragonite
|
|upkeep
|
|t:|1599487324
|switch|p2a: Toxapex|Toxapex, M|100/100 brn
|turn|27
|j| Fyl Exe
|
|t:|1599487330
|switch|p1a: Ditto|Ditto|86/100
|-damage|p1a: Ditto|74/100|[from] Stealth Rock
|-transform|p1a: Ditto|p2a: Toxapex|[from] ability: Imposter
|move|p2a: Toxapex|Scald|p1a: Ditto
|-resisted|p1a: Ditto
|-damage|p1a: Ditto|66/100
|-status|p1a: Ditto|brn
|
|-damage|p1a: Ditto|60/100 brn|[from] brn
|-damage|p2a: Toxapex|94/100 brn|[from] brn
|upkeep
|turn|28
|
|t:|1599487337
|move|p1a: Ditto|Scald|p2a: Toxapex
|-resisted|p2a: Toxapex
|-damage|p2a: Toxapex|87/100 brn
|move|p2a: Toxapex|Toxic Spikes|p1a: Ditto
|-sidestart|p1: as fast as you can|move: Toxic Spikes
|
|-damage|p1a: Ditto|54/100 brn|[from] brn
|-damage|p2a: Toxapex|81/100 brn|[from] brn
|upkeep
|turn|29
|
|t:|1599487344
|switch|p2a: Tyranitar|Tyranitar, M|22/100
|-weather|Sandstorm|[from] ability: Sand Stream|[of] p2a: Tyranitar
|move|p1a: Ditto|Scald|p2a: Tyranitar
|-supereffective|p2a: Tyranitar
|-damage|p2a: Tyranitar|2/100
|-status|p2a: Tyranitar|brn
|
|-weather|Sandstorm|[upkeep]
|-damage|p1a: Ditto|48/100 brn|[from] Sandstorm
|-damage|p1a: Ditto|42/100 brn|[from] brn
|-damage|p2a: Tyranitar|0 fnt|[from] brn
|faint|p2a: Tyranitar
|upkeep
|c|☆as fast as you can|sry
|
|t:|1599487349
|switch|p2a: Sableye|Sableye-Mega, F|100/100
|turn|30
|
|t:|1599487354
|switch|p1a: Eternatus|Eternatus|100/100
|-sideend|p1: as fast as you can|move: Toxic Spikes|[of] p1a: Eternatus
|-damage|p1a: Eternatus|88/100|[from] Stealth Rock
|-ability|p1a: Eternatus|Pressure
|move|p2a: Sableye|Foul Play|p1a: Eternatus
|-damage|p1a: Eternatus|72/100
|
|-weather|Sandstorm|[upkeep]
|-damage|p1a: Eternatus|66/100|[from] Sandstorm
|-damage|p2a: Sableye|94/100|[from] Sandstorm
|upkeep
|turn|31
|c| InvalidBoi|ok
|
|t:|1599487369
|switch|p1a: Arceus|Arceus-Ground|100/100
|-damage|p1a: Arceus|94/100|[from] Stealth Rock
|move|p2a: Sableye|Foul Play|p1a: Arceus
|-damage|p1a: Arceus|77/100
|
|-weather|Sandstorm|[upkeep]
|-damage|p2a: Sableye|88/100|[from] Sandstorm
|upkeep
|turn|32
|
|t:|1599487377
|switch|p2a: Chansey|Chansey, F|100/100
|move|p1a: Arceus|Calm Mind|p1a: Arceus
|-boost|p1a: Arceus|spa|1
|-boost|p1a: Arceus|spd|1
|
|-weather|Sandstorm|[upkeep]
|-damage|p2a: Chansey|94/100|[from] Sandstorm
|upkeep
|turn|33
|
|t:|1599487387
|switch|p1a: Eternatus|Eternatus|66/100
|-damage|p1a: Eternatus|54/100|[from] Stealth Rock
|-ability|p1a: Eternatus|Pressure
|switch|p2a: Sableye|Sableye-Mega, F|88/100
|
|-weather|none
|upkeep
|turn|34
|
|t:|1599487395
|move|p1a: Eternatus|Recover|p1a: Eternatus
|-heal|p1a: Eternatus|100/100
|move|p2a: Sableye|Will-O-Wisp|p1a: Eternatus
|-status|p1a: Eternatus|brn
|
|-damage|p1a: Eternatus|94/100 brn|[from] brn
|upkeep
|turn|35
|
|t:|1599487402
|switch|p2a: Chansey|Chansey, F|94/100
|move|p1a: Eternatus|Sludge Bomb|p2a: Chansey
|-damage|p2a: Chansey|83/100
|
|-damage|p1a: Eternatus|88/100 brn|[from] brn
|upkeep
|turn|36
|
|t:|1599487414
|switch|p1a: Necrozma|Necrozma-Dusk-Mane|79/100
|-damage|p1a: Necrozma|73/100|[from] Stealth Rock
|move|p2a: Chansey|Heal Bell|p2a: Chansey
|-activate|p2a: Chansey|move: Heal Bell
|-curestatus|p2: Toxapex|brn|[msg]
|
|upkeep
|turn|37
|
|t:|1599487423
|switch|p2a: Toxapex|Toxapex, M|100/100
|move|p1a: Necrozma|Sunsteel Strike|p2a: Toxapex
|-resisted|p2a: Toxapex
|-damage|p2a: Toxapex|86/100
|
|upkeep
|turn|38
|
|t:|1599487432
|switch|p1a: Ditto|Ditto|75/100 brn
|-damage|p1a: Ditto|63/100 brn|[from] Stealth Rock
|-transform|p1a: Ditto|p2a: Toxapex|[from] ability: Imposter
|move|p2a: Toxapex|Scald|p1a: Ditto
|-resisted|p1a: Ditto
|-damage|p1a: Ditto|56/100 brn
|
|-damage|p1a: Ditto|50/100 brn|[from] brn
|upkeep
|turn|39
|
|t:|1599487440
|move|p1a: Ditto|Toxic Spikes|p2a: Toxapex
|-sidestart|p2: wrong ladder oops|move: Toxic Spikes
|move|p2a: Toxapex|Toxic Spikes|p1a: Ditto
|-sidestart|p1: as fast as you can|move: Toxic Spikes
|
|-damage|p1a: Ditto|44/100 brn|[from] brn
|upkeep
|turn|40
|
|t:|1599487448
|switch|p1a: Giratina|Giratina|33/100 brn
|-damage|p1a: Giratina|21/100 brn|[from] Stealth Rock
|-ability|p1a: Giratina|Pressure
|move|p2a: Toxapex|Scald|p1a: Giratina
|-resisted|p1a: Giratina
|-damage|p1a: Giratina|16/100 brn
|
|-heal|p1a: Giratina|23/100 brn|[from] item: Leftovers
|-damage|p1a: Giratina|16/100 brn|[from] brn
|upkeep
|turn|41
|j| fabwooloousツ
|
|t:|1599487451
|switch|p2a: Chansey|Chansey, F|83/100
|-status|p2a: Chansey|psn
|move|p1a: Giratina|Rest|p1a: Giratina
|-status|p1a: Giratina|slp|[from] move: Rest
|-heal|p1a: Giratina|100/100 slp|[silent]
|
|-damage|p2a: Chansey|71/100 psn|[from] psn
|upkeep
|turn|42
|
|t:|1599487456
|switch|p2a: Toxapex|Toxapex, M|100/100
|-sideend|p2: wrong ladder oops|move: Toxic Spikes|[of] p2a: Toxapex
|cant|p1a: Giratina|slp
|
|upkeep
|turn|43
|-message|wrong ladder oops forfeited.
|
|win|as fast as you can
|c| InvalidBoi|i expect a defogger
|c|☆wrong ladder oops|gg
|c|☆as fast as you can|gg
|raw|as fast as you can's rating: 1998 &rarr; <strong>2014</strong><br />(+16 for winning)
|raw|wrong ladder oops's rating: 1940 &rarr; <strong>1923</strong><br />(-17 for losing)
|l|☆as fast as you can
|c| InvalidBoi|yes
|l|☆wrong ladder oops
|c| InvalidBoi|no
|l| InvalidBoi
