|j|☆Slide4FUN
|j|☆Chompychipper
|t:|1666497306
|gametype|singles
|player|p1|Slide4FUN|lady|1563
|player|p2|Chompychipper|maxie-gen6|1747
|teamsize|p1|6
|teamsize|p2|6
|gen|8
|tier|[Gen 8] National Dex AG
|rated|
|rule|HP Percentage Mod: HP is shown in percentages
|rule|Endless Battle Clause: Forcing endless battles is banned
|clearpoke
|poke|p1|Yveltal|
|poke|p1|Necrozma-Dusk-Mane|
|poke|p1|Arceus-*|
|poke|p1|Marshadow|
|poke|p1|Ho-Oh|
|poke|p1|Eternatus|
|poke|p2|Groudon|
|poke|p2|Groudon|
|poke|p2|Groudon|
|poke|p2|Groudon|
|poke|p2|Groudon|
|poke|p2|Groudon|
|teampreview
|c|☆Slide4FUN|well then
|c|☆Slide4FUN|glhf
|
|t:|1666497319
|start
|switch|p1a: Silver|Arceus|100/100
|switch|p2a: Groudon|Groudon|100/100
|detailschange|p2a: Groudon|Groudon-Primal
|-primal|p2a: Groudon
|-weather|DesolateLand|[from] ability: Desolate Land|[of] p2a: Groudon
|turn|1
|
|t:|1666497324
|move|p1a: Silver|Swords Dance|p1a: Silver
|-boost|p1a: Silver|atk|2
|move|p2a: Groudon|Eruption|p1a: Silver
|-damage|p1a: Silver|11/100
|
|-weather|DesolateLand|[upkeep]
|upkeep
|turn|2
|
|t:|1666497334
|move|p1a: Silver|Extreme Speed|p2a: Groudon
|-damage|p2a: Groudon|35/100
|-damage|p1a: Silver|1/100|[from] item: Life Orb
|move|p2a: Groudon|Eruption|p1a: Silver
|-damage|p1a: Silver|0 fnt
|faint|p1a: Silver
|
|-weather|DesolateLand|[upkeep]
|upkeep
|
|t:|1666497345
|switch|p1a: Cell|Necrozma-Dusk-Mane|100/100
|turn|3
|
|t:|1666497351
|move|p2a: Groudon|Precipice Blades|p1a: Cell
|-supereffective|p1a: Cell
|-damage|p1a: Cell|40/100
|move|p1a: Cell|Stealth Rock|p2a: Groudon
|-sidestart|p2: Chompychipper|move: Stealth Rock
|
|-weather|DesolateLand|[upkeep]
|upkeep
|turn|4
|
|t:|1666497360
|switch|p1a: strong ass bird|Yveltal|100/100
|-ability|p1a: strong ass bird|Dark Aura
|move|p2a: Groudon|Precipice Blades|p1a: strong ass bird
|-immune|p1a: strong ass bird
|
|-weather|DesolateLand|[upkeep]
|upkeep
|turn|5
|
|t:|1666497371
|-start|p1a: strong ass bird|Dynamax|
|-heal|p1a: strong ass bird|100/100|[silent]
|move|p1a: strong ass bird|Max Airstream|p2a: Groudon
|-damage|p2a: Groudon|0 fnt
|-boost|p1a: strong ass bird|spe|1
|faint|p2a: Groudon
|-weather|none
|
|upkeep
|
|t:|1666497392
|switch|p2a: Groudon|Groudon|100/100
|-damage|p2a: Groudon|94/100|[from] Stealth Rock
|-weather|SunnyDay|[from] ability: Drought|[of] p2a: Groudon
|turn|6
|
|t:|1666497397
|-start|p2a: Groudon|Dynamax|
|-heal|p2a: Groudon|94/100|[silent]
|move|p2a: Groudon|Max Guard|p2a: Groudon
|-singleturn|p2a: Groudon|Max Guard
|move|p1a: strong ass bird|Max Darkness|p2a: Groudon
|-activate|p2a: Groudon|move: Max Guard
|
|-weather|SunnyDay|[upkeep]
|upkeep
|turn|7
|
|t:|1666497404
|move|p1a: strong ass bird|Max Airstream|p2a: Groudon
|-damage|p2a: Groudon|68/100
|-boost|p1a: strong ass bird|spe|1
|move|p2a: Groudon|Max Rockfall|p1a: strong ass bird
|-supereffective|p1a: strong ass bird
|-damage|p1a: strong ass bird|55/100
|-weather|Sandstorm
|
|-weather|Sandstorm|[upkeep]
|-damage|p1a: strong ass bird|52/100|[from] Sandstorm
|upkeep
|-end|p1a: strong ass bird|Dynamax
|-heal|p1a: strong ass bird|52/100|[silent]
|turn|8
|
|t:|1666497416
|move|p1a: strong ass bird|Knock Off|p2a: Groudon
|-damage|p2a: Groudon|28/100
|-enditem|p2a: Groudon|Soft Sand|[from] move: Knock Off|[of] p1a: strong ass bird
|move|p2a: Groudon|Max Rockfall|p1a: strong ass bird
|-supereffective|p1a: strong ass bird
|-crit|p1a: strong ass bird
|-damage|p1a: strong ass bird|0 fnt
|faint|p1a: strong ass bird
|
|-weather|Sandstorm|[upkeep]
|upkeep
|
|t:|1666497427
|switch|p1a: wisp|Marshadow|100/100
|-end|p2a: Groudon|Dynamax
|-heal|p2a: Groudon|28/100|[silent]
|turn|9
|
|t:|1666497431
|move|p1a: wisp|Spectral Thief|p2a: Groudon
|-damage|p2a: Groudon|0 fnt
|faint|p2a: Groudon
|-damage|p1a: wisp|91/100|[from] item: Life Orb
|
|-weather|Sandstorm|[upkeep]
|-damage|p1a: wisp|84/100|[from] Sandstorm
|upkeep
|
|t:|1666497451
|switch|p2a: Groudon|Groudon|100/100
|-damage|p2a: Groudon|94/100|[from] Stealth Rock
|-weather|SunnyDay|[from] ability: Drought|[of] p2a: Groudon
|turn|10
|
|t:|1666497457
|move|p2a: Groudon|Shadow Claw|p1a: wisp
|-supereffective|p1a: wisp
|-damage|p1a: wisp|17/100
|move|p1a: wisp|Spectral Thief|p2a: Groudon
|-damage|p2a: Groudon|48/100
|-damage|p1a: wisp|7/100|[from] item: Life Orb
|
|-weather|SunnyDay|[upkeep]
|upkeep
|turn|11
|
|t:|1666497462
|move|p1a: wisp|Shadow Sneak|p2a: Groudon
|-damage|p2a: Groudon|19/100
|-damage|p1a: wisp|0 fnt|[from] item: Life Orb
|faint|p1a: wisp
|move|p2a: Groudon|Shadow Claw|p1: wisp|[notarget]
|-fail|p2a: Groudon
|
|-weather|SunnyDay|[upkeep]
|upkeep
|
|t:|1666497472
|switch|p1a: Ghoul|Eternatus|100/100
|-ability|p1a: Ghoul|Pressure
|turn|12
|
|t:|1666497481
|switch|p2a: Groudon|Groudon|100/100
|-damage|p2a: Groudon|94/100|[from] Stealth Rock
|detailschange|p2a: Groudon|Groudon-Primal
|-primal|p2a: Groudon
|-weather|DesolateLand|[from] ability: Desolate Land|[of] p2a: Groudon
|move|p1a: Ghoul|Flamethrower|p2a: Groudon
|-resisted|p2a: Groudon
|-damage|p2a: Groudon|74/100
|-damage|p1a: Ghoul|91/100|[from] item: Life Orb
|
|-weather|DesolateLand|[upkeep]
|upkeep
|turn|13
|
|t:|1666497486
|move|p1a: Ghoul|Dynamax Cannon|p2a: Groudon
|-crit|p2a: Groudon
|-damage|p2a: Groudon|4/100
|-damage|p1a: Ghoul|81/100|[from] item: Life Orb
|move|p2a: Groudon|Precipice Blades|p1a: Ghoul|[miss]
|-miss|p2a: Groudon|p1a: Ghoul
|
|-weather|DesolateLand|[upkeep]
|upkeep
|turn|14
|
|t:|1666497491
|move|p1a: Ghoul|Flamethrower|p2a: Groudon
|-resisted|p2a: Groudon
|-damage|p2a: Groudon|0 fnt
|faint|p2a: Groudon
|-weather|none
|-damage|p1a: Ghoul|71/100|[from] item: Life Orb
|
|upkeep
|
|t:|1666497498
|switch|p2a: Groudon|Groudon|100/100
|-damage|p2a: Groudon|94/100|[from] Stealth Rock
|detailschange|p2a: Groudon|Groudon-Primal
|-primal|p2a: Groudon
|-weather|DesolateLand|[from] ability: Desolate Land|[of] p2a: Groudon
|turn|15
|
|t:|1666497508
|move|p1a: Ghoul|Dynamax Cannon|p2a: Groudon
|-damage|p2a: Groudon|25/100
|-damage|p1a: Ghoul|61/100|[from] item: Life Orb
|move|p2a: Groudon|Earthquake|p1a: Ghoul
|-supereffective|p1a: Ghoul
|-damage|p1a: Ghoul|0 fnt
|faint|p1a: Ghoul
|
|-weather|DesolateLand|[upkeep]
|upkeep
|
|t:|1666497511
|switch|p1a: Prince|Ho-Oh|100/100
|turn|16
|
|t:|1666497529
|move|p1a: Prince|Brave Bird|p2a: Groudon
|-damage|p2a: Groudon|4/100
|-damage|p1a: Prince|94/100|[from] Recoil
|move|p2a: Groudon|Dragon Claw|p1a: Prince
|-damage|p1a: Prince|65/100
|
|-weather|DesolateLand|[upkeep]
|upkeep
|turn|17
|
|t:|1666497535
|move|p1a: Prince|Roost|p1a: Prince
|-heal|p1a: Prince|100/100
|-singleturn|p1a: Prince|move: Roost
|move|p2a: Groudon|Dragon Claw|p1a: Prince
|-damage|p1a: Prince|74/100
|
|-weather|DesolateLand|[upkeep]
|upkeep
|turn|18
|
|t:|1666497539
|move|p1a: Prince|Sacred Fire|p2a: Groudon
|-resisted|p2a: Groudon
|-damage|p2a: Groudon|0 fnt
|faint|p2a: Groudon
|-weather|none
|
|upkeep
|
|t:|1666497550
|switch|p2a: Groudon|Groudon|19/100
|-damage|p2a: Groudon|13/100|[from] Stealth Rock
|-weather|SunnyDay|[from] ability: Drought|[of] p2a: Groudon
|turn|19
|
|t:|1666497553
|switch|p1a: Cell|Necrozma-Dusk-Mane|40/100
|move|p2a: Groudon|Stone Edge|p1a: Cell
|-resisted|p1a: Cell
|-damage|p1a: Cell|28/100
|
|-weather|SunnyDay|[upkeep]
|upkeep
|turn|20
|
|t:|1666497558
|switch|p2a: Groudon|Groudon|100/100
|-damage|p2a: Groudon|94/100|[from] Stealth Rock
|move|p1a: Cell|Morning Sun|p1a: Cell
|-heal|p1a: Cell|95/100
|
|-weather|SunnyDay|[upkeep]
|upkeep
|turn|21
|
|t:|1666497563
|move|p2a: Groudon|Earthquake|p1a: Cell
|-supereffective|p1a: Cell
|-damage|p1a: Cell|32/100
|move|p1a: Cell|Knock Off|p2a: Groudon
|-damage|p2a: Groudon|73/100
|-enditem|p2a: Groudon|Safety Goggles|[from] move: Knock Off|[of] p1a: Cell
|
|-weather|SunnyDay|[upkeep]
|upkeep
|turn|22
|
|t:|1666497568
|switch|p1a: Prince|Ho-Oh|100/100
|move|p2a: Groudon|Earthquake|p1a: Prince
|-immune|p1a: Prince
|
|-weather|SunnyDay|[upkeep]
|upkeep
|turn|23
|
|t:|1666497574
|move|p1a: Prince|Sacred Fire|p2a: Groudon
|-damage|p2a: Groudon|33/100
|-status|p2a: Groudon|brn
|move|p2a: Groudon|Dragon Tail|p1a: Prince
|-damage|p1a: Prince|90/100
|drag|p1a: Cell|Necrozma-Dusk-Mane|32/100
|
|-weather|none
|-damage|p2a: Groudon|27/100 brn|[from] brn
|upkeep
|turn|24
|
|t:|1666497581
|move|p2a: Groudon|Earthquake|p1a: Cell
|-supereffective|p1a: Cell
|-damage|p1a: Cell|3/100
|move|p1a: Cell|Morning Sun|p1a: Cell
|-heal|p1a: Cell|53/100
|
|-damage|p2a: Groudon|21/100 brn|[from] brn
|upkeep
|turn|25
|
|t:|1666497591
|switch|p1a: Prince|Ho-Oh|100/100
|move|p2a: Groudon|Earthquake|p1a: Prince
|-immune|p1a: Prince
|
|-damage|p2a: Groudon|15/100 brn|[from] brn
|upkeep
|turn|26
|
|t:|1666497598
|move|p1a: Prince|Brave Bird|p2a: Groudon
|-damage|p2a: Groudon|0 fnt
|faint|p2a: Groudon
|-damage|p1a: Prince|96/100|[from] Recoil
|
|upkeep
|
|t:|1666497600
|switch|p2a: Groudon|Groudon|13/100
|-damage|p2a: Groudon|7/100|[from] Stealth Rock
|-weather|SunnyDay|[from] ability: Drought|[of] p2a: Groudon
|turn|27
|
|t:|1666497604
|move|p2a: Groudon|Stone Edge|p1a: Prince
|-supereffective|p1a: Prince
|-damage|p1a: Prince|0 fnt
|faint|p1a: Prince
|
|-weather|SunnyDay|[upkeep]
|upkeep
|
|t:|1666497606
|switch|p1a: Cell|Necrozma-Dusk-Mane|53/100
|turn|28
|
|t:|1666497608
|move|p2a: Groudon|Stone Edge|p1a: Cell
|-resisted|p1a: Cell
|-damage|p1a: Cell|41/100
|move|p1a: Cell|Sunsteel Strike|p2a: Groudon
|-damage|p2a: Groudon|0 fnt
|faint|p2a: Groudon
|
|win|Slide4FUN
|raw|Slide4FUN's rating: 1563 &rarr; <strong>1593</strong><br />(+30 for winning)
|raw|Chompychipper's rating: 1747 &rarr; <strong>1717</strong><br />(-30 for losing)
|c|☆Chompychipper|gg
|c|☆Slide4FUN|gg
|l|☆Chompychipper
