|j|☆Andy611
|j|☆CLEAR GEM清瑜
|t:|1664855199
|gametype|singles
|player|p1|Andy611|1|1688
|player|p2|CLEAR GEM清瑜|skierf|1825
|teamsize|p1|6
|teamsize|p2|6
|gen|8
|tier|[Gen 8] National Dex AG
|rated|
|rule|HP Percentage Mod: HP is shown in percentages
|rule|Endless Battle Clause: Forcing endless battles is banned
|clearpoke
|poke|p1|Zamazenta-*|
|poke|p1|Calyrex-Shadow|
|poke|p1|Kyogre|
|poke|p1|Yveltal|
|poke|p1|Lugia|
|poke|p1|Rayquaza|
|poke|p2|Rayquaza|
|poke|p2|Groudon|
|poke|p2|Necrozma-Dusk-Mane|
|poke|p2|Arceus-*|
|poke|p2|Arceus-*|
|poke|p2|Arceus-*|
|teampreview
|inactive|Battle timer is ON: inactive players will automatically lose when time's up. (requested by CLEAR GEM清瑜)
|
|t:|1664855229
|start
|switch|p1a: Rayquaza|Rayquaza|100/100
|switch|p2a: 不会(?)|Groudon|100/100
|-ability|p1a: Rayquaza|Air Lock
|detailschange|p2a: 不会(?)|Groudon-Primal
|-primal|p2a: 不会(?)
|-weather|DesolateLand|[from] ability: Desolate Land|[of] p2a: 不会(?)
|turn|1
|
|t:|1664855243
|detailschange|p1a: Rayquaza|Rayquaza-Mega
|-mega|p1a: Rayquaza|Rayquaza|
|-weather|DeltaStream|[from] ability: Delta Stream|[of] p1a: Rayquaza
|move|p1a: Rayquaza|Dragon Dance|p1a: Rayquaza
|-boost|p1a: Rayquaza|atk|1
|-boost|p1a: Rayquaza|spe|1
|move|p2a: 不会(?)|Thunder Wave|p1a: Rayquaza
|-status|p1a: Rayquaza|par
|
|-weather|DeltaStream|[upkeep]
|upkeep
|turn|2
|
|t:|1664855254
|move|p1a: Rayquaza|Dragon Ascent|p2a: 不会(?)
|-damage|p2a: 不会(?)|46/100
|-unboost|p1a: Rayquaza|def|1
|-unboost|p1a: Rayquaza|spd|1
|move|p2a: 不会(?)|Stealth Rock|p1a: Rayquaza
|-sidestart|p1: Andy611|move: Stealth Rock
|
|-weather|DeltaStream|[upkeep]
|upkeep
|turn|3
|
|t:|1664855262
|cant|p1a: Rayquaza|par
|move|p2a: 不会(?)|Roar|p1a: Rayquaza
|-weather|none
|drag|p1a: Yveltal|Yveltal|100/100
|-damage|p1a: Yveltal|76/100|[from] Stealth Rock
|-ability|p1a: Yveltal|Dark Aura
|
|upkeep
|turn|4
|
|t:|1664855272
|-start|p1a: Yveltal|Dynamax|
|-heal|p1a: Yveltal|76/100|[silent]
|move|p1a: Yveltal|Max Airstream|p2a: 不会(?)
|-damage|p2a: 不会(?)|10/100
|-boost|p1a: Yveltal|spe|1
|-damage|p1a: Yveltal|71/100|[from] item: Life Orb
|move|p2a: 不会(?)|Thunder Wave|p1a: Yveltal
|-status|p1a: Yveltal|par
|
|upkeep
|turn|5
|
|t:|1664855285
|move|p1a: Yveltal|Max Airstream|p2a: 不会(?)
|-damage|p2a: 不会(?)|0 fnt
|-boost|p1a: Yveltal|spe|1
|faint|p2a: 不会(?)
|-damage|p1a: Yveltal|66/100 par|[from] item: Life Orb
|
|upkeep
|
|t:|1664855291
|switch|p2a: 究极辅助|Arceus-Dark|100/100
|turn|6
|
|t:|1664855297
|move|p1a: Yveltal|Max Airstream|p2a: 究极辅助
|-damage|p2a: 究极辅助|41/100
|-boost|p1a: Yveltal|spe|1
|-damage|p1a: Yveltal|61/100 par|[from] item: Life Orb
|move|p2a: 究极辅助|Recover|p2a: 究极辅助
|-heal|p2a: 究极辅助|91/100
|
|upkeep
|-end|p1a: Yveltal|Dynamax
|-heal|p1a: Yveltal|61/100 par|[silent]
|turn|7
|
|t:|1664855309
|cant|p1a: Yveltal|par
|move|p2a: 究极辅助|Roar|p1a: Yveltal
|drag|p1a: Lugia|Lugia|100/100
|
|upkeep
|turn|8
|
|t:|1664855315
|move|p2a: 究极辅助|Judgment|p1a: Lugia
|-supereffective|p1a: Lugia
|-damage|p1a: Lugia|77/100
|move|p1a: Lugia|Defog|p2a: 究极辅助
|-unboost|p2a: 究极辅助|evasion|1
|-sideend|p1: Andy611|Stealth Rock|[from] move: Defog|[of] p1a: Lugia
|
|upkeep
|turn|9
|
|t:|1664855323
|move|p2a: 究极辅助|Judgment|p1a: Lugia
|-supereffective|p1a: Lugia
|-damage|p1a: Lugia|28/100
|move|p1a: Lugia|Toxic|p2a: 究极辅助
|-status|p2a: 究极辅助|tox
|
|-damage|p2a: 究极辅助|84/100 tox|[from] psn
|upkeep
|turn|10
|
|t:|1664855334
|switch|p1a: Zamazenta|Zamazenta-Crowned|100/100
|-ability|p1a: Zamazenta|Dauntless Shield|boost
|-boost|p1a: Zamazenta|def|1
|move|p2a: 究极辅助|Judgment|p1a: Zamazenta
|-resisted|p1a: Zamazenta
|-damage|p1a: Zamazenta|79/100
|
|-damage|p2a: 究极辅助|72/100 tox|[from] psn
|upkeep
|turn|11
|
|t:|1664855348
|switch|p1a: Kyogre|Kyogre|100/100
|-weather|RainDance|[from] ability: Drizzle|[of] p1a: Kyogre
|switch|p2a: 乱杀P固|Arceus-Ground|100/100
|
|-weather|RainDance|[upkeep]
|upkeep
|turn|12
|
|t:|1664855359
|switch|p2a: 烈龙无敌|Rayquaza|100/100
|-ability|p2a: 烈龙无敌|Air Lock
|move|p1a: Kyogre|Water Spout|p2a: 烈龙无敌
|-resisted|p2a: 烈龙无敌
|-damage|p2a: 烈龙无敌|55/100
|
|-weather|RainDance|[upkeep]
|upkeep
|turn|13
|
|t:|1664855371
|switch|p1a: Yveltal|Yveltal|61/100 par
|-ability|p1a: Yveltal|Dark Aura
|detailschange|p2a: 烈龙无敌|Rayquaza-Mega
|-mega|p2a: 烈龙无敌|Rayquaza|
|-weather|DeltaStream|[from] ability: Delta Stream|[of] p2a: 烈龙无敌
|move|p2a: 烈龙无敌|Scale Shot|p1a: Yveltal
|-damage|p1a: Yveltal|41/100 par
|-damage|p1a: Yveltal|20/100 par
|-damage|p1a: Yveltal|0 fnt
|faint|p1a: Yveltal
|-hitcount|p1: Yveltal|3
|-unboost|p2a: 烈龙无敌|def|1
|-boost|p2a: 烈龙无敌|spe|1
|-damage|p2a: 烈龙无敌|45/100|[from] item: Life Orb
|
|-weather|DeltaStream|[upkeep]
|upkeep
|
|t:|1664855389
|switch|p1a: Rayquaza|Rayquaza-Mega|100/100 par
|turn|14
|
|t:|1664855392
|move|p1a: Rayquaza|Extreme Speed|p2a: 烈龙无敌
|-damage|p2a: 烈龙无敌|0 fnt
|faint|p2a: 烈龙无敌
|
|-weather|DeltaStream|[upkeep]
|upkeep
|
|t:|1664855396
|switch|p2a: 钢铁之躯|Necrozma-Dusk-Mane|100/100
|turn|15
|
|t:|1664855400
|move|p2a: 钢铁之躯|Dragon Dance|p2a: 钢铁之躯
|-boost|p2a: 钢铁之躯|atk|1
|-boost|p2a: 钢铁之躯|spe|1
|move|p1a: Rayquaza|V-create|p2a: 钢铁之躯
|-supereffective|p2a: 钢铁之躯
|-damage|p2a: 钢铁之躯|8/100
|-unboost|p1a: Rayquaza|spe|1
|-unboost|p1a: Rayquaza|def|1
|-unboost|p1a: Rayquaza|spd|1
|
|-weather|DeltaStream|[upkeep]
|upkeep
|turn|16
|
|t:|1664855410
|detailschange|p2a: 钢铁之躯|Necrozma-Ultra
|-burst|p2a: 钢铁之躯|Necrozma|Ultranecrozium Z
|cant|p1a: Rayquaza|par
|move|p2a: 钢铁之躯|Photon Geyser|p1a: Rayquaza
|-enditem|p1a: Rayquaza|Focus Sash
|-damage|p1a: Rayquaza|1/100 par
|
|-weather|DeltaStream|[upkeep]
|upkeep
|turn|17
|
|t:|1664855421
|move|p1a: Rayquaza|Extreme Speed|p2a: 钢铁之躯
|-damage|p2a: 钢铁之躯|0 fnt
|faint|p2a: 钢铁之躯
|
|-weather|DeltaStream|[upkeep]
|upkeep
|
|t:|1664855423
|switch|p2a: 悬空羊驼|Arceus-Flying|100/100
|turn|18
|
|t:|1664855431
|move|p1a: Rayquaza|Extreme Speed|p2a: 悬空羊驼
|-damage|p2a: 悬空羊驼|76/100
|move|p2a: 悬空羊驼|Calm Mind|p2a: 悬空羊驼
|-boost|p2a: 悬空羊驼|spa|1
|-boost|p2a: 悬空羊驼|spd|1
|
|-weather|DeltaStream|[upkeep]
|upkeep
|turn|19
|
|t:|1664855438
|-start|p2a: 悬空羊驼|Dynamax|
|-heal|p2a: 悬空羊驼|76/100|[silent]
|move|p2a: 悬空羊驼|Max Airstream|p1a: Rayquaza
|-damage|p1a: Rayquaza|0 fnt
|-boost|p2a: 悬空羊驼|spe|1
|faint|p1a: Rayquaza
|-weather|none
|
|upkeep
|
|t:|1664855462
|switch|p1a: Kyogre|Kyogre|100/100
|-weather|RainDance|[from] ability: Drizzle|[of] p1a: Kyogre
|turn|20
|
|t:|1664855468
|move|p2a: 悬空羊驼|Max Airstream|p1a: Kyogre
|-damage|p1a: Kyogre|5/100
|-boost|p2a: 悬空羊驼|spe|1
|move|p1a: Kyogre|Thunder|p2a: 悬空羊驼
|-supereffective|p2a: 悬空羊驼
|-damage|p2a: 悬空羊驼|57/100
|
|-weather|RainDance|[upkeep]
|upkeep
|turn|21
|
|t:|1664855478
|move|p2a: 悬空羊驼|Max Quake|p1a: Kyogre
|-damage|p1a: Kyogre|0 fnt
|-boost|p2a: 悬空羊驼|spd|1
|faint|p1a: Kyogre
|
|-weather|RainDance|[upkeep]
|upkeep
|
|t:|1664855496
|switch|p1a: Zamazenta|Zamazenta-Crowned|79/100
|-ability|p1a: Zamazenta|Dauntless Shield|boost
|-boost|p1a: Zamazenta|def|1
|-end|p2a: 悬空羊驼|Dynamax
|-heal|p2a: 悬空羊驼|57/100|[silent]
|turn|22
|
|t:|1664855506
|move|p2a: 悬空羊驼|Judgment|p1a: Zamazenta
|-damage|p1a: Zamazenta|8/100
|move|p1a: Zamazenta|Wild Charge|p2a: 悬空羊驼
|-supereffective|p2a: 悬空羊驼
|-damage|p2a: 悬空羊驼|10/100
|-damage|p1a: Zamazenta|0 fnt|[from] Recoil
|faint|p1a: Zamazenta
|
|-weather|RainDance|[upkeep]
|upkeep
|inactive|Andy611 has 120 seconds left.
|
|t:|1664855519
|switch|p1a: Calyrex|Calyrex-Shadow|100/100
|-ability|p1a: Calyrex|As One
|-ability|p1a: Calyrex|Unnerve
|turn|23
|
|t:|1664855525
|move|p2a: 悬空羊驼|Recover|p2a: 悬空羊驼
|-heal|p2a: 悬空羊驼|60/100
|move|p1a: Calyrex|Astral Barrage|p2a: 悬空羊驼
|-damage|p2a: 悬空羊驼|33/100
|
|-weather|RainDance|[upkeep]
|upkeep
|turn|24
|
|t:|1664855533
|move|p2a: 悬空羊驼|Recover|p2a: 悬空羊驼
|-heal|p2a: 悬空羊驼|83/100
|move|p1a: Calyrex|Psychic|p2a: 悬空羊驼
|-damage|p2a: 悬空羊驼|63/100
|
|-weather|none
|upkeep
|turn|25
|
|t:|1664855542
|move|p2a: 悬空羊驼|Judgment|p1a: Calyrex
|-damage|p1a: Calyrex|6/100
|move|p1a: Calyrex|Astral Barrage|p2a: 悬空羊驼
|-damage|p2a: 悬空羊驼|39/100
|
|upkeep
|turn|26
|-message|Andy611 forfeited.
|
|win|CLEAR GEM清瑜
|raw|Andy611's rating: 1688 &rarr; <strong>1676</strong><br />(-12 for losing)
|raw|CLEAR GEM清瑜's rating: 1825 &rarr; <strong>1837</strong><br />(+12 for winning)
|l|☆Andy611
||Ladder isn't responding, score probably updated but might not have (Request timeout).
