|j|☆ThyKingCharles
|j|☆TikiTikiTa!
|t:|1647628408
|gametype|singles
|player|p1|ThyKingCharles|zinnia|1670
|player|p2|TikiTikiTa!|caitlin|1568
|teamsize|p1|6
|teamsize|p2|6
|gen|8
|tier|[Gen 8] National Dex AG
|rated|
|rule|HP Percentage Mod: HP is shown in percentages
|rule|Endless Battle Clause: Forcing endless battles is banned
|clearpoke
|poke|p1|Rayquaza|
|poke|p1|Arceus-*|
|poke|p1|Yveltal|
|poke|p1|Zacian-*|
|poke|p1|Necrozma-Dusk-Mane|
|poke|p1|Marshadow|
|poke|p2|Arceus-*|
|poke|p2|Marshadow|
|poke|p2|Deoxys-Defense|
|poke|p2|Kartana|
|poke|p2|Blaziken, M|
|poke|p2|Lugia|
|teampreview
|
|t:|1647628414
|start
|switch|p1a: Arceus|Arceus|100/100
|switch|p2a: Blocker Man|Lugia|100/100
|turn|1
|
|t:|1647628417
|move|p2a: Blocker Man|Toxic|p1a: Arceus
|-status|p1a: Arceus|tox
|move|p1a: Arceus|Shadow Claw|p2a: Blocker Man
|-supereffective|p2a: Blocker Man
|-damage|p2a: Blocker Man|84/100
|
|-heal|p2a: Blocker Man|90/100|[from] item: Leftovers
|-damage|p1a: Arceus|94/100 tox|[from] psn
|upkeep
|turn|2
|
|t:|1647628423
|switch|p1a: Yveltal|Yveltal|100/100
|-ability|p1a: Yveltal|Dark Aura
|move|p2a: Blocker Man|Aeroblast|p1a: Yveltal
|-damage|p1a: Yveltal|74/100
|
|-heal|p2a: Blocker Man|97/100|[from] item: Leftovers
|upkeep
|turn|3
|
|t:|1647628425
|move|p2a: Blocker Man|Toxic|p1a: Yveltal
|-status|p1a: Yveltal|tox
|move|p1a: Yveltal|Dark Pulse|p2a: Blocker Man
|-supereffective|p2a: Blocker Man
|-damage|p2a: Blocker Man|36/100
|
|-heal|p2a: Blocker Man|42/100|[from] item: Leftovers
|-damage|p1a: Yveltal|67/100 tox|[from] psn
|upkeep
|turn|4
|
|t:|1647628429
|move|p2a: Blocker Man|Roost|p2a: Blocker Man
|-heal|p2a: Blocker Man|92/100
|-singleturn|p2a: Blocker Man|move: Roost
|move|p1a: Yveltal|Oblivion Wing|p2a: Blocker Man
|-damage|p2a: Blocker Man|71/100
|-heal|p1a: Yveltal|85/100 tox|[from] drain|[of] p2a: Blocker Man
|
|-heal|p2a: Blocker Man|77/100|[from] item: Leftovers
|-damage|p1a: Yveltal|73/100 tox|[from] psn
|upkeep
|turn|5
|
|t:|1647628435
|switch|p1a: Arceus|Arceus|94/100 tox
|move|p2a: Blocker Man|Roost|p2a: Blocker Man
|-heal|p2a: Blocker Man|100/100
|-singleturn|p2a: Blocker Man|move: Roost
|
|-damage|p1a: Arceus|88/100 tox|[from] psn
|upkeep
|turn|6
|
|t:|1647628437
|move|p2a: Blocker Man|Aeroblast|p1a: Arceus
|-damage|p1a: Arceus|68/100 tox
|move|p1a: Arceus|Swords Dance|p1a: Arceus
|-boost|p1a: Arceus|atk|2
|
|-damage|p1a: Arceus|55/100 tox|[from] psn
|upkeep
|turn|7
|
|t:|1647628441
|move|p2a: Blocker Man|Aeroblast|p1a: Arceus
|-crit|p1a: Arceus
|-damage|p1a: Arceus|26/100 tox
|move|p1a: Arceus|Shadow Claw|p2a: Blocker Man
|-supereffective|p2a: Blocker Man
|-damage|p2a: Blocker Man|70/100
|
|-heal|p2a: Blocker Man|76/100|[from] item: Leftovers
|-damage|p1a: Arceus|8/100 tox|[from] psn
|upkeep
|turn|8
|
|t:|1647628447
|move|p1a: Arceus|Extreme Speed|p2a: Blocker Man
|-damage|p2a: Blocker Man|22/100
|move|p2a: Blocker Man|Roost|p2a: Blocker Man
|-heal|p2a: Blocker Man|72/100
|-singleturn|p2a: Blocker Man|move: Roost
|
|-heal|p2a: Blocker Man|78/100|[from] item: Leftovers
|-damage|p1a: Arceus|0 fnt|[from] psn
|faint|p1a: Arceus
|upkeep
|
|t:|1647628449
|switch|p1a: Yveltal|Yveltal|73/100 tox
|-ability|p1a: Yveltal|Dark Aura
|turn|9
|
|t:|1647628453
|move|p2a: Blocker Man|Roost|p2a: Blocker Man
|-heal|p2a: Blocker Man|100/100
|-singleturn|p2a: Blocker Man|move: Roost
|move|p1a: Yveltal|Dark Pulse|p2a: Blocker Man
|-supereffective|p2a: Blocker Man
|-damage|p2a: Blocker Man|71/100
|
|-heal|p2a: Blocker Man|77/100|[from] item: Leftovers
|-damage|p1a: Yveltal|66/100 tox|[from] psn
|upkeep
|turn|10
|
|t:|1647628460
|switch|p1a: Zacian|Zacian-Crowned|100/100
|-ability|p1a: Zacian|Intrepid Sword|boost
|-boost|p1a: Zacian|atk|1
|move|p2a: Blocker Man|Roost|p2a: Blocker Man
|-heal|p2a: Blocker Man|100/100
|-singleturn|p2a: Blocker Man|move: Roost
|
|upkeep
|turn|11
|
|t:|1647628463
|switch|p2a: Deoxys|Deoxys-Defense|100/100
|-ability|p2a: Deoxys|Pressure
|move|p1a: Zacian|Swords Dance|p1a: Zacian
|-boost|p1a: Zacian|atk|2
|
|upkeep
|turn|12
|
|t:|1647628466
|move|p1a: Zacian|Behemoth Blade|p2a: Deoxys
|-damage|p2a: Deoxys|0 fnt
|faint|p2a: Deoxys
|
|upkeep
|
|t:|1647628469
|switch|p2a: The Champ|Marshadow|100/100
|turn|13
|
|t:|1647628471
|switch|p1a: Yveltal|Yveltal|66/100 tox
|-ability|p1a: Yveltal|Dark Aura
|move|p2a: The Champ|Spectral Thief|p1a: Yveltal
|-resisted|p1a: Yveltal
|-damage|p1a: Yveltal|43/100 tox
|
|-damage|p1a: Yveltal|37/100 tox|[from] psn
|upkeep
|turn|14
|
|t:|1647628474
|move|p2a: The Champ|Ice Punch|p1a: Yveltal
|-supereffective|p1a: Yveltal
|-damage|p1a: Yveltal|0 fnt
|faint|p1a: Yveltal
|
|upkeep
|
|t:|1647628480
|switch|p1a: Marshadow|Marshadow|100/100
|turn|15
|
|t:|1647628481
|switch|p2a: Blocker Man|Lugia|100/100
|move|p1a: Marshadow|Spectral Thief|p2a: Blocker Man
|-supereffective|p2a: Blocker Man
|-damage|p2a: Blocker Man|72/100
|
|-heal|p2a: Blocker Man|78/100|[from] item: Leftovers
|upkeep
|turn|16
|
|t:|1647628485
|switch|p1a: Zacian|Zacian-Crowned|100/100
|-ability|p1a: Zacian|Intrepid Sword|boost
|-boost|p1a: Zacian|atk|1
|move|p2a: Blocker Man|Aeroblast|p1a: Zacian
|-resisted|p1a: Zacian
|-damage|p1a: Zacian|85/100
|
|-heal|p2a: Blocker Man|84/100|[from] item: Leftovers
|upkeep
|turn|17
|
|t:|1647628488
|switch|p2a: Sixth Degree.|Blaziken, M|100/100
|move|p1a: Zacian|Behemoth Blade|p2a: Sixth Degree.
|-resisted|p2a: Sixth Degree.
|-crit|p2a: Sixth Degree.
|-damage|p2a: Sixth Degree.|0 fnt
|faint|p2a: Sixth Degree.
|
|upkeep
|
|t:|1647628493
|switch|p2a: Choppy|Kartana|100/100
|turn|18
|
|t:|1647628498
|move|p1a: Zacian|Close Combat|p2a: Choppy
|-supereffective|p2a: Choppy
|-enditem|p2a: Choppy|Focus Sash
|-damage|p2a: Choppy|1/100
|-unboost|p1a: Zacian|def|1
|-unboost|p1a: Zacian|spd|1
|move|p2a: Choppy|Smart Strike|p1a: Zacian
|-damage|p1a: Zacian|16/100
|
|upkeep
|turn|19
|
|t:|1647628501
|move|p1a: Zacian|Close Combat|p2a: Choppy
|-supereffective|p2a: Choppy
|-damage|p2a: Choppy|0 fnt
|-unboost|p1a: Zacian|def|1
|-unboost|p1a: Zacian|spd|1
|faint|p2a: Choppy
|
|upkeep
|
|t:|1647628502
|switch|p2a: The Champ|Marshadow|100/100
|turn|20
|
|t:|1647628504
|switch|p1a: Rayquaza|Rayquaza|100/100
|-ability|p1a: Rayquaza|Air Lock
|move|p2a: The Champ|Shadow Sneak|p1a: Rayquaza
|-damage|p1a: Rayquaza|68/100
|
|upkeep
|turn|21
|
|t:|1647628510
|detailschange|p1a: Rayquaza|Rayquaza-Mega
|-mega|p1a: Rayquaza|Rayquaza|
|-weather|DeltaStream|[from] ability: Delta Stream|[of] p1a: Rayquaza
|move|p2a: The Champ|Ice Punch|p1a: Rayquaza
|-activate||deltastream
|-supereffective|p1a: Rayquaza
|-damage|p1a: Rayquaza|18/100
|move|p1a: Rayquaza|Dragon Ascent|p2a: The Champ
|-supereffective|p2a: The Champ
|-enditem|p2a: The Champ|Focus Sash
|-damage|p2a: The Champ|1/100
|-unboost|p1a: Rayquaza|def|1
|-unboost|p1a: Rayquaza|spd|1
|-damage|p1a: Rayquaza|8/100|[from] item: Life Orb
|
|-weather|DeltaStream|[upkeep]
|upkeep
|turn|22
|
|t:|1647628518
|move|p2a: The Champ|Ice Punch|p1a: Rayquaza
|-activate||deltastream
|-supereffective|p1a: Rayquaza
|-damage|p1a: Rayquaza|0 fnt
|faint|p1a: Rayquaza
|-weather|none
|
|upkeep
|
|t:|1647628521
|switch|p1a: Marshadow|Marshadow|100/100
|turn|23
|
|t:|1647628524
|switch|p2a: Blocker Man|Lugia|84/100
|move|p1a: Marshadow|Shadow Sneak|p2a: Blocker Man
|-supereffective|p2a: Blocker Man
|-damage|p2a: Blocker Man|48/100
|
|-heal|p2a: Blocker Man|54/100|[from] item: Leftovers
|upkeep
|turn|24
|
|t:|1647628528
|move|p1a: Marshadow|Spectral Thief|p2a: Blocker Man
|-supereffective|p2a: Blocker Man
|-damage|p2a: Blocker Man|0 fnt
|faint|p2a: Blocker Man
|
|upkeep
|
|t:|1647628530
|switch|p2a: Arceus|Arceus-Electric, shiny|100/100
|turn|25
|j| UserName17452
|
|t:|1647628533
|-start|p2a: Arceus|Dynamax
|-heal|p2a: Arceus|100/100|[silent]
|move|p1a: Marshadow|Rock Tomb|p2a: Arceus
|-damage|p2a: Arceus|90/100
|-unboost|p2a: Arceus|spe|1
|move|p2a: Arceus|Max Lightning|p1a: Marshadow
|-damage|p1a: Marshadow|23/100
|-fieldstart|move: Electric Terrain
|
|upkeep
|turn|26
|
|t:|1647628535
|move|p1a: Marshadow|Rock Tomb|p2a: Arceus
|-damage|p2a: Arceus|80/100
|-unboost|p2a: Arceus|spe|1
|move|p2a: Arceus|Max Lightning|p1a: Marshadow
|-damage|p1a: Marshadow|0 fnt
|faint|p1a: Marshadow
|
|upkeep
|
|t:|1647628538
|switch|p1a: Necrozma|Necrozma-Dusk-Mane|100/100
|turn|27
|
|t:|1647628542
|detailschange|p1a: Necrozma|Necrozma-Ultra
|-burst|p1a: Necrozma|Necrozma|Ultranecrozium Z
|move|p1a: Necrozma|Dragon Dance|p1a: Necrozma
|-boost|p1a: Necrozma|atk|1
|-boost|p1a: Necrozma|spe|1
|move|p2a: Arceus|Max Lightning|p1a: Necrozma
|-resisted|p1a: Necrozma
|-damage|p1a: Necrozma|56/100
|
|-end|p2a: Arceus|Dynamax
|-heal|p2a: Arceus|80/100|[silent]
|upkeep
|turn|28
|
|t:|1647628545
|move|p1a: Necrozma|Earthquake|p2a: Arceus
|-supereffective|p2a: Arceus
|-damage|p2a: Arceus|0 fnt
|faint|p2a: Arceus
|
|upkeep
|
|t:|1647628547
|switch|p2a: The Champ|Marshadow|1/100
|turn|29
|
|t:|1647628550
|move|p2a: The Champ|Shadow Sneak|p1a: Necrozma
|-supereffective|p1a: Necrozma
|-damage|p1a: Necrozma|0 fnt
|faint|p1a: Necrozma
|
|-fieldend|move: Electric Terrain
|upkeep
|
|t:|1647628551
|switch|p1a: Zacian|Zacian-Crowned|16/100
|-ability|p1a: Zacian|Intrepid Sword|boost
|-boost|p1a: Zacian|atk|1
|turn|30
|c| UserName17452|hello
|c|☆TikiTikiTa!|The Champ
|c|☆TikiTikiTa!|is always
|c|☆TikiTikiTa!|the champ
|
|t:|1647628572
|move|p2a: The Champ|Shadow Sneak|p1a: Zacian
|-crit|p1a: Zacian
|-damage|p1a: Zacian|0 fnt
|faint|p1a: Zacian
|
|win|TikiTikiTa!
|raw|ThyKingCharles's rating: 1670 &rarr; <strong>1644</strong><br />(-26 for losing)
|raw|TikiTikiTa!'s rating: 1568 &rarr; <strong>1594</strong><br />(+26 for winning)
|l|☆ThyKingCharles
|c| UserName17452|nice
|c|☆TikiTikiTa!|gg
