|j|☆amnael1
|j|‽Apprenti Buck
|t:|1664639817
|gametype|singles
|player|p1|amnael1|2|1749
|player|p2|Apprenti Buck|lance-masters|1903
|teamsize|p1|6
|teamsize|p2|6
|gen|8
|tier|[Gen 8] National Dex AG
|rated|
|rule|HP Percentage Mod: HP is shown in percentages
|rule|Endless Battle Clause: Forcing endless battles is banned
|clearpoke
|poke|p1|Smeargle, F|
|poke|p1|Groudon|
|poke|p1|Espeon, F|
|poke|p1|Rayquaza|
|poke|p1|Xerneas-*|
|poke|p1|Zacian-*|
|poke|p2|Groudon|
|poke|p2|Rayquaza|
|poke|p2|Calyrex-Shadow|
|poke|p2|Arceus-*|
|poke|p2|Yveltal|
|poke|p2|Marshadow|
|teampreview
|inactive|Battle timer is ON: inactive players will automatically lose when time's up. (requested by Apprenti Buck)
|
|t:|1664639826
|start
|switch|p1a: Zacian|Zacian-Crowned|100/100
|switch|p2a: Calyrex|Calyrex-Shadow|100/100
|-ability|p2a: Calyrex|As One
|-ability|p2a: Calyrex|Unnerve
|-ability|p1a: Zacian|Intrepid Sword|boost
|-boost|p1a: Zacian|atk|1
|turn|1
|
|t:|1664639829
|move|p2a: Calyrex|Substitute|p2a: Calyrex
|-start|p2a: Calyrex|Substitute
|-damage|p2a: Calyrex|76/100
|move|p1a: Zacian|Behemoth Blade|p2a: Calyrex
|-end|p2a: Calyrex|Substitute
|
|upkeep
|turn|2
|
|t:|1664639833
|move|p2a: Calyrex|Substitute|p2a: Calyrex
|-start|p2a: Calyrex|Substitute
|-damage|p2a: Calyrex|51/100
|move|p1a: Zacian|Behemoth Blade|p2a: Calyrex
|-end|p2a: Calyrex|Substitute
|
|upkeep
|turn|3
|
|t:|1664639835
|-zpower|p2a: Calyrex
|move|p2a: Calyrex|Never-Ending Nightmare|p1a: Zacian|[zeffect]
|-damage|p1a: Zacian|0 fnt
|faint|p1a: Zacian
|-ability|p2a: Calyrex|Grim Neigh|boost
|-boost|p2a: Calyrex|spa|1
|
|upkeep
|
|t:|1664639838
|switch|p1a: Espeon|Espeon, F|100/100
|turn|4
|
|t:|1664639849
|switch|p2a: Arceus|Arceus|100/100
|move|p1a: Espeon|Shadow Ball|p2a: Arceus
|-immune|p2a: Arceus
|
|upkeep
|turn|5
|
|t:|1664639855
|move|p2a: Arceus|Earthquake|p1a: Espeon
|-damage|p1a: Espeon|16/100
|-damage|p2a: Arceus|91/100|[from] item: Life Orb
|move|p1a: Espeon|Yawn|p2a: Arceus
|-start|p2a: Arceus|move: Yawn|[of] p1a: Espeon
|
|upkeep
|turn|6
|
|t:|1664639864
|switch|p2a: Calyrex|Calyrex-Shadow|51/100
|-ability|p2a: Calyrex|As One
|-ability|p2a: Calyrex|Unnerve
|move|p1a: Espeon|Shadow Ball|p2a: Calyrex
|-supereffective|p2a: Calyrex
|-damage|p2a: Calyrex|0 fnt
|faint|p2a: Calyrex
|
|upkeep
|inactive|Apprenti Buck has 120 seconds left.
|
|t:|1664639905
|switch|p2a: Rayquaza|Rayquaza, shiny|100/100
|-ability|p2a: Rayquaza|Air Lock
|turn|7
|
|t:|1664639908
|detailschange|p2a: Rayquaza|Rayquaza-Mega, shiny
|-mega|p2a: Rayquaza|Rayquaza|
|-weather|DeltaStream|[from] ability: Delta Stream|[of] p2a: Rayquaza
|move|p2a: Rayquaza|Extreme Speed|p1a: Espeon
|-damage|p1a: Espeon|0 fnt
|faint|p1a: Espeon
|-damage|p2a: Rayquaza|91/100|[from] item: Life Orb
|
|-weather|DeltaStream|[upkeep]
|upkeep
|
|t:|1664639915
|switch|p1a: Rayquaza|Rayquaza|100/100
|-ability|p1a: Rayquaza|Air Lock
|turn|8
|
|t:|1664639924
|detailschange|p1a: Rayquaza|Rayquaza-Mega
|-mega|p1a: Rayquaza|Rayquaza|
|move|p1a: Rayquaza|Dragon Ascent|p2a: Rayquaza
|-damage|p2a: Rayquaza|10/100
|-unboost|p1a: Rayquaza|def|1
|-unboost|p1a: Rayquaza|spd|1
|move|p2a: Rayquaza|Dragon Ascent|p1a: Rayquaza
|-enditem|p1a: Rayquaza|Focus Sash
|-damage|p1a: Rayquaza|1/100
|-unboost|p2a: Rayquaza|def|1
|-unboost|p2a: Rayquaza|spd|1
|-damage|p2a: Rayquaza|0 fnt|[from] item: Life Orb
|faint|p2a: Rayquaza
|
|-weather|DeltaStream|[upkeep]
|upkeep
|
|t:|1664639927
|switch|p2a: Groudon|Groudon, shiny|100/100
|detailschange|p2a: Groudon|Groudon-Primal, shiny
|-primal|p2a: Groudon
|-weather|DesolateLand|[from] ability: Desolate Land|[of] p2a: Groudon
|turn|9
|
|t:|1664639930
|move|p1a: Rayquaza|Earthquake|p2a: Groudon
|-supereffective|p2a: Groudon
|-crit|p2a: Groudon
|-damage|p2a: Groudon|4/100
|move|p2a: Groudon|Stealth Rock|p1a: Rayquaza
|-sidestart|p1: amnael1|move: Stealth Rock
|
|-weather|DesolateLand|[upkeep]
|upkeep
|turn|10
|
|t:|1664639934
|move|p1a: Rayquaza|Earthquake|p2a: Groudon
|-supereffective|p2a: Groudon
|-damage|p2a: Groudon|0 fnt
|faint|p2a: Groudon
|-weather|none
|
|upkeep
|
|t:|1664639940
|switch|p2a: Arceus|Arceus|91/100
|turn|11
|
|t:|1664639942
|move|p2a: Arceus|Extreme Speed|p1a: Rayquaza
|-damage|p1a: Rayquaza|0 fnt
|faint|p1a: Rayquaza
|-damage|p2a: Arceus|81/100|[from] item: Life Orb
|
|upkeep
|
|t:|1664639945
|switch|p1a: Groudon|Groudon|100/100
|-damage|p1a: Groudon|94/100|[from] Stealth Rock
|detailschange|p1a: Groudon|Groudon-Primal
|-primal|p1a: Groudon
|-weather|DesolateLand|[from] ability: Desolate Land|[of] p1a: Groudon
|turn|12
|
|t:|1664639952
|move|p2a: Arceus|Swords Dance|p2a: Arceus
|-boost|p2a: Arceus|atk|2
|move|p1a: Groudon|Stealth Rock|p2a: Arceus
|-sidestart|p2: Apprenti Buck|move: Stealth Rock
|
|-weather|DesolateLand|[upkeep]
|upkeep
|turn|13
|
|t:|1664639958
|move|p2a: Arceus|Earthquake|p1a: Groudon
|-supereffective|p1a: Groudon
|-damage|p1a: Groudon|0 fnt
|faint|p1a: Groudon
|-weather|none
|-damage|p2a: Arceus|71/100|[from] item: Life Orb
|
|upkeep
|
|t:|1664639961
|switch|p1a: Smeargle|Smeargle, F|100/100
|-damage|p1a: Smeargle|88/100|[from] Stealth Rock
|turn|14
|inactive|Apprenti Buck has 120 seconds left.
|
|t:|1664639994
|move|p2a: Arceus|Earthquake|p1a: Smeargle
|-damage|p1a: Smeargle|0 fnt
|faint|p1a: Smeargle
|-damage|p2a: Arceus|61/100|[from] item: Life Orb
|
|upkeep
|
|t:|1664640002
|switch|p1a: Xerneas|Xerneas|100/100
|-damage|p1a: Xerneas|88/100|[from] Stealth Rock
|-ability|p1a: Xerneas|Fairy Aura
|turn|15
|
|t:|1664640015
|-start|p2a: Arceus|Dynamax|
|-heal|p2a: Arceus|61/100|[silent]
|-start|p1a: Xerneas|Dynamax|
|-heal|p1a: Xerneas|88/100|[silent]
|move|p2a: Arceus|Max Strike|p1a: Xerneas
|-damage|p1a: Xerneas|34/100
|-unboost|p1a: Xerneas|spe|1
|-damage|p2a: Arceus|56/100|[from] item: Life Orb
|move|p1a: Xerneas|Max Starfall|p2a: Arceus
|-damage|p2a: Arceus|24/100
|-fieldstart|move: Misty Terrain
|
|upkeep
|turn|16
|
|t:|1664640017
|move|p2a: Arceus|Max Strike|p1a: Xerneas
|-damage|p1a: Xerneas|0 fnt
|faint|p1a: Xerneas
|-damage|p2a: Arceus|19/100|[from] item: Life Orb
|
|win|Apprenti Buck
|raw|amnael1's rating: 1749 &rarr; <strong>1737</strong><br />(-12 for losing)
|raw|Apprenti Buck's rating: 1903 &rarr; <strong>1915</strong><br />(+12 for winning)
|l|☆amnael1
||Ladder isn't responding, score probably updated but might not have (Request timeout).
