|j|☆DECLANO196
|j|☆alt1445645
|t:|1661494521
|gametype|singles
|player|p1|DECLANO196|101|1561
|player|p2|alt1445645|265|1725
|teamsize|p1|6
|teamsize|p2|6
|gen|8
|tier|[Gen 8] National Dex AG
|rated|
|rule|HP Percentage Mod: HP is shown in percentages
|rule|Endless Battle Clause: Forcing endless battles is banned
|clearpoke
|poke|p1|Lugia|
|poke|p1|Arceus-*|
|poke|p1|Calyrex-Shadow|
|poke|p1|Chansey, F|
|poke|p1|Ho-Oh|
|poke|p1|Marshadow|
|poke|p2|Arceus-*|
|poke|p2|Groudon|
|poke|p2|Zacian-*|
|poke|p2|Rayquaza|
|poke|p2|Calyrex-Shadow|
|poke|p2|Yveltal|
|teampreview
|
|t:|1661494540
|start
|switch|p1a: Arceus|Arceus-Steel|100/100
|switch|p2a: Zacian|Zacian-Crowned|100/100
|-ability|p2a: Zacian|Intrepid Sword|boost
|-boost|p2a: Zacian|atk|1
|turn|1
|
|t:|1661494550
|move|p2a: Zacian|Close Combat|p1a: Arceus
|-supereffective|p1a: Arceus
|-damage|p1a: Arceus|17/100
|-unboost|p2a: Zacian|def|1
|-unboost|p2a: Zacian|spd|1
|move|p1a: Arceus|Cosmic Power|p1a: Arceus
|-boost|p1a: Arceus|def|1
|-boost|p1a: Arceus|spd|1
|
|upkeep
|turn|2
|
|t:|1661494559
|move|p2a: Zacian|Close Combat|p1a: Arceus
|-supereffective|p1a: Arceus
|-damage|p1a: Arceus|0 fnt
|-unboost|p2a: Zacian|def|1
|-unboost|p2a: Zacian|spd|1
|faint|p1a: Arceus
|
|upkeep
|
|t:|1661494571
|switch|p1a: Marshadow|Marshadow|100/100
|turn|3
|
|t:|1661494574
|switch|p2a: Arceus|Arceus|100/100
|move|p1a: Marshadow|Spectral Thief|p2a: Arceus
|-immune|p2a: Arceus
|
|upkeep
|turn|4
|
|t:|1661494583
|move|p1a: Marshadow|Close Combat|p2a: Arceus
|-supereffective|p2a: Arceus
|-enditem|p2a: Arceus|Chople Berry|[eat]
|-enditem|p2a: Arceus|Chople Berry|[weaken]
|-damage|p2a: Arceus|63/100
|-unboost|p1a: Marshadow|def|1
|-unboost|p1a: Marshadow|spd|1
|move|p2a: Arceus|Shadow Claw|p1a: Marshadow
|-supereffective|p1a: Marshadow
|-damage|p1a: Marshadow|10/100
|
|upkeep
|turn|5
|
|t:|1661494593
|switch|p2a: Groudon|Groudon|100/100
|detailschange|p2a: Groudon|Groudon-Primal
|-primal|p2a: Groudon
|-weather|DesolateLand|[from] ability: Desolate Land|[of] p2a: Groudon
|move|p1a: Marshadow|Close Combat|p2a: Groudon
|-damage|p2a: Groudon|72/100
|-unboost|p1a: Marshadow|def|1
|-unboost|p1a: Marshadow|spd|1
|
|-weather|DesolateLand|[upkeep]
|upkeep
|turn|6
|j| rahull
|
|t:|1661494603
|switch|p1a: Lugia|Lugia|100/100
|move|p2a: Groudon|Stealth Rock|p1a: Lugia
|-sidestart|p1: DECLANO196|move: Stealth Rock
|
|-weather|DesolateLand|[upkeep]
|upkeep
|turn|7
|
|t:|1661494607
|move|p1a: Lugia|Reflect|p1a: Lugia
|-sidestart|p1: DECLANO196|Reflect
|move|p2a: Groudon|Thunder Wave|p1a: Lugia
|-status|p1a: Lugia|par
|
|-weather|DesolateLand|[upkeep]
|upkeep
|turn|8
|
|t:|1661494615
|move|p2a: Groudon|Stone Edge|p1a: Lugia
|-supereffective|p1a: Lugia
|-damage|p1a: Lugia|91/100 par
|move|p1a: Lugia|Toxic|p2a: Groudon
|-status|p2a: Groudon|tox
|
|-weather|DesolateLand|[upkeep]
|-damage|p2a: Groudon|65/100 tox|[from] psn
|upkeep
|turn|9
|
|t:|1661494640
|move|p2a: Groudon|Stone Edge|p1a: Lugia|[miss]
|-miss|p2a: Groudon|p1a: Lugia
|cant|p1a: Lugia|par
|
|-weather|DesolateLand|[upkeep]
|-damage|p2a: Groudon|53/100 tox|[from] psn
|upkeep
|turn|10
|
|t:|1661494647
|move|p2a: Groudon|Stone Edge|p1a: Lugia
|-supereffective|p1a: Lugia
|-damage|p1a: Lugia|69/100 par
|move|p1a: Lugia|Defog|p2a: Groudon
|-unboost|p2a: Groudon|evasion|1
|-sideend|p1: DECLANO196|Stealth Rock|[from] move: Defog|[of] p1a: Lugia
|
|-weather|DesolateLand|[upkeep]
|-damage|p2a: Groudon|34/100 tox|[from] psn
|upkeep
|turn|11
|
|t:|1661494655
|move|p2a: Groudon|Stealth Rock|p1a: Lugia
|-sidestart|p1: DECLANO196|move: Stealth Rock
|move|p1a: Lugia|Roost|p1a: Lugia
|-heal|p1a: Lugia|100/100 par
|-singleturn|p1a: Lugia|move: Roost
|
|-weather|DesolateLand|[upkeep]
|-damage|p2a: Groudon|10/100 tox|[from] psn
|-sideend|p1: DECLANO196|Reflect
|upkeep
|turn|12
|
|t:|1661494662
|move|p2a: Groudon|Stone Edge|p1a: Lugia|[miss]
|-miss|p2a: Groudon|p1a: Lugia
|move|p1a: Lugia|Defog|p2a: Groudon
|-unboost|p2a: Groudon|evasion|1
|-sideend|p1: DECLANO196|Stealth Rock|[from] move: Defog|[of] p1a: Lugia
|
|-weather|DesolateLand|[upkeep]
|-damage|p2a: Groudon|0 fnt|[from] psn
|faint|p2a: Groudon
|-weather|none
|upkeep
|
|t:|1661494666
|switch|p2a: Calyrex|Calyrex-Shadow|100/100
|-ability|p2a: Calyrex|As One
|-ability|p2a: Calyrex|Unnerve
|turn|13
|l| rahull
|
|t:|1661494676
|switch|p1a: Chansey|Chansey, F|100/100
|move|p2a: Calyrex|Substitute|p2a: Calyrex
|-start|p2a: Calyrex|Substitute
|-damage|p2a: Calyrex|76/100
|
|-heal|p2a: Calyrex|82/100|[from] item: Leftovers
|upkeep
|turn|14
|
|t:|1661494684
|move|p2a: Calyrex|Leech Seed|p1a: Chansey
|-start|p1a: Chansey|move: Leech Seed
|move|p1a: Chansey|Stealth Rock|p2a: Calyrex
|-sidestart|p2: alt1445645|move: Stealth Rock
|
|-heal|p2a: Calyrex|88/100|[from] item: Leftovers
|-damage|p1a: Chansey|88/100|[from] Leech Seed|[of] p2a: Calyrex
|-heal|p2a: Calyrex|100/100|[silent]
|upkeep
|turn|15
|
|t:|1661494700
|switch|p2a: Arceus|Arceus|63/100
|-damage|p2a: Arceus|51/100|[from] Stealth Rock
|switch|p1a: Ho-Oh|Ho-Oh|100/100
|
|upkeep
|turn|16
|
|t:|1661494706
|move|p2a: Arceus|Defog|p1a: Ho-Oh
|-unboost|p1a: Ho-Oh|evasion|1
|-sideend|p2: alt1445645|Stealth Rock|[from] move: Defog|[of] p2a: Arceus
|move|p1a: Ho-Oh|Sacred Fire|p2a: Arceus
|-damage|p2a: Arceus|21/100
|
|upkeep
|turn|17
|
|t:|1661494716
|move|p2a: Arceus|Extreme Speed|p1a: Ho-Oh
|-damage|p1a: Ho-Oh|71/100
|move|p1a: Ho-Oh|Sacred Fire|p2a: Arceus
|-crit|p2a: Arceus
|-damage|p2a: Arceus|0 fnt
|faint|p2a: Arceus
|
|upkeep
|
|t:|1661494718
|switch|p2a: Zacian|Zacian-Crowned|100/100
|-ability|p2a: Zacian|Intrepid Sword|boost
|-boost|p2a: Zacian|atk|1
|turn|18
|
|t:|1661494728
|-start|p1a: Ho-Oh|Dynamax|
|-heal|p1a: Ho-Oh|71/100|[silent]
|move|p2a: Zacian|Wild Charge|p1a: Ho-Oh
|-supereffective|p1a: Ho-Oh
|-damage|p1a: Ho-Oh|33/100
|-damage|p2a: Zacian|76/100|[from] Recoil
|move|p1a: Ho-Oh|Max Flare|p2a: Zacian
|-supereffective|p2a: Zacian
|-damage|p2a: Zacian|0 fnt
|-weather|SunnyDay
|faint|p2a: Zacian
|
|-weather|SunnyDay|[upkeep]
|upkeep
|
|t:|1661494731
|switch|p2a: Rayquaza|Rayquaza|100/100
|-ability|p2a: Rayquaza|Air Lock
|turn|19
|
|t:|1661494752
|-end|p1a: Ho-Oh|Dynamax
|-heal|p1a: Ho-Oh|33/100|[silent]
|switch|p1a: Lugia|Lugia|100/100 par
|detailschange|p2a: Rayquaza|Rayquaza-Mega
|-mega|p2a: Rayquaza|Rayquaza|
|-weather|DeltaStream|[from] ability: Delta Stream|[of] p2a: Rayquaza
|move|p2a: Rayquaza|Dragon Ascent|p1a: Lugia
|-damage|p1a: Lugia|76/100 par
|-unboost|p2a: Rayquaza|def|1
|-unboost|p2a: Rayquaza|spd|1
|
|-weather|DeltaStream|[upkeep]
|upkeep
|turn|20
|
|t:|1661494763
|move|p2a: Rayquaza|Dragon Dance|p2a: Rayquaza
|-boost|p2a: Rayquaza|atk|1
|-boost|p2a: Rayquaza|spe|1
|move|p1a: Lugia|Reflect|p1a: Lugia
|-sidestart|p1: DECLANO196|Reflect
|
|-weather|DeltaStream|[upkeep]
|upkeep
|turn|21
|
|t:|1661494768
|move|p2a: Rayquaza|Dragon Dance|p2a: Rayquaza
|-boost|p2a: Rayquaza|atk|1
|-boost|p2a: Rayquaza|spe|1
|move|p1a: Lugia|Toxic|p2a: Rayquaza
|-status|p2a: Rayquaza|tox
|
|-weather|DeltaStream|[upkeep]
|-damage|p2a: Rayquaza|95/100 tox|[from] psn
|upkeep
|turn|22
|
|t:|1661494776
|move|p2a: Rayquaza|Dragon Dance|p2a: Rayquaza
|-boost|p2a: Rayquaza|atk|1
|-boost|p2a: Rayquaza|spe|1
|move|p1a: Lugia|Roost|p1a: Lugia
|-heal|p1a: Lugia|100/100 par
|-singleturn|p1a: Lugia|move: Roost
|
|-weather|DeltaStream|[upkeep]
|-damage|p2a: Rayquaza|83/100 tox|[from] psn
|upkeep
|turn|23
|
|t:|1661494785
|move|p2a: Rayquaza|Dragon Ascent|p1a: Lugia
|-damage|p1a: Lugia|72/100 par
|-unboost|p2a: Rayquaza|def|1
|-unboost|p2a: Rayquaza|spd|1
|cant|p1a: Lugia|par
|
|-weather|DeltaStream|[upkeep]
|-damage|p2a: Rayquaza|65/100 tox|[from] psn
|upkeep
|turn|24
|
|t:|1661494793
|move|p2a: Rayquaza|Dragon Ascent|p1a: Lugia
|-damage|p1a: Lugia|16/100 par
|-unboost|p2a: Rayquaza|def|1
|-unboost|p2a: Rayquaza|spd|1
|move|p1a: Lugia|Roost|p1a: Lugia
|-heal|p1a: Lugia|66/100 par
|-singleturn|p1a: Lugia|move: Roost
|
|-weather|DeltaStream|[upkeep]
|-damage|p2a: Rayquaza|41/100 tox|[from] psn
|-sideend|p1: DECLANO196|Reflect
|upkeep
|turn|25
|
|t:|1661494802
|move|p2a: Rayquaza|Dragon Ascent|p1a: Lugia
|-damage|p1a: Lugia|0 fnt
|-unboost|p2a: Rayquaza|def|1
|-unboost|p2a: Rayquaza|spd|1
|faint|p1a: Lugia
|
|-weather|DeltaStream|[upkeep]
|-damage|p2a: Rayquaza|11/100 tox|[from] psn
|upkeep
|
|t:|1661494810
|switch|p1a: Marshadow|Marshadow|10/100
|turn|26
|
|t:|1661494816
|-weather|none
|switch|p2a: Yveltal|Yveltal|100/100
|-ability|p2a: Yveltal|Dark Aura
|move|p1a: Marshadow|Shadow Sneak|p2a: Yveltal
|-resisted|p2a: Yveltal
|-damage|p2a: Yveltal|86/100
|
|upkeep
|turn|27
|
|t:|1661494832
|switch|p1a: Chansey|Chansey, F|88/100
|-start|p2a: Yveltal|Dynamax|
|-heal|p2a: Yveltal|86/100|[silent]
|move|p2a: Yveltal|Max Airstream|p1a: Chansey
|-damage|p1a: Chansey|62/100
|-boost|p2a: Yveltal|spe|1
|-damage|p2a: Yveltal|81/100|[from] item: Life Orb
|
|upkeep
|turn|28
|
|t:|1661494843
|move|p2a: Yveltal|Max Darkness|p1a: Chansey
|-crit|p1a: Chansey
|-damage|p1a: Chansey|0 fnt
|faint|p1a: Chansey
|-damage|p2a: Yveltal|76/100|[from] item: Life Orb
|
|upkeep
|
|t:|1661494850
|switch|p1a: Ho-Oh|Ho-Oh|66/100
|turn|29
|
|t:|1661494852
|move|p2a: Yveltal|Max Darkness|p1a: Ho-Oh
|-damage|p1a: Ho-Oh|3/100
|-unboost|p1a: Ho-Oh|spd|1
|-damage|p2a: Yveltal|71/100|[from] item: Life Orb
|move|p1a: Ho-Oh|Roost|p1a: Ho-Oh
|-heal|p1a: Ho-Oh|53/100
|-singleturn|p1a: Ho-Oh|move: Roost
|
|upkeep
|-end|p2a: Yveltal|Dynamax
|-heal|p2a: Yveltal|71/100|[silent]
|turn|30
|
|t:|1661494865
|switch|p1a: Marshadow|Marshadow|10/100
|move|p2a: Yveltal|Oblivion Wing|p1a: Marshadow
|-supereffective|p1a: Marshadow
|-damage|p1a: Marshadow|0 fnt
|-heal|p2a: Yveltal|77/100|[from] drain|[of] p1a: Marshadow
|faint|p1a: Marshadow
|-damage|p2a: Yveltal|67/100|[from] item: Life Orb
|
|upkeep
|
|t:|1661494874
|switch|p1a: Ho-Oh|Ho-Oh|86/100
|turn|31
|
|t:|1661494878
|move|p2a: Yveltal|Dark Pulse|p1a: Ho-Oh
|-damage|p1a: Ho-Oh|44/100
|-damage|p2a: Yveltal|57/100|[from] item: Life Orb
|move|p1a: Ho-Oh|Sacred Fire|p2a: Yveltal
|-damage|p2a: Yveltal|10/100
|-status|p2a: Yveltal|brn
|
|-damage|p2a: Yveltal|4/100 brn|[from] brn
|upkeep
|turn|32
|
|t:|1661494890
|move|p2a: Yveltal|Oblivion Wing|p1a: Ho-Oh
|-damage|p1a: Ho-Oh|15/100
|-heal|p2a: Yveltal|27/100 brn|[from] drain|[of] p1a: Ho-Oh
|-damage|p2a: Yveltal|17/100 brn|[from] item: Life Orb
|move|p1a: Ho-Oh|Roost|p1a: Ho-Oh
|-heal|p1a: Ho-Oh|65/100
|-singleturn|p1a: Ho-Oh|move: Roost
|
|-damage|p2a: Yveltal|11/100 brn|[from] brn
|upkeep
|turn|33
|
|t:|1661494901
|move|p2a: Yveltal|Dark Pulse|p1a: Ho-Oh
|-damage|p1a: Ho-Oh|22/100
|-damage|p2a: Yveltal|1/100 brn|[from] item: Life Orb
|move|p1a: Ho-Oh|Roost|p1a: Ho-Oh
|-heal|p1a: Ho-Oh|72/100
|-singleturn|p1a: Ho-Oh|move: Roost
|
|-damage|p2a: Yveltal|0 fnt|[from] brn
|faint|p2a: Yveltal
|upkeep
|
|t:|1661494904
|switch|p2a: Calyrex|Calyrex-Shadow|100/100
|-ability|p2a: Calyrex|As One
|-ability|p2a: Calyrex|Unnerve
|turn|34
|
|t:|1661494916
|move|p2a: Calyrex|Substitute|p2a: Calyrex
|-start|p2a: Calyrex|Substitute
|-damage|p2a: Calyrex|76/100
|move|p1a: Ho-Oh|Earthquake|p2a: Calyrex
|-end|p2a: Calyrex|Substitute
|
|-heal|p2a: Calyrex|82/100|[from] item: Leftovers
|upkeep
|turn|35
|
|t:|1661494923
|move|p2a: Calyrex|Leech Seed|p1a: Ho-Oh
|-start|p1a: Ho-Oh|move: Leech Seed
|move|p1a: Ho-Oh|Earthquake|p2a: Calyrex
|-damage|p2a: Calyrex|44/100
|
|-heal|p2a: Calyrex|50/100|[from] item: Leftovers
|-damage|p1a: Ho-Oh|60/100|[from] Leech Seed|[of] p2a: Calyrex
|-heal|p2a: Calyrex|66/100|[silent]
|upkeep
|turn|36
|
|t:|1661494931
|move|p2a: Calyrex|Substitute|p2a: Calyrex
|-start|p2a: Calyrex|Substitute
|-damage|p2a: Calyrex|41/100
|move|p1a: Ho-Oh|Roost|p1a: Ho-Oh
|-heal|p1a: Ho-Oh|100/100
|-singleturn|p1a: Ho-Oh|move: Roost
|
|-heal|p2a: Calyrex|47/100|[from] item: Leftovers
|-damage|p1a: Ho-Oh|88/100|[from] Leech Seed|[of] p2a: Calyrex
|-heal|p2a: Calyrex|62/100|[silent]
|upkeep
|turn|37
|
|t:|1661494941
|move|p2a: Calyrex|Astral Barrage|p1a: Ho-Oh
|-damage|p1a: Ho-Oh|52/100
|move|p1a: Ho-Oh|Earthquake|p2a: Calyrex
|-end|p2a: Calyrex|Substitute
|
|-heal|p2a: Calyrex|68/100|[from] item: Leftovers
|-damage|p1a: Ho-Oh|40/100|[from] Leech Seed|[of] p2a: Calyrex
|-heal|p2a: Calyrex|83/100|[silent]
|upkeep
|turn|38
|
|t:|1661494951
|move|p2a: Calyrex|Substitute|p2a: Calyrex
|-start|p2a: Calyrex|Substitute
|-damage|p2a: Calyrex|59/100
|move|p1a: Ho-Oh|Earthquake|p2a: Calyrex
|-end|p2a: Calyrex|Substitute
|
|-heal|p2a: Calyrex|65/100|[from] item: Leftovers
|-damage|p1a: Ho-Oh|27/100|[from] Leech Seed|[of] p2a: Calyrex
|-heal|p2a: Calyrex|80/100|[silent]
|upkeep
|turn|39
|
|t:|1661494960
|move|p2a: Calyrex|Substitute|p2a: Calyrex
|-start|p2a: Calyrex|Substitute
|-damage|p2a: Calyrex|55/100
|move|p1a: Ho-Oh|Earthquake|p2a: Calyrex
|-crit|p2a: Calyrex
|-end|p2a: Calyrex|Substitute
|
|-heal|p2a: Calyrex|61/100|[from] item: Leftovers
|-damage|p1a: Ho-Oh|15/100|[from] Leech Seed|[of] p2a: Calyrex
|-heal|p2a: Calyrex|76/100|[silent]
|upkeep
|turn|40
|
|t:|1661494969
|move|p2a: Calyrex|Substitute|p2a: Calyrex
|-start|p2a: Calyrex|Substitute
|-damage|p2a: Calyrex|52/100
|move|p1a: Ho-Oh|Earthquake|p2a: Calyrex
|-end|p2a: Calyrex|Substitute
|
|-heal|p2a: Calyrex|58/100|[from] item: Leftovers
|-damage|p1a: Ho-Oh|2/100|[from] Leech Seed|[of] p2a: Calyrex
|-heal|p2a: Calyrex|73/100|[silent]
|upkeep
|turn|41
|
|t:|1661494979
|move|p2a: Calyrex|Draining Kiss|p1a: Ho-Oh
|-resisted|p1a: Ho-Oh
|-damage|p1a: Ho-Oh|0 fnt
|-heal|p2a: Calyrex|75/100|[from] drain|[of] p1a: Ho-Oh
|faint|p1a: Ho-Oh
|-ability|p2a: Calyrex|Grim Neigh|boost
|-boost|p2a: Calyrex|spa|1
|
|-heal|p2a: Calyrex|81/100|[from] item: Leftovers
|upkeep
|
|t:|1661494986
|switch|p1a: Calyrex|Calyrex-Shadow|100/100
|-ability|p1a: Calyrex|As One
|-ability|p1a: Calyrex|Unnerve
|turn|42
|
|t:|1661494993
|move|p2a: Calyrex|Astral Barrage|p1a: Calyrex
|-supereffective|p1a: Calyrex
|-enditem|p1a: Calyrex|Focus Sash
|-damage|p1a: Calyrex|1/100
|move|p1a: Calyrex|Astral Barrage|p2a: Calyrex
|-supereffective|p2a: Calyrex
|-damage|p2a: Calyrex|0 fnt
|faint|p2a: Calyrex
|-ability|p1a: Calyrex|Grim Neigh|boost
|-boost|p1a: Calyrex|spa|1
|
|upkeep
|
|t:|1661494998
|switch|p2a: Rayquaza|Rayquaza-Mega|11/100 tox
|-weather|DeltaStream|[from] ability: Delta Stream|[of] p2a: Rayquaza
|turn|43
|-message|alt1445645 forfeited.
|
|win|DECLANO196
|raw|DECLANO196's rating: 1561 &rarr; <strong>1590</strong><br />(+29 for winning)
|raw|alt1445645's rating: 1725 &rarr; <strong>1696</strong><br />(-29 for losing)
|l|☆alt1445645
