|j|☆F.A.M.E.246 2nd
|j|☆Coca-Gelada
|t:|1631126766
|gametype|singles
|player|p1|F.A.M.E.246 2nd|lucas|1524
|player|p2|Coca-Gelada|blue-gen3|1669
|teamsize|p1|6
|teamsize|p2|6
|gen|8
|tier|[Gen 8] National Dex AG
|rated|
|rule|HP Percentage Mod: HP is shown in percentages
|rule|Endless Battle Clause: Forcing endless battles is banned
|clearpoke
|poke|p1|Diancie|
|poke|p1|Marshadow|
|poke|p1|Ferrothorn, F|
|poke|p1|Ho-Oh|
|poke|p1|Arceus-*|
|poke|p1|Eternatus|
|poke|p2|Ho-Oh|
|poke|p2|Yveltal|
|poke|p2|Necrozma-Dusk-Mane|
|poke|p2|Rayquaza|
|poke|p2|Groudon|
|poke|p2|Calyrex-Shadow|
|teampreview
|inactive|Battle timer is ON: inactive players will automatically lose when time's up. (requested by Coca-Gelada)
|c|☆F.A.M.E.246 2nd|hf
|
|t:|1631126787
|start
|switch|p1a: Arceus|Arceus-Ground|100/100
|switch|p2a: Oh-Ho|Ho-Oh|100/100
|turn|1
|
|t:|1631126793
|switch|p1a: Eternatus|Eternatus|100/100
|-ability|p1a: Eternatus|Pressure
|move|p2a: Oh-Ho|Sacred Fire|p1a: Eternatus|[miss]
|-miss|p2a: Oh-Ho|p1a: Eternatus
|
|upkeep
|turn|2
|
|t:|1631126805
|move|p1a: Eternatus|Flamethrower|p2a: Oh-Ho
|-resisted|p2a: Oh-Ho
|-damage|p2a: Oh-Ho|90/100
|-damage|p1a: Eternatus|90/100|[from] item: Life Orb
|move|p2a: Oh-Ho|Sacred Fire|p1a: Eternatus|[miss]
|-miss|p2a: Oh-Ho|p1a: Eternatus
|
|upkeep
|turn|3
|
|t:|1631126814
|move|p1a: Eternatus|Toxic|p2a: Oh-Ho
|-status|p2a: Oh-Ho|tox
|move|p2a: Oh-Ho|Sacred Fire|p1a: Eternatus
|-resisted|p1a: Eternatus
|-damage|p1a: Eternatus|74/100
|
|-damage|p2a: Oh-Ho|84/100 tox|[from] psn
|upkeep
|turn|4
|
|t:|1631126821
|switch|p2a: Metal Lion|Necrozma-Dusk-Mane|100/100
|move|p1a: Eternatus|Flamethrower|p2a: Metal Lion
|-supereffective|p2a: Metal Lion
|-damage|p2a: Metal Lion|51/100
|-damage|p1a: Eternatus|64/100|[from] item: Life Orb
|
|upkeep
|turn|5
|
|t:|1631126829
|move|p1a: Eternatus|Flamethrower|p2a: Metal Lion
|-supereffective|p2a: Metal Lion
|-damage|p2a: Metal Lion|0 fnt
|faint|p2a: Metal Lion
|-damage|p1a: Eternatus|54/100|[from] item: Life Orb
|
|upkeep
|
|t:|1631126834
|switch|p2a: Calyrex|Calyrex-Shadow|100/100
|-ability|p2a: Calyrex|As One
|-ability|p2a: Calyrex|Unnerve
|turn|6
|
|t:|1631126836
|switch|p1a: Ho-Oh|Ho-Oh|100/100
|move|p2a: Calyrex|Astral Barrage|p1a: Ho-Oh
|-damage|p1a: Ho-Oh|62/100
|
|upkeep
|turn|7
|
|t:|1631126843
|move|p2a: Calyrex|Psyshock|p1a: Ho-Oh
|-damage|p1a: Ho-Oh|25/100
|move|p1a: Ho-Oh|Roost|p1a: Ho-Oh
|-heal|p1a: Ho-Oh|75/100
|-singleturn|p1a: Ho-Oh|move: Roost
|
|upkeep
|turn|8
|
|t:|1631126848
|switch|p2a: Chão|Groudon, shiny|100/100
|detailschange|p2a: Chão|Groudon-Primal, shiny
|-primal|p2a: Chão
|-weather|DesolateLand|[from] ability: Desolate Land|[of] p2a: Chão
|move|p1a: Ho-Oh|Toxic|p2a: Chão
|-status|p2a: Chão|tox
|
|-weather|DesolateLand|[upkeep]
|-damage|p2a: Chão|94/100 tox|[from] psn
|upkeep
|turn|9
|
|t:|1631126852
|switch|p1a: Arceus|Arceus-Ground|100/100
|move|p2a: Chão|Rock Tomb|p1a: Arceus
|-resisted|p1a: Arceus
|-damage|p1a: Arceus|94/100
|-unboost|p1a: Arceus|spe|1
|
|-weather|DesolateLand|[upkeep]
|-damage|p2a: Chão|82/100 tox|[from] psn
|upkeep
|turn|10
|c|☆Coca-Gelada|HAVE FUN?
|c|☆F.A.M.E.246 2nd|yes
|c|☆Coca-Gelada|How i can have fun?
|c|☆Coca-Gelada|Staller
|c|☆F.A.M.E.246 2nd|How am I stalling?
|c|☆Coca-Gelada|U are the only hwre that is having fun
|c|☆F.A.M.E.246 2nd|That's not my fault
|inactive|Coca-Gelada has 120 seconds left.
|c|☆Coca-Gelada|Switching and using toxic?
|c|☆Coca-Gelada|Say what you want
|c|☆F.A.M.E.246 2nd|Am I not supposed to switch or use the best move available to me?
|c|☆Coca-Gelada|But no one can have fun with this team
|-message|Coca-Gelada forfeited.
|
|win|F.A.M.E.246 2nd
|raw|F.A.M.E.246 2nd's rating: 1524 &rarr; <strong>1552</strong><br />(+28 for winning)
|raw|Coca-Gelada's rating: 1669 &rarr; <strong>1641</strong><br />(-28 for losing)
|l|☆Coca-Gelada
|c|☆F.A.M.E.246 2nd|That's your fault lol
||Ladder isn't responding, score probably updated but might not have (Request timeout).
