|j|☆85792195wwww
|j|☆Onoufrios
|player|p1|85792195wwww|lady|1699
|player|p2|Onoufrios|psychic-gen4|1835
|teamsize|p1|6
|teamsize|p2|6
|gametype|singles
|gen|8
|tier|[Gen 8] National Dex AG
|rated|
|clearpoke
|poke|p1|Zekrom|
|poke|p1|Rayquaza|
|poke|p1|Zacian-Crowned|
|poke|p1|Arceus-*|
|poke|p1|Kyogre|
|poke|p1|Ditto|
|poke|p2|Necrozma-Dusk-Mane|
|poke|p2|Arceus-*|
|poke|p2|Xerneas|
|poke|p2|Lugia|
|poke|p2|Yveltal|
|poke|p2|Kyogre|
|rule|HP Percentage Mod: HP is shown in percentages
|rule|Endless Battle Clause: Forcing endless battles is banned
|teampreview
|inactive|Battle timer is ON: inactive players will automatically lose when time's up. (requested by 85792195wwww)
|
|start
|switch|p1a: Arceus|Arceus|100/100
|switch|p2a: Necrozma|Necrozma-Dusk-Mane|100/100
|turn|1
|inactive|Onoufrios has 120 seconds left.
|
|switch|p2a: Lugia|Lugia|100/100
|move|p1a: Arceus|Swords Dance|p1a: Arceus
|-boost|p1a: Arceus|atk|2
|
|upkeep
|turn|2
|inactive|Onoufrios has 120 seconds left.
|
|move|p1a: Arceus|Magic Coat|p1a: Arceus
|-singleturn|p1a: Arceus|move: Magic Coat
|move|p2a: Lugia|Whirlwind|p1a: Arceus
|move|p1a: Arceus|Whirlwind|p2a: Lugia|[from]Magic Coat
|drag|p2a: Arceus|Arceus|100/100
|
|upkeep
|turn|3
|inactive|Onoufrios has 120 seconds left.
|
|move|p2a: Arceus|Extreme Speed|p1a: Arceus
|-damage|p1a: Arceus|60/100
|move|p1a: Arceus|Swords Dance|p1a: Arceus
|-boost|p1a: Arceus|atk|2
|
|upkeep
|turn|4
|inactive|85792195wwww has 120 seconds left.
|l|☆85792195wwww
|inactive|85792195wwww disconnected and has a minute to reconnect!
|player|p1|
|j|☆85792195wwww
|inactive|85792195wwww reconnected and has 100 seconds left.
|player|p1|85792195wwww|lady
|
|move|p1a: Arceus|Extreme Speed|p2a: Arceus
|-damage|p2a: Arceus|0 fnt
|-damage|p1a: Arceus|50/100|[from] item: Life Orb
|faint|p2a: Arceus
|
|upkeep
|inactive|Onoufrios has 90 seconds left.
|j| himazy
|
|switch|p2a: Lugia|Lugia|100/100
|turn|5
|
|move|p1a: Arceus|Magic Coat|p1a: Arceus
|-singleturn|p1a: Arceus|move: Magic Coat
|move|p2a: Lugia|Toxic|p1a: Arceus
|move|p1a: Arceus|Toxic|p2a: Lugia|[from]Magic Coat
|-status|p2a: Lugia|tox
|
|-damage|p2a: Lugia|94/100 tox|[from] psn
|upkeep
|turn|6
|inactive|Onoufrios has 90 seconds left.
|
|-start|p1a: Arceus|Dynamax
|-heal|p1a: Arceus|50/100|[silent]
|move|p1a: Arceus|Max Strike|p2a: Lugia
|-damage|p2a: Lugia|0 fnt
|-damage|p1a: Arceus|45/100|[from] item: Life Orb
|faint|p2a: Lugia
|
|upkeep
|inactive|Onoufrios has 90 seconds left.
|
|switch|p2a: Necrozma|Necrozma-Dusk-Mane|100/100
|turn|7
|
|detailschange|p2a: Necrozma|Necrozma-Ultra
|-burst|p2a: Necrozma|Necrozma|Ultranecrozium Z
|move|p1a: Arceus|Max Quake|p2a: Necrozma
|-damage|p2a: Necrozma|0 fnt
|-boost|p1a: Arceus|spd|1
|-damage|p1a: Arceus|40/100|[from] item: Life Orb
|faint|p2a: Necrozma
|
|upkeep
|
|switch|p2a: Kyogre|Kyogre|100/100
|-weather|RainDance|[from] ability: Drizzle|[of] p2a: Kyogre
|turn|8
|
|move|p2a: Kyogre|Water Spout|p1a: Arceus
|-damage|p1a: Arceus|5/100
|move|p1a: Arceus|Max Strike|p2a: Kyogre
|-damage|p2a: Kyogre|0 fnt
|-damage|p1a: Arceus|0 fnt|[from] item: Life Orb
|faint|p2a: Kyogre
|faint|p1a: Arceus
|
|-weather|RainDance|[upkeep]
|upkeep
|inactive|Onoufrios has 60 seconds left.
|
|switch|p1a: Zacian|Zacian-Crowned|100/100
|switch|p2a: Yveltal|Yveltal|100/100
|-ability|p1a: Zacian|Intrepid Sword|boost
|-boost|p1a: Zacian|atk|1
|-ability|p2a: Yveltal|Dark Aura
|turn|9
|inactive|Onoufrios has 60 seconds left.
|
|-start|p2a: Yveltal|Dynamax
|-heal|p2a: Yveltal|100/100|[silent]
|move|p1a: Zacian|Behemoth Blade|p2a: Yveltal
|-damage|p2a: Yveltal|2/100
|move|p2a: Yveltal|Max Airstream|p1a: Zacian
|-resisted|p1a: Zacian
|-damage|p1a: Zacian|54/100
|-boost|p2a: Yveltal|spe|1
|-damage|p2a: Yveltal|0 fnt|[from] item: Life Orb
|faint|p2a: Yveltal
|
|-weather|RainDance|[upkeep]
|upkeep
|inactive|Onoufrios has 60 seconds left.
|
|switch|p2a: Xerneas|Xerneas|100/100
|-ability|p2a: Xerneas|Fairy Aura
|turn|10
|
|move|p1a: Zacian|Behemoth Blade|p2a: Xerneas
|-supereffective|p2a: Xerneas
|-damage|p2a: Xerneas|0 fnt
|faint|p2a: Xerneas
|
|win|85792195wwww
|l| himazy
|raw|85792195wwww's rating: 1699 &rarr; <strong>1726</strong><br />(+27 for winning)
|raw|Onoufrios's rating: 1835 &rarr; <strong>1808</strong><br />(-27 for losing)
