|j|☆mlxgzhc
|j|☆MRH1106
|t:|1654400788
|gametype|singles
|player|p1|mlxgzhc|blue|1718
|player|p2|MRH1106|red|1828
|teamsize|p1|6
|teamsize|p2|6
|gen|8
|tier|[Gen 8] National Dex AG
|rated|
|rule|HP Percentage Mod: HP is shown in percentages
|rule|Endless Battle Clause: Forcing endless battles is banned
|clearpoke
|poke|p1|Groudon|
|poke|p1|Rayquaza|
|poke|p1|Zacian-*|
|poke|p1|Ditto|
|poke|p1|Yveltal|
|poke|p1|Xerneas-*|
|poke|p2|Zacian-*|
|poke|p2|Calyrex-Shadow|
|poke|p2|Rayquaza|
|poke|p2|Ditto|
|poke|p2|Yveltal|
|poke|p2|Arceus-*|
|teampreview
|inactive|Battle timer is ON: inactive players will automatically lose when time's up. (requested by MRH1106)
|
|t:|1654400799
|start
|switch|p1a: Xerneas|Xerneas|100/100
|switch|p2a: Legit god|Arceus-Ground|100/100
|-ability|p1a: Xerneas|Fairy Aura
|turn|1
|
|t:|1654400803
|move|p1a: Xerneas|Moonblast|p2a: Legit god
|-damage|p2a: Legit god|56/100
|-unboost|p2a: Legit god|spa|1
|move|p2a: Legit god|Judgment|p1a: Xerneas
|-damage|p1a: Xerneas|71/100
|
|upkeep
|turn|2
|
|t:|1654400811
|switch|p2a: Knifepuppy|Zacian-Crowned|100/100
|-ability|p2a: Knifepuppy|Intrepid Sword|boost
|-boost|p2a: Knifepuppy|atk|1
|move|p1a: Xerneas|Moonblast|p2a: Knifepuppy
|-resisted|p2a: Knifepuppy
|-damage|p2a: Knifepuppy|66/100
|
|upkeep
|turn|3
|
|t:|1654400814
|switch|p1a: Groudon|Groudon|100/100
|detailschange|p1a: Groudon|Groudon-Primal
|-primal|p1a: Groudon
|-weather|DesolateLand|[from] ability: Desolate Land|[of] p1a: Groudon
|move|p2a: Knifepuppy|Behemoth Blade|p1a: Groudon
|-resisted|p1a: Groudon
|-damage|p1a: Groudon|73/100
|
|-weather|DesolateLand|[upkeep]
|upkeep
|turn|4
|
|t:|1654400820
|move|p2a: Knifepuppy|Close Combat|p1a: Groudon
|-damage|p1a: Groudon|31/100
|-unboost|p2a: Knifepuppy|def|1
|-unboost|p2a: Knifepuppy|spd|1
|move|p1a: Groudon|Stealth Rock|p2a: Knifepuppy
|-sidestart|p2: MRH1106|move: Stealth Rock
|
|-weather|DesolateLand|[upkeep]
|upkeep
|turn|5
|
|t:|1654400830
|switch|p2a: Legit god|Arceus-Ground|56/100
|-damage|p2a: Legit god|50/100|[from] Stealth Rock
|move|p1a: Groudon|Precipice Blades|p2a: Legit god
|-damage|p2a: Legit god|0 fnt
|faint|p2a: Legit god
|
|-weather|DesolateLand|[upkeep]
|upkeep
|
|t:|1654400844
|switch|p2a: Hells dragon|Yveltal, shiny|100/100
|-damage|p2a: Hells dragon|76/100|[from] Stealth Rock
|-ability|p2a: Hells dragon|Dark Aura
|turn|6
|
|t:|1654400848
|-start|p2a: Hells dragon|Dynamax|
|-heal|p2a: Hells dragon|76/100|[silent]
|move|p2a: Hells dragon|Max Airstream|p1a: Groudon
|-damage|p1a: Groudon|0 fnt
|-boost|p2a: Hells dragon|spe|1
|faint|p1a: Groudon
|-weather|none
|-damage|p2a: Hells dragon|71/100|[from] item: Life Orb
|
|upkeep
|
|t:|1654400854
|switch|p1a: Xerneas|Xerneas|71/100
|-ability|p1a: Xerneas|Fairy Aura
|turn|7
|
|t:|1654400857
|move|p2a: Hells dragon|Max Airstream|p1a: Xerneas
|-damage|p1a: Xerneas|0 fnt
|-boost|p2a: Hells dragon|spe|1
|faint|p1a: Xerneas
|-damage|p2a: Hells dragon|66/100|[from] item: Life Orb
|
|upkeep
|
|t:|1654400864
|switch|p1a: Yveltal|Yveltal|100/100
|-ability|p1a: Yveltal|Dark Aura
|turn|8
|
|t:|1654400868
|-start|p1a: Yveltal|Dynamax|
|-heal|p1a: Yveltal|100/100|[silent]
|move|p1a: Yveltal|Max Guard|p1a: Yveltal
|-singleturn|p1a: Yveltal|Max Guard
|move|p2a: Hells dragon|Max Airstream|p1a: Yveltal
|-activate|p1a: Yveltal|move: Max Guard
|
|upkeep
|-end|p2a: Hells dragon|Dynamax
|-heal|p2a: Hells dragon|66/100|[silent]
|turn|9
|
|t:|1654400874
|move|p2a: Hells dragon|Oblivion Wing|p1a: Yveltal
|-damage|p1a: Yveltal|76/100
|-heal|p2a: Hells dragon|100/100|[from] drain|[of] p1a: Yveltal
|-damage|p2a: Hells dragon|91/100|[from] item: Life Orb
|move|p1a: Yveltal|Max Airstream|p2a: Hells dragon
|-damage|p2a: Hells dragon|3/100
|-boost|p1a: Yveltal|spe|1
|-damage|p1a: Yveltal|71/100|[from] item: Life Orb
|
|upkeep
|turn|10
|
|t:|1654400884
|move|p2a: Hells dragon|Oblivion Wing|p1a: Yveltal
|-damage|p1a: Yveltal|49/100
|-heal|p2a: Hells dragon|37/100|[from] drain|[of] p1a: Yveltal
|-damage|p2a: Hells dragon|27/100|[from] item: Life Orb
|move|p1a: Yveltal|Max Flare|p2a: Hells dragon
|-damage|p2a: Hells dragon|0 fnt
|-weather|SunnyDay
|faint|p2a: Hells dragon
|-damage|p1a: Yveltal|44/100|[from] item: Life Orb
|
|-weather|SunnyDay|[upkeep]
|upkeep
|j| baidaosheng
|
|t:|1654400894
|switch|p2a: Rayyyy|Rayquaza|100/100
|-damage|p2a: Rayyyy|76/100|[from] Stealth Rock
|-ability|p2a: Rayyyy|Air Lock
|-end|p1a: Yveltal|Dynamax
|-heal|p1a: Yveltal|44/100|[silent]
|turn|11
|
|t:|1654400897
|detailschange|p2a: Rayyyy|Rayquaza-Mega
|-mega|p2a: Rayyyy|Rayquaza|
|-weather|DeltaStream|[from] ability: Delta Stream|[of] p2a: Rayyyy
|move|p1a: Yveltal|Dark Pulse|p2a: Rayyyy
|-damage|p2a: Rayyyy|1/100
|-damage|p1a: Yveltal|34/100|[from] item: Life Orb
|move|p2a: Rayyyy|Dragon Ascent|p1a: Yveltal
|-damage|p1a: Yveltal|0 fnt
|-unboost|p2a: Rayyyy|def|1
|-unboost|p2a: Rayyyy|spd|1
|faint|p1a: Yveltal
|
|-weather|DeltaStream|[upkeep]
|upkeep
|
|t:|1654400901
|switch|p1a: Rayquaza|Rayquaza|100/100
|-ability|p1a: Rayquaza|Air Lock
|turn|12
|
|t:|1654400903
|detailschange|p1a: Rayquaza|Rayquaza-Mega
|-mega|p1a: Rayquaza|Rayquaza|
|move|p1a: Rayquaza|Extreme Speed|p2a: Rayyyy
|-damage|p2a: Rayyyy|0 fnt
|faint|p2a: Rayyyy
|-damage|p1a: Rayquaza|91/100|[from] item: Life Orb
|
|-weather|DeltaStream|[upkeep]
|upkeep
|
|t:|1654400916
|switch|p2a: Mayte <3|Ditto, shiny|100/100
|-damage|p2a: Mayte <3|88/100|[from] Stealth Rock
|-transform|p2a: Mayte <3|p1a: Rayquaza|[from] ability: Imposter
|turn|13
|
|t:|1654400928
|move|p1a: Rayquaza|Extreme Speed|p2a: Mayte <3
|-damage|p2a: Mayte <3|32/100
|-damage|p1a: Rayquaza|81/100|[from] item: Life Orb
|move|p2a: Mayte <3|Dragon Ascent|p1a: Rayquaza
|-damage|p1a: Rayquaza|2/100
|-unboost|p2a: Mayte <3|def|1
|-unboost|p2a: Mayte <3|spd|1
|
|-weather|DeltaStream|[upkeep]
|upkeep
|turn|14
|l| baidaosheng
|
|t:|1654400938
|switch|p2a: Knifepuppy|Zacian-Crowned|66/100
|-damage|p2a: Knifepuppy|60/100|[from] Stealth Rock
|-ability|p2a: Knifepuppy|Intrepid Sword|boost
|-boost|p2a: Knifepuppy|atk|1
|move|p1a: Rayquaza|Extreme Speed|p2a: Knifepuppy
|-resisted|p2a: Knifepuppy
|-damage|p2a: Knifepuppy|39/100
|-damage|p1a: Rayquaza|0 fnt|[from] item: Life Orb
|faint|p1a: Rayquaza
|-weather|none
|
|upkeep
|
|t:|1654400943
|switch|p1a: Ditto|Ditto|100/100
|-transform|p1a: Ditto|p2a: Knifepuppy|[from] ability: Imposter
|-ability|p1a: Ditto|Intrepid Sword|boost
|-boost|p1a: Ditto|atk|1
|turn|15
|c|☆MRH1106|yeah i lost
|
|t:|1654400951
|move|p2a: Knifepuppy|Quick Attack|p1a: Ditto
|-resisted|p1a: Ditto
|-damage|p1a: Ditto|87/100
|move|p1a: Ditto|Behemoth Blade|p2a: Knifepuppy
|-damage|p2a: Knifepuppy|0 fnt
|faint|p2a: Knifepuppy
|
|upkeep
|
|t:|1654400953
|switch|p2a: YeeHaw-|Calyrex-Shadow|100/100
|-ability|p2a: YeeHaw-|As One
|-ability|p2a: YeeHaw-|Unnerve
|-damage|p2a: YeeHaw-|88/100|[from] Stealth Rock
|turn|16
|
|t:|1654400961
|move|p1a: Ditto|Behemoth Blade|p2a: YeeHaw-
|-damage|p2a: YeeHaw-|0 fnt
|faint|p2a: YeeHaw-
|
|upkeep
|
|t:|1654400963
|switch|p2a: Mayte <3|Ditto, shiny|32/100
|-damage|p2a: Mayte <3|20/100|[from] Stealth Rock
|turn|17
|
|t:|1654400969
|move|p1a: Ditto|Behemoth Blade|p2a: Mayte <3
|-damage|p2a: Mayte <3|0 fnt
|faint|p2a: Mayte <3
|
|win|mlxgzhc
|raw|mlxgzhc's rating: 1718 &rarr; <strong>1744</strong><br />(+26 for winning)
|raw|MRH1106's rating: 1828 &rarr; <strong>1802</strong><br />(-26 for losing)
|l|☆MRH1106
