|j|☆ThievesBoom
|j|☆xxdctfvg
|t:|1667233954
|gametype|singles
|player|p1|ThievesBoom|266|1754
|player|p2|xxdctfvg|265|1786
|teamsize|p1|6
|teamsize|p2|6
|gen|8
|tier|[Gen 8] National Dex AG
|rated|
|rule|HP Percentage Mod: HP is shown in percentages
|rule|Endless Battle Clause: Forcing endless battles is banned
|clearpoke
|poke|p1|Yveltal|
|poke|p1|Necrozma-Dusk-Mane|
|poke|p1|Calyrex-Shadow|
|poke|p1|Deoxys-Speed|
|poke|p1|Rayquaza|
|poke|p1|Zacian-*|
|poke|p2|Tapu Fini|
|poke|p2|Rayquaza|
|poke|p2|Salamence, F|
|poke|p2|Calyrex-Shadow|
|poke|p2|Dracovish|
|poke|p2|Whimsicott, M|
|teampreview
|
|t:|1667233973
|start
|switch|p1a: Deoxys|Deoxys-Speed|100/100
|switch|p2a: Whimsicott|Whimsicott, M|100/100
|-ability|p1a: Deoxys|Pressure
|turn|1
|
|t:|1667233986
|move|p1a: Deoxys|Stealth Rock|p2a: Whimsicott
|-sidestart|p2: xxdctfvg|move: Stealth Rock
|move|p2a: Whimsicott|Moonblast|p1a: Deoxys
|-damage|p1a: Deoxys|62/100
|-unboost|p1a: Deoxys|spa|1
|
|upkeep
|turn|2
|
|t:|1667233993
|switch|p1a: Necrozma|Necrozma-Dusk-Mane|100/100
|move|p2a: Whimsicott|Encore||[still]
|-fail|p2a: Whimsicott
|
|upkeep
|turn|3
|
|t:|1667234007
|detailschange|p1a: Necrozma|Necrozma-Ultra
|-burst|p1a: Necrozma|Necrozma|Ultranecrozium Z
|move|p2a: Whimsicott|Defog|p1a: Necrozma
|-unboost|p1a: Necrozma|evasion|1
|-sideend|p2: xxdctfvg|Stealth Rock|[from] move: Defog|[of] p2a: Whimsicott
|move|p1a: Necrozma|Dragon Dance|p1a: Necrozma
|-boost|p1a: Necrozma|atk|1
|-boost|p1a: Necrozma|spe|1
|
|upkeep
|turn|4
|
|t:|1667234015
|move|p2a: Whimsicott|Encore|p1a: Necrozma
|-start|p1a: Necrozma|Encore
|-zpower|p1a: Necrozma
|move|p1a: Necrozma|Light That Burns the Sky|p2a: Whimsicott|[zeffect]
|-enditem|p2a: Whimsicott|Focus Sash
|-damage|p2a: Whimsicott|1/100
|
|upkeep
|turn|5
|
|t:|1667234034
|switch|p1a: Zacian|Zacian-Crowned|100/100
|-ability|p1a: Zacian|Intrepid Sword|boost
|-boost|p1a: Zacian|atk|1
|move|p2a: Whimsicott|Moonblast|p1a: Zacian
|-resisted|p1a: Zacian
|-damage|p1a: Zacian|85/100
|
|upkeep
|turn|6
|
|t:|1667234043
|move|p2a: Whimsicott|Tailwind|p2a: Whimsicott
|-sidestart|p2: xxdctfvg|move: Tailwind
|move|p1a: Zacian|Behemoth Blade|p2a: Whimsicott
|-supereffective|p2a: Whimsicott
|-damage|p2a: Whimsicott|0 fnt
|faint|p2a: Whimsicott
|
|upkeep
|
|t:|1667234053
|switch|p2a: Dracovish|Dracovish|100/100
|turn|7
|
|t:|1667234061
|move|p2a: Dracovish|Fishious Rend|p1a: Zacian
|-damage|p1a: Zacian|0 fnt
|faint|p1a: Zacian
|
|upkeep
|
|t:|1667234071
|switch|p1a: Yveltal|Yveltal|100/100
|-ability|p1a: Yveltal|Dark Aura
|turn|8
|
|t:|1667234076
|-start|p1a: Yveltal|Dynamax|
|-heal|p1a: Yveltal|100/100|[silent]
|move|p2a: Dracovish|Fishious Rend|p1a: Yveltal
|-damage|p1a: Yveltal|18/100
|move|p1a: Yveltal|Max Airstream|p2a: Dracovish
|-damage|p2a: Dracovish|0 fnt
|-boost|p1a: Yveltal|spe|1
|faint|p2a: Dracovish
|-damage|p1a: Yveltal|13/100|[from] item: Life Orb
|
|upkeep
|
|t:|1667234106
|switch|p2a: Salamence|Salamence, F|100/100
|turn|9
|
|t:|1667234117
|move|p2a: Salamence|Dragon Claw|p1a: Yveltal
|-crit|p1a: Yveltal
|-damage|p1a: Yveltal|0 fnt
|faint|p1a: Yveltal
|-ability|p2a: Salamence|Moxie|boost
|-boost|p2a: Salamence|atk|1
|
|-sideend|p2: xxdctfvg|move: Tailwind
|upkeep
|
|t:|1667234125
|switch|p1a: Rayquaza|Rayquaza|100/100
|-ability|p1a: Rayquaza|Air Lock
|turn|10
|
|t:|1667234147
|detailschange|p1a: Rayquaza|Rayquaza-Mega
|-mega|p1a: Rayquaza|Rayquaza|
|-weather|DeltaStream|[from] ability: Delta Stream|[of] p1a: Rayquaza
|-start|p2a: Salamence|Dynamax|
|-heal|p2a: Salamence|100/100|[silent]
|move|p1a: Rayquaza|Dragon Ascent|p2a: Salamence
|-damage|p2a: Salamence|36/100
|-unboost|p1a: Rayquaza|def|1
|-unboost|p1a: Rayquaza|spd|1
|-damage|p1a: Rayquaza|91/100|[from] item: Life Orb
|move|p2a: Salamence|Max Wyrmwind|p1a: Rayquaza
|-supereffective|p1a: Rayquaza
|-damage|p1a: Rayquaza|0 fnt
|faint|p1a: Rayquaza
|-weather|none
|-ability|p2a: Salamence|Moxie|boost
|-boost|p2a: Salamence|atk|1
|
|upkeep
|
|t:|1667234156
|switch|p1a: Necrozma|Necrozma-Ultra|100/100
|turn|11
|
|t:|1667234161
|move|p1a: Necrozma|Photon Geyser|p2a: Salamence
|-damage|p2a: Salamence|0 fnt
|faint|p2a: Salamence
|
|upkeep
|
|t:|1667234172
|switch|p2a: Calyrex|Calyrex-Shadow|100/100
|-ability|p2a: Calyrex|As One
|-ability|p2a: Calyrex|Unnerve
|turn|12
|
|t:|1667234179
|move|p2a: Calyrex|Astral Barrage|p1a: Necrozma
|-supereffective|p1a: Necrozma
|-damage|p1a: Necrozma|0 fnt
|faint|p1a: Necrozma
|-ability|p2a: Calyrex|Grim Neigh|boost
|-boost|p2a: Calyrex|spa|1
|
|upkeep
|
|t:|1667234185
|switch|p1a: Deoxys|Deoxys-Speed|62/100
|-ability|p1a: Deoxys|Pressure
|turn|13
|
|t:|1667234188
|move|p2a: Calyrex|Astral Barrage|p1a: Deoxys
|-supereffective|p1a: Deoxys
|-damage|p1a: Deoxys|0 fnt
|faint|p1a: Deoxys
|-ability|p2a: Calyrex|Grim Neigh|boost
|-boost|p2a: Calyrex|spa|1
|
|upkeep
|j|+Dragonillis
|-message|ThievesBoom forfeited.
|
|win|xxdctfvg
|raw|ThievesBoom's rating: 1754 &rarr; <strong>1736</strong><br />(-18 for losing)
|raw|xxdctfvg's rating: 1786 &rarr; <strong>1804</strong><br />(+18 for winning)
|l|☆ThievesBoom
|l|☆xxdctfvg
||Ladder isn't responding, score probably updated but might not have (Request timeout).
