|j|☆AnimeZZZZ5
|j|☆LinktheAnnihilat24
|t:|1622362260
|gametype|singles
|player|p1|AnimeZZZZ5|bugcatcher|1838
|player|p2|LinktheAnnihilat24|wallace|1795
|teamsize|p1|6
|teamsize|p2|6
|gen|8
|tier|[Gen 8] National Dex AG
|rated|
|rule|HP Percentage Mod: HP is shown in percentages
|rule|Endless Battle Clause: Forcing endless battles is banned
|clearpoke
|poke|p1|Regieleki|
|poke|p1|Kyurem-Black|
|poke|p1|Ditto|
|poke|p1|Lunala|
|poke|p1|Calyrex-Ice|
|poke|p1|Arceus-*|
|poke|p2|Necrozma-Dusk-Mane|
|poke|p2|Arceus-*|
|poke|p2|Arceus-*|
|poke|p2|Arceus-*|
|poke|p2|Yveltal|
|poke|p2|Groudon|
|teampreview
|inactive|Battle timer is ON: inactive players will automatically lose when time's up. (requested by LinktheAnnihilat24)
|j| TheCorrosiveClimb
|
|t:|1622362283
|start
|switch|p1a: Arceus|Arceus-Fairy|100/100
|switch|p2a: ndm more like no|Arceus-Dark|100/100
|turn|1
|
|t:|1622362296
|move|p1a: Arceus|Toxic|p2a: ndm more like no
|-status|p2a: ndm more like no|tox
|move|p2a: ndm more like no|Will-O-Wisp|p1a: Arceus|[miss]
|-miss|p2a: ndm more like no|p1a: Arceus
|
|-damage|p2a: ndm more like no|94/100 tox|[from] psn
|upkeep
|turn|2
|c|☆LinktheAnnihilat24|...
|
|t:|1622362302
|move|p1a: Arceus|Stealth Rock|p2a: ndm more like no
|-sidestart|p2: LinktheAnnihilat24|move: Stealth Rock
|move|p2a: ndm more like no|Will-O-Wisp|p1a: Arceus
|-status|p1a: Arceus|brn
|
|-damage|p2a: ndm more like no|82/100 tox|[from] psn
|-damage|p1a: Arceus|94/100 brn|[from] brn
|upkeep
|turn|3
|
|t:|1622362307
|switch|p1a: Lunala|Lunala|100/100
|move|p2a: ndm more like no|Defog|p1a: Lunala
|-unboost|p1a: Lunala|evasion|1
|-sideend|p2: LinktheAnnihilat24|Stealth Rock|[from] move: Defog|[of] p2a: ndm more like no
|
|-damage|p2a: ndm more like no|64/100 tox|[from] psn
|upkeep
|turn|4
|
|t:|1622362318
|move|p1a: Lunala|Moonblast|p2a: ndm more like no
|-supereffective|p2a: ndm more like no
|-damage|p2a: ndm more like no|26/100 tox
|move|p2a: ndm more like no|Recover|p2a: ndm more like no
|-heal|p2a: ndm more like no|76/100 tox
|
|-damage|p2a: ndm more like no|51/100 tox|[from] psn
|upkeep
|turn|5
|
|t:|1622362325
|switch|p1a: Arceus|Arceus-Fairy|94/100 brn
|switch|p2a: The Godfather|Groudon, shiny|100/100
|detailschange|p2a: The Godfather|Groudon-Primal, shiny
|-primal|p2a: The Godfather
|-weather|DesolateLand|[from] ability: Desolate Land|[of] p2a: The Godfather
|
|-weather|DesolateLand|[upkeep]
|-damage|p1a: Arceus|88/100 brn|[from] brn
|upkeep
|turn|6
|
|t:|1622362331
|-weather|none
|switch|p2a: are we us|Arceus-Water|100/100
|move|p1a: Arceus|Toxic|p2a: are we us
|-status|p2a: are we us|tox
|
|-damage|p2a: are we us|94/100 tox|[from] psn
|-damage|p1a: Arceus|82/100 brn|[from] brn
|upkeep
|turn|7
|
|t:|1622362335
|move|p1a: Arceus|Stealth Rock|p2a: are we us
|-sidestart|p2: LinktheAnnihilat24|move: Stealth Rock
|move|p2a: are we us|Refresh|p2a: are we us
|-curestatus|p2a: are we us|tox|[msg]
|
|-damage|p1a: Arceus|76/100 brn|[from] brn
|upkeep
|turn|8
|
|t:|1622362341
|switch|p1a: Regieleki|Regieleki|100/100
|move|p2a: are we us|Toxic|p1a: Regieleki|[miss]
|-miss|p2a: are we us|p1a: Regieleki
|
|upkeep
|turn|9
|c|☆LinktheAnnihilat24|...
|
|t:|1622362349
|switch|p2a: The Godfather|Groudon-Primal, shiny|100/100
|-damage|p2a: The Godfather|88/100|[from] Stealth Rock
|-weather|DesolateLand|[from] ability: Desolate Land|[of] p2a: The Godfather
|move|p1a: Regieleki|Reflect|p1a: Regieleki
|-sidestart|p1: AnimeZZZZ5|Reflect
|
|-weather|DesolateLand|[upkeep]
|upkeep
|turn|10
|
|t:|1622362355
|move|p1a: Regieleki|Light Screen|p1a: Regieleki
|-sidestart|p1: AnimeZZZZ5|move: Light Screen
|move|p2a: The Godfather|Precipice Blades|p1a: Regieleki
|-supereffective|p1a: Regieleki
|-damage|p1a: Regieleki|0 fnt
|faint|p1a: Regieleki
|
|-weather|DesolateLand|[upkeep]
|upkeep
|
|t:|1622362359
|switch|p1a: Calyrex|Calyrex-Ice|100/100
|-ability|p1a: Calyrex|As One
|-ability|p1a: Calyrex|Unnerve
|turn|11
|c|☆LinktheAnnihilat24|even through
|c|☆LinktheAnnihilat24|screens
|
|t:|1622362363
|move|p2a: The Godfather|Dragon Tail|p1a: Calyrex
|-damage|p1a: Calyrex|93/100
|drag|p1a: Lunala|Lunala|100/100
|
|-weather|DesolateLand|[upkeep]
|upkeep
|turn|12
|
|t:|1622362367
|move|p1a: Lunala|Moongeist Beam|p2a: The Godfather
|-damage|p2a: The Godfather|40/100
|move|p2a: The Godfather|Toxic|p1a: Lunala
|-status|p1a: Lunala|tox
|
|-weather|DesolateLand|[upkeep]
|-damage|p1a: Lunala|94/100 tox|[from] psn
|upkeep
|turn|13
|
|t:|1622362377
|-weather|none
|switch|p2a: I'M NOT UGLY|Yveltal, shiny|100/100
|-damage|p2a: I'M NOT UGLY|76/100|[from] Stealth Rock
|-ability|p2a: I'M NOT UGLY|Dark Aura
|move|p1a: Lunala|Moongeist Beam|p2a: I'M NOT UGLY
|-resisted|p2a: I'M NOT UGLY
|-damage|p2a: I'M NOT UGLY|49/100
|
|-damage|p1a: Lunala|82/100 tox|[from] psn
|upkeep
|turn|14
|
|t:|1622362391
|move|p2a: I'M NOT UGLY|Sucker Punch|p1a: Lunala
|-supereffective|p1a: Lunala
|-damage|p1a: Lunala|0 fnt
|faint|p1a: Lunala
|-damage|p2a: I'M NOT UGLY|39/100|[from] item: Life Orb
|
|upkeep
|
|t:|1622362394
|switch|p1a: Calyrex|Calyrex-Ice|93/100
|-ability|p1a: Calyrex|As One
|-ability|p1a: Calyrex|Unnerve
|turn|15
|
|t:|1622362396
|move|p2a: I'M NOT UGLY|Oblivion Wing|p1a: Calyrex
|-damage|p1a: Calyrex|73/100
|-heal|p2a: I'M NOT UGLY|55/100|[from] drain|[of] p1a: Calyrex
|-damage|p2a: I'M NOT UGLY|45/100|[from] item: Life Orb
|move|p1a: Calyrex|Trick Room|p1a: Calyrex
|-fieldstart|move: Trick Room|[of] p1a: Calyrex
|
|upkeep
|turn|16
|
|t:|1622362402
|-start|p1a: Calyrex|Dynamax
|-heal|p1a: Calyrex|73/100|[silent]
|move|p2a: I'M NOT UGLY|Sucker Punch|p1a: Calyrex
|-supereffective|p1a: Calyrex
|-damage|p1a: Calyrex|59/100
|-enditem|p1a: Calyrex|Weakness Policy
|-boost|p1a: Calyrex|atk|2|[from] item: Weakness Policy
|-boost|p1a: Calyrex|spa|2|[from] item: Weakness Policy
|-damage|p2a: I'M NOT UGLY|35/100|[from] item: Life Orb
|move|p1a: Calyrex|Max Hailstorm|p2a: I'M NOT UGLY
|-supereffective|p2a: I'M NOT UGLY
|-damage|p2a: I'M NOT UGLY|0 fnt
|-weather|Hail
|faint|p2a: I'M NOT UGLY
|-ability|p1a: Calyrex|Chilling Neigh|boost
|-boost|p1a: Calyrex|atk|1
|
|-weather|Hail|[upkeep]
|-sideend|p1: AnimeZZZZ5|Reflect
|upkeep
|c|☆LinktheAnnihilat24|gg
|
|t:|1622362411
|switch|p2a: endeaem|Necrozma-Dusk-Mane|100/100
|-damage|p2a: endeaem|94/100|[from] Stealth Rock
|turn|17
|
|t:|1622362416
|-start|p2a: endeaem|Dynamax
|-heal|p2a: endeaem|94/100|[silent]
|move|p2a: endeaem|Max Guard|p2a: endeaem
|-singleturn|p2a: endeaem|Max Guard
|move|p1a: Calyrex|Max Knuckle|p2a: endeaem
|-activate|p2a: endeaem|move: Max Guard
|
|-weather|Hail|[upkeep]
|-damage|p2a: endeaem|91/100|[from] Hail
|-sideend|p1: AnimeZZZZ5|move: Light Screen
|upkeep
|turn|18
|
|t:|1622362429
|move|p1a: Calyrex|Max Guard|p1a: Calyrex
|-singleturn|p1a: Calyrex|Max Guard
|move|p2a: endeaem|Max Steelspike|p1a: Calyrex
|-activate|p1a: Calyrex|move: Max Guard
|
|-weather|Hail|[upkeep]
|-damage|p2a: endeaem|88/100|[from] Hail
|-end|p1a: Calyrex|Dynamax
|-heal|p1a: Calyrex|59/100|[silent]
|upkeep
|turn|19
|
|t:|1622362432
|move|p1a: Calyrex|Close Combat|p2a: endeaem
|-damage|p2a: endeaem|53/100
|-unboost|p1a: Calyrex|def|1
|-unboost|p1a: Calyrex|spd|1
|-damage|p1a: Calyrex|42/100|[from] item: Rocky Helmet|[of] p2a: endeaem
|move|p2a: endeaem|Max Steelspike|p1a: Calyrex
|-supereffective|p1a: Calyrex
|-damage|p1a: Calyrex|0 fnt
|-boost|p2a: endeaem|def|1
|faint|p1a: Calyrex
|
|-weather|Hail|[upkeep]
|-damage|p2a: endeaem|50/100|[from] Hail
|-fieldend|move: Trick Room
|-end|p2a: endeaem|Dynamax
|-heal|p2a: endeaem|50/100|[silent]
|upkeep
|
|t:|1622362437
|switch|p1a: Arceus|Arceus-Fairy|76/100 brn
|turn|20
|c|☆LinktheAnnihilat24|its
|c|☆LinktheAnnihilat24|an ohko
|c|☆LinktheAnnihilat24|ok
|
|t:|1622362441
|switch|p2a: ndm more like no|Arceus-Dark|51/100 tox
|-damage|p2a: ndm more like no|39/100 tox|[from] Stealth Rock
|move|p1a: Arceus|Will-O-Wisp||[still]
|-fail|p1a: Arceus
|
|-weather|none
|-damage|p2a: ndm more like no|33/100 tox|[from] psn
|-damage|p1a: Arceus|70/100 brn|[from] brn
|upkeep
|turn|21
|
|t:|1622362464
|switch|p1a: Ditto|Ditto|100/100
|-transform|p1a: Ditto|p2a: ndm more like no|[from] ability: Imposter
|move|p2a: ndm more like no|Recover|p2a: ndm more like no
|-heal|p2a: ndm more like no|83/100 tox
|
|-damage|p2a: ndm more like no|71/100 tox|[from] psn
|upkeep
|turn|22
|j| 0s9lnss7gti34ak.
|
|t:|1622362468
|switch|p1a: Arceus|Arceus-Fairy|70/100 brn
|move|p2a: ndm more like no|Defog|p1a: Arceus
|-unboost|p1a: Arceus|evasion|1
|-sideend|p2: LinktheAnnihilat24|Stealth Rock|[from] move: Defog|[of] p2a: ndm more like no
|
|-damage|p2a: ndm more like no|53/100 tox|[from] psn
|-damage|p1a: Arceus|64/100 brn|[from] brn
|upkeep
|turn|23
|
|t:|1622362474
|switch|p2a: The Godfather|Groudon-Primal, shiny|40/100
|-weather|DesolateLand|[from] ability: Desolate Land|[of] p2a: The Godfather
|move|p1a: Arceus|Stealth Rock|p2a: The Godfather
|-sidestart|p2: LinktheAnnihilat24|move: Stealth Rock
|
|-weather|DesolateLand|[upkeep]
|-damage|p1a: Arceus|58/100 brn|[from] brn
|upkeep
|turn|24
|
|t:|1622362481
|move|p1a: Arceus|Toxic|p2a: The Godfather
|-status|p2a: The Godfather|tox
|move|p2a: The Godfather|Precipice Blades|p1a: Arceus
|-damage|p1a: Arceus|14/100 brn
|
|-weather|DesolateLand|[upkeep]
|-damage|p2a: The Godfather|34/100 tox|[from] psn
|-damage|p1a: Arceus|8/100 brn|[from] brn
|upkeep
|turn|25
|
|t:|1622362487
|move|p1a: Arceus|Recover|p1a: Arceus
|-heal|p1a: Arceus|58/100 brn
|move|p2a: The Godfather|Rest|p2a: The Godfather
|-status|p2a: The Godfather|slp|[from] move: Rest
|-heal|p2a: The Godfather|100/100 slp|[silent]
|
|-weather|DesolateLand|[upkeep]
|-damage|p1a: Arceus|52/100 brn|[from] brn
|upkeep
|turn|26
|
|t:|1622362491
|switch|p1a: Kyurem|Kyurem-Black|100/100
|-ability|p1a: Kyurem|Teravolt
|-weather|none
|switch|p2a: ndm more like no|Arceus-Dark|53/100 tox
|-damage|p2a: ndm more like no|40/100 tox|[from] Stealth Rock
|
|-damage|p2a: ndm more like no|34/100 tox|[from] psn
|upkeep
|turn|27
|
|t:|1622362496
|switch|p1a: Arceus|Arceus-Fairy|52/100 brn
|move|p2a: ndm more like no|Recover|p2a: ndm more like no
|-heal|p2a: ndm more like no|84/100 tox
|
|-damage|p2a: ndm more like no|72/100 tox|[from] psn
|-damage|p1a: Arceus|46/100 brn|[from] brn
|upkeep
|turn|28
|
|t:|1622362499
|switch|p2a: The Godfather|Groudon-Primal, shiny|100/100 slp
|-damage|p2a: The Godfather|88/100 slp|[from] Stealth Rock
|-weather|DesolateLand|[from] ability: Desolate Land|[of] p2a: The Godfather
|move|p1a: Arceus|Recover|p1a: Arceus
|-heal|p1a: Arceus|96/100 brn
|
|-weather|DesolateLand|[upkeep]
|-damage|p1a: Arceus|89/100 brn|[from] brn
|upkeep
|turn|29
|
|t:|1622362501
|switch|p1a: Kyurem|Kyurem-Black|100/100
|-ability|p1a: Kyurem|Teravolt
|cant|p2a: The Godfather|slp
|
|-weather|DesolateLand|[upkeep]
|upkeep
|turn|30
|
|t:|1622362507
|move|p1a: Kyurem|Icicle Spear|p2a: The Godfather
|-damage|p2a: The Godfather|77/100 slp
|-damage|p2a: The Godfather|67/100 slp
|-damage|p2a: The Godfather|58/100 slp
|-damage|p2a: The Godfather|48/100 slp
|-hitcount|p2a: The Godfather|4
|-damage|p1a: Kyurem|90/100|[from] item: Life Orb
|cant|p2a: The Godfather|slp
|
|-weather|DesolateLand|[upkeep]
|upkeep
|turn|31
|c|☆LinktheAnnihilat24|4
|
|t:|1622362513
|move|p1a: Kyurem|Dragon Dance|p1a: Kyurem
|-boost|p1a: Kyurem|atk|1
|-boost|p1a: Kyurem|spe|1
|-curestatus|p2a: The Godfather|slp|[msg]
|move|p2a: The Godfather|Dragon Tail|p1a: Kyurem
|-supereffective|p1a: Kyurem
|-damage|p1a: Kyurem|54/100
|drag|p1a: Ditto|Ditto|100/100
|-transform|p1a: Ditto|p2a: The Godfather|[from] ability: Imposter
|
|-weather|DesolateLand|[upkeep]
|upkeep
|turn|32
|
|t:|1622362519
|move|p1a: Ditto|Precipice Blades|p2a: The Godfather
|-supereffective|p2a: The Godfather
|-damage|p2a: The Godfather|0 fnt
|faint|p2a: The Godfather
|
|-weather|DesolateLand|[upkeep]
|upkeep
|
|t:|1622362528
|switch|p2a: xoxo|Arceus-Ground|100/100
|-damage|p2a: xoxo|94/100|[from] Stealth Rock
|turn|33
|
|t:|1622362531
|-weather|none
|switch|p1a: Arceus|Arceus-Fairy|89/100 brn
|move|p2a: xoxo|Earthquake|p1a: Arceus
|-damage|p1a: Arceus|59/100 brn
|
|-damage|p1a: Arceus|53/100 brn|[from] brn
|upkeep
|turn|34
|j| uknowiknow
|
|t:|1622362535
|-zpower|p2a: xoxo
|move|p2a: xoxo|Tectonic Rage|p1a: Arceus|[zeffect]
|-damage|p1a: Arceus|0 fnt
|faint|p1a: Arceus
|
|upkeep
|
|t:|1622362540
|switch|p1a: Kyurem|Kyurem-Black|54/100
|-ability|p1a: Kyurem|Teravolt
|turn|35
|
|t:|1622362541
|move|p2a: xoxo|Stone Edge|p1a: Kyurem
|-supereffective|p1a: Kyurem
|-damage|p1a: Kyurem|0 fnt
|faint|p1a: Kyurem
|
|upkeep
|-message|AnimeZZZZ5 forfeited.
|
|win|LinktheAnnihilat24
|raw|AnimeZZZZ5's rating: 1838 &rarr; <strong>1816</strong><br />(-22 for losing)
|raw|LinktheAnnihilat24's rating: 1795 &rarr; <strong>1817</strong><br />(+22 for winning)
|l|☆AnimeZZZZ5
