|j|☆default0
|j|☆ywa1n
|inactive|Battle timer is ON: inactive players will automatically lose when time's up.
|t:|1663784819
|gametype|singles
|player|p1|default0|skierf-gen4dp|
|player|p2|ywa1n|acetrainercouple|
|teamsize|p1|6
|teamsize|p2|6
|gen|8
|tier|[Gen 8] National Dex AG
|rated|Tournament battle
|rule|HP Percentage Mod: HP is shown in percentages
|rule|Endless Battle Clause: Forcing endless battles is banned
|clearpoke
|poke|p1|Necrozma-Dusk-Mane|
|poke|p1|Zacian-*|
|poke|p1|Arceus-*|
|poke|p1|Marshadow|
|poke|p1|Yveltal|
|poke|p1|Eternatus|
|poke|p2|Deoxys-Speed|
|poke|p2|Necrozma-Dusk-Mane|
|poke|p2|Yveltal|
|poke|p2|Arceus-*|
|poke|p2|Calyrex-Shadow|
|poke|p2|Kyogre|
|teampreview
|j| vibingdank
|c|☆ywa1n|Glhf no hax
|c| vibingdank|lol
|inactive|ywa1n has 120 seconds left.
|
|t:|1663784858
|start
|switch|p1a: Zacian|Zacian-Crowned|100/100
|switch|p2a: Arceus|Arceus-Ground|100/100
|-ability|p1a: Zacian|Intrepid Sword|boost
|-boost|p1a: Zacian|atk|1
|turn|1
|
|t:|1663784866
|move|p1a: Zacian|Behemoth Blade|p2a: Arceus
|-damage|p2a: Arceus|26/100
|move|p2a: Arceus|Earthquake|p1a: Zacian
|-supereffective|p1a: Zacian
|-damage|p1a: Zacian|0 fnt
|faint|p1a: Zacian
|
|upkeep
|
|t:|1663784872
|switch|p1a: Arceus|Arceus-Ground|100/100
|turn|2
|c|☆ywa1n|Wait
|c|☆ywa1n|Why does my team not have zacian
|
|t:|1663784896
|move|p2a: Arceus|Earthquake|p1a: Arceus
|-damage|p1a: Arceus|66/100
|move|p1a: Arceus|Stealth Rock|p2a: Arceus
|-sidestart|p2: ywa1n|move: Stealth Rock
|
|upkeep
|turn|3
|
|t:|1663784902
|move|p2a: Arceus|Recover|p2a: Arceus
|-heal|p2a: Arceus|76/100
|move|p1a: Arceus|Recover|p1a: Arceus
|-heal|p1a: Arceus|100/100
|
|upkeep
|turn|4
|
|t:|1663784907
|switch|p1a: Yveltal|Yveltal|100/100
|-ability|p1a: Yveltal|Dark Aura
|move|p2a: Arceus|Swords Dance|p2a: Arceus
|-boost|p2a: Arceus|atk|2
|
|upkeep
|turn|5
|
|t:|1663784911
|move|p2a: Arceus|Stone Edge|p1a: Yveltal
|-supereffective|p1a: Yveltal
|-damage|p1a: Yveltal|31/100
|move|p1a: Yveltal|Foul Play|p2a: Arceus
|-damage|p2a: Arceus|0 fnt
|faint|p2a: Arceus
|
|upkeep
|
|t:|1663784923
|switch|p2a: Deoxys|Deoxys-Speed|100/100
|-damage|p2a: Deoxys|88/100|[from] Stealth Rock
|-ability|p2a: Deoxys|Pressure
|turn|6
|
|t:|1663784928
|move|p2a: Deoxys|Stealth Rock|p1a: Yveltal
|-sidestart|p1: default0|move: Stealth Rock
|move|p1a: Yveltal|Roost|p1a: Yveltal
|-heal|p1a: Yveltal|81/100
|-singleturn|p1a: Yveltal|move: Roost
|
|upkeep
|turn|7
|
|t:|1663784937
|move|p2a: Deoxys|Spikes|p1a: Yveltal
|-sidestart|p1: default0|Spikes
|move|p1a: Yveltal|Foul Play|p2a: Deoxys
|-supereffective|p2a: Deoxys
|-damage|p2a: Deoxys|15/100
|
|upkeep
|turn|8
|
|t:|1663784945
|move|p2a: Deoxys|Skill Swap|p1a: Yveltal
|-activate|p2a: Deoxys|move: Skill Swap|Dark Aura|Pressure|[of] p1a: Yveltal
|-ability|p2a: Deoxys|Dark Aura
|-ability|p1a: Yveltal|Pressure
|move|p1a: Yveltal|Foul Play|p2a: Deoxys
|-supereffective|p2a: Deoxys
|-damage|p2a: Deoxys|0 fnt
|faint|p2a: Deoxys
|
|upkeep
|
|t:|1663784957
|switch|p2a: Kyogre|Kyogre|100/100
|-damage|p2a: Kyogre|88/100|[from] Stealth Rock
|-weather|RainDance|[from] ability: Drizzle|[of] p2a: Kyogre
|turn|9
|
|t:|1663784969
|switch|p1a: Eternatus|Eternatus|100/100
|-damage|p1a: Eternatus|88/100|[from] Stealth Rock
|-damage|p1a: Eternatus|76/100|[from] Spikes
|-ability|p1a: Eternatus|Pressure
|move|p2a: Kyogre|Ice Beam|p1a: Eternatus
|-supereffective|p1a: Eternatus
|-damage|p1a: Eternatus|25/100
|-status|p1a: Eternatus|frz
|-damage|p2a: Kyogre|78/100|[from] item: Life Orb
|
|-weather|RainDance|[upkeep]
|upkeep
|turn|10
|
|t:|1663784981
|cant|p1a: Eternatus|frz
|move|p2a: Kyogre|Calm Mind|p2a: Kyogre
|-boost|p2a: Kyogre|spa|1
|-boost|p2a: Kyogre|spd|1
|
|-weather|RainDance|[upkeep]
|upkeep
|turn|11
|
|t:|1663784986
|cant|p1a: Eternatus|frz
|move|p2a: Kyogre|Ice Beam|p1a: Eternatus
|-supereffective|p1a: Eternatus
|-damage|p1a: Eternatus|0 fnt
|faint|p1a: Eternatus
|-damage|p2a: Kyogre|68/100|[from] item: Life Orb
|
|-weather|RainDance|[upkeep]
|upkeep
|
|t:|1663784994
|switch|p1a: Marshadow|Marshadow|100/100
|-damage|p1a: Marshadow|94/100|[from] Stealth Rock
|-damage|p1a: Marshadow|82/100|[from] Spikes
|turn|12
|c|☆ywa1n|Oh right
|
|t:|1663785009
|-start|p2a: Kyogre|Dynamax|
|-heal|p2a: Kyogre|68/100|[silent]
|move|p1a: Marshadow|Spectral Thief||[still]
|-clearpositiveboost|p2a: Kyogre|p1a: Marshadow|move: Spectral Thief
|-boost|p1a: Marshadow|spa|1
|-boost|p1a: Marshadow|spd|1
|-anim|p1a: Marshadow|Spectral Thief|p2a: Kyogre
|-damage|p2a: Kyogre|35/100
|-damage|p1a: Marshadow|72/100|[from] item: Life Orb
|move|p2a: Kyogre|Max Airstream|p1a: Marshadow
|-supereffective|p1a: Marshadow
|-damage|p1a: Marshadow|0 fnt
|-boost|p2a: Kyogre|spe|1
|faint|p1a: Marshadow
|-damage|p2a: Kyogre|30/100|[from] item: Life Orb
|
|-weather|RainDance|[upkeep]
|upkeep
|
|t:|1663785022
|switch|p1a: Yveltal|Yveltal|81/100
|-ability|p1a: Yveltal|Dark Aura
|turn|13
|l| vibingdank
|
|t:|1663785029
|switch|p1a: Necrozma|Necrozma-Dusk-Mane|100/100
|-damage|p1a: Necrozma|94/100|[from] Stealth Rock
|-damage|p1a: Necrozma|82/100|[from] Spikes
|move|p2a: Kyogre|Max Hailstorm|p1a: Necrozma
|-resisted|p1a: Necrozma
|-damage|p1a: Necrozma|57/100
|-weather|Hail
|-damage|p2a: Kyogre|25/100|[from] item: Life Orb
|
|-weather|Hail|[upkeep]
|-damage|p2a: Kyogre|22/100|[from] Hail
|-damage|p1a: Necrozma|51/100|[from] Hail
|upkeep
|turn|14
|
|t:|1663785036
|move|p2a: Kyogre|Max Geyser|p1a: Necrozma
|-damage|p1a: Necrozma|0 fnt
|-weather|RainDance
|faint|p1a: Necrozma
|-damage|p2a: Kyogre|17/100|[from] item: Life Orb
|
|-weather|RainDance|[upkeep]
|upkeep
|
|t:|1663785042
|switch|p1a: Yveltal|Yveltal|81/100
|-ability|p1a: Yveltal|Dark Aura
|-end|p2a: Kyogre|Dynamax
|-heal|p2a: Kyogre|18/100|[silent]
|turn|15
|
|t:|1663785049
|move|p2a: Kyogre|Origin Pulse|p1a: Yveltal
|-damage|p1a: Yveltal|0 fnt
|faint|p1a: Yveltal
|-damage|p2a: Kyogre|8/100|[from] item: Life Orb
|
|-weather|RainDance|[upkeep]
|upkeep
|
|t:|1663785053
|switch|p1a: Arceus|Arceus-Ground|100/100
|-damage|p1a: Arceus|94/100|[from] Stealth Rock
|-damage|p1a: Arceus|82/100|[from] Spikes
|turn|16
|c|☆ywa1n|Ban Kyogre
|c|☆ywa1n|From AG
|c|☆ywa1n|too fuckin good
|
|t:|1663785073
|-start|p1a: Arceus|Dynamax|
|-heal|p1a: Arceus|82/100|[silent]
|move|p2a: Kyogre|Ice Beam|p1a: Arceus
|-supereffective|p1a: Arceus
|-damage|p1a: Arceus|54/100
|-damage|p2a: Kyogre|0 fnt|[from] item: Life Orb
|faint|p2a: Kyogre
|move|p1a: Arceus|Max Quake|p2: Kyogre|[notarget]
|-fail|p1a: Arceus
|
|-weather|RainDance|[upkeep]
|upkeep
|inactive|ywa1n has 120 seconds left.
|
|t:|1663785099
|switch|p2a: Necrozma|Necrozma-Dusk-Mane|100/100
|-damage|p2a: Necrozma|95/100|[from] Stealth Rock
|turn|17
|
|t:|1663785112
|detailschange|p2a: Necrozma|Necrozma-Ultra
|-burst|p2a: Necrozma|Necrozma|Ultranecrozium Z
|move|p2a: Necrozma|Dragon Dance|p2a: Necrozma
|-boost|p2a: Necrozma|atk|1
|-boost|p2a: Necrozma|spe|1
|move|p1a: Arceus|Max Quake|p2a: Necrozma
|-damage|p2a: Necrozma|15/100
|-boost|p1a: Arceus|spd|1
|
|-weather|RainDance|[upkeep]
|upkeep
|turn|18
|
|t:|1663785120
|-zpower|p2a: Necrozma
|move|p2a: Necrozma|Light That Burns the Sky|p1a: Arceus|[zeffect]
|-damage|p1a: Arceus|0 fnt
|faint|p1a: Arceus
|
|win|ywa1n
|n|☆default0|default0
|n|☆ywa1n|ywa1n
|l|☆default0
