|j|☆Lazy#4341 on cord
|j|☆MehicTUH_92
|t:|1667430613
|gametype|singles
|player|p1|Lazy#4341 on cord|backers|1751
|player|p2|MehicTUH_92|yellow|1745
|teamsize|p1|6
|teamsize|p2|6
|gen|8
|tier|[Gen 8] National Dex AG
|rated|
|rule|HP Percentage Mod: HP is shown in percentages
|rule|Endless Battle Clause: Forcing endless battles is banned
|clearpoke
|poke|p1|Cinderace, F|
|poke|p1|Zygarde|
|poke|p1|Necrozma-Dusk-Mane|
|poke|p1|Rayquaza|
|poke|p1|Arceus-*|
|poke|p1|Ferrothorn, F|
|poke|p2|Arceus-*|
|poke|p2|Arceus-*|
|poke|p2|Zacian-*|
|poke|p2|Necrozma-Dusk-Mane|
|poke|p2|Ho-Oh|
|poke|p2|Rayquaza|
|teampreview
|inactive|Battle timer is ON: inactive players will automatically lose when time's up. (requested by MehicTUH_92)
|
|t:|1667430631
|start
|switch|p1a: Mythra|Rayquaza|100/100
|switch|p2a: Ho-Oh|Ho-Oh|100/100
|-ability|p1a: Mythra|Air Lock
|turn|1
|
|t:|1667430636
|detailschange|p1a: Mythra|Rayquaza-Mega
|-mega|p1a: Mythra|Rayquaza|
|-weather|DeltaStream|[from] ability: Delta Stream|[of] p1a: Mythra
|move|p1a: Mythra|Dragon Ascent|p2a: Ho-Oh
|-damage|p2a: Ho-Oh|34/100
|-unboost|p1a: Mythra|def|1
|-unboost|p1a: Mythra|spd|1
|-damage|p1a: Mythra|91/100|[from] item: Life Orb
|move|p2a: Ho-Oh|Toxic|p1a: Mythra
|-status|p1a: Mythra|tox
|
|-weather|DeltaStream|[upkeep]
|-damage|p1a: Mythra|85/100 tox|[from] psn
|upkeep
|turn|2
|
|t:|1667430645
|switch|p2a: Necrozma|Necrozma-Dusk-Mane|100/100
|move|p1a: Mythra|Draco Meteor|p2a: Necrozma
|-resisted|p2a: Necrozma
|-damage|p2a: Necrozma|59/100
|-unboost|p1a: Mythra|spa|2
|-damage|p1a: Mythra|75/100 tox|[from] item: Life Orb
|
|-weather|DeltaStream|[upkeep]
|-damage|p1a: Mythra|63/100 tox|[from] psn
|upkeep
|turn|3
|
|t:|1667430654
|-weather|none
|switch|p1a: Pyra|Cinderace, F, shiny|100/100
|move|p2a: Necrozma|Sunsteel Strike|p1a: Pyra
|-resisted|p1a: Pyra
|-damage|p1a: Pyra|63/100
|
|upkeep
|turn|4
|
|t:|1667430657
|switch|p2a: Ho-Oh|Ho-Oh|68/100
|move|p1a: Pyra|Bulk Up|p1a: Pyra
|-start|p1a: Pyra|typechange|Fighting|[from] ability: Libero
|-boost|p1a: Pyra|atk|1
|-boost|p1a: Pyra|def|1
|
|upkeep
|turn|5
|
|t:|1667430662
|switch|p2a: Necrozma|Necrozma-Dusk-Mane|59/100
|-start|p1a: Pyra|Dynamax|Gmax
|-heal|p1a: Pyra|63/100|[silent]
|move|p1a: Pyra|Max Airstream|p2a: Necrozma
|-start|p1a: Pyra|typechange|Flying|[from] ability: Libero
|-resisted|p2a: Necrozma
|-damage|p2a: Necrozma|23/100
|-boost|p1a: Pyra|spe|1
|-damage|p1a: Pyra|58/100|[from] item: Life Orb
|
|upkeep
|turn|6
|
|t:|1667430670
|move|p1a: Pyra|Max Airstream|p2a: Necrozma
|-resisted|p2a: Necrozma
|-damage|p2a: Necrozma|0 fnt
|-boost|p1a: Pyra|spe|1
|faint|p2a: Necrozma
|-damage|p1a: Pyra|53/100|[from] item: Life Orb
|
|upkeep
|j| HelloWenston
|
|t:|1667430677
|switch|p2a: Arceus|Arceus-Ground|100/100
|turn|7
|
|t:|1667430681
|-start|p2a: Arceus|Dynamax|
|-heal|p2a: Arceus|100/100|[silent]
|move|p2a: Arceus|Max Guard|p2a: Arceus
|-singleturn|p2a: Arceus|Max Guard
|move|p1a: Pyra|G-Max Fireball|p2a: Arceus
|-start|p1a: Pyra|typechange|Fire|[from] ability: Libero
|-activate|p2a: Arceus|move: Max Guard
|
|upkeep
|-end|p1a: Pyra|Dynamax
|-heal|p1a: Pyra|53/100|[silent]
|turn|8
|
|t:|1667430684
|move|p1a: Pyra|Bounce||[still]
|-prepare|p1a: Pyra|Bounce
|-start|p1a: Pyra|typechange|Flying|[from] ability: Libero
|move|p2a: Arceus|Max Quake|p1a: Pyra|[miss]
|-miss|p2a: Arceus|p1a: Pyra
|
|upkeep
|turn|9
|
|t:|1667430686
|move|p1a: Pyra|Bounce|p2a: Arceus|[from]lockedmove
|-damage|p2a: Arceus|78/100
|-status|p2a: Arceus|par
|-damage|p1a: Pyra|43/100|[from] item: Life Orb
|move|p2a: Arceus|Max Quake|p1a: Pyra
|-immune|p1a: Pyra
|
|upkeep
|-end|p2a: Arceus|Dynamax
|-heal|p2a: Arceus|78/100 par|[silent]
|turn|10
|
|t:|1667430692
|move|p1a: Pyra|Pyro Ball|p2a: Arceus
|-start|p1a: Pyra|typechange|Fire|[from] ability: Libero
|-damage|p2a: Arceus|21/100 par
|-damage|p1a: Pyra|33/100|[from] item: Life Orb
|move|p2a: Arceus|Ice Beam|p1a: Pyra
|-resisted|p1a: Pyra
|-damage|p1a: Pyra|15/100
|
|upkeep
|turn|11
|
|t:|1667430696
|move|p1a: Pyra|Pyro Ball|p2a: Arceus
|-damage|p2a: Arceus|0 fnt
|faint|p2a: Arceus
|-damage|p1a: Pyra|5/100|[from] item: Life Orb
|
|upkeep
|
|t:|1667430697
|switch|p2a: Rayquaza|Rayquaza|100/100
|-ability|p2a: Rayquaza|Air Lock
|turn|12
|
|t:|1667430700
|switch|p1a: Sora|Necrozma-Dusk-Mane, shiny|100/100
|detailschange|p2a: Rayquaza|Rayquaza-Mega
|-mega|p2a: Rayquaza|Rayquaza|
|-weather|DeltaStream|[from] ability: Delta Stream|[of] p2a: Rayquaza
|move|p2a: Rayquaza|Extreme Speed|p1a: Sora
|-resisted|p1a: Sora
|-damage|p1a: Sora|86/100
|-damage|p2a: Rayquaza|84/100|[from] item: Rocky Helmet|[of] p1a: Sora
|-damage|p2a: Rayquaza|74/100|[from] item: Life Orb
|
|-weather|DeltaStream|[upkeep]
|upkeep
|turn|13
|
|t:|1667430703
|switch|p1a: Pyra|Cinderace, F, shiny|5/100
|move|p2a: Rayquaza|V-create|p1a: Pyra
|-resisted|p1a: Pyra
|-damage|p1a: Pyra|0 fnt
|-unboost|p2a: Rayquaza|spe|1
|-unboost|p2a: Rayquaza|def|1
|-unboost|p2a: Rayquaza|spd|1
|faint|p1a: Pyra
|-damage|p2a: Rayquaza|64/100|[from] item: Life Orb
|
|-weather|DeltaStream|[upkeep]
|upkeep
|j| luisYR_a
|
|t:|1667430709
|switch|p1a: Mythra|Rayquaza-Mega|63/100 tox
|turn|14
|l| luisYR_a
|
|t:|1667430714
|switch|p2a: Ho-Oh|Ho-Oh|100/100
|move|p1a: Mythra|Dragon Ascent|p2a: Ho-Oh
|-damage|p2a: Ho-Oh|28/100
|-unboost|p1a: Mythra|def|1
|-unboost|p1a: Mythra|spd|1
|-damage|p1a: Mythra|53/100 tox|[from] item: Life Orb
|
|-weather|DeltaStream|[upkeep]
|-damage|p1a: Mythra|47/100 tox|[from] psn
|upkeep
|turn|15
|
|t:|1667430721
|switch|p2a: Arceus|Arceus-Dark|100/100
|move|p1a: Mythra|Dragon Ascent|p2a: Arceus
|-damage|p2a: Arceus|35/100
|-unboost|p1a: Mythra|def|1
|-unboost|p1a: Mythra|spd|1
|-damage|p1a: Mythra|37/100 tox|[from] item: Life Orb
|
|-weather|DeltaStream|[upkeep]
|-damage|p1a: Mythra|25/100 tox|[from] psn
|upkeep
|turn|16
|
|t:|1667430726
|move|p1a: Mythra|V-create|p2a: Arceus
|-damage|p2a: Arceus|0 fnt
|-unboost|p1a: Mythra|spe|1
|-unboost|p1a: Mythra|def|1
|-unboost|p1a: Mythra|spd|1
|faint|p2a: Arceus
|-damage|p1a: Mythra|15/100 tox|[from] item: Life Orb
|
|-weather|DeltaStream|[upkeep]
|-damage|p1a: Mythra|0 fnt|[from] psn
|faint|p1a: Mythra
|-weather|none
|upkeep
|c|☆Lazy#4341 on cord|jesus christ
|n|!Lazy#4341 on cord|lazy4341oncord
|
|t:|1667430750
|switch|p1a: Ganon|Zygarde|100/100
|switch|p2a: Ho-Oh|Ho-Oh|61/100
|turn|17
|
|t:|1667430753
|move|p1a: Ganon|Glare|p2a: Ho-Oh
|-status|p2a: Ho-Oh|par
|move|p2a: Ho-Oh|Toxic|p1a: Ganon|[miss]
|-miss|p2a: Ho-Oh|p1a: Ganon
|
|upkeep
|turn|18
|j| thicsucttv
|
|t:|1667430759
|move|p1a: Ganon|Thousand Arrows|p2a: Ho-Oh
|-damage|p2a: Ho-Oh|39/100 par
|-start|p2a: Ho-Oh|Smack Down
|move|p2a: Ho-Oh|Toxic|p1a: Ganon
|-status|p1a: Ganon|tox
|
|-damage|p1a: Ganon|94/100 tox|[from] psn
|upkeep
|turn|19
|
|t:|1667430765
|move|p1a: Ganon|Thousand Arrows|p2a: Ho-Oh
|-supereffective|p2a: Ho-Oh
|-damage|p2a: Ho-Oh|0 fnt
|faint|p2a: Ho-Oh
|
|-heal|p1a: Ganon|100/100 tox|[from] item: Leftovers
|-damage|p1a: Ganon|88/100 tox|[from] psn
|upkeep
|
|t:|1667430769
|switch|p2a: Rayquaza|Rayquaza-Mega|64/100
|-weather|DeltaStream|[from] ability: Delta Stream|[of] p2a: Rayquaza
|turn|20
|
|t:|1667430773
|switch|p1a: Ferrothorn|Ferrothorn, F|100/100
|move|p2a: Rayquaza|Dragon Ascent|p1a: Ferrothorn
|-damage|p1a: Ferrothorn|18/100
|-unboost|p2a: Rayquaza|def|1
|-unboost|p2a: Rayquaza|spd|1
|-damage|p2a: Rayquaza|52/100|[from] ability: Iron Barbs|[of] p1a: Ferrothorn
|-damage|p2a: Rayquaza|42/100|[from] item: Life Orb
|
|-weather|DeltaStream|[upkeep]
|-heal|p1a: Ferrothorn|24/100|[from] item: Leftovers
|upkeep
|turn|21
|
|t:|1667430780
|move|p2a: Rayquaza|Dragon Ascent|p1a: Ferrothorn
|-damage|p1a: Ferrothorn|0 fnt
|-unboost|p2a: Rayquaza|def|1
|-unboost|p2a: Rayquaza|spd|1
|-damage|p2a: Rayquaza|30/100|[from] ability: Iron Barbs|[of] p1a: Ferrothorn
|faint|p1a: Ferrothorn
|-damage|p2a: Rayquaza|20/100|[from] item: Life Orb
|
|-weather|DeltaStream|[upkeep]
|upkeep
|
|t:|1667430784
|switch|p1a: Ganon|Zygarde|88/100 tox
|turn|22
|
|t:|1667430787
|move|p2a: Rayquaza|Dragon Ascent|p1a: Ganon
|-damage|p1a: Ganon|33/100 tox
|-unboost|p2a: Rayquaza|def|1
|-unboost|p2a: Rayquaza|spd|1
|-damage|p2a: Rayquaza|10/100|[from] item: Life Orb
|move|p1a: Ganon|Glare|p2a: Rayquaza
|-status|p2a: Rayquaza|par
|
|-weather|DeltaStream|[upkeep]
|-heal|p1a: Ganon|39/100 tox|[from] item: Leftovers
|-damage|p1a: Ganon|33/100 tox|[from] psn
|-activate|p1a: Ganon|ability: Power Construct
|detailschange|p1a: Ganon|Zygarde-Complete
|-heal|p1a: Ganon|56/100 tox|[silent]
|upkeep
|turn|23
|
|t:|1667430791
|move|p1a: Ganon|Thousand Arrows|p2a: Rayquaza
|-damage|p2a: Rayquaza|0 fnt
|faint|p2a: Rayquaza
|-weather|none
|
|-heal|p1a: Ganon|62/100 tox|[from] item: Leftovers
|-damage|p1a: Ganon|50/100 tox|[from] psn
|upkeep
|
|t:|1667430792
|switch|p2a: Zacian|Zacian-Crowned|100/100
|-ability|p2a: Zacian|Intrepid Sword|boost
|-boost|p2a: Zacian|atk|1
|turn|24
|
|t:|1667430795
|switch|p1a: Dark Pit|Arceus-Dark|100/100
|move|p2a: Zacian|Behemoth Blade|p1a: Dark Pit
|-damage|p1a: Dark Pit|42/100
|
|upkeep
|turn|25
|
|t:|1667430797
|move|p2a: Zacian|Behemoth Blade|p1a: Dark Pit
|-damage|p1a: Dark Pit|0 fnt
|faint|p1a: Dark Pit
|
|upkeep
|
|t:|1667430800
|switch|p1a: Ganon|Zygarde-Complete|50/100 tox
|turn|26
|
|t:|1667430802
|move|p2a: Zacian|Behemoth Blade|p1a: Ganon
|-damage|p1a: Ganon|17/100 tox
|move|p1a: Ganon|Glare|p2a: Zacian
|-status|p2a: Zacian|par
|
|-heal|p1a: Ganon|23/100 tox|[from] item: Leftovers
|-damage|p1a: Ganon|17/100 tox|[from] psn
|upkeep
|turn|27
|
|t:|1667430805
|move|p1a: Ganon|Thousand Arrows|p2a: Zacian
|-supereffective|p2a: Zacian
|-damage|p2a: Zacian|43/100 par
|move|p2a: Zacian|Behemoth Blade|p1a: Ganon
|-damage|p1a: Ganon|0 fnt
|faint|p1a: Ganon
|
|upkeep
|
|t:|1667430807
|switch|p1a: Sora|Necrozma-Dusk-Mane, shiny|86/100
|turn|28
|
|t:|1667430811
|cant|p2a: Zacian|par
|move|p1a: Sora|Sunsteel Strike|p2a: Zacian
|-damage|p2a: Zacian|0 fnt
|faint|p2a: Zacian
|
|win|Lazy#4341 on cord
|raw|Lazy#4341 on cord's rating: 1751 &rarr; <strong>1771</strong><br />(+20 for winning)
|raw|MehicTUH_92's rating: 1745 &rarr; <strong>1725</strong><br />(-20 for losing)
|l|☆MehicTUH_92
||Ladder isn't responding, score probably updated but might not have (Request timeout).
