|j|☆iroeweuio
|j|☆Crackerkid
|t:|1662231275
|gametype|singles
|player|p1|iroeweuio|2|1701
|player|p2|Crackerkid|2|1631
|teamsize|p1|6
|teamsize|p2|6
|gen|8
|tier|[Gen 8] National Dex AG
|rated|
|rule|HP Percentage Mod: HP is shown in percentages
|rule|Endless Battle Clause: Forcing endless battles is banned
|clearpoke
|poke|p1|Chatot, M|
|poke|p1|Weavile, F|
|poke|p1|Giratina-Origin|
|poke|p1|Ditto|
|poke|p1|Breloom, M|
|poke|p1|Wobbuffet, F|
|poke|p2|Rayquaza|
|poke|p2|Groudon|
|poke|p2|Calyrex-Shadow|
|poke|p2|Tyranitar, F|
|poke|p2|Necrozma-Dusk-Mane|
|poke|p2|Deoxys-Attack|
|teampreview
|inactive|Battle timer is ON: inactive players will automatically lose when time's up. (requested by Crackerkid)
|
|t:|1662231293
|start
|switch|p1a: Ditto|Ditto|100/100
|switch|p2a: Rayquaza|Rayquaza|100/100
|-ability|p2a: Rayquaza|Air Lock
|-transform|p1a: Ditto|p2a: Rayquaza|[from] ability: Imposter
|turn|1
|
|t:|1662231309
|switch|p1a: Wobbuffet|Wobbuffet, F|100/100
|switch|p2a: Necrozma|Necrozma-Dusk-Mane|100/100
|
|upkeep
|turn|2
|
|t:|1662231317
|switch|p1a: Ditto|Ditto|100/100
|-transform|p1a: Ditto|p2a: Necrozma|[from] ability: Imposter
|move|p2a: Necrozma|Dragon Dance|p2a: Necrozma
|-boost|p2a: Necrozma|atk|1
|-boost|p2a: Necrozma|spe|1
|
|upkeep
|turn|3
|
|t:|1662231336
|switch|p1a: Chatot|Chatot, M|100/100
|move|p2a: Necrozma|Sunsteel Strike|p1a: Chatot
|-damage|p1a: Chatot|0 fnt
|faint|p1a: Chatot
|
|upkeep
|
|t:|1662231343
|switch|p1a: Wobbuffet|Wobbuffet, F|100/100
|turn|4
|
|t:|1662231350
|move|p2a: Necrozma|Sunsteel Strike|p1a: Wobbuffet
|-damage|p1a: Wobbuffet|14/100
|move|p1a: Wobbuffet|Counter|p2a: Necrozma
|-damage|p2a: Necrozma|0 fnt
|faint|p2a: Necrozma
|
|upkeep
|
|t:|1662231357
|switch|p2a: Calyrex|Calyrex-Shadow|100/100
|-ability|p2a: Calyrex|As One
|-ability|p2a: Calyrex|Unnerve
|turn|5
|
|t:|1662231369
|switch|p1a: Weavile|Weavile, F|100/100
|-ability|p1a: Weavile|Pressure
|move|p2a: Calyrex|Astral Barrage|p1a: Weavile
|-resisted|p1a: Weavile
|-damage|p1a: Weavile|53/100
|
|-heal|p1a: Weavile|59/100|[from] item: Leftovers
|upkeep
|turn|6
|
|t:|1662231381
|-start|p2a: Calyrex|Dynamax|
|-heal|p2a: Calyrex|100/100|[silent]
|move|p2a: Calyrex|Max Starfall|p1a: Weavile
|-supereffective|p1a: Weavile
|-damage|p1a: Weavile|0 fnt
|-fieldstart|move: Misty Terrain
|faint|p1a: Weavile
|-ability|p2a: Calyrex|Grim Neigh|boost
|-boost|p2a: Calyrex|spa|1
|
|upkeep
|
|t:|1662231385
|switch|p1a: Ditto|Ditto|100/100
|-transform|p1a: Ditto|p2a: Calyrex|[from] ability: Imposter
|turn|7
|
|t:|1662231387
|-end|p2a: Calyrex|Dynamax
|-heal|p2a: Calyrex|100/100|[silent]
|switch|p2a: Tyranitar|Tyranitar, F|100/100
|-weather|Sandstorm|[from] ability: Sand Stream|[of] p2a: Tyranitar
|move|p1a: Ditto|Astral Barrage|p2a: Tyranitar
|-resisted|p2a: Tyranitar
|-damage|p2a: Tyranitar|75/100
|
|-weather|Sandstorm|[upkeep]
|-damage|p1a: Ditto|94/100|[from] Sandstorm
|-heal|p2a: Tyranitar|81/100|[from] item: Leftovers
|upkeep
|turn|8
|
|t:|1662231395
|-activate|p1a: Ditto|move: Pursuit
|move|p2a: Tyranitar|Pursuit|p1a: Ditto|[from]Pursuit
|-supereffective|p1a: Ditto
|-damage|p1a: Ditto|0 fnt
|faint|p1a: Ditto
|-hint|A Pokemon can't switch between when it runs out of HP and when it faints
|
|-weather|Sandstorm|[upkeep]
|-heal|p2a: Tyranitar|87/100|[from] item: Leftovers
|upkeep
|-message|iroeweuio forfeited.
|
|win|Crackerkid
|raw|iroeweuio's rating: 1701 &rarr; <strong>1677</strong><br />(-24 for losing)
|raw|Crackerkid's rating: 1631 &rarr; <strong>1655</strong><br />(+24 for winning)
