|j|☆DarkboiJ
|j|☆moyv123
|t:|1665391111
|gametype|singles
|player|p1|DarkboiJ|blue-gen3two|1807
|player|p2|moyv123|170|1785
|teamsize|p1|6
|teamsize|p2|6
|gen|8
|tier|[Gen 8] National Dex AG
|rated|
|rule|HP Percentage Mod: HP is shown in percentages
|rule|Endless Battle Clause: Forcing endless battles is banned
|clearpoke
|poke|p1|Ditto|
|poke|p1|Arceus-*|
|poke|p1|Lunala|
|poke|p1|Kyogre|
|poke|p1|Rayquaza|
|poke|p1|Groudon|
|poke|p2|Arceus-*|
|poke|p2|Yveltal|
|poke|p2|Rayquaza|
|poke|p2|Lugia|
|poke|p2|Zacian-*|
|poke|p2|Necrozma-Dusk-Mane|
|teampreview
|inactive|Battle timer is ON: inactive players will automatically lose when time's up. (requested by DarkboiJ)
|
|t:|1665391137
|start
|switch|p1a: 🐉|Rayquaza|100/100
|switch|p2a: Arceus|Arceus|100/100
|-ability|p1a: 🐉|Air Lock
|turn|1
|
|t:|1665391157
|switch|p2a: Lugia|Lugia, shiny|100/100
|detailschange|p1a: 🐉|Rayquaza-Mega
|-mega|p1a: 🐉|Rayquaza|
|-weather|DeltaStream|[from] ability: Delta Stream|[of] p1a: 🐉
|move|p1a: 🐉|Dragon Dance|p1a: 🐉
|-boost|p1a: 🐉|atk|1
|-boost|p1a: 🐉|spe|1
|
|-weather|DeltaStream|[upkeep]
|upkeep
|turn|2
|j| AGLT5TX kusaka6e
|
|t:|1665391167
|move|p1a: 🐉|Dragon Ascent|p2a: Lugia
|-damage|p2a: Lugia|67/100
|-unboost|p1a: 🐉|def|1
|-unboost|p1a: 🐉|spd|1
|move|p2a: Lugia|Thunder Wave|p1a: 🐉
|-status|p1a: 🐉|par
|
|-weather|DeltaStream|[upkeep]
|upkeep
|turn|3
|
|t:|1665391179
|move|p2a: Lugia|Roost|p2a: Lugia
|-heal|p2a: Lugia|100/100
|-singleturn|p2a: Lugia|move: Roost
|move|p1a: 🐉|Dragon Ascent|p2a: Lugia
|-damage|p2a: Lugia|71/100
|-unboost|p1a: 🐉|def|1
|-unboost|p1a: 🐉|spd|1
|
|-weather|DeltaStream|[upkeep]
|upkeep
|turn|4
|
|t:|1665391188
|move|p2a: Lugia|Roost|p2a: Lugia
|-heal|p2a: Lugia|100/100
|-singleturn|p2a: Lugia|move: Roost
|move|p1a: 🐉|Dragon Dance|p1a: 🐉
|-boost|p1a: 🐉|atk|1
|-boost|p1a: 🐉|spe|1
|
|-weather|DeltaStream|[upkeep]
|upkeep
|turn|5
|
|t:|1665391196
|move|p1a: 🐉|Dragon Ascent|p2a: Lugia
|-damage|p2a: Lugia|58/100
|-unboost|p1a: 🐉|def|1
|-unboost|p1a: 🐉|spd|1
|move|p2a: Lugia|Whirlwind|p1a: 🐉
|-weather|none
|drag|p1a: 🌊|Kyogre|100/100
|detailschange|p1a: 🌊|Kyogre-Primal
|-primal|p1a: 🌊
|-weather|PrimordialSea|[from] ability: Primordial Sea|[of] p1a: 🌊
|
|-weather|PrimordialSea|[upkeep]
|upkeep
|turn|6
|
|t:|1665391210
|move|p1a: 🌊|Ice Beam|p2a: Lugia
|-supereffective|p2a: Lugia
|-damage|p2a: Lugia|15/100
|move|p2a: Lugia|Roost|p2a: Lugia
|-heal|p2a: Lugia|65/100
|-singleturn|p2a: Lugia|move: Roost
|
|-weather|PrimordialSea|[upkeep]
|upkeep
|turn|7
|inactive|moyv123 has 120 seconds left.
|
|t:|1665391241
|switch|p2a: Rayquaza|Rayquaza, shiny|100/100
|-ability|p2a: Rayquaza|Air Lock
|move|p1a: 🌊|Origin Pulse|p2a: Rayquaza
|-resisted|p2a: Rayquaza
|-damage|p2a: Rayquaza|62/100
|
|-weather|PrimordialSea|[upkeep]
|upkeep
|turn|8
|
|t:|1665391251
|-weather|none
|switch|p1a: 🐉|Rayquaza-Mega|100/100 par
|-weather|DeltaStream|[from] ability: Delta Stream|[of] p1a: 🐉
|detailschange|p2a: Rayquaza|Rayquaza-Mega, shiny
|-mega|p2a: Rayquaza|Rayquaza|
|move|p2a: Rayquaza|Dragon Ascent|p1a: 🐉
|-enditem|p1a: 🐉|Focus Sash
|-damage|p1a: 🐉|1/100 par
|-unboost|p2a: Rayquaza|def|1
|-unboost|p2a: Rayquaza|spd|1
|-damage|p2a: Rayquaza|52/100|[from] item: Life Orb
|
|-weather|DeltaStream|[upkeep]
|upkeep
|turn|9
|
|t:|1665391265
|move|p2a: Rayquaza|Extreme Speed|p1a: 🐉
|-damage|p1a: 🐉|0 fnt
|faint|p1a: 🐉
|-damage|p2a: Rayquaza|42/100|[from] item: Life Orb
|
|-weather|DeltaStream|[upkeep]
|upkeep
|
|t:|1665391284
|switch|p1a: 👑|Arceus|100/100
|turn|10
|
|t:|1665391293
|-weather|none
|switch|p2a: Lugia|Lugia, shiny|65/100
|move|p1a: 👑|Extreme Speed|p2a: Lugia
|-damage|p2a: Lugia|45/100
|
|upkeep
|turn|11
|
|t:|1665391301
|move|p1a: 👑|Swords Dance|p1a: 👑
|-boost|p1a: 👑|atk|2
|move|p2a: Lugia|Roost|p2a: Lugia
|-heal|p2a: Lugia|95/100
|-singleturn|p2a: Lugia|move: Roost
|
|upkeep
|turn|12
|
|t:|1665391312
|move|p1a: 👑|Shadow Claw|p2a: Lugia
|-supereffective|p2a: Lugia
|-damage|p2a: Lugia|44/100
|move|p2a: Lugia|Whirlwind|p1a: 👑
|drag|p1a: 💥|Groudon|100/100
|detailschange|p1a: 💥|Groudon-Primal
|-primal|p1a: 💥
|-weather|DesolateLand|[from] ability: Desolate Land|[of] p1a: 💥
|
|-weather|DesolateLand|[upkeep]
|upkeep
|turn|13
|
|t:|1665391323
|move|p1a: 💥|Fire Punch|p2a: Lugia
|-damage|p2a: Lugia|6/100
|move|p2a: Lugia|Roost|p2a: Lugia
|-heal|p2a: Lugia|56/100
|-singleturn|p2a: Lugia|move: Roost
|
|-weather|DesolateLand|[upkeep]
|upkeep
|turn|14
|inactive|moyv123 has 120 seconds left.
|
|t:|1665391367
|move|p1a: 💥|Stealth Rock|p2a: Lugia
|-sidestart|p2: moyv123|move: Stealth Rock
|move|p2a: Lugia|Roost|p2a: Lugia
|-heal|p2a: Lugia|100/100
|-singleturn|p2a: Lugia|move: Roost
|
|-weather|DesolateLand|[upkeep]
|upkeep
|turn|15
|j| Shade Master 101
|
|t:|1665391389
|switch|p2a: Rayquaza|Rayquaza-Mega, shiny|42/100
|-damage|p2a: Rayquaza|17/100|[from] Stealth Rock
|-weather|DeltaStream|[from] ability: Delta Stream|[of] p2a: Rayquaza
|move|p1a: 💥|Dragon Tail|p2a: Rayquaza
|-supereffective|p2a: Rayquaza
|-damage|p2a: Rayquaza|0 fnt
|faint|p2a: Rayquaza
|-weather|none
|
|upkeep
|inactive|moyv123 has 90 seconds left.
|
|t:|1665391408
|switch|p2a: Arceus|Arceus|100/100
|-damage|p2a: Arceus|88/100|[from] Stealth Rock
|turn|16
|
|t:|1665391415
|move|p2a: Arceus|Defog|p1a: 💥
|-unboost|p1a: 💥|evasion|1
|-sideend|p2: moyv123|Stealth Rock|[from] move: Defog|[of] p2a: Arceus
|move|p1a: 💥|Dragon Tail|p2a: Arceus
|-damage|p2a: Arceus|69/100
|drag|p2a: Necrozma|Necrozma-Dusk-Mane|100/100
|
|upkeep
|turn|17
|inactive|moyv123 has 90 seconds left.
|
|t:|1665391451
|detailschange|p2a: Necrozma|Necrozma-Ultra
|-burst|p2a: Necrozma|Necrozma|Ultranecrozium Z
|move|p2a: Necrozma|Dragon Dance|p2a: Necrozma
|-boost|p2a: Necrozma|atk|1
|-boost|p2a: Necrozma|spe|1
|move|p1a: 💥|Stealth Rock|p2a: Necrozma
|-sidestart|p2: moyv123|move: Stealth Rock
|
|upkeep
|turn|18
|
|t:|1665391462
|switch|p1a: 🌊|Kyogre-Primal|100/100
|-weather|PrimordialSea|[from] ability: Primordial Sea|[of] p1a: 🌊
|move|p2a: Necrozma|Earthquake|p1a: 🌊
|-damage|p1a: 🌊|28/100
|
|-weather|PrimordialSea|[upkeep]
|upkeep
|turn|19
|
|t:|1665391472
|move|p2a: Necrozma|Photon Geyser|p1a: 🌊
|-damage|p1a: 🌊|0 fnt
|faint|p1a: 🌊
|-weather|none
|
|upkeep
|
|t:|1665391475
|switch|p1a: 🌛🌜|Lunala|100/100
|turn|20
|inactive|moyv123 has 90 seconds left.
|
|t:|1665391483
|move|p2a: Necrozma|Shadow Claw|p1a: 🌛🌜
|-supereffective|p1a: 🌛🌜
|-damage|p1a: 🌛🌜|35/100
|move|p1a: 🌛🌜|Moongeist Beam|p2a: Necrozma
|-supereffective|p2a: Necrozma
|-damage|p2a: Necrozma|27/100
|
|upkeep
|turn|21
|inactive|moyv123 has 90 seconds left.
|
|t:|1665391498
|-zpower|p2a: Necrozma
|move|p2a: Necrozma|Light That Burns the Sky|p1a: 🌛🌜|[zeffect]
|-resisted|p1a: 🌛🌜
|-damage|p1a: 🌛🌜|0 fnt
|faint|p1a: 🌛🌜
|
|upkeep
|
|t:|1665391502
|switch|p1a: Kriti Sanon💋|Ditto|100/100
|-transform|p1a: Kriti Sanon💋|p2a: Necrozma|[from] ability: Imposter
|turn|22
|
|t:|1665391510
|move|p1a: Kriti Sanon💋|Shadow Claw|p2a: Necrozma
|-supereffective|p2a: Necrozma
|-damage|p2a: Necrozma|0 fnt
|faint|p2a: Necrozma
|
|upkeep
|
|t:|1665391524
|switch|p2a: Arceus|Arceus|69/100
|-damage|p2a: Arceus|57/100|[from] Stealth Rock
|turn|23
|
|t:|1665391528
|switch|p1a: 💥|Groudon-Primal|100/100
|-weather|DesolateLand|[from] ability: Desolate Land|[of] p1a: 💥
|move|p2a: Arceus|Defog|p1a: 💥
|-unboost|p1a: 💥|evasion|1
|-sideend|p2: moyv123|Stealth Rock|[from] move: Defog|[of] p2a: Arceus
|
|-weather|DesolateLand|[upkeep]
|upkeep
|turn|24
|
|t:|1665391537
|move|p2a: Arceus|Extreme Speed|p1a: 💥
|-damage|p1a: 💥|73/100
|move|p1a: 💥|Stealth Rock|p2a: Arceus
|-sidestart|p2: moyv123|move: Stealth Rock
|
|-weather|DesolateLand|[upkeep]
|upkeep
|turn|25
|
|t:|1665391543
|move|p1a: 💥|Fire Punch|p2a: Arceus
|-damage|p2a: Arceus|11/100
|move|p2a: Arceus|Defog|p1a: 💥
|-unboost|p1a: 💥|evasion|1
|-sideend|p2: moyv123|Stealth Rock|[from] move: Defog|[of] p2a: Arceus
|
|-weather|DesolateLand|[upkeep]
|upkeep
|turn|26
|inactive|moyv123 has 120 seconds left.
|
|t:|1665391551
|move|p2a: Arceus|Extreme Speed|p1a: 💥
|-damage|p1a: 💥|43/100
|move|p1a: 💥|Stealth Rock|p2a: Arceus
|-sidestart|p2: moyv123|move: Stealth Rock
|
|-weather|DesolateLand|[upkeep]
|upkeep
|turn|27
|
|t:|1665391557
|move|p1a: 💥|Fire Punch|p2a: Arceus
|-damage|p2a: Arceus|0 fnt
|faint|p2a: Arceus
|
|-weather|DesolateLand|[upkeep]
|upkeep
|l| Shade Master 101
|inactive|moyv123 has 120 seconds left.
|
|t:|1665391592
|switch|p2a: Yveltal|Yveltal|100/100
|-damage|p2a: Yveltal|76/100|[from] Stealth Rock
|-ability|p2a: Yveltal|Dark Aura
|turn|28
|
|t:|1665391601
|move|p1a: 💥|Fire Punch|p2a: Yveltal
|-damage|p2a: Yveltal|3/100
|-status|p2a: Yveltal|brn
|move|p2a: Yveltal|Dark Pulse|p1a: 💥
|-damage|p1a: 💥|0 fnt
|faint|p1a: 💥
|-weather|none
|-damage|p2a: Yveltal|0 fnt|[from] item: Life Orb
|faint|p2a: Yveltal
|
|upkeep
|
|t:|1665391615
|switch|p1a: 👑|Arceus|100/100
|switch|p2a: Lugia|Lugia, shiny|100/100
|turn|29
|
|t:|1665391624
|move|p1a: 👑|Swords Dance|p1a: 👑
|-boost|p1a: 👑|atk|2
|move|p2a: Lugia|Whirlwind|p1a: 👑
|drag|p1a: Kriti Sanon💋|Ditto|100/100
|-transform|p1a: Kriti Sanon💋|p2a: Lugia|[from] ability: Imposter
|
|upkeep
|turn|30
|
|t:|1665391634
|move|p1a: Kriti Sanon💋|Toxic|p2a: Lugia
|-status|p2a: Lugia|tox
|move|p2a: Lugia|Thunder Wave|p1a: Kriti Sanon💋
|-status|p1a: Kriti Sanon💋|par
|
|-damage|p2a: Lugia|94/100 tox|[from] psn
|upkeep
|turn|31
|inactive|moyv123 has 90 seconds left.
|
|t:|1665391661
|switch|p1a: 👑|Arceus|100/100
|move|p2a: Lugia|Whirlwind|p1a: 👑
|drag|p1a: Kriti Sanon💋|Ditto|100/100 par
|-transform|p1a: Kriti Sanon💋|p2a: Lugia|[from] ability: Imposter
|
|-damage|p2a: Lugia|82/100 tox|[from] psn
|upkeep
|turn|32
|inactive|moyv123 has 90 seconds left.
|
|t:|1665391673
|move|p1a: Kriti Sanon💋|Thunder Wave||[still]
|-fail|p1a: Kriti Sanon💋
|move|p2a: Lugia|Whirlwind|p1a: Kriti Sanon💋
|drag|p1a: 👑|Arceus|100/100
|
|-damage|p2a: Lugia|63/100 tox|[from] psn
|upkeep
|turn|33
|
|t:|1665391690
|switch|p2a: Zacian|Zacian-Crowned, shiny|100/100
|-damage|p2a: Zacian|94/100|[from] Stealth Rock
|-ability|p2a: Zacian|Intrepid Sword|boost
|-boost|p2a: Zacian|atk|1
|move|p1a: 👑|Swords Dance|p1a: 👑
|-boost|p1a: 👑|atk|2
|
|upkeep
|turn|34
|l| AGLT5TX kusaka6e
|
|t:|1665391699
|-start|p1a: 👑|Dynamax|
|-heal|p1a: 👑|100/100|[silent]
|move|p2a: Zacian|Close Combat|p1a: 👑
|-supereffective|p1a: 👑
|-damage|p1a: 👑|48/100
|-unboost|p2a: Zacian|def|1
|-unboost|p2a: Zacian|spd|1
|move|p1a: 👑|Max Phantasm|p2a: Zacian
|-damage|p2a: Zacian|0 fnt
|faint|p2a: Zacian
|
|upkeep
|-message|moyv123 forfeited.
|
|win|DarkboiJ
|raw|DarkboiJ's rating: 1807 &rarr; <strong>1826</strong><br />(+19 for winning)
|raw|moyv123's rating: 1785 &rarr; <strong>1766</strong><br />(-19 for losing)
|l|☆moyv123
