|j|☆Golem0
|j|☆frostcrush
|t:|1668181553
|gametype|singles
|player|p1|Golem0|169|1530
|player|p2|frostcrush|102|1627
|teamsize|p1|6
|teamsize|p2|6
|gen|8
|tier|[Gen 8] National Dex AG
|rated|
|rule|HP Percentage Mod: HP is shown in percentages
|rule|Endless Battle Clause: Forcing endless battles is banned
|clearpoke
|poke|p1|Yveltal|
|poke|p1|Mimikyu, M|
|poke|p1|Magnezone|
|poke|p1|Excadrill, M|
|poke|p1|Shedinja|
|poke|p1|Ditto|
|poke|p2|Arceus-*|
|poke|p2|Calyrex-Shadow|
|poke|p2|Deoxys-Attack|
|poke|p2|Forretress, M|
|poke|p2|Marshadow|
|poke|p2|Mewtwo|
|teampreview
|
|t:|1668181560
|start
|switch|p1a: Excadrill|Excadrill, M|100/100
|switch|p2a: Forretress|Forretress, M|100/100
|turn|1
|inactive|Battle timer is ON: inactive players will automatically lose when time's up. (requested by frostcrush)
|
|t:|1668181572
|move|p1a: Excadrill|Earthquake|p2a: Forretress
|-damage|p2a: Forretress|59/100
|move|p2a: Forretress|Stealth Rock|p1a: Excadrill
|-sidestart|p1: Golem0|move: Stealth Rock
|
|upkeep
|turn|2
|
|t:|1668181581
|move|p1a: Excadrill|Rock Slide|p2a: Forretress
|-damage|p2a: Forretress|38/100
|cant|p2a: Forretress|flinch
|
|upkeep
|turn|3
|
|t:|1668181588
|move|p1a: Excadrill|Iron Head|p2a: Forretress
|-resisted|p2a: Forretress
|-damage|p2a: Forretress|23/100
|cant|p2a: Forretress|flinch
|
|upkeep
|turn|4
|c|☆Golem0|Lol
|-enditem|p2a: Forretress|Custap Berry|[eat]
|-activate|p2a: Forretress|item: Custap Berry|[consumed]
|
|t:|1668181611
|move|p2a: Forretress|Explosion|p1a: Excadrill
|-resisted|p1a: Excadrill
|-damage|p1a: Excadrill|46/100
|faint|p2a: Forretress
|move|p1a: Excadrill|Earthquake|p2: Forretress|[notarget]
|-fail|p1a: Excadrill
|
|upkeep
|c|☆frostcrush|?
|
|t:|1668181616
|switch|p2a: Mewtwo|Mewtwo|100/100
|-ability|p2a: Mewtwo|Pressure
|turn|5
|
|t:|1668181625
|detailschange|p2a: Mewtwo|Mewtwo-Mega-Y
|-mega|p2a: Mewtwo|Mewtwo|Mewtwonite Y
|move|p2a: Mewtwo|Flamethrower|p1a: Excadrill
|-supereffective|p1a: Excadrill
|-damage|p1a: Excadrill|0 fnt
|faint|p1a: Excadrill
|
|upkeep
|
|t:|1668181632
|switch|p1a: Yveltal|Yveltal|100/100
|-damage|p1a: Yveltal|75/100|[from] Stealth Rock
|-ability|p1a: Yveltal|Dark Aura
|turn|6
|
|t:|1668181640
|switch|p2a: Arceus|Arceus-Fairy|100/100
|move|p1a: Yveltal|Dark Pulse|p2a: Arceus
|-resisted|p2a: Arceus
|-damage|p2a: Arceus|81/100
|
|upkeep
|turn|7
|
|t:|1668181663
|switch|p1a: Magnezone|Magnezone|100/100
|move|p2a: Arceus|Judgment|p1a: Magnezone
|-resisted|p1a: Magnezone
|-damage|p1a: Magnezone|61/100
|
|upkeep
|turn|8
|
|t:|1668181667
|move|p2a: Arceus|Flamethrower|p1a: Magnezone
|-supereffective|p1a: Magnezone
|-damage|p1a: Magnezone|0 fnt
|faint|p1a: Magnezone
|
|upkeep
|c|☆frostcrush|whats so funny?
|
|t:|1668181675
|switch|p1a: Ditto|Ditto, shiny|100/100
|-damage|p1a: Ditto|88/100|[from] Stealth Rock
|-transform|p1a: Ditto|p2a: Arceus|[from] ability: Imposter
|turn|9
|c|☆frostcrush|im  lost
|
|t:|1668181691
|move|p1a: Ditto|Ice Beam|p2a: Arceus
|-damage|p2a: Arceus|60/100
|move|p2a: Arceus|Judgment|p1a: Ditto
|-damage|p1a: Ditto|30/100
|
|upkeep
|turn|10
|-message|Golem0 forfeited.
|
|win|frostcrush
|raw|Golem0's rating: 1530 &rarr; <strong>1515</strong><br />(-15 for losing)
|raw|frostcrush's rating: 1627 &rarr; <strong>1642</strong><br />(+15 for winning)
|l|☆Golem0
