|j|☆Snake of the Moon
|j|☆mardydu
|t:|1661898681
|gametype|singles
|player|p1|Snake of the Moon|170|1948
|player|p2|mardydu|boarder|1790
|teamsize|p1|6
|teamsize|p2|6
|gen|8
|tier|[Gen 8] National Dex AG
|rated|
|rule|HP Percentage Mod: HP is shown in percentages
|rule|Endless Battle Clause: Forcing endless battles is banned
|clearpoke
|poke|p1|Ho-Oh|
|poke|p1|Necrozma-Dusk-Mane|
|poke|p1|Chansey, F|
|poke|p1|Zygarde|
|poke|p1|Lugia|
|poke|p1|Arceus-*|
|poke|p2|Kyurem-White|
|poke|p2|Calyrex-Shadow|
|poke|p2|Rayquaza|
|poke|p2|Regieleki|
|poke|p2|Smeargle, F|
|poke|p2|Skarmory, F|
|teampreview
|inactive|Battle timer is ON: inactive players will automatically lose when time's up. (requested by Snake of the Moon)
|inactive|mardydu also wants the timer to be on.
|
|t:|1661898688
|start
|switch|p1a: Arceus|Arceus-Dark|100/100
|switch|p2a: Skarmory|Skarmory, F|100/100
|turn|1
|
|t:|1661898692
|switch|p1a: Ho-Oh|Ho-Oh|100/100
|move|p2a: Skarmory|Stealth Rock|p1a: Ho-Oh
|-sidestart|p1: Snake of the Moon|move: Stealth Rock
|
|upkeep
|turn|2
|
|t:|1661898695
|move|p1a: Ho-Oh|Sacred Fire|p2a: Skarmory
|-supereffective|p2a: Skarmory
|-damage|p2a: Skarmory|53/100
|-status|p2a: Skarmory|brn
|move|p2a: Skarmory|Taunt|p1a: Ho-Oh
|-start|p1a: Ho-Oh|move: Taunt
|
|-damage|p2a: Skarmory|47/100 brn|[from] brn
|upkeep
|turn|3
|
|t:|1661898722
|switch|p1a: Necrozma|Necrozma-Dusk-Mane|100/100
|-damage|p1a: Necrozma|94/100|[from] Stealth Rock
|move|p2a: Skarmory|Whirlwind|p1a: Necrozma
|drag|p1a: Arceus|Arceus-Dark|100/100
|-damage|p1a: Arceus|88/100|[from] Stealth Rock
|
|-damage|p2a: Skarmory|41/100 brn|[from] brn
|upkeep
|turn|4
|
|t:|1661898727
|move|p1a: Arceus|Recover|p1a: Arceus
|-heal|p1a: Arceus|100/100
|move|p2a: Skarmory|Taunt|p1a: Arceus
|-start|p1a: Arceus|move: Taunt
|
|-damage|p2a: Skarmory|35/100 brn|[from] brn
|upkeep
|turn|5
|
|t:|1661898736
|switch|p1a: Ho-Oh|Ho-Oh|100/100
|move|p2a: Skarmory|Taunt|p1a: Ho-Oh
|-start|p1a: Ho-Oh|move: Taunt
|
|-damage|p2a: Skarmory|29/100 brn|[from] brn
|upkeep
|turn|6
|
|t:|1661898745
|switch|p1a: Arceus|Arceus-Dark|100/100
|-damage|p1a: Arceus|88/100|[from] Stealth Rock
|move|p2a: Skarmory|Body Press|p1a: Arceus
|-supereffective|p1a: Arceus
|-damage|p1a: Arceus|66/100
|
|-damage|p2a: Skarmory|23/100 brn|[from] brn
|upkeep
|turn|7
|
|t:|1661898752
|move|p1a: Arceus|Snarl|p2a: Skarmory
|-crit|p2a: Skarmory
|-damage|p2a: Skarmory|0 fnt
|faint|p2a: Skarmory
|
|upkeep
|
|t:|1661898772
|switch|p2a: Smeargle|Smeargle, F|100/100
|turn|8
|
|t:|1661898779
|switch|p1a: Lugia|Lugia|100/100
|move|p2a: Smeargle|Shell Smash|p2a: Smeargle
|-unboost|p2a: Smeargle|def|1
|-unboost|p2a: Smeargle|spd|1
|-boost|p2a: Smeargle|atk|2
|-boost|p2a: Smeargle|spa|2
|-boost|p2a: Smeargle|spe|2
|
|-ability|p2a: Smeargle|Moody|boost
|-boost|p2a: Smeargle|atk|2
|-unboost|p2a: Smeargle|spd|1
|upkeep
|turn|9
|
|t:|1661898782
|move|p2a: Smeargle|Spore|p1a: Lugia
|-status|p1a: Lugia|slp|[from] move: Spore
|cant|p1a: Lugia|slp
|
|-ability|p2a: Smeargle|Moody|boost
|-boost|p2a: Smeargle|spd|2
|-unboost|p2a: Smeargle|spe|1
|upkeep
|turn|10
|
|t:|1661898785
|move|p2a: Smeargle|Baton Pass|p2a: Smeargle
|
|t:|1661898787
|switch|p2a: Horse in cali|Calyrex-Shadow|100/100|[from]move: Baton Pass
|-ability|p2a: Horse in cali|As One
|-ability|p2a: Horse in cali|Unnerve
|-curestatus|p1a: Lugia|slp|[msg]
|move|p1a: Lugia|Whirlwind|p2a: Horse in cali
|drag|p2a: Rayquaza|Rayquaza|100/100
|-ability|p2a: Rayquaza|Air Lock
|
|upkeep
|turn|11
|
|t:|1661898796
|detailschange|p2a: Rayquaza|Rayquaza-Mega
|-mega|p2a: Rayquaza|Rayquaza|
|-weather|DeltaStream|[from] ability: Delta Stream|[of] p2a: Rayquaza
|move|p2a: Rayquaza|Scale Shot|p1a: Lugia
|-damage|p1a: Lugia|95/100
|-damage|p1a: Lugia|85/100
|-hitcount|p1a: Lugia|2
|-unboost|p2a: Rayquaza|def|1
|-boost|p2a: Rayquaza|spe|1
|-damage|p2a: Rayquaza|91/100|[from] item: Life Orb
|move|p1a: Lugia|Toxic|p2a: Rayquaza
|-status|p2a: Rayquaza|tox
|
|-weather|DeltaStream|[upkeep]
|-damage|p2a: Rayquaza|85/100 tox|[from] psn
|upkeep
|turn|12
|
|t:|1661898810
|move|p2a: Rayquaza|Scale Shot|p1a: Lugia
|-damage|p1a: Lugia|75/100
|-damage|p1a: Lugia|64/100
|-hitcount|p1a: Lugia|2
|-unboost|p2a: Rayquaza|def|1
|-boost|p2a: Rayquaza|spe|1
|-damage|p2a: Rayquaza|75/100 tox|[from] item: Life Orb
|move|p1a: Lugia|Recover|p1a: Lugia
|-heal|p1a: Lugia|100/100
|
|-weather|DeltaStream|[upkeep]
|-damage|p2a: Rayquaza|63/100 tox|[from] psn
|upkeep
|turn|13
|
|t:|1661898817
|move|p2a: Rayquaza|Dragon Ascent|p1a: Lugia
|-damage|p1a: Lugia|75/100
|-unboost|p2a: Rayquaza|def|1
|-unboost|p2a: Rayquaza|spd|1
|-damage|p2a: Rayquaza|53/100 tox|[from] item: Life Orb
|move|p1a: Lugia|Substitute|p1a: Lugia
|-start|p1a: Lugia|Substitute
|-damage|p1a: Lugia|50/100
|
|-weather|DeltaStream|[upkeep]
|-damage|p2a: Rayquaza|35/100 tox|[from] psn
|upkeep
|turn|14
|
|t:|1661898822
|move|p2a: Rayquaza|Dragon Ascent|p1a: Lugia
|-end|p1a: Lugia|Substitute
|-unboost|p2a: Rayquaza|def|1
|-unboost|p2a: Rayquaza|spd|1
|-damage|p2a: Rayquaza|25/100 tox|[from] item: Life Orb
|move|p1a: Lugia|Recover|p1a: Lugia
|-heal|p1a: Lugia|99/100
|
|-weather|DeltaStream|[upkeep]
|-damage|p2a: Rayquaza|1/100 tox|[from] psn
|upkeep
|turn|15
|
|t:|1661898836
|move|p2a: Rayquaza|Dragon Ascent|p1a: Lugia
|-damage|p1a: Lugia|50/100
|-unboost|p2a: Rayquaza|def|1
|-unboost|p2a: Rayquaza|spd|1
|-damage|p2a: Rayquaza|0 fnt|[from] item: Life Orb
|faint|p2a: Rayquaza
|-weather|none
|move|p1a: Lugia|Recover|p1a: Lugia
|-heal|p1a: Lugia|99/100
|
|upkeep
|
|t:|1661898851
|switch|p2a: Horse in cali|Calyrex-Shadow|100/100
|-ability|p2a: Horse in cali|As One
|-ability|p2a: Horse in cali|Unnerve
|turn|16
|
|t:|1661898856
|switch|p1a: Ho-Oh|Ho-Oh|100/100
|move|p2a: Horse in cali|Nasty Plot|p2a: Horse in cali
|-boost|p2a: Horse in cali|spa|2
|
|upkeep
|turn|17
|
|t:|1661898870
|-start|p2a: Horse in cali|Dynamax|
|-heal|p2a: Horse in cali|100/100|[silent]
|-start|p1a: Ho-Oh|Dynamax|
|-heal|p1a: Ho-Oh|100/100|[silent]
|move|p2a: Horse in cali|Max Phantasm|p1a: Ho-Oh
|-damage|p1a: Ho-Oh|51/100
|-unboost|p1a: Ho-Oh|def|1
|move|p1a: Ho-Oh|Max Flare|p2a: Horse in cali
|-damage|p2a: Horse in cali|67/100
|-weather|SunnyDay
|
|-weather|SunnyDay|[upkeep]
|upkeep
|turn|18
|
|t:|1661898881
|move|p1a: Ho-Oh|Max Guard|p1a: Ho-Oh
|-singleturn|p1a: Ho-Oh|Max Guard
|move|p2a: Horse in cali|Max Phantasm|p1a: Ho-Oh
|-activate|p1a: Ho-Oh|move: Max Guard
|
|-weather|SunnyDay|[upkeep]
|upkeep
|turn|19
|inactive|Snake of the Moon has 120 seconds left.
|
|t:|1661898913
|move|p2a: Horse in cali|Max Phantasm|p1a: Ho-Oh
|-damage|p1a: Ho-Oh|2/100
|-unboost|p1a: Ho-Oh|def|1
|move|p1a: Ho-Oh|Max Flare|p2a: Horse in cali
|-damage|p2a: Horse in cali|18/100
|
|-weather|SunnyDay|[upkeep]
|upkeep
|-end|p2a: Horse in cali|Dynamax
|-heal|p2a: Horse in cali|18/100|[silent]
|-end|p1a: Ho-Oh|Dynamax
|-heal|p1a: Ho-Oh|2/100|[silent]
|turn|20
|
|t:|1661898918
|switch|p1a: Chansey|Chansey, F|100/100
|-damage|p1a: Chansey|88/100|[from] Stealth Rock
|move|p2a: Horse in cali|Draining Kiss|p1a: Chansey
|-damage|p1a: Chansey|77/100
|-heal|p2a: Horse in cali|33/100|[from] drain|[of] p1a: Chansey
|
|-weather|SunnyDay|[upkeep]
|upkeep
|turn|21
|
|t:|1661898927
|move|p2a: Horse in cali|Nasty Plot|p2a: Horse in cali
|-boost|p2a: Horse in cali|spa|2
|move|p1a: Chansey|Confide|p2a: Horse in cali
|-unboost|p2a: Horse in cali|spa|1
|
|-weather|none
|upkeep
|turn|22
|
|t:|1661898936
|switch|p1a: Arceus|Arceus-Dark|66/100
|-damage|p1a: Arceus|53/100|[from] Stealth Rock
|move|p2a: Horse in cali|Psychic|p1a: Arceus
|-immune|p1a: Arceus
|
|upkeep
|turn|23
|
|t:|1661898938
|move|p2a: Horse in cali|Draining Kiss|p1a: Arceus
|-supereffective|p1a: Arceus
|-damage|p1a: Arceus|6/100
|-heal|p2a: Horse in cali|80/100|[from] drain|[of] p1a: Arceus
|move|p1a: Arceus|Snarl|p2a: Horse in cali
|-supereffective|p2a: Horse in cali
|-damage|p2a: Horse in cali|0 fnt
|faint|p2a: Horse in cali
|
|upkeep
|
|t:|1661898943
|switch|p2a: JumpingMan|Regieleki|100/100
|turn|24
|
|t:|1661898946
|switch|p2a: Kurem|Kyurem-White, shiny|100/100
|-ability|p2a: Kurem|Turboblaze
|switch|p1a: Zygarde|Zygarde|100/100
|-damage|p1a: Zygarde|94/100|[from] Stealth Rock
|
|-heal|p1a: Zygarde|100/100|[from] item: Leftovers
|upkeep
|turn|25
|
|t:|1661898950
|switch|p1a: Ho-Oh|Ho-Oh|35/100
|move|p2a: Kurem|Ice Beam|p1a: Ho-Oh
|-damage|p1a: Ho-Oh|4/100
|
|upkeep
|turn|26
|
|t:|1661898955
|switch|p1a: Chansey|Chansey, F|77/100
|-damage|p1a: Chansey|65/100|[from] Stealth Rock
|move|p2a: Kurem|Ice Beam|p1a: Chansey
|-damage|p1a: Chansey|51/100
|-status|p1a: Chansey|frz
|
|upkeep
|turn|27
|
|t:|1661898966
|switch|p2a: Smeargle|Smeargle, F|100/100
|-curestatus|p1a: Chansey|frz|[from] ability: Natural Cure
|switch|p1a: Necrozma|Necrozma-Dusk-Mane|94/100
|-damage|p1a: Necrozma|88/100|[from] Stealth Rock
|
|-ability|p2a: Smeargle|Moody|boost
|-boost|p2a: Smeargle|spa|2
|-unboost|p2a: Smeargle|spe|1
|upkeep
|turn|28
|
|t:|1661898974
|move|p1a: Necrozma|Sunsteel Strike|p2a: Smeargle
|-enditem|p2a: Smeargle|Focus Sash
|-damage|p2a: Smeargle|1/100
|move|p2a: Smeargle|Spore|p1a: Necrozma
|-status|p1a: Necrozma|slp|[from] move: Spore
|
|-ability|p2a: Smeargle|Moody|boost
|-boost|p2a: Smeargle|def|2
|-unboost|p2a: Smeargle|spd|1
|upkeep
|turn|29
|
|t:|1661898978
|cant|p1a: Necrozma|slp
|move|p2a: Smeargle|Shell Smash|p2a: Smeargle
|-unboost|p2a: Smeargle|def|1
|-unboost|p2a: Smeargle|spd|1
|-boost|p2a: Smeargle|atk|2
|-boost|p2a: Smeargle|spa|2
|-boost|p2a: Smeargle|spe|2
|
|-ability|p2a: Smeargle|Moody|boost
|-boost|p2a: Smeargle|spe|2
|-unboost|p2a: Smeargle|def|1
|upkeep
|turn|30
|
|t:|1661898984
|move|p2a: Smeargle|Baton Pass|p2a: Smeargle
|
|t:|1661898986
|switch|p2a: Kurem|Kyurem-White, shiny|100/100|[from]move: Baton Pass
|-ability|p2a: Kurem|Turboblaze
|cant|p1a: Necrozma|slp
|
|upkeep
|turn|31
|
|t:|1661899003
|switch|p1a: Ho-Oh|Ho-Oh|38/100
|move|p2a: Kurem|Ice Beam|p1a: Ho-Oh
|-damage|p1a: Ho-Oh|0 fnt
|faint|p1a: Ho-Oh
|
|upkeep
|
|t:|1661899018
|switch|p1a: Chansey|Chansey, F|51/100
|-damage|p1a: Chansey|39/100|[from] Stealth Rock
|turn|32
|
|t:|1661899022
|move|p2a: Kurem|Ice Beam|p1a: Chansey
|-damage|p1a: Chansey|0 fnt
|faint|p1a: Chansey
|
|upkeep
|
|t:|1661899025
|switch|p1a: Necrozma|Necrozma-Dusk-Mane|88/100 slp
|-damage|p1a: Necrozma|82/100 slp|[from] Stealth Rock
|turn|33
|
|t:|1661899027
|move|p2a: Kurem|Ice Beam|p1a: Necrozma
|-resisted|p1a: Necrozma
|-damage|p1a: Necrozma|19/100 slp
|-curestatus|p1a: Necrozma|slp|[msg]
|move|p1a: Necrozma|Sunsteel Strike|p2a: Kurem
|-supereffective|p2a: Kurem
|-damage|p2a: Kurem|0 fnt
|faint|p2a: Kurem
|
|upkeep
|
|t:|1661899033
|switch|p2a: JumpingMan|Regieleki|100/100
|turn|34
|c|☆Snake of the Moon|Ggwp
|
|t:|1661899037
|switch|p1a: Zygarde|Zygarde|100/100
|-damage|p1a: Zygarde|94/100|[from] Stealth Rock
|move|p2a: JumpingMan|Volt Switch|p1a: Zygarde
|-immune|p1a: Zygarde
|
|-heal|p1a: Zygarde|100/100|[from] item: Leftovers
|upkeep
|turn|35
|
|t:|1661899041
|switch|p2a: Smeargle|Smeargle, F|1/100
|move|p1a: Zygarde|Thousand Arrows|p2a: Smeargle
|-damage|p2a: Smeargle|0 fnt
|faint|p2a: Smeargle
|
|upkeep
|
|t:|1661899043
|switch|p2a: JumpingMan|Regieleki|100/100
|turn|36
|
|t:|1661899045
|move|p2a: JumpingMan|Extreme Speed|p1a: Zygarde
|-damage|p1a: Zygarde|92/100
|move|p1a: Zygarde|Thousand Arrows|p2a: JumpingMan
|-supereffective|p2a: JumpingMan
|-enditem|p2a: JumpingMan|Focus Sash
|-damage|p2a: JumpingMan|1/100
|
|-heal|p1a: Zygarde|98/100|[from] item: Leftovers
|upkeep
|turn|37
|c|☆mardydu|Ggwp
|
|t:|1661899054
|move|p2a: JumpingMan|Extreme Speed|p1a: Zygarde
|-damage|p1a: Zygarde|88/100
|move|p1a: Zygarde|Thousand Arrows|p2a: JumpingMan
|-supereffective|p2a: JumpingMan
|-damage|p2a: JumpingMan|0 fnt
|faint|p2a: JumpingMan
|
|win|Snake of the Moon
|raw|Snake of the Moon's rating: 1948 &rarr; <strong>1959</strong><br />(+11 for winning)
|raw|mardydu's rating: 1790 &rarr; <strong>1779</strong><br />(-11 for losing)
|l|☆mardydu
||Ladder isn't responding, score probably updated but might not have (Request timeout).
