|j|☆ricky555
|j|☆xLeonisx
|t:|1642815162
|gametype|singles
|player|p1|ricky555|266|1664
|player|p2|xLeonisx|102|1587
|teamsize|p1|6
|teamsize|p2|6
|gen|8
|tier|[Gen 8] National Dex AG
|rated|
|rule|HP Percentage Mod: HP is shown in percentages
|rule|Endless Battle Clause: Forcing endless battles is banned
|clearpoke
|poke|p1|Ditto|
|poke|p1|Calyrex-Shadow|
|poke|p1|Arceus-*|
|poke|p1|Zacian-*|
|poke|p1|Marshadow|
|poke|p1|Darmanitan-Galar, F|
|poke|p2|Zacian-*|
|poke|p2|Kyogre|
|poke|p2|Yveltal|
|poke|p2|Calyrex-Shadow|
|poke|p2|Ditto|
|poke|p2|Arceus-*|
|teampreview
|
|t:|1642815171
|start
|switch|p1a: Darmanitan|Darmanitan-Galar, F|100/100
|switch|p2a: Arceus|Arceus-Ground|100/100
|turn|1
|j| Sit Trash
|
|t:|1642815176
|move|p1a: Darmanitan|Icicle Crash|p2a: Arceus
|-supereffective|p2a: Arceus
|-crit|p2a: Arceus
|-damage|p2a: Arceus|0 fnt
|faint|p2a: Arceus
|
|upkeep
|c|☆ricky555|Sup Trash
|
|t:|1642815180
|switch|p2a: Yveltal|Yveltal|100/100
|-ability|p2a: Yveltal|Dark Aura
|turn|2
|
|t:|1642815182
|move|p2a: Yveltal|Sucker Punch|p1a: Darmanitan
|-damage|p1a: Darmanitan|0 fnt
|faint|p1a: Darmanitan
|-damage|p2a: Yveltal|91/100|[from] item: Life Orb
|
|upkeep
|
|t:|1642815210
|switch|p1a: Arceus|Arceus-Flying|100/100
|turn|3
|inactive|Battle timer is ON: inactive players will automatically lose when time's up. (requested by ricky555)
|
|t:|1642815216
|move|p1a: Arceus|Will-O-Wisp|p2a: Yveltal|[miss]
|-miss|p1a: Arceus|p2a: Yveltal
|move|p2a: Yveltal|Knock Off|p1a: Arceus
|-damage|p1a: Arceus|59/100
|-damage|p2a: Yveltal|81/100|[from] item: Life Orb
|
|upkeep
|turn|4
|
|t:|1642815229
|move|p1a: Arceus|Calm Mind|p1a: Arceus
|-boost|p1a: Arceus|spa|1
|-boost|p1a: Arceus|spd|1
|move|p2a: Yveltal|Taunt|p1a: Arceus
|-start|p1a: Arceus|move: Taunt
|
|upkeep
|turn|5
|
|t:|1642815240
|-start|p1a: Arceus|Dynamax
|-heal|p1a: Arceus|59/100|[silent]
|move|p2a: Yveltal|Sucker Punch|p1a: Arceus
|-damage|p1a: Arceus|36/100
|-damage|p2a: Yveltal|71/100|[from] item: Life Orb
|move|p1a: Arceus|Max Hailstorm|p2a: Yveltal
|-supereffective|p2a: Yveltal
|-damage|p2a: Yveltal|0 fnt
|-weather|Hail
|faint|p2a: Yveltal
|
|-weather|Hail|[upkeep]
|-damage|p1a: Arceus|33/100|[from] Hail
|upkeep
|
|t:|1642815247
|switch|p2a: Zacian|Zacian-Crowned|100/100
|-ability|p2a: Zacian|Intrepid Sword|boost
|-boost|p2a: Zacian|atk|1
|turn|6
|
|t:|1642815259
|move|p2a: Zacian|Wild Charge|p1a: Arceus
|-supereffective|p1a: Arceus
|-damage|p1a: Arceus|0 fnt
|faint|p1a: Arceus
|-damage|p2a: Zacian|80/100|[from] Recoil
|
|-weather|Hail|[upkeep]
|-damage|p2a: Zacian|74/100|[from] Hail
|upkeep
|
|t:|1642815275
|switch|p1a: Calyrex|Calyrex-Shadow|100/100
|-ability|p1a: Calyrex|As One
|-ability|p1a: Calyrex|Unnerve
|turn|7
|
|t:|1642815300
|switch|p2a: Kyogre|Kyogre|100/100
|detailschange|p2a: Kyogre|Kyogre-Primal
|-primal|p2a: Kyogre
|-weather|PrimordialSea|[from] ability: Primordial Sea|[of] p2a: Kyogre
|move|p1a: Calyrex|Astral Barrage|p2a: Kyogre
|-damage|p2a: Kyogre|48/100
|
|-weather|PrimordialSea|[upkeep]
|upkeep
|turn|8
|
|t:|1642815305
|move|p1a: Calyrex|Astral Barrage|p2a: Kyogre
|-damage|p2a: Kyogre|0 fnt
|faint|p2a: Kyogre
|-weather|none
|-ability|p1a: Calyrex|Grim Neigh|boost
|-boost|p1a: Calyrex|spa|1
|
|upkeep
|
|t:|1642815309
|switch|p2a: Calyrex|Calyrex-Shadow|100/100
|-ability|p2a: Calyrex|As One
|-ability|p2a: Calyrex|Unnerve
|turn|9
|
|t:|1642815312
|move|p1a: Calyrex|Astral Barrage|p2a: Calyrex
|-supereffective|p2a: Calyrex
|-enditem|p2a: Calyrex|Focus Sash
|-damage|p2a: Calyrex|1/100
|move|p2a: Calyrex|Astral Barrage|p1a: Calyrex
|-supereffective|p1a: Calyrex
|-enditem|p1a: Calyrex|Focus Sash
|-damage|p1a: Calyrex|1/100
|
|upkeep
|turn|10
|
|t:|1642815320
|move|p1a: Calyrex|Astral Barrage|p2a: Calyrex
|-supereffective|p2a: Calyrex
|-damage|p2a: Calyrex|0 fnt
|faint|p2a: Calyrex
|-ability|p1a: Calyrex|Grim Neigh|boost
|-boost|p1a: Calyrex|spa|1
|
|upkeep
|
|t:|1642815324
|switch|p2a: Ditto|Ditto|100/100
|-transform|p2a: Ditto|p1a: Calyrex|[from] ability: Imposter
|turn|11
|
|t:|1642815328
|move|p2a: Ditto|Astral Barrage|p1a: Calyrex
|-supereffective|p1a: Calyrex
|-damage|p1a: Calyrex|0 fnt
|faint|p1a: Calyrex
|-ability|p2a: Ditto|Grim Neigh|boost
|-boost|p2a: Ditto|spa|1
|
|upkeep
|
|t:|1642815330
|switch|p1a: Marshadow|Marshadow|100/100
|turn|12
|
|t:|1642815337
|-start|p2a: Ditto|Dynamax
|-heal|p2a: Ditto|100/100|[silent]
|move|p1a: Marshadow|Shadow Sneak|p2a: Ditto
|-supereffective|p2a: Ditto
|-damage|p2a: Ditto|24/100
|move|p2a: Ditto|Max Phantasm|p1a: Marshadow
|-supereffective|p1a: Marshadow
|-enditem|p1a: Marshadow|Focus Sash
|-damage|p1a: Marshadow|1/100
|-unboost|p1a: Marshadow|def|1
|
|upkeep
|turn|13
|
|t:|1642815341
|move|p1a: Marshadow|Shadow Sneak|p2a: Ditto
|-supereffective|p2a: Ditto
|-damage|p2a: Ditto|0 fnt
|faint|p2a: Ditto
|
|upkeep
|
|t:|1642815344
|switch|p2a: Zacian|Zacian-Crowned|74/100
|-ability|p2a: Zacian|Intrepid Sword|boost
|-boost|p2a: Zacian|atk|1
|turn|14
|c|☆xLeonisx|gg
|
|t:|1642815350
|move|p1a: Marshadow|Shadow Sneak|p2a: Zacian
|-crit|p2a: Zacian
|-damage|p2a: Zacian|30/100
|move|p2a: Zacian|Behemoth Blade|p1a: Marshadow
|-damage|p1a: Marshadow|0 fnt
|faint|p1a: Marshadow
|
|upkeep
|c|☆ricky555|gg wp
|
|t:|1642815355
|switch|p1a: Ditto|Ditto|100/100
|-transform|p1a: Ditto|p2a: Zacian|[from] ability: Imposter
|-ability|p1a: Ditto|Intrepid Sword|boost
|-boost|p1a: Ditto|atk|1
|turn|15
|
|t:|1642815357
|move|p1a: Ditto|Behemoth Blade|p2a: Zacian
|-damage|p2a: Zacian|0 fnt
|faint|p2a: Zacian
|
|win|ricky555
|raw|ricky555's rating: 1664 &rarr; <strong>1680</strong><br />(+16 for winning)
|raw|xLeonisx's rating: 1587 &rarr; <strong>1571</strong><br />(-16 for losing)
|l|☆xLeonisx
|l| Sit Trash
