|j|☆NOAH MK2
|j|☆Atomic Spinach
|t:|1629501794
|gametype|singles
|player|p1|NOAH MK2|1|1792
|player|p2|Atomic Spinach|lance-gen3|1838
|teamsize|p1|6
|teamsize|p2|6
|gen|8
|tier|[Gen 8] National Dex AG
|rated|
|rule|HP Percentage Mod: HP is shown in percentages
|rule|Endless Battle Clause: Forcing endless battles is banned
|clearpoke
|poke|p1|Klefki, F|
|poke|p1|Calyrex-Ice|
|poke|p1|Smeargle, M|
|poke|p1|Groudon|
|poke|p1|Rayquaza|
|poke|p1|Whimsicott, M|
|poke|p2|Necrozma-Dusk-Mane|
|poke|p2|Zacian-*|
|poke|p2|Groudon|
|poke|p2|Giratina-Origin|
|poke|p2|Tyranitar, M|
|poke|p2|Mandibuzz, F|
|teampreview
|inactive|Battle timer is ON: inactive players will automatically lose when time's up. (requested by Atomic Spinach)
|j| 8crv6di4
|inactive|NOAH MK2 has 120 seconds left.
|
|t:|1629501831
|start
|switch|p1a: Calyrex|Calyrex-Ice|100/100
|switch|p2a: Mandibuzz|Mandibuzz, F|100/100
|-ability|p1a: Calyrex|As One
|-ability|p1a: Calyrex|Unnerve
|turn|1
|
|t:|1629501850
|move|p2a: Mandibuzz|Foul Play|p1a: Calyrex
|-supereffective|p1a: Calyrex
|-damage|p1a: Calyrex|20/100
|-enditem|p1a: Calyrex|Weakness Policy
|-boost|p1a: Calyrex|atk|2|[from] item: Weakness Policy
|-boost|p1a: Calyrex|spa|2|[from] item: Weakness Policy
|move|p1a: Calyrex|Glacial Lance|p2a: Mandibuzz
|-supereffective|p2a: Mandibuzz
|-damage|p2a: Mandibuzz|0 fnt
|faint|p2a: Mandibuzz
|-ability|p1a: Calyrex|Chilling Neigh|boost
|-boost|p1a: Calyrex|atk|1
|
|upkeep
|
|t:|1629501860
|switch|p2a: Giratina|Giratina-Origin|100/100
|turn|2
|inactive|NOAH MK2 has 120 seconds left.
|
|t:|1629501901
|switch|p1a: Smeargle|Smeargle, M|100/100
|move|p2a: Giratina|Shadow Sneak|p1a: Smeargle
|-immune|p1a: Smeargle
|
|-ability|p1a: Smeargle|Moody|boost
|-boost|p1a: Smeargle|spd|2
|-unboost|p1a: Smeargle|atk|1
|upkeep
|turn|3
|
|t:|1629501909
|move|p1a: Smeargle|Spore|p2a: Giratina
|-status|p2a: Giratina|slp|[from] move: Spore
|cant|p2a: Giratina|slp
|
|-ability|p1a: Smeargle|Moody|boost
|-boost|p1a: Smeargle|def|2
|-unboost|p1a: Smeargle|spe|1
|upkeep
|turn|4
|inactive|NOAH MK2 has 120 seconds left.
|
|t:|1629501921
|cant|p2a: Giratina|slp
|move|p1a: Smeargle|Shift Gear|p1a: Smeargle
|-boost|p1a: Smeargle|spe|2
|-boost|p1a: Smeargle|atk|1
|
|-ability|p1a: Smeargle|Moody|boost
|-boost|p1a: Smeargle|atk|2
|-unboost|p1a: Smeargle|spe|1
|upkeep
|turn|5
|inactive|NOAH MK2 has 120 seconds left.
|
|t:|1629501932
|move|p1a: Smeargle|Substitute|p1a: Smeargle
|-start|p1a: Smeargle|Substitute
|-damage|p1a: Smeargle|76/100
|cant|p2a: Giratina|slp
|
|-ability|p1a: Smeargle|Moody|boost
|-boost|p1a: Smeargle|spa|2
|-unboost|p1a: Smeargle|spd|1
|upkeep
|turn|6
|
|t:|1629501941
|switch|p2a: Zacian|Zacian-Crowned|100/100
|-ability|p2a: Zacian|Intrepid Sword|boost
|-boost|p2a: Zacian|atk|1
|move|p1a: Smeargle|Shift Gear|p1a: Smeargle
|-boost|p1a: Smeargle|spe|2
|-boost|p1a: Smeargle|atk|1
|
|-ability|p1a: Smeargle|Moody|boost
|-boost|p1a: Smeargle|atk|2
|-unboost|p1a: Smeargle|spd|1
|upkeep
|turn|7
|j| MiMiTest
|-message|Atomic Spinach forfeited.
|
|win|NOAH MK2
|raw|NOAH MK2's rating: 1792 &rarr; <strong>1815</strong><br />(+23 for winning)
|raw|Atomic Spinach's rating: 1838 &rarr; <strong>1815</strong><br />(-23 for losing)
|l|☆Atomic Spinach
|l|☆NOAH MK2
