|j|☆hogwashimperial
|j|☆Kirby_Team
|player|p1|hogwashimperial|swimmer-gen4|1568
|player|p2|Kirby_Team|265|1338
|teamsize|p1|6
|teamsize|p2|6
|gametype|singles
|gen|8
|tier|[Gen 8] National Dex AG
|rated|
|clearpoke
|poke|p1|Rayquaza|
|poke|p1|Zacian-Crowned|
|poke|p1|Groudon|
|poke|p1|Smeargle, F|
|poke|p1|Necrozma-Dusk-Mane|
|poke|p1|Smeargle, M|
|poke|p2|Arceus-*|
|poke|p2|Sableye, F|
|poke|p2|Arceus-*|
|poke|p2|Arceus-*|
|poke|p2|Arceus-*|
|poke|p2|Arceus-*|
|rule|HP Percentage Mod: HP is shown in percentages
|rule|Endless Battle Clause: Forcing endless battles is banned
|teampreview
|inactive|Battle timer is ON: inactive players will automatically lose when time's up. (requested by Kirby_Team)
|c|☆hogwashimperial|how are u not 1700
|c|☆hogwashimperial|you have a team of gods
|c|☆Kirby_Team|xD
|
|start
|switch|p1a: Groudon|Groudon|100/100
|switch|p2a: Sableye|Sableye, F|100/100
|detailschange|p1a: Groudon|Groudon-Primal
|-primal|p1a: Groudon
|-weather|DesolateLand|[from] ability: Desolate Land|[of] p1a: Groudon
|turn|1
|c|☆Kirby_Team|I dont care. the new legendary could kill all of those gods xD
|
|detailschange|p2a: Sableye|Sableye-Mega, F
|-mega|p2a: Sableye|Sableye|Sablenite
|move|p2a: Sableye|Fake Out|p1a: Groudon
|-damage|p1a: Groudon|96/100
|cant|p1a: Groudon|flinch
|
|-weather|DesolateLand|[upkeep]
|upkeep
|turn|2
|c|☆hogwashimperial|lol true true
|inactive|Kirby_Team has 120 seconds left.
|c|☆hogwashimperial|and
|
|move|p1a: Groudon|Eruption|p2a: Sableye
|-damage|p2a: Sableye|0 fnt
|faint|p2a: Sableye
|
|-weather|DesolateLand|[upkeep]
|upkeep
|c|☆hogwashimperial|WHATDYA KNOW
|c|☆hogwashimperial|i happen to have him
|inactive|Kirby_Team has 90 seconds left.
|c|☆Kirby_Team|I have overheat on it.. xD
|
|switch|p2a: Arceus|Arceus-Poison|100/100
|turn|3
|
|move|p2a: Arceus|Stealth Rock|p1a: Groudon
|-sidestart|p1: hogwashimperial|move: Stealth Rock
|move|p1a: Groudon|Earth Power|p2a: Arceus
|-supereffective|p2a: Arceus
|-damage|p2a: Arceus|30/100
|-unboost|p2a: Arceus|spd|1
|
|-weather|DesolateLand|[upkeep]
|upkeep
|turn|4
|c|☆hogwashimperial|lol ok
|
|move|p2a: Arceus|Recover|p2a: Arceus
|-heal|p2a: Arceus|80/100
|move|p1a: Groudon|Eruption|p2a: Arceus
|-damage|p2a: Arceus|0 fnt
|faint|p2a: Arceus
|
|-weather|DesolateLand|[upkeep]
|upkeep
|
|switch|p2a: Arceus|Arceus-Flying|100/100
|turn|5
|c|☆Kirby_Team|...
|c|☆hogwashimperial|?
|
|move|p2a: Arceus|Calm Mind|p2a: Arceus
|-boost|p2a: Arceus|spa|1
|-boost|p2a: Arceus|spd|1
|move|p1a: Groudon|Eruption|p2a: Arceus
|-damage|p2a: Arceus|38/100
|
|-weather|DesolateLand|[upkeep]
|upkeep
|turn|6
|
|move|p2a: Arceus|Recover|p2a: Arceus
|-heal|p2a: Arceus|88/100
|move|p1a: Groudon|Stealth Rock|p2a: Arceus
|-sidestart|p2: Kirby_Team|move: Stealth Rock
|
|-weather|DesolateLand|[upkeep]
|upkeep
|turn|7
|l|☆Kirby_Team
|inactive|Kirby_Team disconnected and has a minute to reconnect!
|player|p2|
|j|☆Kirby_Team
|inactive|Kirby_Team reconnected and has 60 seconds left.
|player|p2|Kirby_Team|265
|
|move|p2a: Arceus|Judgment|p1a: Groudon
|-damage|p1a: Groudon|27/100
|move|p1a: Groudon|Eruption|p2a: Arceus
|-damage|p2a: Arceus|71/100
|
|-weather|DesolateLand|[upkeep]
|upkeep
|turn|8
|c|☆hogwashimperial|did you just switch accounts
|c|☆hogwashimperial|or devices
|c|☆Kirby_Team|online issues
|
|-weather|none
|switch|p1a: Necrozma|Necrozma-Dusk-Mane|100/100
|-damage|p1a: Necrozma|94/100|[from] Stealth Rock
|move|p2a: Arceus|Calm Mind|p2a: Arceus
|-boost|p2a: Arceus|spa|1
|-boost|p2a: Arceus|spd|1
|
|upkeep
|turn|9
|c|☆hogwashimperial|so you switched devices?
|
|-start|p2a: Arceus|Dynamax
|-heal|p2a: Arceus|71/100|[silent]
|move|p2a: Arceus|Max Airstream|p1a: Necrozma|[from]Judgment
|-resisted|p1a: Necrozma
|-damage|p1a: Necrozma|42/100
|-boost|p2a: Arceus|spe|1
|move|p1a: Necrozma|Autotomize|p1a: Necrozma
|-boost|p1a: Necrozma|spe|2
|-start|p1a: Necrozma|Autotomize
|
|upkeep
|turn|10
|
|-start|p1a: Necrozma|Dynamax
|-heal|p1a: Necrozma|42/100|[silent]
|move|p2a: Arceus|Max Airstream|p1a: Necrozma|[from]Judgment
|-resisted|p1a: Necrozma
|-damage|p1a: Necrozma|15/100
|-boost|p2a: Arceus|spe|1
|move|p1a: Necrozma|Max Steelspike|p2a: Arceus
|-damage|p2a: Arceus|43/100
|-boost|p1a: Necrozma|def|1
|
|upkeep
|turn|11
|
|move|p2a: Arceus|Max Airstream|p1a: Necrozma|[from]Judgment
|-resisted|p1a: Necrozma
|-damage|p1a: Necrozma|0 fnt
|-boost|p2a: Arceus|spe|1
|faint|p1a: Necrozma
|
|-end|p2a: Arceus|Dynamax
|-heal|p2a: Arceus|43/100|[silent]
|upkeep
|c|☆hogwashimperial|fudge
|
|switch|p1a: Zacian|Zacian-Crowned|100/100
|-damage|p1a: Zacian|94/100|[from] Stealth Rock
|-ability|p1a: Zacian|Intrepid Sword|boost
|-boost|p1a: Zacian|atk|1
|turn|12
|c|☆Kirby_Team|it cant kill it. xD
|c|☆hogwashimperial|who cant kill who
|inactive|Kirby_Team has 30 seconds left.
|
|move|p2a: Arceus|Judgment|p1a: Zacian
|-resisted|p1a: Zacian
|-damage|p1a: Zacian|50/100
|move|p1a: Zacian|Behemoth Blade|p2a: Arceus
|-damage|p2a: Arceus|0 fnt
|faint|p2a: Arceus
|
|upkeep
|c|☆hogwashimperial|oh i see
|inactive|Kirby_Team has 30 seconds left.
|c|☆hogwashimperial|bow down to your true king
|
|switch|p2a: Arceus|Arceus-Water|100/100
|-damage|p2a: Arceus|88/100|[from] Stealth Rock
|turn|13
|inactive|Kirby_Team has 30 seconds left.
|
|move|p1a: Zacian|Play Rough|p2a: Arceus
|-damage|p2a: Arceus|32/100
|move|p2a: Arceus|Judgment|p1a: Zacian
|-damage|p1a: Zacian|8/100
|
|upkeep
|turn|14
|c|☆hogwashimperial|lmao its op
|inactive|Kirby_Team has 30 seconds left.
|
|move|p1a: Zacian|Play Rough|p2a: Arceus
|-damage|p2a: Arceus|0 fnt
|faint|p2a: Arceus
|
|upkeep
|inactive|Kirby_Team has 30 seconds left this turn.
|inactive|Kirby_Team has 20 seconds left.
|inactive|Kirby_Team has 15 seconds left.
|c|☆Kirby_Team|so is it at th AG tier right?
|inactive|Kirby_Team has 10 seconds left.
|
|switch|p2a: Arceus|Arceus|100/100
|-damage|p2a: Arceus|88/100|[from] Stealth Rock
|turn|15
|inactive|Kirby_Team has 20 seconds left this turn.
|inactive|Kirby_Team has 15 seconds left.
|
|move|p2a: Arceus|Extreme Speed|p1a: Zacian
|-resisted|p1a: Zacian
|-damage|p1a: Zacian|0 fnt
|faint|p1a: Zacian
|
|-heal|p2a: Arceus|94/100|[from] item: Leftovers
|upkeep
|inactive|Kirby_Team has 20 seconds left this turn.
|inactive|hogwashimperial has 120 seconds left.
|c|☆hogwashimperial|actually its an uber
|
|switch|p1a: Smeargle|Smeargle, M|100/100
|-damage|p1a: Smeargle|88/100|[from] Stealth Rock
|turn|16
|inactive|Kirby_Team has 30 seconds left this turn.
|
|move|p2a: Arceus|Substitute|p2a: Arceus
|-start|p2a: Arceus|Substitute
|-damage|p2a: Arceus|69/100
|move|p1a: Smeargle|Sticky Web|p2a: Arceus
|-sidestart|p2: Kirby_Team|move: Sticky Web
|
|-heal|p2a: Arceus|75/100|[from] item: Leftovers
|upkeep
|turn|17
|c|☆hogwashimperial|its kind of ridiculous
|inactive|Kirby_Team has 30 seconds left.
|
|move|p2a: Arceus|Swords Dance|p2a: Arceus
|-boost|p2a: Arceus|atk|2
|move|p1a: Smeargle|Rapid Spin|p2a: Arceus
|-activate|p2a: Arceus|move: Substitute|[damage]
|-sideend|p1: hogwashimperial|Stealth Rock|[from] move: Rapid Spin|[of] p1a: Smeargle
|-boost|p1a: Smeargle|spe|1
|
|-heal|p2a: Arceus|81/100|[from] item: Leftovers
|upkeep
|turn|18
|
|switch|p1a: Groudon|Groudon-Primal|27/100
|-weather|DesolateLand|[from] ability: Desolate Land|[of] p1a: Groudon
|move|p2a: Arceus|Swords Dance|p2a: Arceus
|-boost|p2a: Arceus|atk|2
|
|-weather|DesolateLand|[upkeep]
|-heal|p2a: Arceus|88/100|[from] item: Leftovers
|upkeep
|turn|19
|
|move|p2a: Arceus|Shadow Claw|p1a: Groudon
|-damage|p1a: Groudon|0 fnt
|faint|p1a: Groudon
|-weather|none
|
|-heal|p2a: Arceus|94/100|[from] item: Leftovers
|upkeep
|
|switch|p1a: Rayquaza|Rayquaza|100/100
|-ability|p1a: Rayquaza|Air Lock
|turn|20
|
|detailschange|p1a: Rayquaza|Rayquaza-Mega
|-mega|p1a: Rayquaza|Rayquaza|
|-weather|DeltaStream|[from] ability: Delta Stream|[of] p1a: Rayquaza
|move|p1a: Rayquaza|Extreme Speed|p2a: Arceus
|-end|p2a: Arceus|Substitute
|-damage|p1a: Rayquaza|91/100|[from] item: Life Orb
|move|p2a: Arceus|Extreme Speed|p1a: Rayquaza
|-damage|p1a: Rayquaza|0 fnt
|faint|p1a: Rayquaza
|-weather|none
|
|-heal|p2a: Arceus|99/100|[from] item: Leftovers
|upkeep
|-message|hogwashimperial forfeited.
|
|win|Kirby_Team
|c|☆Kirby_Team|im surprise i won. xD
|l|☆hogwashimperial
|raw|hogwashimperial's rating: 1568 &rarr; <strong>1536</strong><br />(-32 for losing)
|raw|Kirby_Team's rating: 1338 &rarr; <strong>1370</strong><br />(+32 for winning)
