|j|☆NotTimKaine
|j|☆Supplement
|t:|1667587854
|gametype|singles
|player|p1|NotTimKaine|102|1576
|player|p2|Supplement|swimmerf|1757
|teamsize|p1|6
|teamsize|p2|6
|gen|8
|tier|[Gen 8] National Dex AG
|rated|
|rule|HP Percentage Mod: HP is shown in percentages
|rule|Endless Battle Clause: Forcing endless battles is banned
|clearpoke
|poke|p1|Gengar, M|
|poke|p1|Xerneas-*|
|poke|p1|Groudon|
|poke|p1|Ditto|
|poke|p1|Zacian-*|
|poke|p1|Kyogre|
|poke|p2|Deoxys-Speed|
|poke|p2|Marshadow|
|poke|p2|Ditto|
|poke|p2|Yveltal|
|poke|p2|Calyrex-Shadow|
|poke|p2|Rayquaza|
|teampreview
|inactive|Battle timer is ON: inactive players will automatically lose when time's up. (requested by NotTimKaine)
|inactive|Supplement also wants the timer to be on.
|
|t:|1667587863
|start
|switch|p1a: Groudon|Groudon|100/100
|switch|p2a: Deoxys|Deoxys-Speed|100/100
|-ability|p2a: Deoxys|Pressure
|detailschange|p1a: Groudon|Groudon-Primal
|-primal|p1a: Groudon
|-weather|DesolateLand|[from] ability: Desolate Land|[of] p1a: Groudon
|turn|1
|
|t:|1667587871
|move|p2a: Deoxys|Taunt|p1a: Groudon
|-start|p1a: Groudon|move: Taunt
|move|p1a: Groudon|Lava Plume|p2a: Deoxys
|-damage|p2a: Deoxys|34/100
|-status|p2a: Deoxys|brn
|-enditem|p2a: Deoxys|Red Card|[of] p1a: Groudon
|-weather|none
|drag|p1a: Gengar|Gengar, M|100/100
|
|-damage|p2a: Deoxys|28/100 brn|[from] brn
|upkeep
|turn|2
|
|t:|1667587878
|switch|p1a: Groudon|Groudon-Primal|100/100
|-weather|DesolateLand|[from] ability: Desolate Land|[of] p1a: Groudon
|move|p2a: Deoxys|Stealth Rock|p1a: Groudon
|-sidestart|p1: NotTimKaine|move: Stealth Rock
|
|-weather|DesolateLand|[upkeep]
|-damage|p2a: Deoxys|22/100 brn|[from] brn
|upkeep
|turn|3
|
|t:|1667587890
|move|p2a: Deoxys|Spikes|p1a: Groudon
|-sidestart|p1: NotTimKaine|Spikes
|move|p1a: Groudon|Lava Plume|p2a: Deoxys
|-damage|p2a: Deoxys|0 fnt
|faint|p2a: Deoxys
|
|-weather|DesolateLand|[upkeep]
|upkeep
|
|t:|1667587900
|switch|p2a: Rayquaza|Rayquaza|100/100
|-ability|p2a: Rayquaza|Air Lock
|turn|4
|
|t:|1667587908
|detailschange|p2a: Rayquaza|Rayquaza-Mega
|-mega|p2a: Rayquaza|Rayquaza|
|-weather|DeltaStream|[from] ability: Delta Stream|[of] p2a: Rayquaza
|move|p2a: Rayquaza|Waterfall|p1a: Groudon
|-supereffective|p1a: Groudon
|-damage|p1a: Groudon|6/100
|-damage|p2a: Rayquaza|91/100|[from] item: Life Orb
|move|p1a: Groudon|Stone Edge|p2a: Rayquaza
|-activate||deltastream
|-damage|p2a: Rayquaza|56/100
|
|-weather|DeltaStream|[upkeep]
|upkeep
|turn|5
|j| Gino619
|c| Gino619|Supoelemnt
|c| Gino619|Supplement
|c| Gino619|Me tienes miedo
|c| Gino619|Que pasa men
|
|t:|1667587928
|move|p2a: Rayquaza|Extreme Speed|p1a: Groudon
|-crit|p1a: Groudon
|-damage|p1a: Groudon|0 fnt
|faint|p1a: Groudon
|-damage|p2a: Rayquaza|46/100|[from] item: Life Orb
|
|-weather|DeltaStream|[upkeep]
|upkeep
|c| Gino619|No me puedes ganar
|
|t:|1667587932
|switch|p1a: Ditto|Ditto|100/100
|-damage|p1a: Ditto|88/100|[from] Stealth Rock
|-damage|p1a: Ditto|76/100|[from] Spikes
|-transform|p1a: Ditto|p2a: Rayquaza|[from] ability: Imposter
|turn|6
|c| Gino619|Acaso
|c| Gino619|Ahh
|c| Gino619|Uyyy
|c| Gino619|Miedosito
|c| Gino619|Te orinas
|l| Gino619
|inactive|Supplement has 120 seconds left.
|
|t:|1667587965
|move|p1a: Ditto|Dragon Ascent|p2a: Rayquaza
|-damage|p2a: Rayquaza|0 fnt
|-unboost|p1a: Ditto|def|1
|-unboost|p1a: Ditto|spd|1
|faint|p2a: Rayquaza
|
|-weather|DeltaStream|[upkeep]
|upkeep
|
|t:|1667587977
|switch|p2a: Calyrex|Calyrex-Shadow|100/100
|-ability|p2a: Calyrex|As One
|-ability|p2a: Calyrex|Unnerve
|turn|7
|
|t:|1667587988
|move|p1a: Ditto|Dragon Ascent|p2a: Calyrex
|-damage|p2a: Calyrex|0 fnt
|-unboost|p1a: Ditto|def|1
|-unboost|p1a: Ditto|spd|1
|faint|p2a: Calyrex
|
|-weather|DeltaStream|[upkeep]
|upkeep
|
|t:|1667587995
|switch|p2a: Yveltal|Yveltal, shiny|100/100
|-ability|p2a: Yveltal|Dark Aura
|turn|8
|
|t:|1667588008
|-start|p2a: Yveltal|Dynamax|
|-heal|p2a: Yveltal|100/100|[silent]
|move|p1a: Ditto|Dragon Ascent|p2a: Yveltal
|-damage|p2a: Yveltal|64/100
|-unboost|p1a: Ditto|def|1
|-unboost|p1a: Ditto|spd|1
|move|p2a: Yveltal|Max Airstream|p1a: Ditto
|-damage|p1a: Ditto|0 fnt
|-boost|p2a: Yveltal|spe|1
|faint|p1a: Ditto
|-weather|none
|
|upkeep
|
|t:|1667588010
|switch|p1a: Xerneas|Xerneas|100/100
|-damage|p1a: Xerneas|88/100|[from] Stealth Rock
|-damage|p1a: Xerneas|76/100|[from] Spikes
|-ability|p1a: Xerneas|Fairy Aura
|turn|9
|inactive|Supplement has 120 seconds left.
|
|t:|1667588029
|move|p2a: Yveltal|Max Airstream|p1a: Xerneas
|-damage|p1a: Xerneas|11/100
|-boost|p2a: Yveltal|spe|1
|move|p1a: Xerneas|Geomancy||[still]
|-prepare|p1a: Xerneas|Geomancy
|-enditem|p1a: Xerneas|Power Herb
|-anim|p1a: Xerneas|Geomancy|p1a: Xerneas
|-boost|p1a: Xerneas|spa|2
|-boost|p1a: Xerneas|spd|2
|-boost|p1a: Xerneas|spe|2
|
|upkeep
|turn|10
|inactive|Supplement has 120 seconds left.
|
|t:|1667588039
|-start|p1a: Xerneas|Dynamax|
|-heal|p1a: Xerneas|11/100|[silent]
|move|p1a: Xerneas|Max Starfall|p2a: Yveltal
|-supereffective|p2a: Yveltal
|-damage|p2a: Yveltal|0 fnt
|-fieldstart|move: Misty Terrain
|faint|p2a: Yveltal
|
|upkeep
|inactive|Supplement has 120 seconds left.
|
|t:|1667588053
|switch|p2a: Ditto|Ditto|100/100
|-transform|p2a: Ditto|p1a: Xerneas|[from] ability: Imposter
|-ability|p2a: Ditto|Fairy Aura
|turn|11
|inactive|Supplement has 120 seconds left.
|
|t:|1667588059
|move|p2a: Ditto|Moonblast|p1a: Xerneas
|-damage|p1a: Xerneas|0 fnt
|faint|p1a: Xerneas
|
|upkeep
|
|t:|1667588061
|switch|p1a: Zacian|Zacian-Crowned|100/100
|-damage|p1a: Zacian|94/100|[from] Stealth Rock
|-damage|p1a: Zacian|82/100|[from] Spikes
|-ability|p1a: Zacian|Intrepid Sword|boost
|-boost|p1a: Zacian|atk|1
|turn|12
|
|t:|1667588073
|move|p2a: Ditto|Moonblast|p1a: Zacian
|-resisted|p1a: Zacian
|-damage|p1a: Zacian|20/100
|move|p1a: Zacian|Behemoth Blade|p2a: Ditto
|-supereffective|p2a: Ditto
|-damage|p2a: Ditto|0 fnt
|faint|p2a: Ditto
|
|upkeep
|
|t:|1667588079
|switch|p2a: Marshadow|Marshadow|100/100
|turn|13
|
|t:|1667588107
|move|p1a: Zacian|Behemoth Blade|p2a: Marshadow
|-enditem|p2a: Marshadow|Focus Sash
|-damage|p2a: Marshadow|1/100
|move|p2a: Marshadow|Spectral Thief||[still]
|-clearpositiveboost|p1a: Zacian|p2a: Marshadow|move: Spectral Thief
|-boost|p2a: Marshadow|atk|1
|-anim|p2a: Marshadow|Spectral Thief|p1a: Zacian
|-damage|p1a: Zacian|0 fnt
|faint|p1a: Zacian
|
|upkeep
|
|t:|1667588112
|switch|p1a: Kyogre|Kyogre|100/100
|-damage|p1a: Kyogre|88/100|[from] Stealth Rock
|-damage|p1a: Kyogre|76/100|[from] Spikes
|detailschange|p1a: Kyogre|Kyogre-Primal
|-primal|p1a: Kyogre
|-weather|PrimordialSea|[from] ability: Primordial Sea|[of] p1a: Kyogre
|turn|14
|
|t:|1667588120
|move|p2a: Marshadow|Close Combat|p1a: Kyogre
|-damage|p1a: Kyogre|0 fnt
|-unboost|p2a: Marshadow|def|1
|-unboost|p2a: Marshadow|spd|1
|faint|p1a: Kyogre
|-weather|none
|
|-fieldend|Misty Terrain
|upkeep
|
|t:|1667588122
|switch|p1a: Gengar|Gengar, M|100/100
|-damage|p1a: Gengar|88/100|[from] Stealth Rock
|-damage|p1a: Gengar|76/100|[from] Spikes
|turn|15
|
|t:|1667588127
|detailschange|p1a: Gengar|Gengar-Mega, M
|-mega|p1a: Gengar|Gengar|Gengarite
|move|p2a: Marshadow|Shadow Sneak|p1a: Gengar
|-supereffective|p1a: Gengar
|-damage|p1a: Gengar|0 fnt
|faint|p1a: Gengar
|
|win|Supplement
|raw|NotTimKaine's rating: 1576 &rarr; <strong>1566</strong><br />(-10 for losing)
|raw|Supplement's rating: 1757 &rarr; <strong>1767</strong><br />(+10 for winning)
|l|☆NotTimKaine
