|j|☆CLEAR GEM清瑜
|j|‽DarkboiJ
|t:|1665896156
|gametype|singles
|player|p1|CLEAR GEM清瑜|skierf|1777
|player|p2|DarkboiJ|blue-gen3two|1948
|teamsize|p1|6
|teamsize|p2|6
|gen|8
|tier|[Gen 8] National Dex AG
|rated|
|rule|HP Percentage Mod: HP is shown in percentages
|rule|Endless Battle Clause: Forcing endless battles is banned
|clearpoke
|poke|p1|Rayquaza|
|poke|p1|Groudon|
|poke|p1|Necrozma-Dusk-Mane|
|poke|p1|Arceus-*|
|poke|p1|Zacian-*|
|poke|p1|Yveltal|
|poke|p2|Arceus-*|
|poke|p2|Groudon|
|poke|p2|Arceus-*|
|poke|p2|Ditto|
|poke|p2|Yveltal|
|poke|p2|Ho-Oh|
|teampreview
|inactive|Battle timer is ON: inactive players will automatically lose when time's up. (requested by DarkboiJ)
|
|t:|1665896170
|start
|switch|p1a: 老烈|Rayquaza, shiny|100/100
|switch|p2a: Arceus|Arceus-Flying|100/100
|-ability|p1a: 老烈|Air Lock
|turn|1
|
|t:|1665896175
|detailschange|p1a: 老烈|Rayquaza-Mega, shiny
|-mega|p1a: 老烈|Rayquaza|
|-weather|DeltaStream|[from] ability: Delta Stream|[of] p1a: 老烈
|move|p2a: Arceus|Judgment|p1a: 老烈
|-damage|p1a: 老烈|53/100
|move|p1a: 老烈|Dragon Ascent|p2a: Arceus
|-damage|p2a: Arceus|29/100
|-unboost|p1a: 老烈|def|1
|-unboost|p1a: 老烈|spd|1
|-damage|p1a: 老烈|43/100|[from] item: Life Orb
|
|-weather|DeltaStream|[upkeep]
|upkeep
|turn|2
|
|t:|1665896189
|move|p1a: 老烈|Extreme Speed|p2a: Arceus
|-damage|p2a: Arceus|0 fnt
|faint|p2a: Arceus
|-damage|p1a: 老烈|33/100|[from] item: Life Orb
|
|-weather|DeltaStream|[upkeep]
|upkeep
|
|t:|1665896198
|switch|p2a: Ditto|Ditto, shiny|100/100
|-transform|p2a: Ditto|p1a: 老烈|[from] ability: Imposter
|turn|3
|
|t:|1665896202
|move|p2a: Ditto|Extreme Speed|p1a: 老烈
|-crit|p1a: 老烈
|-damage|p1a: 老烈|0 fnt
|faint|p1a: 老烈
|
|-weather|DeltaStream|[upkeep]
|upkeep
|
|t:|1665896204
|switch|p1a: 不会(?)|Groudon|100/100
|detailschange|p1a: 不会(?)|Groudon-Primal
|-primal|p1a: 不会(?)
|-weather|DesolateLand|[from] ability: Desolate Land|[of] p1a: 不会(?)
|turn|4
|
|t:|1665896208
|switch|p2a: Groudon|Groudon|100/100
|detailschange|p2a: Groudon|Groudon-Primal
|-primal|p2a: Groudon
|move|p1a: 不会(?)|Thunder Wave|p2a: Groudon
|-immune|p2a: Groudon
|
|-weather|DesolateLand|[upkeep]
|upkeep
|turn|5
|
|t:|1665896213
|move|p2a: Groudon|Earth Power|p1a: 不会(?)
|-supereffective|p1a: 不会(?)
|-damage|p1a: 不会(?)|7/100
|move|p1a: 不会(?)|Stealth Rock|p2a: Groudon
|-sidestart|p2: DarkboiJ|move: Stealth Rock
|
|-weather|DesolateLand|[upkeep]
|upkeep
|turn|6
|
|t:|1665896219
|move|p2a: Groudon|Stealth Rock|p1a: 不会(?)
|-sidestart|p1: CLEAR GEM清瑜|move: Stealth Rock
|move|p1a: 不会(?)|Fire Punch|p2a: Groudon
|-resisted|p2a: Groudon
|-damage|p2a: Groudon|79/100
|
|-weather|DesolateLand|[upkeep]
|upkeep
|turn|7
|
|t:|1665896223
|move|p2a: Groudon|Eruption|p1a: 不会(?)
|-resisted|p1a: 不会(?)
|-damage|p1a: 不会(?)|0 fnt
|faint|p1a: 不会(?)
|
|-weather|DesolateLand|[upkeep]
|upkeep
|
|t:|1665896226
|switch|p1a: 钢铁之躯|Necrozma-Dusk-Mane|100/100
|-damage|p1a: 钢铁之躯|94/100|[from] Stealth Rock
|turn|8
|inactive|DarkboiJ has 120 seconds left.
|
|t:|1665896261
|detailschange|p1a: 钢铁之躯|Necrozma-Ultra
|-burst|p1a: 钢铁之躯|Necrozma|Ultranecrozium Z
|move|p1a: 钢铁之躯|Dragon Dance|p1a: 钢铁之躯
|-boost|p1a: 钢铁之躯|atk|1
|-boost|p1a: 钢铁之躯|spe|1
|move|p2a: Groudon|Eruption|p1a: 钢铁之躯
|-resisted|p1a: 钢铁之躯
|-damage|p1a: 钢铁之躯|46/100
|
|-weather|DesolateLand|[upkeep]
|upkeep
|turn|9
|j| sjjaejdnsmmsmd
|
|t:|1665896270
|-weather|none
|switch|p2a: Ho-Oh|Ho-Oh|100/100
|move|p1a: 钢铁之躯|Earthquake|p2a: Ho-Oh
|-immune|p2a: Ho-Oh
|
|upkeep
|turn|10
|l| sjjaejdnsmmsmd
|
|t:|1665896274
|move|p1a: 钢铁之躯|Stone Edge|p2a: Ho-Oh
|-supereffective|p2a: Ho-Oh
|-damage|p2a: Ho-Oh|0 fnt
|faint|p2a: Ho-Oh
|
|upkeep
|
|t:|1665896285
|switch|p2a: Ditto|Ditto, shiny|100/100
|-damage|p2a: Ditto|88/100|[from] Stealth Rock
|-transform|p2a: Ditto|p1a: 钢铁之躯|[from] ability: Imposter
|turn|11
|
|t:|1665896292
|move|p2a: Ditto|Stone Edge|p1a: 钢铁之躯|[miss]
|-miss|p2a: Ditto|p1a: 钢铁之躯
|-zpower|p1a: 钢铁之躯
|move|p1a: 钢铁之躯|Light That Burns the Sky|p2a: Ditto|[zeffect]
|-resisted|p2a: Ditto
|-damage|p2a: Ditto|0 fnt
|faint|p2a: Ditto
|
|upkeep
|
|t:|1665896305
|switch|p2a: Arceus|Arceus|100/100
|-damage|p2a: Arceus|88/100|[from] Stealth Rock
|turn|12
|
|t:|1665896307
|move|p1a: 钢铁之躯|Photon Geyser|p2a: Arceus
|-damage|p2a: Arceus|23/100
|move|p2a: Arceus|Swords Dance|p2a: Arceus
|-boost|p2a: Arceus|atk|2
|
|upkeep
|turn|13
|
|t:|1665896309
|move|p2a: Arceus|Extreme Speed|p1a: 钢铁之躯
|-damage|p1a: 钢铁之躯|0 fnt
|faint|p1a: 钢铁之躯
|
|upkeep
|
|t:|1665896311
|switch|p1a: 嘉然小姐的狗|Zacian-Crowned|100/100
|-damage|p1a: 嘉然小姐的狗|94/100|[from] Stealth Rock
|-ability|p1a: 嘉然小姐的狗|Intrepid Sword|boost
|-boost|p1a: 嘉然小姐的狗|atk|1
|turn|14
|
|t:|1665896314
|switch|p2a: Groudon|Groudon-Primal|79/100
|-damage|p2a: Groudon|66/100|[from] Stealth Rock
|-weather|DesolateLand|[from] ability: Desolate Land|[of] p2a: Groudon
|move|p1a: 嘉然小姐的狗|Behemoth Blade|p2a: Groudon
|-resisted|p2a: Groudon
|-damage|p2a: Groudon|36/100
|
|-weather|DesolateLand|[upkeep]
|upkeep
|turn|15
|
|t:|1665896319
|move|p1a: 嘉然小姐的狗|Close Combat|p2a: Groudon
|-damage|p2a: Groudon|0 fnt
|-unboost|p1a: 嘉然小姐的狗|def|1
|-unboost|p1a: 嘉然小姐的狗|spd|1
|faint|p2a: Groudon
|-weather|none
|
|upkeep
|-message|DarkboiJ forfeited.
|
|win|CLEAR GEM清瑜
|raw|CLEAR GEM清瑜's rating: 1777 &rarr; <strong>1806</strong><br />(+29 for winning)
|raw|DarkboiJ's rating: 1948 &rarr; <strong>1919</strong><br />(-29 for losing)
|l|‽DarkboiJ
