|j|☆NameSome2Better
|j|☆kerrozxl-
|t:|1658263830
|gametype|singles
|player|p1|NameSome2Better|hugh|1753
|player|p2|kerrozxl-|unknownf|1738
|teamsize|p1|6
|teamsize|p2|6
|gen|8
|tier|[Gen 8] National Dex AG
|rated|
|rule|HP Percentage Mod: HP is shown in percentages
|rule|Endless Battle Clause: Forcing endless battles is banned
|clearpoke
|poke|p1|Yveltal|
|poke|p1|Necrozma-Dusk-Mane|
|poke|p1|Zacian-*|
|poke|p1|Chansey, F|
|poke|p1|Arceus-*|
|poke|p1|Zygarde|
|poke|p2|Rayquaza|
|poke|p2|Xerneas-*|
|poke|p2|Necrozma-Dusk-Mane|
|poke|p2|Marshadow|
|poke|p2|Yveltal|
|poke|p2|Groudon|
|teampreview
|
|t:|1658263835
|start
|switch|p1a: Cobra|Zygarde|100/100
|switch|p2a: Rayquaza|Rayquaza, shiny|100/100
|-ability|p2a: Rayquaza|Air Lock
|turn|1
|inactive|Battle timer is ON: inactive players will automatically lose when time's up. (requested by NameSome2Better)
|
|t:|1658263842
|switch|p1a: Yang|Arceus-Fairy|100/100
|detailschange|p2a: Rayquaza|Rayquaza-Mega, shiny
|-mega|p2a: Rayquaza|Rayquaza|
|-weather|DeltaStream|[from] ability: Delta Stream|[of] p2a: Rayquaza
|move|p2a: Rayquaza|Dragon Ascent|p1a: Yang
|-crit|p1a: Yang
|-damage|p1a: Yang|0 fnt
|-unboost|p2a: Rayquaza|def|1
|-unboost|p2a: Rayquaza|spd|1
|faint|p1a: Yang
|
|-weather|DeltaStream|[upkeep]
|upkeep
|c|☆NameSome2Better|amazing
|
|t:|1658263852
|switch|p1a: Sun Knight|Zacian-Crowned|100/100
|-ability|p1a: Sun Knight|Intrepid Sword|boost
|-boost|p1a: Sun Knight|atk|1
|turn|2
|
|t:|1658263855
|-weather|none
|switch|p2a: Groudon|Groudon|100/100
|detailschange|p2a: Groudon|Groudon-Primal
|-primal|p2a: Groudon
|-weather|DesolateLand|[from] ability: Desolate Land|[of] p2a: Groudon
|move|p1a: Sun Knight|Behemoth Blade|p2a: Groudon
|-resisted|p2a: Groudon
|-damage|p2a: Groudon|70/100
|
|-weather|DesolateLand|[upkeep]
|upkeep
|turn|3
|
|t:|1658263858
|switch|p1a: Cobra|Zygarde|100/100
|move|p2a: Groudon|Stealth Rock|p1a: Cobra
|-sidestart|p1: NameSome2Better|move: Stealth Rock
|
|-weather|DesolateLand|[upkeep]
|upkeep
|turn|4
|
|t:|1658263869
|move|p1a: Cobra|Glare|p2a: Groudon
|-status|p2a: Groudon|par
|move|p2a: Groudon|Precipice Blades|p1a: Cobra
|-damage|p1a: Cobra|67/100
|
|-weather|DesolateLand|[upkeep]
|-heal|p1a: Cobra|73/100|[from] item: Leftovers
|upkeep
|turn|5
|
|t:|1658263875
|move|p1a: Cobra|Thousand Arrows|p2a: Groudon
|-supereffective|p2a: Groudon
|-damage|p2a: Groudon|36/100 par
|move|p2a: Groudon|Precipice Blades|p1a: Cobra|[miss]
|-miss|p2a: Groudon|p1a: Cobra
|
|-weather|DesolateLand|[upkeep]
|-heal|p1a: Cobra|79/100|[from] item: Leftovers
|upkeep
|turn|6
|
|t:|1658263877
|move|p1a: Cobra|Thousand Arrows|p2a: Groudon
|-supereffective|p2a: Groudon
|-damage|p2a: Groudon|4/100 par
|move|p2a: Groudon|Precipice Blades|p1a: Cobra
|-damage|p1a: Cobra|48/100
|
|-weather|DesolateLand|[upkeep]
|-heal|p1a: Cobra|54/100|[from] item: Leftovers
|upkeep
|turn|7
|
|t:|1658263880
|move|p1a: Cobra|Thousand Arrows|p2a: Groudon
|-supereffective|p2a: Groudon
|-damage|p2a: Groudon|0 fnt
|faint|p2a: Groudon
|-weather|none
|
|-heal|p1a: Cobra|60/100|[from] item: Leftovers
|upkeep
|
|t:|1658263882
|switch|p2a: Xerneas|Xerneas|100/100
|-ability|p2a: Xerneas|Fairy Aura
|turn|8
|
|t:|1658263885
|move|p1a: Cobra|Glare|p2a: Xerneas
|-status|p2a: Xerneas|par
|move|p2a: Xerneas|Moonblast|p1a: Cobra
|-supereffective|p1a: Cobra
|-damage|p1a: Cobra|0 fnt
|faint|p1a: Cobra
|
|upkeep
|
|t:|1658263890
|switch|p1a: Sun Knight|Zacian-Crowned|100/100
|-damage|p1a: Sun Knight|94/100|[from] Stealth Rock
|-ability|p1a: Sun Knight|Intrepid Sword|boost
|-boost|p1a: Sun Knight|atk|1
|turn|9
|
|t:|1658263894
|move|p1a: Sun Knight|Swords Dance|p1a: Sun Knight
|-boost|p1a: Sun Knight|atk|2
|cant|p2a: Xerneas|par
|
|upkeep
|turn|10
|
|t:|1658263899
|move|p1a: Sun Knight|Behemoth Blade|p2a: Xerneas
|-supereffective|p2a: Xerneas
|-damage|p2a: Xerneas|0 fnt
|faint|p2a: Xerneas
|
|upkeep
|
|t:|1658263901
|switch|p2a: Marshadow|Marshadow|100/100
|turn|11
|
|t:|1658263905
|switch|p1a: Shindai Akuma|Yveltal|100/100
|-ability|p1a: Shindai Akuma|Dark Aura
|move|p2a: Marshadow|Spectral Thief|p1a: Shindai Akuma
|-resisted|p1a: Shindai Akuma
|-damage|p1a: Shindai Akuma|84/100
|
|upkeep
|turn|12
|
|t:|1658263910
|switch|p2a: Rayquaza|Rayquaza-Mega, shiny|100/100
|-weather|DeltaStream|[from] ability: Delta Stream|[of] p2a: Rayquaza
|move|p1a: Shindai Akuma|Foul Play|p2a: Rayquaza
|-damage|p2a: Rayquaza|10/100
|
|-weather|DeltaStream|[upkeep]
|upkeep
|turn|13
|
|t:|1658263919
|switch|p1a: Forged Rengoku|Necrozma-Dusk-Mane|100/100
|-damage|p1a: Forged Rengoku|94/100|[from] Stealth Rock
|move|p2a: Rayquaza|Earthquake|p1a: Forged Rengoku
|-supereffective|p1a: Forged Rengoku
|-damage|p1a: Forged Rengoku|41/100
|
|-weather|DeltaStream|[upkeep]
|upkeep
|turn|14
|
|t:|1658263923
|switch|p1a: Shindai Akuma|Yveltal|84/100
|-ability|p1a: Shindai Akuma|Dark Aura
|move|p2a: Rayquaza|Earthquake|p1a: Shindai Akuma
|-immune|p1a: Shindai Akuma
|
|-weather|DeltaStream|[upkeep]
|upkeep
|turn|15
|
|t:|1658263925
|-weather|none
|switch|p2a: Yveltal|Yveltal|100/100
|-ability|p2a: Yveltal|Dark Aura
|move|p1a: Shindai Akuma|Foul Play|p2a: Yveltal
|-resisted|p2a: Yveltal
|-damage|p2a: Yveltal|81/100
|
|upkeep
|turn|16
|
|t:|1658263930
|move|p2a: Yveltal|Knock Off|p1a: Shindai Akuma
|-resisted|p1a: Shindai Akuma
|-damage|p1a: Shindai Akuma|64/100
|-enditem|p1a: Shindai Akuma|Heavy-Duty Boots|[from] move: Knock Off|[of] p2a: Yveltal
|move|p1a: Shindai Akuma|Knock Off|p2a: Yveltal
|-resisted|p2a: Yveltal
|-damage|p2a: Yveltal|61/100
|-enditem|p2a: Yveltal|Heavy-Duty Boots|[from] move: Knock Off|[of] p1a: Shindai Akuma
|
|upkeep
|turn|17
|
|t:|1658263934
|move|p2a: Yveltal|Knock Off|p1a: Shindai Akuma
|-resisted|p1a: Shindai Akuma
|-damage|p1a: Shindai Akuma|52/100
|move|p1a: Shindai Akuma|Roost|p1a: Shindai Akuma
|-heal|p1a: Shindai Akuma|100/100
|-singleturn|p1a: Shindai Akuma|move: Roost
|
|upkeep
|turn|18
|
|t:|1658263937
|switch|p1a: Sun Knight|Zacian-Crowned|94/100
|-damage|p1a: Sun Knight|88/100|[from] Stealth Rock
|-ability|p1a: Sun Knight|Intrepid Sword|boost
|-boost|p1a: Sun Knight|atk|1
|move|p2a: Yveltal|Knock Off|p1a: Sun Knight
|-resisted|p1a: Sun Knight
|-damage|p1a: Sun Knight|72/100
|
|upkeep
|turn|19
|
|t:|1658263943
|move|p2a: Yveltal|Sucker Punch|p1a: Sun Knight
|-resisted|p1a: Sun Knight
|-damage|p1a: Sun Knight|53/100
|move|p1a: Sun Knight|Close Combat|p2a: Yveltal
|-crit|p2a: Yveltal
|-damage|p2a: Yveltal|0 fnt
|-unboost|p1a: Sun Knight|def|1
|-unboost|p1a: Sun Knight|spd|1
|faint|p2a: Yveltal
|
|upkeep
|
|t:|1658263945
|switch|p2a: Marshadow|Marshadow|100/100
|turn|20
|
|t:|1658263950
|switch|p1a: Shindai Akuma|Yveltal|100/100
|-damage|p1a: Shindai Akuma|76/100|[from] Stealth Rock
|-ability|p1a: Shindai Akuma|Dark Aura
|move|p2a: Marshadow|Spectral Thief|p1a: Shindai Akuma
|-resisted|p1a: Shindai Akuma
|-damage|p1a: Shindai Akuma|59/100
|
|upkeep
|turn|21
|
|t:|1658263955
|move|p2a: Marshadow|Close Combat|p1a: Shindai Akuma
|-damage|p1a: Shindai Akuma|16/100
|-unboost|p2a: Marshadow|def|1
|-unboost|p2a: Marshadow|spd|1
|move|p1a: Shindai Akuma|Roost|p1a: Shindai Akuma
|-heal|p1a: Shindai Akuma|66/100
|-singleturn|p1a: Shindai Akuma|move: Roost
|
|upkeep
|turn|22
|
|t:|1658263959
|switch|p2a: Rayquaza|Rayquaza-Mega, shiny|10/100
|-weather|DeltaStream|[from] ability: Delta Stream|[of] p2a: Rayquaza
|move|p1a: Shindai Akuma|Roost|p1a: Shindai Akuma
|-heal|p1a: Shindai Akuma|100/100
|-singleturn|p1a: Shindai Akuma|move: Roost
|
|-weather|DeltaStream|[upkeep]
|upkeep
|turn|23
|
|t:|1658263965
|switch|p1a: Forged Rengoku|Necrozma-Dusk-Mane|41/100
|-damage|p1a: Forged Rengoku|35/100|[from] Stealth Rock
|move|p2a: Rayquaza|Dragon Ascent|p1a: Forged Rengoku
|-resisted|p1a: Forged Rengoku
|-damage|p1a: Forged Rengoku|2/100
|-unboost|p2a: Rayquaza|def|1
|-unboost|p2a: Rayquaza|spd|1
|-damage|p2a: Rayquaza|0 fnt|[from] item: Rocky Helmet|[of] p1a: Forged Rengoku
|faint|p2a: Rayquaza
|-weather|none
|
|upkeep
|
|t:|1658263968
|switch|p2a: Necrozma|Necrozma-Dusk-Mane|100/100
|turn|24
|
|t:|1658263971
|move|p2a: Necrozma|Dragon Dance|p2a: Necrozma
|-boost|p2a: Necrozma|atk|1
|-boost|p2a: Necrozma|spe|1
|move|p1a: Forged Rengoku|Thunder Wave|p2a: Necrozma|[miss]
|-miss|p1a: Forged Rengoku|p2a: Necrozma
|
|upkeep
|turn|25
|
|t:|1658263975
|move|p2a: Necrozma|Earthquake|p1a: Forged Rengoku
|-supereffective|p1a: Forged Rengoku
|-damage|p1a: Forged Rengoku|0 fnt
|faint|p1a: Forged Rengoku
|
|upkeep
|j| skandert
|
|t:|1658263987
|switch|p1a: Sun Knight|Zacian-Crowned|53/100
|-damage|p1a: Sun Knight|47/100|[from] Stealth Rock
|-ability|p1a: Sun Knight|Intrepid Sword|boost
|-boost|p1a: Sun Knight|atk|1
|turn|26
|
|t:|1658263991
|detailschange|p2a: Necrozma|Necrozma-Ultra
|-burst|p2a: Necrozma|Necrozma|Ultranecrozium Z
|move|p2a: Necrozma|Earthquake|p1a: Sun Knight
|-supereffective|p1a: Sun Knight
|-damage|p1a: Sun Knight|0 fnt
|faint|p1a: Sun Knight
|
|upkeep
|
|t:|1658263994
|switch|p1a: Shindai Akuma|Yveltal|100/100
|-damage|p1a: Shindai Akuma|76/100|[from] Stealth Rock
|-ability|p1a: Shindai Akuma|Dark Aura
|turn|27
|
|t:|1658263998
|-start|p1a: Shindai Akuma|Dynamax|
|-heal|p1a: Shindai Akuma|76/100|[silent]
|move|p2a: Necrozma|Stone Edge|p1a: Shindai Akuma|[miss]
|-miss|p2a: Necrozma|p1a: Shindai Akuma
|move|p1a: Shindai Akuma|Max Darkness|p2a: Necrozma
|-supereffective|p2a: Necrozma
|-damage|p2a: Necrozma|0 fnt
|faint|p2a: Necrozma
|
|upkeep
|
|t:|1658264005
|switch|p2a: Marshadow|Marshadow|100/100
|turn|28
|c|☆NameSome2Better|deserved
|
|t:|1658264009
|-start|p2a: Marshadow|Dynamax|
|-heal|p2a: Marshadow|100/100|[silent]
|move|p2a: Marshadow|Max Rockfall|p1a: Shindai Akuma
|-supereffective|p1a: Shindai Akuma
|-damage|p1a: Shindai Akuma|49/100
|-weather|Sandstorm
|move|p1a: Shindai Akuma|Max Darkness|p2a: Marshadow
|-damage|p2a: Marshadow|57/100
|-unboost|p2a: Marshadow|spd|1
|
|-weather|Sandstorm|[upkeep]
|-damage|p2a: Marshadow|53/100|[from] Sandstorm
|-damage|p1a: Shindai Akuma|46/100|[from] Sandstorm
|upkeep
|turn|29
|
|t:|1658264016
|move|p2a: Marshadow|Max Knuckle|p1a: Shindai Akuma
|-damage|p1a: Shindai Akuma|27/100
|-boost|p2a: Marshadow|atk|1
|move|p1a: Shindai Akuma|Max Darkness|p2a: Marshadow
|-damage|p2a: Marshadow|7/100
|-unboost|p2a: Marshadow|spd|1
|
|-weather|Sandstorm|[upkeep]
|-damage|p2a: Marshadow|4/100|[from] Sandstorm
|-damage|p1a: Shindai Akuma|24/100|[from] Sandstorm
|upkeep
|-end|p1a: Shindai Akuma|Dynamax
|-heal|p1a: Shindai Akuma|24/100|[silent]
|turn|30
|c| skandert|what the last move that max darkness ?
|c|☆NameSome2Better|foul play
|
|t:|1658264036
|move|p2a: Marshadow|Max Knuckle|p1a: Shindai Akuma
|-damage|p1a: Shindai Akuma|0 fnt
|-boost|p2a: Marshadow|atk|1
|faint|p1a: Shindai Akuma
|
|-weather|Sandstorm|[upkeep]
|-damage|p2a: Marshadow|1/100|[from] Sandstorm
|upkeep
|c|☆NameSome2Better|u gotta be kidding me
|inactive|NameSome2Better has 120 seconds left.
|c|☆kerrozxl-|Wow
|c| skandert|;d
|c|☆NameSome2Better|i lost because i didn't get an extra 1% on that fucking roll
|
|t:|1658264061
|switch|p1a: Eternal|Chansey, F|100/100
|-damage|p1a: Eternal|88/100|[from] Stealth Rock
|-end|p2a: Marshadow|Dynamax
|-heal|p2a: Marshadow|1/100|[silent]
|turn|31
|inactive|NameSome2Better has 120 seconds left.
|
|t:|1658264070
|move|p2a: Marshadow|Close Combat|p1a: Eternal
|-supereffective|p1a: Eternal
|-damage|p1a: Eternal|0 fnt
|-unboost|p2a: Marshadow|def|1
|-unboost|p2a: Marshadow|spd|1
|faint|p1a: Eternal
|
|win|kerrozxl-
|raw|NameSome2Better's rating: 1753 &rarr; <strong>1732</strong><br />(-21 for losing)
|raw|kerrozxl-'s rating: 1738 &rarr; <strong>1759</strong><br />(+21 for winning)
