|j|☆edd1eonelove
|j|☆IWSK
|t:|1635941661
|gametype|singles
|player|p1|edd1eonelove|chili|1608
|player|p2|IWSK|cyclist-gen4|1867
|teamsize|p1|6
|teamsize|p2|6
|gen|8
|tier|[Gen 8] National Dex AG
|rated|
|rule|HP Percentage Mod: HP is shown in percentages
|rule|Endless Battle Clause: Forcing endless battles is banned
|clearpoke
|poke|p1|Yveltal|
|poke|p1|Zacian-*|
|poke|p1|Necrozma-Dusk-Mane|
|poke|p1|Groudon|
|poke|p1|Calyrex-Shadow|
|poke|p1|Yveltal|
|poke|p2|Arceus-*|
|poke|p2|Necrozma-Dusk-Mane|
|poke|p2|Gengar, M|
|poke|p2|Ho-Oh|
|poke|p2|Gliscor, F|
|poke|p2|Yveltal|
|teampreview
|inactive|Battle timer is ON: inactive players will automatically lose when time's up. (requested by IWSK)
|inactive|edd1eonelove also wants the timer to be on.
|
|t:|1635941684
|start
|switch|p1a: Yveltal|Yveltal|100/100
|switch|p2a: Arceus|Arceus-Water|100/100
|-ability|p1a: Yveltal|Dark Aura
|turn|1
|
|t:|1635941695
|switch|p2a: Ho-Oh|Ho-Oh|100/100
|-start|p1a: Yveltal|Dynamax
|-heal|p1a: Yveltal|100/100|[silent]
|move|p1a: Yveltal|Max Airstream|p2a: Ho-Oh
|-damage|p2a: Ho-Oh|70/100
|-boost|p1a: Yveltal|spe|1
|
|upkeep
|turn|2
|
|t:|1635941706
|move|p1a: Yveltal|Max Ooze|p2a: Ho-Oh
|-damage|p2a: Ho-Oh|53/100
|-boost|p1a: Yveltal|spa|1
|move|p2a: Ho-Oh|Toxic|p1a: Yveltal|[miss]
|-miss|p2a: Ho-Oh|p1a: Yveltal
|
|upkeep
|turn|3
|
|t:|1635941717
|move|p1a: Yveltal|Max Darkness|p2a: Ho-Oh
|-damage|p2a: Ho-Oh|0 fnt
|faint|p2a: Ho-Oh
|
|-end|p1a: Yveltal|Dynamax
|-heal|p1a: Yveltal|100/100|[silent]
|upkeep
|
|t:|1635941730
|switch|p2a: Yveltal|Yveltal|100/100
|-ability|p2a: Yveltal|Dark Aura
|turn|4
|
|t:|1635941736
|move|p1a: Yveltal|Oblivion Wing|p2a: Yveltal
|-damage|p2a: Yveltal|65/100
|move|p2a: Yveltal|Oblivion Wing|p1a: Yveltal
|-damage|p1a: Yveltal|60/100
|-heal|p2a: Yveltal|92/100|[from] drain|[of] p1a: Yveltal
|
|upkeep
|turn|5
|
|t:|1635941744
|move|p1a: Yveltal|Oblivion Wing|p2a: Yveltal
|-damage|p2a: Yveltal|60/100
|-heal|p1a: Yveltal|87/100|[from] drain|[of] p2a: Yveltal
|move|p2a: Yveltal|Oblivion Wing|p1a: Yveltal
|-damage|p1a: Yveltal|44/100
|-heal|p2a: Yveltal|89/100|[from] drain|[of] p1a: Yveltal
|
|upkeep
|turn|6
|
|t:|1635941753
|move|p1a: Yveltal|Oblivion Wing|p2a: Yveltal
|-crit|p2a: Yveltal
|-damage|p2a: Yveltal|38/100
|-heal|p1a: Yveltal|87/100|[from] drain|[of] p2a: Yveltal
|move|p2a: Yveltal|Oblivion Wing|p1a: Yveltal
|-damage|p1a: Yveltal|48/100
|-heal|p2a: Yveltal|64/100|[from] drain|[of] p1a: Yveltal
|
|upkeep
|turn|7
|
|t:|1635941762
|move|p1a: Yveltal|Oblivion Wing|p2a: Yveltal
|-damage|p2a: Yveltal|28/100
|-heal|p1a: Yveltal|78/100|[from] drain|[of] p2a: Yveltal
|move|p2a: Yveltal|Dark Pulse|p1a: Yveltal
|-resisted|p1a: Yveltal
|-damage|p1a: Yveltal|52/100
|
|upkeep
|turn|8
|-message|IWSK forfeited.
|
|win|edd1eonelove
|raw|edd1eonelove's rating: 1608 &rarr; <strong>1641</strong><br />(+33 for winning)
|raw|IWSK's rating: 1867 &rarr; <strong>1834</strong><br />(-33 for losing)
|l|☆IWSK
