|j|☆ShouldntNameMySelf
|j|☆Alkir
|t:|1611061906
|player|p1|ShouldntNameMySelf|169|1626
|player|p2|Alkir|grimsley|1641
|teamsize|p1|6
|teamsize|p2|6
|gametype|singles
|gen|8
|tier|[Gen 8] National Dex AG
|rated|
|clearpoke
|poke|p1|Rayquaza|
|poke|p1|Groudon|
|poke|p1|Kyogre|
|poke|p1|Zacian-Crowned|
|poke|p1|Yveltal|
|poke|p1|Ditto|
|poke|p2|Zacian-Crowned|
|poke|p2|Xerneas|
|poke|p2|Groudon|
|poke|p2|Rayquaza|
|poke|p2|Lugia|
|poke|p2|Marshadow|
|rule|HP Percentage Mod: HP is shown in percentages
|rule|Endless Battle Clause: Forcing endless battles is banned
|teampreview
|inactive|Battle timer is ON: inactive players will automatically lose when time's up. (requested by ShouldntNameMySelf)
|
|t:|1611061927
|start
|switch|p1a: Kyogre|Kyogre|100/100
|switch|p2a: Groudon|Groudon, shiny|100/100
|detailschange|p2a: Groudon|Groudon-Primal, shiny
|-primal|p2a: Groudon
|-weather|DesolateLand|[from] ability: Desolate Land|[of] p2a: Groudon
|detailschange|p1a: Kyogre|Kyogre-Primal
|-primal|p1a: Kyogre
|-weather|PrimordialSea|[from] ability: Primordial Sea|[of] p1a: Kyogre
|turn|1
|
|t:|1611061938
|switch|p2a: Lugia|Lugia|100/100
|move|p1a: Kyogre|Origin Pulse|p2a: Lugia
|-damage|p2a: Lugia|68/100
|
|-weather|PrimordialSea|[upkeep]
|upkeep
|turn|2
|
|t:|1611061947
|move|p2a: Lugia|Toxic|p1a: Kyogre|[miss]
|-miss|p2a: Lugia|p1a: Kyogre
|move|p1a: Kyogre|Origin Pulse|p2a: Lugia
|-damage|p2a: Lugia|0 fnt
|faint|p2a: Lugia
|
|-weather|PrimordialSea|[upkeep]
|upkeep
|
|t:|1611061950
|switch|p2a: Groudon|Groudon-Primal, shiny|100/100
|-weather|DesolateLand|[from] ability: Desolate Land|[of] p2a: Groudon
|turn|3
|
|t:|1611061966
|switch|p1a: Yveltal|Yveltal|100/100
|-ability|p1a: Yveltal|Dark Aura
|move|p2a: Groudon|Precipice Blades|p1a: Yveltal
|-immune|p1a: Yveltal
|
|-weather|DesolateLand|[upkeep]
|upkeep
|turn|4
|
|t:|1611061976
|-start|p1a: Yveltal|Dynamax
|-heal|p1a: Yveltal|100/100|[silent]
|move|p1a: Yveltal|Max Airstream|p2a: Groudon
|-damage|p2a: Groudon|58/100
|-boost|p1a: Yveltal|spe|1
|move|p2a: Groudon|Stone Edge|p1a: Yveltal
|-supereffective|p1a: Yveltal
|-damage|p1a: Yveltal|63/100
|
|-weather|DesolateLand|[upkeep]
|-heal|p1a: Yveltal|66/100|[from] item: Leftovers
|upkeep
|turn|5
|
|t:|1611061998
|move|p1a: Yveltal|Max Darkness|p2a: Groudon
|-damage|p2a: Groudon|1/100
|-unboost|p2a: Groudon|spd|1
|move|p2a: Groudon|Stone Edge|p1a: Yveltal
|-supereffective|p1a: Yveltal
|-damage|p1a: Yveltal|27/100
|
|-weather|DesolateLand|[upkeep]
|-heal|p1a: Yveltal|30/100|[from] item: Leftovers
|upkeep
|turn|6
|
|t:|1611062010
|move|p1a: Yveltal|Max Airstream|p2a: Groudon
|-damage|p2a: Groudon|0 fnt
|-boost|p1a: Yveltal|spe|1
|faint|p2a: Groudon
|-weather|none
|
|-heal|p1a: Yveltal|33/100|[from] item: Leftovers
|-end|p1a: Yveltal|Dynamax
|-heal|p1a: Yveltal|33/100|[silent]
|upkeep
|
|t:|1611062015
|switch|p2a: Marshadow|Marshadow|100/100
|turn|7
|
|t:|1611062024
|move|p1a: Yveltal|Oblivion Wing|p2a: Marshadow
|-supereffective|p2a: Marshadow
|-enditem|p2a: Marshadow|Focus Sash
|-damage|p2a: Marshadow|1/100
|-heal|p1a: Yveltal|94/100|[from] drain|[of] p2a: Marshadow
|move|p2a: Marshadow|Close Combat|p1a: Yveltal
|-damage|p1a: Yveltal|35/100
|-unboost|p2a: Marshadow|def|1
|-unboost|p2a: Marshadow|spd|1
|
|-heal|p1a: Yveltal|41/100|[from] item: Leftovers
|upkeep
|turn|8
|
|t:|1611062044
|move|p1a: Yveltal|Sucker Punch|p2a: Marshadow
|-damage|p2a: Marshadow|0 fnt
|faint|p2a: Marshadow
|
|-heal|p1a: Yveltal|48/100|[from] item: Leftovers
|upkeep
|
|t:|1611062046
|switch|p2a: Rayquaza|Rayquaza|100/100
|-ability|p2a: Rayquaza|Air Lock
|turn|9
|
|t:|1611062055
|detailschange|p2a: Rayquaza|Rayquaza-Mega
|-mega|p2a: Rayquaza|Rayquaza|
|-weather|DeltaStream|[from] ability: Delta Stream|[of] p2a: Rayquaza
|move|p2a: Rayquaza|Extreme Speed|p1a: Yveltal
|-damage|p1a: Yveltal|12/100
|move|p1a: Yveltal|Dark Pulse|p2a: Rayquaza
|-damage|p2a: Rayquaza|40/100
|
|-weather|DeltaStream|[upkeep]
|-heal|p1a: Yveltal|18/100|[from] item: Leftovers
|upkeep
|turn|10
|
|t:|1611062068
|move|p2a: Rayquaza|Extreme Speed|p1a: Yveltal
|-damage|p1a: Yveltal|0 fnt
|faint|p1a: Yveltal
|
|-weather|DeltaStream|[upkeep]
|upkeep
|
|t:|1611062079
|switch|p1a: Zacian|Zacian-Crowned|100/100
|-ability|p1a: Zacian|Intrepid Sword|boost
|-boost|p1a: Zacian|atk|1
|turn|11
|
|t:|1611062086
|-weather|none
|switch|p2a: Xerneas|Xerneas|100/100
|-ability|p2a: Xerneas|Fairy Aura
|move|p1a: Zacian|Behemoth Blade|p2a: Xerneas
|-supereffective|p2a: Xerneas
|-damage|p2a: Xerneas|0 fnt
|faint|p2a: Xerneas
|
|upkeep
|
|t:|1611062088
|switch|p2a: Rayquaza|Rayquaza-Mega|40/100
|-weather|DeltaStream|[from] ability: Delta Stream|[of] p2a: Rayquaza
|turn|12
|
|t:|1611062108
|switch|p1a: Kyogre|Kyogre-Primal|100/100
|-weather|PrimordialSea|[from] ability: Primordial Sea|[of] p1a: Kyogre
|move|p2a: Rayquaza|V-create||[still]
|-fail|p2a: Rayquaza|V-create|[from] Primordial Sea
|
|-weather|PrimordialSea|[upkeep]
|upkeep
|turn|13
|
|t:|1611062117
|switch|p2a: Zacian|Zacian-Crowned|100/100
|-ability|p2a: Zacian|Intrepid Sword|boost
|-boost|p2a: Zacian|atk|1
|move|p1a: Kyogre|Origin Pulse|p2a: Zacian
|-damage|p2a: Zacian|0 fnt
|faint|p2a: Zacian
|
|-weather|PrimordialSea|[upkeep]
|upkeep
|-message|Alkir forfeited.
|
|win|ShouldntNameMySelf
|raw|ShouldntNameMySelf's rating: 1626 &rarr; <strong>1646</strong><br />(+20 for winning)
|raw|Alkir's rating: 1619 &rarr; <strong>1600</strong><br />(-19 for losing)
