|j|☆RUiNtheExtinct
|j|☆Karpus Gyarelius
|t:|1646288912
|gametype|singles
|player|p1|RUiNtheExtinct|red-gen7|1734
|player|p2|Karpus Gyarelius|2|1603
|teamsize|p1|6
|teamsize|p2|6
|gen|8
|tier|[Gen 8] National Dex AG
|rated|
|rule|HP Percentage Mod: HP is shown in percentages
|rule|Endless Battle Clause: Forcing endless battles is banned
|clearpoke
|poke|p1|Ditto|
|poke|p1|Arceus-*|
|poke|p1|Zygarde|
|poke|p1|Groudon|
|poke|p1|Arceus-*|
|poke|p1|Arceus-*|
|poke|p2|Rayquaza|
|poke|p2|Groudon|
|poke|p2|Kyogre|
|poke|p2|Yveltal|
|poke|p2|Zacian-*|
|poke|p2|Calyrex-Shadow|
|teampreview
|
|t:|1646288924
|start
|switch|p1a: Groudon|Groudon|100/100
|switch|p2a: Groudon|Groudon|100/100
|detailschange|p1a: Groudon|Groudon-Primal
|-primal|p1a: Groudon
|-weather|DesolateLand|[from] ability: Desolate Land|[of] p1a: Groudon
|detailschange|p2a: Groudon|Groudon-Primal
|-primal|p2a: Groudon
|turn|1
|inactive|Battle timer is ON: inactive players will automatically lose when time's up. (requested by RUiNtheExtinct)
|
|t:|1646288934
|move|p1a: Groudon|Precipice Blades|p2a: Groudon
|-supereffective|p2a: Groudon
|-damage|p2a: Groudon|8/100
|move|p2a: Groudon|Precipice Blades|p1a: Groudon
|-supereffective|p1a: Groudon
|-damage|p1a: Groudon|12/100
|
|-weather|DesolateLand|[upkeep]
|upkeep
|turn|2
|
|t:|1646288943
|move|p1a: Groudon|Rock Tomb|p2a: Groudon
|-damage|p2a: Groudon|0 fnt
|faint|p2a: Groudon
|
|-weather|DesolateLand|[upkeep]
|upkeep
|
|t:|1646288950
|switch|p2a: Kyogre|Kyogre|100/100
|detailschange|p2a: Kyogre|Kyogre-Primal
|-primal|p2a: Kyogre
|-weather|PrimordialSea|[from] ability: Primordial Sea|[of] p2a: Kyogre
|turn|3
|
|t:|1646288962
|move|p2a: Kyogre|Water Spout|p1a: Groudon
|-supereffective|p1a: Groudon
|-damage|p1a: Groudon|0 fnt
|faint|p1a: Groudon
|
|-weather|PrimordialSea|[upkeep]
|upkeep
|
|t:|1646288967
|switch|p1a: Ditto|Ditto|100/100
|-transform|p1a: Ditto|p2a: Kyogre|[from] ability: Imposter
|turn|4
|
|t:|1646288974
|move|p1a: Ditto|Thunder|p2a: Kyogre
|-supereffective|p2a: Kyogre
|-damage|p2a: Kyogre|32/100
|move|p2a: Kyogre|Thunder|p1a: Ditto
|-supereffective|p1a: Ditto
|-damage|p1a: Ditto|26/100
|
|-weather|PrimordialSea|[upkeep]
|upkeep
|turn|5
|
|t:|1646288983
|move|p1a: Ditto|Thunder|p2a: Kyogre
|-supereffective|p2a: Kyogre
|-damage|p2a: Kyogre|0 fnt
|faint|p2a: Kyogre
|
|-weather|PrimordialSea|[upkeep]
|upkeep
|
|t:|1646288985
|switch|p2a: Rayquaza|Rayquaza|100/100
|-ability|p2a: Rayquaza|Air Lock
|turn|6
|
|t:|1646288992
|-weather|none
|switch|p1a: Zygarde|Zygarde|100/100
|detailschange|p2a: Rayquaza|Rayquaza-Mega
|-mega|p2a: Rayquaza|Rayquaza|
|-weather|DeltaStream|[from] ability: Delta Stream|[of] p2a: Rayquaza
|move|p2a: Rayquaza|Dragon Dance|p2a: Rayquaza
|-boost|p2a: Rayquaza|atk|1
|-boost|p2a: Rayquaza|spe|1
|
|-weather|DeltaStream|[upkeep]
|upkeep
|turn|7
|
|t:|1646289001
|move|p2a: Rayquaza|Dragon Ascent|p1a: Zygarde
|-damage|p1a: Zygarde|0 fnt
|-unboost|p2a: Rayquaza|def|1
|-unboost|p2a: Rayquaza|spd|1
|faint|p1a: Zygarde
|-damage|p2a: Rayquaza|91/100|[from] item: Life Orb
|
|-weather|DeltaStream|[upkeep]
|upkeep
|
|t:|1646289008
|switch|p1a: Ditto|Ditto|26/100
|-transform|p1a: Ditto|p2a: Rayquaza|[from] ability: Imposter
|turn|8
|
|t:|1646289015
|move|p1a: Ditto|Extreme Speed|p2a: Rayquaza
|-damage|p2a: Rayquaza|7/100
|move|p2a: Rayquaza|Extreme Speed|p1a: Ditto
|-damage|p1a: Ditto|0 fnt
|faint|p1a: Ditto
|-damage|p2a: Rayquaza|0 fnt|[from] item: Life Orb
|faint|p2a: Rayquaza
|-weather|none
|
|upkeep
|inactive|RUiNtheExtinct has 120 seconds left.
|
|t:|1646289049
|switch|p2a: Yveltal|Yveltal|100/100
|switch|p1a: Arceus|Arceus-Flying|100/100
|-ability|p2a: Yveltal|Dark Aura
|turn|9
|
|t:|1646289057
|-start|p1a: Arceus|Dynamax
|-heal|p1a: Arceus|100/100|[silent]
|move|p1a: Arceus|Max Airstream|p2a: Yveltal
|-damage|p2a: Yveltal|52/100
|-boost|p1a: Arceus|spe|1
|move|p2a: Yveltal|Foul Play|p1a: Arceus
|-damage|p1a: Arceus|78/100
|
|upkeep
|turn|10
|
|t:|1646289068
|move|p1a: Arceus|Max Airstream|p2a: Yveltal
|-damage|p2a: Yveltal|9/100
|-boost|p1a: Arceus|spe|1
|move|p2a: Yveltal|Roost|p2a: Yveltal
|-heal|p2a: Yveltal|59/100
|-singleturn|p2a: Yveltal|move: Roost
|
|upkeep
|turn|11
|
|t:|1646289079
|move|p1a: Arceus|Max Airstream|p2a: Yveltal
|-damage|p2a: Yveltal|15/100
|-boost|p1a: Arceus|spe|1
|move|p2a: Yveltal|Roost|p2a: Yveltal
|-heal|p2a: Yveltal|65/100
|-singleturn|p2a: Yveltal|move: Roost
|
|-end|p1a: Arceus|Dynamax
|-heal|p1a: Arceus|78/100|[silent]
|upkeep
|turn|12
|
|t:|1646289090
|move|p1a: Arceus|Swords Dance|p1a: Arceus
|-boost|p1a: Arceus|atk|2
|move|p2a: Yveltal|Foul Play|p1a: Arceus
|-damage|p1a: Arceus|0 fnt
|faint|p1a: Arceus
|
|upkeep
|inactive|RUiNtheExtinct has 120 seconds left.
|
|t:|1646289103
|switch|p1a: Arceus|Arceus-Dark|100/100
|turn|13
|
|t:|1646289113
|move|p1a: Arceus|Whirlpool|p2a: Yveltal
|-damage|p2a: Yveltal|58/100
|-activate|p2a: Yveltal|move: Whirlpool|[of] p1a: Arceus
|move|p2a: Yveltal|U-turn|p1a: Arceus
|-supereffective|p1a: Arceus
|-damage|p1a: Arceus|72/100
|
|t:|1646289115
|switch|p2a: Zacian|Zacian-Crowned|100/100|[from]move: U-turn
|-ability|p2a: Zacian|Intrepid Sword|boost
|-boost|p2a: Zacian|atk|1
|
|upkeep
|turn|14
|inactive|RUiNtheExtinct has 120 seconds left.
|-message|RUiNtheExtinct forfeited.
|
|win|Karpus Gyarelius
|raw|RUiNtheExtinct's rating: 1734 &rarr; <strong>1707</strong><br />(-27 for losing)
|raw|Karpus Gyarelius's rating: 1603 &rarr; <strong>1630</strong><br />(+27 for winning)
|c|☆RUiNtheExtinct|gg
|l|☆RUiNtheExtinct
|c|☆Karpus Gyarelius|gg
