|j|☆kasak
|j|☆ThePowerfulEntity
|t:|1611928120
|player|p1|kasak|youngster-gen4|1825
|player|p2|ThePowerfulEntity|biker-gen4|1647
|teamsize|p1|6
|teamsize|p2|6
|gametype|singles
|gen|8
|tier|[Gen 8] National Dex AG
|rated|
|clearpoke
|poke|p1|Arceus-*|
|poke|p1|Ditto|
|poke|p1|Sableye, F|
|poke|p1|Chansey, F|
|poke|p1|Lugia|
|poke|p1|Groudon|
|poke|p2|Zygarde|
|poke|p2|Ditto|
|poke|p2|Necrozma-Dusk-Mane|
|poke|p2|Groudon|
|poke|p2|Ho-Oh|
|poke|p2|Yveltal|
|rule|HP Percentage Mod: HP is shown in percentages
|rule|Endless Battle Clause: Forcing endless battles is banned
|teampreview
|j| Jefff 369421
|inactive|Battle timer is ON: inactive players will automatically lose when time's up. (requested by ThePowerfulEntity)
|
|t:|1611928142
|start
|switch|p1a: 그란돈|Groudon|100/100
|switch|p2a: Necrozma|Necrozma-Dusk-Mane|100/100
|detailschange|p1a: 그란돈|Groudon-Primal
|-primal|p1a: 그란돈
|-weather|DesolateLand|[from] ability: Desolate Land|[of] p1a: 그란돈
|turn|1
|c|☆ThePowerfulEntity|now i know how to deal with these teams
|
|t:|1611928150
|switch|p2a: Zygarde|Zygarde|100/100
|move|p1a: 그란돈|Swords Dance|p1a: 그란돈
|-boost|p1a: 그란돈|atk|2
|
|-weather|DesolateLand|[upkeep]
|upkeep
|turn|2
|
|t:|1611928156
|move|p2a: Zygarde|Glare|p1a: 그란돈
|-status|p1a: 그란돈|par
|move|p1a: 그란돈|Precipice Blades|p2a: Zygarde
|-damage|p2a: Zygarde|6/100
|
|-weather|DesolateLand|[upkeep]
|-heal|p2a: Zygarde|12/100|[from] item: Leftovers
|-activate|p2a: Zygarde|ability: Power Construct
|detailschange|p2a: Zygarde|Zygarde-Complete
|-heal|p2a: Zygarde|43/100|[silent]
|upkeep
|turn|3
|
|t:|1611928172
|-weather|none
|switch|p1a: 아르세우스|Arceus-Fairy|100/100
|move|p2a: Zygarde|Thousand Arrows|p1a: 아르세우스
|-damage|p1a: 아르세우스|78/100
|
|-heal|p2a: Zygarde|49/100|[from] item: Leftovers
|upkeep
|turn|4
|j| iamthegarbodr
|inactive|ThePowerfulEntity has 120 seconds left.
|
|t:|1611928223
|move|p1a: 아르세우스|Judgment|p2a: Zygarde
|-supereffective|p2a: Zygarde
|-damage|p2a: Zygarde|2/100
|move|p2a: Zygarde|Glare|p1a: 아르세우스
|-status|p1a: 아르세우스|par
|
|-heal|p2a: Zygarde|8/100|[from] item: Leftovers
|upkeep
|turn|5
|
|t:|1611928231
|switch|p2a: Necrozma|Necrozma-Dusk-Mane|100/100
|cant|p1a: 아르세우스|par
|
|upkeep
|turn|6
|
|t:|1611928266
|move|p2a: Necrozma|Dragon Dance|p2a: Necrozma
|-boost|p2a: Necrozma|atk|1
|-boost|p2a: Necrozma|spe|1
|cant|p1a: 아르세우스|par
|
|upkeep
|turn|7
|inactive|ThePowerfulEntity has 90 seconds left.
|
|t:|1611928303
|switch|p1a: 루기아|Lugia|100/100
|-start|p2a: Necrozma|Dynamax
|-heal|p2a: Necrozma|100/100|[silent]
|move|p2a: Necrozma|Max Steelspike|p1a: 루기아
|-damage|p1a: 루기아|75/100
|-boost|p2a: Necrozma|def|1
|
|upkeep
|turn|8
|c|☆ThePowerfulEntity|YES
|inactive|ThePowerfulEntity has 90 seconds left.
|
|t:|1611928316
|move|p2a: Necrozma|Max Steelspike|p1a: 루기아
|-damage|p1a: 루기아|27/100
|-boost|p2a: Necrozma|def|1
|move|p1a: 루기아|Roost|p1a: 루기아
|-heal|p1a: 루기아|77/100
|-singleturn|p1a: 루기아|move: Roost
|
|upkeep
|turn|9
|
|t:|1611928323
|move|p2a: Necrozma|Max Steelspike|p1a: 루기아
|-damage|p1a: 루기아|27/100
|-boost|p2a: Necrozma|def|1
|move|p1a: 루기아|Roost|p1a: 루기아
|-heal|p1a: 루기아|77/100
|-singleturn|p1a: 루기아|move: Roost
|
|-end|p2a: Necrozma|Dynamax
|-heal|p2a: Necrozma|100/100|[silent]
|upkeep
|turn|10
|
|t:|1611928333
|move|p2a: Necrozma|Dragon Dance|p2a: Necrozma
|-boost|p2a: Necrozma|atk|1
|-boost|p2a: Necrozma|spe|1
|move|p1a: 루기아|Roost|p1a: 루기아
|-heal|p1a: 루기아|100/100
|-singleturn|p1a: 루기아|move: Roost
|
|upkeep
|turn|11
|
|t:|1611928343
|move|p2a: Necrozma|Sunsteel Strike|p1a: 루기아
|-damage|p1a: 루기아|53/100
|-damage|p2a: Necrozma|84/100|[from] item: Rocky Helmet|[of] p1a: 루기아
|move|p1a: 루기아|Aeroblast|p2a: Necrozma
|-resisted|p2a: Necrozma
|-damage|p2a: Necrozma|70/100
|
|upkeep
|turn|12
|
|t:|1611928351
|move|p2a: Necrozma|Dragon Dance|p2a: Necrozma
|-boost|p2a: Necrozma|atk|1
|-boost|p2a: Necrozma|spe|1
|move|p1a: 루기아|Roost|p1a: 루기아
|-heal|p1a: 루기아|100/100
|-singleturn|p1a: 루기아|move: Roost
|
|upkeep
|turn|13
|
|t:|1611928358
|move|p2a: Necrozma|Dragon Dance|p2a: Necrozma
|-boost|p2a: Necrozma|atk|1
|-boost|p2a: Necrozma|spe|1
|move|p1a: 루기아|Aeroblast|p2a: Necrozma
|-resisted|p2a: Necrozma
|-damage|p2a: Necrozma|56/100
|
|upkeep
|turn|14
|l| iamthegarbodr
|inactive|ThePowerfulEntity has 120 seconds left.
|
|t:|1611928364
|move|p2a: Necrozma|Morning Sun|p2a: Necrozma
|-heal|p2a: Necrozma|100/100
|move|p1a: 루기아|Roost||[still]
|-fail|p1a: 루기아|heal
|
|upkeep
|turn|15
|
|t:|1611928371
|move|p2a: Necrozma|Dragon Dance|p2a: Necrozma
|-boost|p2a: Necrozma|atk|1
|-boost|p2a: Necrozma|spe|1
|move|p1a: 루기아|Aeroblast|p2a: Necrozma
|-resisted|p2a: Necrozma
|-damage|p2a: Necrozma|86/100
|
|upkeep
|turn|16
|c|☆ThePowerfulEntity|at this point
|j| Discoii
|
|t:|1611928378
|move|p2a: Necrozma|Dragon Dance|p2a: Necrozma
|-boost|p2a: Necrozma|atk|1
|-boost|p2a: Necrozma|spe|1
|move|p1a: 루기아|Aeroblast|p2a: Necrozma
|-resisted|p2a: Necrozma
|-damage|p2a: Necrozma|72/100
|
|upkeep
|turn|17
|
|t:|1611928385
|move|p2a: Necrozma|Sunsteel Strike|p1a: 루기아
|-damage|p1a: 루기아|0 fnt
|-damage|p2a: Necrozma|56/100|[from] item: Rocky Helmet|[of] p1a: 루기아
|faint|p1a: 루기아
|
|upkeep
|
|t:|1611928389
|switch|p1a: 메타몽|Ditto|100/100
|-transform|p1a: 메타몽|p2a: Necrozma|[from] ability: Imposter
|turn|18
|c|☆ThePowerfulEntity|look at that
|
|t:|1611928406
|-start|p1a: 메타몽|Dynamax
|-heal|p1a: 메타몽|100/100|[silent]
|move|p1a: 메타몽|Max Steelspike|p2a: Necrozma
|-resisted|p2a: Necrozma
|-damage|p2a: Necrozma|17/100
|-boost|p1a: 메타몽|def|1
|move|p2a: Necrozma|Morning Sun|p2a: Necrozma
|-heal|p2a: Necrozma|67/100
|
|upkeep
|turn|19
|j| iamthegarbodr
|l| Discoii
|
|t:|1611928417
|move|p2a: Necrozma|Morning Sun|p2a: Necrozma
|-heal|p2a: Necrozma|100/100
|move|p1a: 메타몽|Max Steelspike|p2a: Necrozma
|-resisted|p2a: Necrozma
|-damage|p2a: Necrozma|61/100
|-boost|p1a: 메타몽|def|1
|
|upkeep
|turn|20
|c| iamthegarbodr|wut is that
|
|t:|1611928428
|-end|p1a: 메타몽|Dynamax
|-heal|p1a: 메타몽|100/100|[silent]
|switch|p1a: 깜까미|Sableye, F|100/100
|move|p2a: Necrozma|Morning Sun|p2a: Necrozma
|-heal|p2a: Necrozma|100/100
|
|upkeep
|turn|21
|c|☆ThePowerfulEntity|i can just outstall you
|
|t:|1611928438
|move|p1a: 깜까미|Will-O-Wisp|p2a: Necrozma
|-status|p2a: Necrozma|brn
|move|p2a: Necrozma|Sunsteel Strike|p1a: 깜까미
|-damage|p1a: 깜까미|2/100
|
|-damage|p2a: Necrozma|94/100 brn|[from] brn
|upkeep
|turn|22
|c|☆ThePowerfulEntity|oh shit
|c|☆ThePowerfulEntity|i ran out of moves
|
|t:|1611928458
|switch|p1a: 메타몽|Ditto|100/100
|-transform|p1a: 메타몽|p2a: Necrozma|[from] ability: Imposter
|move|p2a: Necrozma|Sunsteel Strike|p1a: 메타몽
|-resisted|p1a: 메타몽
|-damage|p1a: 메타몽|84/100
|
|-damage|p2a: Necrozma|88/100 brn|[from] brn
|upkeep
|turn|23
|c|☆ThePowerfulEntity|this is genuinely bad
|
|t:|1611928469
|move|p1a: 메타몽|Sunsteel Strike|p2a: Necrozma
|-resisted|p2a: Necrozma
|-damage|p2a: Necrozma|56/100 brn
|-damage|p1a: 메타몽|67/100|[from] item: Rocky Helmet|[of] p2a: Necrozma
|move|p2a: Necrozma|Morning Sun|p2a: Necrozma
|-heal|p2a: Necrozma|100/100 brn
|
|-damage|p2a: Necrozma|94/100 brn|[from] brn
|upkeep
|turn|24
|
|t:|1611928480
|switch|p1a: 깜까미|Sableye, F|2/100
|move|p2a: Necrozma|Dragon Dance|p2a: Necrozma
|-boost|p2a: Necrozma|atk|0
|-boost|p2a: Necrozma|spe|0
|
|-damage|p2a: Necrozma|88/100 brn|[from] brn
|upkeep
|turn|25
|c|☆ThePowerfulEntity|im gonna outstall him
|c| iamthegarbodr|hm
|
|t:|1611928494
|move|p1a: 깜까미|Recover|p1a: 깜까미
|-heal|p1a: 깜까미|52/100
|move|p2a: Necrozma|Dragon Dance|p2a: Necrozma
|-boost|p2a: Necrozma|atk|0
|-boost|p2a: Necrozma|spe|0
|
|-damage|p2a: Necrozma|82/100 brn|[from] brn
|upkeep
|turn|26
|c| iamthegarbodr|you only have 3
|
|t:|1611928501
|move|p1a: 깜까미|Recover|p1a: 깜까미
|-heal|p1a: 깜까미|100/100
|move|p2a: Necrozma|Sunsteel Strike|p1a: 깜까미
|-crit|p1a: 깜까미
|-damage|p1a: 깜까미|0 fnt
|faint|p1a: 깜까미
|
|-damage|p2a: Necrozma|76/100 brn|[from] brn
|upkeep
|c| iamthegarbodr|morniang sun
|
|t:|1611928507
|switch|p1a: 메타몽|Ditto|67/100
|-transform|p1a: 메타몽|p2a: Necrozma|[from] ability: Imposter
|turn|27
|j| Discoii
|
|t:|1611928516
|move|p1a: 메타몽|Photon Geyser|p2a: Necrozma
|-resisted|p2a: Necrozma
|-damage|p2a: Necrozma|60/100 brn
|move|p2a: Necrozma|Dragon Dance|p2a: Necrozma
|-boost|p2a: Necrozma|atk|0
|-boost|p2a: Necrozma|spe|0
|
|-damage|p2a: Necrozma|54/100 brn|[from] brn
|upkeep
|turn|28
|c|☆ThePowerfulEntity|it's scarfed
|c|☆ThePowerfulEntity|wait a minute it's literally scarfed
|
|t:|1611928531
|switch|p2a: Yveltal|Yveltal|100/100
|-ability|p2a: Yveltal|Dark Aura
|move|p1a: 메타몽|Photon Geyser|p2a: Yveltal
|-immune|p2a: Yveltal
|
|upkeep
|turn|29
|c|☆ThePowerfulEntity|aha
|c| Discoii|Dude what
|
|t:|1611928540
|switch|p1a: 럭키|Chansey, F|100/100
|move|p2a: Yveltal|Heat Wave|p1a: 럭키
|-damage|p1a: 럭키|88/100
|-damage|p2a: Yveltal|91/100|[from] item: Life Orb
|
|upkeep
|turn|30
|c| Discoii|Ok nice play
|c|☆ThePowerfulEntity|nice
|
|t:|1611928547
|move|p2a: Yveltal|Taunt|p1a: 럭키
|-start|p1a: 럭키|move: Taunt
|cant|p1a: 럭키|move: Taunt|Wish
|
|upkeep
|turn|31
|c|☆ThePowerfulEntity|taunt
|c|☆ThePowerfulEntity|just taunt him
|c| Discoii|Good
|
|t:|1611928555
|switch|p1a: 아르세우스|Arceus-Fairy|78/100 par
|move|p2a: Yveltal|Sucker Punch||[still]
|-fail|p2a: Yveltal
|
|upkeep
|turn|32
|c|☆ThePowerfulEntity|and then
|c|☆ThePowerfulEntity|bruh
|
|t:|1611928560
|switch|p2a: Groudon|Groudon|100/100
|detailschange|p2a: Groudon|Groudon-Primal
|-primal|p2a: Groudon
|-weather|DesolateLand|[from] ability: Desolate Land|[of] p2a: Groudon
|cant|p1a: 아르세우스|par
|
|-weather|DesolateLand|[upkeep]
|upkeep
|turn|33
|c|☆ThePowerfulEntity|just chill there
|
|t:|1611928568
|move|p2a: Groudon|Stealth Rock|p1a: 아르세우스
|-sidestart|p1: kasak|move: Stealth Rock
|cant|p1a: 아르세우스|par
|
|-weather|DesolateLand|[upkeep]
|upkeep
|turn|34
|c|☆ThePowerfulEntity|how u like that
|c|☆ThePowerfulEntity|kasak
|c|☆ThePowerfulEntity|do you feel the pain
|c| Discoii|U have eruption or something?
|c|☆ThePowerfulEntity|L
|
|t:|1611928582
|move|p2a: Groudon|Heat Crash|p1a: 아르세우스
|-damage|p1a: 아르세우스|29/100 par
|move|p1a: 아르세우스|Recover|p1a: 아르세우스
|-heal|p1a: 아르세우스|79/100 par
|
|-weather|DesolateLand|[upkeep]
|upkeep
|turn|35
|
|t:|1611928588
|move|p2a: Groudon|Heat Crash|p1a: 아르세우스
|-damage|p1a: 아르세우스|23/100 par
|move|p1a: 아르세우스|Recover|p1a: 아르세우스
|-heal|p1a: 아르세우스|73/100 par
|
|-weather|DesolateLand|[upkeep]
|upkeep
|turn|36
|c|☆ThePowerfulEntity|he's stallin'
|
|t:|1611928595
|switch|p1a: 메타몽|Ditto|67/100
|-damage|p1a: 메타몽|55/100|[from] Stealth Rock
|-transform|p1a: 메타몽|p2a: Groudon|[from] ability: Imposter
|move|p2a: Groudon|Heat Crash|p1a: 메타몽
|-resisted|p1a: 메타몽
|-damage|p1a: 메타몽|39/100
|
|-weather|DesolateLand|[upkeep]
|upkeep
|turn|37
|c|☆ThePowerfulEntity|bro
|
|t:|1611928605
|move|p1a: 메타몽|Stealth Rock|p2a: Groudon
|-sidestart|p2: ThePowerfulEntity|move: Stealth Rock
|move|p2a: Groudon|Earthquake|p1a: 메타몽
|-supereffective|p1a: 메타몽
|-damage|p1a: 메타몽|0 fnt
|faint|p1a: 메타몽
|
|-weather|DesolateLand|[upkeep]
|upkeep
|c|☆ThePowerfulEntity|why use rocks?
|c|☆ThePowerfulEntity|you're literally losing kasak
|
|t:|1611928618
|switch|p1a: 그란돈|Groudon-Primal|100/100 par
|-damage|p1a: 그란돈|88/100 par|[from] Stealth Rock
|turn|38
|c| Discoii|Yes he is
|
|t:|1611928622
|move|p2a: Groudon|Earthquake|p1a: 그란돈
|-supereffective|p1a: 그란돈
|-damage|p1a: 그란돈|8/100 par
|move|p1a: 그란돈|Precipice Blades|p2a: Groudon
|-supereffective|p2a: Groudon
|-damage|p2a: Groudon|0 fnt
|faint|p2a: Groudon
|
|-weather|DesolateLand|[upkeep]
|upkeep
|
|t:|1611928640
|switch|p2a: Ditto|Ditto|100/100
|-damage|p2a: Ditto|88/100|[from] Stealth Rock
|-transform|p2a: Ditto|p1a: 그란돈|[from] ability: Imposter
|turn|39
|c|☆ThePowerfulEntity|hmm
|c|☆ThePowerfulEntity|this is useful
|
|t:|1611928649
|move|p2a: Ditto|Fire Punch|p1a: 그란돈
|-resisted|p1a: 그란돈
|-damage|p1a: 그란돈|0 fnt
|faint|p1a: 그란돈
|
|-weather|DesolateLand|[upkeep]
|upkeep
|c|☆ThePowerfulEntity|this groudon is very useful
|
|t:|1611928654
|switch|p1a: 럭키|Chansey, F|88/100
|-damage|p1a: 럭키|75/100|[from] Stealth Rock
|turn|40
|
|t:|1611928662
|move|p1a: 럭키|Protect|p1a: 럭키
|-singleturn|p1a: 럭키|Protect
|move|p2a: Ditto|Fire Punch|p1a: 럭키
|-activate|p1a: 럭키|move: Protect
|
|-weather|DesolateLand|[upkeep]
|upkeep
|turn|41
|c|☆ThePowerfulEntity|hes stallin
|
|t:|1611928667
|move|p2a: Ditto|Fire Punch|p1a: 럭키
|-damage|p1a: 럭키|23/100
|move|p1a: 럭키|Wish|p1a: 럭키
|
|-weather|DesolateLand|[upkeep]
|upkeep
|turn|42
|
|t:|1611928674
|-weather|none
|switch|p2a: Ho-Oh|Ho-Oh|100/100
|move|p1a: 럭키|Protect||[still]
|-fail|p1a: 럭키
|
|-heal|p1a: 럭키|73/100|[from] move: Wish|[wisher] 럭키
|upkeep
|turn|43
|c| Discoii|Just taunt them
|c|☆ThePowerfulEntity|he has an arceus
|
|t:|1611928683
|move|p2a: Ho-Oh|Toxic|p1a: 럭키
|-status|p1a: 럭키|tox
|move|p1a: 럭키|Toxic|p2a: Ho-Oh
|-status|p2a: Ho-Oh|tox
|
|-damage|p2a: Ho-Oh|94/100 tox|[from] psn
|-damage|p1a: 럭키|67/100 tox|[from] psn
|upkeep
|turn|44
|
|t:|1611928691
|move|p2a: Ho-Oh|Sacred Fire|p1a: 럭키
|-damage|p1a: 럭키|40/100 tox
|move|p1a: 럭키|Wish|p1a: 럭키
|
|-damage|p2a: Ho-Oh|82/100 tox|[from] psn
|-damage|p1a: 럭키|28/100 tox|[from] psn
|upkeep
|turn|45
|
|t:|1611928700
|switch|p1a: 아르세우스|Arceus-Fairy|73/100 par
|-damage|p1a: 아르세우스|60/100 par|[from] Stealth Rock
|move|p2a: Ho-Oh|Defog|p1a: 아르세우스
|-unboost|p1a: 아르세우스|evasion|1
|-sideend|p1: kasak|Stealth Rock|[from] move: Defog|[of] p2a: Ho-Oh
|-sideend|p2: ThePowerfulEntity|Stealth Rock|[from] move: Defog|[of] p2a: Ho-Oh
|
|-heal|p1a: 아르세우스|100/100 par|[from] move: Wish|[wisher] 럭키
|-damage|p2a: Ho-Oh|63/100 tox|[from] psn
|upkeep
|turn|46
|c|☆ThePowerfulEntity|ok
|
|t:|1611928711
|switch|p2a: Necrozma|Necrozma-Dusk-Mane|54/100 brn
|cant|p1a: 아르세우스|par
|
|-damage|p2a: Necrozma|48/100 brn|[from] brn
|upkeep
|turn|47
|c|☆ThePowerfulEntity|switch in switch out
|
|t:|1611928718
|switch|p2a: Ho-Oh|Ho-Oh|97/100 tox
|move|p1a: 아르세우스|Calm Mind|p1a: 아르세우스
|-boost|p1a: 아르세우스|spa|1
|-boost|p1a: 아르세우스|spd|1
|
|-damage|p2a: Ho-Oh|90/100 tox|[from] psn
|upkeep
|turn|48
|c| Discoii|Dd
|c|☆ThePowerfulEntity|oh shit
|c| Discoii|Dude just dd
|c| Discoii|And win
|
|t:|1611928732
|switch|p2a: Ditto|Ditto|88/100
|-transform|p2a: Ditto|p1a: 아르세우스|[from] ability: Imposter
|move|p1a: 아르세우스|Calm Mind|p1a: 아르세우스
|-boost|p1a: 아르세우스|spa|1
|-boost|p1a: 아르세우스|spd|1
|
|upkeep
|turn|49
|c|☆ThePowerfulEntity|we'd better ditto him
|c| Discoii|Be careful of arceus fairy though
|
|t:|1611928744
|move|p2a: Ditto|Judgment|p1a: 아르세우스
|-damage|p1a: 아르세우스|88/100 par
|move|p1a: 아르세우스|Judgment|p2a: Ditto
|-damage|p2a: Ditto|29/100
|
|upkeep
|turn|50
|c| Discoii|Ditto doesnt beat it
|c| Jefff 369421|yeah
|
|t:|1611928758
|switch|p2a: Ho-Oh|Ho-Oh|100/100 tox
|move|p1a: 아르세우스|Judgment|p2a: Ho-Oh
|-resisted|p2a: Ho-Oh
|-damage|p2a: Ho-Oh|75/100 tox
|
|-damage|p2a: Ho-Oh|69/100 tox|[from] psn
|upkeep
|turn|51
|
|t:|1611928766
|move|p2a: Ho-Oh|Sacred Fire|p1a: 아르세우스
|-damage|p1a: 아르세우스|61/100 par
|move|p1a: 아르세우스|Recover|p1a: 아르세우스
|-heal|p1a: 아르세우스|100/100 par
|
|-damage|p2a: Ho-Oh|56/100 tox|[from] psn
|upkeep
|turn|52
|
|t:|1611928775
|move|p2a: Ho-Oh|Sacred Fire|p1a: 아르세우스
|-damage|p1a: 아르세우스|73/100 par
|move|p1a: 아르세우스|Calm Mind|p1a: 아르세우스
|-boost|p1a: 아르세우스|spa|1
|-boost|p1a: 아르세우스|spd|1
|
|-damage|p2a: Ho-Oh|38/100 tox|[from] psn
|upkeep
|turn|53
|
|t:|1611928787
|switch|p2a: Zygarde|Zygarde-Complete|8/100
|move|p1a: 아르세우스|Recover|p1a: 아르세우스
|-heal|p1a: 아르세우스|100/100 par
|
|-heal|p2a: Zygarde|14/100|[from] item: Leftovers
|upkeep
|turn|54
|
|t:|1611928796
|move|p2a: Zygarde|Thousand Arrows|p1a: 아르세우스
|-damage|p1a: 아르세우스|79/100 par
|move|p1a: 아르세우스|Judgment|p2a: Zygarde
|-supereffective|p2a: Zygarde
|-damage|p2a: Zygarde|0 fnt
|faint|p2a: Zygarde
|
|upkeep
|
|t:|1611928806
|switch|p2a: Necrozma|Necrozma-Dusk-Mane|48/100 brn
|turn|55
|c|☆ThePowerfulEntity|man this is a massacre
|
|t:|1611928812
|move|p2a: Necrozma|Morning Sun|p2a: Necrozma
|-heal|p2a: Necrozma|98/100 brn
|move|p1a: 아르세우스|Recover|p1a: 아르세우스
|-heal|p1a: 아르세우스|100/100 par
|
|-damage|p2a: Necrozma|91/100 brn|[from] brn
|upkeep
|turn|56
|c|☆ThePowerfulEntity|i have photon geyser
|
|t:|1611928822
|move|p2a: Necrozma|Dragon Dance|p2a: Necrozma
|-boost|p2a: Necrozma|atk|1
|-boost|p2a: Necrozma|spe|1
|move|p1a: 아르세우스|Judgment|p2a: Necrozma
|-resisted|p2a: Necrozma
|-damage|p2a: Necrozma|37/100 brn
|
|-damage|p2a: Necrozma|31/100 brn|[from] brn
|upkeep
|turn|57
|c|☆ThePowerfulEntity|wait
|c|☆ThePowerfulEntity|let me just dragon dance
|
|t:|1611928832
|move|p2a: Necrozma|Photon Geyser|p1a: 아르세우스
|-damage|p1a: 아르세우스|75/100 par
|move|p1a: 아르세우스|Judgment|p2a: Necrozma
|-resisted|p2a: Necrozma
|-damage|p2a: Necrozma|0 fnt
|faint|p2a: Necrozma
|
|upkeep
|c| Discoii|No
|c| Jefff 369421|he wont
|c| Discoii|Dude
|
|t:|1611928841
|switch|p2a: Ho-Oh|Ho-Oh|71/100 tox
|turn|58
|c|☆ThePowerfulEntity|this is just bad
|c| Discoii|why r u throwing this game?
|
|t:|1611928849
|move|p2a: Ho-Oh|Protect|p2a: Ho-Oh
|-singleturn|p2a: Ho-Oh|Protect
|move|p1a: 아르세우스|Recover|p1a: 아르세우스
|-heal|p1a: 아르세우스|100/100 par
|
|-damage|p2a: Ho-Oh|65/100 tox|[from] psn
|upkeep
|turn|59
|c| Jefff 369421|u just lost
|c|☆ThePowerfulEntity|i didn't throw the game
|c|☆ThePowerfulEntity|hmm
|c|☆ThePowerfulEntity|ok
|-message|ThePowerfulEntity forfeited.
|
|win|kasak
|c| Discoii|Should have gone for sunsteel
|c|☆ThePowerfulEntity|it lost
|c|☆ThePowerfulEntity|all pp
|c|☆ThePowerfulEntity|i had 0 pp
|c| Discoii|What
|c| iamthegarbodr|lol
|c|☆kasak|https://replay.pokemonshowdown.com/gen8nationaldexag-1271869168
|c|☆ThePowerfulEntity|oh wait
|c|☆ThePowerfulEntity|did it?
|c| iamthegarbodr|wat
|c| Discoii|Kasak
|c| Discoii|what is it?
|c| iamthegarbodr|https://replay.pokemonshowdown.com/gen8nationaldexag-1271869168
|c|☆ThePowerfulEntity|oh it did have 3 sunsteel strikes left
|c| iamthegarbodr|he speaks
||Ladder (probably) updated, but score could not be retrieved (Request timeout).
