|j|☆Matsui_Miyako
|j|☆Pikaslayer2001
|t:|1663630328
|gametype|singles
|player|p1|Matsui_Miyako|silver|1756
|player|p2|Pikaslayer2001|brendan-contest|1808
|teamsize|p1|6
|teamsize|p2|6
|gen|8
|tier|[Gen 8] National Dex AG
|rated|
|rule|HP Percentage Mod: HP is shown in percentages
|rule|Endless Battle Clause: Forcing endless battles is banned
|clearpoke
|poke|p1|Yveltal|
|poke|p1|Deoxys-Attack|
|poke|p1|Marshadow|
|poke|p1|Arceus-*|
|poke|p1|Calyrex-Shadow|
|poke|p1|Arceus-*|
|poke|p2|Deoxys-Speed|
|poke|p2|Rayquaza|
|poke|p2|Groudon|
|poke|p2|Yveltal|
|poke|p2|Ditto|
|poke|p2|Calyrex-Shadow|
|teampreview
|
|t:|1663630333
|start
|switch|p1a: Deoxys|Deoxys-Attack|100/100
|switch|p2a: Deoxys|Deoxys-Speed|100/100
|-ability|p2a: Deoxys|Pressure
|-ability|p1a: Deoxys|Pressure
|turn|1
|inactive|Battle timer is ON: inactive players will automatically lose when time's up. (requested by Matsui_Miyako)
|c|☆Matsui_Miyako|welps
|
|t:|1663630339
|move|p2a: Deoxys|Stealth Rock|p1a: Deoxys
|-sidestart|p1: Matsui_Miyako|move: Stealth Rock
|move|p1a: Deoxys|Knock Off|p2a: Deoxys
|-supereffective|p2a: Deoxys
|-enditem|p2a: Deoxys|Focus Sash
|-damage|p2a: Deoxys|1/100
|
|upkeep
|turn|2
|
|t:|1663630344
|move|p1a: Deoxys|Extreme Speed|p2a: Deoxys
|-damage|p2a: Deoxys|0 fnt
|faint|p2a: Deoxys
|
|upkeep
|
|t:|1663630347
|switch|p2a: Rayquaza|Rayquaza|100/100
|-ability|p2a: Rayquaza|Air Lock
|turn|3
|c|☆Matsui_Miyako|wells
|
|t:|1663630351
|detailschange|p2a: Rayquaza|Rayquaza-Mega
|-mega|p2a: Rayquaza|Rayquaza|
|-weather|DeltaStream|[from] ability: Delta Stream|[of] p2a: Rayquaza
|move|p2a: Rayquaza|Extreme Speed|p1a: Deoxys
|-enditem|p1a: Deoxys|Focus Sash
|-damage|p1a: Deoxys|1/100
|-damage|p2a: Rayquaza|91/100|[from] item: Life Orb
|move|p1a: Deoxys|Stealth Rock|p2a: Rayquaza
|-sidestart|p2: Pikaslayer2001|move: Stealth Rock
|
|-weather|DeltaStream|[upkeep]
|upkeep
|turn|4
|
|t:|1663630356
|move|p1a: Deoxys|Extreme Speed|p2a: Rayquaza
|-damage|p2a: Rayquaza|58/100
|move|p2a: Rayquaza|Dragon Dance|p2a: Rayquaza
|-boost|p2a: Rayquaza|atk|1
|-boost|p2a: Rayquaza|spe|1
|
|-weather|DeltaStream|[upkeep]
|upkeep
|turn|5
|
|t:|1663630360
|move|p2a: Rayquaza|Extreme Speed|p1a: Deoxys
|-crit|p1a: Deoxys
|-damage|p1a: Deoxys|0 fnt
|faint|p1a: Deoxys
|-damage|p2a: Rayquaza|48/100|[from] item: Life Orb
|
|-weather|DeltaStream|[upkeep]
|upkeep
|
|t:|1663630371
|switch|p1a: Cavaleiro Fantasma|Calyrex-Shadow|100/100
|-ability|p1a: Cavaleiro Fantasma|As One
|-ability|p1a: Cavaleiro Fantasma|Unnerve
|-damage|p1a: Cavaleiro Fantasma|88/100|[from] Stealth Rock
|turn|6
|
|t:|1663630375
|move|p1a: Cavaleiro Fantasma|Astral Barrage|p2a: Rayquaza
|-damage|p2a: Rayquaza|0 fnt
|faint|p2a: Rayquaza
|-weather|none
|-ability|p1a: Cavaleiro Fantasma|Grim Neigh|boost
|-boost|p1a: Cavaleiro Fantasma|spa|1
|
|upkeep
|
|t:|1663630376
|switch|p2a: Yveltal|Yveltal|100/100
|-damage|p2a: Yveltal|76/100|[from] Stealth Rock
|-ability|p2a: Yveltal|Dark Aura
|turn|7
|
|t:|1663630379
|move|p1a: Cavaleiro Fantasma|Astral Barrage|p2a: Yveltal
|-resisted|p2a: Yveltal
|-damage|p2a: Yveltal|17/100
|move|p2a: Yveltal|Oblivion Wing|p1a: Cavaleiro Fantasma
|-damage|p1a: Cavaleiro Fantasma|22/100
|-heal|p2a: Yveltal|60/100|[from] drain|[of] p1a: Cavaleiro Fantasma
|-damage|p2a: Yveltal|50/100|[from] item: Life Orb
|
|upkeep
|turn|8
|
|t:|1663630386
|move|p2a: Yveltal|Sucker Punch|p1a: Cavaleiro Fantasma
|-supereffective|p1a: Cavaleiro Fantasma
|-damage|p1a: Cavaleiro Fantasma|0 fnt
|faint|p1a: Cavaleiro Fantasma
|-damage|p2a: Yveltal|40/100|[from] item: Life Orb
|
|upkeep
|
|t:|1663630391
|switch|p1a: Titã|Arceus-Ground|100/100
|-damage|p1a: Titã|94/100|[from] Stealth Rock
|turn|9
|
|t:|1663630394
|move|p1a: Titã|Ice Beam|p2a: Yveltal
|-supereffective|p2a: Yveltal
|-damage|p2a: Yveltal|0 fnt
|faint|p2a: Yveltal
|
|upkeep
|
|t:|1663630400
|switch|p2a: Groudon|Groudon, shiny|100/100
|-damage|p2a: Groudon|94/100|[from] Stealth Rock
|detailschange|p2a: Groudon|Groudon-Primal, shiny
|-primal|p2a: Groudon
|-weather|DesolateLand|[from] ability: Desolate Land|[of] p2a: Groudon
|turn|10
|
|t:|1663630403
|-zpower|p1a: Titã
|move|p1a: Titã|Tectonic Rage|p2a: Groudon|[zeffect]
|-supereffective|p2a: Groudon
|-damage|p2a: Groudon|0 fnt
|faint|p2a: Groudon
|-weather|none
|
|upkeep
|
|t:|1663630405
|switch|p2a: Calyrex|Calyrex-Shadow|100/100
|-ability|p2a: Calyrex|As One
|-ability|p2a: Calyrex|Unnerve
|-damage|p2a: Calyrex|88/100|[from] Stealth Rock
|turn|11
|
|t:|1663630407
|move|p2a: Calyrex|Nasty Plot|p2a: Calyrex
|-boost|p2a: Calyrex|spa|2
|move|p1a: Titã|Earth Power|p2a: Calyrex
|-damage|p2a: Calyrex|37/100
|-unboost|p2a: Calyrex|spd|1
|
|upkeep
|turn|12
|
|t:|1663630409
|-start|p2a: Calyrex|Dynamax|
|-heal|p2a: Calyrex|37/100|[silent]
|move|p2a: Calyrex|Max Mindstorm|p1a: Titã
|-damage|p1a: Titã|0 fnt
|-fieldstart|move: Psychic Terrain
|faint|p1a: Titã
|-ability|p2a: Calyrex|Grim Neigh|boost
|-boost|p2a: Calyrex|spa|1
|
|upkeep
|c|☆Matsui_Miyako|nicely played
|
|t:|1663630423
|switch|p1a: Pássaro das Trevas|Yveltal|100/100
|-damage|p1a: Pássaro das Trevas|76/100|[from] Stealth Rock
|-ability|p1a: Pássaro das Trevas|Dark Aura
|turn|13
|
|t:|1663630427
|-start|p1a: Pássaro das Trevas|Dynamax|
|-heal|p1a: Pássaro das Trevas|76/100|[silent]
|move|p2a: Calyrex|Max Starfall|p1a: Pássaro das Trevas
|-supereffective|p1a: Pássaro das Trevas
|-damage|p1a: Pássaro das Trevas|0 fnt
|-fieldstart|move: Misty Terrain
|faint|p1a: Pássaro das Trevas
|-ability|p2a: Calyrex|Grim Neigh|boost
|-boost|p2a: Calyrex|spa|1
|
|upkeep
|
|t:|1663630433
|switch|p1a: Sombra|Marshadow|100/100
|-damage|p1a: Sombra|94/100|[from] Stealth Rock
|turn|14
|c|☆Matsui_Miyako|ha
|-message|Pikaslayer2001 forfeited.
|
|win|Matsui_Miyako
|raw|Matsui_Miyako's rating: 1756 &rarr; <strong>1779</strong><br />(+23 for winning)
|raw|Pikaslayer2001's rating: 1808 &rarr; <strong>1785</strong><br />(-23 for losing)
|l|☆Pikaslayer2001
|c|☆Matsui_Miyako|LOL
||Ladder isn't responding, score probably updated but might not have (Request timeout).
