|j|☆kerrozxl-
|j|☆85792195wwww
|t:|1665196080
|gametype|singles
|player|p1|kerrozxl-|marley|1828
|player|p2|85792195wwww|266|1867
|teamsize|p1|6
|teamsize|p2|6
|gen|8
|tier|[Gen 8] National Dex AG
|rated|
|rule|HP Percentage Mod: HP is shown in percentages
|rule|Endless Battle Clause: Forcing endless battles is banned
|clearpoke
|poke|p1|Rayquaza|
|poke|p1|Xerneas-*|
|poke|p1|Necrozma-Dusk-Mane|
|poke|p1|Marshadow|
|poke|p1|Yveltal|
|poke|p1|Groudon|
|poke|p2|Kyogre|
|poke|p2|Zacian-*|
|poke|p2|Rayquaza|
|poke|p2|Marshadow|
|poke|p2|Ditto|
|poke|p2|Arceus-*|
|teampreview
|
|t:|1665196093
|start
|switch|p1a: Rayquaza|Rayquaza, shiny|100/100
|switch|p2a: Marshadow|Marshadow|100/100
|-ability|p1a: Rayquaza|Air Lock
|turn|1
|
|t:|1665196100
|switch|p1a: Groudon|Groudon|100/100
|detailschange|p1a: Groudon|Groudon-Primal
|-primal|p1a: Groudon
|-weather|DesolateLand|[from] ability: Desolate Land|[of] p1a: Groudon
|move|p2a: Marshadow|Poltergeist|p1a: Groudon
|-activate|p1a: Groudon|move: Poltergeist|Red Orb
|-damage|p1a: Groudon|62/100
|-damage|p2a: Marshadow|91/100|[from] item: Life Orb
|
|-weather|DesolateLand|[upkeep]
|upkeep
|turn|2
|
|t:|1665196111
|move|p2a: Marshadow|Close Combat|p1a: Groudon
|-damage|p1a: Groudon|18/100
|-unboost|p2a: Marshadow|def|1
|-unboost|p2a: Marshadow|spd|1
|-damage|p2a: Marshadow|81/100|[from] item: Life Orb
|move|p1a: Groudon|Stealth Rock|p2a: Marshadow
|-sidestart|p2: 85792195wwww|move: Stealth Rock
|
|-weather|DesolateLand|[upkeep]
|upkeep
|turn|3
|
|t:|1665196121
|move|p2a: Marshadow|Shadow Sneak|p1a: Groudon
|-damage|p1a: Groudon|0 fnt
|faint|p1a: Groudon
|-weather|none
|-damage|p2a: Marshadow|71/100|[from] item: Life Orb
|
|upkeep
|
|t:|1665196126
|switch|p1a: Marshadow|Marshadow|100/100
|turn|4
|
|t:|1665196129
|move|p2a: Marshadow|Shadow Sneak|p1a: Marshadow
|-supereffective|p1a: Marshadow
|-damage|p1a: Marshadow|7/100
|-damage|p2a: Marshadow|61/100|[from] item: Life Orb
|move|p1a: Marshadow|Shadow Sneak|p2a: Marshadow
|-supereffective|p2a: Marshadow
|-damage|p2a: Marshadow|0 fnt
|faint|p2a: Marshadow
|
|upkeep
|
|t:|1665196143
|switch|p2a: Arceus|Arceus-Electric|100/100
|-damage|p2a: Arceus|88/100|[from] Stealth Rock
|turn|5
|
|t:|1665196147
|move|p1a: Marshadow|Rock Tomb|p2a: Arceus
|-damage|p2a: Arceus|64/100
|-unboost|p2a: Arceus|spe|1
|move|p2a: Arceus|Stealth Rock|p1a: Marshadow
|-sidestart|p1: kerrozxl-|move: Stealth Rock
|
|upkeep
|turn|6
|
|t:|1665196168
|switch|p2a: Rayquaza|Rayquaza|100/100
|-damage|p2a: Rayquaza|76/100|[from] Stealth Rock
|-ability|p2a: Rayquaza|Air Lock
|move|p1a: Marshadow|Close Combat|p2a: Rayquaza
|-resisted|p2a: Rayquaza
|-damage|p2a: Rayquaza|44/100
|-unboost|p1a: Marshadow|def|1
|-unboost|p1a: Marshadow|spd|1
|
|upkeep
|turn|7
|
|t:|1665196180
|detailschange|p2a: Rayquaza|Rayquaza-Mega
|-mega|p2a: Rayquaza|Rayquaza|
|-weather|DeltaStream|[from] ability: Delta Stream|[of] p2a: Rayquaza
|move|p1a: Marshadow|Spectral Thief|p2a: Rayquaza
|-damage|p2a: Rayquaza|0 fnt
|faint|p2a: Rayquaza
|-weather|none
|
|upkeep
|
|t:|1665196190
|switch|p2a: Zacian|Zacian-Crowned|100/100
|-damage|p2a: Zacian|94/100|[from] Stealth Rock
|-ability|p2a: Zacian|Intrepid Sword|boost
|-boost|p2a: Zacian|atk|1
|turn|8
|
|t:|1665196196
|move|p1a: Marshadow|Shadow Sneak|p2a: Zacian
|-damage|p2a: Zacian|64/100
|move|p2a: Zacian|Behemoth Blade|p1a: Marshadow
|-crit|p1a: Marshadow
|-damage|p1a: Marshadow|0 fnt
|faint|p1a: Marshadow
|
|upkeep
|
|t:|1665196199
|switch|p1a: Necrozma|Necrozma-Dusk-Mane|100/100
|-damage|p1a: Necrozma|95/100|[from] Stealth Rock
|turn|9
|
|t:|1665196208
|move|p2a: Zacian|Close Combat|p1a: Necrozma
|-damage|p1a: Necrozma|23/100
|-unboost|p2a: Zacian|def|1
|-unboost|p2a: Zacian|spd|1
|move|p1a: Necrozma|Dragon Dance|p1a: Necrozma
|-boost|p1a: Necrozma|atk|1
|-boost|p1a: Necrozma|spe|1
|
|upkeep
|turn|10
|
|t:|1665196216
|detailschange|p1a: Necrozma|Necrozma-Ultra
|-burst|p1a: Necrozma|Necrozma|Ultranecrozium Z
|move|p1a: Necrozma|Earthquake|p2a: Zacian
|-supereffective|p2a: Zacian
|-damage|p2a: Zacian|0 fnt
|faint|p2a: Zacian
|
|upkeep
|
|t:|1665196224
|switch|p2a: Ditto|Ditto|100/100
|-damage|p2a: Ditto|88/100|[from] Stealth Rock
|-transform|p2a: Ditto|p1a: Necrozma|[from] ability: Imposter
|turn|11
|
|t:|1665196232
|move|p2a: Ditto|Stone Edge|p1a: Necrozma
|-damage|p1a: Necrozma|0 fnt
|faint|p1a: Necrozma
|
|upkeep
|
|t:|1665196234
|switch|p1a: Yveltal|Yveltal|100/100
|-ability|p1a: Yveltal|Dark Aura
|turn|12
|
|t:|1665196241
|move|p1a: Yveltal|Sucker Punch|p2a: Ditto
|-supereffective|p2a: Ditto
|-damage|p2a: Ditto|2/100
|move|p2a: Ditto|Stone Edge|p1a: Yveltal
|-supereffective|p1a: Yveltal
|-damage|p1a: Yveltal|0 fnt
|faint|p1a: Yveltal
|
|upkeep
|
|t:|1665196247
|switch|p1a: Xerneas|Xerneas|100/100
|-damage|p1a: Xerneas|88/100|[from] Stealth Rock
|-ability|p1a: Xerneas|Fairy Aura
|turn|13
|
|t:|1665196254
|-start|p1a: Xerneas|Dynamax|
|-heal|p1a: Xerneas|88/100|[silent]
|move|p2a: Ditto|Stone Edge|p1a: Xerneas
|-damage|p1a: Xerneas|59/100
|move|p1a: Xerneas|Max Starfall|p2a: Ditto
|-supereffective|p2a: Ditto
|-damage|p2a: Ditto|0 fnt
|-fieldstart|move: Misty Terrain
|faint|p2a: Ditto
|
|upkeep
|
|t:|1665196267
|switch|p2a: Kyogre|Kyogre|100/100
|-damage|p2a: Kyogre|88/100|[from] Stealth Rock
|detailschange|p2a: Kyogre|Kyogre-Primal
|-primal|p2a: Kyogre
|-weather|PrimordialSea|[from] ability: Primordial Sea|[of] p2a: Kyogre
|turn|14
|
|t:|1665196274
|move|p1a: Xerneas|Max Starfall|p2a: Kyogre
|-damage|p2a: Kyogre|30/100
|move|p2a: Kyogre|Scald|p1a: Xerneas
|-damage|p1a: Xerneas|28/100
|
|-weather|PrimordialSea|[upkeep]
|upkeep
|turn|15
|
|t:|1665196282
|move|p1a: Xerneas|Max Starfall|p2a: Kyogre
|-damage|p2a: Kyogre|0 fnt
|faint|p2a: Kyogre
|-weather|none
|
|upkeep
|
|t:|1665196287
|switch|p2a: Arceus|Arceus-Electric|64/100
|-damage|p2a: Arceus|52/100|[from] Stealth Rock
|-end|p1a: Xerneas|Dynamax
|-heal|p1a: Xerneas|28/100|[silent]
|turn|16
|
|t:|1665196294
|-start|p2a: Arceus|Dynamax|
|-heal|p2a: Arceus|52/100|[silent]
|move|p2a: Arceus|Max Lightning|p1a: Xerneas
|-damage|p1a: Xerneas|0 fnt
|-fieldstart|move: Electric Terrain
|faint|p1a: Xerneas
|
|upkeep
|
|t:|1665196297
|switch|p1a: Rayquaza|Rayquaza, shiny|100/100
|-damage|p1a: Rayquaza|76/100|[from] Stealth Rock
|-ability|p1a: Rayquaza|Air Lock
|turn|17
|
|t:|1665196309
|detailschange|p1a: Rayquaza|Rayquaza-Mega, shiny
|-mega|p1a: Rayquaza|Rayquaza|
|-weather|DeltaStream|[from] ability: Delta Stream|[of] p1a: Rayquaza
|move|p2a: Arceus|Max Hailstorm|p1a: Rayquaza
|-activate||deltastream
|-supereffective|p1a: Rayquaza
|-crit|p1a: Rayquaza
|-damage|p1a: Rayquaza|0 fnt
|-weather|Hail
|faint|p1a: Rayquaza
|
|win|85792195wwww
|raw|kerrozxl-'s rating: 1828 &rarr; <strong>1810</strong><br />(-18 for losing)
|raw|85792195wwww's rating: 1867 &rarr; <strong>1885</strong><br />(+18 for winning)
|l|☆kerrozxl-
