|j|☆Master kushagra
|j|☆S.J.I.A.N.
|t:|1648042576
|gametype|singles
|player|p1|Master kushagra|leon-tower|
|player|p2|S.J.I.A.N.|ash-kalos|
|teamsize|p1|6
|teamsize|p2|6
|gen|8
|tier|[Gen 8] National Dex AG
|rule|HP Percentage Mod: HP is shown in percentages
|rule|Endless Battle Clause: Forcing endless battles is banned
|clearpoke
|poke|p1|Cinderace, M|
|poke|p1|Blaziken, F|
|poke|p1|Torkoal, F|
|poke|p1|Charizard, M|
|poke|p1|Volcarona, M|
|poke|p1|Incineroar, M|
|poke|p2|Dracovish|
|poke|p2|Pheromosa|
|poke|p2|Naganadel|
|poke|p2|Smeargle, F|
|poke|p2|Xurkitree|
|poke|p2|Ditto|
|teampreview
|inactive|Battle timer is ON: inactive players will automatically lose when time's up. (requested by S.J.I.A.N.)
|
|t:|1648042583
|start
|switch|p1a: Torkoal|Torkoal, F|100/100
|switch|p2a: Smeargle|Smeargle, F|100/100
|-weather|SunnyDay|[from] ability: Drought|[of] p1a: Torkoal
|turn|1
|
|t:|1648042591
|move|p2a: Smeargle|Spore|p1a: Torkoal
|-activate|p1a: Torkoal|item: Safety Goggles|Spore
|move|p1a: Torkoal|Earthquake|p2a: Smeargle
|-damage|p2a: Smeargle|54/100
|
|-weather|SunnyDay|[upkeep]
|-ability|p2a: Smeargle|Moody|boost
|-boost|p2a: Smeargle|def|2
|-unboost|p2a: Smeargle|spa|1
|upkeep
|turn|2
|c|☆S.J.I.A.N.|ou
|c|☆S.J.I.A.N.|nice
|
|t:|1648042602
|move|p2a: Smeargle|Shell Smash|p2a: Smeargle
|-unboost|p2a: Smeargle|def|1
|-unboost|p2a: Smeargle|spd|1
|-boost|p2a: Smeargle|atk|2
|-boost|p2a: Smeargle|spa|2
|-boost|p2a: Smeargle|spe|2
|move|p1a: Torkoal|Fire Blast|p2a: Smeargle
|-damage|p2a: Smeargle|0 fnt
|faint|p2a: Smeargle
|
|-weather|SunnyDay|[upkeep]
|upkeep
|c|☆Master kushagra|nice
|c|☆S.J.I.A.N.|damn
|
|t:|1648042623
|switch|p2a: Naganadel|Naganadel|100/100
|turn|3
|inactive|S.J.I.A.N. has 270 seconds left.
|
|t:|1648042639
|move|p2a: Naganadel|Sludge Wave|p1a: Torkoal
|-damage|p1a: Torkoal|46/100
|move|p1a: Torkoal|Fire Blast|p2a: Naganadel
|-resisted|p2a: Naganadel
|-damage|p2a: Naganadel|62/100
|
|-weather|SunnyDay|[upkeep]
|upkeep
|turn|4
|
|t:|1648042648
|move|p2a: Naganadel|Sludge Wave|p1a: Torkoal
|-damage|p1a: Torkoal|0 fnt
|faint|p1a: Torkoal
|-ability|p2a: Naganadel|Beast Boost|boost
|-boost|p2a: Naganadel|spe|1
|
|-weather|SunnyDay|[upkeep]
|upkeep
|
|t:|1648042654
|switch|p1a: Blaziken|Blaziken, F|100/100
|turn|5
|c|☆S.J.I.A.N.|damn
|
|t:|1648042663
|move|p1a: Blaziken|Detect|p1a: Blaziken
|-singleturn|p1a: Blaziken|Protect
|move|p2a: Naganadel|Draco Meteor|p1a: Blaziken
|-activate|p1a: Blaziken|move: Protect
|
|-weather|none
|-ability|p1a: Blaziken|Speed Boost|boost
|-boost|p1a: Blaziken|spe|1
|upkeep
|turn|6
|
|t:|1648042673
|detailschange|p1a: Blaziken|Blaziken-Mega, F
|-mega|p1a: Blaziken|Blaziken|Blazikenite
|-zpower|p2a: Naganadel
|move|p2a: Naganadel|Devastating Drake|p1a: Blaziken|[zeffect]
|-damage|p1a: Blaziken|0 fnt
|faint|p1a: Blaziken
|-ability|p2a: Naganadel|Beast Boost|boost
|-boost|p2a: Naganadel|spe|1
|
|upkeep
|c|☆S.J.I.A.N.|yeap
|c|☆S.J.I.A.N.|nice
|
|t:|1648042691
|switch|p1a: Cinderace|Cinderace, M|100/100
|turn|7
|
|t:|1648042697
|-start|p1a: Cinderace|Dynamax
|-formechange|p1a: Cinderace|Cinderace-Gmax
|-heal|p1a: Cinderace|100/100|[silent]
|move|p2a: Naganadel|Draco Meteor|p1a: Cinderace
|-damage|p1a: Cinderace|51/100
|-unboost|p2a: Naganadel|spa|2
|move|p1a: Cinderace|G-Max Fireball|p2a: Naganadel
|-resisted|p2a: Naganadel
|-damage|p2a: Naganadel|0 fnt
|faint|p2a: Naganadel
|
|upkeep
|
|t:|1648042723
|switch|p2a: Pheromosa|Pheromosa|100/100
|turn|8
|inactive|S.J.I.A.N. has 270 seconds left.
|
|t:|1648042747
|move|p2a: Pheromosa|Drill Run|p1a: Cinderace
|-supereffective|p1a: Cinderace
|-damage|p1a: Cinderace|0 fnt
|faint|p1a: Cinderace
|-ability|p2a: Pheromosa|Beast Boost|boost
|-boost|p2a: Pheromosa|spe|1
|
|upkeep
|
|t:|1648042755
|switch|p1a: Incineroar|Incineroar, M|100/100
|-ability|p1a: Incineroar|Intimidate|boost
|-unboost|p2a: Pheromosa|atk|1
|turn|9
|c|☆S.J.I.A.N.|nice
|
|t:|1648042764
|move|p2a: Pheromosa|Drill Run|p1a: Incineroar
|-supereffective|p1a: Incineroar
|-damage|p1a: Incineroar|49/100
|move|p1a: Incineroar|Darkest Lariat|p2a: Pheromosa
|-resisted|p2a: Pheromosa
|-damage|p2a: Pheromosa|31/100
|
|upkeep
|turn|10
|
|t:|1648042772
|switch|p1a: Charizard|Charizard, M, shiny|100/100
|move|p2a: Pheromosa|Drill Run|p1a: Charizard
|-immune|p1a: Charizard
|
|upkeep
|turn|11
|
|t:|1648042782
|move|p2a: Pheromosa|Foul Play|p1a: Charizard
|-damage|p1a: Charizard|77/100
|move|p1a: Charizard|Ancient Power|p2a: Pheromosa
|-damage|p2a: Pheromosa|0 fnt
|-boost|p1a: Charizard|atk|1
|-boost|p1a: Charizard|def|1
|-boost|p1a: Charizard|spa|1
|-boost|p1a: Charizard|spd|1
|-boost|p1a: Charizard|spe|1
|faint|p2a: Pheromosa
|
|upkeep
|c|☆S.J.I.A.N.|the match is mine
|c|☆Master kushagra|ooooooooooooooooooooooooooooooooooooooooooooooooooooooooooooooooooooooooooooooooooooooooooooooo
|
|t:|1648042797
|switch|p2a: Ditto|Ditto|100/100
|-transform|p2a: Ditto|p1a: Charizard|[from] ability: Imposter
|turn|12
|
|t:|1648042806
|move|p2a: Ditto|Ancient Power|p1a: Charizard
|-supereffective|p1a: Charizard
|-damage|p1a: Charizard|0 fnt
|faint|p1a: Charizard
|
|upkeep
|
|t:|1648042811
|switch|p1a: Incineroar|Incineroar, M|49/100
|-ability|p1a: Incineroar|Intimidate|boost
|-unboost|p2a: Ditto|atk|1
|turn|13
|c|☆Master kushagra|gg
|c|☆S.J.I.A.N.|gg
|
|t:|1648042822
|-start|p2a: Ditto|Dynamax
|-heal|p2a: Ditto|100/100|[silent]
|move|p2a: Ditto|Max Rockfall|p1a: Incineroar
|-supereffective|p1a: Incineroar
|-damage|p1a: Incineroar|0 fnt
|-weather|Sandstorm
|faint|p1a: Incineroar
|
|-weather|Sandstorm|[upkeep]
|-damage|p2a: Ditto|97/100|[from] Sandstorm
|upkeep
|
|t:|1648042826
|switch|p1a: Volcarona|Volcarona, M|100/100
|turn|14
|
|t:|1648042829
|move|p2a: Ditto|Max Rockfall|p1a: Volcarona
|-supereffective|p1a: Volcarona
|-damage|p1a: Volcarona|0 fnt
|faint|p1a: Volcarona
|
|win|S.J.I.A.N.
|l|☆S.J.I.A.N.
|c|☆Master kushagra|phsycic
|c|☆Master kushagra|gym
|j|☆S.J.I.A.N.
|player|p2|S.J.I.A.N.|ash-kalos
