|j|☆CaioXG002
|j|☆starkorea74
|t:|1632583822
|gametype|singles
|player|p1|CaioXG002|lucas|1606
|player|p2|starkorea74|265|1737
|teamsize|p1|6
|teamsize|p2|6
|gen|8
|tier|[Gen 8] National Dex AG
|rated|
|rule|HP Percentage Mod: HP is shown in percentages
|rule|Endless Battle Clause: Forcing endless battles is banned
|clearpoke
|poke|p1|Necrozma-Dusk-Mane|
|poke|p1|Rayquaza|
|poke|p1|Arceus-*|
|poke|p1|Kyogre|
|poke|p1|Arceus-*|
|poke|p1|Calyrex-Shadow|
|poke|p2|Groudon|
|poke|p2|Rayquaza|
|poke|p2|Arceus-*|
|poke|p2|Ho-Oh|
|poke|p2|Necrozma-Dusk-Mane|
|poke|p2|Yveltal|
|teampreview
|inactive|Battle timer is ON: inactive players will automatically lose when time's up. (requested by CaioXG002)
|j| Erigos
|inactive|starkorea74 has 120 seconds left.
|inactive|starkorea74 has 90 seconds left.
|
|t:|1632583889
|start
|switch|p1a: Kyogre|Kyogre, shiny|100/100
|switch|p2a: Rayquaza|Rayquaza|100/100
|-ability|p2a: Rayquaza|Air Lock
|detailschange|p1a: Kyogre|Kyogre-Primal, shiny
|-primal|p1a: Kyogre
|-weather|PrimordialSea|[from] ability: Primordial Sea|[of] p1a: Kyogre
|turn|1
|
|t:|1632583901
|detailschange|p2a: Rayquaza|Rayquaza-Mega
|-mega|p2a: Rayquaza|Rayquaza|
|-weather|DeltaStream|[from] ability: Delta Stream|[of] p2a: Rayquaza
|move|p2a: Rayquaza|Dragon Ascent|p1a: Kyogre
|-damage|p1a: Kyogre|0 fnt
|-unboost|p2a: Rayquaza|def|1
|-unboost|p2a: Rayquaza|spd|1
|faint|p1a: Kyogre
|
|-weather|DeltaStream|[upkeep]
|upkeep
|
|t:|1632583910
|switch|p1a: Necrozma|Necrozma-Dusk-Mane|100/100
|turn|2
|
|t:|1632583913
|-weather|none
|switch|p2a: Groudon|Groudon|100/100
|detailschange|p2a: Groudon|Groudon-Primal
|-primal|p2a: Groudon
|-weather|DesolateLand|[from] ability: Desolate Land|[of] p2a: Groudon
|move|p1a: Necrozma|Stealth Rock|p2a: Groudon
|-sidestart|p2: starkorea74|move: Stealth Rock
|
|-weather|DesolateLand|[upkeep]
|upkeep
|turn|3
|
|t:|1632583924
|switch|p1a: Rayquaza|Rayquaza|100/100
|-ability|p1a: Rayquaza|Air Lock
|move|p2a: Groudon|Overheat|p1a: Rayquaza
|-resisted|p1a: Rayquaza
|-damage|p1a: Rayquaza|65/100
|-unboost|p2a: Groudon|spa|2
|
|-weather|DesolateLand|[upkeep]
|upkeep
|turn|4
|
|t:|1632583932
|-weather|none
|switch|p2a: Necrozma|Necrozma-Dusk-Mane|100/100
|-damage|p2a: Necrozma|94/100|[from] Stealth Rock
|detailschange|p1a: Rayquaza|Rayquaza-Mega
|-mega|p1a: Rayquaza|Rayquaza|
|-weather|DeltaStream|[from] ability: Delta Stream|[of] p1a: Rayquaza
|move|p1a: Rayquaza|Dragon Dance|p1a: Rayquaza
|-boost|p1a: Rayquaza|atk|1
|-boost|p1a: Rayquaza|spe|1
|
|-weather|DeltaStream|[upkeep]
|-heal|p2a: Necrozma|100/100|[from] item: Leftovers
|upkeep
|turn|5
|
|t:|1632583944
|move|p1a: Rayquaza|Overheat|p2a: Necrozma
|-supereffective|p2a: Necrozma
|-damage|p2a: Necrozma|49/100
|-unboost|p1a: Rayquaza|spa|2
|move|p2a: Necrozma|Sunsteel Strike|p1a: Rayquaza
|-damage|p1a: Rayquaza|13/100
|
|-weather|DeltaStream|[upkeep]
|-heal|p2a: Necrozma|55/100|[from] item: Leftovers
|upkeep
|turn|6
|
|t:|1632583957
|switch|p2a: Ho-Oh|Ho-Oh|100/100
|move|p1a: Rayquaza|Outrage|p2a: Ho-Oh
|-damage|p2a: Ho-Oh|24/100
|
|-weather|DeltaStream|[upkeep]
|upkeep
|turn|7
|
|t:|1632583965
|switch|p2a: Necrozma|Necrozma-Dusk-Mane|55/100
|-damage|p2a: Necrozma|49/100|[from] Stealth Rock
|move|p1a: Rayquaza|Outrage|p2a: Necrozma|[from]lockedmove
|-resisted|p2a: Necrozma
|-damage|p2a: Necrozma|16/100
|
|-weather|DeltaStream|[upkeep]
|-heal|p2a: Necrozma|22/100|[from] item: Leftovers
|upkeep
|turn|8
|
|t:|1632583985
|move|p1a: Rayquaza|Outrage|p2a: Necrozma|[from]lockedmove
|-resisted|p2a: Necrozma
|-crit|p2a: Necrozma
|-damage|p2a: Necrozma|0 fnt
|faint|p2a: Necrozma
|-start|p1a: Rayquaza|confusion|[fatigue]
|
|-weather|DeltaStream|[upkeep]
|upkeep
|
|t:|1632583993
|switch|p2a: Rayquaza|Rayquaza-Mega|100/100
|-damage|p2a: Rayquaza|76/100|[from] Stealth Rock
|turn|9
|
|t:|1632583999
|switch|p1a: Necrozma|Necrozma-Dusk-Mane|100/100
|move|p2a: Rayquaza|Extreme Speed|p1a: Necrozma
|-resisted|p1a: Necrozma
|-damage|p1a: Necrozma|87/100
|-damage|p2a: Rayquaza|59/100|[from] item: Rocky Helmet|[of] p1a: Necrozma
|
|-weather|DeltaStream|[upkeep]
|upkeep
|turn|10
|
|t:|1632584007
|-weather|none
|switch|p2a: Groudon|Groudon-Primal|100/100
|-damage|p2a: Groudon|88/100|[from] Stealth Rock
|-weather|DesolateLand|[from] ability: Desolate Land|[of] p2a: Groudon
|move|p1a: Necrozma|Sunsteel Strike|p2a: Groudon
|-resisted|p2a: Groudon
|-damage|p2a: Groudon|75/100
|
|-weather|DesolateLand|[upkeep]
|upkeep
|turn|11
|
|t:|1632584018
|switch|p1a: Rayquaza|Rayquaza-Mega|13/100
|-weather|DeltaStream|[from] ability: Delta Stream|[of] p1a: Rayquaza
|move|p2a: Groudon|Overheat|p1a: Rayquaza
|-resisted|p1a: Rayquaza
|-damage|p1a: Rayquaza|0 fnt
|-unboost|p2a: Groudon|spa|2
|faint|p1a: Rayquaza
|-weather|none
|
|upkeep
|
|t:|1632584024
|switch|p1a: Normal Arceus|Arceus|100/100
|turn|12
|
|t:|1632584029
|move|p1a: Normal Arceus|Swords Dance|p1a: Normal Arceus
|-boost|p1a: Normal Arceus|atk|2
|move|p2a: Groudon|Roar|p1a: Normal Arceus
|drag|p1a: Calyrex|Calyrex-Shadow|100/100
|-ability|p1a: Calyrex|As One
|-ability|p1a: Calyrex|Unnerve
|
|upkeep
|turn|13
|
|t:|1632584038
|switch|p2a: Arceus|Arceus-Dark|100/100
|-damage|p2a: Arceus|88/100|[from] Stealth Rock
|move|p1a: Calyrex|Astral Barrage|p2a: Arceus
|-resisted|p2a: Arceus
|-damage|p2a: Arceus|70/100
|
|upkeep
|turn|14
|j| BlackTyphoon40
|
|t:|1632584053
|switch|p1a: Dark Arceus|Arceus-Dark|100/100
|move|p2a: Arceus|Calm Mind|p2a: Arceus
|-boost|p2a: Arceus|spa|1
|-boost|p2a: Arceus|spd|1
|
|upkeep
|turn|15
|l| BlackTyphoon40
|
|t:|1632584060
|move|p1a: Dark Arceus|Calm Mind|p1a: Dark Arceus
|-boost|p1a: Dark Arceus|spa|1
|-boost|p1a: Dark Arceus|spd|1
|move|p2a: Arceus|Recover|p2a: Arceus
|-heal|p2a: Arceus|100/100
|
|upkeep
|turn|16
|
|t:|1632584066
|move|p1a: Dark Arceus|Calm Mind|p1a: Dark Arceus
|-boost|p1a: Dark Arceus|spa|1
|-boost|p1a: Dark Arceus|spd|1
|move|p2a: Arceus|Calm Mind|p2a: Arceus
|-boost|p2a: Arceus|spa|1
|-boost|p2a: Arceus|spd|1
|
|upkeep
|turn|17
|
|t:|1632584072
|move|p1a: Dark Arceus|Calm Mind|p1a: Dark Arceus
|-boost|p1a: Dark Arceus|spa|1
|-boost|p1a: Dark Arceus|spd|1
|move|p2a: Arceus|Calm Mind|p2a: Arceus
|-boost|p2a: Arceus|spa|1
|-boost|p2a: Arceus|spd|1
|
|upkeep
|turn|18
|
|t:|1632584078
|move|p1a: Dark Arceus|Calm Mind|p1a: Dark Arceus
|-boost|p1a: Dark Arceus|spa|1
|-boost|p1a: Dark Arceus|spd|1
|move|p2a: Arceus|Calm Mind|p2a: Arceus
|-boost|p2a: Arceus|spa|1
|-boost|p2a: Arceus|spd|1
|
|upkeep
|turn|19
|
|t:|1632584083
|move|p1a: Dark Arceus|Calm Mind|p1a: Dark Arceus
|-boost|p1a: Dark Arceus|spa|1
|-boost|p1a: Dark Arceus|spd|1
|move|p2a: Arceus|Calm Mind|p2a: Arceus
|-boost|p2a: Arceus|spa|1
|-boost|p2a: Arceus|spd|1
|
|upkeep
|turn|20
|
|t:|1632584089
|move|p1a: Dark Arceus|Calm Mind|p1a: Dark Arceus
|-boost|p1a: Dark Arceus|spa|1
|-boost|p1a: Dark Arceus|spd|1
|move|p2a: Arceus|Calm Mind|p2a: Arceus
|-boost|p2a: Arceus|spa|1
|-boost|p2a: Arceus|spd|1
|
|upkeep
|turn|21
|
|t:|1632584095
|-start|p1a: Dark Arceus|Dynamax
|-heal|p1a: Dark Arceus|100/100|[silent]
|move|p1a: Dark Arceus|Max Darkness|p2a: Arceus
|-resisted|p2a: Arceus
|-damage|p2a: Arceus|84/100
|-unboost|p2a: Arceus|spd|1
|move|p2a: Arceus|Judgment|p1a: Dark Arceus
|-resisted|p1a: Dark Arceus
|-damage|p1a: Dark Arceus|93/100
|
|upkeep
|turn|22
|
|t:|1632584106
|move|p1a: Dark Arceus|Max Darkness|p2a: Arceus
|-resisted|p2a: Arceus
|-damage|p2a: Arceus|67/100
|-unboost|p2a: Arceus|spd|1
|move|p2a: Arceus|Calm Mind|p2a: Arceus
|-boost|p2a: Arceus|spa|0
|-boost|p2a: Arceus|spd|1
|
|upkeep
|turn|23
|
|t:|1632584114
|move|p1a: Dark Arceus|Max Darkness|p2a: Arceus
|-resisted|p2a: Arceus
|-damage|p2a: Arceus|49/100
|-unboost|p2a: Arceus|spd|1
|move|p2a: Arceus|Calm Mind|p2a: Arceus
|-boost|p2a: Arceus|spa|0
|-boost|p2a: Arceus|spd|1
|
|-end|p1a: Dark Arceus|Dynamax
|-heal|p1a: Dark Arceus|93/100|[silent]
|upkeep
|turn|24
|
|t:|1632584124
|move|p1a: Dark Arceus|Judgment|p2a: Arceus
|-resisted|p2a: Arceus
|-damage|p2a: Arceus|35/100
|move|p2a: Arceus|Recover|p2a: Arceus
|-heal|p2a: Arceus|85/100
|
|upkeep
|turn|25
|
|t:|1632584130
|move|p1a: Dark Arceus|Judgment|p2a: Arceus
|-resisted|p2a: Arceus
|-damage|p2a: Arceus|72/100
|move|p2a: Arceus|Judgment|p1a: Dark Arceus
|-resisted|p1a: Dark Arceus
|-damage|p1a: Dark Arceus|78/100
|
|upkeep
|turn|26
|
|t:|1632584136
|move|p1a: Dark Arceus|Judgment|p2a: Arceus
|-resisted|p2a: Arceus
|-crit|p2a: Arceus
|-damage|p2a: Arceus|0 fnt
|faint|p2a: Arceus
|
|upkeep
|
|t:|1632584142
|switch|p2a: Yveltal|Yveltal|100/100
|-damage|p2a: Yveltal|76/100|[from] Stealth Rock
|-ability|p2a: Yveltal|Dark Aura
|turn|27
|c| Erigos|xDDDDDDDDD
|c|☆CaioXG002|Random Crits are fair and balanced.
|-message|starkorea74 forfeited.
|
|win|CaioXG002
|raw|CaioXG002's rating: 1606 &rarr; <strong>1633</strong><br />(+27 for winning)
|raw|starkorea74's rating: 1737 &rarr; <strong>1710</strong><br />(-27 for losing)
|l|☆starkorea74
|l|☆CaioXG002
