|j|☆CycleOnYourMum
|j|☆Obito 2001
|t:|1668232834
|gametype|singles
|player|p1|CycleOnYourMum|cyclist-gen4|1710
|player|p2|Obito 2001|teamrocket|1940
|teamsize|p1|6
|teamsize|p2|6
|gen|8
|tier|[Gen 8] National Dex AG
|rated|
|rule|HP Percentage Mod: HP is shown in percentages
|rule|Endless Battle Clause: Forcing endless battles is banned
|clearpoke
|poke|p1|Igglybuff, F|
|poke|p1|Rayquaza|
|poke|p1|Zacian-*|
|poke|p1|Arceus-*|
|poke|p1|Marshadow|
|poke|p1|Yveltal|
|poke|p2|Blaziken, M|
|poke|p2|Ditto|
|poke|p2|Necrozma-Dusk-Mane|
|poke|p2|Arceus-*|
|poke|p2|Yveltal|
|poke|p2|Arceus-*|
|teampreview
|inactive|Battle timer is ON: inactive players will automatically lose when time's up. (requested by Obito 2001)
|
|t:|1668232844
|start
|switch|p1a: Rayquaza|Rayquaza|100/100
|switch|p2a: Arceus|Arceus-Fairy|100/100
|-ability|p1a: Rayquaza|Air Lock
|turn|1
|
|t:|1668232848
|switch|p1a: Zacian|Zacian-Crowned|100/100
|-ability|p1a: Zacian|Intrepid Sword|boost
|-boost|p1a: Zacian|atk|1
|move|p2a: Arceus|Judgment|p1a: Zacian
|-resisted|p1a: Zacian
|-damage|p1a: Zacian|78/100
|
|upkeep
|turn|2
|
|t:|1668232853
|switch|p1a: Yveltal|Yveltal|100/100
|-ability|p1a: Yveltal|Dark Aura
|switch|p2a: Necrozma|Necrozma-Dusk-Mane|100/100
|
|upkeep
|turn|3
|
|t:|1668232858
|switch|p2a: Arceus|Arceus-Fairy|100/100
|move|p1a: Yveltal|Dark Pulse|p2a: Arceus
|-resisted|p2a: Arceus
|-damage|p2a: Arceus|88/100
|
|upkeep
|turn|4
|
|t:|1668232862
|switch|p1a: Arceus|Arceus-Water|100/100
|move|p2a: Arceus|Stealth Rock|p1a: Arceus
|-sidestart|p1: CycleOnYourMum|move: Stealth Rock
|
|upkeep
|turn|5
|
|t:|1668232866
|move|p1a: Arceus|Toxic|p2a: Arceus|[miss]
|-miss|p1a: Arceus|p2a: Arceus
|move|p2a: Arceus|Toxic|p1a: Arceus
|-status|p1a: Arceus|tox
|
|-damage|p1a: Arceus|94/100 tox|[from] psn
|upkeep
|turn|6
|
|t:|1668232871
|switch|p1a: Yveltal|Yveltal|100/100
|-ability|p1a: Yveltal|Dark Aura
|switch|p2a: Necrozma|Necrozma-Dusk-Mane|100/100
|
|upkeep
|turn|7
|
|t:|1668232882
|move|p1a: Yveltal|Defog|p2a: Necrozma
|-unboost|p2a: Necrozma|evasion|1
|-sideend|p1: CycleOnYourMum|Stealth Rock|[from] move: Defog|[of] p1a: Yveltal
|move|p2a: Necrozma|Thunder Wave|p1a: Yveltal
|-status|p1a: Yveltal|par
|
|upkeep
|turn|8
|
|t:|1668232886
|switch|p2a: Arceus|Arceus-Fairy|88/100
|switch|p1a: Zacian|Zacian-Crowned|78/100
|-ability|p1a: Zacian|Intrepid Sword|boost
|-boost|p1a: Zacian|atk|1
|
|upkeep
|turn|9
|
|t:|1668232891
|switch|p2a: Necrozma|Necrozma-Dusk-Mane|100/100
|move|p1a: Zacian|Behemoth Blade|p2a: Necrozma
|-resisted|p2a: Necrozma
|-damage|p2a: Necrozma|76/100
|-damage|p1a: Zacian|61/100|[from] item: Rocky Helmet|[of] p2a: Necrozma
|
|upkeep
|turn|10
|
|t:|1668232896
|switch|p1a: Rayquaza|Rayquaza|100/100
|-ability|p1a: Rayquaza|Air Lock
|move|p2a: Necrozma|Stealth Rock|p1a: Rayquaza
|-sidestart|p1: CycleOnYourMum|move: Stealth Rock
|
|upkeep
|turn|11
|
|t:|1668232901
|detailschange|p1a: Rayquaza|Rayquaza-Mega
|-mega|p1a: Rayquaza|Rayquaza|
|-weather|DeltaStream|[from] ability: Delta Stream|[of] p1a: Rayquaza
|move|p1a: Rayquaza|Earthquake|p2a: Necrozma
|-supereffective|p2a: Necrozma
|-damage|p2a: Necrozma|23/100
|move|p2a: Necrozma|Iron Head|p1a: Rayquaza
|-damage|p1a: Rayquaza|63/100
|
|-weather|DeltaStream|[upkeep]
|upkeep
|turn|12
|
|t:|1668232909
|switch|p2a: Yveltal|Yveltal, shiny|100/100
|-ability|p2a: Yveltal|Dark Aura
|move|p1a: Rayquaza|Earthquake|p2a: Yveltal
|-immune|p2a: Yveltal
|
|-weather|DeltaStream|[upkeep]
|upkeep
|turn|13
|
|t:|1668232921
|-weather|none
|switch|p1a: Yveltal|Yveltal|100/100 par
|-ability|p1a: Yveltal|Dark Aura
|move|p2a: Yveltal|Foul Play|p1a: Yveltal
|-resisted|p1a: Yveltal
|-damage|p1a: Yveltal|83/100 par
|
|upkeep
|turn|14
|
|t:|1668232925
|move|p2a: Yveltal|Taunt|p1a: Yveltal
|-start|p1a: Yveltal|move: Taunt
|cant|p1a: Yveltal|move: Taunt|Defog
|
|upkeep
|turn|15
|
|t:|1668232928
|switch|p2a: Arceus|Arceus-Fairy|88/100
|cant|p1a: Yveltal|par
|
|upkeep
|turn|16
|
|t:|1668232932
|switch|p1a: Zacian|Zacian-Crowned|61/100
|-damage|p1a: Zacian|55/100|[from] Stealth Rock
|-ability|p1a: Zacian|Intrepid Sword|boost
|-boost|p1a: Zacian|atk|1
|move|p2a: Arceus|Judgment|p1a: Zacian
|-resisted|p1a: Zacian
|-damage|p1a: Zacian|33/100
|
|upkeep
|turn|17
|
|t:|1668232935
|switch|p2a: Necrozma|Necrozma-Dusk-Mane|23/100
|move|p1a: Zacian|Close Combat|p2a: Necrozma
|-damage|p2a: Necrozma|0 fnt
|-unboost|p1a: Zacian|def|1
|-unboost|p1a: Zacian|spd|1
|-damage|p1a: Zacian|16/100|[from] item: Rocky Helmet|[of] p2a: Necrozma
|faint|p2a: Necrozma
|
|upkeep
|
|t:|1668232940
|switch|p2a: Ditto|Ditto, shiny|100/100
|-transform|p2a: Ditto|p1a: Zacian|[from] ability: Imposter
|-ability|p2a: Ditto|Intrepid Sword|boost
|-boost|p2a: Ditto|atk|1
|turn|18
|
|t:|1668232945
|switch|p1a: Arceus|Arceus-Water|94/100 tox
|-damage|p1a: Arceus|82/100 tox|[from] Stealth Rock
|move|p2a: Ditto|Behemoth Blade|p1a: Arceus
|-resisted|p1a: Arceus
|-damage|p1a: Arceus|50/100 tox
|
|-damage|p1a: Arceus|44/100 tox|[from] psn
|upkeep
|turn|19
|
|t:|1668232956
|switch|p2a: Arceus|Arceus-Fairy|88/100
|move|p1a: Arceus|Judgment|p2a: Arceus
|-damage|p2a: Arceus|62/100
|
|-damage|p1a: Arceus|32/100 tox|[from] psn
|upkeep
|turn|20
|
|t:|1668232962
|move|p1a: Arceus|Recover|p1a: Arceus
|-heal|p1a: Arceus|82/100 tox
|move|p2a: Arceus|Judgment|p1a: Arceus
|-damage|p1a: Arceus|49/100 tox
|
|-damage|p1a: Arceus|31/100 tox|[from] psn
|upkeep
|turn|21
|
|t:|1668232972
|move|p1a: Arceus|Stealth Rock|p2a: Arceus
|-sidestart|p2: Obito 2001|move: Stealth Rock
|move|p2a: Arceus|Recover|p2a: Arceus
|-heal|p2a: Arceus|100/100
|
|-damage|p1a: Arceus|6/100 tox|[from] psn
|upkeep
|turn|22
|
|t:|1668232977
|move|p1a: Arceus|Toxic|p2a: Arceus
|-status|p2a: Arceus|tox
|move|p2a: Arceus|Judgment|p1a: Arceus
|-damage|p1a: Arceus|0 fnt
|faint|p1a: Arceus
|
|-damage|p2a: Arceus|94/100 tox|[from] psn
|upkeep
|
|t:|1668232985
|switch|p1a: Zacian|Zacian-Crowned|16/100
|-damage|p1a: Zacian|10/100|[from] Stealth Rock
|-ability|p1a: Zacian|Intrepid Sword|boost
|-boost|p1a: Zacian|atk|1
|turn|23
|
|t:|1668232989
|move|p1a: Zacian|Behemoth Blade|p2a: Arceus
|-supereffective|p2a: Arceus
|-crit|p2a: Arceus
|-damage|p2a: Arceus|0 fnt
|faint|p2a: Arceus
|
|upkeep
|
|t:|1668232991
|switch|p2a: Ditto|Ditto, shiny|100/100
|-damage|p2a: Ditto|88/100|[from] Stealth Rock
|-transform|p2a: Ditto|p1a: Zacian|[from] ability: Imposter
|-ability|p2a: Ditto|Intrepid Sword|boost
|-boost|p2a: Ditto|atk|1
|turn|24
|
|t:|1668233001
|move|p2a: Ditto|Behemoth Blade|p1a: Zacian
|-damage|p1a: Zacian|0 fnt
|faint|p1a: Zacian
|
|upkeep
|
|t:|1668233006
|switch|p1a: Marshadow|Marshadow|100/100
|-damage|p1a: Marshadow|94/100|[from] Stealth Rock
|turn|25
|
|t:|1668233008
|move|p1a: Marshadow|Shadow Sneak|p2a: Ditto
|-damage|p2a: Ditto|51/100
|move|p2a: Ditto|Behemoth Blade|p1a: Marshadow
|-damage|p1a: Marshadow|0 fnt
|faint|p1a: Marshadow
|
|upkeep
|-message|CycleOnYourMum forfeited.
|
|win|Obito 2001
|raw|CycleOnYourMum's rating: 1710 &rarr; <strong>1702</strong><br />(-8 for losing)
|raw|Obito 2001's rating: 1940 &rarr; <strong>1948</strong><br />(+8 for winning)
|l|☆CycleOnYourMum
