|j|☆Obito 2001
|j|☆Dominator296
|t:|1666530955
|gametype|singles
|player|p1|Obito 2001|teamrocket|2003
|player|p2|Dominator296|alder|1840
|teamsize|p1|6
|teamsize|p2|6
|gen|8
|tier|[Gen 8] National Dex AG
|rated|
|rule|HP Percentage Mod: HP is shown in percentages
|rule|Endless Battle Clause: Forcing endless battles is banned
|clearpoke
|poke|p1|Celesteela|
|poke|p1|Arceus-*|
|poke|p1|Necrozma-Dawn-Wings|
|poke|p1|Necrozma-Dusk-Mane|
|poke|p1|Ditto|
|poke|p1|Arceus-*|
|poke|p2|Kyogre|
|poke|p2|Groudon|
|poke|p2|Tyranitar, F|
|poke|p2|Necrozma-Dusk-Mane|
|poke|p2|Arceus-*|
|poke|p2|Arceus-*|
|teampreview
|inactive|Battle timer is ON: inactive players will automatically lose when time's up. (requested by Obito 2001)
|j| BuckfromGothamCity
|inactive|Dominator296 has 120 seconds left.
|
|t:|1666530993
|start
|switch|p1a: Fairy 🦄|Arceus-Fairy|100/100
|switch|p2a: Groudon|Groudon|100/100
|detailschange|p2a: Groudon|Groudon-Primal
|-primal|p2a: Groudon
|-weather|DesolateLand|[from] ability: Desolate Land|[of] p2a: Groudon
|turn|1
|
|t:|1666530999
|-weather|none
|switch|p2a: Necrozma|Necrozma-Dusk-Mane|100/100
|move|p1a: Fairy 🦄|Stealth Rock|p2a: Necrozma
|-sidestart|p2: Dominator296|move: Stealth Rock
|
|upkeep
|turn|2
|
|t:|1666531005
|switch|p1a: Angelic Demon🦇|Necrozma-Dawn-Wings|100/100
|detailschange|p2a: Necrozma|Necrozma-Ultra
|-burst|p2a: Necrozma|Necrozma|Ultranecrozium Z
|move|p2a: Necrozma|Sunsteel Strike|p1a: Angelic Demon🦇
|-damage|p1a: Angelic Demon🦇|65/100
|
|-heal|p1a: Angelic Demon🦇|71/100|[from] item: Leftovers
|upkeep
|turn|3
|
|t:|1666531014
|-zpower|p2a: Necrozma
|move|p2a: Necrozma|Light That Burns the Sky|p1a: Angelic Demon🦇|[zeffect]
|-resisted|p1a: Angelic Demon🦇
|-crit|p1a: Angelic Demon🦇
|-damage|p1a: Angelic Demon🦇|0 fnt
|faint|p1a: Angelic Demon🦇
|
|upkeep
|
|t:|1666531029
|switch|p1a: Sinning star 💫|Necrozma-Dusk-Mane, shiny|100/100
|turn|4
|
|t:|1666531033
|detailschange|p1a: Sinning star 💫|Necrozma-Ultra, shiny
|-burst|p1a: Sinning star 💫|Necrozma|Ultranecrozium Z
|move|p1a: Sinning star 💫|Dragon Pulse|p2a: Necrozma
|-supereffective|p2a: Necrozma
|-damage|p2a: Necrozma|0 fnt
|faint|p2a: Necrozma
|
|upkeep
|l| BuckfromGothamCity
|
|t:|1666531043
|switch|p2a: Tyranitar|Tyranitar, F|100/100
|-damage|p2a: Tyranitar|88/100|[from] Stealth Rock
|-weather|Sandstorm|[from] ability: Sand Stream|[of] p2a: Tyranitar
|turn|5
|
|t:|1666531058
|detailschange|p2a: Tyranitar|Tyranitar-Mega, F
|-mega|p2a: Tyranitar|Tyranitar|Tyranitarite
|move|p1a: Sinning star 💫|Earth Power|p2a: Tyranitar
|-supereffective|p2a: Tyranitar
|-damage|p2a: Tyranitar|40/100
|move|p2a: Tyranitar|Crunch|p1a: Sinning star 💫
|-supereffective|p1a: Sinning star 💫
|-damage|p1a: Sinning star 💫|0 fnt
|faint|p1a: Sinning star 💫
|
|-weather|Sandstorm|[upkeep]
|upkeep
|
|t:|1666531070
|switch|p1a: Fairy 🦄|Arceus-Fairy|100/100
|turn|6
|j| BuckfromGothamCity
|
|t:|1666531075
|switch|p2a: Groudon|Groudon-Primal|100/100
|-damage|p2a: Groudon|88/100|[from] Stealth Rock
|-weather|DesolateLand|[from] ability: Desolate Land|[of] p2a: Groudon
|move|p1a: Fairy 🦄|Judgment|p2a: Groudon
|-resisted|p2a: Groudon
|-damage|p2a: Groudon|66/100
|
|-weather|DesolateLand|[upkeep]
|upkeep
|turn|7
|
|t:|1666531081
|move|p1a: Fairy 🦄|Toxic|p2a: Groudon
|-status|p2a: Groudon|tox
|move|p2a: Groudon|Fire Punch|p1a: Fairy 🦄
|-damage|p1a: Fairy 🦄|51/100
|
|-weather|DesolateLand|[upkeep]
|-damage|p2a: Groudon|60/100 tox|[from] psn
|upkeep
|turn|8
|
|t:|1666531084
|move|p1a: Fairy 🦄|Recover|p1a: Fairy 🦄
|-heal|p1a: Fairy 🦄|100/100
|move|p2a: Groudon|Precipice Blades|p1a: Fairy 🦄
|-damage|p1a: Fairy 🦄|42/100
|
|-weather|DesolateLand|[upkeep]
|-damage|p2a: Groudon|47/100 tox|[from] psn
|upkeep
|turn|9
|l| BuckfromGothamCity
|
|t:|1666531098
|move|p1a: Fairy 🦄|Recover|p1a: Fairy 🦄
|-heal|p1a: Fairy 🦄|92/100
|move|p2a: Groudon|Rock Polish|p2a: Groudon
|-boost|p2a: Groudon|spe|2
|
|-weather|DesolateLand|[upkeep]
|-damage|p2a: Groudon|29/100 tox|[from] psn
|upkeep
|turn|10
|
|t:|1666531104
|move|p2a: Groudon|Precipice Blades|p1a: Fairy 🦄
|-damage|p1a: Fairy 🦄|32/100
|move|p1a: Fairy 🦄|Recover|p1a: Fairy 🦄
|-heal|p1a: Fairy 🦄|82/100
|
|-weather|DesolateLand|[upkeep]
|-damage|p2a: Groudon|4/100 tox|[from] psn
|upkeep
|turn|11
|
|t:|1666531112
|move|p2a: Groudon|Precipice Blades|p1a: Fairy 🦄
|-damage|p1a: Fairy 🦄|27/100
|move|p1a: Fairy 🦄|Recover|p1a: Fairy 🦄
|-heal|p1a: Fairy 🦄|77/100
|
|-weather|DesolateLand|[upkeep]
|-damage|p2a: Groudon|0 fnt|[from] psn
|faint|p2a: Groudon
|-weather|none
|upkeep
|
|t:|1666531116
|switch|p2a: Kyogre|Kyogre|100/100
|-damage|p2a: Kyogre|88/100|[from] Stealth Rock
|-weather|RainDance|[from] ability: Drizzle|[of] p2a: Kyogre
|turn|12
|
|t:|1666531133
|move|p2a: Kyogre|Water Spout|p1a: Fairy 🦄
|-damage|p1a: Fairy 🦄|16/100
|move|p1a: Fairy 🦄|Judgment|p2a: Kyogre
|-damage|p2a: Kyogre|55/100
|
|-weather|RainDance|[upkeep]
|upkeep
|turn|13
|
|t:|1666531142
|move|p2a: Kyogre|Water Spout|p1a: Fairy 🦄
|-damage|p1a: Fairy 🦄|0 fnt
|faint|p1a: Fairy 🦄
|
|-weather|RainDance|[upkeep]
|upkeep
|
|t:|1666531155
|switch|p1a: 👑|Arceus|100/100
|turn|14
|
|t:|1666531162
|switch|p2a: Tyranitar|Tyranitar-Mega, F|40/100
|-damage|p2a: Tyranitar|28/100|[from] Stealth Rock
|-weather|Sandstorm|[from] ability: Sand Stream|[of] p2a: Tyranitar
|-start|p1a: 👑|Dynamax|
|-heal|p1a: 👑|100/100|[silent]
|move|p1a: 👑|Max Strike|p2a: Tyranitar
|-resisted|p2a: Tyranitar
|-damage|p2a: Tyranitar|7/100
|-unboost|p2a: Tyranitar|spe|1
|
|-weather|Sandstorm|[upkeep]
|-damage|p1a: 👑|97/100|[from] Sandstorm
|upkeep
|turn|15
|
|t:|1666531169
|move|p1a: 👑|Max Phantasm|p2a: Tyranitar
|-resisted|p2a: Tyranitar
|-damage|p2a: Tyranitar|0 fnt
|faint|p2a: Tyranitar
|
|-weather|Sandstorm|[upkeep]
|-damage|p1a: 👑|94/100|[from] Sandstorm
|upkeep
|
|t:|1666531179
|switch|p2a: Arceus|Arceus-Flying|100/100
|-damage|p2a: Arceus|76/100|[from] Stealth Rock
|turn|16
|
|t:|1666531186
|-start|p2a: Arceus|Dynamax|
|-heal|p2a: Arceus|76/100|[silent]
|move|p2a: Arceus|Max Guard|p2a: Arceus
|-singleturn|p2a: Arceus|Max Guard
|move|p1a: 👑|Max Phantasm|p2a: Arceus
|-activate|p2a: Arceus|move: Max Guard
|
|-weather|Sandstorm|[upkeep]
|-damage|p2a: Arceus|73/100|[from] Sandstorm
|-damage|p1a: 👑|91/100|[from] Sandstorm
|upkeep
|-end|p1a: 👑|Dynamax
|-heal|p1a: 👑|91/100|[silent]
|turn|17
|
|t:|1666531200
|switch|p1a: Alien Bamboo👽🎍|Celesteela|100/100
|move|p2a: Arceus|Max Airstream|p1a: Alien Bamboo👽🎍
|-resisted|p1a: Alien Bamboo👽🎍
|-damage|p1a: Alien Bamboo👽🎍|76/100
|-boost|p2a: Arceus|spe|1
|
|-weather|Sandstorm|[upkeep]
|-damage|p2a: Arceus|69/100|[from] Sandstorm
|-heal|p1a: Alien Bamboo👽🎍|82/100|[from] item: Leftovers
|upkeep
|turn|18
|
|t:|1666531204
|move|p1a: Alien Bamboo👽🎍|Protect|p1a: Alien Bamboo👽🎍
|-singleturn|p1a: Alien Bamboo👽🎍|Protect
|move|p2a: Arceus|Max Airstream|p1a: Alien Bamboo👽🎍
|-resisted|p1a: Alien Bamboo👽🎍
|-zbroken|p1a: Alien Bamboo👽🎍
|-damage|p1a: Alien Bamboo👽🎍|75/100
|-boost|p2a: Arceus|spe|1
|
|-weather|none
|-heal|p1a: Alien Bamboo👽🎍|81/100|[from] item: Leftovers
|upkeep
|-end|p2a: Arceus|Dynamax
|-heal|p2a: Arceus|69/100|[silent]
|turn|19
|
|t:|1666531224
|move|p2a: Arceus|Calm Mind|p2a: Arceus
|-boost|p2a: Arceus|spa|1
|-boost|p2a: Arceus|spd|1
|move|p1a: Alien Bamboo👽🎍|Leech Seed|p2a: Arceus
|-start|p2a: Arceus|move: Leech Seed
|
|-heal|p1a: Alien Bamboo👽🎍|87/100|[from] item: Leftovers
|-damage|p2a: Arceus|57/100|[from] Leech Seed|[of] p1a: Alien Bamboo👽🎍
|-heal|p1a: Alien Bamboo👽🎍|100/100|[silent]
|upkeep
|turn|20
|
|t:|1666531227
|switch|p1a: 👑|Arceus|91/100
|move|p2a: Arceus|Recover|p2a: Arceus
|-heal|p2a: Arceus|100/100
|
|-damage|p2a: Arceus|88/100|[from] Leech Seed|[of] p1a: 👑
|-heal|p1a: 👑|100/100|[silent]
|upkeep
|turn|21
|
|t:|1666531234
|move|p2a: Arceus|Calm Mind|p2a: Arceus
|-boost|p2a: Arceus|spa|1
|-boost|p2a: Arceus|spd|1
|move|p1a: 👑|Swords Dance|p1a: 👑
|-boost|p1a: 👑|atk|2
|
|-damage|p2a: Arceus|76/100|[from] Leech Seed|[of] p1a: 👑
|upkeep
|turn|22
|
|t:|1666531237
|move|p1a: 👑|Extreme Speed|p2a: Arceus
|-damage|p2a: Arceus|32/100
|move|p2a: Arceus|Judgment|p1a: 👑
|-damage|p1a: 👑|36/100
|
|-damage|p2a: Arceus|20/100|[from] Leech Seed|[of] p1a: 👑
|-heal|p1a: 👑|48/100|[silent]
|upkeep
|turn|23
|
|t:|1666531242
|move|p1a: 👑|Extreme Speed|p2a: Arceus
|-damage|p2a: Arceus|0 fnt
|faint|p2a: Arceus
|
|upkeep
|
|t:|1666531247
|switch|p2a: Arceus|Arceus, shiny|100/100
|-damage|p2a: Arceus|88/100|[from] Stealth Rock
|turn|24
|
|t:|1666531251
|move|p1a: 👑|Extreme Speed|p2a: Arceus
|-damage|p2a: Arceus|30/100
|move|p2a: Arceus|Extreme Speed|p1a: 👑
|-damage|p1a: 👑|16/100
|
|upkeep
|turn|25
|
|t:|1666531260
|move|p1a: 👑|Extreme Speed|p2a: Arceus
|-damage|p2a: Arceus|0 fnt
|faint|p2a: Arceus
|
|upkeep
|-message|Dominator296 forfeited.
|
|win|Obito 2001
|raw|Obito 2001's rating: 2003 &rarr; <strong>2014</strong><br />(+11 for winning)
|raw|Dominator296's rating: 1840 &rarr; <strong>1829</strong><br />(-11 for losing)
|l|☆Dominator296
|j| BuckfromGothamCity
|l|☆Obito 2001
