|j|☆CLEAR GEM清瑜
|j|☆Ahuehuehue
|t:|1661130468
|gametype|singles
|player|p1|CLEAR GEM清瑜|skierf|1924
|player|p2|Ahuehuehue|102|1831
|teamsize|p1|6
|teamsize|p2|6
|gen|8
|tier|[Gen 8] National Dex AG
|rated|
|rule|HP Percentage Mod: HP is shown in percentages
|rule|Endless Battle Clause: Forcing endless battles is banned
|clearpoke
|poke|p1|Rayquaza|
|poke|p1|Groudon|
|poke|p1|Necrozma-Dusk-Mane|
|poke|p1|Arceus-*|
|poke|p1|Arceus-*|
|poke|p1|Arceus-*|
|poke|p2|Ho-Oh|
|poke|p2|Groudon|
|poke|p2|Arceus-*|
|poke|p2|Rayquaza|
|poke|p2|Calyrex-Shadow|
|poke|p2|Yveltal|
|teampreview
|inactive|Battle timer is ON: inactive players will automatically lose when time's up. (requested by CLEAR GEM清瑜)
|
|t:|1661130501
|start
|switch|p1a: 乱杀P古|Arceus-Ground|100/100
|switch|p2a: COVID|Rayquaza|100/100
|-ability|p2a: COVID|Air Lock
|turn|1
|
|t:|1661130508
|detailschange|p2a: COVID|Rayquaza-Mega
|-mega|p2a: COVID|Rayquaza|
|-weather|DeltaStream|[from] ability: Delta Stream|[of] p2a: COVID
|move|p2a: COVID|Swords Dance|p2a: COVID
|-boost|p2a: COVID|atk|2
|move|p1a: 乱杀P古|Stealth Rock|p2a: COVID
|-sidestart|p2: Ahuehuehue|move: Stealth Rock
|
|-weather|DeltaStream|[upkeep]
|upkeep
|turn|2
|
|t:|1661130515
|move|p2a: COVID|Dragon Ascent|p1a: 乱杀P古
|-damage|p1a: 乱杀P古|0 fnt
|-unboost|p2a: COVID|def|1
|-unboost|p2a: COVID|spd|1
|faint|p1a: 乱杀P古
|-damage|p2a: COVID|91/100|[from] item: Life Orb
|
|-weather|DeltaStream|[upkeep]
|upkeep
|
|t:|1661130518
|switch|p1a: 烈龙无敌|Rayquaza, shiny|100/100
|-ability|p1a: 烈龙无敌|Air Lock
|turn|3
|
|t:|1661130526
|detailschange|p1a: 烈龙无敌|Rayquaza-Mega, shiny
|-mega|p1a: 烈龙无敌|Rayquaza|
|move|p2a: COVID|Extreme Speed|p1a: 烈龙无敌
|-damage|p1a: 烈龙无敌|9/100
|-damage|p2a: COVID|81/100|[from] item: Life Orb
|move|p1a: 烈龙无敌|Dragon Ascent|p2a: COVID
|-damage|p2a: COVID|0 fnt
|-unboost|p1a: 烈龙无敌|def|1
|-unboost|p1a: 烈龙无敌|spd|1
|faint|p2a: COVID
|
|-weather|DeltaStream|[upkeep]
|upkeep
|
|t:|1661130537
|switch|p2a: GOD OR DOG|Arceus-Ground|100/100
|-damage|p2a: GOD OR DOG|94/100|[from] Stealth Rock
|turn|4
|
|t:|1661130541
|move|p1a: 烈龙无敌|Dragon Ascent|p2a: GOD OR DOG
|-damage|p2a: GOD OR DOG|52/100
|-unboost|p1a: 烈龙无敌|def|1
|-unboost|p1a: 烈龙无敌|spd|1
|move|p2a: GOD OR DOG|Ice Beam|p1a: 烈龙无敌
|-activate||deltastream
|-supereffective|p1a: 烈龙无敌
|-damage|p1a: 烈龙无敌|0 fnt
|faint|p1a: 烈龙无敌
|-weather|none
|
|upkeep
|
|t:|1661130547
|switch|p1a: 悬空羊驼|Arceus-Flying|100/100
|turn|5
|
|t:|1661130554
|move|p1a: 悬空羊驼|Calm Mind|p1a: 悬空羊驼
|-boost|p1a: 悬空羊驼|spa|1
|-boost|p1a: 悬空羊驼|spd|1
|move|p2a: GOD OR DOG|Calm Mind|p2a: GOD OR DOG
|-boost|p2a: GOD OR DOG|spa|1
|-boost|p2a: GOD OR DOG|spd|1
|
|upkeep
|turn|6
|
|t:|1661130559
|-start|p1a: 悬空羊驼|Dynamax|
|-heal|p1a: 悬空羊驼|100/100|[silent]
|move|p1a: 悬空羊驼|Max Airstream|p2a: GOD OR DOG
|-damage|p2a: GOD OR DOG|0 fnt
|-boost|p1a: 悬空羊驼|spe|1
|faint|p2a: GOD OR DOG
|
|upkeep
|
|t:|1661130568
|switch|p2a: IMMORTAL PHOENIX|Ho-Oh, shiny|100/100
|turn|7
|
|t:|1661130570
|move|p1a: 悬空羊驼|Max Airstream|p2a: IMMORTAL PHOENIX
|-damage|p2a: IMMORTAL PHOENIX|48/100
|-boost|p1a: 悬空羊驼|spe|1
|move|p2a: IMMORTAL PHOENIX|Defog|p1a: 悬空羊驼
|-unboost|p1a: 悬空羊驼|evasion|1
|-sideend|p2: Ahuehuehue|Stealth Rock|[from] move: Defog|[of] p2a: IMMORTAL PHOENIX
|
|upkeep
|turn|8
|
|t:|1661130580
|switch|p2a: SANIC|Groudon|100/100
|detailschange|p2a: SANIC|Groudon-Primal
|-primal|p2a: SANIC
|-weather|DesolateLand|[from] ability: Desolate Land|[of] p2a: SANIC
|move|p1a: 悬空羊驼|Max Airstream|p2a: SANIC
|-damage|p2a: SANIC|0 fnt
|-boost|p1a: 悬空羊驼|spe|1
|faint|p2a: SANIC
|-weather|none
|
|upkeep
|
|t:|1661130586
|switch|p2a: IMMORTAL PHOENIX|Ho-Oh, shiny|81/100
|-end|p1a: 悬空羊驼|Dynamax
|-heal|p1a: 悬空羊驼|100/100|[silent]
|turn|9
|
|t:|1661130590
|move|p1a: 悬空羊驼|Judgment|p2a: IMMORTAL PHOENIX
|-crit|p2a: IMMORTAL PHOENIX
|-damage|p2a: IMMORTAL PHOENIX|17/100
|move|p2a: IMMORTAL PHOENIX|Toxic|p1a: 悬空羊驼
|-status|p1a: 悬空羊驼|tox
|
|-damage|p1a: 悬空羊驼|94/100 tox|[from] psn
|upkeep
|turn|10
|
|t:|1661130593
|switch|p2a: Yveltal|Yveltal|100/100
|-ability|p2a: Yveltal|Dark Aura
|move|p1a: 悬空羊驼|Judgment|p2a: Yveltal
|-crit|p2a: Yveltal
|-damage|p2a: Yveltal|0 fnt
|faint|p2a: Yveltal
|
|-damage|p1a: 悬空羊驼|82/100 tox|[from] psn
|upkeep
|
|t:|1661130596
|switch|p2a: IMMORTAL PHOENIX|Ho-Oh, shiny|50/100
|turn|11
|
|t:|1661130598
|move|p1a: 悬空羊驼|Judgment|p2a: IMMORTAL PHOENIX
|-damage|p2a: IMMORTAL PHOENIX|7/100
|move|p2a: IMMORTAL PHOENIX|Roost|p2a: IMMORTAL PHOENIX
|-heal|p2a: IMMORTAL PHOENIX|57/100
|-singleturn|p2a: IMMORTAL PHOENIX|move: Roost
|
|-damage|p1a: 悬空羊驼|64/100 tox|[from] psn
|upkeep
|turn|12
|
|t:|1661130600
|move|p1a: 悬空羊驼|Judgment|p2a: IMMORTAL PHOENIX
|-damage|p2a: IMMORTAL PHOENIX|15/100
|move|p2a: IMMORTAL PHOENIX|Roost|p2a: IMMORTAL PHOENIX
|-heal|p2a: IMMORTAL PHOENIX|66/100
|-singleturn|p2a: IMMORTAL PHOENIX|move: Roost
|
|-damage|p1a: 悬空羊驼|40/100 tox|[from] psn
|upkeep
|turn|13
|
|t:|1661130603
|move|p1a: 悬空羊驼|Calm Mind|p1a: 悬空羊驼
|-boost|p1a: 悬空羊驼|spa|1
|-boost|p1a: 悬空羊驼|spd|1
|move|p2a: IMMORTAL PHOENIX|Roost|p2a: IMMORTAL PHOENIX
|-heal|p2a: IMMORTAL PHOENIX|100/100
|-singleturn|p2a: IMMORTAL PHOENIX|move: Roost
|
|-damage|p1a: 悬空羊驼|10/100 tox|[from] psn
|upkeep
|turn|14
|
|t:|1661130608
|move|p1a: 悬空羊驼|Judgment|p2a: IMMORTAL PHOENIX
|-damage|p2a: IMMORTAL PHOENIX|40/100
|move|p2a: IMMORTAL PHOENIX|Roost|p2a: IMMORTAL PHOENIX
|-heal|p2a: IMMORTAL PHOENIX|90/100
|-singleturn|p2a: IMMORTAL PHOENIX|move: Roost
|
|-damage|p1a: 悬空羊驼|0 fnt|[from] psn
|faint|p1a: 悬空羊驼
|upkeep
|
|t:|1661130613
|switch|p1a: 钢铁之躯|Necrozma-Dusk-Mane|100/100
|turn|15
|
|t:|1661130626
|detailschange|p1a: 钢铁之躯|Necrozma-Ultra
|-burst|p1a: 钢铁之躯|Necrozma|Ultranecrozium Z
|move|p1a: 钢铁之躯|Dragon Dance|p1a: 钢铁之躯
|-boost|p1a: 钢铁之躯|atk|1
|-boost|p1a: 钢铁之躯|spe|1
|move|p2a: IMMORTAL PHOENIX|Sacred Fire|p1a: 钢铁之躯|[miss]
|-miss|p2a: IMMORTAL PHOENIX|p1a: 钢铁之躯
|
|upkeep
|turn|16
|
|t:|1661130633
|move|p1a: 钢铁之躯|Stone Edge|p2a: IMMORTAL PHOENIX
|-supereffective|p2a: IMMORTAL PHOENIX
|-damage|p2a: IMMORTAL PHOENIX|0 fnt
|faint|p2a: IMMORTAL PHOENIX
|
|upkeep
|
|t:|1661130637
|switch|p2a: MY LIL PONY|Calyrex-Shadow|100/100
|-ability|p2a: MY LIL PONY|As One
|-ability|p2a: MY LIL PONY|Unnerve
|turn|17
|
|t:|1661130640
|-zpower|p1a: 钢铁之躯
|move|p1a: 钢铁之躯|Light That Burns the Sky|p2a: MY LIL PONY|[zeffect]
|-resisted|p2a: MY LIL PONY
|-enditem|p2a: MY LIL PONY|Focus Sash
|-damage|p2a: MY LIL PONY|1/100
|move|p2a: MY LIL PONY|Astral Barrage|p1a: 钢铁之躯
|-supereffective|p1a: 钢铁之躯
|-damage|p1a: 钢铁之躯|0 fnt
|faint|p1a: 钢铁之躯
|-ability|p2a: MY LIL PONY|Grim Neigh|boost
|-boost|p2a: MY LIL PONY|spa|1
|
|upkeep
|
|t:|1661130643
|switch|p1a: 究极辅助|Arceus-Dark|100/100
|turn|18
|
|t:|1661130648
|-start|p2a: MY LIL PONY|Dynamax|
|-heal|p2a: MY LIL PONY|1/100|[silent]
|move|p2a: MY LIL PONY|Max Phantasm|p1a: 究极辅助
|-resisted|p1a: 究极辅助
|-damage|p1a: 究极辅助|59/100
|-unboost|p1a: 究极辅助|def|1
|move|p1a: 究极辅助|Judgment|p2a: MY LIL PONY
|-supereffective|p2a: MY LIL PONY
|-damage|p2a: MY LIL PONY|0 fnt
|faint|p2a: MY LIL PONY
|
|win|CLEAR GEM清瑜
|raw|CLEAR GEM清瑜's rating: 1924 &rarr; <strong>1939</strong><br />(+15 for winning)
|raw|Ahuehuehue's rating: 1831 &rarr; <strong>1816</strong><br />(-15 for losing)
