|j|☆Starflight 888
|j|☆Direhands
|t:|1658041929
|gametype|singles
|player|p1|Starflight 888|valerie|1435
|player|p2|Direhands|gambler|1654
|teamsize|p1|6
|teamsize|p2|6
|gen|8
|tier|[Gen 8] National Dex AG
|rated|
|rule|HP Percentage Mod: HP is shown in percentages
|rule|Endless Battle Clause: Forcing endless battles is banned
|clearpoke
|poke|p1|Lunala|
|poke|p1|Reshiram|
|poke|p1|Rayquaza|
|poke|p1|Groudon|
|poke|p1|Calyrex-Shadow|
|poke|p1|Deoxys-Speed|
|poke|p2|Arceus-*|
|poke|p2|Arceus-*|
|poke|p2|Arceus-*|
|poke|p2|Arceus-*|
|poke|p2|Arceus-*|
|poke|p2|Arceus-*|
|teampreview
|inactive|Battle timer is ON: inactive players will automatically lose when time's up. (requested by Starflight 888)
|c|☆Starflight 888|Oh. My.
|
|t:|1658041942
|start
|switch|p1a: Akatosh|Calyrex-Shadow|100/100
|switch|p2a: Original|Arceus|100/100
|-ability|p1a: Akatosh|As One
|-ability|p1a: Akatosh|Unnerve
|turn|1
|
|t:|1658041950
|-start|p1a: Akatosh|Dynamax|
|-heal|p1a: Akatosh|100/100|[silent]
|move|p1a: Akatosh|Max Mindstorm|p2a: Original
|-damage|p2a: Original|45/100
|-fieldstart|move: Psychic Terrain
|move|p2a: Original|Stealth Rock|p1a: Akatosh
|-sidestart|p1: Starflight 888|move: Stealth Rock
|
|upkeep
|turn|2
|c|☆Direhands|Cool team
|c|☆Starflight 888|Thx
|
|t:|1658041965
|switch|p2a: Yveltall|Arceus-Dark|100/100
|move|p1a: Akatosh|Max Mindstorm|p2a: Yveltall
|-immune|p2a: Yveltall
|
|upkeep
|turn|3
|
|t:|1658041971
|move|p1a: Akatosh|Max Starfall|p2a: Yveltall
|-supereffective|p2a: Yveltall
|-damage|p2a: Yveltall|55/100
|-fieldstart|move: Misty Terrain
|move|p2a: Yveltall|Judgment|p1a: Akatosh
|-supereffective|p1a: Akatosh
|-enditem|p1a: Akatosh|Focus Sash
|-damage|p1a: Akatosh|1/100
|
|upkeep
|-end|p1a: Akatosh|Dynamax
|-heal|p1a: Akatosh|1/100|[silent]
|turn|4
|
|t:|1658041981
|move|p1a: Akatosh|Draining Kiss|p2a: Yveltall
|-supereffective|p2a: Yveltall
|-damage|p2a: Yveltall|31/100
|-heal|p1a: Akatosh|25/100|[from] drain|[of] p2a: Yveltall
|move|p2a: Yveltall|Recover|p2a: Yveltall
|-heal|p2a: Yveltall|81/100
|
|upkeep
|turn|5
|
|t:|1658041991
|move|p1a: Akatosh|Draining Kiss|p2a: Yveltall
|-supereffective|p2a: Yveltall
|-damage|p2a: Yveltall|59/100
|-heal|p1a: Akatosh|46/100|[from] drain|[of] p2a: Yveltall
|move|p2a: Yveltall|Recover|p2a: Yveltall
|-heal|p2a: Yveltall|100/100
|
|upkeep
|turn|6
|
|t:|1658041997
|move|p1a: Akatosh|Draining Kiss|p2a: Yveltall
|-supereffective|p2a: Yveltall
|-damage|p2a: Yveltall|76/100
|-heal|p1a: Akatosh|71/100|[from] drain|[of] p2a: Yveltall
|move|p2a: Yveltall|Judgment|p1a: Akatosh
|-supereffective|p1a: Akatosh
|-damage|p1a: Akatosh|0 fnt
|faint|p1a: Akatosh
|
|upkeep
|
|t:|1658042012
|switch|p1a: Kynareth|Rayquaza|100/100
|-damage|p1a: Kynareth|76/100|[from] Stealth Rock
|-ability|p1a: Kynareth|Air Lock
|turn|7
|
|t:|1658042018
|switch|p2a: Kyogree|Arceus-Water|100/100
|detailschange|p1a: Kynareth|Rayquaza-Mega
|-mega|p1a: Kynareth|Rayquaza|
|-weather|DeltaStream|[from] ability: Delta Stream|[of] p1a: Kynareth
|move|p1a: Kynareth|Dragon Dance|p1a: Kynareth
|-boost|p1a: Kynareth|atk|1
|-boost|p1a: Kynareth|spe|1
|
|-weather|DeltaStream|[upkeep]
|-fieldend|Misty Terrain
|upkeep
|turn|8
|
|t:|1658042028
|move|p1a: Kynareth|Dragon Ascent|p2a: Kyogree
|-damage|p2a: Kyogree|44/100
|-unboost|p1a: Kynareth|def|1
|-unboost|p1a: Kynareth|spd|1
|move|p2a: Kyogree|Will-O-Wisp|p1a: Kynareth
|-status|p1a: Kynareth|brn
|
|-weather|DeltaStream|[upkeep]
|-damage|p1a: Kynareth|70/100 brn|[from] brn
|upkeep
|turn|9
|c|☆Direhands|Yep
|
|t:|1658042037
|move|p1a: Kynareth|Extreme Speed|p2a: Kyogree
|-damage|p2a: Kyogree|30/100
|move|p2a: Kyogree|Recover|p2a: Kyogree
|-heal|p2a: Kyogree|80/100
|
|-weather|DeltaStream|[upkeep]
|-damage|p1a: Kynareth|64/100 brn|[from] brn
|upkeep
|turn|10
|
|t:|1658042043
|move|p1a: Kynareth|Dragon Ascent|p2a: Kyogree
|-damage|p2a: Kyogree|54/100
|-unboost|p1a: Kynareth|def|1
|-unboost|p1a: Kynareth|spd|1
|move|p2a: Kyogree|Perish Song|p2a: Kyogree
|-start|p1a: Kynareth|perish3|[silent]
|-start|p2a: Kyogree|perish3|[silent]
|-fieldactivate|move: Perish Song
|
|-weather|DeltaStream|[upkeep]
|-damage|p1a: Kynareth|58/100 brn|[from] brn
|-start|p1a: Kynareth|perish3
|-start|p2a: Kyogree|perish3
|upkeep
|turn|11
|c|☆Starflight 888|>:[
|
|t:|1658042058
|move|p1a: Kynareth|Dragon Ascent|p2a: Kyogree
|-damage|p2a: Kyogree|24/100
|-unboost|p1a: Kynareth|def|1
|-unboost|p1a: Kynareth|spd|1
|move|p2a: Kyogree|Recover|p2a: Kyogree
|-heal|p2a: Kyogree|74/100
|
|-weather|DeltaStream|[upkeep]
|-damage|p1a: Kynareth|52/100 brn|[from] brn
|-start|p1a: Kynareth|perish2
|-start|p2a: Kyogree|perish2
|upkeep
|turn|12
|
|t:|1658042069
|move|p1a: Kynareth|Dragon Dance|p1a: Kynareth
|-boost|p1a: Kynareth|atk|1
|-boost|p1a: Kynareth|spe|1
|move|p2a: Kyogree|Recover|p2a: Kyogree
|-heal|p2a: Kyogree|100/100
|
|-weather|DeltaStream|[upkeep]
|-damage|p1a: Kynareth|46/100 brn|[from] brn
|-start|p1a: Kynareth|perish1
|-start|p2a: Kyogree|perish1
|upkeep
|turn|13
|
|t:|1658042076
|-weather|none
|switch|p1a: Konahrik|Deoxys-Speed, shiny|100/100
|-damage|p1a: Konahrik|88/100|[from] Stealth Rock
|-ability|p1a: Konahrik|Pressure
|switch|p2a: Pdon|Arceus-Ground|100/100
|
|upkeep
|turn|14
|
|t:|1658042085
|move|p1a: Konahrik|Stealth Rock|p2a: Pdon
|-sidestart|p2: Direhands|move: Stealth Rock
|move|p2a: Pdon|Judgment|p1a: Konahrik
|-damage|p1a: Konahrik|0 fnt
|faint|p1a: Konahrik
|
|upkeep
|c|☆Starflight 888|How the- what-
|
|t:|1658042102
|switch|p1a: Nahkron|Groudon, shiny|100/100
|-damage|p1a: Nahkron|94/100|[from] Stealth Rock
|detailschange|p1a: Nahkron|Groudon-Primal, shiny
|-primal|p1a: Nahkron
|-weather|DesolateLand|[from] ability: Desolate Land|[of] p1a: Nahkron
|turn|15
|
|t:|1658042119
|move|p1a: Nahkron|Rock Polish|p1a: Nahkron
|-boost|p1a: Nahkron|spe|2
|move|p2a: Pdon|Judgment|p1a: Nahkron
|-supereffective|p1a: Nahkron
|-damage|p1a: Nahkron|0 fnt
|faint|p1a: Nahkron
|-weather|none
|
|upkeep
|c|☆Direhands|!dt deoxys speed
|raw|<div class="message"><ul class="utilichart"><li class="result"><span class="col numcol">386</span> <span class="col iconcol"><psicon pokemon="deoxysspeed"/></span> <span class="col pokemonnamecol" style="white-space:nowrap"><a href="https://dex.pokemonshowdown.com/pokemon/deoxysspeed" target="_blank">Deoxys-Speed</a></span> <span class="col typecol"><img src="https://play.pokemonshowdown.com/sprites/types/Psychic.png" alt="Psychic" height="14" width="32"></span> <span style="float:left;min-height:26px"><span class="col abilitycol">Pressure</span><span class="col abilitycol"></span></span><span style="float:left;min-height:26px"><span class="col statcol"><em>HP</em><br />50</span> <span class="col statcol"><em>Atk</em><br />95</span> <span class="col statcol"><em>Def</em><br />90</span> <span class="col statcol"><em>SpA</em><br />95</span> <span class="col statcol"><em>SpD</em><br />90</span> <span class="col statcol"><em>Spe</em><br />180</span> <span class="col bstcol"><em>BST<br />600</em></span> </span></li><li style="clear:both"></li></ul></div>
|raw|<font size="1"><font color="#686868">Dex#:</font> 386&nbsp;|&ThickSpace;<font color="#686868">Gen:</font> 3&nbsp;|&ThickSpace;<font color="#686868">Height:</font> 1.7 m&nbsp;|&ThickSpace;<font color="#686868">Weight:</font> 60.8 kg <em>(80 BP)</em>&nbsp;|&ThickSpace;<font color="#686868">Dex Colour:</font> Red&nbsp;|&ThickSpace;<font color="#686868">Egg Group(s):</font> Undiscovered&nbsp;|&ThickSpace;<font color="#686868">Does Not Evolve</font></font>

|c|☆Starflight 888|HOW AM I LOSSING TO A FULL ARCEUS TEAM
|
|t:|1658042137
|switch|p1a: Zahkriisos|Lunala|100/100
|-damage|p1a: Zahkriisos|88/100|[from] Stealth Rock
|turn|16
|c|☆Direhands|Low spedef
|
|t:|1658042144
|switch|p2a: Yveltall|Arceus-Dark|76/100
|-damage|p2a: Yveltall|63/100|[from] Stealth Rock
|move|p1a: Zahkriisos|Calm Mind|p1a: Zahkriisos
|-boost|p1a: Zahkriisos|spa|1
|-boost|p1a: Zahkriisos|spd|1
|
|-heal|p1a: Zahkriisos|94/100|[from] item: Leftovers
|upkeep
|turn|17
|
|t:|1658042154
|switch|p1a: Azura|Reshiram, shiny|100/100
|-damage|p1a: Azura|76/100|[from] Stealth Rock
|-ability|p1a: Azura|Turboblaze
|move|p2a: Yveltall|Judgment|p1a: Azura
|-damage|p1a: Azura|30/100
|
|upkeep
|turn|18
|c|☆Direhands|I mean, non boots lunala?
|
|t:|1658042170
|move|p1a: Azura|Defog|p2a: Yveltall
|-unboost|p2a: Yveltall|evasion|1
|-sideend|p2: Direhands|Stealth Rock|[from] move: Defog|[of] p1a: Azura
|-sideend|p1: Starflight 888|Stealth Rock|[from] move: Defog|[of] p1a: Azura
|move|p2a: Yveltall|Judgment|p1a: Azura
|-damage|p1a: Azura|0 fnt
|faint|p1a: Azura
|
|upkeep
|inactive|Starflight 888 has 120 seconds left.
|c|☆Direhands|Also, every type and a great movepool, with amazing stats
|c|☆Starflight 888|Lunala is a good tank (and favourite mon) but gets one shot to dark/ghost
|
|t:|1658042209
|switch|p1a: Zahkriisos|Lunala|94/100
|turn|19
|c|☆Direhands|So switch it out
|c|☆Starflight 888|And I did that
|c|☆Direhands|Use heavy duty boots, and it can wall zacian
|c|☆Direhands|And even stuff like dusk mane
|c|☆Starflight 888|=_=
|inactive|Starflight 888 has 90 seconds left.
|c|☆Direhands|Get a yveltal
|c|☆Starflight 888|I only do my favourite Pokémon.
|c|☆Direhands|Or a dark type like ttar
|
|t:|1658042260
|move|p1a: Zahkriisos|Moongeist Beam|p2a: Yveltall
|-resisted|p2a: Yveltall
|-damage|p2a: Yveltall|51/100
|move|p2a: Yveltall|Judgment|p1a: Zahkriisos
|-supereffective|p1a: Zahkriisos
|-damage|p1a: Zahkriisos|0 fnt
|faint|p1a: Zahkriisos
|
|upkeep
|
|t:|1658042268
|switch|p1a: Kynareth|Rayquaza-Mega|46/100 brn
|-weather|DeltaStream|[from] ability: Delta Stream|[of] p1a: Kynareth
|turn|20
|c|☆Direhands|To resist ghost and dark moves
|
|t:|1658042273
|move|p1a: Kynareth|Dragon Ascent|p2a: Yveltall
|-damage|p2a: Yveltall|23/100
|-unboost|p1a: Kynareth|def|1
|-unboost|p1a: Kynareth|spd|1
|move|p2a: Yveltall|Ice Beam|p1a: Kynareth
|-activate||deltastream
|-supereffective|p1a: Kynareth
|-damage|p1a: Kynareth|0 fnt
|faint|p1a: Kynareth
|-weather|none
|
|win|Direhands
|raw|Starflight 888's rating: 1435 &rarr; <strong>1426</strong><br />(-9 for losing)
|raw|Direhands's rating: 1654 &rarr; <strong>1663</strong><br />(+9 for winning)
|c|☆Starflight 888|Man.
|c|☆Direhands|Ggwp
|c|☆Starflight 888|Gg.
