|j|☆TwTv Bepersch
|j|☆DiegoDM©
|t:|1654496403
|gametype|singles
|player|p1|TwTv Bepersch|marnie|1609
|player|p2|DiegoDM©|wikstrom|1854
|teamsize|p1|6
|teamsize|p2|6
|gen|8
|tier|[Gen 8] National Dex AG
|rated|
|rule|HP Percentage Mod: HP is shown in percentages
|rule|Endless Battle Clause: Forcing endless battles is banned
|clearpoke
|poke|p1|Yveltal|
|poke|p1|Zacian-*|
|poke|p1|Ditto|
|poke|p1|Calyrex-Shadow|
|poke|p1|Arceus-*|
|poke|p1|Deoxys-Speed|
|poke|p2|Deoxys-Attack|
|poke|p2|Calyrex-Shadow|
|poke|p2|Lugia|
|poke|p2|Xerneas-*|
|poke|p2|Rayquaza|
|poke|p2|Yveltal|
|teampreview
|inactive|Battle timer is ON: inactive players will automatically lose when time's up. (requested by DiegoDM©)
|
|t:|1654496410
|start
|switch|p1a: Deoxys|Deoxys-Speed|100/100
|switch|p2a: Xerneas|Xerneas|100/100
|-ability|p1a: Deoxys|Pressure
|-ability|p2a: Xerneas|Fairy Aura
|turn|1
|
|t:|1654496413
|move|p1a: Deoxys|Taunt|p2a: Xerneas
|-start|p2a: Xerneas|move: Taunt
|cant|p2a: Xerneas|move: Taunt|Geomancy
|
|upkeep
|turn|2
|
|t:|1654496415
|move|p1a: Deoxys|Stealth Rock|p2a: Xerneas
|-sidestart|p2: DiegoDM©|move: Stealth Rock
|move|p2a: Xerneas|Moonblast|p1a: Deoxys
|-damage|p1a: Deoxys|4/100
|
|upkeep
|turn|3
|
|t:|1654496423
|move|p1a: Deoxys|Knock Off|p2a: Xerneas
|-resisted|p2a: Xerneas
|-damage|p2a: Xerneas|92/100
|-enditem|p2a: Xerneas|Power Herb|[from] move: Knock Off|[of] p1a: Deoxys
|move|p2a: Xerneas|Moonblast|p1a: Deoxys
|-damage|p1a: Deoxys|0 fnt
|faint|p1a: Deoxys
|
|-end|p2a: Xerneas|move: Taunt
|upkeep
|
|t:|1654496425
|switch|p1a: Zacian|Zacian-Crowned|100/100
|-ability|p1a: Zacian|Intrepid Sword|boost
|-boost|p1a: Zacian|atk|1
|turn|4
|
|t:|1654496427
|switch|p2a: Lugia|Lugia|100/100
|move|p1a: Zacian|Behemoth Blade|p2a: Lugia
|-damage|p2a: Lugia|75/100
|
|upkeep
|turn|5
|
|t:|1654496430
|move|p1a: Zacian|Wild Charge|p2a: Lugia
|-supereffective|p2a: Lugia
|-damage|p2a: Lugia|10/100
|-damage|p1a: Zacian|80/100|[from] Recoil
|move|p2a: Lugia|Thunder Wave|p1a: Zacian
|-status|p1a: Zacian|par
|
|upkeep
|turn|6
|j| Apprenti Buck
|
|t:|1654496438
|move|p2a: Lugia|Roost|p2a: Lugia
|-heal|p2a: Lugia|60/100
|-singleturn|p2a: Lugia|move: Roost
|move|p1a: Zacian|Wild Charge|p2a: Lugia
|-damage|p2a: Lugia|31/100
|-damage|p1a: Zacian|70/100 par|[from] Recoil
|
|upkeep
|turn|7
|
|t:|1654496442
|switch|p1a: Yveltal|Yveltal|100/100
|-ability|p1a: Yveltal|Dark Aura
|move|p2a: Lugia|Roost|p2a: Lugia
|-heal|p2a: Lugia|81/100
|-singleturn|p2a: Lugia|move: Roost
|
|upkeep
|turn|8
|
|t:|1654496448
|-start|p1a: Yveltal|Dynamax|
|-heal|p1a: Yveltal|100/100|[silent]
|move|p1a: Yveltal|Max Airstream|p2a: Lugia
|-damage|p2a: Lugia|30/100
|-boost|p1a: Yveltal|spe|1
|-damage|p1a: Yveltal|96/100|[from] item: Life Orb
|move|p2a: Lugia|Thunder Wave|p1a: Yveltal
|-status|p1a: Yveltal|par
|
|upkeep
|turn|9
|
|t:|1654496454
|move|p2a: Lugia|Defog|p1a: Yveltal
|-unboost|p1a: Yveltal|evasion|1
|-sideend|p2: DiegoDM©|Stealth Rock|[from] move: Defog|[of] p2a: Lugia
|cant|p1a: Yveltal|par
|
|upkeep
|turn|10
|
|t:|1654496459
|move|p2a: Lugia|Roost|p2a: Lugia
|-heal|p2a: Lugia|80/100
|-singleturn|p2a: Lugia|move: Roost
|move|p1a: Yveltal|Max Darkness|p2a: Lugia
|-supereffective|p2a: Lugia
|-damage|p2a: Lugia|0 fnt
|faint|p2a: Lugia
|-damage|p1a: Yveltal|91/100 par|[from] item: Life Orb
|
|upkeep
|
|t:|1654496464
|switch|p2a: Xerneas|Xerneas|92/100
|-ability|p2a: Xerneas|Fairy Aura
|-end|p1a: Yveltal|Dynamax
|-heal|p1a: Yveltal|91/100 par|[silent]
|turn|11
|
|t:|1654496472
|switch|p1a: Zacian|Zacian-Crowned|70/100 par
|-ability|p1a: Zacian|Intrepid Sword|boost
|-boost|p1a: Zacian|atk|1
|move|p2a: Xerneas|Geomancy||[still]
|-prepare|p2a: Xerneas|Geomancy
|
|upkeep
|turn|12
|
|t:|1654496474
|move|p2a: Xerneas|Geomancy|p2a: Xerneas|[from]lockedmove
|-boost|p2a: Xerneas|spa|2
|-boost|p2a: Xerneas|spd|2
|-boost|p2a: Xerneas|spe|2
|move|p1a: Zacian|Behemoth Blade|p2a: Xerneas
|-supereffective|p2a: Xerneas
|-damage|p2a: Xerneas|0 fnt
|faint|p2a: Xerneas
|
|upkeep
|
|t:|1654496476
|switch|p2a: Deoxys|Deoxys-Attack|100/100
|-ability|p2a: Deoxys|Pressure
|turn|13
|
|t:|1654496480
|move|p2a: Deoxys|Stealth Rock|p1a: Zacian
|-sidestart|p1: TwTv Bepersch|move: Stealth Rock
|move|p1a: Zacian|Behemoth Blade|p2a: Deoxys
|-enditem|p2a: Deoxys|Focus Sash
|-damage|p2a: Deoxys|1/100
|
|upkeep
|turn|14
|
|t:|1654496483
|move|p2a: Deoxys|Thunderbolt|p1a: Zacian
|-damage|p1a: Zacian|22/100 par
|move|p1a: Zacian|Behemoth Blade|p2a: Deoxys
|-damage|p2a: Deoxys|0 fnt
|faint|p2a: Deoxys
|
|upkeep
|
|t:|1654496493
|switch|p2a: Calyrex|Calyrex-Shadow|100/100
|-ability|p2a: Calyrex|As One
|-ability|p2a: Calyrex|Unnerve
|turn|15
|
|t:|1654496501
|switch|p1a: Yveltal|Yveltal|91/100 par
|-damage|p1a: Yveltal|66/100 par|[from] Stealth Rock
|-ability|p1a: Yveltal|Dark Aura
|move|p2a: Calyrex|Astral Barrage|p1a: Yveltal
|-resisted|p1a: Yveltal
|-damage|p1a: Yveltal|32/100 par
|
|upkeep
|turn|16
|
|t:|1654496504
|move|p1a: Yveltal|Sucker Punch|p2a: Calyrex
|-supereffective|p2a: Calyrex
|-enditem|p2a: Calyrex|Focus Sash
|-damage|p2a: Calyrex|1/100
|-damage|p1a: Yveltal|22/100 par|[from] item: Life Orb
|move|p2a: Calyrex|Astral Barrage|p1a: Yveltal
|-resisted|p1a: Yveltal
|-damage|p1a: Yveltal|0 fnt
|faint|p1a: Yveltal
|-ability|p2a: Calyrex|Grim Neigh|boost
|-boost|p2a: Calyrex|spa|1
|
|upkeep
|
|t:|1654496507
|switch|p1a: Ditto|Ditto|100/100
|-damage|p1a: Ditto|88/100|[from] Stealth Rock
|-transform|p1a: Ditto|p2a: Calyrex|[from] ability: Imposter
|turn|17
|
|t:|1654496512
|switch|p2a: Yveltal|Yveltal|100/100
|-ability|p2a: Yveltal|Dark Aura
|move|p1a: Ditto|Astral Barrage|p2a: Yveltal
|-resisted|p2a: Yveltal
|-damage|p2a: Yveltal|52/100
|
|upkeep
|turn|18
|
|t:|1654496515
|switch|p1a: Arceus|Arceus-Fairy|100/100
|-damage|p1a: Arceus|88/100|[from] Stealth Rock
|-start|p2a: Yveltal|Dynamax|
|-heal|p2a: Yveltal|52/100|[silent]
|move|p2a: Yveltal|Max Airstream|p1a: Arceus
|-damage|p1a: Arceus|25/100
|-boost|p2a: Yveltal|spe|1
|-damage|p2a: Yveltal|47/100|[from] item: Life Orb
|
|upkeep
|turn|19
|
|t:|1654496524
|move|p2a: Yveltal|Max Airstream|p1a: Arceus
|-damage|p1a: Arceus|0 fnt
|-boost|p2a: Yveltal|spe|1
|faint|p1a: Arceus
|-damage|p2a: Yveltal|42/100|[from] item: Life Orb
|
|upkeep
|
|t:|1654496527
|switch|p1a: Zacian|Zacian-Crowned|22/100 par
|-damage|p1a: Zacian|16/100 par|[from] Stealth Rock
|-ability|p1a: Zacian|Intrepid Sword|boost
|-boost|p1a: Zacian|atk|1
|turn|20
|
|t:|1654496531
|move|p2a: Yveltal|Max Flare|p1a: Zacian
|-supereffective|p1a: Zacian
|-damage|p1a: Zacian|0 fnt
|-weather|SunnyDay
|faint|p1a: Zacian
|-damage|p2a: Yveltal|37/100|[from] item: Life Orb
|
|-weather|SunnyDay|[upkeep]
|upkeep
|
|t:|1654496534
|switch|p1a: Ditto|Ditto|88/100
|-damage|p1a: Ditto|76/100|[from] Stealth Rock
|-transform|p1a: Ditto|p2a: Yveltal|[from] ability: Imposter
|-ability|p1a: Ditto|Dark Aura
|-end|p2a: Yveltal|Dynamax
|-heal|p2a: Yveltal|37/100|[silent]
|turn|21
|
|t:|1654496545
|move|p1a: Ditto|Oblivion Wing|p2a: Yveltal
|-damage|p2a: Yveltal|0 fnt
|-heal|p1a: Ditto|100/100|[from] drain|[of] p2a: Yveltal
|faint|p2a: Yveltal
|
|-weather|SunnyDay|[upkeep]
|upkeep
|
|t:|1654496549
|switch|p2a: Rayquaza|Rayquaza|100/100
|-ability|p2a: Rayquaza|Air Lock
|turn|22
|
|t:|1654496553
|detailschange|p2a: Rayquaza|Rayquaza-Mega
|-mega|p2a: Rayquaza|Rayquaza|
|-weather|DeltaStream|[from] ability: Delta Stream|[of] p2a: Rayquaza
|move|p1a: Ditto|Oblivion Wing|p2a: Rayquaza
|-damage|p2a: Rayquaza|57/100
|move|p2a: Rayquaza|Dragon Ascent|p1a: Ditto
|-damage|p1a: Ditto|4/100
|-unboost|p2a: Rayquaza|def|1
|-unboost|p2a: Rayquaza|spd|1
|
|-weather|DeltaStream|[upkeep]
|upkeep
|turn|23
|
|t:|1654496569
|move|p1a: Ditto|Oblivion Wing|p2a: Rayquaza
|-damage|p2a: Rayquaza|0 fnt
|-heal|p1a: Ditto|54/100|[from] drain|[of] p2a: Rayquaza
|faint|p2a: Rayquaza
|-weather|none
|
|upkeep
|c|☆DiegoDM©|.-.
|inactive|DiegoDM© has 120 seconds left.
|c|☆DiegoDM©|1st attack 43% second attack without cr 59%
|c|☆DiegoDM©|ook
|
|t:|1654496603
|switch|p2a: Calyrex|Calyrex-Shadow|1/100
|-ability|p2a: Calyrex|As One
|-ability|p2a: Calyrex|Unnerve
|turn|24
|c|☆TwTv Bepersch|The opposing Rayquaza's Sp. Def fell!
|c|☆DiegoDM©|my bad dragon ascent
|
|t:|1654496625
|move|p1a: Ditto|Oblivion Wing|p2a: Calyrex
|-damage|p2a: Calyrex|0 fnt
|-heal|p1a: Ditto|54/100|[from] drain|[of] p2a: Calyrex
|faint|p2a: Calyrex
|
|win|TwTv Bepersch
|raw|TwTv Bepersch's rating: 1609 &rarr; <strong>1641</strong><br />(+32 for winning)
|raw|DiegoDM©'s rating: 1854 &rarr; <strong>1822</strong><br />(-32 for losing)
|l|☆DiegoDM©
