|j|☆DESTROYER997956
|j|☆Nobodi_Nowan
|t:|1654637936
|gametype|singles
|player|p1|DESTROYER997956|ash-kalos|1565
|player|p2|Nobodi_Nowan|acerola|1718
|teamsize|p1|6
|teamsize|p2|6
|gen|8
|tier|[Gen 8] National Dex AG
|rated|
|rule|HP Percentage Mod: HP is shown in percentages
|rule|Endless Battle Clause: Forcing endless battles is banned
|clearpoke
|poke|p1|Zygarde|
|poke|p1|Zacian-*|
|poke|p1|Marshadow|
|poke|p1|Zeraora|
|poke|p1|Calyrex-Shadow|
|poke|p1|Arceus-*|
|poke|p2|Forretress, F|
|poke|p2|Arceus-*|
|poke|p2|Kyogre|
|poke|p2|Calyrex-Shadow|
|poke|p2|Zacian-*|
|poke|p2|Rayquaza|
|teampreview
|
|t:|1654637955
|start
|switch|p1a: Calyrex|Calyrex-Shadow|100/100
|switch|p2a: Forretress|Forretress, F|100/100
|-ability|p1a: Calyrex|As One
|-ability|p1a: Calyrex|Unnerve
|turn|1
|
|t:|1654637961
|-start|p1a: Calyrex|Dynamax|
|-heal|p1a: Calyrex|100/100|[silent]
|move|p1a: Calyrex|Max Phantasm|p2a: Forretress
|-ability|p2a: Forretress|Sturdy
|-damage|p2a: Forretress|1/100
|-unboost|p2a: Forretress|def|1
|move|p2a: Forretress|Volt Switch|p1a: Calyrex
|-damage|p1a: Calyrex|95/100
|
|t:|1654637972
|switch|p2a: Calyrex|Calyrex-Shadow|100/100|[from]move: Volt Switch
|-ability|p2a: Calyrex|As One
|-ability|p2a: Calyrex|Unnerve
|
|upkeep
|turn|2
|
|t:|1654637977
|-end|p1a: Calyrex|Dynamax
|-heal|p1a: Calyrex|95/100|[silent]
|switch|p1a: Arceus|Arceus|100/100
|move|p2a: Calyrex|Astral Barrage|p1a: Arceus
|-immune|p1a: Arceus
|
|upkeep
|turn|3
|
|t:|1654637996
|switch|p1a: Calyrex|Calyrex-Shadow|95/100
|-ability|p1a: Calyrex|As One
|-ability|p1a: Calyrex|Unnerve
|-start|p2a: Calyrex|Dynamax|
|-heal|p2a: Calyrex|100/100|[silent]
|move|p2a: Calyrex|Max Mindstorm|p1a: Calyrex
|-resisted|p1a: Calyrex
|-damage|p1a: Calyrex|55/100
|-fieldstart|move: Psychic Terrain
|
|upkeep
|turn|4
|
|t:|1654638006
|move|p2a: Calyrex|Max Phantasm|p1a: Calyrex
|-supereffective|p1a: Calyrex
|-damage|p1a: Calyrex|0 fnt
|faint|p1a: Calyrex
|-ability|p2a: Calyrex|Grim Neigh|boost
|-boost|p2a: Calyrex|spa|1
|
|upkeep
|
|t:|1654638011
|switch|p1a: Marshadow|Marshadow|100/100
|turn|5
|
|t:|1654638018
|-end|p2a: Calyrex|Dynamax
|-heal|p2a: Calyrex|100/100|[silent]
|switch|p2a: Forretress|Forretress, F|1/100
|move|p1a: Marshadow|Spectral Thief|p2a: Forretress
|-damage|p2a: Forretress|0 fnt
|faint|p2a: Forretress
|
|upkeep
|
|t:|1654638031
|switch|p2a: Arceus|Arceus|100/100
|turn|6
|
|t:|1654638044
|switch|p1a: Zacian|Zacian-Crowned, shiny|100/100
|-ability|p1a: Zacian|Intrepid Sword|boost
|-boost|p1a: Zacian|atk|1
|move|p2a: Arceus|Shadow Claw|p1a: Zacian
|-damage|p1a: Zacian|77/100
|
|upkeep
|turn|7
|
|t:|1654638056
|move|p2a: Arceus|Extreme Speed|p1a: Zacian
|-activate|p1a: Zacian|move: Psychic Terrain
|move|p1a: Zacian|Behemoth Blade|p2a: Arceus
|-damage|p2a: Arceus|21/100
|
|-fieldend|move: Psychic Terrain
|upkeep
|turn|8
|
|t:|1654638064
|move|p2a: Arceus|Extreme Speed|p1a: Zacian
|-resisted|p1a: Zacian
|-damage|p1a: Zacian|58/100
|move|p1a: Zacian|Behemoth Blade|p2a: Arceus
|-damage|p2a: Arceus|0 fnt
|faint|p2a: Arceus
|
|upkeep
|
|t:|1654638074
|switch|p2a: Zacian|Zacian-Crowned|100/100
|-ability|p2a: Zacian|Intrepid Sword|boost
|-boost|p2a: Zacian|atk|1
|turn|9
|
|t:|1654638079
|move|p1a: Zacian|Behemoth Blade|p2a: Zacian
|-damage|p2a: Zacian|6/100
|move|p2a: Zacian|Behemoth Blade|p1a: Zacian
|-damage|p1a: Zacian|0 fnt
|faint|p1a: Zacian
|
|upkeep
|
|t:|1654638087
|switch|p1a: Marshadow|Marshadow|100/100
|turn|10
|
|t:|1654638090
|move|p1a: Marshadow|Shadow Sneak|p2a: Zacian
|-damage|p2a: Zacian|0 fnt
|faint|p2a: Zacian
|
|upkeep
|
|t:|1654638094
|switch|p2a: Kyogre|Kyogre|100/100
|detailschange|p2a: Kyogre|Kyogre-Primal
|-primal|p2a: Kyogre
|-weather|PrimordialSea|[from] ability: Primordial Sea|[of] p2a: Kyogre
|turn|11
|
|t:|1654638099
|switch|p1a: Arceus|Arceus|100/100
|move|p2a: Kyogre|Ice Beam|p1a: Arceus
|-damage|p1a: Arceus|68/100
|
|-weather|PrimordialSea|[upkeep]
|upkeep
|turn|12
|
|t:|1654638108
|move|p1a: Arceus|Extreme Speed|p2a: Kyogre
|-damage|p2a: Kyogre|56/100
|move|p2a: Kyogre|Origin Pulse|p1a: Arceus
|-damage|p1a: Arceus|0 fnt
|faint|p1a: Arceus
|
|-weather|PrimordialSea|[upkeep]
|upkeep
|
|t:|1654638114
|switch|p1a: Zeraora|Zeraora|100/100
|turn|13
|
|t:|1654638118
|move|p1a: Zeraora|Plasma Fists|p2a: Kyogre
|-supereffective|p2a: Kyogre
|-damage|p2a: Kyogre|0 fnt
|-fieldactivate|move: Ion Deluge
|-hint|Normal-type moves become Electric-type after using Plasma Fists.
|faint|p2a: Kyogre
|-weather|none
|-damage|p1a: Zeraora|91/100|[from] item: Life Orb
|
|upkeep
|
|t:|1654638126
|switch|p2a: Calyrex|Calyrex-Shadow|100/100
|-ability|p2a: Calyrex|As One
|-ability|p2a: Calyrex|Unnerve
|turn|14
|
|t:|1654638161
|move|p2a: Calyrex|Astral Barrage|p1a: Zeraora
|-damage|p1a: Zeraora|2/100
|move|p1a: Zeraora|Outrage|p2a: Calyrex
|-damage|p2a: Calyrex|41/100
|-damage|p1a: Zeraora|0 fnt|[from] item: Life Orb
|faint|p1a: Zeraora
|
|upkeep
|
|t:|1654638171
|switch|p1a: Marshadow|Marshadow|100/100
|turn|15
|
|t:|1654638178
|move|p2a: Calyrex|Astral Barrage|p1a: Marshadow
|-supereffective|p1a: Marshadow
|-enditem|p1a: Marshadow|Focus Sash
|-damage|p1a: Marshadow|1/100
|move|p1a: Marshadow|Spectral Thief|p2a: Calyrex
|-supereffective|p2a: Calyrex
|-damage|p2a: Calyrex|0 fnt
|faint|p2a: Calyrex
|
|upkeep
|
|t:|1654638189
|switch|p2a: Rayquaza|Rayquaza|100/100
|-ability|p2a: Rayquaza|Air Lock
|turn|16
|inactive|Battle timer is ON: inactive players will automatically lose when time's up. (requested by DESTROYER997956)
|
|t:|1654638195
|switch|p1a: Zygarde|Zygarde, shiny|100/100
|detailschange|p2a: Rayquaza|Rayquaza-Mega
|-mega|p2a: Rayquaza|Rayquaza|
|-weather|DeltaStream|[from] ability: Delta Stream|[of] p2a: Rayquaza
|move|p2a: Rayquaza|Surf|p1a: Zygarde
|-damage|p1a: Zygarde|67/100
|
|-weather|DeltaStream|[upkeep]
|upkeep
|turn|17
|
|t:|1654638211
|move|p1a: Zygarde|Extreme Speed|p2a: Rayquaza
|-damage|p2a: Rayquaza|76/100
|move|p2a: Rayquaza|Dragon Ascent|p1a: Zygarde
|-damage|p1a: Zygarde|0 fnt
|-unboost|p2a: Rayquaza|def|1
|-unboost|p2a: Rayquaza|spd|1
|faint|p1a: Zygarde
|
|-weather|DeltaStream|[upkeep]
|upkeep
|
|t:|1654638218
|switch|p1a: Marshadow|Marshadow|1/100
|turn|18
|
|t:|1654638227
|move|p1a: Marshadow|Ice Punch|p2a: Rayquaza
|-activate||deltastream
|-supereffective|p2a: Rayquaza
|-damage|p2a: Rayquaza|0 fnt
|faint|p2a: Rayquaza
|-weather|none
|
|win|DESTROYER997956
|raw|DESTROYER997956's rating: 1565 &rarr; <strong>1593</strong><br />(+28 for winning)
|raw|Nobodi_Nowan's rating: 1718 &rarr; <strong>1690</strong><br />(-28 for losing)
|c|☆DESTROYER997956|gg
|l|☆Nobodi_Nowan
||Ladder isn't responding, score probably updated but might not have (Request timeout).
