|j|☆Ike745
|j|☆Vertical's-Shadow
|t:|1663862024
|gametype|singles
|player|p1|Ike745|blue|1841
|player|p2|Vertical's-Shadow|maylene|1840
|teamsize|p1|6
|teamsize|p2|6
|gen|8
|tier|[Gen 8] National Dex AG
|rated|
|rule|HP Percentage Mod: HP is shown in percentages
|rule|Endless Battle Clause: Forcing endless battles is banned
|clearpoke
|poke|p1|Rayquaza|
|poke|p1|Groudon|
|poke|p1|Arceus-*|
|poke|p1|Calyrex-Shadow|
|poke|p1|Yveltal|
|poke|p1|Arceus-*|
|poke|p2|Zacian-*|
|poke|p2|Rayquaza|
|poke|p2|Calyrex-Shadow|
|poke|p2|Yveltal|
|poke|p2|Arceus-*|
|poke|p2|Ditto|
|teampreview
|inactive|Battle timer is ON: inactive players will automatically lose when time's up. (requested by Ike745)
|
|t:|1663862035
|start
|switch|p1a: Groudon|Groudon, shiny|100/100
|switch|p2a: Rayquaza|Rayquaza|100/100
|-ability|p2a: Rayquaza|Air Lock
|detailschange|p1a: Groudon|Groudon-Primal, shiny
|-primal|p1a: Groudon
|-weather|DesolateLand|[from] ability: Desolate Land|[of] p1a: Groudon
|turn|1
|
|t:|1663862041
|switch|p2a: Arceus|Arceus-Ground|100/100
|move|p1a: Groudon|Thunder Wave|p2a: Arceus
|-immune|p2a: Arceus
|
|-weather|DesolateLand|[upkeep]
|upkeep
|turn|2
|
|t:|1663862044
|-weather|none
|switch|p1a: Arceus|Arceus-Fairy|100/100
|move|p2a: Arceus|Ice Beam|p1a: Arceus
|-damage|p1a: Arceus|88/100
|
|upkeep
|turn|3
|
|t:|1663862052
|switch|p2a: Zacian|Zacian-Crowned|100/100
|-ability|p2a: Zacian|Intrepid Sword|boost
|-boost|p2a: Zacian|atk|1
|move|p1a: Arceus|Toxic|p2a: Zacian
|-immune|p2a: Zacian
|
|upkeep
|turn|4
|
|t:|1663862056
|switch|p1a: Groudon|Groudon-Primal, shiny|100/100
|-weather|DesolateLand|[from] ability: Desolate Land|[of] p1a: Groudon
|move|p2a: Zacian|Close Combat|p1a: Groudon
|-damage|p1a: Groudon|67/100
|-unboost|p2a: Zacian|def|1
|-unboost|p2a: Zacian|spd|1
|
|-weather|DesolateLand|[upkeep]
|upkeep
|turn|5
|
|t:|1663862065
|switch|p2a: Arceus|Arceus-Ground|100/100
|move|p1a: Groudon|Precipice Blades|p2a: Arceus|[miss]
|-miss|p1a: Groudon|p2a: Arceus
|
|-weather|DesolateLand|[upkeep]
|upkeep
|turn|6
|c|☆Ike745|i miss that too much man
|c|☆Ike745|it aint no 85 for me
|
|t:|1663862081
|-weather|none
|switch|p1a: Arceus|Arceus-Fairy|88/100
|move|p2a: Arceus|Judgment|p1a: Arceus
|-damage|p1a: Arceus|61/100
|
|upkeep
|turn|7
|inactive|Vertical's-Shadow has 120 seconds left.
|
|t:|1663862112
|move|p1a: Arceus|Recover|p1a: Arceus
|-heal|p1a: Arceus|100/100
|move|p2a: Arceus|Judgment|p1a: Arceus
|-damage|p1a: Arceus|74/100
|
|upkeep
|turn|8
|
|t:|1663862116
|move|p1a: Arceus|Toxic|p2a: Arceus|[miss]
|-miss|p1a: Arceus|p2a: Arceus
|move|p2a: Arceus|Judgment|p1a: Arceus
|-damage|p1a: Arceus|44/100
|
|upkeep
|turn|9
|c|☆Ike745|BRO
|c|☆Ike745|COME ON
|
|t:|1663862127
|switch|p2a: Zacian|Zacian-Crowned|100/100
|-ability|p2a: Zacian|Intrepid Sword|boost
|-boost|p2a: Zacian|atk|1
|move|p1a: Arceus|Recover|p1a: Arceus
|-heal|p1a: Arceus|94/100
|
|upkeep
|turn|10
|
|t:|1663862140
|switch|p1a: Groudon|Groudon-Primal, shiny|67/100
|-weather|DesolateLand|[from] ability: Desolate Land|[of] p1a: Groudon
|move|p2a: Zacian|Behemoth Blade|p1a: Groudon
|-resisted|p1a: Groudon
|-damage|p1a: Groudon|45/100
|
|-weather|DesolateLand|[upkeep]
|upkeep
|turn|11
|
|t:|1663862148
|switch|p2a: Arceus|Arceus-Ground|100/100
|move|p1a: Groudon|Precipice Blades|p2a: Arceus
|-damage|p2a: Arceus|64/100
|
|-weather|DesolateLand|[upkeep]
|upkeep
|turn|12
|inactive|Vertical's-Shadow has 120 seconds left.
|
|t:|1663862178
|move|p2a: Arceus|Recover|p2a: Arceus
|-heal|p2a: Arceus|100/100
|move|p1a: Groudon|Precipice Blades|p2a: Arceus
|-crit|p2a: Arceus
|-damage|p2a: Arceus|42/100
|
|-weather|DesolateLand|[upkeep]
|upkeep
|turn|13
|
|t:|1663862181
|-weather|none
|switch|p1a: Arceus|Arceus-Fairy|94/100
|move|p2a: Arceus|Judgment|p1a: Arceus
|-damage|p1a: Arceus|67/100
|
|upkeep
|turn|14
|
|t:|1663862190
|switch|p2a: Zacian|Zacian-Crowned|100/100
|-ability|p2a: Zacian|Intrepid Sword|boost
|-boost|p2a: Zacian|atk|1
|move|p1a: Arceus|Toxic|p2a: Zacian
|-immune|p2a: Zacian
|
|upkeep
|turn|15
|
|t:|1663862199
|switch|p2a: Arceus|Arceus-Ground|42/100
|switch|p1a: Groudon|Groudon-Primal, shiny|45/100
|-weather|DesolateLand|[from] ability: Desolate Land|[of] p1a: Groudon
|
|-weather|DesolateLand|[upkeep]
|upkeep
|turn|16
|
|t:|1663862212
|-weather|none
|switch|p1a: Arceus|Arceus-Fairy|67/100
|move|p2a: Arceus|Recover|p2a: Arceus
|-heal|p2a: Arceus|92/100
|
|upkeep
|turn|17
|
|t:|1663862216
|switch|p2a: Zacian|Zacian-Crowned|100/100
|-ability|p2a: Zacian|Intrepid Sword|boost
|-boost|p2a: Zacian|atk|1
|move|p1a: Arceus|Judgment|p2a: Zacian
|-resisted|p2a: Zacian
|-damage|p2a: Zacian|80/100
|
|upkeep
|turn|18
|
|t:|1663862232
|switch|p1a: Groudon|Groudon-Primal, shiny|45/100
|-weather|DesolateLand|[from] ability: Desolate Land|[of] p1a: Groudon
|move|p2a: Zacian|Close Combat|p1a: Groudon
|-damage|p1a: Groudon|14/100
|-unboost|p2a: Zacian|def|1
|-unboost|p2a: Zacian|spd|1
|
|-weather|DesolateLand|[upkeep]
|upkeep
|turn|19
|
|t:|1663862237
|move|p2a: Zacian|Behemoth Blade|p1a: Groudon
|-resisted|p1a: Groudon
|-damage|p1a: Groudon|0 fnt
|faint|p1a: Groudon
|-weather|none
|
|upkeep
|
|t:|1663862254
|switch|p1a: Rayquaza|Rayquaza|100/100
|-ability|p1a: Rayquaza|Air Lock
|turn|20
|
|t:|1663862259
|detailschange|p1a: Rayquaza|Rayquaza-Mega
|-mega|p1a: Rayquaza|Rayquaza|
|-weather|DeltaStream|[from] ability: Delta Stream|[of] p1a: Rayquaza
|move|p2a: Zacian|Play Rough|p1a: Rayquaza
|-supereffective|p1a: Rayquaza
|-enditem|p1a: Rayquaza|Focus Sash
|-damage|p1a: Rayquaza|1/100
|-unboost|p1a: Rayquaza|atk|1
|move|p1a: Rayquaza|Dragon Dance|p1a: Rayquaza
|-boost|p1a: Rayquaza|atk|1
|-boost|p1a: Rayquaza|spe|1
|
|-weather|DeltaStream|[upkeep]
|upkeep
|turn|21
|
|t:|1663862270
|move|p1a: Rayquaza|Earthquake|p2a: Zacian
|-supereffective|p2a: Zacian
|-damage|p2a: Zacian|0 fnt
|faint|p2a: Zacian
|
|-weather|DeltaStream|[upkeep]
|upkeep
|
|t:|1663862275
|switch|p2a: Ditto|Ditto|100/100
|-transform|p2a: Ditto|p1a: Rayquaza|[from] ability: Imposter
|turn|22
|
|t:|1663862283
|move|p2a: Ditto|Extreme Speed|p1a: Rayquaza
|-damage|p1a: Rayquaza|0 fnt
|faint|p1a: Rayquaza
|
|-weather|DeltaStream|[upkeep]
|upkeep
|
|t:|1663862296
|switch|p1a: Calyrex|Calyrex-Shadow|100/100
|-ability|p1a: Calyrex|As One
|-ability|p1a: Calyrex|Unnerve
|turn|23
|
|t:|1663862301
|-weather|none
|switch|p2a: Arceus|Arceus-Ground|92/100
|move|p1a: Calyrex|Nasty Plot|p1a: Calyrex
|-boost|p1a: Calyrex|spa|2
|
|upkeep
|turn|24
|c|☆Ike745|i like how u hit play rough and got the attack drop
|c|☆Vertical's-Shadow|lol
|inactive|Ike745 has 120 seconds left.
|
|t:|1663862339
|move|p1a: Calyrex|Astral Barrage|p2a: Arceus
|-damage|p2a: Arceus|2/100
|move|p2a: Arceus|Judgment|p1a: Calyrex
|-damage|p1a: Calyrex|52/100
|
|upkeep
|turn|25
|inactive|Ike745 has 120 seconds left.
|c|☆Ike745|always 2 percent man
|
|t:|1663862362
|move|p1a: Calyrex|Draining Kiss|p2a: Arceus
|-damage|p2a: Arceus|0 fnt
|-heal|p1a: Calyrex|54/100|[from] drain|[of] p2a: Arceus
|faint|p2a: Arceus
|-ability|p1a: Calyrex|Grim Neigh|boost
|-boost|p1a: Calyrex|spa|1
|
|upkeep
|c|☆Vertical's-Shadow|Lol
|
|t:|1663862371
|switch|p2a: Rayquaza|Rayquaza|100/100
|-ability|p2a: Rayquaza|Air Lock
|turn|26
|inactive|Ike745 has 120 seconds left.
|
|t:|1663862397
|detailschange|p2a: Rayquaza|Rayquaza-Mega
|-mega|p2a: Rayquaza|Rayquaza|
|-weather|DeltaStream|[from] ability: Delta Stream|[of] p2a: Rayquaza
|move|p1a: Calyrex|Draining Kiss|p2a: Rayquaza
|-supereffective|p2a: Rayquaza
|-enditem|p2a: Rayquaza|Focus Sash
|-damage|p2a: Rayquaza|1/100
|-heal|p1a: Calyrex|100/100|[from] drain|[of] p2a: Rayquaza
|move|p2a: Rayquaza|Scale Shot|p1a: Calyrex
|-damage|p1a: Calyrex|80/100
|-damage|p1a: Calyrex|59/100
|-damage|p1a: Calyrex|40/100
|-damage|p1a: Calyrex|19/100
|-hitcount|p1a: Calyrex|4
|-unboost|p2a: Rayquaza|def|1
|-boost|p2a: Rayquaza|spe|1
|
|-weather|DeltaStream|[upkeep]
|upkeep
|turn|27
|
|t:|1663862419
|move|p2a: Rayquaza|Dragon Ascent|p1a: Calyrex
|-damage|p1a: Calyrex|0 fnt
|-unboost|p2a: Rayquaza|def|1
|-unboost|p2a: Rayquaza|spd|1
|faint|p1a: Calyrex
|
|-weather|DeltaStream|[upkeep]
|upkeep
|inactive|Ike745 has 90 seconds left.
|
|t:|1663862457
|switch|p1a: Yveltal|Yveltal|100/100
|-ability|p1a: Yveltal|Dark Aura
|turn|28
|
|t:|1663862465
|-start|p1a: Yveltal|Dynamax|
|-heal|p1a: Yveltal|100/100|[silent]
|move|p2a: Rayquaza|Extreme Speed|p1a: Yveltal
|-damage|p1a: Yveltal|82/100
|move|p1a: Yveltal|Max Airstream|p2a: Rayquaza
|-damage|p2a: Rayquaza|0 fnt
|-boost|p1a: Yveltal|spe|1
|faint|p2a: Rayquaza
|-weather|none
|-damage|p1a: Yveltal|77/100|[from] item: Life Orb
|
|upkeep
|
|t:|1663862476
|switch|p2a: Yveltal|Yveltal|100/100
|-ability|p2a: Yveltal|Dark Aura
|turn|29
|
|t:|1663862481
|-start|p2a: Yveltal|Dynamax|
|-heal|p2a: Yveltal|100/100|[silent]
|move|p1a: Yveltal|Max Airstream|p2a: Yveltal
|-damage|p2a: Yveltal|56/100
|-boost|p1a: Yveltal|spe|1
|-damage|p1a: Yveltal|72/100|[from] item: Life Orb
|move|p2a: Yveltal|Max Airstream|p1a: Yveltal
|-damage|p1a: Yveltal|27/100
|-boost|p2a: Yveltal|spe|1
|-damage|p2a: Yveltal|52/100|[from] item: Life Orb
|
|upkeep
|turn|30
|
|t:|1663862492
|move|p1a: Yveltal|Max Airstream|p2a: Yveltal
|-damage|p2a: Yveltal|5/100
|-boost|p1a: Yveltal|spe|1
|-damage|p1a: Yveltal|22/100|[from] item: Life Orb
|move|p2a: Yveltal|Max Airstream|p1a: Yveltal
|-damage|p1a: Yveltal|0 fnt
|-boost|p2a: Yveltal|spe|1
|faint|p1a: Yveltal
|-damage|p2a: Yveltal|0 fnt|[from] item: Life Orb
|faint|p2a: Yveltal
|
|upkeep
|
|t:|1663862507
|switch|p2a: Calyrex|Calyrex-Shadow|100/100
|switch|p1a: Arceus|Arceus, shiny|100/100
|-ability|p2a: Calyrex|As One
|-ability|p2a: Calyrex|Unnerve
|turn|31
|
|t:|1663862528
|move|p2a: Calyrex|Psyshock|p1a: Arceus
|-damage|p1a: Arceus|68/100
|move|p1a: Arceus|Shadow Claw|p2a: Calyrex
|-supereffective|p2a: Calyrex
|-enditem|p2a: Calyrex|Focus Sash
|-damage|p2a: Calyrex|1/100
|
|upkeep
|turn|32
|
|t:|1663862541
|switch|p2a: Ditto|Ditto|100/100
|-transform|p2a: Ditto|p1a: Arceus|[from] ability: Imposter
|move|p1a: Arceus|Recover|p1a: Arceus
|-heal|p1a: Arceus|100/100
|
|upkeep
|turn|33
|
|t:|1663862549
|move|p2a: Ditto|Extreme Speed|p1a: Arceus
|-damage|p1a: Arceus|73/100
|move|p1a: Arceus|Extreme Speed|p2a: Ditto
|-damage|p2a: Ditto|57/100
|
|upkeep
|turn|34
|
|t:|1663862563
|move|p2a: Ditto|Extreme Speed|p1a: Arceus
|-damage|p1a: Arceus|44/100
|move|p1a: Arceus|Recover|p1a: Arceus
|-heal|p1a: Arceus|94/100
|
|upkeep
|turn|35
|
|t:|1663862566
|move|p2a: Ditto|Extreme Speed|p1a: Arceus
|-damage|p1a: Arceus|64/100
|move|p1a: Arceus|Extreme Speed|p2a: Ditto
|-damage|p2a: Ditto|10/100
|
|upkeep
|turn|36
|c|☆Vertical's-Shadow|Gg
|c|☆Ike745|gg
|
|t:|1663862572
|switch|p2a: Calyrex|Calyrex-Shadow|1/100
|-ability|p2a: Calyrex|As One
|-ability|p2a: Calyrex|Unnerve
|move|p1a: Arceus|Recover|p1a: Arceus
|-heal|p1a: Arceus|100/100
|
|upkeep
|turn|37
|
|t:|1663862576
|move|p2a: Calyrex|Psyshock|p1a: Arceus
|-damage|p1a: Arceus|67/100
|move|p1a: Arceus|Shadow Claw|p2a: Calyrex
|-supereffective|p2a: Calyrex
|-damage|p2a: Calyrex|0 fnt
|faint|p2a: Calyrex
|
|upkeep
|-message|Vertical's-Shadow forfeited.
|
|win|Ike745
|raw|Ike745's rating: 1841 &rarr; <strong>1861</strong><br />(+20 for winning)
|raw|Vertical&apos;s-Shadow's rating: 1840 &rarr; <strong>1820</strong><br />(-20 for losing)
|l|☆Vertical's-Shadow
||Ladder isn't responding, score probably updated but might not have (Request timeout).
