|j|☆Lord Rekkuza
|j|☆Log4j
|t:|1648184545
|gametype|singles
|player|p1|Lord Rekkuza|lance|1667
|player|p2|Log4j|266|1900
|teamsize|p1|6
|teamsize|p2|6
|gen|8
|tier|[Gen 8] National Dex AG
|rated|
|rule|HP Percentage Mod: HP is shown in percentages
|rule|Endless Battle Clause: Forcing endless battles is banned
|clearpoke
|poke|p1|Rayquaza|
|poke|p1|Necrozma-Dusk-Mane|
|poke|p1|Arceus-*|
|poke|p1|Arceus-*|
|poke|p1|Yveltal|
|poke|p1|Arceus-*|
|poke|p2|Rayquaza|
|poke|p2|Zacian-*|
|poke|p2|Yveltal|
|poke|p2|Groudon|
|poke|p2|Ho-Oh|
|poke|p2|Ditto|
|teampreview
|inactive|Battle timer is ON: inactive players will automatically lose when time's up. (requested by Lord Rekkuza)
|
|t:|1648184573
|start
|switch|p1a: Arceus|Arceus-Ground|100/100
|switch|p2a: Yveltal|Yveltal|100/100
|-ability|p2a: Yveltal|Dark Aura
|turn|1
|
|t:|1648184580
|switch|p1a: Arceus|Arceus-Dark|100/100
|-start|p2a: Yveltal|Dynamax
|-heal|p2a: Yveltal|100/100|[silent]
|move|p2a: Yveltal|Max Airstream|p1a: Arceus
|-damage|p1a: Arceus|53/100
|-boost|p2a: Yveltal|spe|1
|-damage|p2a: Yveltal|96/100|[from] item: Life Orb
|
|upkeep
|turn|2
|
|t:|1648184590
|move|p2a: Yveltal|Max Darkness|p1a: Arceus
|-resisted|p1a: Arceus
|-damage|p1a: Arceus|23/100
|-unboost|p1a: Arceus|spd|1
|-damage|p2a: Yveltal|91/100|[from] item: Life Orb
|move|p1a: Arceus|Recover|p1a: Arceus
|-heal|p1a: Arceus|73/100
|
|upkeep
|turn|3
|inactive|Lord Rekkuza has 120 seconds left.
|
|t:|1648184637
|-start|p1a: Arceus|Dynamax
|-heal|p1a: Arceus|73/100|[silent]
|move|p1a: Arceus|Max Guard|p1a: Arceus
|-singleturn|p1a: Arceus|Max Guard
|move|p2a: Yveltal|Max Darkness|p1a: Arceus
|-activate|p1a: Arceus|move: Max Guard
|
|-end|p2a: Yveltal|Dynamax
|-heal|p2a: Yveltal|91/100|[silent]
|upkeep
|turn|4
|
|t:|1648184645
|move|p2a: Yveltal|Focus Blast|p1a: Arceus
|-supereffective|p1a: Arceus
|-damage|p1a: Arceus|27/100
|-damage|p2a: Yveltal|81/100|[from] item: Life Orb
|move|p1a: Arceus|Max Darkness|p2a: Yveltal
|-resisted|p2a: Yveltal
|-damage|p2a: Yveltal|52/100
|-unboost|p2a: Yveltal|spd|1
|
|upkeep
|turn|5
|
|t:|1648184653
|-end|p1a: Arceus|Dynamax
|-heal|p1a: Arceus|27/100|[silent]
|switch|p1a: Yveltal|Yveltal|100/100
|-ability|p1a: Yveltal|Dark Aura
|move|p2a: Yveltal|Oblivion Wing|p1a: Yveltal
|-damage|p1a: Yveltal|48/100
|-heal|p2a: Yveltal|91/100|[from] drain|[of] p1a: Yveltal
|-damage|p2a: Yveltal|81/100|[from] item: Life Orb
|
|upkeep
|turn|6
|
|t:|1648184661
|move|p2a: Yveltal|Oblivion Wing|p1a: Yveltal
|-damage|p1a: Yveltal|0 fnt
|-heal|p2a: Yveltal|100/100|[from] drain|[of] p1a: Yveltal
|faint|p1a: Yveltal
|-damage|p2a: Yveltal|91/100|[from] item: Life Orb
|
|upkeep
|
|t:|1648184669
|switch|p1a: Arceus|Arceus-Ground|100/100
|turn|7
|
|t:|1648184672
|move|p2a: Yveltal|Dark Pulse|p1a: Arceus
|-damage|p1a: Arceus|42/100
|-damage|p2a: Yveltal|81/100|[from] item: Life Orb
|move|p1a: Arceus|Ice Beam|p2a: Yveltal
|-supereffective|p2a: Yveltal
|-damage|p2a: Yveltal|0 fnt
|faint|p2a: Yveltal
|
|upkeep
|
|t:|1648184676
|switch|p2a: Rayquaza|Rayquaza|100/100
|-ability|p2a: Rayquaza|Air Lock
|turn|8
|
|t:|1648184679
|detailschange|p2a: Rayquaza|Rayquaza-Mega
|-mega|p2a: Rayquaza|Rayquaza|
|-weather|DeltaStream|[from] ability: Delta Stream|[of] p2a: Rayquaza
|move|p1a: Arceus|Ice Beam|p2a: Rayquaza
|-activate||deltastream
|-supereffective|p2a: Rayquaza
|-damage|p2a: Rayquaza|43/100
|move|p2a: Rayquaza|Dragon Dance|p2a: Rayquaza
|-boost|p2a: Rayquaza|atk|1
|-boost|p2a: Rayquaza|spe|1
|
|-weather|DeltaStream|[upkeep]
|upkeep
|turn|9
|
|t:|1648184688
|move|p2a: Rayquaza|Dragon Ascent|p1a: Arceus
|-damage|p1a: Arceus|0 fnt
|-unboost|p2a: Rayquaza|def|1
|-unboost|p2a: Rayquaza|spd|1
|faint|p1a: Arceus
|
|-weather|DeltaStream|[upkeep]
|upkeep
|
|t:|1648184693
|switch|p1a: Rayquaza|Rayquaza|100/100
|-ability|p1a: Rayquaza|Air Lock
|turn|10
|
|t:|1648184702
|move|p2a: Rayquaza|Extreme Speed|p1a: Rayquaza
|-damage|p1a: Rayquaza|36/100
|move|p1a: Rayquaza|Extreme Speed|p2a: Rayquaza
|-damage|p2a: Rayquaza|0 fnt
|faint|p2a: Rayquaza
|-weather|none
|-damage|p1a: Rayquaza|26/100|[from] item: Life Orb
|
|upkeep
|
|t:|1648184709
|switch|p2a: Zacian|Zacian-Crowned|100/100
|-ability|p2a: Zacian|Intrepid Sword|boost
|-boost|p2a: Zacian|atk|1
|turn|11
|
|t:|1648184712
|switch|p1a: Necrozma|Necrozma-Dusk-Mane|100/100
|move|p2a: Zacian|Close Combat|p1a: Necrozma
|-damage|p1a: Necrozma|60/100
|-unboost|p2a: Zacian|def|1
|-unboost|p2a: Zacian|spd|1
|-damage|p2a: Zacian|84/100|[from] item: Rocky Helmet|[of] p1a: Necrozma
|
|upkeep
|turn|12
|
|t:|1648184715
|switch|p2a: Groudon|Groudon|100/100
|detailschange|p2a: Groudon|Groudon-Primal
|-primal|p2a: Groudon
|-weather|DesolateLand|[from] ability: Desolate Land|[of] p2a: Groudon
|move|p1a: Necrozma|Morning Sun|p1a: Necrozma
|-heal|p1a: Necrozma|100/100
|
|-weather|DesolateLand|[upkeep]
|upkeep
|turn|13
|
|t:|1648184721
|switch|p1a: Arceus|Arceus-Water|100/100
|move|p2a: Groudon|Overheat|p1a: Arceus
|-resisted|p1a: Arceus
|-damage|p1a: Arceus|70/100
|-unboost|p2a: Groudon|spa|2
|
|-weather|DesolateLand|[upkeep]
|upkeep
|turn|14
|
|t:|1648184723
|move|p1a: Arceus|Toxic|p2a: Groudon
|-status|p2a: Groudon|tox
|move|p2a: Groudon|Toxic|p1a: Arceus|[miss]
|-miss|p2a: Groudon|p1a: Arceus
|
|-weather|DesolateLand|[upkeep]
|-damage|p2a: Groudon|94/100 tox|[from] psn
|upkeep
|turn|15
|
|t:|1648184728
|move|p1a: Arceus|Recover|p1a: Arceus
|-heal|p1a: Arceus|100/100
|move|p2a: Groudon|Stealth Rock|p1a: Arceus
|-sidestart|p1: Lord Rekkuza|move: Stealth Rock
|
|-weather|DesolateLand|[upkeep]
|-damage|p2a: Groudon|82/100 tox|[from] psn
|upkeep
|turn|16
|
|t:|1648184730
|move|p1a: Arceus|Defog|p2a: Groudon
|-unboost|p2a: Groudon|evasion|1
|-sideend|p1: Lord Rekkuza|Stealth Rock|[from] move: Defog|[of] p1a: Arceus
|move|p2a: Groudon|Toxic|p1a: Arceus|[miss]
|-miss|p2a: Groudon|p1a: Arceus
|
|-weather|DesolateLand|[upkeep]
|-damage|p2a: Groudon|63/100 tox|[from] psn
|upkeep
|turn|17
|
|t:|1648184737
|-weather|none
|switch|p2a: Ho-Oh|Ho-Oh|100/100
|move|p1a: Arceus|Ice Beam|p2a: Ho-Oh
|-damage|p2a: Ho-Oh|87/100
|
|upkeep
|turn|18
|
|t:|1648184739
|move|p1a: Arceus|Toxic|p2a: Ho-Oh
|-status|p2a: Ho-Oh|tox
|move|p2a: Ho-Oh|Toxic|p1a: Arceus
|-status|p1a: Arceus|tox
|
|-damage|p1a: Arceus|94/100 tox|[from] psn
|-damage|p2a: Ho-Oh|81/100 tox|[from] psn
|upkeep
|turn|19
|
|t:|1648184745
|switch|p1a: Arceus|Arceus-Dark|27/100
|switch|p2a: Zacian|Zacian-Crowned|84/100
|-ability|p2a: Zacian|Intrepid Sword|boost
|-boost|p2a: Zacian|atk|1
|
|upkeep
|turn|20
|
|t:|1648184750
|switch|p2a: Groudon|Groudon-Primal|63/100 tox
|-weather|DesolateLand|[from] ability: Desolate Land|[of] p2a: Groudon
|switch|p1a: Necrozma|Necrozma-Dusk-Mane|100/100
|
|-weather|DesolateLand|[upkeep]
|-damage|p2a: Groudon|57/100 tox|[from] psn
|upkeep
|turn|21
|
|t:|1648184754
|switch|p1a: Arceus|Arceus-Water|94/100 tox
|move|p2a: Groudon|Stealth Rock|p1a: Arceus
|-sidestart|p1: Lord Rekkuza|move: Stealth Rock
|
|-weather|DesolateLand|[upkeep]
|-damage|p1a: Arceus|88/100 tox|[from] psn
|-damage|p2a: Groudon|45/100 tox|[from] psn
|upkeep
|turn|22
|
|t:|1648184763
|move|p1a: Arceus|Defog|p2a: Groudon
|-unboost|p2a: Groudon|evasion|1
|-sideend|p1: Lord Rekkuza|Stealth Rock|[from] move: Defog|[of] p1a: Arceus
|move|p2a: Groudon|Earthquake|p1a: Arceus
|-damage|p1a: Arceus|58/100 tox
|
|-weather|DesolateLand|[upkeep]
|-damage|p1a: Arceus|46/100 tox|[from] psn
|-damage|p2a: Groudon|26/100 tox|[from] psn
|upkeep
|turn|23
|
|t:|1648184766
|move|p1a: Arceus|Recover|p1a: Arceus
|-heal|p1a: Arceus|96/100 tox
|move|p2a: Groudon|Stealth Rock|p1a: Arceus
|-sidestart|p1: Lord Rekkuza|move: Stealth Rock
|
|-weather|DesolateLand|[upkeep]
|-damage|p1a: Arceus|78/100 tox|[from] psn
|-damage|p2a: Groudon|1/100 tox|[from] psn
|upkeep
|turn|24
|
|t:|1648184773
|move|p1a: Arceus|Defog|p2a: Groudon
|-unboost|p2a: Groudon|evasion|1
|-sideend|p1: Lord Rekkuza|Stealth Rock|[from] move: Defog|[of] p1a: Arceus
|move|p2a: Groudon|Stealth Rock|p1a: Arceus
|-sidestart|p1: Lord Rekkuza|move: Stealth Rock
|
|-weather|DesolateLand|[upkeep]
|-damage|p1a: Arceus|54/100 tox|[from] psn
|-damage|p2a: Groudon|0 fnt|[from] psn
|faint|p2a: Groudon
|-weather|none
|upkeep
|
|t:|1648184778
|switch|p2a: Zacian|Zacian-Crowned|84/100
|-ability|p2a: Zacian|Intrepid Sword|boost
|-boost|p2a: Zacian|atk|1
|turn|25
|
|t:|1648184782
|move|p2a: Zacian|Close Combat|p1a: Arceus
|-damage|p1a: Arceus|17/100 tox
|-unboost|p2a: Zacian|def|1
|-unboost|p2a: Zacian|spd|1
|move|p1a: Arceus|Defog|p2a: Zacian
|-unboost|p2a: Zacian|evasion|1
|-sideend|p1: Lord Rekkuza|Stealth Rock|[from] move: Defog|[of] p1a: Arceus
|
|-damage|p1a: Arceus|0 fnt|[from] psn
|faint|p1a: Arceus
|upkeep
|
|t:|1648184788
|switch|p1a: Necrozma|Necrozma-Dusk-Mane|100/100
|turn|26
|
|t:|1648184793
|switch|p2a: Ditto|Ditto|100/100
|-transform|p2a: Ditto|p1a: Necrozma|[from] ability: Imposter
|move|p1a: Necrozma|Stealth Rock|p2a: Ditto
|-sidestart|p2: Log4j|move: Stealth Rock
|
|upkeep
|turn|27
|
|t:|1648184800
|switch|p1a: Rayquaza|Rayquaza|26/100
|-ability|p1a: Rayquaza|Air Lock
|move|p2a: Ditto|Thunder Wave|p1a: Rayquaza
|-status|p1a: Rayquaza|par
|
|upkeep
|turn|28
|
|t:|1648184808
|switch|p2a: Ho-Oh|Ho-Oh|100/100 tox
|detailschange|p1a: Rayquaza|Rayquaza-Mega
|-mega|p1a: Rayquaza|Rayquaza|
|-weather|DeltaStream|[from] ability: Delta Stream|[of] p1a: Rayquaza
|move|p1a: Rayquaza|V-create|p2a: Ho-Oh
|-resisted|p2a: Ho-Oh
|-damage|p2a: Ho-Oh|65/100 tox
|-unboost|p1a: Rayquaza|spe|1
|-unboost|p1a: Rayquaza|def|1
|-unboost|p1a: Rayquaza|spd|1
|-damage|p1a: Rayquaza|16/100 par|[from] item: Life Orb
|
|-weather|DeltaStream|[upkeep]
|-damage|p2a: Ho-Oh|59/100 tox|[from] psn
|upkeep
|turn|29
|
|t:|1648184814
|move|p2a: Ho-Oh|Sacred Fire|p1a: Rayquaza
|-resisted|p1a: Rayquaza
|-damage|p1a: Rayquaza|0 fnt
|faint|p1a: Rayquaza
|-weather|none
|
|-damage|p2a: Ho-Oh|47/100 tox|[from] psn
|upkeep
|
|t:|1648184819
|switch|p1a: Arceus|Arceus-Dark|27/100
|turn|30
|
|t:|1648184824
|move|p1a: Arceus|Whirlpool|p2a: Ho-Oh
|-supereffective|p2a: Ho-Oh
|-damage|p2a: Ho-Oh|37/100 tox
|-activate|p2a: Ho-Oh|move: Whirlpool|[of] p1a: Arceus
|move|p2a: Ho-Oh|Defog|p1a: Arceus
|-unboost|p1a: Arceus|evasion|1
|-sideend|p2: Log4j|Stealth Rock|[from] move: Defog|[of] p2a: Ho-Oh
|
|-damage|p2a: Ho-Oh|19/100 tox|[from] psn
|-damage|p2a: Ho-Oh|7/100 tox|[from] move: Whirlpool|[partiallytrapped]
|upkeep
|turn|31
|
|t:|1648184833
|move|p1a: Arceus|Recover|p1a: Arceus
|-heal|p1a: Arceus|77/100
|move|p2a: Ho-Oh|Whirlwind|p1a: Arceus
|drag|p1a: Necrozma|Necrozma-Dusk-Mane|100/100
|
|-damage|p2a: Ho-Oh|0 fnt|[from] psn
|faint|p2a: Ho-Oh
|upkeep
|
|t:|1648184839
|switch|p2a: Ditto|Ditto|100/100
|-transform|p2a: Ditto|p1a: Necrozma|[from] ability: Imposter
|turn|32
|
|t:|1648184843
|switch|p1a: Arceus|Arceus-Dark|77/100
|move|p2a: Ditto|Thunder Wave|p1a: Arceus
|-status|p1a: Arceus|par
|
|upkeep
|turn|33
|
|t:|1648184850
|switch|p2a: Zacian|Zacian-Crowned|84/100
|-ability|p2a: Zacian|Intrepid Sword|boost
|-boost|p2a: Zacian|atk|1
|move|p1a: Arceus|Whirlpool|p2a: Zacian
|-damage|p2a: Zacian|76/100
|-activate|p2a: Zacian|move: Whirlpool|[of] p1a: Arceus
|
|-damage|p2a: Zacian|63/100|[from] move: Whirlpool|[partiallytrapped]
|upkeep
|turn|34
|
|t:|1648184859
|switch|p1a: Necrozma|Necrozma-Dusk-Mane|100/100
|move|p2a: Zacian|Close Combat|p1a: Necrozma
|-damage|p1a: Necrozma|61/100
|-unboost|p2a: Zacian|def|1
|-unboost|p2a: Zacian|spd|1
|-damage|p2a: Zacian|47/100|[from] item: Rocky Helmet|[of] p1a: Necrozma
|
|-end|p2a: Zacian|Whirlpool|[partiallytrapped]|[silent]
|upkeep
|turn|35
|
|t:|1648184865
|switch|p2a: Ditto|Ditto|100/100
|-transform|p2a: Ditto|p1a: Necrozma|[from] ability: Imposter
|move|p1a: Necrozma|Morning Sun|p1a: Necrozma
|-heal|p1a: Necrozma|100/100
|
|upkeep
|turn|36
|
|t:|1648184867
|switch|p2a: Zacian|Zacian-Crowned|47/100
|-ability|p2a: Zacian|Intrepid Sword|boost
|-boost|p2a: Zacian|atk|1
|switch|p1a: Arceus|Arceus-Dark|77/100 par
|
|upkeep
|turn|37
|
|t:|1648184877
|switch|p2a: Ditto|Ditto|100/100
|-transform|p2a: Ditto|p1a: Arceus|[from] ability: Imposter
|switch|p1a: Necrozma|Necrozma-Dusk-Mane|100/100
|
|upkeep
|turn|38
|
|t:|1648184892
|switch|p1a: Arceus|Arceus-Dark|77/100 par
|move|p2a: Ditto|Whirlpool|p1a: Arceus|[miss]
|-miss|p2a: Ditto|p1a: Arceus
|
|upkeep
|turn|39
|
|t:|1648184897
|move|p2a: Ditto|Whirlpool|p1a: Arceus
|-damage|p1a: Arceus|72/100 par
|-activate|p1a: Arceus|move: Whirlpool|[of] p2a: Ditto
|move|p1a: Arceus|Whirlpool|p2a: Ditto
|-damage|p2a: Ditto|93/100
|-activate|p2a: Ditto|move: Whirlpool|[of] p1a: Arceus
|
|-damage|p2a: Ditto|81/100|[from] move: Whirlpool|[partiallytrapped]
|-damage|p1a: Arceus|60/100 par|[from] move: Whirlpool|[partiallytrapped]
|upkeep
|turn|40
|
|t:|1648184906
|move|p2a: Ditto|Whirlpool|p1a: Arceus
|-damage|p1a: Arceus|55/100 par
|move|p1a: Arceus|Perish Song|p1a: Arceus
|-start|p1a: Arceus|perish3|[silent]
|-start|p2a: Ditto|perish3|[silent]
|-fieldactivate|move: Perish Song
|
|-damage|p2a: Ditto|68/100|[from] move: Whirlpool|[partiallytrapped]
|-damage|p1a: Arceus|43/100 par|[from] move: Whirlpool|[partiallytrapped]
|-start|p2a: Ditto|perish3
|-start|p1a: Arceus|perish3
|upkeep
|turn|41
|
|t:|1648184910
|move|p2a: Ditto|Whirlpool|p1a: Arceus
|-damage|p1a: Arceus|39/100 par
|move|p1a: Arceus|Recover|p1a: Arceus
|-heal|p1a: Arceus|89/100 par
|
|-damage|p2a: Ditto|56/100|[from] move: Whirlpool|[partiallytrapped]
|-damage|p1a: Arceus|76/100 par|[from] move: Whirlpool|[partiallytrapped]
|-start|p2a: Ditto|perish2
|-start|p1a: Arceus|perish2
|upkeep
|turn|42
|
|t:|1648184914
|move|p2a: Ditto|Whirlpool|p1a: Arceus
|-crit|p1a: Arceus
|-damage|p1a: Arceus|69/100 par
|cant|p1a: Arceus|par
|
|-damage|p2a: Ditto|44/100|[from] move: Whirlpool|[partiallytrapped]
|-damage|p1a: Arceus|57/100 par|[from] move: Whirlpool|[partiallytrapped]
|-start|p2a: Ditto|perish1
|-start|p1a: Arceus|perish1
|upkeep
|turn|43
|
|t:|1648184918
|-activate|p2a: Ditto|move: Struggle
|move|p2a: Ditto|Struggle|p1a: Arceus
|-crit|p1a: Arceus
|-damage|p1a: Arceus|46/100 par
|-damage|p2a: Ditto|19/100|[from] recoil
|move|p1a: Arceus|Recover|p1a: Arceus
|-heal|p1a: Arceus|96/100 par
|
|-damage|p2a: Ditto|6/100|[from] move: Whirlpool|[partiallytrapped]
|-damage|p1a: Arceus|83/100 par|[from] move: Whirlpool|[partiallytrapped]
|-start|p2a: Ditto|perish0
|-start|p1a: Arceus|perish0
|upkeep
|faint|p2a: Ditto
|faint|p1a: Arceus
|
|t:|1648184928
|switch|p1a: Necrozma|Necrozma-Dusk-Mane|100/100
|switch|p2a: Zacian|Zacian-Crowned|47/100
|-ability|p2a: Zacian|Intrepid Sword|boost
|-boost|p2a: Zacian|atk|1
|turn|44
|
|t:|1648184932
|move|p2a: Zacian|Close Combat|p1a: Necrozma
|-damage|p1a: Necrozma|60/100
|-unboost|p2a: Zacian|def|1
|-unboost|p2a: Zacian|spd|1
|-damage|p2a: Zacian|30/100|[from] item: Rocky Helmet|[of] p1a: Necrozma
|move|p1a: Necrozma|Sunsteel Strike|p2a: Zacian
|-damage|p2a: Zacian|0 fnt
|faint|p2a: Zacian
|
|win|Lord Rekkuza
|raw|Lord Rekkuza's rating: 1667 &rarr; <strong>1699</strong><br />(+32 for winning)
|raw|Log4j's rating: 1900 &rarr; <strong>1868</strong><br />(-32 for losing)
|l|☆Log4j
