|j|☆Pr3ssur3
|j|☆ImAbroom
|inactive|Battle timer is ON: inactive players will automatically lose when time's up.
|t:|1654569060
|gametype|singles
|player|p1|Pr3ssur3|schoolkid-gen4dp|
|player|p2|ImAbroom|red|
|teamsize|p1|6
|teamsize|p2|6
|gen|8
|tier|[Gen 8] National Dex AG
|rated|Tournament battle
|rule|HP Percentage Mod: HP is shown in percentages
|rule|Endless Battle Clause: Forcing endless battles is banned
|clearpoke
|poke|p1|Necrozma-Dusk-Mane|
|poke|p1|Arceus-*|
|poke|p1|Tyranitar, F|
|poke|p1|Arceus-*|
|poke|p1|Ho-Oh|
|poke|p1|Quagsire, M|
|poke|p2|Rayquaza|
|poke|p2|Xerneas-*|
|poke|p2|Zacian-*|
|poke|p2|Zygarde|
|poke|p2|Groudon|
|poke|p2|Ho-Oh|
|teampreview
|inactive|Pr3ssur3 also wants the timer to be on.
|j| Glaliegoesboom ❤
|j| Akari101
|
|t:|1654569078
|start
|switch|p1a: Arceus|Arceus-Grass|100/100
|switch|p2a: Upper Moon 5|Groudon|100/100
|detailschange|p2a: Upper Moon 5|Groudon-Primal
|-primal|p2a: Upper Moon 5
|-weather|DesolateLand|[from] ability: Desolate Land|[of] p2a: Upper Moon 5
|turn|1
|j| Hatersmad
|
|t:|1654569082
|switch|p1a: Arceus|Arceus-Ground|100/100
|move|p2a: Upper Moon 5|Fire Punch|p1a: Arceus
|-damage|p1a: Arceus|61/100
|
|-weather|DesolateLand|[upkeep]
|upkeep
|turn|2
|
|t:|1654569086
|-weather|none
|switch|p2a: Upper Moon 6|Ho-Oh|100/100
|move|p1a: Arceus|Earthquake|p2a: Upper Moon 6
|-immune|p2a: Upper Moon 6
|
|upkeep
|turn|3
|
|t:|1654569106
|switch|p1a: Ho-Oh|Ho-Oh, shiny|100/100
|move|p2a: Upper Moon 6|Toxic|p1a: Ho-Oh
|-status|p1a: Ho-Oh|tox
|
|-damage|p1a: Ho-Oh|94/100 tox|[from] psn
|upkeep
|turn|4
|j| Demonic Asura
|inactive|ImAbroom has 120 seconds left.
|
|t:|1654569136
|switch|p2a: Upper Moon 5|Groudon-Primal|100/100
|-weather|DesolateLand|[from] ability: Desolate Land|[of] p2a: Upper Moon 5
|move|p1a: Ho-Oh|Brave Bird|p2a: Upper Moon 5
|-damage|p2a: Upper Moon 5|57/100
|-damage|p1a: Ho-Oh|83/100 tox|[from] Recoil
|
|-weather|DesolateLand|[upkeep]
|-damage|p1a: Ho-Oh|71/100 tox|[from] psn
|upkeep
|turn|5
|inactive|ImAbroom has 120 seconds left.
|
|t:|1654569151
|switch|p1a: Arceus|Arceus-Ground|61/100
|move|p2a: Upper Moon 5|Stealth Rock|p1a: Arceus
|-sidestart|p1: Pr3ssur3|move: Stealth Rock
|
|-weather|DesolateLand|[upkeep]
|upkeep
|turn|6
|
|t:|1654569155
|-weather|none
|switch|p2a: Upper Moon 1|Rayquaza|100/100
|-ability|p2a: Upper Moon 1|Air Lock
|move|p1a: Arceus|Recover|p1a: Arceus
|-heal|p1a: Arceus|100/100
|
|upkeep
|turn|7
|
|t:|1654569159
|switch|p2a: Upper Moon 6|Ho-Oh|100/100
|move|p1a: Arceus|Swords Dance|p1a: Arceus
|-boost|p1a: Arceus|atk|2
|
|upkeep
|turn|8
|
|t:|1654569166
|move|p1a: Arceus|Stone Edge|p2a: Upper Moon 6
|-supereffective|p2a: Upper Moon 6
|-damage|p2a: Upper Moon 6|0 fnt
|faint|p2a: Upper Moon 6
|
|upkeep
|
|t:|1654569172
|switch|p2a: Upper Moon 4|Zygarde|100/100
|turn|9
|
|t:|1654569177
|switch|p1a: Arceus|Arceus-Grass|100/100
|-damage|p1a: Arceus|88/100|[from] Stealth Rock
|move|p2a: Upper Moon 4|Glare|p1a: Arceus
|-status|p1a: Arceus|par
|
|upkeep
|turn|10
|
|t:|1654569181
|switch|p2a: Upper Moon 5|Groudon-Primal|57/100
|-weather|DesolateLand|[from] ability: Desolate Land|[of] p2a: Upper Moon 5
|move|p1a: Arceus|Grass Knot|p2a: Upper Moon 5
|-damage|p2a: Upper Moon 5|0 fnt
|faint|p2a: Upper Moon 5
|-weather|none
|
|upkeep
|
|t:|1654569184
|switch|p2a: Upper Moon 2|Xerneas|100/100
|-ability|p2a: Upper Moon 2|Fairy Aura
|turn|11
|
|t:|1654569186
|switch|p1a: Necrozma|Necrozma-Dusk-Mane|100/100
|-damage|p1a: Necrozma|94/100|[from] Stealth Rock
|move|p2a: Upper Moon 2|Geomancy||[still]
|-prepare|p2a: Upper Moon 2|Geomancy
|-enditem|p2a: Upper Moon 2|Power Herb
|-anim|p2a: Upper Moon 2|Geomancy|p2a: Upper Moon 2
|-boost|p2a: Upper Moon 2|spa|2
|-boost|p2a: Upper Moon 2|spd|2
|-boost|p2a: Upper Moon 2|spe|2
|
|upkeep
|turn|12
|
|t:|1654569191
|-start|p2a: Upper Moon 2|Dynamax|
|-heal|p2a: Upper Moon 2|100/100|[silent]
|move|p2a: Upper Moon 2|Max Flare|p1a: Necrozma
|-supereffective|p1a: Necrozma
|-damage|p1a: Necrozma|19/100
|-weather|SunnyDay
|-zpower|p1a: Necrozma
|move|p1a: Necrozma|Searing Sunraze Smash|p2a: Upper Moon 2|[zeffect]
|-supereffective|p2a: Upper Moon 2
|-damage|p2a: Upper Moon 2|9/100
|
|-weather|SunnyDay|[upkeep]
|upkeep
|turn|13
|
|t:|1654569205
|move|p2a: Upper Moon 2|Max Flare|p1a: Necrozma
|-supereffective|p1a: Necrozma
|-damage|p1a: Necrozma|0 fnt
|faint|p1a: Necrozma
|
|-weather|SunnyDay|[upkeep]
|upkeep
|
|t:|1654569207
|switch|p1a: Ho-Oh|Ho-Oh, shiny|100/100 tox
|turn|14
|
|t:|1654569213
|-start|p1a: Ho-Oh|Dynamax|
|-heal|p1a: Ho-Oh|100/100 tox|[silent]
|move|p1a: Ho-Oh|Max Guard|p1a: Ho-Oh
|-singleturn|p1a: Ho-Oh|Max Guard
|move|p2a: Upper Moon 2|Max Starfall|p1a: Ho-Oh
|-activate|p1a: Ho-Oh|move: Max Guard
|
|-weather|SunnyDay|[upkeep]
|-damage|p1a: Ho-Oh|97/100 tox|[from] psn
|upkeep
|-end|p2a: Upper Moon 2|Dynamax
|-heal|p2a: Upper Moon 2|9/100|[silent]
|turn|15
|
|t:|1654569221
|move|p2a: Upper Moon 2|Thunder|p1a: Ho-Oh|[miss]
|-miss|p2a: Upper Moon 2|p1a: Ho-Oh
|move|p1a: Ho-Oh|Max Airstream|p2a: Upper Moon 2
|-damage|p2a: Upper Moon 2|0 fnt
|-boost|p1a: Ho-Oh|spe|1
|faint|p2a: Upper Moon 2
|
|-weather|SunnyDay|[upkeep]
|-damage|p1a: Ho-Oh|91/100 tox|[from] psn
|upkeep
|
|t:|1654569224
|switch|p2a: Upper Moon 4|Zygarde|100/100
|turn|16
|
|t:|1654569234
|-end|p1a: Ho-Oh|Dynamax
|-heal|p1a: Ho-Oh|92/100 tox|[silent]
|switch|p1a: Arceus|Arceus-Grass|88/100 par
|-damage|p1a: Arceus|76/100 par|[from] Stealth Rock
|move|p2a: Upper Moon 4|Dragon Dance|p2a: Upper Moon 4
|-boost|p2a: Upper Moon 4|atk|1
|-boost|p2a: Upper Moon 4|spe|1
|
|-weather|none
|upkeep
|turn|17
|
|t:|1654569238
|move|p2a: Upper Moon 4|Substitute|p2a: Upper Moon 4
|-start|p2a: Upper Moon 4|Substitute
|-damage|p2a: Upper Moon 4|76/100
|move|p1a: Arceus|Ice Beam|p2a: Upper Moon 4
|-supereffective|p2a: Upper Moon 4
|-end|p2a: Upper Moon 4|Substitute
|
|-heal|p2a: Upper Moon 4|82/100|[from] item: Leftovers
|upkeep
|turn|18
|
|t:|1654569244
|switch|p2a: Upper Moon 3|Zacian-Crowned|100/100
|-ability|p2a: Upper Moon 3|Intrepid Sword|boost
|-boost|p2a: Upper Moon 3|atk|1
|move|p1a: Arceus|Ice Beam|p2a: Upper Moon 3
|-resisted|p2a: Upper Moon 3
|-damage|p2a: Upper Moon 3|90/100
|
|upkeep
|turn|19
|j| default0
|
|t:|1654569248
|switch|p1a: Quagsire|Quagsire, M, shiny|100/100
|-damage|p1a: Quagsire|94/100|[from] Stealth Rock
|move|p2a: Upper Moon 3|Crunch|p1a: Quagsire
|-damage|p1a: Quagsire|72/100
|-damage|p2a: Upper Moon 3|73/100|[from] item: Rocky Helmet|[of] p1a: Quagsire
|
|upkeep
|turn|20
|
|t:|1654569254
|move|p2a: Upper Moon 3|Crunch|p1a: Quagsire
|-damage|p1a: Quagsire|50/100
|-damage|p2a: Upper Moon 3|57/100|[from] item: Rocky Helmet|[of] p1a: Quagsire
|move|p1a: Quagsire|Toxic|p2a: Upper Moon 3
|-immune|p2a: Upper Moon 3
|
|upkeep
|turn|21
|
|t:|1654569260
|move|p2a: Upper Moon 3|Crunch|p1a: Quagsire
|-damage|p1a: Quagsire|25/100
|-damage|p2a: Upper Moon 3|40/100|[from] item: Rocky Helmet|[of] p1a: Quagsire
|move|p1a: Quagsire|Recover|p1a: Quagsire
|-heal|p1a: Quagsire|75/100
|
|upkeep
|turn|22
|
|t:|1654569263
|move|p2a: Upper Moon 3|Crunch|p1a: Quagsire
|-damage|p1a: Quagsire|52/100
|-damage|p2a: Upper Moon 3|24/100|[from] item: Rocky Helmet|[of] p1a: Quagsire
|move|p1a: Quagsire|Toxic|p2a: Upper Moon 3
|-immune|p2a: Upper Moon 3
|
|upkeep
|turn|23
|
|t:|1654569268
|move|p2a: Upper Moon 3|Crunch|p1a: Quagsire
|-damage|p1a: Quagsire|27/100
|-unboost|p1a: Quagsire|def|1
|-damage|p2a: Upper Moon 3|7/100|[from] item: Rocky Helmet|[of] p1a: Quagsire
|move|p1a: Quagsire|Recover|p1a: Quagsire
|-heal|p1a: Quagsire|77/100
|
|upkeep
|turn|24
|
|t:|1654569273
|switch|p2a: Upper Moon 1|Rayquaza|100/100
|-ability|p2a: Upper Moon 1|Air Lock
|move|p1a: Quagsire|Recover|p1a: Quagsire
|-heal|p1a: Quagsire|100/100
|
|upkeep
|turn|25
|j| Watermelon chaser
|
|t:|1654569281
|switch|p1a: Ho-Oh|Ho-Oh, shiny|100/100 tox
|detailschange|p2a: Upper Moon 1|Rayquaza-Mega
|-mega|p2a: Upper Moon 1|Rayquaza|
|-weather|DeltaStream|[from] ability: Delta Stream|[of] p2a: Upper Moon 1
|move|p2a: Upper Moon 1|Dragon Dance|p2a: Upper Moon 1
|-boost|p2a: Upper Moon 1|atk|1
|-boost|p2a: Upper Moon 1|spe|1
|
|-weather|DeltaStream|[upkeep]
|-damage|p1a: Ho-Oh|94/100 tox|[from] psn
|upkeep
|turn|26
|j| seidou45
|
|t:|1654569291
|move|p2a: Upper Moon 1|Dragon Ascent|p1a: Ho-Oh
|-damage|p1a: Ho-Oh|0 fnt
|-unboost|p2a: Upper Moon 1|def|1
|-unboost|p2a: Upper Moon 1|spd|1
|faint|p1a: Ho-Oh
|
|-weather|DeltaStream|[upkeep]
|upkeep
|
|t:|1654569292
|switch|p1a: Quagsire|Quagsire, M, shiny|100/100
|-damage|p1a: Quagsire|94/100|[from] Stealth Rock
|turn|27
|
|t:|1654569319
|-weather|none
|switch|p2a: Upper Moon 4|Zygarde|82/100
|move|p1a: Quagsire|Recover|p1a: Quagsire
|-heal|p1a: Quagsire|100/100
|
|-heal|p2a: Upper Moon 4|88/100|[from] item: Leftovers
|upkeep
|turn|28
|
|t:|1654569328
|switch|p1a: Arceus|Arceus-Grass|76/100 par
|-damage|p1a: Arceus|64/100 par|[from] Stealth Rock
|move|p2a: Upper Moon 4|Substitute|p2a: Upper Moon 4
|-start|p2a: Upper Moon 4|Substitute
|-damage|p2a: Upper Moon 4|63/100
|
|-heal|p2a: Upper Moon 4|69/100|[from] item: Leftovers
|upkeep
|turn|29
|
|t:|1654569331
|move|p2a: Upper Moon 4|Dragon Dance|p2a: Upper Moon 4
|-boost|p2a: Upper Moon 4|atk|1
|-boost|p2a: Upper Moon 4|spe|1
|move|p1a: Arceus|Recover|p1a: Arceus
|-heal|p1a: Arceus|100/100 par
|
|-heal|p2a: Upper Moon 4|76/100|[from] item: Leftovers
|upkeep
|turn|30
|
|t:|1654569333
|move|p2a: Upper Moon 4|Dragon Dance|p2a: Upper Moon 4
|-boost|p2a: Upper Moon 4|atk|1
|-boost|p2a: Upper Moon 4|spe|1
|move|p1a: Arceus|Ice Beam|p2a: Upper Moon 4
|-supereffective|p2a: Upper Moon 4
|-crit|p2a: Upper Moon 4
|-end|p2a: Upper Moon 4|Substitute
|
|-heal|p2a: Upper Moon 4|82/100|[from] item: Leftovers
|upkeep
|turn|31
|
|t:|1654569335
|move|p2a: Upper Moon 4|Substitute|p2a: Upper Moon 4
|-start|p2a: Upper Moon 4|Substitute
|-damage|p2a: Upper Moon 4|57/100
|move|p1a: Arceus|Ice Beam|p2a: Upper Moon 4
|-supereffective|p2a: Upper Moon 4
|-end|p2a: Upper Moon 4|Substitute
|
|-heal|p2a: Upper Moon 4|63/100|[from] item: Leftovers
|upkeep
|turn|32
|
|t:|1654569337
|move|p2a: Upper Moon 4|Substitute|p2a: Upper Moon 4
|-start|p2a: Upper Moon 4|Substitute
|-damage|p2a: Upper Moon 4|38/100
|move|p1a: Arceus|Ice Beam|p2a: Upper Moon 4
|-supereffective|p2a: Upper Moon 4
|-end|p2a: Upper Moon 4|Substitute
|
|-heal|p2a: Upper Moon 4|45/100|[from] item: Leftovers
|-activate|p2a: Upper Moon 4|ability: Power Construct
|detailschange|p2a: Upper Moon 4|Zygarde-Complete
|-heal|p2a: Upper Moon 4|64/100|[silent]
|upkeep
|turn|33
|
|t:|1654569339
|move|p2a: Upper Moon 4|Substitute|p2a: Upper Moon 4
|-start|p2a: Upper Moon 4|Substitute
|-damage|p2a: Upper Moon 4|39/100
|move|p1a: Arceus|Ice Beam|p2a: Upper Moon 4
|-supereffective|p2a: Upper Moon 4
|-end|p2a: Upper Moon 4|Substitute
|
|-heal|p2a: Upper Moon 4|45/100|[from] item: Leftovers
|upkeep
|turn|34
|
|t:|1654569341
|move|p2a: Upper Moon 4|Substitute|p2a: Upper Moon 4
|-start|p2a: Upper Moon 4|Substitute
|-damage|p2a: Upper Moon 4|20/100
|cant|p1a: Arceus|par
|
|-heal|p2a: Upper Moon 4|26/100|[from] item: Leftovers
|upkeep
|turn|35
|
|t:|1654569344
|move|p2a: Upper Moon 4|Dragon Dance|p2a: Upper Moon 4
|-boost|p2a: Upper Moon 4|atk|1
|-boost|p2a: Upper Moon 4|spe|1
|move|p1a: Arceus|Ice Beam|p2a: Upper Moon 4
|-supereffective|p2a: Upper Moon 4
|-end|p2a: Upper Moon 4|Substitute
|
|-heal|p2a: Upper Moon 4|32/100|[from] item: Leftovers
|upkeep
|turn|36
|
|t:|1654569347
|move|p2a: Upper Moon 4|Substitute|p2a: Upper Moon 4
|-start|p2a: Upper Moon 4|Substitute
|-damage|p2a: Upper Moon 4|7/100
|move|p1a: Arceus|Ice Beam|p2a: Upper Moon 4
|-supereffective|p2a: Upper Moon 4
|-end|p2a: Upper Moon 4|Substitute
|
|-heal|p2a: Upper Moon 4|14/100|[from] item: Leftovers
|upkeep
|turn|37
|
|t:|1654569351
|move|p2a: Upper Moon 4|Thousand Arrows|p1a: Arceus
|-resisted|p1a: Arceus
|-damage|p1a: Arceus|73/100 par
|move|p1a: Arceus|Ice Beam|p2a: Upper Moon 4
|-supereffective|p2a: Upper Moon 4
|-damage|p2a: Upper Moon 4|0 fnt
|faint|p2a: Upper Moon 4
|
|upkeep
|
|t:|1654569354
|switch|p2a: Upper Moon 1|Rayquaza-Mega|100/100
|-weather|DeltaStream|[from] ability: Delta Stream|[of] p2a: Upper Moon 1
|turn|38
|
|t:|1654569358
|move|p2a: Upper Moon 1|Dragon Ascent|p1a: Arceus
|-supereffective|p1a: Arceus
|-damage|p1a: Arceus|0 fnt
|-unboost|p2a: Upper Moon 1|def|1
|-unboost|p2a: Upper Moon 1|spd|1
|faint|p1a: Arceus
|
|-weather|DeltaStream|[upkeep]
|upkeep
|
|t:|1654569359
|switch|p1a: Quagsire|Quagsire, M, shiny|100/100
|-damage|p1a: Quagsire|94/100|[from] Stealth Rock
|turn|39
|
|t:|1654569366
|move|p2a: Upper Moon 1|Dragon Ascent|p1a: Quagsire
|-damage|p1a: Quagsire|40/100
|-unboost|p2a: Upper Moon 1|def|1
|-unboost|p2a: Upper Moon 1|spd|1
|-damage|p2a: Upper Moon 1|84/100|[from] item: Rocky Helmet|[of] p1a: Quagsire
|move|p1a: Quagsire|Recover|p1a: Quagsire
|-heal|p1a: Quagsire|90/100
|
|-weather|DeltaStream|[upkeep]
|upkeep
|turn|40
|
|t:|1654569377
|switch|p1a: Tyranitar|Tyranitar, F, shiny|100/100
|-damage|p1a: Tyranitar|88/100|[from] Stealth Rock
|-ability|p1a: Tyranitar|Sand Stream|[from] deltastream|[fail]
|move|p2a: Upper Moon 1|Dragon Dance|p2a: Upper Moon 1
|-boost|p2a: Upper Moon 1|atk|1
|-boost|p2a: Upper Moon 1|spe|1
|
|-weather|DeltaStream|[upkeep]
|upkeep
|turn|41
|
|t:|1654569381
|move|p2a: Upper Moon 1|Earthquake|p1a: Tyranitar
|-supereffective|p1a: Tyranitar
|-enditem|p1a: Tyranitar|Shuca Berry|[eat]
|-enditem|p1a: Tyranitar|Shuca Berry|[weaken]
|-damage|p1a: Tyranitar|37/100
|move|p1a: Tyranitar|Foul Play|p2a: Upper Moon 1
|-damage|p2a: Upper Moon 1|0 fnt
|faint|p2a: Upper Moon 1
|-weather|none
|
|upkeep
|
|t:|1654569385
|switch|p2a: Upper Moon 3|Zacian-Crowned|7/100
|-ability|p2a: Upper Moon 3|Intrepid Sword|boost
|-boost|p2a: Upper Moon 3|atk|1
|turn|42
|
|t:|1654569389
|move|p2a: Upper Moon 3|Play Rough|p1a: Tyranitar
|-supereffective|p1a: Tyranitar
|-damage|p1a: Tyranitar|0 fnt
|faint|p1a: Tyranitar
|
|upkeep
|
|t:|1654569390
|switch|p1a: Quagsire|Quagsire, M, shiny|90/100
|-damage|p1a: Quagsire|84/100|[from] Stealth Rock
|turn|43
|
|t:|1654569394
|move|p2a: Upper Moon 3|Play Rough|p1a: Quagsire
|-damage|p1a: Quagsire|44/100
|-damage|p2a: Upper Moon 3|0 fnt|[from] item: Rocky Helmet|[of] p1a: Quagsire
|faint|p2a: Upper Moon 3
|
|win|Pr3ssur3
|n|☆Pr3ssur3|pr3ssur3
|n|☆ImAbroom|imabroom
|n| Glaliegoesboom ❤|glaliegoesboom
|n| Akari101|akari101
|n| Hatersmad|hatersmad
|n| Demonic Asura|demonicasura
|n| default0|default0
|n| Watermelon chaser|watermelonchaser
|n| seidou45|seidou45
