|j|☆Joltzzy
|j|☆Matsui_Miyako
|t:|1661048797
|gametype|singles
|player|p1|Joltzzy|irida|1408
|player|p2|Matsui_Miyako|silver|1475
|teamsize|p1|1
|teamsize|p2|6
|gen|8
|tier|[Gen 8] National Dex AG
|rated|
|rule|HP Percentage Mod: HP is shown in percentages
|rule|Endless Battle Clause: Forcing endless battles is banned
|clearpoke
|poke|p1|Zeraora|
|poke|p2|Arceus-*|
|poke|p2|Kyogre|
|poke|p2|Groudon|
|poke|p2|Yveltal|
|poke|p2|Mimikyu, F|
|poke|p2|Sableye, F|
|teampreview
|
|t:|1661048804
|start
|switch|p1a: Zeraora|Zeraora|100/100
|switch|p2a: Sableye|Sableye, F|100/100
|turn|1
|c|☆Joltzzy|Hello
|c|☆Matsui_Miyako|hi
|c|☆Matsui_Miyako|this is gonna b ez ig
|
|t:|1661048827
|move|p2a: Sableye|Fake Out|p1a: Zeraora
|-damage|p1a: Zeraora|90/100
|cant|p1a: Zeraora|flinch
|
|-heal|p1a: Zeraora|96/100|[from] item: Leftovers
|upkeep
|turn|2
|
|t:|1661048855
|move|p2a: Sableye|Toxic|p1a: Zeraora|[miss]
|-miss|p2a: Sableye|p1a: Zeraora
|move|p1a: Zeraora|Bulk Up|p1a: Zeraora
|-boost|p1a: Zeraora|atk|1
|-boost|p1a: Zeraora|def|1
|
|-heal|p1a: Zeraora|100/100|[from] item: Leftovers
|upkeep
|turn|3
|inactive|Battle timer is ON: inactive players will automatically lose when time's up. (requested by Matsui_Miyako)
|
|t:|1661048869
|move|p2a: Sableye|Toxic|p1a: Zeraora
|-status|p1a: Zeraora|tox
|move|p1a: Zeraora|Plasma Fists|p2a: Sableye
|-damage|p2a: Sableye|29/100
|-fieldactivate|move: Ion Deluge
|-hint|Normal-type moves become Electric-type after using Plasma Fists.
|
|-damage|p1a: Zeraora|95/100 tox|[from] psn
|upkeep
|turn|4
|
|t:|1661048886
|detailschange|p2a: Sableye|Sableye-Mega, F
|-mega|p2a: Sableye|Sableye|Sablenite
|move|p1a: Zeraora|Plasma Fists|p2a: Sableye
|-damage|p2a: Sableye|0 fnt
|-fieldactivate|move: Ion Deluge
|-hint|Normal-type moves become Electric-type after using Plasma Fists.
|faint|p2a: Sableye
|
|-heal|p1a: Zeraora|100/100 tox|[from] item: Leftovers
|-damage|p1a: Zeraora|89/100 tox|[from] psn
|upkeep
|
|t:|1661048893
|switch|p2a: Mimikyu|Mimikyu, F|100/100
|turn|5
|c|☆Matsui_Miyako|ggs
|
|t:|1661048898
|move|p1a: Zeraora|Knock Off|p2a: Mimikyu
|-activate|p2a: Mimikyu|ability: Disguise
|-damage|p2a: Mimikyu|100/100
|-enditem|p2a: Mimikyu|Salac Berry|[from] move: Knock Off|[of] p1a: Zeraora
|detailschange|p2a: Mimikyu|Mimikyu-Busted, F
|-damage|p2a: Mimikyu|88/100|[from] pokemon: Mimikyu-Busted
|move|p2a: Mimikyu|Curse|p1a: Zeraora
|-start|p1a: Zeraora|Curse|[of] p2a: Mimikyu
|-damage|p2a: Mimikyu|38/100
|
|-heal|p1a: Zeraora|95/100 tox|[from] item: Leftovers
|-damage|p1a: Zeraora|77/100 tox|[from] psn
|-damage|p1a: Zeraora|52/100 tox|[from] Curse
|upkeep
|turn|6
|
|t:|1661048909
|move|p2a: Mimikyu|Endure|p2a: Mimikyu
|-singleturn|p2a: Mimikyu|move: Endure
|move|p1a: Zeraora|Plasma Fists|p2a: Mimikyu
|-activate|p2a: Mimikyu|move: Endure
|-damage|p2a: Mimikyu|1/100
|-fieldactivate|move: Ion Deluge
|-hint|Normal-type moves become Electric-type after using Plasma Fists.
|
|-heal|p1a: Zeraora|58/100 tox|[from] item: Leftovers
|-damage|p1a: Zeraora|34/100 tox|[from] psn
|-damage|p1a: Zeraora|9/100 tox|[from] Curse
|upkeep
|turn|7
|
|t:|1661048919
|move|p2a: Mimikyu|Shadow Sneak|p1a: Zeraora
|-damage|p1a: Zeraora|0 fnt
|faint|p1a: Zeraora
|
|win|Matsui_Miyako
|raw|Joltzzy's rating: 1408 &rarr; <strong>1393</strong><br />(-15 for losing)
|raw|Matsui_Miyako's rating: 1488 &rarr; <strong>1503</strong><br />(+15 for winning)
|c|☆Joltzzy|gg
|c|☆Matsui_Miyako|ggs
|c|☆Matsui_Miyako|2 ez btw
