|j|☆mhjgcjhdjytd
|j|☆rowletroost
|t:|1641785437
|gametype|singles
|player|p1|mhjgcjhdjytd|rood|1624
|player|p2|rowletroost|lance|1757
|teamsize|p1|6
|teamsize|p2|6
|gen|8
|tier|[Gen 8] National Dex AG
|rated|
|rule|HP Percentage Mod: HP is shown in percentages
|rule|Endless Battle Clause: Forcing endless battles is banned
|clearpoke
|poke|p1|Calyrex-Shadow|
|poke|p1|Yveltal|
|poke|p1|Zacian-*|
|poke|p1|Rayquaza|
|poke|p1|Ditto|
|poke|p1|Groudon|
|poke|p2|Arceus-*|
|poke|p2|Xerneas-*|
|poke|p2|Kyogre|
|poke|p2|Marshadow|
|poke|p2|Ribombee, M|
|poke|p2|Vivillon-Savanna, F|
|teampreview
|inactive|Battle timer is ON: inactive players will automatically lose when time's up. (requested by rowletroost)
|
|t:|1641785461
|start
|switch|p1a: Groudon|Groudon|100/100
|switch|p2a: Arceus|Arceus-Ground|100/100
|detailschange|p1a: Groudon|Groudon-Primal
|-primal|p1a: Groudon
|-weather|DesolateLand|[from] ability: Desolate Land|[of] p1a: Groudon
|turn|1
|
|t:|1641785476
|-weather|none
|switch|p1a: T Bone|Yveltal, shiny|100/100
|-ability|p1a: T Bone|Dark Aura
|move|p2a: Arceus|Ice Beam|p1a: T Bone
|-supereffective|p1a: T Bone
|-damage|p1a: T Bone|61/100
|
|upkeep
|turn|2
|
|t:|1641785481
|-start|p1a: T Bone|Dynamax
|-heal|p1a: T Bone|61/100|[silent]
|move|p1a: T Bone|Max Darkness|p2a: Arceus
|-damage|p2a: Arceus|58/100
|-unboost|p2a: Arceus|spd|1
|move|p2a: Arceus|Ice Beam|p1a: T Bone
|-supereffective|p1a: T Bone
|-crit|p1a: T Bone
|-damage|p1a: T Bone|32/100
|
|upkeep
|turn|3
|
|t:|1641785490
|switch|p2a: Kyogre|Kyogre, shiny|100/100
|detailschange|p2a: Kyogre|Kyogre-Primal, shiny
|-primal|p2a: Kyogre
|-weather|PrimordialSea|[from] ability: Primordial Sea|[of] p2a: Kyogre
|move|p1a: T Bone|Max Darkness|p2a: Kyogre
|-damage|p2a: Kyogre|64/100
|-unboost|p2a: Kyogre|spd|1
|
|-weather|PrimordialSea|[upkeep]
|upkeep
|turn|4
|
|t:|1641785502
|move|p1a: T Bone|Max Darkness|p2a: Kyogre
|-damage|p2a: Kyogre|3/100
|-unboost|p2a: Kyogre|spd|1
|move|p2a: Kyogre|Thunder|p1a: T Bone
|-supereffective|p1a: T Bone
|-damage|p1a: T Bone|0 fnt
|faint|p1a: T Bone
|
|-weather|PrimordialSea|[upkeep]
|upkeep
|
|t:|1641785509
|switch|p1a: Calyrex|Calyrex-Shadow|100/100
|-ability|p1a: Calyrex|As One
|-ability|p1a: Calyrex|Unnerve
|turn|5
|inactive|rowletroost has 120 seconds left.
|
|t:|1641785543
|move|p1a: Calyrex|Astral Barrage|p2a: Kyogre
|-crit|p2a: Kyogre
|-damage|p2a: Kyogre|0 fnt
|faint|p2a: Kyogre
|-weather|none
|-ability|p1a: Calyrex|Grim Neigh|boost
|-boost|p1a: Calyrex|spa|1
|
|upkeep
|
|t:|1641785546
|switch|p2a: Ribombee|Ribombee, M, shiny|100/100
|turn|6
|
|t:|1641785556
|switch|p1a: Groudon|Groudon-Primal|100/100
|-weather|DesolateLand|[from] ability: Desolate Land|[of] p1a: Groudon
|move|p2a: Ribombee|Sticky Web|p1a: Groudon
|-sidestart|p1: mhjgcjhdjytd|move: Sticky Web
|
|-weather|DesolateLand|[upkeep]
|upkeep
|turn|7
|
|t:|1641785561
|switch|p2a: Arceus|Arceus-Ground|58/100
|move|p1a: Groudon|Fire Punch|p2a: Arceus
|-damage|p2a: Arceus|22/100
|
|-weather|DesolateLand|[upkeep]
|upkeep
|turn|8
|
|t:|1641785566
|move|p1a: Groudon|Fire Punch|p2a: Arceus
|-damage|p2a: Arceus|0 fnt
|faint|p2a: Arceus
|
|-weather|DesolateLand|[upkeep]
|upkeep
|
|t:|1641785573
|switch|p2a: Xerneas|Xerneas, shiny|100/100
|-ability|p2a: Xerneas|Fairy Aura
|turn|9
|
|t:|1641785576
|move|p1a: Groudon|Thunder Wave|p2a: Xerneas|[miss]
|-miss|p1a: Groudon|p2a: Xerneas
|move|p2a: Xerneas|Geomancy||[still]
|-prepare|p2a: Xerneas|Geomancy
|-enditem|p2a: Xerneas|Power Herb
|-anim|p2a: Xerneas|Geomancy|p2a: Xerneas
|-boost|p2a: Xerneas|spa|2
|-boost|p2a: Xerneas|spd|2
|-boost|p2a: Xerneas|spe|2
|
|-weather|DesolateLand|[upkeep]
|upkeep
|turn|10
|
|t:|1641785579
|-start|p2a: Xerneas|Dynamax
|-heal|p2a: Xerneas|100/100|[silent]
|move|p2a: Xerneas|Max Mindstorm|p1a: Groudon
|-damage|p1a: Groudon|0 fnt
|-fieldstart|move: Psychic Terrain
|faint|p1a: Groudon
|-weather|none
|
|upkeep
|
|t:|1641785584
|switch|p1a: Ditto|Ditto|100/100
|-activate|p1a: Ditto|move: Sticky Web
|-unboost|p1a: Ditto|spe|1
|-transform|p1a: Ditto|p2a: Xerneas|[from] ability: Imposter
|-ability|p1a: Ditto|Fairy Aura
|turn|11
|c|☆mhjgcjhdjytd|of cource i miss the t wave
|
|t:|1641785606
|move|p1a: Ditto|Moonblast|p2a: Xerneas
|-damage|p2a: Xerneas|67/100
|move|p2a: Xerneas|Max Starfall|p1a: Ditto
|-damage|p1a: Ditto|0 fnt
|-fieldstart|move: Misty Terrain
|faint|p1a: Ditto
|
|upkeep
|
|t:|1641785610
|switch|p1a: Zacian|Zacian-Crowned, shiny|100/100
|-activate|p1a: Zacian|move: Sticky Web
|-unboost|p1a: Zacian|spe|1
|-ability|p1a: Zacian|Intrepid Sword|boost
|-boost|p1a: Zacian|atk|1
|turn|12
|
|t:|1641785612
|move|p2a: Xerneas|Max Flare|p1a: Zacian
|-supereffective|p1a: Zacian
|-damage|p1a: Zacian|0 fnt
|-weather|SunnyDay
|faint|p1a: Zacian
|
|-weather|SunnyDay|[upkeep]
|-end|p2a: Xerneas|Dynamax
|-heal|p2a: Xerneas|67/100|[silent]
|upkeep
|
|t:|1641785616
|switch|p1a: Rayquaza|Rayquaza|100/100
|-ability|p1a: Rayquaza|Air Lock
|turn|13
|
|t:|1641785631
|detailschange|p1a: Rayquaza|Rayquaza-Mega
|-mega|p1a: Rayquaza|Rayquaza|
|-weather|DeltaStream|[from] ability: Delta Stream|[of] p1a: Rayquaza
|move|p2a: Xerneas|Moonblast|p1a: Rayquaza
|-supereffective|p1a: Rayquaza
|-enditem|p1a: Rayquaza|Focus Sash
|-damage|p1a: Rayquaza|1/100
|-unboost|p1a: Rayquaza|spa|1
|move|p1a: Rayquaza|Dragon Ascent|p2a: Xerneas
|-damage|p2a: Xerneas|3/100
|-unboost|p1a: Rayquaza|def|1
|-unboost|p1a: Rayquaza|spd|1
|
|-weather|DeltaStream|[upkeep]
|upkeep
|turn|14
|
|t:|1641785642
|move|p1a: Rayquaza|Extreme Speed|p2a: Xerneas
|-damage|p2a: Xerneas|0 fnt
|faint|p2a: Xerneas
|
|-weather|DeltaStream|[upkeep]
|upkeep
|
|t:|1641785646
|switch|p2a: Marshadow|Marshadow|100/100
|turn|15
|
|t:|1641785651
|move|p2a: Marshadow|Shadow Sneak|p1a: Rayquaza
|-damage|p1a: Rayquaza|0 fnt
|faint|p1a: Rayquaza
|-weather|none
|
|-fieldend|Misty Terrain
|upkeep
|
|t:|1641785654
|switch|p1a: Calyrex|Calyrex-Shadow|100/100
|-ability|p1a: Calyrex|As One
|-ability|p1a: Calyrex|Unnerve
|-activate|p1a: Calyrex|move: Sticky Web
|-unboost|p1a: Calyrex|spe|1
|turn|16
|
|t:|1641785667
|move|p2a: Marshadow|Shadow Sneak|p1a: Calyrex
|-supereffective|p1a: Calyrex
|-enditem|p1a: Calyrex|Focus Sash
|-damage|p1a: Calyrex|1/100
|move|p1a: Calyrex|Astral Barrage|p2a: Marshadow
|-supereffective|p2a: Marshadow
|-enditem|p2a: Marshadow|Focus Sash
|-damage|p2a: Marshadow|1/100
|
|upkeep
|turn|17
|
|t:|1641785671
|move|p2a: Marshadow|Shadow Sneak|p1a: Calyrex
|-supereffective|p1a: Calyrex
|-damage|p1a: Calyrex|0 fnt
|faint|p1a: Calyrex
|
|win|rowletroost
|raw|mhjgcjhdjytd's rating: 1624 &rarr; <strong>1612</strong><br />(-12 for losing)
|raw|rowletroost's rating: 1773 &rarr; <strong>1785</strong><br />(+12 for winning)
|l|☆mhjgcjhdjytd
