|j|☆TwentyTwan
|j|☆Lucartes
|t:|1601488857
|player|p1|TwentyTwan|266|
|player|p2|Lucartes|hiker-gen4|
|teamsize|p1|6
|teamsize|p2|6
|gametype|singles
|gen|8
|tier|[Gen 8] National Dex AG
|clearpoke
|poke|p1|Diancie|
|poke|p1|Cinderace, F|
|poke|p1|Corviknight, F|
|poke|p1|Amoonguss, M|
|poke|p1|Cloyster, F|
|poke|p1|Azelf|
|poke|p2|Gallade, M|
|poke|p2|Raikou|
|poke|p2|Darmanitan, M|
|poke|p2|Grimmsnarl, M|
|poke|p2|Unfezant, F|
|poke|p2|Seismitoad, M|
|rule|HP Percentage Mod: HP is shown in percentages
|rule|Endless Battle Clause: Forcing endless battles is banned
|teampreview
|j| Aerialbanana
|j| Rashka99
|c| Aerialbanana|gl
|j| Zarbon's_Nut
|c| Zarbon's_Nut|glhf
|j| Reyggor
|j| Curseroy1990
|c| Curseroy1990|gl hf!!
|l| Curseroy1990
|j| Curseroy1990
|
|t:|1601489153
|start
|switch|p1a: Amoonguss|Amoonguss, M, shiny|100/100
|switch|p2a: Globox|Seismitoad, M|100/100
|turn|1
|
|t:|1601489214
|move|p2a: Globox|Stealth Rock|p1a: Amoonguss
|-sidestart|p1: TwentyTwan|move: Stealth Rock
|move|p1a: Amoonguss|Spore|p2a: Globox
|-status|p2a: Globox|slp|[from] move: Spore
|
|upkeep
|turn|2
|
|t:|1601489224
|cant|p2a: Globox|slp
|move|p1a: Amoonguss|Energy Ball|p2a: Globox
|-supereffective|p2a: Globox
|-damage|p2a: Globox|0 fnt
|faint|p2a: Globox
|
|upkeep
|
|t:|1601489241
|switch|p2a: Pongy|Unfezant, F|100/100
|turn|3
|
|t:|1601489259
|switch|p1a: Corviknight|Corviknight, F, shiny|100/100
|-damage|p1a: Corviknight|88/100|[from] Stealth Rock
|-ability|p1a: Corviknight|Pressure
|move|p2a: Pongy|Tailwind|p2a: Pongy
|-sidestart|p2: Lucartes|move: Tailwind
|
|-heal|p1a: Corviknight|94/100|[from] item: Leftovers
|upkeep
|turn|4
|
|t:|1601489319
|move|p2a: Pongy|Night Slash|p1a: Corviknight
|-damage|p1a: Corviknight|74/100
|move|p1a: Corviknight|Bulk Up|p1a: Corviknight
|-boost|p1a: Corviknight|atk|1
|-boost|p1a: Corviknight|def|1
|
|-heal|p1a: Corviknight|81/100|[from] item: Leftovers
|upkeep
|turn|5
|
|t:|1601489339
|switch|p2a: Topaz|Raikou, shiny|100/100
|-ability|p2a: Topaz|Pressure
|move|p1a: Corviknight|Brave Bird|p2a: Topaz
|-resisted|p2a: Topaz
|-damage|p2a: Topaz|65/100
|-damage|p1a: Corviknight|71/100|[from] Recoil
|
|-heal|p1a: Corviknight|77/100|[from] item: Leftovers
|upkeep
|turn|6
|
|t:|1601489350
|move|p1a: Corviknight|Protect|p1a: Corviknight
|-singleturn|p1a: Corviknight|Protect
|move|p2a: Topaz|Thunderbolt|p1a: Corviknight
|-activate|p1a: Corviknight|move: Protect
|
|-heal|p1a: Corviknight|84/100|[from] item: Leftovers
|-sideend|p2: Lucartes|move: Tailwind
|upkeep
|turn|7
|
|t:|1601489364
|switch|p1a: Amoonguss|Amoonguss, M, shiny|100/100
|-damage|p1a: Amoonguss|88/100|[from] Stealth Rock
|move|p2a: Topaz|Thunderbolt|p1a: Amoonguss
|-resisted|p1a: Amoonguss
|-damage|p1a: Amoonguss|73/100
|
|-heal|p1a: Amoonguss|79/100|[from] item: Black Sludge
|upkeep
|turn|8
|
|t:|1601489374
|move|p2a: Topaz|Shadow Ball|p1a: Amoonguss
|-damage|p1a: Amoonguss|61/100
|move|p1a: Amoonguss|Spore|p2a: Topaz
|-status|p2a: Topaz|slp|[from] move: Spore
|
|-heal|p1a: Amoonguss|67/100|[from] item: Black Sludge
|upkeep
|turn|9
|
|t:|1601489387
|cant|p2a: Topaz|slp
|move|p1a: Amoonguss|Sludge Bomb|p2a: Topaz
|-damage|p2a: Topaz|37/100 slp
|
|-heal|p1a: Amoonguss|74/100|[from] item: Black Sludge
|upkeep
|turn|10
|
|t:|1601489404
|switch|p2a: Muro|Grimmsnarl, M|100/100
|move|p1a: Amoonguss|Sludge Bomb|p2a: Muro
|-supereffective|p2a: Muro
|-damage|p2a: Muro|35/100
|
|-heal|p1a: Amoonguss|80/100|[from] item: Black Sludge
|upkeep
|turn|11
|
|t:|1601489429
|move|p2a: Muro|Sucker Punch|p1a: Amoonguss
|-damage|p1a: Amoonguss|39/100
|move|p1a: Amoonguss|Sludge Bomb|p2a: Muro
|-supereffective|p2a: Muro
|-damage|p2a: Muro|0 fnt
|faint|p2a: Muro
|
|-heal|p1a: Amoonguss|45/100|[from] item: Black Sludge
|upkeep
|
|t:|1601489436
|switch|p2a: DK|Darmanitan, M|100/100
|turn|12
|
|t:|1601489441
|move|p1a: Amoonguss|Protect|p1a: Amoonguss
|-singleturn|p1a: Amoonguss|Protect
|move|p2a: DK|Flare Blitz|p1a: Amoonguss
|-activate|p1a: Amoonguss|move: Protect
|
|-heal|p1a: Amoonguss|51/100|[from] item: Black Sludge
|upkeep
|turn|13
|
|t:|1601489457
|move|p2a: DK|Flare Blitz|p1a: Amoonguss
|-supereffective|p1a: Amoonguss
|-damage|p1a: Amoonguss|0 fnt
|-damage|p2a: DK|80/100|[from] Recoil
|faint|p1a: Amoonguss
|
|upkeep
|
|t:|1601489466
|switch|p1a: Cinderace|Cinderace, F|100/100
|turn|14
|
|t:|1601489473
|move|p1a: Cinderace|Court Change|p1a: Cinderace
|-sideend|p1: TwentyTwan|Stealth Rock|[silent]
|-sidestart|p2: Lucartes|Stealth Rock|[silent]
|-activate|p1a: Cinderace|move: Court Change
|move|p2a: DK|Earthquake|p1a: Cinderace
|-supereffective|p1a: Cinderace
|-damage|p1a: Cinderace|0 fnt
|-damage|p2a: DK|70/100|[from] item: Life Orb
|faint|p1a: Cinderace
|
|upkeep
|
|t:|1601489497
|switch|p1a: Psychbomb|Azelf|100/100
|turn|15
|
|t:|1601489508
|move|p1a: Psychbomb|Knock Off|p2a: DK
|-damage|p2a: DK|20/100
|-enditem|p2a: DK|Life Orb|[from] move: Knock Off|[of] p1a: Psychbomb
|move|p2a: DK|U-turn|p1a: Psychbomb
|-supereffective|p1a: Psychbomb
|-damage|p1a: Psychbomb|20/100
|
|t:|1601489514
|switch|p2a: Topaz|Raikou, shiny|37/100 slp|[from]move: U-turn
|-damage|p2a: Topaz|25/100 slp|[from] Stealth Rock
|-ability|p2a: Topaz|Pressure
|
|upkeep
|turn|16
|
|t:|1601489527
|cant|p2a: Topaz|slp
|move|p1a: Psychbomb|Knock Off|p2a: Topaz
|-damage|p2a: Topaz|0 fnt
|-enditem|p2a: Topaz|Expert Belt|[from] move: Knock Off|[of] p1a: Psychbomb
|faint|p2a: Topaz
|
|upkeep
|
|t:|1601489555
|switch|p2a: Sir Gawain|Gallade, M|100/100
|-damage|p2a: Sir Gawain|94/100|[from] Stealth Rock
|turn|17
|
|t:|1601489569
|detailschange|p2a: Sir Gawain|Gallade-Mega, M
|-mega|p2a: Sir Gawain|Gallade|Galladite
|move|p1a: Psychbomb|Explosion|p2a: Sir Gawain
|-damage|p2a: Sir Gawain|0 fnt
|faint|p1a: Psychbomb
|faint|p2a: Sir Gawain
|
|upkeep
|j| piemelboer
|
|t:|1601489582
|switch|p1a: Cloyster|Cloyster, F, shiny|100/100
|switch|p2a: Pongy|Unfezant, F|100/100
|turn|18
|
|t:|1601489589
|move|p2a: Pongy|Defog|p1a: Cloyster
|-unboost|p1a: Cloyster|evasion|1
|-sideend|p2: Lucartes|Stealth Rock|[from] move: Defog|[of] p2a: Pongy
|move|p1a: Cloyster|Shell Smash|p1a: Cloyster
|-unboost|p1a: Cloyster|def|1
|-unboost|p1a: Cloyster|spd|1
|-boost|p1a: Cloyster|atk|2
|-boost|p1a: Cloyster|spa|2
|-boost|p1a: Cloyster|spe|2
|
|upkeep
|turn|19
|
|t:|1601489607
|move|p1a: Cloyster|Rock Blast|p2a: Pongy
|-supereffective|p2a: Pongy
|-damage|p2a: Pongy|58/100
|-supereffective|p2a: Pongy
|-damage|p2a: Pongy|12/100
|-supereffective|p2a: Pongy
|-damage|p2a: Pongy|0 fnt
|-hitcount|p2a: Pongy|3
|faint|p2a: Pongy
|
|upkeep
|
|t:|1601489615
|switch|p2a: DK|Darmanitan, M|20/100
|turn|20
|
|t:|1601489619
|move|p1a: Cloyster|Rock Blast|p2a: DK
|-supereffective|p2a: DK
|-damage|p2a: DK|0 fnt
|-hitcount|p2a: DK|1
|faint|p2a: DK
|
|win|TwentyTwan
|c| Aerialbanana|gg
|c| Curseroy1990|Gg!
|c| Zarbon's_Nut|gg
|l| Curseroy1990
|c| piemelboer|gg
