|j|☆PixLmonTest
|j|☆NykterStein
|t:|1665626444
|gametype|singles
|player|p1|PixLmonTest|101|1595
|player|p2|NykterStein|clair|1640
|teamsize|p1|6
|teamsize|p2|6
|gen|8
|tier|[Gen 8] National Dex AG
|rated|
|rule|HP Percentage Mod: HP is shown in percentages
|rule|Endless Battle Clause: Forcing endless battles is banned
|clearpoke
|poke|p1|Ditto|
|poke|p1|Arceus-*|
|poke|p1|Yveltal|
|poke|p1|Ho-Oh|
|poke|p1|Rayquaza|
|poke|p1|Groudon|
|poke|p2|Shuckle, F|
|poke|p2|Zekrom|
|poke|p2|Kyogre|
|poke|p2|Zacian-*|
|poke|p2|Calyrex-Shadow|
|poke|p2|Xerneas-*|
|teampreview
|inactive|Battle timer is ON: inactive players will automatically lose when time's up. (requested by NykterStein)
|
|t:|1665626450
|start
|switch|p1a: Ho-Oh|Ho-Oh|100/100
|switch|p2a: Shuckle|Shuckle, F|100/100
|turn|1
|inactive|PixLmonTest has 120 seconds left.
|
|t:|1665626490
|move|p1a: Ho-Oh|Sacred Fire|p2a: Shuckle
|-damage|p2a: Shuckle|76/100
|-enditem|p2a: Shuckle|Red Card|[of] p1a: Ho-Oh
|drag|p1a: Arceus|Arceus-Water|100/100
|move|p2a: Shuckle|Toxic|p1a: Arceus
|-status|p1a: Arceus|tox
|
|-damage|p1a: Arceus|94/100 tox|[from] psn
|upkeep
|turn|2
|inactive|PixLmonTest has 120 seconds left.
|
|t:|1665626508
|move|p1a: Arceus|Calm Mind|p1a: Arceus
|-boost|p1a: Arceus|spa|1
|-boost|p1a: Arceus|spd|1
|move|p2a: Shuckle|Sticky Web|p1a: Arceus
|-sidestart|p1: PixLmonTest|move: Sticky Web
|
|-damage|p1a: Arceus|82/100 tox|[from] psn
|upkeep
|turn|3
|inactive|PixLmonTest has 120 seconds left.
|
|t:|1665626515
|move|p1a: Arceus|Calm Mind|p1a: Arceus
|-boost|p1a: Arceus|spa|1
|-boost|p1a: Arceus|spd|1
|move|p2a: Shuckle|Encore|p1a: Arceus
|-start|p1a: Arceus|Encore
|
|-damage|p1a: Arceus|64/100 tox|[from] psn
|upkeep
|turn|4
|inactive|PixLmonTest has 120 seconds left.
|
|t:|1665626535
|switch|p2a: Kyogre|Kyogre|100/100
|-weather|RainDance|[from] ability: Drizzle|[of] p2a: Kyogre
|-start|p1a: Arceus|Dynamax|
|-heal|p1a: Arceus|64/100 tox|[silent]
|move|p1a: Arceus|Max Geyser|p2a: Kyogre
|-resisted|p2a: Kyogre
|-damage|p2a: Kyogre|26/100
|
|-weather|RainDance|[upkeep]
|-damage|p1a: Arceus|52/100 tox|[from] psn
|upkeep
|turn|5
|
|t:|1665626546
|move|p1a: Arceus|Max Geyser|p2a: Kyogre
|-resisted|p2a: Kyogre
|-damage|p2a: Kyogre|0 fnt
|faint|p2a: Kyogre
|
|-weather|RainDance|[upkeep]
|-damage|p1a: Arceus|37/100 tox|[from] psn
|upkeep
|
|t:|1665626554
|switch|p2a: Zekrom|Zekrom|100/100
|-ability|p2a: Zekrom|Teravolt
|turn|6
|
|t:|1665626568
|-start|p2a: Zekrom|Dynamax|
|-heal|p2a: Zekrom|100/100|[silent]
|move|p1a: Arceus|Max Geyser|p2a: Zekrom
|-resisted|p2a: Zekrom
|-damage|p2a: Zekrom|52/100
|move|p2a: Zekrom|Max Lightning|p1a: Arceus
|-supereffective|p1a: Arceus
|-damage|p1a: Arceus|0 fnt
|-fieldstart|move: Electric Terrain
|faint|p1a: Arceus
|
|-weather|RainDance|[upkeep]
|-heal|p2a: Zekrom|55/100|[from] item: Leftovers
|upkeep
|
|t:|1665626584
|switch|p1a: Ho-Oh|Ho-Oh|100/100
|turn|7
|
|t:|1665626587
|move|p2a: Zekrom|Max Lightning|p1a: Ho-Oh
|-supereffective|p1a: Ho-Oh
|-damage|p1a: Ho-Oh|0 fnt
|faint|p1a: Ho-Oh
|
|-weather|RainDance|[upkeep]
|-heal|p2a: Zekrom|58/100|[from] item: Leftovers
|upkeep
|
|t:|1665626603
|switch|p1a: Ditto|Ditto|100/100
|-activate|p1a: Ditto|move: Sticky Web
|-unboost|p1a: Ditto|spe|1
|-transform|p1a: Ditto|p2a: Zekrom|[from] ability: Imposter
|-ability|p1a: Ditto|Teravolt
|turn|8
|inactive|PixLmonTest has 120 seconds left.
|
|t:|1665626623
|move|p1a: Ditto|Substitute|p1a: Ditto
|-start|p1a: Ditto|Substitute
|-damage|p1a: Ditto|76/100
|move|p2a: Zekrom|Max Wyrmwind|p1a: Ditto
|-supereffective|p1a: Ditto
|-end|p1a: Ditto|Substitute
|-unboost|p1a: Ditto|atk|1
|
|-weather|none
|-heal|p2a: Zekrom|61/100|[from] item: Leftovers
|upkeep
|-end|p2a: Zekrom|Dynamax
|-heal|p2a: Zekrom|61/100|[silent]
|turn|9
|inactive|PixLmonTest has 120 seconds left.
|
|t:|1665626634
|switch|p1a: Groudon|Groudon|100/100
|-activate|p1a: Groudon|move: Sticky Web
|-unboost|p1a: Groudon|spe|1
|detailschange|p1a: Groudon|Groudon-Primal
|-primal|p1a: Groudon
|-weather|DesolateLand|[from] ability: Desolate Land|[of] p1a: Groudon
|move|p2a: Zekrom|Dragon Claw|p1a: Groudon
|-damage|p1a: Groudon|76/100
|
|-weather|DesolateLand|[upkeep]
|-heal|p2a: Zekrom|67/100|[from] item: Leftovers
|upkeep
|turn|10
|inactive|PixLmonTest has 120 seconds left.
|
|t:|1665626661
|switch|p2a: Shuckle|Shuckle, F|76/100
|move|p1a: Groudon|Precipice Blades|p2a: Shuckle
|-damage|p2a: Shuckle|37/100
|
|-weather|DesolateLand|[upkeep]
|-fieldend|move: Electric Terrain
|upkeep
|turn|11
|
|t:|1665626667
|move|p1a: Groudon|Stealth Rock|p2a: Shuckle
|-sidestart|p2: NykterStein|move: Stealth Rock
|move|p2a: Shuckle|Toxic|p1a: Groudon
|-status|p1a: Groudon|tox
|
|-weather|DesolateLand|[upkeep]
|-damage|p1a: Groudon|70/100 tox|[from] psn
|upkeep
|turn|12
|inactive|PixLmonTest has 120 seconds left.
|
|t:|1665626679
|move|p1a: Groudon|Precipice Blades|p2a: Shuckle
|-damage|p2a: Shuckle|0 fnt
|faint|p2a: Shuckle
|
|-weather|DesolateLand|[upkeep]
|-damage|p1a: Groudon|57/100 tox|[from] psn
|upkeep
|
|t:|1665626694
|switch|p2a: Xerneas|Xerneas|100/100
|-damage|p2a: Xerneas|88/100|[from] Stealth Rock
|-ability|p2a: Xerneas|Fairy Aura
|turn|13
|inactive|PixLmonTest has 120 seconds left.
|
|t:|1665626711
|move|p2a: Xerneas|Moonblast|p1a: Groudon
|-resisted|p1a: Groudon
|-damage|p1a: Groudon|35/100 tox
|move|p1a: Groudon|Precipice Blades|p2a: Xerneas
|-damage|p2a: Xerneas|27/100
|
|-weather|DesolateLand|[upkeep]
|-damage|p1a: Groudon|17/100 tox|[from] psn
|upkeep
|turn|14
|
|t:|1665626718
|move|p2a: Xerneas|Moonblast|p1a: Groudon
|-resisted|p1a: Groudon
|-damage|p1a: Groudon|0 fnt
|faint|p1a: Groudon
|-weather|none
|
|upkeep
|c|☆PixLmonTest|no shot
|inactive|PixLmonTest has 120 seconds left.
|
|t:|1665626737
|switch|p1a: Rayquaza|Rayquaza|100/100
|-ability|p1a: Rayquaza|Air Lock
|turn|15
|
|t:|1665626741
|detailschange|p1a: Rayquaza|Rayquaza-Mega
|-mega|p1a: Rayquaza|Rayquaza|
|-weather|DeltaStream|[from] ability: Delta Stream|[of] p1a: Rayquaza
|move|p1a: Rayquaza|Extreme Speed|p2a: Xerneas
|-damage|p2a: Xerneas|0 fnt
|faint|p2a: Xerneas
|-damage|p1a: Rayquaza|91/100|[from] item: Life Orb
|
|-weather|DeltaStream|[upkeep]
|upkeep
|
|t:|1665626748
|switch|p2a: Zekrom|Zekrom|67/100
|-damage|p2a: Zekrom|55/100|[from] Stealth Rock
|-ability|p2a: Zekrom|Teravolt
|turn|16
|inactive|PixLmonTest has 120 seconds left.
|
|t:|1665626777
|move|p1a: Rayquaza|Extreme Speed|p2a: Zekrom
|-damage|p2a: Zekrom|9/100
|-damage|p1a: Rayquaza|81/100|[from] item: Life Orb
|move|p2a: Zekrom|Dragon Claw|p1a: Rayquaza
|-supereffective|p1a: Rayquaza
|-damage|p1a: Rayquaza|0 fnt
|faint|p1a: Rayquaza
|-weather|none
|
|-heal|p2a: Zekrom|15/100|[from] item: Leftovers
|upkeep
|
|t:|1665626779
|switch|p1a: Yveltal|Yveltal|100/100
|-ability|p1a: Yveltal|Dark Aura
|turn|17
|
|t:|1665626789
|move|p1a: Yveltal|Sucker Punch|p2a: Zekrom
|-damage|p2a: Zekrom|0 fnt
|faint|p2a: Zekrom
|-damage|p1a: Yveltal|91/100|[from] item: Life Orb
|
|upkeep
|
|t:|1665626795
|switch|p2a: Zacian|Zacian-Crowned|100/100
|-damage|p2a: Zacian|94/100|[from] Stealth Rock
|-ability|p2a: Zacian|Intrepid Sword|boost
|-boost|p2a: Zacian|atk|1
|turn|18
|
|t:|1665626805
|move|p1a: Yveltal|Sucker Punch|p2a: Zacian
|-resisted|p2a: Zacian
|-damage|p2a: Zacian|69/100
|-damage|p1a: Yveltal|81/100|[from] item: Life Orb
|move|p2a: Zacian|Wild Charge|p1a: Yveltal
|-supereffective|p1a: Yveltal
|-damage|p1a: Yveltal|0 fnt
|faint|p1a: Yveltal
|-damage|p2a: Zacian|44/100|[from] Recoil
|
|upkeep
|
|t:|1665626807
|switch|p1a: Ditto|Ditto|76/100
|-activate|p1a: Ditto|move: Sticky Web
|-unboost|p1a: Ditto|spe|1
|-transform|p1a: Ditto|p2a: Zacian|[from] ability: Imposter
|-ability|p1a: Ditto|Intrepid Sword|boost
|-boost|p1a: Ditto|atk|1
|turn|19
|c|☆PixLmonTest|this crazy
|
|t:|1665626820
|move|p1a: Ditto|Behemoth Blade|p2a: Zacian
|-damage|p2a: Zacian|0 fnt
|faint|p2a: Zacian
|
|upkeep
|
|t:|1665626825
|switch|p2a: Calyrex|Calyrex-Shadow|100/100
|-ability|p2a: Calyrex|As One
|-ability|p2a: Calyrex|Unnerve
|-damage|p2a: Calyrex|88/100|[from] Stealth Rock
|turn|20
|c|☆PixLmonTest|this real crazy
|
|t:|1665626832
|move|p1a: Ditto|Behemoth Blade|p2a: Calyrex
|-damage|p2a: Calyrex|0 fnt
|faint|p2a: Calyrex
|
|win|PixLmonTest
|raw|PixLmonTest's rating: 1595 &rarr; <strong>1618</strong><br />(+23 for winning)
|raw|NykterStein's rating: 1640 &rarr; <strong>1617</strong><br />(-23 for losing)
|c|☆PixLmonTest|gg
|l|☆NykterStein
||Ladder isn't responding, score probably updated but might not have (Request timeout).
