|j|☆Terrastealion
|j|☆ChunkyRat
|t:|1636907977
|gametype|singles
|player|p1|Terrastealion|lucas|1554
|player|p2|ChunkyRat|schoolkidf|1750
|teamsize|p1|6
|teamsize|p2|6
|gen|8
|tier|[Gen 8] National Dex AG
|rated|
|rule|HP Percentage Mod: HP is shown in percentages
|rule|Endless Battle Clause: Forcing endless battles is banned
|clearpoke
|poke|p1|Chansey, F|
|poke|p1|Arceus-*|
|poke|p1|Necrozma-Dusk-Mane|
|poke|p1|Smeargle, M|
|poke|p1|Ditto|
|poke|p1|Quagsire, M|
|poke|p2|Lugia|
|poke|p2|Ho-Oh|
|poke|p2|Arceus-*|
|poke|p2|Rayquaza|
|poke|p2|Yveltal|
|poke|p2|Marshadow|
|teampreview
|inactive|Battle timer is ON: inactive players will automatically lose when time's up. (requested by Terrastealion)
|
|t:|1636907993
|start
|switch|p1a: Quagsire|Quagsire, M|100/100
|switch|p2a: Rayquaza|Rayquaza, shiny|100/100
|-ability|p2a: Rayquaza|Air Lock
|turn|1
|
|t:|1636908002
|switch|p2a: Ho-Oh|Ho-Oh|100/100
|switch|p1a: Necrozma|Necrozma-Dusk-Mane|100/100
|
|upkeep
|turn|2
|
|t:|1636908009
|switch|p1a: Chansey|Chansey, F|100/100
|move|p2a: Ho-Oh|Sacred Fire|p1a: Chansey
|-damage|p1a: Chansey|66/100
|-status|p1a: Chansey|brn
|
|-damage|p1a: Chansey|60/100 brn|[from] brn
|upkeep
|turn|3
|inactive|ChunkyRat has 120 seconds left.
|
|t:|1636908040
|switch|p2a: Yveltal|Yveltal|100/100
|-ability|p2a: Yveltal|Dark Aura
|move|p1a: Chansey|Soft-Boiled|p1a: Chansey
|-heal|p1a: Chansey|100/100 brn
|
|-damage|p1a: Chansey|94/100 brn|[from] brn
|upkeep
|turn|4
|
|t:|1636908044
|-curestatus|p1a: Chansey|brn|[from] ability: Natural Cure
|switch|p1a: Necrozma|Necrozma-Dusk-Mane|100/100
|move|p2a: Yveltal|Knock Off|p1a: Necrozma
|-supereffective|p1a: Necrozma
|-damage|p1a: Necrozma|41/100
|-enditem|p1a: Necrozma|Heavy-Duty Boots|[from] move: Knock Off|[of] p2a: Yveltal
|-damage|p2a: Yveltal|91/100|[from] item: Life Orb
|
|upkeep
|turn|5
|inactive|ChunkyRat has 120 seconds left.
|
|t:|1636908083
|move|p2a: Yveltal|Dark Pulse|p1a: Necrozma
|-supereffective|p1a: Necrozma
|-damage|p1a: Necrozma|0 fnt
|faint|p1a: Necrozma
|-damage|p2a: Yveltal|81/100|[from] item: Life Orb
|
|upkeep
|
|t:|1636908112
|switch|p1a: Chansey|Chansey, F|94/100
|turn|6
|
|t:|1636908116
|move|p2a: Yveltal|Knock Off|p1a: Chansey
|-damage|p1a: Chansey|33/100
|-enditem|p1a: Chansey|Eviolite|[from] move: Knock Off|[of] p2a: Yveltal
|-damage|p2a: Yveltal|71/100|[from] item: Life Orb
|move|p1a: Chansey|Confide|p2a: Yveltal
|-unboost|p2a: Yveltal|spa|1
|
|upkeep
|turn|7
|
|t:|1636908122
|move|p2a: Yveltal|Knock Off|p1a: Chansey
|-damage|p1a: Chansey|0 fnt
|faint|p1a: Chansey
|-damage|p2a: Yveltal|61/100|[from] item: Life Orb
|
|upkeep
|
|t:|1636908129
|switch|p1a: Smeargle|Smeargle, M|100/100
|turn|8
|
|t:|1636908137
|move|p2a: Yveltal|Knock Off|p1a: Smeargle
|-enditem|p1a: Smeargle|Focus Sash
|-damage|p1a: Smeargle|1/100
|-damage|p2a: Yveltal|51/100|[from] item: Life Orb
|move|p1a: Smeargle|Sticky Web|p2a: Yveltal
|-sidestart|p2: ChunkyRat|move: Sticky Web
|
|-ability|p1a: Smeargle|Moody|boost
|-boost|p1a: Smeargle|spd|2
|-unboost|p1a: Smeargle|atk|1
|upkeep
|turn|9
|
|t:|1636908141
|move|p2a: Yveltal|Oblivion Wing|p1a: Smeargle
|-damage|p1a: Smeargle|0 fnt
|-heal|p2a: Yveltal|51/100|[from] drain|[of] p1a: Smeargle
|faint|p1a: Smeargle
|-damage|p2a: Yveltal|41/100|[from] item: Life Orb
|
|upkeep
|-message|Terrastealion forfeited.
|
|win|ChunkyRat
|raw|Terrastealion's rating: 1554 &rarr; <strong>1544</strong><br />(-10 for losing)
|raw|ChunkyRat's rating: 1750 &rarr; <strong>1760</strong><br />(+10 for winning)
|l|☆Terrastealion
||Ladder isn't responding, score probably updated but might not have (Request timeout).
