|j|☆apkd
|j|☆moyv123
|t:|1664977545
|gametype|singles
|player|p1|apkd|bruno|
|player|p2|moyv123|169|
|teamsize|p1|6
|teamsize|p2|6
|gen|8
|tier|[Gen 8] National Dex AG
|rule|HP Percentage Mod: HP is shown in percentages
|rule|Endless Battle Clause: Forcing endless battles is banned
|clearpoke
|poke|p1|Rillaboom, M|
|poke|p1|Groudon|
|poke|p1|Calyrex-Shadow|
|poke|p1|Marshadow|
|poke|p1|Yveltal|
|poke|p1|Ditto|
|poke|p2|Arceus-*|
|poke|p2|Yveltal|
|poke|p2|Rayquaza|
|poke|p2|Lugia|
|poke|p2|Zacian-*|
|poke|p2|Necrozma-Dusk-Mane|
|teampreview
|
|t:|1664977565
|start
|switch|p1a: Groudon|Groudon|100/100
|switch|p2a: Lugia|Lugia|100/100
|detailschange|p1a: Groudon|Groudon-Primal
|-primal|p1a: Groudon
|-weather|DesolateLand|[from] ability: Desolate Land|[of] p1a: Groudon
|turn|1
|
|t:|1664977579
|switch|p2a: Arceus|Arceus|100/100
|move|p1a: Groudon|Stone Edge|p2a: Arceus
|-damage|p2a: Arceus|67/100
|
|-weather|DesolateLand|[upkeep]
|upkeep
|turn|2
|
|t:|1664977610
|move|p2a: Arceus|Earthquake|p1a: Groudon
|-supereffective|p1a: Groudon
|-damage|p1a: Groudon|61/100
|move|p1a: Groudon|Precipice Blades|p2a: Arceus
|-damage|p2a: Arceus|9/100
|
|-weather|DesolateLand|[upkeep]
|upkeep
|turn|3
|
|t:|1664977624
|move|p2a: Arceus|Earthquake|p1a: Groudon
|-supereffective|p1a: Groudon
|-damage|p1a: Groudon|24/100
|move|p1a: Groudon|Earthquake|p2a: Arceus
|-damage|p2a: Arceus|0 fnt
|faint|p2a: Arceus
|
|-weather|DesolateLand|[upkeep]
|upkeep
|
|t:|1664977665
|switch|p2a: Rayquaza|Rayquaza|100/100
|-ability|p2a: Rayquaza|Air Lock
|turn|4
|
|t:|1664977699
|detailschange|p2a: Rayquaza|Rayquaza-Mega
|-mega|p2a: Rayquaza|Rayquaza|
|-weather|DeltaStream|[from] ability: Delta Stream|[of] p2a: Rayquaza
|move|p2a: Rayquaza|Dragon Dance|p2a: Rayquaza
|-boost|p2a: Rayquaza|atk|1
|-boost|p2a: Rayquaza|spe|1
|move|p1a: Groudon|Stone Edge|p2a: Rayquaza
|-activate||deltastream
|-damage|p2a: Rayquaza|59/100
|
|-weather|DeltaStream|[upkeep]
|upkeep
|turn|5
|
|t:|1664977712
|move|p2a: Rayquaza|Extreme Speed|p1a: Groudon
|-damage|p1a: Groudon|0 fnt
|faint|p1a: Groudon
|-damage|p2a: Rayquaza|49/100|[from] item: Life Orb
|
|-weather|DeltaStream|[upkeep]
|upkeep
|
|t:|1664977728
|switch|p1a: Calyrex|Calyrex-Shadow|100/100
|-ability|p1a: Calyrex|As One
|-ability|p1a: Calyrex|Unnerve
|turn|6
|
|t:|1664977737
|-start|p1a: Calyrex|Dynamax|
|-heal|p1a: Calyrex|100/100|[silent]
|move|p2a: Rayquaza|Dragon Ascent|p1a: Calyrex
|-damage|p1a: Calyrex|0 fnt
|-unboost|p2a: Rayquaza|def|1
|-unboost|p2a: Rayquaza|spd|1
|faint|p1a: Calyrex
|-damage|p2a: Rayquaza|40/100|[from] item: Life Orb
|
|-weather|DeltaStream|[upkeep]
|upkeep
|
|t:|1664977750
|switch|p1a: Marshadow|Marshadow|100/100
|turn|7
|
|t:|1664977754
|-weather|none
|switch|p2a: Yveltal|Yveltal|100/100
|-ability|p2a: Yveltal|Dark Aura
|move|p1a: Marshadow|Shadow Sneak|p2a: Yveltal
|-resisted|p2a: Yveltal
|-damage|p2a: Yveltal|87/100
|
|upkeep
|turn|8
|
|t:|1664977768
|-start|p2a: Yveltal|Dynamax|
|-heal|p2a: Yveltal|87/100|[silent]
|move|p1a: Marshadow|Rock Tomb|p2a: Yveltal|[miss]
|-miss|p1a: Marshadow|p2a: Yveltal
|move|p2a: Yveltal|Max Airstream|p1a: Marshadow
|-supereffective|p1a: Marshadow
|-enditem|p1a: Marshadow|Focus Sash
|-damage|p1a: Marshadow|1/100
|-boost|p2a: Yveltal|spe|1
|-damage|p2a: Yveltal|82/100|[from] item: Life Orb
|
|upkeep
|turn|9
|
|t:|1664977789
|switch|p1a: Yveltal|Yveltal|100/100
|-ability|p1a: Yveltal|Dark Aura
|move|p2a: Yveltal|Max Flare|p1a: Yveltal
|-damage|p1a: Yveltal|67/100
|-weather|SunnyDay
|-damage|p2a: Yveltal|77/100|[from] item: Life Orb
|
|-weather|SunnyDay|[upkeep]
|upkeep
|turn|10
|
|t:|1664977806
|move|p2a: Yveltal|Max Airstream|p1a: Yveltal
|-damage|p1a: Yveltal|17/100
|-boost|p2a: Yveltal|spe|1
|-damage|p2a: Yveltal|72/100|[from] item: Life Orb
|move|p1a: Yveltal|Oblivion Wing|p2a: Yveltal
|-damage|p2a: Yveltal|53/100
|-heal|p1a: Yveltal|42/100|[from] drain|[of] p2a: Yveltal
|
|-weather|SunnyDay|[upkeep]
|upkeep
|-end|p2a: Yveltal|Dynamax
|-heal|p2a: Yveltal|53/100|[silent]
|turn|11
|
|t:|1664977822
|move|p2a: Yveltal|Oblivion Wing|p1a: Yveltal
|-damage|p1a: Yveltal|12/100
|-heal|p2a: Yveltal|79/100|[from] drain|[of] p1a: Yveltal
|-damage|p2a: Yveltal|69/100|[from] item: Life Orb
|move|p1a: Yveltal|Oblivion Wing|p2a: Yveltal
|-damage|p2a: Yveltal|31/100
|-heal|p1a: Yveltal|36/100|[from] drain|[of] p2a: Yveltal
|
|-weather|SunnyDay|[upkeep]
|upkeep
|turn|12
|
|t:|1664977834
|move|p2a: Yveltal|Oblivion Wing|p1a: Yveltal
|-damage|p1a: Yveltal|8/100
|-heal|p2a: Yveltal|56/100|[from] drain|[of] p1a: Yveltal
|-damage|p2a: Yveltal|46/100|[from] item: Life Orb
|move|p1a: Yveltal|Oblivion Wing|p2a: Yveltal
|-damage|p2a: Yveltal|5/100
|-heal|p1a: Yveltal|34/100|[from] drain|[of] p2a: Yveltal
|
|-weather|SunnyDay|[upkeep]
|upkeep
|turn|13
|
|t:|1664977848
|move|p1a: Yveltal|Sucker Punch|p2a: Yveltal
|-resisted|p2a: Yveltal
|-damage|p2a: Yveltal|0 fnt
|faint|p2a: Yveltal
|
|-weather|none
|upkeep
|
|t:|1664977858
|switch|p2a: Zacian|Zacian-Crowned|100/100
|-ability|p2a: Zacian|Intrepid Sword|boost
|-boost|p2a: Zacian|atk|1
|turn|14
|
|t:|1664977864
|move|p2a: Zacian|Substitute|p2a: Zacian
|-start|p2a: Zacian|Substitute
|-damage|p2a: Zacian|76/100
|move|p1a: Yveltal|Oblivion Wing|p2a: Zacian
|-resisted|p2a: Zacian
|-activate|p2a: Zacian|move: Substitute|[damage]
|-heal|p1a: Yveltal|46/100|[from] drain|[of] p2a: Zacian
|
|upkeep
|turn|15
|
|t:|1664977874
|move|p1a: Yveltal|Sucker Punch|p2a: Zacian
|-resisted|p2a: Zacian
|-end|p2a: Zacian|Substitute
|move|p2a: Zacian|Behemoth Blade|p1a: Yveltal
|-damage|p1a: Yveltal|0 fnt
|faint|p1a: Yveltal
|
|upkeep
|
|t:|1664977883
|switch|p1a: Ditto|Ditto|100/100
|-transform|p1a: Ditto|p2a: Zacian|[from] ability: Imposter
|-ability|p1a: Ditto|Intrepid Sword|boost
|-boost|p1a: Ditto|atk|1
|turn|16
|
|t:|1664977903
|switch|p2a: Rayquaza|Rayquaza-Mega|40/100
|-weather|DeltaStream|[from] ability: Delta Stream|[of] p2a: Rayquaza
|move|p1a: Ditto|Behemoth Blade|p2a: Rayquaza
|-damage|p2a: Rayquaza|0 fnt
|faint|p2a: Rayquaza
|-weather|none
|
|upkeep
|
|t:|1664977913
|switch|p2a: Necrozma|Necrozma-Dusk-Mane|100/100
|turn|17
|
|t:|1664977926
|switch|p1a: Rillaboom|Rillaboom, M|100/100
|-fieldstart|move: Grassy Terrain|[from] ability: Grassy Surge|[of] p1a: Rillaboom
|move|p2a: Necrozma|Earthquake|p1a: Rillaboom
|-resisted|p1a: Rillaboom
|-damage|p1a: Rillaboom|91/100
|
|-heal|p1a: Rillaboom|98/100|[from] Grassy Terrain
|upkeep
|turn|18
|
|t:|1664977967
|switch|p2a: Zacian|Zacian-Crowned|76/100
|-ability|p2a: Zacian|Intrepid Sword|boost
|-boost|p2a: Zacian|atk|1
|move|p1a: Rillaboom|Knock Off|p2a: Zacian
|-resisted|p2a: Zacian
|-damage|p2a: Zacian|64/100
|
|-heal|p2a: Zacian|70/100|[from] Grassy Terrain
|-heal|p1a: Rillaboom|100/100|[from] Grassy Terrain
|upkeep
|turn|19
|
|t:|1664977982
|switch|p1a: Marshadow|Marshadow|1/100
|move|p2a: Zacian|Substitute|p2a: Zacian
|-start|p2a: Zacian|Substitute
|-damage|p2a: Zacian|45/100
|
|-heal|p2a: Zacian|51/100|[from] Grassy Terrain
|-heal|p1a: Marshadow|7/100|[from] Grassy Terrain
|upkeep
|turn|20
|
|t:|1664977992
|move|p1a: Marshadow|Shadow Sneak|p2a: Zacian
|-end|p2a: Zacian|Substitute
|move|p2a: Zacian|Behemoth Blade|p1a: Marshadow
|-damage|p1a: Marshadow|0 fnt
|faint|p1a: Marshadow
|
|-heal|p2a: Zacian|58/100|[from] Grassy Terrain
|upkeep
|
|t:|1664978002
|switch|p1a: Ditto|Ditto|100/100
|-transform|p1a: Ditto|p2a: Zacian|[from] ability: Imposter
|-ability|p1a: Ditto|Intrepid Sword|boost
|-boost|p1a: Ditto|atk|1
|turn|21
|
|t:|1664978020
|move|p1a: Ditto|Behemoth Blade|p2a: Zacian
|-damage|p2a: Zacian|0 fnt
|faint|p2a: Zacian
|
|-fieldend|move: Grassy Terrain
|upkeep
|
|t:|1664978027
|switch|p2a: Lugia|Lugia|100/100
|turn|22
|
|t:|1664978031
|move|p1a: Ditto|Behemoth Blade|p2a: Lugia
|-damage|p2a: Lugia|70/100
|move|p2a: Lugia|Thunder Wave|p1a: Ditto|[miss]
|-miss|p2a: Lugia|p1a: Ditto
|
|upkeep
|turn|23
|
|t:|1664978039
|move|p1a: Ditto|Behemoth Blade|p2a: Lugia
|-damage|p2a: Lugia|10/100
|move|p2a: Lugia|Thunder Wave|p1a: Ditto
|-status|p1a: Ditto|par
|
|upkeep
|turn|24
|
|t:|1664978047
|move|p1a: Ditto|Behemoth Blade|p2a: Lugia
|-damage|p2a: Lugia|0 fnt
|faint|p2a: Lugia
|
|upkeep
|
|t:|1664978053
|switch|p2a: Necrozma|Necrozma-Dusk-Mane|100/100
|turn|25
|
|t:|1664978080
|switch|p1a: Rillaboom|Rillaboom, M|100/100
|-fieldstart|move: Grassy Terrain|[from] ability: Grassy Surge|[of] p1a: Rillaboom
|move|p2a: Necrozma|Dragon Dance|p2a: Necrozma
|-boost|p2a: Necrozma|atk|1
|-boost|p2a: Necrozma|spe|1
|
|upkeep
|turn|26
|
|t:|1664978100
|detailschange|p2a: Necrozma|Necrozma-Ultra
|-burst|p2a: Necrozma|Necrozma|Ultranecrozium Z
|move|p2a: Necrozma|Photon Geyser|p1a: Rillaboom
|-damage|p1a: Rillaboom|20/100
|move|p1a: Rillaboom|Knock Off|p2a: Necrozma
|-supereffective|p2a: Necrozma
|-damage|p2a: Necrozma|59/100
|
|-heal|p2a: Necrozma|65/100|[from] Grassy Terrain
|-heal|p1a: Rillaboom|26/100|[from] Grassy Terrain
|upkeep
|turn|27
|
|t:|1664978124
|move|p1a: Rillaboom|Grassy Glide|p2a: Necrozma
|-resisted|p2a: Necrozma
|-damage|p2a: Necrozma|37/100
|move|p2a: Necrozma|Photon Geyser|p1a: Rillaboom
|-damage|p1a: Rillaboom|0 fnt
|faint|p1a: Rillaboom
|
|-heal|p2a: Necrozma|43/100|[from] Grassy Terrain
|upkeep
|
|t:|1664978137
|switch|p1a: Ditto|Ditto|100/100 par
|-transform|p1a: Ditto|p2a: Necrozma|[from] ability: Imposter
|turn|28
|
|t:|1664978153
|-zpower|p2a: Necrozma
|move|p2a: Necrozma|Light That Burns the Sky|p1a: Ditto|[zeffect]
|-resisted|p1a: Ditto
|-damage|p1a: Ditto|0 fnt
|faint|p1a: Ditto
|
|win|moyv123
