|j|☆XxYourSaltyxX
|j|☆NykterStein
|t:|1667265098
|gametype|singles
|player|p1|XxYourSaltyxX|caitlin|1439
|player|p2|NykterStein|veteranf|1475
|teamsize|p1|6
|teamsize|p2|6
|gen|8
|tier|[Gen 8] National Dex AG
|rated|
|rule|HP Percentage Mod: HP is shown in percentages
|rule|Endless Battle Clause: Forcing endless battles is banned
|clearpoke
|poke|p1|Slurpuff, F|
|poke|p1|Yveltal|
|poke|p1|Zygarde|
|poke|p1|Arceus-*|
|poke|p1|Calyrex-Shadow|
|poke|p1|Rayquaza|
|poke|p2|Muk-Alola, M|
|poke|p2|Arceus-*|
|poke|p2|Arceus-*|
|poke|p2|Yveltal|
|poke|p2|Marshadow|
|poke|p2|Necrozma-Dusk-Mane|
|teampreview
|inactive|Battle timer is ON: inactive players will automatically lose when time's up. (requested by XxYourSaltyxX)
|inactive|NykterStein also wants the timer to be on.
|
|t:|1667265101
|start
|switch|p1a: Slurpuff|Slurpuff, F, shiny|100/100
|switch|p2a: Muk|Muk-Alola, M|100/100
|turn|1
|inactive|XxYourSaltyxX has 120 seconds left.
|
|t:|1667265151
|move|p1a: Slurpuff|Magic Coat|p1a: Slurpuff
|-singleturn|p1a: Slurpuff|move: Magic Coat
|move|p2a: Muk|Poison Jab|p1a: Slurpuff
|-supereffective|p1a: Slurpuff
|-damage|p1a: Slurpuff|44/100
|
|upkeep
|turn|2
|
|t:|1667265159
|move|p1a: Slurpuff|Sticky Web|p2a: Muk
|-sidestart|p2: NykterStein|move: Sticky Web
|move|p2a: Muk|Poison Jab|p1a: Slurpuff
|-supereffective|p1a: Slurpuff
|-damage|p1a: Slurpuff|0 fnt
|faint|p1a: Slurpuff
|
|upkeep
|inactive|XxYourSaltyxX has 90 seconds left.
|
|t:|1667265205
|switch|p1a: Snake|Zygarde, shiny|100/100
|turn|3
|
|t:|1667265210
|move|p1a: Snake|Substitute|p1a: Snake
|-start|p1a: Snake|Substitute
|-damage|p1a: Snake|76/100
|move|p2a: Muk|Poison Jab|p1a: Snake
|-resisted|p1a: Snake
|-activate|p1a: Snake|move: Substitute|[damage]
|
|upkeep
|turn|4
|
|t:|1667265217
|move|p1a: Snake|Dragon Dance|p1a: Snake
|-boost|p1a: Snake|atk|1
|-boost|p1a: Snake|spe|1
|move|p2a: Muk|Knock Off|p1a: Snake
|-end|p1a: Snake|Substitute
|
|upkeep
|turn|5
|inactive|XxYourSaltyxX has 90 seconds left.
|
|t:|1667265233
|move|p1a: Snake|Thousand Arrows|p2a: Muk
|-supereffective|p2a: Muk
|-damage|p2a: Muk|0 fnt
|faint|p2a: Muk
|
|upkeep
|
|t:|1667265239
|switch|p2a: Arceus|Arceus-Ground|100/100
|-activate|p2a: Arceus|move: Sticky Web
|-unboost|p2a: Arceus|spe|1
|turn|6
|inactive|XxYourSaltyxX has 90 seconds left.
|
|t:|1667265247
|move|p1a: Snake|Thousand Arrows|p2a: Arceus
|-damage|p2a: Arceus|68/100
|move|p2a: Arceus|Defog|p1a: Snake
|-unboost|p1a: Snake|evasion|1
|-sideend|p2: NykterStein|Sticky Web|[from] move: Defog|[of] p2a: Arceus
|
|upkeep
|turn|7
|
|t:|1667265256
|move|p1a: Snake|Extreme Speed|p2a: Arceus
|-damage|p2a: Arceus|49/100
|move|p2a: Arceus|Ice Beam|p1a: Snake
|-supereffective|p1a: Snake
|-damage|p1a: Snake|0 fnt
|faint|p1a: Snake
|
|upkeep
|inactive|XxYourSaltyxX has 90 seconds left.
|
|t:|1667265267
|switch|p1a: Rayquaza|Rayquaza|100/100
|-ability|p1a: Rayquaza|Air Lock
|turn|8
|
|t:|1667265272
|detailschange|p1a: Rayquaza|Rayquaza-Mega
|-mega|p1a: Rayquaza|Rayquaza|
|-weather|DeltaStream|[from] ability: Delta Stream|[of] p1a: Rayquaza
|move|p1a: Rayquaza|Dragon Dance|p1a: Rayquaza
|-boost|p1a: Rayquaza|atk|1
|-boost|p1a: Rayquaza|spe|1
|move|p2a: Arceus|Ice Beam|p1a: Rayquaza
|-activate||deltastream
|-supereffective|p1a: Rayquaza
|-crit|p1a: Rayquaza
|-damage|p1a: Rayquaza|32/100
|-enditem|p1a: Rayquaza|Red Card|[of] p2a: Arceus
|drag|p2a: Arceus|Arceus-Fairy|100/100
|
|-weather|DeltaStream|[upkeep]
|upkeep
|turn|9
|
|t:|1667265284
|move|p1a: Rayquaza|Iron Tail|p2a: Arceus|[miss]
|-miss|p1a: Rayquaza|p2a: Arceus
|move|p2a: Arceus|Judgment|p1a: Rayquaza
|-supereffective|p1a: Rayquaza
|-crit|p1a: Rayquaza
|-damage|p1a: Rayquaza|0 fnt
|faint|p1a: Rayquaza
|-weather|none
|
|upkeep
|c|☆XxYourSaltyxX|bro :(
|
|t:|1667265299
|switch|p1a: God|Arceus|100/100
|turn|10
|c|☆NykterStein|who uses iron tail
|c|☆XxYourSaltyxX|it woulda killed tho
|
|t:|1667265312
|move|p2a: Arceus|Stealth Rock|p1a: God
|-sidestart|p1: XxYourSaltyxX|move: Stealth Rock
|move|p1a: God|Swords Dance|p1a: God
|-boost|p1a: God|atk|2
|
|upkeep
|turn|11
|inactive|NykterStein has 120 seconds left.
|c|☆XxYourSaltyxX|you are countering my team too good
|c|☆NykterStein|70% accuracy? anyone that has atleast 100 IQ would not put iron tail in mega ray
|
|t:|1667265360
|move|p1a: God|Extreme Speed|p2a: Arceus
|-damage|p2a: Arceus|44/100
|-damage|p1a: God|91/100|[from] item: Life Orb
|move|p2a: Arceus|Toxic|p1a: God
|-status|p1a: God|tox
|
|-damage|p1a: God|85/100 tox|[from] psn
|upkeep
|turn|12
|
|t:|1667265372
|switch|p2a: Marshadow|Marshadow|100/100
|move|p1a: God|Extreme Speed|p2a: Marshadow
|-immune|p2a: Marshadow
|
|-damage|p1a: God|72/100 tox|[from] psn
|upkeep
|turn|13
|
|t:|1667265380
|switch|p2a: Arceus|Arceus-Fairy|44/100
|move|p1a: God|Shadow Claw|p2a: Arceus
|-damage|p2a: Arceus|13/100
|-damage|p1a: God|62/100 tox|[from] item: Life Orb
|
|-damage|p1a: God|44/100 tox|[from] psn
|upkeep
|turn|14
|inactive|XxYourSaltyxX has 120 seconds left.
|inactive|NykterStein has 120 seconds left.
|
|t:|1667265389
|move|p2a: Arceus|Recover|p2a: Arceus
|-heal|p2a: Arceus|63/100
|move|p1a: God|Shadow Claw|p2a: Arceus
|-damage|p2a: Arceus|29/100
|-damage|p1a: God|34/100 tox|[from] item: Life Orb
|
|-damage|p1a: God|10/100 tox|[from] psn
|upkeep
|turn|15
|
|t:|1667265398
|switch|p2a: Marshadow|Marshadow|100/100
|move|p1a: God|Extreme Speed|p2a: Marshadow
|-immune|p2a: Marshadow
|
|-damage|p1a: God|0 fnt|[from] psn
|faint|p1a: God
|upkeep
|
|t:|1667265402
|switch|p1a: Tyrone|Yveltal, shiny|100/100
|-damage|p1a: Tyrone|76/100|[from] Stealth Rock
|-ability|p1a: Tyrone|Dark Aura
|turn|16
|
|t:|1667265411
|switch|p2a: Arceus|Arceus-Ground|49/100
|-start|p1a: Tyrone|Dynamax|
|-heal|p1a: Tyrone|76/100|[silent]
|move|p1a: Tyrone|Max Airstream|p2a: Arceus
|-damage|p2a: Arceus|0 fnt
|-boost|p1a: Tyrone|spe|1
|faint|p2a: Arceus
|
|upkeep
|
|t:|1667265427
|switch|p2a: Yveltal|Yveltal|100/100
|-ability|p2a: Yveltal|Dark Aura
|turn|17
|
|t:|1667265433
|-start|p2a: Yveltal|Dynamax|
|-heal|p2a: Yveltal|100/100|[silent]
|move|p1a: Tyrone|Max Airstream|p2a: Yveltal
|-damage|p2a: Yveltal|66/100
|-boost|p1a: Tyrone|spe|1
|move|p2a: Yveltal|Max Airstream|p1a: Tyrone
|-damage|p1a: Tyrone|49/100
|-boost|p2a: Yveltal|spe|1
|-damage|p2a: Yveltal|61/100|[from] item: Life Orb
|
|upkeep
|turn|18
|inactive|NykterStein has 120 seconds left.
|c|☆NykterStein|I'm at like 1700 a day earlier I was using goofy teams to go back at 1400 lmao just sharing
|inactive|NykterStein has 90 seconds left.
|
|t:|1667265484
|move|p1a: Tyrone|Max Ooze|p2a: Yveltal
|-damage|p2a: Yveltal|40/100
|-boost|p1a: Tyrone|spa|1
|move|p2a: Yveltal|Max Airstream|p1a: Tyrone
|-damage|p1a: Tyrone|24/100
|-boost|p2a: Yveltal|spe|1
|-damage|p2a: Yveltal|35/100|[from] item: Life Orb
|
|upkeep
|-end|p1a: Tyrone|Dynamax
|-heal|p1a: Tyrone|24/100|[silent]
|turn|19
|inactive|NykterStein has 90 seconds left.
|c|☆XxYourSaltyxX|im 1400, this is alt but both like 1400
|inactive|XxYourSaltyxX has 120 seconds left.
|
|t:|1667265515
|move|p2a: Yveltal|Max Darkness|p1a: Tyrone
|-resisted|p1a: Tyrone
|-damage|p1a: Tyrone|0 fnt
|faint|p1a: Tyrone
|-damage|p2a: Yveltal|30/100|[from] item: Life Orb
|
|upkeep
|inactive|XxYourSaltyxX has 120 seconds left.
|
|t:|1667265522
|switch|p1a: Bye|Calyrex-Shadow|100/100
|-ability|p1a: Bye|As One
|-ability|p1a: Bye|Unnerve
|-damage|p1a: Bye|88/100|[from] Stealth Rock
|-end|p2a: Yveltal|Dynamax
|-heal|p2a: Yveltal|30/100|[silent]
|turn|20
|c|☆NykterStein|how many games did u play
|c|☆XxYourSaltyxX|uh
|inactive|XxYourSaltyxX has 120 seconds left.
|c|☆XxYourSaltyxX|hard to track sense ive done soo many alt accounts
|c|☆XxYourSaltyxX|this account is 20 wins 4 losses
|inactive|XxYourSaltyxX has 90 seconds left.
|c|☆XxYourSaltyxX|5 losses now
|c|☆NykterStein|lmao
|
|t:|1667265578
|move|p2a: Yveltal|Sucker Punch|p1a: Bye
|-supereffective|p1a: Bye
|-damage|p1a: Bye|0 fnt
|faint|p1a: Bye
|-damage|p2a: Yveltal|20/100|[from] item: Life Orb
|
|win|NykterStein
|raw|XxYourSaltyxX's rating: 1439 &rarr; <strong>1421</strong><br />(-18 for losing)
|raw|NykterStein's rating: 1475 &rarr; <strong>1493</strong><br />(+18 for winning)
|c|☆NykterStein|I'm trying to go back at high ladder
|c|☆XxYourSaltyxX|:(
|c|☆XxYourSaltyxX|too pro
|c|☆NykterStein|as fast possible, alr
|c|☆NykterStein|adios
|l|☆NykterStein
||Ladder isn't responding, score probably updated but might not have (Request timeout).
