|j|☆Naofumi_Bakugo_Jax
|j|☆aseeasase
|t:|1657608413
|gametype|singles
|player|p1|Naofumi_Bakugo_Jax|blue|1626
|player|p2|aseeasase|1|1783
|teamsize|p1|6
|teamsize|p2|6
|gen|8
|tier|[Gen 8] National Dex AG
|rated|
|rule|HP Percentage Mod: HP is shown in percentages
|rule|Endless Battle Clause: Forcing endless battles is banned
|clearpoke
|poke|p1|Kyogre|
|poke|p1|Swampert, F|
|poke|p1|Zacian-*|
|poke|p1|Calyrex-Shadow|
|poke|p1|Yveltal|
|poke|p1|Marshadow|
|poke|p2|Ribombee, F|
|poke|p2|Diancie|
|poke|p2|Lunala|
|poke|p2|Arceus-*|
|poke|p2|Arceus-*|
|poke|p2|Arceus-*|
|teampreview
|inactive|Battle timer is ON: inactive players will automatically lose when time's up. (requested by Naofumi_Bakugo_Jax)
|
|t:|1657608431
|start
|switch|p1a: Calyrex|Calyrex-Shadow|100/100
|switch|p2a: Ribombee|Ribombee, F|100/100
|-ability|p1a: Calyrex|As One
|-ability|p1a: Calyrex|Unnerve
|turn|1
|
|t:|1657608445
|move|p1a: Calyrex|Taunt|p2a: Ribombee
|-start|p2a: Ribombee|move: Taunt
|cant|p2a: Ribombee|move: Taunt|Sticky Web
|
|upkeep
|turn|2
|
|t:|1657608455
|switch|p2a: Arceus|Arceus|100/100
|move|p1a: Calyrex|Nasty Plot|p1a: Calyrex
|-boost|p1a: Calyrex|spa|2
|
|upkeep
|turn|3
|
|t:|1657608462
|move|p1a: Calyrex|Psyshock|p2a: Arceus
|-damage|p2a: Arceus|28/100
|move|p2a: Arceus|Shadow Claw|p1a: Calyrex
|-supereffective|p1a: Calyrex
|-enditem|p1a: Calyrex|Focus Sash
|-damage|p1a: Calyrex|1/100
|
|upkeep
|turn|4
|
|t:|1657608478
|move|p1a: Calyrex|Psyshock|p2a: Arceus
|-damage|p2a: Arceus|0 fnt
|faint|p2a: Arceus
|-ability|p1a: Calyrex|Grim Neigh|boost
|-boost|p1a: Calyrex|spa|1
|
|upkeep
|
|t:|1657608486
|switch|p2a: Ribombee|Ribombee, F|100/100
|turn|5
|
|t:|1657608499
|move|p1a: Calyrex|Taunt|p2a: Ribombee
|-start|p2a: Ribombee|move: Taunt
|move|p2a: Ribombee|Moonblast|p1a: Calyrex
|-damage|p1a: Calyrex|0 fnt
|faint|p1a: Calyrex
|
|upkeep
|
|t:|1657608517
|switch|p1a: Kyogre|Kyogre|100/100
|-weather|RainDance|[from] ability: Drizzle|[of] p1a: Kyogre
|turn|6
|
|t:|1657608531
|move|p1a: Kyogre|Origin Pulse|p2a: Ribombee
|-enditem|p2a: Ribombee|Focus Sash
|-damage|p2a: Ribombee|1/100
|move|p2a: Ribombee|Moonblast|p1a: Kyogre
|-damage|p1a: Kyogre|79/100
|
|-weather|RainDance|[upkeep]
|upkeep
|turn|7
|
|t:|1657608541
|move|p1a: Kyogre|Origin Pulse|p2a: Ribombee
|-damage|p2a: Ribombee|0 fnt
|faint|p2a: Ribombee
|
|-weather|RainDance|[upkeep]
|upkeep
|
|t:|1657608548
|switch|p2a: Lunala|Lunala|100/100
|turn|8
|
|t:|1657608555
|move|p1a: Kyogre|Origin Pulse|p2a: Lunala
|-damage|p2a: Lunala|64/100
|move|p2a: Lunala|Calm Mind|p2a: Lunala
|-boost|p2a: Lunala|spa|1
|-boost|p2a: Lunala|spd|1
|
|-weather|RainDance|[upkeep]
|upkeep
|turn|9
|
|t:|1657608574
|switch|p1a: Swampert|Swampert, F|100/100
|-zpower|p2a: Lunala
|move|p2a: Lunala|Menacing Moonraze Maelstrom|p1a: Swampert|[zeffect]
|-damage|p1a: Swampert|0 fnt
|faint|p1a: Swampert
|
|-weather|RainDance|[upkeep]
|upkeep
|inactive|Naofumi_Bakugo_Jax has 120 seconds left.
|
|t:|1657608608
|switch|p1a: Marshadow|Marshadow|100/100
|turn|10
|
|t:|1657608615
|switch|p2a: Arceus|Arceus-Ground|100/100
|move|p1a: Marshadow|Spectral Thief|p2a: Arceus
|-damage|p2a: Arceus|62/100
|
|-weather|none
|upkeep
|turn|11
|inactive|Naofumi_Bakugo_Jax has 120 seconds left.
|
|t:|1657608633
|move|p2a: Arceus|Earthquake|p1a: Marshadow
|-damage|p1a: Marshadow|14/100
|move|p1a: Marshadow|Revenge|p2a: Arceus
|-damage|p2a: Arceus|9/100
|
|upkeep
|turn|12
|
|t:|1657608642
|move|p1a: Marshadow|Shadow Sneak|p2a: Arceus
|-damage|p2a: Arceus|0 fnt
|faint|p2a: Arceus
|
|upkeep
|
|t:|1657608656
|switch|p2a: Diancie|Diancie|100/100
|turn|13
|inactive|Naofumi_Bakugo_Jax has 120 seconds left.
|j| central_faxing
|inactive|Naofumi_Bakugo_Jax has 90 seconds left.
|
|t:|1657608703
|switch|p1a: Zacian|Zacian-Crowned|100/100
|-ability|p1a: Zacian|Intrepid Sword|boost
|-boost|p1a: Zacian|atk|1
|detailschange|p2a: Diancie|Diancie-Mega
|-mega|p2a: Diancie|Diancie|Diancite
|move|p2a: Diancie|Moonblast|p1a: Zacian
|-resisted|p1a: Zacian
|-damage|p1a: Zacian|78/100
|
|upkeep
|turn|14
|inactive|Naofumi_Bakugo_Jax has 90 seconds left.
|
|t:|1657608719
|move|p1a: Zacian|Behemoth Blade|p2a: Diancie
|-supereffective|p2a: Diancie
|-damage|p2a: Diancie|0 fnt
|faint|p2a: Diancie
|
|upkeep
|
|t:|1657608726
|switch|p2a: Arceus|Arceus-Electric|100/100
|turn|15
|
|t:|1657608733
|-start|p2a: Arceus|Dynamax|
|-heal|p2a: Arceus|100/100|[silent]
|move|p1a: Zacian|Behemoth Blade|p2a: Arceus
|-resisted|p2a: Arceus
|-damage|p2a: Arceus|64/100
|move|p2a: Arceus|Max Quake|p1a: Zacian
|-supereffective|p1a: Zacian
|-damage|p1a: Zacian|0 fnt
|-boost|p2a: Arceus|spd|1
|faint|p1a: Zacian
|
|upkeep
|inactive|Naofumi_Bakugo_Jax has 90 seconds left.
|
|t:|1657608759
|switch|p1a: Kyogre|Kyogre|79/100
|-weather|RainDance|[from] ability: Drizzle|[of] p1a: Kyogre
|turn|16
|
|t:|1657608768
|move|p1a: Kyogre|Origin Pulse|p2a: Arceus
|-damage|p2a: Arceus|39/100
|move|p2a: Arceus|Max Lightning|p1a: Kyogre
|-supereffective|p1a: Kyogre
|-damage|p1a: Kyogre|0 fnt
|-fieldstart|move: Electric Terrain
|faint|p1a: Kyogre
|
|-weather|RainDance|[upkeep]
|upkeep
|l| central_faxing
|
|t:|1657608791
|switch|p1a: Yveltal|Yveltal|100/100
|-ability|p1a: Yveltal|Dark Aura
|turn|17
|
|t:|1657608805
|-start|p1a: Yveltal|Dynamax|
|-heal|p1a: Yveltal|100/100|[silent]
|move|p2a: Arceus|Max Lightning|p1a: Yveltal
|-supereffective|p1a: Yveltal
|-damage|p1a: Yveltal|12/100
|move|p1a: Yveltal|Max Airstream|p2a: Arceus
|-resisted|p2a: Arceus
|-damage|p2a: Arceus|27/100
|-boost|p1a: Yveltal|spe|1
|-damage|p1a: Yveltal|7/100|[from] item: Life Orb
|
|-weather|RainDance|[upkeep]
|upkeep
|-end|p2a: Arceus|Dynamax
|-heal|p2a: Arceus|27/100|[silent]
|turn|18
|inactive|Naofumi_Bakugo_Jax has 60 seconds left.
|
|t:|1657608829
|switch|p2a: Lunala|Lunala|64/100
|move|p1a: Yveltal|Max Darkness|p2a: Lunala
|-supereffective|p2a: Lunala
|-damage|p2a: Lunala|0 fnt
|faint|p2a: Lunala
|-damage|p1a: Yveltal|2/100|[from] item: Life Orb
|
|-weather|RainDance|[upkeep]
|upkeep
|
|t:|1657608843
|switch|p2a: Arceus|Arceus-Electric|27/100
|turn|19
|
|t:|1657608850
|move|p1a: Yveltal|Max Darkness|p2a: Arceus
|-damage|p2a: Arceus|0 fnt
|faint|p2a: Arceus
|-damage|p1a: Yveltal|0 fnt|[from] item: Life Orb
|faint|p1a: Yveltal
|
|win|Naofumi_Bakugo_Jax
|raw|Naofumi_Bakugo_Jax's rating: 1626 &rarr; <strong>1654</strong><br />(+28 for winning)
|raw|aseeasase's rating: 1783 &rarr; <strong>1755</strong><br />(-28 for losing)
|l|☆aseeasase
