|j|☆TaxFraud094
|j|☆mynameisurmother
|inactive|Battle timer is ON: inactive players will automatically lose when time's up.
|t:|1669919888
|gametype|singles
|player|p1|TaxFraud094|acetrainerf-gen4|
|player|p2|mynameisurmother|roxie|
|teamsize|p1|6
|teamsize|p2|6
|gen|8
|tier|[Gen 8] National Dex AG
|rated|Tournament battle
|rule|HP Percentage Mod: HP is shown in percentages
|rule|Endless Battle Clause: Forcing endless battles is banned
|clearpoke
|poke|p1|Ludicolo, M|
|poke|p1|Ludicolo, F|
|poke|p1|Ludicolo, F|
|poke|p1|Ludicolo, F|
|poke|p1|Ludicolo, M|
|poke|p1|Ludicolo, M|
|poke|p2|Ludicolo, M|
|poke|p2|Ludicolo, M|
|poke|p2|Ludicolo, M|
|poke|p2|Ludicolo, F|
|poke|p2|Ludicolo, M|
|poke|p2|Ludicolo, F|
|teampreview
|inactive|TaxFraud094 also wants the timer to be on.
|c|☆TaxFraud094|glhf
|c|☆mynameisurmother|u too
|j|@Santa's Codename
|
|t:|1669919905
|start
|switch|p1a: Ludicolo|Ludicolo, M|100/100
|switch|p2a: Ludicolo|Ludicolo, M|100/100
|turn|1
|
|t:|1669919910
|move|p2a: Ludicolo|Metronome|p2a: Ludicolo
|move|p2a: Ludicolo|Yawn|p1a: Ludicolo|[from]move: Metronome
|-start|p1a: Ludicolo|move: Yawn|[of] p2a: Ludicolo
|move|p1a: Ludicolo|Metronome|p1a: Ludicolo
|move|p1a: Ludicolo|Crabhammer|p2a: Ludicolo|[from]move: Metronome
|-resisted|p2a: Ludicolo
|-damage|p2a: Ludicolo|90/100
|
|upkeep
|turn|2
|j| deskeedee(alt)
|c|☆TaxFraud094|If I win this it proves Brave is the optimal nature
|
|t:|1669919926
|switch|p1a: Ludicolo|Ludicolo, F|100/100
|move|p2a: Ludicolo|Metronome|p2a: Ludicolo
|move|p2a: Ludicolo|Guard Swap|p1a: Ludicolo|[from]move: Metronome
|-swapboost|p2a: Ludicolo|p1a: Ludicolo|def, spd|[from] move: Guard Swap
|
|upkeep
|turn|3
|
|t:|1669919933
|move|p2a: Ludicolo|Metronome|p2a: Ludicolo
|move|p2a: Ludicolo|Sandstorm|p2a: Ludicolo|[from]move: Metronome
|-weather|Sandstorm
|move|p1a: Ludicolo|Metronome|p1a: Ludicolo
|move|p1a: Ludicolo|Milk Drink||[from]move: Metronome|[still]
|-fail|p1a: Ludicolo|heal
|
|-weather|Sandstorm|[upkeep]
|-damage|p2a: Ludicolo|83/100|[from] Sandstorm
|-damage|p1a: Ludicolo|94/100|[from] Sandstorm
|upkeep
|turn|4
|c|☆mynameisurmother|lets hope so
|
|t:|1669919944
|move|p2a: Ludicolo|Metronome|p2a: Ludicolo
|move|p2a: Ludicolo|Splash|p2a: Ludicolo|[from]move: Metronome
|-nothing
|move|p1a: Ludicolo|Metronome|p1a: Ludicolo
|move|p1a: Ludicolo|Screech|p2a: Ludicolo|[from]move: Metronome
|-unboost|p2a: Ludicolo|def|2
|
|-weather|Sandstorm|[upkeep]
|-damage|p2a: Ludicolo|77/100|[from] Sandstorm
|-damage|p1a: Ludicolo|88/100|[from] Sandstorm
|upkeep
|turn|5
|
|t:|1669919951
|move|p2a: Ludicolo|Metronome|p2a: Ludicolo
|move|p2a: Ludicolo|Stone Edge|p1a: Ludicolo|[from]move: Metronome
|-damage|p1a: Ludicolo|60/100
|move|p1a: Ludicolo|Metronome|p1a: Ludicolo
|move|p1a: Ludicolo|Iron Tail|p2a: Ludicolo|[from]move: Metronome
|-resisted|p2a: Ludicolo
|-damage|p2a: Ludicolo|44/100
|-unboost|p2a: Ludicolo|def|1
|
|-weather|Sandstorm|[upkeep]
|-damage|p2a: Ludicolo|38/100|[from] Sandstorm
|-damage|p1a: Ludicolo|54/100|[from] Sandstorm
|upkeep
|turn|6
|
|t:|1669919958
|move|p2a: Ludicolo|Metronome|p2a: Ludicolo
|move|p2a: Ludicolo|Guard Split|p1a: Ludicolo|[from]move: Metronome
|-activate|p2a: Ludicolo|move: Guard Split|[of] p1a: Ludicolo
|move|p1a: Ludicolo|Metronome|p1a: Ludicolo
|move|p1a: Ludicolo|Sludge|p2a: Ludicolo|[from]move: Metronome
|-supereffective|p2a: Ludicolo
|-damage|p2a: Ludicolo|11/100
|-status|p2a: Ludicolo|psn
|
|-weather|Sandstorm|[upkeep]
|-damage|p2a: Ludicolo|5/100 psn|[from] Sandstorm
|-damage|p1a: Ludicolo|47/100|[from] Sandstorm
|-damage|p2a: Ludicolo|0 fnt|[from] psn
|faint|p2a: Ludicolo
|upkeep
|c| deskeedee(alt)|convinced taxfraud is just whispering in his mons ear what move to use LOL
|
|t:|1669919964
|switch|p2a: Ludicolo|Ludicolo, M|100/100
|turn|7
|
|t:|1669919968
|move|p2a: Ludicolo|Metronome|p2a: Ludicolo
|move|p2a: Ludicolo|Worry Seed|p1a: Ludicolo|[from]move: Metronome
|-endability|p1a: Ludicolo|Own Tempo|[from] move: Worry Seed
|-ability|p1a: Ludicolo|Insomnia|[from] move: Worry Seed
|move|p1a: Ludicolo|Metronome|p1a: Ludicolo
|move|p1a: Ludicolo|Play Nice|p2a: Ludicolo|[from]move: Metronome
|-unboost|p2a: Ludicolo|atk|1
|
|-weather|none
|upkeep
|turn|8
|
|t:|1669919975
|move|p2a: Ludicolo|Metronome|p2a: Ludicolo
|move|p2a: Ludicolo|Sand Attack|p1a: Ludicolo|[from]move: Metronome
|-unboost|p1a: Ludicolo|accuracy|1
|move|p1a: Ludicolo|Metronome|p1a: Ludicolo
|move|p1a: Ludicolo|Confuse Ray|p2a: Ludicolo|[from]move: Metronome
|-start|p2a: Ludicolo|confusion
|
|upkeep
|turn|9
|c|☆TaxFraud094|I am
|c|☆TaxFraud094|Metronome :)
|c|@Santa's Codename|wouldn't he just say
|
|t:|1669919985
|switch|p1a: Ludicolo|Ludicolo, M|100/100
|-activate|p2a: Ludicolo|confusion
|-damage|p2a: Ludicolo|93/100|[from] confusion
|
|upkeep
|turn|10
|c|@Santa's Codename|horn drill
|c|@Santa's Codename|every time then
|
|t:|1669919991
|-activate|p2a: Ludicolo|confusion
|move|p2a: Ludicolo|Metronome|p2a: Ludicolo
|move|p2a: Ludicolo|Aqua Jet|p1a: Ludicolo|[from]move: Metronome
|-resisted|p1a: Ludicolo
|-damage|p1a: Ludicolo|97/100
|move|p1a: Ludicolo|Metronome|p1a: Ludicolo
|move|p1a: Ludicolo|Scorching Sands|p2a: Ludicolo|[from]move: Metronome
|-resisted|p2a: Ludicolo
|-damage|p2a: Ludicolo|84/100
|
|upkeep
|turn|11
|c|☆TaxFraud094|nah
|c|☆TaxFraud094|toxic/toxic spikes
|
|t:|1669920000
|-activate|p2a: Ludicolo|confusion
|-damage|p2a: Ludicolo|77/100|[from] confusion
|move|p1a: Ludicolo|Metronome|p1a: Ludicolo
|move|p1a: Ludicolo|Power Split|p2a: Ludicolo|[from]move: Metronome
|-activate|p1a: Ludicolo|move: Power Split|[of] p2a: Ludicolo
|
|upkeep
|turn|12
|c|☆mynameisurmother|u gonna be kidding me
|
|t:|1669920006
|-activate|p2a: Ludicolo|confusion
|move|p2a: Ludicolo|Metronome|p2a: Ludicolo
|move|p2a: Ludicolo|Peck|p1a: Ludicolo|[from]move: Metronome
|-supereffective|p1a: Ludicolo
|-damage|p1a: Ludicolo|84/100
|move|p1a: Ludicolo|Metronome|p1a: Ludicolo
|move|p1a: Ludicolo|Heal Pulse|p2a: Ludicolo|[from]move: Metronome
|-heal|p2a: Ludicolo|100/100
|
|upkeep
|turn|13
|c| deskeedee(alt)|imagine he just says a random move
|c|@Santa's Codename|hm true
|c| deskeedee(alt)|and he fucking gets it
|
|t:|1669920014
|-end|p2a: Ludicolo|confusion
|move|p2a: Ludicolo|Metronome|p2a: Ludicolo
|move|p2a: Ludicolo|Avalanche|p1a: Ludicolo|[from]move: Metronome
|-damage|p1a: Ludicolo|71/100
|move|p1a: Ludicolo|Metronome|p1a: Ludicolo
|move|p1a: Ludicolo|Muddy Water|p2a: Ludicolo|[from]move: Metronome
|-resisted|p2a: Ludicolo
|-damage|p2a: Ludicolo|92/100
|
|upkeep
|turn|14
|c|@Santa's Codename|overheat
|c|☆TaxFraud094|I got Belly Drum twice with one Ludi
|
|t:|1669920029
|move|p2a: Ludicolo|Metronome|p2a: Ludicolo
|move|p2a: Ludicolo|Aura Sphere|p1a: Ludicolo|[from]move: Metronome
|-damage|p1a: Ludicolo|54/100
|move|p1a: Ludicolo|Metronome|p1a: Ludicolo
|move|p1a: Ludicolo|Extrasensory|p2a: Ludicolo|[from]move: Metronome
|-damage|p2a: Ludicolo|73/100
|
|upkeep
|turn|15
|c|@Santa's Codename|sad
|
|t:|1669920037
|move|p2a: Ludicolo|Metronome|p2a: Ludicolo
|move|p2a: Ludicolo|Discharge|p1a: Ludicolo|[from]move: Metronome
|-damage|p1a: Ludicolo|37/100
|move|p1a: Ludicolo|Metronome|p1a: Ludicolo
|move|p1a: Ludicolo|Quiver Dance|p1a: Ludicolo|[from]move: Metronome
|-boost|p1a: Ludicolo|spa|1
|-boost|p1a: Ludicolo|spd|1
|-boost|p1a: Ludicolo|spe|1
|
|upkeep
|turn|16
|
|t:|1669920043
|move|p1a: Ludicolo|Metronome|p1a: Ludicolo
|move|p1a: Ludicolo|Surf|p2a: Ludicolo|[from]move: Metronome
|-resisted|p2a: Ludicolo
|-damage|p2a: Ludicolo|60/100
|move|p2a: Ludicolo|Metronome|p2a: Ludicolo
|move|p2a: Ludicolo|Vise Grip|p1a: Ludicolo|[from]move: Metronome
|-damage|p1a: Ludicolo|26/100
|
|upkeep
|turn|17
|
|t:|1669920049
|move|p1a: Ludicolo|Metronome|p1a: Ludicolo
|move|p1a: Ludicolo|Hyper Beam|p2a: Ludicolo|[from]move: Metronome
|-damage|p2a: Ludicolo|3/100
|-mustrecharge|p1a: Ludicolo
|move|p2a: Ludicolo|Metronome|p2a: Ludicolo
|move|p2a: Ludicolo|Teatime|p2a: Ludicolo|[from]move: Metronome
|-enditem|p1a: Ludicolo|Leppa Berry|[eat]
|-activate|p1a: Ludicolo|item: Leppa Berry|Metronome|[consumed]
|-enditem|p2a: Ludicolo|Leppa Berry|[eat]
|-activate|p2a: Ludicolo|item: Leppa Berry|Metronome|[consumed]
|
|upkeep
|turn|18
|c|☆mynameisurmother|WHAAAAAT
|c|☆mynameisurmother|HYPER BEAM
|
|t:|1669920063
|cant|p1a: Ludicolo|recharge
|move|p2a: Ludicolo|Metronome|p2a: Ludicolo
|move|p2a: Ludicolo|Leech Life|p1a: Ludicolo|[from]move: Metronome
|-supereffective|p1a: Ludicolo
|-damage|p1a: Ludicolo|0 fnt
|-heal|p2a: Ludicolo|18/100|[from] drain|[of] p1a: Ludicolo
|faint|p1a: Ludicolo
|
|upkeep
|c| deskeedee(alt)|LMAOOOOO
|
|t:|1669920069
|switch|p1a: Ludicolo|Ludicolo, F|47/100
|turn|19
|c|☆mynameisurmother|omg
|
|t:|1669920073
|move|p2a: Ludicolo|Metronome|p2a: Ludicolo
|move|p2a: Ludicolo|Magic Powder|p1a: Ludicolo|[from]move: Metronome
|-immune|p1a: Ludicolo
|move|p1a: Ludicolo|Metronome|p1a: Ludicolo
|move|p1a: Ludicolo|Surf|p2a: Ludicolo|[from]move: Metronome
|-resisted|p2a: Ludicolo
|-damage|p2a: Ludicolo|11/100
|
|upkeep
|turn|20
|
|t:|1669920080
|move|p2a: Ludicolo|Metronome|p2a: Ludicolo
|move|p2a: Ludicolo|Lick|p1a: Ludicolo|[from]move: Metronome
|-damage|p1a: Ludicolo|41/100
|-status|p1a: Ludicolo|par
|cant|p1a: Ludicolo|par
|
|upkeep
|turn|21
|
|t:|1669920086
|move|p2a: Ludicolo|Metronome|p2a: Ludicolo
|move|p2a: Ludicolo|Mud-Slap|p1a: Ludicolo|[from]move: Metronome
|-resisted|p1a: Ludicolo
|-damage|p1a: Ludicolo|39/100 par
|-unboost|p1a: Ludicolo|accuracy|1
|move|p1a: Ludicolo|Metronome|p1a: Ludicolo
|move|p1a: Ludicolo|Grass Pledge|p2a: Ludicolo|[from]move: Metronome|[miss]
|-miss|p1a: Ludicolo|p2a: Ludicolo
|
|upkeep
|turn|22
|
|t:|1669920091
|move|p2a: Ludicolo|Metronome|p2a: Ludicolo
|move|p2a: Ludicolo|Crabhammer|p1a: Ludicolo|[from]move: Metronome
|-resisted|p1a: Ludicolo
|-damage|p1a: Ludicolo|32/100 par
|move|p1a: Ludicolo|Metronome|p1a: Ludicolo
|move|p1a: Ludicolo|Brine|p2a: Ludicolo|[from]move: Metronome
|-resisted|p2a: Ludicolo
|-damage|p2a: Ludicolo|0 fnt
|faint|p2a: Ludicolo
|
|upkeep
|
|t:|1669920094
|switch|p2a: Ludicolo|Ludicolo, M|100/100
|turn|23
|
|t:|1669920100
|move|p2a: Ludicolo|Metronome|p2a: Ludicolo
|move|p2a: Ludicolo|Fling|p1a: Ludicolo|[from]move: Metronome
|-damage|p1a: Ludicolo|29/100 par
|-activate|p1a: Ludicolo|item: Leppa Berry|Metronome|[consumed]
|-enditem|p2a: Ludicolo|Leppa Berry|[from] move: Fling
|move|p1a: Ludicolo|Metronome|p1a: Ludicolo
|move|p1a: Ludicolo|Flame Wheel|p2a: Ludicolo|[from]move: Metronome
|-damage|p2a: Ludicolo|82/100
|-status|p2a: Ludicolo|brn
|
|-damage|p2a: Ludicolo|75/100 brn|[from] brn
|upkeep
|turn|24
|c|☆mynameisurmother|LUDICOOOLOOO POWER
|
|t:|1669920109
|move|p2a: Ludicolo|Metronome|p2a: Ludicolo
|move|p2a: Ludicolo|Wonder Room|p2a: Ludicolo|[from]move: Metronome
|-fieldstart|move: Wonder Room|[of] p2a: Ludicolo
|move|p1a: Ludicolo|Metronome|p1a: Ludicolo
|move|p1a: Ludicolo|Fire Spin|p2a: Ludicolo|[from]move: Metronome
|-damage|p2a: Ludicolo|67/100 brn
|-activate|p2a: Ludicolo|move: Fire Spin|[of] p1a: Ludicolo
|
|-damage|p2a: Ludicolo|61/100 brn|[from] brn
|-damage|p2a: Ludicolo|48/100 brn|[from] move: Fire Spin|[partiallytrapped]
|upkeep
|turn|25
|
|t:|1669920114
|move|p2a: Ludicolo|Metronome|p2a: Ludicolo
|move|p2a: Ludicolo|Poltergeist|p1a: Ludicolo|[from]move: Metronome
|-activate|p1a: Ludicolo|move: Poltergeist|Leppa Berry
|-damage|p1a: Ludicolo|20/100 par
|move|p1a: Ludicolo|Metronome|p1a: Ludicolo
|move|p1a: Ludicolo|Grassy Glide|p2a: Ludicolo|[from]move: Metronome
|-damage|p2a: Ludicolo|24/100 brn
|
|-damage|p2a: Ludicolo|18/100 brn|[from] brn
|-damage|p2a: Ludicolo|6/100 brn|[from] move: Fire Spin|[partiallytrapped]
|upkeep
|turn|26
|
|t:|1669920121
|move|p2a: Ludicolo|Metronome|p2a: Ludicolo
|move|p2a: Ludicolo|Headbutt|p1a: Ludicolo|[from]move: Metronome
|-damage|p1a: Ludicolo|14/100 par
|cant|p1a: Ludicolo|flinch
|
|-damage|p2a: Ludicolo|0 fnt|[from] brn
|faint|p2a: Ludicolo
|upkeep
|c|☆mynameisurmother|ye no way
|c|☆mynameisurmother|u won
|
|t:|1669920135
|switch|p2a: Ludicolo|Ludicolo, F|100/100
|turn|27
|
|t:|1669920145
|move|p2a: Ludicolo|Metronome|p2a: Ludicolo
|move|p2a: Ludicolo|Wish|p2a: Ludicolo|[from]move: Metronome
|move|p1a: Ludicolo|Metronome|p1a: Ludicolo
|move|p1a: Ludicolo|Defense Curl|p1a: Ludicolo|[from]move: Metronome
|-boost|p1a: Ludicolo|def|1
|
|upkeep
|turn|28
|
|t:|1669920149
|move|p2a: Ludicolo|Metronome|p2a: Ludicolo
|move|p2a: Ludicolo|Heat Crash|p1a: Ludicolo|[from]move: Metronome
|-damage|p1a: Ludicolo|8/100 par
|cant|p1a: Ludicolo|par
|
|-fieldend|move: Wonder Room
|upkeep
|turn|29
|
|t:|1669920154
|move|p2a: Ludicolo|Metronome|p2a: Ludicolo
|move|p2a: Ludicolo|Shore Up|p2a: Ludicolo|[from]move: Metronome
|-fail|p2a: Ludicolo|heal
|move|p1a: Ludicolo|Metronome|p1a: Ludicolo
|move|p1a: Ludicolo|Flying Press|p2a: Ludicolo|[from]move: Metronome
|-supereffective|p2a: Ludicolo
|-damage|p2a: Ludicolo|23/100
|
|upkeep
|turn|30
|c|☆TaxFraud094|use Rest
|
|t:|1669920162
|move|p2a: Ludicolo|Metronome|p2a: Ludicolo
|move|p2a: Ludicolo|Rock Wrecker|p1a: Ludicolo|[from]move: Metronome|[miss]
|-miss|p2a: Ludicolo|p1a: Ludicolo
|cant|p1a: Ludicolo|par
|
|upkeep
|turn|31
|
|t:|1669920169
|move|p2a: Ludicolo|Metronome|p2a: Ludicolo
|move|p2a: Ludicolo|Stored Power|p1a: Ludicolo|[from]move: Metronome
|-damage|p1a: Ludicolo|4/100 par
|move|p1a: Ludicolo|Metronome|p1a: Ludicolo
|move|p1a: Ludicolo|Wrap|p2a: Ludicolo|[from]move: Metronome
|-damage|p2a: Ludicolo|17/100
|-activate|p2a: Ludicolo|move: Wrap|[of] p1a: Ludicolo
|
|-damage|p2a: Ludicolo|5/100|[from] move: Wrap|[partiallytrapped]
|upkeep
|turn|32
|
|t:|1669920178
|move|p2a: Ludicolo|Metronome|p2a: Ludicolo
|move|p2a: Ludicolo|Waterfall|p1a: Ludicolo|[from]move: Metronome
|-resisted|p1a: Ludicolo
|-damage|p1a: Ludicolo|0 fnt
|faint|p1a: Ludicolo
|
|-end|p2a: Ludicolo|Wrap|[partiallytrapped]|[silent]
|upkeep
|
|t:|1669920182
|switch|p1a: Ludicolo|Ludicolo, F|100/100
|turn|33
|
|t:|1669920187
|move|p2a: Ludicolo|Metronome|p2a: Ludicolo
|move|p2a: Ludicolo|Grass Pledge|p1a: Ludicolo|[from]move: Metronome
|-damage|p1a: Ludicolo|75/100
|move|p1a: Ludicolo|Metronome|p1a: Ludicolo
|move|p1a: Ludicolo|Surf|p2a: Ludicolo|[from]move: Metronome
|-resisted|p2a: Ludicolo
|-damage|p2a: Ludicolo|0 fnt
|faint|p2a: Ludicolo
|
|upkeep
|
|t:|1669920191
|switch|p2a: Ludicolo|Ludicolo, M|100/100
|turn|34
|
|t:|1669920193
|move|p2a: Ludicolo|Metronome|p2a: Ludicolo
|move|p2a: Ludicolo|Light Screen|p2a: Ludicolo|[from]move: Metronome
|-sidestart|p2: mynameisurmother|move: Light Screen
|move|p1a: Ludicolo|Metronome|p1a: Ludicolo
|move|p1a: Ludicolo|Endeavor|p2a: Ludicolo|[from]move: Metronome
|-damage|p2a: Ludicolo|90/100
|
|upkeep
|turn|35
|
|t:|1669920199
|move|p2a: Ludicolo|Metronome|p2a: Ludicolo
|move|p2a: Ludicolo|Scorching Sands|p1a: Ludicolo|[from]move: Metronome
|-resisted|p1a: Ludicolo
|-damage|p1a: Ludicolo|66/100
|move|p1a: Ludicolo|Metronome|p1a: Ludicolo
|move|p1a: Ludicolo|Encore||[from]move: Metronome|[still]
|-fail|p1a: Ludicolo
|
|upkeep
|turn|36
|c| deskeedee(alt)|im actually watching a hacker istg
|
|t:|1669920205
|move|p2a: Ludicolo|Metronome|p2a: Ludicolo
|move|p2a: Ludicolo|Dive||[from]move: Metronome|[still]
|-prepare|p2a: Ludicolo|Dive
|move|p1a: Ludicolo|Metronome|p1a: Ludicolo
|move|p1a: Ludicolo|Block|p2a: Ludicolo|[from]move: Metronome|[miss]
|-miss|p1a: Ludicolo|p2a: Ludicolo
|
|upkeep
|turn|37
|
|t:|1669920211
|move|p2a: Ludicolo|Dive|p1a: Ludicolo|[from]lockedmove
|-resisted|p1a: Ludicolo
|-damage|p1a: Ludicolo|59/100
|move|p1a: Ludicolo|Metronome|p1a: Ludicolo
|move|p1a: Ludicolo|Earth Power|p2a: Ludicolo|[from]move: Metronome
|-resisted|p2a: Ludicolo
|-damage|p2a: Ludicolo|85/100
|
|upkeep
|turn|38
|
|t:|1669920217
|move|p2a: Ludicolo|Metronome|p2a: Ludicolo
|move|p2a: Ludicolo|Double Kick|p1a: Ludicolo|[from]move: Metronome
|-damage|p1a: Ludicolo|52/100
|-damage|p1a: Ludicolo|45/100
|-hitcount|p1a: Ludicolo|2
|move|p1a: Ludicolo|Metronome|p1a: Ludicolo
|move|p1a: Ludicolo|Hail|p1a: Ludicolo|[from]move: Metronome
|-weather|Hail
|
|-weather|Hail|[upkeep]
|-damage|p2a: Ludicolo|79/100|[from] Hail
|-damage|p1a: Ludicolo|39/100|[from] Hail
|-sideend|p2: mynameisurmother|move: Light Screen
|upkeep
|turn|39
|
|t:|1669920225
|move|p2a: Ludicolo|Metronome|p2a: Ludicolo
|move|p2a: Ludicolo|Rock Blast|p1a: Ludicolo|[from]move: Metronome
|-damage|p1a: Ludicolo|34/100
|-damage|p1a: Ludicolo|29/100
|-hitcount|p1a: Ludicolo|2
|move|p1a: Ludicolo|Metronome|p1a: Ludicolo
|move|p1a: Ludicolo|Calm Mind|p1a: Ludicolo|[from]move: Metronome
|-boost|p1a: Ludicolo|spa|1
|-boost|p1a: Ludicolo|spd|1
|
|-weather|Hail|[upkeep]
|-damage|p2a: Ludicolo|73/100|[from] Hail
|-damage|p1a: Ludicolo|23/100|[from] Hail
|upkeep
|turn|40
|
|t:|1669920232
|move|p2a: Ludicolo|Metronome|p2a: Ludicolo
|move|p2a: Ludicolo|Vine Whip|p1a: Ludicolo|[from]move: Metronome
|-crit|p1a: Ludicolo
|-damage|p1a: Ludicolo|2/100
|move|p1a: Ludicolo|Metronome|p1a: Ludicolo
|move|p1a: Ludicolo|Sucker Punch||[from]move: Metronome|[still]
|-fail|p1a: Ludicolo
|
|-weather|Hail|[upkeep]
|-damage|p2a: Ludicolo|67/100|[from] Hail
|-damage|p1a: Ludicolo|0 fnt|[from] Hail
|faint|p1a: Ludicolo
|upkeep
|
|t:|1669920238
|switch|p1a: Ludicolo|Ludicolo, F|100/100
|turn|41
|c|☆mynameisurmother|come back?
|
|t:|1669920247
|move|p2a: Ludicolo|Metronome|p2a: Ludicolo
|move|p2a: Ludicolo|Water Pulse|p1a: Ludicolo|[from]move: Metronome
|-resisted|p1a: Ludicolo
|-damage|p1a: Ludicolo|95/100
|move|p1a: Ludicolo|Metronome|p1a: Ludicolo
|move|p1a: Ludicolo|Swords Dance|p1a: Ludicolo|[from]move: Metronome
|-boost|p1a: Ludicolo|atk|2
|
|-weather|Hail|[upkeep]
|-damage|p2a: Ludicolo|61/100|[from] Hail
|-damage|p1a: Ludicolo|89/100|[from] Hail
|upkeep
|turn|42
|c|☆TaxFraud094|not on my watch
|c|☆TaxFraud094|SD Ludi gonna clean
|
|t:|1669920270
|move|p2a: Ludicolo|Metronome|p2a: Ludicolo
|move|p2a: Ludicolo|Shadow Sneak|p1a: Ludicolo|[from]move: Metronome
|-damage|p1a: Ludicolo|80/100
|move|p1a: Ludicolo|Metronome|p1a: Ludicolo
|move|p1a: Ludicolo|Discharge|p2a: Ludicolo|[from]move: Metronome
|-crit|p2a: Ludicolo
|-damage|p2a: Ludicolo|30/100
|
|-weather|none
|upkeep
|turn|43
|
|t:|1669920277
|move|p2a: Ludicolo|Metronome|p2a: Ludicolo
|move|p2a: Ludicolo|Leaf Blade|p1a: Ludicolo|[from]move: Metronome
|-damage|p1a: Ludicolo|52/100
|move|p1a: Ludicolo|Metronome|p1a: Ludicolo
|move|p1a: Ludicolo|Flatter|p2a: Ludicolo|[from]move: Metronome
|-boost|p2a: Ludicolo|spa|1
|-start|p2a: Ludicolo|confusion
|
|upkeep
|turn|44
|j| f1r35t0rm_96
|
|t:|1669920285
|-activate|p2a: Ludicolo|confusion
|move|p2a: Ludicolo|Metronome|p2a: Ludicolo
|move|p2a: Ludicolo|Volt Switch|p1a: Ludicolo|[from]move: Metronome
|-damage|p1a: Ludicolo|23/100
|
|t:|1669920290
|switch|p2a: Ludicolo|Ludicolo, F|100/100|[from] Volt Switch
|move|p1a: Ludicolo|Metronome|p1a: Ludicolo
|move|p1a: Ludicolo|Power-Up Punch|p2a: Ludicolo|[from]move: Metronome
|-damage|p2a: Ludicolo|75/100
|-boost|p1a: Ludicolo|atk|1
|
|upkeep
|turn|45
|
|t:|1669920295
|move|p2a: Ludicolo|Metronome|p2a: Ludicolo
|move|p2a: Ludicolo|Fire Fang|p1a: Ludicolo|[from]move: Metronome
|-damage|p1a: Ludicolo|5/100
|move|p1a: Ludicolo|Metronome|p1a: Ludicolo
|move|p1a: Ludicolo|Bulk Up|p1a: Ludicolo|[from]move: Metronome
|-boost|p1a: Ludicolo|atk|1
|-boost|p1a: Ludicolo|def|1
|
|upkeep
|turn|46
|c|☆TaxFraud094|okay we get it
|c|☆TaxFraud094|you like to boost attack
|
|t:|1669920313
|move|p2a: Ludicolo|Metronome|p2a: Ludicolo
|move|p2a: Ludicolo|Attack Order|p1a: Ludicolo|[from]move: Metronome
|-supereffective|p1a: Ludicolo
|-damage|p1a: Ludicolo|0 fnt
|faint|p1a: Ludicolo
|
|upkeep
|
|t:|1669920317
|switch|p1a: Ludicolo|Ludicolo, M|100/100
|turn|47
|
|t:|1669920322
|switch|p2a: Ludicolo|Ludicolo, M|30/100
|move|p1a: Ludicolo|Metronome|p1a: Ludicolo
|move|p1a: Ludicolo|Purify||[from]move: Metronome|[still]
|-fail|p1a: Ludicolo
|
|upkeep
|turn|48
|
|t:|1669920327
|move|p2a: Ludicolo|Metronome|p2a: Ludicolo
|move|p2a: Ludicolo|Tearful Look|p1a: Ludicolo|[from]move: Metronome
|-unboost|p1a: Ludicolo|atk|1
|-unboost|p1a: Ludicolo|spa|1
|move|p1a: Ludicolo|Metronome|p1a: Ludicolo
|move|p1a: Ludicolo|Teleport|p1a: Ludicolo|[from]move: Metronome
|
|t:|1669920332
|switch|p1a: Ludicolo|Ludicolo, M|100/100|[from] Teleport
|
|upkeep
|turn|49
|c| deskeedee(alt)|dt purify
|
|t:|1669920335
|move|p2a: Ludicolo|Metronome|p2a: Ludicolo
|move|p2a: Ludicolo|Lock-On|p1a: Ludicolo|[from]move: Metronome
|-activate|p2a: Ludicolo|move: Lock-On|[of] p1a: Ludicolo
|move|p1a: Ludicolo|Metronome|p1a: Ludicolo
|move|p1a: Ludicolo|Lava Plume|p2a: Ludicolo|[from]move: Metronome
|-damage|p2a: Ludicolo|11/100
|-status|p2a: Ludicolo|brn
|
|-damage|p2a: Ludicolo|5/100 brn|[from] brn
|upkeep
|turn|50
|
|t:|1669920344
|move|p2a: Ludicolo|Metronome|p2a: Ludicolo
|move|p2a: Ludicolo|Withdraw|p2a: Ludicolo|[from]move: Metronome
|-boost|p2a: Ludicolo|def|1
|move|p1a: Ludicolo|Metronome|p1a: Ludicolo
|move|p1a: Ludicolo|Assurance|p2a: Ludicolo|[from]move: Metronome
|-damage|p2a: Ludicolo|0 fnt
|faint|p2a: Ludicolo
|
|upkeep
|
|t:|1669920350
|switch|p2a: Ludicolo|Ludicolo, F|75/100
|turn|51
|
|t:|1669920352
|-start|p2a: Ludicolo|Dynamax|
|-heal|p2a: Ludicolo|75/100|[silent]
|move|p2a: Ludicolo|Max Guard|p2a: Ludicolo
|-singleturn|p2a: Ludicolo|Max Guard
|move|p1a: Ludicolo|Metronome|p1a: Ludicolo
|move|p1a: Ludicolo|Leafage|p2a: Ludicolo|[from]move: Metronome
|-activate|p2a: Ludicolo|move: Max Guard
|
|upkeep
|turn|52
|
|t:|1669920359
|move|p2a: Ludicolo|Max Guard||[still]
|-fail|p2a: Ludicolo
|move|p1a: Ludicolo|Metronome|p1a: Ludicolo
|move|p1a: Ludicolo|Darkest Lariat|p2a: Ludicolo|[from]move: Metronome
|-damage|p2a: Ludicolo|61/100
|
|upkeep
|turn|53
|
|t:|1669920366
|move|p2a: Ludicolo|Max Guard|p2a: Ludicolo
|-singleturn|p2a: Ludicolo|Max Guard
|move|p1a: Ludicolo|Metronome|p1a: Ludicolo
|move|p1a: Ludicolo|Spikes|p2a: Ludicolo|[from]move: Metronome
|-sidestart|p2: mynameisurmother|Spikes
|
|upkeep
|-end|p2a: Ludicolo|Dynamax
|-heal|p2a: Ludicolo|61/100|[silent]
|turn|54
|
|t:|1669920371
|move|p2a: Ludicolo|Metronome|p2a: Ludicolo
|move|p2a: Ludicolo|U-turn|p1a: Ludicolo|[from]move: Metronome
|-supereffective|p1a: Ludicolo
|-damage|p1a: Ludicolo|58/100
|move|p1a: Ludicolo|Metronome|p1a: Ludicolo
|move|p1a: Ludicolo|Revenge|p2a: Ludicolo|[from]move: Metronome
|-damage|p2a: Ludicolo|26/100
|
|upkeep
|turn|55
|c| deskeedee(alt)|waiting for the OHKO move to come out
|
|t:|1669920378
|move|p2a: Ludicolo|Metronome|p2a: Ludicolo
|move|p2a: Ludicolo|Tearful Look|p1a: Ludicolo|[from]move: Metronome
|-unboost|p1a: Ludicolo|atk|1
|-unboost|p1a: Ludicolo|spa|1
|move|p1a: Ludicolo|Metronome|p1a: Ludicolo
|move|p1a: Ludicolo|Fly||[from]move: Metronome|[still]
|-prepare|p1a: Ludicolo|Fly
|
|upkeep
|turn|56
|c|☆TaxFraud094|shoulda saved your dyna
|c|☆mynameisurmother|gg
|
|t:|1669920393
|move|p2a: Ludicolo|Metronome|p2a: Ludicolo
|move|p2a: Ludicolo|Entrainment|p1a: Ludicolo|[from]move: Metronome|[miss]
|-miss|p2a: Ludicolo|p1a: Ludicolo
|move|p1a: Ludicolo|Fly|p2a: Ludicolo|[from]lockedmove
|-supereffective|p2a: Ludicolo
|-damage|p2a: Ludicolo|0 fnt
|faint|p2a: Ludicolo
|
|win|TaxFraud094
|n|☆TaxFraud094|taxfraud094
|n|☆mynameisurmother|mynameisurmother
|n| Santa's Codename|santascodename
|n| deskeedee(alt)|deskeedeealt
|n| f1r35t0rm_96|f1r35t0rm96
