|j|☆Fofgofx
|j|☆ChunkyRat
|t:|1613403912
|player|p1|Fofgofx|unknown|1800
|player|p2|ChunkyRat|266|1650
|teamsize|p1|6
|teamsize|p2|6
|gametype|singles
|gen|8
|tier|[Gen 8] National Dex AG
|rated|
|clearpoke
|poke|p1|Rayquaza|
|poke|p1|Arceus-*|
|poke|p1|Necrozma-Dusk-Mane|
|poke|p1|Ho-Oh|
|poke|p1|Yveltal|
|poke|p1|Ditto|
|poke|p2|Arceus-*|
|poke|p2|Ditto|
|poke|p2|Lugia|
|poke|p2|Chansey, F|
|poke|p2|Groudon|
|poke|p2|Sableye, M|
|rule|HP Percentage Mod: HP is shown in percentages
|rule|Endless Battle Clause: Forcing endless battles is banned
|teampreview
|inactive|Battle timer is ON: inactive players will automatically lose when time's up. (requested by Fofgofx)
|
|t:|1613403941
|start
|switch|p1a: Rayquaza|Rayquaza|100/100
|switch|p2a: Lugia|Lugia|100/100
|-ability|p1a: Rayquaza|Air Lock
|turn|1
|
|t:|1613403948
|switch|p1a: Necrozma|Necrozma-Dusk-Mane|100/100
|move|p2a: Lugia|Toxic|p1a: Necrozma
|-immune|p1a: Necrozma
|
|upkeep
|turn|2
|
|t:|1613403955
|switch|p2a: Groudon|Groudon|100/100
|detailschange|p2a: Groudon|Groudon-Primal
|-primal|p2a: Groudon
|-weather|DesolateLand|[from] ability: Desolate Land|[of] p2a: Groudon
|move|p1a: Necrozma|Stealth Rock|p2a: Groudon
|-sidestart|p2: ChunkyRat|move: Stealth Rock
|
|-weather|DesolateLand|[upkeep]
|upkeep
|turn|3
|
|t:|1613403961
|switch|p1a: Ho-Oh|Ho-Oh|100/100
|move|p2a: Groudon|Fire Punch|p1a: Ho-Oh
|-resisted|p1a: Ho-Oh
|-damage|p1a: Ho-Oh|77/100
|
|-weather|DesolateLand|[upkeep]
|upkeep
|turn|4
|
|t:|1613403967
|move|p1a: Ho-Oh|Toxic|p2a: Groudon
|-status|p2a: Groudon|tox
|move|p2a: Groudon|Toxic|p1a: Ho-Oh
|-status|p1a: Ho-Oh|tox
|
|-weather|DesolateLand|[upkeep]
|-damage|p2a: Groudon|94/100 tox|[from] psn
|-damage|p1a: Ho-Oh|71/100 tox|[from] psn
|upkeep
|turn|5
|
|t:|1613403974
|-weather|none
|switch|p2a: Chansey|Chansey, F|100/100
|-damage|p2a: Chansey|88/100|[from] Stealth Rock
|switch|p1a: Arceus|Arceus-Dark|100/100
|
|-heal|p2a: Chansey|94/100|[from] item: Leftovers
|upkeep
|turn|6
|
|t:|1613403991
|switch|p1a: Rayquaza|Rayquaza|100/100
|-ability|p1a: Rayquaza|Air Lock
|move|p2a: Chansey|Aromatherapy|p2a: Chansey
|-activate|p2a: Chansey|move: Aromatherapy
|-curestatus|p2: Groudon|tox|[msg]
|
|-heal|p2a: Chansey|100/100|[from] item: Leftovers
|upkeep
|turn|7
|
|t:|1613404007
|switch|p2a: Lugia|Lugia|100/100
|detailschange|p1a: Rayquaza|Rayquaza-Mega
|-mega|p1a: Rayquaza|Rayquaza|
|-weather|DeltaStream|[from] ability: Delta Stream|[of] p1a: Rayquaza
|move|p1a: Rayquaza|Dragon Ascent|p2a: Lugia
|-damage|p2a: Lugia|73/100
|-unboost|p1a: Rayquaza|def|1
|-unboost|p1a: Rayquaza|spd|1
|-damage|p1a: Rayquaza|91/100|[from] item: Life Orb
|
|-weather|DeltaStream|[upkeep]
|upkeep
|turn|8
|
|t:|1613404018
|-weather|none
|switch|p1a: Necrozma|Necrozma-Dusk-Mane|100/100
|move|p2a: Lugia|Roost|p2a: Lugia
|-heal|p2a: Lugia|100/100
|-singleturn|p2a: Lugia|move: Roost
|
|upkeep
|turn|9
|
|t:|1613404037
|move|p2a: Lugia|Defog|p1a: Necrozma
|-unboost|p1a: Necrozma|evasion|1
|-sideend|p2: ChunkyRat|Stealth Rock|[from] move: Defog|[of] p2a: Lugia
|move|p1a: Necrozma|Toxic|p2a: Lugia
|-status|p2a: Lugia|tox
|
|-damage|p2a: Lugia|94/100 tox|[from] psn
|upkeep
|turn|10
|
|t:|1613404042
|switch|p2a: Sableye|Sableye, M|100/100
|move|p1a: Necrozma|Stealth Rock|p2a: Sableye
|-sidestart|p2: ChunkyRat|move: Stealth Rock
|
|upkeep
|turn|11
|
|t:|1613404060
|switch|p1a: Yveltal|Yveltal|100/100
|-ability|p1a: Yveltal|Dark Aura
|move|p2a: Sableye|Knock Off|p1a: Yveltal
|-resisted|p1a: Yveltal
|-damage|p1a: Yveltal|86/100
|-enditem|p1a: Yveltal|Life Orb|[from] move: Knock Off|[of] p2a: Sableye
|
|upkeep
|turn|12
|
|t:|1613404067
|switch|p2a: Lugia|Lugia|94/100 tox
|move|p1a: Yveltal|Taunt|p2a: Lugia
|-start|p2a: Lugia|move: Taunt
|
|-damage|p2a: Lugia|88/100 tox|[from] psn
|upkeep
|turn|13
|
|t:|1613404075
|move|p1a: Yveltal|Dark Pulse|p2a: Lugia
|-supereffective|p2a: Lugia
|-damage|p2a: Lugia|25/100 tox
|-activate|p2a: Lugia|move: Struggle
|move|p2a: Lugia|Struggle|p1a: Yveltal
|-damage|p1a: Yveltal|79/100
|-damage|p2a: Lugia|0 fnt|[from] recoil
|faint|p2a: Lugia
|
|upkeep
|
|t:|1613404079
|switch|p2a: Groudon|Groudon-Primal|94/100
|-damage|p2a: Groudon|82/100|[from] Stealth Rock
|-weather|DesolateLand|[from] ability: Desolate Land|[of] p2a: Groudon
|turn|14
|
|t:|1613404088
|switch|p1a: Ho-Oh|Ho-Oh|100/100 tox
|move|p2a: Groudon|Fire Punch|p1a: Ho-Oh
|-resisted|p1a: Ho-Oh
|-damage|p1a: Ho-Oh|80/100 tox
|
|-weather|DesolateLand|[upkeep]
|-damage|p1a: Ho-Oh|74/100 tox|[from] psn
|upkeep
|turn|15
|
|t:|1613404094
|move|p1a: Ho-Oh|Toxic|p2a: Groudon
|-status|p2a: Groudon|tox
|move|p2a: Groudon|Stealth Rock|p1a: Ho-Oh
|-sidestart|p1: Fofgofx|move: Stealth Rock
|
|-weather|DesolateLand|[upkeep]
|-damage|p2a: Groudon|76/100 tox|[from] psn
|-damage|p1a: Ho-Oh|62/100 tox|[from] psn
|upkeep
|turn|16
|
|t:|1613404103
|-weather|none
|switch|p2a: Chansey|Chansey, F|100/100
|-damage|p2a: Chansey|88/100|[from] Stealth Rock
|switch|p1a: Arceus|Arceus-Dark|100/100
|-damage|p1a: Arceus|88/100|[from] Stealth Rock
|
|-heal|p2a: Chansey|94/100|[from] item: Leftovers
|upkeep
|turn|17
|
|t:|1613404119
|switch|p1a: Rayquaza|Rayquaza-Mega|91/100
|-damage|p1a: Rayquaza|66/100|[from] Stealth Rock
|-weather|DeltaStream|[from] ability: Delta Stream|[of] p1a: Rayquaza
|move|p2a: Chansey|Aromatherapy|p2a: Chansey
|-activate|p2a: Chansey|move: Aromatherapy
|-curestatus|p2: Groudon|tox|[msg]
|
|-weather|DeltaStream|[upkeep]
|-heal|p2a: Chansey|100/100|[from] item: Leftovers
|upkeep
|turn|18
|
|t:|1613404125
|switch|p2a: Sableye|Sableye, M|100/100
|-damage|p2a: Sableye|88/100|[from] Stealth Rock
|move|p1a: Rayquaza|Dragon Ascent|p2a: Sableye
|-damage|p2a: Sableye|0 fnt
|-unboost|p1a: Rayquaza|def|1
|-unboost|p1a: Rayquaza|spd|1
|-damage|p1a: Rayquaza|56/100|[from] item: Life Orb
|faint|p2a: Sableye
|
|-weather|DeltaStream|[upkeep]
|upkeep
|
|t:|1613404128
|switch|p2a: Ditto|Ditto|100/100
|-damage|p2a: Ditto|88/100|[from] Stealth Rock
|-transform|p2a: Ditto|p1a: Rayquaza|[from] ability: Imposter
|turn|19
|
|t:|1613404144
|switch|p1a: Necrozma|Necrozma-Dusk-Mane|100/100
|-damage|p1a: Necrozma|94/100|[from] Stealth Rock
|move|p2a: Ditto|Extreme Speed|p1a: Necrozma
|-resisted|p1a: Necrozma
|-damage|p1a: Necrozma|86/100
|
|-weather|DeltaStream|[upkeep]
|-heal|p1a: Necrozma|92/100|[from] item: Leftovers
|upkeep
|turn|20
|
|t:|1613404151
|-weather|none
|switch|p2a: Arceus|Arceus-Dark|100/100
|-damage|p2a: Arceus|88/100|[from] Stealth Rock
|move|p1a: Necrozma|Sunsteel Strike|p2a: Arceus
|-damage|p2a: Arceus|58/100
|
|-heal|p1a: Necrozma|98/100|[from] item: Leftovers
|upkeep
|turn|21
|
|t:|1613404161
|switch|p1a: Ho-Oh|Ho-Oh|95/100 tox
|move|p2a: Arceus|Calm Mind|p2a: Arceus
|-boost|p2a: Arceus|spa|1
|-boost|p2a: Arceus|spd|1
|
|-damage|p1a: Ho-Oh|88/100 tox|[from] psn
|upkeep
|turn|22
|
|t:|1613404167
|move|p2a: Arceus|Judgment|p1a: Ho-Oh
|-damage|p1a: Ho-Oh|52/100 tox
|move|p1a: Ho-Oh|Toxic|p2a: Arceus
|-status|p2a: Arceus|tox
|
|-damage|p2a: Arceus|52/100 tox|[from] psn
|-damage|p1a: Ho-Oh|40/100 tox|[from] psn
|upkeep
|turn|23
|
|t:|1613404173
|switch|p2a: Chansey|Chansey, F|100/100
|-damage|p2a: Chansey|88/100|[from] Stealth Rock
|move|p1a: Ho-Oh|Sacred Fire|p2a: Chansey|[miss]
|-miss|p1a: Ho-Oh|p2a: Chansey
|
|-heal|p2a: Chansey|94/100|[from] item: Leftovers
|-damage|p1a: Ho-Oh|21/100 tox|[from] psn
|upkeep
|turn|24
|
|t:|1613404177
|switch|p1a: Rayquaza|Rayquaza-Mega|56/100
|-damage|p1a: Rayquaza|31/100|[from] Stealth Rock
|-weather|DeltaStream|[from] ability: Delta Stream|[of] p1a: Rayquaza
|move|p2a: Chansey|Aromatherapy|p2a: Chansey
|-activate|p2a: Chansey|move: Aromatherapy
|-curestatus|p2: Arceus|tox|[msg]
|
|-weather|DeltaStream|[upkeep]
|-heal|p2a: Chansey|100/100|[from] item: Leftovers
|upkeep
|turn|25
|
|t:|1613404204
|switch|p2a: Groudon|Groudon-Primal|76/100
|-damage|p2a: Groudon|63/100|[from] Stealth Rock
|-weather|DesolateLand|[from] ability: Desolate Land|[of] p2a: Groudon
|move|p1a: Rayquaza|Dragon Ascent|p2a: Groudon
|-damage|p2a: Groudon|19/100
|-unboost|p1a: Rayquaza|def|1
|-unboost|p1a: Rayquaza|spd|1
|-damage|p1a: Rayquaza|21/100|[from] item: Life Orb
|
|-weather|DesolateLand|[upkeep]
|upkeep
|turn|26
|
|t:|1613404211
|move|p1a: Rayquaza|Dragon Ascent|p2a: Groudon
|-damage|p2a: Groudon|0 fnt
|-unboost|p1a: Rayquaza|def|1
|-unboost|p1a: Rayquaza|spd|1
|-damage|p1a: Rayquaza|11/100|[from] item: Life Orb
|faint|p2a: Groudon
|-weather|none
|
|upkeep
|
|t:|1613404216
|switch|p2a: Ditto|Ditto|88/100
|-damage|p2a: Ditto|76/100|[from] Stealth Rock
|-transform|p2a: Ditto|p1a: Rayquaza|[from] ability: Imposter
|-weather|DeltaStream|[from] ability: Delta Stream|[of] p2a: Ditto
|turn|27
|
|t:|1613404223
|switch|p1a: Necrozma|Necrozma-Dusk-Mane|98/100
|-damage|p1a: Necrozma|92/100|[from] Stealth Rock
|move|p2a: Ditto|V-create|p1a: Necrozma
|-supereffective|p1a: Necrozma
|-damage|p1a: Necrozma|25/100
|-unboost|p2a: Ditto|spe|1
|-unboost|p2a: Ditto|def|1
|-unboost|p2a: Ditto|spd|1
|
|-weather|DeltaStream|[upkeep]
|-heal|p1a: Necrozma|31/100|[from] item: Leftovers
|upkeep
|turn|28
|
|t:|1613404230
|switch|p1a: Ho-Oh|Ho-Oh|54/100 tox
|move|p2a: Ditto|V-create|p1a: Ho-Oh
|-resisted|p1a: Ho-Oh
|-damage|p1a: Ho-Oh|26/100 tox
|-unboost|p2a: Ditto|spe|1
|-unboost|p2a: Ditto|def|1
|-unboost|p2a: Ditto|spd|1
|
|-weather|DeltaStream|[upkeep]
|-damage|p1a: Ho-Oh|20/100 tox|[from] psn
|upkeep
|turn|29
|
|t:|1613404237
|move|p2a: Ditto|V-create|p1a: Ho-Oh
|-resisted|p1a: Ho-Oh
|-damage|p1a: Ho-Oh|0 fnt
|-unboost|p2a: Ditto|spe|1
|-unboost|p2a: Ditto|def|1
|-unboost|p2a: Ditto|spd|1
|faint|p1a: Ho-Oh
|
|-weather|DeltaStream|[upkeep]
|upkeep
|inactive|Fofgofx has 120 seconds left.
|
|t:|1613404270
|switch|p1a: Yveltal|Yveltal|79/100
|-damage|p1a: Yveltal|54/100|[from] Stealth Rock
|-ability|p1a: Yveltal|Dark Aura
|turn|30
|inactive|ChunkyRat has 120 seconds left.
|
|t:|1613404308
|-weather|none
|switch|p2a: Chansey|Chansey, F|100/100
|-damage|p2a: Chansey|88/100|[from] Stealth Rock
|move|p1a: Yveltal|Oblivion Wing|p2a: Chansey
|-damage|p2a: Chansey|67/100
|-heal|p1a: Yveltal|82/100|[from] drain|[of] p2a: Chansey
|
|-heal|p2a: Chansey|74/100|[from] item: Leftovers
|upkeep
|turn|31
|
|t:|1613404315
|move|p1a: Yveltal|Taunt|p2a: Chansey
|-start|p2a: Chansey|move: Taunt
|cant|p2a: Chansey|move: Taunt|Toxic
|
|-heal|p2a: Chansey|80/100|[from] item: Leftovers
|upkeep
|turn|32
|inactive|ChunkyRat has 120 seconds left.
|
|t:|1613404334
|switch|p2a: Arceus|Arceus-Dark|52/100
|-damage|p2a: Arceus|40/100|[from] Stealth Rock
|move|p1a: Yveltal|Oblivion Wing|p2a: Arceus
|-damage|p2a: Arceus|15/100
|-heal|p1a: Yveltal|100/100|[from] drain|[of] p2a: Arceus
|
|upkeep
|turn|33
|inactive|ChunkyRat has 120 seconds left.
|
|t:|1613404358
|move|p1a: Yveltal|Taunt|p2a: Arceus
|-start|p2a: Arceus|move: Taunt
|cant|p2a: Arceus|move: Taunt|Recover
|
|upkeep
|turn|34
|
|t:|1613404365
|move|p1a: Yveltal|Oblivion Wing|p2a: Arceus
|-crit|p2a: Arceus
|-damage|p2a: Arceus|0 fnt
|faint|p2a: Arceus
|
|upkeep
|inactive|ChunkyRat has 120 seconds left.
|
|t:|1613404373
|switch|p2a: Ditto|Ditto|76/100
|-damage|p2a: Ditto|64/100|[from] Stealth Rock
|-transform|p2a: Ditto|p1a: Yveltal|[from] ability: Imposter
|-ability|p2a: Ditto|Dark Aura
|turn|35
|
|t:|1613404384
|switch|p1a: Arceus|Arceus-Dark|88/100
|-damage|p1a: Arceus|76/100|[from] Stealth Rock
|-start|p2a: Ditto|Dynamax
|-heal|p2a: Ditto|64/100|[silent]
|move|p2a: Ditto|Max Airstream|p1a: Arceus
|-damage|p1a: Arceus|39/100
|-boost|p2a: Ditto|spe|1
|
|upkeep
|turn|36
|
|t:|1613404407
|move|p2a: Ditto|Max Airstream|p1a: Arceus
|-crit|p1a: Arceus
|-damage|p1a: Arceus|0 fnt
|-boost|p2a: Ditto|spe|1
|faint|p1a: Arceus
|
|upkeep
|
|t:|1613404418
|switch|p1a: Necrozma|Necrozma-Dusk-Mane|31/100
|-damage|p1a: Necrozma|25/100|[from] Stealth Rock
|turn|37
|
|t:|1613404425
|move|p2a: Ditto|Max Darkness|p1a: Necrozma
|-supereffective|p1a: Necrozma
|-damage|p1a: Necrozma|0 fnt
|faint|p1a: Necrozma
|
|-end|p2a: Ditto|Dynamax
|-heal|p2a: Ditto|64/100|[silent]
|upkeep
|j| Discoii
|
|t:|1613404429
|switch|p1a: Yveltal|Yveltal|100/100
|-damage|p1a: Yveltal|76/100|[from] Stealth Rock
|-ability|p1a: Yveltal|Dark Aura
|turn|38
|
|t:|1613404446
|-start|p1a: Yveltal|Dynamax
|-heal|p1a: Yveltal|76/100|[silent]
|move|p2a: Ditto|Oblivion Wing|p1a: Yveltal
|-damage|p1a: Yveltal|54/100
|-heal|p2a: Ditto|100/100|[from] drain|[of] p1a: Yveltal
|move|p1a: Yveltal|Max Darkness|p2a: Ditto
|-resisted|p2a: Ditto
|-damage|p2a: Ditto|26/100
|-unboost|p2a: Ditto|spd|1
|
|upkeep
|turn|39
|
|t:|1613404455
|switch|p2a: Chansey|Chansey, F|80/100
|-damage|p2a: Chansey|67/100|[from] Stealth Rock
|move|p1a: Yveltal|Max Darkness|p2a: Chansey
|-damage|p2a: Chansey|21/100
|-unboost|p2a: Chansey|spd|1
|
|-heal|p2a: Chansey|27/100|[from] item: Leftovers
|upkeep
|turn|40
|
|t:|1613404465
|move|p1a: Yveltal|Max Darkness|p2a: Chansey
|-damage|p2a: Chansey|0 fnt
|faint|p2a: Chansey
|
|-end|p1a: Yveltal|Dynamax
|-heal|p1a: Yveltal|54/100|[silent]
|upkeep
|
|t:|1613404467
|switch|p2a: Ditto|Ditto|26/100
|-damage|p2a: Ditto|14/100|[from] Stealth Rock
|-transform|p2a: Ditto|p1a: Yveltal|[from] ability: Imposter
|-ability|p2a: Ditto|Dark Aura
|turn|41
|
|t:|1613404478
|move|p2a: Ditto|Oblivion Wing|p1a: Yveltal
|-damage|p1a: Yveltal|12/100
|-heal|p2a: Ditto|66/100|[from] drain|[of] p1a: Yveltal
|move|p1a: Yveltal|Oblivion Wing|p2a: Ditto
|-damage|p2a: Ditto|0 fnt
|-heal|p1a: Yveltal|42/100|[from] drain|[of] p2a: Ditto
|faint|p2a: Ditto
|
|win|Fofgofx
|c|☆Fofgofx|Gg
|l|☆ChunkyRat
|l| Discoii
||Ladder (probably) updated, but score could not be retrieved (Request timeout).
