|j|☆JedTheHumanoid
|j|☆ywl19260817
|t:|1657087087
|gametype|singles
|player|p1|JedTheHumanoid|tuber-gen3|1688
|player|p2|ywl19260817|102|1913
|teamsize|p1|6
|teamsize|p2|6
|gen|8
|tier|[Gen 8] National Dex AG
|rated|
|rule|HP Percentage Mod: HP is shown in percentages
|rule|Endless Battle Clause: Forcing endless battles is banned
|clearpoke
|poke|p1|Arceus-*|
|poke|p1|Rayquaza|
|poke|p1|Calyrex-Shadow|
|poke|p1|Yveltal|
|poke|p1|Groudon|
|poke|p1|Marshadow|
|poke|p2|Zacian-*|
|poke|p2|Yveltal|
|poke|p2|Rayquaza|
|poke|p2|Kyogre|
|poke|p2|Groudon|
|poke|p2|Tornadus, M|
|teampreview
|
|t:|1657087098
|start
|switch|p1a: Jeffrey|Rayquaza|100/100
|switch|p2a: Groudon|Groudon|100/100
|-ability|p1a: Jeffrey|Air Lock
|detailschange|p2a: Groudon|Groudon-Primal
|-primal|p2a: Groudon
|-weather|DesolateLand|[from] ability: Desolate Land|[of] p2a: Groudon
|turn|1
|
|t:|1657087106
|detailschange|p1a: Jeffrey|Rayquaza-Mega
|-mega|p1a: Jeffrey|Rayquaza|
|-weather|DeltaStream|[from] ability: Delta Stream|[of] p1a: Jeffrey
|move|p1a: Jeffrey|Surf|p2a: Groudon
|-supereffective|p2a: Groudon
|-damage|p2a: Groudon|0 fnt
|faint|p2a: Groudon
|-damage|p1a: Jeffrey|91/100|[from] item: Life Orb
|
|-weather|DeltaStream|[upkeep]
|upkeep
|
|t:|1657087118
|switch|p2a: Zacian|Zacian-Crowned|100/100
|-ability|p2a: Zacian|Intrepid Sword|boost
|-boost|p2a: Zacian|atk|1
|turn|2
|inactive|Battle timer is ON: inactive players will automatically lose when time's up. (requested by JedTheHumanoid)
|
|t:|1657087137
|-weather|none
|switch|p1a: Amulek|Groudon|100/100
|detailschange|p1a: Amulek|Groudon-Primal
|-primal|p1a: Amulek
|-weather|DesolateLand|[from] ability: Desolate Land|[of] p1a: Amulek
|move|p2a: Zacian|Close Combat|p1a: Amulek
|-damage|p1a: Amulek|63/100
|-unboost|p2a: Zacian|def|1
|-unboost|p2a: Zacian|spd|1
|
|-weather|DesolateLand|[upkeep]
|upkeep
|turn|3
|
|t:|1657087151
|switch|p2a: Rayquaza|Rayquaza|100/100
|-ability|p2a: Rayquaza|Air Lock
|move|p1a: Amulek|Rock Tomb|p2a: Rayquaza|[miss]
|-miss|p1a: Amulek|p2a: Rayquaza
|
|-weather|DesolateLand|[upkeep]
|upkeep
|turn|4
|
|t:|1657087165
|-weather|none
|switch|p1a: Pahoran|Arceus-Electric|100/100
|detailschange|p2a: Rayquaza|Rayquaza-Mega
|-mega|p2a: Rayquaza|Rayquaza|
|-weather|DeltaStream|[from] ability: Delta Stream|[of] p2a: Rayquaza
|move|p2a: Rayquaza|Scale Shot|p1a: Pahoran
|-damage|p1a: Pahoran|89/100
|-damage|p1a: Pahoran|76/100
|-damage|p1a: Pahoran|64/100
|-hitcount|p1a: Pahoran|3
|-unboost|p2a: Rayquaza|def|1
|-boost|p2a: Rayquaza|spe|1
|
|-weather|DeltaStream|[upkeep]
|upkeep
|turn|5
|
|t:|1657087185
|switch|p1a: Cpt. Moroni|Yveltal|100/100
|-ability|p1a: Cpt. Moroni|Dark Aura
|move|p2a: Rayquaza|Scale Shot|p1a: Cpt. Moroni
|-damage|p1a: Cpt. Moroni|88/100
|-damage|p1a: Cpt. Moroni|75/100
|-damage|p1a: Cpt. Moroni|60/100
|-damage|p1a: Cpt. Moroni|46/100
|-hitcount|p1a: Cpt. Moroni|4
|-unboost|p2a: Rayquaza|def|1
|-boost|p2a: Rayquaza|spe|1
|
|-weather|DeltaStream|[upkeep]
|upkeep
|turn|6
|
|t:|1657087198
|move|p2a: Rayquaza|Extreme Speed|p1a: Cpt. Moroni
|-damage|p1a: Cpt. Moroni|18/100
|move|p1a: Cpt. Moroni|Knock Off|p2a: Rayquaza
|-damage|p2a: Rayquaza|0 fnt
|-enditem|p2a: Rayquaza|Lum Berry|[from] move: Knock Off|[of] p1a: Cpt. Moroni
|faint|p2a: Rayquaza
|-weather|none
|
|upkeep
|
|t:|1657087213
|switch|p2a: Yveltal|Yveltal|100/100
|-ability|p2a: Yveltal|Dark Aura
|turn|7
|
|t:|1657087218
|-start|p2a: Yveltal|Dynamax|
|-heal|p2a: Yveltal|100/100|[silent]
|move|p2a: Yveltal|Max Airstream|p1a: Cpt. Moroni
|-damage|p1a: Cpt. Moroni|0 fnt
|-boost|p2a: Yveltal|spe|1
|faint|p1a: Cpt. Moroni
|-damage|p2a: Yveltal|96/100|[from] item: Life Orb
|
|upkeep
|
|t:|1657087224
|switch|p1a: Ammon|Marshadow|100/100
|turn|8
|
|t:|1657087246
|move|p2a: Yveltal|Max Darkness|p1a: Ammon
|-enditem|p1a: Ammon|Focus Sash
|-damage|p1a: Ammon|1/100
|-unboost|p1a: Ammon|spd|1
|-damage|p2a: Yveltal|91/100|[from] item: Life Orb
|move|p1a: Ammon|Spectral Thief||[still]
|-clearpositiveboost|p2a: Yveltal|p1a: Ammon|move: Spectral Thief
|-boost|p1a: Ammon|spe|1
|-anim|p1a: Ammon|Spectral Thief|p2a: Yveltal
|-resisted|p2a: Yveltal
|-crit|p2a: Yveltal
|-damage|p2a: Yveltal|74/100
|
|upkeep
|turn|9
|
|t:|1657087263
|move|p1a: Ammon|Close Combat|p2a: Yveltal
|-damage|p2a: Yveltal|49/100
|-unboost|p1a: Ammon|def|1
|-unboost|p1a: Ammon|spd|1
|move|p2a: Yveltal|Max Airstream|p1a: Ammon
|-supereffective|p1a: Ammon
|-damage|p1a: Ammon|0 fnt
|-boost|p2a: Yveltal|spe|1
|faint|p1a: Ammon
|-damage|p2a: Yveltal|44/100|[from] item: Life Orb
|
|upkeep
|
|t:|1657087268
|switch|p1a: Pahoran|Arceus-Electric|64/100
|-end|p2a: Yveltal|Dynamax
|-heal|p2a: Yveltal|44/100|[silent]
|turn|10
|
|t:|1657087287
|move|p2a: Yveltal|Tailwind|p2a: Yveltal
|-sidestart|p2: ywl19260817|move: Tailwind
|move|p1a: Pahoran|Recover|p1a: Pahoran
|-heal|p1a: Pahoran|100/100
|
|upkeep
|turn|11
|
|t:|1657087293
|move|p2a: Yveltal|Knock Off|p1a: Pahoran
|-damage|p1a: Pahoran|59/100
|-damage|p2a: Yveltal|34/100|[from] item: Life Orb
|move|p1a: Pahoran|Calm Mind|p1a: Pahoran
|-boost|p1a: Pahoran|spa|1
|-boost|p1a: Pahoran|spd|1
|
|upkeep
|turn|12
|
|t:|1657087299
|move|p2a: Yveltal|Knock Off|p1a: Pahoran
|-damage|p1a: Pahoran|15/100
|-damage|p2a: Yveltal|24/100|[from] item: Life Orb
|move|p1a: Pahoran|Recover|p1a: Pahoran
|-heal|p1a: Pahoran|65/100
|
|upkeep
|turn|13
|
|t:|1657087310
|move|p2a: Yveltal|Knock Off|p1a: Pahoran
|-damage|p1a: Pahoran|25/100
|-damage|p2a: Yveltal|14/100|[from] item: Life Orb
|move|p1a: Pahoran|Recover|p1a: Pahoran
|-heal|p1a: Pahoran|75/100
|
|-sideend|p2: ywl19260817|move: Tailwind
|upkeep
|turn|14
|
|t:|1657087317
|move|p2a: Yveltal|Tailwind|p2a: Yveltal
|-sidestart|p2: ywl19260817|move: Tailwind
|move|p1a: Pahoran|Recover|p1a: Pahoran
|-heal|p1a: Pahoran|100/100
|
|upkeep
|turn|15
|
|t:|1657087324
|move|p2a: Yveltal|Knock Off|p1a: Pahoran
|-damage|p1a: Pahoran|55/100
|-damage|p2a: Yveltal|5/100|[from] item: Life Orb
|move|p1a: Pahoran|Recover|p1a: Pahoran
|-heal|p1a: Pahoran|100/100
|
|upkeep
|turn|16
|
|t:|1657087331
|move|p2a: Yveltal|U-turn|p1a: Pahoran
|-crit|p1a: Pahoran
|-damage|p1a: Pahoran|64/100
|-damage|p2a: Yveltal|0 fnt|[from] item: Life Orb
|faint|p2a: Yveltal
|move|p1a: Pahoran|Recover|p1a: Pahoran
|-heal|p1a: Pahoran|100/100
|
|upkeep
|
|t:|1657087338
|switch|p2a: Kyogre|Kyogre|100/100
|-weather|RainDance|[from] ability: Drizzle|[of] p2a: Kyogre
|turn|17
|
|t:|1657087341
|-start|p1a: Pahoran|Dynamax|
|-heal|p1a: Pahoran|100/100|[silent]
|move|p2a: Kyogre|Water Spout|p1a: Pahoran
|-damage|p1a: Pahoran|58/100
|move|p1a: Pahoran|Max Lightning|p2a: Kyogre
|-supereffective|p2a: Kyogre
|-damage|p2a: Kyogre|0 fnt
|-fieldstart|move: Electric Terrain
|faint|p2a: Kyogre
|
|-weather|RainDance|[upkeep]
|-sideend|p2: ywl19260817|move: Tailwind
|upkeep
|-message|ywl19260817 forfeited.
|
|win|JedTheHumanoid
|raw|JedTheHumanoid's rating: 1688 &rarr; <strong>1719</strong><br />(+31 for winning)
|raw|ywl19260817's rating: 1913 &rarr; <strong>1882</strong><br />(-31 for losing)
|l|☆ywl19260817
|c|☆JedTheHumanoid|gg
