|j|☆Obito 2001
|j|☆moyv123
|t:|1666374578
|gametype|singles
|player|p1|Obito 2001|teamrocket|1792
|player|p2|moyv123|170|1754
|teamsize|p1|6
|teamsize|p2|6
|gen|8
|tier|[Gen 8] National Dex AG
|rated|
|rule|HP Percentage Mod: HP is shown in percentages
|rule|Endless Battle Clause: Forcing endless battles is banned
|clearpoke
|poke|p1|Yveltal|
|poke|p1|Calyrex-Shadow|
|poke|p1|Ditto|
|poke|p1|Arceus-*|
|poke|p1|Necrozma-Dusk-Mane|
|poke|p1|Ho-Oh|
|poke|p2|Arceus-*|
|poke|p2|Arceus-*|
|poke|p2|Rayquaza|
|poke|p2|Lugia|
|poke|p2|Zacian-*|
|poke|p2|Calyrex-Shadow|
|teampreview
|inactive|Battle timer is ON: inactive players will automatically lose when time's up. (requested by Obito 2001)
|
|t:|1666374594
|start
|switch|p1a: Ho-Oh|Ho-Oh|100/100
|switch|p2a: Rayquaza|Rayquaza, shiny|100/100
|-ability|p2a: Rayquaza|Air Lock
|turn|1
|
|t:|1666374602
|switch|p1a: Necrozma|Necrozma-Dusk-Mane|100/100
|detailschange|p2a: Rayquaza|Rayquaza-Mega, shiny
|-mega|p2a: Rayquaza|Rayquaza|
|-weather|DeltaStream|[from] ability: Delta Stream|[of] p2a: Rayquaza
|move|p2a: Rayquaza|Dragon Ascent|p1a: Necrozma
|-resisted|p1a: Necrozma
|-damage|p1a: Necrozma|70/100
|-unboost|p2a: Rayquaza|def|1
|-unboost|p2a: Rayquaza|spd|1
|-damage|p2a: Rayquaza|84/100|[from] item: Rocky Helmet|[of] p1a: Necrozma
|-damage|p2a: Rayquaza|74/100|[from] item: Life Orb
|
|-weather|DeltaStream|[upkeep]
|upkeep
|turn|2
|
|t:|1666374623
|move|p2a: Rayquaza|Earthquake|p1a: Necrozma
|-supereffective|p1a: Necrozma
|-damage|p1a: Necrozma|17/100
|-damage|p2a: Rayquaza|64/100|[from] item: Life Orb
|move|p1a: Necrozma|Morning Sun|p1a: Necrozma
|-heal|p1a: Necrozma|67/100
|
|-weather|DeltaStream|[upkeep]
|upkeep
|turn|3
|
|t:|1666374632
|-weather|none
|switch|p2a: Calyrex|Calyrex-Shadow|100/100
|-ability|p2a: Calyrex|As One
|-ability|p2a: Calyrex|Unnerve
|move|p1a: Necrozma|Morning Sun|p1a: Necrozma
|-heal|p1a: Necrozma|100/100
|
|upkeep
|turn|4
|
|t:|1666374643
|switch|p1a: Ho-Oh|Ho-Oh|100/100
|move|p2a: Calyrex|Substitute|p2a: Calyrex
|-start|p2a: Calyrex|Substitute
|-damage|p2a: Calyrex|76/100
|
|upkeep
|turn|5
|
|t:|1666374652
|move|p2a: Calyrex|Astral Barrage|p1a: Ho-Oh
|-damage|p1a: Ho-Oh|68/100
|move|p1a: Ho-Oh|Whirlwind|p2a: Calyrex
|drag|p2a: Zacian|Zacian-Crowned, shiny|100/100
|-ability|p2a: Zacian|Intrepid Sword|boost
|-boost|p2a: Zacian|atk|1
|
|upkeep
|turn|6
|
|t:|1666374677
|switch|p2a: Arceus|Arceus-Dark|100/100
|switch|p1a: Necrozma|Necrozma-Dusk-Mane|100/100
|
|upkeep
|turn|7
|
|t:|1666374686
|switch|p1a: Ho-Oh|Ho-Oh|100/100
|move|p2a: Arceus|Stealth Rock|p1a: Ho-Oh
|-sidestart|p1: Obito 2001|move: Stealth Rock
|
|upkeep
|turn|8
|
|t:|1666374693
|move|p2a: Arceus|Thunder Wave|p1a: Ho-Oh
|-status|p1a: Ho-Oh|par
|move|p1a: Ho-Oh|Toxic|p2a: Arceus
|-status|p2a: Arceus|tox
|
|-damage|p2a: Arceus|94/100 tox|[from] psn
|upkeep
|turn|9
|
|t:|1666374702
|switch|p2a: Rayquaza|Rayquaza-Mega, shiny|64/100
|-weather|DeltaStream|[from] ability: Delta Stream|[of] p2a: Rayquaza
|move|p1a: Ho-Oh|Sacred Fire|p2a: Rayquaza|[miss]
|-miss|p1a: Ho-Oh|p2a: Rayquaza
|
|-weather|DeltaStream|[upkeep]
|upkeep
|turn|10
|
|t:|1666374719
|move|p2a: Rayquaza|Earthquake|p1a: Ho-Oh
|-immune|p1a: Ho-Oh
|move|p1a: Ho-Oh|Sacred Fire|p2a: Rayquaza
|-resisted|p2a: Rayquaza
|-damage|p2a: Rayquaza|43/100
|-status|p2a: Rayquaza|brn
|
|-weather|DeltaStream|[upkeep]
|-damage|p2a: Rayquaza|37/100 brn|[from] brn
|upkeep
|turn|11
|
|t:|1666374729
|switch|p1a: Necrozma|Necrozma-Dusk-Mane|100/100
|-damage|p1a: Necrozma|94/100|[from] Stealth Rock
|move|p2a: Rayquaza|Dragon Ascent|p1a: Necrozma
|-resisted|p1a: Necrozma
|-damage|p1a: Necrozma|79/100
|-unboost|p2a: Rayquaza|def|1
|-unboost|p2a: Rayquaza|spd|1
|-damage|p2a: Rayquaza|21/100 brn|[from] item: Rocky Helmet|[of] p1a: Necrozma
|-damage|p2a: Rayquaza|11/100 brn|[from] item: Life Orb
|
|-weather|DeltaStream|[upkeep]
|-damage|p2a: Rayquaza|5/100 brn|[from] brn
|upkeep
|turn|12
|
|t:|1666374746
|move|p2a: Rayquaza|Earthquake|p1a: Necrozma
|-supereffective|p1a: Necrozma
|-damage|p1a: Necrozma|54/100
|-damage|p2a: Rayquaza|0 fnt|[from] item: Life Orb
|faint|p2a: Rayquaza
|-weather|none
|move|p1a: Necrozma|Stealth Rock|p2: Rayquaza
|-sidestart|p2: moyv123|move: Stealth Rock
|
|upkeep
|inactive|moyv123 has 120 seconds left.
|
|t:|1666374770
|switch|p2a: Calyrex|Calyrex-Shadow|76/100
|-ability|p2a: Calyrex|As One
|-ability|p2a: Calyrex|Unnerve
|-damage|p2a: Calyrex|63/100|[from] Stealth Rock
|turn|13
|inactive|moyv123 has 120 seconds left.
|
|t:|1666374778
|switch|p1a: Ho-Oh|Ho-Oh|100/100 par
|move|p2a: Calyrex|Astral Barrage|p1a: Ho-Oh
|-damage|p1a: Ho-Oh|66/100 par
|
|upkeep
|turn|14
|
|t:|1666374786
|move|p2a: Calyrex|Psyshock|p1a: Ho-Oh
|-damage|p1a: Ho-Oh|22/100 par
|move|p1a: Ho-Oh|Sacred Fire|p2a: Calyrex
|-damage|p2a: Calyrex|12/100
|
|upkeep
|turn|15
|
|t:|1666374797
|switch|p1a: Arceus|Arceus|100/100
|-damage|p1a: Arceus|88/100|[from] Stealth Rock
|move|p2a: Calyrex|Astral Barrage|p1a: Arceus
|-immune|p1a: Arceus
|
|upkeep
|turn|16
|
|t:|1666374806
|-zpower|p2a: Calyrex
|move|p2a: Calyrex|Savage Spin-Out|p1a: Arceus|[zeffect]
|-damage|p1a: Arceus|41/100
|move|p1a: Arceus|Shadow Claw|p2a: Calyrex
|-supereffective|p2a: Calyrex
|-damage|p2a: Calyrex|0 fnt
|faint|p2a: Calyrex
|
|upkeep
|inactive|moyv123 has 120 seconds left.
|
|t:|1666374849
|switch|p2a: Arceus|Arceus|100/100
|-damage|p2a: Arceus|88/100|[from] Stealth Rock
|turn|17
|
|t:|1666374878
|switch|p1a: Necrozma|Necrozma-Dusk-Mane|54/100
|-damage|p1a: Necrozma|47/100|[from] Stealth Rock
|move|p2a: Arceus|Swords Dance|p2a: Arceus
|-boost|p2a: Arceus|atk|2
|
|upkeep
|turn|18
|
|t:|1666374891
|move|p2a: Arceus|Swords Dance|p2a: Arceus
|-boost|p2a: Arceus|atk|2
|move|p1a: Necrozma|Morning Sun|p1a: Necrozma
|-heal|p1a: Necrozma|97/100
|
|upkeep
|turn|19
|
|t:|1666374899
|-start|p2a: Arceus|Dynamax|
|-heal|p2a: Arceus|88/100|[silent]
|move|p2a: Arceus|Max Phantasm|p1a: Necrozma
|-supereffective|p1a: Necrozma
|-damage|p1a: Necrozma|0 fnt
|faint|p1a: Necrozma
|
|upkeep
|
|t:|1666374903
|switch|p1a: Calyrex|Calyrex-Shadow|100/100
|-ability|p1a: Calyrex|As One
|-ability|p1a: Calyrex|Unnerve
|-damage|p1a: Calyrex|88/100|[from] Stealth Rock
|turn|20
|
|t:|1666374914
|move|p1a: Calyrex|Substitute|p1a: Calyrex
|-start|p1a: Calyrex|Substitute
|-damage|p1a: Calyrex|63/100
|move|p2a: Arceus|Max Phantasm|p1a: Calyrex
|-supereffective|p1a: Calyrex
|-end|p1a: Calyrex|Substitute
|-unboost|p1a: Calyrex|def|1
|
|-heal|p1a: Calyrex|69/100|[from] item: Leftovers
|upkeep
|turn|21
|
|t:|1666374924
|move|p1a: Calyrex|Substitute|p1a: Calyrex
|-start|p1a: Calyrex|Substitute
|-damage|p1a: Calyrex|44/100
|move|p2a: Arceus|Max Phantasm|p1a: Calyrex
|-supereffective|p1a: Calyrex
|-end|p1a: Calyrex|Substitute
|-unboost|p1a: Calyrex|def|1
|
|-heal|p1a: Calyrex|50/100|[from] item: Leftovers
|upkeep
|-end|p2a: Arceus|Dynamax
|-heal|p2a: Arceus|88/100|[silent]
|turn|22
|
|t:|1666374938
|switch|p1a: Ho-Oh|Ho-Oh|55/100 par
|move|p2a: Arceus|Shadow Claw|p1a: Ho-Oh
|-damage|p1a: Ho-Oh|0 fnt
|faint|p1a: Ho-Oh
|
|upkeep
|
|t:|1666374941
|switch|p1a: Ditto|Ditto, shiny|100/100
|-damage|p1a: Ditto|88/100|[from] Stealth Rock
|-transform|p1a: Ditto|p2a: Arceus|[from] ability: Imposter
|turn|23
|inactive|moyv123 has 120 seconds left.
|
|t:|1666374951
|move|p1a: Ditto|Extreme Speed|p2a: Arceus
|-damage|p2a: Arceus|6/100
|move|p2a: Arceus|Extreme Speed|p1a: Ditto
|-damage|p1a: Ditto|0 fnt
|faint|p1a: Ditto
|
|upkeep
|
|t:|1666374962
|switch|p1a: Calyrex|Calyrex-Shadow|50/100
|-ability|p1a: Calyrex|As One
|-ability|p1a: Calyrex|Unnerve
|-damage|p1a: Calyrex|38/100|[from] Stealth Rock
|turn|24
|inactive|moyv123 has 120 seconds left.
|
|t:|1666374986
|move|p1a: Calyrex|Psyshock|p2a: Arceus
|-damage|p2a: Arceus|0 fnt
|faint|p2a: Arceus
|-ability|p1a: Calyrex|Grim Neigh|boost
|-boost|p1a: Calyrex|spa|1
|
|-heal|p1a: Calyrex|44/100|[from] item: Leftovers
|upkeep
|
|t:|1666374995
|switch|p2a: Arceus|Arceus-Dark|94/100 tox
|-damage|p2a: Arceus|82/100 tox|[from] Stealth Rock
|turn|25
|inactive|moyv123 has 120 seconds left.
|
|t:|1666375019
|switch|p1a: Yveltal|Yveltal|100/100
|-damage|p1a: Yveltal|76/100|[from] Stealth Rock
|-ability|p1a: Yveltal|Dark Aura
|move|p2a: Arceus|Judgment|p1a: Yveltal
|-resisted|p1a: Yveltal
|-damage|p1a: Yveltal|47/100
|
|-damage|p2a: Arceus|76/100 tox|[from] psn
|upkeep
|turn|26
|inactive|moyv123 has 120 seconds left.
|
|t:|1666375031
|move|p1a: Yveltal|Oblivion Wing|p2a: Arceus
|-damage|p2a: Arceus|49/100 tox
|-heal|p1a: Yveltal|70/100|[from] drain|[of] p2a: Arceus
|-damage|p1a: Yveltal|60/100|[from] item: Life Orb
|move|p2a: Arceus|Thunder Wave|p1a: Yveltal
|-status|p1a: Yveltal|par
|
|-damage|p2a: Arceus|37/100 tox|[from] psn
|upkeep
|turn|27
|inactive|moyv123 has 120 seconds left.
|
|t:|1666375048
|move|p2a: Arceus|Recover|p2a: Arceus
|-heal|p2a: Arceus|87/100 tox
|cant|p1a: Yveltal|par
|
|-damage|p2a: Arceus|68/100 tox|[from] psn
|upkeep
|turn|28
|inactive|moyv123 has 120 seconds left.
|
|t:|1666375078
|switch|p2a: Zacian|Zacian-Crowned, shiny|100/100
|-damage|p2a: Zacian|94/100|[from] Stealth Rock
|-ability|p2a: Zacian|Intrepid Sword|boost
|-boost|p2a: Zacian|atk|1
|move|p1a: Yveltal|Oblivion Wing|p2a: Zacian
|-resisted|p2a: Zacian
|-damage|p2a: Zacian|69/100
|-heal|p1a: Yveltal|76/100 par|[from] drain|[of] p2a: Zacian
|-damage|p1a: Yveltal|66/100 par|[from] item: Life Orb
|
|upkeep
|turn|29
|inactive|moyv123 has 120 seconds left.
|
|t:|1666375092
|move|p2a: Zacian|Substitute|p2a: Zacian
|-start|p2a: Zacian|Substitute
|-damage|p2a: Zacian|44/100
|move|p1a: Yveltal|Heat Wave|p2a: Zacian
|-supereffective|p2a: Zacian
|-end|p2a: Zacian|Substitute
|-damage|p1a: Yveltal|56/100 par|[from] item: Life Orb
|
|upkeep
|turn|30
|inactive|moyv123 has 120 seconds left.
|
|t:|1666375110
|move|p2a: Zacian|Substitute|p2a: Zacian
|-start|p2a: Zacian|Substitute
|-damage|p2a: Zacian|19/100
|cant|p1a: Yveltal|par
|
|upkeep
|turn|31
|inactive|moyv123 has 120 seconds left.
|
|t:|1666375118
|cant|p1a: Yveltal|par
|move|p2a: Zacian|Behemoth Blade|p1a: Yveltal
|-damage|p1a: Yveltal|0 fnt
|faint|p1a: Yveltal
|
|upkeep
|
|t:|1666375128
|switch|p1a: Arceus|Arceus|41/100
|-damage|p1a: Arceus|29/100|[from] Stealth Rock
|turn|32
|
|t:|1666375133
|move|p1a: Arceus|Extreme Speed|p2a: Zacian
|-resisted|p2a: Zacian
|-activate|p2a: Zacian|move: Substitute|[damage]
|move|p2a: Zacian|Behemoth Blade|p1a: Arceus
|-damage|p1a: Arceus|0 fnt
|faint|p1a: Arceus
|
|upkeep
|-message|Obito 2001 forfeited.
|
|win|moyv123
|raw|Obito 2001's rating: 1792 &rarr; <strong>1770</strong><br />(-22 for losing)
|raw|moyv123's rating: 1754 &rarr; <strong>1776</strong><br />(+22 for winning)
|l|☆Obito 2001
|l|☆moyv123
||Ladder isn't responding, score probably updated but might not have (Request timeout).
|j|☆moyv123
|player|p2|moyv123|170
