|j|☆Pokeashbattle
|j|☆Poke_Gamer_Devil
|t:|1659620057
|gametype|singles
|player|p1|Pokeashbattle|thorton|
|player|p2|Poke_Gamer_Devil|hilbert|
|teamsize|p1|1
|teamsize|p2|1
|gen|8
|tier|[Gen 8] National Dex AG
|rule|HP Percentage Mod: HP is shown in percentages
|rule|Endless Battle Clause: Forcing endless battles is banned
|clearpoke
|poke|p1|Ninjask, M|
|poke|p2|Regieleki|
|teampreview
|inactive|Battle timer is ON: inactive players will automatically lose when time's up. (requested by Poke_Gamer_Devil)
|
|t:|1659620060
|start
|switch|p1a: Ninjask|Ninjask, M, shiny|100/100
|switch|p2a: Regieleki|Regieleki|100/100
|turn|1
|
|t:|1659620064
|move|p1a: Ninjask|Protect|p1a: Ninjask
|-singleturn|p1a: Ninjask|Protect
|move|p2a: Regieleki|Rapid Spin|p1a: Ninjask
|-activate|p1a: Ninjask|move: Protect
|
|-ability|p1a: Ninjask|Speed Boost|boost
|-boost|p1a: Ninjask|spe|1
|upkeep
|turn|2
|
|t:|1659620070
|move|p1a: Ninjask|Dig||[still]
|-prepare|p1a: Ninjask|Dig
|move|p2a: Regieleki|Agility|p2a: Regieleki
|-boost|p2a: Regieleki|spe|2
|
|-ability|p1a: Ninjask|Speed Boost|boost
|-boost|p1a: Ninjask|spe|1
|upkeep
|turn|3
|
|t:|1659620079
|move|p2a: Regieleki|Agility|p2a: Regieleki
|-boost|p2a: Regieleki|spe|2
|move|p1a: Ninjask|Dig|p2a: Regieleki|[from]lockedmove
|-supereffective|p2a: Regieleki
|-damage|p2a: Regieleki|5/100
|
|-ability|p1a: Ninjask|Speed Boost|boost
|-boost|p1a: Ninjask|spe|1
|upkeep
|turn|4
|
|t:|1659620088
|move|p1a: Ninjask|Protect|p1a: Ninjask
|-singleturn|p1a: Ninjask|Protect
|move|p2a: Regieleki|Ancient Power|p1a: Ninjask
|-activate|p1a: Ninjask|move: Protect
|
|-ability|p1a: Ninjask|Speed Boost|boost
|-boost|p1a: Ninjask|spe|1
|upkeep
|turn|5
|
|t:|1659620094
|move|p2a: Regieleki|Ancient Power|p1a: Ninjask
|-supereffective|p1a: Ninjask
|-enditem|p1a: Ninjask|Focus Sash
|-damage|p1a: Ninjask|1/100
|move|p1a: Ninjask|Dig||[still]
|-prepare|p1a: Ninjask|Dig
|
|-ability|p1a: Ninjask|Speed Boost|boost
|-boost|p1a: Ninjask|spe|1
|upkeep
|turn|6
|
|t:|1659620103
|-start|p2a: Regieleki|Dynamax|
|-heal|p2a: Regieleki|5/100|[silent]
|move|p2a: Regieleki|Max Guard|p2a: Regieleki
|-singleturn|p2a: Regieleki|Max Guard
|move|p1a: Ninjask|Dig|p2a: Regieleki|[from]lockedmove
|-activate|p2a: Regieleki|move: Max Guard
|
|-ability|p1a: Ninjask|Speed Boost|boost
|-boost|p1a: Ninjask|spe|1
|upkeep
|turn|7
|
|t:|1659620113
|-start|p1a: Ninjask|Dynamax|
|-heal|p1a: Ninjask|1/100|[silent]
|move|p1a: Ninjask|Max Guard|p1a: Ninjask
|-singleturn|p1a: Ninjask|Max Guard
|move|p2a: Regieleki|Max Strike|p1a: Ninjask
|-activate|p1a: Ninjask|move: Max Guard
|
|upkeep
|turn|8
|
|t:|1659620122
|move|p1a: Ninjask|Max Quake|p2a: Regieleki
|-supereffective|p2a: Regieleki
|-damage|p2a: Regieleki|0 fnt
|-boost|p1a: Ninjask|spd|1
|faint|p2a: Regieleki
|
|win|Pokeashbattle
