|j|‽tiggi7
|j|☆Blackstar152001
|t:|1665505216
|gametype|singles
|player|p1|tiggi7|ethan|1902
|player|p2|Blackstar152001|blue-gen3two|2021
|teamsize|p1|6
|teamsize|p2|6
|gen|8
|tier|[Gen 8] National Dex AG
|rated|
|rule|HP Percentage Mod: HP is shown in percentages
|rule|Endless Battle Clause: Forcing endless battles is banned
|clearpoke
|poke|p1|Zygarde|
|poke|p1|Mewtwo|
|poke|p1|Arceus-*|
|poke|p1|Groudon|
|poke|p1|Necrozma-Dusk-Mane|
|poke|p1|Ho-Oh|
|poke|p2|Yveltal|
|poke|p2|Xerneas-*|
|poke|p2|Arceus-*|
|poke|p2|Ditto|
|poke|p2|Rayquaza|
|poke|p2|Necrozma-Dusk-Mane|
|teampreview
|inactive|Battle timer is ON: inactive players will automatically lose when time's up. (requested by Blackstar152001)
|
|t:|1665505226
|start
|switch|p1a: Necrozma|Necrozma-Dusk-Mane|100/100
|switch|p2a: Ditto|Ditto|100/100
|-transform|p2a: Ditto|p1a: Necrozma|[from] ability: Imposter
|turn|1
|
|t:|1665505237
|switch|p2a: Necrozma|Necrozma-Dusk-Mane|100/100
|move|p1a: Necrozma|Thunder Wave|p2a: Necrozma
|-status|p2a: Necrozma|par
|
|upkeep
|turn|2
|
|t:|1665505242
|move|p1a: Necrozma|Stealth Rock|p2a: Necrozma
|-sidestart|p2: Blackstar152001|move: Stealth Rock
|move|p2a: Necrozma|Stealth Rock|p1a: Necrozma
|-sidestart|p1: tiggi7|move: Stealth Rock
|
|upkeep
|turn|3
|
|t:|1665505246
|switch|p1a: Ho-Oh|Ho-Oh|100/100
|move|p2a: Necrozma|Thunder Wave|p1a: Ho-Oh
|-status|p1a: Ho-Oh|par
|
|upkeep
|turn|4
|
|t:|1665505259
|switch|p2a: Rayquaza|Rayquaza, shiny|100/100
|-damage|p2a: Rayquaza|76/100|[from] Stealth Rock
|-ability|p2a: Rayquaza|Air Lock
|cant|p1a: Ho-Oh|par
|
|upkeep
|turn|5
|
|t:|1665505266
|switch|p1a: Necrozma|Necrozma-Dusk-Mane|100/100
|-damage|p1a: Necrozma|94/100|[from] Stealth Rock
|detailschange|p2a: Rayquaza|Rayquaza-Mega, shiny
|-mega|p2a: Rayquaza|Rayquaza|
|-weather|DeltaStream|[from] ability: Delta Stream|[of] p2a: Rayquaza
|move|p2a: Rayquaza|Dragon Ascent|p1a: Necrozma
|-resisted|p1a: Necrozma
|-damage|p1a: Necrozma|69/100
|-unboost|p2a: Rayquaza|def|1
|-unboost|p2a: Rayquaza|spd|1
|-damage|p2a: Rayquaza|59/100|[from] item: Rocky Helmet|[of] p1a: Necrozma
|-damage|p2a: Rayquaza|49/100|[from] item: Life Orb
|
|-weather|DeltaStream|[upkeep]
|upkeep
|turn|6
|
|t:|1665505280
|move|p2a: Rayquaza|Earthquake|p1a: Necrozma
|-supereffective|p1a: Necrozma
|-damage|p1a: Necrozma|22/100
|-damage|p2a: Rayquaza|39/100|[from] item: Life Orb
|move|p1a: Necrozma|Morning Sun|p1a: Necrozma
|-heal|p1a: Necrozma|72/100
|
|-weather|DeltaStream|[upkeep]
|upkeep
|turn|7
|
|t:|1665505292
|move|p2a: Rayquaza|Earthquake|p1a: Necrozma
|-supereffective|p1a: Necrozma
|-damage|p1a: Necrozma|27/100
|-damage|p2a: Rayquaza|29/100|[from] item: Life Orb
|move|p1a: Necrozma|Morning Sun|p1a: Necrozma
|-heal|p1a: Necrozma|77/100
|
|-weather|DeltaStream|[upkeep]
|upkeep
|turn|8
|
|t:|1665505301
|-weather|none
|switch|p2a: Yveltal|Yveltal, shiny|100/100
|-damage|p2a: Yveltal|76/100|[from] Stealth Rock
|-ability|p2a: Yveltal|Dark Aura
|move|p1a: Necrozma|Morning Sun|p1a: Necrozma
|-heal|p1a: Necrozma|100/100
|
|upkeep
|turn|9
|
|t:|1665505309
|switch|p1a: Arceus|Arceus-Dark|100/100
|-damage|p1a: Arceus|88/100|[from] Stealth Rock
|move|p2a: Yveltal|Dark Pulse|p1a: Arceus
|-resisted|p1a: Arceus
|-damage|p1a: Arceus|68/100
|
|upkeep
|turn|10
|
|t:|1665505323
|switch|p2a: Rayquaza|Rayquaza-Mega, shiny|29/100
|-damage|p2a: Rayquaza|4/100|[from] Stealth Rock
|-weather|DeltaStream|[from] ability: Delta Stream|[of] p2a: Rayquaza
|move|p1a: Arceus|Ice Beam|p2a: Rayquaza
|-activate||deltastream
|-supereffective|p2a: Rayquaza
|-damage|p2a: Rayquaza|0 fnt
|faint|p2a: Rayquaza
|-weather|none
|
|upkeep
|
|t:|1665505338
|switch|p2a: Arceus|Arceus|100/100
|-damage|p2a: Arceus|88/100|[from] Stealth Rock
|turn|11
|
|t:|1665505344
|switch|p1a: Necrozma|Necrozma-Dusk-Mane|100/100
|-damage|p1a: Necrozma|94/100|[from] Stealth Rock
|move|p2a: Arceus|Swords Dance|p2a: Arceus
|-boost|p2a: Arceus|atk|2
|
|upkeep
|turn|12
|
|t:|1665505352
|move|p2a: Arceus|Swords Dance|p2a: Arceus
|-boost|p2a: Arceus|atk|2
|move|p1a: Necrozma|Thunder Wave|p2a: Arceus
|-status|p2a: Arceus|par
|-enditem|p2a: Arceus|Lum Berry|[eat]
|-curestatus|p2a: Arceus|par|[msg]
|
|upkeep
|turn|13
|
|t:|1665505366
|-start|p2a: Arceus|Dynamax|
|-heal|p2a: Arceus|88/100|[silent]
|-start|p1a: Necrozma|Dynamax|
|-heal|p1a: Necrozma|94/100|[silent]
|move|p2a: Arceus|Max Phantasm|p1a: Necrozma
|-supereffective|p1a: Necrozma
|-damage|p1a: Necrozma|45/100
|-unboost|p1a: Necrozma|def|1
|move|p1a: Necrozma|Max Steelspike|p2a: Arceus
|-damage|p2a: Arceus|66/100
|-boost|p1a: Necrozma|def|1
|
|upkeep
|turn|14
|
|t:|1665505379
|move|p1a: Necrozma|Max Guard|p1a: Necrozma
|-singleturn|p1a: Necrozma|Max Guard
|move|p2a: Arceus|Max Phantasm|p1a: Necrozma
|-activate|p1a: Necrozma|move: Max Guard
|
|upkeep
|turn|15
|
|t:|1665505385
|move|p2a: Arceus|Max Phantasm|p1a: Necrozma
|-supereffective|p1a: Necrozma
|-damage|p1a: Necrozma|0 fnt
|faint|p1a: Necrozma
|
|upkeep
|
|t:|1665505393
|switch|p1a: Zygarde|Zygarde|100/100
|-damage|p1a: Zygarde|94/100|[from] Stealth Rock
|-end|p2a: Arceus|Dynamax
|-heal|p2a: Arceus|66/100|[silent]
|turn|16
|
|t:|1665505399
|move|p2a: Arceus|Extreme Speed|p1a: Zygarde
|-damage|p1a: Zygarde|24/100
|move|p1a: Zygarde|Glare|p2a: Arceus
|-status|p2a: Arceus|par
|
|-heal|p1a: Zygarde|30/100|[from] item: Leftovers
|-activate|p1a: Zygarde|ability: Power Construct
|detailschange|p1a: Zygarde|Zygarde-Complete
|-heal|p1a: Zygarde|54/100|[silent]
|upkeep
|turn|17
|
|t:|1665505410
|cant|p2a: Arceus|par
|move|p1a: Zygarde|Thousand Arrows|p2a: Arceus
|-damage|p2a: Arceus|46/100 par
|
|-heal|p1a: Zygarde|60/100|[from] item: Leftovers
|upkeep
|turn|18
|
|t:|1665505416
|move|p2a: Arceus|Extreme Speed|p1a: Zygarde
|-damage|p1a: Zygarde|16/100
|move|p1a: Zygarde|Thousand Arrows|p2a: Arceus
|-damage|p2a: Arceus|25/100 par
|
|-heal|p1a: Zygarde|22/100|[from] item: Leftovers
|upkeep
|turn|19
|
|t:|1665505427
|move|p1a: Zygarde|Thousand Arrows|p2a: Arceus
|-damage|p2a: Arceus|3/100 par
|move|p2a: Arceus|Recover|p2a: Arceus
|-heal|p2a: Arceus|53/100 par
|
|-heal|p1a: Zygarde|28/100|[from] item: Leftovers
|upkeep
|turn|20
|
|t:|1665505440
|move|p2a: Arceus|Extreme Speed|p1a: Zygarde
|-damage|p1a: Zygarde|0 fnt
|faint|p1a: Zygarde
|
|upkeep
|
|t:|1665505443
|switch|p1a: Ho-Oh|Ho-Oh|100/100 par
|turn|21
|
|t:|1665505445
|move|p2a: Arceus|Extreme Speed|p1a: Ho-Oh
|-damage|p1a: Ho-Oh|0 fnt
|faint|p1a: Ho-Oh
|
|upkeep
|
|t:|1665505450
|switch|p1a: Groudon|Groudon|100/100
|-damage|p1a: Groudon|94/100|[from] Stealth Rock
|detailschange|p1a: Groudon|Groudon-Primal
|-primal|p1a: Groudon
|-weather|DesolateLand|[from] ability: Desolate Land|[of] p1a: Groudon
|turn|22
|
|t:|1665505457
|move|p2a: Arceus|Extreme Speed|p1a: Groudon
|-damage|p1a: Groudon|27/100
|move|p1a: Groudon|Earthquake|p2a: Arceus
|-damage|p2a: Arceus|14/100 par
|
|-weather|DesolateLand|[upkeep]
|upkeep
|turn|23
|
|t:|1665505462
|move|p2a: Arceus|Extreme Speed|p1a: Groudon
|-damage|p1a: Groudon|0 fnt
|faint|p1a: Groudon
|-weather|none
|
|upkeep
|
|t:|1665505465
|switch|p1a: Mewtwo|Mewtwo|100/100
|-damage|p1a: Mewtwo|88/100|[from] Stealth Rock
|-ability|p1a: Mewtwo|Pressure
|turn|24
|
|t:|1665505467
|detailschange|p1a: Mewtwo|Mewtwo-Mega-Y
|-mega|p1a: Mewtwo|Mewtwo|Mewtwonite Y
|move|p2a: Arceus|Extreme Speed|p1a: Mewtwo
|-damage|p1a: Mewtwo|0 fnt
|faint|p1a: Mewtwo
|
|upkeep
|
|t:|1665505471
|switch|p1a: Arceus|Arceus-Dark|68/100
|-damage|p1a: Arceus|56/100|[from] Stealth Rock
|turn|25
|
|t:|1665505474
|cant|p2a: Arceus|par
|move|p1a: Arceus|Judgment|p2a: Arceus
|-damage|p2a: Arceus|0 fnt
|faint|p2a: Arceus
|
|upkeep
|
|t:|1665505477
|switch|p2a: Xerneas|Xerneas, shiny|100/100
|-damage|p2a: Xerneas|88/100|[from] Stealth Rock
|-ability|p2a: Xerneas|Fairy Aura
|turn|26
|-message|tiggi7 forfeited.
|
|win|Blackstar152001
|raw|tiggi7's rating: 1903 &rarr; <strong>1890</strong><br />(-13 for losing)
|raw|Blackstar152001's rating: 2021 &rarr; <strong>2034</strong><br />(+13 for winning)
|l|‽tiggi7
