|j|☆seidou45
|j|☆Buck X
|t:|1661175505
|gametype|singles
|player|p1|seidou45|lucas|1758
|player|p2|Buck X|ethan-masters|1860
|teamsize|p1|6
|teamsize|p2|6
|gen|8
|tier|[Gen 8] National Dex AG
|rated|
|rule|HP Percentage Mod: HP is shown in percentages
|rule|Endless Battle Clause: Forcing endless battles is banned
|clearpoke
|poke|p1|Zapdos|
|poke|p1|Yveltal|
|poke|p1|Lugia|
|poke|p1|Zygarde|
|poke|p1|Necrozma-Dusk-Mane|
|poke|p1|Zacian-*|
|poke|p2|Rayquaza|
|poke|p2|Groudon|
|poke|p2|Yveltal|
|poke|p2|Marshadow|
|poke|p2|Necrozma-Dusk-Mane|
|poke|p2|Ho-Oh|
|teampreview
|inactive|Battle timer is ON: inactive players will automatically lose when time's up. (requested by Buck X)
|inactive|seidou45 has 120 seconds left.
|
|t:|1661175559
|start
|switch|p1a: Zygarde|Zygarde, shiny|100/100
|switch|p2a: Rayquaza|Rayquaza|100/100
|-ability|p2a: Rayquaza|Air Lock
|turn|1
|
|t:|1661175570
|switch|p1a: Lugia|Lugia, shiny|100/100
|detailschange|p2a: Rayquaza|Rayquaza-Mega
|-mega|p2a: Rayquaza|Rayquaza|
|-weather|DeltaStream|[from] ability: Delta Stream|[of] p2a: Rayquaza
|move|p2a: Rayquaza|Draco Meteor|p1a: Lugia
|-damage|p1a: Lugia|72/100
|-unboost|p2a: Rayquaza|spa|2
|-damage|p2a: Rayquaza|91/100|[from] item: Life Orb
|
|-weather|DeltaStream|[upkeep]
|-heal|p1a: Lugia|78/100|[from] item: Leftovers
|upkeep
|turn|2
|
|t:|1661175577
|-weather|none
|switch|p2a: Ho-Oh|Ho-Oh|100/100
|switch|p1a: Zygarde|Zygarde, shiny|100/100
|
|upkeep
|turn|3
|
|t:|1661175580
|move|p1a: Zygarde|Substitute|p1a: Zygarde
|-start|p1a: Zygarde|Substitute
|-damage|p1a: Zygarde|76/100
|move|p2a: Ho-Oh|Toxic||[still]
|-fail|p2a: Ho-Oh
|
|-heal|p1a: Zygarde|82/100|[from] item: Leftovers
|upkeep
|turn|4
|
|t:|1661175585
|move|p1a: Zygarde|Glare|p2a: Ho-Oh
|-status|p2a: Ho-Oh|par
|move|p2a: Ho-Oh|Whirlwind|p1a: Zygarde
|drag|p1a: Lugia|Lugia, shiny|78/100
|
|-heal|p1a: Lugia|84/100|[from] item: Leftovers
|upkeep
|turn|5
|
|t:|1661175589
|move|p1a: Lugia|Substitute|p1a: Lugia
|-start|p1a: Lugia|Substitute
|-damage|p1a: Lugia|60/100
|cant|p2a: Ho-Oh|par
|
|-heal|p1a: Lugia|66/100|[from] item: Leftovers
|upkeep
|turn|6
|
|t:|1661175597
|move|p1a: Lugia|Roost|p1a: Lugia
|-heal|p1a: Lugia|100/100
|-singleturn|p1a: Lugia|move: Roost
|move|p2a: Ho-Oh|Whirlwind|p1a: Lugia
|drag|p1a: Necrozma|Necrozma-Dusk-Mane, shiny|100/100
|
|upkeep
|turn|7
|
|t:|1661175609
|switch|p2a: Groudon|Groudon|100/100
|detailschange|p2a: Groudon|Groudon-Primal
|-primal|p2a: Groudon
|-weather|DesolateLand|[from] ability: Desolate Land|[of] p2a: Groudon
|move|p1a: Necrozma|Stealth Rock|p2a: Groudon
|-sidestart|p2: Buck X|move: Stealth Rock
|
|-weather|DesolateLand|[upkeep]
|upkeep
|turn|8
|
|t:|1661175612
|switch|p1a: Zygarde|Zygarde, shiny|82/100
|move|p2a: Groudon|Stealth Rock|p1a: Zygarde
|-sidestart|p1: seidou45|move: Stealth Rock
|
|-weather|DesolateLand|[upkeep]
|-heal|p1a: Zygarde|88/100|[from] item: Leftovers
|upkeep
|turn|9
|
|t:|1661175615
|-weather|none
|switch|p2a: Ho-Oh|Ho-Oh|100/100 par
|move|p1a: Zygarde|Substitute|p1a: Zygarde
|-start|p1a: Zygarde|Substitute
|-damage|p1a: Zygarde|63/100
|
|-heal|p1a: Zygarde|69/100|[from] item: Leftovers
|upkeep
|turn|10
|
|t:|1661175618
|move|p1a: Zygarde|Thousand Arrows|p2a: Ho-Oh
|-damage|p2a: Ho-Oh|80/100 par
|-start|p2a: Ho-Oh|Smack Down
|move|p2a: Ho-Oh|Whirlwind|p1a: Zygarde
|drag|p1a: Lugia|Lugia, shiny|100/100
|-damage|p1a: Lugia|76/100|[from] Stealth Rock
|
|-heal|p1a: Lugia|82/100|[from] item: Leftovers
|upkeep
|turn|11
|
|t:|1661175621
|move|p1a: Lugia|Substitute|p1a: Lugia
|-start|p1a: Lugia|Substitute
|-damage|p1a: Lugia|57/100
|move|p2a: Ho-Oh|Whirlwind|p1a: Lugia
|drag|p1a: Necrozma|Necrozma-Dusk-Mane, shiny|100/100
|-damage|p1a: Necrozma|94/100|[from] Stealth Rock
|
|upkeep
|turn|12
|
|t:|1661175631
|switch|p2a: Groudon|Groudon-Primal|100/100
|-damage|p2a: Groudon|88/100|[from] Stealth Rock
|-weather|DesolateLand|[from] ability: Desolate Land|[of] p2a: Groudon
|move|p1a: Necrozma|Knock Off|p2a: Groudon
|-damage|p2a: Groudon|76/100
|
|-weather|DesolateLand|[upkeep]
|upkeep
|turn|13
|
|t:|1661175635
|-weather|none
|switch|p2a: Rayquaza|Rayquaza-Mega|91/100
|-damage|p2a: Rayquaza|66/100|[from] Stealth Rock
|-weather|DeltaStream|[from] ability: Delta Stream|[of] p2a: Rayquaza
|switch|p1a: Zygarde|Zygarde, shiny|69/100
|-damage|p1a: Zygarde|63/100|[from] Stealth Rock
|
|-weather|DeltaStream|[upkeep]
|-heal|p1a: Zygarde|69/100|[from] item: Leftovers
|upkeep
|turn|14
|
|t:|1661175638
|switch|p1a: Zacian|Zacian, shiny|100/100
|-damage|p1a: Zacian|88/100|[from] Stealth Rock
|-ability|p1a: Zacian|Intrepid Sword|boost
|-boost|p1a: Zacian|atk|1
|move|p2a: Rayquaza|Draco Meteor|p1a: Zacian
|-immune|p1a: Zacian
|
|-weather|DeltaStream|[upkeep]
|upkeep
|turn|15
|
|t:|1661175645
|-weather|none
|switch|p2a: Necrozma|Necrozma-Dusk-Mane|100/100
|-damage|p2a: Necrozma|94/100|[from] Stealth Rock
|move|p1a: Zacian|Crunch|p2a: Necrozma
|-supereffective|p2a: Necrozma
|-damage|p2a: Necrozma|38/100
|
|-heal|p2a: Necrozma|44/100|[from] item: Leftovers
|upkeep
|turn|16
|
|t:|1661175654
|switch|p2a: Ho-Oh|Ho-Oh|100/100 par
|move|p1a: Zacian|Crunch|p2a: Ho-Oh
|-damage|p2a: Ho-Oh|59/100 par
|
|upkeep
|turn|17
|
|t:|1661175658
|move|p1a: Zacian|Crunch|p2a: Ho-Oh
|-damage|p2a: Ho-Oh|16/100 par
|move|p2a: Ho-Oh|Sacred Fire|p1a: Zacian
|-damage|p1a: Zacian|45/100
|-status|p1a: Zacian|brn
|
|-damage|p1a: Zacian|39/100 brn|[from] brn
|upkeep
|turn|18
|
|t:|1661175662
|switch|p2a: Groudon|Groudon-Primal|76/100
|-damage|p2a: Groudon|64/100|[from] Stealth Rock
|-weather|DesolateLand|[from] ability: Desolate Land|[of] p2a: Groudon
|move|p1a: Zacian|Crunch|p2a: Groudon
|-damage|p2a: Groudon|45/100
|
|-weather|DesolateLand|[upkeep]
|-damage|p1a: Zacian|33/100 brn|[from] brn
|upkeep
|turn|19
|
|t:|1661175665
|-weather|none
|switch|p2a: Ho-Oh|Ho-Oh|50/100 par
|move|p1a: Zacian|Crunch|p2a: Ho-Oh
|-damage|p2a: Ho-Oh|29/100 par
|
|-damage|p1a: Zacian|27/100 brn|[from] brn
|upkeep
|turn|20
|
|t:|1661175672
|switch|p2a: Groudon|Groudon-Primal|45/100
|-damage|p2a: Groudon|33/100|[from] Stealth Rock
|-weather|DesolateLand|[from] ability: Desolate Land|[of] p2a: Groudon
|move|p1a: Zacian|Crunch|p2a: Groudon
|-damage|p2a: Groudon|13/100
|
|-weather|DesolateLand|[upkeep]
|-damage|p1a: Zacian|21/100 brn|[from] brn
|upkeep
|turn|21
|
|t:|1661175676
|-weather|none
|switch|p2a: Ho-Oh|Ho-Oh|62/100 par
|move|p1a: Zacian|Crunch|p2a: Ho-Oh
|-damage|p2a: Ho-Oh|39/100 par
|
|-damage|p1a: Zacian|15/100 brn|[from] brn
|upkeep
|turn|22
|
|t:|1661175680
|switch|p2a: Groudon|Groudon-Primal|13/100
|-damage|p2a: Groudon|1/100|[from] Stealth Rock
|-weather|DesolateLand|[from] ability: Desolate Land|[of] p2a: Groudon
|move|p1a: Zacian|Crunch|p2a: Groudon
|-damage|p2a: Groudon|0 fnt
|faint|p2a: Groudon
|-weather|none
|
|-damage|p1a: Zacian|8/100 brn|[from] brn
|upkeep
|
|t:|1661175688
|switch|p2a: Necrozma|Necrozma-Dusk-Mane|44/100
|-damage|p2a: Necrozma|38/100|[from] Stealth Rock
|turn|23
|
|t:|1661175690
|move|p1a: Zacian|Crunch|p2a: Necrozma
|-supereffective|p2a: Necrozma
|-damage|p2a: Necrozma|6/100
|move|p2a: Necrozma|Morning Sun|p2a: Necrozma
|-heal|p2a: Necrozma|56/100
|
|-heal|p2a: Necrozma|62/100|[from] item: Leftovers
|-damage|p1a: Zacian|2/100 brn|[from] brn
|upkeep
|turn|24
|
|t:|1661175693
|move|p1a: Zacian|Crunch|p2a: Necrozma
|-supereffective|p2a: Necrozma
|-damage|p2a: Necrozma|34/100
|move|p2a: Necrozma|Dragon Dance|p2a: Necrozma
|-boost|p2a: Necrozma|atk|1
|-boost|p2a: Necrozma|spe|1
|
|-heal|p2a: Necrozma|40/100|[from] item: Leftovers
|-damage|p1a: Zacian|0 fnt|[from] brn
|faint|p1a: Zacian
|upkeep
|
|t:|1661175702
|switch|p1a: Zygarde|Zygarde, shiny|69/100
|-damage|p1a: Zygarde|63/100|[from] Stealth Rock
|turn|25
|
|t:|1661175712
|switch|p2a: Ho-Oh|Ho-Oh|73/100 par
|move|p1a: Zygarde|Thousand Arrows|p2a: Ho-Oh
|-damage|p2a: Ho-Oh|53/100 par
|-start|p2a: Ho-Oh|Smack Down
|
|-heal|p1a: Zygarde|69/100|[from] item: Leftovers
|upkeep
|turn|26
|
|t:|1661175726
|move|p1a: Zygarde|Thousand Arrows|p2a: Ho-Oh
|-supereffective|p2a: Ho-Oh
|-damage|p2a: Ho-Oh|14/100 par
|move|p2a: Ho-Oh|Whirlwind|p1a: Zygarde
|drag|p1a: Lugia|Lugia, shiny|57/100
|-damage|p1a: Lugia|32/100|[from] Stealth Rock
|
|-heal|p1a: Lugia|38/100|[from] item: Leftovers
|upkeep
|turn|27
|
|t:|1661175733
|switch|p2a: Marshadow|Marshadow|100/100
|-damage|p2a: Marshadow|94/100|[from] Stealth Rock
|move|p1a: Lugia|Roost|p1a: Lugia
|-heal|p1a: Lugia|88/100
|-singleturn|p1a: Lugia|move: Roost
|
|-heal|p1a: Lugia|94/100|[from] item: Leftovers
|upkeep
|turn|28
|
|t:|1661175736
|move|p2a: Marshadow|Poltergeist|p1a: Lugia
|-activate|p1a: Lugia|move: Poltergeist|Leftovers
|-supereffective|p1a: Lugia
|-damage|p1a: Lugia|17/100
|move|p1a: Lugia|Thunder Wave|p2a: Marshadow|[miss]
|-miss|p1a: Lugia|p2a: Marshadow
|
|-heal|p1a: Lugia|23/100|[from] item: Leftovers
|upkeep
|turn|29
|
|t:|1661175741
|switch|p1a: Yveltal|Yveltal, shiny|100/100
|-damage|p1a: Yveltal|76/100|[from] Stealth Rock
|-ability|p1a: Yveltal|Dark Aura
|move|p2a: Marshadow|Poltergeist|p1a: Yveltal
|-activate|p1a: Yveltal|move: Poltergeist|Life Orb
|-resisted|p1a: Yveltal
|-damage|p1a: Yveltal|41/100
|
|upkeep
|turn|30
|
|t:|1661175746
|switch|p2a: Necrozma|Necrozma-Dusk-Mane|40/100
|-damage|p2a: Necrozma|34/100|[from] Stealth Rock
|-start|p1a: Yveltal|Dynamax|
|-heal|p1a: Yveltal|41/100|[silent]
|move|p1a: Yveltal|Max Airstream|p2a: Necrozma
|-resisted|p2a: Necrozma
|-damage|p2a: Necrozma|0 fnt
|-boost|p1a: Yveltal|spe|1
|faint|p2a: Necrozma
|-damage|p1a: Yveltal|36/100|[from] item: Life Orb
|
|upkeep
|
|t:|1661175752
|switch|p2a: Yveltal|Yveltal|100/100
|-damage|p2a: Yveltal|76/100|[from] Stealth Rock
|-ability|p2a: Yveltal|Dark Aura
|turn|31
|
|t:|1661175755
|-start|p2a: Yveltal|Dynamax|
|-heal|p2a: Yveltal|76/100|[silent]
|move|p1a: Yveltal|Max Airstream|p2a: Yveltal
|-damage|p2a: Yveltal|37/100
|-boost|p1a: Yveltal|spe|1
|-damage|p1a: Yveltal|31/100|[from] item: Life Orb
|move|p2a: Yveltal|Max Airstream|p1a: Yveltal
|-damage|p1a: Yveltal|0 fnt
|-boost|p2a: Yveltal|spe|1
|faint|p1a: Yveltal
|-damage|p2a: Yveltal|32/100|[from] item: Life Orb
|
|upkeep
|
|t:|1661175764
|switch|p1a: Lugia|Lugia, shiny|23/100
|-damage|p1a: Lugia|0 fnt|[from] Stealth Rock
|faint|p1a: Lugia
|
|t:|1661175767
|switch|p1a: Zapdos|Zapdos, shiny|100/100
|turn|32
|
|t:|1661175770
|move|p2a: Yveltal|Max Darkness|p1a: Zapdos
|-damage|p1a: Zapdos|0 fnt
|faint|p1a: Zapdos
|-damage|p2a: Yveltal|27/100|[from] item: Life Orb
|
|upkeep
|
|t:|1661175775
|switch|p1a: Necrozma|Necrozma-Dusk-Mane, shiny|94/100
|-damage|p1a: Necrozma|88/100|[from] Stealth Rock
|turn|33
|
|t:|1661175778
|move|p2a: Yveltal|Max Darkness|p1a: Necrozma
|-supereffective|p1a: Necrozma
|-damage|p1a: Necrozma|0 fnt
|faint|p1a: Necrozma
|-damage|p2a: Yveltal|22/100|[from] item: Life Orb
|
|upkeep
|
|t:|1661175779
|switch|p1a: Zygarde|Zygarde, shiny|69/100
|-damage|p1a: Zygarde|63/100|[from] Stealth Rock
|-end|p2a: Yveltal|Dynamax
|-heal|p2a: Yveltal|22/100|[silent]
|turn|34
|
|t:|1661175782
|move|p2a: Yveltal|Dark Pulse|p1a: Zygarde
|-damage|p1a: Zygarde|9/100
|-damage|p2a: Yveltal|12/100|[from] item: Life Orb
|move|p1a: Zygarde|Glare|p2a: Yveltal
|-status|p2a: Yveltal|par
|
|-heal|p1a: Zygarde|15/100|[from] item: Leftovers
|-activate|p1a: Zygarde|ability: Power Construct
|detailschange|p1a: Zygarde|Zygarde-Complete, shiny
|-heal|p1a: Zygarde|44/100|[silent]
|upkeep
|turn|35
|
|t:|1661175787
|move|p2a: Yveltal|Dark Pulse|p1a: Zygarde
|-damage|p1a: Zygarde|9/100
|-damage|p2a: Yveltal|3/100 par|[from] item: Life Orb
|move|p1a: Zygarde|Thousand Arrows|p2a: Yveltal
|-damage|p2a: Yveltal|0 fnt
|faint|p2a: Yveltal
|
|-heal|p1a: Zygarde|15/100|[from] item: Leftovers
|upkeep
|
|t:|1661175792
|switch|p2a: Marshadow|Marshadow|94/100
|-damage|p2a: Marshadow|88/100|[from] Stealth Rock
|turn|36
|
|t:|1661175796
|move|p2a: Marshadow|Close Combat|p1a: Zygarde
|-damage|p1a: Zygarde|0 fnt
|-unboost|p2a: Marshadow|def|1
|-unboost|p2a: Marshadow|spd|1
|faint|p1a: Zygarde
|
|win|Buck X
|raw|seidou45's rating: 1758 &rarr; <strong>1744</strong><br />(-14 for losing)
|raw|Buck X's rating: 1860 &rarr; <strong>1874</strong><br />(+14 for winning)
