|j|☆haitianmister
|j|☆Defensive0
|t:|1667933189
|gametype|singles
|player|p1|haitianmister|101|1760
|player|p2|Defensive0|riley|1909
|teamsize|p1|6
|teamsize|p2|6
|gen|8
|tier|[Gen 8] National Dex AG
|rated|
|rule|HP Percentage Mod: HP is shown in percentages
|rule|Endless Battle Clause: Forcing endless battles is banned
|clearpoke
|poke|p1|Arceus-*|
|poke|p1|Calyrex-Shadow|
|poke|p1|Yveltal|
|poke|p1|Rayquaza|
|poke|p1|Ditto|
|poke|p1|Ho-Oh|
|poke|p2|Kyogre|
|poke|p2|Ditto|
|poke|p2|Xerneas-*|
|poke|p2|Arceus-*|
|poke|p2|Arceus-*|
|poke|p2|Necrozma-Dusk-Mane|
|teampreview
|inactive|Battle timer is ON: inactive players will automatically lose when time's up. (requested by Defensive0)
|
|t:|1667933202
|start
|switch|p1a: rexy|Calyrex-Shadow|100/100
|switch|p2a: Kyogre|Kyogre|100/100
|-ability|p1a: rexy|As One
|-ability|p1a: rexy|Unnerve
|detailschange|p2a: Kyogre|Kyogre-Primal
|-primal|p2a: Kyogre
|-weather|PrimordialSea|[from] ability: Primordial Sea|[of] p2a: Kyogre
|turn|1
|
|t:|1667933209
|-weather|none
|switch|p2a: Arceus|Arceus|100/100
|move|p1a: rexy|Nasty Plot|p1a: rexy
|-boost|p1a: rexy|spa|2
|
|upkeep
|turn|2
|
|t:|1667933214
|move|p1a: rexy|Nasty Plot|p1a: rexy
|-boost|p1a: rexy|spa|2
|move|p2a: Arceus|Shadow Claw|p1a: rexy
|-supereffective|p1a: rexy
|-enditem|p1a: rexy|Focus Sash
|-damage|p1a: rexy|1/100
|
|upkeep
|turn|3
|
|t:|1667933218
|move|p1a: rexy|Psyshock|p2a: Arceus
|-crit|p2a: Arceus
|-damage|p2a: Arceus|0 fnt
|faint|p2a: Arceus
|-ability|p1a: rexy|Grim Neigh|boost
|-boost|p1a: rexy|spa|1
|
|upkeep
|
|t:|1667933221
|switch|p2a: Ditto|Ditto, shiny|100/100
|-transform|p2a: Ditto|p1a: rexy|[from] ability: Imposter
|turn|4
|
|t:|1667933231
|move|p2a: Ditto|Astral Barrage|p1a: rexy
|-supereffective|p1a: rexy
|-damage|p1a: rexy|0 fnt
|faint|p1a: rexy
|-ability|p2a: Ditto|Grim Neigh|boost
|-boost|p2a: Ditto|spa|1
|
|upkeep
|
|t:|1667933233
|switch|p1a: steve|Ditto|100/100
|turn|5
|
|t:|1667933240
|switch|p1a: kevin|Yveltal|100/100
|-ability|p1a: kevin|Dark Aura
|move|p2a: Ditto|Astral Barrage|p1a: kevin
|-resisted|p1a: kevin
|-damage|p1a: kevin|0 fnt
|faint|p1a: kevin
|
|upkeep
|
|t:|1667933247
|switch|p1a: steve|Ditto|100/100
|turn|6
|
|t:|1667933249
|-start|p2a: Ditto|Dynamax|
|-heal|p2a: Ditto|100/100|[silent]
|move|p2a: Ditto|Max Mindstorm|p1a: steve
|-damage|p1a: steve|0 fnt
|-fieldstart|move: Psychic Terrain
|faint|p1a: steve
|
|upkeep
|c|☆haitianmister|its just
|c|☆haitianmister|wow
|c|☆haitianmister|how did that just happen to me
|
|t:|1667933275
|switch|p1a: bruno|Rayquaza|100/100
|-ability|p1a: bruno|Air Lock
|turn|7
|
|t:|1667933281
|switch|p1a: karen|Ho-Oh|100/100
|move|p2a: Ditto|Max Mindstorm|p1a: karen
|-damage|p1a: karen|0 fnt
|faint|p1a: karen
|
|upkeep
|
|t:|1667933284
|switch|p1a: angela|Arceus-Fairy|100/100
|turn|8
|
|t:|1667933288
|move|p2a: Ditto|Max Mindstorm|p1a: angela
|-damage|p1a: angela|0 fnt
|faint|p1a: angela
|
|upkeep
|c|☆Defensive0|Gg
|
|t:|1667933295
|switch|p1a: bruno|Rayquaza|100/100
|-ability|p1a: bruno|Air Lock
|-end|p2a: Ditto|Dynamax
|-heal|p2a: Ditto|100/100|[silent]
|turn|9
|
|t:|1667933304
|detailschange|p1a: bruno|Rayquaza-Mega
|-mega|p1a: bruno|Rayquaza|
|-weather|DeltaStream|[from] ability: Delta Stream|[of] p1a: bruno
|move|p1a: bruno|Endure|p1a: bruno
|-singleturn|p1a: bruno|move: Endure
|move|p2a: Ditto|Astral Barrage|p1a: bruno
|-activate|p1a: bruno|move: Endure
|-damage|p1a: bruno|1/100
|
|-weather|DeltaStream|[upkeep]
|upkeep
|turn|10
|-enditem|p1a: bruno|Custap Berry|[eat]
|-activate|p1a: bruno|item: Custap Berry|[consumed]
|
|t:|1667933310
|switch|p2a: Necrozma|Necrozma-Dusk-Mane|100/100
|move|p1a: bruno|Dragon Ascent|p2a: Necrozma
|-resisted|p2a: Necrozma
|-damage|p2a: Necrozma|78/100
|-unboost|p1a: bruno|def|1
|-unboost|p1a: bruno|spd|1
|-damage|p1a: bruno|0 fnt|[from] item: Rocky Helmet|[of] p2a: Necrozma
|faint|p1a: bruno
|-weather|none
|
|win|Defensive0
|raw|haitianmister's rating: 1760 &rarr; <strong>1748</strong><br />(-12 for losing)
|raw|Defensive0's rating: 1909 &rarr; <strong>1921</strong><br />(+12 for winning)
|l|☆haitianmister
