|j|☆Jamalquavious
|j|☆BrixStillNotLuvin
|t:|1668293843
|gametype|singles
|player|p1|Jamalquavious|proton|1745
|player|p2|BrixStillNotLuvin|linebacker|1792
|teamsize|p1|6
|teamsize|p2|6
|gen|8
|tier|[Gen 8] National Dex AG
|rated|
|rule|HP Percentage Mod: HP is shown in percentages
|rule|Endless Battle Clause: Forcing endless battles is banned
|clearpoke
|poke|p1|Rayquaza|
|poke|p1|Necrozma-Dusk-Mane|
|poke|p1|Ditto|
|poke|p1|Calyrex-Shadow|
|poke|p1|Yveltal|
|poke|p1|Aron, L1, F|
|poke|p2|Zapdos|
|poke|p2|Kyogre|
|poke|p2|Arceus-*|
|poke|p2|Arceus-*|
|poke|p2|Ditto|
|poke|p2|Darkrai|
|teampreview
|inactive|Battle timer is ON: inactive players will automatically lose when time's up. (requested by Jamalquavious)
|inactive|BrixStillNotLuvin also wants the timer to be on.
|
|t:|1668293852
|start
|switch|p1a: Aron|Aron, L1, F|100/100
|switch|p2a: Kyogre|Kyogre, shiny|100/100
|detailschange|p2a: Kyogre|Kyogre-Primal, shiny
|-primal|p2a: Kyogre
|-weather|PrimordialSea|[from] ability: Primordial Sea|[of] p2a: Kyogre
|turn|1
|
|t:|1668293861
|-weather|none
|switch|p2a: Zapdos|Zapdos, shiny|100/100
|move|p1a: Aron|Endeavor|p2a: Zapdos
|-damage|p2a: Zapdos|4/100
|-damage|p1a: Aron|84/100|[from] item: Rocky Helmet|[of] p2a: Zapdos
|-status|p1a: Aron|par|[from] ability: Static|[of] p2a: Zapdos
|-heal|p1a: Aron|100/100 par|[from] item: Shell Bell|[of] p2a: Zapdos
|
|upkeep
|turn|2
|
|t:|1668293872
|move|p2a: Zapdos|Roost|p2a: Zapdos
|-heal|p2a: Zapdos|54/100
|-singleturn|p2a: Zapdos|move: Roost
|cant|p1a: Aron|par
|
|upkeep
|turn|3
|c|☆Jamalquavious|Yikes
|
|t:|1668293880
|move|p2a: Zapdos|Heat Wave|p1a: Aron
|-ability|p1a: Aron|Sturdy
|-damage|p1a: Aron|9/100 par
|move|p1a: Aron|Endeavor|p2a: Zapdos
|-damage|p2a: Zapdos|1/100
|-damage|p1a: Aron|0 fnt|[from] item: Rocky Helmet|[of] p2a: Zapdos
|faint|p1a: Aron
|
|upkeep
|
|t:|1668293894
|switch|p1a: Groudon protester|Calyrex-Shadow|100/100
|-ability|p1a: Groudon protester|As One
|-ability|p1a: Groudon protester|Unnerve
|turn|4
|
|t:|1668293908
|switch|p2a: Arceus|Arceus|100/100
|move|p1a: Groudon protester|Substitute|p1a: Groudon protester
|-start|p1a: Groudon protester|Substitute
|-damage|p1a: Groudon protester|76/100
|
|upkeep
|turn|5
|c|☆BrixStillNotLuvin|I hate groudon too
|
|t:|1668293914
|move|p1a: Groudon protester|Draining Kiss|p2a: Arceus
|-damage|p2a: Arceus|82/100
|-heal|p1a: Groudon protester|94/100|[from] drain|[of] p2a: Arceus
|-damage|p1a: Groudon protester|84/100|[from] item: Life Orb
|move|p2a: Arceus|Earthquake|p1a: Groudon protester
|-crit|p1a: Groudon protester
|-end|p1a: Groudon protester|Substitute
|
|-heal|p2a: Arceus|88/100|[from] item: Leftovers
|upkeep
|turn|6
|
|t:|1668293921
|switch|p1a: Idk groudon ugly|Necrozma-Dusk-Mane|100/100
|move|p2a: Arceus|Earthquake|p1a: Idk groudon ugly
|-supereffective|p1a: Idk groudon ugly
|-damage|p1a: Idk groudon ugly|80/100
|
|-heal|p2a: Arceus|94/100|[from] item: Leftovers
|upkeep
|turn|7
|c|☆BrixStillNotLuvin|Oh jesus
|c|☆BrixStillNotLuvin|You really hate groudon
|
|t:|1668293946
|switch|p2a: Zapdos|Zapdos, shiny|1/100
|move|p1a: Idk groudon ugly|Stealth Rock|p2a: Zapdos
|-sidestart|p2: BrixStillNotLuvin|move: Stealth Rock
|
|upkeep
|turn|8
|
|t:|1668293960
|move|p2a: Zapdos|Roost|p2a: Zapdos
|-heal|p2a: Zapdos|51/100
|-singleturn|p2a: Zapdos|move: Roost
|move|p1a: Idk groudon ugly|Stealth Rock||[still]
|-fail|p1a: Idk groudon ugly
|
|upkeep
|turn|9
|
|t:|1668293964
|switch|p1a: Groudon protester|Calyrex-Shadow|84/100
|-ability|p1a: Groudon protester|As One
|-ability|p1a: Groudon protester|Unnerve
|move|p2a: Zapdos|Roost|p2a: Zapdos
|-heal|p2a: Zapdos|100/100
|-singleturn|p2a: Zapdos|move: Roost
|
|upkeep
|turn|10
|
|t:|1668293969
|switch|p2a: Arceus|Arceus|94/100
|-damage|p2a: Arceus|82/100|[from] Stealth Rock
|move|p1a: Groudon protester|Astral Barrage|p2a: Arceus
|-immune|p2a: Arceus
|
|-heal|p2a: Arceus|88/100|[from] item: Leftovers
|upkeep
|turn|11
|
|t:|1668293973
|switch|p1a: Idk groudon ugly|Necrozma-Dusk-Mane|80/100
|move|p2a: Arceus|Swords Dance|p2a: Arceus
|-boost|p2a: Arceus|atk|2
|
|-heal|p2a: Arceus|94/100|[from] item: Leftovers
|upkeep
|turn|12
|
|t:|1668293985
|move|p2a: Arceus|Earthquake|p1a: Idk groudon ugly
|-supereffective|p1a: Idk groudon ugly
|-damage|p1a: Idk groudon ugly|41/100
|move|p1a: Idk groudon ugly|Thunder Wave|p2a: Arceus|[miss]
|-miss|p1a: Idk groudon ugly|p2a: Arceus
|
|-heal|p2a: Arceus|99/100|[from] item: Leftovers
|upkeep
|turn|13
|c|☆Jamalquavious|I despise groudon
|c|☆BrixStillNotLuvin|I can tell
|c|☆Jamalquavious|And my horrible luck rn
|c|☆Jamalquavious|But thats secondary to groudon
|
|t:|1668294013
|move|p2a: Arceus|Earthquake|p1a: Idk groudon ugly
|-supereffective|p1a: Idk groudon ugly
|-damage|p1a: Idk groudon ugly|0 fnt
|faint|p1a: Idk groudon ugly
|
|-heal|p2a: Arceus|100/100|[from] item: Leftovers
|upkeep
|c|☆BrixStillNotLuvin|Understandable
|c|☆Jamalquavious|Rip damage roll
|inactive|Jamalquavious has 120 seconds left.
|
|t:|1668294026
|switch|p1a: FUCK GROUDON|Rayquaza|100/100
|-ability|p1a: FUCK GROUDON|Air Lock
|turn|14
|
|t:|1668294036
|switch|p2a: Zapdos|Zapdos, shiny|100/100
|-damage|p2a: Zapdos|75/100|[from] Stealth Rock
|detailschange|p1a: FUCK GROUDON|Rayquaza-Mega
|-mega|p1a: FUCK GROUDON|Rayquaza|
|-weather|DeltaStream|[from] ability: Delta Stream|[of] p1a: FUCK GROUDON
|move|p1a: FUCK GROUDON|Dragon Ascent|p2a: Zapdos
|-resisted|p2a: Zapdos
|-damage|p2a: Zapdos|29/100
|-unboost|p1a: FUCK GROUDON|def|1
|-unboost|p1a: FUCK GROUDON|spd|1
|-damage|p1a: FUCK GROUDON|84/100|[from] item: Rocky Helmet|[of] p2a: Zapdos
|-damage|p1a: FUCK GROUDON|74/100|[from] item: Life Orb
|
|-weather|DeltaStream|[upkeep]
|upkeep
|turn|15
|j| sedffvfvf
|c|☆BrixStillNotLuvin|Im giving you an option
|c|☆BrixStillNotLuvin|You can swap out
|c|☆Jamalquavious|No
|c|☆BrixStillNotLuvin|Or you can hit me again and risk paralysis
|c|☆Jamalquavious|Im killing it
|
|t:|1668294068
|move|p1a: FUCK GROUDON|Dragon Ascent|p2a: Zapdos
|-resisted|p2a: Zapdos
|-damage|p2a: Zapdos|0 fnt
|-unboost|p1a: FUCK GROUDON|def|1
|-unboost|p1a: FUCK GROUDON|spd|1
|-damage|p1a: FUCK GROUDON|57/100|[from] item: Rocky Helmet|[of] p2a: Zapdos
|faint|p2a: Zapdos
|-damage|p1a: FUCK GROUDON|48/100|[from] item: Life Orb
|
|-weather|DeltaStream|[upkeep]
|upkeep
|c|☆BrixStillNotLuvin|Good choice
|inactive|BrixStillNotLuvin has 120 seconds left.
|
|t:|1668294080
|switch|p2a: Arceus|Arceus-Fairy|100/100
|-damage|p2a: Arceus|88/100|[from] Stealth Rock
|turn|16
|c|☆Jamalquavious|This zapdos ruined me
|
|t:|1668294090
|move|p2a: Arceus|Judgment|p1a: FUCK GROUDON
|-supereffective|p1a: FUCK GROUDON
|-damage|p1a: FUCK GROUDON|0 fnt
|faint|p1a: FUCK GROUDON
|-weather|none
|
|upkeep
|
|t:|1668294092
|switch|p1a: Groudon protester|Calyrex-Shadow|84/100
|-ability|p1a: Groudon protester|As One
|-ability|p1a: Groudon protester|Unnerve
|turn|17
|c|☆BrixStillNotLuvin|His only goal is to ruin people
|
|t:|1668294105
|move|p1a: Groudon protester|Substitute|p1a: Groudon protester
|-start|p1a: Groudon protester|Substitute
|-damage|p1a: Groudon protester|59/100
|move|p2a: Arceus|Judgment|p1a: Groudon protester
|-end|p1a: Groudon protester|Substitute
|
|upkeep
|turn|18
|
|t:|1668294109
|switch|p1a: Just hates groudon|Ditto, shiny|100/100
|-transform|p1a: Just hates groudon|p2a: Arceus|[from] ability: Imposter
|move|p2a: Arceus|Judgment|p1a: Just hates groudon
|-damage|p1a: Just hates groudon|53/100
|
|upkeep
|turn|19
|
|t:|1668294113
|move|p1a: Just hates groudon|Toxic|p2a: Arceus
|-status|p2a: Arceus|tox
|move|p2a: Arceus|Stealth Rock|p1a: Just hates groudon
|-sidestart|p1: Jamalquavious|move: Stealth Rock
|
|-damage|p2a: Arceus|82/100 tox|[from] psn
|upkeep
|turn|20
|
|t:|1668294119
|switch|p1a: Groudon protester|Calyrex-Shadow|59/100
|-ability|p1a: Groudon protester|As One
|-ability|p1a: Groudon protester|Unnerve
|-damage|p1a: Groudon protester|47/100|[from] Stealth Rock
|move|p2a: Arceus|Judgment|p1a: Groudon protester
|-damage|p1a: Groudon protester|0 fnt
|faint|p1a: Groudon protester
|
|-damage|p2a: Arceus|70/100 tox|[from] psn
|upkeep
|
|t:|1668294120
|switch|p1a: Just hates groudon|Ditto, shiny|53/100
|-damage|p1a: Just hates groudon|41/100|[from] Stealth Rock
|-transform|p1a: Just hates groudon|p2a: Arceus|[from] ability: Imposter
|turn|21
|
|t:|1668294126
|move|p1a: Just hates groudon|Recover|p1a: Just hates groudon
|-heal|p1a: Just hates groudon|91/100
|move|p2a: Arceus|Judgment|p1a: Just hates groudon
|-damage|p1a: Just hates groudon|41/100
|
|-damage|p2a: Arceus|52/100 tox|[from] psn
|upkeep
|turn|22
|
|t:|1668294128
|move|p1a: Just hates groudon|Recover|p1a: Just hates groudon
|-heal|p1a: Just hates groudon|91/100
|move|p2a: Arceus|Toxic|p1a: Just hates groudon
|-status|p1a: Just hates groudon|tox
|
|-damage|p1a: Just hates groudon|85/100 tox|[from] psn
|-damage|p2a: Arceus|27/100 tox|[from] psn
|upkeep
|turn|23
|
|t:|1668294133
|switch|p2a: Kyogre|Kyogre-Primal, shiny|100/100
|-damage|p2a: Kyogre|88/100|[from] Stealth Rock
|-weather|PrimordialSea|[from] ability: Primordial Sea|[of] p2a: Kyogre
|move|p1a: Just hates groudon|Recover|p1a: Just hates groudon
|-heal|p1a: Just hates groudon|100/100 tox
|
|-weather|PrimordialSea|[upkeep]
|-damage|p1a: Just hates groudon|88/100 tox|[from] psn
|upkeep
|turn|24
|
|t:|1668294144
|switch|p1a: Death to Groudon|Yveltal, shiny|100/100
|-ability|p1a: Death to Groudon|Dark Aura
|move|p2a: Kyogre|Water Spout|p1a: Death to Groudon
|-damage|p1a: Death to Groudon|22/100
|
|-weather|PrimordialSea|[upkeep]
|upkeep
|turn|25
|
|t:|1668294149
|move|p1a: Death to Groudon|Sucker Punch|p2a: Kyogre
|-damage|p2a: Kyogre|50/100
|move|p2a: Kyogre|Ice Beam|p1a: Death to Groudon
|-supereffective|p1a: Death to Groudon
|-damage|p1a: Death to Groudon|0 fnt
|faint|p1a: Death to Groudon
|
|-weather|PrimordialSea|[upkeep]
|upkeep
|
|t:|1668294151
|switch|p1a: Just hates groudon|Ditto, shiny|88/100 tox
|-damage|p1a: Just hates groudon|76/100 tox|[from] Stealth Rock
|-transform|p1a: Just hates groudon|p2a: Kyogre|[from] ability: Imposter
|turn|26
|
|t:|1668294160
|move|p1a: Just hates groudon|Water Spout|p2a: Kyogre
|-resisted|p2a: Kyogre
|-crit|p2a: Kyogre
|-damage|p2a: Kyogre|0 fnt
|faint|p2a: Kyogre
|
|-weather|PrimordialSea|[upkeep]
|-damage|p1a: Just hates groudon|70/100 tox|[from] psn
|upkeep
|
|t:|1668294165
|switch|p2a: Arceus|Arceus|100/100
|-damage|p2a: Arceus|88/100|[from] Stealth Rock
|turn|27
|c|☆BrixStillNotLuvin|Welp
|c|☆BrixStillNotLuvin|Gg mate
|c|☆BrixStillNotLuvin|Unless you double crit
|
|t:|1668294190
|-start|p2a: Arceus|Dynamax|
|-heal|p2a: Arceus|88/100|[silent]
|move|p2a: Arceus|Max Strike|p1a: Just hates groudon
|-crit|p1a: Just hates groudon
|-damage|p1a: Just hates groudon|0 fnt
|faint|p1a: Just hates groudon
|-weather|none
|
|win|BrixStillNotLuvin
|raw|Jamalquavious's rating: 1745 &rarr; <strong>1728</strong><br />(-17 for losing)
|raw|BrixStillNotLuvin's rating: 1792 &rarr; <strong>1809</strong><br />(+17 for winning)
|c|☆BrixStillNotLuvin|Gg
|l|☆BrixStillNotLuvin
|c|☆Jamalquavious|Gg
