|j|☆HikaruMaxwell_004
|j|☆copperspray
|t:|1624949154
|gametype|singles
|player|p1|HikaruMaxwell_004|hilbert|1525
|player|p2|copperspray|juan|1648
|teamsize|p1|6
|teamsize|p2|6
|gen|8
|tier|[Gen 8] National Dex AG
|rated|
|rule|HP Percentage Mod: HP is shown in percentages
|rule|Endless Battle Clause: Forcing endless battles is banned
|clearpoke
|poke|p1|Shuckle, M|
|poke|p1|Yveltal|
|poke|p1|Arceus-*|
|poke|p1|Kyogre|
|poke|p1|Zacian-*|
|poke|p1|Rayquaza|
|poke|p2|Ho-Oh|
|poke|p2|Yveltal|
|poke|p2|Necrozma-Dusk-Mane|
|poke|p2|Tyranitar, F|
|poke|p2|Zygarde|
|poke|p2|Kyogre|
|teampreview
|inactive|Battle timer is ON: inactive players will automatically lose when time's up. (requested by copperspray)
|
|t:|1624949181
|start
|switch|p1a: Shuckle|Shuckle, M|100/100
|switch|p2a: Necrozma|Necrozma-Dusk-Mane, shiny|100/100
|turn|1
|j| TheJanardanTiwari
|
|t:|1624949190
|move|p2a: Necrozma|Dragon Dance|p2a: Necrozma
|-boost|p2a: Necrozma|atk|1
|-boost|p2a: Necrozma|spe|1
|move|p1a: Shuckle|Stealth Rock|p2a: Necrozma
|-sidestart|p2: copperspray|move: Stealth Rock
|
|upkeep
|turn|2
|
|t:|1624949203
|move|p2a: Necrozma|Dragon Dance|p2a: Necrozma
|-boost|p2a: Necrozma|atk|1
|-boost|p2a: Necrozma|spe|1
|move|p1a: Shuckle|Encore|p2a: Necrozma
|-start|p2a: Necrozma|Encore
|
|upkeep
|turn|3
|c| TheJanardanTiwari|Dyna and sweep
|
|t:|1624949230
|switch|p2a: Ho-Oh|Ho-Oh|100/100
|move|p1a: Shuckle|Sticky Web|p2a: Ho-Oh
|-sidestart|p2: copperspray|move: Sticky Web
|
|upkeep
|turn|4
|c|☆HikaruMaxwell_004|unecro
|
|t:|1624949235
|move|p2a: Ho-Oh|Defog|p1a: Shuckle
|-unboost|p1a: Shuckle|evasion|1
|-sideend|p2: copperspray|Stealth Rock|[from] move: Defog|[of] p2a: Ho-Oh
|-sideend|p2: copperspray|Sticky Web|[from] move: Defog|[of] p2a: Ho-Oh
|move|p1a: Shuckle|Stealth Rock|p2a: Ho-Oh
|-sidestart|p2: copperspray|move: Stealth Rock
|
|upkeep
|turn|5
|c| TheJanardanTiwari|Lol
|
|t:|1624949241
|move|p2a: Ho-Oh|Toxic|p1a: Shuckle
|-status|p1a: Shuckle|tox
|move|p1a: Shuckle|Stealth Rock||[still]
|-fail|p1a: Shuckle
|
|-damage|p1a: Shuckle|94/100 tox|[from] psn
|upkeep
|turn|6
|
|t:|1624949250
|move|p2a: Ho-Oh|Tailwind|p2a: Ho-Oh
|-sidestart|p2: copperspray|move: Tailwind
|move|p1a: Shuckle|Stealth Rock||[still]
|-fail|p1a: Shuckle
|
|-damage|p1a: Shuckle|82/100 tox|[from] psn
|upkeep
|turn|7
|
|t:|1624949257
|move|p2a: Ho-Oh|Sacred Fire|p1a: Shuckle
|-damage|p1a: Shuckle|58/100 tox
|move|p1a: Shuckle|Stealth Rock||[still]
|-fail|p1a: Shuckle
|
|-damage|p1a: Shuckle|40/100 tox|[from] psn
|upkeep
|turn|8
|j| NDMU Bear
|
|t:|1624949262
|move|p2a: Ho-Oh|Defog|p1a: Shuckle
|-unboost|p1a: Shuckle|evasion|1
|-sideend|p2: copperspray|Stealth Rock|[from] move: Defog|[of] p2a: Ho-Oh
|move|p1a: Shuckle|Stealth Rock|p2a: Ho-Oh
|-sidestart|p2: copperspray|move: Stealth Rock
|
|-damage|p1a: Shuckle|15/100 tox|[from] psn
|upkeep
|turn|9
|-enditem|p1a: Shuckle|Custap Berry|[eat]
|-activate|p1a: Shuckle|item: Custap Berry|[consumed]
|
|t:|1624949279
|move|p1a: Shuckle|Final Gambit|p2a: Ho-Oh
|-damage|p2a: Ho-Oh|92/100
|faint|p1a: Shuckle
|move|p2a: Ho-Oh|Toxic|p1: Shuckle|[notarget]
|-fail|p2a: Ho-Oh
|
|-sideend|p2: copperspray|move: Tailwind
|upkeep
|
|t:|1624949291
|switch|p1a: Kyogre|Kyogre|100/100
|detailschange|p1a: Kyogre|Kyogre-Primal
|-primal|p1a: Kyogre
|-weather|PrimordialSea|[from] ability: Primordial Sea|[of] p1a: Kyogre
|turn|10
|
|t:|1624949313
|switch|p2a: Zygarde|Zygarde|100/100
|-damage|p2a: Zygarde|94/100|[from] Stealth Rock
|move|p1a: Kyogre|Origin Pulse|p2a: Zygarde
|-damage|p2a: Zygarde|0 fnt
|faint|p2a: Zygarde
|
|-weather|PrimordialSea|[upkeep]
|upkeep
|
|t:|1624949321
|switch|p2a: Kyogre|Kyogre|100/100
|-damage|p2a: Kyogre|88/100|[from] Stealth Rock
|detailschange|p2a: Kyogre|Kyogre-Primal
|-primal|p2a: Kyogre
|turn|11
|c|☆HikaruMaxwell_004|>94%
|c|☆HikaruMaxwell_004|bruh moment
|
|t:|1624949333
|switch|p1a: Arceus|Arceus-Ghost|100/100
|move|p2a: Kyogre|Thunder|p1a: Arceus
|-damage|p1a: Arceus|61/100
|
|-weather|PrimordialSea|[upkeep]
|upkeep
|turn|12
|
|t:|1624949356
|-weather|none
|switch|p2a: Ho-Oh|Ho-Oh|100/100
|move|p1a: Arceus|Swords Dance|p1a: Arceus
|-boost|p1a: Arceus|atk|2
|
|upkeep
|turn|13
|
|t:|1624949363
|move|p1a: Arceus|Shadow Force||[still]
|-prepare|p1a: Arceus|Shadow Force
|move|p2a: Ho-Oh|Sacred Fire|p1a: Arceus|[miss]
|-miss|p2a: Ho-Oh|p1a: Arceus
|
|upkeep
|turn|14
|inactive|copperspray has 120 seconds left.
|
|t:|1624949393
|move|p1a: Arceus|Shadow Force|p2a: Ho-Oh|[from]lockedmove
|-damage|p2a: Ho-Oh|0 fnt
|faint|p2a: Ho-Oh
|
|upkeep
|inactive|copperspray has 120 seconds left.
|
|t:|1624949403
|switch|p2a: Yveltal|Yveltal|100/100
|-damage|p2a: Yveltal|76/100|[from] Stealth Rock
|-ability|p2a: Yveltal|Dark Aura
|turn|15
|inactive|copperspray has 120 seconds left.
|
|t:|1624949421
|move|p1a: Arceus|Extreme Speed|p2a: Yveltal
|-damage|p2a: Yveltal|21/100
|move|p2a: Yveltal|Oblivion Wing|p1a: Arceus
|-damage|p1a: Arceus|24/100
|-heal|p2a: Yveltal|49/100|[from] drain|[of] p1a: Arceus
|-damage|p2a: Yveltal|39/100|[from] item: Life Orb
|
|upkeep
|turn|16
|inactive|copperspray has 120 seconds left.
|
|t:|1624949433
|move|p1a: Arceus|Extreme Speed|p2a: Yveltal
|-damage|p2a: Yveltal|0 fnt
|faint|p2a: Yveltal
|
|upkeep
|
|t:|1624949436
|switch|p2a: Tyranitar|Tyranitar, F|100/100
|-damage|p2a: Tyranitar|88/100|[from] Stealth Rock
|-weather|Sandstorm|[from] ability: Sand Stream|[of] p2a: Tyranitar
|turn|17
|
|t:|1624949441
|detailschange|p2a: Tyranitar|Tyranitar-Mega, F
|-mega|p2a: Tyranitar|Tyranitar|Tyranitarite
|move|p1a: Arceus|Brick Break|p2a: Tyranitar
|-supereffective|p2a: Tyranitar
|-damage|p2a: Tyranitar|0 fnt
|faint|p2a: Tyranitar
|
|-weather|Sandstorm|[upkeep]
|-damage|p1a: Arceus|18/100|[from] Sandstorm
|upkeep
|-message|copperspray forfeited.
|
|win|HikaruMaxwell_004
|raw|HikaruMaxwell_004's rating: 1525 &rarr; <strong>1552</strong><br />(+27 for winning)
|raw|copperspray's rating: 1648 &rarr; <strong>1621</strong><br />(-27 for losing)
|l|☆copperspray
