|j|☆Takemitchy-kun
|j|☆Glaliegoesboom
|t:|1661260652
|gametype|singles
|player|p1|Takemitchy-kun|lance-masters|
|player|p2|Glaliegoesboom|cynthia-masters|
|teamsize|p1|6
|teamsize|p2|6
|gen|8
|tier|[Gen 8] National Dex AG
|rule|HP Percentage Mod: HP is shown in percentages
|rule|Endless Battle Clause: Forcing endless battles is banned
|clearpoke
|poke|p1|Tapu Koko|
|poke|p1|Arcanine, F|
|poke|p1|Marshadow|
|poke|p1|Groudon|
|poke|p1|Zamazenta-*|
|poke|p1|Dragonite, M|
|poke|p2|Diancie|
|poke|p2|Marshadow|
|poke|p2|Groudon|
|poke|p2|Urshifu-*, M|
|poke|p2|Giratina-Origin|
|poke|p2|Celesteela|
|teampreview
|inactive|Battle timer is ON: inactive players will automatically lose when time's up. (requested by Takemitchy-kun)
|inactive|Glaliegoesboom also wants the timer to be on.
|
|t:|1661260655
|start
|switch|p1a: Tapu Koko|Tapu Koko|100/100
|switch|p2a: Diancie|Diancie|100/100
|-fieldstart|move: Electric Terrain|[from] ability: Electric Surge|[of] p1a: Tapu Koko
|-item|p1a: Tapu Koko|Air Balloon
|turn|1
|
|t:|1661260667
|move|p1a: Tapu Koko|Thunderbolt|p2a: Diancie
|-damage|p2a: Diancie|61/100
|move|p2a: Diancie|Moonblast|p1a: Tapu Koko
|-damage|p1a: Tapu Koko|37/100
|-enditem|p1a: Tapu Koko|Air Balloon
|
|upkeep
|turn|2
|
|t:|1661260689
|switch|p1a: Groudon|Groudon|100/100
|-weather|SunnyDay|[from] ability: Drought|[of] p1a: Groudon
|move|p2a: Diancie|Moonblast|p1a: Groudon
|-damage|p1a: Groudon|68/100
|
|-weather|SunnyDay|[upkeep]
|-heal|p1a: Groudon|74/100|[from] item: Leftovers
|upkeep
|turn|3
|
|t:|1661260696
|detailschange|p2a: Diancie|Diancie-Mega
|-mega|p2a: Diancie|Diancie|Diancite
|move|p2a: Diancie|Magnet Rise|p2a: Diancie
|-start|p2a: Diancie|Magnet Rise
|move|p1a: Groudon|Earthquake|p2a: Diancie
|-immune|p2a: Diancie
|
|-weather|SunnyDay|[upkeep]
|-heal|p1a: Groudon|80/100|[from] item: Leftovers
|upkeep
|turn|4
|
|t:|1661260709
|switch|p1a: Arcanine|Arcanine, F|100/100
|-ability|p1a: Arcanine|Intimidate|boost
|-unboost|p2a: Diancie|atk|1
|-item|p1a: Arcanine|Air Balloon
|move|p2a: Diancie|Substitute|p2a: Diancie
|-start|p2a: Diancie|Substitute
|-damage|p2a: Diancie|37/100
|
|-weather|SunnyDay|[upkeep]
|upkeep
|turn|5
|
|t:|1661260716
|move|p2a: Diancie|Moonblast|p1a: Arcanine
|-resisted|p1a: Arcanine
|-damage|p1a: Arcanine|77/100
|-unboost|p1a: Arcanine|spa|1
|-enditem|p1a: Arcanine|Air Balloon
|move|p1a: Arcanine|Flare Blitz|p2a: Diancie
|-resisted|p2a: Diancie
|-end|p2a: Diancie|Substitute
|-damage|p1a: Arcanine|72/100|[from] Recoil|[of] p2a: Diancie
|
|-weather|SunnyDay|[upkeep]
|-fieldend|move: Electric Terrain
|upkeep
|turn|6
|
|t:|1661260724
|switch|p1a: Zamazenta|Zamazenta|100/100
|-ability|p1a: Zamazenta|Dauntless Shield|boost
|-boost|p1a: Zamazenta|def|1
|move|p2a: Diancie|Earth Power|p1a: Zamazenta
|-damage|p1a: Zamazenta|64/100
|
|-weather|none
|upkeep
|turn|7
|
|t:|1661260733
|switch|p2a: Giratina|Giratina-Origin|100/100
|move|p1a: Zamazenta|Close Combat|p2a: Giratina
|-immune|p2a: Giratina
|
|upkeep
|turn|8
|
|t:|1661260739
|switch|p1a: Arcanine|Arcanine, F|72/100
|-ability|p1a: Arcanine|Intimidate|boost
|-unboost|p2a: Giratina|atk|1
|move|p2a: Giratina|Poltergeist||[still]
|-fail|p2a: Giratina
|
|upkeep
|turn|9
|
|t:|1661260746
|move|p1a: Arcanine|Morning Sun|p1a: Arcanine
|-heal|p1a: Arcanine|100/100
|move|p2a: Giratina|Earthquake|p1a: Arcanine
|-supereffective|p1a: Arcanine
|-damage|p1a: Arcanine|51/100
|
|upkeep
|turn|10
|
|t:|1661260756
|switch|p2a: Groudon|Groudon|100/100
|-weather|SunnyDay|[from] ability: Drought|[of] p2a: Groudon
|move|p1a: Arcanine|Will-O-Wisp|p2a: Groudon
|-status|p2a: Groudon|brn
|
|-weather|SunnyDay|[upkeep]
|-damage|p2a: Groudon|94/100 brn|[from] brn
|upkeep
|turn|11
|
|t:|1661260763
|move|p1a: Arcanine|Morning Sun|p1a: Arcanine
|-heal|p1a: Arcanine|100/100
|move|p2a: Groudon|Lava Plume|p1a: Arcanine
|-resisted|p1a: Arcanine
|-damage|p1a: Arcanine|91/100
|
|-weather|SunnyDay|[upkeep]
|-damage|p2a: Groudon|88/100 brn|[from] brn
|upkeep
|turn|12
|
|t:|1661260770
|move|p1a: Arcanine|Flare Blitz|p2a: Groudon
|-damage|p2a: Groudon|47/100 brn
|-damage|p1a: Arcanine|77/100|[from] Recoil
|move|p2a: Groudon|Lava Plume|p1a: Arcanine
|-resisted|p1a: Arcanine
|-damage|p1a: Arcanine|66/100
|
|-weather|SunnyDay|[upkeep]
|-damage|p2a: Groudon|41/100 brn|[from] brn
|upkeep
|turn|13
|
|t:|1661260775
|move|p1a: Arcanine|Morning Sun|p1a: Arcanine
|-heal|p1a: Arcanine|100/100
|move|p2a: Groudon|Earthquake|p1a: Arcanine
|-supereffective|p1a: Arcanine
|-damage|p1a: Arcanine|46/100
|
|-weather|SunnyDay|[upkeep]
|-damage|p2a: Groudon|35/100 brn|[from] brn
|upkeep
|turn|14
|
|t:|1661260789
|move|p1a: Arcanine|Flare Blitz|p2a: Groudon
|-damage|p2a: Groudon|0 fnt
|faint|p2a: Groudon
|-damage|p1a: Arcanine|34/100|[from] Recoil
|
|-weather|none
|upkeep
|
|t:|1661260809
|switch|p2a: Marshadow|Marshadow|100/100
|turn|15
|
|t:|1661260819
|switch|p1a: Groudon|Groudon|80/100
|-weather|SunnyDay|[from] ability: Drought|[of] p1a: Groudon
|move|p2a: Marshadow|Spectral Thief|p1a: Groudon
|-damage|p1a: Groudon|52/100
|
|-weather|SunnyDay|[upkeep]
|-heal|p1a: Groudon|58/100|[from] item: Leftovers
|upkeep
|turn|16
|
|t:|1661260829
|switch|p2a: Diancie|Diancie-Mega|37/100
|move|p1a: Groudon|Toxic|p2a: Diancie
|move|p2a: Diancie|Toxic|p1a: Groudon|[from]ability: Magic Bounce
|-status|p1a: Groudon|tox
|
|-weather|SunnyDay|[upkeep]
|-heal|p1a: Groudon|64/100 tox|[from] item: Leftovers
|-damage|p1a: Groudon|58/100 tox|[from] psn
|upkeep
|turn|17
|
|t:|1661260846
|switch|p1a: Arcanine|Arcanine, F|34/100
|-ability|p1a: Arcanine|Intimidate|boost
|-unboost|p2a: Diancie|atk|1
|move|p2a: Diancie|Substitute|p2a: Diancie
|-start|p2a: Diancie|Substitute
|-damage|p2a: Diancie|12/100
|
|-weather|SunnyDay|[upkeep]
|upkeep
|turn|18
|
|t:|1661260854
|move|p2a: Diancie|Earth Power|p1a: Arcanine
|-supereffective|p1a: Arcanine
|-damage|p1a: Arcanine|0 fnt
|faint|p1a: Arcanine
|
|-weather|SunnyDay|[upkeep]
|upkeep
|
|t:|1661260855
|switch|p1a: Marshadow|Marshadow|100/100
|turn|19
|
|t:|1661260859
|move|p1a: Marshadow|Spectral Thief|p2a: Diancie
|-damage|p2a: Diancie|0 fnt
|faint|p2a: Diancie
|
|-weather|none
|upkeep
|
|t:|1661260871
|switch|p2a: Celesteela|Celesteela|100/100
|turn|20
|
|t:|1661260883
|-zpower|p1a: Marshadow
|move|p1a: Marshadow|Soul-Stealing 7-Star Strike|p2a: Celesteela|[zeffect]
|-damage|p2a: Celesteela|14/100
|move|p2a: Celesteela|Autotomize|p2a: Celesteela
|-boost|p2a: Celesteela|spe|2
|-start|p2a: Celesteela|Autotomize
|
|upkeep
|turn|21
|c|☆Takemitchy-kun|Noicw
|
|t:|1661260898
|move|p1a: Marshadow|Shadow Sneak|p2a: Celesteela
|-damage|p2a: Celesteela|0 fnt
|faint|p2a: Celesteela
|
|upkeep
|
|t:|1661260899
|switch|p2a: Urshifu|Urshifu, M|100/100
|turn|22
|
|t:|1661260905
|move|p1a: Marshadow|Close Combat|p2a: Urshifu
|-supereffective|p2a: Urshifu
|-damage|p2a: Urshifu|0 fnt
|-unboost|p1a: Marshadow|def|1
|-unboost|p1a: Marshadow|spd|1
|faint|p2a: Urshifu
|
|upkeep
|c|☆Glaliegoesboom|Gg
|-message|Glaliegoesboom forfeited.
|
|win|Takemitchy-kun
|l|☆Glaliegoesboom
|c|☆Takemitchy-kun|Gg
