|j|☆Un0g0d
|j|☆Solar power duel
|t:|1667291195
|gametype|singles
|player|p1|Un0g0d|red|1415
|player|p2|Solar power duel|leon|1604
|teamsize|p1|6
|teamsize|p2|6
|gen|8
|tier|[Gen 8] National Dex AG
|rated|
|rule|HP Percentage Mod: HP is shown in percentages
|rule|Endless Battle Clause: Forcing endless battles is banned
|clearpoke
|poke|p1|Solgaleo|
|poke|p1|Pheromosa|
|poke|p1|Lucario, F|
|poke|p1|Goodra, F|
|poke|p1|Sceptile, F|
|poke|p1|Slurpuff, F|
|poke|p2|Lopunny, M|
|poke|p2|Arceus-*|
|poke|p2|Necrozma-Dusk-Mane|
|poke|p2|Ho-Oh|
|poke|p2|Ditto|
|poke|p2|Smeargle, F|
|teampreview
|inactive|Battle timer is ON: inactive players will automatically lose when time's up. (requested by Un0g0d)
|inactive|Solar power duel also wants the timer to be on.
|
|t:|1667291219
|start
|switch|p1a: Zoro|Sceptile, F|100/100
|switch|p2a: Necrozma|Necrozma-Dusk-Mane, shiny|100/100
|turn|1
|
|t:|1667291225
|move|p1a: Zoro|Earthquake|p2a: Necrozma
|-supereffective|p2a: Necrozma
|-damage|p2a: Necrozma|79/100
|move|p2a: Necrozma|Thunder Wave|p1a: Zoro
|-status|p1a: Zoro|par
|
|upkeep
|turn|2
|
|t:|1667291232
|move|p2a: Necrozma|Stealth Rock|p1a: Zoro
|-sidestart|p1: Un0g0d|move: Stealth Rock
|move|p1a: Zoro|Drain Punch|p2a: Necrozma
|-damage|p2a: Necrozma|69/100
|-damage|p1a: Zoro|84/100 par|[from] item: Rocky Helmet|[of] p2a: Necrozma
|
|upkeep
|turn|3
|
|t:|1667291238
|move|p2a: Necrozma|Sunsteel Strike|p1a: Zoro
|-damage|p1a: Zoro|9/100 par
|move|p1a: Zoro|Earthquake|p2a: Necrozma
|-supereffective|p2a: Necrozma
|-damage|p2a: Necrozma|45/100
|
|upkeep
|turn|4
|
|t:|1667291245
|move|p2a: Necrozma|Morning Sun|p2a: Necrozma
|-heal|p2a: Necrozma|95/100
|move|p1a: Zoro|Earthquake|p2a: Necrozma
|-supereffective|p2a: Necrozma
|-damage|p2a: Necrozma|74/100
|
|upkeep
|turn|5
|
|t:|1667291255
|switch|p2a: Ho-Oh|Ho-Oh, shiny|100/100
|-ability|p2a: Ho-Oh|Pressure
|cant|p1a: Zoro|par
|
|upkeep
|turn|6
|
|t:|1667291259
|move|p1a: Zoro|Acrobatics|p2a: Ho-Oh
|-damage|p2a: Ho-Oh|86/100
|move|p2a: Ho-Oh|Whirlwind|p1a: Zoro
|drag|p1a: Thousand sunny|Solgaleo|100/100
|-damage|p1a: Thousand sunny|94/100|[from] Stealth Rock
|
|upkeep
|turn|7
|
|t:|1667291268
|switch|p1a: Zoro|Sceptile, F|9/100 par
|-damage|p1a: Zoro|0 fnt|[from] Stealth Rock
|faint|p1a: Zoro
|move|p2a: Ho-Oh|Sacred Fire|p1: Zoro|[notarget]
|-fail|p2a: Ho-Oh
|
|upkeep
|
|t:|1667291270
|switch|p1a: Slurpuff|Slurpuff, F|100/100
|-damage|p1a: Slurpuff|88/100|[from] Stealth Rock
|turn|8
|
|t:|1667291274
|move|p1a: Slurpuff|Sticky Web|p2a: Ho-Oh
|-sidestart|p2: Solar power duel|move: Sticky Web
|move|p2a: Ho-Oh|Sacred Fire|p1a: Slurpuff
|-damage|p1a: Slurpuff|46/100
|
|upkeep
|turn|9
|
|t:|1667291281
|move|p1a: Slurpuff|Yawn|p2a: Ho-Oh
|-start|p2a: Ho-Oh|move: Yawn|[of] p1a: Slurpuff
|move|p2a: Ho-Oh|Sacred Fire|p1a: Slurpuff
|-damage|p1a: Slurpuff|4/100
|-status|p1a: Slurpuff|brn
|
|-damage|p1a: Slurpuff|0 fnt|[from] brn
|faint|p1a: Slurpuff
|upkeep
|
|t:|1667291293
|switch|p1a: Hancock|Pheromosa|100/100
|-damage|p1a: Hancock|88/100|[from] Stealth Rock
|turn|10
|
|t:|1667291301
|move|p1a: Hancock|Ice Beam|p2a: Ho-Oh
|-damage|p2a: Ho-Oh|69/100
|-damage|p1a: Hancock|78/100|[from] item: Life Orb
|move|p2a: Ho-Oh|Defog|p1a: Hancock
|-unboost|p1a: Hancock|evasion|1
|-sideend|p1: Un0g0d|Stealth Rock|[from] move: Defog|[of] p2a: Ho-Oh
|-sideend|p2: Solar power duel|Sticky Web|[from] move: Defog|[of] p2a: Ho-Oh
|
|-end|p2a: Ho-Oh|move: Yawn|[silent]
|-status|p2a: Ho-Oh|slp
|upkeep
|turn|11
|
|t:|1667291312
|move|p1a: Hancock|Close Combat|p2a: Ho-Oh
|-resisted|p2a: Ho-Oh
|-damage|p2a: Ho-Oh|35/100 slp
|-unboost|p1a: Hancock|def|1
|-unboost|p1a: Hancock|spd|1
|-damage|p1a: Hancock|68/100|[from] item: Life Orb
|cant|p2a: Ho-Oh|slp
|
|upkeep
|turn|12
|
|t:|1667291322
|switch|p2a: Necrozma|Necrozma-Dusk-Mane, shiny|74/100
|move|p1a: Hancock|Close Combat|p2a: Necrozma
|-damage|p2a: Necrozma|31/100
|-unboost|p1a: Hancock|def|1
|-unboost|p1a: Hancock|spd|1
|-damage|p1a: Hancock|52/100|[from] item: Rocky Helmet|[of] p2a: Necrozma
|-damage|p1a: Hancock|42/100|[from] item: Life Orb
|
|upkeep
|turn|13
|
|t:|1667291331
|move|p1a: Hancock|Close Combat|p2a: Necrozma
|-damage|p2a: Necrozma|0 fnt
|-unboost|p1a: Hancock|def|1
|-unboost|p1a: Hancock|spd|1
|-damage|p1a: Hancock|25/100|[from] item: Rocky Helmet|[of] p2a: Necrozma
|faint|p2a: Necrozma
|-ability|p1a: Hancock|Beast Boost|boost
|-boost|p1a: Hancock|spe|1
|-damage|p1a: Hancock|15/100|[from] item: Life Orb
|
|upkeep
|
|t:|1667291338
|switch|p2a: Lopunny|Lopunny, M|100/100
|turn|14
|
|t:|1667291342
|move|p2a: Lopunny|Fake Out|p1a: Hancock
|-damage|p1a: Hancock|0 fnt
|faint|p1a: Hancock
|
|upkeep
|
|t:|1667291348
|switch|p1a: Thousand sunny|Solgaleo|94/100
|turn|15
|
|t:|1667291366
|switch|p2a: Ho-Oh|Ho-Oh, shiny|35/100 slp
|-ability|p2a: Ho-Oh|Pressure
|-zpower|p1a: Thousand sunny
|move|p1a: Thousand sunny|Z-Splash|p1a: Thousand sunny|[anim]Splash
|-boost|p1a: Thousand sunny|atk|3|[zeffect]
|-nothing
|
|upkeep
|turn|16
|
|t:|1667291382
|move|p1a: Thousand sunny|Sunsteel Strike|p2a: Ho-Oh
|-resisted|p2a: Ho-Oh
|-damage|p2a: Ho-Oh|0 fnt
|faint|p2a: Ho-Oh
|
|upkeep
|
|t:|1667291390
|switch|p2a: Arceus|Arceus-Ground|100/100
|turn|17
|
|t:|1667291394
|move|p1a: Thousand sunny|Flame Charge|p2a: Arceus
|-damage|p2a: Arceus|70/100
|-boost|p1a: Thousand sunny|spe|1
|-zpower|p2a: Arceus
|move|p2a: Arceus|Tectonic Rage|p1a: Thousand sunny|[zeffect]
|-supereffective|p1a: Thousand sunny
|-damage|p1a: Thousand sunny|0 fnt
|faint|p1a: Thousand sunny
|
|upkeep
|
|t:|1667291402
|switch|p1a: Luffy|Lucario, F|100/100
|turn|18
|
|t:|1667291409
|detailschange|p1a: Luffy|Lucario-Mega, F
|-mega|p1a: Luffy|Lucario|Lucarionite
|move|p1a: Luffy|Close Combat|p2a: Arceus
|-damage|p2a: Arceus|7/100
|-unboost|p1a: Luffy|def|1
|-unboost|p1a: Luffy|spd|1
|move|p2a: Arceus|Earthquake|p1a: Luffy
|-supereffective|p1a: Luffy
|-damage|p1a: Luffy|0 fnt
|faint|p1a: Luffy
|
|upkeep
|
|t:|1667291413
|switch|p1a: T.T|Goodra, F|100/100
|turn|19
|
|t:|1667291418
|-start|p1a: T.T|Dynamax|
|-heal|p1a: T.T|100/100|[silent]
|move|p2a: Arceus|Earthquake|p1a: T.T
|-damage|p1a: T.T|71/100
|move|p1a: T.T|Max Ooze|p2a: Arceus
|-resisted|p2a: Arceus
|-damage|p2a: Arceus|0 fnt
|-boost|p1a: T.T|spa|1
|faint|p2a: Arceus
|
|upkeep
|
|t:|1667291426
|switch|p2a: Smeargle|Smeargle, F, shiny|100/100
|turn|20
|
|t:|1667291430
|move|p2a: Smeargle|Spore|p1a: T.T
|-status|p1a: T.T|slp|[from] move: Spore
|cant|p1a: T.T|slp
|
|-ability|p2a: Smeargle|Moody|boost
|-boost|p2a: Smeargle|spa|2
|-unboost|p2a: Smeargle|spd|1
|upkeep
|turn|21
|
|t:|1667291436
|move|p2a: Smeargle|Substitute|p2a: Smeargle
|-start|p2a: Smeargle|Substitute
|-damage|p2a: Smeargle|76/100
|cant|p1a: T.T|slp
|
|-heal|p2a: Smeargle|82/100|[from] item: Leftovers
|-ability|p2a: Smeargle|Moody|boost
|-boost|p2a: Smeargle|spe|2
|-unboost|p2a: Smeargle|spa|1
|upkeep
|-end|p1a: T.T|Dynamax
|-heal|p1a: T.T|71/100 slp|[silent]
|turn|22
|-message|Un0g0d forfeited.
|
|win|Solar power duel
|raw|Un0g0d's rating: 1415 &rarr; <strong>1405</strong><br />(-10 for losing)
|raw|Solar power duel's rating: 1604 &rarr; <strong>1614</strong><br />(+10 for winning)
|l|☆Un0g0d
