|j|☆Rasputin2004
|j|☆OnTheGrindTo1
|t:|1655661459
|gametype|singles
|player|p1|Rasputin2004|zinnia|1436
|player|p2|OnTheGrindTo1|unknown|1558
|teamsize|p1|6
|teamsize|p2|6
|gen|8
|tier|[Gen 8] National Dex AG
|rated|
|rule|HP Percentage Mod: HP is shown in percentages
|rule|Endless Battle Clause: Forcing endless battles is banned
|clearpoke
|poke|p1|Klefki, F|
|poke|p1|Tapu Koko|
|poke|p1|Greninja, F|
|poke|p1|Rillaboom, M|
|poke|p1|Landorus-Therian, M|
|poke|p1|Salamence, M|
|poke|p2|Diancie|
|poke|p2|Zacian-*|
|poke|p2|Calyrex-Shadow|
|poke|p2|Xerneas-*|
|poke|p2|Yveltal|
|poke|p2|Kyogre|
|teampreview
|inactive|Battle timer is ON: inactive players will automatically lose when time's up. (requested by Rasputin2004)
|
|t:|1655661464
|start
|switch|p1a: Tapu Koko|Tapu Koko, shiny|100/100
|switch|p2a: Diancie|Diancie|100/100
|-fieldstart|move: Electric Terrain|[from] ability: Electric Surge|[of] p1a: Tapu Koko
|turn|1
|
|t:|1655661467
|detailschange|p2a: Diancie|Diancie-Mega
|-mega|p2a: Diancie|Diancie|Diancite
|move|p1a: Tapu Koko|Volt Switch|p2a: Diancie
|-damage|p2a: Diancie|21/100
|
|t:|1655661471
|switch|p1a: Rillaboom|Rillaboom, M|100/100|[from]move: Volt Switch
|-fieldstart|move: Grassy Terrain|[from] ability: Grassy Surge|[of] p1a: Rillaboom
|move|p2a: Diancie|Stealth Rock|p1a: Rillaboom
|-sidestart|p1: Rasputin2004|move: Stealth Rock
|
|-heal|p2a: Diancie|27/100|[from] Grassy Terrain
|upkeep
|turn|2
|
|t:|1655661477
|move|p1a: Rillaboom|Grassy Glide|p2a: Diancie
|-supereffective|p2a: Diancie
|-damage|p2a: Diancie|0 fnt
|faint|p2a: Diancie
|
|upkeep
|
|t:|1655661481
|switch|p2a: Zacian|Zacian-Crowned|100/100
|-ability|p2a: Zacian|Intrepid Sword|boost
|-boost|p2a: Zacian|atk|1
|turn|3
|
|t:|1655661485
|switch|p1a: Landorus|Landorus-Therian, M|100/100
|-damage|p1a: Landorus|88/100|[from] Stealth Rock
|-ability|p1a: Landorus|Intimidate|boost
|-unboost|p2a: Zacian|atk|1
|move|p2a: Zacian|Behemoth Blade|p1a: Landorus
|-damage|p1a: Landorus|16/100
|
|upkeep
|turn|4
|
|t:|1655661489
|move|p2a: Zacian|Crunch|p1a: Landorus
|-damage|p1a: Landorus|0 fnt
|faint|p1a: Landorus
|
|upkeep
|
|t:|1655661491
|switch|p1a: Klefki|Klefki, F|100/100
|-damage|p1a: Klefki|95/100|[from] Stealth Rock
|turn|5
|
|t:|1655661498
|move|p1a: Klefki|Thunder Wave|p2a: Zacian
|-status|p2a: Zacian|par
|move|p2a: Zacian|Behemoth Blade|p1a: Klefki
|-damage|p1a: Klefki|29/100
|
|-heal|p1a: Klefki|35/100|[from] Grassy Terrain
|-fieldend|move: Grassy Terrain
|upkeep
|turn|6
|l|☆OnTheGrindTo1
|inactive|OnTheGrindTo1 disconnected and has a minute to reconnect!
|player|p2|
|j|☆OnTheGrindTo1
|inactive|OnTheGrindTo1 reconnected and has 135 seconds left.
|player|p2|OnTheGrindTo1|unknown
|
|t:|1655661518
|move|p1a: Klefki|Reflect|p1a: Klefki
|-sidestart|p1: Rasputin2004|Reflect
|move|p2a: Zacian|Behemoth Blade|p1a: Klefki
|-damage|p1a: Klefki|2/100
|
|upkeep
|turn|7
|
|t:|1655661524
|move|p1a: Klefki|Defog|p2a: Zacian
|-unboost|p2a: Zacian|evasion|1
|-sideend|p1: Rasputin2004|Stealth Rock|[from] move: Defog|[of] p1a: Klefki
|cant|p2a: Zacian|par
|
|upkeep
|turn|8
|
|t:|1655661531
|switch|p1a: Greninja|Greninja, F, shiny|100/100
|move|p2a: Zacian|Wild Charge|p1a: Greninja
|-supereffective|p1a: Greninja
|-damage|p1a: Greninja|32/100
|-damage|p2a: Zacian|85/100 par|[from] Recoil
|
|upkeep
|turn|9
|
|t:|1655661537
|move|p1a: Greninja|Hidden Power|p2a: Zacian
|-start|p1a: Greninja|typechange|Fire|[from] ability: Protean
|-supereffective|p2a: Zacian
|-damage|p2a: Zacian|29/100 par
|move|p2a: Zacian|Wild Charge|p1a: Greninja
|-damage|p1a: Greninja|0 fnt
|faint|p1a: Greninja
|-damage|p2a: Zacian|22/100 par|[from] Recoil
|
|upkeep
|
|t:|1655661548
|switch|p1a: Rillaboom|Rillaboom, M|100/100
|-fieldstart|move: Grassy Terrain|[from] ability: Grassy Surge|[of] p1a: Rillaboom
|turn|10
|
|t:|1655661550
|-start|p1a: Rillaboom|Dynamax|Gmax
|-heal|p1a: Rillaboom|100/100|[silent]
|move|p1a: Rillaboom|Max Knuckle|p2a: Zacian
|-damage|p2a: Zacian|0 fnt
|-boost|p1a: Rillaboom|atk|1
|faint|p2a: Zacian
|
|upkeep
|
|t:|1655661556
|switch|p2a: Calyrex|Calyrex-Shadow|100/100
|-ability|p2a: Calyrex|As One
|-ability|p2a: Calyrex|Unnerve
|turn|11
|
|t:|1655661565
|move|p2a: Calyrex|Substitute|p2a: Calyrex
|-start|p2a: Calyrex|Substitute
|-damage|p2a: Calyrex|76/100
|move|p1a: Rillaboom|Max Darkness|p2a: Calyrex
|-supereffective|p2a: Calyrex
|-end|p2a: Calyrex|Substitute
|-unboost|p2a: Calyrex|spd|1
|
|-heal|p2a: Calyrex|82/100|[from] Grassy Terrain
|-heal|p2a: Calyrex|88/100|[from] item: Leftovers
|upkeep
|turn|12
|
|t:|1655661568
|move|p2a: Calyrex|Substitute|p2a: Calyrex
|-start|p2a: Calyrex|Substitute
|-damage|p2a: Calyrex|63/100
|move|p1a: Rillaboom|G-Max Drum Solo|p2a: Calyrex
|-end|p2a: Calyrex|Substitute
|
|-heal|p2a: Calyrex|69/100|[from] Grassy Terrain
|-heal|p2a: Calyrex|75/100|[from] item: Leftovers
|upkeep
|-end|p1a: Rillaboom|Dynamax
|-heal|p1a: Rillaboom|100/100|[silent]
|turn|13
|
|t:|1655661571
|move|p1a: Rillaboom|Grassy Glide|p2a: Calyrex
|-damage|p2a: Calyrex|0 fnt
|faint|p2a: Calyrex
|
|-sideend|p1: Rasputin2004|Reflect
|upkeep
|
|t:|1655661575
|switch|p2a: Yveltal|Yveltal|100/100
|-ability|p2a: Yveltal|Dark Aura
|turn|14
|
|t:|1655661579
|switch|p1a: Tapu Koko|Tapu Koko, shiny|100/100
|-fieldstart|move: Electric Terrain|[from] ability: Electric Surge|[of] p1a: Tapu Koko
|move|p2a: Yveltal|Oblivion Wing|p1a: Tapu Koko
|-resisted|p1a: Tapu Koko
|-damage|p1a: Tapu Koko|68/100
|
|upkeep
|turn|15
|
|t:|1655661587
|move|p2a: Yveltal|Sucker Punch|p1a: Tapu Koko
|-resisted|p1a: Tapu Koko
|-damage|p1a: Tapu Koko|38/100
|move|p1a: Tapu Koko|Thunderbolt|p2a: Yveltal
|-supereffective|p2a: Yveltal
|-damage|p2a: Yveltal|0 fnt
|faint|p2a: Yveltal
|
|upkeep
|
|t:|1655661591
|switch|p2a: Xerneas|Xerneas|100/100
|-ability|p2a: Xerneas|Fairy Aura
|turn|16
|
|t:|1655661594
|switch|p1a: Klefki|Klefki, F|2/100
|move|p2a: Xerneas|Geomancy||[still]
|-prepare|p2a: Xerneas|Geomancy
|-enditem|p2a: Xerneas|Power Herb
|-anim|p2a: Xerneas|Geomancy|p2a: Xerneas
|-boost|p2a: Xerneas|spa|2
|-boost|p2a: Xerneas|spd|2
|-boost|p2a: Xerneas|spe|2
|
|upkeep
|turn|17
|
|t:|1655661599
|-start|p2a: Xerneas|Dynamax|
|-heal|p2a: Xerneas|100/100|[silent]
|move|p1a: Klefki|Thunder Wave|p2a: Xerneas
|-status|p2a: Xerneas|par
|move|p2a: Xerneas|Max Flare|p1a: Klefki
|-supereffective|p1a: Klefki
|-damage|p1a: Klefki|0 fnt
|-weather|SunnyDay
|faint|p1a: Klefki
|
|-weather|SunnyDay|[upkeep]
|upkeep
|
|t:|1655661609
|switch|p1a: Tapu Koko|Tapu Koko, shiny|38/100
|turn|18
|
|t:|1655661612
|move|p1a: Tapu Koko|Thunderbolt|p2a: Xerneas
|-damage|p2a: Xerneas|87/100 par
|move|p2a: Xerneas|Max Flare|p1a: Tapu Koko
|-damage|p1a: Tapu Koko|0 fnt
|faint|p1a: Tapu Koko
|
|-weather|SunnyDay|[upkeep]
|-fieldend|move: Electric Terrain
|upkeep
|
|t:|1655661619
|switch|p1a: Salame|Salamence, M|100/100
|-ability|p1a: Salame|Intimidate|boost
|-unboost|p2a: Xerneas|atk|1
|turn|19
|
|t:|1655661626
|detailschange|p1a: Salame|Salamence-Mega, M
|-mega|p1a: Salame|Salamence|Salamencite
|move|p1a: Salame|Return|p2a: Xerneas
|-damage|p2a: Xerneas|61/100 par
|move|p2a: Xerneas|Max Starfall|p1a: Salame
|-supereffective|p1a: Salame
|-damage|p1a: Salame|0 fnt
|-fieldstart|move: Misty Terrain
|faint|p1a: Salame
|
|-weather|SunnyDay|[upkeep]
|upkeep
|
|t:|1655661631
|switch|p1a: Rillaboom|Rillaboom, M|100/100
|-fieldstart|move: Grassy Terrain|[from] ability: Grassy Surge|[of] p1a: Rillaboom
|-end|p2a: Xerneas|Dynamax
|-heal|p2a: Xerneas|61/100 par|[silent]
|turn|20
|
|t:|1655661635
|move|p1a: Rillaboom|Grassy Glide|p2a: Xerneas
|-damage|p2a: Xerneas|0 fnt
|faint|p2a: Xerneas
|
|-weather|SunnyDay|[upkeep]
|upkeep
|
|t:|1655661637
|switch|p2a: Kyogre|Kyogre|100/100
|-weather|RainDance|[from] ability: Drizzle|[of] p2a: Kyogre
|turn|21
|
|t:|1655661639
|move|p1a: Rillaboom|Grassy Glide|p2a: Kyogre
|-supereffective|p2a: Kyogre
|-damage|p2a: Kyogre|0 fnt
|faint|p2a: Kyogre
|
|win|Rasputin2004
|raw|Rasputin2004's rating: 1436 &rarr; <strong>1463</strong><br />(+27 for winning)
|raw|OnTheGrindTo1's rating: 1558 &rarr; <strong>1531</strong><br />(-27 for losing)
|l|☆OnTheGrindTo1
