|j|☆Thoumst
|j|☆NOAH MK2
|t:|1628197728
|gametype|singles
|player|p1|Thoumst|roxie|1472
|player|p2|NOAH MK2|266|1665
|teamsize|p1|6
|teamsize|p2|6
|gen|8
|tier|[Gen 8] National Dex AG
|rated|
|rule|HP Percentage Mod: HP is shown in percentages
|rule|Endless Battle Clause: Forcing endless battles is banned
|clearpoke
|poke|p1|Zacian-*|
|poke|p1|Ditto|
|poke|p1|Vivillon-Icy Snow, F|
|poke|p1|Deoxys-Speed|
|poke|p1|Arceus-*|
|poke|p1|Calyrex-Shadow|
|poke|p2|Klefki, F|
|poke|p2|Rayquaza|
|poke|p2|Groudon|
|poke|p2|Yveltal|
|poke|p2|Lugia|
|poke|p2|Marshadow|
|teampreview
|inactive|Battle timer is ON: inactive players will automatically lose when time's up. (requested by Thoumst)
|
|t:|1628197737
|start
|switch|p1a: Deoxys|Deoxys-Speed|100/100
|switch|p2a: Rayquaza|Rayquaza|100/100
|-ability|p1a: Deoxys|Pressure
|-ability|p2a: Rayquaza|Air Lock
|turn|1
|
|t:|1628197748
|detailschange|p2a: Rayquaza|Rayquaza-Mega
|-mega|p2a: Rayquaza|Rayquaza|
|-weather|DeltaStream|[from] ability: Delta Stream|[of] p2a: Rayquaza
|move|p1a: Deoxys|Stealth Rock|p2a: Rayquaza
|-sidestart|p2: NOAH MK2|move: Stealth Rock
|move|p2a: Rayquaza|Dragon Ascent|p1a: Deoxys
|-enditem|p1a: Deoxys|Focus Sash
|-damage|p1a: Deoxys|1/100
|-unboost|p2a: Rayquaza|def|1
|-unboost|p2a: Rayquaza|spd|1
|
|-weather|DeltaStream|[upkeep]
|upkeep
|turn|2
|
|t:|1628197757
|move|p2a: Rayquaza|Extreme Speed|p1a: Deoxys
|-damage|p1a: Deoxys|0 fnt
|faint|p1a: Deoxys
|
|-weather|DeltaStream|[upkeep]
|upkeep
|
|t:|1628197764
|switch|p1a: Zacian|Zacian-Crowned|100/100
|-ability|p1a: Zacian|Intrepid Sword|boost
|-boost|p1a: Zacian|atk|1
|turn|3
|
|t:|1628197770
|-weather|none
|switch|p2a: Groudon|Groudon|100/100
|-damage|p2a: Groudon|94/100|[from] Stealth Rock
|detailschange|p2a: Groudon|Groudon-Primal
|-primal|p2a: Groudon
|-weather|DesolateLand|[from] ability: Desolate Land|[of] p2a: Groudon
|move|p1a: Zacian|Play Rough|p2a: Groudon
|-resisted|p2a: Groudon
|-crit|p2a: Groudon
|-damage|p2a: Groudon|51/100
|
|-weather|DesolateLand|[upkeep]
|upkeep
|turn|4
|
|t:|1628197788
|switch|p1a: Arceus|Arceus|100/100
|move|p2a: Groudon|Fire Punch|p1a: Arceus
|-damage|p1a: Arceus|40/100
|
|-weather|DesolateLand|[upkeep]
|upkeep
|turn|5
|
|t:|1628197795
|move|p1a: Arceus|Earthquake|p2a: Groudon
|-supereffective|p2a: Groudon
|-damage|p2a: Groudon|0 fnt
|faint|p2a: Groudon
|-weather|none
|-damage|p1a: Arceus|30/100|[from] item: Life Orb
|
|upkeep
|
|t:|1628197820
|switch|p2a: Marshadow|Marshadow|100/100
|-damage|p2a: Marshadow|94/100|[from] Stealth Rock
|turn|6
|
|t:|1628197829
|move|p2a: Marshadow|Close Combat|p1a: Arceus
|-supereffective|p1a: Arceus
|-damage|p1a: Arceus|0 fnt
|-unboost|p2a: Marshadow|def|1
|-unboost|p2a: Marshadow|spd|1
|faint|p1a: Arceus
|
|upkeep
|
|t:|1628197843
|switch|p1a: Zacian|Zacian-Crowned|100/100
|-ability|p1a: Zacian|Intrepid Sword|boost
|-boost|p1a: Zacian|atk|1
|turn|7
|
|t:|1628197852
|switch|p2a: Klefki|Klefki, F|100/100
|-damage|p2a: Klefki|95/100|[from] Stealth Rock
|move|p1a: Zacian|Play Rough|p2a: Klefki
|-resisted|p2a: Klefki
|-damage|p2a: Klefki|61/100
|
|upkeep
|turn|8
|
|t:|1628197874
|switch|p1a: Vivillon|Vivillon-Icy Snow, F|100/100
|move|p2a: Klefki|Thunder Wave|p1a: Vivillon
|-status|p1a: Vivillon|par
|
|upkeep
|turn|9
|
|t:|1628197878
|move|p2a: Klefki|Light Screen|p2a: Klefki
|-sidestart|p2: NOAH MK2|move: Light Screen
|move|p1a: Vivillon|Sleep Powder|p2a: Klefki
|-status|p2a: Klefki|slp|[from] move: Sleep Powder
|
|upkeep
|turn|10
|
|t:|1628197890
|switch|p2a: Rayquaza|Rayquaza-Mega|100/100
|-damage|p2a: Rayquaza|76/100|[from] Stealth Rock
|-weather|DeltaStream|[from] ability: Delta Stream|[of] p2a: Rayquaza
|switch|p1a: Zacian|Zacian-Crowned|100/100
|-ability|p1a: Zacian|Intrepid Sword|boost
|-boost|p1a: Zacian|atk|1
|
|-weather|DeltaStream|[upkeep]
|upkeep
|turn|11
|
|t:|1628197905
|move|p1a: Zacian|Play Rough|p2a: Rayquaza
|-supereffective|p2a: Rayquaza
|-crit|p2a: Rayquaza
|-damage|p2a: Rayquaza|0 fnt
|faint|p2a: Rayquaza
|-weather|none
|
|upkeep
|-message|NOAH MK2 forfeited.
|
|win|Thoumst
|l|☆NOAH MK2
|raw|Thoumst's rating: 1471 &rarr; <strong>1501</strong><br />(+30 for winning)
|raw|NOAH MK2's rating: 1665 &rarr; <strong>1635</strong><br />(-30 for losing)
||Ladder isn't responding, score probably updated but might not have (Request timeout).
