|j|☆TropicalPineapple7
|j|☆HelloWenston
|t:|1651430183
|gametype|singles
|player|p1|TropicalPineapple7|adaman|1414
|player|p2|HelloWenston|lenora|1525
|teamsize|p1|6
|teamsize|p2|6
|gen|8
|tier|[Gen 8] National Dex AG
|rated|
|rule|HP Percentage Mod: HP is shown in percentages
|rule|Endless Battle Clause: Forcing endless battles is banned
|clearpoke
|poke|p1|Blaziken, M|
|poke|p1|Ditto|
|poke|p1|Clawitzer, M|
|poke|p1|Togedemaru, M|
|poke|p1|Weavile, M|
|poke|p1|Forretress, M|
|poke|p2|Yveltal|
|poke|p2|Zacian-*|
|poke|p2|Ditto|
|poke|p2|Eternatus|
|poke|p2|Landorus-Therian, M|
|poke|p2|Marshadow|
|teampreview
|inactive|Battle timer is ON: inactive players will automatically lose when time's up. (requested by HelloWenston)
|
|t:|1651430195
|start
|switch|p1a: Master Yoda|Forretress, M|100/100
|switch|p2a: Landorus|Landorus-Therian, M|100/100
|-ability|p2a: Landorus|Intimidate|boost
|-unboost|p1a: Master Yoda|atk|1
|turn|1
|
|t:|1651430208
|move|p2a: Landorus|Stealth Rock|p1a: Master Yoda
|-sidestart|p1: TropicalPineapple7|move: Stealth Rock
|move|p1a: Master Yoda|Stealth Rock|p2a: Landorus
|-sidestart|p2: HelloWenston|move: Stealth Rock
|
|upkeep
|turn|2
|
|t:|1651430214
|move|p2a: Landorus|Earthquake|p1a: Master Yoda
|-damage|p1a: Master Yoda|74/100
|move|p1a: Master Yoda|Spikes|p2a: Landorus
|-sidestart|p2: HelloWenston|Spikes
|
|upkeep
|turn|3
|
|t:|1651430227
|move|p2a: Landorus|U-turn|p1a: Master Yoda
|-resisted|p1a: Master Yoda
|-crit|p1a: Master Yoda
|-damage|p1a: Master Yoda|65/100
|-damage|p2a: Landorus|84/100|[from] item: Rocky Helmet|[of] p1a: Master Yoda
|
|t:|1651430229
|switch|p2a: Yveltal|Yveltal|100/100|[from]move: U-turn
|-damage|p2a: Yveltal|76/100|[from] Stealth Rock
|-ability|p2a: Yveltal|Dark Aura
|move|p1a: Master Yoda|Rapid Spin|p2a: Yveltal
|-damage|p2a: Yveltal|69/100
|-boost|p1a: Master Yoda|spe|1
|-sideend|p1: TropicalPineapple7|Stealth Rock|[from] move: Rapid Spin|[of] p1a: Master Yoda
|
|upkeep
|turn|4
|
|t:|1651430239
|move|p2a: Yveltal|Heat Wave|p1a: Master Yoda
|-supereffective|p1a: Master Yoda
|-damage|p1a: Master Yoda|0 fnt
|faint|p1a: Master Yoda
|-damage|p2a: Yveltal|59/100|[from] item: Life Orb
|
|upkeep
|
|t:|1651430245
|switch|p1a: Plankton|Weavile, M|100/100
|-ability|p1a: Plankton|Pressure
|turn|5
|j| Exposed Trainer
|
|t:|1651430266
|move|p1a: Plankton|Triple Axel|p2a: Yveltal
|-supereffective|p2a: Yveltal
|-damage|p2a: Yveltal|33/100
|-supereffective|p2a: Yveltal
|-crit|p2a: Yveltal
|-damage|p2a: Yveltal|0 fnt
|faint|p2a: Yveltal
|-hitcount|p2: Yveltal|2
|
|upkeep
|
|t:|1651430278
|switch|p2a: Marshadow|Marshadow|100/100
|-damage|p2a: Marshadow|94/100|[from] Stealth Rock
|-damage|p2a: Marshadow|82/100|[from] Spikes
|turn|6
|
|t:|1651430284
|move|p2a: Marshadow|Close Combat|p1a: Plankton
|-supereffective|p1a: Plankton
|-damage|p1a: Plankton|0 fnt
|-unboost|p2a: Marshadow|def|1
|-unboost|p2a: Marshadow|spd|1
|faint|p1a: Plankton
|
|upkeep
|
|t:|1651430291
|switch|p1a: KFC|Blaziken, M|100/100
|turn|7
|
|t:|1651430307
|move|p1a: KFC|Protect|p1a: KFC
|-singleturn|p1a: KFC|Protect
|-zpower|p2a: Marshadow
|move|p2a: Marshadow|Soul-Stealing 7-Star Strike|p1a: KFC|[zeffect]
|-zbroken|p1a: KFC
|-damage|p1a: KFC|62/100
|
|-ability|p1a: KFC|Speed Boost|boost
|-boost|p1a: KFC|spe|1
|upkeep
|turn|8
|
|t:|1651430320
|move|p1a: KFC|Brave Bird|p2a: Marshadow
|-supereffective|p2a: Marshadow
|-damage|p2a: Marshadow|0 fnt
|faint|p2a: Marshadow
|-damage|p1a: KFC|34/100|[from] Recoil
|
|-ability|p1a: KFC|Speed Boost|boost
|-boost|p1a: KFC|spe|1
|upkeep
|
|t:|1651430324
|switch|p2a: Ditto|Ditto|100/100
|-damage|p2a: Ditto|88/100|[from] Stealth Rock
|-damage|p2a: Ditto|76/100|[from] Spikes
|-transform|p2a: Ditto|p1a: KFC|[from] ability: Imposter
|turn|9
|
|t:|1651430343
|move|p2a: Ditto|Brave Bird|p1a: KFC
|-supereffective|p1a: KFC
|-damage|p1a: KFC|0 fnt
|faint|p1a: KFC
|-damage|p2a: Ditto|65/100|[from] Recoil
|
|-ability|p2a: Ditto|Speed Boost|boost
|-boost|p2a: Ditto|spe|1
|upkeep
|
|t:|1651430350
|switch|p1a: Cheese|Togedemaru, M|100/100
|turn|10
|
|t:|1651430361
|switch|p2a: Landorus|Landorus-Therian, M|84/100
|-damage|p2a: Landorus|72/100|[from] Stealth Rock
|-ability|p2a: Landorus|Intimidate|boost
|-unboost|p1a: Cheese|atk|1
|move|p1a: Cheese|Endeavor|p2a: Landorus
|-immune|p2a: Landorus
|
|upkeep
|turn|11
|
|t:|1651430375
|switch|p1a: Larry Lobster|Clawitzer, M|100/100
|move|p2a: Landorus|Stealth Rock|p1a: Larry Lobster
|-sidestart|p1: TropicalPineapple7|move: Stealth Rock
|
|upkeep
|turn|12
|
|t:|1651430383
|move|p2a: Landorus|U-turn|p1a: Larry Lobster
|-damage|p1a: Larry Lobster|69/100
|
|t:|1651430391
|switch|p2a: Ditto|Ditto|65/100|[from]move: U-turn
|-damage|p2a: Ditto|52/100|[from] Stealth Rock
|-damage|p2a: Ditto|40/100|[from] Spikes
|-transform|p2a: Ditto|p1a: Larry Lobster|[from] ability: Imposter
|move|p1a: Larry Lobster|Water Pulse|p2a: Ditto
|-resisted|p2a: Ditto
|-damage|p2a: Ditto|22/100
|
|upkeep
|turn|13
|
|t:|1651430406
|move|p2a: Ditto|Aura Sphere|p1a: Larry Lobster
|-damage|p1a: Larry Lobster|46/100
|move|p1a: Larry Lobster|Dark Pulse|p2a: Ditto
|-damage|p2a: Ditto|0 fnt
|faint|p2a: Ditto
|
|upkeep
|
|t:|1651430414
|switch|p2a: Eternatus|Eternatus|100/100
|-damage|p2a: Eternatus|88/100|[from] Spikes
|-damage|p2a: Eternatus|76/100|[from] Stealth Rock
|-ability|p2a: Eternatus|Pressure
|turn|14
|
|t:|1651430421
|move|p2a: Eternatus|Dynamax Cannon|p1a: Larry Lobster
|-damage|p1a: Larry Lobster|16/100
|move|p1a: Larry Lobster|Dragon Pulse|p2a: Eternatus
|-supereffective|p2a: Eternatus
|-damage|p2a: Eternatus|13/100
|
|-heal|p2a: Eternatus|19/100|[from] item: Black Sludge
|upkeep
|turn|15
|
|t:|1651430428
|move|p2a: Eternatus|Dynamax Cannon|p1a: Larry Lobster
|-damage|p1a: Larry Lobster|0 fnt
|faint|p1a: Larry Lobster
|
|-heal|p2a: Eternatus|25/100|[from] item: Black Sludge
|upkeep
|
|t:|1651430433
|switch|p1a: Cheese|Togedemaru, M|100/100
|-damage|p1a: Cheese|94/100|[from] Stealth Rock
|turn|16
|
|t:|1651430454
|move|p1a: Cheese|Nuzzle|p2a: Eternatus
|-resisted|p2a: Eternatus
|-damage|p2a: Eternatus|23/100
|-status|p2a: Eternatus|par
|move|p2a: Eternatus|Flamethrower|p1a: Cheese
|-supereffective|p1a: Cheese
|-damage|p1a: Cheese|4/100
|-enditem|p1a: Cheese|Salac Berry|[eat]
|-boost|p1a: Cheese|spe|1|[from] item: Salac Berry
|
|-heal|p2a: Eternatus|29/100 par|[from] item: Black Sludge
|upkeep
|turn|17
|
|t:|1651430465
|switch|p2a: Landorus|Landorus-Therian, M|72/100
|-damage|p2a: Landorus|59/100|[from] Stealth Rock
|-ability|p2a: Landorus|Intimidate|boost
|-unboost|p1a: Cheese|atk|1
|move|p1a: Cheese|Iron Head|p2a: Landorus
|-damage|p2a: Landorus|44/100
|-damage|p1a: Cheese|0 fnt|[from] item: Rocky Helmet|[of] p2a: Landorus
|faint|p1a: Cheese
|
|upkeep
|
|t:|1651430474
|switch|p1a: Sus|Ditto|100/100
|-damage|p1a: Sus|88/100|[from] Stealth Rock
|-transform|p1a: Sus|p2a: Landorus|[from] ability: Imposter
|-ability|p1a: Sus|Intimidate|boost
|-unboost|p2a: Landorus|atk|1
|turn|18
|
|t:|1651430487
|-start|p1a: Sus|Dynamax|
|-heal|p1a: Sus|88/100|[silent]
|move|p1a: Sus|Max Rockfall|p2a: Landorus
|-damage|p2a: Landorus|22/100
|-weather|Sandstorm
|move|p2a: Landorus|Earthquake|p1a: Sus
|-immune|p1a: Sus
|
|-weather|Sandstorm|[upkeep]
|upkeep
|turn|19
|
|t:|1651430502
|move|p1a: Sus|Max Rockfall|p2a: Landorus
|-damage|p2a: Landorus|0 fnt
|faint|p2a: Landorus
|
|-weather|Sandstorm|[upkeep]
|upkeep
|
|t:|1651430507
|switch|p2a: Eternatus|Eternatus|29/100 par
|-damage|p2a: Eternatus|17/100 par|[from] Spikes
|-damage|p2a: Eternatus|4/100 par|[from] Stealth Rock
|-ability|p2a: Eternatus|Pressure
|turn|20
|
|t:|1651430516
|move|p1a: Sus|Max Quake|p2a: Eternatus
|-supereffective|p2a: Eternatus
|-damage|p2a: Eternatus|0 fnt
|-boost|p1a: Sus|spd|1
|faint|p2a: Eternatus
|
|-weather|Sandstorm|[upkeep]
|upkeep
|
|t:|1651430520
|switch|p2a: Zacian|Zacian-Crowned|100/100
|-damage|p2a: Zacian|88/100|[from] Spikes
|-damage|p2a: Zacian|82/100|[from] Stealth Rock
|-ability|p2a: Zacian|Intrepid Sword|boost
|-boost|p2a: Zacian|atk|1
|-end|p1a: Sus|Dynamax
|-heal|p1a: Sus|88/100|[silent]
|turn|21
|
|t:|1651430529
|move|p2a: Zacian|Behemoth Blade|p1a: Sus
|-damage|p1a: Sus|6/100
|move|p1a: Sus|Earthquake|p2a: Zacian
|-supereffective|p2a: Zacian
|-damage|p2a: Zacian|0 fnt
|faint|p2a: Zacian
|
|win|TropicalPineapple7
|raw|TropicalPineapple7's rating: 1414 &rarr; <strong>1440</strong><br />(+26 for winning)
|raw|HelloWenston's rating: 1525 &rarr; <strong>1499</strong><br />(-26 for losing)
|c|☆TropicalPineapple7|gg
|l|☆HelloWenston
|l| Exposed Trainer
||Ladder isn't responding, score probably updated but might not have (Request timeout).
