|j|☆NoSpedLimit
|j|☆moyv123
|t:|1665835280
|gametype|singles
|player|p1|NoSpedLimit|2|1639
|player|p2|moyv123|265|1792
|teamsize|p1|6
|teamsize|p2|6
|gen|8
|tier|[Gen 8] National Dex AG
|rated|
|rule|HP Percentage Mod: HP is shown in percentages
|rule|Endless Battle Clause: Forcing endless battles is banned
|clearpoke
|poke|p1|Dugtrio, M|
|poke|p1|Kartana|
|poke|p1|Tapu Lele|
|poke|p1|Sharpedo, F|
|poke|p1|Calyrex-Shadow|
|poke|p1|Pheromosa|
|poke|p2|Arceus-*|
|poke|p2|Arceus-*|
|poke|p2|Rayquaza|
|poke|p2|Lugia|
|poke|p2|Zacian-*|
|poke|p2|Necrozma-Dusk-Mane|
|teampreview
|
|t:|1665835290
|start
|switch|p1a: Dugtrio|Dugtrio, M|100/100
|switch|p2a: Arceus|Arceus|100/100
|turn|1
|
|t:|1665835303
|move|p2a: Arceus|Extreme Speed|p1a: Dugtrio
|-enditem|p1a: Dugtrio|Focus Sash
|-damage|p1a: Dugtrio|1/100
|move|p1a: Dugtrio|Stealth Rock|p2a: Arceus
|-sidestart|p2: moyv123|move: Stealth Rock
|
|upkeep
|turn|2
|
|t:|1665835311
|switch|p1a: Tapu Lele|Tapu Lele|100/100
|-fieldstart|move: Psychic Terrain|[from] ability: Psychic Surge|[of] p1a: Tapu Lele
|move|p2a: Arceus|Extreme Speed|p1a: Tapu Lele
|-activate|p1a: Tapu Lele|move: Psychic Terrain
|
|upkeep
|turn|3
|
|t:|1665835319
|move|p1a: Tapu Lele|Psychic|p2a: Arceus
|-damage|p2a: Arceus|57/100
|move|p2a: Arceus|Defog|p1a: Tapu Lele
|-unboost|p1a: Tapu Lele|evasion|1
|-sideend|p2: moyv123|Stealth Rock|[from] move: Defog|[of] p2a: Arceus
|-fieldend|move: Psychic Terrain
|
|upkeep
|turn|4
|
|t:|1665835336
|move|p2a: Arceus|Extreme Speed|p1a: Tapu Lele
|-damage|p1a: Tapu Lele|35/100
|move|p1a: Tapu Lele|Psychic|p2a: Arceus
|-damage|p2a: Arceus|24/100
|
|upkeep
|turn|5
|
|t:|1665835343
|switch|p1a: Calyrex|Calyrex-Shadow|100/100
|-ability|p1a: Calyrex|As One
|-ability|p1a: Calyrex|Unnerve
|move|p2a: Arceus|Extreme Speed|p1a: Calyrex
|-immune|p1a: Calyrex
|
|upkeep
|turn|6
|
|t:|1665835358
|switch|p2a: Arceus|Arceus-Dark|100/100
|move|p1a: Calyrex|Dark Pulse|p2a: Arceus
|-resisted|p2a: Arceus
|-damage|p2a: Arceus|92/100
|
|upkeep
|turn|7
|
|t:|1665835369
|switch|p1a: Tapu Lele|Tapu Lele|35/100
|-fieldstart|move: Psychic Terrain|[from] ability: Psychic Surge|[of] p1a: Tapu Lele
|move|p2a: Arceus|Stealth Rock|p1a: Tapu Lele
|-sidestart|p1: NoSpedLimit|move: Stealth Rock
|
|upkeep
|turn|8
|
|t:|1665835377
|switch|p2a: Arceus|Arceus|24/100
|move|p1a: Tapu Lele|Moonblast|p2a: Arceus
|-crit|p2a: Arceus
|-damage|p2a: Arceus|0 fnt
|faint|p2a: Arceus
|
|upkeep
|
|t:|1665835395
|switch|p2a: Necrozma|Necrozma-Dusk-Mane|100/100
|turn|9
|
|t:|1665835399
|move|p1a: Tapu Lele|Taunt|p2a: Necrozma
|-start|p2a: Necrozma|move: Taunt
|cant|p2a: Necrozma|move: Taunt|Dragon Dance
|
|upkeep
|turn|10
|
|t:|1665835406
|move|p1a: Tapu Lele|Psychic|p2a: Necrozma
|-resisted|p2a: Necrozma
|-damage|p2a: Necrozma|88/100
|move|p2a: Necrozma|Earthquake|p1a: Tapu Lele
|-damage|p1a: Tapu Lele|0 fnt
|faint|p1a: Tapu Lele
|
|upkeep
|
|t:|1665835412
|switch|p1a: Pheromosa|Pheromosa|100/100
|turn|11
|
|t:|1665835418
|move|p1a: Pheromosa|Rapid Spin|p2a: Necrozma
|-resisted|p2a: Necrozma
|-damage|p2a: Necrozma|82/100
|-boost|p1a: Pheromosa|spe|1
|-sideend|p1: NoSpedLimit|Stealth Rock|[from] move: Rapid Spin|[of] p1a: Pheromosa
|move|p2a: Necrozma|Photon Geyser|p1a: Pheromosa
|-supereffective|p1a: Pheromosa
|-damage|p1a: Pheromosa|0 fnt
|faint|p1a: Pheromosa
|
|-end|p2a: Necrozma|move: Taunt
|upkeep
|
|t:|1665835425
|switch|p1a: Dugtrio|Dugtrio, M|1/100
|turn|12
|
|t:|1665835457
|move|p1a: Dugtrio|Stealth Rock|p2a: Necrozma
|-sidestart|p2: moyv123|move: Stealth Rock
|move|p2a: Necrozma|Photon Geyser|p1a: Dugtrio
|-damage|p1a: Dugtrio|0 fnt
|faint|p1a: Dugtrio
|
|upkeep
|inactive|Battle timer is ON: inactive players will automatically lose when time's up. (requested by NoSpedLimit)
|
|t:|1665835470
|switch|p1a: Kartana|Kartana|100/100
|turn|13
|inactive|moyv123 has 120 seconds left.
|
|t:|1665835502
|move|p1a: Kartana|Knock Off|p2a: Necrozma
|-supereffective|p2a: Necrozma
|-crit|p2a: Necrozma
|-damage|p2a: Necrozma|37/100
|move|p2a: Necrozma|Earthquake|p1a: Kartana
|-damage|p1a: Kartana|62/100
|
|upkeep
|turn|14
|
|t:|1665835511
|move|p1a: Kartana|Knock Off|p2a: Necrozma
|-supereffective|p2a: Necrozma
|-damage|p2a: Necrozma|6/100
|move|p2a: Necrozma|Photon Geyser|p1a: Kartana
|-resisted|p1a: Kartana
|-damage|p1a: Kartana|21/100
|
|-fieldend|move: Psychic Terrain
|upkeep
|turn|15
|
|t:|1665835525
|switch|p2a: Zacian|Zacian-Crowned, shiny|100/100
|-damage|p2a: Zacian|94/100|[from] Stealth Rock
|-ability|p2a: Zacian|Intrepid Sword|boost
|-boost|p2a: Zacian|atk|1
|move|p1a: Kartana|Knock Off|p2a: Zacian
|-resisted|p2a: Zacian
|-damage|p2a: Zacian|81/100
|
|upkeep
|turn|16
|
|t:|1665835534
|switch|p1a: Sharpedo|Sharpedo, F|100/100
|move|p2a: Zacian|Substitute|p2a: Zacian
|-start|p2a: Zacian|Substitute
|-damage|p2a: Zacian|56/100
|
|upkeep
|turn|17
|
|t:|1665835541
|move|p2a: Zacian|Play Rough|p1a: Sharpedo
|-supereffective|p1a: Sharpedo
|-enditem|p1a: Sharpedo|Focus Sash
|-damage|p1a: Sharpedo|1/100
|move|p1a: Sharpedo|Destiny Bond|p1a: Sharpedo
|-singlemove|p1a: Sharpedo|Destiny Bond
|
|-ability|p1a: Sharpedo|Speed Boost|boost
|-boost|p1a: Sharpedo|spe|1
|upkeep
|turn|18
|inactive|moyv123 has 120 seconds left.
|
|t:|1665835579
|move|p2a: Zacian|Behemoth Blade|p1a: Sharpedo
|-resisted|p1a: Sharpedo
|-damage|p1a: Sharpedo|0 fnt
|faint|p1a: Sharpedo
|-activate|p1a: Sharpedo|move: Destiny Bond
|faint|p2a: Zacian
|
|upkeep
|
|t:|1665835590
|switch|p2a: Necrozma|Necrozma-Dusk-Mane|6/100
|switch|p1a: Kartana|Kartana|21/100
|-damage|p2a: Necrozma|0 fnt|[from] Stealth Rock
|faint|p2a: Necrozma
|
|t:|1665835602
|switch|p2a: Lugia|Lugia|100/100
|turn|19
|
|t:|1665835606
|move|p1a: Kartana|Knock Off|p2a: Lugia
|-supereffective|p2a: Lugia
|-damage|p2a: Lugia|79/100
|-enditem|p2a: Lugia|Heavy-Duty Boots|[from] move: Knock Off|[of] p1a: Kartana
|move|p2a: Lugia|Thunder Wave|p1a: Kartana
|-status|p1a: Kartana|par
|
|upkeep
|turn|20
|inactive|moyv123 has 120 seconds left.
|
|t:|1665835620
|move|p2a: Lugia|Roost|p2a: Lugia
|-heal|p2a: Lugia|100/100
|-singleturn|p2a: Lugia|move: Roost
|cant|p1a: Kartana|par
|
|upkeep
|turn|21
|inactive|moyv123 has 120 seconds left.
|
|t:|1665835637
|switch|p2a: Arceus|Arceus-Dark|92/100
|-damage|p2a: Arceus|79/100|[from] Stealth Rock
|move|p1a: Kartana|Knock Off|p2a: Arceus
|-resisted|p2a: Arceus
|-damage|p2a: Arceus|69/100
|
|upkeep
|turn|22
|
|t:|1665835648
|move|p2a: Arceus|Judgment|p1a: Kartana
|-damage|p1a: Kartana|0 fnt
|faint|p1a: Kartana
|
|upkeep
|
|t:|1665835651
|switch|p1a: Calyrex|Calyrex-Shadow|100/100
|-ability|p1a: Calyrex|As One
|-ability|p1a: Calyrex|Unnerve
|turn|23
|inactive|moyv123 has 120 seconds left.
|
|t:|1665835661
|-start|p1a: Calyrex|Dynamax|
|-heal|p1a: Calyrex|100/100|[silent]
|-start|p2a: Arceus|Dynamax|
|-heal|p2a: Arceus|69/100|[silent]
|move|p1a: Calyrex|Max Starfall|p2a: Arceus
|-supereffective|p2a: Arceus
|-damage|p2a: Arceus|48/100
|-fieldstart|move: Misty Terrain
|move|p2a: Arceus|Max Darkness|p1a: Calyrex
|-supereffective|p1a: Calyrex
|-enditem|p1a: Calyrex|Focus Sash
|-damage|p1a: Calyrex|1/100
|-unboost|p1a: Calyrex|spd|1
|
|upkeep
|turn|24
|inactive|moyv123 has 120 seconds left.
|
|t:|1665835678
|move|p1a: Calyrex|Max Starfall|p2a: Arceus
|-supereffective|p2a: Arceus
|-damage|p2a: Arceus|28/100
|move|p2a: Arceus|Max Darkness|p1a: Calyrex
|-supereffective|p1a: Calyrex
|-damage|p1a: Calyrex|0 fnt
|faint|p1a: Calyrex
|
|win|moyv123
|raw|NoSpedLimit's rating: 1639 &rarr; <strong>1627</strong><br />(-12 for losing)
|raw|moyv123's rating: 1792 &rarr; <strong>1804</strong><br />(+12 for winning)
|l|☆NoSpedLimit
||Ladder isn't responding, score probably updated but might not have (Request timeout).
