|j|☆Zera0ra_Uz3r
|j|☆spicyntegral
|t:|1640476294
|gametype|singles
|player|p1|Zera0ra_Uz3r|lucian|1630
|player|p2|spicyntegral|n|1655
|teamsize|p1|6
|teamsize|p2|6
|gen|8
|tier|[Gen 8] National Dex AG
|rated|
|rule|HP Percentage Mod: HP is shown in percentages
|rule|Endless Battle Clause: Forcing endless battles is banned
|clearpoke
|poke|p1|Shuckle, L1, M|
|poke|p1|Eternatus|
|poke|p1|Beedrill, M|
|poke|p1|Ditto|
|poke|p1|Necrozma-Dusk-Mane|
|poke|p1|Kartana|
|poke|p2|Blaziken, F|
|poke|p2|Groudon|
|poke|p2|Deoxys-Speed|
|poke|p2|Giratina-Origin|
|poke|p2|Xerneas-*|
|poke|p2|Necrozma-Dusk-Mane|
|teampreview
|
|t:|1640476303
|start
|switch|p1a: The Almighty One|Shuckle, L1, M, shiny|100/100
|switch|p2a: Deoxys|Deoxys-Speed|100/100
|-ability|p2a: Deoxys|Pressure
|turn|1
|
|t:|1640476323
|switch|p1a: Bob|Eternatus|100/100
|-ability|p1a: Bob|Pressure
|move|p2a: Deoxys|Magic Coat|p2a: Deoxys
|-singleturn|p2a: Deoxys|move: Magic Coat
|
|upkeep
|turn|2
|
|t:|1640476334
|move|p2a: Deoxys|Spikes|p1a: Bob
|-sidestart|p1: Zera0ra_Uz3r|Spikes
|move|p1a: Bob|Dynamax Cannon|p2a: Deoxys
|-damage|p2a: Deoxys|29/100
|
|upkeep
|turn|3
|
|t:|1640476340
|move|p2a: Deoxys|Spikes|p1a: Bob
|-sidestart|p1: Zera0ra_Uz3r|Spikes
|move|p1a: Bob|Dynamax Cannon|p2a: Deoxys
|-damage|p2a: Deoxys|0 fnt
|faint|p2a: Deoxys
|
|upkeep
|
|t:|1640476348
|switch|p2a: Groudon|Groudon|100/100
|detailschange|p2a: Groudon|Groudon-Primal
|-primal|p2a: Groudon
|-weather|DesolateLand|[from] ability: Desolate Land|[of] p2a: Groudon
|turn|4
|
|t:|1640476356
|move|p1a: Bob|Dynamax Cannon|p2a: Groudon
|-damage|p2a: Groudon|34/100
|move|p2a: Groudon|Precipice Blades|p1a: Bob|[miss]
|-miss|p2a: Groudon|p1a: Bob
|
|-weather|DesolateLand|[upkeep]
|upkeep
|turn|5
|
|t:|1640476370
|-weather|none
|switch|p2a: Necrozma|Necrozma-Dusk-Mane|100/100
|move|p1a: Bob|Dynamax Cannon|p2a: Necrozma
|-resisted|p2a: Necrozma
|-damage|p2a: Necrozma|77/100
|
|upkeep
|turn|6
|
|t:|1640476382
|switch|p2a: Groudon|Groudon-Primal|34/100
|-weather|DesolateLand|[from] ability: Desolate Land|[of] p2a: Groudon
|move|p1a: Bob|Flamethrower|p2a: Groudon
|-resisted|p2a: Groudon
|-damage|p2a: Groudon|5/100
|
|-weather|DesolateLand|[upkeep]
|upkeep
|turn|7
|
|t:|1640476391
|move|p1a: Bob|Flamethrower|p2a: Groudon
|-resisted|p2a: Groudon
|-damage|p2a: Groudon|0 fnt
|faint|p2a: Groudon
|-weather|none
|
|upkeep
|
|t:|1640476414
|switch|p2a: Xerneas|Xerneas|100/100
|-ability|p2a: Xerneas|Fairy Aura
|turn|8
|
|t:|1640476422
|-start|p2a: Xerneas|Dynamax
|-heal|p2a: Xerneas|100/100|[silent]
|move|p1a: Bob|Sludge Bomb|p2a: Xerneas
|-supereffective|p2a: Xerneas
|-damage|p2a: Xerneas|52/100
|move|p2a: Xerneas|Max Quake|p1a: Bob
|-supereffective|p1a: Bob
|-damage|p1a: Bob|29/100
|-boost|p2a: Xerneas|spd|1
|-enditem|p1a: Bob|Weakness Policy
|-boost|p1a: Bob|atk|2|[from] item: Weakness Policy
|-boost|p1a: Bob|spa|2|[from] item: Weakness Policy
|
|upkeep
|turn|9
|
|t:|1640476443
|move|p1a: Bob|Sludge Bomb|p2a: Xerneas
|-supereffective|p2a: Xerneas
|-damage|p2a: Xerneas|0 fnt
|faint|p2a: Xerneas
|
|upkeep
|
|t:|1640476448
|switch|p2a: Giratina|Giratina-Origin|100/100
|turn|10
|c|☆Zera0ra_Uz3r|!weak giratina
|c| Zera0ra_Uz3r|/raw <div class="infobox">Giratina (ignoring abilities):<br /><span class="message-effect-weak">Weaknesses</span>: Dark, Dragon, Fairy, Ghost, Ice<br /><span class="message-effect-resist">Resistances</span>: Bug, Electric, Fire, Grass, Poison, Water<br /><span class="message-effect-immune">Immunities</span>: Fighting, Normal, Trapping</div>
|
|t:|1640476472
|move|p2a: Giratina|Shadow Sneak|p1a: Bob
|-damage|p1a: Bob|7/100
|move|p1a: Bob|Dynamax Cannon|p2a: Giratina
|-supereffective|p2a: Giratina
|-damage|p2a: Giratina|0 fnt
|faint|p2a: Giratina
|
|upkeep
|
|t:|1640476479
|switch|p2a: Blaziken|Blaziken, F|100/100
|turn|11
|
|t:|1640476485
|detailschange|p2a: Blaziken|Blaziken-Mega, F
|-mega|p2a: Blaziken|Blaziken|Blazikenite
|move|p2a: Blaziken|Protect|p2a: Blaziken
|-singleturn|p2a: Blaziken|Protect
|move|p1a: Bob|Agility|p1a: Bob
|-boost|p1a: Bob|spe|2
|
|-ability|p2a: Blaziken|Speed Boost|boost
|-boost|p2a: Blaziken|spe|1
|upkeep
|turn|12
|
|t:|1640476498
|move|p2a: Blaziken|Protect||[still]
|-fail|p2a: Blaziken
|move|p1a: Bob|Sludge Bomb|p2a: Blaziken
|-damage|p2a: Blaziken|0 fnt
|faint|p2a: Blaziken
|
|upkeep
|c|☆Zera0ra_Uz3r|gg
|-message|spicyntegral forfeited.
|
|win|Zera0ra_Uz3r
|raw|Zera0ra_Uz3r's rating: 1630 &rarr; <strong>1651</strong><br />(+21 for winning)
|raw|spicyntegral's rating: 1655 &rarr; <strong>1634</strong><br />(-21 for losing)
|l|☆spicyntegral
