|j|☆KyotoCypher
|j|☆JAY100064
|t:|1620342760
|gametype|singles
|player|p1|KyotoCypher|candice|1212
|player|p2|JAY100064|preschooler|1194
|teamsize|p1|6
|teamsize|p2|6
|gen|8
|tier|[Gen 8] National Dex AG
|rated|
|clearpoke
|poke|p1|Garchomp, M|
|poke|p1|Groudon|
|poke|p1|Ninjask, M|
|poke|p1|Melmetal|
|poke|p1|Rayquaza|
|poke|p1|Incineroar, M|
|poke|p2|Aron, L1, M|
|poke|p2|Pineco, L1, F|
|poke|p2|Riolu, F|
|poke|p2|Skarmory, L1, M|
|poke|p2|Rattata-Alola, L1, M|
|poke|p2|Zacian-Crowned|
|rule|HP Percentage Mod: HP is shown in percentages
|rule|Endless Battle Clause: Forcing endless battles is banned
|teampreview
|
|t:|1620342769
|start
|switch|p1a: Ninjask|Ninjask, M|100/100
|switch|p2a: Lol!|Zacian-Crowned|100/100
|-ability|p2a: Lol!|Intrepid Sword|boost
|-boost|p2a: Lol!|atk|1
|turn|1
|l|☆JAY100064
|player|p2|
|j|☆JAY100064
|player|p2|JAY100064|preschooler
|
|t:|1620342803
|switch|p2a: :FEAR2:|Pineco, L1, F|100/100
|move|p1a: Ninjask|Swords Dance|p1a: Ninjask
|-boost|p1a: Ninjask|atk|2
|
|-ability|p1a: Ninjask|Speed Boost|boost
|-boost|p1a: Ninjask|spe|1
|upkeep
|turn|2
|
|t:|1620342813
|move|p1a: Ninjask|Swords Dance|p1a: Ninjask
|-boost|p1a: Ninjask|atk|2
|move|p2a: :FEAR2:|Toxic Spikes|p1a: Ninjask
|-sidestart|p1: KyotoCypher|move: Toxic Spikes
|
|-ability|p1a: Ninjask|Speed Boost|boost
|-boost|p1a: Ninjask|spe|1
|upkeep
|turn|3
|
|t:|1620342821
|move|p1a: Ninjask|Leech Life|p2a: :FEAR2:
|-ability|p2a: :FEAR2:|Sturdy
|-damage|p2a: :FEAR2:|9/100
|-enditem|p2a: :FEAR2:|Berry Juice
|-heal|p2a: :FEAR2:|100/100|[from] item: Berry Juice
|move|p2a: :FEAR2:|Toxic Spikes|p1a: Ninjask
|-sidestart|p1: KyotoCypher|move: Toxic Spikes
|
|-ability|p1a: Ninjask|Speed Boost|boost
|-boost|p1a: Ninjask|spe|1
|upkeep
|turn|4
|
|t:|1620342832
|move|p1a: Ninjask|Swords Dance|p1a: Ninjask
|-boost|p1a: Ninjask|atk|2
|move|p2a: :FEAR2:|Pain Split|p1a: Ninjask
|-sethp|p1a: Ninjask|53/100|[from] move: Pain Split|[silent]
|-sethp|p2a: :FEAR2:|100/100|[from] move: Pain Split
|
|-ability|p1a: Ninjask|Speed Boost|boost
|-boost|p1a: Ninjask|spe|1
|upkeep
|turn|5
|
|t:|1620342842
|move|p1a: Ninjask|Protect|p1a: Ninjask
|-singleturn|p1a: Ninjask|Protect
|move|p2a: :FEAR2:|Pain Split|p1a: Ninjask
|-activate|p1a: Ninjask|move: Protect
|
|-ability|p1a: Ninjask|Speed Boost|boost
|-boost|p1a: Ninjask|spe|1
|upkeep
|turn|6
|
|t:|1620342850
|move|p1a: Ninjask|Leech Life|p2a: :FEAR2:
|-ability|p2a: :FEAR2:|Sturdy
|-damage|p2a: :FEAR2:|9/100
|-heal|p1a: Ninjask|55/100|[from] drain|[of] p2a: :FEAR2:
|move|p2a: :FEAR2:|Pain Split|p1a: Ninjask
|-sethp|p1a: Ninjask|28/100|[from] move: Pain Split|[silent]
|-sethp|p2a: :FEAR2:|100/100|[from] move: Pain Split
|
|-ability|p1a: Ninjask|Speed Boost|boost
|-boost|p1a: Ninjask|spe|1
|upkeep
|turn|7
|
|t:|1620342863
|move|p1a: Ninjask|Baton Pass|p1a: Ninjask
|
|t:|1620342864
|switch|p1a: Melmetal|Melmetal|100/100|[from]move: Baton Pass
|move|p2a: :FEAR2:|Pain Split|p1a: Melmetal
|-sethp|p1a: Melmetal|52/100|[from] move: Pain Split|[silent]
|-sethp|p2a: :FEAR2:|100/100|[from] move: Pain Split
|
|upkeep
|turn|8
|
|t:|1620342876
|move|p1a: Melmetal|Double Iron Bash|p2a: :FEAR2:
|-ability|p2a: :FEAR2:|Sturdy
|-damage|p2a: :FEAR2:|9/100
|-damage|p2a: :FEAR2:|0 fnt
|-hitcount|p2a: :FEAR2:|2
|faint|p2a: :FEAR2:
|
|upkeep
|c|☆KyotoCypher|wait what does pain split do again, sorry I’m dumb
|
|t:|1620342894
|switch|p2a: Lol!|Zacian-Crowned|100/100
|-ability|p2a: Lol!|Intrepid Sword|boost
|-boost|p2a: Lol!|atk|1
|turn|9
|
|t:|1620342916
|-start|p1a: Melmetal|Dynamax
|-heal|p1a: Melmetal|52/100|[silent]
|move|p1a: Melmetal|Max Quake|p2a: Lol!
|-supereffective|p2a: Lol!
|-damage|p2a: Lol!|0 fnt
|-boost|p1a: Melmetal|spd|1
|faint|p2a: Lol!
|
|upkeep
|
|t:|1620342935
|switch|p2a: :FEAR4:|Skarmory, L1, M|100/100
|turn|10
|
|t:|1620342948
|move|p1a: Melmetal|Max Rockfall|p2a: :FEAR4:
|-ability|p2a: :FEAR4:|Sturdy
|-damage|p2a: :FEAR4:|9/100
|-weather|Sandstorm
|move|p2a: :FEAR4:|Fly||[still]
|-prepare|p2a: :FEAR4:|Fly
|
|-weather|Sandstorm|[upkeep]
|-damage|p2a: :FEAR4:|0 fnt|[from] item: Sticky Barb
|faint|p2a: :FEAR4:
|upkeep
|
|t:|1620342960
|switch|p2a: :FEAR3:|Riolu, F|100/100
|turn|11
|
|t:|1620342972
|move|p2a: :FEAR3:|Copycat|p2a: :FEAR3:
|move|p2a: :FEAR3:|Fly||[from]move: Copycat|[still]
|-prepare|p2a: :FEAR3:|Fly
|move|p1a: Melmetal|Max Steelspike|p2a: :FEAR3:|[miss]
|-miss|p1a: Melmetal|p2a: :FEAR3:
|
|-weather|Sandstorm|[upkeep]
|-damage|p2a: :FEAR3:|95/100|[from] Sandstorm
|-end|p1a: Melmetal|Dynamax
|-heal|p1a: Melmetal|52/100|[silent]
|upkeep
|turn|12
|
|t:|1620342983
|move|p1a: Melmetal|Double Iron Bash|p2a: :FEAR3:|[miss]
|-miss|p1a: Melmetal|p2a: :FEAR3:
|move|p2a: :FEAR3:|Fly|p1a: Melmetal|[from]lockedmove
|-resisted|p1a: Melmetal
|-damage|p1a: Melmetal|46/100
|
|-weather|Sandstorm|[upkeep]
|-damage|p2a: :FEAR3:|89/100|[from] Sandstorm
|upkeep
|turn|13
|
|t:|1620342993
|move|p2a: :FEAR3:|Copycat|p2a: :FEAR3:
|move|p2a: :FEAR3:|Fly||[from]move: Copycat|[still]
|-prepare|p2a: :FEAR3:|Fly
|move|p1a: Melmetal|Double Iron Bash|p2a: :FEAR3:|[miss]
|-miss|p1a: Melmetal|p2a: :FEAR3:
|
|-weather|Sandstorm|[upkeep]
|-damage|p2a: :FEAR3:|83/100|[from] Sandstorm
|upkeep
|turn|14
|
|t:|1620343001
|move|p1a: Melmetal|Double Iron Bash|p2a: :FEAR3:|[miss]
|-miss|p1a: Melmetal|p2a: :FEAR3:
|move|p2a: :FEAR3:|Fly|p1a: Melmetal|[from]lockedmove
|-resisted|p1a: Melmetal
|-damage|p1a: Melmetal|40/100
|
|-weather|none
|upkeep
|turn|15
|
|t:|1620343010
|move|p2a: :FEAR3:|Copycat|p2a: :FEAR3:
|move|p2a: :FEAR3:|Fly||[from]move: Copycat|[still]
|-prepare|p2a: :FEAR3:|Fly
|move|p1a: Melmetal|Double Iron Bash|p2a: :FEAR3:|[miss]
|-miss|p1a: Melmetal|p2a: :FEAR3:
|
|upkeep
|turn|16
|
|t:|1620343016
|move|p1a: Melmetal|Double Iron Bash|p2a: :FEAR3:|[miss]
|-miss|p1a: Melmetal|p2a: :FEAR3:
|move|p2a: :FEAR3:|Fly|p1a: Melmetal|[from]lockedmove
|-resisted|p1a: Melmetal
|-damage|p1a: Melmetal|34/100
|
|upkeep
|turn|17
|
|t:|1620343023
|move|p2a: :FEAR3:|Copycat|p2a: :FEAR3:
|move|p2a: :FEAR3:|Fly||[from]move: Copycat|[still]
|-prepare|p2a: :FEAR3:|Fly
|move|p1a: Melmetal|Double Iron Bash|p2a: :FEAR3:|[miss]
|-miss|p1a: Melmetal|p2a: :FEAR3:
|
|upkeep
|turn|18
|
|t:|1620343030
|-activate|p1a: Melmetal|move: Struggle
|move|p1a: Melmetal|Struggle|p2a: :FEAR3:|[miss]
|-miss|p1a: Melmetal|p2a: :FEAR3:
|move|p2a: :FEAR3:|Fly|p1a: Melmetal|[from]lockedmove
|-resisted|p1a: Melmetal
|-damage|p1a: Melmetal|28/100
|
|upkeep
|turn|19
|
|t:|1620343039
|switch|p1a: Incineroar|Incineroar, M|100/100
|-status|p1a: Incineroar|tox
|-ability|p1a: Incineroar|Intimidate|boost
|-unboost|p2a: :FEAR3:|atk|1
|move|p2a: :FEAR3:|Copycat|p2a: :FEAR3:
|move|p2a: :FEAR3:|Fly||[from]move: Copycat|[still]
|-prepare|p2a: :FEAR3:|Fly
|
|-damage|p1a: Incineroar|94/100 tox|[from] psn
|upkeep
|turn|20
|
|t:|1620343053
|move|p1a: Incineroar|Parting Shot|p2a: :FEAR3:|[miss]
|-miss|p1a: Incineroar|p2a: :FEAR3:
|move|p2a: :FEAR3:|Fly|p1a: Incineroar|[from]lockedmove
|-crit|p1a: Incineroar
|-damage|p1a: Incineroar|61/100 tox
|
|-damage|p1a: Incineroar|48/100 tox|[from] psn
|upkeep
|turn|21
|
|t:|1620343063
|move|p1a: Incineroar|Fake Out||[still]
|-hint|Fake Out only works on your first turn out.
|-fail|p1a: Incineroar
|move|p2a: :FEAR3:|Copycat|p2a: :FEAR3:
|move|p2a: :FEAR3:|Fake Out||[from]move: Copycat|[still]
|-hint|Fake Out only works on your first turn out.
|-fail|p2a: :FEAR3:
|
|-damage|p1a: Incineroar|30/100 tox|[from] psn
|upkeep
|turn|22
|
|t:|1620343075
|switch|p1a: Melmetal|Melmetal|28/100
|move|p2a: :FEAR3:|Protect||[still]
|-fail|p2a: :FEAR3:
|
|upkeep
|turn|23
|
|t:|1620343082
|move|p2a: :FEAR3:|Substitute|p2a: :FEAR3:
|-start|p2a: :FEAR3:|Substitute
|-damage|p2a: :FEAR3:|58/100
|move|p1a: Melmetal|Earthquake|p2a: :FEAR3:
|-crit|p2a: :FEAR3:
|-end|p2a: :FEAR3:|Substitute
|
|upkeep
|turn|24
|
|t:|1620343107
|move|p2a: :FEAR3:|Copycat|p2a: :FEAR3:
|move|p2a: :FEAR3:|Earthquake|p1a: Melmetal|[from]move: Copycat
|-supereffective|p1a: Melmetal
|-damage|p1a: Melmetal|11/100
|move|p1a: Melmetal|Earthquake|p2a: :FEAR3:
|-damage|p2a: :FEAR3:|0 fnt
|faint|p2a: :FEAR3:
|
|upkeep
|
|t:|1620343127
|switch|p2a: :FEAR5:|Rattata-Alola, L1, M|100/100
|turn|25
|
|t:|1620343138
|move|p1a: Melmetal|Earthquake|p2a: :FEAR5:
|-enditem|p2a: :FEAR5:|Focus Sash
|-damage|p2a: :FEAR5:|10/100
|move|p2a: :FEAR5:|Endeavor|p1a: Melmetal
|-damage|p1a: Melmetal|1/100
|
|upkeep
|turn|26
|
|t:|1620343147
|move|p2a: :FEAR5:|Quick Attack|p1a: Melmetal
|-resisted|p1a: Melmetal
|-damage|p1a: Melmetal|0 fnt
|faint|p1a: Melmetal
|
|upkeep
|
|t:|1620343160
|switch|p1a: Incineroar|Incineroar, M|30/100 tox
|-ability|p1a: Incineroar|Intimidate|boost
|-unboost|p2a: :FEAR5:|atk|1
|turn|27
|
|t:|1620343175
|move|p2a: :FEAR5:|Protect|p2a: :FEAR5:
|-singleturn|p2a: :FEAR5:|Protect
|move|p1a: Incineroar|Fake Out|p2a: :FEAR5:
|-activate|p2a: :FEAR5:|move: Protect
|
|-damage|p1a: Incineroar|24/100 tox|[from] psn
|upkeep
|turn|28
|
|t:|1620343197
|-start|p2a: :FEAR5:|Dynamax
|-heal|p2a: :FEAR5:|10/100|[silent]
|move|p2a: :FEAR5:|Max Guard||[still]
|-fail|p2a: :FEAR5:
|move|p1a: Incineroar|Fake Out||[still]
|-hint|Fake Out only works on your first turn out.
|-fail|p1a: Incineroar
|
|-damage|p1a: Incineroar|12/100 tox|[from] psn
|upkeep
|turn|29
|
|t:|1620343210
|move|p2a: :FEAR5:|Max Guard|p2a: :FEAR5:
|-singleturn|p2a: :FEAR5:|Max Guard
|move|p1a: Incineroar|Darkest Lariat|p2a: :FEAR5:
|-activate|p2a: :FEAR5:|move: Max Guard
|
|-damage|p1a: Incineroar|0 fnt|[from] psn
|faint|p1a: Incineroar
|upkeep
|
|t:|1620343215
|switch|p1a: Rayquaza|Rayquaza|100/100
|-ability|p1a: Rayquaza|Air Lock
|turn|30
|
|t:|1620343224
|move|p2a: :FEAR5:|Max Guard|p2a: :FEAR5:
|-singleturn|p2a: :FEAR5:|Max Guard
|move|p1a: Rayquaza|Extreme Speed|p2a: :FEAR5:
|-activate|p2a: :FEAR5:|move: Max Guard
|
|-end|p2a: :FEAR5:|Dynamax
|-heal|p2a: :FEAR5:|10/100|[silent]
|upkeep
|turn|31
|
|t:|1620343232
|detailschange|p1a: Rayquaza|Rayquaza-Mega
|-mega|p1a: Rayquaza|Rayquaza|
|-weather|DeltaStream|[from] ability: Delta Stream|[of] p1a: Rayquaza
|move|p1a: Rayquaza|Extreme Speed|p2a: :FEAR5:
|-damage|p2a: :FEAR5:|0 fnt
|faint|p2a: :FEAR5:
|
|-weather|DeltaStream|[upkeep]
|upkeep
|
|t:|1620343244
|switch|p2a: :FEAR:|Aron, L1, M, shiny|100/100
|turn|32
|
|t:|1620343252
|move|p1a: Rayquaza|Extreme Speed|p2a: :FEAR:
|-resisted|p2a: :FEAR:
|-ability|p2a: :FEAR:|Sturdy
|-damage|p2a: :FEAR:|9/100
|move|p2a: :FEAR:|Endeavor|p1a: Rayquaza
|-damage|p1a: Rayquaza|1/100
|-heal|p2a: :FEAR:|100/100|[from] item: Shell Bell|[of] p1a: Rayquaza
|
|-weather|DeltaStream|[upkeep]
|-heal|p1a: Rayquaza|7/100|[from] item: Leftovers
|upkeep
|turn|33
|
|t:|1620343269
|move|p1a: Rayquaza|Dragon Dance|p1a: Rayquaza
|-boost|p1a: Rayquaza|atk|1
|-boost|p1a: Rayquaza|spe|1
|move|p2a: :FEAR:|Toxic|p1a: Rayquaza
|-status|p1a: Rayquaza|tox
|
|-weather|DeltaStream|[upkeep]
|-heal|p1a: Rayquaza|13/100 tox|[from] item: Leftovers
|-damage|p1a: Rayquaza|7/100 tox|[from] psn
|upkeep
|turn|34
|
|t:|1620343282
|move|p2a: :FEAR:|Protect|p2a: :FEAR:
|-singleturn|p2a: :FEAR:|Protect
|move|p1a: Rayquaza|Extreme Speed|p2a: :FEAR:
|-activate|p2a: :FEAR:|move: Protect
|
|-weather|DeltaStream|[upkeep]
|-heal|p1a: Rayquaza|13/100 tox|[from] item: Leftovers
|-damage|p1a: Rayquaza|1/100 tox|[from] psn
|upkeep
|turn|35
|
|t:|1620343307
|move|p2a: :FEAR:|Protect|p2a: :FEAR:
|-singleturn|p2a: :FEAR:|Protect
|move|p1a: Rayquaza|Extreme Speed|p2a: :FEAR:
|-activate|p2a: :FEAR:|move: Protect
|
|-weather|DeltaStream|[upkeep]
|-heal|p1a: Rayquaza|7/100 tox|[from] item: Leftovers
|-damage|p1a: Rayquaza|0 fnt|[from] psn
|faint|p1a: Rayquaza
|-weather|none
|upkeep
|
|t:|1620343317
|switch|p1a: Groudon|Groudon|100/100
|-status|p1a: Groudon|tox
|detailschange|p1a: Groudon|Groudon-Primal
|-primal|p1a: Groudon
|-weather|DesolateLand|[from] ability: Desolate Land|[of] p1a: Groudon
|turn|36
|
|t:|1620343325
|move|p1a: Groudon|Precipice Blades|p2a: :FEAR:
|-supereffective|p2a: :FEAR:
|-ability|p2a: :FEAR:|Sturdy
|-damage|p2a: :FEAR:|9/100
|move|p2a: :FEAR:|Endeavor|p1a: Groudon
|-damage|p1a: Groudon|1/100 tox
|-heal|p2a: :FEAR:|100/100|[from] item: Shell Bell|[of] p1a: Groudon
|
|-weather|DesolateLand|[upkeep]
|-damage|p1a: Groudon|0 fnt|[from] psn
|faint|p1a: Groudon
|-weather|none
|upkeep
|
|t:|1620343329
|switch|p1a: Garchomp|Garchomp, M|100/100
|-status|p1a: Garchomp|tox
|turn|37
|
|t:|1620343342
|move|p1a: Garchomp|Earthquake|p2a: :FEAR:
|-supereffective|p2a: :FEAR:
|-ability|p2a: :FEAR:|Sturdy
|-damage|p2a: :FEAR:|9/100
|-damage|p1a: Garchomp|91/100 tox|[from] item: Life Orb
|move|p2a: :FEAR:|Endeavor|p1a: Garchomp
|-damage|p1a: Garchomp|1/100 tox
|-damage|p2a: :FEAR:|0 fnt|[from] ability: Rough Skin|[of] p1a: Garchomp
|faint|p2a: :FEAR:
|
|win|KyotoCypher
|raw|KyotoCypher's rating: 1212 &rarr; <strong>1236</strong><br />(+24 for winning)
|raw|JAY100064's rating: 1194 &rarr; <strong>1170</strong><br />(-24 for losing)
|c|☆KyotoCypher|gg
|l|☆JAY100064
|c|☆KyotoCypher|may I have your team!
|c|☆KyotoCypher|aw
