|j|☆Naofumi_Bakugo_Jax
|j|☆ShellRaptor556
|t:|1662712519
|gametype|singles
|player|p1|Naofumi_Bakugo_Jax|blue|1606
|player|p2|ShellRaptor556|sonia-masters|1637
|teamsize|p1|6
|teamsize|p2|6
|gen|8
|tier|[Gen 8] National Dex AG
|rated|
|rule|HP Percentage Mod: HP is shown in percentages
|rule|Endless Battle Clause: Forcing endless battles is banned
|clearpoke
|poke|p1|Zacian-*|
|poke|p1|Calyrex-Shadow|
|poke|p1|Yveltal|
|poke|p1|Arceus-*|
|poke|p1|Swampert, M|
|poke|p1|Kyogre|
|poke|p2|Zacian-*|
|poke|p2|Kyogre|
|poke|p2|Yveltal|
|poke|p2|Ferrothorn, M|
|poke|p2|Groudon|
|poke|p2|Ditto|
|teampreview
|inactive|Battle timer is ON: inactive players will automatically lose when time's up. (requested by ShellRaptor556)
|inactive|Naofumi_Bakugo_Jax has 120 seconds left.
|
|t:|1662712550
|start
|switch|p1a: Swampert|Swampert, M|100/100
|switch|p2a: Ferrothorn|Ferrothorn, M|100/100
|turn|1
|inactive|Naofumi_Bakugo_Jax has 120 seconds left.
|
|t:|1662712589
|switch|p1a: Arceus|Arceus|100/100
|move|p2a: Ferrothorn|Stealth Rock|p1a: Arceus
|-sidestart|p1: Naofumi_Bakugo_Jax|move: Stealth Rock
|
|upkeep
|turn|2
|inactive|Naofumi_Bakugo_Jax has 120 seconds left.
|
|t:|1662712609
|move|p1a: Arceus|Magic Coat|p1a: Arceus
|-singleturn|p1a: Arceus|move: Magic Coat
|move|p2a: Ferrothorn|Leech Seed|p1a: Arceus
|move|p1a: Arceus|Leech Seed|p2a: Ferrothorn|[from]Magic Coat
|-immune|p2a: Ferrothorn
|
|upkeep
|turn|3
|
|t:|1662712616
|move|p1a: Arceus|Reflect|p1a: Arceus
|-sidestart|p1: Naofumi_Bakugo_Jax|Reflect
|move|p2a: Ferrothorn|Leech Seed|p1a: Arceus
|-start|p1a: Arceus|move: Leech Seed
|
|-damage|p1a: Arceus|88/100|[from] Leech Seed|[of] p2a: Ferrothorn
|upkeep
|turn|4
|inactive|Naofumi_Bakugo_Jax has 90 seconds left.
|
|t:|1662712654
|switch|p1a: Calyrex|Calyrex-Shadow|100/100
|-ability|p1a: Calyrex|As One
|-ability|p1a: Calyrex|Unnerve
|-damage|p1a: Calyrex|88/100|[from] Stealth Rock
|move|p2a: Ferrothorn|Knock Off|p1a: Calyrex
|-supereffective|p1a: Calyrex
|-damage|p1a: Calyrex|37/100
|-enditem|p1a: Calyrex|Focus Sash|[from] move: Knock Off|[of] p2a: Ferrothorn
|
|upkeep
|turn|5
|inactive|Naofumi_Bakugo_Jax has 90 seconds left.
|
|t:|1662712673
|move|p1a: Calyrex|Nasty Plot|p1a: Calyrex
|-boost|p1a: Calyrex|spa|2
|move|p2a: Ferrothorn|Knock Off|p1a: Calyrex
|-supereffective|p1a: Calyrex
|-damage|p1a: Calyrex|3/100
|
|upkeep
|turn|6
|
|t:|1662712684
|move|p1a: Calyrex|Astral Barrage|p2a: Ferrothorn
|-damage|p2a: Ferrothorn|0 fnt
|faint|p2a: Ferrothorn
|-ability|p1a: Calyrex|Grim Neigh|boost
|-boost|p1a: Calyrex|spa|1
|
|upkeep
|
|t:|1662712686
|switch|p2a: Ditto|Ditto|100/100
|-transform|p2a: Ditto|p1a: Calyrex|[from] ability: Imposter
|turn|7
|
|t:|1662712695
|switch|p1a: Arceus|Arceus|88/100
|-damage|p1a: Arceus|76/100|[from] Stealth Rock
|move|p2a: Ditto|Baton Pass|p2a: Ditto
|
|t:|1662712698
|switch|p2a: Yveltal|Yveltal|100/100|[from]move: Baton Pass
|-ability|p2a: Yveltal|Dark Aura
|
|upkeep
|turn|8
|
|t:|1662712707
|-start|p2a: Yveltal|Dynamax|
|-heal|p2a: Yveltal|100/100|[silent]
|move|p2a: Yveltal|Max Airstream|p1a: Arceus
|-damage|p1a: Arceus|0 fnt
|-boost|p2a: Yveltal|spe|1
|faint|p1a: Arceus
|-damage|p2a: Yveltal|96/100|[from] item: Life Orb
|
|upkeep
|c|☆ShellRaptor556|Thanks for the boosts
|
|t:|1662712722
|switch|p1a: Zacian|Zacian-Crowned|100/100
|-damage|p1a: Zacian|94/100|[from] Stealth Rock
|-ability|p1a: Zacian|Intrepid Sword|boost
|-boost|p1a: Zacian|atk|1
|turn|9
|
|t:|1662712728
|switch|p1a: Calyrex|Calyrex-Shadow|3/100
|-ability|p1a: Calyrex|As One
|-ability|p1a: Calyrex|Unnerve
|-damage|p1a: Calyrex|0 fnt|[from] Stealth Rock
|faint|p1a: Calyrex
|move|p2a: Yveltal|Max Flare|p1: Calyrex|[notarget]
|-fail|p2a: Yveltal
|
|upkeep
|
|t:|1662712745
|switch|p1a: Kyogre|Kyogre|100/100
|-damage|p1a: Kyogre|88/100|[from] Stealth Rock
|-weather|RainDance|[from] ability: Drizzle|[of] p1a: Kyogre
|turn|10
|
|t:|1662712757
|-start|p1a: Kyogre|Dynamax|
|-heal|p1a: Kyogre|88/100|[silent]
|move|p2a: Yveltal|Max Darkness|p1a: Kyogre
|-damage|p1a: Kyogre|0 fnt
|faint|p1a: Kyogre
|-damage|p2a: Yveltal|91/100|[from] item: Life Orb
|
|-weather|RainDance|[upkeep]
|-sideend|p1: Naofumi_Bakugo_Jax|Reflect
|upkeep
|-message|Naofumi_Bakugo_Jax forfeited.
|
|win|ShellRaptor556
|raw|Naofumi_Bakugo_Jax's rating: 1606 &rarr; <strong>1588</strong><br />(-18 for losing)
|raw|ShellRaptor556's rating: 1637 &rarr; <strong>1655</strong><br />(+18 for winning)
|l|☆Naofumi_Bakugo_Jax
