|j|☆Umbreontk
|j|☆The Smearglos
|t:|1667921943
|gametype|singles
|player|p1|Umbreontk|red-masters|1433
|player|p2|The Smearglos|roxie|1410
|teamsize|p1|6
|teamsize|p2|6
|gen|8
|tier|[Gen 8] National Dex AG
|rated|
|rule|HP Percentage Mod: HP is shown in percentages
|rule|Endless Battle Clause: Forcing endless battles is banned
|clearpoke
|poke|p1|Victini|
|poke|p1|Weavile, M|
|poke|p1|Infernape, M|
|poke|p1|Liepard, F|
|poke|p1|Ditto|
|poke|p1|Ninetales, M|
|poke|p2|Smeargle, F|
|poke|p2|Smeargle, F|
|poke|p2|Smeargle, M|
|poke|p2|Smeargle, M|
|poke|p2|Smeargle, M|
|poke|p2|Darmanitan-Galar, F|
|teampreview
|inactive|Battle timer is ON: inactive players will automatically lose when time's up. (requested by Umbreontk)
|
|t:|1667921972
|start
|switch|p1a: Liepard|Liepard, F|100/100
|switch|p2a: Goya|Smeargle, F|100/100
|turn|1
|
|t:|1667921980
|move|p2a: Goya|Magic Coat|p2a: Goya
|-singleturn|p2a: Goya|move: Magic Coat
|move|p1a: Liepard|Trick|p2a: Goya
|-activate|p1a: Liepard|move: Trick|[of] p2a: Goya
|-item|p2a: Goya|Choice Band|[from] move: Trick
|-item|p1a: Liepard|Focus Sash|[from] move: Trick
|
|-ability|p2a: Goya|Moody|boost
|-boost|p2a: Goya|spa|2
|-unboost|p2a: Goya|atk|1
|upkeep
|turn|2
|
|t:|1667921990
|move|p2a: Goya|Magic Coat|p2a: Goya
|-singleturn|p2a: Goya|move: Magic Coat
|move|p1a: Liepard|Assist|p1a: Liepard
|move|p1a: Liepard|V-create|p2a: Goya|[from]move: Assist
|-damage|p2a: Goya|0 fnt
|-unboost|p1a: Liepard|spe|1
|-unboost|p1a: Liepard|def|1
|-unboost|p1a: Liepard|spd|1
|faint|p2a: Goya
|
|upkeep
|
|t:|1667922004
|switch|p2a: Dalí|Smeargle, M|100/100
|turn|3
|
|t:|1667922016
|move|p1a: Liepard|Copycat|p1a: Liepard
|move|p1a: Liepard|V-create|p2a: Dalí|[from]move: Copycat
|-enditem|p2a: Dalí|Focus Sash
|-damage|p2a: Dalí|1/100
|-unboost|p1a: Liepard|spe|1
|-unboost|p1a: Liepard|def|1
|-unboost|p1a: Liepard|spd|1
|move|p2a: Dalí|Spore|p1a: Liepard
|-status|p1a: Liepard|slp|[from] move: Spore
|
|-ability|p2a: Dalí|Moody|boost
|-boost|p2a: Dalí|spd|2
|-unboost|p2a: Dalí|atk|1
|upkeep
|turn|4
|
|t:|1667922027
|cant|p1a: Liepard|slp
|move|p2a: Dalí|Minimize|p2a: Dalí
|-boost|p2a: Dalí|evasion|2
|
|-ability|p2a: Dalí|Moody|boost
|-boost|p2a: Dalí|spe|2
|-unboost|p2a: Dalí|atk|1
|upkeep
|turn|5
|
|t:|1667922035
|-curestatus|p1a: Liepard|slp|[msg]
|move|p1a: Liepard|Assist|p1a: Liepard
|move|p1a: Liepard|V-create|p2a: Dalí|[from]move: Assist
|-damage|p2a: Dalí|0 fnt
|-unboost|p1a: Liepard|spe|1
|-unboost|p1a: Liepard|def|1
|-unboost|p1a: Liepard|spd|1
|faint|p2a: Dalí
|
|upkeep
|
|t:|1667922044
|switch|p2a: Winter Smearglo|Darmanitan-Galar, F|100/100
|turn|6
|
|t:|1667922050
|move|p1a: Liepard|Assist|p1a: Liepard
|move|p1a: Liepard|V-create|p2a: Winter Smearglo|[from]move: Assist
|-supereffective|p2a: Winter Smearglo
|-damage|p2a: Winter Smearglo|0 fnt
|-unboost|p1a: Liepard|spe|1
|-unboost|p1a: Liepard|def|1
|-unboost|p1a: Liepard|spd|1
|faint|p2a: Winter Smearglo
|
|upkeep
|
|t:|1667922058
|switch|p2a: Sorolla|Smeargle, M|100/100
|turn|7
|
|t:|1667922061
|move|p1a: Liepard|Assist|p1a: Liepard
|move|p1a: Liepard|V-create|p2a: Sorolla|[from]move: Assist
|-enditem|p2a: Sorolla|Focus Sash
|-damage|p2a: Sorolla|1/100
|-unboost|p1a: Liepard|spe|1
|-unboost|p1a: Liepard|def|1
|-unboost|p1a: Liepard|spd|1
|move|p2a: Sorolla|Lovely Kiss|p1a: Liepard|[miss]
|-miss|p2a: Sorolla|p1a: Liepard
|
|-ability|p2a: Sorolla|Moody|boost
|-boost|p2a: Sorolla|def|2
|-unboost|p2a: Sorolla|spd|1
|upkeep
|turn|8
|
|t:|1667922069
|move|p1a: Liepard|Assist|p1a: Liepard
|move|p1a: Liepard|V-create|p2a: Sorolla|[from]move: Assist
|-damage|p2a: Sorolla|0 fnt
|-unboost|p1a: Liepard|spe|1
|-unboost|p1a: Liepard|def|1
|-unboost|p1a: Liepard|spd|1
|faint|p2a: Sorolla
|
|upkeep
|
|t:|1667922073
|switch|p2a: Velázquez|Smeargle, M|100/100
|turn|9
|
|t:|1667922081
|move|p1a: Liepard|Assist|p1a: Liepard
|move|p1a: Liepard|V-create|p2a: Velázquez|[from]move: Assist
|-enditem|p2a: Velázquez|Focus Sash
|-damage|p2a: Velázquez|1/100
|move|p2a: Velázquez|Spectral Thief|p1a: Liepard
|-resisted|p1a: Liepard
|-damage|p1a: Liepard|70/100
|
|-ability|p2a: Velázquez|Moody|boost
|-boost|p2a: Velázquez|spd|2
|-unboost|p2a: Velázquez|def|1
|upkeep
|turn|10
|
|t:|1667922093
|move|p1a: Liepard|Assist|p1a: Liepard
|move|p1a: Liepard|V-create|p2a: Velázquez|[from]move: Assist
|-crit|p2a: Velázquez
|-damage|p2a: Velázquez|0 fnt
|faint|p2a: Velázquez
|
|upkeep
|c|☆Umbreontk|gg
|
|t:|1667922101
|switch|p2a: Picasso|Smeargle, F|100/100
|turn|11
|c|☆The Smearglos|Great build
|c|☆Umbreontk|its a meme
|
|t:|1667922117
|move|p1a: Liepard|Assist|p1a: Liepard
|move|p1a: Liepard|V-create|p2a: Picasso|[from]move: Assist
|-damage|p2a: Picasso|0 fnt
|faint|p2a: Picasso
|
|win|Umbreontk
|raw|Umbreontk's rating: 1433 &rarr; <strong>1452</strong><br />(+19 for winning)
|raw|The Smearglos's rating: 1410 &rarr; <strong>1391</strong><br />(-19 for losing)
|l|☆The Smearglos
||Ladder isn't responding, score probably updated but might not have (Request timeout).
