|inactive|Battle timer is ON: inactive players will automatically lose when time's up.
|j|☆Machna
|j|☆PInER POKeMAN
|t:|1658898809
|gametype|singles
|player|p1|Machna|veteran-gen4|
|player|p2|PInER POKeMAN|pokemonranger|
|teamsize|p1|6
|teamsize|p2|6
|gen|8
|tier|[Gen 8] National Dex AG
|rated|Tournament battle
|rule|HP Percentage Mod: HP is shown in percentages
|rule|Endless Battle Clause: Forcing endless battles is banned
|rule|Blitz: Super-fast timer
|clearpoke
|poke|p1|Necrozma-Dusk-Mane|
|poke|p1|Calyrex-Shadow|
|poke|p1|Yveltal|
|poke|p1|Arceus-*|
|poke|p1|Xerneas-*|
|poke|p1|Groudon|
|poke|p2|Calyrex-Shadow|
|poke|p2|Arceus-*|
|poke|p2|Zacian-*|
|poke|p2|Rayquaza|
|poke|p2|Kyogre|
|poke|p2|Groudon|
|teampreview
|j|*Lady Monita ☀
|inactive|PInER POKeMAN also wants the timer to be on.
|inactive|PInER POKeMAN has 30 seconds left.
|
|t:|1658898821
|start
|switch|p1a: Arceus|Arceus-Dark|100/100
|switch|p2a: Groudon|Groudon|100/100
|detailschange|p2a: Groudon|Groudon-Primal
|-primal|p2a: Groudon
|-weather|DesolateLand|[from] ability: Desolate Land|[of] p2a: Groudon
|turn|1
|
|t:|1658898823
|move|p1a: Arceus|Stealth Rock|p2a: Groudon
|-sidestart|p2: PInER POKeMAN|move: Stealth Rock
|move|p2a: Groudon|Stealth Rock|p1a: Arceus
|-sidestart|p1: Machna|move: Stealth Rock
|
|-weather|DesolateLand|[upkeep]
|upkeep
|turn|2
|
|t:|1658898825
|move|p1a: Arceus|Judgment|p2a: Groudon
|-damage|p2a: Groudon|45/100
|move|p2a: Groudon|Rock Polish|p2a: Groudon
|-boost|p2a: Groudon|spe|2
|
|-weather|DesolateLand|[upkeep]
|upkeep
|turn|3
|
|t:|1658898828
|move|p2a: Groudon|Precipice Blades|p1a: Arceus
|-damage|p1a: Arceus|50/100
|move|p1a: Arceus|Judgment|p2a: Groudon
|-damage|p2a: Groudon|0 fnt
|faint|p2a: Groudon
|-weather|none
|
|upkeep
|inactive|PInER POKeMAN has 10 seconds left.
|
|t:|1658898837
|switch|p2a: Zacian|Zacian-Crowned|100/100
|-damage|p2a: Zacian|94/100|[from] Stealth Rock
|-ability|p2a: Zacian|Intrepid Sword|boost
|-boost|p2a: Zacian|atk|1
|turn|4
|
|t:|1658898840
|switch|p1a: Necrozma|Necrozma-Dusk-Mane|100/100
|-damage|p1a: Necrozma|94/100|[from] Stealth Rock
|move|p2a: Zacian|Play Rough|p1a: Necrozma
|-resisted|p1a: Necrozma
|-damage|p1a: Necrozma|73/100
|-damage|p2a: Zacian|78/100|[from] item: Rocky Helmet|[of] p1a: Necrozma
|
|upkeep
|turn|5
|
|t:|1658898843
|move|p2a: Zacian|Crunch|p1a: Necrozma
|-supereffective|p1a: Necrozma
|-damage|p1a: Necrozma|32/100
|-damage|p2a: Zacian|61/100|[from] item: Rocky Helmet|[of] p1a: Necrozma
|move|p1a: Necrozma|Morning Sun|p1a: Necrozma
|-heal|p1a: Necrozma|82/100
|
|upkeep
|turn|6
|
|t:|1658898847
|switch|p2a: Calyrex|Calyrex-Shadow|100/100
|-ability|p2a: Calyrex|As One
|-ability|p2a: Calyrex|Unnerve
|-damage|p2a: Calyrex|88/100|[from] Stealth Rock
|move|p1a: Necrozma|Morning Sun|p1a: Necrozma
|-heal|p1a: Necrozma|100/100
|
|upkeep
|turn|7
|inactive|Machna has 10 seconds left.
|
|t:|1658898853
|switch|p1a: Yveltal|Yveltal|100/100
|-damage|p1a: Yveltal|76/100|[from] Stealth Rock
|-ability|p1a: Yveltal|Dark Aura
|move|p2a: Calyrex|Astral Barrage|p1a: Yveltal
|-resisted|p1a: Yveltal
|-damage|p1a: Yveltal|43/100
|
|upkeep
|turn|8
|
|t:|1658898857
|move|p2a: Calyrex|Draining Kiss|p1a: Yveltal
|-supereffective|p1a: Yveltal
|-damage|p1a: Yveltal|4/100
|-heal|p2a: Calyrex|100/100|[from] drain|[of] p1a: Yveltal
|move|p1a: Yveltal|Oblivion Wing|p2a: Calyrex
|-damage|p2a: Calyrex|37/100
|-heal|p1a: Yveltal|45/100|[from] drain|[of] p2a: Calyrex
|-damage|p1a: Yveltal|35/100|[from] item: Life Orb
|
|upkeep
|turn|9
|inactive|PInER POKeMAN has 10 seconds left.
|
|t:|1658898862
|move|p2a: Calyrex|Draining Kiss|p1a: Yveltal
|-supereffective|p1a: Yveltal
|-damage|p1a: Yveltal|1/100
|-heal|p2a: Calyrex|67/100|[from] drain|[of] p1a: Yveltal
|move|p1a: Yveltal|Oblivion Wing|p2a: Calyrex
|-damage|p2a: Calyrex|11/100
|-heal|p1a: Yveltal|38/100|[from] drain|[of] p2a: Calyrex
|-damage|p1a: Yveltal|28/100|[from] item: Life Orb
|
|upkeep
|turn|10
|inactive|Machna has 10 seconds left.
|
|t:|1658898867
|-start|p1a: Yveltal|Dynamax|
|-heal|p1a: Yveltal|28/100|[silent]
|move|p2a: Calyrex|Draining Kiss|p1a: Yveltal
|-supereffective|p1a: Yveltal
|-damage|p1a: Yveltal|10/100
|-heal|p2a: Calyrex|42/100|[from] drain|[of] p1a: Yveltal
|move|p1a: Yveltal|Max Airstream|p2a: Calyrex
|-damage|p2a: Calyrex|0 fnt
|-boost|p1a: Yveltal|spe|1
|faint|p2a: Calyrex
|-damage|p1a: Yveltal|5/100|[from] item: Life Orb
|
|upkeep
|inactive|PInER POKeMAN has 10 seconds left.
|
|t:|1658898873
|switch|p2a: Zacian|Zacian-Crowned|61/100
|-damage|p2a: Zacian|55/100|[from] Stealth Rock
|-ability|p2a: Zacian|Intrepid Sword|boost
|-boost|p2a: Zacian|atk|1
|turn|11
|inactive|Machna has 10 seconds left.
|inactive|Machna has 5 seconds left.
|
|t:|1658898885
|move|p1a: Yveltal|Max Flare|p2a: Zacian
|-supereffective|p2a: Zacian
|-damage|p2a: Zacian|0 fnt
|-weather|SunnyDay
|faint|p2a: Zacian
|-damage|p1a: Yveltal|0 fnt|[from] item: Life Orb
|faint|p1a: Yveltal
|
|-weather|SunnyDay|[upkeep]
|upkeep
|inactive|Machna has 10 seconds left this turn.
|inactive|PInER POKeMAN has 10 seconds left.
|
|t:|1658898892
|switch|p2a: Kyogre|Kyogre|100/100
|switch|p1a: Calyrex|Calyrex-Shadow|100/100
|-ability|p1a: Calyrex|As One
|-ability|p1a: Calyrex|Unnerve
|-damage|p1a: Calyrex|88/100|[from] Stealth Rock
|-damage|p2a: Kyogre|88/100|[from] Stealth Rock
|detailschange|p2a: Kyogre|Kyogre-Primal
|-primal|p2a: Kyogre
|-weather|PrimordialSea|[from] ability: Primordial Sea|[of] p2a: Kyogre
|turn|12
|
|t:|1658898896
|switch|p1a: Groudon|Groudon|100/100
|-damage|p1a: Groudon|94/100|[from] Stealth Rock
|detailschange|p1a: Groudon|Groudon-Primal
|-primal|p1a: Groudon
|-weather|DesolateLand|[from] ability: Desolate Land|[of] p1a: Groudon
|move|p2a: Kyogre|Water Spout||[still]
|-fail|p2a: Kyogre|Water Spout|[from] Desolate Land
|
|-weather|DesolateLand|[upkeep]
|upkeep
|turn|13
|
|t:|1658898899
|switch|p2a: Rayquaza|Rayquaza|100/100
|-damage|p2a: Rayquaza|76/100|[from] Stealth Rock
|-ability|p2a: Rayquaza|Air Lock
|move|p1a: Groudon|Fire Punch|p2a: Rayquaza
|-resisted|p2a: Rayquaza
|-damage|p2a: Rayquaza|50/100
|
|-weather|DesolateLand|[upkeep]
|upkeep
|turn|14
|inactive|PInER POKeMAN has 10 seconds left.
|
|t:|1658898906
|-weather|none
|switch|p1a: Arceus|Arceus-Dark|50/100
|-damage|p1a: Arceus|38/100|[from] Stealth Rock
|detailschange|p2a: Rayquaza|Rayquaza-Mega
|-mega|p2a: Rayquaza|Rayquaza|
|-weather|DeltaStream|[from] ability: Delta Stream|[of] p2a: Rayquaza
|move|p2a: Rayquaza|Dragon Dance|p2a: Rayquaza
|-boost|p2a: Rayquaza|atk|1
|-boost|p2a: Rayquaza|spe|1
|
|-weather|DeltaStream|[upkeep]
|upkeep
|turn|15
|inactive|Machna has 10 seconds left.
|
|t:|1658898911
|move|p2a: Rayquaza|Dragon Ascent|p1a: Arceus
|-damage|p1a: Arceus|0 fnt
|-unboost|p2a: Rayquaza|def|1
|-unboost|p2a: Rayquaza|spd|1
|faint|p1a: Arceus
|-damage|p2a: Rayquaza|40/100|[from] item: Life Orb
|
|-weather|DeltaStream|[upkeep]
|upkeep
|
|t:|1658898915
|switch|p1a: Necrozma|Necrozma-Dusk-Mane|100/100
|-damage|p1a: Necrozma|94/100|[from] Stealth Rock
|turn|16
|inactive|PInER POKeMAN has 10 seconds left.
|
|t:|1658898922
|move|p2a: Rayquaza|Dragon Ascent|p1a: Necrozma
|-resisted|p1a: Necrozma
|-damage|p1a: Necrozma|47/100
|-unboost|p2a: Rayquaza|def|1
|-unboost|p2a: Rayquaza|spd|1
|-damage|p2a: Rayquaza|23/100|[from] item: Rocky Helmet|[of] p1a: Necrozma
|-damage|p2a: Rayquaza|13/100|[from] item: Life Orb
|move|p1a: Necrozma|Sunsteel Strike|p2a: Rayquaza
|-damage|p2a: Rayquaza|0 fnt
|faint|p2a: Rayquaza
|-weather|none
|
|upkeep
|inactive|PInER POKeMAN has 10 seconds left.
|
|t:|1658898928
|switch|p2a: Arceus|Arceus-Ghost|100/100
|-damage|p2a: Arceus|88/100|[from] Stealth Rock
|turn|17
|inactive|Machna has 10 seconds left.
|
|t:|1658898935
|move|p2a: Arceus|Calm Mind|p2a: Arceus
|-boost|p2a: Arceus|spa|1
|-boost|p2a: Arceus|spd|1
|move|p1a: Necrozma|Sunsteel Strike|p2a: Arceus
|-damage|p2a: Arceus|56/100
|
|upkeep
|turn|18
|inactive|PInER POKeMAN has 10 seconds left.
|
|t:|1658898944
|move|p2a: Arceus|Calm Mind|p2a: Arceus
|-boost|p2a: Arceus|spa|1
|-boost|p2a: Arceus|spd|1
|move|p1a: Necrozma|Sunsteel Strike|p2a: Arceus
|-damage|p2a: Arceus|23/100
|
|upkeep
|turn|19
|inactive|Machna has 10 seconds left.
|
|t:|1658898950
|move|p2a: Arceus|Recover|p2a: Arceus
|-heal|p2a: Arceus|73/100
|move|p1a: Necrozma|Sunsteel Strike|p2a: Arceus
|-damage|p2a: Arceus|39/100
|
|upkeep
|turn|20
|
|t:|1658898954
|move|p2a: Arceus|Recover|p2a: Arceus
|-heal|p2a: Arceus|89/100
|move|p1a: Necrozma|Dragon Dance|p1a: Necrozma
|-boost|p1a: Necrozma|atk|1
|-boost|p1a: Necrozma|spe|1
|
|upkeep
|turn|21
|inactive|PInER POKeMAN has 10 seconds left.
|
|t:|1658898959
|-start|p2a: Arceus|Dynamax|
|-heal|p2a: Arceus|89/100|[silent]
|move|p2a: Arceus|Max Phantasm|p1a: Necrozma
|-supereffective|p1a: Necrozma
|-damage|p1a: Necrozma|0 fnt
|faint|p1a: Necrozma
|
|upkeep
|inactive|Machna has 10 seconds left.
|
|t:|1658898965
|switch|p1a: Xerneas|Xerneas|100/100
|-damage|p1a: Xerneas|88/100|[from] Stealth Rock
|-ability|p1a: Xerneas|Fairy Aura
|turn|22
|inactive|PInER POKeMAN has 10 seconds left.
|
|t:|1658898971
|move|p2a: Arceus|Max Phantasm|p1a: Xerneas
|-damage|p1a: Xerneas|13/100
|-unboost|p1a: Xerneas|def|1
|move|p1a: Xerneas|Moonblast|p2a: Arceus
|-damage|p2a: Arceus|78/100
|
|-heal|p1a: Xerneas|20/100|[from] item: Leftovers
|upkeep
|turn|23
|
|t:|1658898975
|move|p2a: Arceus|Max Phantasm|p1a: Xerneas
|-damage|p1a: Xerneas|0 fnt
|faint|p1a: Xerneas
|
|upkeep
|inactive|Machna has 10 seconds left.
|
|t:|1658898982
|switch|p1a: Calyrex|Calyrex-Shadow|88/100
|-ability|p1a: Calyrex|As One
|-ability|p1a: Calyrex|Unnerve
|-damage|p1a: Calyrex|76/100|[from] Stealth Rock
|-end|p2a: Arceus|Dynamax
|-heal|p2a: Arceus|78/100|[silent]
|turn|24
|inactive|Machna has 10 seconds left.
|
|t:|1658898988
|move|p1a: Calyrex|Astral Barrage|p2a: Arceus
|-supereffective|p2a: Arceus
|-damage|p2a: Arceus|24/100
|move|p2a: Arceus|Judgment|p1a: Calyrex
|-supereffective|p1a: Calyrex
|-damage|p1a: Calyrex|0 fnt
|faint|p1a: Calyrex
|
|upkeep
|
|t:|1658898991
|switch|p1a: Groudon|Groudon-Primal|94/100
|-damage|p1a: Groudon|82/100|[from] Stealth Rock
|-weather|DesolateLand|[from] ability: Desolate Land|[of] p1a: Groudon
|turn|25
|
|t:|1658898994
|move|p2a: Arceus|Judgment|p1a: Groudon
|-damage|p1a: Groudon|0 fnt
|faint|p1a: Groudon
|-weather|none
|
|win|PInER POKeMAN
|n|☆Machna|machna
|n|☆PInER POKeMAN|pinerpokeman
|n|*Lady Monita ☀|ladymonita
