|j|☆CLEAR GEM清瑜
|j|☆NOAH MK2
|t:|1664941712
|gametype|singles
|player|p1|CLEAR GEM清瑜|skierf|1806
|player|p2|NOAH MK2|266|1852
|teamsize|p1|6
|teamsize|p2|6
|gen|8
|tier|[Gen 8] National Dex AG
|rated|
|rule|HP Percentage Mod: HP is shown in percentages
|rule|Endless Battle Clause: Forcing endless battles is banned
|clearpoke
|poke|p1|Rayquaza|
|poke|p1|Groudon|
|poke|p1|Necrozma-Dusk-Mane|
|poke|p1|Arceus-*|
|poke|p1|Arceus-*|
|poke|p1|Arceus-*|
|poke|p2|Whimsicott, M|
|poke|p2|Groudon|
|poke|p2|Klefki, M|
|poke|p2|Xerneas-*|
|poke|p2|Rayquaza|
|poke|p2|Zygarde|
|teampreview
|inactive|Battle timer is ON: inactive players will automatically lose when time's up. (requested by CLEAR GEM清瑜)
|
|t:|1664941718
|start
|switch|p1a: 烈龙无敌|Rayquaza|100/100
|switch|p2a: Klefki|Klefki, M|100/100
|-ability|p1a: 烈龙无敌|Air Lock
|turn|1
|
|t:|1664941736
|detailschange|p1a: 烈龙无敌|Rayquaza-Mega
|-mega|p1a: 烈龙无敌|Rayquaza|
|-weather|DeltaStream|[from] ability: Delta Stream|[of] p1a: 烈龙无敌
|move|p2a: Klefki|Reflect|p2a: Klefki
|-sidestart|p2: NOAH MK2|Reflect
|move|p1a: 烈龙无敌|Earthquake|p2a: Klefki
|-supereffective|p2a: Klefki
|-damage|p2a: Klefki|63/100
|
|-weather|DeltaStream|[upkeep]
|upkeep
|turn|2
|
|t:|1664941749
|-weather|none
|switch|p1a: 不会(?)|Groudon|100/100
|detailschange|p1a: 不会(?)|Groudon-Primal
|-primal|p1a: 不会(?)
|-weather|DesolateLand|[from] ability: Desolate Land|[of] p1a: 不会(?)
|switch|p2a: Zygarde|Zygarde|100/100
|
|-weather|DesolateLand|[upkeep]
|upkeep
|turn|3
|
|t:|1664941754
|move|p2a: Zygarde|Glare|p1a: 不会(?)
|-status|p1a: 不会(?)|par
|move|p1a: 不会(?)|Stealth Rock|p2a: Zygarde
|-sidestart|p2: NOAH MK2|move: Stealth Rock
|
|-weather|DesolateLand|[upkeep]
|upkeep
|turn|4
|
|t:|1664941759
|move|p2a: Zygarde|Substitute|p2a: Zygarde
|-start|p2a: Zygarde|Substitute
|-damage|p2a: Zygarde|75/100
|cant|p1a: 不会(?)|par
|
|-weather|DesolateLand|[upkeep]
|upkeep
|turn|5
|
|t:|1664941764
|move|p2a: Zygarde|Coil|p2a: Zygarde
|-boost|p2a: Zygarde|atk|1
|-boost|p2a: Zygarde|def|1
|-boost|p2a: Zygarde|accuracy|1
|move|p1a: 不会(?)|Roar|p2a: Zygarde
|drag|p2a: Xerneas|Xerneas|100/100
|-damage|p2a: Xerneas|88/100|[from] Stealth Rock
|-ability|p2a: Xerneas|Fairy Aura
|
|-weather|DesolateLand|[upkeep]
|upkeep
|turn|6
|
|t:|1664941769
|switch|p2a: Zygarde|Zygarde|75/100
|-damage|p2a: Zygarde|69/100|[from] Stealth Rock
|move|p1a: 不会(?)|Roar|p2a: Zygarde
|drag|p2a: Klefki|Klefki, M|63/100
|-damage|p2a: Klefki|57/100|[from] Stealth Rock
|
|-weather|DesolateLand|[upkeep]
|upkeep
|turn|7
|
|t:|1664941773
|switch|p2a: Zygarde|Zygarde|69/100
|-damage|p2a: Zygarde|63/100|[from] Stealth Rock
|move|p1a: 不会(?)|Heat Crash|p2a: Zygarde
|-resisted|p2a: Zygarde
|-damage|p2a: Zygarde|51/100
|
|-weather|DesolateLand|[upkeep]
|upkeep
|turn|8
|
|t:|1664941781
|move|p2a: Zygarde|Thousand Arrows|p1a: 不会(?)
|-supereffective|p1a: 不会(?)
|-damage|p1a: 不会(?)|68/100 par
|move|p1a: 不会(?)|Roar|p2a: Zygarde
|drag|p2a: Groudon|Groudon|100/100
|-damage|p2a: Groudon|94/100|[from] Stealth Rock
|detailschange|p2a: Groudon|Groudon-Primal
|-primal|p2a: Groudon
|
|-weather|DesolateLand|[upkeep]
|-sideend|p2: NOAH MK2|Reflect
|upkeep
|turn|9
|
|t:|1664941789
|move|p2a: Groudon|Stealth Rock|p1a: 不会(?)
|-sidestart|p1: CLEAR GEM清瑜|move: Stealth Rock
|move|p1a: 不会(?)|Precipice Blades|p2a: Groudon
|-supereffective|p2a: Groudon
|-damage|p2a: Groudon|0 fnt
|faint|p2a: Groudon
|
|-weather|DesolateLand|[upkeep]
|upkeep
|
|t:|1664941802
|switch|p2a: Whimsicott|Whimsicott, M|100/100
|-damage|p2a: Whimsicott|88/100|[from] Stealth Rock
|turn|10
|
|t:|1664941804
|move|p2a: Whimsicott|Encore|p1a: 不会(?)
|-start|p1a: 不会(?)|Encore
|move|p1a: 不会(?)|Precipice Blades|p2a: Whimsicott
|-resisted|p2a: Whimsicott
|-damage|p2a: Whimsicott|26/100
|
|-weather|DesolateLand|[upkeep]
|-heal|p2a: Whimsicott|32/100|[from] item: Leftovers
|upkeep
|turn|11
|
|t:|1664941810
|move|p2a: Whimsicott|Leech Seed|p1a: 不会(?)
|-start|p1a: 不会(?)|move: Leech Seed
|cant|p1a: 不会(?)|par
|
|-weather|DesolateLand|[upkeep]
|-heal|p2a: Whimsicott|38/100|[from] item: Leftovers
|-damage|p1a: 不会(?)|55/100 par|[from] Leech Seed|[of] p2a: Whimsicott
|-heal|p2a: Whimsicott|57/100|[silent]
|upkeep
|turn|12
|
|t:|1664941814
|-weather|none
|switch|p1a: 究极辅助|Arceus-Dark|100/100
|-damage|p1a: 究极辅助|88/100|[from] Stealth Rock
|move|p2a: Whimsicott|Substitute|p2a: Whimsicott
|-start|p2a: Whimsicott|Substitute
|-damage|p2a: Whimsicott|32/100
|
|-heal|p2a: Whimsicott|38/100|[from] item: Leftovers
|upkeep
|turn|13
|
|t:|1664941818
|move|p2a: Whimsicott|Moonblast|p1a: 究极辅助
|-supereffective|p1a: 究极辅助
|-damage|p1a: 究极辅助|40/100
|-unboost|p1a: 究极辅助|spa|1
|move|p1a: 究极辅助|Roar|p2a: Whimsicott
|drag|p2a: Zygarde|Zygarde|51/100
|-damage|p2a: Zygarde|45/100|[from] Stealth Rock
|
|-activate|p2a: Zygarde|ability: Power Construct
|detailschange|p2a: Zygarde|Zygarde-Complete
|-heal|p2a: Zygarde|64/100|[silent]
|upkeep
|turn|14
|
|t:|1664941826
|move|p1a: 究极辅助|Magic Coat|p1a: 究极辅助
|-singleturn|p1a: 究极辅助|move: Magic Coat
|move|p2a: Zygarde|Glare|p1a: 究极辅助
|move|p1a: 究极辅助|Glare|p2a: Zygarde|[from]Magic Coat
|-status|p2a: Zygarde|par
|
|upkeep
|turn|15
|
|t:|1664941831
|move|p1a: 究极辅助|Recover|p1a: 究极辅助
|-heal|p1a: 究极辅助|90/100
|move|p2a: Zygarde|Glare|p1a: 究极辅助
|-status|p1a: 究极辅助|par
|
|upkeep
|turn|16
|
|t:|1664941838
|switch|p2a: Klefki|Klefki, M|57/100
|-damage|p2a: Klefki|51/100|[from] Stealth Rock
|move|p1a: 究极辅助|Roar|p2a: Klefki
|drag|p2a: Whimsicott|Whimsicott, M|38/100
|-damage|p2a: Whimsicott|26/100|[from] Stealth Rock
|
|-heal|p2a: Whimsicott|32/100|[from] item: Leftovers
|upkeep
|turn|17
|
|t:|1664941849
|move|p2a: Whimsicott|Moonblast|p1a: 究极辅助
|-supereffective|p1a: 究极辅助
|-damage|p1a: 究极辅助|47/100 par
|-unboost|p1a: 究极辅助|spa|1
|move|p1a: 究极辅助|Roar|p2a: Whimsicott
|drag|p2a: Rayquaza|Rayquaza|100/100
|-damage|p2a: Rayquaza|76/100|[from] Stealth Rock
|-ability|p2a: Rayquaza|Air Lock
|
|upkeep
|turn|18
|
|t:|1664941861
|detailschange|p2a: Rayquaza|Rayquaza-Mega
|-mega|p2a: Rayquaza|Rayquaza|
|-weather|DeltaStream|[from] ability: Delta Stream|[of] p2a: Rayquaza
|move|p2a: Rayquaza|Dragon Ascent|p1a: 究极辅助
|-damage|p1a: 究极辅助|0 fnt
|-unboost|p2a: Rayquaza|def|1
|-unboost|p2a: Rayquaza|spd|1
|faint|p1a: 究极辅助
|-damage|p2a: Rayquaza|66/100|[from] item: Life Orb
|
|-weather|DeltaStream|[upkeep]
|upkeep
|
|t:|1664941871
|switch|p1a: 烈龙无敌|Rayquaza-Mega|100/100
|-damage|p1a: 烈龙无敌|76/100|[from] Stealth Rock
|turn|19
|
|t:|1664941878
|switch|p2a: Klefki|Klefki, M|51/100
|-damage|p2a: Klefki|45/100|[from] Stealth Rock
|move|p1a: 烈龙无敌|Extreme Speed|p2a: Klefki
|-resisted|p2a: Klefki
|-damage|p2a: Klefki|30/100
|
|-weather|DeltaStream|[upkeep]
|upkeep
|turn|20
|
|t:|1664941881
|move|p2a: Klefki|Reflect|p2a: Klefki
|-sidestart|p2: NOAH MK2|Reflect
|move|p1a: 烈龙无敌|Dragon Dance|p1a: 烈龙无敌
|-boost|p1a: 烈龙无敌|atk|1
|-boost|p1a: 烈龙无敌|spe|1
|
|-weather|DeltaStream|[upkeep]
|upkeep
|turn|21
|
|t:|1664941887
|move|p2a: Klefki|Light Screen|p2a: Klefki
|-sidestart|p2: NOAH MK2|move: Light Screen
|move|p1a: 烈龙无敌|Earthquake|p2a: Klefki
|-supereffective|p2a: Klefki
|-damage|p2a: Klefki|0 fnt
|faint|p2a: Klefki
|
|-weather|DeltaStream|[upkeep]
|upkeep
|
|t:|1664941889
|switch|p2a: Zygarde|Zygarde-Complete|64/100 par
|-damage|p2a: Zygarde|58/100 par|[from] Stealth Rock
|turn|22
|
|t:|1664941893
|move|p1a: 烈龙无敌|Dragon Dance|p1a: 烈龙无敌
|-boost|p1a: 烈龙无敌|atk|1
|-boost|p1a: 烈龙无敌|spe|1
|move|p2a: Zygarde|Glare|p1a: 烈龙无敌
|-status|p1a: 烈龙无敌|par
|
|-weather|DeltaStream|[upkeep]
|upkeep
|turn|23
|
|t:|1664941900
|cant|p1a: 烈龙无敌|par
|move|p2a: Zygarde|Thousand Arrows|p1a: 烈龙无敌
|-damage|p1a: 烈龙无敌|47/100 par
|-start|p1a: 烈龙无敌|Smack Down
|
|-weather|DeltaStream|[upkeep]
|upkeep
|turn|24
|
|t:|1664941908
|move|p1a: 烈龙无敌|Dragon Ascent|p2a: Zygarde
|-damage|p2a: Zygarde|28/100 par
|-unboost|p1a: 烈龙无敌|def|1
|-unboost|p1a: 烈龙无敌|spd|1
|move|p2a: Zygarde|Thousand Arrows|p1a: 烈龙无敌
|-damage|p1a: 烈龙无敌|4/100 par
|
|-weather|DeltaStream|[upkeep]
|upkeep
|turn|25
|
|t:|1664941917
|move|p1a: 烈龙无敌|Dragon Ascent|p2a: Zygarde
|-damage|p2a: Zygarde|0 fnt
|-unboost|p1a: 烈龙无敌|def|1
|-unboost|p1a: 烈龙无敌|spd|1
|faint|p2a: Zygarde
|
|-weather|DeltaStream|[upkeep]
|upkeep
|
|t:|1664941926
|switch|p2a: Rayquaza|Rayquaza-Mega|66/100
|-damage|p2a: Rayquaza|41/100|[from] Stealth Rock
|turn|26
|
|t:|1664941929
|move|p1a: 烈龙无敌|Extreme Speed|p2a: Rayquaza
|-damage|p2a: Rayquaza|5/100
|move|p2a: Rayquaza|Dragon Ascent|p1a: 烈龙无敌
|-damage|p1a: 烈龙无敌|0 fnt
|-unboost|p2a: Rayquaza|def|1
|-unboost|p2a: Rayquaza|spd|1
|faint|p1a: 烈龙无敌
|-damage|p2a: Rayquaza|0 fnt|[from] item: Life Orb
|faint|p2a: Rayquaza
|-weather|none
|
|upkeep
|
|t:|1664941942
|switch|p2a: Xerneas|Xerneas|88/100
|switch|p1a: 悬空羊驼|Arceus-Flying|100/100
|-damage|p1a: 悬空羊驼|76/100|[from] Stealth Rock
|-damage|p2a: Xerneas|76/100|[from] Stealth Rock
|-ability|p2a: Xerneas|Fairy Aura
|turn|27
|
|t:|1664941946
|move|p1a: 悬空羊驼|Swords Dance|p1a: 悬空羊驼
|-boost|p1a: 悬空羊驼|atk|2
|move|p2a: Xerneas|Geomancy||[still]
|-prepare|p2a: Xerneas|Geomancy
|-enditem|p2a: Xerneas|Power Herb
|-anim|p2a: Xerneas|Geomancy|p2a: Xerneas
|-boost|p2a: Xerneas|spa|2
|-boost|p2a: Xerneas|spd|2
|-boost|p2a: Xerneas|spe|2
|
|-sideend|p2: NOAH MK2|Reflect
|upkeep
|turn|28
|
|t:|1664941950
|-start|p2a: Xerneas|Dynamax|
|-heal|p2a: Xerneas|76/100|[silent]
|-start|p1a: 悬空羊驼|Dynamax|
|-heal|p1a: 悬空羊驼|76/100|[silent]
|move|p2a: Xerneas|Max Starfall|p1a: 悬空羊驼
|-damage|p1a: 悬空羊驼|11/100
|-fieldstart|move: Misty Terrain
|move|p1a: 悬空羊驼|Max Airstream|p2a: Xerneas
|-damage|p2a: Xerneas|2/100
|-boost|p1a: 悬空羊驼|spe|1
|
|-sideend|p2: NOAH MK2|move: Light Screen
|upkeep
|turn|29
|
|t:|1664941957
|move|p2a: Xerneas|Max Starfall|p1a: 悬空羊驼
|-damage|p1a: 悬空羊驼|0 fnt
|faint|p1a: 悬空羊驼
|
|upkeep
|
|t:|1664941961
|switch|p1a: 不会(?)|Groudon-Primal|55/100 par
|-damage|p1a: 不会(?)|43/100 par|[from] Stealth Rock
|-weather|DesolateLand|[from] ability: Desolate Land|[of] p1a: 不会(?)
|turn|30
|
|t:|1664941965
|move|p2a: Xerneas|Max Quake|p1a: 不会(?)
|-supereffective|p1a: 不会(?)
|-damage|p1a: 不会(?)|0 fnt
|-boost|p2a: Xerneas|spd|1
|faint|p1a: 不会(?)
|-weather|none
|
|upkeep
|
|t:|1664941967
|switch|p1a: 钢铁之躯|Necrozma-Dusk-Mane|100/100
|-damage|p1a: 钢铁之躯|94/100|[from] Stealth Rock
|-end|p2a: Xerneas|Dynamax
|-heal|p2a: Xerneas|2/100|[silent]
|turn|31
|
|t:|1664941971
|detailschange|p1a: 钢铁之躯|Necrozma-Ultra
|-burst|p1a: 钢铁之躯|Necrozma|Ultranecrozium Z
|move|p2a: Xerneas|Hidden Power|p1a: 钢铁之躯
|-damage|p1a: 钢铁之躯|54/100
|move|p1a: 钢铁之躯|Photon Geyser|p2a: Xerneas
|-damage|p2a: Xerneas|0 fnt
|faint|p2a: Xerneas
|
|upkeep
|
|t:|1664941974
|switch|p2a: Whimsicott|Whimsicott, M|32/100
|-damage|p2a: Whimsicott|20/100|[from] Stealth Rock
|turn|32
|
|t:|1664941977
|move|p2a: Whimsicott|Moonblast|p1a: 钢铁之躯
|-supereffective|p1a: 钢铁之躯
|-damage|p1a: 钢铁之躯|0 fnt
|faint|p1a: 钢铁之躯
|
|-heal|p2a: Whimsicott|26/100|[from] item: Leftovers
|-fieldend|Misty Terrain
|upkeep
|
|t:|1664941979
|switch|p1a: 乱杀P固|Arceus-Ground|100/100
|-damage|p1a: 乱杀P固|94/100|[from] Stealth Rock
|turn|33
|
|t:|1664941982
|move|p2a: Whimsicott|Leech Seed|p1a: 乱杀P固
|-start|p1a: 乱杀P固|move: Leech Seed
|move|p1a: 乱杀P固|Ice Beam|p2a: Whimsicott
|-supereffective|p2a: Whimsicott
|-damage|p2a: Whimsicott|0 fnt
|faint|p2a: Whimsicott
|
|win|CLEAR GEM清瑜
|raw|CLEAR GEM清瑜's rating: 1806 &rarr; <strong>1829</strong><br />(+23 for winning)
|raw|NOAH MK2's rating: 1852 &rarr; <strong>1829</strong><br />(-23 for losing)
|l|☆NOAH MK2
||Ladder isn't responding, score probably updated but might not have (Request timeout).
