|j|☆theChikunEater
|j|☆ehvabbetantormai
|t:|1666720172
|gametype|singles
|player|p1|theChikunEater|flannery|1458
|player|p2|ehvabbetantormai|cyrus-masters|1385
|teamsize|p1|6
|teamsize|p2|6
|gen|8
|tier|[Gen 8] National Dex AG
|rated|
|rule|HP Percentage Mod: HP is shown in percentages
|rule|Endless Battle Clause: Forcing endless battles is banned
|clearpoke
|poke|p1|Sawk, M|
|poke|p1|Hitmonlee, M|
|poke|p1|Blaziken, M|
|poke|p1|Lucario, M|
|poke|p1|Infernape, F|
|poke|p1|Kommo-o, F|
|poke|p2|Banette, F|
|poke|p2|Eternatus|
|poke|p2|Calyrex-Shadow|
|poke|p2|Dracovish|
|poke|p2|Necrozma-Dusk-Mane|
|poke|p2|Marshadow|
|teampreview
|inactive|Battle timer is ON: inactive players will automatically lose when time's up. (requested by ehvabbetantormai)
|inactive|theChikunEater also wants the timer to be on.
|c|☆theChikunEater|glhf
|c|☆ehvabbetantormai|u2
|
|t:|1666720182
|start
|switch|p1a: Blaziken|Blaziken, M|100/100
|switch|p2a: Burlone|Banette, F|100/100
|turn|1
|
|t:|1666720202
|detailschange|p2a: Burlone|Banette-Mega, F
|-mega|p2a: Burlone|Banette|Banettite
|move|p2a: Burlone|Taunt|p1a: Blaziken
|-start|p1a: Blaziken|move: Taunt
|move|p1a: Blaziken|Scorching Sands|p2a: Burlone
|-damage|p2a: Burlone|69/100
|-status|p2a: Burlone|brn
|
|-damage|p2a: Burlone|63/100 brn|[from] brn
|-ability|p1a: Blaziken|Speed Boost|boost
|-boost|p1a: Blaziken|spe|1
|upkeep
|turn|2
|c|☆ehvabbetantormai|oh
|
|t:|1666720219
|move|p1a: Blaziken|Scorching Sands|p2a: Burlone
|-damage|p2a: Burlone|28/100 brn
|move|p2a: Burlone|Gunk Shot|p1a: Blaziken
|-damage|p1a: Blaziken|61/100
|-status|p1a: Blaziken|psn
|
|-damage|p1a: Blaziken|49/100 psn|[from] psn
|-damage|p2a: Burlone|22/100 brn|[from] brn
|-ability|p1a: Blaziken|Speed Boost|boost
|-boost|p1a: Blaziken|spe|1
|upkeep
|turn|3
|
|t:|1666720231
|move|p2a: Burlone|Destiny Bond|p2a: Burlone
|-singlemove|p2a: Burlone|Destiny Bond
|move|p1a: Blaziken|Scorching Sands|p2a: Burlone
|-damage|p2a: Burlone|0 fnt
|faint|p2a: Burlone
|-activate|p2a: Burlone|move: Destiny Bond
|faint|p1a: Blaziken
|
|upkeep
|
|t:|1666720238
|switch|p1a: Kommo-o|Kommo-o, F|100/100
|switch|p2a: Burlone 4|Dracovish|100/100
|turn|4
|
|t:|1666720241
|move|p2a: Burlone 4|Psychic Fangs|p1a: Kommo-o
|-supereffective|p1a: Kommo-o
|-crit|p1a: Kommo-o
|-damage|p1a: Kommo-o|0 fnt
|faint|p1a: Kommo-o
|
|upkeep
|
|t:|1666720246
|switch|p1a: Sawk|Sawk, M|100/100
|turn|5
|c|☆theChikunEater|oof
|
|t:|1666720251
|move|p2a: Burlone 4|Psychic Fangs|p1a: Sawk
|-supereffective|p1a: Sawk
|-ability|p1a: Sawk|Sturdy
|-damage|p1a: Sawk|1/100
|-enditem|p1a: Sawk|Salac Berry|[eat]
|-boost|p1a: Sawk|spe|1|[from] item: Salac Berry
|move|p1a: Sawk|Reversal|p2a: Burlone 4
|-damage|p2a: Burlone 4|0 fnt
|faint|p2a: Burlone 4
|
|upkeep
|c|☆ehvabbetantormai|zamn
|
|t:|1666720259
|switch|p2a: Burlone 6|Marshadow|100/100
|turn|6
|
|t:|1666720265
|move|p2a: Burlone 6|Shadow Sneak|p1a: Sawk
|-damage|p1a: Sawk|0 fnt
|faint|p1a: Sawk
|
|upkeep
|
|t:|1666720271
|switch|p1a: Lucario|Lucario, M|100/100
|turn|7
|
|t:|1666720278
|detailschange|p1a: Lucario|Lucario-Mega, M
|-mega|p1a: Lucario|Lucario|Lucarionite
|move|p2a: Burlone 6|Drain Punch|p1a: Lucario
|-supereffective|p1a: Lucario
|-damage|p1a: Lucario|0 fnt
|faint|p1a: Lucario
|
|upkeep
|
|t:|1666720287
|switch|p1a: Infernape|Infernape, F|100/100
|turn|8
|
|t:|1666720292
|-start|p1a: Infernape|Dynamax|
|-heal|p1a: Infernape|100/100|[silent]
|move|p2a: Burlone 6|Shadow Sneak|p1a: Infernape
|-damage|p1a: Infernape|76/100
|move|p1a: Infernape|Max Phantasm|p2a: Burlone 6
|-supereffective|p2a: Burlone 6
|-enditem|p2a: Burlone 6|Focus Sash
|-damage|p2a: Burlone 6|1/100
|-unboost|p2a: Burlone 6|def|1
|-damage|p1a: Infernape|71/100|[from] item: Life Orb
|
|upkeep
|turn|9
|
|t:|1666720295
|move|p2a: Burlone 6|Shadow Sneak|p1a: Infernape
|-damage|p1a: Infernape|47/100
|move|p1a: Infernape|Max Flare|p2a: Burlone 6
|-damage|p2a: Burlone 6|0 fnt
|-weather|SunnyDay
|faint|p2a: Burlone 6
|-damage|p1a: Infernape|42/100|[from] item: Life Orb
|
|-weather|SunnyDay|[upkeep]
|upkeep
|
|t:|1666720299
|switch|p2a: Burlone 3|Calyrex-Shadow|100/100
|-ability|p2a: Burlone 3|As One
|-ability|p2a: Burlone 3|Unnerve
|turn|10
|
|t:|1666720303
|move|p2a: Burlone 3|Psyshock|p1a: Infernape
|-supereffective|p1a: Infernape
|-damage|p1a: Infernape|0 fnt
|faint|p1a: Infernape
|-ability|p2a: Burlone 3|Grim Neigh|boost
|-boost|p2a: Burlone 3|spa|1
|
|-weather|SunnyDay|[upkeep]
|upkeep
|
|t:|1666720305
|switch|p1a: Hitmonlee|Hitmonlee, M|100/100
|turn|11
|
|t:|1666720310
|switch|p2a: Burlone 2|Eternatus|100/100
|-ability|p2a: Burlone 2|Pressure
|move|p1a: Hitmonlee|Endure||[still]
|-fail|p1a: Hitmonlee
|
|-weather|SunnyDay|[upkeep]
|upkeep
|turn|12
|
|t:|1666720314
|move|p1a: Hitmonlee|Endure|p1a: Hitmonlee
|-singleturn|p1a: Hitmonlee|move: Endure
|move|p2a: Burlone 2|Toxic|p1a: Hitmonlee
|-status|p1a: Hitmonlee|tox
|
|-weather|SunnyDay|[upkeep]
|-damage|p1a: Hitmonlee|94/100 tox|[from] psn
|upkeep
|turn|13
|c|☆theChikunEater|gg
|
|t:|1666720320
|move|p2a: Burlone 2|Toxic Spikes|p1a: Hitmonlee
|-sidestart|p1: theChikunEater|move: Toxic Spikes
|move|p1a: Hitmonlee|Knock Off|p2a: Burlone 2
|-damage|p2a: Burlone 2|73/100
|-enditem|p2a: Burlone 2|Black Sludge|[from] move: Knock Off|[of] p1a: Hitmonlee
|
|-weather|none
|-damage|p1a: Hitmonlee|82/100 tox|[from] psn
|upkeep
|turn|14
|c|☆ehvabbetantormai|that's the worst way to end this fight lmao
|
|t:|1666720331
|move|p2a: Burlone 2|Toxic Spikes|p1a: Hitmonlee
|-sidestart|p1: theChikunEater|move: Toxic Spikes
|move|p1a: Hitmonlee|Knock Off|p2a: Burlone 2
|-damage|p2a: Burlone 2|56/100
|
|-damage|p1a: Hitmonlee|63/100 tox|[from] psn
|upkeep
|turn|15
|
|t:|1666720351
|move|p2a: Burlone 2|Toxic Spikes||[still]
|-fail|p2a: Burlone 2
|move|p1a: Hitmonlee|Stone Edge|p2a: Burlone 2
|-damage|p2a: Burlone 2|32/100
|
|-damage|p1a: Hitmonlee|39/100 tox|[from] psn
|upkeep
|turn|16
|
|t:|1666720355
|move|p2a: Burlone 2|Recover|p2a: Burlone 2
|-heal|p2a: Burlone 2|82/100
|move|p1a: Hitmonlee|Stone Edge|p2a: Burlone 2
|-damage|p2a: Burlone 2|55/100
|
|-damage|p1a: Hitmonlee|8/100 tox|[from] psn
|upkeep
|-enditem|p1a: Hitmonlee|Liechi Berry|[eat]
|-boost|p1a: Hitmonlee|atk|1|[from] item: Liechi Berry
|turn|17
|
|t:|1666720360
|move|p1a: Hitmonlee|Stone Edge|p2a: Burlone 2
|-damage|p2a: Burlone 2|12/100
|move|p2a: Burlone 2|Sludge Wave|p1a: Hitmonlee
|-crit|p1a: Hitmonlee
|-damage|p1a: Hitmonlee|0 fnt
|faint|p1a: Hitmonlee
|
|win|ehvabbetantormai
|raw|theChikunEater's rating: 1458 &rarr; <strong>1434</strong><br />(-24 for losing)
|raw|ehvabbetantormai's rating: 1385 &rarr; <strong>1409</strong><br />(+24 for winning)
|c|☆ehvabbetantormai|gg
