|j|☆TwentyTwan
|j|☆kavunisa
|t:|1605125962
|player|p1|TwentyTwan|170|
|player|p2|kavunisa|169|
|teamsize|p1|6
|teamsize|p2|6
|gametype|singles
|gen|8
|tier|[Gen 8] National Dex AG
|clearpoke
|poke|p1|Type: Null|
|poke|p1|Azelf|
|poke|p1|Corsola-Galar, F|
|poke|p1|Cloyster, M|
|poke|p1|Amoonguss, F|
|poke|p1|Articuno|
|poke|p2|Scizor, F|
|poke|p2|Tapu Koko|
|poke|p2|Mew|
|poke|p2|Lapras, F|
|poke|p2|Kartana|
|poke|p2|Dragonite, M|
|rule|HP Percentage Mod: HP is shown in percentages
|rule|Endless Battle Clause: Forcing endless battles is banned
|teampreview
|j| Curseroy1990
|c| Curseroy1990|Gl hf
|j| raiho_blackflame
|c| raiho_blackflame|gl hf
|
|t:|1605126022
|start
|switch|p1a: The Coochiemon|Cloyster, M, shiny|100/100
|switch|p2a: Kartana|Kartana|100/100
|turn|1
|
|t:|1605126077
|move|p2a: Kartana|Knock Off|p1a: The Coochiemon
|-damage|p1a: The Coochiemon|72/100
|-enditem|p1a: The Coochiemon|King's Rock|[from] move: Knock Off|[of] p2a: Kartana
|move|p1a: The Coochiemon|Substitute|p1a: The Coochiemon
|-start|p1a: The Coochiemon|Substitute
|-damage|p1a: The Coochiemon|47/100
|
|upkeep
|turn|2
|
|t:|1605126112
|switch|p2a: Tapu Koko|Tapu Koko|100/100
|-fieldstart|move: Electric Terrain|[from] ability: Electric Surge|[of] p2a: Tapu Koko
|move|p1a: The Coochiemon|Icicle Spear|p2a: Tapu Koko
|-damage|p2a: Tapu Koko|83/100
|-crit|p2a: Tapu Koko
|-damage|p2a: Tapu Koko|57/100
|-damage|p2a: Tapu Koko|40/100
|-damage|p2a: Tapu Koko|23/100
|-damage|p2a: Tapu Koko|8/100
|-hitcount|p2a: Tapu Koko|5
|
|upkeep
|turn|3
|
|t:|1605126130
|move|p1a: The Coochiemon|Ice Shard|p2a: Tapu Koko
|-damage|p2a: Tapu Koko|0 fnt
|faint|p2a: Tapu Koko
|
|upkeep
|
|t:|1605126148
|switch|p2a: Dragonite|Dragonite, M|100/100
|turn|4
|
|t:|1605126155
|move|p2a: Dragonite|Brick Break|p1a: The Coochiemon
|-supereffective|p1a: The Coochiemon
|-end|p1a: The Coochiemon|Substitute
|move|p1a: The Coochiemon|Icicle Spear|p2a: Dragonite
|-supereffective|p2a: Dragonite
|-damage|p2a: Dragonite|80/100
|-supereffective|p2a: Dragonite
|-damage|p2a: Dragonite|39/100
|-supereffective|p2a: Dragonite
|-damage|p2a: Dragonite|0 fnt
|-hitcount|p2a: Dragonite|3
|faint|p2a: Dragonite
|
|upkeep
|
|t:|1605126176
|switch|p2a: Mew|Mew|100/100
|turn|5
|
|t:|1605126183
|move|p2a: Mew|Close Combat|p1a: The Coochiemon
|-supereffective|p1a: The Coochiemon
|-damage|p1a: The Coochiemon|0 fnt
|-unboost|p2a: Mew|def|1
|-unboost|p2a: Mew|spd|1
|faint|p1a: The Coochiemon
|
|upkeep
|
|t:|1605126190
|switch|p1a: Bomberman|Azelf|100/100
|turn|6
|
|t:|1605126217
|move|p1a: Bomberman|Nasty Plot|p1a: Bomberman
|-boost|p1a: Bomberman|spa|2
|move|p2a: Mew|Close Combat|p1a: Bomberman
|-resisted|p1a: Bomberman
|-damage|p1a: Bomberman|68/100
|-unboost|p2a: Mew|def|1
|-unboost|p2a: Mew|spd|1
|
|-fieldend|move: Electric Terrain
|upkeep
|turn|7
|
|t:|1605126242
|switch|p2a: Lapras|Lapras, F|100/100
|move|p1a: Bomberman|Flamethrower|p2a: Lapras
|-crit|p2a: Lapras
|-damage|p2a: Lapras|19/100
|
|upkeep
|turn|8
|
|t:|1605126265
|move|p1a: Bomberman|Flamethrower|p2a: Lapras
|-damage|p2a: Lapras|0 fnt
|faint|p2a: Lapras
|
|upkeep
|
|t:|1605126269
|switch|p2a: Kartana|Kartana|100/100
|turn|9
|
|t:|1605126274
|move|p1a: Bomberman|Flamethrower|p2a: Kartana
|-supereffective|p2a: Kartana
|-enditem|p2a: Kartana|Focus Sash
|-damage|p2a: Kartana|1/100
|move|p2a: Kartana|Knock Off|p1a: Bomberman
|-supereffective|p1a: Bomberman
|-damage|p1a: Bomberman|0 fnt
|-enditem|p1a: Bomberman|Focus Sash|[from] move: Knock Off|[of] p2a: Kartana
|faint|p1a: Bomberman
|-ability|p2a: Kartana|Beast Boost|boost
|-boost|p2a: Kartana|atk|1
|
|upkeep
|
|t:|1605126284
|switch|p1a: Birdman|Articuno, shiny|100/100
|turn|10
|
|t:|1605126290
|move|p2a: Kartana|Smart Strike|p1a: Birdman
|-supereffective|p1a: Birdman
|-crit|p1a: Birdman
|-damage|p1a: Birdman|0 fnt
|faint|p1a: Birdman
|-ability|p2a: Kartana|Beast Boost|boost
|-boost|p2a: Kartana|atk|1
|
|upkeep
|
|t:|1605126309
|switch|p1a: Magic Paddo|Amoonguss, F|100/100
|turn|11
|
|t:|1605126327
|move|p2a: Kartana|Smart Strike|p1a: Magic Paddo
|-damage|p1a: Magic Paddo|0 fnt
|faint|p1a: Magic Paddo
|-ability|p2a: Kartana|Beast Boost|boost
|-boost|p2a: Kartana|atk|1
|
|upkeep
|
|t:|1605126333
|switch|p1a: Spooky Reef|Corsola-Galar, F, shiny|100/100
|turn|12
|
|t:|1605126339
|move|p2a: Kartana|Knock Off|p1a: Spooky Reef
|-supereffective|p1a: Spooky Reef
|-crit|p1a: Spooky Reef
|-damage|p1a: Spooky Reef|0 fnt
|-enditem|p1a: Spooky Reef|Eviolite|[from] move: Knock Off|[of] p2a: Kartana
|faint|p1a: Spooky Reef
|-ability|p2a: Kartana|Beast Boost|boost
|-boost|p2a: Kartana|atk|1
|
|upkeep
|
|t:|1605126345
|switch|p1a: Janky Fish|Type: Null|100/100
|turn|13
|
|t:|1605126349
|move|p2a: Kartana|Sacred Sword|p1a: Janky Fish
|-supereffective|p1a: Janky Fish
|-damage|p1a: Janky Fish|0 fnt
|faint|p1a: Janky Fish
|
|win|kavunisa
|c| Curseroy1990|g
|c| Curseroy1990|g
|l| Curseroy1990
|l|☆kavunisa
|l|☆TwentyTwan
