|j|☆BigDuckie
|j|☆A Year in Waiting
|t:|1597264638
|player|p1|BigDuckie|acetrainer|1484
|player|p2|A Year in Waiting|blue-gen1rbchampion|1442
|teamsize|p1|6
|teamsize|p2|6
|gametype|singles
|gen|8
|tier|[Gen 8] National Dex AG
|rated|
|clearpoke
|poke|p1|Zacian-Crowned|
|poke|p1|Yveltal|
|poke|p1|Groudon|
|poke|p1|Rayquaza|
|poke|p1|Arceus-*|
|poke|p1|Toxapex, M|
|poke|p2|Probopass, L2, F|
|poke|p2|Zygarde|
|poke|p2|Ho-Oh|
|poke|p2|Arceus-*|
|poke|p2|Ho-Oh|
|poke|p2|Kyogre|
|rule|HP Percentage Mod: HP is shown in percentages
|rule|Endless Battle Clause: Forcing endless battles is banned
|teampreview
|
|t:|1597264653
|start
|switch|p1a: Doom|Yveltal, shiny|100/100
|switch|p2a: Probopass|Probopass, L2, F, shiny|100/100
|-ability|p1a: Doom|Dark Aura
|turn|1
|
|t:|1597264664
|-start|p1a: Doom|Dynamax
|-heal|p1a: Doom|100/100|[silent]
|move|p1a: Doom|Max Airstream|p2a: Probopass
|-resisted|p2a: Probopass
|-ability|p2a: Probopass|Sturdy
|-damage|p2a: Probopass|7/100
|-boost|p1a: Doom|spe|1
|-enditem|p2a: Probopass|Berry Juice
|-heal|p2a: Probopass|100/100|[from] item: Berry Juice
|-damage|p1a: Doom|96/100|[from] item: Life Orb
|move|p2a: Probopass|Toxic|p1a: Doom
|-status|p1a: Doom|tox
|
|-damage|p1a: Doom|92/100 tox|[from] psn
|upkeep
|turn|2
|
|t:|1597264670
|move|p1a: Doom|Max Airstream|p2a: Probopass
|-resisted|p2a: Probopass
|-ability|p2a: Probopass|Sturdy
|-damage|p2a: Probopass|7/100
|-boost|p1a: Doom|spe|1
|-damage|p1a: Doom|88/100 tox|[from] item: Life Orb
|move|p2a: Probopass|Pain Split|p1a: Doom
|-sethp|p1a: Doom|66/100 tox|[from] move: Pain Split|[silent]
|-sethp|p2a: Probopass|100/100|[from] move: Pain Split
|
|-damage|p1a: Doom|60/100 tox|[from] psn
|upkeep
|turn|3
|
|t:|1597264682
|move|p1a: Doom|Max Darkness|p2a: Probopass
|-ability|p2a: Probopass|Sturdy
|-damage|p2a: Probopass|7/100
|-unboost|p2a: Probopass|spd|1
|-damage|p1a: Doom|55/100 tox|[from] item: Life Orb
|move|p2a: Probopass|Pain Split|p1a: Doom
|-sethp|p1a: Doom|41/100 tox|[from] move: Pain Split|[silent]
|-sethp|p2a: Probopass|100/100|[from] move: Pain Split
|
|-damage|p1a: Doom|32/100 tox|[from] psn
|-end|p1a: Doom|Dynamax
|-heal|p1a: Doom|32/100 tox|[silent]
|upkeep
|turn|4
|inactive|Battle timer is ON: inactive players will automatically lose when time's up. (requested by A Year in Waiting)
|
|t:|1597264687
|move|p1a: Doom|Oblivion Wing|p2a: Probopass
|-resisted|p2a: Probopass
|-ability|p2a: Probopass|Sturdy
|-damage|p2a: Probopass|7/100
|-heal|p1a: Doom|35/100 tox|[from] drain|[of] p2a: Probopass
|-damage|p1a: Doom|25/100 tox|[from] item: Life Orb
|move|p2a: Probopass|Pain Split|p1a: Doom
|-sethp|p1a: Doom|13/100 tox|[from] move: Pain Split|[silent]
|-sethp|p2a: Probopass|100/100|[from] move: Pain Split
|
|-damage|p1a: Doom|0 fnt|[from] psn
|faint|p1a: Doom
|upkeep
|
|t:|1597264692
|switch|p1a: Toxapex|Toxapex, M, shiny|100/100
|turn|5
|
|t:|1597264696
|move|p1a: Toxapex|Scald|p2a: Probopass
|-supereffective|p2a: Probopass
|-ability|p2a: Probopass|Sturdy
|-damage|p2a: Probopass|7/100
|move|p2a: Probopass|Stealth Rock|p1a: Toxapex
|-sidestart|p1: BigDuckie|move: Stealth Rock
|
|upkeep
|turn|6
|
|t:|1597264704
|move|p1a: Toxapex|Scald|p2a: Probopass
|-supereffective|p2a: Probopass
|-damage|p2a: Probopass|0 fnt
|faint|p2a: Probopass
|
|upkeep
|
|t:|1597264713
|switch|p2a: Kyogre|Kyogre|100/100
|detailschange|p2a: Kyogre|Kyogre-Primal
|-primal|p2a: Kyogre
|-weather|PrimordialSea|[from] ability: Primordial Sea|[of] p2a: Kyogre
|turn|7
|
|t:|1597264720
|switch|p1a: Titan|Groudon, shiny|100/100
|-damage|p1a: Titan|94/100|[from] Stealth Rock
|detailschange|p1a: Titan|Groudon-Primal, shiny
|-primal|p1a: Titan
|-weather|DesolateLand|[from] ability: Desolate Land|[of] p1a: Titan
|move|p2a: Kyogre|Calm Mind|p2a: Kyogre
|-boost|p2a: Kyogre|spa|1
|-boost|p2a: Kyogre|spd|1
|
|-weather|DesolateLand|[upkeep]
|upkeep
|turn|8
|
|t:|1597264726
|move|p1a: Titan|Rock Polish|p1a: Titan
|-boost|p1a: Titan|spe|2
|move|p2a: Kyogre|Ice Beam|p1a: Titan
|-damage|p1a: Titan|32/100
|
|-weather|DesolateLand|[upkeep]
|upkeep
|turn|9
|
|t:|1597264730
|move|p1a: Titan|Precipice Blades|p2a: Kyogre
|-damage|p2a: Kyogre|28/100
|move|p2a: Kyogre|Ice Beam|p1a: Titan
|-damage|p1a: Titan|0 fnt
|faint|p1a: Titan
|-weather|none
|
|upkeep
|
|t:|1597264739
|switch|p1a: Dargeon|Rayquaza|100/100
|-damage|p1a: Dargeon|76/100|[from] Stealth Rock
|-ability|p1a: Dargeon|Air Lock
|turn|10
|
|t:|1597264742
|detailschange|p1a: Dargeon|Rayquaza-Mega
|-mega|p1a: Dargeon|Rayquaza|
|-weather|DeltaStream|[from] ability: Delta Stream|[of] p1a: Dargeon
|move|p1a: Dargeon|Dragon Ascent|p2a: Kyogre
|-damage|p2a: Kyogre|0 fnt
|-unboost|p1a: Dargeon|def|1
|-unboost|p1a: Dargeon|spd|1
|faint|p2a: Kyogre
|
|-weather|DeltaStream|[upkeep]
|upkeep
|
|t:|1597264745
|switch|p2a: Ho-Oh|Ho-Oh|100/100
|turn|11
|
|t:|1597264752
|move|p1a: Dargeon|Dragon Ascent|p2a: Ho-Oh
|-damage|p2a: Ho-Oh|48/100
|-unboost|p1a: Dargeon|def|1
|-unboost|p1a: Dargeon|spd|1
|move|p2a: Ho-Oh|Sacred Fire|p1a: Dargeon
|-resisted|p1a: Dargeon
|-damage|p1a: Dargeon|36/100
|
|-weather|DeltaStream|[upkeep]
|upkeep
|turn|12
|
|t:|1597264762
|-start|p2a: Ho-Oh|Dynamax
|-heal|p2a: Ho-Oh|48/100|[silent]
|move|p1a: Dargeon|Dragon Ascent|p2a: Ho-Oh
|-damage|p2a: Ho-Oh|19/100
|-unboost|p1a: Dargeon|def|1
|-unboost|p1a: Dargeon|spd|1
|move|p2a: Ho-Oh|Max Flare|p1a: Dargeon
|-resisted|p1a: Dargeon
|-crit|p1a: Dargeon
|-damage|p1a: Dargeon|0 fnt
|faint|p1a: Dargeon
|-weather|none
|
|upkeep
|
|t:|1597264768
|switch|p1a: Arceus|Arceus-Ghost|100/100
|-damage|p1a: Arceus|88/100|[from] Stealth Rock
|turn|13
|
|t:|1597264773
|-end|p2a: Ho-Oh|Dynamax
|-heal|p2a: Ho-Oh|19/100|[silent]
|switch|p2a: Ho-Oh|Ho-Oh|100/100
|move|p1a: Arceus|Shadow Force||[still]
|-prepare|p1a: Arceus|Shadow Force
|
|upkeep
|turn|14
|
|t:|1597264777
|move|p2a: Ho-Oh|Protect|p2a: Ho-Oh
|-singleturn|p2a: Ho-Oh|Protect
|move|p1a: Arceus|Shadow Force|p2a: Ho-Oh|[from]lockedmove
|-activate|p2a: Ho-Oh|move: Shadow Force|[broken]
|-damage|p2a: Ho-Oh|53/100
|
|upkeep
|turn|15
|
|t:|1597264786
|move|p1a: Arceus|Swords Dance|p1a: Arceus
|-boost|p1a: Arceus|atk|2
|move|p2a: Ho-Oh|Toxic|p1a: Arceus
|-status|p1a: Arceus|tox
|
|-damage|p1a: Arceus|82/100 tox|[from] psn
|upkeep
|turn|16
|
|t:|1597264792
|move|p1a: Arceus|Shadow Force||[still]
|-prepare|p1a: Arceus|Shadow Force
|move|p2a: Ho-Oh|Roost|p2a: Ho-Oh
|-heal|p2a: Ho-Oh|100/100
|-singleturn|p2a: Ho-Oh|move: Roost
|
|-damage|p1a: Arceus|70/100 tox|[from] psn
|upkeep
|turn|17
|
|t:|1597264796
|move|p2a: Ho-Oh|Protect|p2a: Ho-Oh
|-singleturn|p2a: Ho-Oh|Protect
|move|p1a: Arceus|Shadow Force|p2a: Ho-Oh|[from]lockedmove
|-activate|p2a: Ho-Oh|move: Shadow Force|[broken]
|-damage|p2a: Ho-Oh|11/100
|
|-damage|p1a: Arceus|52/100 tox|[from] psn
|upkeep
|turn|18
|
|t:|1597264806
|switch|p2a: Ho-Oh|Ho-Oh|52/100
|move|p1a: Arceus|Refresh|p1a: Arceus
|-curestatus|p1a: Arceus|tox|[msg]
|
|upkeep
|turn|19
|
|t:|1597264811
|move|p1a: Arceus|Shadow Force||[still]
|-prepare|p1a: Arceus|Shadow Force
|move|p2a: Ho-Oh|Sacred Fire|p1a: Arceus|[miss]
|-miss|p2a: Ho-Oh|p1a: Arceus
|
|upkeep
|turn|20
|
|t:|1597264817
|switch|p2a: Ho-Oh|Ho-Oh|44/100
|move|p1a: Arceus|Shadow Force|p2a: Ho-Oh|[from]lockedmove
|-damage|p2a: Ho-Oh|0 fnt
|faint|p2a: Ho-Oh
|
|upkeep
|
|t:|1597264820
|switch|p2a: Arceus|Arceus-Grass|100/100
|turn|21
|
|t:|1597264826
|move|p1a: Arceus|Shadow Force||[still]
|-prepare|p1a: Arceus|Shadow Force
|move|p2a: Arceus|Perish Song|p2a: Arceus
|-miss|p2a: Arceus|p1a: Arceus
|-start|p2a: Arceus|perish3|[silent]
|-fieldactivate|move: Perish Song
|
|-start|p2a: Arceus|perish3
|upkeep
|turn|22
|
|t:|1597264833
|move|p1a: Arceus|Shadow Force|p2a: Arceus|[from]lockedmove
|-damage|p2a: Arceus|0 fnt
|faint|p2a: Arceus
|
|upkeep
|
|t:|1597264837
|switch|p2a: Zygarde|Zygarde|100/100
|turn|23
|
|t:|1597264843
|move|p1a: Arceus|Swords Dance|p1a: Arceus
|-boost|p1a: Arceus|atk|2
|move|p2a: Zygarde|Coil|p2a: Zygarde
|-boost|p2a: Zygarde|atk|1
|-boost|p2a: Zygarde|def|1
|-boost|p2a: Zygarde|accuracy|1
|
|upkeep
|turn|24
|
|t:|1597264848
|move|p1a: Arceus|Shadow Force||[still]
|-prepare|p1a: Arceus|Shadow Force
|move|p2a: Zygarde|Coil|p2a: Zygarde
|-boost|p2a: Zygarde|atk|1
|-boost|p2a: Zygarde|def|1
|-boost|p2a: Zygarde|accuracy|1
|
|upkeep
|turn|25
|
|t:|1597264854
|move|p1a: Arceus|Shadow Force|p2a: Zygarde|[from]lockedmove
|-damage|p2a: Zygarde|23/100
|move|p2a: Zygarde|Coil|p2a: Zygarde
|-boost|p2a: Zygarde|atk|1
|-boost|p2a: Zygarde|def|1
|-boost|p2a: Zygarde|accuracy|1
|
|-heal|p2a: Zygarde|29/100|[from] item: Leftovers
|-activate|p2a: Zygarde|ability: Power Construct
|detailschange|p2a: Zygarde|Zygarde-Complete
|-heal|p2a: Zygarde|53/100|[silent]
|upkeep
|turn|26
|
|t:|1597264868
|move|p1a: Arceus|Swords Dance|p1a: Arceus
|-boost|p1a: Arceus|atk|2
|move|p2a: Zygarde|Coil|p2a: Zygarde
|-boost|p2a: Zygarde|atk|1
|-boost|p2a: Zygarde|def|1
|-boost|p2a: Zygarde|accuracy|1
|
|-heal|p2a: Zygarde|59/100|[from] item: Leftovers
|upkeep
|turn|27
|
|t:|1597264871
|move|p1a: Arceus|Shadow Force||[still]
|-prepare|p1a: Arceus|Shadow Force
|move|p2a: Zygarde|Coil|p2a: Zygarde
|-boost|p2a: Zygarde|atk|1
|-boost|p2a: Zygarde|def|1
|-boost|p2a: Zygarde|accuracy|1
|
|-heal|p2a: Zygarde|65/100|[from] item: Leftovers
|upkeep
|turn|28
|
|t:|1597264875
|move|p1a: Arceus|Shadow Force|p2a: Zygarde|[from]lockedmove
|-damage|p2a: Zygarde|29/100
|move|p2a: Zygarde|Rest|p2a: Zygarde
|-status|p2a: Zygarde|slp|[from] move: Rest
|-heal|p2a: Zygarde|100/100 slp|[silent]
|
|upkeep
|turn|29
|
|t:|1597264881
|switch|p1a: Toxapex|Toxapex, M, shiny|100/100
|-damage|p1a: Toxapex|88/100|[from] Stealth Rock
|cant|p2a: Zygarde|slp
|
|-heal|p1a: Toxapex|94/100|[from] item: Leftovers
|upkeep
|turn|30
|
|t:|1597264887
|cant|p2a: Zygarde|slp
|move|p1a: Toxapex|Haze|p1a: Toxapex
|-clearallboost
|
|-heal|p1a: Toxapex|100/100|[from] item: Leftovers
|upkeep
|turn|31
|
|t:|1597264891
|-curestatus|p2a: Zygarde|slp|[msg]
|move|p2a: Zygarde|Substitute|p2a: Zygarde
|-start|p2a: Zygarde|Substitute
|-damage|p2a: Zygarde|75/100
|move|p1a: Toxapex|Scald|p2a: Zygarde
|-activate|p2a: Zygarde|move: Substitute|[damage]
|
|-heal|p2a: Zygarde|82/100|[from] item: Leftovers
|upkeep
|turn|32
|j| Dark Fyn
|
|t:|1597264898
|move|p2a: Zygarde|Thousand Arrows|p1a: Toxapex
|-supereffective|p1a: Toxapex
|-damage|p1a: Toxapex|58/100
|move|p1a: Toxapex|Scald|p2a: Zygarde
|-activate|p2a: Zygarde|move: Substitute|[damage]
|
|-heal|p2a: Zygarde|88/100|[from] item: Leftovers
|-heal|p1a: Toxapex|65/100|[from] item: Leftovers
|upkeep
|turn|33
|
|t:|1597264907
|move|p2a: Zygarde|Thousand Arrows|p1a: Toxapex
|-supereffective|p1a: Toxapex
|-damage|p1a: Toxapex|21/100
|move|p1a: Toxapex|Scald|p2a: Zygarde
|-activate|p2a: Zygarde|move: Substitute|[damage]
|
|-heal|p2a: Zygarde|94/100|[from] item: Leftovers
|-heal|p1a: Toxapex|27/100|[from] item: Leftovers
|upkeep
|turn|34
|
|t:|1597264913
|move|p2a: Zygarde|Coil|p2a: Zygarde
|-boost|p2a: Zygarde|atk|1
|-boost|p2a: Zygarde|def|1
|-boost|p2a: Zygarde|accuracy|1
|move|p1a: Toxapex|Scald|p2a: Zygarde
|-end|p2a: Zygarde|Substitute
|
|-heal|p2a: Zygarde|99/100|[from] item: Leftovers
|-heal|p1a: Toxapex|33/100|[from] item: Leftovers
|upkeep
|turn|35
|
|t:|1597264918
|move|p1a: Toxapex|Baneful Bunker|p1a: Toxapex
|-singleturn|p1a: Toxapex|move: Protect
|move|p2a: Zygarde|Thousand Arrows|p1a: Toxapex
|-activate|p1a: Toxapex|move: Protect
|
|-heal|p2a: Zygarde|100/100|[from] item: Leftovers
|-heal|p1a: Toxapex|39/100|[from] item: Leftovers
|upkeep
|turn|36
|
|t:|1597264927
|move|p2a: Zygarde|Thousand Arrows|p1a: Toxapex
|-supereffective|p1a: Toxapex
|-damage|p1a: Toxapex|0 fnt
|faint|p1a: Toxapex
|
|upkeep
|
|t:|1597264931
|switch|p1a: Arceus|Arceus-Ghost|52/100
|-damage|p1a: Arceus|40/100|[from] Stealth Rock
|turn|37
|
|t:|1597264935
|move|p1a: Arceus|Shadow Force||[still]
|-prepare|p1a: Arceus|Shadow Force
|move|p2a: Zygarde|Coil|p2a: Zygarde
|-boost|p2a: Zygarde|atk|1
|-boost|p2a: Zygarde|def|1
|-boost|p2a: Zygarde|accuracy|1
|
|upkeep
|turn|38
|
|t:|1597264940
|move|p1a: Arceus|Shadow Force|p2a: Zygarde|[from]lockedmove
|-damage|p2a: Zygarde|83/100
|move|p2a: Zygarde|Thousand Arrows|p1a: Arceus
|-damage|p1a: Arceus|0 fnt
|faint|p1a: Arceus
|
|-heal|p2a: Zygarde|89/100|[from] item: Leftovers
|upkeep
|
|t:|1597264944
|switch|p1a: Sword Doggo|Zacian-Crowned|100/100
|-damage|p1a: Sword Doggo|94/100|[from] Stealth Rock
|-ability|p1a: Sword Doggo|Intrepid Sword|boost
|-boost|p1a: Sword Doggo|atk|1
|turn|39
|
|t:|1597264947
|move|p1a: Sword Doggo|Play Rough|p2a: Zygarde|[miss]
|-miss|p1a: Sword Doggo|p2a: Zygarde
|move|p2a: Zygarde|Thousand Arrows|p1a: Sword Doggo
|-supereffective|p1a: Sword Doggo
|-damage|p1a: Sword Doggo|0 fnt
|faint|p1a: Sword Doggo
|
|win|A Year in Waiting
|l|☆BigDuckie
|l|☆A Year in Waiting
||Ladder (probably) updated, but score could not be retrieved (Request timeout).
