|j|☆Loading0987
|j|☆kingbura
|t:|1667763702
|gametype|singles
|player|p1|Loading0987|2|
|player|p2|kingbura|roxanne|
|teamsize|p1|6
|teamsize|p2|6
|gen|8
|tier|[Gen 8] National Dex AG
|rule|HP Percentage Mod: HP is shown in percentages
|rule|Endless Battle Clause: Forcing endless battles is banned
|clearpoke
|poke|p1|Gengar, F|
|poke|p1|Aerodactyl, F|
|poke|p1|Butterfree, F|
|poke|p1|Cinderace, M|
|poke|p1|Gothitelle, F|
|poke|p1|Clefable, M|
|poke|p2|Darmanitan-Galar, M|
|poke|p2|Dracovish|
|poke|p2|Metagross|
|poke|p2|Gliscor, M|
|poke|p2|Blissey, F|
|poke|p2|Primarina, M|
|teampreview
|
|t:|1667763710
|start
|switch|p1a: Aerodactyl|Aerodactyl, F|100/100
|switch|p2a: Darmanitan|Darmanitan-Galar, M, shiny|100/100
|-ability|p1a: Aerodactyl|Pressure
|turn|1
|
|t:|1667763727
|move|p2a: Darmanitan|U-turn|p1a: Aerodactyl
|-resisted|p1a: Aerodactyl
|-damage|p1a: Aerodactyl|72/100
|
|t:|1667763730
|switch|p2a: Gliscor|Gliscor, M|100/100|[from]move: U-turn
|move|p1a: Aerodactyl|Rock Tomb|p2a: Gliscor
|-damage|p2a: Gliscor|83/100
|-unboost|p2a: Gliscor|spe|1
|
|-status|p2a: Gliscor|tox|[from] item: Toxic Orb
|upkeep
|turn|2
|
|t:|1667763743
|move|p1a: Aerodactyl|Stealth Rock|p2a: Gliscor
|-sidestart|p2: kingbura|move: Stealth Rock
|move|p2a: Gliscor|Stealth Rock|p1a: Aerodactyl
|-sidestart|p1: Loading0987|move: Stealth Rock
|
|-heal|p2a: Gliscor|95/100 tox|[from] ability: Poison Heal
|upkeep
|turn|3
|
|t:|1667763746
|move|p1a: Aerodactyl|Rock Tomb|p2a: Gliscor
|-damage|p2a: Gliscor|80/100 tox
|-unboost|p2a: Gliscor|spe|1
|move|p2a: Gliscor|Knock Off|p1a: Aerodactyl
|-damage|p1a: Aerodactyl|40/100
|-enditem|p1a: Aerodactyl|Focus Sash|[from] move: Knock Off|[of] p2a: Gliscor
|
|-heal|p2a: Gliscor|93/100 tox|[from] ability: Poison Heal
|upkeep
|turn|4
|
|t:|1667763760
|move|p2a: Gliscor|Knock Off|p1a: Aerodactyl
|-damage|p1a: Aerodactyl|19/100
|move|p1a: Aerodactyl|Roar|p2a: Gliscor
|drag|p2a: Blissey|Blissey, F|100/100
|-damage|p2a: Blissey|88/100|[from] Stealth Rock
|
|-heal|p2a: Blissey|94/100|[from] item: Leftovers
|upkeep
|turn|5
|
|t:|1667763769
|switch|p2a: Gliscor|Gliscor, M|93/100 tox
|-damage|p2a: Gliscor|80/100 tox|[from] Stealth Rock
|move|p1a: Aerodactyl|Rock Tomb|p2a: Gliscor
|-damage|p2a: Gliscor|63/100 tox
|-unboost|p2a: Gliscor|spe|1
|
|-heal|p2a: Gliscor|76/100 tox|[from] ability: Poison Heal
|upkeep
|turn|6
|
|t:|1667763779
|switch|p1a: Clefable|Clefable, M|100/100
|-damage|p1a: Clefable|88/100|[from] Stealth Rock
|move|p2a: Gliscor|Defog|p1a: Clefable
|-unboost|p1a: Clefable|evasion|1
|-sideend|p1: Loading0987|Stealth Rock|[from] move: Defog|[of] p2a: Gliscor
|-sideend|p2: kingbura|Stealth Rock|[from] move: Defog|[of] p2a: Gliscor
|
|-heal|p2a: Gliscor|88/100 tox|[from] ability: Poison Heal
|upkeep
|turn|7
|
|t:|1667763801
|move|p1a: Clefable|Ice Beam|p2a: Gliscor
|-supereffective|p2a: Gliscor
|-damage|p2a: Gliscor|0 fnt
|faint|p2a: Gliscor
|
|upkeep
|
|t:|1667763814
|switch|p2a: Dracovish|Dracovish, shiny|100/100
|turn|8
|
|t:|1667763821
|move|p2a: Dracovish|Fishious Rend|p1a: Clefable
|-damage|p1a: Clefable|0 fnt
|faint|p1a: Clefable
|
|upkeep
|
|t:|1667763832
|switch|p1a: Cinderace|Cinderace, M|100/100
|turn|9
|
|t:|1667763837
|move|p1a: Cinderace|U-turn|p2a: Dracovish
|-start|p1a: Cinderace|typechange|Bug|[from] ability: Libero
|-damage|p2a: Dracovish|67/100
|
|t:|1667763839
|switch|p1a: Aerodactyl|Aerodactyl, F|19/100|[from]move: U-turn
|-ability|p1a: Aerodactyl|Pressure
|move|p2a: Dracovish|Fishious Rend|p1a: Aerodactyl
|-supereffective|p1a: Aerodactyl
|-damage|p1a: Aerodactyl|0 fnt
|faint|p1a: Aerodactyl
|
|upkeep
|
|t:|1667763846
|switch|p1a: Cinderace|Cinderace, M|100/100
|turn|10
|
|t:|1667763862
|switch|p2a: Primarina|Primarina, M|100/100
|move|p1a: Cinderace|U-turn|p2a: Primarina
|-start|p1a: Cinderace|typechange|Bug|[from] ability: Libero
|-resisted|p2a: Primarina
|-damage|p2a: Primarina|80/100
|
|t:|1667763865
|switch|p1a: Butterfree|Butterfree, F|100/100|[from]move: U-turn
|
|upkeep
|turn|11
|c|☆Loading0987|you did a good job denying butterfree up until now
|c|☆Loading0987|but that switch was pretty unnnesary, wasnt it?
|c|☆Loading0987|hi jump kick doesnt okho
|
|t:|1667763915
|switch|p2a: Blissey|Blissey, F|94/100
|move|p1a: Butterfree|Sleep Powder|p2a: Blissey
|-status|p2a: Blissey|slp|[from] move: Sleep Powder
|
|-heal|p2a: Blissey|99/100 slp|[from] item: Leftovers
|upkeep
|turn|12
|c|☆Loading0987|i need something to tank draco and garm and cinder
|c|☆Loading0987|no idea what though
|
|t:|1667763943
|-curestatus|p2a: Blissey|slp|[from] ability: Natural Cure
|switch|p2a: Metagross|Metagross, shiny|100/100
|move|p1a: Butterfree|Substitute|p1a: Butterfree
|-start|p1a: Butterfree|Substitute
|-damage|p1a: Butterfree|75/100
|
|upkeep
|turn|13
|
|t:|1667763955
|detailschange|p2a: Metagross|Metagross-Mega, shiny
|-mega|p2a: Metagross|Metagross|Metagrossite
|move|p2a: Metagross|Bullet Punch|p1a: Butterfree
|-end|p1a: Butterfree|Substitute
|move|p1a: Butterfree|Sleep Powder|p2a: Metagross
|-status|p2a: Metagross|slp|[from] move: Sleep Powder
|
|upkeep
|turn|14
|
|t:|1667763960
|cant|p2a: Metagross|slp
|move|p1a: Butterfree|Substitute|p1a: Butterfree
|-start|p1a: Butterfree|Substitute
|-damage|p1a: Butterfree|50/100
|
|upkeep
|turn|15
|
|t:|1667763975
|cant|p2a: Metagross|slp
|move|p1a: Butterfree|Baton Pass|p1a: Butterfree
|
|t:|1667763977
|switch|p1a: Gengar|Gengar, F|100/100|[from]move: Baton Pass
|
|upkeep
|turn|16
|
|t:|1667763983
|detailschange|p1a: Gengar|Gengar-Mega, F
|-mega|p1a: Gengar|Gengar|Gengarite
|-curestatus|p2a: Metagross|slp|[msg]
|move|p2a: Metagross|Bullet Punch|p1a: Gengar
|-end|p1a: Gengar|Substitute
|move|p1a: Gengar|Shadow Ball|p2a: Metagross
|-supereffective|p2a: Metagross
|-damage|p2a: Metagross|13/100
|
|upkeep
|turn|17
|
|t:|1667763991
|move|p2a: Metagross|Bullet Punch|p1a: Gengar
|-damage|p1a: Gengar|50/100
|move|p1a: Gengar|Shadow Ball|p2a: Metagross
|-supereffective|p2a: Metagross
|-crit|p2a: Metagross
|-damage|p2a: Metagross|0 fnt
|faint|p2a: Metagross
|
|upkeep
|
|t:|1667764004
|switch|p2a: Dracovish|Dracovish, shiny|67/100
|turn|18
|
|t:|1667764022
|move|p2a: Dracovish|Fishious Rend|p1a: Gengar
|-damage|p1a: Gengar|0 fnt
|faint|p1a: Gengar
|
|upkeep
|
|t:|1667764024
|switch|p1a: Cinderace|Cinderace, M|100/100
|turn|19
|
|t:|1667764068
|-start|p2a: Dracovish|Dynamax|
|-heal|p2a: Dracovish|67/100|[silent]
|move|p1a: Cinderace|High Jump Kick|p2a: Dracovish
|-start|p1a: Cinderace|typechange|Fighting|[from] ability: Libero
|-damage|p2a: Dracovish|36/100
|move|p2a: Dracovish|Max Mindstorm|p1a: Cinderace
|-supereffective|p1a: Cinderace
|-damage|p1a: Cinderace|3/100
|-fieldstart|move: Psychic Terrain
|
|upkeep
|turn|20
|-message|Loading0987 forfeited.
|
|win|kingbura
|c|☆Loading0987|like i said
|c|☆Loading0987|completly MU dependant
|c|☆kingbura|gg
|l|☆kingbura
|j|☆kingbura
|player|p2|kingbura|roxanne
