|j|☆hanwujiwandou
|j|☆SoundHas1Ping
|t:|1664459455
|gametype|singles
|player|p1|hanwujiwandou|lillie-z|1705
|player|p2|SoundHas1Ping|lucas|1657
|teamsize|p1|6
|teamsize|p2|6
|gen|8
|tier|[Gen 8] National Dex AG
|rated|
|rule|HP Percentage Mod: HP is shown in percentages
|rule|Endless Battle Clause: Forcing endless battles is banned
|clearpoke
|poke|p1|Zacian-*|
|poke|p1|Marshadow|
|poke|p1|Ho-Oh|
|poke|p1|Groudon|
|poke|p1|Calyrex-Shadow|
|poke|p1|Yveltal|
|poke|p2|Zacian-*|
|poke|p2|Necrozma-Dusk-Mane|
|poke|p2|Giratina|
|poke|p2|Chansey, F|
|poke|p2|Quagsire, F|
|poke|p2|Tyranitar, M|
|teampreview
|inactive|Battle timer is ON: inactive players will automatically lose when time's up. (requested by SoundHas1Ping)
|
|t:|1664459466
|start
|switch|p1a: Groudon|Groudon|100/100
|switch|p2a: Necrozma|Necrozma-Dusk-Mane|100/100
|detailschange|p1a: Groudon|Groudon-Primal
|-primal|p1a: Groudon
|-weather|DesolateLand|[from] ability: Desolate Land|[of] p1a: Groudon
|turn|1
|
|t:|1664459471
|switch|p2a: Giratina|Giratina|100/100
|-ability|p2a: Giratina|Pressure
|move|p1a: Groudon|Precipice Blades|p2a: Giratina
|-damage|p2a: Giratina|68/100
|
|-weather|DesolateLand|[upkeep]
|upkeep
|turn|2
|j| zubitop
|
|t:|1664459474
|move|p1a: Groudon|Stealth Rock|p2a: Giratina
|-sidestart|p2: SoundHas1Ping|move: Stealth Rock
|move|p2a: Giratina|Toxic|p1a: Groudon
|-status|p1a: Groudon|tox
|
|-weather|DesolateLand|[upkeep]
|-damage|p1a: Groudon|94/100 tox|[from] psn
|upkeep
|turn|3
|
|t:|1664459482
|-weather|none
|switch|p1a: Yveltal|Yveltal|100/100
|-ability|p1a: Yveltal|Dark Aura
|move|p2a: Giratina|Hex|p1a: Yveltal
|-resisted|p1a: Yveltal
|-crit|p1a: Yveltal
|-damage|p1a: Yveltal|84/100
|
|upkeep
|turn|4
|
|t:|1664459487
|switch|p2a: Tyranitar|Tyranitar, M|100/100
|-damage|p2a: Tyranitar|88/100|[from] Stealth Rock
|-weather|Sandstorm|[from] ability: Sand Stream|[of] p2a: Tyranitar
|move|p1a: Yveltal|Dark Pulse|p2a: Tyranitar
|-resisted|p2a: Tyranitar
|-damage|p2a: Tyranitar|75/100
|
|-weather|Sandstorm|[upkeep]
|-damage|p1a: Yveltal|78/100|[from] Sandstorm
|-heal|p2a: Tyranitar|81/100|[from] item: Leftovers
|upkeep
|turn|5
|
|t:|1664459493
|-activate|p1a: Yveltal|move: Pursuit
|move|p2a: Tyranitar|Pursuit|p1a: Yveltal|[from]Pursuit
|-resisted|p1a: Yveltal
|-damage|p1a: Yveltal|58/100
|switch|p1a: Zacian|Zacian-Crowned|100/100
|-ability|p1a: Zacian|Intrepid Sword|boost
|-boost|p1a: Zacian|atk|1
|
|-weather|Sandstorm|[upkeep]
|-heal|p2a: Tyranitar|88/100|[from] item: Leftovers
|upkeep
|turn|6
|
|t:|1664459499
|switch|p1a: Calyrex|Calyrex-Shadow|100/100
|-ability|p1a: Calyrex|As One
|-ability|p1a: Calyrex|Unnerve
|switch|p2a: Quagsire|Quagsire, F|100/100
|-damage|p2a: Quagsire|94/100|[from] Stealth Rock
|
|-weather|Sandstorm|[upkeep]
|-damage|p1a: Calyrex|94/100|[from] Sandstorm
|-heal|p2a: Quagsire|100/100|[from] item: Leftovers
|upkeep
|turn|7
|
|t:|1664459507
|switch|p2a: Tyranitar|Tyranitar, M|88/100
|-damage|p2a: Tyranitar|75/100|[from] Stealth Rock
|move|p1a: Calyrex|Leaf Storm|p2a: Tyranitar
|-supereffective|p2a: Tyranitar
|-damage|p2a: Tyranitar|27/100
|-unboost|p1a: Calyrex|spa|2
|
|-weather|Sandstorm|[upkeep]
|-damage|p1a: Calyrex|88/100|[from] Sandstorm
|-heal|p2a: Tyranitar|33/100|[from] item: Leftovers
|upkeep
|turn|8
|j| KiingZ AZ
|
|t:|1664459517
|-activate|p1a: Calyrex|move: Pursuit
|move|p2a: Tyranitar|Pursuit|p1a: Calyrex|[from]Pursuit
|-supereffective|p1a: Calyrex
|-damage|p1a: Calyrex|0 fnt
|faint|p1a: Calyrex
|-hint|A Pokemon can't switch between when it runs out of HP and when it faints
|
|-weather|none
|-heal|p2a: Tyranitar|40/100|[from] item: Leftovers
|upkeep
|c| KiingZ AZ|I like this battle
|
|t:|1664459533
|switch|p1a: Zacian|Zacian-Crowned|100/100
|-ability|p1a: Zacian|Intrepid Sword|boost
|-boost|p1a: Zacian|atk|1
|turn|9
|
|t:|1664459546
|switch|p2a: Quagsire|Quagsire, F|100/100
|-damage|p2a: Quagsire|94/100|[from] Stealth Rock
|move|p1a: Zacian|Play Rough|p2a: Quagsire
|-damage|p2a: Quagsire|57/100
|-unboost|p2a: Quagsire|atk|1
|
|-heal|p2a: Quagsire|63/100|[from] item: Leftovers
|upkeep
|turn|10
|
|t:|1664459552
|move|p1a: Zacian|Play Rough|p2a: Quagsire
|-damage|p2a: Quagsire|22/100
|move|p2a: Quagsire|Recover|p2a: Quagsire
|-heal|p2a: Quagsire|72/100
|
|-heal|p2a: Quagsire|78/100|[from] item: Leftovers
|upkeep
|turn|11
|
|t:|1664459558
|switch|p1a: Ho-Oh|Ho-Oh|100/100
|move|p2a: Quagsire|Recover|p2a: Quagsire
|-heal|p2a: Quagsire|100/100
|
|upkeep
|turn|12
|
|t:|1664459562
|switch|p2a: Giratina|Giratina|68/100
|-damage|p2a: Giratina|56/100|[from] Stealth Rock
|-ability|p2a: Giratina|Pressure
|move|p1a: Ho-Oh|Will-O-Wisp|p2a: Giratina
|-status|p2a: Giratina|brn
|
|-damage|p2a: Giratina|50/100 brn|[from] brn
|upkeep
|turn|13
|
|t:|1664459565
|move|p2a: Giratina|Toxic|p1a: Ho-Oh
|-status|p1a: Ho-Oh|tox
|move|p1a: Ho-Oh|Sacred Fire|p2a: Giratina
|-resisted|p2a: Giratina
|-damage|p2a: Giratina|39/100 brn
|
|-damage|p1a: Ho-Oh|94/100 tox|[from] psn
|-damage|p2a: Giratina|33/100 brn|[from] brn
|upkeep
|turn|14
|
|t:|1664459568
|switch|p1a: Yveltal|Yveltal|58/100
|-ability|p1a: Yveltal|Dark Aura
|move|p2a: Giratina|Rest|p2a: Giratina
|-status|p2a: Giratina|slp|[from] move: Rest
|-heal|p2a: Giratina|100/100 slp|[silent]
|
|upkeep
|turn|15
|
|t:|1664459577
|switch|p2a: Chansey|Chansey, F|100/100
|-damage|p2a: Chansey|88/100|[from] Stealth Rock
|-start|p1a: Yveltal|Dynamax|
|-heal|p1a: Yveltal|58/100|[silent]
|move|p1a: Yveltal|Max Airstream|p2a: Chansey
|-damage|p2a: Chansey|68/100
|-boost|p1a: Yveltal|spe|1
|
|upkeep
|turn|16
|
|t:|1664459582
|move|p1a: Yveltal|Max Darkness|p2a: Chansey
|-damage|p2a: Chansey|26/100
|-unboost|p2a: Chansey|spd|1
|move|p2a: Chansey|Aromatherapy|p2a: Chansey
|-activate|p2a: Chansey|move: Aromatherapy
|-curestatus|p2: Giratina|slp|[msg]
|
|upkeep
|turn|17
|
|t:|1664459585
|move|p1a: Yveltal|Max Darkness|p2a: Chansey
|-damage|p2a: Chansey|0 fnt
|faint|p2a: Chansey
|
|upkeep
|
|t:|1664459592
|switch|p2a: Zacian|Zacian-Crowned|100/100
|-damage|p2a: Zacian|94/100|[from] Stealth Rock
|-ability|p2a: Zacian|Intrepid Sword|boost
|-boost|p2a: Zacian|atk|1
|-end|p1a: Yveltal|Dynamax
|-heal|p1a: Yveltal|58/100|[silent]
|turn|18
|
|t:|1664459595
|move|p1a: Yveltal|Heat Wave|p2a: Zacian
|-supereffective|p2a: Zacian
|-damage|p2a: Zacian|36/100
|move|p2a: Zacian|Play Rough|p1a: Yveltal
|-supereffective|p1a: Yveltal
|-damage|p1a: Yveltal|0 fnt
|faint|p1a: Yveltal
|
|upkeep
|
|t:|1664459598
|switch|p1a: Zacian|Zacian-Crowned|100/100
|-ability|p1a: Zacian|Intrepid Sword|boost
|-boost|p1a: Zacian|atk|1
|turn|19
|
|t:|1664459601
|switch|p2a: Quagsire|Quagsire, F|100/100
|-damage|p2a: Quagsire|94/100|[from] Stealth Rock
|move|p1a: Zacian|Behemoth Blade|p2a: Quagsire
|-resisted|p2a: Quagsire
|-damage|p2a: Quagsire|71/100
|
|-heal|p2a: Quagsire|77/100|[from] item: Leftovers
|upkeep
|turn|20
|
|t:|1664459605
|switch|p1a: Groudon|Groudon-Primal|94/100 tox
|-weather|DesolateLand|[from] ability: Desolate Land|[of] p1a: Groudon
|move|p2a: Quagsire|Toxic|p1a: Groudon
|-fail|p1a: Groudon|tox
|
|-weather|DesolateLand|[upkeep]
|-heal|p2a: Quagsire|83/100|[from] item: Leftovers
|-damage|p1a: Groudon|88/100 tox|[from] psn
|upkeep
|turn|21
|
|t:|1664459612
|-weather|none
|switch|p1a: Ho-Oh|Ho-Oh|100/100 tox
|move|p2a: Quagsire|Earthquake|p1a: Ho-Oh
|-immune|p1a: Ho-Oh
|
|-heal|p2a: Quagsire|89/100|[from] item: Leftovers
|-damage|p1a: Ho-Oh|94/100 tox|[from] psn
|upkeep
|turn|22
|
|t:|1664459618
|switch|p2a: Giratina|Giratina|100/100
|-damage|p2a: Giratina|88/100|[from] Stealth Rock
|-ability|p2a: Giratina|Pressure
|move|p1a: Ho-Oh|Will-O-Wisp|p2a: Giratina
|-status|p2a: Giratina|brn
|
|-damage|p1a: Ho-Oh|82/100 tox|[from] psn
|-damage|p2a: Giratina|82/100 brn|[from] brn
|upkeep
|turn|23
|
|t:|1664459622
|switch|p1a: Zacian|Zacian-Crowned|100/100
|-ability|p1a: Zacian|Intrepid Sword|boost
|-boost|p1a: Zacian|atk|1
|move|p2a: Giratina|Hex|p1a: Zacian
|-damage|p1a: Zacian|78/100
|
|-damage|p2a: Giratina|76/100 brn|[from] brn
|upkeep
|turn|24
|
|t:|1664459626
|switch|p2a: Quagsire|Quagsire, F|89/100
|-damage|p2a: Quagsire|83/100|[from] Stealth Rock
|move|p1a: Zacian|Play Rough|p2a: Quagsire
|-damage|p2a: Quagsire|44/100
|-unboost|p2a: Quagsire|atk|1
|
|-heal|p2a: Quagsire|50/100|[from] item: Leftovers
|upkeep
|turn|25
|
|t:|1664459635
|move|p1a: Zacian|Play Rough|p2a: Quagsire
|-damage|p2a: Quagsire|11/100
|move|p2a: Quagsire|Recover|p2a: Quagsire
|-heal|p2a: Quagsire|61/100
|
|-heal|p2a: Quagsire|68/100|[from] item: Leftovers
|upkeep
|turn|26
|
|t:|1664459642
|switch|p1a: Ho-Oh|Ho-Oh|100/100 tox
|move|p2a: Quagsire|Recover|p2a: Quagsire
|-heal|p2a: Quagsire|100/100
|
|-damage|p1a: Ho-Oh|94/100 tox|[from] psn
|upkeep
|turn|27
|l| zubitop
|
|t:|1664459645
|switch|p1a: Marshadow|Marshadow|100/100
|move|p2a: Quagsire|Earthquake|p1a: Marshadow
|-damage|p1a: Marshadow|73/100
|
|upkeep
|turn|28
|
|t:|1664459650
|move|p1a: Marshadow|Spectral Thief|p2a: Quagsire
|-damage|p2a: Quagsire|69/100
|move|p2a: Quagsire|Toxic|p1a: Marshadow
|-status|p1a: Marshadow|tox
|
|-heal|p2a: Quagsire|75/100|[from] item: Leftovers
|-damage|p1a: Marshadow|67/100 tox|[from] psn
|upkeep
|turn|29
|j| zubitop
|-message|hanwujiwandou forfeited.
|
|win|SoundHas1Ping
|raw|hanwujiwandou's rating: 1705 &rarr; <strong>1682</strong><br />(-23 for losing)
|raw|SoundHas1Ping's rating: 1657 &rarr; <strong>1680</strong><br />(+23 for winning)
|l|☆hanwujiwandou
|c|☆SoundHas1Ping|gg
|c| KiingZ AZ|Nice batttle
|l| zubitop
|c|☆SoundHas1Ping|ty
||Ladder isn't responding, score probably updated but might not have (Request timeout).
