|j|☆Obito152001
|j|☆chopforce8
|t:|1664353422
|gametype|singles
|player|p1|Obito152001|blue-gen3two|2034
|player|p2|chopforce8|red|1934
|teamsize|p1|6
|teamsize|p2|6
|gen|8
|tier|[Gen 8] National Dex AG
|rated|
|rule|HP Percentage Mod: HP is shown in percentages
|rule|Endless Battle Clause: Forcing endless battles is banned
|clearpoke
|poke|p1|Arceus-*|
|poke|p1|Necrozma-Dusk-Mane|
|poke|p1|Zygarde|
|poke|p1|Ditto|
|poke|p1|Yveltal|
|poke|p1|Arceus-*|
|poke|p2|Yveltal|
|poke|p2|Diancie|
|poke|p2|Calyrex-Shadow|
|poke|p2|Zacian-*|
|poke|p2|Ditto|
|poke|p2|Arceus-*|
|teampreview
|inactive|Battle timer is ON: inactive players will automatically lose when time's up. (requested by Obito152001)
|
|t:|1664353441
|start
|switch|p1a: Arceus|Arceus-Fairy|100/100
|switch|p2a: ProfessorQuirrell|Calyrex-Shadow|100/100
|-ability|p2a: ProfessorQuirrell|As One
|-ability|p2a: ProfessorQuirrell|Unnerve
|turn|1
|
|t:|1664353448
|move|p2a: ProfessorQuirrell|Nasty Plot|p2a: ProfessorQuirrell
|-boost|p2a: ProfessorQuirrell|spa|2
|move|p1a: Arceus|Stealth Rock|p2a: ProfessorQuirrell
|-sidestart|p2: chopforce8|move: Stealth Rock
|
|upkeep
|turn|2
|
|t:|1664353454
|switch|p1a: Arceus|Arceus|100/100
|move|p2a: ProfessorQuirrell|Astral Barrage|p1a: Arceus
|-immune|p1a: Arceus
|
|upkeep
|turn|3
|
|t:|1664353460
|move|p2a: ProfessorQuirrell|Baton Pass|p2a: ProfessorQuirrell
|
|t:|1664353461
|switch|p2a: Chess Wizard|Arceus-Flying|100/100|[from]move: Baton Pass
|-damage|p2a: Chess Wizard|76/100|[from] Stealth Rock
|move|p1a: Arceus|Shadow Claw|p2a: Chess Wizard
|-damage|p2a: Chess Wizard|57/100
|
|upkeep
|turn|4
|
|t:|1664353469
|switch|p1a: Arceus|Arceus-Fairy|100/100
|move|p2a: Chess Wizard|Recover|p2a: Chess Wizard
|-heal|p2a: Chess Wizard|100/100
|
|upkeep
|turn|5
|
|t:|1664353475
|-start|p2a: Chess Wizard|Dynamax|
|-heal|p2a: Chess Wizard|100/100|[silent]
|move|p2a: Chess Wizard|Max Airstream|p1a: Arceus
|-damage|p1a: Arceus|39/100
|-boost|p2a: Chess Wizard|spe|1
|move|p1a: Arceus|Toxic|p2a: Chess Wizard|[miss]
|-miss|p1a: Arceus|p2a: Chess Wizard
|
|upkeep
|turn|6
|
|t:|1664353484
|move|p2a: Chess Wizard|Max Guard|p2a: Chess Wizard
|-singleturn|p2a: Chess Wizard|Max Guard
|move|p1a: Arceus|Judgment|p2a: Chess Wizard
|-activate|p2a: Chess Wizard|move: Max Guard
|
|upkeep
|turn|7
|
|t:|1664353488
|move|p2a: Chess Wizard|Max Airstream|p1a: Arceus
|-damage|p1a: Arceus|0 fnt
|-boost|p2a: Chess Wizard|spe|1
|faint|p1a: Arceus
|
|upkeep
|
|t:|1664353495
|switch|p1a: Necrozma|Necrozma-Dusk-Mane|100/100
|-end|p2a: Chess Wizard|Dynamax
|-heal|p2a: Chess Wizard|100/100|[silent]
|turn|8
|
|t:|1664353499
|-start|p1a: Necrozma|Dynamax|
|-heal|p1a: Necrozma|100/100|[silent]
|move|p2a: Chess Wizard|Judgment|p1a: Necrozma
|-resisted|p1a: Necrozma
|-damage|p1a: Necrozma|87/100
|move|p1a: Necrozma|Max Steelspike|p2a: Chess Wizard
|-damage|p2a: Chess Wizard|56/100
|-boost|p1a: Necrozma|def|1
|
|upkeep
|turn|9
|
|t:|1664353509
|move|p2a: Chess Wizard|Recover|p2a: Chess Wizard
|-heal|p2a: Chess Wizard|100/100
|move|p1a: Necrozma|Max Steelspike|p2a: Chess Wizard
|-damage|p2a: Chess Wizard|56/100
|-boost|p1a: Necrozma|def|1
|
|upkeep
|turn|10
|
|t:|1664353519
|move|p2a: Chess Wizard|Recover|p2a: Chess Wizard
|-heal|p2a: Chess Wizard|100/100
|move|p1a: Necrozma|Max Steelspike|p2a: Chess Wizard
|-damage|p2a: Chess Wizard|58/100
|-boost|p1a: Necrozma|def|1
|
|upkeep
|-end|p1a: Necrozma|Dynamax
|-heal|p1a: Necrozma|87/100|[silent]
|turn|11
|
|t:|1664353533
|move|p2a: Chess Wizard|Recover|p2a: Chess Wizard
|-heal|p2a: Chess Wizard|100/100
|move|p1a: Necrozma|Dragon Dance|p1a: Necrozma
|-boost|p1a: Necrozma|atk|1
|-boost|p1a: Necrozma|spe|1
|
|upkeep
|turn|12
|
|t:|1664353541
|move|p2a: Chess Wizard|Perish Song|p2a: Chess Wizard
|-start|p1a: Necrozma|perish3|[silent]
|-start|p2a: Chess Wizard|perish3|[silent]
|-fieldactivate|move: Perish Song
|move|p1a: Necrozma|Sunsteel Strike|p2a: Chess Wizard
|-damage|p2a: Chess Wizard|52/100
|
|-start|p2a: Chess Wizard|perish3
|-start|p1a: Necrozma|perish3
|upkeep
|turn|13
|
|t:|1664353549
|move|p2a: Chess Wizard|Recover|p2a: Chess Wizard
|-heal|p2a: Chess Wizard|100/100
|move|p1a: Necrozma|Dragon Dance|p1a: Necrozma
|-boost|p1a: Necrozma|atk|1
|-boost|p1a: Necrozma|spe|1
|
|-start|p2a: Chess Wizard|perish2
|-start|p1a: Necrozma|perish2
|upkeep
|turn|14
|
|t:|1664353557
|switch|p2a: MirrorofErised|Ditto|100/100
|-damage|p2a: MirrorofErised|88/100|[from] Stealth Rock
|-transform|p2a: MirrorofErised|p1a: Necrozma|[from] ability: Imposter
|move|p1a: Necrozma|Sunsteel Strike|p2a: MirrorofErised
|-resisted|p2a: MirrorofErised
|-damage|p2a: MirrorofErised|70/100
|
|-start|p1a: Necrozma|perish1
|upkeep
|turn|15
|
|t:|1664353576
|switch|p1a: Zygarde|Zygarde, shiny|100/100
|move|p2a: MirrorofErised|Earthquake|p1a: Zygarde
|-damage|p1a: Zygarde|67/100
|
|-heal|p1a: Zygarde|74/100|[from] item: Leftovers
|upkeep
|turn|16
|
|t:|1664353585
|switch|p2a: Harry Potter|Diancie|100/100
|-damage|p2a: Harry Potter|88/100|[from] Stealth Rock
|move|p1a: Zygarde|Glare|p2a: Harry Potter
|-status|p2a: Harry Potter|par
|
|-heal|p1a: Zygarde|80/100|[from] item: Leftovers
|upkeep
|turn|17
|
|t:|1664353593
|switch|p1a: Necrozma|Necrozma-Dusk-Mane|87/100
|move|p2a: Harry Potter|Stealth Rock|p1a: Necrozma
|-sidestart|p1: Obito152001|move: Stealth Rock
|
|upkeep
|turn|18
|
|t:|1664353598
|switch|p2a: ProfessorQuirrell|Calyrex-Shadow|100/100
|-ability|p2a: ProfessorQuirrell|As One
|-ability|p2a: ProfessorQuirrell|Unnerve
|-damage|p2a: ProfessorQuirrell|88/100|[from] Stealth Rock
|move|p1a: Necrozma|Dragon Dance|p1a: Necrozma
|-boost|p1a: Necrozma|atk|1
|-boost|p1a: Necrozma|spe|1
|
|upkeep
|turn|19
|
|t:|1664353607
|switch|p1a: Yveltal|Yveltal, shiny|100/100
|-ability|p1a: Yveltal|Dark Aura
|move|p2a: ProfessorQuirrell|Astral Barrage|p1a: Yveltal
|-resisted|p1a: Yveltal
|-damage|p1a: Yveltal|81/100
|
|upkeep
|turn|20
|
|t:|1664353615
|switch|p2a: Harry Potter|Diancie|88/100 par
|-damage|p2a: Harry Potter|76/100 par|[from] Stealth Rock
|move|p1a: Yveltal|Knock Off|p2a: Harry Potter
|-resisted|p2a: Harry Potter
|-damage|p2a: Harry Potter|56/100 par
|
|upkeep
|turn|21
|
|t:|1664353622
|switch|p1a: Necrozma|Necrozma-Dusk-Mane|87/100
|-damage|p1a: Necrozma|81/100|[from] Stealth Rock
|detailschange|p2a: Harry Potter|Diancie-Mega
|-mega|p2a: Harry Potter|Diancie|Diancite
|move|p2a: Harry Potter|Earth Power|p1a: Necrozma
|-supereffective|p1a: Necrozma
|-damage|p1a: Necrozma|49/100
|-enditem|p1a: Necrozma|Weakness Policy
|-boost|p1a: Necrozma|atk|2|[from] item: Weakness Policy
|-boost|p1a: Necrozma|spa|2|[from] item: Weakness Policy
|
|upkeep
|turn|22
|
|t:|1664353633
|move|p1a: Necrozma|Moonlight|p1a: Necrozma
|-heal|p1a: Necrozma|99/100
|cant|p2a: Harry Potter|par
|
|upkeep
|turn|23
|
|t:|1664353639
|switch|p2a: Voldemort|Yveltal|100/100
|-damage|p2a: Voldemort|76/100|[from] Stealth Rock
|-ability|p2a: Voldemort|Dark Aura
|move|p1a: Necrozma|Earthquake|p2a: Voldemort
|-immune|p2a: Voldemort
|
|upkeep
|turn|24
|
|t:|1664353647
|switch|p1a: Yveltal|Yveltal, shiny|81/100
|-ability|p1a: Yveltal|Dark Aura
|move|p2a: Voldemort|Dark Pulse|p1a: Yveltal
|-resisted|p1a: Yveltal
|-damage|p1a: Yveltal|62/100
|-damage|p2a: Voldemort|66/100|[from] item: Life Orb
|
|upkeep
|turn|25
|
|t:|1664353654
|move|p2a: Voldemort|Oblivion Wing|p1a: Yveltal
|-damage|p1a: Yveltal|32/100
|-heal|p2a: Voldemort|92/100|[from] drain|[of] p1a: Yveltal
|-damage|p2a: Voldemort|82/100|[from] item: Life Orb
|move|p1a: Yveltal|Roost|p1a: Yveltal
|-heal|p1a: Yveltal|82/100
|-singleturn|p1a: Yveltal|move: Roost
|
|upkeep
|turn|26
|
|t:|1664353664
|move|p2a: Voldemort|Oblivion Wing|p1a: Yveltal
|-damage|p1a: Yveltal|52/100
|-heal|p2a: Voldemort|100/100|[from] drain|[of] p1a: Yveltal
|-damage|p2a: Voldemort|91/100|[from] item: Life Orb
|move|p1a: Yveltal|Toxic|p2a: Voldemort
|-status|p2a: Voldemort|tox
|
|-damage|p2a: Voldemort|84/100 tox|[from] psn
|upkeep
|turn|27
|
|t:|1664353674
|switch|p2a: Harry Potter|Diancie-Mega|56/100 par
|-damage|p2a: Harry Potter|43/100 par|[from] Stealth Rock
|move|p1a: Yveltal|Roost|p1a: Yveltal
|-heal|p1a: Yveltal|100/100
|-singleturn|p1a: Yveltal|move: Roost
|
|upkeep
|turn|28
|
|t:|1664353685
|switch|p1a: Necrozma|Necrozma-Dusk-Mane|99/100
|-damage|p1a: Necrozma|93/100|[from] Stealth Rock
|switch|p2a: ProfessorQuirrell|Calyrex-Shadow|88/100
|-ability|p2a: ProfessorQuirrell|As One
|-ability|p2a: ProfessorQuirrell|Unnerve
|-damage|p2a: ProfessorQuirrell|76/100|[from] Stealth Rock
|
|upkeep
|turn|29
|
|t:|1664353697
|switch|p1a: Yveltal|Yveltal, shiny|100/100
|-ability|p1a: Yveltal|Dark Aura
|move|p2a: ProfessorQuirrell|Nasty Plot|p2a: ProfessorQuirrell
|-boost|p2a: ProfessorQuirrell|spa|2
|
|upkeep
|turn|30
|
|t:|1664353706
|move|p2a: ProfessorQuirrell|Substitute|p2a: ProfessorQuirrell
|-start|p2a: ProfessorQuirrell|Substitute
|-damage|p2a: ProfessorQuirrell|51/100
|move|p1a: Yveltal|Knock Off|p2a: ProfessorQuirrell
|-supereffective|p2a: ProfessorQuirrell
|-end|p2a: ProfessorQuirrell|Substitute
|
|upkeep
|turn|31
|
|t:|1664353712
|move|p2a: ProfessorQuirrell|Baton Pass|p2a: ProfessorQuirrell
|
|t:|1664353718
|switch|p2a: Voldemort|Yveltal|84/100 tox|[from]move: Baton Pass
|-damage|p2a: Voldemort|60/100 tox|[from] Stealth Rock
|-ability|p2a: Voldemort|Dark Aura
|move|p1a: Yveltal|Knock Off|p2a: Voldemort
|-resisted|p2a: Voldemort
|-damage|p2a: Voldemort|32/100 tox
|-enditem|p2a: Voldemort|Life Orb|[from] move: Knock Off|[of] p1a: Yveltal
|
|-damage|p2a: Voldemort|26/100 tox|[from] psn
|upkeep
|turn|32
|
|t:|1664353731
|move|p2a: Voldemort|Oblivion Wing|p1a: Yveltal
|-damage|p1a: Yveltal|53/100
|-heal|p2a: Voldemort|67/100 tox|[from] drain|[of] p1a: Yveltal
|move|p1a: Yveltal|Roost|p1a: Yveltal
|-heal|p1a: Yveltal|100/100
|-singleturn|p1a: Yveltal|move: Roost
|
|-damage|p2a: Voldemort|55/100 tox|[from] psn
|upkeep
|turn|33
|
|t:|1664353740
|move|p2a: Voldemort|Oblivion Wing|p1a: Yveltal
|-damage|p1a: Yveltal|52/100
|-heal|p2a: Voldemort|97/100 tox|[from] drain|[of] p1a: Yveltal
|move|p1a: Yveltal|Roost|p1a: Yveltal
|-heal|p1a: Yveltal|100/100
|-singleturn|p1a: Yveltal|move: Roost
|
|-damage|p2a: Voldemort|79/100 tox|[from] psn
|upkeep
|turn|34
|
|t:|1664353753
|switch|p2a: Chess Wizard|Arceus-Flying|100/100
|-damage|p2a: Chess Wizard|76/100|[from] Stealth Rock
|move|p1a: Yveltal|Roost||[still]
|-fail|p1a: Yveltal|heal
|
|upkeep
|turn|35
|
|t:|1664353760
|switch|p2a: Harry Potter|Diancie-Mega|43/100 par
|-damage|p2a: Harry Potter|31/100 par|[from] Stealth Rock
|move|p1a: Yveltal|Toxic|p2a: Harry Potter
|move|p2a: Harry Potter|Toxic|p1a: Yveltal|[from]ability: Magic Bounce
|-status|p1a: Yveltal|tox
|
|-damage|p1a: Yveltal|94/100 tox|[from] psn
|upkeep
|turn|36
|
|t:|1664353769
|move|p1a: Yveltal|Knock Off|p2a: Harry Potter
|-resisted|p2a: Harry Potter
|-damage|p2a: Harry Potter|5/100 par
|move|p2a: Harry Potter|Earth Power|p1a: Yveltal
|-immune|p1a: Yveltal
|
|-damage|p1a: Yveltal|82/100 tox|[from] psn
|upkeep
|turn|37
|
|t:|1664353776
|move|p1a: Yveltal|Knock Off|p2a: Harry Potter
|-resisted|p2a: Harry Potter
|-damage|p2a: Harry Potter|0 fnt
|faint|p2a: Harry Potter
|
|-damage|p1a: Yveltal|64/100 tox|[from] psn
|upkeep
|
|t:|1664353790
|switch|p2a: Voldemort|Yveltal|79/100 tox
|-damage|p2a: Voldemort|54/100 tox|[from] Stealth Rock
|-ability|p2a: Voldemort|Dark Aura
|turn|38
|
|t:|1664353798
|switch|p1a: Arceus|Arceus|100/100
|-damage|p1a: Arceus|88/100|[from] Stealth Rock
|move|p2a: Voldemort|Oblivion Wing|p1a: Arceus
|-damage|p1a: Arceus|61/100
|-heal|p2a: Voldemort|77/100 tox|[from] drain|[of] p1a: Arceus
|
|-damage|p2a: Voldemort|70/100 tox|[from] psn
|upkeep
|turn|39
|
|t:|1664353809
|move|p1a: Arceus|Extreme Speed|p2a: Voldemort
|-damage|p2a: Voldemort|25/100 tox
|move|p2a: Voldemort|Oblivion Wing|p1a: Arceus
|-damage|p1a: Arceus|36/100
|-heal|p2a: Voldemort|47/100 tox|[from] drain|[of] p1a: Arceus
|
|-damage|p2a: Voldemort|35/100 tox|[from] psn
|upkeep
|turn|40
|
|t:|1664353818
|switch|p2a: Fluffy|Zacian-Crowned|100/100
|-damage|p2a: Fluffy|94/100|[from] Stealth Rock
|-ability|p2a: Fluffy|Intrepid Sword|boost
|-boost|p2a: Fluffy|atk|1
|move|p1a: Arceus|Extreme Speed|p2a: Fluffy
|-resisted|p2a: Fluffy
|-damage|p2a: Fluffy|76/100
|
|upkeep
|turn|41
|
|t:|1664353826
|move|p2a: Fluffy|Substitute|p2a: Fluffy
|-start|p2a: Fluffy|Substitute
|-damage|p2a: Fluffy|51/100
|move|p1a: Arceus|Shadow Claw|p2a: Fluffy
|-activate|p2a: Fluffy|move: Substitute|[damage]
|
|upkeep
|turn|42
|
|t:|1664353833
|move|p1a: Arceus|Extreme Speed|p2a: Fluffy
|-resisted|p2a: Fluffy
|-end|p2a: Fluffy|Substitute
|move|p2a: Fluffy|Substitute|p2a: Fluffy
|-start|p2a: Fluffy|Substitute
|-damage|p2a: Fluffy|26/100
|
|upkeep
|turn|43
|
|t:|1664353839
|move|p1a: Arceus|Extreme Speed|p2a: Fluffy
|-resisted|p2a: Fluffy
|-activate|p2a: Fluffy|move: Substitute|[damage]
|move|p2a: Fluffy|Behemoth Blade|p1a: Arceus
|-damage|p1a: Arceus|0 fnt
|faint|p1a: Arceus
|
|upkeep
|
|t:|1664353844
|switch|p1a: Necrozma|Necrozma-Dusk-Mane|93/100
|-damage|p1a: Necrozma|87/100|[from] Stealth Rock
|turn|44
|
|t:|1664353849
|move|p2a: Fluffy|Close Combat|p1a: Necrozma
|-damage|p1a: Necrozma|36/100
|-unboost|p2a: Fluffy|def|1
|-unboost|p2a: Fluffy|spd|1
|move|p1a: Necrozma|Sunsteel Strike|p2a: Fluffy
|-end|p2a: Fluffy|Substitute
|
|upkeep
|turn|45
|
|t:|1664353859
|move|p2a: Fluffy|Substitute|p2a: Fluffy
|-start|p2a: Fluffy|Substitute
|-damage|p2a: Fluffy|1/100
|move|p1a: Necrozma|Moonlight|p1a: Necrozma
|-heal|p1a: Necrozma|86/100
|
|upkeep
|turn|46
|
|t:|1664353866
|move|p2a: Fluffy|Close Combat|p1a: Necrozma
|-damage|p1a: Necrozma|35/100
|-unboost|p2a: Fluffy|def|1
|-unboost|p2a: Fluffy|spd|1
|move|p1a: Necrozma|Earthquake|p2a: Fluffy
|-supereffective|p2a: Fluffy
|-end|p2a: Fluffy|Substitute
|
|upkeep
|turn|47
|
|t:|1664353879
|switch|p2a: Voldemort|Yveltal|35/100 tox
|-damage|p2a: Voldemort|10/100 tox|[from] Stealth Rock
|-ability|p2a: Voldemort|Dark Aura
|move|p1a: Necrozma|Moonlight|p1a: Necrozma
|-heal|p1a: Necrozma|85/100
|
|-damage|p2a: Voldemort|4/100 tox|[from] psn
|upkeep
|turn|48
|j| ddddddabai
|
|t:|1664353895
|switch|p1a: Yveltal|Yveltal, shiny|64/100 tox
|-ability|p1a: Yveltal|Dark Aura
|move|p2a: Voldemort|Dark Pulse|p1a: Yveltal
|-resisted|p1a: Yveltal
|-damage|p1a: Yveltal|49/100 tox
|
|-damage|p2a: Voldemort|0 fnt|[from] psn
|faint|p2a: Voldemort
|-damage|p1a: Yveltal|43/100 tox|[from] psn
|upkeep
|inactive|chopforce8 has 120 seconds left.
|
|t:|1664353926
|switch|p2a: MirrorofErised|Ditto|70/100
|-damage|p2a: MirrorofErised|57/100|[from] Stealth Rock
|-transform|p2a: MirrorofErised|p1a: Yveltal|[from] ability: Imposter
|-ability|p2a: MirrorofErised|Dark Aura
|turn|49
|inactive|chopforce8 has 120 seconds left.
|
|t:|1664353938
|move|p2a: MirrorofErised|Knock Off|p1a: Yveltal
|-resisted|p1a: Yveltal
|-damage|p1a: Yveltal|22/100 tox
|-enditem|p1a: Yveltal|Heavy-Duty Boots|[from] move: Knock Off|[of] p2a: MirrorofErised
|move|p1a: Yveltal|Roost|p1a: Yveltal
|-heal|p1a: Yveltal|72/100 tox
|-singleturn|p1a: Yveltal|move: Roost
|
|-damage|p1a: Yveltal|60/100 tox|[from] psn
|upkeep
|turn|50
|
|t:|1664353947
|switch|p2a: Fluffy|Zacian-Crowned|1/100
|-damage|p2a: Fluffy|0 fnt|[from] Stealth Rock
|faint|p2a: Fluffy
|move|p1a: Yveltal|Toxic|p2: Fluffy|[notarget]
|-fail|p1a: Yveltal
|
|-damage|p1a: Yveltal|41/100 tox|[from] psn
|upkeep
|inactive|chopforce8 has 120 seconds left.
|
|t:|1664353963
|switch|p2a: MirrorofErised|Ditto|57/100
|-damage|p2a: MirrorofErised|45/100|[from] Stealth Rock
|-transform|p2a: MirrorofErised|p1a: Yveltal|[from] ability: Imposter
|-ability|p2a: MirrorofErised|Dark Aura
|turn|51
|inactive|chopforce8 has 120 seconds left.
|
|t:|1664353973
|move|p2a: MirrorofErised|Roost|p2a: MirrorofErised
|-heal|p2a: MirrorofErised|95/100
|-singleturn|p2a: MirrorofErised|move: Roost
|move|p1a: Yveltal|Toxic|p2a: MirrorofErised
|-status|p2a: MirrorofErised|tox
|
|-damage|p2a: MirrorofErised|89/100 tox|[from] psn
|-damage|p1a: Yveltal|17/100 tox|[from] psn
|upkeep
|turn|52
|inactive|chopforce8 has 120 seconds left.
|
|t:|1664353982
|switch|p2a: Chess Wizard|Arceus-Flying|76/100
|-damage|p2a: Chess Wizard|51/100|[from] Stealth Rock
|move|p1a: Yveltal|Roost|p1a: Yveltal
|-heal|p1a: Yveltal|67/100 tox
|-singleturn|p1a: Yveltal|move: Roost
|
|-damage|p1a: Yveltal|36/100 tox|[from] psn
|upkeep
|turn|53
|inactive|chopforce8 has 120 seconds left.
|
|t:|1664353993
|switch|p2a: MirrorofErised|Ditto|89/100 tox
|-damage|p2a: MirrorofErised|77/100 tox|[from] Stealth Rock
|-transform|p2a: MirrorofErised|p1a: Yveltal|[from] ability: Imposter
|-ability|p2a: MirrorofErised|Dark Aura
|move|p1a: Yveltal|Toxic|p2a: MirrorofErised
|-fail|p2a: MirrorofErised|tox
|
|-damage|p2a: MirrorofErised|71/100 tox|[from] psn
|-damage|p1a: Yveltal|0 fnt|[from] psn
|faint|p1a: Yveltal
|upkeep
|
|t:|1664353999
|switch|p1a: Necrozma|Necrozma-Dusk-Mane|85/100
|-damage|p1a: Necrozma|79/100|[from] Stealth Rock
|turn|54
|
|t:|1664354007
|move|p2a: MirrorofErised|Knock Off|p1a: Necrozma
|-supereffective|p1a: Necrozma
|-damage|p1a: Necrozma|38/100
|move|p1a: Necrozma|Moonlight|p1a: Necrozma
|-heal|p1a: Necrozma|88/100
|
|-damage|p2a: MirrorofErised|59/100 tox|[from] psn
|upkeep
|turn|55
|
|t:|1664354015
|switch|p2a: ProfessorQuirrell|Calyrex-Shadow|51/100
|-ability|p2a: ProfessorQuirrell|As One
|-ability|p2a: ProfessorQuirrell|Unnerve
|-damage|p2a: ProfessorQuirrell|39/100|[from] Stealth Rock
|move|p1a: Necrozma|Moonlight|p1a: Necrozma
|-heal|p1a: Necrozma|100/100
|
|upkeep
|turn|56
|l| ddddddabai
|
|t:|1664354024
|move|p2a: ProfessorQuirrell|Astral Barrage|p1a: Necrozma
|-supereffective|p1a: Necrozma
|-damage|p1a: Necrozma|33/100
|move|p1a: Necrozma|Sunsteel Strike|p2a: ProfessorQuirrell
|-damage|p2a: ProfessorQuirrell|0 fnt
|faint|p2a: ProfessorQuirrell
|
|upkeep
|
|t:|1664354038
|switch|p2a: MirrorofErised|Ditto|59/100 tox
|-damage|p2a: MirrorofErised|46/100 tox|[from] Stealth Rock
|-transform|p2a: MirrorofErised|p1a: Necrozma|[from] ability: Imposter
|turn|57
|
|t:|1664354043
|switch|p1a: Zygarde|Zygarde, shiny|80/100
|-damage|p1a: Zygarde|74/100|[from] Stealth Rock
|move|p2a: MirrorofErised|Earthquake|p1a: Zygarde
|-damage|p1a: Zygarde|57/100
|
|-heal|p1a: Zygarde|63/100|[from] item: Leftovers
|-damage|p2a: MirrorofErised|40/100 tox|[from] psn
|upkeep
|turn|58
|
|t:|1664354053
|switch|p2a: Chess Wizard|Arceus-Flying|51/100
|-damage|p2a: Chess Wizard|26/100|[from] Stealth Rock
|move|p1a: Zygarde|Glare|p2a: Chess Wizard
|-status|p2a: Chess Wizard|par
|
|-heal|p1a: Zygarde|69/100|[from] item: Leftovers
|upkeep
|turn|59
|
|t:|1664354061
|move|p1a: Zygarde|Thousand Arrows|p2a: Chess Wizard
|-damage|p2a: Chess Wizard|5/100 par
|-start|p2a: Chess Wizard|Smack Down
|move|p2a: Chess Wizard|Recover|p2a: Chess Wizard
|-heal|p2a: Chess Wizard|55/100 par
|
|-heal|p1a: Zygarde|75/100|[from] item: Leftovers
|upkeep
|turn|60
|
|t:|1664354068
|switch|p1a: Necrozma|Necrozma-Dusk-Mane|33/100
|-damage|p1a: Necrozma|27/100|[from] Stealth Rock
|move|p2a: Chess Wizard|Recover|p2a: Chess Wizard
|-heal|p2a: Chess Wizard|100/100 par
|
|upkeep
|turn|61
|
|t:|1664354075
|move|p1a: Necrozma|Moonlight|p1a: Necrozma
|-heal|p1a: Necrozma|77/100
|move|p2a: Chess Wizard|Perish Song|p2a: Chess Wizard
|-start|p1a: Necrozma|perish3|[silent]
|-start|p2a: Chess Wizard|perish3|[silent]
|-fieldactivate|move: Perish Song
|
|-start|p1a: Necrozma|perish3
|-start|p2a: Chess Wizard|perish3
|upkeep
|turn|62
|
|t:|1664354082
|switch|p2a: MirrorofErised|Ditto|40/100 tox
|-damage|p2a: MirrorofErised|28/100 tox|[from] Stealth Rock
|-transform|p2a: MirrorofErised|p1a: Necrozma|[from] ability: Imposter
|move|p1a: Necrozma|Dragon Dance|p1a: Necrozma
|-boost|p1a: Necrozma|atk|1
|-boost|p1a: Necrozma|spe|1
|
|-damage|p2a: MirrorofErised|22/100 tox|[from] psn
|-start|p1a: Necrozma|perish2
|upkeep
|turn|63
|
|t:|1664354096
|move|p2a: MirrorofErised|Moonlight|p2a: MirrorofErised
|-heal|p2a: MirrorofErised|72/100 tox
|move|p1a: Necrozma|Earthquake|p2a: MirrorofErised
|-supereffective|p2a: MirrorofErised
|-damage|p2a: MirrorofErised|3/100 tox
|
|-damage|p2a: MirrorofErised|0 fnt|[from] psn
|faint|p2a: MirrorofErised
|-start|p1a: Necrozma|perish1
|upkeep
|
|t:|1664354105
|switch|p2a: Chess Wizard|Arceus-Flying|100/100 par
|-damage|p2a: Chess Wizard|76/100 par|[from] Stealth Rock
|turn|64
|
|t:|1664354108
|switch|p1a: Ditto|Ditto, shiny|100/100
|-damage|p1a: Ditto|88/100|[from] Stealth Rock
|-transform|p1a: Ditto|p2a: Chess Wizard|[from] ability: Imposter
|move|p2a: Chess Wizard|Calm Mind|p2a: Chess Wizard
|-boost|p2a: Chess Wizard|spa|1
|-boost|p2a: Chess Wizard|spd|1
|
|upkeep
|turn|65
|
|t:|1664354117
|move|p1a: Ditto|Perish Song|p1a: Ditto
|-start|p1a: Ditto|perish3|[silent]
|-start|p2a: Chess Wizard|perish3|[silent]
|-fieldactivate|move: Perish Song
|move|p2a: Chess Wizard|Judgment|p1a: Ditto
|-damage|p1a: Ditto|18/100
|
|-start|p1a: Ditto|perish3
|-start|p2a: Chess Wizard|perish3
|upkeep
|turn|66
|
|t:|1664354125
|switch|p1a: Zygarde|Zygarde, shiny|75/100
|-damage|p1a: Zygarde|69/100|[from] Stealth Rock
|move|p2a: Chess Wizard|Judgment|p1a: Zygarde
|-damage|p1a: Zygarde|9/100
|
|-heal|p1a: Zygarde|15/100|[from] item: Leftovers
|-start|p2a: Chess Wizard|perish2
|-activate|p1a: Zygarde|ability: Power Construct
|detailschange|p1a: Zygarde|Zygarde-Complete, shiny
|-heal|p1a: Zygarde|44/100|[silent]
|upkeep
|turn|67
|
|t:|1664354137
|move|p1a: Zygarde|Haze|p1a: Zygarde
|-clearallboost
|move|p2a: Chess Wizard|Judgment|p1a: Zygarde
|-damage|p1a: Zygarde|17/100
|
|-heal|p1a: Zygarde|23/100|[from] item: Leftovers
|-start|p2a: Chess Wizard|perish1
|upkeep
|turn|68
|c|☆chopforce8|gg
|
|t:|1664354144
|switch|p1a: Necrozma|Necrozma-Dusk-Mane|77/100
|-damage|p1a: Necrozma|71/100|[from] Stealth Rock
|move|p2a: Chess Wizard|Judgment|p1a: Necrozma
|-resisted|p1a: Necrozma
|-damage|p1a: Necrozma|58/100
|
|-start|p2a: Chess Wizard|perish0
|upkeep
|faint|p2a: Chess Wizard
|
|win|Obito152001
|raw|Obito152001's rating: 2034 &rarr; <strong>2048</strong><br />(+14 for winning)
|raw|chopforce8's rating: 1934 &rarr; <strong>1920</strong><br />(-14 for losing)
|c|☆Obito152001|Gg
|l|☆chopforce8
