|j|☆cotesmcgotes
|j|☆Hhhhhhhhhhhhx
|t:|1665414965
|gametype|singles
|player|p1|cotesmcgotes|brendan|1561
|player|p2|Hhhhhhhhhhhhx|nate|1640
|teamsize|p1|6
|teamsize|p2|6
|gen|8
|tier|[Gen 8] National Dex AG
|rated|
|rule|HP Percentage Mod: HP is shown in percentages
|rule|Endless Battle Clause: Forcing endless battles is banned
|clearpoke
|poke|p1|Quagsire, M|
|poke|p1|Cinderace, M|
|poke|p1|Breloom, M|
|poke|p1|Weavile, M|
|poke|p1|Kyogre|
|poke|p1|Ho-Oh|
|poke|p2|Greninja, M|
|poke|p2|Zacian-*|
|poke|p2|Necrozma-Dusk-Mane|
|poke|p2|Urshifu-*, M|
|poke|p2|Kyogre|
|poke|p2|Dialga|
|teampreview
|
|t:|1665414982
|start
|switch|p1a: Weavile|Weavile, M|100/100
|switch|p2a: Dialga|Dialga|100/100
|-ability|p1a: Weavile|Pressure
|-ability|p2a: Dialga|Pressure
|turn|1
|inactive|Battle timer is ON: inactive players will automatically lose when time's up. (requested by cotesmcgotes)
|
|t:|1665415005
|switch|p1a: Cinderace|Cinderace, M|100/100
|-start|p2a: Dialga|Dynamax|
|-heal|p2a: Dialga|100/100|[silent]
|move|p2a: Dialga|Max Steelspike|p1a: Cinderace
|-resisted|p1a: Cinderace
|-damage|p1a: Cinderace|13/100
|-boost|p2a: Dialga|def|1
|-damage|p2a: Dialga|96/100|[from] item: Life Orb
|
|upkeep
|turn|2
|
|t:|1665415018
|move|p1a: Cinderace|Flame Charge|p2a: Dialga
|-damage|p2a: Dialga|89/100
|-boost|p1a: Cinderace|spe|1
|move|p2a: Dialga|Max Quake|p1a: Cinderace
|-supereffective|p1a: Cinderace
|-damage|p1a: Cinderace|0 fnt
|-boost|p2a: Dialga|spd|1
|faint|p1a: Cinderace
|-damage|p2a: Dialga|85/100|[from] item: Life Orb
|
|upkeep
|inactive|cotesmcgotes has 120 seconds left.
|c|☆Hhhhhhhhhhhhx|？
|
|t:|1665415067
|switch|p1a: Kyogre|Kyogre|100/100
|-weather|RainDance|[from] ability: Drizzle|[of] p1a: Kyogre
|turn|3
|
|t:|1665415073
|-start|p1a: Kyogre|Dynamax|
|-heal|p1a: Kyogre|100/100|[silent]
|move|p1a: Kyogre|Max Hailstorm|p2a: Dialga
|-damage|p2a: Dialga|70/100
|-weather|Hail
|move|p2a: Dialga|Max Quake|p1a: Kyogre
|-damage|p1a: Kyogre|74/100
|-boost|p2a: Dialga|spd|1
|-damage|p2a: Dialga|65/100|[from] item: Life Orb
|
|-weather|Hail|[upkeep]
|-damage|p1a: Kyogre|71/100|[from] Hail
|-damage|p2a: Dialga|62/100|[from] Hail
|upkeep
|-end|p2a: Dialga|Dynamax
|-heal|p2a: Dialga|62/100|[silent]
|turn|4
|j| Mateusouzac
|
|t:|1665415090
|move|p1a: Kyogre|Max Hailstorm|p2a: Dialga
|-damage|p2a: Dialga|41/100
|move|p2a: Dialga|Earth Power|p1a: Kyogre
|-damage|p1a: Kyogre|53/100
|-damage|p2a: Dialga|31/100|[from] item: Life Orb
|
|-weather|Hail|[upkeep]
|-damage|p1a: Kyogre|50/100|[from] Hail
|-damage|p2a: Dialga|25/100|[from] Hail
|upkeep
|turn|5
|l| Mateusouzac
|
|t:|1665415098
|move|p1a: Kyogre|Max Hailstorm|p2a: Dialga
|-damage|p2a: Dialga|3/100
|move|p2a: Dialga|Draco Meteor|p1a: Kyogre
|-damage|p1a: Kyogre|9/100
|-unboost|p2a: Dialga|spa|2
|-damage|p2a: Dialga|0 fnt|[from] item: Life Orb
|faint|p2a: Dialga
|
|-weather|Hail|[upkeep]
|-damage|p1a: Kyogre|6/100|[from] Hail
|upkeep
|
|t:|1665415110
|switch|p2a: Zacian|Zacian-Crowned|100/100
|-ability|p2a: Zacian|Intrepid Sword|boost
|-boost|p2a: Zacian|atk|1
|-end|p1a: Kyogre|Dynamax
|-heal|p1a: Kyogre|6/100|[silent]
|turn|6
|
|t:|1665415119
|move|p1a: Kyogre|Scald|p2a: Zacian
|-damage|p2a: Zacian|55/100
|move|p2a: Zacian|Behemoth Blade|p1a: Kyogre
|-resisted|p1a: Kyogre
|-damage|p1a: Kyogre|0 fnt
|faint|p1a: Kyogre
|
|-weather|Hail|[upkeep]
|-damage|p2a: Zacian|49/100|[from] Hail
|upkeep
|
|t:|1665415131
|switch|p1a: Quagsire|Quagsire, M|100/100
|turn|7
|
|t:|1665415139
|switch|p2a: Kyogre|Kyogre|100/100
|-weather|RainDance|[from] ability: Drizzle|[of] p2a: Kyogre
|move|p1a: Quagsire|Curse|p1a: Quagsire
|-unboost|p1a: Quagsire|spe|1
|-boost|p1a: Quagsire|atk|1
|-boost|p1a: Quagsire|def|1
|
|-weather|RainDance|[upkeep]
|upkeep
|turn|8
|inactive|cotesmcgotes has 120 seconds left.
|
|t:|1665415159
|switch|p1a: Ho-Oh|Ho-Oh|100/100
|move|p2a: Kyogre|Surf|p1a: Ho-Oh
|-supereffective|p1a: Ho-Oh
|-damage|p1a: Ho-Oh|22/100
|
|-weather|RainDance|[upkeep]
|upkeep
|turn|9
|
|t:|1665415169
|move|p2a: Kyogre|Thunder|p1a: Ho-Oh
|-supereffective|p1a: Ho-Oh
|-damage|p1a: Ho-Oh|0 fnt
|faint|p1a: Ho-Oh
|
|-weather|RainDance|[upkeep]
|upkeep
|
|t:|1665415179
|switch|p1a: Weavile|Weavile, M|100/100
|-ability|p1a: Weavile|Pressure
|turn|10
|
|t:|1665415186
|move|p1a: Weavile|Knock Off|p2a: Kyogre
|-damage|p2a: Kyogre|53/100
|-enditem|p2a: Kyogre|Leftovers|[from] move: Knock Off|[of] p1a: Weavile
|move|p2a: Kyogre|Surf|p1a: Weavile
|-damage|p1a: Weavile|0 fnt
|faint|p1a: Weavile
|
|-weather|RainDance|[upkeep]
|upkeep
|
|t:|1665415194
|switch|p1a: Breloom|Breloom, M|100/100
|turn|11
|
|t:|1665415199
|move|p2a: Kyogre|Thunder|p1a: Breloom
|-resisted|p1a: Breloom
|-damage|p1a: Breloom|71/100
|move|p1a: Breloom|Spore|p2a: Kyogre
|-status|p2a: Kyogre|slp|[from] move: Spore
|
|-weather|none
|-status|p1a: Breloom|tox|[from] item: Toxic Orb
|upkeep
|turn|12
|
|t:|1665415209
|move|p1a: Breloom|Substitute|p1a: Breloom
|-start|p1a: Breloom|Substitute
|-damage|p1a: Breloom|46/100 tox
|cant|p2a: Kyogre|slp
|
|-heal|p1a: Breloom|59/100 tox|[from] ability: Poison Heal
|upkeep
|turn|13
|
|t:|1665415213
|move|p1a: Breloom|Seed Bomb|p2a: Kyogre
|-supereffective|p2a: Kyogre
|-damage|p2a: Kyogre|0 fnt
|faint|p2a: Kyogre
|
|-heal|p1a: Breloom|71/100 tox|[from] ability: Poison Heal
|upkeep
|
|t:|1665415226
|switch|p2a: Zacian|Zacian-Crowned|49/100
|-ability|p2a: Zacian|Intrepid Sword|boost
|-boost|p2a: Zacian|atk|1
|turn|14
|
|t:|1665415232
|move|p2a: Zacian|Behemoth Blade|p1a: Breloom
|-end|p1a: Breloom|Substitute
|move|p1a: Breloom|Spore|p2a: Zacian
|-status|p2a: Zacian|slp|[from] move: Spore
|
|-heal|p1a: Breloom|83/100 tox|[from] ability: Poison Heal
|upkeep
|turn|15
|
|t:|1665415253
|cant|p2a: Zacian|slp
|move|p1a: Breloom|Substitute|p1a: Breloom
|-start|p1a: Breloom|Substitute
|-damage|p1a: Breloom|59/100 tox
|
|-heal|p1a: Breloom|71/100 tox|[from] ability: Poison Heal
|upkeep
|turn|16
|
|t:|1665415259
|-singleturn|p1a: Breloom|move: Focus Punch
|cant|p2a: Zacian|slp
|move|p1a: Breloom|Focus Punch|p2a: Zacian
|-damage|p2a: Zacian|0 fnt
|faint|p2a: Zacian
|
|-heal|p1a: Breloom|83/100 tox|[from] ability: Poison Heal
|upkeep
|
|t:|1665415265
|switch|p2a: Necrozma|Necrozma-Dusk-Mane|100/100
|turn|17
|
|t:|1665415269
|move|p1a: Breloom|Spore|p2a: Necrozma
|-status|p2a: Necrozma|slp|[from] move: Spore
|cant|p2a: Necrozma|slp
|
|-heal|p1a: Breloom|96/100 tox|[from] ability: Poison Heal
|upkeep
|turn|18
|
|t:|1665415280
|-singleturn|p1a: Breloom|move: Focus Punch
|-curestatus|p2a: Necrozma|slp|[msg]
|move|p2a: Necrozma|Sunsteel Strike|p1a: Breloom
|-end|p1a: Breloom|Substitute
|-damage|p2a: Necrozma|91/100|[from] item: Life Orb
|move|p1a: Breloom|Focus Punch|p2a: Necrozma
|-damage|p2a: Necrozma|47/100
|
|-heal|p1a: Breloom|100/100 tox|[from] ability: Poison Heal
|upkeep
|turn|19
|inactive|cotesmcgotes has 120 seconds left.
|
|t:|1665415331
|move|p1a: Breloom|Spore|p2a: Necrozma
|-status|p2a: Necrozma|slp|[from] move: Spore
|cant|p2a: Necrozma|slp
|
|upkeep
|turn|20
|
|t:|1665415337
|move|p1a: Breloom|Substitute|p1a: Breloom
|-start|p1a: Breloom|Substitute
|-damage|p1a: Breloom|76/100 tox
|cant|p2a: Necrozma|slp
|
|-heal|p1a: Breloom|88/100 tox|[from] ability: Poison Heal
|upkeep
|turn|21
|
|t:|1665415344
|-singleturn|p1a: Breloom|move: Focus Punch
|cant|p2a: Necrozma|slp
|move|p1a: Breloom|Focus Punch|p2a: Necrozma
|-damage|p2a: Necrozma|0 fnt
|faint|p2a: Necrozma
|
|-heal|p1a: Breloom|100/100 tox|[from] ability: Poison Heal
|upkeep
|-message|Hhhhhhhhhhhhx forfeited.
|
|win|cotesmcgotes
|raw|cotesmcgotes's rating: 1561 &rarr; <strong>1585</strong><br />(+24 for winning)
|raw|Hhhhhhhhhhhhx's rating: 1640 &rarr; <strong>1616</strong><br />(-24 for losing)
|l|☆Hhhhhhhhhhhhx
