|j|☆unconsciousthread
|j|☆Guishi
|t:|1664411598
|gametype|singles
|player|p1|unconsciousthread|266|1482
|player|p2|Guishi|2|1539
|teamsize|p1|6
|teamsize|p2|6
|gen|8
|tier|[Gen 8] National Dex AG
|rated|
|rule|HP Percentage Mod: HP is shown in percentages
|rule|Endless Battle Clause: Forcing endless battles is banned
|clearpoke
|poke|p1|Cinderace, M|
|poke|p1|Lunala|
|poke|p1|Diancie|
|poke|p1|Zygarde|
|poke|p1|Thundurus, M|
|poke|p1|Ho-Oh|
|poke|p2|Arceus-*|
|poke|p2|Groudon|
|poke|p2|Rayquaza|
|poke|p2|Zacian-*|
|poke|p2|Ho-Oh|
|poke|p2|Marshadow|
|teampreview
|j| PokeFan0201
|c| PokeFan0201|hi there
|l| PokeFan0201
|inactive|Battle timer is ON: inactive players will automatically lose when time's up. (requested by unconsciousthread)
|inactive|Guishi has 120 seconds left.
|c|☆Guishi|hi
|
|t:|1664411666
|start
|switch|p1a: Diancie|Diancie|100/100
|switch|p2a: Groudon|Groudon, shiny|100/100
|detailschange|p2a: Groudon|Groudon-Primal, shiny
|-primal|p2a: Groudon
|-weather|DesolateLand|[from] ability: Desolate Land|[of] p2a: Groudon
|turn|1
|
|t:|1664411670
|detailschange|p1a: Diancie|Diancie-Mega
|-mega|p1a: Diancie|Diancie|Diancite
|move|p1a: Diancie|Earth Power|p2a: Groudon
|-supereffective|p2a: Groudon
|-damage|p2a: Groudon|23/100
|move|p2a: Groudon|Precipice Blades|p1a: Diancie
|-supereffective|p1a: Diancie
|-damage|p1a: Diancie|0 fnt
|faint|p1a: Diancie
|
|-weather|DesolateLand|[upkeep]
|upkeep
|
|t:|1664411678
|switch|p1a: Thundurus|Thundurus, M|100/100
|turn|2
|c|☆Guishi|hurt
|
|t:|1664411683
|move|p1a: Thundurus|Grass Knot|p2a: Groudon
|-damage|p2a: Groudon|0 fnt
|faint|p2a: Groudon
|-weather|none
|
|upkeep
|
|t:|1664411690
|switch|p2a: Rayquaza|Rayquaza|100/100
|-ability|p2a: Rayquaza|Air Lock
|turn|3
|
|t:|1664411693
|detailschange|p2a: Rayquaza|Rayquaza-Mega
|-mega|p2a: Rayquaza|Rayquaza|
|-weather|DeltaStream|[from] ability: Delta Stream|[of] p2a: Rayquaza
|move|p2a: Rayquaza|Scale Shot|p1a: Thundurus|[miss]
|-miss|p2a: Rayquaza|p1a: Thundurus
|move|p1a: Thundurus|Thunder|p2a: Rayquaza
|-activate||deltastream
|-resisted|p2a: Rayquaza
|-damage|p2a: Rayquaza|72/100
|
|-weather|DeltaStream|[upkeep]
|upkeep
|turn|4
|
|t:|1664411706
|move|p1a: Thundurus|Thunder Wave|p2a: Rayquaza
|-status|p2a: Rayquaza|par
|move|p2a: Rayquaza|Scale Shot|p1a: Thundurus
|-crit|p1a: Thundurus
|-damage|p1a: Thundurus|46/100
|-crit|p1a: Thundurus
|-damage|p1a: Thundurus|0 fnt
|faint|p1a: Thundurus
|-hitcount|p1: Thundurus|2
|-unboost|p2a: Rayquaza|def|1
|-boost|p2a: Rayquaza|spe|1
|
|-weather|DeltaStream|[upkeep]
|upkeep
|
|t:|1664411715
|switch|p1a: Lunala|Lunala|100/100
|turn|5
|
|t:|1664411718
|move|p1a: Lunala|Moonblast|p2a: Rayquaza
|-supereffective|p2a: Rayquaza
|-damage|p2a: Rayquaza|4/100 par
|-unboost|p2a: Rayquaza|spa|1
|move|p2a: Rayquaza|Scale Shot|p1a: Lunala
|-damage|p1a: Lunala|89/100
|-damage|p1a: Lunala|66/100
|-hitcount|p1a: Lunala|2
|-unboost|p2a: Rayquaza|def|1
|-boost|p2a: Rayquaza|spe|1
|
|-weather|DeltaStream|[upkeep]
|upkeep
|turn|6
|
|t:|1664411727
|move|p2a: Rayquaza|Scale Shot|p1a: Lunala
|-damage|p1a: Lunala|44/100
|-damage|p1a: Lunala|21/100
|-hitcount|p1a: Lunala|2
|-unboost|p2a: Rayquaza|def|1
|-boost|p2a: Rayquaza|spe|1
|-zpower|p1a: Lunala
|move|p1a: Lunala|Z-Psych Up|p2a: Rayquaza|[anim]Psych Up
|-heal|p1a: Lunala|100/100|[zeffect]
|-copyboost|p1a: Lunala|p2a: Rayquaza|[from] move: Psych Up
|
|-weather|DeltaStream|[upkeep]
|upkeep
|turn|7
|
|t:|1664411735
|move|p1a: Lunala|Moonblast|p2a: Rayquaza
|-supereffective|p2a: Rayquaza
|-damage|p2a: Rayquaza|0 fnt
|faint|p2a: Rayquaza
|-weather|none
|
|upkeep
|
|t:|1664411743
|switch|p2a: Marshadow|Marshadow|100/100
|turn|8
|
|t:|1664411749
|move|p2a: Marshadow|Shadow Sneak|p1a: Lunala
|-supereffective|p1a: Lunala
|-damage|p1a: Lunala|0 fnt
|faint|p1a: Lunala
|-damage|p2a: Marshadow|91/100|[from] item: Life Orb
|
|upkeep
|
|t:|1664411760
|switch|p1a: Zygarde|Zygarde|100/100
|turn|9
|
|t:|1664411773
|move|p2a: Marshadow|Spectral Thief|p1a: Zygarde
|-damage|p1a: Zygarde|54/100
|-damage|p2a: Marshadow|81/100|[from] item: Life Orb
|move|p1a: Zygarde|Thousand Arrows|p2a: Marshadow
|-damage|p2a: Marshadow|37/100
|
|-heal|p1a: Zygarde|60/100|[from] item: Leftovers
|upkeep
|turn|10
|
|t:|1664411783
|move|p2a: Marshadow|Close Combat|p1a: Zygarde
|-damage|p1a: Zygarde|0 fnt
|-unboost|p2a: Marshadow|def|1
|-unboost|p2a: Marshadow|spd|1
|faint|p1a: Zygarde
|-damage|p2a: Marshadow|27/100|[from] item: Life Orb
|
|upkeep
|
|t:|1664411786
|switch|p1a: Cinderace|Cinderace, M|100/100
|turn|11
|
|t:|1664411790
|move|p2a: Marshadow|Shadow Sneak|p1a: Cinderace
|-damage|p1a: Cinderace|46/100
|-damage|p2a: Marshadow|17/100|[from] item: Life Orb
|move|p1a: Cinderace|Sucker Punch||[still]
|-fail|p1a: Cinderace
|
|upkeep
|turn|12
|
|t:|1664411796
|move|p2a: Marshadow|Shadow Sneak|p1a: Cinderace
|-crit|p1a: Cinderace
|-damage|p1a: Cinderace|0 fnt
|faint|p1a: Cinderace
|-damage|p2a: Marshadow|7/100|[from] item: Life Orb
|
|upkeep
|
|t:|1664411798
|switch|p1a: Ho-Oh|Ho-Oh|100/100
|turn|13
|
|t:|1664411803
|move|p2a: Marshadow|Rock Tomb|p1a: Ho-Oh
|-supereffective|p1a: Ho-Oh
|-damage|p1a: Ho-Oh|0 fnt
|faint|p1a: Ho-Oh
|-damage|p2a: Marshadow|0 fnt|[from] item: Life Orb
|faint|p2a: Marshadow
|
|win|Guishi
|raw|unconsciousthread's rating: 1482 &rarr; <strong>1465</strong><br />(-17 for losing)
|raw|Guishi's rating: 1539 &rarr; <strong>1556</strong><br />(+17 for winning)
