|j|☆UncleShannon
|j|☆PKMNTrainerAmogus
|t:|1666946982
|gametype|singles
|player|p1|UncleShannon|265|1704
|player|p2|PKMNTrainerAmogus|steven|1550
|teamsize|p1|6
|teamsize|p2|6
|gen|8
|tier|[Gen 8] National Dex AG
|rated|
|rule|HP Percentage Mod: HP is shown in percentages
|rule|Endless Battle Clause: Forcing endless battles is banned
|clearpoke
|poke|p1|Kyurem-White|
|poke|p1|Tapu Fini|
|poke|p1|Tyranitar, M|
|poke|p1|Arceus-*|
|poke|p1|Salamence, F|
|poke|p1|Necrozma-Dusk-Mane|
|poke|p2|Marshadow|
|poke|p2|Vivillon, M|
|poke|p2|Aerodactyl, F|
|poke|p2|Corviknight, F|
|poke|p2|Blaziken, M|
|poke|p2|Gengar, M|
|teampreview
|inactive|Battle timer is ON: inactive players will automatically lose when time's up. (requested by UncleShannon)
|
|t:|1666946992
|start
|switch|p1a: Arceus|Arceus-Ground|100/100
|switch|p2a: Aerodactyl|Aerodactyl, F|100/100
|-ability|p2a: Aerodactyl|Pressure
|turn|1
|
|t:|1666946995
|move|p2a: Aerodactyl|Taunt|p1a: Arceus
|-start|p1a: Arceus|move: Taunt
|move|p1a: Arceus|Ice Beam|p2a: Aerodactyl
|-supereffective|p2a: Aerodactyl
|-damage|p2a: Aerodactyl|45/100
|
|upkeep
|turn|2
|
|t:|1666947003
|move|p2a: Aerodactyl|Roost|p2a: Aerodactyl
|-heal|p2a: Aerodactyl|95/100
|-singleturn|p2a: Aerodactyl|move: Roost
|move|p1a: Arceus|Ice Beam|p2a: Aerodactyl
|-damage|p2a: Aerodactyl|68/100
|
|upkeep
|turn|3
|
|t:|1666947009
|move|p2a: Aerodactyl|Stealth Rock|p1a: Arceus
|-sidestart|p1: UncleShannon|move: Stealth Rock
|move|p1a: Arceus|Ice Beam|p2a: Aerodactyl
|-supereffective|p2a: Aerodactyl
|-crit|p2a: Aerodactyl
|-damage|p2a: Aerodactyl|0 fnt
|faint|p2a: Aerodactyl
|
|-end|p1a: Arceus|move: Taunt
|upkeep
|
|t:|1666947013
|switch|p2a: Blaziken|Blaziken, M|100/100
|turn|4
|
|t:|1666947016
|move|p1a: Arceus|Judgment|p2a: Blaziken
|-supereffective|p2a: Blaziken
|-enditem|p2a: Blaziken|Focus Sash
|-damage|p2a: Blaziken|1/100
|move|p2a: Blaziken|Swords Dance|p2a: Blaziken
|-boost|p2a: Blaziken|atk|2
|
|-ability|p2a: Blaziken|Speed Boost|boost
|-boost|p2a: Blaziken|spe|1
|upkeep
|turn|5
|
|t:|1666947023
|move|p2a: Blaziken|Reversal|p1a: Arceus
|-damage|p1a: Arceus|0 fnt
|faint|p1a: Arceus
|
|-ability|p2a: Blaziken|Speed Boost|boost
|-boost|p2a: Blaziken|spe|1
|upkeep
|
|t:|1666947026
|switch|p1a: Tyranitar|Tyranitar, M|100/100
|-damage|p1a: Tyranitar|88/100|[from] Stealth Rock
|-weather|Sandstorm|[from] ability: Sand Stream|[of] p1a: Tyranitar
|turn|6
|
|t:|1666947048
|switch|p1a: Necrozma|Necrozma-Dusk-Mane|100/100
|-damage|p1a: Necrozma|94/100|[from] Stealth Rock
|move|p2a: Blaziken|Reversal|p1a: Necrozma
|-damage|p1a: Necrozma|0 fnt
|faint|p1a: Necrozma
|
|-weather|Sandstorm|[upkeep]
|-damage|p2a: Blaziken|0 fnt|[from] Sandstorm
|faint|p2a: Blaziken
|upkeep
|
|t:|1666947065
|switch|p2a: Vivillon|Vivillon, M|100/100
|switch|p1a: Kyurem|Kyurem-White|100/100
|-damage|p1a: Kyurem|76/100|[from] Stealth Rock
|-ability|p1a: Kyurem|Turboblaze
|turn|7
|
|t:|1666947072
|move|p1a: Kyurem|Ice Beam|p2a: Vivillon
|-supereffective|p2a: Vivillon
|-damage|p2a: Vivillon|0 fnt
|faint|p2a: Vivillon
|
|-weather|Sandstorm|[upkeep]
|-damage|p1a: Kyurem|70/100|[from] Sandstorm
|upkeep
|
|t:|1666947078
|switch|p2a: Marshadow|Marshadow|100/100
|turn|8
|
|t:|1666947088
|switch|p1a: Salamence|Salamence, F|100/100
|-damage|p1a: Salamence|76/100|[from] Stealth Rock
|-ability|p1a: Salamence|Intimidate|boost
|-unboost|p2a: Marshadow|atk|1
|move|p2a: Marshadow|Close Combat|p1a: Salamence
|-resisted|p1a: Salamence
|-damage|p1a: Salamence|51/100
|-unboost|p2a: Marshadow|def|1
|-unboost|p2a: Marshadow|spd|1
|
|-weather|Sandstorm|[upkeep]
|-damage|p2a: Marshadow|94/100|[from] Sandstorm
|-damage|p1a: Salamence|45/100|[from] Sandstorm
|upkeep
|turn|9
|
|t:|1666947097
|switch|p2a: Corviknight|Corviknight, F|100/100
|detailschange|p1a: Salamence|Salamence-Mega, F
|-mega|p1a: Salamence|Salamence|Salamencite
|move|p1a: Salamence|Roost|p1a: Salamence
|-heal|p1a: Salamence|95/100
|-singleturn|p1a: Salamence|move: Roost
|
|-weather|Sandstorm|[upkeep]
|-damage|p1a: Salamence|89/100|[from] Sandstorm
|upkeep
|turn|10
|
|t:|1666947103
|switch|p1a: Tapu Fini|Tapu Fini|100/100
|-damage|p1a: Tapu Fini|88/100|[from] Stealth Rock
|-fieldstart|move: Misty Terrain|[from] ability: Misty Surge|[of] p1a: Tapu Fini
|move|p2a: Corviknight|Iron Defense|p2a: Corviknight
|-boost|p2a: Corviknight|def|2
|
|-weather|none
|-heal|p1a: Tapu Fini|94/100|[from] item: Leftovers
|upkeep
|turn|11
|
|t:|1666947111
|move|p1a: Tapu Fini|Whirlpool|p2a: Corviknight
|-damage|p2a: Corviknight|92/100
|-activate|p2a: Corviknight|move: Whirlpool|[of] p1a: Tapu Fini
|move|p2a: Corviknight|Iron Defense|p2a: Corviknight
|-boost|p2a: Corviknight|def|2
|
|-heal|p1a: Tapu Fini|99/100|[from] item: Leftovers
|-heal|p2a: Corviknight|98/100|[from] item: Leftovers
|-damage|p2a: Corviknight|86/100|[from] move: Whirlpool|[partiallytrapped]
|upkeep
|turn|12
|
|t:|1666947114
|move|p1a: Tapu Fini|Taunt|p2a: Corviknight
|-start|p2a: Corviknight|move: Taunt
|cant|p2a: Corviknight|move: Taunt|Roost
|
|-heal|p1a: Tapu Fini|100/100|[from] item: Leftovers
|-heal|p2a: Corviknight|92/100|[from] item: Leftovers
|-damage|p2a: Corviknight|79/100|[from] move: Whirlpool|[partiallytrapped]
|upkeep
|turn|13
|
|t:|1666947118
|move|p1a: Tapu Fini|Nature's Madness|p2a: Corviknight
|-damage|p2a: Corviknight|40/100
|move|p2a: Corviknight|Body Press|p1a: Tapu Fini
|-resisted|p1a: Tapu Fini
|-damage|p1a: Tapu Fini|74/100
|
|-heal|p1a: Tapu Fini|80/100|[from] item: Leftovers
|-heal|p2a: Corviknight|46/100|[from] item: Leftovers
|-damage|p2a: Corviknight|34/100|[from] move: Whirlpool|[partiallytrapped]
|upkeep
|turn|14
|
|t:|1666947133
|move|p1a: Tapu Fini|Moonblast|p2a: Corviknight
|-resisted|p2a: Corviknight
|-crit|p2a: Corviknight
|-damage|p2a: Corviknight|16/100
|-ability|p2a: Corviknight|Mirror Armor
|-unboost|p1a: Tapu Fini|spa|1
|move|p2a: Corviknight|Body Press|p1a: Tapu Fini
|-resisted|p1a: Tapu Fini
|-crit|p1a: Tapu Fini
|-damage|p1a: Tapu Fini|42/100
|
|-heal|p1a: Tapu Fini|48/100|[from] item: Leftovers
|-heal|p2a: Corviknight|22/100|[from] item: Leftovers
|-damage|p2a: Corviknight|9/100|[from] move: Whirlpool|[partiallytrapped]
|-end|p2a: Corviknight|move: Taunt
|-fieldend|Misty Terrain
|upkeep
|turn|15
|
|t:|1666947145
|move|p1a: Tapu Fini|Moonblast|p2a: Corviknight
|-resisted|p2a: Corviknight
|-damage|p2a: Corviknight|2/100
|-ability|p2a: Corviknight|Mirror Armor
|-unboost|p1a: Tapu Fini|spa|1
|move|p2a: Corviknight|Body Press|p1a: Tapu Fini
|-resisted|p1a: Tapu Fini
|-damage|p1a: Tapu Fini|23/100
|
|-heal|p1a: Tapu Fini|30/100|[from] item: Leftovers
|-heal|p2a: Corviknight|8/100|[from] item: Leftovers
|-end|p2a: Corviknight|Whirlpool|[partiallytrapped]
|upkeep
|turn|16
|
|t:|1666947151
|move|p1a: Tapu Fini|Taunt|p2a: Corviknight
|-start|p2a: Corviknight|move: Taunt
|cant|p2a: Corviknight|move: Taunt|Roost
|
|-heal|p1a: Tapu Fini|36/100|[from] item: Leftovers
|-heal|p2a: Corviknight|15/100|[from] item: Leftovers
|upkeep
|turn|17
|
|t:|1666947157
|switch|p2a: Marshadow|Marshadow|94/100
|move|p1a: Tapu Fini|Whirlpool|p2a: Marshadow|[miss]
|-miss|p1a: Tapu Fini|p2a: Marshadow
|
|-heal|p1a: Tapu Fini|42/100|[from] item: Leftovers
|upkeep
|turn|18
|
|t:|1666947164
|switch|p1a: Salamence|Salamence-Mega, F|89/100
|-damage|p1a: Salamence|65/100|[from] Stealth Rock
|move|p2a: Marshadow|Bulk Up|p2a: Marshadow
|-boost|p2a: Marshadow|atk|1
|-boost|p2a: Marshadow|def|1
|
|upkeep
|turn|19
|
|t:|1666947176
|-start|p2a: Marshadow|Dynamax|
|-heal|p2a: Marshadow|94/100|[silent]
|move|p2a: Marshadow|Max Phantasm|p1a: Salamence
|-damage|p1a: Salamence|0 fnt
|faint|p1a: Salamence
|
|upkeep
|c|☆UncleShannon|gg
|-message|UncleShannon forfeited.
|
|win|PKMNTrainerAmogus
|raw|UncleShannon's rating: 1704 &rarr; <strong>1676</strong><br />(-28 for losing)
|raw|PKMNTrainerAmogus's rating: 1550 &rarr; <strong>1578</strong><br />(+28 for winning)
|l|☆UncleShannon
|c|☆PKMNTrainerAmogus|Gg
