|j|☆RandoTestAccount
|j|☆Booooty Bandit
|t:|1655162129
|gametype|singles
|player|p1|RandoTestAccount|2|1339
|player|p2|Booooty Bandit|shadowtriad|1496
|teamsize|p1|6
|teamsize|p2|6
|gen|8
|tier|[Gen 8] National Dex AG
|rated|
|rule|HP Percentage Mod: HP is shown in percentages
|rule|Endless Battle Clause: Forcing endless battles is banned
|clearpoke
|poke|p1|Umbreon, F|
|poke|p1|Corviknight, F|
|poke|p1|Pyukumuku, F|
|poke|p1|Venusaur, F|
|poke|p1|Haxorus, F|
|poke|p1|Gastrodon-East, F|
|poke|p2|Tyranitar, M|
|poke|p2|Necrozma-Dusk-Mane|
|poke|p2|Blaziken, M|
|poke|p2|Shuckle, M|
|poke|p2|Banette, M|
|poke|p2|Crobat, M|
|teampreview
|inactive|Battle timer is ON: inactive players will automatically lose when time's up. (requested by RandoTestAccount)
|
|t:|1655162143
|start
|switch|p1a: The Grönghe|Pyukumuku, F, shiny|100/100
|switch|p2a: Shuckle|Shuckle, M|100/100
|turn|1
|
|t:|1655162145
|move|p2a: Shuckle|Stealth Rock|p1a: The Grönghe
|-sidestart|p1: RandoTestAccount|move: Stealth Rock
|move|p1a: The Grönghe|Toxic|p2a: Shuckle
|-status|p2a: Shuckle|tox
|
|-damage|p2a: Shuckle|94/100 tox|[from] psn
|upkeep
|turn|2
|
|t:|1655162148
|switch|p1a: Ephialtes Keeper|Corviknight, F, shiny|100/100
|-damage|p1a: Ephialtes Keeper|88/100|[from] Stealth Rock
|-ability|p1a: Ephialtes Keeper|Pressure
|move|p2a: Shuckle|Knock Off|p1a: Ephialtes Keeper
|-damage|p1a: Ephialtes Keeper|84/100
|-damage|p2a: Shuckle|78/100 tox|[from] item: Rocky Helmet|[of] p1a: Ephialtes Keeper
|-enditem|p1a: Ephialtes Keeper|Rocky Helmet|[from] move: Knock Off|[of] p2a: Shuckle
|
|-heal|p2a: Shuckle|84/100 tox|[from] item: Leftovers
|-damage|p2a: Shuckle|72/100 tox|[from] psn
|upkeep
|turn|3
|
|t:|1655162152
|move|p1a: Ephialtes Keeper|Defog|p2a: Shuckle
|-unboost|p2a: Shuckle|evasion|1
|-sideend|p1: RandoTestAccount|Stealth Rock|[from] move: Defog|[of] p1a: Ephialtes Keeper
|move|p2a: Shuckle|Sticky Web|p1a: Ephialtes Keeper
|-sidestart|p1: RandoTestAccount|move: Sticky Web
|
|-heal|p2a: Shuckle|78/100 tox|[from] item: Leftovers
|-damage|p2a: Shuckle|60/100 tox|[from] psn
|upkeep
|turn|4
|
|t:|1655162159
|switch|p2a: Blaziken|Blaziken, M|100/100
|move|p1a: Ephialtes Keeper|Roost|p1a: Ephialtes Keeper
|-heal|p1a: Ephialtes Keeper|100/100
|-singleturn|p1a: Ephialtes Keeper|move: Roost
|
|upkeep
|turn|5
|
|t:|1655162164
|move|p2a: Blaziken|Protect|p2a: Blaziken
|-singleturn|p2a: Blaziken|Protect
|move|p1a: Ephialtes Keeper|Defog|p2a: Blaziken
|-activate|p2a: Blaziken|move: Protect
|
|-ability|p2a: Blaziken|Speed Boost|boost
|-boost|p2a: Blaziken|spe|1
|upkeep
|turn|6
|
|t:|1655162168
|move|p2a: Blaziken|Swords Dance|p2a: Blaziken
|-boost|p2a: Blaziken|atk|2
|move|p1a: Ephialtes Keeper|Defog|p2a: Blaziken
|-unboost|p2a: Blaziken|evasion|1
|-sideend|p1: RandoTestAccount|Sticky Web|[from] move: Defog|[of] p1a: Ephialtes Keeper
|
|-ability|p2a: Blaziken|Speed Boost|boost
|-boost|p2a: Blaziken|spe|1
|upkeep
|turn|7
|
|t:|1655162177
|switch|p1a: The Grönghe|Pyukumuku, F, shiny|100/100
|move|p2a: Blaziken|Flare Blitz|p1a: The Grönghe
|-resisted|p1a: The Grönghe
|-damage|p1a: The Grönghe|79/100
|-damage|p2a: Blaziken|93/100|[from] Recoil
|
|-heal|p1a: The Grönghe|85/100|[from] item: Leftovers
|-ability|p2a: Blaziken|Speed Boost|boost
|-boost|p2a: Blaziken|spe|1
|upkeep
|turn|8
|
|t:|1655162184
|move|p2a: Blaziken|Baton Pass|p2a: Blaziken
|
|t:|1655162186
|switch|p2a: Necrozma|Necrozma-Dusk-Mane|100/100|[from]move: Baton Pass
|move|p1a: The Grönghe|Soak|p2a: Necrozma
|-start|p2a: Necrozma|typechange|Water
|
|-heal|p1a: The Grönghe|91/100|[from] item: Leftovers
|upkeep
|turn|9
|
|t:|1655162192
|move|p2a: Necrozma|Knock Off|p1a: The Grönghe
|-damage|p1a: The Grönghe|69/100
|-enditem|p1a: The Grönghe|Leftovers|[from] move: Knock Off|[of] p2a: Necrozma
|move|p1a: The Grönghe|Block|p2a: Necrozma
|-activate|p2a: Necrozma|trapped
|
|upkeep
|turn|10
|
|t:|1655162200
|move|p2a: Necrozma|Sunsteel Strike|p1a: The Grönghe
|-resisted|p1a: The Grönghe
|-damage|p1a: The Grönghe|47/100
|move|p1a: The Grönghe|Recover|p1a: The Grönghe
|-heal|p1a: The Grönghe|97/100
|
|upkeep
|turn|11
|
|t:|1655162207
|move|p2a: Necrozma|Earthquake|p1a: The Grönghe
|-damage|p1a: The Grönghe|72/100
|move|p1a: The Grönghe|Toxic|p2a: Necrozma
|-status|p2a: Necrozma|tox
|
|-damage|p2a: Necrozma|94/100 tox|[from] psn
|upkeep
|turn|12
|
|t:|1655162214
|move|p2a: Necrozma|Earthquake|p1a: The Grönghe
|-damage|p1a: The Grönghe|47/100
|move|p1a: The Grönghe|Recover|p1a: The Grönghe
|-heal|p1a: The Grönghe|97/100
|
|-damage|p2a: Necrozma|82/100 tox|[from] psn
|upkeep
|turn|13
|
|t:|1655162219
|move|p2a: Necrozma|Knock Off|p1a: The Grönghe
|-damage|p1a: The Grönghe|81/100
|move|p1a: The Grönghe|Soak|p2a: Necrozma
|-fail|p2a: Necrozma
|
|-damage|p2a: Necrozma|64/100 tox|[from] psn
|upkeep
|turn|14
|inactive|RandoTestAccount has 120 seconds left.
|
|t:|1655162261
|move|p2a: Necrozma|Psychic Fangs|p1a: The Grönghe
|-damage|p1a: The Grönghe|61/100
|move|p1a: The Grönghe|Recover|p1a: The Grönghe
|-heal|p1a: The Grönghe|100/100
|
|-damage|p2a: Necrozma|40/100 tox|[from] psn
|upkeep
|turn|15
|inactive|Booooty Bandit has 120 seconds left.
|inactive|Booooty Bandit has 90 seconds left.
|inactive|Booooty Bandit has 60 seconds left.
|inactive|Booooty Bandit has 30 seconds left.
|inactive|Booooty Bandit has 20 seconds left.
|inactive|Booooty Bandit has 15 seconds left.
|inactive|Booooty Bandit has 10 seconds left.
|inactive|Booooty Bandit has 5 seconds left.
|-message|Booooty Bandit lost due to inactivity.
|
|win|RandoTestAccount
|raw|RandoTestAccount's rating: 1339 &rarr; <strong>1367</strong><br />(+28 for winning)
|raw|Booooty Bandit's rating: 1496 &rarr; <strong>1468</strong><br />(-28 for losing)
||Ladder isn't responding, score probably updated but might not have (Request timeout).
