|j|☆World breaker Odin
|j|☆Pawnnel
|t:|1662038863
|gametype|singles
|player|p1|World breaker Odin|adaman|1744
|player|p2|Pawnnel|psychic-gen4|1738
|teamsize|p1|6
|teamsize|p2|6
|gen|8
|tier|[Gen 8] National Dex AG
|rated|
|rule|HP Percentage Mod: HP is shown in percentages
|rule|Endless Battle Clause: Forcing endless battles is banned
|clearpoke
|poke|p1|Xerneas-*|
|poke|p1|Necrozma-Dusk-Mane|
|poke|p1|Yveltal|
|poke|p1|Arceus-*|
|poke|p1|Arceus-*|
|poke|p1|Groudon|
|poke|p2|Snorlax, M|
|poke|p2|Forretress, M|
|poke|p2|Blastoise, M|
|poke|p2|Heracross, M|
|poke|p2|Marshadow|
|poke|p2|Reshiram|
|teampreview
|inactive|Battle timer is ON: inactive players will automatically lose when time's up. (requested by Pawnnel)
|inactive|World breaker Odin also wants the timer to be on.
|
|t:|1662038873
|start
|switch|p1a: Groudon|Groudon|100/100
|switch|p2a: Forretress|Forretress, M|100/100
|detailschange|p1a: Groudon|Groudon-Primal
|-primal|p1a: Groudon
|-weather|DesolateLand|[from] ability: Desolate Land|[of] p1a: Groudon
|turn|1
|
|t:|1662038885
|move|p1a: Groudon|Stealth Rock|p2a: Forretress
|-sidestart|p2: Pawnnel|move: Stealth Rock
|move|p2a: Forretress|Stealth Rock|p1a: Groudon
|-sidestart|p1: World breaker Odin|move: Stealth Rock
|
|-weather|DesolateLand|[upkeep]
|upkeep
|turn|2
|
|t:|1662038907
|move|p1a: Groudon|Precipice Blades|p2a: Forretress
|-damage|p2a: Forretress|65/100
|move|p2a: Forretress|Rapid Spin|p1a: Groudon
|-damage|p1a: Groudon|95/100
|-boost|p2a: Forretress|spe|1
|-sideend|p2: Pawnnel|Stealth Rock|[from] move: Rapid Spin|[of] p2a: Forretress
|
|-weather|DesolateLand|[upkeep]
|upkeep
|turn|3
|
|t:|1662038915
|move|p1a: Groudon|Stealth Rock|p2a: Forretress
|-sidestart|p2: Pawnnel|move: Stealth Rock
|move|p2a: Forretress|Spikes|p1a: Groudon
|-sidestart|p1: World breaker Odin|Spikes
|
|-weather|DesolateLand|[upkeep]
|upkeep
|turn|4
|j| Sanju1
|
|t:|1662038929
|move|p1a: Groudon|Precipice Blades|p2a: Forretress|[miss]
|-miss|p1a: Groudon|p2a: Forretress
|move|p2a: Forretress|Rapid Spin|p1a: Groudon
|-damage|p1a: Groudon|89/100
|-boost|p2a: Forretress|spe|1
|-sideend|p2: Pawnnel|Stealth Rock|[from] move: Rapid Spin|[of] p2a: Forretress
|
|-weather|DesolateLand|[upkeep]
|upkeep
|turn|5
|
|t:|1662038938
|move|p2a: Forretress|Spikes|p1a: Groudon
|-sidestart|p1: World breaker Odin|Spikes
|move|p1a: Groudon|Stealth Rock|p2a: Forretress
|-sidestart|p2: Pawnnel|move: Stealth Rock
|
|-weather|DesolateLand|[upkeep]
|upkeep
|turn|6
|
|t:|1662038951
|move|p2a: Forretress|Rapid Spin|p1a: Groudon
|-damage|p1a: Groudon|84/100
|-boost|p2a: Forretress|spe|1
|-sideend|p2: Pawnnel|Stealth Rock|[from] move: Rapid Spin|[of] p2a: Forretress
|move|p1a: Groudon|Precipice Blades|p2a: Forretress|[miss]
|-miss|p1a: Groudon|p2a: Forretress
|
|-weather|DesolateLand|[upkeep]
|upkeep
|turn|7
|
|t:|1662038961
|move|p2a: Forretress|Spikes|p1a: Groudon
|-sidestart|p1: World breaker Odin|Spikes
|move|p1a: Groudon|Stealth Rock|p2a: Forretress
|-sidestart|p2: Pawnnel|move: Stealth Rock
|
|-weather|DesolateLand|[upkeep]
|upkeep
|turn|8
|
|t:|1662038967
|move|p2a: Forretress|Rapid Spin|p1a: Groudon
|-damage|p1a: Groudon|79/100
|-boost|p2a: Forretress|spe|1
|-sideend|p2: Pawnnel|Stealth Rock|[from] move: Rapid Spin|[of] p2a: Forretress
|move|p1a: Groudon|Precipice Blades|p2a: Forretress
|-damage|p2a: Forretress|27/100
|
|-weather|DesolateLand|[upkeep]
|upkeep
|turn|9
|
|t:|1662038976
|move|p2a: Forretress|Rapid Spin|p1a: Groudon
|-damage|p1a: Groudon|73/100
|-boost|p2a: Forretress|spe|1
|move|p1a: Groudon|Stealth Rock|p2a: Forretress
|-sidestart|p2: Pawnnel|move: Stealth Rock
|
|-weather|DesolateLand|[upkeep]
|upkeep
|turn|10
|inactive|World breaker Odin has 120 seconds left.
|
|t:|1662039017
|move|p2a: Forretress|Rapid Spin|p1a: Groudon
|-damage|p1a: Groudon|68/100
|-boost|p2a: Forretress|spe|1
|-sideend|p2: Pawnnel|Stealth Rock|[from] move: Rapid Spin|[of] p2a: Forretress
|move|p1a: Groudon|Precipice Blades|p2a: Forretress|[miss]
|-miss|p1a: Groudon|p2a: Forretress
|
|-weather|DesolateLand|[upkeep]
|upkeep
|turn|11
|
|t:|1662039030
|move|p2a: Forretress|Rapid Spin|p1a: Groudon
|-damage|p1a: Groudon|63/100
|move|p1a: Groudon|Precipice Blades|p2a: Forretress
|-damage|p2a: Forretress|0 fnt
|faint|p2a: Forretress
|
|-weather|DesolateLand|[upkeep]
|upkeep
|
|t:|1662039038
|switch|p2a: Reshiram|Reshiram|100/100
|-ability|p2a: Reshiram|Turboblaze
|turn|12
|
|t:|1662039043
|move|p2a: Reshiram|Earth Power|p1a: Groudon
|-supereffective|p1a: Groudon
|-damage|p1a: Groudon|0 fnt
|faint|p1a: Groudon
|-weather|none
|
|upkeep
|
|t:|1662039055
|switch|p1a: Yveltal|Yveltal, shiny|100/100
|-damage|p1a: Yveltal|76/100|[from] Stealth Rock
|-ability|p1a: Yveltal|Dark Aura
|turn|13
|
|t:|1662039063
|switch|p2a: Snorlax|Snorlax, M|100/100
|-start|p1a: Yveltal|Dynamax|
|-heal|p1a: Yveltal|76/100|[silent]
|move|p1a: Yveltal|Max Airstream|p2a: Snorlax
|-damage|p2a: Snorlax|38/100
|-boost|p1a: Yveltal|spe|1
|
|-heal|p2a: Snorlax|45/100|[from] item: Leftovers
|upkeep
|turn|14
|
|t:|1662039077
|move|p1a: Yveltal|Max Darkness|p2a: Snorlax
|-damage|p2a: Snorlax|0 fnt
|faint|p2a: Snorlax
|
|upkeep
|
|t:|1662039101
|switch|p2a: Reshiram|Reshiram|100/100
|-ability|p2a: Reshiram|Turboblaze
|turn|15
|
|t:|1662039110
|move|p1a: Yveltal|Max Darkness|p2a: Reshiram
|-damage|p2a: Reshiram|12/100
|-unboost|p2a: Reshiram|spd|1
|move|p2a: Reshiram|Blue Flare|p1a: Yveltal
|-damage|p1a: Yveltal|29/100
|
|upkeep
|-end|p1a: Yveltal|Dynamax
|-heal|p1a: Yveltal|30/100|[silent]
|turn|16
|
|t:|1662039126
|move|p1a: Yveltal|Dual Wingbeat|p2a: Reshiram
|-damage|p2a: Reshiram|0 fnt
|faint|p2a: Reshiram
|-hitcount|p2: Reshiram|1
|
|upkeep
|
|t:|1662039132
|switch|p2a: Blastoise|Blastoise, M|100/100
|turn|17
|
|t:|1662039138
|detailschange|p2a: Blastoise|Blastoise-Mega, M
|-mega|p2a: Blastoise|Blastoise|Blastoisinite
|move|p1a: Yveltal|Dual Wingbeat|p2a: Blastoise|[miss]
|-miss|p1a: Yveltal|p2a: Blastoise
|move|p2a: Blastoise|Shell Smash|p2a: Blastoise
|-unboost|p2a: Blastoise|def|1
|-unboost|p2a: Blastoise|spd|1
|-boost|p2a: Blastoise|atk|2
|-boost|p2a: Blastoise|spa|2
|-boost|p2a: Blastoise|spe|2
|
|upkeep
|turn|18
|
|t:|1662039157
|switch|p1a: Arceus|Arceus-Dark|100/100
|-damage|p1a: Arceus|88/100|[from] Stealth Rock
|-damage|p1a: Arceus|63/100|[from] Spikes
|move|p2a: Blastoise|Ice Beam|p1a: Arceus
|-crit|p1a: Arceus
|-damage|p1a: Arceus|2/100
|
|upkeep
|turn|19
|
|t:|1662039167
|move|p2a: Blastoise|Dark Pulse|p1a: Arceus
|-resisted|p1a: Arceus
|-damage|p1a: Arceus|0 fnt
|faint|p1a: Arceus
|
|upkeep
|
|t:|1662039174
|switch|p1a: Yveltal|Yveltal, shiny|30/100
|-damage|p1a: Yveltal|5/100|[from] Stealth Rock
|-ability|p1a: Yveltal|Dark Aura
|turn|20
|
|t:|1662039181
|move|p1a: Yveltal|Sucker Punch|p2a: Blastoise
|-damage|p2a: Blastoise|0 fnt
|faint|p2a: Blastoise
|
|upkeep
|
|t:|1662039188
|switch|p2a: Heracross|Heracross, M|100/100
|turn|21
|
|t:|1662039199
|move|p1a: Yveltal|Sucker Punch|p2a: Heracross
|-resisted|p2a: Heracross
|-damage|p2a: Heracross|48/100
|move|p2a: Heracross|Close Combat|p1a: Yveltal
|-damage|p1a: Yveltal|0 fnt
|-unboost|p2a: Heracross|def|1
|-unboost|p2a: Heracross|spd|1
|faint|p1a: Yveltal
|-ability|p2a: Heracross|Moxie|boost
|-boost|p2a: Heracross|atk|1
|
|upkeep
|
|t:|1662039214
|switch|p1a: Necrozma|Necrozma-Dusk-Mane, shiny|100/100
|-damage|p1a: Necrozma|94/100|[from] Stealth Rock
|-damage|p1a: Necrozma|69/100|[from] Spikes
|turn|22
|
|t:|1662039221
|move|p2a: Heracross|Close Combat|p1a: Necrozma
|-damage|p1a: Necrozma|17/100
|-unboost|p2a: Heracross|def|1
|-unboost|p2a: Heracross|spd|1
|move|p1a: Necrozma|Sunsteel Strike|p2a: Heracross
|-damage|p2a: Heracross|0 fnt
|faint|p2a: Heracross
|
|-heal|p1a: Necrozma|23/100|[from] item: Leftovers
|upkeep
|
|t:|1662039233
|switch|p2a: Marshadow|Marshadow|100/100
|turn|23
|
|t:|1662039239
|-start|p2a: Marshadow|Dynamax|
|-heal|p2a: Marshadow|100/100|[silent]
|move|p2a: Marshadow|Max Knuckle|p1a: Necrozma
|-damage|p1a: Necrozma|0 fnt
|-boost|p2a: Marshadow|atk|1
|faint|p1a: Necrozma
|
|upkeep
|
|t:|1662039243
|switch|p1a: Arceus|Arceus-Water|100/100
|-damage|p1a: Arceus|88/100|[from] Stealth Rock
|-damage|p1a: Arceus|63/100|[from] Spikes
|turn|24
|
|t:|1662039259
|move|p2a: Marshadow|Max Phantasm|p1a: Arceus
|-damage|p1a: Arceus|13/100
|-unboost|p1a: Arceus|def|1
|move|p1a: Arceus|Will-O-Wisp|p2a: Marshadow
|-status|p2a: Marshadow|brn
|
|-damage|p2a: Marshadow|97/100 brn|[from] brn
|upkeep
|turn|25
|
|t:|1662039270
|move|p2a: Marshadow|Max Knuckle|p1a: Arceus
|-damage|p1a: Arceus|0 fnt
|-boost|p2a: Marshadow|atk|1
|faint|p1a: Arceus
|
|-damage|p2a: Marshadow|94/100 brn|[from] brn
|upkeep
|
|t:|1662039272
|switch|p1a: Xerneas|Xerneas|100/100
|-damage|p1a: Xerneas|88/100|[from] Stealth Rock
|-damage|p1a: Xerneas|63/100|[from] Spikes
|-ability|p1a: Xerneas|Fairy Aura
|-end|p2a: Marshadow|Dynamax
|-heal|p2a: Marshadow|94/100 brn|[silent]
|turn|26
|
|t:|1662039287
|move|p2a: Marshadow|Spectral Thief|p1a: Xerneas
|-damage|p1a: Xerneas|26/100
|move|p1a: Xerneas|Draining Kiss|p2a: Marshadow
|-supereffective|p2a: Marshadow
|-damage|p2a: Marshadow|1/100 brn
|-heal|p1a: Xerneas|82/100|[from] drain|[of] p2a: Marshadow
|
|-damage|p2a: Marshadow|0 fnt|[from] brn
|faint|p2a: Marshadow
|
|win|World breaker Odin
|upkeep
|raw|World breaker Odin's rating: 1744 &rarr; <strong>1764</strong><br />(+20 for winning)
|raw|Pawnnel's rating: 1738 &rarr; <strong>1718</strong><br />(-20 for losing)
|l|☆World breaker Odin
|l| Sanju1
||Ladder isn't responding, score probably updated but might not have (Request timeout).
|l|☆Pawnnel
