|j|☆Sim112
|j|‽xLeonisx
|t:|1651900091
|gametype|singles
|player|p1|Sim112|selene|1499
|player|p2|xLeonisx|169|1615
|teamsize|p1|6
|teamsize|p2|6
|gen|8
|tier|[Gen 8] National Dex AG
|rated|
|rule|HP Percentage Mod: HP is shown in percentages
|rule|Endless Battle Clause: Forcing endless battles is banned
|clearpoke
|poke|p1|Landorus-Therian, M|
|poke|p1|Salamence, M|
|poke|p1|Deoxys-Attack|
|poke|p1|Cinderace, F|
|poke|p1|Regieleki|
|poke|p1|Milotic, M|
|poke|p2|Kyogre|
|poke|p2|Ditto|
|poke|p2|Tyranitar, M|
|poke|p2|Calyrex-Shadow|
|poke|p2|Ho-Oh|
|poke|p2|Zacian-*|
|teampreview
|inactive|Battle timer is ON: inactive players will automatically lose when time's up. (requested by xLeonisx)
|
|t:|1651900104
|start
|switch|p1a: Landorus|Landorus-Therian, M|100/100
|switch|p2a: Zacian|Zacian-Crowned|100/100
|-ability|p1a: Landorus|Intimidate|boost
|-unboost|p2a: Zacian|atk|1
|-ability|p2a: Zacian|Intrepid Sword|boost
|-boost|p2a: Zacian|atk|1
|turn|1
|
|t:|1651900132
|switch|p2a: Kyogre|Kyogre|100/100
|detailschange|p2a: Kyogre|Kyogre-Primal
|-primal|p2a: Kyogre
|-weather|PrimordialSea|[from] ability: Primordial Sea|[of] p2a: Kyogre
|move|p1a: Landorus|Earthquake|p2a: Kyogre
|-damage|p2a: Kyogre|33/100
|
|-weather|PrimordialSea|[upkeep]
|upkeep
|turn|2
|
|t:|1651900140
|move|p1a: Landorus|Earthquake|p2a: Kyogre
|-damage|p2a: Kyogre|0 fnt
|faint|p2a: Kyogre
|-weather|none
|
|upkeep
|
|t:|1651900145
|switch|p2a: Ho-Oh|Ho-Oh|100/100
|turn|3
|
|t:|1651900149
|-start|p1a: Landorus|Dynamax|
|-heal|p1a: Landorus|100/100|[silent]
|move|p1a: Landorus|Max Rockfall|p2a: Ho-Oh
|-supereffective|p2a: Ho-Oh
|-damage|p2a: Ho-Oh|0 fnt
|-weather|Sandstorm
|faint|p2a: Ho-Oh
|
|-weather|Sandstorm|[upkeep]
|upkeep
|
|t:|1651900174
|switch|p2a: Tyranitar|Tyranitar, M|100/100
|turn|4
|
|t:|1651900180
|detailschange|p2a: Tyranitar|Tyranitar-Mega, M
|-mega|p2a: Tyranitar|Tyranitar|Tyranitarite
|move|p1a: Landorus|Max Steelspike|p2a: Tyranitar
|-supereffective|p2a: Tyranitar
|-damage|p2a: Tyranitar|41/100
|-boost|p1a: Landorus|def|1
|move|p2a: Tyranitar|Stealth Rock|p1a: Landorus
|-sidestart|p1: Sim112|move: Stealth Rock
|
|-weather|Sandstorm|[upkeep]
|upkeep
|turn|5
|
|t:|1651900190
|move|p1a: Landorus|Max Quake|p2a: Tyranitar
|-supereffective|p2a: Tyranitar
|-damage|p2a: Tyranitar|0 fnt
|-boost|p1a: Landorus|spd|1
|faint|p2a: Tyranitar
|
|-weather|Sandstorm|[upkeep]
|upkeep
|
|t:|1651900194
|switch|p2a: Zacian|Zacian-Crowned|100/100
|-ability|p2a: Zacian|Intrepid Sword|boost
|-boost|p2a: Zacian|atk|1
|-end|p1a: Landorus|Dynamax
|-heal|p1a: Landorus|100/100|[silent]
|turn|6
|
|t:|1651900201
|move|p1a: Landorus|Earthquake|p2a: Zacian
|-supereffective|p2a: Zacian
|-damage|p2a: Zacian|0 fnt
|faint|p2a: Zacian
|
|-weather|Sandstorm|[upkeep]
|upkeep
|
|t:|1651900210
|switch|p2a: Ditto|Ditto|100/100
|-transform|p2a: Ditto|p1a: Landorus|[from] ability: Imposter
|-ability|p2a: Ditto|Intimidate|boost
|-unboost|p1a: Landorus|atk|1
|turn|7
|
|t:|1651900218
|switch|p1a: Salamence|Salamence, M|100/100
|-damage|p1a: Salamence|76/100|[from] Stealth Rock
|-ability|p1a: Salamence|Intimidate|boost
|-unboost|p2a: Ditto|atk|1
|move|p2a: Ditto|Knock Off|p1a: Salamence
|-damage|p1a: Salamence|55/100
|
|-weather|none
|upkeep
|turn|8
|
|t:|1651900228
|detailschange|p1a: Salamence|Salamence-Mega, M
|-mega|p1a: Salamence|Salamence|Salamencite
|move|p2a: Ditto|Knock Off|p1a: Salamence
|-damage|p1a: Salamence|41/100
|move|p1a: Salamence|Dragon Dance|p1a: Salamence
|-boost|p1a: Salamence|atk|1
|-boost|p1a: Salamence|spe|1
|
|upkeep
|turn|9
|
|t:|1651900236
|-start|p2a: Ditto|Dynamax|
|-heal|p2a: Ditto|100/100|[silent]
|move|p1a: Salamence|Return|p2a: Ditto
|-damage|p2a: Ditto|60/100
|move|p2a: Ditto|Max Rockfall|p1a: Salamence
|-supereffective|p1a: Salamence
|-damage|p1a: Salamence|0 fnt
|-weather|Sandstorm
|faint|p1a: Salamence
|
|-weather|Sandstorm|[upkeep]
|upkeep
|
|t:|1651900252
|switch|p1a: Deoxys|Deoxys-Attack|100/100
|-damage|p1a: Deoxys|88/100|[from] Stealth Rock
|-ability|p1a: Deoxys|Pressure
|turn|10
|
|t:|1651900265
|move|p1a: Deoxys|Psycho Boost|p2a: Ditto|[miss]
|-miss|p1a: Deoxys|p2a: Ditto
|move|p2a: Ditto|Max Darkness|p1a: Deoxys
|-supereffective|p1a: Deoxys
|-damage|p1a: Deoxys|0 fnt
|faint|p1a: Deoxys
|
|-weather|Sandstorm|[upkeep]
|upkeep
|
|t:|1651900277
|switch|p1a: Landorus|Landorus-Therian, M|100/100
|-damage|p1a: Landorus|88/100|[from] Stealth Rock
|-ability|p1a: Landorus|Intimidate|boost
|-unboost|p2a: Ditto|atk|1
|turn|11
|
|t:|1651900289
|move|p1a: Landorus|Knock Off|p2a: Ditto
|-damage|p2a: Ditto|43/100
|-enditem|p2a: Ditto|Choice Scarf|[from] move: Knock Off|[of] p1a: Landorus
|move|p2a: Ditto|Max Darkness|p1a: Landorus
|-damage|p1a: Landorus|62/100
|-unboost|p1a: Landorus|spd|1
|
|-weather|Sandstorm|[upkeep]
|upkeep
|-end|p2a: Ditto|Dynamax
|-heal|p2a: Ditto|43/100|[silent]
|turn|12
|
|t:|1651900301
|switch|p1a: Milotic|Milotic, M|100/100
|-damage|p1a: Milotic|88/100|[from] Stealth Rock
|move|p2a: Ditto|Stone Edge|p1a: Milotic
|-damage|p1a: Milotic|72/100
|
|-weather|Sandstorm|[upkeep]
|-damage|p1a: Milotic|66/100|[from] Sandstorm
|-status|p1a: Milotic|brn|[from] item: Flame Orb
|upkeep
|turn|13
|
|t:|1651900313
|move|p2a: Ditto|Stone Edge|p1a: Milotic
|-damage|p1a: Milotic|55/100 brn
|move|p1a: Milotic|Ice Beam|p2a: Ditto
|-supereffective|p2a: Ditto
|-damage|p2a: Ditto|0 fnt
|faint|p2a: Ditto
|
|-weather|none
|-damage|p1a: Milotic|49/100 brn|[from] brn
|upkeep
|
|t:|1651900315
|switch|p2a: Calyrex|Calyrex-Shadow|100/100
|-ability|p2a: Calyrex|As One
|-ability|p2a: Calyrex|Unnerve
|turn|14
|
|t:|1651900325
|move|p2a: Calyrex|Astral Barrage|p1a: Milotic
|-damage|p1a: Milotic|0 fnt
|faint|p1a: Milotic
|-ability|p2a: Calyrex|Grim Neigh|boost
|-boost|p2a: Calyrex|spa|1
|
|upkeep
|
|t:|1651900332
|switch|p1a: Landorus|Landorus-Therian, M|62/100
|-damage|p1a: Landorus|49/100|[from] Stealth Rock
|-ability|p1a: Landorus|Intimidate|boost
|-unboost|p2a: Calyrex|atk|1
|turn|15
|
|t:|1651900337
|move|p2a: Calyrex|Astral Barrage|p1a: Landorus
|-damage|p1a: Landorus|0 fnt
|faint|p1a: Landorus
|-ability|p2a: Calyrex|Grim Neigh|boost
|-boost|p2a: Calyrex|spa|1
|
|upkeep
|
|t:|1651900344
|switch|p1a: Cinderace|Cinderace, F|100/100
|turn|16
|
|t:|1651900347
|move|p1a: Cinderace|Sucker Punch|p2a: Calyrex
|-start|p1a: Cinderace|typechange|Dark|[from] ability: Libero
|-supereffective|p2a: Calyrex
|-damage|p2a: Calyrex|0 fnt
|faint|p2a: Calyrex
|
|win|Sim112
|raw|Sim112's rating: 1499 &rarr; <strong>1525</strong><br />(+26 for winning)
|raw|xLeonisx's rating: 1615 &rarr; <strong>1589</strong><br />(-26 for losing)
|l|‽xLeonisx
