|j|☆T30telon
|j|☆Ahuehuehue
|t:|1634445981
|gametype|singles
|player|p1|T30telon|riley|1668
|player|p2|Ahuehuehue|265|1700
|teamsize|p1|6
|teamsize|p2|6
|gen|8
|tier|[Gen 8] National Dex AG
|rated|
|rule|HP Percentage Mod: HP is shown in percentages
|rule|Endless Battle Clause: Forcing endless battles is banned
|clearpoke
|poke|p1|Arceus-*|
|poke|p1|Arceus-*|
|poke|p1|Yveltal|
|poke|p1|Zacian-*|
|poke|p1|Necrozma-Dusk-Mane|
|poke|p1|Rayquaza|
|poke|p2|Groudon|
|poke|p2|Rayquaza|
|poke|p2|Yveltal|
|poke|p2|Calyrex-Shadow|
|poke|p2|Shedinja|
|poke|p2|Kyogre|
|teampreview
|
|t:|1634446010
|start
|switch|p1a: Rayquaza|Rayquaza|100/100
|switch|p2a: DELTA VARIANT|Rayquaza|100/100
|-ability|p1a: Rayquaza|Air Lock
|-ability|p2a: DELTA VARIANT|Air Lock
|turn|1
|
|t:|1634446025
|switch|p1a: Zacian|Zacian-Crowned|100/100
|-ability|p1a: Zacian|Intrepid Sword|boost
|-boost|p1a: Zacian|atk|1
|detailschange|p2a: DELTA VARIANT|Rayquaza-Mega
|-mega|p2a: DELTA VARIANT|Rayquaza|
|-weather|DeltaStream|[from] ability: Delta Stream|[of] p2a: DELTA VARIANT
|move|p2a: DELTA VARIANT|Dragon Ascent|p1a: Zacian
|-resisted|p1a: Zacian
|-damage|p1a: Zacian|51/100
|-unboost|p2a: DELTA VARIANT|def|1
|-unboost|p2a: DELTA VARIANT|spd|1
|-damage|p2a: DELTA VARIANT|91/100|[from] item: Life Orb
|
|-weather|DeltaStream|[upkeep]
|upkeep
|turn|2
|
|t:|1634446040
|-weather|none
|switch|p2a: ANCIENT TECH|Shedinja|100/100
|move|p1a: Zacian|Assurance|p2a: ANCIENT TECH
|-supereffective|p2a: ANCIENT TECH
|-damage|p2a: ANCIENT TECH|0 fnt
|faint|p2a: ANCIENT TECH
|
|upkeep
|
|t:|1634446048
|switch|p2a: MY LIL PONY|Calyrex-Shadow|100/100
|-ability|p2a: MY LIL PONY|As One
|-ability|p2a: MY LIL PONY|Unnerve
|turn|3
|
|t:|1634446054
|switch|p1a: Yveltal|Yveltal|100/100
|-ability|p1a: Yveltal|Dark Aura
|move|p2a: MY LIL PONY|Astral Barrage|p1a: Yveltal
|-resisted|p1a: Yveltal
|-damage|p1a: Yveltal|81/100
|
|upkeep
|turn|4
|
|t:|1634446073
|switch|p2a: Kyogre|Kyogre|100/100
|detailschange|p2a: Kyogre|Kyogre-Primal
|-primal|p2a: Kyogre
|-weather|PrimordialSea|[from] ability: Primordial Sea|[of] p2a: Kyogre
|move|p1a: Yveltal|Toxic|p2a: Kyogre
|-status|p2a: Kyogre|tox
|
|-weather|PrimordialSea|[upkeep]
|-damage|p2a: Kyogre|94/100 tox|[from] psn
|upkeep
|turn|5
|inactive|Battle timer is ON: inactive players will automatically lose when time's up. (requested by Ahuehuehue)
|
|t:|1634446097
|switch|p1a: Arceus|Arceus-Water|100/100
|move|p2a: Kyogre|Thunder|p1a: Arceus
|-supereffective|p1a: Arceus
|-crit|p1a: Arceus
|-damage|p1a: Arceus|0 fnt
|faint|p1a: Arceus
|
|-weather|PrimordialSea|[upkeep]
|-damage|p2a: Kyogre|82/100 tox|[from] psn
|upkeep
|
|t:|1634446116
|switch|p1a: Rayquaza|Rayquaza|100/100
|-ability|p1a: Rayquaza|Air Lock
|turn|6
|
|t:|1634446144
|-weather|none
|switch|p2a: Y U ALWAYS LYING|Yveltal|100/100
|-ability|p2a: Y U ALWAYS LYING|Dark Aura
|detailschange|p1a: Rayquaza|Rayquaza-Mega
|-mega|p1a: Rayquaza|Rayquaza|
|-weather|DeltaStream|[from] ability: Delta Stream|[of] p1a: Rayquaza
|move|p1a: Rayquaza|Dragon Ascent|p2a: Y U ALWAYS LYING
|-damage|p2a: Y U ALWAYS LYING|12/100
|-unboost|p1a: Rayquaza|def|1
|-unboost|p1a: Rayquaza|spd|1
|-damage|p1a: Rayquaza|91/100|[from] item: Life Orb
|
|-weather|DeltaStream|[upkeep]
|upkeep
|turn|7
|
|t:|1634446159
|move|p2a: Y U ALWAYS LYING|Sucker Punch|p1a: Rayquaza
|-damage|p1a: Rayquaza|36/100
|move|p1a: Rayquaza|Dragon Ascent|p2a: Y U ALWAYS LYING
|-damage|p2a: Y U ALWAYS LYING|0 fnt
|-unboost|p1a: Rayquaza|def|1
|-unboost|p1a: Rayquaza|spd|1
|faint|p2a: Y U ALWAYS LYING
|-damage|p1a: Rayquaza|26/100|[from] item: Life Orb
|
|-weather|DeltaStream|[upkeep]
|upkeep
|
|t:|1634446170
|switch|p2a: MY LIL PONY|Calyrex-Shadow|100/100
|-ability|p2a: MY LIL PONY|As One
|-ability|p2a: MY LIL PONY|Unnerve
|turn|8
|
|t:|1634446177
|-weather|none
|switch|p1a: Yveltal|Yveltal|81/100
|-ability|p1a: Yveltal|Dark Aura
|move|p2a: MY LIL PONY|Draining Kiss|p1a: Yveltal
|-supereffective|p1a: Yveltal
|-damage|p1a: Yveltal|59/100
|
|upkeep
|turn|9
|
|t:|1634446187
|switch|p2a: Kyogre|Kyogre-Primal|82/100 tox
|-weather|PrimordialSea|[from] ability: Primordial Sea|[of] p2a: Kyogre
|move|p1a: Yveltal|Roost|p1a: Yveltal
|-heal|p1a: Yveltal|100/100
|-singleturn|p1a: Yveltal|move: Roost
|
|-weather|PrimordialSea|[upkeep]
|-damage|p2a: Kyogre|76/100 tox|[from] psn
|upkeep
|turn|10
|
|t:|1634446215
|switch|p1a: Necrozma|Necrozma-Dusk-Mane|100/100
|move|p2a: Kyogre|Ice Beam|p1a: Necrozma
|-resisted|p1a: Necrozma
|-damage|p1a: Necrozma|86/100
|
|-weather|PrimordialSea|[upkeep]
|-damage|p2a: Kyogre|64/100 tox|[from] psn
|upkeep
|turn|11
|
|t:|1634446235
|move|p2a: Kyogre|Origin Pulse|p1a: Necrozma
|-damage|p1a: Necrozma|0 fnt
|faint|p1a: Necrozma
|
|-weather|PrimordialSea|[upkeep]
|-damage|p2a: Kyogre|45/100 tox|[from] psn
|upkeep
|inactive|T30telon has 120 seconds left.
|
|t:|1634446267
|switch|p1a: Arceus|Arceus-Ground|100/100
|turn|12
|
|t:|1634446276
|move|p1a: Arceus|Earthquake|p2a: Kyogre
|-damage|p2a: Kyogre|0 fnt
|faint|p2a: Kyogre
|-weather|none
|
|upkeep
|
|t:|1634446280
|switch|p2a: DELTA VARIANT|Rayquaza-Mega|91/100
|-weather|DeltaStream|[from] ability: Delta Stream|[of] p2a: DELTA VARIANT
|turn|13
|inactive|T30telon has 120 seconds left.
|
|t:|1634446287
|move|p1a: Arceus|Swords Dance|p1a: Arceus
|-boost|p1a: Arceus|atk|2
|move|p2a: DELTA VARIANT|Dragon Dance|p2a: DELTA VARIANT
|-boost|p2a: DELTA VARIANT|atk|1
|-boost|p2a: DELTA VARIANT|spe|1
|
|-weather|DeltaStream|[upkeep]
|upkeep
|turn|14
|inactive|Ahuehuehue has 120 seconds left.
|
|t:|1634446322
|-start|p1a: Arceus|Dynamax
|-heal|p1a: Arceus|100/100|[silent]
|move|p2a: DELTA VARIANT|Dragon Ascent|p1a: Arceus
|-damage|p1a: Arceus|38/100
|-unboost|p2a: DELTA VARIANT|def|1
|-unboost|p2a: DELTA VARIANT|spd|1
|-damage|p2a: DELTA VARIANT|81/100|[from] item: Life Orb
|move|p1a: Arceus|Max Rockfall|p2a: DELTA VARIANT
|-activate||deltastream
|-damage|p2a: DELTA VARIANT|0 fnt
|faint|p2a: DELTA VARIANT
|-weather|none
|
|upkeep
|inactive|Ahuehuehue has 120 seconds left.
|
|t:|1634446341
|switch|p2a: MY LIL PONY|Calyrex-Shadow|100/100
|-ability|p2a: MY LIL PONY|As One
|-ability|p2a: MY LIL PONY|Unnerve
|turn|15
|
|t:|1634446353
|-start|p2a: MY LIL PONY|Dynamax
|-heal|p2a: MY LIL PONY|100/100|[silent]
|move|p1a: Arceus|Max Guard|p1a: Arceus
|-singleturn|p1a: Arceus|Max Guard
|move|p2a: MY LIL PONY|Max Overgrowth|p1a: Arceus
|-activate|p1a: Arceus|move: Max Guard
|
|upkeep
|turn|16
|inactive|Ahuehuehue has 120 seconds left.
|
|t:|1634446379
|-end|p1a: Arceus|Dynamax
|-heal|p1a: Arceus|39/100|[silent]
|switch|p1a: Yveltal|Yveltal|100/100
|-ability|p1a: Yveltal|Dark Aura
|move|p2a: MY LIL PONY|Max Overgrowth|p1a: Yveltal
|-resisted|p1a: Yveltal
|-damage|p1a: Yveltal|86/100
|-fieldstart|move: Grassy Terrain
|
|upkeep
|turn|17
|
|t:|1634446392
|move|p2a: MY LIL PONY|Max Starfall|p1a: Yveltal
|-supereffective|p1a: Yveltal
|-damage|p1a: Yveltal|38/100
|-fieldstart|move: Misty Terrain
|move|p1a: Yveltal|Roost|p1a: Yveltal
|-heal|p1a: Yveltal|88/100
|-singleturn|p1a: Yveltal|move: Roost
|
|-end|p2a: MY LIL PONY|Dynamax
|-heal|p2a: MY LIL PONY|100/100|[silent]
|upkeep
|turn|18
|inactive|Ahuehuehue has 120 seconds left.
|
|t:|1634446402
|switch|p2a: SANIC|Groudon, shiny|100/100
|detailschange|p2a: SANIC|Groudon-Primal, shiny
|-primal|p2a: SANIC
|-weather|DesolateLand|[from] ability: Desolate Land|[of] p2a: SANIC
|move|p1a: Yveltal|Foul Play|p2a: SANIC
|-damage|p2a: SANIC|57/100
|
|-weather|DesolateLand|[upkeep]
|upkeep
|turn|19
|
|t:|1634446417
|switch|p1a: Zacian|Zacian-Crowned|51/100
|-ability|p1a: Zacian|Intrepid Sword|boost
|-boost|p1a: Zacian|atk|1
|move|p2a: SANIC|Rock Tomb|p1a: Zacian
|-resisted|p1a: Zacian
|-damage|p1a: Zacian|40/100
|-unboost|p1a: Zacian|spe|1
|
|-weather|DesolateLand|[upkeep]
|upkeep
|turn|20
|
|t:|1634446426
|move|p1a: Zacian|Close Combat|p2a: SANIC
|-damage|p2a: SANIC|16/100
|-unboost|p1a: Zacian|def|1
|-unboost|p1a: Zacian|spd|1
|move|p2a: SANIC|Precipice Blades|p1a: Zacian
|-supereffective|p1a: Zacian
|-damage|p1a: Zacian|0 fnt
|faint|p1a: Zacian
|
|-weather|DesolateLand|[upkeep]
|upkeep
|-message|Ahuehuehue forfeited.
|
|win|T30telon
|raw|T30telon's rating: 1668 &rarr; <strong>1690</strong><br />(+22 for winning)
|raw|Ahuehuehue's rating: 1700 &rarr; <strong>1678</strong><br />(-22 for losing)
|l|☆Ahuehuehue
