|j|☆Freeity
|j|‽Arabesca
|t:|1655917222
|gametype|singles
|player|p1|Freeity|hugh|
|player|p2|Arabesca|cynthia-gen4|
|teamsize|p1|6
|teamsize|p2|6
|gen|8
|tier|[Gen 8] National Dex AG
|rule|HP Percentage Mod: HP is shown in percentages
|rule|Endless Battle Clause: Forcing endless battles is banned
|clearpoke
|poke|p1|Calyrex-Ice|
|poke|p1|Kyogre|
|poke|p1|Arceus-*|
|poke|p1|Rayquaza|
|poke|p1|Necrozma-Dawn-Wings|
|poke|p1|Zygarde|
|poke|p2|Arceus-*|
|poke|p2|Marshadow|
|poke|p2|Naganadel|
|poke|p2|Dialga|
|poke|p2|Lugia|
|poke|p2|Kyogre|
|teampreview
|
|t:|1655917229
|start
|switch|p1a: Necrozma|Necrozma-Dawn-Wings|100/100
|switch|p2a: Arceus|Arceus-Ground|100/100
|turn|1
|inactive|Battle timer is ON: inactive players will automatically lose when time's up. (requested by Freeity)
|
|t:|1655917250
|move|p2a: Arceus|Stealth Rock|p1a: Necrozma
|-sidestart|p1: Freeity|move: Stealth Rock
|move|p1a: Necrozma|Autotomize|p1a: Necrozma
|-boost|p1a: Necrozma|spe|2
|-start|p1a: Necrozma|Autotomize
|
|upkeep
|turn|2
|j| Sparkyscarface
|inactive|Arabesca has 270 seconds left.
|c| Sparkyscarface|intresting
|c|☆Freeity|spark
|c|☆Freeity|i'm doing the biggest c-team
|c|☆Freeity|in the world
|c|☆Freeity|so dw aboujt
|c|☆Freeity|my sets
|c| Sparkyscarface|thats crazy
|
|t:|1655917306
|move|p1a: Necrozma|Calm Mind|p1a: Necrozma
|-boost|p1a: Necrozma|spa|1
|-boost|p1a: Necrozma|spd|1
|move|p2a: Arceus|Judgment|p1a: Necrozma
|-damage|p1a: Necrozma|68/100
|
|upkeep
|turn|3
|c| Sparkyscarface|also  necrozma dawn wings is good?
|
|t:|1655917313
|move|p1a: Necrozma|Calm Mind|p1a: Necrozma
|-boost|p1a: Necrozma|spa|1
|-boost|p1a: Necrozma|spd|1
|move|p2a: Arceus|Ice Beam|p1a: Necrozma
|-crit|p1a: Necrozma
|-damage|p1a: Necrozma|33/100
|
|upkeep
|turn|4
|c|☆Freeity|not at all
|c|☆Freeity|WTF
|c|☆Freeity|CRIT
|c| Sparkyscarface|knew it
|
|t:|1655917324
|detailschange|p1a: Necrozma|Necrozma-Ultra
|-burst|p1a: Necrozma|Necrozma|Ultranecrozium Z
|move|p1a: Necrozma|Photon Geyser|p2a: Arceus
|-damage|p2a: Arceus|0 fnt
|faint|p2a: Arceus
|
|upkeep
|c| Sparkyscarface|imagine if it ate tho
|
|t:|1655917339
|switch|p2a: Lugia|Lugia|100/100
|turn|5
|
|t:|1655917344
|move|p1a: Necrozma|Moongeist Beam|p2a: Lugia
|-supereffective|p2a: Lugia
|-damage|p2a: Lugia|0 fnt
|faint|p2a: Lugia
|
|upkeep
|
|t:|1655917349
|switch|p2a: Kyogre|Kyogre|100/100
|-weather|RainDance|[from] ability: Drizzle|[of] p2a: Kyogre
|turn|6
|c|☆Freeity|LMAOOOOO
|
|t:|1655917355
|-zpower|p1a: Necrozma
|move|p1a: Necrozma|Light That Burns the Sky|p2a: Kyogre|[zeffect]
|-damage|p2a: Kyogre|0 fnt
|faint|p2a: Kyogre
|
|-weather|RainDance|[upkeep]
|upkeep
|inactive|Arabesca has 270 seconds left.
|
|t:|1655917360
|switch|p2a: Dialga|Dialga|100/100
|-ability|p2a: Dialga|Pressure
|turn|7
|
|t:|1655917364
|move|p1a: Necrozma|Moongeist Beam|p2a: Dialga
|-damage|p2a: Dialga|4/100
|move|p2a: Dialga|Draco Meteor|p1a: Necrozma
|-supereffective|p1a: Necrozma
|-damage|p1a: Necrozma|0 fnt
|-unboost|p2a: Dialga|spa|2
|faint|p1a: Necrozma
|
|-weather|RainDance|[upkeep]
|upkeep
|c|☆Freeity|LMAOO
|c| Sparkyscarface|DSAMN
|c|☆Freeity|THAT WAS SO FUNNY
|c| Sparkyscarface|DAMN
|c| Sparkyscarface|DIALGA ATE
|c|☆Freeity|I WIPED HALF HER TEAM
|c|☆Freeity|LMAOOO
|
|t:|1655917393
|switch|p1a: Zygarde|Zygarde|100/100
|-damage|p1a: Zygarde|94/100|[from] Stealth Rock
|turn|8
|c| Sparkyscarface|should i try ndag again
|c|☆Freeity|u can't kill me with draco
|c|☆Freeity|watchu gon do bitch
|c| Sparkyscarface|havent played in a good while
|
|t:|1655917412
|switch|p2a: Marshadow|Marshadow|100/100
|move|p1a: Zygarde|Glare|p2a: Marshadow
|-status|p2a: Marshadow|par
|
|-weather|RainDance|[upkeep]
|-heal|p1a: Zygarde|100/100|[from] item: Leftovers
|upkeep
|turn|9
|
|t:|1655917418
|move|p1a: Zygarde|Substitute|p1a: Zygarde
|-start|p1a: Zygarde|Substitute
|-damage|p1a: Zygarde|76/100
|move|p2a: Marshadow|Ice Punch|p1a: Zygarde
|-supereffective|p1a: Zygarde
|-end|p1a: Zygarde|Substitute
|-damage|p2a: Marshadow|91/100 par|[from] item: Life Orb
|
|-weather|RainDance|[upkeep]
|-heal|p1a: Zygarde|82/100|[from] item: Leftovers
|upkeep
|turn|10
|c| Sparkyscarface|L
|
|t:|1655917424
|move|p1a: Zygarde|Substitute|p1a: Zygarde
|-start|p1a: Zygarde|Substitute
|-damage|p1a: Zygarde|57/100
|move|p2a: Marshadow|Ice Punch|p1a: Zygarde
|-supereffective|p1a: Zygarde
|-end|p1a: Zygarde|Substitute
|-damage|p2a: Marshadow|81/100 par|[from] item: Life Orb
|
|-weather|none
|-heal|p1a: Zygarde|63/100|[from] item: Leftovers
|upkeep
|turn|11
|c|☆Freeity|spark never use this set
|c|☆Freeity|it's for sweaty people
|c| Sparkyscarface|aight
|
|t:|1655917433
|move|p1a: Zygarde|Substitute|p1a: Zygarde
|-start|p1a: Zygarde|Substitute
|-damage|p1a: Zygarde|38/100
|move|p2a: Marshadow|Ice Punch|p1a: Zygarde
|-supereffective|p1a: Zygarde
|-end|p1a: Zygarde|Substitute
|-damage|p2a: Marshadow|71/100 par|[from] item: Life Orb
|
|-heal|p1a: Zygarde|44/100|[from] item: Leftovers
|-activate|p1a: Zygarde|ability: Power Construct
|detailschange|p1a: Zygarde|Zygarde-Complete
|-heal|p1a: Zygarde|64/100|[silent]
|upkeep
|turn|12
|
|t:|1655917440
|switch|p1a: Kyogre|Kyogre|100/100
|-damage|p1a: Kyogre|88/100|[from] Stealth Rock
|detailschange|p1a: Kyogre|Kyogre-Primal
|-primal|p1a: Kyogre
|-weather|PrimordialSea|[from] ability: Primordial Sea|[of] p1a: Kyogre
|move|p2a: Marshadow|Ice Punch|p1a: Kyogre
|-resisted|p1a: Kyogre
|-damage|p1a: Kyogre|73/100
|-damage|p2a: Marshadow|61/100 par|[from] item: Life Orb
|
|-weather|PrimordialSea|[upkeep]
|upkeep
|turn|13
|c| Sparkyscarface|bro wtf
|c| Sparkyscarface|no paralysis smh
|
|t:|1655917453
|switch|p2a: Naganadel|Naganadel|100/100
|move|p1a: Kyogre|Thunder|p2a: Naganadel
|-resisted|p2a: Naganadel
|-damage|p2a: Naganadel|63/100
|
|-weather|PrimordialSea|[upkeep]
|upkeep
|turn|14
|
|t:|1655917473
|move|p2a: Naganadel|Nasty Plot|p2a: Naganadel
|-boost|p2a: Naganadel|spa|2
|move|p1a: Kyogre|Ice Beam|p2a: Naganadel
|-supereffective|p2a: Naganadel
|-damage|p2a: Naganadel|0 fnt
|faint|p2a: Naganadel
|
|-weather|PrimordialSea|[upkeep]
|upkeep
|c|☆Freeity|???
|c|☆Freeity|sped tactics 123
|c| Sparkyscarface|dumb ass
|c| Sparkyscarface|dumbass*
|
|t:|1655917489
|switch|p2a: Dialga|Dialga|4/100
|-ability|p2a: Dialga|Pressure
|turn|15
|l|‽Arabesca
|inactive|Arabesca disconnected and has 300 seconds to reconnect!
|player|p2|
|c| Sparkyscarface|i love how vulp just getting bullied
|
|t:|1655917506
|move|p2a: Dialga|Draco Meteor|p1a: Kyogre
|-damage|p1a: Kyogre|19/100
|-unboost|p2a: Dialga|spa|2
|move|p1a: Kyogre|Ice Beam|p2a: Dialga
|-damage|p2a: Dialga|0 fnt
|faint|p2a: Dialga
|
|-weather|PrimordialSea|[upkeep]
|upkeep
|c| Sparkyscarface|🗿
|inactive|Arabesca has 270 seconds to reconnect!
|inactive|Arabesca has 240 seconds to reconnect!
|inactive|Arabesca has 210 seconds to reconnect!
|inactive|Arabesca has 180 seconds to reconnect!
|j|‽Arabesca
|inactive|Arabesca reconnected and has 300 seconds left.
|player|p2|Arabesca|cynthia-gen4
|n|‽Arabesca|arabesca
|n|‽Arabesca|arabesca
|n|‽Arabesca|arabesca
|n|‽Arabesca|arabesca
|inactive|Arabesca has 270 seconds left.
|c| Sparkyscarface|bro
|c| Sparkyscarface|vulp just time stalling
|inactive|Arabesca has 240 seconds left.
|inactive|Arabesca has 210 seconds left.
|inactive|Arabesca has 180 seconds left.
|inactive|Arabesca has 150 seconds left.
|inactive|Arabesca has 120 seconds left.
|inactive|Arabesca has 90 seconds left.
|inactive|Arabesca has 60 seconds left.
|inactive|Arabesca has 30 seconds left.
|inactive|Arabesca has 20 seconds left.
|inactive|Arabesca has 15 seconds left.
|inactive|Arabesca has 10 seconds left.
|inactive|Arabesca has 5 seconds left.
|-message|Arabesca lost due to inactivity.
|
|win|Freeity
|l| Sparkyscarface
