|j|☆Matsui_Miyako
|j|☆lavenderlad02
|t:|1666220075
|gametype|singles
|player|p1|Matsui_Miyako|allister|1841
|player|p2|lavenderlad02|2|1836
|teamsize|p1|6
|teamsize|p2|6
|gen|8
|tier|[Gen 8] National Dex AG
|rated|
|rule|HP Percentage Mod: HP is shown in percentages
|rule|Endless Battle Clause: Forcing endless battles is banned
|clearpoke
|poke|p1|Yveltal|
|poke|p1|Deoxys-Attack|
|poke|p1|Marshadow|
|poke|p1|Arceus-*|
|poke|p1|Calyrex-Shadow|
|poke|p1|Arceus-*|
|poke|p2|Eternatus|
|poke|p2|Arceus-*|
|poke|p2|Yveltal|
|poke|p2|Necrozma-Dusk-Mane|
|poke|p2|Arceus-*|
|poke|p2|Marshadow|
|teampreview
|inactive|Battle timer is ON: inactive players will automatically lose when time's up. (requested by lavenderlad02)
|
|t:|1666220100
|start
|switch|p1a: Deoxys|Deoxys-Attack|100/100
|switch|p2a: Marshadow|Marshadow|100/100
|-ability|p1a: Deoxys|Pressure
|turn|1
|
|t:|1666220113
|move|p2a: Marshadow|Shadow Sneak|p1a: Deoxys
|-supereffective|p1a: Deoxys
|-enditem|p1a: Deoxys|Focus Sash
|-damage|p1a: Deoxys|1/100
|move|p1a: Deoxys|Stealth Rock|p2a: Marshadow
|-sidestart|p2: lavenderlad02|move: Stealth Rock
|
|upkeep
|turn|2
|
|t:|1666220116
|move|p2a: Marshadow|Shadow Sneak|p1a: Deoxys
|-supereffective|p1a: Deoxys
|-damage|p1a: Deoxys|0 fnt
|faint|p1a: Deoxys
|
|upkeep
|
|t:|1666220120
|switch|p1a: Sombra|Marshadow|100/100
|turn|3
|
|t:|1666220122
|move|p2a: Marshadow|Shadow Sneak|p1a: Sombra
|-supereffective|p1a: Sombra
|-enditem|p1a: Sombra|Focus Sash
|-damage|p1a: Sombra|1/100
|move|p1a: Sombra|Shadow Sneak|p2a: Marshadow
|-supereffective|p2a: Marshadow
|-damage|p2a: Marshadow|25/100
|
|upkeep
|turn|4
|
|t:|1666220126
|move|p2a: Marshadow|Shadow Sneak|p1a: Sombra
|-supereffective|p1a: Sombra
|-damage|p1a: Sombra|0 fnt
|faint|p1a: Sombra
|
|upkeep
|
|t:|1666220128
|switch|p1a: Deus|Arceus|100/100
|turn|5
|
|t:|1666220138
|switch|p2a: Yveltal|Yveltal|100/100
|-ability|p2a: Yveltal|Dark Aura
|move|p1a: Deus|Swords Dance|p1a: Deus
|-boost|p1a: Deus|atk|2
|
|upkeep
|turn|6
|
|t:|1666220145
|-start|p1a: Deus|Dynamax|
|-heal|p1a: Deus|100/100|[silent]
|move|p1a: Deus|Max Strike|p2a: Yveltal
|-damage|p2a: Yveltal|0 fnt
|faint|p2a: Yveltal
|
|upkeep
|
|t:|1666220157
|switch|p2a: Necrozma|Necrozma-Dusk-Mane|100/100
|-damage|p2a: Necrozma|94/100|[from] Stealth Rock
|turn|7
|
|t:|1666220161
|move|p1a: Deus|Max Quake|p2a: Necrozma
|-supereffective|p2a: Necrozma
|-damage|p2a: Necrozma|20/100
|-boost|p1a: Deus|spd|1
|move|p2a: Necrozma|Thunder Wave|p1a: Deus
|-status|p1a: Deus|par
|
|upkeep
|turn|8
|
|t:|1666220167
|move|p2a: Necrozma|Moonlight|p2a: Necrozma
|-heal|p2a: Necrozma|70/100
|move|p1a: Deus|Max Quake|p2a: Necrozma
|-supereffective|p2a: Necrozma
|-damage|p2a: Necrozma|0 fnt
|-boost|p1a: Deus|spd|1
|faint|p2a: Necrozma
|
|upkeep
|
|t:|1666220171
|switch|p2a: Marshadow|Marshadow|25/100
|-damage|p2a: Marshadow|19/100|[from] Stealth Rock
|-end|p1a: Deus|Dynamax
|-heal|p1a: Deus|100/100 par|[silent]
|turn|9
|
|t:|1666220183
|move|p2a: Marshadow|Close Combat|p1a: Deus
|-supereffective|p1a: Deus
|-damage|p1a: Deus|0 fnt
|-unboost|p2a: Marshadow|def|1
|-unboost|p2a: Marshadow|spd|1
|faint|p1a: Deus
|
|upkeep
|
|t:|1666220191
|switch|p1a: Cavaleiro Fantasma|Calyrex-Shadow|100/100
|-ability|p1a: Cavaleiro Fantasma|As One
|-ability|p1a: Cavaleiro Fantasma|Unnerve
|turn|10
|
|t:|1666220195
|switch|p2a: Arceus|Arceus-Water|100/100
|-damage|p2a: Arceus|88/100|[from] Stealth Rock
|move|p1a: Cavaleiro Fantasma|Astral Barrage|p2a: Arceus
|-damage|p2a: Arceus|33/100
|
|upkeep
|turn|11
|
|t:|1666220197
|move|p1a: Cavaleiro Fantasma|Astral Barrage|p2a: Arceus
|-damage|p2a: Arceus|0 fnt
|faint|p2a: Arceus
|-ability|p1a: Cavaleiro Fantasma|Grim Neigh|boost
|-boost|p1a: Cavaleiro Fantasma|spa|1
|
|upkeep
|
|t:|1666220198
|switch|p2a: Marshadow|Marshadow|19/100
|-damage|p2a: Marshadow|13/100|[from] Stealth Rock
|turn|12
|
|t:|1666220215
|move|p2a: Marshadow|Shadow Sneak|p1a: Cavaleiro Fantasma
|-supereffective|p1a: Cavaleiro Fantasma
|-damage|p1a: Cavaleiro Fantasma|0 fnt
|faint|p1a: Cavaleiro Fantasma
|
|upkeep
|
|t:|1666220217
|switch|p1a: Pássaro das Trevas|Yveltal|100/100
|-ability|p1a: Pássaro das Trevas|Dark Aura
|turn|13
|
|t:|1666220220
|switch|p2a: Eternatus|Eternatus|100/100
|-damage|p2a: Eternatus|88/100|[from] Stealth Rock
|-ability|p2a: Eternatus|Pressure
|move|p1a: Pássaro das Trevas|Oblivion Wing|p2a: Eternatus
|-damage|p2a: Eternatus|59/100
|
|upkeep
|turn|14
|
|t:|1666220223
|move|p2a: Eternatus|Recover|p2a: Eternatus
|-heal|p2a: Eternatus|100/100
|move|p1a: Pássaro das Trevas|Dark Pulse|p2a: Eternatus
|-damage|p2a: Eternatus|67/100
|
|upkeep
|turn|15
|
|t:|1666220226
|switch|p1a: Titã|Arceus-Ground|100/100
|move|p2a: Eternatus|Toxic|p1a: Titã
|-status|p1a: Titã|tox
|
|-damage|p1a: Titã|94/100 tox|[from] psn
|upkeep
|turn|16
|inactive|Matsui_Miyako has 120 seconds left.
|
|t:|1666220273
|-zpower|p1a: Titã
|move|p1a: Titã|Tectonic Rage|p2a: Eternatus|[zeffect]
|-supereffective|p2a: Eternatus
|-enditem|p2a: Eternatus|Shuca Berry|[eat]
|-enditem|p2a: Eternatus|Shuca Berry|[weaken]
|-damage|p2a: Eternatus|18/100
|move|p2a: Eternatus|Recover|p2a: Eternatus
|-heal|p2a: Eternatus|68/100
|
|-damage|p1a: Titã|82/100 tox|[from] psn
|upkeep
|turn|17
|
|t:|1666220279
|switch|p2a: Arceus|Arceus-Steel|100/100
|-damage|p2a: Arceus|94/100|[from] Stealth Rock
|move|p1a: Titã|Earth Power|p2a: Arceus
|-supereffective|p2a: Arceus
|-damage|p2a: Arceus|17/100
|
|-damage|p1a: Titã|64/100 tox|[from] psn
|upkeep
|turn|18
|
|t:|1666220282
|move|p2a: Arceus|Judgment|p1a: Titã
|-damage|p1a: Titã|17/100 tox
|move|p1a: Titã|Earth Power|p2a: Arceus
|-supereffective|p2a: Arceus
|-damage|p2a: Arceus|0 fnt
|faint|p2a: Arceus
|
|-damage|p1a: Titã|0 fnt|[from] psn
|faint|p1a: Titã
|upkeep
|
|t:|1666220286
|switch|p2a: Eternatus|Eternatus|68/100
|switch|p1a: Pássaro das Trevas|Yveltal|100/100
|-damage|p2a: Eternatus|56/100|[from] Stealth Rock
|-ability|p2a: Eternatus|Pressure
|-ability|p1a: Pássaro das Trevas|Dark Aura
|turn|19
|
|t:|1666220290
|move|p2a: Eternatus|Recover|p2a: Eternatus
|-heal|p2a: Eternatus|100/100
|move|p1a: Pássaro das Trevas|Dark Pulse|p2a: Eternatus
|-damage|p2a: Eternatus|66/100
|
|upkeep
|turn|20
|
|t:|1666220292
|move|p2a: Eternatus|Toxic|p1a: Pássaro das Trevas
|-status|p1a: Pássaro das Trevas|tox
|move|p1a: Pássaro das Trevas|Dark Pulse|p2a: Eternatus
|-damage|p2a: Eternatus|33/100
|
|-damage|p1a: Pássaro das Trevas|94/100 tox|[from] psn
|upkeep
|turn|21
|
|t:|1666220294
|move|p2a: Eternatus|Recover|p2a: Eternatus
|-heal|p2a: Eternatus|83/100
|move|p1a: Pássaro das Trevas|Dark Pulse|p2a: Eternatus
|-damage|p2a: Eternatus|51/100
|
|-damage|p1a: Pássaro das Trevas|82/100 tox|[from] psn
|upkeep
|turn|22
|
|t:|1666220296
|move|p2a: Eternatus|Recover|p2a: Eternatus
|-heal|p2a: Eternatus|100/100
|move|p1a: Pássaro das Trevas|Dark Pulse|p2a: Eternatus
|-damage|p2a: Eternatus|68/100
|
|-damage|p1a: Pássaro das Trevas|64/100 tox|[from] psn
|upkeep
|turn|23
|j|+Dragonillis
|
|t:|1666220298
|move|p2a: Eternatus|Recover|p2a: Eternatus
|-heal|p2a: Eternatus|100/100
|move|p1a: Pássaro das Trevas|Dark Pulse|p2a: Eternatus
|-damage|p2a: Eternatus|69/100
|
|-damage|p1a: Pássaro das Trevas|39/100 tox|[from] psn
|upkeep
|turn|24
|c|☆lavenderlad02|gg
|
|t:|1666220301
|move|p2a: Eternatus|Recover|p2a: Eternatus
|-heal|p2a: Eternatus|100/100
|move|p1a: Pássaro das Trevas|Oblivion Wing|p2a: Eternatus
|-damage|p2a: Eternatus|69/100
|-heal|p1a: Pássaro das Trevas|69/100 tox|[from] drain|[of] p2a: Eternatus
|
|-damage|p1a: Pássaro das Trevas|38/100 tox|[from] psn
|upkeep
|turn|25
|
|t:|1666220303
|move|p2a: Eternatus|Recover|p2a: Eternatus
|-heal|p2a: Eternatus|100/100
|move|p1a: Pássaro das Trevas|Dark Pulse|p2a: Eternatus
|-damage|p2a: Eternatus|68/100
|
|-damage|p1a: Pássaro das Trevas|2/100 tox|[from] psn
|upkeep
|turn|26
|
|t:|1666220305
|move|p2a: Eternatus|Recover|p2a: Eternatus
|-heal|p2a: Eternatus|100/100
|move|p1a: Pássaro das Trevas|Dark Pulse|p2a: Eternatus
|-damage|p2a: Eternatus|66/100
|
|-damage|p1a: Pássaro das Trevas|0 fnt|[from] psn
|faint|p1a: Pássaro das Trevas
|
|win|lavenderlad02
|upkeep
|raw|Matsui_Miyako's rating: 1841 &rarr; <strong>1821</strong><br />(-20 for losing)
|raw|lavenderlad02's rating: 1836 &rarr; <strong>1856</strong><br />(+20 for winning)
|l|☆lavenderlad02
|l|☆Matsui_Miyako
