|j|☆thicsucttv
|j|☆Ford Prefect
|t:|1665608412
|gametype|singles
|player|p1|thicsucttv|265|1672
|player|p2|Ford Prefect|265|1758
|teamsize|p1|6
|teamsize|p2|6
|gen|8
|tier|[Gen 8] National Dex AG
|rated|
|rule|HP Percentage Mod: HP is shown in percentages
|rule|Endless Battle Clause: Forcing endless battles is banned
|clearpoke
|poke|p1|Tyranitar, F|
|poke|p1|Marshadow|
|poke|p1|Yveltal|
|poke|p1|Necrozma-Dusk-Mane|
|poke|p1|Ditto|
|poke|p1|Lucario, M|
|poke|p2|Rayquaza|
|poke|p2|Groudon|
|poke|p2|Kyogre|
|poke|p2|Necrozma-Dawn-Wings|
|poke|p2|Arceus-*|
|poke|p2|Zacian-*|
|teampreview
|inactive|Battle timer is ON: inactive players will automatically lose when time's up. (requested by thicsucttv)
|
|t:|1665608430
|start
|switch|p1a: Lucario|Lucario, M|100/100
|switch|p2a: Groudon|Groudon|100/100
|detailschange|p2a: Groudon|Groudon-Primal
|-primal|p2a: Groudon
|-weather|DesolateLand|[from] ability: Desolate Land|[of] p2a: Groudon
|turn|1
|
|t:|1665608439
|detailschange|p1a: Lucario|Lucario-Mega, M
|-mega|p1a: Lucario|Lucario|Lucarionite
|move|p1a: Lucario|Close Combat|p2a: Groudon
|-damage|p2a: Groudon|48/100
|-unboost|p1a: Lucario|def|1
|-unboost|p1a: Lucario|spd|1
|move|p2a: Groudon|Stealth Rock|p1a: Lucario
|-sidestart|p1: thicsucttv|move: Stealth Rock
|
|-weather|DesolateLand|[upkeep]
|upkeep
|turn|2
|
|t:|1665608460
|-weather|none
|switch|p2a: Necrozma|Necrozma-Dawn-Wings|100/100
|move|p1a: Lucario|Close Combat|p2a: Necrozma
|-immune|p2a: Necrozma
|
|upkeep
|turn|3
|
|t:|1665608474
|switch|p1a: Tyranitar|Tyranitar, F|100/100
|-damage|p1a: Tyranitar|88/100|[from] Stealth Rock
|-weather|Sandstorm|[from] ability: Sand Stream|[of] p1a: Tyranitar
|detailschange|p2a: Necrozma|Necrozma-Ultra
|-burst|p2a: Necrozma|Necrozma|Ultranecrozium Z
|move|p2a: Necrozma|Photon Geyser|p1a: Tyranitar
|-immune|p1a: Tyranitar
|
|-weather|Sandstorm|[upkeep]
|-damage|p2a: Necrozma|94/100|[from] Sandstorm
|-heal|p1a: Tyranitar|94/100|[from] item: Leftovers
|upkeep
|turn|4
|
|t:|1665608490
|switch|p2a: Kyogre|Kyogre|100/100
|detailschange|p2a: Kyogre|Kyogre-Primal
|-primal|p2a: Kyogre
|-weather|PrimordialSea|[from] ability: Primordial Sea|[of] p2a: Kyogre
|move|p1a: Tyranitar|Stealth Rock|p2a: Kyogre
|-sidestart|p2: Ford Prefect|move: Stealth Rock
|
|-weather|PrimordialSea|[upkeep]
|-heal|p1a: Tyranitar|100/100|[from] item: Leftovers
|upkeep
|turn|5
|
|t:|1665608500
|move|p2a: Kyogre|Surf|p1a: Tyranitar
|-supereffective|p1a: Tyranitar
|-damage|p1a: Tyranitar|0 fnt
|faint|p1a: Tyranitar
|
|-weather|PrimordialSea|[upkeep]
|upkeep
|inactive|thicsucttv has 120 seconds left.
|inactive|thicsucttv has 90 seconds left.
|
|t:|1665608547
|switch|p1a: Necrozma|Necrozma-Dusk-Mane|100/100
|-damage|p1a: Necrozma|94/100|[from] Stealth Rock
|turn|6
|inactive|thicsucttv has 90 seconds left.
|
|t:|1665608553
|detailschange|p1a: Necrozma|Necrozma-Ultra
|-burst|p1a: Necrozma|Necrozma|Ultranecrozium Z
|move|p1a: Necrozma|Substitute|p1a: Necrozma
|-start|p1a: Necrozma|Substitute
|-damage|p1a: Necrozma|70/100
|move|p2a: Kyogre|Surf|p1a: Necrozma
|-resisted|p1a: Necrozma
|-end|p1a: Necrozma|Substitute
|
|-weather|PrimordialSea|[upkeep]
|upkeep
|turn|7
|
|t:|1665608562
|-zpower|p1a: Necrozma
|move|p1a: Necrozma|Light That Burns the Sky|p2a: Kyogre|[zeffect]
|-damage|p2a: Kyogre|0 fnt
|faint|p2a: Kyogre
|-weather|none
|
|upkeep
|
|t:|1665608572
|switch|p2a: Zacian|Zacian-Crowned|100/100
|-damage|p2a: Zacian|94/100|[from] Stealth Rock
|-ability|p2a: Zacian|Intrepid Sword|boost
|-boost|p2a: Zacian|atk|1
|turn|8
|
|t:|1665608578
|move|p2a: Zacian|Play Rough|p1a: Necrozma|[miss]
|-miss|p2a: Zacian|p1a: Necrozma
|move|p1a: Necrozma|Earthquake|p2a: Zacian
|-supereffective|p2a: Zacian
|-damage|p2a: Zacian|0 fnt
|faint|p2a: Zacian
|
|upkeep
|
|t:|1665608585
|switch|p2a: Rayquaza|Rayquaza|100/100
|-damage|p2a: Rayquaza|76/100|[from] Stealth Rock
|-ability|p2a: Rayquaza|Air Lock
|turn|9
|
|t:|1665608598
|detailschange|p2a: Rayquaza|Rayquaza-Mega
|-mega|p2a: Rayquaza|Rayquaza|
|-weather|DeltaStream|[from] ability: Delta Stream|[of] p2a: Rayquaza
|move|p2a: Rayquaza|Dragon Ascent|p1a: Necrozma
|-damage|p1a: Necrozma|0 fnt
|-unboost|p2a: Rayquaza|def|1
|-unboost|p2a: Rayquaza|spd|1
|faint|p1a: Necrozma
|
|-weather|DeltaStream|[upkeep]
|upkeep
|
|t:|1665608615
|switch|p1a: Yveltal|Yveltal|100/100
|-damage|p1a: Yveltal|76/100|[from] Stealth Rock
|-ability|p1a: Yveltal|Dark Aura
|turn|10
|
|t:|1665608627
|move|p1a: Yveltal|Sucker Punch|p2a: Rayquaza
|-damage|p2a: Rayquaza|0 fnt
|faint|p2a: Rayquaza
|-weather|none
|-damage|p1a: Yveltal|66/100|[from] item: Life Orb
|
|upkeep
|
|t:|1665608633
|switch|p2a: Arceus|Arceus-Dark|100/100
|-damage|p2a: Arceus|88/100|[from] Stealth Rock
|turn|11
|
|t:|1665608645
|-start|p2a: Arceus|Dynamax|
|-heal|p2a: Arceus|88/100|[silent]
|move|p1a: Yveltal|Knock Off|p2a: Arceus
|-resisted|p2a: Arceus
|-damage|p2a: Arceus|78/100
|-damage|p1a: Yveltal|56/100|[from] item: Life Orb
|move|p2a: Arceus|Max Strike|p1a: Yveltal
|-damage|p1a: Yveltal|25/100
|-unboost|p1a: Yveltal|spe|1
|
|upkeep
|turn|12
|
|t:|1665608662
|move|p1a: Yveltal|Sucker Punch|p2a: Arceus
|-resisted|p2a: Arceus
|-damage|p2a: Arceus|67/100
|-damage|p1a: Yveltal|15/100|[from] item: Life Orb
|move|p2a: Arceus|Max Darkness|p1a: Yveltal
|-resisted|p1a: Yveltal
|-damage|p1a: Yveltal|0 fnt
|faint|p1a: Yveltal
|
|upkeep
|inactive|thicsucttv has 90 seconds left.
|
|t:|1665608687
|switch|p1a: Lucario|Lucario-Mega, M|100/100
|-damage|p1a: Lucario|98/100|[from] Stealth Rock
|turn|13
|
|t:|1665608695
|move|p1a: Lucario|Substitute|p1a: Lucario
|-start|p1a: Lucario|Substitute
|-damage|p1a: Lucario|73/100
|move|p2a: Arceus|Max Strike|p1a: Lucario
|-resisted|p1a: Lucario
|-activate|p1a: Lucario|move: Substitute|[damage]
|-unboost|p1a: Lucario|spe|1
|
|upkeep
|-end|p2a: Arceus|Dynamax
|-heal|p2a: Arceus|67/100|[silent]
|turn|14
|
|t:|1665608708
|move|p2a: Arceus|Extreme Speed|p1a: Lucario
|-resisted|p1a: Lucario
|-end|p1a: Lucario|Substitute
|move|p1a: Lucario|Close Combat|p2a: Arceus
|-supereffective|p2a: Arceus
|-damage|p2a: Arceus|0 fnt
|-unboost|p1a: Lucario|def|1
|-unboost|p1a: Lucario|spd|1
|faint|p2a: Arceus
|
|upkeep
|
|t:|1665608718
|switch|p2a: Necrozma|Necrozma-Ultra|94/100
|-damage|p2a: Necrozma|82/100|[from] Stealth Rock
|turn|15
|
|t:|1665608723
|move|p1a: Lucario|Bullet Punch|p2a: Necrozma
|-damage|p2a: Necrozma|50/100
|move|p2a: Necrozma|Moongeist Beam|p1a: Lucario
|-damage|p1a: Lucario|0 fnt
|faint|p1a: Lucario
|
|upkeep
|
|t:|1665608732
|switch|p1a: Marshadow|Marshadow|100/100
|-damage|p1a: Marshadow|94/100|[from] Stealth Rock
|turn|16
|
|t:|1665608737
|move|p1a: Marshadow|Shadow Sneak|p2a: Necrozma
|-supereffective|p2a: Necrozma
|-damage|p2a: Necrozma|0 fnt
|faint|p2a: Necrozma
|-damage|p1a: Marshadow|84/100|[from] item: Life Orb
|
|upkeep
|
|t:|1665608743
|switch|p2a: Groudon|Groudon-Primal|48/100
|-damage|p2a: Groudon|36/100|[from] Stealth Rock
|-weather|DesolateLand|[from] ability: Desolate Land|[of] p2a: Groudon
|turn|17
|
|t:|1665608749
|move|p1a: Marshadow|Close Combat|p2a: Groudon
|-damage|p2a: Groudon|0 fnt
|-unboost|p1a: Marshadow|def|1
|-unboost|p1a: Marshadow|spd|1
|faint|p2a: Groudon
|-weather|none
|-damage|p1a: Marshadow|74/100|[from] item: Life Orb
|
|win|thicsucttv
|raw|thicsucttv's rating: 1672 &rarr; <strong>1697</strong><br />(+25 for winning)
|raw|Ford Prefect's rating: 1758 &rarr; <strong>1733</strong><br />(-25 for losing)
