|j|☆chemiqs
|j|☆amnael1
|t:|1657625915
|gametype|singles
|player|p1|chemiqs|n|1685
|player|p2|amnael1|dawn|1789
|teamsize|p1|6
|teamsize|p2|6
|gen|8
|tier|[Gen 8] National Dex AG
|rated|
|rule|HP Percentage Mod: HP is shown in percentages
|rule|Endless Battle Clause: Forcing endless battles is banned
|clearpoke
|poke|p1|Zacian-*|
|poke|p1|Rayquaza|
|poke|p1|Yveltal|
|poke|p1|Ditto|
|poke|p1|Arceus-*|
|poke|p1|Deoxys-Speed|
|poke|p2|Smeargle, F|
|poke|p2|Groudon|
|poke|p2|Espeon, M|
|poke|p2|Rayquaza|
|poke|p2|Xerneas-*|
|poke|p2|Zacian-*|
|teampreview
|inactive|Battle timer is ON: inactive players will automatically lose when time's up. (requested by amnael1)
|
|t:|1657625924
|start
|switch|p1a: Deoxys|Deoxys-Speed|100/100
|switch|p2a: Espeon|Espeon, M|100/100
|-ability|p1a: Deoxys|Pressure
|turn|1
|
|t:|1657625929
|move|p1a: Deoxys|Magic Coat|p1a: Deoxys
|-singleturn|p1a: Deoxys|move: Magic Coat
|move|p2a: Espeon|Shadow Ball|p1a: Deoxys
|-supereffective|p1a: Deoxys
|-damage|p1a: Deoxys|30/100
|-unboost|p1a: Deoxys|spd|1
|
|upkeep
|turn|2
|
|t:|1657625935
|switch|p1a: Arceus|Arceus|100/100
|move|p2a: Espeon|Shadow Ball|p1a: Arceus
|-immune|p1a: Arceus
|
|upkeep
|turn|3
|
|t:|1657625943
|move|p1a: Arceus|Extreme Speed|p2a: Espeon
|-damage|p2a: Espeon|22/100
|move|p2a: Espeon|Yawn|p1a: Arceus
|-start|p1a: Arceus|move: Yawn|[of] p2a: Espeon
|
|upkeep
|turn|4
|
|t:|1657625953
|switch|p1a: Yveltal|Yveltal|100/100
|-ability|p1a: Yveltal|Dark Aura
|move|p2a: Espeon|Psychic|p1a: Yveltal
|-immune|p1a: Yveltal
|
|upkeep
|turn|5
|
|t:|1657625961
|move|p2a: Espeon|Yawn|p1a: Yveltal
|-start|p1a: Yveltal|move: Yawn|[of] p2a: Espeon
|move|p1a: Yveltal|Dark Pulse|p2a: Espeon
|-supereffective|p2a: Espeon
|-damage|p2a: Espeon|0 fnt
|faint|p2a: Espeon
|-damage|p1a: Yveltal|91/100|[from] item: Life Orb
|
|upkeep
|
|t:|1657625965
|switch|p2a: Smeargle|Smeargle, F|100/100
|turn|6
|
|t:|1657625969
|move|p1a: Yveltal|Taunt|p2a: Smeargle
|-start|p2a: Smeargle|move: Taunt
|cant|p2a: Smeargle|move: Taunt|Shift Gear
|
|-end|p1a: Yveltal|move: Yawn|[silent]
|-status|p1a: Yveltal|slp
|-ability|p2a: Smeargle|Moody|boost
|-boost|p2a: Smeargle|spa|2
|-unboost|p2a: Smeargle|spe|1
|upkeep
|turn|7
|
|t:|1657625974
|switch|p2a: Xerneas|Xerneas|100/100
|-ability|p2a: Xerneas|Fairy Aura
|cant|p1a: Yveltal|slp
|
|upkeep
|turn|8
|
|t:|1657625982
|cant|p1a: Yveltal|slp
|move|p2a: Xerneas|Geomancy||[still]
|-prepare|p2a: Xerneas|Geomancy
|-enditem|p2a: Xerneas|Power Herb
|-anim|p2a: Xerneas|Geomancy|p2a: Xerneas
|-boost|p2a: Xerneas|spa|2
|-boost|p2a: Xerneas|spd|2
|-boost|p2a: Xerneas|spe|2
|
|upkeep
|turn|9
|
|t:|1657625999
|move|p2a: Xerneas|Moonblast|p1a: Yveltal
|-supereffective|p1a: Yveltal
|-damage|p1a: Yveltal|0 fnt
|faint|p1a: Yveltal
|
|upkeep
|
|t:|1657626001
|switch|p1a: Zacian|Zacian-Crowned|100/100
|-ability|p1a: Zacian|Intrepid Sword|boost
|-boost|p1a: Zacian|atk|1
|turn|10
|
|t:|1657626003
|-start|p2a: Xerneas|Dynamax|
|-heal|p2a: Xerneas|100/100|[silent]
|move|p2a: Xerneas|Max Flare|p1a: Zacian
|-supereffective|p1a: Zacian
|-damage|p1a: Zacian|0 fnt
|-weather|SunnyDay
|faint|p1a: Zacian
|
|-weather|SunnyDay|[upkeep]
|upkeep
|
|t:|1657626013
|switch|p1a: Ditto|Ditto|100/100
|-transform|p1a: Ditto|p2a: Xerneas|[from] ability: Imposter
|-ability|p1a: Ditto|Fairy Aura
|turn|11
|
|t:|1657626036
|-start|p1a: Ditto|Dynamax|
|-heal|p1a: Ditto|100/100|[silent]
|move|p2a: Xerneas|Max Starfall|p1a: Ditto
|-damage|p1a: Ditto|62/100
|-fieldstart|move: Misty Terrain
|move|p1a: Ditto|Max Starfall|p2a: Xerneas
|-damage|p2a: Xerneas|73/100
|
|-weather|SunnyDay|[upkeep]
|upkeep
|turn|12
|
|t:|1657626058
|move|p2a: Xerneas|Max Starfall|p1a: Ditto
|-damage|p1a: Ditto|24/100
|move|p1a: Ditto|Max Starfall|p2a: Xerneas
|-damage|p2a: Xerneas|47/100
|
|-weather|SunnyDay|[upkeep]
|upkeep
|-end|p2a: Xerneas|Dynamax
|-heal|p2a: Xerneas|47/100|[silent]
|turn|13
|
|t:|1657626066
|move|p1a: Ditto|Max Starfall|p2a: Xerneas
|-damage|p2a: Xerneas|0 fnt
|faint|p2a: Xerneas
|
|-weather|SunnyDay|[upkeep]
|upkeep
|
|t:|1657626069
|switch|p2a: Rayquaza|Rayquaza|100/100
|-ability|p2a: Rayquaza|Air Lock
|-end|p1a: Ditto|Dynamax
|-heal|p1a: Ditto|24/100|[silent]
|turn|14
|
|t:|1657626072
|detailschange|p2a: Rayquaza|Rayquaza-Mega
|-mega|p2a: Rayquaza|Rayquaza|
|-weather|DeltaStream|[from] ability: Delta Stream|[of] p2a: Rayquaza
|move|p1a: Ditto|Moonblast|p2a: Rayquaza
|-supereffective|p2a: Rayquaza
|-enditem|p2a: Rayquaza|Focus Sash
|-damage|p2a: Rayquaza|1/100
|move|p2a: Rayquaza|Dragon Ascent|p1a: Ditto
|-damage|p1a: Ditto|0 fnt
|-unboost|p2a: Rayquaza|def|1
|-unboost|p2a: Rayquaza|spd|1
|faint|p1a: Ditto
|
|-weather|DeltaStream|[upkeep]
|upkeep
|
|t:|1657626080
|switch|p1a: Arceus|Arceus|100/100
|turn|15
|
|t:|1657626087
|move|p2a: Rayquaza|Extreme Speed|p1a: Arceus
|-damage|p1a: Arceus|72/100
|move|p1a: Arceus|Extreme Speed|p2a: Rayquaza
|-damage|p2a: Rayquaza|0 fnt
|faint|p2a: Rayquaza
|-weather|none
|
|-fieldend|Misty Terrain
|upkeep
|
|t:|1657626089
|switch|p2a: Zacian|Zacian-Crowned|100/100
|-ability|p2a: Zacian|Intrepid Sword|boost
|-boost|p2a: Zacian|atk|1
|turn|16
|
|t:|1657626096
|switch|p1a: Deoxys|Deoxys-Speed|30/100
|-ability|p1a: Deoxys|Pressure
|move|p2a: Zacian|Close Combat|p1a: Deoxys
|-resisted|p1a: Deoxys
|-damage|p1a: Deoxys|0 fnt
|-unboost|p2a: Zacian|def|1
|-unboost|p2a: Zacian|spd|1
|faint|p1a: Deoxys
|
|upkeep
|
|t:|1657626100
|switch|p1a: Rayquaza|Rayquaza|100/100
|-ability|p1a: Rayquaza|Air Lock
|turn|17
|
|t:|1657626111
|detailschange|p1a: Rayquaza|Rayquaza-Mega
|-mega|p1a: Rayquaza|Rayquaza|
|-weather|DeltaStream|[from] ability: Delta Stream|[of] p1a: Rayquaza
|move|p2a: Zacian|Behemoth Blade|p1a: Rayquaza
|-damage|p1a: Rayquaza|3/100
|move|p1a: Rayquaza|Dragon Dance|p1a: Rayquaza
|-boost|p1a: Rayquaza|atk|1
|-boost|p1a: Rayquaza|spe|1
|
|-weather|DeltaStream|[upkeep]
|upkeep
|turn|18
|
|t:|1657626118
|move|p1a: Rayquaza|V-create|p2a: Zacian
|-supereffective|p2a: Zacian
|-damage|p2a: Zacian|0 fnt
|-unboost|p1a: Rayquaza|spe|1
|-unboost|p1a: Rayquaza|def|1
|-unboost|p1a: Rayquaza|spd|1
|faint|p2a: Zacian
|
|-weather|DeltaStream|[upkeep]
|upkeep
|
|t:|1657626122
|switch|p2a: Smeargle|Smeargle, F|100/100
|turn|19
|
|t:|1657626125
|move|p2a: Smeargle|Spiky Shield|p2a: Smeargle
|-singleturn|p2a: Smeargle|move: Protect
|move|p1a: Rayquaza|Waterfall|p2a: Smeargle
|-activate|p2a: Smeargle|move: Protect
|-damage|p1a: Rayquaza|0 fnt|[from] Spiky Shield|[of] p2a: Smeargle
|faint|p1a: Rayquaza
|-weather|none
|
|-ability|p2a: Smeargle|Moody|boost
|-boost|p2a: Smeargle|spa|2
|-unboost|p2a: Smeargle|spd|1
|upkeep
|
|t:|1657626128
|switch|p1a: Arceus|Arceus|72/100
|turn|20
|
|t:|1657626137
|move|p1a: Arceus|Extreme Speed|p2a: Smeargle
|-enditem|p2a: Smeargle|Focus Sash
|-damage|p2a: Smeargle|1/100
|move|p2a: Smeargle|Spore|p1a: Arceus
|-status|p1a: Arceus|slp|[from] move: Spore
|
|-ability|p2a: Smeargle|Moody|boost
|-boost|p2a: Smeargle|def|2
|-unboost|p2a: Smeargle|spa|1
|upkeep
|turn|21
|
|t:|1657626141
|cant|p1a: Arceus|slp
|move|p2a: Smeargle|Baton Pass|p2a: Smeargle
|
|t:|1657626143
|switch|p2a: Groudon|Groudon|100/100|[from]move: Baton Pass
|detailschange|p2a: Groudon|Groudon-Primal
|-primal|p2a: Groudon
|-weather|DesolateLand|[from] ability: Desolate Land|[of] p2a: Groudon
|
|-weather|DesolateLand|[upkeep]
|upkeep
|turn|22
|
|t:|1657626148
|cant|p1a: Arceus|slp
|move|p2a: Groudon|Fire Punch|p1a: Arceus
|-damage|p1a: Arceus|14/100 slp
|
|-weather|DesolateLand|[upkeep]
|upkeep
|turn|23
|
|t:|1657626152
|cant|p1a: Arceus|slp
|move|p2a: Groudon|Fire Punch|p1a: Arceus
|-damage|p1a: Arceus|0 fnt
|faint|p1a: Arceus
|
|win|amnael1
|raw|chemiqs's rating: 1685 &rarr; <strong>1671</strong><br />(-14 for losing)
|raw|amnael1's rating: 1789 &rarr; <strong>1803</strong><br />(+14 for winning)
