|j|☆Sean&Andy
|j|☆lemoncell0
|t:|1662410733
|gametype|singles
|player|p1|Sean&Andy|170|1821
|player|p2|lemoncell0|allister|1953
|teamsize|p1|6
|teamsize|p2|6
|gen|8
|tier|[Gen 8] National Dex AG
|rated|
|rule|HP Percentage Mod: HP is shown in percentages
|rule|Endless Battle Clause: Forcing endless battles is banned
|clearpoke
|poke|p1|Arceus-*|
|poke|p1|Groudon|
|poke|p1|Zacian-*|
|poke|p1|Rayquaza|
|poke|p1|Calyrex-Shadow|
|poke|p1|Yveltal|
|poke|p2|Tyranitar, M|
|poke|p2|Ditto|
|poke|p2|Latias, F|
|poke|p2|Gothitelle, M|
|poke|p2|Quagsire, F|
|poke|p2|Zacian-*|
|teampreview
|c|☆Sean&Andy|o hey lol
|c|☆lemoncell0|heyo heyo
|c|☆Sean&Andy|the goth team hmm
|
|t:|1662410755
|start
|switch|p1a: Groudon|Groudon|100/100
|switch|p2a: Zacian|Zacian-Crowned|100/100
|-ability|p2a: Zacian|Intrepid Sword|boost
|-boost|p2a: Zacian|atk|1
|detailschange|p1a: Groudon|Groudon-Primal
|-primal|p1a: Groudon
|-weather|DesolateLand|[from] ability: Desolate Land|[of] p1a: Groudon
|turn|1
|
|t:|1662410757
|switch|p2a: Latias|Latias, F|100/100
|move|p1a: Groudon|Thunder Wave|p2a: Latias
|-status|p2a: Latias|par
|
|-weather|DesolateLand|[upkeep]
|upkeep
|turn|2
|
|t:|1662410764
|-weather|none
|switch|p1a: Zacian|Zacian-Crowned|100/100
|-ability|p1a: Zacian|Intrepid Sword|boost
|-boost|p1a: Zacian|atk|1
|detailschange|p2a: Latias|Latias-Mega, F
|-mega|p2a: Latias|Latias|Latiasite
|cant|p2a: Latias|par
|
|upkeep
|turn|3
|
|t:|1662410770
|switch|p1a: Groudon|Groudon-Primal|100/100
|-weather|DesolateLand|[from] ability: Desolate Land|[of] p1a: Groudon
|switch|p2a: Quagsire|Quagsire, F|100/100
|
|-weather|DesolateLand|[upkeep]
|upkeep
|turn|4
|
|t:|1662410774
|switch|p2a: Latias|Latias-Mega, F|100/100 par
|move|p1a: Groudon|Stealth Rock|p2a: Latias
|-sidestart|p2: lemoncell0|move: Stealth Rock
|
|-weather|DesolateLand|[upkeep]
|upkeep
|turn|5
|
|t:|1662410779
|-weather|none
|switch|p1a: Rayquaza|Rayquaza|100/100
|-ability|p1a: Rayquaza|Air Lock
|move|p2a: Latias|Defog|p1a: Rayquaza
|-unboost|p1a: Rayquaza|evasion|1
|-sideend|p2: lemoncell0|Stealth Rock|[from] move: Defog|[of] p2a: Latias
|
|upkeep
|turn|6
|
|t:|1662410788
|switch|p2a: Gothitelle|Gothitelle, M|100/100
|detailschange|p1a: Rayquaza|Rayquaza-Mega
|-mega|p1a: Rayquaza|Rayquaza|
|-weather|DeltaStream|[from] ability: Delta Stream|[of] p1a: Rayquaza
|move|p1a: Rayquaza|Dragon Ascent|p2a: Gothitelle
|-damage|p2a: Gothitelle|36/100
|-unboost|p1a: Rayquaza|def|1
|-unboost|p1a: Rayquaza|spd|1
|
|-weather|DeltaStream|[upkeep]
|-heal|p2a: Gothitelle|42/100|[from] item: Leftovers
|upkeep
|turn|7
|
|t:|1662410790
|move|p1a: Rayquaza|Dragon Ascent|p2a: Gothitelle
|-damage|p2a: Gothitelle|0 fnt
|-unboost|p1a: Rayquaza|def|1
|-unboost|p1a: Rayquaza|spd|1
|faint|p2a: Gothitelle
|
|-weather|DeltaStream|[upkeep]
|upkeep
|
|t:|1662410796
|switch|p2a: Quagsire|Quagsire, F|100/100
|turn|8
|c|☆Sean&Andy|whats goth counter btw?
|c|☆lemoncell0|ndm
|c|☆lemoncell0|lugia ho oh
|c|☆lemoncell0|just stally mons
|c|☆Sean&Andy|dont lugia nad ho oh have roar?
|c|☆lemoncell0|it has taunt
|c|☆Sean&Andy|ooo interesting
|c|☆Sean&Andy|does it beat ultra necrozma?
|
|t:|1662410834
|move|p1a: Rayquaza|Dragon Ascent|p2a: Quagsire
|-damage|p2a: Quagsire|35/100
|-unboost|p1a: Rayquaza|def|1
|-unboost|p1a: Rayquaza|spd|1
|-damage|p1a: Rayquaza|84/100|[from] item: Rocky Helmet|[of] p2a: Quagsire
|move|p2a: Quagsire|Counter|p1a: Rayquaza
|-damage|p1a: Rayquaza|0 fnt
|faint|p1a: Rayquaza
|-weather|none
|
|upkeep
|c|☆lemoncell0|n o p e
|c|☆lemoncell0|lol
|
|t:|1662410841
|switch|p1a: Zacian|Zacian-Crowned|100/100
|-ability|p1a: Zacian|Intrepid Sword|boost
|-boost|p1a: Zacian|atk|1
|turn|9
|
|t:|1662410848
|-start|p2a: Quagsire|Dynamax|
|-heal|p2a: Quagsire|35/100|[silent]
|move|p1a: Zacian|Play Rough|p2a: Quagsire
|-damage|p2a: Quagsire|15/100
|-damage|p1a: Zacian|84/100|[from] item: Rocky Helmet|[of] p2a: Quagsire
|move|p2a: Quagsire|Max Quake|p1a: Zacian
|-supereffective|p1a: Zacian
|-damage|p1a: Zacian|23/100
|-boost|p2a: Quagsire|spd|1
|
|upkeep
|turn|10
|
|t:|1662410855
|move|p1a: Zacian|Behemoth Blade|p2a: Quagsire
|-resisted|p2a: Quagsire
|-damage|p2a: Quagsire|0 fnt
|-damage|p1a: Zacian|6/100|[from] item: Rocky Helmet|[of] p2a: Quagsire
|faint|p2a: Quagsire
|
|upkeep
|
|t:|1662410857
|switch|p2a: Ditto|Ditto|100/100
|-transform|p2a: Ditto|p1a: Zacian|[from] ability: Imposter
|-ability|p2a: Ditto|Intrepid Sword|boost
|-boost|p2a: Ditto|atk|1
|turn|11
|
|t:|1662410862
|move|p2a: Ditto|Close Combat|p1a: Zacian
|-damage|p1a: Zacian|0 fnt
|-unboost|p2a: Ditto|def|1
|-unboost|p2a: Ditto|spd|1
|faint|p1a: Zacian
|
|upkeep
|
|t:|1662410864
|switch|p1a: Calyrex|Calyrex-Shadow|100/100
|-ability|p1a: Calyrex|As One
|-ability|p1a: Calyrex|Unnerve
|turn|12
|
|t:|1662410868
|switch|p2a: Tyranitar|Tyranitar, M|100/100
|-weather|Sandstorm|[from] ability: Sand Stream|[of] p2a: Tyranitar
|move|p1a: Calyrex|Leech Seed|p2a: Tyranitar
|-start|p2a: Tyranitar|move: Leech Seed
|
|-weather|Sandstorm|[upkeep]
|-damage|p1a: Calyrex|94/100|[from] Sandstorm
|-heal|p1a: Calyrex|100/100|[from] item: Leftovers
|-damage|p2a: Tyranitar|88/100|[from] Leech Seed|[of] p1a: Calyrex
|upkeep
|turn|13
|
|t:|1662410870
|move|p1a: Calyrex|Substitute|p1a: Calyrex
|-start|p1a: Calyrex|Substitute
|-damage|p1a: Calyrex|76/100
|move|p2a: Tyranitar|Rock Blast|p1a: Calyrex|[miss]
|-miss|p2a: Tyranitar|p1a: Calyrex
|
|-weather|Sandstorm|[upkeep]
|-damage|p1a: Calyrex|69/100|[from] Sandstorm
|-heal|p1a: Calyrex|76/100|[from] item: Leftovers
|-heal|p2a: Tyranitar|94/100|[from] item: Leftovers
|-damage|p2a: Tyranitar|82/100|[from] Leech Seed|[of] p1a: Calyrex
|-heal|p1a: Calyrex|90/100|[silent]
|upkeep
|turn|14
|
|t:|1662410874
|move|p1a: Calyrex|Draining Kiss|p2a: Tyranitar
|-supereffective|p2a: Tyranitar
|-damage|p2a: Tyranitar|64/100
|-heal|p1a: Calyrex|100/100|[from] drain|[of] p2a: Tyranitar
|move|p2a: Tyranitar|Rock Blast|p1a: Calyrex
|-activate|p1a: Calyrex|move: Substitute|[damage]
|-end|p1a: Calyrex|Substitute
|-damage|p1a: Calyrex|86/100
|-hitcount|p1a: Calyrex|3
|
|-weather|Sandstorm|[upkeep]
|-damage|p1a: Calyrex|80/100|[from] Sandstorm
|-heal|p1a: Calyrex|86/100|[from] item: Leftovers
|-heal|p2a: Tyranitar|70/100|[from] item: Leftovers
|-damage|p2a: Tyranitar|57/100|[from] Leech Seed|[of] p1a: Calyrex
|-heal|p1a: Calyrex|100/100|[silent]
|upkeep
|turn|15
|
|t:|1662410879
|switch|p2a: Zacian|Zacian-Crowned|100/100
|-ability|p2a: Zacian|Intrepid Sword|boost
|-boost|p2a: Zacian|atk|1
|move|p1a: Calyrex|Substitute|p1a: Calyrex
|-start|p1a: Calyrex|Substitute
|-damage|p1a: Calyrex|76/100
|
|-weather|Sandstorm|[upkeep]
|-damage|p1a: Calyrex|69/100|[from] Sandstorm
|-heal|p1a: Calyrex|76/100|[from] item: Leftovers
|upkeep
|turn|16
|
|t:|1662410884
|move|p1a: Calyrex|Astral Barrage|p2a: Zacian
|-damage|p2a: Zacian|34/100
|move|p2a: Zacian|Behemoth Blade|p1a: Calyrex
|-end|p1a: Calyrex|Substitute
|
|-weather|none
|-heal|p1a: Calyrex|82/100|[from] item: Leftovers
|upkeep
|turn|17
|
|t:|1662410886
|switch|p2a: Tyranitar|Tyranitar, M|57/100
|-weather|Sandstorm|[from] ability: Sand Stream|[of] p2a: Tyranitar
|move|p1a: Calyrex|Substitute|p1a: Calyrex
|-start|p1a: Calyrex|Substitute
|-damage|p1a: Calyrex|57/100
|
|-weather|Sandstorm|[upkeep]
|-damage|p1a: Calyrex|51/100|[from] Sandstorm
|-heal|p1a: Calyrex|57/100|[from] item: Leftovers
|-heal|p2a: Tyranitar|64/100|[from] item: Leftovers
|upkeep
|turn|18
|
|t:|1662410888
|move|p1a: Calyrex|Leech Seed|p2a: Tyranitar
|-start|p2a: Tyranitar|move: Leech Seed
|move|p2a: Tyranitar|Rock Blast|p1a: Calyrex
|-activate|p1a: Calyrex|move: Substitute|[damage]
|-end|p1a: Calyrex|Substitute
|-damage|p1a: Calyrex|44/100
|-damage|p1a: Calyrex|30/100
|-hitcount|p1a: Calyrex|4
|
|-weather|Sandstorm|[upkeep]
|-damage|p1a: Calyrex|24/100|[from] Sandstorm
|-heal|p1a: Calyrex|30/100|[from] item: Leftovers
|-heal|p2a: Tyranitar|70/100|[from] item: Leftovers
|-damage|p2a: Tyranitar|57/100|[from] Leech Seed|[of] p1a: Calyrex
|-heal|p1a: Calyrex|45/100|[silent]
|upkeep
|turn|19
|
|t:|1662410893
|move|p1a: Calyrex|Substitute|p1a: Calyrex
|-start|p1a: Calyrex|Substitute
|-damage|p1a: Calyrex|20/100
|move|p2a: Tyranitar|Pursuit|p1a: Calyrex
|-supereffective|p1a: Calyrex
|-end|p1a: Calyrex|Substitute
|
|-weather|Sandstorm|[upkeep]
|-damage|p1a: Calyrex|14/100|[from] Sandstorm
|-heal|p1a: Calyrex|20/100|[from] item: Leftovers
|-heal|p2a: Tyranitar|64/100|[from] item: Leftovers
|-damage|p2a: Tyranitar|51/100|[from] Leech Seed|[of] p1a: Calyrex
|-heal|p1a: Calyrex|35/100|[silent]
|upkeep
|turn|20
|
|t:|1662410896
|move|p1a: Calyrex|Substitute|p1a: Calyrex
|-start|p1a: Calyrex|Substitute
|-damage|p1a: Calyrex|10/100
|move|p2a: Tyranitar|Rock Blast|p1a: Calyrex
|-activate|p1a: Calyrex|move: Substitute|[damage]
|-end|p1a: Calyrex|Substitute
|-damage|p1a: Calyrex|0 fnt
|faint|p1a: Calyrex
|-hitcount|p1: Calyrex|3
|
|-weather|Sandstorm|[upkeep]
|-heal|p2a: Tyranitar|57/100|[from] item: Leftovers
|upkeep
|
|t:|1662410908
|switch|p1a: Groudon|Groudon-Primal|100/100
|-weather|DesolateLand|[from] ability: Desolate Land|[of] p1a: Groudon
|turn|21
|
|t:|1662410912
|switch|p2a: Latias|Latias-Mega, F|100/100 par
|move|p1a: Groudon|Stealth Rock|p2a: Latias
|-sidestart|p2: lemoncell0|move: Stealth Rock
|
|-weather|DesolateLand|[upkeep]
|upkeep
|turn|22
|
|t:|1662410925
|-weather|none
|switch|p1a: Arceus|Arceus|100/100
|cant|p2a: Latias|par
|
|upkeep
|turn|23
|
|t:|1662410927
|move|p1a: Arceus|Swords Dance|p1a: Arceus
|-boost|p1a: Arceus|atk|2
|move|p2a: Latias|Toxic|p1a: Arceus
|-status|p1a: Arceus|tox
|-enditem|p1a: Arceus|Lum Berry|[eat]
|-curestatus|p1a: Arceus|tox|[msg]
|
|upkeep
|turn|24
|
|t:|1662410940
|move|p1a: Arceus|Swords Dance|p1a: Arceus
|-boost|p1a: Arceus|atk|2
|move|p2a: Latias|Draco Meteor|p1a: Arceus
|-damage|p1a: Arceus|60/100
|-unboost|p2a: Latias|spa|2
|
|upkeep
|turn|25
|
|t:|1662410955
|move|p1a: Arceus|Shadow Claw|p2a: Latias
|-supereffective|p2a: Latias
|-damage|p2a: Latias|0 fnt
|faint|p2a: Latias
|
|upkeep
|
|t:|1662410958
|switch|p2a: Ditto|Ditto|100/100
|-damage|p2a: Ditto|88/100|[from] Stealth Rock
|-transform|p2a: Ditto|p1a: Arceus|[from] ability: Imposter
|turn|26
|
|t:|1662410969
|switch|p2a: Tyranitar|Tyranitar, M|57/100
|-damage|p2a: Tyranitar|45/100|[from] Stealth Rock
|-weather|Sandstorm|[from] ability: Sand Stream|[of] p2a: Tyranitar
|-start|p1a: Arceus|Dynamax|
|-heal|p1a: Arceus|60/100|[silent]
|move|p1a: Arceus|Max Strike|p2a: Tyranitar
|-resisted|p2a: Tyranitar
|-damage|p2a: Tyranitar|0 fnt
|faint|p2a: Tyranitar
|
|-weather|Sandstorm|[upkeep]
|-damage|p1a: Arceus|57/100|[from] Sandstorm
|upkeep
|
|t:|1662410971
|switch|p2a: Zacian|Zacian-Crowned|34/100
|-damage|p2a: Zacian|28/100|[from] Stealth Rock
|-ability|p2a: Zacian|Intrepid Sword|boost
|-boost|p2a: Zacian|atk|1
|turn|27
|
|t:|1662410973
|move|p2a: Zacian|Behemoth Blade|p1a: Arceus
|-damage|p1a: Arceus|0 fnt
|faint|p1a: Arceus
|
|-weather|Sandstorm|[upkeep]
|upkeep
|
|t:|1662410975
|switch|p1a: Groudon|Groudon-Primal|100/100
|-weather|DesolateLand|[from] ability: Desolate Land|[of] p1a: Groudon
|turn|28
|c|☆Sean&Andy|gg if i dont miss lol
|
|t:|1662410984
|move|p2a: Zacian|Close Combat|p1a: Groudon
|-damage|p1a: Groudon|63/100
|-unboost|p2a: Zacian|def|1
|-unboost|p2a: Zacian|spd|1
|move|p1a: Groudon|Precipice Blades|p2a: Zacian|[miss]
|-miss|p1a: Groudon|p2a: Zacian
|
|-weather|DesolateLand|[upkeep]
|upkeep
|turn|29
|c|☆lemoncell0|well I still die
|c|☆lemoncell0|lol
|
|t:|1662410992
|move|p2a: Zacian|Close Combat|p1a: Groudon
|-damage|p1a: Groudon|27/100
|-unboost|p2a: Zacian|def|1
|-unboost|p2a: Zacian|spd|1
|move|p1a: Groudon|Precipice Blades|p2a: Zacian
|-supereffective|p2a: Zacian
|-damage|p2a: Zacian|0 fnt
|faint|p2a: Zacian
|
|-weather|DesolateLand|[upkeep]
|upkeep
|
|t:|1662410994
|switch|p2a: Ditto|Ditto|88/100
|-damage|p2a: Ditto|76/100|[from] Stealth Rock
|-transform|p2a: Ditto|p1a: Groudon|[from] ability: Imposter
|turn|30
|
|t:|1662410997
|move|p2a: Ditto|Stone Edge|p1a: Groudon|[miss]
|-miss|p2a: Ditto|p1a: Groudon
|move|p1a: Groudon|Precipice Blades|p2a: Ditto
|-supereffective|p2a: Ditto
|-damage|p2a: Ditto|0 fnt
|faint|p2a: Ditto
|
|win|Sean&Andy
|raw|Sean&amp;Andy's rating: 1821 &rarr; <strong>1848</strong><br />(+27 for winning)
|raw|lemoncell0's rating: 1953 &rarr; <strong>1926</strong><br />(-27 for losing)
|c|☆lemoncell0|gg
|c|☆Sean&Andy|gg
|l|☆lemoncell0
