|j|☆shoryuuuken
|j|☆seidou45
|t:|1661483671
|gametype|singles
|player|p1|shoryuuuken|170|1808
|player|p2|seidou45|lucas|1801
|teamsize|p1|6
|teamsize|p2|6
|gen|8
|tier|[Gen 8] National Dex AG
|rated|
|rule|HP Percentage Mod: HP is shown in percentages
|rule|Endless Battle Clause: Forcing endless battles is banned
|clearpoke
|poke|p1|Arceus-*|
|poke|p1|Arceus-*|
|poke|p1|Arceus-*|
|poke|p1|Arceus-*|
|poke|p1|Arceus-*|
|poke|p1|Grimmsnarl, M|
|poke|p2|Chansey, F|
|poke|p2|Quagsire, M|
|poke|p2|Tyranitar, F|
|poke|p2|Ho-Oh|
|poke|p2|Sableye, F|
|poke|p2|Giratina|
|teampreview
|l|☆shoryuuuken
|player|p1|
|j|☆shoryuuuken
|player|p1|shoryuuuken|170
|
|t:|1661483722
|start
|switch|p1a: Arceus|Arceus-Ground|100/100
|switch|p2a: Ho-Oh|Ho-Oh|100/100
|turn|1
|
|t:|1661483736
|switch|p2a: Quagsire|Quagsire, M|100/100
|move|p1a: Arceus|Stone Edge|p2a: Quagsire
|-resisted|p2a: Quagsire
|-crit|p2a: Quagsire
|-damage|p2a: Quagsire|83/100
|
|-heal|p2a: Quagsire|89/100|[from] item: Leftovers
|upkeep
|turn|2
|
|t:|1661483760
|move|p1a: Arceus|Earthquake|p2a: Quagsire
|-damage|p2a: Quagsire|46/100
|move|p2a: Quagsire|Scald|p1a: Arceus
|-supereffective|p1a: Arceus
|-damage|p1a: Arceus|72/100
|
|-heal|p2a: Quagsire|52/100|[from] item: Leftovers
|upkeep
|turn|3
|
|t:|1661483781
|-start|p1a: Arceus|Dynamax|
|-heal|p1a: Arceus|72/100|[silent]
|move|p1a: Arceus|Max Quake|p2a: Quagsire
|-damage|p2a: Quagsire|0 fnt
|-boost|p1a: Arceus|spd|1
|faint|p2a: Quagsire
|
|upkeep
|
|t:|1661483783
|switch|p2a: Giratina|Giratina|100/100
|-ability|p2a: Giratina|Pressure
|turn|4
|
|t:|1661483795
|-end|p1a: Arceus|Dynamax
|-heal|p1a: Arceus|72/100|[silent]
|switch|p1a: Arceus|Arceus-Ghost|100/100
|move|p2a: Giratina|Will-O-Wisp|p1a: Arceus
|-status|p1a: Arceus|brn
|
|-damage|p1a: Arceus|94/100 brn|[from] brn
|upkeep
|turn|5
|
|t:|1661483807
|switch|p2a: Tyranitar|Tyranitar, F|100/100
|-weather|Sandstorm|[from] ability: Sand Stream|[of] p2a: Tyranitar
|move|p1a: Arceus|Stealth Rock|p2a: Tyranitar
|-sidestart|p2: seidou45|move: Stealth Rock
|
|-weather|Sandstorm|[upkeep]
|-damage|p1a: Arceus|88/100 brn|[from] Sandstorm
|-damage|p1a: Arceus|82/100 brn|[from] brn
|upkeep
|turn|6
|
|t:|1661483816
|switch|p1a: Arceus|Arceus-Ground|72/100
|move|p2a: Tyranitar|Stealth Rock|p1a: Arceus
|-sidestart|p1: shoryuuuken|move: Stealth Rock
|
|-weather|Sandstorm|[upkeep]
|upkeep
|turn|7
|
|t:|1661483820
|switch|p2a: Giratina|Giratina|100/100
|-damage|p2a: Giratina|88/100|[from] Stealth Rock
|-ability|p2a: Giratina|Pressure
|move|p1a: Arceus|Swords Dance|p1a: Arceus
|-boost|p1a: Arceus|atk|2
|
|-weather|Sandstorm|[upkeep]
|-damage|p2a: Giratina|82/100|[from] Sandstorm
|-heal|p2a: Giratina|88/100|[from] item: Leftovers
|upkeep
|turn|8
|
|t:|1661483842
|move|p1a: Arceus|Earthquake|p2a: Giratina
|-damage|p2a: Giratina|27/100
|move|p2a: Giratina|Will-O-Wisp|p1a: Arceus
|-status|p1a: Arceus|brn
|
|-weather|Sandstorm|[upkeep]
|-damage|p2a: Giratina|21/100|[from] Sandstorm
|-heal|p2a: Giratina|27/100|[from] item: Leftovers
|-damage|p1a: Arceus|66/100 brn|[from] brn
|upkeep
|turn|9
|
|t:|1661483849
|move|p2a: Giratina|Protect|p2a: Giratina
|-singleturn|p2a: Giratina|Protect
|move|p1a: Arceus|Earthquake|p2a: Giratina
|-activate|p2a: Giratina|move: Protect
|
|-weather|none
|-heal|p2a: Giratina|33/100|[from] item: Leftovers
|-damage|p1a: Arceus|60/100 brn|[from] brn
|upkeep
|turn|10
|
|t:|1661483855
|move|p1a: Arceus|Swords Dance|p1a: Arceus
|-boost|p1a: Arceus|atk|2
|move|p2a: Giratina|Rest|p2a: Giratina
|-status|p2a: Giratina|slp|[from] move: Rest
|-heal|p2a: Giratina|100/100 slp|[silent]
|
|-damage|p1a: Arceus|54/100 brn|[from] brn
|upkeep
|turn|11
|
|t:|1661483863
|cant|p2a: Giratina|slp
|move|p1a: Arceus|Swords Dance|p1a: Arceus
|-boost|p1a: Arceus|atk|2
|
|-damage|p1a: Arceus|47/100 brn|[from] brn
|upkeep
|turn|12
|
|t:|1661483866
|cant|p2a: Giratina|slp
|move|p1a: Arceus|Earthquake|p2a: Giratina
|-damage|p2a: Giratina|47/100 slp
|
|-heal|p2a: Giratina|53/100 slp|[from] item: Leftovers
|-damage|p1a: Arceus|41/100 brn|[from] brn
|upkeep
|turn|13
|
|t:|1661483868
|-curestatus|p2a: Giratina|slp|[msg]
|move|p2a: Giratina|Protect|p2a: Giratina
|-singleturn|p2a: Giratina|Protect
|move|p1a: Arceus|Earthquake|p2a: Giratina
|-activate|p2a: Giratina|move: Protect
|
|-heal|p2a: Giratina|59/100|[from] item: Leftovers
|-damage|p1a: Arceus|35/100 brn|[from] brn
|upkeep
|turn|14
|
|t:|1661483876
|move|p1a: Arceus|Earthquake|p2a: Giratina
|-damage|p2a: Giratina|6/100
|move|p2a: Giratina|Rest|p2a: Giratina
|-status|p2a: Giratina|slp|[from] move: Rest
|-heal|p2a: Giratina|100/100 slp|[silent]
|
|-damage|p1a: Arceus|29/100 brn|[from] brn
|upkeep
|turn|15
|
|t:|1661483879
|switch|p2a: Ho-Oh|Ho-Oh|100/100
|move|p1a: Arceus|Earthquake|p2a: Ho-Oh
|-immune|p2a: Ho-Oh
|
|-damage|p1a: Arceus|23/100 brn|[from] brn
|upkeep
|turn|16
|
|t:|1661483887
|switch|p2a: Giratina|Giratina|100/100 slp
|-damage|p2a: Giratina|88/100 slp|[from] Stealth Rock
|-ability|p2a: Giratina|Pressure
|move|p1a: Arceus|Earthquake|p2a: Giratina
|-damage|p2a: Giratina|35/100 slp
|
|-heal|p2a: Giratina|41/100 slp|[from] item: Leftovers
|-damage|p1a: Arceus|17/100 brn|[from] brn
|upkeep
|turn|17
|
|t:|1661483896
|switch|p2a: Ho-Oh|Ho-Oh|100/100
|move|p1a: Arceus|Stone Edge|p2a: Ho-Oh
|-supereffective|p2a: Ho-Oh
|-crit|p2a: Ho-Oh
|-damage|p2a: Ho-Oh|0 fnt
|faint|p2a: Ho-Oh
|
|-damage|p1a: Arceus|11/100 brn|[from] brn
|upkeep
|
|t:|1661483899
|switch|p2a: Sableye|Sableye, F|100/100
|-damage|p2a: Sableye|88/100|[from] Stealth Rock
|turn|18
|
|t:|1661483903
|move|p2a: Sableye|Protect|p2a: Sableye
|-singleturn|p2a: Sableye|Protect
|move|p1a: Arceus|Earthquake|p2a: Sableye
|-activate|p2a: Sableye|move: Protect
|
|-damage|p1a: Arceus|5/100 brn|[from] brn
|upkeep
|turn|19
|
|t:|1661483910
|move|p2a: Sableye|Protect|p2a: Sableye
|-singleturn|p2a: Sableye|Protect
|move|p1a: Arceus|Stone Edge|p2a: Sableye
|-activate|p2a: Sableye|move: Protect
|
|-damage|p1a: Arceus|0 fnt|[from] brn
|faint|p1a: Arceus
|upkeep
|
|t:|1661483939
|switch|p1a: Arceus|Arceus-Electric|100/100
|-damage|p1a: Arceus|88/100|[from] Stealth Rock
|turn|20
|
|t:|1661483953
|switch|p2a: Chansey|Chansey, F|100/100
|-damage|p2a: Chansey|88/100|[from] Stealth Rock
|move|p1a: Arceus|Judgment|p2a: Chansey
|-damage|p2a: Chansey|73/100
|
|upkeep
|turn|21
|
|t:|1661483964
|switch|p1a: Grimmsnarl|Grimmsnarl, M|100/100
|-damage|p1a: Grimmsnarl|88/100|[from] Stealth Rock
|move|p2a: Chansey|Toxic|p1a: Grimmsnarl
|-status|p1a: Grimmsnarl|tox
|
|-damage|p1a: Grimmsnarl|82/100 tox|[from] psn
|upkeep
|turn|22
|
|t:|1661483968
|move|p1a: Grimmsnarl|Taunt|p2a: Chansey
|-start|p2a: Chansey|move: Taunt
|cant|p2a: Chansey|move: Taunt|Soft-Boiled
|
|-damage|p1a: Grimmsnarl|70/100 tox|[from] psn
|upkeep
|turn|23
|
|t:|1661483975
|switch|p2a: Giratina|Giratina|41/100 slp
|-damage|p2a: Giratina|29/100 slp|[from] Stealth Rock
|-ability|p2a: Giratina|Pressure
|move|p1a: Grimmsnarl|Reflect|p1a: Grimmsnarl
|-sidestart|p1: shoryuuuken|Reflect
|
|-heal|p2a: Giratina|35/100 slp|[from] item: Leftovers
|-damage|p1a: Grimmsnarl|52/100 tox|[from] psn
|upkeep
|turn|24
|
|t:|1661484006
|switch|p1a: Arceus|Arceus-Ghost|82/100 brn
|-damage|p1a: Arceus|70/100 brn|[from] Stealth Rock
|cant|p2a: Giratina|slp
|
|-heal|p2a: Giratina|41/100 slp|[from] item: Leftovers
|-damage|p1a: Arceus|64/100 brn|[from] brn
|upkeep
|turn|25
|
|t:|1661484020
|switch|p2a: Tyranitar|Tyranitar, F|100/100
|-damage|p2a: Tyranitar|88/100|[from] Stealth Rock
|-weather|Sandstorm|[from] ability: Sand Stream|[of] p2a: Tyranitar
|move|p1a: Arceus|Judgment|p2a: Tyranitar
|-resisted|p2a: Tyranitar
|-damage|p2a: Tyranitar|75/100
|
|-weather|Sandstorm|[upkeep]
|-damage|p1a: Arceus|58/100 brn|[from] Sandstorm
|-heal|p2a: Tyranitar|81/100|[from] item: Leftovers
|-damage|p1a: Arceus|52/100 brn|[from] brn
|upkeep
|turn|26
|
|t:|1661484029
|-activate|p1a: Arceus|move: Pursuit
|move|p2a: Tyranitar|Pursuit|p1a: Arceus|[from]Pursuit
|-supereffective|p1a: Arceus
|-damage|p1a: Arceus|24/100 brn
|switch|p1a: Grimmsnarl|Grimmsnarl, M|52/100 tox
|-damage|p1a: Grimmsnarl|39/100 tox|[from] Stealth Rock
|
|-weather|Sandstorm|[upkeep]
|-damage|p1a: Grimmsnarl|33/100 tox|[from] Sandstorm
|-heal|p2a: Tyranitar|87/100|[from] item: Leftovers
|-damage|p1a: Grimmsnarl|27/100 tox|[from] psn
|upkeep
|turn|27
|
|t:|1661484037
|move|p1a: Grimmsnarl|Taunt|p2a: Tyranitar
|-hint|Since gen 7, Dark is immune to Prankster moves.
|-immune|p2a: Tyranitar
|move|p2a: Tyranitar|Rock Tomb|p1a: Grimmsnarl
|-damage|p1a: Grimmsnarl|12/100 tox
|-unboost|p1a: Grimmsnarl|spe|1
|
|-weather|Sandstorm|[upkeep]
|-damage|p1a: Grimmsnarl|6/100 tox|[from] Sandstorm
|-heal|p2a: Tyranitar|94/100|[from] item: Leftovers
|-damage|p1a: Grimmsnarl|0 fnt|[from] psn
|faint|p1a: Grimmsnarl
|upkeep
|
|t:|1661484041
|switch|p1a: Arceus|Arceus-Ground|100/100
|-damage|p1a: Arceus|94/100|[from] Stealth Rock
|turn|28
|
|t:|1661484045
|move|p1a: Arceus|Swords Dance|p1a: Arceus
|-boost|p1a: Arceus|atk|2
|move|p2a: Tyranitar|Rock Tomb|p1a: Arceus
|-resisted|p1a: Arceus
|-crit|p1a: Arceus
|-damage|p1a: Arceus|79/100
|-unboost|p1a: Arceus|spe|1
|
|-weather|Sandstorm|[upkeep]
|-heal|p2a: Tyranitar|99/100|[from] item: Leftovers
|upkeep
|turn|29
|-message|seidou45 forfeited.
|
|win|shoryuuuken
|raw|shoryuuuken's rating: 1808 &rarr; <strong>1828</strong><br />(+20 for winning)
|raw|seidou45's rating: 1801 &rarr; <strong>1781</strong><br />(-20 for losing)
|l|☆seidou45
||Ladder isn't responding, score probably updated but might not have (Request timeout).
