|j|☆Jojoestar belmont
|j|☆CircusHop
|t:|1665022604
|gametype|singles
|player|p1|Jojoestar belmont|waiter|1264
|player|p2|CircusHop|cheren-gen5bw2|1279
|teamsize|p1|6
|teamsize|p2|6
|gen|8
|tier|[Gen 8] National Dex AG
|rated|
|rule|HP Percentage Mod: HP is shown in percentages
|rule|Endless Battle Clause: Forcing endless battles is banned
|clearpoke
|poke|p1|Scizor, M|
|poke|p1|Clefable, F|
|poke|p1|Komala, M|
|poke|p1|Kommo-o, M|
|poke|p1|Shuckle, F|
|poke|p1|Ditto|
|poke|p2|Necrozma-Dusk-Mane|
|poke|p2|Jirachi|
|poke|p2|Volcarona, M|
|poke|p2|Donphan, F|
|poke|p2|Scolipede, F|
|poke|p2|Linoone-Galar, F|
|teampreview
|
|t:|1665022610
|start
|switch|p1a: killer Coma|Komala, M, shiny|100/100
|switch|p2a: Donphan|Donphan, F|100/100
|-ability|p1a: killer Coma|Comatose
|turn|1
|
|t:|1665022614
|move|p1a: killer Coma|Sleep Talk|p1a: killer Coma
|move|p1a: killer Coma|Last Resort|p2a: Donphan|[from]move: Sleep Talk
|-damage|p2a: Donphan|38/100
|move|p2a: Donphan|Stealth Rock|p1a: killer Coma
|-sidestart|p1: Jojoestar belmont|move: Stealth Rock
|
|-heal|p2a: Donphan|44/100|[from] item: Leftovers
|upkeep
|turn|2
|
|t:|1665022634
|move|p1a: killer Coma|Sleep Talk|p1a: killer Coma
|move|p1a: killer Coma|Last Resort|p2a: Donphan|[from]move: Sleep Talk
|-damage|p2a: Donphan|0 fnt
|faint|p2a: Donphan
|
|upkeep
|
|t:|1665022644
|switch|p2a: Jirachi|Jirachi|100/100
|turn|3
|
|t:|1665022649
|move|p2a: Jirachi|Iron Head|p1a: killer Coma
|-damage|p1a: killer Coma|61/100
|cant|p1a: killer Coma|flinch
|
|upkeep
|turn|4
|
|t:|1665022658
|move|p2a: Jirachi|Ancient Power|p1a: killer Coma
|-damage|p1a: killer Coma|42/100
|move|p1a: killer Coma|Sleep Talk|p1a: killer Coma
|move|p1a: killer Coma|Last Resort|p2a: Jirachi|[from]move: Sleep Talk
|-resisted|p2a: Jirachi
|-damage|p2a: Jirachi|44/100
|
|upkeep
|turn|5
|
|t:|1665022662
|move|p2a: Jirachi|Ancient Power|p1a: killer Coma
|-damage|p1a: killer Coma|23/100
|-boost|p2a: Jirachi|atk|1
|-boost|p2a: Jirachi|def|1
|-boost|p2a: Jirachi|spa|1
|-boost|p2a: Jirachi|spd|1
|-boost|p2a: Jirachi|spe|1
|move|p1a: killer Coma|Sleep Talk|p1a: killer Coma
|move|p1a: killer Coma|Last Resort|p2a: Jirachi|[from]move: Sleep Talk
|-resisted|p2a: Jirachi
|-damage|p2a: Jirachi|3/100
|
|upkeep
|turn|6
|
|t:|1665022668
|move|p2a: Jirachi|Ancient Power|p1a: killer Coma
|-damage|p1a: killer Coma|0 fnt
|-boost|p2a: Jirachi|atk|1
|-boost|p2a: Jirachi|def|1
|-boost|p2a: Jirachi|spa|1
|-boost|p2a: Jirachi|spd|1
|-boost|p2a: Jirachi|spe|1
|faint|p1a: killer Coma
|
|upkeep
|
|t:|1665022672
|switch|p1a: Ditto|Ditto|100/100
|-damage|p1a: Ditto|88/100|[from] Stealth Rock
|-transform|p1a: Ditto|p2a: Jirachi|[from] ability: Imposter
|turn|7
|
|t:|1665022683
|switch|p2a: Linoone|Linoone-Galar, F|100/100
|move|p1a: Ditto|Ancient Power|p2a: Linoone
|-damage|p2a: Linoone|36/100
|-boost|p1a: Ditto|atk|1
|-boost|p1a: Ditto|def|1
|-boost|p1a: Ditto|spa|1
|-boost|p1a: Ditto|spd|1
|-boost|p1a: Ditto|spe|1
|
|-status|p2a: Linoone|tox|[from] item: Toxic Orb
|upkeep
|turn|8
|
|t:|1665022694
|move|p2a: Linoone|Protect|p2a: Linoone
|-singleturn|p2a: Linoone|Protect
|move|p1a: Ditto|Ancient Power|p2a: Linoone
|-activate|p2a: Linoone|move: Protect
|
|-damage|p2a: Linoone|30/100 tox|[from] psn
|upkeep
|turn|9
|
|t:|1665022706
|move|p2a: Linoone|Protect|p2a: Linoone
|-singleturn|p2a: Linoone|Protect
|move|p1a: Ditto|Ancient Power|p2a: Linoone
|-activate|p2a: Linoone|move: Protect
|
|-damage|p2a: Linoone|18/100 tox|[from] psn
|upkeep
|turn|10
|c|☆CircusHop|do you think i'll get the 1/9
|
|t:|1665022721
|move|p2a: Linoone|Protect||[still]
|-fail|p2a: Linoone
|move|p1a: Ditto|Ancient Power|p2a: Linoone
|-damage|p2a: Linoone|0 fnt
|faint|p2a: Linoone
|
|upkeep
|c|☆CircusHop|:(
|
|t:|1665022732
|switch|p2a: Scolipede|Scolipede, F|100/100
|turn|11
|
|t:|1665022736
|move|p2a: Scolipede|Protect|p2a: Scolipede
|-singleturn|p2a: Scolipede|Protect
|move|p1a: Ditto|Ancient Power|p2a: Scolipede
|-activate|p2a: Scolipede|move: Protect
|
|-ability|p2a: Scolipede|Speed Boost|boost
|-boost|p2a: Scolipede|spe|1
|upkeep
|turn|12
|
|t:|1665022741
|switch|p1a: Dwayne Johnson|Shuckle, F|100/100
|-damage|p1a: Dwayne Johnson|76/100|[from] Stealth Rock
|move|p2a: Scolipede|Swords Dance|p2a: Scolipede
|-boost|p2a: Scolipede|atk|2
|
|-ability|p2a: Scolipede|Speed Boost|boost
|-boost|p2a: Scolipede|spe|1
|upkeep
|turn|13
|
|t:|1665022745
|move|p2a: Scolipede|Swords Dance|p2a: Scolipede
|-boost|p2a: Scolipede|atk|2
|move|p1a: Dwayne Johnson|Stealth Rock|p2a: Scolipede
|-sidestart|p2: CircusHop|move: Stealth Rock
|
|-ability|p2a: Scolipede|Speed Boost|boost
|-boost|p2a: Scolipede|spe|1
|upkeep
|turn|14
|
|t:|1665022757
|move|p2a: Scolipede|Poison Jab|p1a: Dwayne Johnson
|-resisted|p1a: Dwayne Johnson
|-damage|p1a: Dwayne Johnson|49/100
|-damage|p2a: Scolipede|84/100|[from] item: Rocky Helmet|[of] p1a: Dwayne Johnson
|move|p1a: Dwayne Johnson|Sticky Web|p2a: Scolipede
|-sidestart|p2: CircusHop|move: Sticky Web
|
|-heal|p2a: Scolipede|90/100|[from] item: Leftovers
|-ability|p2a: Scolipede|Speed Boost|boost
|-boost|p2a: Scolipede|spe|1
|upkeep
|turn|15
|
|t:|1665022764
|move|p2a: Scolipede|Swords Dance|p2a: Scolipede
|-boost|p2a: Scolipede|atk|2
|move|p1a: Dwayne Johnson|Knock Off|p2a: Scolipede
|-damage|p2a: Scolipede|83/100
|-enditem|p2a: Scolipede|Leftovers|[from] move: Knock Off|[of] p1a: Dwayne Johnson
|
|-ability|p2a: Scolipede|Speed Boost|boost
|-boost|p2a: Scolipede|spe|1
|upkeep
|turn|16
|
|t:|1665022779
|move|p2a: Scolipede|Protect|p2a: Scolipede
|-singleturn|p2a: Scolipede|Protect
|move|p1a: Dwayne Johnson|Knock Off|p2a: Scolipede
|-activate|p2a: Scolipede|move: Protect
|
|-ability|p2a: Scolipede|Speed Boost|boost
|-boost|p2a: Scolipede|spe|1
|upkeep
|turn|17
|
|t:|1665022789
|move|p2a: Scolipede|Baton Pass|p2a: Scolipede
|
|t:|1665022791
|switch|p2a: Necrozma|Necrozma-Dusk-Mane|100/100|[from]move: Baton Pass
|-damage|p2a: Necrozma|94/100|[from] Stealth Rock
|-activate|p2a: Necrozma|move: Sticky Web
|-unboost|p2a: Necrozma|spe|1
|move|p1a: Dwayne Johnson|Knock Off|p2a: Necrozma
|-supereffective|p2a: Necrozma
|-damage|p2a: Necrozma|90/100
|
|upkeep
|turn|18
|
|t:|1665022801
|move|p2a: Necrozma|Sunsteel Strike|p1a: Dwayne Johnson
|-supereffective|p1a: Dwayne Johnson
|-damage|p1a: Dwayne Johnson|0 fnt
|-damage|p2a: Necrozma|74/100|[from] item: Rocky Helmet|[of] p1a: Dwayne Johnson
|faint|p1a: Dwayne Johnson
|
|upkeep
|
|t:|1665022809
|switch|p1a: Ditto|Ditto|88/100
|-damage|p1a: Ditto|76/100|[from] Stealth Rock
|-transform|p1a: Ditto|p2a: Necrozma|[from] ability: Imposter
|turn|19
|
|t:|1665022821
|detailschange|p2a: Necrozma|Necrozma-Ultra
|-burst|p2a: Necrozma|Necrozma|Ultranecrozium Z
|-start|p1a: Ditto|Dynamax|
|-heal|p1a: Ditto|76/100|[silent]
|move|p2a: Necrozma|Sunsteel Strike|p1a: Ditto
|-resisted|p1a: Ditto
|-damage|p1a: Ditto|35/100
|move|p1a: Ditto|Max Steelspike|p2a: Necrozma
|-damage|p2a: Necrozma|0 fnt
|-boost|p1a: Ditto|def|1
|faint|p2a: Necrozma
|
|upkeep
|c|☆CircusHop|gg
|
|t:|1665022833
|switch|p2a: Jirachi|Jirachi|3/100
|-damage|p2a: Jirachi|0 fnt|[from] Stealth Rock
|-activate|p2a: Jirachi|move: Sticky Web
|faint|p2a: Jirachi
|
|t:|1665022834
|switch|p2a: Scolipede|Scolipede, F|83/100
|-damage|p2a: Scolipede|58/100|[from] Stealth Rock
|-activate|p2a: Scolipede|move: Sticky Web
|-unboost|p2a: Scolipede|spe|1
|turn|20
|
|t:|1665022844
|move|p1a: Ditto|Max Mindstorm|p2a: Scolipede
|-supereffective|p2a: Scolipede
|-damage|p2a: Scolipede|0 fnt
|-fieldstart|move: Psychic Terrain
|faint|p2a: Scolipede
|
|upkeep
|
|t:|1665022846
|switch|p2a: Volcarona|Volcarona, M|100/100
|-damage|p2a: Volcarona|51/100|[from] Stealth Rock
|-activate|p2a: Volcarona|move: Sticky Web
|-unboost|p2a: Volcarona|spe|1
|turn|21
|
|t:|1665022849
|-start|p2a: Volcarona|Dynamax|
|-heal|p2a: Volcarona|51/100|[silent]
|move|p1a: Ditto|Max Mindstorm|p2a: Volcarona
|-damage|p2a: Volcarona|19/100
|move|p2a: Volcarona|Max Flare|p1a: Ditto
|-supereffective|p1a: Ditto
|-damage|p1a: Ditto|0 fnt
|-weather|SunnyDay
|faint|p1a: Ditto
|
|-weather|SunnyDay|[upkeep]
|upkeep
|
|t:|1665022859
|switch|p1a: Kommo-orade|Kommo-o, M|100/100
|-damage|p1a: Kommo-orade|94/100|[from] Stealth Rock
|turn|22
|
|t:|1665022865
|-zpower|p1a: Kommo-orade
|move|p1a: Kommo-orade|Clangorous Soulblaze|p2a: Volcarona|[zeffect]
|-damage|p2a: Volcarona|0 fnt
|faint|p2a: Volcarona
|
|win|Jojoestar belmont
|raw|Jojoestar belmont's rating: 1264 &rarr; <strong>1290</strong><br />(+26 for winning)
|raw|CircusHop's rating: 1279 &rarr; <strong>1253</strong><br />(-26 for losing)
