|j|☆Black Shadow 666
|j|☆starkorea74
|t:|1597354106
|player|p1|Black Shadow 666|unknown|1849
|player|p2|starkorea74|cynthia|1921
|teamsize|p1|6
|teamsize|p2|6
|gametype|singles
|gen|8
|tier|[Gen 8] National Dex AG
|rated|
|clearpoke
|poke|p1|Yveltal|
|poke|p1|Necrozma-Dusk-Mane|
|poke|p1|Zacian-Crowned|
|poke|p1|Rayquaza|
|poke|p1|Darkrai|
|poke|p1|Groudon|
|poke|p2|Necrozma-Dusk-Mane|
|poke|p2|Ho-Oh|
|poke|p2|Ditto|
|poke|p2|Arceus-*|
|poke|p2|Rayquaza|
|poke|p2|Yveltal|
|rule|HP Percentage Mod: HP is shown in percentages
|rule|Endless Battle Clause: Forcing endless battles is banned
|teampreview
|inactive|Battle timer is ON: inactive players will automatically lose when time's up. (requested by Black Shadow 666)
|
|t:|1597354121
|start
|switch|p1a: Groudon|Groudon|100/100
|switch|p2a: Rayquaza|Rayquaza|100/100
|-ability|p2a: Rayquaza|Air Lock
|detailschange|p1a: Groudon|Groudon-Primal
|-primal|p1a: Groudon
|-weather|DesolateLand|[from] ability: Desolate Land|[of] p1a: Groudon
|turn|1
|inactive|starkorea74 has 120 seconds left.
|inactive|starkorea74 has 90 seconds left.
|
|t:|1597354195
|-weather|none
|switch|p1a: Zacian|Zacian-Crowned|100/100
|-ability|p1a: Zacian|Intrepid Sword|boost
|-boost|p1a: Zacian|atk|1
|detailschange|p2a: Rayquaza|Rayquaza-Mega
|-mega|p2a: Rayquaza|Rayquaza|
|-weather|DeltaStream|[from] ability: Delta Stream|[of] p2a: Rayquaza
|move|p2a: Rayquaza|Draco Meteor|p1a: Zacian
|-immune|p1a: Zacian
|
|-weather|DeltaStream|[upkeep]
|upkeep
|turn|2
|
|t:|1597354206
|-weather|none
|switch|p2a: Necrozma|Necrozma-Dusk-Mane|100/100
|move|p1a: Zacian|Behemoth Blade|p2a: Necrozma
|-resisted|p2a: Necrozma
|-damage|p2a: Necrozma|73/100
|
|-heal|p2a: Necrozma|79/100|[from] item: Leftovers
|upkeep
|turn|3
|
|t:|1597354221
|switch|p1a: Darkrai|Darkrai, shiny|100/100
|move|p2a: Necrozma|Morning Sun|p2a: Necrozma
|-heal|p2a: Necrozma|100/100
|
|upkeep
|turn|4
|
|t:|1597354231
|switch|p2a: Ho-Oh|Ho-Oh|100/100
|-zpower|p1a: Darkrai
|move|p1a: Darkrai|Z-Hypnosis|p2a: Ho-Oh|[anim]Hypnosis|[miss]
|-boost|p1a: Darkrai|spe|1|[zeffect]
|-miss|p1a: Darkrai|p2a: Ho-Oh
|
|upkeep
|turn|5
|
|t:|1597354239
|move|p1a: Darkrai|Hypnosis|p2a: Ho-Oh
|-status|p2a: Ho-Oh|slp|[from] move: Hypnosis
|cant|p2a: Ho-Oh|slp
|
|-damage|p2a: Ho-Oh|88/100 slp|[from] ability: Bad Dreams|[of] p1a: Darkrai
|upkeep
|turn|6
|inactive|starkorea74 has 90 seconds left.
|
|t:|1597354250
|switch|p1a: Groudon|Groudon-Primal|100/100
|-weather|DesolateLand|[from] ability: Desolate Land|[of] p1a: Groudon
|cant|p2a: Ho-Oh|slp
|
|-weather|DesolateLand|[upkeep]
|upkeep
|turn|7
|
|t:|1597354255
|switch|p2a: Rayquaza|Rayquaza-Mega|100/100
|-weather|DeltaStream|[from] ability: Delta Stream|[of] p2a: Rayquaza
|move|p1a: Groudon|Swords Dance|p1a: Groudon
|-boost|p1a: Groudon|atk|2
|
|-weather|DeltaStream|[upkeep]
|upkeep
|turn|8
|
|t:|1597354263
|switch|p1a: Zacian|Zacian-Crowned|100/100
|-ability|p1a: Zacian|Intrepid Sword|boost
|-boost|p1a: Zacian|atk|1
|move|p2a: Rayquaza|Draco Meteor|p1a: Zacian
|-immune|p1a: Zacian
|
|-weather|DeltaStream|[upkeep]
|upkeep
|turn|9
|
|t:|1597354273
|-weather|none
|switch|p2a: Ho-Oh|Ho-Oh|100/100 slp
|move|p1a: Zacian|Swords Dance|p1a: Zacian
|-boost|p1a: Zacian|atk|2
|
|upkeep
|turn|10
|
|t:|1597354294
|move|p1a: Zacian|Wild Charge|p2a: Ho-Oh
|-supereffective|p2a: Ho-Oh
|-damage|p2a: Ho-Oh|0 fnt
|-damage|p1a: Zacian|69/100|[from] Recoil
|faint|p2a: Ho-Oh
|
|upkeep
|
|t:|1597354299
|switch|p2a: Ditto|Ditto|100/100
|-transform|p2a: Ditto|p1a: Zacian|[from] ability: Imposter
|-ability|p2a: Ditto|Intrepid Sword|boost
|-boost|p2a: Ditto|atk|1
|turn|11
|
|t:|1597354308
|switch|p1a: Yveltal|Yveltal|100/100
|-ability|p1a: Yveltal|Dark Aura
|move|p2a: Ditto|Swords Dance|p2a: Ditto
|-boost|p2a: Ditto|atk|2
|
|upkeep
|turn|12
|c|☆starkorea74|misclick :'(
|
|t:|1597354316
|switch|p2a: Arceus|Arceus-Dark|100/100
|move|p1a: Yveltal|Heat Wave|p2a: Arceus
|-damage|p2a: Arceus|79/100
|-damage|p1a: Yveltal|91/100|[from] item: Life Orb
|
|upkeep
|turn|13
|c|☆Black Shadow 666|?
|inactive|Black Shadow 666 has 120 seconds left.
|
|t:|1597354355
|switch|p1a: Zacian|Zacian-Crowned|69/100
|-ability|p1a: Zacian|Intrepid Sword|boost
|-boost|p1a: Zacian|atk|1
|move|p2a: Arceus|Calm Mind|p2a: Arceus
|-boost|p2a: Arceus|spa|1
|-boost|p2a: Arceus|spd|1
|
|upkeep
|turn|14
|inactive|Black Shadow 666 has 120 seconds left.
|
|t:|1597354364
|switch|p2a: Necrozma|Necrozma-Dusk-Mane|100/100
|move|p1a: Zacian|Close Combat|p2a: Necrozma
|-damage|p2a: Necrozma|56/100
|-unboost|p1a: Zacian|def|1
|-unboost|p1a: Zacian|spd|1
|
|-heal|p2a: Necrozma|62/100|[from] item: Leftovers
|upkeep
|turn|15
|inactive|starkorea74 has 120 seconds left.
|
|t:|1597354373
|switch|p1a: Darkrai|Darkrai, shiny|100/100
|move|p2a: Necrozma|Morning Sun|p2a: Necrozma
|-heal|p2a: Necrozma|100/100
|
|upkeep
|turn|16
|inactive|starkorea74 has 120 seconds left.
|
|t:|1597354385
|move|p1a: Darkrai|Hypnosis|p2a: Necrozma
|-status|p2a: Necrozma|slp|[from] move: Hypnosis
|cant|p2a: Necrozma|slp
|
|-damage|p2a: Necrozma|88/100 slp|[from] ability: Bad Dreams|[of] p1a: Darkrai
|upkeep
|turn|17
|
|t:|1597354393
|move|p1a: Darkrai|Nasty Plot|p1a: Darkrai
|-boost|p1a: Darkrai|spa|2
|cant|p2a: Necrozma|slp
|
|-heal|p2a: Necrozma|94/100 slp|[from] item: Leftovers
|-damage|p2a: Necrozma|82/100 slp|[from] ability: Bad Dreams|[of] p1a: Darkrai
|upkeep
|turn|18
|
|t:|1597354402
|move|p1a: Darkrai|Dark Pulse|p2a: Necrozma
|-supereffective|p2a: Necrozma
|-damage|p2a: Necrozma|0 fnt
|faint|p2a: Necrozma
|
|upkeep
|
|t:|1597354407
|switch|p2a: Ditto|Ditto|100/100
|-transform|p2a: Ditto|p1a: Darkrai|[from] ability: Imposter
|turn|19
|
|t:|1597354415
|move|p2a: Ditto|Ice Beam|p1a: Darkrai
|-damage|p1a: Darkrai|10/100
|move|p1a: Darkrai|Hypnosis|p2a: Ditto
|-status|p2a: Ditto|slp|[from] move: Hypnosis
|
|-damage|p2a: Ditto|88/100 slp|[from] ability: Bad Dreams|[of] p1a: Darkrai
|upkeep
|turn|20
|
|t:|1597354422
|cant|p2a: Ditto|slp
|move|p1a: Darkrai|Ice Beam|p2a: Ditto
|-damage|p2a: Ditto|6/100 slp
|
|-damage|p2a: Ditto|0 fnt|[from] ability: Bad Dreams|[of] p1a: Darkrai
|faint|p2a: Ditto
|upkeep
|
|t:|1597354429
|switch|p2a: Rayquaza|Rayquaza-Mega|100/100
|-weather|DeltaStream|[from] ability: Delta Stream|[of] p2a: Rayquaza
|turn|21
|
|t:|1597354433
|switch|p1a: Zacian|Zacian-Crowned|69/100
|-ability|p1a: Zacian|Intrepid Sword|boost
|-boost|p1a: Zacian|atk|1
|move|p2a: Rayquaza|Extreme Speed|p1a: Zacian
|-resisted|p1a: Zacian
|-damage|p1a: Zacian|43/100
|-damage|p2a: Rayquaza|91/100|[from] item: Life Orb
|
|-weather|DeltaStream|[upkeep]
|upkeep
|turn|22
|
|t:|1597354442
|move|p1a: Zacian|Behemoth Blade|p2a: Rayquaza
|-damage|p2a: Rayquaza|0 fnt
|faint|p2a: Rayquaza
|-weather|none
|
|upkeep
|
|t:|1597354446
|switch|p2a: Yveltal|Yveltal, shiny|100/100
|-ability|p2a: Yveltal|Dark Aura
|turn|23
|
|t:|1597354452
|-start|p2a: Yveltal|Dynamax
|-heal|p2a: Yveltal|100/100|[silent]
|move|p1a: Zacian|Behemoth Blade|p2a: Yveltal
|-damage|p2a: Yveltal|13/100
|move|p2a: Yveltal|Max Airstream|p1a: Zacian
|-resisted|p1a: Zacian
|-damage|p1a: Zacian|0 fnt
|-boost|p2a: Yveltal|spe|1
|-damage|p2a: Yveltal|8/100|[from] item: Life Orb
|faint|p1a: Zacian
|
|upkeep
|
|t:|1597354464
|switch|p1a: Rayquaza|Rayquaza, shiny|100/100
|-ability|p1a: Rayquaza|Air Lock
|turn|24
|
|t:|1597354468
|detailschange|p1a: Rayquaza|Rayquaza-Mega, shiny
|-mega|p1a: Rayquaza|Rayquaza|
|-weather|DeltaStream|[from] ability: Delta Stream|[of] p1a: Rayquaza
|move|p2a: Yveltal|Max Airstream|p1a: Rayquaza
|-damage|p1a: Rayquaza|6/100
|-boost|p2a: Yveltal|spe|1
|-damage|p2a: Yveltal|3/100|[from] item: Life Orb
|move|p1a: Rayquaza|Dragon Dance|p1a: Rayquaza
|-boost|p1a: Rayquaza|atk|1
|-boost|p1a: Rayquaza|spe|1
|
|-weather|DeltaStream|[upkeep]
|upkeep
|turn|25
|
|t:|1597354479
|move|p1a: Rayquaza|Extreme Speed|p2a: Yveltal
|-damage|p2a: Yveltal|0 fnt
|faint|p2a: Yveltal
|
|-weather|DeltaStream|[upkeep]
|upkeep
|
|t:|1597354484
|switch|p2a: Arceus|Arceus-Dark|79/100
|turn|26
|
|t:|1597354486
|move|p1a: Rayquaza|Dragon Ascent|p2a: Arceus
|-damage|p2a: Arceus|0 fnt
|-unboost|p1a: Rayquaza|def|1
|-unboost|p1a: Rayquaza|spd|1
|faint|p2a: Arceus
|
|win|Black Shadow 666
|l|☆Black Shadow 666
|l|☆starkorea74
