|j|☆DJ Phoenix da Poet
|j|☆Pehpe
|t:|1657502733
|gametype|singles
|player|p1|DJ Phoenix da Poet|red|1667
|player|p2|Pehpe|dawn|1581
|teamsize|p1|6
|teamsize|p2|6
|gen|8
|tier|[Gen 8] National Dex AG
|rated|
|rule|HP Percentage Mod: HP is shown in percentages
|rule|Endless Battle Clause: Forcing endless battles is banned
|clearpoke
|poke|p1|Necrozma-Dusk-Mane|
|poke|p1|Calyrex-Shadow|
|poke|p1|Zacian-*|
|poke|p1|Groudon|
|poke|p1|Ditto|
|poke|p1|Yveltal|
|poke|p2|Calyrex-Shadow|
|poke|p2|Excadrill, F|
|poke|p2|Smeargle, F|
|poke|p2|Smeargle, F|
|poke|p2|Xerneas-*|
|poke|p2|Rayquaza|
|teampreview
|j| Xhen't
|
|t:|1657502751
|start
|switch|p1a: Yveltal|Yveltal|100/100
|switch|p2a: Calyrex|Calyrex-Shadow|100/100
|-ability|p2a: Calyrex|As One
|-ability|p2a: Calyrex|Unnerve
|-ability|p1a: Yveltal|Dark Aura
|turn|1
|l| Xhen't
|
|t:|1657502777
|switch|p2a: Xerneas|Xerneas|100/100
|-ability|p2a: Xerneas|Fairy Aura
|-start|p1a: Yveltal|Dynamax|
|-heal|p1a: Yveltal|100/100|[silent]
|move|p1a: Yveltal|Max Airstream|p2a: Xerneas
|-damage|p2a: Xerneas|8/100
|-boost|p1a: Yveltal|spe|1
|-damage|p1a: Yveltal|96/100|[from] item: Life Orb
|
|upkeep
|turn|2
|
|t:|1657502785
|move|p1a: Yveltal|Max Airstream|p2a: Xerneas
|-damage|p2a: Xerneas|0 fnt
|-boost|p1a: Yveltal|spe|1
|faint|p2a: Xerneas
|-damage|p1a: Yveltal|91/100|[from] item: Life Orb
|
|upkeep
|j| just a test xx
|
|t:|1657502822
|switch|p2a: Smeargle|Smeargle, F|100/100
|turn|3
|inactive|Battle timer is ON: inactive players will automatically lose when time's up. (requested by Pehpe)
|
|t:|1657502827
|move|p1a: Yveltal|Max Guard|p1a: Yveltal
|-singleturn|p1a: Yveltal|Max Guard
|move|p2a: Smeargle|Spore|p1a: Yveltal
|-activate|p1a: Yveltal|move: Max Guard
|
|-ability|p2a: Smeargle|Moody|boost
|-boost|p2a: Smeargle|atk|2
|-unboost|p2a: Smeargle|spd|1
|upkeep
|-end|p1a: Yveltal|Dynamax
|-heal|p1a: Yveltal|91/100|[silent]
|turn|4
|
|t:|1657502834
|move|p1a: Yveltal|Taunt|p2a: Smeargle
|-start|p2a: Smeargle|move: Taunt
|cant|p2a: Smeargle|move: Taunt|Spore
|
|-ability|p2a: Smeargle|Moody|boost
|-boost|p2a: Smeargle|def|2
|-unboost|p2a: Smeargle|atk|1
|upkeep
|turn|5
|
|t:|1657502851
|switch|p2a: Excadrill|Excadrill, F|100/100
|-ability|p2a: Excadrill|Mold Breaker
|move|p1a: Yveltal|Oblivion Wing|p2a: Excadrill
|-resisted|p2a: Excadrill
|-damage|p2a: Excadrill|59/100
|-heal|p1a: Yveltal|100/100|[from] drain|[of] p2a: Excadrill
|-damage|p1a: Yveltal|91/100|[from] item: Life Orb
|
|upkeep
|turn|6
|
|t:|1657502857
|move|p1a: Yveltal|Heat Wave|p2a: Excadrill
|-supereffective|p2a: Excadrill
|-damage|p2a: Excadrill|0 fnt
|faint|p2a: Excadrill
|-damage|p1a: Yveltal|81/100|[from] item: Life Orb
|
|upkeep
|
|t:|1657502859
|switch|p2a: Calyrex|Calyrex-Shadow|100/100
|-ability|p2a: Calyrex|As One
|-ability|p2a: Calyrex|Unnerve
|turn|7
|
|t:|1657502862
|move|p1a: Yveltal|Dark Pulse|p2a: Calyrex
|-supereffective|p2a: Calyrex
|-enditem|p2a: Calyrex|Focus Sash
|-damage|p2a: Calyrex|1/100
|-damage|p1a: Yveltal|71/100|[from] item: Life Orb
|move|p2a: Calyrex|Nasty Plot|p2a: Calyrex
|-boost|p2a: Calyrex|spa|2
|
|upkeep
|turn|8
|
|t:|1657502867
|move|p1a: Yveltal|Oblivion Wing|p2a: Calyrex
|-damage|p2a: Calyrex|0 fnt
|-heal|p1a: Yveltal|71/100|[from] drain|[of] p2a: Calyrex
|faint|p2a: Calyrex
|-damage|p1a: Yveltal|61/100|[from] item: Life Orb
|
|upkeep
|
|t:|1657502871
|switch|p2a: Rayquaza|Rayquaza|100/100
|-ability|p2a: Rayquaza|Air Lock
|turn|9
|
|t:|1657502879
|detailschange|p2a: Rayquaza|Rayquaza-Mega
|-mega|p2a: Rayquaza|Rayquaza|
|-weather|DeltaStream|[from] ability: Delta Stream|[of] p2a: Rayquaza
|move|p2a: Rayquaza|Extreme Speed|p1a: Yveltal
|-damage|p1a: Yveltal|18/100
|-damage|p2a: Rayquaza|91/100|[from] item: Life Orb
|move|p1a: Yveltal|Oblivion Wing|p2a: Rayquaza
|-damage|p2a: Rayquaza|35/100
|-heal|p1a: Yveltal|55/100|[from] drain|[of] p2a: Rayquaza
|-damage|p1a: Yveltal|45/100|[from] item: Life Orb
|
|-weather|DeltaStream|[upkeep]
|upkeep
|turn|10
|
|t:|1657502887
|move|p2a: Rayquaza|Extreme Speed|p1a: Yveltal
|-damage|p1a: Yveltal|2/100
|-damage|p2a: Rayquaza|25/100|[from] item: Life Orb
|move|p1a: Yveltal|Oblivion Wing|p2a: Rayquaza
|-damage|p2a: Rayquaza|0 fnt
|-heal|p1a: Yveltal|18/100|[from] drain|[of] p2a: Rayquaza
|faint|p2a: Rayquaza
|-weather|none
|-damage|p1a: Yveltal|8/100|[from] item: Life Orb
|
|upkeep
|
|t:|1657502895
|switch|p2a: Smeargle|Smeargle, F|100/100
|turn|11
|-message|Pehpe forfeited.
|
|win|DJ Phoenix da Poet
|raw|DJ Phoenix da Poet's rating: 1667 &rarr; <strong>1682</strong><br />(+15 for winning)
|raw|Pehpe's rating: 1581 &rarr; <strong>1566</strong><br />(-15 for losing)
|l|☆Pehpe
||Ladder isn't responding, score probably updated but might not have (Request timeout).
