|j|☆Diancie_hhh
|j|☆Freeity
|t:|1655479418
|gametype|singles
|player|p1|Diancie_hhh|steven|1610
|player|p2|Freeity|hugh|1686
|teamsize|p1|6
|teamsize|p2|6
|gen|8
|tier|[Gen 8] National Dex AG
|rated|
|rule|HP Percentage Mod: HP is shown in percentages
|rule|Endless Battle Clause: Forcing endless battles is banned
|clearpoke
|poke|p1|Ninjask, F|
|poke|p1|Arceus-*|
|poke|p1|Groudon|
|poke|p1|Groudon|
|poke|p1|Ho-Oh|
|poke|p1|Zacian-*|
|poke|p2|Zacian-*|
|poke|p2|Yveltal|
|poke|p2|Necrozma-Dusk-Mane|
|poke|p2|Groudon|
|poke|p2|Giratina-Origin|
|poke|p2|Arceus-*|
|teampreview
|l|☆Diancie_hhh
|player|p1|
|inactive|Battle timer is ON: inactive players will automatically lose when time's up. (requested by Freeity)
|inactive|Diancie_hhh has 30 seconds to reconnect!
|inactive|Freeity has 120 seconds left.
|j|☆Diancie_hhh
|inactive|Diancie_hhh reconnected and has 120 seconds left.
|player|p1|Diancie_hhh|steven
|
|t:|1655479487
|start
|switch|p1a: Ninjask|Ninjask, F, shiny|100/100
|switch|p2a: Mikey|Groudon|100/100
|detailschange|p2a: Mikey|Groudon-Primal
|-primal|p2a: Mikey
|-weather|DesolateLand|[from] ability: Desolate Land|[of] p2a: Mikey
|turn|1
|
|t:|1655479494
|move|p1a: Ninjask|Substitute|p1a: Ninjask
|-start|p1a: Ninjask|Substitute
|-damage|p1a: Ninjask|76/100
|move|p2a: Mikey|Stealth Rock|p1a: Ninjask
|-sidestart|p1: Diancie_hhh|move: Stealth Rock
|
|-weather|DesolateLand|[upkeep]
|-heal|p1a: Ninjask|82/100|[from] item: Leftovers
|-ability|p1a: Ninjask|Speed Boost|boost
|-boost|p1a: Ninjask|spe|1
|upkeep
|turn|2
|
|t:|1655479501
|move|p1a: Ninjask|Swords Dance|p1a: Ninjask
|-boost|p1a: Ninjask|atk|2
|move|p2a: Mikey|Fire Punch|p1a: Ninjask
|-supereffective|p1a: Ninjask
|-end|p1a: Ninjask|Substitute
|
|-weather|DesolateLand|[upkeep]
|-heal|p1a: Ninjask|88/100|[from] item: Leftovers
|-ability|p1a: Ninjask|Speed Boost|boost
|-boost|p1a: Ninjask|spe|1
|upkeep
|turn|3
|
|t:|1655479510
|move|p1a: Ninjask|Substitute|p1a: Ninjask
|-start|p1a: Ninjask|Substitute
|-damage|p1a: Ninjask|63/100
|move|p2a: Mikey|Fire Punch|p1a: Ninjask
|-supereffective|p1a: Ninjask
|-end|p1a: Ninjask|Substitute
|
|-weather|DesolateLand|[upkeep]
|-heal|p1a: Ninjask|69/100|[from] item: Leftovers
|-ability|p1a: Ninjask|Speed Boost|boost
|-boost|p1a: Ninjask|spe|1
|upkeep
|turn|4
|
|t:|1655479516
|move|p1a: Ninjask|Baton Pass|p1a: Ninjask
|
|t:|1655479519
|switch|p1a: Groudon|Groudon, shiny|100/100|[from]move: Baton Pass
|-damage|p1a: Groudon|94/100|[from] Stealth Rock
|detailschange|p1a: Groudon|Groudon-Primal, shiny
|-primal|p1a: Groudon
|move|p2a: Mikey|Fire Punch|p1a: Groudon
|-resisted|p1a: Groudon
|-damage|p1a: Groudon|77/100
|
|-weather|DesolateLand|[upkeep]
|upkeep
|turn|5
|
|t:|1655479530
|move|p1a: Groudon|Earthquake|p2a: Mikey
|-supereffective|p2a: Mikey
|-damage|p2a: Mikey|0 fnt
|faint|p2a: Mikey
|
|-weather|DesolateLand|[upkeep]
|upkeep
|
|t:|1655479535
|switch|p2a: Draken|Arceus-Ground|100/100
|turn|6
|
|t:|1655479547
|move|p1a: Groudon|Earthquake|p2a: Draken
|-damage|p2a: Draken|19/100
|move|p2a: Draken|Judgment|p1a: Groudon
|-supereffective|p1a: Groudon
|-damage|p1a: Groudon|0 fnt
|faint|p1a: Groudon
|-weather|none
|
|upkeep
|
|t:|1655479558
|switch|p1a: Ho-Oh|Ho-Oh|100/100
|turn|7
|
|t:|1655479570
|move|p2a: Draken|Recover|p2a: Draken
|-heal|p2a: Draken|69/100
|move|p1a: Ho-Oh|Defog|p2a: Draken
|-unboost|p2a: Draken|evasion|1
|-sideend|p1: Diancie_hhh|Stealth Rock|[from] move: Defog|[of] p1a: Ho-Oh
|
|upkeep
|turn|8
|
|t:|1655479579
|move|p2a: Draken|Stone Edge|p1a: Ho-Oh
|-supereffective|p1a: Ho-Oh
|-damage|p1a: Ho-Oh|2/100
|move|p1a: Ho-Oh|Toxic|p2a: Draken
|-status|p2a: Draken|tox
|
|-damage|p2a: Draken|63/100 tox|[from] psn
|upkeep
|turn|9
|
|t:|1655479591
|switch|p1a: Groudon|Groudon, shiny|100/100
|detailschange|p1a: Groudon|Groudon-Primal, shiny
|-primal|p1a: Groudon
|-weather|DesolateLand|[from] ability: Desolate Land|[of] p1a: Groudon
|move|p2a: Draken|Judgment|p1a: Groudon
|-supereffective|p1a: Groudon
|-crit|p1a: Groudon
|-damage|p1a: Groudon|0 fnt
|faint|p1a: Groudon
|-weather|none
|
|-damage|p2a: Draken|50/100 tox|[from] psn
|upkeep
|c|☆Freeity|reads
|
|t:|1655479606
|switch|p1a: Ninjask|Ninjask, F, shiny|69/100
|turn|10
|
|t:|1655479615
|move|p1a: Ninjask|Substitute|p1a: Ninjask
|-start|p1a: Ninjask|Substitute
|-damage|p1a: Ninjask|44/100
|move|p2a: Draken|Refresh|p2a: Draken
|-curestatus|p2a: Draken|tox|[msg]
|
|-heal|p1a: Ninjask|50/100|[from] item: Leftovers
|-ability|p1a: Ninjask|Speed Boost|boost
|-boost|p1a: Ninjask|spe|1
|upkeep
|turn|11
|
|t:|1655479624
|move|p1a: Ninjask|Swords Dance|p1a: Ninjask
|-boost|p1a: Ninjask|atk|2
|move|p2a: Draken|Stone Edge|p1a: Ninjask
|-supereffective|p1a: Ninjask
|-end|p1a: Ninjask|Substitute
|
|-heal|p1a: Ninjask|57/100|[from] item: Leftovers
|-ability|p1a: Ninjask|Speed Boost|boost
|-boost|p1a: Ninjask|spe|1
|upkeep
|turn|12
|
|t:|1655479632
|-start|p2a: Draken|Dynamax|
|-heal|p2a: Draken|50/100|[silent]
|move|p1a: Ninjask|Substitute|p1a: Ninjask
|-start|p1a: Ninjask|Substitute
|-damage|p1a: Ninjask|32/100
|move|p2a: Draken|Max Rockfall|p1a: Ninjask
|-supereffective|p1a: Ninjask
|-end|p1a: Ninjask|Substitute
|-weather|Sandstorm
|
|-weather|Sandstorm|[upkeep]
|-damage|p1a: Ninjask|26/100|[from] Sandstorm
|-heal|p1a: Ninjask|32/100|[from] item: Leftovers
|-ability|p1a: Ninjask|Speed Boost|boost
|-boost|p1a: Ninjask|spe|1
|upkeep
|turn|13
|
|t:|1655479658
|move|p1a: Ninjask|Baton Pass|p1a: Ninjask
|
|t:|1655479662
|switch|p1a: Arceus|Arceus, shiny|100/100|[from]move: Baton Pass
|move|p2a: Draken|Max Quake|p1a: Arceus
|-damage|p1a: Arceus|58/100
|-boost|p2a: Draken|spd|1
|
|-weather|Sandstorm|[upkeep]
|-damage|p1a: Arceus|52/100|[from] Sandstorm
|upkeep
|turn|14
|
|t:|1655479676
|move|p1a: Arceus|Recover|p1a: Arceus
|-heal|p1a: Arceus|100/100
|move|p2a: Draken|Max Quake|p1a: Arceus
|-damage|p1a: Arceus|60/100
|-boost|p2a: Draken|spd|1
|
|-weather|Sandstorm|[upkeep]
|-damage|p1a: Arceus|54/100|[from] Sandstorm
|upkeep
|-end|p2a: Draken|Dynamax
|-heal|p2a: Draken|50/100|[silent]
|turn|15
|
|t:|1655479684
|move|p1a: Arceus|Extreme Speed|p2a: Draken
|-damage|p2a: Draken|0 fnt
|faint|p2a: Draken
|-damage|p1a: Arceus|44/100|[from] item: Life Orb
|
|-weather|Sandstorm|[upkeep]
|-damage|p1a: Arceus|38/100|[from] Sandstorm
|upkeep
|
|t:|1655479705
|switch|p2a: Kazutora|Zacian-Crowned|100/100
|-ability|p2a: Kazutora|Intrepid Sword|boost
|-boost|p2a: Kazutora|atk|1
|turn|16
|
|t:|1655479713
|move|p1a: Arceus|Recover|p1a: Arceus
|-heal|p1a: Arceus|88/100
|move|p2a: Kazutora|Close Combat|p1a: Arceus
|-supereffective|p1a: Arceus
|-damage|p1a: Arceus|0 fnt
|-unboost|p2a: Kazutora|def|1
|-unboost|p2a: Kazutora|spd|1
|faint|p1a: Arceus
|
|-weather|none
|upkeep
|
|t:|1655479723
|switch|p1a: Zacian|Zacian-Crowned|100/100
|-ability|p1a: Zacian|Intrepid Sword|boost
|-boost|p1a: Zacian|atk|1
|turn|17
|
|t:|1655479727
|switch|p2a: Hanma|Necrozma-Dusk-Mane|100/100
|move|p1a: Zacian|Behemoth Blade|p2a: Hanma
|-resisted|p2a: Hanma
|-damage|p2a: Hanma|76/100
|-damage|p1a: Zacian|84/100|[from] item: Rocky Helmet|[of] p2a: Hanma
|
|upkeep
|turn|18
|
|t:|1655479734
|move|p1a: Zacian|Swords Dance|p1a: Zacian
|-boost|p1a: Zacian|atk|2
|move|p2a: Hanma|Stealth Rock|p1a: Zacian
|-sidestart|p1: Diancie_hhh|move: Stealth Rock
|
|upkeep
|turn|19
|
|t:|1655479748
|move|p1a: Zacian|Sacred Sword|p2a: Hanma
|-damage|p2a: Hanma|24/100
|-damage|p1a: Zacian|67/100|[from] item: Rocky Helmet|[of] p2a: Hanma
|move|p2a: Hanma|Sunsteel Strike|p1a: Zacian
|-damage|p1a: Zacian|23/100
|
|upkeep
|turn|20
|j| macgon
|
|t:|1655479758
|move|p1a: Zacian|Sacred Sword|p2a: Hanma
|-damage|p2a: Hanma|0 fnt
|-damage|p1a: Zacian|6/100|[from] item: Rocky Helmet|[of] p2a: Hanma
|faint|p2a: Hanma
|
|upkeep
|l| macgon
|inactive|Freeity has 120 seconds left.
|
|t:|1655479792
|switch|p2a: Kisaki|Giratina-Origin|100/100
|turn|21
|
|t:|1655479798
|move|p1a: Zacian|Behemoth Blade|p2a: Kisaki
|-damage|p2a: Kisaki|18/100
|move|p2a: Kisaki|Will-O-Wisp|p1a: Zacian|[miss]
|-miss|p2a: Kisaki|p1a: Zacian
|
|upkeep
|turn|22
|j| ogrespout
|
|t:|1655479816
|move|p1a: Zacian|Behemoth Blade|p2a: Kisaki
|-damage|p2a: Kisaki|0 fnt
|faint|p2a: Kisaki
|
|upkeep
|
|t:|1655479824
|switch|p2a: Baji|Yveltal|100/100
|-ability|p2a: Baji|Dark Aura
|turn|23
|
|t:|1655479829
|move|p1a: Zacian|Play Rough|p2a: Baji
|-supereffective|p2a: Baji
|-damage|p2a: Baji|0 fnt
|faint|p2a: Baji
|
|upkeep
|
|t:|1655479832
|switch|p2a: Kazutora|Zacian-Crowned|100/100
|-ability|p2a: Kazutora|Intrepid Sword|boost
|-boost|p2a: Kazutora|atk|1
|turn|24
|j| well im trying
|
|t:|1655479835
|move|p1a: Zacian|Behemoth Blade|p2a: Kazutora
|-damage|p2a: Kazutora|0 fnt
|faint|p2a: Kazutora
|
|win|Diancie_hhh
|raw|Diancie_hhh's rating: 1610 &rarr; <strong>1634</strong><br />(+24 for winning)
|raw|Freeity's rating: 1686 &rarr; <strong>1662</strong><br />(-24 for losing)
|l| well im trying
|l| ogrespout
|l|☆Freeity
||Ladder isn't responding, score probably updated but might not have (Request timeout).
