|j|☆seidou45
|j|☆CLEAR GEM清瑜
|t:|1664787101
|gametype|singles
|player|p1|seidou45|lucas|1690
|player|p2|CLEAR GEM清瑜|skierf|1903
|teamsize|p1|6
|teamsize|p2|6
|gen|8
|tier|[Gen 8] National Dex AG
|rated|
|rule|HP Percentage Mod: HP is shown in percentages
|rule|Endless Battle Clause: Forcing endless battles is banned
|clearpoke
|poke|p1|Quagsire, M|
|poke|p1|Tyranitar, M|
|poke|p1|Gothitelle, M|
|poke|p1|Yveltal|
|poke|p1|Zacian-*|
|poke|p1|Calyrex-Shadow|
|poke|p2|Rayquaza|
|poke|p2|Groudon|
|poke|p2|Necrozma-Dusk-Mane|
|poke|p2|Arceus-*|
|poke|p2|Zacian-*|
|poke|p2|Yveltal|
|teampreview
|inactive|Battle timer is ON: inactive players will automatically lose when time's up. (requested by CLEAR GEM清瑜)
|
|t:|1664787112
|start
|switch|p1a: Yveltal|Yveltal, shiny|100/100
|switch|p2a: 不会(?)|Groudon|100/100
|-ability|p1a: Yveltal|Dark Aura
|detailschange|p2a: 不会(?)|Groudon-Primal
|-primal|p2a: 不会(?)
|-weather|DesolateLand|[from] ability: Desolate Land|[of] p2a: 不会(?)
|turn|1
|
|t:|1664787116
|-start|p1a: Yveltal|Dynamax|
|-heal|p1a: Yveltal|100/100|[silent]
|move|p1a: Yveltal|Max Airstream|p2a: 不会(?)
|-damage|p2a: 不会(?)|9/100
|-boost|p1a: Yveltal|spe|1
|-damage|p1a: Yveltal|96/100|[from] item: Life Orb
|move|p2a: 不会(?)|Heat Crash||[still]
|-fail|p2a: 不会(?)|Dynamax
|
|-weather|DesolateLand|[upkeep]
|upkeep
|turn|2
|
|t:|1664787122
|move|p1a: Yveltal|Max Hailstorm|p2a: 不会(?)
|-damage|p2a: 不会(?)|0 fnt
|-weather|Hail
|faint|p2a: 不会(?)
|-damage|p1a: Yveltal|91/100|[from] item: Life Orb
|
|-weather|Hail|[upkeep]
|-damage|p1a: Yveltal|88/100|[from] Hail
|upkeep
|
|t:|1664787128
|switch|p2a: 嘉然小姐的狗|Zacian-Crowned|100/100
|-ability|p2a: 嘉然小姐的狗|Intrepid Sword|boost
|-boost|p2a: 嘉然小姐的狗|atk|1
|turn|3
|
|t:|1664787132
|move|p1a: Yveltal|Max Flare|p2a: 嘉然小姐的狗
|-supereffective|p2a: 嘉然小姐的狗
|-damage|p2a: 嘉然小姐的狗|15/100
|-weather|SunnyDay
|-damage|p1a: Yveltal|83/100|[from] item: Life Orb
|move|p2a: 嘉然小姐的狗|Behemoth Blade|p1a: Yveltal
|-damage|p1a: Yveltal|1/100
|
|-weather|SunnyDay|[upkeep]
|upkeep
|-end|p1a: Yveltal|Dynamax
|-heal|p1a: Yveltal|1/100|[silent]
|turn|4
|
|t:|1664787138
|move|p2a: 嘉然小姐的狗|Quick Attack|p1a: Yveltal
|-damage|p1a: Yveltal|0 fnt
|faint|p1a: Yveltal
|
|-weather|SunnyDay|[upkeep]
|upkeep
|
|t:|1664787140
|switch|p1a: Calyrex|Calyrex-Shadow|100/100
|-ability|p1a: Calyrex|As One
|-ability|p1a: Calyrex|Unnerve
|turn|5
|
|t:|1664787143
|move|p1a: Calyrex|Astral Barrage|p2a: 嘉然小姐的狗
|-damage|p2a: 嘉然小姐的狗|0 fnt
|faint|p2a: 嘉然小姐的狗
|-ability|p1a: Calyrex|Grim Neigh|boost
|-boost|p1a: Calyrex|spa|1
|
|-weather|SunnyDay|[upkeep]
|upkeep
|
|t:|1664787144
|switch|p2a: Y鸟|Yveltal|100/100
|-ability|p2a: Y鸟|Dark Aura
|turn|6
|
|t:|1664787147
|switch|p1a: Tyranitar|Tyranitar, M, shiny|100/100
|-weather|Sandstorm|[from] ability: Sand Stream|[of] p1a: Tyranitar
|move|p2a: Y鸟|Dark Pulse|p1a: Tyranitar
|-resisted|p1a: Tyranitar
|-damage|p1a: Tyranitar|84/100
|-damage|p2a: Y鸟|91/100|[from] item: Life Orb
|
|-weather|Sandstorm|[upkeep]
|-damage|p2a: Y鸟|85/100|[from] Sandstorm
|-heal|p1a: Tyranitar|90/100|[from] item: Leftovers
|upkeep
|turn|7
|
|t:|1664787150
|switch|p2a: 老烈|Rayquaza, shiny|100/100
|-ability|p2a: 老烈|Air Lock
|move|p1a: Tyranitar|Stealth Rock|p2a: 老烈
|-sidestart|p2: CLEAR GEM清瑜|move: Stealth Rock
|
|-weather|Sandstorm|[upkeep]
|-heal|p1a: Tyranitar|97/100|[from] item: Leftovers
|upkeep
|turn|8
|
|t:|1664787152
|detailschange|p2a: 老烈|Rayquaza-Mega, shiny
|-mega|p2a: 老烈|Rayquaza|
|-weather|DeltaStream|[from] ability: Delta Stream|[of] p2a: 老烈
|move|p2a: 老烈|Dragon Dance|p2a: 老烈
|-boost|p2a: 老烈|atk|1
|-boost|p2a: 老烈|spe|1
|move|p1a: Tyranitar|Rock Tomb|p2a: 老烈
|-activate||deltastream
|-damage|p2a: 老烈|77/100
|-unboost|p2a: 老烈|spe|1
|
|-weather|DeltaStream|[upkeep]
|-heal|p1a: Tyranitar|100/100|[from] item: Leftovers
|upkeep
|turn|9
|
|t:|1664787155
|move|p2a: 老烈|Earthquake|p1a: Tyranitar
|-supereffective|p1a: Tyranitar
|-damage|p1a: Tyranitar|0 fnt
|faint|p1a: Tyranitar
|
|-weather|DeltaStream|[upkeep]
|upkeep
|
|t:|1664787158
|switch|p1a: Calyrex|Calyrex-Shadow|100/100
|-ability|p1a: Calyrex|As One
|-ability|p1a: Calyrex|Unnerve
|turn|10
|
|t:|1664787159
|move|p1a: Calyrex|Astral Barrage|p2a: 老烈
|-damage|p2a: 老烈|2/100
|move|p2a: 老烈|Dragon Ascent|p1a: Calyrex
|-damage|p1a: Calyrex|0 fnt
|-unboost|p2a: 老烈|def|1
|-unboost|p2a: 老烈|spd|1
|faint|p1a: Calyrex
|
|-weather|DeltaStream|[upkeep]
|upkeep
|
|t:|1664787163
|switch|p1a: Quagsire|Quagsire, M, shiny|100/100
|turn|11
|
|t:|1664787165
|move|p2a: 老烈|Dragon Ascent|p1a: Quagsire
|-damage|p1a: Quagsire|45/100
|-unboost|p2a: 老烈|def|1
|-unboost|p2a: 老烈|spd|1
|-damage|p2a: 老烈|0 fnt|[from] item: Rocky Helmet|[of] p1a: Quagsire
|faint|p2a: 老烈
|-weather|none
|move|p1a: Quagsire|Scald|p2: 老烈|[notarget]
|-fail|p1a: Quagsire
|
|upkeep
|
|t:|1664787168
|switch|p2a: Y鸟|Yveltal|85/100
|-damage|p2a: Y鸟|60/100|[from] Stealth Rock
|-ability|p2a: Y鸟|Dark Aura
|turn|12
|
|t:|1664787171
|-start|p2a: Y鸟|Dynamax|
|-heal|p2a: Y鸟|60/100|[silent]
|move|p2a: Y鸟|Max Airstream|p1a: Quagsire
|-damage|p1a: Quagsire|0 fnt
|-boost|p2a: Y鸟|spe|1
|faint|p1a: Quagsire
|-damage|p2a: Y鸟|55/100|[from] item: Life Orb
|
|upkeep
|
|t:|1664787172
|switch|p1a: Zacian|Zacian-Crowned, shiny|100/100
|-ability|p1a: Zacian|Intrepid Sword|boost
|-boost|p1a: Zacian|atk|1
|turn|13
|
|t:|1664787174
|move|p2a: Y鸟|Max Flare|p1a: Zacian
|-supereffective|p1a: Zacian
|-damage|p1a: Zacian|0 fnt
|-weather|SunnyDay
|faint|p1a: Zacian
|-damage|p2a: Y鸟|50/100|[from] item: Life Orb
|
|-weather|SunnyDay|[upkeep]
|upkeep
|-message|seidou45 forfeited.
|
|win|CLEAR GEM清瑜
|raw|seidou45's rating: 1690 &rarr; <strong>1681</strong><br />(-9 for losing)
|raw|CLEAR GEM清瑜's rating: 1903 &rarr; <strong>1912</strong><br />(+9 for winning)
|l|☆seidou45
