|j|☆Aidaen161
|j|☆Cocky but goated
|t:|1660673000
|gametype|singles
|player|p1|Aidaen161|worker-gen4|1740
|player|p2|Cocky but goated|ethan-masters|1825
|teamsize|p1|6
|teamsize|p2|6
|gen|8
|tier|[Gen 8] National Dex AG
|rated|
|rule|HP Percentage Mod: HP is shown in percentages
|rule|Endless Battle Clause: Forcing endless battles is banned
|clearpoke
|poke|p1|Yveltal|
|poke|p1|Deoxys-Speed|
|poke|p1|Marshadow|
|poke|p1|Calyrex-Shadow|
|poke|p1|Arceus-*|
|poke|p1|Vivillon-Icy Snow, M|
|poke|p2|Deoxys-Speed|
|poke|p2|Zygarde|
|poke|p2|Calyrex-Shadow|
|poke|p2|Arceus-*|
|poke|p2|Ditto|
|poke|p2|Necrozma-Dusk-Mane|
|teampreview
|inactive|Battle timer is ON: inactive players will automatically lose when time's up. (requested by Cocky but goated)
|
|t:|1660673024
|start
|switch|p1a: Rápido|Deoxys-Speed, shiny|100/100
|switch|p2a: Deoxys|Deoxys-Speed|100/100
|-ability|p2a: Deoxys|Pressure
|-ability|p1a: Rápido|Pressure
|turn|1
|
|t:|1660673028
|move|p2a: Deoxys|Knock Off|p1a: Rápido
|-supereffective|p1a: Rápido
|-damage|p1a: Rápido|40/100
|-enditem|p1a: Rápido|Focus Sash|[from] move: Knock Off|[of] p2a: Deoxys
|move|p1a: Rápido|Knock Off|p2a: Deoxys
|-supereffective|p2a: Deoxys
|-damage|p2a: Deoxys|23/100
|-enditem|p2a: Deoxys|Focus Sash|[from] move: Knock Off|[of] p1a: Rápido
|
|upkeep
|turn|2
|
|t:|1660673032
|move|p1a: Rápido|Extreme Speed|p2a: Deoxys
|-crit|p2a: Deoxys
|-damage|p2a: Deoxys|0 fnt
|faint|p2a: Deoxys
|
|upkeep
|
|t:|1660673039
|switch|p2a: Ditto|Ditto|100/100
|-transform|p2a: Ditto|p1a: Rápido|[from] ability: Imposter
|-ability|p2a: Ditto|Pressure
|turn|3
|
|t:|1660673043
|move|p2a: Ditto|Stealth Rock|p1a: Rápido
|-sidestart|p1: Aidaen161|move: Stealth Rock
|move|p1a: Rápido|Knock Off|p2a: Ditto
|-supereffective|p2a: Ditto
|-crit|p2a: Ditto
|-damage|p2a: Ditto|0 fnt
|-enditem|p2a: Ditto|Choice Scarf|[from] move: Knock Off|[of] p1a: Rápido
|faint|p2a: Ditto
|
|upkeep
|
|t:|1660673056
|switch|p2a: Necrozma|Necrozma-Dusk-Mane|100/100
|turn|4
|
|t:|1660673059
|move|p1a: Rápido|Stealth Rock|p2a: Necrozma
|-sidestart|p2: Cocky but goated|move: Stealth Rock
|move|p2a: Necrozma|Dragon Dance|p2a: Necrozma
|-boost|p2a: Necrozma|atk|1
|-boost|p2a: Necrozma|spe|1
|
|upkeep
|turn|5
|
|t:|1660673066
|move|p1a: Rápido|Knock Off|p2a: Necrozma
|-supereffective|p2a: Necrozma
|-damage|p2a: Necrozma|77/100
|move|p2a: Necrozma|Dragon Dance|p2a: Necrozma
|-boost|p2a: Necrozma|atk|1
|-boost|p2a: Necrozma|spe|1
|
|upkeep
|turn|6
|
|t:|1660673073
|move|p2a: Necrozma|Sunsteel Strike|p1a: Rápido
|-damage|p1a: Rápido|0 fnt
|faint|p1a: Rápido
|
|upkeep
|
|t:|1660673084
|switch|p1a: Sombra|Marshadow|100/100
|-damage|p1a: Sombra|94/100|[from] Stealth Rock
|turn|7
|
|t:|1660673087
|move|p1a: Sombra|Shadow Sneak|p2a: Necrozma
|-supereffective|p2a: Necrozma
|-damage|p2a: Necrozma|35/100
|move|p2a: Necrozma|Sunsteel Strike|p1a: Sombra
|-damage|p1a: Sombra|0 fnt
|faint|p1a: Sombra
|
|upkeep
|
|t:|1660673097
|switch|p1a: Cavaleiro Fantasma|Calyrex-Shadow|100/100
|-ability|p1a: Cavaleiro Fantasma|As One
|-ability|p1a: Cavaleiro Fantasma|Unnerve
|-damage|p1a: Cavaleiro Fantasma|88/100|[from] Stealth Rock
|turn|8
|
|t:|1660673103
|-start|p1a: Cavaleiro Fantasma|Dynamax|
|-heal|p1a: Cavaleiro Fantasma|88/100|[silent]
|-zpower|p2a: Necrozma
|move|p2a: Necrozma|Searing Sunraze Smash|p1a: Cavaleiro Fantasma|[zeffect]
|-damage|p1a: Cavaleiro Fantasma|0 fnt
|faint|p1a: Cavaleiro Fantasma
|
|upkeep
|
|t:|1660673114
|switch|p1a: Deus|Arceus, shiny|100/100
|-damage|p1a: Deus|88/100|[from] Stealth Rock
|turn|9
|
|t:|1660673119
|move|p1a: Deus|Extreme Speed|p2a: Necrozma
|-resisted|p2a: Necrozma
|-damage|p2a: Necrozma|11/100
|-damage|p1a: Deus|78/100|[from] item: Life Orb
|move|p2a: Necrozma|Sunsteel Strike|p1a: Deus
|-damage|p1a: Deus|0 fnt
|faint|p1a: Deus
|
|upkeep
|c|☆Cocky but goated|Ggwp
|-message|Aidaen161 forfeited.
|
|win|Cocky but goated
|raw|Aidaen161's rating: 1740 &rarr; <strong>1725</strong><br />(-15 for losing)
|raw|Cocky but goated's rating: 1825 &rarr; <strong>1840</strong><br />(+15 for winning)
|l|☆Aidaen161
||Ladder isn't responding, score probably updated but might not have (Request timeout).
