|j|☆AJ Masters 8
|j|‽theChikunEater
|t:|1666805344
|gametype|singles
|player|p1|AJ Masters 8|volkner|1089
|player|p2|theChikunEater|flannery|1172
|teamsize|p1|6
|teamsize|p2|6
|gen|8
|tier|[Gen 8] National Dex AG
|rated|
|rule|HP Percentage Mod: HP is shown in percentages
|rule|Endless Battle Clause: Forcing endless battles is banned
|clearpoke
|poke|p1|Electivire, M|
|poke|p1|Infernape, M|
|poke|p1|Greninja, M|
|poke|p1|Lucario, M|
|poke|p1|Garchomp, M|
|poke|p1|Cinderace, M|
|poke|p2|Sawk, M|
|poke|p2|Hitmonlee, M|
|poke|p2|Blaziken, M|
|poke|p2|Lucario, M|
|poke|p2|Infernape, M|
|poke|p2|Kommo-o, F|
|teampreview
|inactive|Battle timer is ON: inactive players will automatically lose when time's up. (requested by theChikunEater)
|
|t:|1666805349
|start
|switch|p1a: Pyro Blitz|Cinderace, M|100/100
|switch|p2a: Blaziken|Blaziken, M|100/100
|turn|1
|
|t:|1666805354
|move|p1a: Pyro Blitz|Zen Headbutt|p2a: Blaziken
|-start|p1a: Pyro Blitz|typechange|Psychic|[from] ability: Libero
|-supereffective|p2a: Blaziken
|-enditem|p2a: Blaziken|Focus Sash
|-damage|p2a: Blaziken|1/100
|move|p2a: Blaziken|Scorching Sands|p1a: Pyro Blitz
|-damage|p1a: Pyro Blitz|69/100
|
|-ability|p2a: Blaziken|Speed Boost|boost
|-boost|p2a: Blaziken|spe|1
|upkeep
|turn|2
|
|t:|1666805363
|switch|p1a: Hydro Shuriken|Greninja, M|100/100
|move|p2a: Blaziken|Protect||[still]
|-fail|p2a: Blaziken
|
|-ability|p2a: Blaziken|Speed Boost|boost
|-boost|p2a: Blaziken|spe|1
|upkeep
|turn|3
|
|t:|1666805366
|move|p1a: Hydro Shuriken|Water Shuriken|p2a: Blaziken
|-supereffective|p2a: Blaziken
|-damage|p2a: Blaziken|0 fnt
|faint|p2a: Blaziken
|-activate|p1a: Hydro Shuriken|ability: Battle Bond
|detailschange|p1a: Hydro Shuriken|Greninja-Ash, M
|-hitcount|p2: Blaziken|1
|-damage|p1a: Hydro Shuriken|91/100|[from] item: Life Orb
|
|upkeep
|
|t:|1666805378
|switch|p2a: Infernape|Infernape, M|100/100
|turn|4
|
|t:|1666805380
|move|p1a: Hydro Shuriken|Water Shuriken|p2a: Infernape
|-supereffective|p2a: Infernape
|-damage|p2a: Infernape|49/100
|-supereffective|p2a: Infernape
|-damage|p2a: Infernape|0 fnt
|faint|p2a: Infernape
|-hitcount|p2: Infernape|2
|-damage|p1a: Hydro Shuriken|81/100|[from] item: Life Orb
|
|upkeep
|
|t:|1666805384
|switch|p2a: Sawk|Sawk, M|100/100
|turn|5
|
|t:|1666805386
|move|p1a: Hydro Shuriken|Surf|p2a: Sawk
|-ability|p2a: Sawk|Sturdy
|-damage|p2a: Sawk|1/100
|-enditem|p2a: Sawk|Salac Berry|[eat]
|-boost|p2a: Sawk|spe|1|[from] item: Salac Berry
|-damage|p1a: Hydro Shuriken|71/100|[from] item: Life Orb
|move|p2a: Sawk|Reversal|p1a: Hydro Shuriken
|-supereffective|p1a: Hydro Shuriken
|-damage|p1a: Hydro Shuriken|0 fnt
|faint|p1a: Hydro Shuriken
|
|upkeep
|
|t:|1666805391
|switch|p1a: Inferno Blitz|Infernape, M|100/100
|turn|6
|
|t:|1666805405
|move|p1a: Inferno Blitz|Mach Punch|p2a: Sawk
|-damage|p2a: Sawk|0 fnt
|faint|p2a: Sawk
|-damage|p1a: Inferno Blitz|91/100|[from] item: Life Orb
|
|upkeep
|
|t:|1666805409
|switch|p2a: Kommo-o|Kommo-o, F|100/100
|turn|7
|
|t:|1666805422
|move|p1a: Inferno Blitz|Close Combat|p2a: Kommo-o
|-damage|p2a: Kommo-o|29/100
|-unboost|p1a: Inferno Blitz|def|1
|-unboost|p1a: Inferno Blitz|spd|1
|-damage|p1a: Inferno Blitz|81/100|[from] item: Life Orb
|-zpower|p2a: Kommo-o
|move|p2a: Kommo-o|Clangorous Soulblaze|p1a: Inferno Blitz|[zeffect]
|-damage|p1a: Inferno Blitz|0 fnt
|faint|p1a: Inferno Blitz
|-boost|p2a: Kommo-o|atk|1
|-boost|p2a: Kommo-o|def|1
|-boost|p2a: Kommo-o|spa|1
|-boost|p2a: Kommo-o|spd|1
|-boost|p2a: Kommo-o|spe|1
|
|upkeep
|
|t:|1666805428
|switch|p1a: Electro Bolt|Electivire, M|100/100
|turn|8
|
|t:|1666805433
|-start|p1a: Electro Bolt|Dynamax|
|-heal|p1a: Electro Bolt|100/100|[silent]
|move|p2a: Kommo-o|Clanging Scales|p1a: Electro Bolt
|-damage|p1a: Electro Bolt|55/100
|-unboost|p2a: Kommo-o|def|1
|move|p1a: Electro Bolt|Max Hailstorm|p2a: Kommo-o
|-supereffective|p2a: Kommo-o
|-damage|p2a: Kommo-o|0 fnt
|-weather|Hail
|faint|p2a: Kommo-o
|-damage|p1a: Electro Bolt|50/100|[from] item: Life Orb
|
|-weather|Hail|[upkeep]
|-damage|p1a: Electro Bolt|47/100|[from] Hail
|upkeep
|
|t:|1666805437
|switch|p2a: Lucario|Lucario, M|100/100
|turn|9
|
|t:|1666805441
|detailschange|p2a: Lucario|Lucario-Mega, M
|-mega|p2a: Lucario|Lucario|Lucarionite
|move|p2a: Lucario|Aura Sphere|p1a: Electro Bolt
|-damage|p1a: Electro Bolt|7/100
|move|p1a: Electro Bolt|Max Quake|p2a: Lucario
|-supereffective|p2a: Lucario
|-damage|p2a: Lucario|0 fnt
|-boost|p1a: Electro Bolt|spd|1
|faint|p2a: Lucario
|-damage|p1a: Electro Bolt|2/100|[from] item: Life Orb
|
|-weather|Hail|[upkeep]
|-damage|p1a: Electro Bolt|0 fnt|[from] Hail
|faint|p1a: Electro Bolt
|upkeep
|
|t:|1666805448
|switch|p2a: Hitmonlee|Hitmonlee, M|100/100
|switch|p1a: Draco Rage|Garchomp, M|100/100
|turn|10
|
|t:|1666805452
|-start|p2a: Hitmonlee|Dynamax|
|-heal|p2a: Hitmonlee|100/100|[silent]
|-zpower|p1a: Draco Rage
|move|p1a: Draco Rage|Devastating Drake|p2a: Hitmonlee|[zeffect]
|-damage|p2a: Hitmonlee|0 fnt
|faint|p2a: Hitmonlee
|
|win|AJ Masters 8
|raw|AJ Masters 8's rating: 1089 &rarr; <strong>1122</strong><br />(+33 for winning)
|raw|theChikunEater's rating: 1172 &rarr; <strong>1141</strong><br />(-31 for losing)
|l|‽theChikunEater
||Ladder isn't responding, score probably updated but might not have (Request timeout).
