|j|☆Mak the ZekLord
|j|☆alwaysrinse
|t:|1621281005
|gametype|singles
|player|p1|Mak the ZekLord|ash-kalos|1763
|player|p2|alwaysrinse|170|1814
|teamsize|p1|6
|teamsize|p2|6
|gen|8
|tier|[Gen 8] National Dex AG
|rated|
|rule|HP Percentage Mod: HP is shown in percentages
|rule|Endless Battle Clause: Forcing endless battles is banned
|clearpoke
|poke|p1|Arceus-*|
|poke|p1|Zacian-*|
|poke|p1|Yveltal|
|poke|p1|Zekrom|
|poke|p1|Grimmsnarl, M|
|poke|p1|Xerneas-*|
|poke|p2|Quagsire, M|
|poke|p2|Chansey, F|
|poke|p2|Tyranitar, M|
|poke|p2|Lugia|
|poke|p2|Sableye, M|
|poke|p2|Giratina|
|teampreview
|inactive|Battle timer is ON: inactive players will automatically lose when time's up. (requested by Mak the ZekLord)
|j| Deicer
|c|☆Mak the ZekLord|Yelp, just wut I need to see, good ole stall
|inactive|Mak the ZekLord has 120 seconds left.
|inactive|alwaysrinse has 120 seconds left.
|c|☆alwaysrinse|stall beats HO so hard
|
|t:|1621281056
|start
|switch|p1a: Xerneas|Xerneas|100/100
|switch|p2a: Sableye|Sableye, M|100/100
|-ability|p1a: Xerneas|Fairy Aura
|turn|1
|c|☆Mak the ZekLord|Ur talking to the person who's hardly been beat by stall
|
|t:|1621281085
|detailschange|p2a: Sableye|Sableye-Mega, M
|-mega|p2a: Sableye|Sableye|Sablenite
|move|p2a: Sableye|Fake Out|p1a: Xerneas
|-damage|p1a: Xerneas|93/100
|cant|p1a: Xerneas|flinch
|
|upkeep
|turn|2
|c|☆alwaysrinse|why do you not have ray
|c|☆alwaysrinse|on your team
|
|t:|1621281091
|switch|p2a: Chansey|Chansey, F|100/100
|move|p1a: Xerneas|Moonblast|p2a: Chansey
|-damage|p2a: Chansey|82/100
|
|upkeep
|turn|3
|inactive|Mak the ZekLord has 120 seconds left.
|c|☆Mak the ZekLord|Just trying smthn out, I c u have moved to the art of stall
|
|t:|1621281124
|switch|p1a: Zacian|Zacian-Crowned|100/100
|-ability|p1a: Zacian|Intrepid Sword|boost
|-boost|p1a: Zacian|atk|1
|move|p2a: Chansey|Toxic|p1a: Zacian
|-immune|p1a: Zacian
|
|upkeep
|turn|4
|l| Deicer
|c|☆alwaysrinse|ray should be on HO
|c|☆alwaysrinse|stall is the best
|c|☆alwaysrinse|stall is fat
|c|☆Mak the ZekLord|And I'll be the one to beat it
|
|t:|1621281153
|switch|p1a: Arceus|Arceus-Ground|100/100
|switch|p2a: Quagsire|Quagsire, M|100/100
|
|upkeep
|turn|5
|
|t:|1621281159
|switch|p2a: Chansey|Chansey, F|82/100
|move|p1a: Arceus|Stealth Rock|p2a: Chansey
|-sidestart|p2: alwaysrinse|move: Stealth Rock
|
|upkeep
|turn|6
|
|t:|1621281164
|move|p1a: Arceus|Swords Dance|p1a: Arceus
|-boost|p1a: Arceus|atk|2
|move|p2a: Chansey|Soft-Boiled|p2a: Chansey
|-heal|p2a: Chansey|100/100
|
|upkeep
|turn|7
|c|☆alwaysrinse|i love stall
|c|☆alwaysrinse|SR + SD ground arc
|
|t:|1621281174
|switch|p2a: Quagsire|Quagsire, M|100/100
|-damage|p2a: Quagsire|94/100|[from] Stealth Rock
|move|p1a: Arceus|Swords Dance|p1a: Arceus
|-boost|p1a: Arceus|atk|2
|
|-heal|p2a: Quagsire|100/100|[from] item: Leftovers
|upkeep
|turn|8
|
|t:|1621281180
|move|p1a: Arceus|Earthquake|p2a: Quagsire
|-damage|p2a: Quagsire|54/100
|move|p2a: Quagsire|Haze|p2a: Quagsire
|-clearallboost
|
|-heal|p2a: Quagsire|60/100|[from] item: Leftovers
|upkeep
|turn|9
|inactive|Mak the ZekLord has 120 seconds left.
|c|☆alwaysrinse|is this groundium z
|
|t:|1621281191
|switch|p1a: Yveltal|Yveltal|100/100
|-ability|p1a: Yveltal|Dark Aura
|move|p2a: Quagsire|Recover|p2a: Quagsire
|-heal|p2a: Quagsire|100/100
|
|upkeep
|turn|10
|c|☆Mak the ZekLord|No
|inactive|Mak the ZekLord has 120 seconds left.
|c|☆alwaysrinse|stalll
|
|t:|1621281210
|switch|p1a: Zacian|Zacian-Crowned|100/100
|-ability|p1a: Zacian|Intrepid Sword|boost
|-boost|p1a: Zacian|atk|1
|switch|p2a: Tyranitar|Tyranitar, M|100/100
|-damage|p2a: Tyranitar|88/100|[from] Stealth Rock
|-weather|Sandstorm|[from] ability: Sand Stream|[of] p2a: Tyranitar
|
|-weather|Sandstorm|[upkeep]
|-heal|p2a: Tyranitar|94/100|[from] item: Leftovers
|upkeep
|turn|11
|
|t:|1621281215
|switch|p2a: Quagsire|Quagsire, M|100/100
|-damage|p2a: Quagsire|94/100|[from] Stealth Rock
|move|p1a: Zacian|Assurance|p2a: Quagsire
|-damage|p2a: Quagsire|55/100
|
|-weather|Sandstorm|[upkeep]
|-heal|p2a: Quagsire|61/100|[from] item: Leftovers
|upkeep
|turn|12
|inactive|Mak the ZekLord has 120 seconds left.
|c|☆alwaysrinse|quag god
|
|t:|1621281229
|switch|p1a: Zekrom|Zekrom|100/100
|-ability|p1a: Zekrom|Teravolt
|move|p2a: Quagsire|Recover|p2a: Quagsire
|-heal|p2a: Quagsire|100/100
|
|-weather|Sandstorm|[upkeep]
|-damage|p1a: Zekrom|94/100|[from] Sandstorm
|upkeep
|turn|13
|
|t:|1621281235
|move|p1a: Zekrom|Dragon Dance|p1a: Zekrom
|-boost|p1a: Zekrom|atk|1
|-boost|p1a: Zekrom|spe|1
|move|p2a: Quagsire|Toxic|p1a: Zekrom
|-status|p1a: Zekrom|tox
|
|-weather|Sandstorm|[upkeep]
|-damage|p1a: Zekrom|88/100 tox|[from] Sandstorm
|-damage|p1a: Zekrom|82/100 tox|[from] psn
|upkeep
|turn|14
|
|t:|1621281239
|-start|p1a: Zekrom|Dynamax
|-heal|p1a: Zekrom|82/100 tox|[silent]
|move|p1a: Zekrom|Max Wyrmwind|p2a: Quagsire
|-damage|p2a: Quagsire|26/100
|-unboost|p2a: Quagsire|atk|1
|move|p2a: Quagsire|Haze|p2a: Quagsire
|-clearallboost
|
|-weather|none
|-heal|p2a: Quagsire|32/100|[from] item: Leftovers
|-damage|p1a: Zekrom|76/100 tox|[from] psn
|upkeep
|turn|15
|inactive|alwaysrinse has 120 seconds left.
|c|☆Mak the ZekLord|Teravolt goes brrrr XD
|c|☆alwaysrinse|yeah
|
|t:|1621281286
|-start|p2a: Quagsire|Dynamax
|-heal|p2a: Quagsire|32/100|[silent]
|move|p1a: Zekrom|Max Wyrmwind|p2a: Quagsire
|-damage|p2a: Quagsire|10/100
|-unboost|p2a: Quagsire|atk|1
|move|p2a: Quagsire|Max Quake|p1a: Zekrom
|-supereffective|p1a: Zekrom
|-damage|p1a: Zekrom|53/100 tox
|-boost|p2a: Quagsire|spd|1
|-enditem|p1a: Zekrom|Weakness Policy
|-boost|p1a: Zekrom|atk|2|[from] item: Weakness Policy
|-boost|p1a: Zekrom|spa|2|[from] item: Weakness Policy
|
|-heal|p2a: Quagsire|13/100|[from] item: Leftovers
|-damage|p1a: Zekrom|44/100 tox|[from] psn
|upkeep
|turn|16
|c|☆Mak the ZekLord|Thnks
|
|t:|1621281296
|move|p2a: Quagsire|Max Guard|p2a: Quagsire
|-singleturn|p2a: Quagsire|Max Guard
|move|p1a: Zekrom|Max Wyrmwind|p2a: Quagsire
|-activate|p2a: Quagsire|move: Max Guard
|
|-heal|p2a: Quagsire|16/100|[from] item: Leftovers
|-damage|p1a: Zekrom|32/100 tox|[from] psn
|-end|p1a: Zekrom|Dynamax
|-heal|p1a: Zekrom|32/100 tox|[silent]
|upkeep
|turn|17
|
|t:|1621281302
|move|p2a: Quagsire|Max Guard||[still]
|-fail|p2a: Quagsire
|move|p1a: Zekrom|Dragon Claw|p2a: Quagsire
|-damage|p2a: Quagsire|0 fnt
|faint|p2a: Quagsire
|
|-damage|p1a: Zekrom|1/100 tox|[from] psn
|upkeep
|
|t:|1621281310
|switch|p2a: Lugia|Lugia|100/100
|turn|18
|inactive|alwaysrinse has 120 seconds left.
|
|t:|1621281320
|switch|p2a: Giratina|Giratina|100/100
|-damage|p2a: Giratina|88/100|[from] Stealth Rock
|-ability|p2a: Giratina|Pressure
|move|p1a: Zekrom|Bolt Strike|p2a: Giratina
|-resisted|p2a: Giratina
|-damage|p2a: Giratina|55/100
|
|-heal|p2a: Giratina|61/100|[from] item: Leftovers
|-damage|p1a: Zekrom|0 fnt|[from] psn
|faint|p1a: Zekrom
|upkeep
|inactive|Mak the ZekLord has 120 seconds left.
|c|☆Mak the ZekLord|Now that quag the god is outta the equation
|
|t:|1621281365
|switch|p1a: Yveltal|Yveltal|100/100
|-ability|p1a: Yveltal|Dark Aura
|turn|19
|
|t:|1621281377
|switch|p2a: Tyranitar|Tyranitar, M|94/100
|-damage|p2a: Tyranitar|82/100|[from] Stealth Rock
|-weather|Sandstorm|[from] ability: Sand Stream|[of] p2a: Tyranitar
|move|p1a: Yveltal|Dark Pulse|p2a: Tyranitar
|-resisted|p2a: Tyranitar
|-damage|p2a: Tyranitar|66/100
|-damage|p1a: Yveltal|91/100|[from] item: Life Orb
|
|-weather|Sandstorm|[upkeep]
|-damage|p1a: Yveltal|84/100|[from] Sandstorm
|-heal|p2a: Tyranitar|72/100|[from] item: Leftovers
|upkeep
|turn|20
|
|t:|1621281384
|switch|p1a: Arceus|Arceus-Ground|100/100
|move|p2a: Tyranitar|Stealth Rock|p1a: Arceus
|-sidestart|p1: Mak the ZekLord|move: Stealth Rock
|
|-weather|Sandstorm|[upkeep]
|-heal|p2a: Tyranitar|78/100|[from] item: Leftovers
|upkeep
|turn|21
|
|t:|1621281391
|switch|p2a: Giratina|Giratina|61/100
|-damage|p2a: Giratina|49/100|[from] Stealth Rock
|-ability|p2a: Giratina|Pressure
|move|p1a: Arceus|Swords Dance|p1a: Arceus
|-boost|p1a: Arceus|atk|2
|
|-weather|Sandstorm|[upkeep]
|-damage|p2a: Giratina|42/100|[from] Sandstorm
|-heal|p2a: Giratina|49/100|[from] item: Leftovers
|upkeep
|turn|22
|
|t:|1621281394
|move|p1a: Arceus|Earthquake|p2a: Giratina
|-damage|p2a: Giratina|0 fnt
|faint|p2a: Giratina
|
|-weather|Sandstorm|[upkeep]
|upkeep
|
|t:|1621281400
|switch|p2a: Sableye|Sableye-Mega, M|100/100
|-damage|p2a: Sableye|88/100|[from] Stealth Rock
|turn|23
|
|t:|1621281403
|move|p1a: Arceus|Earthquake|p2a: Sableye
|-damage|p2a: Sableye|0 fnt
|faint|p2a: Sableye
|
|-weather|none
|upkeep
|
|t:|1621281407
|switch|p2a: Lugia|Lugia|100/100
|turn|24
|c|☆Mak the ZekLord|Holy moly
|c|☆alwaysrinse|it just ohkos
|c|☆alwaysrinse|all of that shit
|c|☆Mak the ZekLord|Hell yeah son
|inactive|Mak the ZekLord has 120 seconds left.
|c|☆Mak the ZekLord|Told u, call me the stall SLAYER lmao
|
|t:|1621281449
|move|p1a: Arceus|Stone Edge|p2a: Lugia|[miss]
|-miss|p1a: Arceus|p2a: Lugia
|move|p2a: Lugia|Toxic|p1a: Arceus
|-status|p1a: Arceus|tox
|
|-damage|p1a: Arceus|94/100 tox|[from] psn
|upkeep
|turn|25
|
|t:|1621281477
|move|p1a: Arceus|Stone Edge|p2a: Lugia
|-supereffective|p2a: Lugia
|-damage|p2a: Lugia|68/100
|move|p2a: Lugia|Whirlwind|p1a: Arceus
|drag|p1a: Xerneas|Xerneas|93/100
|-damage|p1a: Xerneas|81/100|[from] Stealth Rock
|-ability|p1a: Xerneas|Fairy Aura
|
|upkeep
|turn|26
|
|t:|1621281482
|switch|p1a: Arceus|Arceus-Ground|94/100 tox
|-damage|p1a: Arceus|88/100 tox|[from] Stealth Rock
|move|p2a: Lugia|Roost|p2a: Lugia
|-heal|p2a: Lugia|100/100
|-singleturn|p2a: Lugia|move: Roost
|
|-damage|p1a: Arceus|82/100 tox|[from] psn
|upkeep
|turn|27
|
|t:|1621281485
|move|p1a: Arceus|Stone Edge|p2a: Lugia
|-supereffective|p2a: Lugia
|-damage|p2a: Lugia|82/100
|move|p2a: Lugia|Ice Beam|p1a: Arceus
|-supereffective|p1a: Arceus
|-damage|p1a: Arceus|59/100 tox
|
|-damage|p1a: Arceus|47/100 tox|[from] psn
|upkeep
|turn|28
|
|t:|1621281492
|move|p1a: Arceus|Swords Dance|p1a: Arceus
|-boost|p1a: Arceus|atk|2
|move|p2a: Lugia|Roost|p2a: Lugia
|-heal|p2a: Lugia|100/100
|-singleturn|p2a: Lugia|move: Roost
|
|-damage|p1a: Arceus|29/100 tox|[from] psn
|upkeep
|turn|29
|
|t:|1621281494
|move|p1a: Arceus|Stone Edge|p2a: Lugia
|-supereffective|p2a: Lugia
|-damage|p2a: Lugia|63/100
|move|p2a: Lugia|Whirlwind|p1a: Arceus
|drag|p1a: Grimmsnarl|Grimmsnarl, M|100/100
|-damage|p1a: Grimmsnarl|88/100|[from] Stealth Rock
|
|upkeep
|turn|30
|
|t:|1621281498
|move|p1a: Grimmsnarl|Taunt|p2a: Lugia
|-start|p2a: Lugia|move: Taunt
|cant|p2a: Lugia|move: Taunt|Roost
|
|upkeep
|turn|31
|inactive|alwaysrinse has 120 seconds left.
|
|t:|1621281541
|switch|p2a: Tyranitar|Tyranitar, M|78/100
|-damage|p2a: Tyranitar|66/100|[from] Stealth Rock
|-weather|Sandstorm|[from] ability: Sand Stream|[of] p2a: Tyranitar
|switch|p1a: Arceus|Arceus-Ground|29/100 tox
|-damage|p1a: Arceus|23/100 tox|[from] Stealth Rock
|
|-weather|Sandstorm|[upkeep]
|-heal|p2a: Tyranitar|72/100|[from] item: Leftovers
|-damage|p1a: Arceus|17/100 tox|[from] psn
|upkeep
|turn|32
|
|t:|1621281550
|move|p1a: Arceus|Stone Edge|p2a: Tyranitar
|-damage|p2a: Tyranitar|42/100
|move|p2a: Tyranitar|Pursuit|p1a: Arceus
|-damage|p1a: Arceus|5/100 tox
|
|-weather|Sandstorm|[upkeep]
|-heal|p2a: Tyranitar|49/100|[from] item: Leftovers
|-damage|p1a: Arceus|0 fnt|[from] psn
|faint|p1a: Arceus
|upkeep
|
|t:|1621281561
|switch|p1a: Xerneas|Xerneas|81/100
|-damage|p1a: Xerneas|69/100|[from] Stealth Rock
|-ability|p1a: Xerneas|Fairy Aura
|turn|33
|inactive|alwaysrinse has 120 seconds left.
|
|t:|1621281580
|switch|p2a: Chansey|Chansey, F|100/100
|-damage|p2a: Chansey|88/100|[from] Stealth Rock
|move|p1a: Xerneas|Geomancy||[still]
|-prepare|p1a: Xerneas|Geomancy
|-enditem|p1a: Xerneas|Power Herb
|-anim|p1a: Xerneas|Geomancy|p1a: Xerneas
|-boost|p1a: Xerneas|spa|2
|-boost|p1a: Xerneas|spd|2
|-boost|p1a: Xerneas|spe|2
|
|-weather|Sandstorm|[upkeep]
|-damage|p1a: Xerneas|62/100|[from] Sandstorm
|-damage|p2a: Chansey|82/100|[from] Sandstorm
|upkeep
|turn|34
|
|t:|1621281586
|move|p1a: Xerneas|Thunder|p2a: Chansey
|-damage|p2a: Chansey|59/100
|move|p2a: Chansey|Soft-Boiled|p2a: Chansey
|-heal|p2a: Chansey|100/100
|
|-weather|Sandstorm|[upkeep]
|-damage|p1a: Xerneas|56/100|[from] Sandstorm
|-damage|p2a: Chansey|94/100|[from] Sandstorm
|upkeep
|turn|35
|
|t:|1621281591
|move|p1a: Xerneas|Thunder|p2a: Chansey
|-damage|p2a: Chansey|74/100
|move|p2a: Chansey|Toxic|p1a: Xerneas
|-status|p1a: Xerneas|tox
|
|-weather|none
|-damage|p1a: Xerneas|50/100 tox|[from] psn
|upkeep
|turn|36
|c|☆alwaysrinse|lol
|
|t:|1621281597
|move|p1a: Xerneas|Moonblast|p2a: Chansey
|-damage|p2a: Chansey|39/100
|move|p2a: Chansey|Soft-Boiled|p2a: Chansey
|-heal|p2a: Chansey|89/100
|
|-damage|p1a: Xerneas|38/100 tox|[from] psn
|upkeep
|turn|37
|
|t:|1621281604
|move|p1a: Xerneas|Thunder|p2a: Chansey
|-damage|p2a: Chansey|67/100
|move|p2a: Chansey|Soft-Boiled|p2a: Chansey
|-heal|p2a: Chansey|100/100
|
|-damage|p1a: Xerneas|20/100 tox|[from] psn
|upkeep
|turn|38
|c|☆Mak the ZekLord|35? Lmao
|
|t:|1621281625
|move|p1a: Xerneas|Thunder|p2a: Chansey|[miss]
|-miss|p1a: Xerneas|p2a: Chansey
|move|p2a: Chansey|Soft-Boiled||[still]
|-fail|p2a: Chansey|heal
|
|-damage|p1a: Xerneas|0 fnt|[from] psn
|faint|p1a: Xerneas
|upkeep
|
|t:|1621281629
|switch|p1a: Grimmsnarl|Grimmsnarl, M|88/100
|-damage|p1a: Grimmsnarl|76/100|[from] Stealth Rock
|turn|39
|
|t:|1621281639
|move|p1a: Grimmsnarl|Taunt|p2a: Chansey
|-start|p2a: Chansey|move: Taunt
|cant|p2a: Chansey|move: Taunt|Toxic
|
|upkeep
|turn|40
|
|t:|1621281651
|switch|p1a: Yveltal|Yveltal|84/100
|-damage|p1a: Yveltal|60/100|[from] Stealth Rock
|-ability|p1a: Yveltal|Dark Aura
|switch|p2a: Tyranitar|Tyranitar, M|49/100
|-damage|p2a: Tyranitar|36/100|[from] Stealth Rock
|-weather|Sandstorm|[from] ability: Sand Stream|[of] p2a: Tyranitar
|
|-weather|Sandstorm|[upkeep]
|-damage|p1a: Yveltal|53/100|[from] Sandstorm
|-heal|p2a: Tyranitar|42/100|[from] item: Leftovers
|upkeep
|turn|41
|
|t:|1621281656
|move|p1a: Yveltal|Dark Pulse|p2a: Tyranitar
|-resisted|p2a: Tyranitar
|-damage|p2a: Tyranitar|25/100
|-damage|p1a: Yveltal|44/100|[from] item: Life Orb
|move|p2a: Tyranitar|Rock Tomb|p1a: Yveltal
|-supereffective|p1a: Yveltal
|-damage|p1a: Yveltal|0 fnt
|faint|p1a: Yveltal
|
|-weather|Sandstorm|[upkeep]
|-heal|p2a: Tyranitar|31/100|[from] item: Leftovers
|upkeep
|c|☆Mak the ZekLord|Rip
|
|t:|1621281668
|switch|p1a: Grimmsnarl|Grimmsnarl, M|76/100
|-damage|p1a: Grimmsnarl|63/100|[from] Stealth Rock
|turn|42
|inactive|alwaysrinse has 120 seconds left.
|
|t:|1621281702
|move|p1a: Grimmsnarl|Reflect|p1a: Grimmsnarl
|-sidestart|p1: Mak the ZekLord|Reflect
|move|p2a: Tyranitar|Rest|p2a: Tyranitar
|-status|p2a: Tyranitar|slp|[from] move: Rest
|-heal|p2a: Tyranitar|100/100 slp|[silent]
|
|-weather|Sandstorm|[upkeep]
|-damage|p1a: Grimmsnarl|57/100|[from] Sandstorm
|upkeep
|turn|43
|
|t:|1621281707
|switch|p2a: Lugia|Lugia|63/100
|move|p1a: Grimmsnarl|Spirit Break|p2a: Lugia
|-damage|p2a: Lugia|47/100
|-unboost|p2a: Lugia|spa|1
|
|-weather|Sandstorm|[upkeep]
|-damage|p2a: Lugia|41/100|[from] Sandstorm
|-damage|p1a: Grimmsnarl|51/100|[from] Sandstorm
|upkeep
|turn|44
|
|t:|1621281711
|move|p1a: Grimmsnarl|Taunt|p2a: Lugia
|-start|p2a: Lugia|move: Taunt
|cant|p2a: Lugia|move: Taunt|Roost
|
|-weather|none
|upkeep
|turn|45
|
|t:|1621281714
|move|p2a: Lugia|Ice Beam|p1a: Grimmsnarl
|-damage|p1a: Grimmsnarl|40/100
|move|p1a: Grimmsnarl|Spirit Break|p2a: Lugia
|-damage|p2a: Lugia|25/100
|-unboost|p2a: Lugia|spa|1
|
|upkeep
|turn|46
|
|t:|1621281719
|switch|p2a: Tyranitar|Tyranitar, M|100/100 slp
|-damage|p2a: Tyranitar|88/100 slp|[from] Stealth Rock
|-weather|Sandstorm|[from] ability: Sand Stream|[of] p2a: Tyranitar
|move|p1a: Grimmsnarl|Spirit Break|p2a: Tyranitar
|-supereffective|p2a: Tyranitar
|-damage|p2a: Tyranitar|40/100 slp
|-unboost|p2a: Tyranitar|spa|1
|
|-weather|Sandstorm|[upkeep]
|-damage|p1a: Grimmsnarl|34/100|[from] Sandstorm
|-heal|p2a: Tyranitar|46/100 slp|[from] item: Leftovers
|upkeep
|turn|47
|c|☆Mak the ZekLord|Ouch
|
|t:|1621281725
|switch|p2a: Lugia|Lugia|25/100
|move|p1a: Grimmsnarl|Spirit Break|p2a: Lugia
|-damage|p2a: Lugia|9/100
|-unboost|p2a: Lugia|spa|1
|
|-weather|Sandstorm|[upkeep]
|-damage|p2a: Lugia|3/100|[from] Sandstorm
|-damage|p1a: Grimmsnarl|28/100|[from] Sandstorm
|upkeep
|turn|48
|
|t:|1621281728
|move|p1a: Grimmsnarl|Taunt|p2a: Lugia
|-start|p2a: Lugia|move: Taunt
|cant|p2a: Lugia|move: Taunt|Roost
|
|-weather|Sandstorm|[upkeep]
|-damage|p2a: Lugia|0 fnt|[from] Sandstorm
|-damage|p1a: Grimmsnarl|22/100|[from] Sandstorm
|faint|p2a: Lugia
|upkeep
|c|☆alwaysrinse|zac wins
|
|t:|1621281732
|switch|p2a: Chansey|Chansey, F|100/100
|-damage|p2a: Chansey|88/100|[from] Stealth Rock
|turn|49
|j| pokEmans6666
|c|☆Mak the ZekLord|Yelp, I sacced off the rest of my mons
|
|t:|1621281755
|move|p1a: Grimmsnarl|Taunt|p2a: Chansey
|-start|p2a: Chansey|move: Taunt
|cant|p2a: Chansey|move: Taunt|Toxic
|
|-weather|Sandstorm|[upkeep]
|-damage|p1a: Grimmsnarl|15/100|[from] Sandstorm
|-damage|p2a: Chansey|82/100|[from] Sandstorm
|-sideend|p1: Mak the ZekLord|Reflect
|upkeep
|turn|50
|
|t:|1621281764
|switch|p2a: Tyranitar|Tyranitar, M|46/100 slp
|-damage|p2a: Tyranitar|34/100 slp|[from] Stealth Rock
|move|p1a: Grimmsnarl|Spirit Break|p2a: Tyranitar
|-supereffective|p2a: Tyranitar
|-damage|p2a: Tyranitar|0 fnt
|faint|p2a: Tyranitar
|
|-weather|none
|upkeep
|
|t:|1621281766
|switch|p2a: Chansey|Chansey, F|82/100
|-damage|p2a: Chansey|69/100|[from] Stealth Rock
|turn|51
|
|t:|1621281770
|move|p1a: Grimmsnarl|Taunt|p2a: Chansey
|-start|p2a: Chansey|move: Taunt
|cant|p2a: Chansey|move: Taunt|Soft-Boiled
|
|upkeep
|turn|52
|
|t:|1621281773
|move|p1a: Grimmsnarl|Spirit Break|p2a: Chansey
|-damage|p2a: Chansey|43/100
|-unboost|p2a: Chansey|spa|1
|-activate|p2a: Chansey|move: Struggle
|move|p2a: Chansey|Struggle|p1a: Grimmsnarl
|-crit|p1a: Grimmsnarl
|-damage|p1a: Grimmsnarl|14/100
|-damage|p2a: Chansey|18/100|[from] recoil
|
|upkeep
|turn|53
|
|t:|1621281777
|move|p1a: Grimmsnarl|Spirit Break|p2a: Chansey
|-damage|p2a: Chansey|0 fnt
|faint|p2a: Chansey
|
|win|Mak the ZekLord
|raw|Mak the ZekLord's rating: 1763 &rarr; <strong>1787</strong><br />(+24 for winning)
|raw|alwaysrinse's rating: 1836 &rarr; <strong>1812</strong><br />(-24 for losing)
|c|☆Mak the ZekLord|Or Grimsnarl wins
|l| pokEmans6666
