|j|☆Osbornee
|j|☆pA Pa pAnDa/K
|t:|1630652922
|gametype|singles
|player|p1|Osbornee|265|1658
|player|p2|pA Pa pAnDa/K|unknown|1818
|teamsize|p1|6
|teamsize|p2|6
|gen|8
|tier|[Gen 8] National Dex AG
|rated|
|rule|HP Percentage Mod: HP is shown in percentages
|rule|Endless Battle Clause: Forcing endless battles is banned
|clearpoke
|poke|p1|Zacian-*|
|poke|p1|Arceus-*|
|poke|p1|Necrozma-Dusk-Mane|
|poke|p1|Rayquaza|
|poke|p1|Yveltal|
|poke|p1|Groudon|
|poke|p2|Calyrex-Shadow|
|poke|p2|Groudon|
|poke|p2|Rayquaza|
|poke|p2|Zacian-*|
|poke|p2|Ditto|
|poke|p2|Yveltal|
|teampreview
|
|t:|1630652957
|start
|switch|p1a: Rayquaza|Rayquaza|100/100
|switch|p2a: depression|Groudon|100/100
|-ability|p1a: Rayquaza|Air Lock
|detailschange|p2a: depression|Groudon-Primal
|-primal|p2a: depression
|-weather|DesolateLand|[from] ability: Desolate Land|[of] p2a: depression
|turn|1
|
|t:|1630652965
|detailschange|p1a: Rayquaza|Rayquaza-Mega
|-mega|p1a: Rayquaza|Rayquaza|
|-weather|DeltaStream|[from] ability: Delta Stream|[of] p1a: Rayquaza
|move|p1a: Rayquaza|Dragon Ascent|p2a: depression
|-damage|p2a: depression|51/100
|-unboost|p1a: Rayquaza|def|1
|-unboost|p1a: Rayquaza|spd|1
|move|p2a: depression|Dragon Tail|p1a: Rayquaza
|-supereffective|p1a: Rayquaza
|-damage|p1a: Rayquaza|22/100
|-weather|none
|drag|p1a: Arceus|Arceus|100/100
|
|upkeep
|turn|2
|
|t:|1630652988
|move|p1a: Arceus|Earthquake|p2a: depression
|-supereffective|p2a: depression
|-crit|p2a: depression
|-damage|p2a: depression|0 fnt
|faint|p2a: depression
|
|upkeep
|
|t:|1630652997
|switch|p2a: steel-type type|Zacian-Crowned|100/100
|-ability|p2a: steel-type type|Intrepid Sword|boost
|-boost|p2a: steel-type type|atk|1
|turn|3
|inactive|Battle timer is ON: inactive players will automatically lose when time's up. (requested by pA Pa pAnDa/K)
|
|t:|1630653032
|switch|p1a: Zacian|Zacian-Crowned|100/100
|-ability|p1a: Zacian|Intrepid Sword|boost
|-boost|p1a: Zacian|atk|1
|move|p2a: steel-type type|Close Combat|p1a: Zacian
|-damage|p1a: Zacian|23/100
|-unboost|p2a: steel-type type|def|1
|-unboost|p2a: steel-type type|spd|1
|
|upkeep
|turn|4
|inactive|pA Pa pAnDa/K has 120 seconds left.
|
|t:|1630653078
|switch|p2a: batman|Yveltal|100/100
|-ability|p2a: batman|Dark Aura
|move|p1a: Zacian|Behemoth Blade|p2a: batman
|-damage|p2a: batman|1/100
|
|upkeep
|turn|5
|inactive|Osbornee has 120 seconds left.
|
|t:|1630653118
|move|p1a: Zacian|Behemoth Blade|p2a: batman
|-damage|p2a: batman|0 fnt
|faint|p2a: batman
|
|upkeep
|
|t:|1630653127
|switch|p2a: I'm fast|Ditto|100/100
|-transform|p2a: I'm fast|p1a: Zacian|[from] ability: Imposter
|-ability|p2a: I'm fast|Intrepid Sword|boost
|-boost|p2a: I'm fast|atk|1
|turn|6
|
|t:|1630653139
|move|p2a: I'm fast|Close Combat|p1a: Zacian
|-damage|p1a: Zacian|0 fnt
|-unboost|p2a: I'm fast|def|1
|-unboost|p2a: I'm fast|spd|1
|faint|p1a: Zacian
|
|upkeep
|inactive|Osbornee has 120 seconds left.
|
|t:|1630653168
|switch|p1a: Necrozma|Necrozma-Dusk-Mane|100/100
|turn|7
|
|t:|1630653188
|-start|p1a: Necrozma|Dynamax
|-heal|p1a: Necrozma|100/100|[silent]
|move|p2a: I'm fast|Close Combat|p1a: Necrozma
|-damage|p1a: Necrozma|58/100
|-unboost|p2a: I'm fast|def|1
|-unboost|p2a: I'm fast|spd|1
|move|p1a: Necrozma|Max Steelspike|p2a: I'm fast
|-damage|p2a: I'm fast|0 fnt
|-boost|p1a: Necrozma|def|1
|faint|p2a: I'm fast
|
|upkeep
|inactive|pA Pa pAnDa/K has 120 seconds left.
|
|t:|1630653199
|switch|p2a: french pok|Calyrex-Shadow|100/100
|-ability|p2a: french pok|As One
|-ability|p2a: french pok|Unnerve
|turn|8
|
|t:|1630653221
|-start|p2a: french pok|Dynamax
|-heal|p2a: french pok|100/100|[silent]
|move|p1a: Necrozma|Max Guard|p1a: Necrozma
|-singleturn|p1a: Necrozma|Max Guard
|move|p2a: french pok|Max Phantasm|p1a: Necrozma
|-activate|p1a: Necrozma|move: Max Guard
|
|upkeep
|turn|9
|inactive|Osbornee has 90 seconds left.
|inactive|Osbornee has 60 seconds left.
|
|t:|1630653283
|-end|p1a: Necrozma|Dynamax
|-heal|p1a: Necrozma|58/100|[silent]
|switch|p1a: Yveltal|Yveltal|100/100
|-ability|p1a: Yveltal|Dark Aura
|move|p2a: french pok|Max Phantasm|p1a: Yveltal
|-resisted|p1a: Yveltal
|-damage|p1a: Yveltal|71/100
|-unboost|p1a: Yveltal|def|1
|
|upkeep
|turn|10
|
|t:|1630653300
|move|p2a: french pok|Max Guard|p2a: french pok
|-singleturn|p2a: french pok|Max Guard
|move|p1a: Yveltal|Roost|p1a: Yveltal
|-heal|p1a: Yveltal|100/100
|-singleturn|p1a: Yveltal|move: Roost
|
|-end|p2a: french pok|Dynamax
|-heal|p2a: french pok|100/100|[silent]
|upkeep
|turn|11
|inactive|Osbornee has 30 seconds left.
|inactive|Osbornee has 20 seconds left.
|inactive|Osbornee has 15 seconds left.
|inactive|Osbornee has 10 seconds left.
|
|t:|1630653342
|switch|p2a: steel-type type|Zacian-Crowned|100/100
|-ability|p2a: steel-type type|Intrepid Sword|boost
|-boost|p2a: steel-type type|atk|1
|switch|p1a: Rayquaza|Rayquaza-Mega|22/100
|-weather|DeltaStream|[from] ability: Delta Stream|[of] p1a: Rayquaza
|
|-weather|DeltaStream|[upkeep]
|upkeep
|turn|12
|inactive|Osbornee has 20 seconds left this turn.
|inactive|Osbornee has 15 seconds left.
|inactive|Osbornee has 10 seconds left.
|
|t:|1630653352
|move|p1a: Rayquaza|V-create|p2a: steel-type type
|-supereffective|p2a: steel-type type
|-damage|p2a: steel-type type|0 fnt
|-unboost|p1a: Rayquaza|spe|1
|-unboost|p1a: Rayquaza|def|1
|-unboost|p1a: Rayquaza|spd|1
|faint|p2a: steel-type type
|
|-weather|DeltaStream|[upkeep]
|upkeep
|inactive|Osbornee has 15 seconds left this turn.
|
|t:|1630653362
|switch|p2a: french pok|Calyrex-Shadow|100/100
|-ability|p2a: french pok|As One
|-ability|p2a: french pok|Unnerve
|turn|13
|inactive|Osbornee has 25 seconds left this turn.
|
|t:|1630653366
|-weather|none
|switch|p1a: Yveltal|Yveltal|100/100
|-ability|p1a: Yveltal|Dark Aura
|move|p2a: french pok|Astral Barrage|p1a: Yveltal
|-resisted|p1a: Yveltal
|-damage|p1a: Yveltal|75/100
|
|upkeep
|turn|14
|inactive|Osbornee has 30 seconds left.
|
|t:|1630653373
|move|p2a: french pok|Astral Barrage|p1a: Yveltal
|-resisted|p1a: Yveltal
|-damage|p1a: Yveltal|51/100
|move|p1a: Yveltal|Dark Pulse|p2a: french pok
|-supereffective|p2a: french pok
|-crit|p2a: french pok
|-damage|p2a: french pok|0 fnt
|faint|p2a: french pok
|
|upkeep
|
|t:|1630653376
|switch|p2a: panda girl|Rayquaza|100/100
|-ability|p2a: panda girl|Air Lock
|turn|15
|
|t:|1630653380
|detailschange|p2a: panda girl|Rayquaza-Mega
|-mega|p2a: panda girl|Rayquaza|
|-weather|DeltaStream|[from] ability: Delta Stream|[of] p2a: panda girl
|move|p2a: panda girl|Dragon Ascent|p1a: Yveltal
|-damage|p1a: Yveltal|0 fnt
|-unboost|p2a: panda girl|def|1
|-unboost|p2a: panda girl|spd|1
|faint|p1a: Yveltal
|
|-weather|DeltaStream|[upkeep]
|upkeep
|inactive|Osbornee has 30 seconds left.
|
|t:|1630653402
|switch|p1a: Rayquaza|Rayquaza-Mega|22/100
|turn|16
|
|t:|1630653406
|move|p1a: Rayquaza|Extreme Speed|p2a: panda girl
|-damage|p2a: panda girl|50/100
|move|p2a: panda girl|Extreme Speed|p1a: Rayquaza
|-damage|p1a: Rayquaza|0 fnt
|faint|p1a: Rayquaza
|
|-weather|DeltaStream|[upkeep]
|upkeep
|
|t:|1630653412
|switch|p1a: Arceus|Arceus|100/100
|turn|17
|
|t:|1630653415
|move|p1a: Arceus|Extreme Speed|p2a: panda girl
|-damage|p2a: panda girl|0 fnt
|faint|p2a: panda girl
|-weather|none
|
|win|Osbornee
|raw|Osbornee's rating: 1658 &rarr; <strong>1687</strong><br />(+29 for winning)
|raw|pA Pa pAnDa&#x2f;K's rating: 1818 &rarr; <strong>1789</strong><br />(-29 for losing)
|l|☆pA Pa pAnDa/K
