|j|☆85792195wwww
|j|☆the thin mints lad
|t:|1663863206
|gametype|singles
|player|p1|85792195wwww|lady|1692
|player|p2|the thin mints lad|cress|1593
|teamsize|p1|6
|teamsize|p2|6
|gen|8
|tier|[Gen 8] National Dex AG
|rated|
|rule|HP Percentage Mod: HP is shown in percentages
|rule|Endless Battle Clause: Forcing endless battles is banned
|clearpoke
|poke|p1|Zacian-*|
|poke|p1|Rayquaza|
|poke|p1|Kyogre|
|poke|p1|Arceus-*|
|poke|p1|Marshadow|
|poke|p1|Ditto|
|poke|p2|Marshadow|
|poke|p2|Ditto|
|poke|p2|Zygarde|
|poke|p2|Murkrow, F|
|poke|p2|Eternatus|
|poke|p2|Arceus-*|
|teampreview
|j| Deenachu
|
|t:|1663863238
|start
|switch|p1a: Rayquaza|Rayquaza|100/100
|switch|p2a: smeargle hater|Murkrow, F|100/100
|-ability|p1a: Rayquaza|Air Lock
|turn|1
|
|t:|1663863262
|switch|p1a: Kyogre|Kyogre|100/100
|detailschange|p1a: Kyogre|Kyogre-Primal
|-primal|p1a: Kyogre
|-weather|PrimordialSea|[from] ability: Primordial Sea|[of] p1a: Kyogre
|switch|p2a: 10 literal dogs|Zygarde|100/100
|
|-weather|PrimordialSea|[upkeep]
|upkeep
|turn|2
|
|t:|1663863280
|switch|p2a: Arceus|Arceus-Fairy|100/100
|move|p1a: Kyogre|Calm Mind|p1a: Kyogre
|-boost|p1a: Kyogre|spa|1
|-boost|p1a: Kyogre|spd|1
|
|-weather|PrimordialSea|[upkeep]
|upkeep
|turn|3
|
|t:|1663863288
|move|p2a: Arceus|Calm Mind|p2a: Arceus
|-boost|p2a: Arceus|spa|1
|-boost|p2a: Arceus|spd|1
|move|p1a: Kyogre|Water Spout|p2a: Arceus
|-damage|p2a: Arceus|19/100
|
|-weather|PrimordialSea|[upkeep]
|upkeep
|turn|4
|
|t:|1663863302
|move|p2a: Arceus|Judgment|p1a: Kyogre
|-damage|p1a: Kyogre|71/100
|move|p1a: Kyogre|Water Spout|p2a: Arceus
|-damage|p2a: Arceus|0 fnt
|faint|p2a: Arceus
|
|-weather|PrimordialSea|[upkeep]
|upkeep
|
|t:|1663863308
|switch|p2a: Yoinker|Marshadow|100/100
|turn|5
|
|t:|1663863314
|move|p2a: Yoinker|Close Combat|p1a: Kyogre
|-damage|p1a: Kyogre|0 fnt
|-unboost|p2a: Yoinker|def|1
|-unboost|p2a: Yoinker|spd|1
|faint|p1a: Kyogre
|-weather|none
|
|upkeep
|
|t:|1663863321
|switch|p1a: Marshadow|Marshadow|100/100
|turn|6
|
|t:|1663863326
|-activate|p2a: Yoinker|move: Pursuit
|move|p1a: Marshadow|Pursuit|p2a: Yoinker|[from]Pursuit
|-damage|p2a: Yoinker|29/100
|-damage|p1a: Marshadow|91/100|[from] item: Life Orb
|switch|p2a: 10 literal dogs|Zygarde|100/100
|
|upkeep
|turn|7
|
|t:|1663863339
|switch|p1a: Arceus|Arceus-Electric|100/100
|move|p2a: 10 literal dogs|Glare|p1a: Arceus
|-immune|p1a: Arceus
|
|upkeep
|turn|8
|
|t:|1663863350
|switch|p2a: smeargle hater|Murkrow, F|100/100
|move|p1a: Arceus|Ice Beam|p2a: smeargle hater
|-supereffective|p2a: smeargle hater
|-damage|p2a: smeargle hater|54/100
|
|upkeep
|turn|9
|
|t:|1663863368
|switch|p1a: Zacian|Zacian-Crowned|100/100
|-ability|p1a: Zacian|Intrepid Sword|boost
|-boost|p1a: Zacian|atk|1
|move|p2a: smeargle hater|Tailwind|p2a: smeargle hater
|-sidestart|p2: the thin mints lad|move: Tailwind
|
|upkeep
|turn|10
|
|t:|1663863376
|move|p2a: smeargle hater|Roost|p2a: smeargle hater
|-heal|p2a: smeargle hater|100/100
|-singleturn|p2a: smeargle hater|move: Roost
|move|p1a: Zacian|Substitute|p1a: Zacian
|-start|p1a: Zacian|Substitute
|-damage|p1a: Zacian|76/100
|
|upkeep
|turn|11
|
|t:|1663863385
|move|p2a: smeargle hater|Taunt|p1a: Zacian
|-start|p1a: Zacian|move: Taunt
|move|p1a: Zacian|Behemoth Blade|p2a: smeargle hater
|-damage|p2a: smeargle hater|0 fnt
|faint|p2a: smeargle hater
|
|upkeep
|
|t:|1663863391
|switch|p2a: Yoinker|Marshadow|29/100
|turn|12
|
|t:|1663863408
|switch|p1a: Ditto|Ditto|100/100
|-transform|p1a: Ditto|p2a: Yoinker|[from] ability: Imposter
|move|p2a: Yoinker|Spectral Thief|p1a: Ditto
|-supereffective|p1a: Ditto
|-damage|p1a: Ditto|0 fnt
|faint|p1a: Ditto
|
|-sideend|p2: the thin mints lad|move: Tailwind
|upkeep
|
|t:|1663863428
|switch|p1a: Marshadow|Marshadow|91/100
|turn|13
|
|t:|1663863434
|move|p1a: Marshadow|Shadow Sneak|p2a: Yoinker
|-supereffective|p2a: Yoinker
|-damage|p2a: Yoinker|0 fnt
|faint|p2a: Yoinker
|-damage|p1a: Marshadow|81/100|[from] item: Life Orb
|
|upkeep
|
|t:|1663863443
|switch|p2a: Eternatus|Eternatus|100/100
|-ability|p2a: Eternatus|Pressure
|turn|14
|
|t:|1663863449
|move|p2a: Eternatus|Flamethrower|p1a: Marshadow
|-damage|p1a: Marshadow|32/100
|-status|p1a: Marshadow|brn
|-damage|p2a: Eternatus|91/100|[from] item: Life Orb
|move|p1a: Marshadow|Force Palm|p2a: Eternatus
|-resisted|p2a: Eternatus
|-damage|p2a: Eternatus|77/100
|-status|p2a: Eternatus|par
|-damage|p1a: Marshadow|22/100 brn|[from] item: Life Orb
|
|-damage|p1a: Marshadow|15/100 brn|[from] brn
|upkeep
|turn|15
|
|t:|1663863464
|move|p1a: Marshadow|Poltergeist|p2a: Eternatus
|-activate|p2a: Eternatus|move: Poltergeist|Life Orb
|-damage|p2a: Eternatus|45/100 par
|-damage|p1a: Marshadow|5/100 brn|[from] item: Life Orb
|cant|p2a: Eternatus|par
|
|-damage|p1a: Marshadow|0 fnt|[from] brn
|faint|p1a: Marshadow
|upkeep
|
|t:|1663863485
|switch|p1a: Rayquaza|Rayquaza|100/100
|-ability|p1a: Rayquaza|Air Lock
|turn|16
|
|t:|1663863491
|switch|p2a: 10 literal dogs|Zygarde|100/100
|detailschange|p1a: Rayquaza|Rayquaza-Mega
|-mega|p1a: Rayquaza|Rayquaza|
|-weather|DeltaStream|[from] ability: Delta Stream|[of] p1a: Rayquaza
|move|p1a: Rayquaza|Scale Shot|p2a: 10 literal dogs
|-supereffective|p2a: 10 literal dogs
|-damage|p2a: 10 literal dogs|69/100
|-supereffective|p2a: 10 literal dogs
|-damage|p2a: 10 literal dogs|39/100
|-hitcount|p2a: 10 literal dogs|2
|-unboost|p1a: Rayquaza|def|1
|-boost|p1a: Rayquaza|spe|1
|
|-weather|DeltaStream|[upkeep]
|-activate|p2a: 10 literal dogs|ability: Power Construct
|detailschange|p2a: 10 literal dogs|Zygarde-Complete
|-heal|p2a: 10 literal dogs|60/100|[silent]
|upkeep
|turn|17
|
|t:|1663863510
|move|p1a: Rayquaza|Scale Shot|p2a: 10 literal dogs
|-supereffective|p2a: 10 literal dogs
|-damage|p2a: 10 literal dogs|42/100
|-supereffective|p2a: 10 literal dogs
|-damage|p2a: 10 literal dogs|22/100
|-supereffective|p2a: 10 literal dogs
|-damage|p2a: 10 literal dogs|2/100
|-hitcount|p2a: 10 literal dogs|3
|-unboost|p1a: Rayquaza|def|1
|-boost|p1a: Rayquaza|spe|1
|move|p2a: 10 literal dogs|Thousand Arrows|p1a: Rayquaza
|-damage|p1a: Rayquaza|38/100
|-start|p1a: Rayquaza|Smack Down
|
|-weather|DeltaStream|[upkeep]
|upkeep
|turn|18
|
|t:|1663863524
|move|p1a: Rayquaza|Scale Shot|p2a: 10 literal dogs
|-supereffective|p2a: 10 literal dogs
|-damage|p2a: 10 literal dogs|0 fnt
|faint|p2a: 10 literal dogs
|-hitcount|p2: 10 literal dogs|1
|-unboost|p1a: Rayquaza|def|1
|-boost|p1a: Rayquaza|spe|1
|
|-weather|DeltaStream|[upkeep]
|upkeep
|
|t:|1663863530
|switch|p2a: The better Yoinker|Ditto|100/100
|-transform|p2a: The better Yoinker|p1a: Rayquaza|[from] ability: Imposter
|turn|19
|
|t:|1663863545
|move|p1a: Rayquaza|Scale Shot|p2a: The better Yoinker
|-supereffective|p2a: The better Yoinker
|-enditem|p2a: The better Yoinker|Focus Sash
|-damage|p2a: The better Yoinker|1/100
|-supereffective|p2a: The better Yoinker
|-damage|p2a: The better Yoinker|0 fnt
|faint|p2a: The better Yoinker
|-hitcount|p2: The better Yoinker|2
|-unboost|p1a: Rayquaza|def|1
|-boost|p1a: Rayquaza|spe|1
|
|-weather|DeltaStream|[upkeep]
|upkeep
|-message|the thin mints lad forfeited.
|
|win|85792195wwww
|raw|85792195wwww's rating: 1692 &rarr; <strong>1706</strong><br />(+14 for winning)
|raw|the thin mints lad's rating: 1593 &rarr; <strong>1579</strong><br />(-14 for losing)
|l|☆the thin mints lad
