|j|☆luckynumone
|j|☆DrMario69
|t:|1663312984
|gametype|singles
|player|p1|luckynumone|ninjaboy|1655
|player|p2|DrMario69|hiker-gen4|1821
|teamsize|p1|6
|teamsize|p2|6
|gen|8
|tier|[Gen 8] National Dex AG
|rated|
|rule|HP Percentage Mod: HP is shown in percentages
|rule|Endless Battle Clause: Forcing endless battles is banned
|clearpoke
|poke|p1|Zygarde|
|poke|p1|Calyrex-Shadow|
|poke|p1|Zacian-*|
|poke|p1|Rayquaza|
|poke|p1|Necrozma-Dusk-Mane|
|poke|p1|Arceus-*|
|poke|p2|Groudon|
|poke|p2|Rayquaza|
|poke|p2|Zygarde|
|poke|p2|Arceus-*|
|poke|p2|Calyrex-Shadow|
|poke|p2|Arceus-*|
|teampreview
|j| kyonharuhi
|inactive|Battle timer is ON: inactive players will automatically lose when time's up. (requested by DrMario69)
|
|t:|1663312998
|start
|switch|p1a: Calyrex|Calyrex-Shadow|100/100
|switch|p2a: Pneuma|Rayquaza|100/100
|-ability|p1a: Calyrex|As One
|-ability|p1a: Calyrex|Unnerve
|-ability|p2a: Pneuma|Air Lock
|turn|1
|
|t:|1663313020
|detailschange|p2a: Pneuma|Rayquaza-Mega
|-mega|p2a: Pneuma|Rayquaza|
|-weather|DeltaStream|[from] ability: Delta Stream|[of] p2a: Pneuma
|move|p1a: Calyrex|Astral Barrage|p2a: Pneuma
|-damage|p2a: Pneuma|23/100
|move|p2a: Pneuma|Scale Shot|p1a: Calyrex
|-damage|p1a: Calyrex|73/100
|-damage|p1a: Calyrex|43/100
|-damage|p1a: Calyrex|12/100
|-damage|p1a: Calyrex|0 fnt
|faint|p1a: Calyrex
|-hitcount|p1: Calyrex|4
|-unboost|p2a: Pneuma|def|1
|-boost|p2a: Pneuma|spe|1
|-damage|p2a: Pneuma|13/100|[from] item: Life Orb
|
|-weather|DeltaStream|[upkeep]
|upkeep
|inactive|luckynumone has 120 seconds left.
|
|t:|1663313041
|switch|p1a: Rayquaza|Rayquaza|100/100
|-ability|p1a: Rayquaza|Air Lock
|turn|2
|inactive|luckynumone has 120 seconds left.
|
|t:|1663313048
|detailschange|p1a: Rayquaza|Rayquaza-Mega
|-mega|p1a: Rayquaza|Rayquaza|
|move|p2a: Pneuma|Extreme Speed|p1a: Rayquaza
|-damage|p1a: Rayquaza|46/100
|-damage|p2a: Pneuma|3/100|[from] item: Life Orb
|move|p1a: Rayquaza|Extreme Speed|p2a: Pneuma
|-damage|p2a: Pneuma|0 fnt
|faint|p2a: Pneuma
|
|-weather|DeltaStream|[upkeep]
|upkeep
|
|t:|1663313054
|switch|p2a: Calyrex|Calyrex-Shadow|100/100
|-ability|p2a: Calyrex|As One
|-ability|p2a: Calyrex|Unnerve
|turn|3
|
|t:|1663313065
|-weather|none
|switch|p1a: Arceus|Arceus-Dark|100/100
|move|p2a: Calyrex|Substitute|p2a: Calyrex
|-start|p2a: Calyrex|Substitute
|-damage|p2a: Calyrex|76/100
|
|-heal|p2a: Calyrex|82/100|[from] item: Leftovers
|upkeep
|turn|4
|
|t:|1663313076
|move|p2a: Calyrex|Leech Seed|p1a: Arceus
|-start|p1a: Arceus|move: Leech Seed
|move|p1a: Arceus|Judgment|p2a: Calyrex
|-supereffective|p2a: Calyrex
|-end|p2a: Calyrex|Substitute
|
|-heal|p2a: Calyrex|88/100|[from] item: Leftovers
|-damage|p1a: Arceus|88/100|[from] Leech Seed|[of] p2a: Calyrex
|-heal|p2a: Calyrex|100/100|[silent]
|upkeep
|turn|5
|inactive|luckynumone has 120 seconds left.
|
|t:|1663313092
|switch|p2a: Arceus|Arceus-Fairy|100/100
|move|p1a: Arceus|Judgment|p2a: Arceus
|-resisted|p2a: Arceus
|-damage|p2a: Arceus|88/100
|
|-damage|p1a: Arceus|76/100|[from] Leech Seed|[of] p2a: Arceus
|-heal|p2a: Arceus|99/100|[silent]
|upkeep
|turn|6
|inactive|luckynumone has 120 seconds left.
|
|t:|1663313106
|switch|p1a: Necrozma|Necrozma-Dusk-Mane|100/100
|move|p2a: Arceus|Thunder Wave|p1a: Necrozma
|-status|p1a: Necrozma|par
|
|upkeep
|turn|7
|
|t:|1663313115
|switch|p2a: Shi Oh You|Zygarde, shiny|100/100
|move|p1a: Necrozma|Sunsteel Strike|p2a: Shi Oh You
|-damage|p2a: Shi Oh You|71/100
|
|-heal|p2a: Shi Oh You|77/100|[from] item: Leftovers
|upkeep
|turn|8
|
|t:|1663313126
|detailschange|p1a: Necrozma|Necrozma-Ultra
|-burst|p1a: Necrozma|Necrozma|Ultranecrozium Z
|move|p2a: Shi Oh You|Substitute|p2a: Shi Oh You
|-start|p2a: Shi Oh You|Substitute
|-damage|p2a: Shi Oh You|52/100
|move|p1a: Necrozma|Dragon Pulse|p2a: Shi Oh You
|-supereffective|p2a: Shi Oh You
|-end|p2a: Shi Oh You|Substitute
|
|-heal|p2a: Shi Oh You|58/100|[from] item: Leftovers
|upkeep
|turn|9
|
|t:|1663313137
|move|p2a: Shi Oh You|Substitute|p2a: Shi Oh You
|-start|p2a: Shi Oh You|Substitute
|-damage|p2a: Shi Oh You|33/100
|move|p1a: Necrozma|Dragon Pulse|p2a: Shi Oh You
|-supereffective|p2a: Shi Oh You
|-crit|p2a: Shi Oh You
|-end|p2a: Shi Oh You|Substitute
|
|-heal|p2a: Shi Oh You|40/100|[from] item: Leftovers
|-activate|p2a: Shi Oh You|ability: Power Construct
|detailschange|p2a: Shi Oh You|Zygarde-Complete, shiny
|-heal|p2a: Shi Oh You|60/100|[silent]
|upkeep
|turn|10
|
|t:|1663313150
|switch|p2a: Arceus|Arceus-Fairy|99/100
|move|p1a: Necrozma|Dragon Pulse|p2a: Arceus
|-immune|p2a: Arceus
|
|upkeep
|turn|11
|
|t:|1663313160
|switch|p1a: Zacian|Zacian-Crowned|100/100
|-ability|p1a: Zacian|Intrepid Sword|boost
|-boost|p1a: Zacian|atk|1
|move|p2a: Arceus|Judgment|p1a: Zacian
|-resisted|p1a: Zacian
|-damage|p1a: Zacian|79/100
|
|upkeep
|turn|12
|
|t:|1663313169
|switch|p2a: Pyra|Groudon|100/100
|detailschange|p2a: Pyra|Groudon-Primal
|-primal|p2a: Pyra
|-weather|DesolateLand|[from] ability: Desolate Land|[of] p2a: Pyra
|move|p1a: Zacian|Behemoth Blade|p2a: Pyra
|-resisted|p2a: Pyra
|-damage|p2a: Pyra|76/100
|
|-weather|DesolateLand|[upkeep]
|upkeep
|turn|13
|
|t:|1663313180
|switch|p1a: Rayquaza|Rayquaza-Mega|46/100
|-weather|DeltaStream|[from] ability: Delta Stream|[of] p1a: Rayquaza
|switch|p2a: Arceus|Arceus-Fairy|99/100
|
|-weather|DeltaStream|[upkeep]
|upkeep
|turn|14
|
|t:|1663313188
|move|p1a: Rayquaza|Dragon Ascent|p2a: Arceus
|-damage|p2a: Arceus|43/100
|-unboost|p1a: Rayquaza|def|1
|-unboost|p1a: Rayquaza|spd|1
|move|p2a: Arceus|Thunder Wave|p1a: Rayquaza
|-status|p1a: Rayquaza|par
|
|-weather|DeltaStream|[upkeep]
|upkeep
|turn|15
|
|t:|1663313197
|move|p2a: Arceus|Recover|p2a: Arceus
|-heal|p2a: Arceus|93/100
|move|p1a: Rayquaza|Dragon Ascent|p2a: Arceus
|-damage|p2a: Arceus|38/100
|-unboost|p1a: Rayquaza|def|1
|-unboost|p1a: Rayquaza|spd|1
|
|-weather|DeltaStream|[upkeep]
|upkeep
|turn|16
|
|t:|1663313205
|move|p2a: Arceus|Recover|p2a: Arceus
|-heal|p2a: Arceus|88/100
|move|p1a: Rayquaza|Dragon Ascent|p2a: Arceus
|-damage|p2a: Arceus|33/100
|-unboost|p1a: Rayquaza|def|1
|-unboost|p1a: Rayquaza|spd|1
|
|-weather|DeltaStream|[upkeep]
|upkeep
|turn|17
|
|t:|1663313214
|-weather|none
|switch|p1a: Zacian|Zacian-Crowned|79/100
|-ability|p1a: Zacian|Intrepid Sword|boost
|-boost|p1a: Zacian|atk|1
|move|p2a: Arceus|Recover|p2a: Arceus
|-heal|p2a: Arceus|83/100
|
|upkeep
|turn|18
|
|t:|1663313223
|move|p1a: Zacian|Behemoth Blade|p2a: Arceus
|-supereffective|p2a: Arceus
|-damage|p2a: Arceus|0 fnt
|faint|p2a: Arceus
|
|upkeep
|
|t:|1663313230
|switch|p2a: Pyra|Groudon-Primal|76/100
|-weather|DesolateLand|[from] ability: Desolate Land|[of] p2a: Pyra
|turn|19
|
|t:|1663313252
|switch|p1a: Zygarde|Zygarde, shiny|100/100
|-weather|none
|switch|p2a: Arceus|Arceus|100/100
|
|upkeep
|turn|20
|
|t:|1663313260
|move|p2a: Arceus|Swords Dance|p2a: Arceus
|-boost|p2a: Arceus|atk|2
|move|p1a: Zygarde|Glare|p2a: Arceus
|-status|p2a: Arceus|par
|
|upkeep
|turn|21
|
|t:|1663313267
|move|p1a: Zygarde|Substitute|p1a: Zygarde
|-start|p1a: Zygarde|Substitute
|-damage|p1a: Zygarde|75/100
|cant|p2a: Arceus|par
|
|-heal|p1a: Zygarde|82/100|[from] item: Leftovers
|upkeep
|turn|22
|
|t:|1663313275
|move|p1a: Zygarde|Dragon Dance|p1a: Zygarde
|-boost|p1a: Zygarde|atk|1
|-boost|p1a: Zygarde|spe|1
|move|p2a: Arceus|Swords Dance|p2a: Arceus
|-boost|p2a: Arceus|atk|2
|
|-heal|p1a: Zygarde|88/100|[from] item: Leftovers
|upkeep
|turn|23
|
|t:|1663313285
|move|p2a: Arceus|Extreme Speed|p1a: Zygarde
|-end|p1a: Zygarde|Substitute
|-damage|p2a: Arceus|91/100 par|[from] item: Life Orb
|move|p1a: Zygarde|Thousand Arrows|p2a: Arceus
|-damage|p2a: Arceus|48/100 par
|
|-heal|p1a: Zygarde|94/100|[from] item: Leftovers
|upkeep
|turn|24
|
|t:|1663313297
|-start|p1a: Zygarde|Dynamax|
|-heal|p1a: Zygarde|94/100|[silent]
|move|p2a: Arceus|Extreme Speed|p1a: Zygarde
|-damage|p1a: Zygarde|32/100
|-damage|p2a: Arceus|38/100 par|[from] item: Life Orb
|move|p1a: Zygarde|Max Quake|p2a: Arceus
|-damage|p2a: Arceus|0 fnt
|-boost|p1a: Zygarde|spd|1
|faint|p2a: Arceus
|
|-heal|p1a: Zygarde|35/100|[from] item: Leftovers
|-activate|p1a: Zygarde|ability: Power Construct
|detailschange|p1a: Zygarde|Zygarde-Complete, shiny
|-heal|p1a: Zygarde|58/100|[silent]
|upkeep
|
|t:|1663313300
|switch|p2a: Shi Oh You|Zygarde-Complete, shiny|60/100
|turn|25
|
|t:|1663313317
|move|p1a: Zygarde|Max Quake|p2a: Shi Oh You
|-damage|p2a: Shi Oh You|30/100
|-boost|p1a: Zygarde|spd|1
|move|p2a: Shi Oh You|Glare|p1a: Zygarde
|-status|p1a: Zygarde|par
|
|-heal|p2a: Shi Oh You|36/100|[from] item: Leftovers
|-heal|p1a: Zygarde|61/100 par|[from] item: Leftovers
|upkeep
|turn|26
|
|t:|1663313328
|move|p2a: Shi Oh You|Coil|p2a: Shi Oh You
|-boost|p2a: Shi Oh You|atk|1
|-boost|p2a: Shi Oh You|def|1
|-boost|p2a: Shi Oh You|accuracy|1
|move|p1a: Zygarde|Max Quake|p2a: Shi Oh You
|-damage|p2a: Shi Oh You|17/100
|-boost|p1a: Zygarde|spd|1
|
|-heal|p2a: Shi Oh You|24/100|[from] item: Leftovers
|-heal|p1a: Zygarde|64/100 par|[from] item: Leftovers
|upkeep
|-end|p1a: Zygarde|Dynamax
|-heal|p1a: Zygarde|64/100 par|[silent]
|turn|27
|
|t:|1663313346
|switch|p1a: Necrozma|Necrozma-Ultra|100/100 par
|move|p2a: Shi Oh You|Thousand Arrows|p1a: Necrozma
|-damage|p1a: Necrozma|50/100 par
|
|-heal|p2a: Shi Oh You|30/100|[from] item: Leftovers
|upkeep
|turn|28
|
|t:|1663313354
|move|p2a: Shi Oh You|Substitute|p2a: Shi Oh You
|-start|p2a: Shi Oh You|Substitute
|-damage|p2a: Shi Oh You|5/100
|move|p1a: Necrozma|Dragon Pulse|p2a: Shi Oh You
|-supereffective|p2a: Shi Oh You
|-end|p2a: Shi Oh You|Substitute
|
|-heal|p2a: Shi Oh You|11/100|[from] item: Leftovers
|upkeep
|turn|29
|c|☆DrMario69|the no para monster lmao
|
|t:|1663313365
|switch|p2a: Calyrex|Calyrex-Shadow|100/100
|-ability|p2a: Calyrex|As One
|-ability|p2a: Calyrex|Unnerve
|move|p1a: Necrozma|Dragon Pulse|p2a: Calyrex
|-damage|p2a: Calyrex|47/100
|
|-heal|p2a: Calyrex|53/100|[from] item: Leftovers
|upkeep
|turn|30
|
|t:|1663313378
|switch|p1a: Arceus|Arceus-Dark|76/100
|move|p2a: Calyrex|Draining Kiss|p1a: Arceus
|-supereffective|p1a: Arceus
|-damage|p1a: Arceus|55/100
|-heal|p2a: Calyrex|73/100|[from] drain|[of] p1a: Arceus
|
|-heal|p2a: Calyrex|79/100|[from] item: Leftovers
|upkeep
|turn|31
|
|t:|1663313388
|switch|p2a: Pyra|Groudon-Primal|76/100
|-weather|DesolateLand|[from] ability: Desolate Land|[of] p2a: Pyra
|move|p1a: Arceus|Judgment|p2a: Pyra
|-damage|p2a: Pyra|33/100
|
|-weather|DesolateLand|[upkeep]
|upkeep
|turn|32
|
|t:|1663313396
|move|p1a: Arceus|Judgment|p2a: Pyra
|-damage|p2a: Pyra|0 fnt
|faint|p2a: Pyra
|-weather|none
|
|upkeep
|
|t:|1663313400
|switch|p2a: Shi Oh You|Zygarde-Complete, shiny|11/100
|turn|33
|
|t:|1663313405
|move|p1a: Arceus|Judgment|p2a: Shi Oh You
|-damage|p2a: Shi Oh You|0 fnt
|faint|p2a: Shi Oh You
|
|upkeep
|
|t:|1663313407
|switch|p2a: Calyrex|Calyrex-Shadow|79/100
|-ability|p2a: Calyrex|As One
|-ability|p2a: Calyrex|Unnerve
|turn|34
|
|t:|1663313414
|-start|p2a: Calyrex|Dynamax|
|-heal|p2a: Calyrex|79/100|[silent]
|move|p2a: Calyrex|Max Starfall|p1a: Arceus
|-supereffective|p1a: Arceus
|-damage|p1a: Arceus|17/100
|-fieldstart|move: Misty Terrain
|move|p1a: Arceus|Judgment|p2a: Calyrex
|-supereffective|p2a: Calyrex
|-damage|p2a: Calyrex|0 fnt
|faint|p2a: Calyrex
|
|win|luckynumone
|raw|luckynumone's rating: 1655 &rarr; <strong>1684</strong><br />(+29 for winning)
|raw|DrMario69's rating: 1821 &rarr; <strong>1792</strong><br />(-29 for losing)
|c|☆DrMario69|0 para
|l|☆DrMario69
|c|☆luckynumone|lol go cry
