|j|☆Leafstorm121❤
|j|☆God in A Tomato
|t:|1598415519
|player|p1|Leafstorm121❤|sina|1819
|player|p2|God in A Tomato|265|1484
|teamsize|p1|6
|teamsize|p2|6
|gametype|singles
|gen|8
|tier|[Gen 8] National Dex AG
|rated|
|clearpoke
|poke|p1|Smeargle, M|
|poke|p1|Rayquaza|
|poke|p1|Groudon|
|poke|p1|Yveltal|
|poke|p1|Arceus-*|
|poke|p1|Arceus-*|
|poke|p2|Rayquaza|
|poke|p2|Ferrothorn, M|
|poke|p2|Groudon|
|poke|p2|Arceus-*|
|poke|p2|Yveltal|
|poke|p2|Marshadow|
|rule|HP Percentage Mod: HP is shown in percentages
|rule|Endless Battle Clause: Forcing endless battles is banned
|teampreview
|
|t:|1598415529
|start
|switch|p1a: Smeargle|Smeargle, M|100/100
|switch|p2a: Arceus|Arceus-Fairy|100/100
|turn|1
|
|t:|1598415545
|move|p2a: Arceus|Perish Song|p2a: Arceus
|-start|p1a: Smeargle|perish3|[silent]
|-start|p2a: Arceus|perish3|[silent]
|-fieldactivate|move: Perish Song
|move|p1a: Smeargle|Nuzzle|p2a: Arceus
|-damage|p2a: Arceus|99/100
|-status|p2a: Arceus|par
|
|-start|p1a: Smeargle|perish3
|-start|p2a: Arceus|perish3
|upkeep
|turn|2
|
|t:|1598415548
|move|p1a: Smeargle|Sticky Web|p2a: Arceus
|-sidestart|p2: God in A Tomato|move: Sticky Web
|move|p2a: Arceus|Judgment|p1a: Smeargle
|-enditem|p1a: Smeargle|Focus Sash
|-damage|p1a: Smeargle|1/100
|
|-start|p1a: Smeargle|perish2
|-start|p2a: Arceus|perish2
|upkeep
|turn|3
|
|t:|1598415551
|move|p1a: Smeargle|Nuzzle|p2a: Arceus
|-damage|p2a: Arceus|98/100 par
|move|p2a: Arceus|Defog|p1a: Smeargle
|-unboost|p1a: Smeargle|evasion|1
|-sideend|p2: God in A Tomato|Sticky Web|[from] move: Defog|[of] p2a: Arceus
|
|-start|p1a: Smeargle|perish1
|-start|p2a: Arceus|perish1
|upkeep
|turn|4
|
|t:|1598415558
|switch|p2a: Ferrothorn|Ferrothorn, M|100/100
|move|p1a: Smeargle|Sticky Web|p2a: Ferrothorn
|-sidestart|p2: God in A Tomato|move: Sticky Web
|
|-start|p1a: Smeargle|perish0
|upkeep
|faint|p1a: Smeargle
|
|t:|1598415560
|switch|p1a: Groudon|Groudon|100/100
|detailschange|p1a: Groudon|Groudon-Primal
|-primal|p1a: Groudon
|-weather|DesolateLand|[from] ability: Desolate Land|[of] p1a: Groudon
|turn|5
|
|t:|1598415565
|move|p1a: Groudon|Stealth Rock|p2a: Ferrothorn
|-sidestart|p2: God in A Tomato|move: Stealth Rock
|move|p2a: Ferrothorn|Leech Seed|p1a: Groudon
|-start|p1a: Groudon|move: Leech Seed
|
|-weather|DesolateLand|[upkeep]
|-damage|p1a: Groudon|88/100|[from] Leech Seed|[of] p2a: Ferrothorn
|upkeep
|turn|6
|
|t:|1598415573
|-weather|none
|switch|p1a: Yveltal|Yveltal|100/100
|-ability|p1a: Yveltal|Dark Aura
|switch|p2a: Arceus|Arceus-Fairy|98/100 par
|-activate|p2a: Arceus|move: Sticky Web
|-unboost|p2a: Arceus|spe|1
|-damage|p2a: Arceus|86/100 par|[from] Stealth Rock
|
|upkeep
|turn|7
|
|t:|1598415576
|-start|p1a: Yveltal|Dynamax
|-heal|p1a: Yveltal|100/100|[silent]
|move|p1a: Yveltal|Max Airstream|p2a: Arceus
|-damage|p2a: Arceus|40/100 par
|-boost|p1a: Yveltal|spe|1
|-damage|p1a: Yveltal|96/100|[from] item: Life Orb
|cant|p2a: Arceus|par
|
|upkeep
|turn|8
|
|t:|1598415589
|switch|p2a: Ferrothorn|Ferrothorn, M|100/100
|-damage|p2a: Ferrothorn|94/100|[from] Stealth Rock
|-activate|p2a: Ferrothorn|move: Sticky Web
|-unboost|p2a: Ferrothorn|spe|1
|move|p1a: Yveltal|Max Airstream|p2a: Ferrothorn
|-damage|p2a: Ferrothorn|19/100
|-boost|p1a: Yveltal|spe|1
|-damage|p1a: Yveltal|91/100|[from] item: Life Orb
|
|-heal|p2a: Ferrothorn|25/100|[from] item: Leftovers
|upkeep
|turn|9
|
|t:|1598415596
|move|p2a: Ferrothorn|Protect|p2a: Ferrothorn
|-singleturn|p2a: Ferrothorn|Protect
|move|p1a: Yveltal|Max Darkness|p2a: Ferrothorn
|-zbroken|p2a: Ferrothorn
|-damage|p2a: Ferrothorn|6/100
|-unboost|p2a: Ferrothorn|spd|1
|-damage|p1a: Yveltal|86/100|[from] item: Life Orb
|
|-heal|p2a: Ferrothorn|12/100|[from] item: Leftovers
|-end|p1a: Yveltal|Dynamax
|-heal|p1a: Yveltal|86/100|[silent]
|upkeep
|turn|10
|
|t:|1598415609
|switch|p1a: Groudon|Groudon-Primal|88/100
|-weather|DesolateLand|[from] ability: Desolate Land|[of] p1a: Groudon
|move|p2a: Ferrothorn|Gyro Ball|p1a: Groudon
|-resisted|p1a: Groudon
|-damage|p1a: Groudon|72/100
|
|-weather|DesolateLand|[upkeep]
|-heal|p2a: Ferrothorn|18/100|[from] item: Leftovers
|upkeep
|turn|11
|
|t:|1598415613
|move|p2a: Ferrothorn|Protect|p2a: Ferrothorn
|-singleturn|p2a: Ferrothorn|Protect
|move|p1a: Groudon|Eruption|p2a: Ferrothorn
|-activate|p2a: Ferrothorn|move: Protect
|
|-weather|DesolateLand|[upkeep]
|-heal|p2a: Ferrothorn|24/100|[from] item: Leftovers
|upkeep
|turn|12
|
|t:|1598415619
|move|p1a: Groudon|Eruption|p2a: Ferrothorn
|-supereffective|p2a: Ferrothorn
|-damage|p2a: Ferrothorn|0 fnt
|faint|p2a: Ferrothorn
|
|-weather|DesolateLand|[upkeep]
|upkeep
|
|t:|1598415625
|switch|p2a: Yveltal|Yveltal|100/100
|-damage|p2a: Yveltal|76/100|[from] Stealth Rock
|-ability|p2a: Yveltal|Dark Aura
|turn|13
|
|t:|1598415632
|move|p2a: Yveltal|Foul Play|p1a: Groudon
|-damage|p1a: Groudon|25/100
|move|p1a: Groudon|Eruption|p2a: Yveltal
|-damage|p2a: Yveltal|49/100
|
|-weather|DesolateLand|[upkeep]
|upkeep
|turn|14
|
|t:|1598415638
|move|p2a: Yveltal|Foul Play|p1a: Groudon
|-damage|p1a: Groudon|0 fnt
|faint|p1a: Groudon
|-weather|none
|
|upkeep
|
|t:|1598415642
|switch|p1a: Arceus|Arceus-Electric|100/100
|turn|15
|
|t:|1598415657
|switch|p2a: Groudon|Groudon|100/100
|-activate|p2a: Groudon|move: Sticky Web
|-unboost|p2a: Groudon|spe|1
|-damage|p2a: Groudon|94/100|[from] Stealth Rock
|detailschange|p2a: Groudon|Groudon-Primal
|-primal|p2a: Groudon
|-weather|DesolateLand|[from] ability: Desolate Land|[of] p2a: Groudon
|move|p1a: Arceus|Calm Mind|p1a: Arceus
|-boost|p1a: Arceus|spa|1
|-boost|p1a: Arceus|spd|1
|
|-weather|DesolateLand|[upkeep]
|upkeep
|turn|16
|
|t:|1598415663
|switch|p1a: Rayquaza|Rayquaza|100/100
|-ability|p1a: Rayquaza|Air Lock
|move|p2a: Groudon|Toxic|p1a: Rayquaza
|-status|p1a: Rayquaza|tox
|
|-weather|DesolateLand|[upkeep]
|-damage|p1a: Rayquaza|95/100 tox|[from] psn
|upkeep
|turn|17
|
|t:|1598415674
|-weather|none
|switch|p2a: Arceus|Arceus-Fairy|40/100 par
|-activate|p2a: Arceus|move: Sticky Web
|-unboost|p2a: Arceus|spe|1
|-damage|p2a: Arceus|28/100 par|[from] Stealth Rock
|detailschange|p1a: Rayquaza|Rayquaza-Mega
|-mega|p1a: Rayquaza|Rayquaza|
|-weather|DeltaStream|[from] ability: Delta Stream|[of] p1a: Rayquaza
|move|p1a: Rayquaza|Earthquake|p2a: Arceus
|-damage|p2a: Arceus|0 fnt
|-damage|p1a: Rayquaza|85/100 tox|[from] item: Life Orb
|faint|p2a: Arceus
|
|-weather|DeltaStream|[upkeep]
|-damage|p1a: Rayquaza|73/100 tox|[from] psn
|upkeep
|
|t:|1598415683
|switch|p2a: Yveltal|Yveltal|49/100
|-damage|p2a: Yveltal|24/100|[from] Stealth Rock
|-ability|p2a: Yveltal|Dark Aura
|turn|18
|
|t:|1598415701
|move|p2a: Yveltal|Foul Play|p1a: Rayquaza
|-damage|p1a: Rayquaza|0 fnt
|faint|p1a: Rayquaza
|-weather|none
|
|upkeep
|
|t:|1598415710
|switch|p1a: Yveltal|Yveltal|86/100
|-ability|p1a: Yveltal|Dark Aura
|turn|19
|
|t:|1598415713
|move|p2a: Yveltal|Foul Play|p1a: Yveltal
|-resisted|p1a: Yveltal
|-damage|p1a: Yveltal|54/100
|move|p1a: Yveltal|Knock Off|p2a: Yveltal
|-resisted|p2a: Yveltal
|-damage|p2a: Yveltal|0 fnt
|-enditem|p2a: Yveltal|Choice Scarf|[from] move: Knock Off|[of] p1a: Yveltal
|-damage|p1a: Yveltal|45/100|[from] item: Life Orb
|faint|p2a: Yveltal
|
|upkeep
|
|t:|1598415720
|switch|p2a: Groudon|Groudon-Primal|94/100
|-damage|p2a: Groudon|82/100|[from] Stealth Rock
|-activate|p2a: Groudon|move: Sticky Web
|-unboost|p2a: Groudon|spe|1
|-weather|DesolateLand|[from] ability: Desolate Land|[of] p2a: Groudon
|turn|20
|
|t:|1598415725
|move|p1a: Yveltal|Knock Off|p2a: Groudon
|-damage|p2a: Groudon|51/100
|-damage|p1a: Yveltal|35/100|[from] item: Life Orb
|move|p2a: Groudon|Stealth Rock|p1a: Yveltal
|-sidestart|p1: Leafstorm121❤|move: Stealth Rock
|
|-weather|DesolateLand|[upkeep]
|upkeep
|turn|21
|
|t:|1598415733
|move|p1a: Yveltal|Knock Off|p2a: Groudon
|-damage|p2a: Groudon|19/100
|-damage|p1a: Yveltal|25/100|[from] item: Life Orb
|move|p2a: Groudon|Fire Punch|p1a: Yveltal
|-damage|p1a: Yveltal|0 fnt
|faint|p1a: Yveltal
|
|-weather|DesolateLand|[upkeep]
|upkeep
|
|t:|1598415740
|switch|p1a: Arceus|Arceus-Electric|100/100
|-damage|p1a: Arceus|88/100|[from] Stealth Rock
|turn|22
|
|t:|1598415747
|move|p1a: Arceus|Ice Beam|p2a: Groudon
|-damage|p2a: Groudon|0 fnt
|faint|p2a: Groudon
|-weather|none
|
|upkeep
|
|t:|1598415758
|switch|p2a: Marshadow|Marshadow|100/100
|-damage|p2a: Marshadow|94/100|[from] Stealth Rock
|-activate|p2a: Marshadow|move: Sticky Web
|-unboost|p2a: Marshadow|spe|1
|turn|23
|
|t:|1598415765
|-start|p2a: Marshadow|Dynamax
|-heal|p2a: Marshadow|94/100|[silent]
|move|p1a: Arceus|Judgment|p2a: Marshadow
|-damage|p2a: Marshadow|59/100
|move|p2a: Marshadow|Max Phantasm|p1a: Arceus
|-damage|p1a: Arceus|20/100
|-unboost|p1a: Arceus|def|1
|-damage|p2a: Marshadow|54/100|[from] item: Life Orb
|
|upkeep
|turn|24
|
|t:|1598415769
|move|p1a: Arceus|Judgment|p2a: Marshadow
|-damage|p2a: Marshadow|19/100
|move|p2a: Marshadow|Max Phantasm|p1a: Arceus
|-damage|p1a: Arceus|0 fnt
|-damage|p2a: Marshadow|14/100|[from] item: Life Orb
|faint|p1a: Arceus
|
|upkeep
|
|t:|1598415773
|switch|p1a: Arceus|Arceus-Ghost|100/100
|-damage|p1a: Arceus|88/100|[from] Stealth Rock
|turn|25
|
|t:|1598415781
|move|p1a: Arceus|Shadow Force||[still]
|-prepare|p1a: Arceus|Shadow Force
|move|p2a: Marshadow|Max Phantasm|p1a: Arceus|[miss]
|-miss|p2a: Marshadow|p1a: Arceus
|
|-end|p2a: Marshadow|Dynamax
|-heal|p2a: Marshadow|14/100|[silent]
|upkeep
|turn|26
|
|t:|1598415786
|move|p1a: Arceus|Shadow Force|p2a: Marshadow|[from]lockedmove
|-supereffective|p2a: Marshadow
|-damage|p2a: Marshadow|0 fnt
|faint|p2a: Marshadow
|
|upkeep
|
|t:|1598415788
|switch|p2a: Rayquaza|Rayquaza|100/100
|-damage|p2a: Rayquaza|76/100|[from] Stealth Rock
|-ability|p2a: Rayquaza|Air Lock
|turn|27
|
|t:|1598415795
|detailschange|p2a: Rayquaza|Rayquaza-Mega
|-mega|p2a: Rayquaza|Rayquaza|
|-weather|DeltaStream|[from] ability: Delta Stream|[of] p2a: Rayquaza
|move|p2a: Rayquaza|Substitute|p2a: Rayquaza
|-start|p2a: Rayquaza|Substitute
|-damage|p2a: Rayquaza|51/100
|move|p1a: Arceus|Shadow Force||[still]
|-prepare|p1a: Arceus|Shadow Force
|
|-weather|DeltaStream|[upkeep]
|-heal|p2a: Rayquaza|57/100|[from] item: Leftovers
|upkeep
|turn|28
|
|t:|1598415800
|move|p2a: Rayquaza|Swords Dance|p2a: Rayquaza
|-boost|p2a: Rayquaza|atk|2
|move|p1a: Arceus|Shadow Force|p2a: Rayquaza|[from]lockedmove
|-end|p2a: Rayquaza|Substitute
|
|-weather|DeltaStream|[upkeep]
|-heal|p2a: Rayquaza|63/100|[from] item: Leftovers
|upkeep
|turn|29
|
|t:|1598415805
|move|p2a: Rayquaza|Dragon Ascent|p1a: Arceus
|-damage|p1a: Arceus|0 fnt
|-unboost|p2a: Rayquaza|def|1
|-unboost|p2a: Rayquaza|spd|1
|faint|p1a: Arceus
|
|win|God in A Tomato
|c|☆Leafstorm121❤|gg
|raw|Leafstorm121❤'s rating: 1819 &rarr; <strong>1784</strong><br />(-35 for losing)
|raw|God in A Tomato's rating: 1484 &rarr; <strong>1519</strong><br />(+35 for winning)
|c|☆God in A Tomato|g
|c|☆God in A Tomato|g
|c|☆Leafstorm121❤|ugh
|c|☆God in A Tomato|sorry bout that
|c|☆Leafstorm121❤|It's like you knew this would happen though. Pretty discouraging
|c|☆God in A Tomato|ican tell it's hard to get high elo
|c|☆Leafstorm121❤|I feel like your team was prepared for mine
|c|☆God in A Tomato|lol i get that feeling
