|j|☆PiperAvierex
|j|☆ThievesBoom
|t:|1667126244
|gametype|singles
|player|p1|PiperAvierex|caitlin|1501
|player|p2|ThievesBoom|2|1633
|teamsize|p1|6
|teamsize|p2|6
|gen|8
|tier|[Gen 8] National Dex AG
|rated|
|rule|HP Percentage Mod: HP is shown in percentages
|rule|Endless Battle Clause: Forcing endless battles is banned
|clearpoke
|poke|p1|Groudon|
|poke|p1|Zacian-*|
|poke|p1|Rayquaza|
|poke|p1|Calyrex-Shadow|
|poke|p1|Kyurem-Black|
|poke|p1|Necrozma-Dusk-Mane|
|poke|p2|Gengar, F|
|poke|p2|Wobbuffet, F|
|poke|p2|Gothitelle, M|
|poke|p2|Arceus-*|
|poke|p2|Tyranitar, F|
|poke|p2|Arceus-*|
|teampreview
|inactive|Battle timer is ON: inactive players will automatically lose when time's up. (requested by PiperAvierex)
|
|t:|1667126259
|start
|switch|p1a: Groudon|Groudon|100/100
|switch|p2a: Wobbuffet|Wobbuffet, F|100/100
|detailschange|p1a: Groudon|Groudon-Primal
|-primal|p1a: Groudon
|-weather|DesolateLand|[from] ability: Desolate Land|[of] p1a: Groudon
|turn|1
|
|t:|1667126265
|move|p1a: Groudon|Thunder Wave|p2a: Wobbuffet
|-status|p2a: Wobbuffet|par
|cant|p2a: Wobbuffet|par
|
|-weather|DesolateLand|[upkeep]
|upkeep
|turn|2
|
|t:|1667126272
|switch|p2a: Arceus|Arceus-Ground|100/100
|move|p1a: Groudon|Heat Crash|p2a: Arceus
|-damage|p2a: Arceus|56/100
|
|-weather|DesolateLand|[upkeep]
|upkeep
|turn|3
|
|t:|1667126279
|-weather|none
|switch|p1a: Rayquaza|Rayquaza|100/100
|-ability|p1a: Rayquaza|Air Lock
|move|p2a: Arceus|Recover|p2a: Arceus
|-heal|p2a: Arceus|100/100
|
|upkeep
|turn|4
|
|t:|1667126287
|detailschange|p1a: Rayquaza|Rayquaza-Mega
|-mega|p1a: Rayquaza|Rayquaza|
|-weather|DeltaStream|[from] ability: Delta Stream|[of] p1a: Rayquaza
|move|p1a: Rayquaza|Dragon Dance|p1a: Rayquaza
|-boost|p1a: Rayquaza|atk|1
|-boost|p1a: Rayquaza|spe|1
|move|p2a: Arceus|Will-O-Wisp|p1a: Rayquaza
|-status|p1a: Rayquaza|brn
|
|-weather|DeltaStream|[upkeep]
|-damage|p1a: Rayquaza|95/100 brn|[from] brn
|upkeep
|turn|5
|
|t:|1667126299
|switch|p2a: Wobbuffet|Wobbuffet, F|100/100 par
|move|p1a: Rayquaza|Dragon Ascent|p2a: Wobbuffet
|-damage|p2a: Wobbuffet|60/100 par
|-unboost|p1a: Rayquaza|def|1
|-unboost|p1a: Rayquaza|spd|1
|
|-weather|DeltaStream|[upkeep]
|-damage|p1a: Rayquaza|89/100 brn|[from] brn
|upkeep
|turn|6
|
|t:|1667126311
|move|p1a: Rayquaza|Dragon Dance|p1a: Rayquaza
|-boost|p1a: Rayquaza|atk|1
|-boost|p1a: Rayquaza|spe|1
|move|p2a: Wobbuffet|Encore|p1a: Rayquaza
|-start|p1a: Rayquaza|Encore
|
|-weather|DeltaStream|[upkeep]
|-damage|p1a: Rayquaza|83/100 brn|[from] brn
|upkeep
|turn|7
|
|t:|1667126317
|switch|p2a: Gothitelle|Gothitelle, M|100/100
|move|p1a: Rayquaza|Dragon Dance|p1a: Rayquaza
|-boost|p1a: Rayquaza|atk|1
|-boost|p1a: Rayquaza|spe|1
|
|-weather|DeltaStream|[upkeep]
|-damage|p1a: Rayquaza|77/100 brn|[from] brn
|upkeep
|turn|8
|
|t:|1667126321
|move|p1a: Rayquaza|Dragon Dance|p1a: Rayquaza
|-boost|p1a: Rayquaza|atk|1
|-boost|p1a: Rayquaza|spe|1
|move|p2a: Gothitelle|Trick|p1a: Rayquaza
|-activate|p2a: Gothitelle|move: Trick|[of] p1a: Rayquaza
|-item|p1a: Rayquaza|Choice Scarf|[from] move: Trick
|-item|p2a: Gothitelle|Focus Sash|[from] move: Trick
|
|-weather|DeltaStream|[upkeep]
|-damage|p1a: Rayquaza|71/100 brn|[from] brn
|upkeep
|turn|9
|
|t:|1667126329
|move|p1a: Rayquaza|Dragon Dance|p1a: Rayquaza
|-boost|p1a: Rayquaza|atk|1
|-boost|p1a: Rayquaza|spe|1
|move|p2a: Gothitelle|Cosmic Power|p2a: Gothitelle
|-boost|p2a: Gothitelle|def|1
|-boost|p2a: Gothitelle|spd|1
|
|-weather|DeltaStream|[upkeep]
|-damage|p1a: Rayquaza|65/100 brn|[from] brn
|-end|p1a: Rayquaza|Encore
|upkeep
|turn|10
|
|t:|1667126336
|move|p1a: Rayquaza|Dragon Dance|p1a: Rayquaza
|-boost|p1a: Rayquaza|atk|1
|-boost|p1a: Rayquaza|spe|1
|move|p2a: Gothitelle|Cosmic Power|p2a: Gothitelle
|-boost|p2a: Gothitelle|def|1
|-boost|p2a: Gothitelle|spd|1
|
|-weather|DeltaStream|[upkeep]
|-damage|p1a: Rayquaza|59/100 brn|[from] brn
|upkeep
|turn|11
|
|t:|1667126339
|move|p1a: Rayquaza|Dragon Dance|p1a: Rayquaza
|-boost|p1a: Rayquaza|atk|0
|-boost|p1a: Rayquaza|spe|0
|move|p2a: Gothitelle|Cosmic Power|p2a: Gothitelle
|-boost|p2a: Gothitelle|def|1
|-boost|p2a: Gothitelle|spd|1
|
|-weather|DeltaStream|[upkeep]
|-damage|p1a: Rayquaza|53/100 brn|[from] brn
|upkeep
|turn|12
|
|t:|1667126343
|move|p1a: Rayquaza|Dragon Dance|p1a: Rayquaza
|-boost|p1a: Rayquaza|atk|0
|-boost|p1a: Rayquaza|spe|0
|move|p2a: Gothitelle|Cosmic Power|p2a: Gothitelle
|-boost|p2a: Gothitelle|def|1
|-boost|p2a: Gothitelle|spd|1
|
|-weather|DeltaStream|[upkeep]
|-damage|p1a: Rayquaza|47/100 brn|[from] brn
|upkeep
|turn|13
|
|t:|1667126346
|move|p1a: Rayquaza|Dragon Dance|p1a: Rayquaza
|-boost|p1a: Rayquaza|atk|0
|-boost|p1a: Rayquaza|spe|0
|move|p2a: Gothitelle|Cosmic Power|p2a: Gothitelle
|-boost|p2a: Gothitelle|def|1
|-boost|p2a: Gothitelle|spd|1
|
|-weather|DeltaStream|[upkeep]
|-damage|p1a: Rayquaza|41/100 brn|[from] brn
|upkeep
|turn|14
|
|t:|1667126350
|move|p1a: Rayquaza|Dragon Dance|p1a: Rayquaza
|-boost|p1a: Rayquaza|atk|0
|-boost|p1a: Rayquaza|spe|0
|move|p2a: Gothitelle|Cosmic Power|p2a: Gothitelle
|-boost|p2a: Gothitelle|def|1
|-boost|p2a: Gothitelle|spd|1
|
|-weather|DeltaStream|[upkeep]
|-damage|p1a: Rayquaza|35/100 brn|[from] brn
|upkeep
|turn|15
|
|t:|1667126359
|move|p1a: Rayquaza|Dragon Dance|p1a: Rayquaza
|-boost|p1a: Rayquaza|atk|0
|-boost|p1a: Rayquaza|spe|0
|move|p2a: Gothitelle|Stored Power|p1a: Rayquaza
|-damage|p1a: Rayquaza|0 fnt
|faint|p1a: Rayquaza
|-weather|none
|
|upkeep
|
|t:|1667126368
|switch|p1a: Necrozma|Necrozma-Dusk-Mane|100/100
|turn|16
|
|t:|1667126375
|move|p2a: Gothitelle|Trick|p1a: Necrozma
|-activate|p2a: Gothitelle|move: Trick|[of] p1a: Necrozma
|-item|p1a: Necrozma|Focus Sash|[from] move: Trick
|-item|p2a: Gothitelle|Weakness Policy|[from] move: Trick
|move|p1a: Necrozma|Swords Dance|p1a: Necrozma
|-boost|p1a: Necrozma|atk|2
|
|upkeep
|turn|17
|
|t:|1667126385
|move|p2a: Gothitelle|Stored Power|p1a: Necrozma
|-resisted|p1a: Necrozma
|-damage|p1a: Necrozma|83/100
|move|p1a: Necrozma|Swords Dance|p1a: Necrozma
|-boost|p1a: Necrozma|atk|2
|
|upkeep
|turn|18
|
|t:|1667126393
|switch|p2a: Arceus|Arceus-Ground|100/100
|move|p1a: Necrozma|Swords Dance|p1a: Necrozma
|-boost|p1a: Necrozma|atk|2
|
|upkeep
|turn|19
|
|t:|1667126399
|move|p2a: Arceus|Will-O-Wisp|p1a: Necrozma
|-status|p1a: Necrozma|brn
|move|p1a: Necrozma|Earthquake|p2a: Arceus
|-crit|p2a: Arceus
|-damage|p2a: Arceus|37/100
|
|-damage|p1a: Necrozma|77/100 brn|[from] brn
|upkeep
|turn|20
|
|t:|1667126406
|move|p2a: Arceus|Recover|p2a: Arceus
|-heal|p2a: Arceus|87/100
|move|p1a: Necrozma|Earthquake|p2a: Arceus
|-damage|p2a: Arceus|41/100
|
|-damage|p1a: Necrozma|71/100 brn|[from] brn
|upkeep
|turn|21
|
|t:|1667126415
|-start|p1a: Necrozma|Dynamax|
|-heal|p1a: Necrozma|71/100 brn|[silent]
|move|p2a: Arceus|Recover|p2a: Arceus
|-heal|p2a: Arceus|91/100
|move|p1a: Necrozma|Max Quake|p2a: Arceus
|-damage|p2a: Arceus|38/100
|-boost|p1a: Necrozma|spd|1
|
|-damage|p1a: Necrozma|68/100 brn|[from] brn
|upkeep
|turn|22
|
|t:|1667126423
|move|p2a: Arceus|Recover|p2a: Arceus
|-heal|p2a: Arceus|88/100
|move|p1a: Necrozma|Max Quake|p2a: Arceus
|-damage|p2a: Arceus|28/100
|-boost|p1a: Necrozma|spd|1
|
|-damage|p1a: Necrozma|65/100 brn|[from] brn
|upkeep
|turn|23
|
|t:|1667126428
|move|p2a: Arceus|Recover|p2a: Arceus
|-heal|p2a: Arceus|78/100
|move|p1a: Necrozma|Max Quake|p2a: Arceus
|-damage|p2a: Arceus|24/100
|-boost|p1a: Necrozma|spd|1
|
|-damage|p1a: Necrozma|62/100 brn|[from] brn
|upkeep
|-end|p1a: Necrozma|Dynamax
|-heal|p1a: Necrozma|62/100 brn|[silent]
|turn|24
|
|t:|1667126433
|move|p2a: Arceus|Recover|p2a: Arceus
|-heal|p2a: Arceus|74/100
|move|p1a: Necrozma|Earthquake|p2a: Arceus
|-damage|p2a: Arceus|32/100
|
|-damage|p1a: Necrozma|56/100 brn|[from] brn
|upkeep
|turn|25
|
|t:|1667126441
|switch|p1a: Kyurem|Kyurem-Black|100/100
|-ability|p1a: Kyurem|Teravolt
|move|p2a: Arceus|Recover|p2a: Arceus
|-heal|p2a: Arceus|82/100
|
|upkeep
|turn|26
|
|t:|1667126445
|move|p1a: Kyurem|Icicle Spear|p2a: Arceus
|-supereffective|p2a: Arceus
|-damage|p2a: Arceus|66/100
|-supereffective|p2a: Arceus
|-damage|p2a: Arceus|51/100
|-supereffective|p2a: Arceus
|-damage|p2a: Arceus|35/100
|-hitcount|p2a: Arceus|3
|move|p2a: Arceus|Will-O-Wisp|p1a: Kyurem
|-status|p1a: Kyurem|brn
|
|-damage|p1a: Kyurem|94/100 brn|[from] brn
|upkeep
|turn|27
|
|t:|1667126454
|move|p1a: Kyurem|Icicle Spear|p2a: Arceus
|-supereffective|p2a: Arceus
|-damage|p2a: Arceus|27/100
|-supereffective|p2a: Arceus
|-damage|p2a: Arceus|19/100
|-supereffective|p2a: Arceus
|-damage|p2a: Arceus|11/100
|-supereffective|p2a: Arceus
|-damage|p2a: Arceus|4/100
|-hitcount|p2a: Arceus|4
|move|p2a: Arceus|Recover|p2a: Arceus
|-heal|p2a: Arceus|54/100
|
|-damage|p1a: Kyurem|88/100 brn|[from] brn
|upkeep
|turn|28
|
|t:|1667126463
|switch|p1a: Calyrex|Calyrex-Shadow|100/100
|-ability|p1a: Calyrex|As One
|-ability|p1a: Calyrex|Unnerve
|move|p2a: Arceus|Recover|p2a: Arceus
|-heal|p2a: Arceus|100/100
|
|upkeep
|turn|29
|
|t:|1667126468
|switch|p2a: Tyranitar|Tyranitar, F|100/100
|-weather|Sandstorm|[from] ability: Sand Stream|[of] p2a: Tyranitar
|move|p1a: Calyrex|Astral Barrage|p2a: Tyranitar
|-resisted|p2a: Tyranitar
|-damage|p2a: Tyranitar|81/100
|
|-weather|Sandstorm|[upkeep]
|-damage|p1a: Calyrex|94/100|[from] Sandstorm
|-heal|p2a: Tyranitar|87/100|[from] item: Leftovers
|upkeep
|turn|30
|
|t:|1667126474
|-activate|p1a: Calyrex|move: Pursuit
|move|p2a: Tyranitar|Pursuit|p1a: Calyrex|[from]Pursuit
|-supereffective|p1a: Calyrex
|-damage|p1a: Calyrex|0 fnt
|faint|p1a: Calyrex
|-hint|A Pokemon can't switch between when it runs out of HP and when it faints
|
|-weather|Sandstorm|[upkeep]
|-heal|p2a: Tyranitar|94/100|[from] item: Leftovers
|upkeep
|
|t:|1667126479
|switch|p1a: Zacian|Zacian-Crowned|100/100
|-ability|p1a: Zacian|Intrepid Sword|boost
|-boost|p1a: Zacian|atk|1
|turn|31
|
|t:|1667126488
|move|p1a: Zacian|Behemoth Blade|p2a: Tyranitar
|-supereffective|p2a: Tyranitar
|-damage|p2a: Tyranitar|0 fnt
|faint|p2a: Tyranitar
|
|-weather|Sandstorm|[upkeep]
|upkeep
|
|t:|1667126494
|switch|p2a: Arceus|Arceus-Ground|100/100
|turn|32
|
|t:|1667126497
|move|p1a: Zacian|Play Rough|p2a: Arceus
|-damage|p2a: Arceus|58/100
|-unboost|p2a: Arceus|atk|1
|move|p2a: Arceus|Judgment|p1a: Zacian
|-supereffective|p1a: Zacian
|-damage|p1a: Zacian|6/100
|
|-weather|Sandstorm|[upkeep]
|upkeep
|turn|33
|
|t:|1667126506
|move|p1a: Zacian|Play Rough|p2a: Arceus
|-damage|p2a: Arceus|14/100
|move|p2a: Arceus|Judgment|p1a: Zacian
|-supereffective|p1a: Zacian
|-damage|p1a: Zacian|0 fnt
|faint|p1a: Zacian
|
|-weather|none
|upkeep
|
|t:|1667126518
|switch|p1a: Kyurem|Kyurem-Black|88/100 brn
|-ability|p1a: Kyurem|Teravolt
|turn|34
|
|t:|1667126523
|move|p1a: Kyurem|Icicle Spear|p2a: Arceus
|-supereffective|p2a: Arceus
|-damage|p2a: Arceus|6/100
|-supereffective|p2a: Arceus
|-damage|p2a: Arceus|0 fnt
|faint|p2a: Arceus
|-hitcount|p2: Arceus|2
|
|-damage|p1a: Kyurem|82/100 brn|[from] brn
|upkeep
|
|t:|1667126527
|switch|p2a: Gengar|Gengar, F|100/100
|turn|35
|
|t:|1667126532
|detailschange|p2a: Gengar|Gengar-Mega, F
|-mega|p2a: Gengar|Gengar|Gengarite
|move|p2a: Gengar|Nasty Plot|p2a: Gengar
|-boost|p2a: Gengar|spa|2
|move|p1a: Kyurem|Rock Slide|p2a: Gengar
|-damage|p2a: Gengar|75/100
|
|-damage|p1a: Kyurem|76/100 brn|[from] brn
|upkeep
|turn|36
|
|t:|1667126541
|move|p2a: Gengar|Shadow Ball|p1a: Kyurem
|-damage|p1a: Kyurem|0 fnt
|faint|p1a: Kyurem
|
|upkeep
|
|t:|1667126543
|switch|p1a: Groudon|Groudon-Primal|100/100
|-weather|DesolateLand|[from] ability: Desolate Land|[of] p1a: Groudon
|turn|37
|
|t:|1667126546
|move|p2a: Gengar|Shadow Ball|p1a: Groudon
|-damage|p1a: Groudon|0 fnt
|faint|p1a: Groudon
|-weather|none
|
|upkeep
|-message|PiperAvierex forfeited.
|
|win|ThievesBoom
|raw|PiperAvierex's rating: 1501 &rarr; <strong>1488</strong><br />(-13 for losing)
|raw|ThievesBoom's rating: 1633 &rarr; <strong>1646</strong><br />(+13 for winning)
|l|☆PiperAvierex
