|j|☆woshixinshou123
|j|☆the thin mints lad
|t:|1659179752
|gametype|singles
|player|p1|woshixinshou123|serena-masters|1450
|player|p2|the thin mints lad|cress|1651
|teamsize|p1|6
|teamsize|p2|6
|gen|8
|tier|[Gen 8] National Dex AG
|rated|
|rule|HP Percentage Mod: HP is shown in percentages
|rule|Endless Battle Clause: Forcing endless battles is banned
|clearpoke
|poke|p1|Calyrex-Shadow|
|poke|p1|Xerneas-*|
|poke|p1|Kyogre|
|poke|p1|Darmanitan-Galar, M|
|poke|p1|Lucario, F|
|poke|p1|Zacian-*|
|poke|p2|Marshadow|
|poke|p2|Necrozma-Dusk-Mane|
|poke|p2|Ditto|
|poke|p2|Zygarde|
|poke|p2|Xerneas-*|
|poke|p2|Deoxys-Attack|
|teampreview
|
|t:|1659179763
|start
|switch|p1a: Calyrex|Calyrex-Shadow|100/100
|switch|p2a: noodle... uh dude.|Deoxys-Attack|100/100
|-ability|p1a: Calyrex|As One
|-ability|p1a: Calyrex|Unnerve
|-ability|p2a: noodle... uh dude.|Pressure
|turn|1
|inactive|Battle timer is ON: inactive players will automatically lose when time's up. (requested by woshixinshou123)
|
|t:|1659179769
|move|p1a: Calyrex|Astral Barrage|p2a: noodle... uh dude.
|-supereffective|p2a: noodle... uh dude.
|-enditem|p2a: noodle... uh dude.|Focus Sash
|-damage|p2a: noodle... uh dude.|1/100
|move|p2a: noodle... uh dude.|Stealth Rock|p1a: Calyrex
|-sidestart|p1: woshixinshou123|move: Stealth Rock
|
|upkeep
|turn|2
|
|t:|1659179775
|move|p1a: Calyrex|Astral Barrage|p2a: noodle... uh dude.
|-supereffective|p2a: noodle... uh dude.
|-damage|p2a: noodle... uh dude.|0 fnt
|faint|p2a: noodle... uh dude.
|-ability|p1a: Calyrex|Grim Neigh|boost
|-boost|p1a: Calyrex|spa|1
|
|upkeep
|
|t:|1659179779
|switch|p2a: Yoinker|Marshadow|100/100
|turn|3
|
|t:|1659179796
|switch|p1a: Kyogre|Kyogre, shiny|100/100
|-damage|p1a: Kyogre|88/100|[from] Stealth Rock
|detailschange|p1a: Kyogre|Kyogre-Primal, shiny
|-primal|p1a: Kyogre
|-weather|PrimordialSea|[from] ability: Primordial Sea|[of] p1a: Kyogre
|move|p2a: Yoinker|Poltergeist|p1a: Kyogre
|-activate|p1a: Kyogre|move: Poltergeist|Blue Orb
|-damage|p1a: Kyogre|3/100
|
|-weather|PrimordialSea|[upkeep]
|upkeep
|turn|4
|
|t:|1659179803
|move|p2a: Yoinker|Poltergeist|p1a: Kyogre
|-activate|p1a: Kyogre|move: Poltergeist|Blue Orb
|-damage|p1a: Kyogre|0 fnt
|faint|p1a: Kyogre
|-weather|none
|
|upkeep
|
|t:|1659179816
|switch|p1a: Xerneas|Xerneas, shiny|100/100
|-damage|p1a: Xerneas|88/100|[from] Stealth Rock
|-ability|p1a: Xerneas|Fairy Aura
|turn|5
|
|t:|1659179823
|move|p2a: Yoinker|Poltergeist|p1a: Xerneas
|-activate|p1a: Xerneas|move: Poltergeist|Power Herb
|-damage|p1a: Xerneas|18/100
|move|p1a: Xerneas|Geomancy||[still]
|-prepare|p1a: Xerneas|Geomancy
|-enditem|p1a: Xerneas|Power Herb
|-anim|p1a: Xerneas|Geomancy|p1a: Xerneas
|-boost|p1a: Xerneas|spa|2
|-boost|p1a: Xerneas|spd|2
|-boost|p1a: Xerneas|spe|2
|
|upkeep
|turn|6
|
|t:|1659179833
|switch|p2a: my solrock evolved|Necrozma-Dusk-Mane|100/100
|move|p1a: Xerneas|Moonblast|p2a: my solrock evolved
|-resisted|p2a: my solrock evolved
|-damage|p2a: my solrock evolved|29/100
|
|upkeep
|turn|7
|
|t:|1659179838
|move|p1a: Xerneas|Moonblast|p2a: my solrock evolved
|-resisted|p2a: my solrock evolved
|-damage|p2a: my solrock evolved|0 fnt
|faint|p2a: my solrock evolved
|
|upkeep
|
|t:|1659179847
|switch|p2a: The better Yoinker|Ditto|100/100
|-transform|p2a: The better Yoinker|p1a: Xerneas|[from] ability: Imposter
|-ability|p2a: The better Yoinker|Fairy Aura
|turn|8
|l|☆the thin mints lad
|inactive|the thin mints lad disconnected and has a minute to reconnect!
|player|p2|
|inactive|the thin mints lad has 30 seconds to reconnect!
|inactive|the thin mints lad has 20 seconds to reconnect!
|inactive|the thin mints lad has 15 seconds to reconnect!
|inactive|the thin mints lad has 10 seconds to reconnect!
|inactive|the thin mints lad has 5 seconds to reconnect!
|-message|the thin mints lad lost due to inactivity.
|
|win|woshixinshou123
|raw|woshixinshou123's rating: 1450 &rarr; <strong>1480</strong><br />(+30 for winning)
|raw|the thin mints lad's rating: 1651 &rarr; <strong>1621</strong><br />(-30 for losing)
