|j|☆Latiasboy
|j|☆Cocky but goated
|t:|1660551209
|gametype|singles
|player|p1|Latiasboy|n|1609
|player|p2|Cocky but goated|ethan-masters|1811
|teamsize|p1|6
|teamsize|p2|6
|gen|8
|tier|[Gen 8] National Dex AG
|rated|
|rule|HP Percentage Mod: HP is shown in percentages
|rule|Endless Battle Clause: Forcing endless battles is banned
|clearpoke
|poke|p1|Zacian-*|
|poke|p1|Rayquaza|
|poke|p1|Ho-Oh|
|poke|p1|Groudon|
|poke|p1|Necrozma-Dusk-Mane|
|poke|p1|Arceus-*|
|poke|p2|Deoxys-Speed|
|poke|p2|Necrozma-Dusk-Mane|
|poke|p2|Arceus-*|
|poke|p2|Calyrex-Shadow|
|poke|p2|Zygarde|
|poke|p2|Ditto|
|teampreview
|inactive|Battle timer is ON: inactive players will automatically lose when time's up. (requested by Cocky but goated)
|
|t:|1660551226
|start
|switch|p1a: Arceus|Arceus-Ghost|100/100
|switch|p2a: Deoxys|Deoxys-Speed|100/100
|-ability|p2a: Deoxys|Pressure
|turn|1
|
|t:|1660551232
|move|p2a: Deoxys|Taunt|p1a: Arceus
|-start|p1a: Arceus|move: Taunt
|move|p1a: Arceus|Judgment|p2a: Deoxys
|-supereffective|p2a: Deoxys
|-enditem|p2a: Deoxys|Focus Sash
|-damage|p2a: Deoxys|1/100
|
|upkeep
|turn|2
|
|t:|1660551238
|move|p2a: Deoxys|Stealth Rock|p1a: Arceus
|-sidestart|p1: Latiasboy|move: Stealth Rock
|move|p1a: Arceus|Judgment|p2a: Deoxys
|-supereffective|p2a: Deoxys
|-damage|p2a: Deoxys|0 fnt
|faint|p2a: Deoxys
|
|upkeep
|
|t:|1660551246
|switch|p2a: Arceus|Arceus|100/100
|turn|3
|
|t:|1660551251
|switch|p1a: Necrozma|Necrozma-Dusk-Mane|100/100
|-damage|p1a: Necrozma|94/100|[from] Stealth Rock
|move|p2a: Arceus|Swords Dance|p2a: Arceus
|-boost|p2a: Arceus|atk|2
|
|-heal|p1a: Necrozma|100/100|[from] item: Leftovers
|upkeep
|turn|4
|
|t:|1660551255
|move|p2a: Arceus|Earthquake|p1a: Necrozma
|-supereffective|p1a: Necrozma
|-damage|p1a: Necrozma|23/100
|-damage|p2a: Arceus|91/100|[from] item: Life Orb
|move|p1a: Necrozma|Thunder Wave|p2a: Arceus
|-status|p2a: Arceus|par
|
|-heal|p1a: Necrozma|29/100|[from] item: Leftovers
|upkeep
|turn|5
|
|t:|1660551272
|move|p1a: Necrozma|Morning Sun|p1a: Necrozma
|-heal|p1a: Necrozma|79/100
|move|p2a: Arceus|Shadow Claw|p1a: Necrozma
|-supereffective|p1a: Necrozma
|-damage|p1a: Necrozma|30/100
|-damage|p2a: Arceus|81/100 par|[from] item: Life Orb
|
|-heal|p1a: Necrozma|36/100|[from] item: Leftovers
|upkeep
|turn|6
|
|t:|1660551280
|move|p1a: Necrozma|Morning Sun|p1a: Necrozma
|-heal|p1a: Necrozma|86/100
|move|p2a: Arceus|Earthquake|p1a: Necrozma
|-supereffective|p1a: Necrozma
|-damage|p1a: Necrozma|8/100
|-damage|p2a: Arceus|71/100 par|[from] item: Life Orb
|
|-heal|p1a: Necrozma|14/100|[from] item: Leftovers
|upkeep
|turn|7
|
|t:|1660551289
|move|p2a: Arceus|Extreme Speed|p1a: Necrozma
|-resisted|p1a: Necrozma
|-damage|p1a: Necrozma|0 fnt
|faint|p1a: Necrozma
|-damage|p2a: Arceus|61/100 par|[from] item: Life Orb
|
|upkeep
|
|t:|1660551302
|switch|p1a: Groudon|Groudon|100/100
|-damage|p1a: Groudon|94/100|[from] Stealth Rock
|detailschange|p1a: Groudon|Groudon-Primal
|-primal|p1a: Groudon
|-weather|DesolateLand|[from] ability: Desolate Land|[of] p1a: Groudon
|turn|8
|
|t:|1660551309
|move|p2a: Arceus|Extreme Speed|p1a: Groudon
|-damage|p1a: Groudon|17/100
|-damage|p2a: Arceus|51/100 par|[from] item: Life Orb
|move|p1a: Groudon|Heat Crash|p2a: Arceus
|-damage|p2a: Arceus|1/100 par
|
|-weather|DesolateLand|[upkeep]
|upkeep
|turn|9
|
|t:|1660551315
|move|p2a: Arceus|Extreme Speed|p1a: Groudon
|-damage|p1a: Groudon|0 fnt
|faint|p1a: Groudon
|-weather|none
|-damage|p2a: Arceus|0 fnt|[from] item: Life Orb
|faint|p2a: Arceus
|
|upkeep
|
|t:|1660551341
|switch|p1a: Ho-Oh|Ho-Oh|100/100
|switch|p2a: Zygarde|Zygarde|100/100
|turn|10
|
|t:|1660551344
|move|p2a: Zygarde|Substitute|p2a: Zygarde
|-start|p2a: Zygarde|Substitute
|-damage|p2a: Zygarde|76/100
|move|p1a: Ho-Oh|Defog|p2a: Zygarde
|-sideend|p1: Latiasboy|Stealth Rock|[from] move: Defog|[of] p1a: Ho-Oh
|
|-heal|p2a: Zygarde|82/100|[from] item: Leftovers
|upkeep
|turn|11
|
|t:|1660551353
|move|p2a: Zygarde|Glare|p1a: Ho-Oh
|-status|p1a: Ho-Oh|par
|move|p1a: Ho-Oh|Whirlwind|p2a: Zygarde
|drag|p2a: Calyrex|Calyrex-Shadow|100/100
|-ability|p2a: Calyrex|As One
|-ability|p2a: Calyrex|Unnerve
|
|upkeep
|turn|12
|
|t:|1660551360
|move|p2a: Calyrex|Trick|p1a: Ho-Oh
|-activate|p2a: Calyrex|move: Trick|[of] p1a: Ho-Oh
|-item|p1a: Ho-Oh|Choice Scarf|[from] move: Trick
|-item|p2a: Calyrex|Heavy-Duty Boots|[from] move: Trick
|move|p1a: Ho-Oh|Sacred Fire|p2a: Calyrex|[miss]
|-miss|p1a: Ho-Oh|p2a: Calyrex
|
|upkeep
|turn|13
|
|t:|1660551365
|move|p2a: Calyrex|Psyshock|p1a: Ho-Oh
|-damage|p1a: Ho-Oh|59/100 par
|move|p1a: Ho-Oh|Sacred Fire|p2a: Calyrex
|-damage|p2a: Calyrex|48/100
|
|upkeep
|turn|14
|
|t:|1660551381
|-start|p2a: Calyrex|Dynamax|
|-heal|p2a: Calyrex|48/100|[silent]
|move|p2a: Calyrex|Max Phantasm|p1a: Ho-Oh
|-damage|p1a: Ho-Oh|19/100 par
|-unboost|p1a: Ho-Oh|def|1
|move|p1a: Ho-Oh|Sacred Fire|p2a: Calyrex
|-crit|p2a: Calyrex
|-damage|p2a: Calyrex|6/100
|
|upkeep
|turn|15
|
|t:|1660551391
|move|p2a: Calyrex|Max Mindstorm|p1a: Ho-Oh
|-damage|p1a: Ho-Oh|0 fnt
|-fieldstart|move: Psychic Terrain
|faint|p1a: Ho-Oh
|-ability|p2a: Calyrex|Grim Neigh|boost
|-boost|p2a: Calyrex|spa|1
|
|upkeep
|
|t:|1660551397
|switch|p1a: Arceus|Arceus-Ghost|100/100
|turn|16
|
|t:|1660551406
|-start|p1a: Arceus|Dynamax|
|-heal|p1a: Arceus|100/100|[silent]
|move|p1a: Arceus|Max Guard|p1a: Arceus
|-singleturn|p1a: Arceus|Max Guard
|move|p2a: Calyrex|Max Phantasm|p1a: Arceus
|-activate|p1a: Arceus|move: Max Guard
|
|upkeep
|-end|p2a: Calyrex|Dynamax
|-heal|p2a: Calyrex|6/100|[silent]
|turn|17
|
|t:|1660551413
|move|p2a: Calyrex|Astral Barrage|p1a: Arceus
|-supereffective|p1a: Arceus
|-damage|p1a: Arceus|23/100
|move|p1a: Arceus|Max Phantasm|p2a: Calyrex
|-supereffective|p2a: Calyrex
|-damage|p2a: Calyrex|0 fnt
|faint|p2a: Calyrex
|
|upkeep
|
|t:|1660551418
|switch|p2a: Zygarde|Zygarde|82/100
|turn|18
|
|t:|1660551421
|move|p1a: Arceus|Max Hailstorm|p2a: Zygarde
|-supereffective|p2a: Zygarde
|-crit|p2a: Zygarde
|-damage|p2a: Zygarde|0 fnt
|-weather|Hail
|faint|p2a: Zygarde
|
|-weather|Hail|[upkeep]
|-damage|p1a: Arceus|20/100|[from] Hail
|upkeep
|
|t:|1660551432
|switch|p2a: Necrozma|Necrozma-Dusk-Mane|100/100
|-end|p1a: Arceus|Dynamax
|-heal|p1a: Arceus|20/100|[silent]
|turn|19
|
|t:|1660551437
|move|p1a: Arceus|Judgment|p2a: Necrozma
|-supereffective|p2a: Necrozma
|-damage|p2a: Necrozma|35/100
|move|p2a: Necrozma|Dragon Dance|p2a: Necrozma
|-boost|p2a: Necrozma|atk|1
|-boost|p2a: Necrozma|spe|1
|
|-weather|Hail|[upkeep]
|-damage|p1a: Arceus|14/100|[from] Hail
|-damage|p2a: Necrozma|29/100|[from] Hail
|-fieldend|move: Psychic Terrain
|upkeep
|turn|20
|
|t:|1660551442
|detailschange|p2a: Necrozma|Necrozma-Ultra
|-burst|p2a: Necrozma|Necrozma|Ultranecrozium Z
|move|p2a: Necrozma|Photon Geyser|p1a: Arceus
|-damage|p1a: Arceus|0 fnt
|faint|p1a: Arceus
|
|-weather|Hail|[upkeep]
|-damage|p2a: Necrozma|23/100|[from] Hail
|upkeep
|
|t:|1660551445
|switch|p1a: Rayquaza|Rayquaza|100/100
|-ability|p1a: Rayquaza|Air Lock
|turn|21
|l|☆Latiasboy
|inactive|Latiasboy disconnected and has a minute to reconnect!
|player|p1|
|inactive|Cocky but goated has 120 seconds left.
|j|☆Latiasboy
|inactive|Latiasboy reconnected.
|player|p1|Latiasboy|n
|l|☆Cocky but goated
|inactive|Cocky but goated disconnected and has a minute to reconnect!
|player|p2|
|j|☆Cocky but goated
|inactive|Cocky but goated reconnected and has 110 seconds left.
|player|p2|Cocky but goated|ethan-masters
|
|t:|1660551489
|move|p1a: Rayquaza|Extreme Speed|p2a: Necrozma
|-crit|p2a: Necrozma
|-damage|p2a: Necrozma|0 fnt
|faint|p2a: Necrozma
|-damage|p1a: Rayquaza|91/100|[from] item: Life Orb
|
|-weather|Hail|[upkeep]
|upkeep
|
|t:|1660551491
|switch|p2a: Ditto|Ditto|100/100
|-transform|p2a: Ditto|p1a: Rayquaza|[from] ability: Imposter
|turn|22
|-message|Cocky but goated forfeited.
|
|win|Latiasboy
|raw|Latiasboy's rating: 1609 &rarr; <strong>1639</strong><br />(+30 for winning)
|raw|Cocky but goated's rating: 1811 &rarr; <strong>1781</strong><br />(-30 for losing)
