|j|☆WizardGamer49
|j|☆amnael01
|t:|1664293814
|gametype|singles
|player|p1|WizardGamer49|ingo|1612
|player|p2|amnael01|1|1859
|teamsize|p1|6
|teamsize|p2|6
|gen|8
|tier|[Gen 8] National Dex AG
|rated|
|rule|HP Percentage Mod: HP is shown in percentages
|rule|Endless Battle Clause: Forcing endless battles is banned
|clearpoke
|poke|p1|Yveltal|
|poke|p1|Zacian-*|
|poke|p1|Necrozma-Dusk-Mane|
|poke|p1|Eternatus|
|poke|p1|Ditto|
|poke|p1|Calyrex-Shadow|
|poke|p2|Smeargle, M|
|poke|p2|Groudon|
|poke|p2|Espeon, M|
|poke|p2|Rayquaza|
|poke|p2|Xerneas-*|
|poke|p2|Zacian-*|
|teampreview
|inactive|Battle timer is ON: inactive players will automatically lose when time's up. (requested by WizardGamer49)
|c|☆WizardGamer49|Nice team
|j| 1WeedBeard
|
|t:|1664293825
|start
|switch|p1a: Don't Hit Me|Necrozma-Dusk-Mane, shiny|100/100
|switch|p2a: Smeargle|Smeargle, M|100/100
|turn|1
|
|t:|1664293830
|move|p2a: Smeargle|Spore|p1a: Don't Hit Me
|-status|p1a: Don't Hit Me|slp|[from] move: Spore
|cant|p1a: Don't Hit Me|slp
|
|-ability|p2a: Smeargle|Moody|boost
|-boost|p2a: Smeargle|spd|2
|-unboost|p2a: Smeargle|spa|1
|upkeep
|turn|2
|
|t:|1664293834
|move|p2a: Smeargle|Shift Gear|p2a: Smeargle
|-boost|p2a: Smeargle|spe|2
|-boost|p2a: Smeargle|atk|1
|cant|p1a: Don't Hit Me|slp
|
|-ability|p2a: Smeargle|Moody|boost
|-boost|p2a: Smeargle|spd|2
|-unboost|p2a: Smeargle|def|1
|upkeep
|turn|3
|
|t:|1664293839
|move|p2a: Smeargle|Shift Gear|p2a: Smeargle
|-boost|p2a: Smeargle|spe|2
|-boost|p2a: Smeargle|atk|1
|-curestatus|p1a: Don't Hit Me|slp|[msg]
|move|p1a: Don't Hit Me|Stealth Rock|p2a: Smeargle
|-sidestart|p2: amnael01|move: Stealth Rock
|
|-ability|p2a: Smeargle|Moody|boost
|-boost|p2a: Smeargle|spd|2
|-unboost|p2a: Smeargle|spa|1
|upkeep
|turn|4
|
|t:|1664293854
|move|p2a: Smeargle|Spiky Shield|p2a: Smeargle
|-singleturn|p2a: Smeargle|move: Protect
|move|p1a: Don't Hit Me|Thunder Wave|p2a: Smeargle
|-activate|p2a: Smeargle|move: Protect
|
|-ability|p2a: Smeargle|Moody|boost
|-boost|p2a: Smeargle|spa|2
|-unboost|p2a: Smeargle|def|1
|upkeep
|turn|5
|
|t:|1664293857
|move|p2a: Smeargle|Spore|p1a: Don't Hit Me
|-status|p1a: Don't Hit Me|slp|[from] move: Spore
|cant|p1a: Don't Hit Me|slp
|
|-ability|p2a: Smeargle|Moody|boost
|-boost|p2a: Smeargle|def|2
|-unboost|p2a: Smeargle|atk|1
|upkeep
|turn|6
|
|t:|1664293862
|move|p2a: Smeargle|Shift Gear|p2a: Smeargle
|-boost|p2a: Smeargle|spe|2
|-boost|p2a: Smeargle|atk|1
|-curestatus|p1a: Don't Hit Me|slp|[msg]
|move|p1a: Don't Hit Me|Thunder Wave|p2a: Smeargle
|-status|p2a: Smeargle|par
|
|-ability|p2a: Smeargle|Moody|boost
|-boost|p2a: Smeargle|def|2
|-unboost|p2a: Smeargle|spe|1
|upkeep
|turn|7
|
|t:|1664293868
|move|p2a: Smeargle|Spiky Shield|p2a: Smeargle
|-singleturn|p2a: Smeargle|move: Protect
|move|p1a: Don't Hit Me|Sunsteel Strike|p2a: Smeargle
|-activate|p2a: Smeargle|move: Protect
|-damage|p1a: Don't Hit Me|88/100|[from] Spiky Shield|[of] p2a: Smeargle
|
|-ability|p2a: Smeargle|Moody|boost
|-boost|p2a: Smeargle|atk|2
|-unboost|p2a: Smeargle|spd|1
|upkeep
|turn|8
|
|t:|1664293871
|move|p2a: Smeargle|Spore|p1a: Don't Hit Me
|-status|p1a: Don't Hit Me|slp|[from] move: Spore
|cant|p1a: Don't Hit Me|slp
|
|-ability|p2a: Smeargle|Moody|boost
|-boost|p2a: Smeargle|atk|2
|-unboost|p2a: Smeargle|def|1
|upkeep
|turn|9
|
|t:|1664293877
|cant|p2a: Smeargle|par
|cant|p1a: Don't Hit Me|slp
|
|-ability|p2a: Smeargle|Moody|boost
|-boost|p2a: Smeargle|spa|2
|-unboost|p2a: Smeargle|def|1
|upkeep
|turn|10
|
|t:|1664293884
|move|p2a: Smeargle|Spiky Shield|p2a: Smeargle
|-singleturn|p2a: Smeargle|move: Protect
|-curestatus|p1a: Don't Hit Me|slp|[msg]
|move|p1a: Don't Hit Me|Sunsteel Strike|p2a: Smeargle
|-activate|p2a: Smeargle|move: Protect
|-damage|p1a: Don't Hit Me|76/100|[from] Spiky Shield|[of] p2a: Smeargle
|
|-ability|p2a: Smeargle|Moody|boost
|-boost|p2a: Smeargle|spa|2
|-unboost|p2a: Smeargle|atk|1
|upkeep
|turn|11
|
|t:|1664293888
|move|p2a: Smeargle|Spore|p1a: Don't Hit Me
|-status|p1a: Don't Hit Me|slp|[from] move: Spore
|cant|p1a: Don't Hit Me|slp
|
|-ability|p2a: Smeargle|Moody|boost
|-boost|p2a: Smeargle|spa|2
|-unboost|p2a: Smeargle|atk|1
|upkeep
|turn|12
|
|t:|1664293891
|move|p2a: Smeargle|Shift Gear|p2a: Smeargle
|-boost|p2a: Smeargle|spe|1
|-boost|p2a: Smeargle|atk|1
|-curestatus|p1a: Don't Hit Me|slp|[msg]
|move|p1a: Don't Hit Me|Sunsteel Strike|p2a: Smeargle
|-enditem|p2a: Smeargle|Focus Sash
|-damage|p2a: Smeargle|1/100 par
|
|-ability|p2a: Smeargle|Moody|boost
|-boost|p2a: Smeargle|spd|1
|-unboost|p2a: Smeargle|spa|1
|upkeep
|turn|13
|
|t:|1664293896
|move|p2a: Smeargle|Spore|p1a: Don't Hit Me
|-status|p1a: Don't Hit Me|slp|[from] move: Spore
|cant|p1a: Don't Hit Me|slp
|
|-ability|p2a: Smeargle|Moody|boost
|-boost|p2a: Smeargle|atk|1
|-unboost|p2a: Smeargle|def|1
|upkeep
|turn|14
|
|t:|1664293903
|move|p2a: Smeargle|Baton Pass|p2a: Smeargle
|
|t:|1664293905
|switch|p2a: Xerneas|Xerneas|100/100|[from]move: Baton Pass
|-damage|p2a: Xerneas|88/100|[from] Stealth Rock
|-ability|p2a: Xerneas|Fairy Aura
|cant|p1a: Don't Hit Me|slp
|
|upkeep
|turn|15
|
|t:|1664293911
|move|p2a: Xerneas|Hidden Power|p1a: Don't Hit Me
|-supereffective|p1a: Don't Hit Me
|-damage|p1a: Don't Hit Me|0 fnt
|faint|p1a: Don't Hit Me
|
|upkeep
|
|t:|1664293921
|switch|p1a: Smol Eternatus|Eternatus|100/100
|-ability|p1a: Smol Eternatus|Pressure
|turn|16
|
|t:|1664293924
|move|p2a: Xerneas|Moonblast|p1a: Smol Eternatus
|-damage|p1a: Smol Eternatus|0 fnt
|faint|p1a: Smol Eternatus
|
|upkeep
|
|t:|1664293930
|switch|p1a: Blue Slime|Ditto, shiny|100/100
|-transform|p1a: Blue Slime|p2a: Xerneas|[from] ability: Imposter
|-ability|p1a: Blue Slime|Fairy Aura
|turn|17
|
|t:|1664293952
|-start|p1a: Blue Slime|Dynamax|
|-heal|p1a: Blue Slime|100/100|[silent]
|-start|p2a: Xerneas|Dynamax|
|-heal|p2a: Xerneas|88/100|[silent]
|move|p1a: Blue Slime|Max Starfall|p2a: Xerneas
|-damage|p2a: Xerneas|64/100
|-fieldstart|move: Misty Terrain
|move|p2a: Xerneas|Max Starfall|p1a: Blue Slime
|-damage|p1a: Blue Slime|62/100
|
|upkeep
|turn|18
|
|t:|1664293963
|move|p2a: Xerneas|Max Starfall|p1a: Blue Slime
|-crit|p1a: Blue Slime
|-damage|p1a: Blue Slime|0 fnt
|faint|p1a: Blue Slime
|
|upkeep
|
|t:|1664293967
|switch|p1a: Bootleg Dog Mew|Zacian-Crowned, shiny|100/100
|-ability|p1a: Bootleg Dog Mew|Intrepid Sword|boost
|-boost|p1a: Bootleg Dog Mew|atk|1
|turn|19
|
|t:|1664293969
|move|p2a: Xerneas|Max Flare|p1a: Bootleg Dog Mew
|-supereffective|p1a: Bootleg Dog Mew
|-damage|p1a: Bootleg Dog Mew|0 fnt
|-weather|SunnyDay
|faint|p1a: Bootleg Dog Mew
|
|-weather|SunnyDay|[upkeep]
|upkeep
|c|☆WizardGamer49|I saw your moves
|c|☆WizardGamer49|How do you have flare
|inactive|WizardGamer49 has 120 seconds left.
|c|☆WizardGamer49|Grassnot, moonblast, geomancy, and hidden power ice
|l| 1WeedBeard
|inactive|WizardGamer49 has 90 seconds left.
|c|☆WizardGamer49|And you don't have a zorark
|c|☆WizardGamer49|So
|c|☆WizardGamer49|Cheater?
|
|t:|1664294049
|switch|p1a: T-Bone|Yveltal, shiny|100/100
|-ability|p1a: T-Bone|Dark Aura
|-end|p2a: Xerneas|Dynamax
|-heal|p2a: Xerneas|64/100|[silent]
|turn|20
|
|t:|1664294055
|move|p1a: T-Bone|Sucker Punch|p2a: Xerneas
|-resisted|p2a: Xerneas
|-damage|p2a: Xerneas|39/100
|-damage|p1a: T-Bone|91/100|[from] item: Life Orb
|move|p2a: Xerneas|Moonblast|p1a: T-Bone
|-supereffective|p1a: T-Bone
|-crit|p1a: T-Bone
|-damage|p1a: T-Bone|0 fnt
|faint|p1a: T-Bone
|
|-weather|SunnyDay|[upkeep]
|upkeep
|
|t:|1664294060
|switch|p1a: Free Pony Rides|Calyrex-Shadow|100/100
|-ability|p1a: Free Pony Rides|As One
|-ability|p1a: Free Pony Rides|Unnerve
|turn|21
|
|t:|1664294063
|move|p2a: Xerneas|Moonblast|p1a: Free Pony Rides
|-damage|p1a: Free Pony Rides|0 fnt
|faint|p1a: Free Pony Rides
|
|win|amnael01
|raw|WizardGamer49's rating: 1612 &rarr; <strong>1604</strong><br />(-8 for losing)
|raw|amnael01's rating: 1859 &rarr; <strong>1867</strong><br />(+8 for winning)
|l|☆amnael01
|c|☆WizardGamer49|Nice cheats bro
