|j|☆enjoyJC
|j|☆Pawnnel
|t:|1657104934
|gametype|singles
|player|p1|enjoyJC|101|1330
|player|p2|Pawnnel|psychic-gen4|1383
|teamsize|p1|6
|teamsize|p2|6
|gen|8
|tier|[Gen 8] National Dex AG
|rated|
|rule|HP Percentage Mod: HP is shown in percentages
|rule|Endless Battle Clause: Forcing endless battles is banned
|clearpoke
|poke|p1|Togedemaru, L1, M|
|poke|p1|Regieleki|
|poke|p1|Empoleon, M|
|poke|p1|Dracovish|
|poke|p1|Vivillon, F|
|poke|p1|Swoobat, M|
|poke|p2|Venusaur, M|
|poke|p2|Torkoal, M|
|poke|p2|Quagsire, M|
|poke|p2|Garchomp, M|
|poke|p2|Alakazam, M|
|poke|p2|Scizor, M|
|teampreview
|inactive|Battle timer is ON: inactive players will automatically lose when time's up. (requested by Pawnnel)
|
|t:|1657104963
|start
|switch|p1a: Regieleki|Regieleki|100/100
|switch|p2a: Rex|Garchomp, M|100/100
|turn|1
|
|t:|1657104970
|move|p1a: Regieleki|Reflect|p1a: Regieleki
|-sidestart|p1: enjoyJC|Reflect
|move|p2a: Rex|Swords Dance|p2a: Rex
|-boost|p2a: Rex|atk|2
|
|upkeep
|turn|2
|
|t:|1657104975
|move|p1a: Regieleki|Light Screen|p1a: Regieleki
|-sidestart|p1: enjoyJC|move: Light Screen
|move|p2a: Rex|Scale Shot|p1a: Regieleki
|-damage|p1a: Regieleki|73/100
|-damage|p1a: Regieleki|50/100
|-damage|p1a: Regieleki|25/100
|-hitcount|p1a: Regieleki|3
|-unboost|p2a: Rex|def|1
|-boost|p2a: Rex|spe|1
|
|upkeep
|turn|3
|
|t:|1657104988
|move|p1a: Regieleki|Explosion|p2a: Rex
|-damage|p2a: Rex|0 fnt
|faint|p1a: Regieleki
|faint|p2a: Rex
|
|upkeep
|
|t:|1657104996
|switch|p1a: Swoobat|Swoobat, M|100/100
|switch|p2a: Turt|Torkoal, M|100/100
|-weather|SunnyDay|[from] ability: Drought|[of] p2a: Turt
|turn|4
|
|t:|1657105004
|-start|p1a: Swoobat|Dynamax|
|-heal|p1a: Swoobat|100/100|[silent]
|move|p1a: Swoobat|Max Airstream|p2a: Turt
|-damage|p2a: Turt|45/100
|-boost|p1a: Swoobat|spe|2
|move|p2a: Turt|Clear Smog|p1a: Swoobat
|-damage|p1a: Swoobat|95/100
|-clearboost|p1a: Swoobat
|
|-weather|SunnyDay|[upkeep]
|upkeep
|turn|5
|
|t:|1657105020
|switch|p2a: Faust|Alakazam, M|100/100
|move|p1a: Swoobat|Max Airstream|p2a: Faust
|-damage|p2a: Faust|33/100
|-boost|p1a: Swoobat|spe|2
|
|-weather|SunnyDay|[upkeep]
|upkeep
|turn|6
|
|t:|1657105031
|move|p1a: Swoobat|Max Airstream|p2a: Faust
|-damage|p2a: Faust|0 fnt
|-boost|p1a: Swoobat|spe|2
|faint|p2a: Faust
|
|-weather|SunnyDay|[upkeep]
|upkeep
|
|t:|1657105044
|switch|p2a: Turt|Torkoal, M|45/100
|-end|p1a: Swoobat|Dynamax
|-heal|p1a: Swoobat|95/100|[silent]
|turn|7
|
|t:|1657105052
|move|p1a: Swoobat|Stored Power|p2a: Turt
|-damage|p2a: Turt|3/100
|move|p2a: Turt|Stealth Rock|p1a: Swoobat
|-sidestart|p1: enjoyJC|move: Stealth Rock
|
|-weather|SunnyDay|[upkeep]
|upkeep
|turn|8
|
|t:|1657105059
|switch|p2a: Yusuke|Scizor, M|100/100
|move|p1a: Swoobat|Stored Power|p2a: Yusuke
|-resisted|p2a: Yusuke
|-damage|p2a: Yusuke|78/100
|
|-weather|SunnyDay|[upkeep]
|-sideend|p1: enjoyJC|Reflect
|upkeep
|turn|9
|j| Abrar968
|
|t:|1657105072
|detailschange|p2a: Yusuke|Scizor-Mega, M
|-mega|p2a: Yusuke|Scizor|Scizorite
|move|p1a: Swoobat|Heat Wave|p2a: Yusuke
|-supereffective|p2a: Yusuke
|-damage|p2a: Yusuke|0 fnt
|faint|p2a: Yusuke
|
|-weather|SunnyDay|[upkeep]
|-sideend|p1: enjoyJC|move: Light Screen
|upkeep
|
|t:|1657105085
|switch|p2a: Flop|Quagsire, M|100/100
|turn|10
|c| Abrar968|u mf bitch
|
|t:|1657105095
|move|p1a: Swoobat|Stored Power|p2a: Flop
|-damage|p2a: Flop|60/100
|move|p2a: Flop|Liquidation|p1a: Swoobat
|-crit|p1a: Swoobat
|-damage|p1a: Swoobat|54/100
|
|-weather|SunnyDay|[upkeep]
|-heal|p2a: Flop|66/100|[from] item: Leftovers
|upkeep
|turn|11
|c|☆Pawnnel|Tf u say
|
|t:|1657105116
|move|p1a: Swoobat|Stored Power|p2a: Flop
|-damage|p2a: Flop|29/100
|move|p2a: Flop|Liquidation|p1a: Swoobat
|-damage|p1a: Swoobat|31/100
|
|-weather|none
|-heal|p2a: Flop|36/100|[from] item: Leftovers
|upkeep
|turn|12
|c|☆enjoyJC|cant stop cringe
|
|t:|1657105127
|move|p1a: Swoobat|Stored Power|p2a: Flop
|-damage|p2a: Flop|0 fnt
|faint|p2a: Flop
|
|upkeep
|
|t:|1657105137
|switch|p2a: Turt|Torkoal, M|3/100
|-weather|SunnyDay|[from] ability: Drought|[of] p2a: Turt
|turn|13
|c|☆enjoyJC|is a tilted kid ignore
|
|t:|1657105154
|move|p1a: Swoobat|Stored Power|p2a: Turt
|-damage|p2a: Turt|0 fnt
|faint|p2a: Turt
|
|-weather|SunnyDay|[upkeep]
|upkeep
|l| Abrar968
|c|☆Pawnnel|Alright
|c|☆Pawnnel|We can make it
|
|t:|1657105165
|switch|p2a: Bobsor|Venusaur, M|100/100
|turn|14
|
|t:|1657105173
|-start|p2a: Bobsor|Dynamax|Gmax
|-heal|p2a: Bobsor|100/100|[silent]
|move|p1a: Swoobat|Stored Power|p2a: Bobsor
|-supereffective|p2a: Bobsor
|-damage|p2a: Bobsor|60/100
|move|p2a: Bobsor|Max Ooze|p1a: Swoobat
|-damage|p1a: Swoobat|0 fnt
|-boost|p2a: Bobsor|spa|1
|faint|p1a: Swoobat
|-damage|p2a: Bobsor|55/100|[from] item: Life Orb
|
|-weather|SunnyDay|[upkeep]
|upkeep
|c|☆enjoyJC|never seen that
|inactive|enjoyJC has 120 seconds left.
|
|t:|1657105206
|switch|p1a: Dracovish|Dracovish|100/100
|-damage|p1a: Dracovish|88/100|[from] Stealth Rock
|turn|15
|
|t:|1657105214
|move|p2a: Bobsor|G-Max Vine Lash|p1a: Dracovish
|-damage|p1a: Dracovish|0 fnt
|-sidestart|p1: enjoyJC|G-Max Vine Lash
|faint|p1a: Dracovish
|-damage|p2a: Bobsor|50/100|[from] item: Life Orb
|
|-weather|SunnyDay|[upkeep]
|upkeep
|inactive|enjoyJC has 120 seconds left.
|
|t:|1657105224
|switch|p1a: Empoleon|Empoleon, M|100/100
|-damage|p1a: Empoleon|94/100|[from] Stealth Rock
|turn|16
|
|t:|1657105230
|move|p2a: Bobsor|Max Quake|p1a: Empoleon
|-supereffective|p1a: Empoleon
|-damage|p1a: Empoleon|0 fnt
|-boost|p2a: Bobsor|spd|1
|faint|p1a: Empoleon
|-damage|p2a: Bobsor|45/100|[from] item: Life Orb
|
|-weather|SunnyDay|[upkeep]
|upkeep
|inactive|enjoyJC has 120 seconds left.
|
|t:|1657105247
|switch|p1a: Togedemaru|Togedemaru, L1, M|100/100
|-damage|p1a: Togedemaru|92/100|[from] Stealth Rock
|-end|p2a: Bobsor|Dynamax
|-heal|p2a: Bobsor|45/100|[silent]
|turn|17
|
|t:|1657105254
|move|p2a: Bobsor|Giga Drain|p1a: Togedemaru
|-resisted|p1a: Togedemaru
|-damage|p1a: Togedemaru|0 fnt
|-heal|p2a: Bobsor|47/100|[from] drain|[of] p1a: Togedemaru
|faint|p1a: Togedemaru
|-damage|p2a: Bobsor|37/100|[from] item: Life Orb
|
|-weather|SunnyDay|[upkeep]
|upkeep
|
|t:|1657105261
|switch|p1a: Vivillon|Vivillon, F|100/100
|-damage|p1a: Vivillon|50/100|[from] Stealth Rock
|turn|18
|c|☆Pawnnel|Ggs
|c|☆enjoyJC|gg
|
|t:|1657105266
|move|p2a: Bobsor|Weather Ball|p1a: Vivillon
|-supereffective|p1a: Vivillon
|-damage|p1a: Vivillon|0 fnt
|faint|p1a: Vivillon
|-damage|p2a: Bobsor|27/100|[from] item: Life Orb
|
|win|Pawnnel
|raw|enjoyJC's rating: 1330 &rarr; <strong>1313</strong><br />(-17 for losing)
|raw|Pawnnel's rating: 1383 &rarr; <strong>1400</strong><br />(+17 for winning)
