|j|☆AnRandomGuy
|j|☆losturmind
|t:|1667999113
|gametype|singles
|player|p1|AnRandomGuy|steven-masters2|1593
|player|p2|losturmind|265|1745
|teamsize|p1|6
|teamsize|p2|6
|gen|8
|tier|[Gen 8] National Dex AG
|rated|
|rule|HP Percentage Mod: HP is shown in percentages
|rule|Endless Battle Clause: Forcing endless battles is banned
|clearpoke
|poke|p1|Zacian-*|
|poke|p1|Salamence, M|
|poke|p1|Whimsicott, F|
|poke|p1|Zekrom|
|poke|p1|Ditto|
|poke|p1|Xerneas-*|
|poke|p2|Deoxys-Speed|
|poke|p2|Necrozma-Dusk-Mane|
|poke|p2|Yveltal|
|poke|p2|Kangaskhan, F|
|poke|p2|Calyrex-Shadow|
|poke|p2|Kyogre|
|teampreview
|
|t:|1667999121
|start
|switch|p1a: Cotton Girl|Whimsicott, F, shiny|100/100
|switch|p2a: Deoxys|Deoxys-Speed|100/100
|-ability|p2a: Deoxys|Pressure
|turn|1
|
|t:|1667999130
|switch|p2a: Yveltal|Yveltal|100/100
|-ability|p2a: Yveltal|Dark Aura
|move|p1a: Cotton Girl|Taunt|p2a: Yveltal
|-hint|Since gen 7, Dark is immune to Prankster moves.
|-immune|p2a: Yveltal
|
|upkeep
|turn|2
|j| dialga simp idk
|
|t:|1667999142
|switch|p1a: Lord Z|Zekrom|100/100
|-ability|p1a: Lord Z|Teravolt
|move|p2a: Yveltal|Oblivion Wing|p1a: Lord Z
|-resisted|p1a: Lord Z
|-damage|p1a: Lord Z|71/100
|-damage|p2a: Yveltal|91/100|[from] item: Life Orb
|
|upkeep
|turn|3
|
|t:|1667999153
|switch|p2a: Kangaskhan|Kangaskhan, F|100/100
|move|p1a: Lord Z|Dragon Dance|p1a: Lord Z
|-boost|p1a: Lord Z|atk|1
|-boost|p1a: Lord Z|spe|1
|
|upkeep
|turn|4
|
|t:|1667999161
|detailschange|p2a: Kangaskhan|Kangaskhan-Mega, F
|-mega|p2a: Kangaskhan|Kangaskhan|Kangaskhanite
|-start|p1a: Lord Z|Dynamax|
|-heal|p1a: Lord Z|71/100|[silent]
|move|p2a: Kangaskhan|Fake Out|p1a: Lord Z
|-damage|p1a: Lord Z|62/100
|-damage|p1a: Lord Z|60/100
|-hitcount|p1a: Lord Z|2
|move|p1a: Lord Z|Max Lightning|p2a: Kangaskhan
|-damage|p2a: Kangaskhan|0 fnt
|-fieldstart|move: Electric Terrain
|faint|p2a: Kangaskhan
|-damage|p1a: Lord Z|55/100|[from] item: Life Orb
|
|upkeep
|
|t:|1667999175
|switch|p2a: Deoxys|Deoxys-Speed|100/100
|-ability|p2a: Deoxys|Pressure
|turn|5
|
|t:|1667999180
|move|p2a: Deoxys|Stealth Rock|p1a: Lord Z
|-sidestart|p1: AnRandomGuy|move: Stealth Rock
|move|p1a: Lord Z|Max Lightning|p2a: Deoxys
|-enditem|p2a: Deoxys|Focus Sash
|-damage|p2a: Deoxys|1/100
|-damage|p1a: Lord Z|50/100|[from] item: Life Orb
|
|upkeep
|turn|6
|
|t:|1667999189
|move|p2a: Deoxys|Spikes|p1a: Lord Z
|-sidestart|p1: AnRandomGuy|Spikes
|move|p1a: Lord Z|Max Wyrmwind|p2a: Deoxys
|-damage|p2a: Deoxys|0 fnt
|faint|p2a: Deoxys
|-damage|p1a: Lord Z|45/100|[from] item: Life Orb
|
|upkeep
|
|t:|1667999200
|switch|p2a: Calyrex|Calyrex-Shadow|100/100
|-ability|p2a: Calyrex|As One
|-ability|p2a: Calyrex|Unnerve
|-end|p1a: Lord Z|Dynamax
|-heal|p1a: Lord Z|45/100|[silent]
|turn|7
|
|t:|1667999208
|move|p2a: Calyrex|Astral Barrage|p1a: Lord Z
|-damage|p1a: Lord Z|0 fnt
|faint|p1a: Lord Z
|-ability|p2a: Calyrex|Grim Neigh|boost
|-boost|p2a: Calyrex|spa|1
|
|upkeep
|
|t:|1667999219
|switch|p1a: Cotton Girl|Whimsicott, F, shiny|100/100
|-damage|p1a: Cotton Girl|88/100|[from] Stealth Rock
|-damage|p1a: Cotton Girl|76/100|[from] Spikes
|turn|8
|c|☆losturmind|Where is the speed investment
|
|t:|1667999233
|move|p1a: Cotton Girl|Defog|p2a: Calyrex
|-unboost|p2a: Calyrex|evasion|1
|-sideend|p1: AnRandomGuy|Spikes|[from] move: Defog|[of] p1a: Cotton Girl
|-sideend|p1: AnRandomGuy|Stealth Rock|[from] move: Defog|[of] p1a: Cotton Girl
|-fieldend|move: Electric Terrain
|move|p2a: Calyrex|Astral Barrage|p1a: Cotton Girl
|-damage|p1a: Cotton Girl|0 fnt
|faint|p1a: Cotton Girl
|-ability|p2a: Calyrex|Grim Neigh|boost
|-boost|p2a: Calyrex|spa|1
|
|upkeep
|
|t:|1667999244
|switch|p1a: Johnny|Ditto|100/100
|-transform|p1a: Johnny|p2a: Calyrex|[from] ability: Imposter
|turn|9
|
|t:|1667999254
|move|p1a: Johnny|Astral Barrage|p2a: Calyrex
|-supereffective|p2a: Calyrex
|-enditem|p2a: Calyrex|Focus Sash
|-damage|p2a: Calyrex|1/100
|move|p2a: Calyrex|Astral Barrage|p1a: Johnny
|-supereffective|p1a: Johnny
|-enditem|p1a: Johnny|Focus Sash
|-damage|p1a: Johnny|1/100
|
|upkeep
|turn|10
|
|t:|1667999267
|move|p1a: Johnny|Astral Barrage|p2a: Calyrex
|-supereffective|p2a: Calyrex
|-damage|p2a: Calyrex|0 fnt
|faint|p2a: Calyrex
|-ability|p1a: Johnny|Grim Neigh|boost
|-boost|p1a: Johnny|spa|1
|
|upkeep
|
|t:|1667999271
|switch|p2a: Yveltal|Yveltal|91/100
|-ability|p2a: Yveltal|Dark Aura
|turn|11
|
|t:|1667999280
|move|p2a: Yveltal|Sucker Punch||[still]
|-fail|p2a: Yveltal
|move|p1a: Johnny|Baton Pass|p1a: Johnny
|
|t:|1667999284
|switch|p1a: Pixie Queen|Xerneas|100/100|[from]move: Baton Pass
|-ability|p1a: Pixie Queen|Fairy Aura
|
|upkeep
|turn|12
|
|t:|1667999292
|-start|p2a: Yveltal|Dynamax|
|-heal|p2a: Yveltal|91/100|[silent]
|move|p2a: Yveltal|Max Airstream|p1a: Pixie Queen
|-damage|p1a: Pixie Queen|21/100
|-boost|p2a: Yveltal|spe|1
|-damage|p2a: Yveltal|86/100|[from] item: Life Orb
|move|p1a: Pixie Queen|Geomancy||[still]
|-prepare|p1a: Pixie Queen|Geomancy
|-enditem|p1a: Pixie Queen|Power Herb
|-anim|p1a: Pixie Queen|Geomancy|p1a: Pixie Queen
|-boost|p1a: Pixie Queen|spa|2
|-boost|p1a: Pixie Queen|spd|2
|-boost|p1a: Pixie Queen|spe|2
|
|upkeep
|turn|13
|
|t:|1667999309
|-end|p2a: Yveltal|Dynamax
|-heal|p2a: Yveltal|86/100|[silent]
|switch|p2a: Kyogre|Kyogre|100/100
|-weather|RainDance|[from] ability: Drizzle|[of] p2a: Kyogre
|move|p1a: Pixie Queen|Moonblast|p2a: Kyogre
|-damage|p2a: Kyogre|0 fnt
|faint|p2a: Kyogre
|
|-weather|RainDance|[upkeep]
|upkeep
|
|t:|1667999316
|switch|p2a: Yveltal|Yveltal|86/100
|-ability|p2a: Yveltal|Dark Aura
|turn|14
|
|t:|1667999328
|move|p2a: Yveltal|Sucker Punch|p1a: Pixie Queen
|-resisted|p1a: Pixie Queen
|-damage|p1a: Pixie Queen|2/100
|-damage|p2a: Yveltal|76/100|[from] item: Life Orb
|move|p1a: Pixie Queen|Moonblast|p2a: Yveltal
|-supereffective|p2a: Yveltal
|-damage|p2a: Yveltal|0 fnt
|faint|p2a: Yveltal
|
|-weather|RainDance|[upkeep]
|upkeep
|-message|losturmind forfeited.
|
|win|AnRandomGuy
|raw|AnRandomGuy's rating: 1593 &rarr; <strong>1621</strong><br />(+28 for winning)
|raw|losturmind's rating: 1745 &rarr; <strong>1717</strong><br />(-28 for losing)
|l|☆losturmind
|l| dialga simp idk
