|j|☆sukidesuta
|j|☆doot_underscore
|t:|1663805686
|gametype|singles
|player|p1|sukidesuta|shauntal|
|player|p2|doot_underscore|candice|
|teamsize|p1|6
|teamsize|p2|6
|gen|8
|tier|[Gen 8] National Dex AG
|rule|HP Percentage Mod: HP is shown in percentages
|rule|Endless Battle Clause: Forcing endless battles is banned
|clearpoke
|poke|p1|Dragapult, F|
|poke|p1|Marshadow|
|poke|p1|Gengar, F|
|poke|p1|Arceus-*|
|poke|p1|Blacephalon|
|poke|p1|Lunala|
|poke|p2|Landorus-Therian, M|
|poke|p2|Blaziken, F|
|poke|p2|Kyogre|
|poke|p2|Zekrom|
|poke|p2|Tapu Koko|
|poke|p2|Blacephalon|
|teampreview
|
|t:|1663805699
|start
|switch|p1a: Suki|Arceus-Ghost|100/100
|switch|p2a: tapyuku|Tapu Koko|100/100
|-fieldstart|move: Electric Terrain|[from] ability: Electric Surge|[of] p2a: tapyuku
|turn|1
|
|t:|1663805717
|move|p2a: tapyuku|Reflect|p2a: tapyuku
|-sidestart|p2: doot_underscore|Reflect
|move|p1a: Suki|Judgment|p2a: tapyuku
|-damage|p2a: tapyuku|42/100
|
|upkeep
|turn|2
|
|t:|1663805723
|move|p2a: tapyuku|Light Screen|p2a: tapyuku
|-sidestart|p2: doot_underscore|move: Light Screen
|move|p1a: Suki|Stealth Rock|p2a: tapyuku
|-sidestart|p2: doot_underscore|move: Stealth Rock
|
|upkeep
|turn|3
|
|t:|1663805727
|move|p2a: tapyuku|Defog|p1a: Suki
|-unboost|p1a: Suki|evasion|1
|-sideend|p2: doot_underscore|Stealth Rock|[from] move: Defog|[of] p2a: tapyuku
|-fieldend|move: Electric Terrain
|move|p1a: Suki|Will-O-Wisp|p2a: tapyuku
|-status|p2a: tapyuku|brn
|
|-damage|p2a: tapyuku|36/100 brn|[from] brn
|upkeep
|turn|4
|
|t:|1663805729
|move|p2a: tapyuku|U-turn|p1a: Suki
|-resisted|p1a: Suki
|-damage|p1a: Suki|98/100
|
|t:|1663805738
|switch|p2a: wail then|Kyogre|100/100|[from]move: U-turn
|-weather|RainDance|[from] ability: Drizzle|[of] p2a: wail then
|move|p1a: Suki|Stealth Rock|p2a: wail then
|-sidestart|p2: doot_underscore|move: Stealth Rock
|
|-weather|RainDance|[upkeep]
|upkeep
|turn|5
|
|t:|1663805747
|move|p2a: wail then|Water Spout|p1a: Suki
|-damage|p1a: Suki|14/100
|move|p1a: Suki|Will-O-Wisp|p2a: wail then
|-status|p2a: wail then|brn
|
|-weather|RainDance|[upkeep]
|-damage|p2a: wail then|94/100 brn|[from] brn
|upkeep
|turn|6
|
|t:|1663805767
|move|p2a: wail then|Water Spout|p1a: Suki
|-damage|p1a: Suki|0 fnt
|faint|p1a: Suki
|
|-weather|RainDance|[upkeep]
|-damage|p2a: wail then|88/100 brn|[from] brn
|upkeep
|
|t:|1663805777
|switch|p1a: Stella|Lunala|100/100
|turn|7
|
|t:|1663805780
|move|p2a: wail then|Water Spout|p1a: Stella
|-damage|p1a: Stella|61/100
|move|p1a: Stella|Moongeist Beam|p2a: wail then
|-damage|p2a: wail then|66/100 brn
|
|-weather|RainDance|[upkeep]
|-damage|p2a: wail then|59/100 brn|[from] brn
|upkeep
|turn|8
|
|t:|1663805792
|switch|p2a: zach|Zekrom|100/100
|-damage|p2a: zach|88/100|[from] Stealth Rock
|-ability|p2a: zach|Teravolt
|move|p1a: Stella|Moonlight|p1a: Stella
|-heal|p1a: Stella|86/100
|
|-weather|none
|-heal|p2a: zach|94/100|[from] item: Leftovers
|-sideend|p2: doot_underscore|Reflect
|upkeep
|turn|9
|
|t:|1663805800
|switch|p1a: Alex|Marshadow|100/100
|move|p2a: zach|Dragon Dance|p2a: zach
|-boost|p2a: zach|atk|1
|-boost|p2a: zach|spe|1
|
|-heal|p2a: zach|100/100|[from] item: Leftovers
|-sideend|p2: doot_underscore|move: Light Screen
|upkeep
|turn|10
|
|t:|1663805818
|switch|p2a: wail then|Kyogre|59/100 brn
|-damage|p2a: wail then|47/100 brn|[from] Stealth Rock
|-weather|RainDance|[from] ability: Drizzle|[of] p2a: wail then
|move|p1a: Alex|Spectral Thief|p2a: wail then
|-damage|p2a: wail then|0 fnt
|faint|p2a: wail then
|-damage|p1a: Alex|91/100|[from] item: Life Orb
|
|-weather|RainDance|[upkeep]
|upkeep
|c|☆doot_underscore|damn it was life orb
|
|t:|1663805832
|switch|p2a: wait this isnt ou|Landorus-Therian, M|100/100
|-damage|p2a: wait this isnt ou|88/100|[from] Stealth Rock
|-ability|p2a: wait this isnt ou|Intimidate|boost
|-unboost|p1a: Alex|atk|1
|turn|11
|
|t:|1663805836
|switch|p1a: Stella|Lunala|86/100
|move|p2a: wait this isnt ou|Swords Dance|p2a: wait this isnt ou
|-boost|p2a: wait this isnt ou|atk|2
|
|-weather|RainDance|[upkeep]
|upkeep
|turn|12
|
|t:|1663805840
|-start|p2a: wait this isnt ou|Dynamax|
|-heal|p2a: wait this isnt ou|88/100|[silent]
|move|p2a: wait this isnt ou|Max Airstream|p1a: Stella
|-damage|p1a: Stella|0 fnt
|-boost|p2a: wait this isnt ou|spe|1
|faint|p1a: Stella
|-damage|p2a: wait this isnt ou|83/100|[from] item: Life Orb
|
|-weather|RainDance|[upkeep]
|upkeep
|c|☆sukidesuta|yeah i forgot to ban dmax
|
|t:|1663805850
|switch|p1a: Yokina|Dragapult, F|100/100
|turn|13
|c|☆doot_underscore|rip
|
|t:|1663805856
|move|p2a: wait this isnt ou|Max Quake|p1a: Yokina
|-damage|p1a: Yokina|0 fnt
|-boost|p2a: wait this isnt ou|spd|1
|faint|p1a: Yokina
|-damage|p2a: wait this isnt ou|79/100|[from] item: Life Orb
|
|-weather|RainDance|[upkeep]
|upkeep
|
|t:|1663805865
|switch|p1a: Alex|Marshadow|91/100
|turn|14
|c|☆sukidesuta|gonna ban it after this
|c|☆sukidesuta|but obviously it's allowed for you
|
|t:|1663805885
|move|p2a: wait this isnt ou|Max Airstream|p1a: Alex
|-supereffective|p1a: Alex
|-damage|p1a: Alex|0 fnt
|-boost|p2a: wait this isnt ou|spe|1
|faint|p1a: Alex
|-damage|p2a: wait this isnt ou|74/100|[from] item: Life Orb
|
|-weather|none
|upkeep
|
|t:|1663805888
|switch|p1a: Aiden|Gengar, F|100/100
|-end|p2a: wait this isnt ou|Dynamax
|-heal|p2a: wait this isnt ou|74/100|[silent]
|turn|15
|
|t:|1663805894
|detailschange|p1a: Aiden|Gengar-Mega, F
|-mega|p1a: Aiden|Gengar|Gengarite
|move|p2a: wait this isnt ou|Earthquake|p1a: Aiden
|-supereffective|p1a: Aiden
|-damage|p1a: Aiden|0 fnt
|faint|p1a: Aiden
|-damage|p2a: wait this isnt ou|64/100|[from] item: Life Orb
|
|upkeep
|
|t:|1663805896
|switch|p1a: Aster|Blacephalon|100/100
|turn|16
|c|☆doot_underscore|this is just my dynamax murderer
|c|☆sukidesuta|yep lol
|c|☆sukidesuta|gg
|c|☆doot_underscore|gg
|
|t:|1663805908
|-start|p1a: Aster|Dynamax|
|-heal|p1a: Aster|100/100|[silent]
|move|p2a: wait this isnt ou|Earthquake|p1a: Aster
|-supereffective|p1a: Aster
|-damage|p1a: Aster|0 fnt
|faint|p1a: Aster
|-damage|p2a: wait this isnt ou|54/100|[from] item: Life Orb
|
|win|doot_underscore
