|j|☆Fasrathh
|j|☆soda49
|t:|1652927647
|gametype|singles
|player|p1|Fasrathh|265|1519
|player|p2|soda49|101|1695
|teamsize|p1|6
|teamsize|p2|6
|gen|8
|tier|[Gen 8] National Dex AG
|rated|
|rule|HP Percentage Mod: HP is shown in percentages
|rule|Endless Battle Clause: Forcing endless battles is banned
|clearpoke
|poke|p1|Ferrothorn, M|
|poke|p1|Zacian-*|
|poke|p1|Yveltal|
|poke|p1|Gengar, F|
|poke|p1|Groudon|
|poke|p1|Kyogre|
|poke|p2|Charizard, F|
|poke|p2|Mimikyu, M|
|poke|p2|Smeargle, F|
|poke|p2|Calyrex-Shadow|
|poke|p2|Thundurus, M|
|poke|p2|Zacian-*|
|teampreview
|
|t:|1652927719
|start
|switch|p1a: Kyogre|Kyogre|100/100
|switch|p2a: Charizard|Charizard, F|100/100
|-weather|RainDance|[from] ability: Drizzle|[of] p1a: Kyogre
|turn|1
|
|t:|1652927738
|move|p1a: Kyogre|Water Spout|p2a: Charizard
|-supereffective|p2a: Charizard
|-damage|p2a: Charizard|0 fnt
|faint|p2a: Charizard
|
|-weather|RainDance|[upkeep]
|upkeep
|
|t:|1652927740
|switch|p2a: Mimikyu|Mimikyu, M|100/100
|turn|2
|
|t:|1652927759
|move|p1a: Kyogre|Water Spout|p2a: Mimikyu
|-activate|p2a: Mimikyu|ability: Disguise
|-damage|p2a: Mimikyu|100/100
|detailschange|p2a: Mimikyu|Mimikyu-Busted, M
|-damage|p2a: Mimikyu|88/100|[from] pokemon: Mimikyu-Busted
|-zpower|p2a: Mimikyu
|move|p2a: Mimikyu|Let's Snuggle Forever|p1a: Kyogre|[zeffect]
|-damage|p1a: Kyogre|13/100
|
|-weather|RainDance|[upkeep]
|upkeep
|turn|3
|
|t:|1652927765
|switch|p1a: Ferrothorn|Ferrothorn, M|100/100
|move|p2a: Mimikyu|Shadow Sneak|p1a: Ferrothorn
|-damage|p1a: Ferrothorn|90/100
|-damage|p2a: Mimikyu|76/100|[from] ability: Iron Barbs|[of] p1a: Ferrothorn
|-damage|p2a: Mimikyu|59/100|[from] item: Rocky Helmet|[of] p1a: Ferrothorn
|
|-weather|RainDance|[upkeep]
|upkeep
|turn|4
|
|t:|1652927770
|move|p2a: Mimikyu|Curse|p1a: Ferrothorn
|-start|p1a: Ferrothorn|Curse|[of] p2a: Mimikyu
|-damage|p2a: Mimikyu|9/100
|move|p1a: Ferrothorn|Stealth Rock|p2a: Mimikyu
|-sidestart|p2: soda49|move: Stealth Rock
|
|-weather|RainDance|[upkeep]
|-damage|p1a: Ferrothorn|65/100|[from] Curse
|upkeep
|turn|5
|c|☆Fasrathh|wow
|c|☆Fasrathh|based
|
|t:|1652927781
|switch|p1a: Yveltal|Yveltal|100/100
|-ability|p1a: Yveltal|Dark Aura
|move|p2a: Mimikyu|Curse|p1a: Yveltal
|-start|p1a: Yveltal|Curse|[of] p2a: Mimikyu
|-damage|p2a: Mimikyu|0 fnt
|faint|p2a: Mimikyu
|
|-weather|none
|-damage|p1a: Yveltal|75/100|[from] Curse
|upkeep
|
|t:|1652927786
|switch|p2a: Thundurus|Thundurus, M|100/100
|turn|6
|
|t:|1652927791
|switch|p1a: Groudon|Groudon|100/100
|detailschange|p1a: Groudon|Groudon-Primal
|-primal|p1a: Groudon
|-weather|DesolateLand|[from] ability: Desolate Land|[of] p1a: Groudon
|move|p2a: Thundurus|Wild Charge|p1a: Groudon
|-immune|p1a: Groudon
|
|-weather|DesolateLand|[upkeep]
|upkeep
|turn|7
|
|t:|1652927795
|move|p2a: Thundurus|Defog|p1a: Groudon
|-unboost|p1a: Groudon|evasion|1
|-sideend|p2: soda49|Stealth Rock|[from] move: Defog|[of] p2a: Thundurus
|move|p1a: Groudon|Overheat|p2a: Thundurus
|-damage|p2a: Thundurus|0 fnt
|-unboost|p1a: Groudon|spa|2
|faint|p2a: Thundurus
|
|-weather|DesolateLand|[upkeep]
|upkeep
|
|t:|1652927805
|switch|p2a: Calyrex|Calyrex-Shadow|100/100
|-ability|p2a: Calyrex|As One
|-ability|p2a: Calyrex|Unnerve
|turn|8
|
|t:|1652927808
|move|p2a: Calyrex|Nasty Plot|p2a: Calyrex
|-boost|p2a: Calyrex|spa|2
|move|p1a: Groudon|Precipice Blades|p2a: Calyrex
|-damage|p2a: Calyrex|18/100
|
|-weather|DesolateLand|[upkeep]
|upkeep
|turn|9
|
|t:|1652927811
|move|p2a: Calyrex|Astral Barrage|p1a: Groudon
|-damage|p1a: Groudon|0 fnt
|faint|p1a: Groudon
|-weather|none
|-ability|p2a: Calyrex|Grim Neigh|boost
|-boost|p2a: Calyrex|spa|1
|
|upkeep
|
|t:|1652927820
|switch|p1a: Yveltal|Yveltal|75/100
|-ability|p1a: Yveltal|Dark Aura
|turn|10
|
|t:|1652927826
|switch|p2a: Smeargle|Smeargle, F|100/100
|move|p1a: Yveltal|Sucker Punch||[still]
|-fail|p1a: Yveltal
|
|-ability|p2a: Smeargle|Moody|boost
|-boost|p2a: Smeargle|def|2
|-unboost|p2a: Smeargle|spe|1
|upkeep
|turn|11
|
|t:|1652927832
|switch|p1a: Ferrothorn|Ferrothorn, M|65/100
|move|p2a: Smeargle|Spore|p1a: Ferrothorn
|-immune|p1a: Ferrothorn
|
|-ability|p2a: Smeargle|Moody|boost
|-boost|p2a: Smeargle|spe|2
|-unboost|p2a: Smeargle|atk|1
|upkeep
|turn|12
|
|t:|1652927835
|move|p2a: Smeargle|Substitute|p2a: Smeargle
|-start|p2a: Smeargle|Substitute
|-damage|p2a: Smeargle|76/100
|move|p1a: Ferrothorn|Knock Off|p2a: Smeargle
|-end|p2a: Smeargle|Substitute
|
|-heal|p2a: Smeargle|82/100|[from] item: Leftovers
|-ability|p2a: Smeargle|Moody|boost
|-boost|p2a: Smeargle|def|2
|-unboost|p2a: Smeargle|spa|1
|upkeep
|turn|13
|
|t:|1652927839
|move|p2a: Smeargle|Substitute|p2a: Smeargle
|-start|p2a: Smeargle|Substitute
|-damage|p2a: Smeargle|57/100
|move|p1a: Ferrothorn|Knock Off|p2a: Smeargle
|-activate|p2a: Smeargle|move: Substitute|[damage]
|
|-heal|p2a: Smeargle|63/100|[from] item: Leftovers
|-ability|p2a: Smeargle|Moody|boost
|-boost|p2a: Smeargle|spe|2
|-unboost|p2a: Smeargle|atk|1
|upkeep
|turn|14
|
|t:|1652927845
|move|p2a: Smeargle|Shell Smash|p2a: Smeargle
|-unboost|p2a: Smeargle|def|1
|-unboost|p2a: Smeargle|spd|1
|-boost|p2a: Smeargle|atk|2
|-boost|p2a: Smeargle|spa|2
|-boost|p2a: Smeargle|spe|2
|move|p1a: Ferrothorn|Knock Off|p2a: Smeargle
|-end|p2a: Smeargle|Substitute
|
|-heal|p2a: Smeargle|69/100|[from] item: Leftovers
|-ability|p2a: Smeargle|Moody|boost
|-boost|p2a: Smeargle|spd|2
|-unboost|p2a: Smeargle|def|1
|upkeep
|turn|15
|
|t:|1652927877
|move|p2a: Smeargle|Substitute|p2a: Smeargle
|-start|p2a: Smeargle|Substitute
|-damage|p2a: Smeargle|44/100
|move|p1a: Ferrothorn|Stealth Rock|p2a: Smeargle
|-sidestart|p2: soda49|move: Stealth Rock
|
|-heal|p2a: Smeargle|50/100|[from] item: Leftovers
|-ability|p2a: Smeargle|Moody|boost
|-boost|p2a: Smeargle|spa|2
|-unboost|p2a: Smeargle|spd|1
|upkeep
|turn|16
|
|t:|1652927890
|switch|p1a: Gengar|Gengar, F|100/100
|move|p2a: Smeargle|Shell Smash|p2a: Smeargle
|-unboost|p2a: Smeargle|def|1
|-unboost|p2a: Smeargle|spd|1
|-boost|p2a: Smeargle|atk|2
|-boost|p2a: Smeargle|spa|2
|-boost|p2a: Smeargle|spe|1
|
|-heal|p2a: Smeargle|56/100|[from] item: Leftovers
|-ability|p2a: Smeargle|Moody|boost
|-boost|p2a: Smeargle|def|2
|-unboost|p2a: Smeargle|atk|1
|upkeep
|turn|17
|
|t:|1652927896
|detailschange|p1a: Gengar|Gengar-Mega, F
|-mega|p1a: Gengar|Gengar|Gengarite
|move|p2a: Smeargle|Spore|p1a: Gengar
|-status|p1a: Gengar|slp|[from] move: Spore
|cant|p1a: Gengar|slp
|
|-heal|p2a: Smeargle|62/100|[from] item: Leftovers
|-ability|p2a: Smeargle|Moody|boost
|-boost|p2a: Smeargle|def|2
|-unboost|p2a: Smeargle|spe|1
|upkeep
|turn|18
|
|t:|1652927900
|move|p2a: Smeargle|Power Trip|p1a: Gengar
|-supereffective|p1a: Gengar
|-damage|p1a: Gengar|0 fnt
|faint|p1a: Gengar
|
|-heal|p2a: Smeargle|68/100|[from] item: Leftovers
|-ability|p2a: Smeargle|Moody|boost
|-boost|p2a: Smeargle|spe|1
|-unboost|p2a: Smeargle|atk|1
|upkeep
|
|t:|1652927906
|switch|p1a: Zacian|Zacian-Crowned|100/100
|-ability|p1a: Zacian|Intrepid Sword|boost
|-boost|p1a: Zacian|atk|1
|turn|19
|
|t:|1652927912
|move|p2a: Smeargle|Spore|p1a: Zacian
|-status|p1a: Zacian|slp|[from] move: Spore
|cant|p1a: Zacian|slp
|
|-heal|p2a: Smeargle|74/100|[from] item: Leftovers
|-ability|p2a: Smeargle|Moody|boost
|-boost|p2a: Smeargle|atk|2
|-unboost|p2a: Smeargle|spe|1
|upkeep
|turn|20
|
|t:|1652927918
|move|p2a: Smeargle|Power Trip|p1a: Zacian
|-resisted|p1a: Zacian
|-damage|p1a: Zacian|53/100 slp
|cant|p1a: Zacian|slp
|
|-heal|p2a: Smeargle|80/100|[from] item: Leftovers
|-ability|p2a: Smeargle|Moody|boost
|-boost|p2a: Smeargle|spd|2
|-unboost|p2a: Smeargle|def|1
|upkeep
|turn|21
|
|t:|1652927925
|switch|p1a: Ferrothorn|Ferrothorn, M|65/100
|move|p2a: Smeargle|Power Trip|p1a: Ferrothorn
|-damage|p1a: Ferrothorn|6/100
|-damage|p2a: Smeargle|68/100|[from] ability: Iron Barbs|[of] p1a: Ferrothorn
|-damage|p2a: Smeargle|51/100|[from] item: Rocky Helmet|[of] p1a: Ferrothorn
|
|-heal|p2a: Smeargle|57/100|[from] item: Leftovers
|-ability|p2a: Smeargle|Moody|boost
|-boost|p2a: Smeargle|def|2
|-unboost|p2a: Smeargle|spd|1
|upkeep
|turn|22
|
|t:|1652927929
|move|p2a: Smeargle|Power Trip|p1a: Ferrothorn
|-damage|p1a: Ferrothorn|0 fnt
|-damage|p2a: Smeargle|45/100|[from] ability: Iron Barbs|[of] p1a: Ferrothorn
|-damage|p2a: Smeargle|29/100|[from] item: Rocky Helmet|[of] p1a: Ferrothorn
|faint|p1a: Ferrothorn
|
|-heal|p2a: Smeargle|35/100|[from] item: Leftovers
|-ability|p2a: Smeargle|Moody|boost
|-boost|p2a: Smeargle|spd|2
|-unboost|p2a: Smeargle|spe|1
|upkeep
|
|t:|1652927935
|switch|p1a: Zacian|Zacian-Crowned|53/100 slp
|-ability|p1a: Zacian|Intrepid Sword|boost
|-boost|p1a: Zacian|atk|1
|turn|23
|
|t:|1652927940
|move|p2a: Smeargle|Power Trip|p1a: Zacian
|-resisted|p1a: Zacian
|-damage|p1a: Zacian|6/100 slp
|-curestatus|p1a: Zacian|slp|[msg]
|move|p1a: Zacian|Behemoth Blade|p2a: Smeargle
|-crit|p2a: Smeargle
|-end|p2a: Smeargle|Substitute
|
|-heal|p2a: Smeargle|41/100|[from] item: Leftovers
|-ability|p2a: Smeargle|Moody|boost
|-boost|p2a: Smeargle|spe|2
|-unboost|p2a: Smeargle|atk|1
|upkeep
|turn|24
|
|t:|1652927947
|move|p2a: Smeargle|Spore|p1a: Zacian
|-status|p1a: Zacian|slp|[from] move: Spore
|cant|p1a: Zacian|slp
|
|-heal|p2a: Smeargle|47/100|[from] item: Leftovers
|-ability|p2a: Smeargle|Moody|boost
|-boost|p2a: Smeargle|spd|2
|-unboost|p2a: Smeargle|atk|1
|upkeep
|turn|25
|
|t:|1652927949
|move|p2a: Smeargle|Substitute|p2a: Smeargle
|-start|p2a: Smeargle|Substitute
|-damage|p2a: Smeargle|22/100
|cant|p1a: Zacian|slp
|
|-heal|p2a: Smeargle|28/100|[from] item: Leftovers
|-ability|p2a: Smeargle|Moody|boost
|-boost|p2a: Smeargle|atk|2
|-unboost|p2a: Smeargle|def|1
|upkeep
|turn|26
|-message|Fasrathh forfeited.
|
|win|soda49
|raw|Fasrathh's rating: 1519 &rarr; <strong>1508</strong><br />(-11 for losing)
|raw|soda49's rating: 1695 &rarr; <strong>1706</strong><br />(+11 for winning)
|l|☆Fasrathh
