|j|☆Radical1233
|j|☆Tocause
|t:|1651465985
|gametype|singles
|player|p1|Radical1233|scientist|1543
|player|p2|Tocause|colress|1588
|teamsize|p1|6
|teamsize|p2|6
|gen|8
|tier|[Gen 8] National Dex AG
|rated|
|rule|HP Percentage Mod: HP is shown in percentages
|rule|Endless Battle Clause: Forcing endless battles is banned
|clearpoke
|poke|p1|Shuckle, M|
|poke|p1|Yveltal|
|poke|p1|Necrozma-Dusk-Mane|
|poke|p1|Kyogre|
|poke|p1|Zacian-*|
|poke|p1|Rayquaza|
|poke|p2|Groudon|
|poke|p2|Rayquaza|
|poke|p2|Necrozma-Dusk-Mane|
|poke|p2|Xerneas-*|
|poke|p2|Yveltal|
|poke|p2|Zacian-*|
|teampreview
|inactive|Battle timer is ON: inactive players will automatically lose when time's up. (requested by Tocause)
|
|t:|1651465996
|start
|switch|p1a: Birb|Yveltal, shiny|100/100
|switch|p2a: Groudon|Groudon|100/100
|-ability|p1a: Birb|Dark Aura
|detailschange|p2a: Groudon|Groudon-Primal
|-primal|p2a: Groudon
|-weather|DesolateLand|[from] ability: Desolate Land|[of] p2a: Groudon
|turn|1
|
|t:|1651466007
|move|p1a: Birb|Taunt|p2a: Groudon
|-start|p2a: Groudon|move: Taunt
|cant|p2a: Groudon|move: Taunt|Thunder Wave
|
|-weather|DesolateLand|[upkeep]
|upkeep
|turn|2
|
|t:|1651466014
|switch|p1a: Save Me Pls|Shuckle, M|100/100
|-weather|none
|switch|p2a: Zacian|Zacian-Crowned|100/100
|-ability|p2a: Zacian|Intrepid Sword|boost
|-boost|p2a: Zacian|atk|1
|
|upkeep
|turn|3
|
|t:|1651466023
|move|p2a: Zacian|Behemoth Blade|p1a: Save Me Pls
|-supereffective|p1a: Save Me Pls
|-damage|p1a: Save Me Pls|4/100
|move|p1a: Save Me Pls|Stealth Rock|p2a: Zacian
|-sidestart|p2: Tocause|move: Stealth Rock
|
|upkeep
|turn|4
|-enditem|p1a: Save Me Pls|Custap Berry|[eat]
|-activate|p1a: Save Me Pls|item: Custap Berry|[consumed]
|
|t:|1651466047
|move|p1a: Save Me Pls|Sticky Web|p2a: Zacian
|-sidestart|p2: Tocause|move: Sticky Web
|move|p2a: Zacian|Behemoth Blade|p1a: Save Me Pls
|-supereffective|p1a: Save Me Pls
|-damage|p1a: Save Me Pls|0 fnt
|faint|p1a: Save Me Pls
|
|upkeep
|
|t:|1651466060
|switch|p1a: Pow Pow|Rayquaza|100/100
|-ability|p1a: Pow Pow|Air Lock
|turn|5
|
|t:|1651466065
|detailschange|p1a: Pow Pow|Rayquaza-Mega
|-mega|p1a: Pow Pow|Rayquaza|
|-weather|DeltaStream|[from] ability: Delta Stream|[of] p1a: Pow Pow
|move|p2a: Zacian|Behemoth Blade|p1a: Pow Pow
|-damage|p1a: Pow Pow|13/100
|move|p1a: Pow Pow|V-create|p2a: Zacian
|-supereffective|p2a: Zacian
|-damage|p2a: Zacian|0 fnt
|-unboost|p1a: Pow Pow|spe|1
|-unboost|p1a: Pow Pow|def|1
|-unboost|p1a: Pow Pow|spd|1
|faint|p2a: Zacian
|-damage|p1a: Pow Pow|3/100|[from] item: Life Orb
|
|-weather|DeltaStream|[upkeep]
|upkeep
|
|t:|1651466078
|switch|p2a: Yveltal|Yveltal|100/100
|-ability|p2a: Yveltal|Dark Aura
|turn|6
|
|t:|1651466087
|-weather|none
|switch|p1a: Birb|Yveltal, shiny|100/100
|-ability|p1a: Birb|Dark Aura
|move|p2a: Yveltal|Defog|p1a: Birb
|-unboost|p1a: Birb|evasion|1
|-sideend|p2: Tocause|Stealth Rock|[from] move: Defog|[of] p2a: Yveltal
|-sideend|p2: Tocause|Sticky Web|[from] move: Defog|[of] p2a: Yveltal
|
|upkeep
|turn|7
|
|t:|1651466096
|move|p1a: Birb|Oblivion Wing|p2a: Yveltal
|-damage|p2a: Yveltal|71/100
|move|p2a: Yveltal|Knock Off|p1a: Birb
|-resisted|p1a: Birb
|-damage|p1a: Birb|75/100
|-enditem|p1a: Birb|Heavy-Duty Boots|[from] move: Knock Off|[of] p2a: Yveltal
|
|upkeep
|turn|8
|
|t:|1651466107
|move|p1a: Birb|Taunt|p2a: Yveltal
|-start|p2a: Yveltal|move: Taunt
|move|p2a: Yveltal|U-turn|p1a: Birb
|-damage|p1a: Birb|57/100
|
|t:|1651466113
|switch|p2a: Xerneas|Xerneas|100/100|[from]move: U-turn
|-ability|p2a: Xerneas|Fairy Aura
|
|upkeep
|turn|9
|
|t:|1651466118
|move|p1a: Birb|Taunt|p2a: Xerneas
|-start|p2a: Xerneas|move: Taunt
|cant|p2a: Xerneas|move: Taunt|Geomancy
|
|upkeep
|turn|10
|
|t:|1651466124
|switch|p1a: Nebby|Necrozma-Dusk-Mane|100/100
|move|p2a: Xerneas|Moonblast|p1a: Nebby
|-resisted|p1a: Nebby
|-damage|p1a: Nebby|67/100
|-unboost|p1a: Nebby|spa|1
|
|upkeep
|turn|11
|
|t:|1651466132
|switch|p2a: Groudon|Groudon-Primal|100/100
|-weather|DesolateLand|[from] ability: Desolate Land|[of] p2a: Groudon
|move|p1a: Nebby|Dragon Dance|p1a: Nebby
|-boost|p1a: Nebby|atk|1
|-boost|p1a: Nebby|spe|1
|
|-weather|DesolateLand|[upkeep]
|upkeep
|turn|12
|
|t:|1651466143
|-start|p1a: Nebby|Dynamax|
|-heal|p1a: Nebby|67/100|[silent]
|move|p1a: Nebby|Max Quake|p2a: Groudon
|-supereffective|p2a: Groudon
|-damage|p2a: Groudon|0 fnt
|-boost|p1a: Nebby|spd|1
|faint|p2a: Groudon
|-weather|none
|-damage|p1a: Nebby|62/100|[from] item: Life Orb
|
|upkeep
|
|t:|1651466152
|switch|p2a: Necrozma|Necrozma-Dusk-Mane|100/100
|turn|13
|
|t:|1651466156
|move|p1a: Nebby|Max Quake|p2a: Necrozma
|-supereffective|p2a: Necrozma
|-damage|p2a: Necrozma|2/100
|-boost|p1a: Nebby|spd|1
|-damage|p1a: Nebby|58/100|[from] item: Life Orb
|move|p2a: Necrozma|Morning Sun|p2a: Necrozma
|-heal|p2a: Necrozma|52/100
|
|upkeep
|turn|14
|
|t:|1651466166
|switch|p2a: Rayquaza|Rayquaza|100/100
|-ability|p2a: Rayquaza|Air Lock
|move|p1a: Nebby|Max Quake|p2a: Rayquaza
|-immune|p2a: Rayquaza
|
|upkeep
|-end|p1a: Nebby|Dynamax
|-heal|p1a: Nebby|58/100|[silent]
|turn|15
|
|t:|1651466178
|detailschange|p2a: Rayquaza|Rayquaza-Mega
|-mega|p2a: Rayquaza|Rayquaza|
|-weather|DeltaStream|[from] ability: Delta Stream|[of] p2a: Rayquaza
|move|p1a: Nebby|Sunsteel Strike|p2a: Rayquaza
|-damage|p2a: Rayquaza|0 fnt
|faint|p2a: Rayquaza
|-weather|none
|-damage|p1a: Nebby|48/100|[from] item: Life Orb
|
|upkeep
|
|t:|1651466188
|switch|p2a: Necrozma|Necrozma-Dusk-Mane|52/100
|turn|16
|
|t:|1651466191
|move|p1a: Nebby|Earthquake|p2a: Necrozma
|-supereffective|p2a: Necrozma
|-damage|p2a: Necrozma|0 fnt
|faint|p2a: Necrozma
|-damage|p1a: Nebby|38/100|[from] item: Life Orb
|
|upkeep
|
|t:|1651466199
|switch|p2a: Yveltal|Yveltal|71/100
|-ability|p2a: Yveltal|Dark Aura
|turn|17
|
|t:|1651466204
|move|p1a: Nebby|Sunsteel Strike|p2a: Yveltal
|-damage|p2a: Yveltal|0 fnt
|faint|p2a: Yveltal
|-damage|p1a: Nebby|28/100|[from] item: Life Orb
|
|upkeep
|-message|Tocause forfeited.
|
|win|Radical1233
|raw|Radical1233's rating: 1543 &rarr; <strong>1566</strong><br />(+23 for winning)
|raw|Tocause's rating: 1588 &rarr; <strong>1565</strong><br />(-23 for losing)
|l|☆Tocause
|c|☆Radical1233|gg
