|j|☆BasakBooster1
|j|☆RUiNtheExtinct
|t:|1665384898
|gametype|singles
|player|p1|BasakBooster1|lucas|1876
|player|p2|RUiNtheExtinct|red-gen7|1800
|teamsize|p1|6
|teamsize|p2|6
|gen|8
|tier|[Gen 8] National Dex AG
|rated|
|rule|HP Percentage Mod: HP is shown in percentages
|rule|Endless Battle Clause: Forcing endless battles is banned
|clearpoke
|poke|p1|Groudon|
|poke|p1|Rayquaza|
|poke|p1|Zygarde|
|poke|p1|Calyrex-Shadow|
|poke|p1|Arceus-*|
|poke|p1|Arceus-*|
|poke|p2|Groudon|
|poke|p2|Ditto|
|poke|p2|Rayquaza|
|poke|p2|Yveltal|
|poke|p2|Smeargle, M|
|poke|p2|Arceus-*|
|teampreview
|j| 09-10a
|
|t:|1665384905
|start
|switch|p1a: the gwoat|Rayquaza|100/100
|switch|p2a: Rayquaza|Rayquaza|100/100
|-ability|p2a: Rayquaza|Air Lock
|-ability|p1a: the gwoat|Air Lock
|turn|1
|
|t:|1665384908
|detailschange|p2a: Rayquaza|Rayquaza-Mega
|-mega|p2a: Rayquaza|Rayquaza|
|-weather|DeltaStream|[from] ability: Delta Stream|[of] p2a: Rayquaza
|detailschange|p1a: the gwoat|Rayquaza-Mega
|-mega|p1a: the gwoat|Rayquaza|
|move|p2a: Rayquaza|Scale Shot|p1a: the gwoat
|-supereffective|p1a: the gwoat
|-damage|p1a: the gwoat|61/100
|-supereffective|p1a: the gwoat
|-damage|p1a: the gwoat|18/100
|-supereffective|p1a: the gwoat
|-damage|p1a: the gwoat|0 fnt
|faint|p1a: the gwoat
|-hitcount|p1: the gwoat|3
|-unboost|p2a: Rayquaza|def|1
|-boost|p2a: Rayquaza|spe|1
|-damage|p2a: Rayquaza|91/100|[from] item: Life Orb
|
|-weather|DeltaStream|[upkeep]
|upkeep
|
|t:|1665384917
|switch|p1a: Pyra|Groudon|100/100
|detailschange|p1a: Pyra|Groudon-Primal
|-primal|p1a: Pyra
|-weather|DesolateLand|[from] ability: Desolate Land|[of] p1a: Pyra
|turn|2
|inactive|Battle timer is ON: inactive players will automatically lose when time's up. (requested by RUiNtheExtinct)
|
|t:|1665384922
|switch|p2a: Groudon|Groudon|100/100
|detailschange|p2a: Groudon|Groudon-Primal
|-primal|p2a: Groudon
|move|p1a: Pyra|Thunder Wave|p2a: Groudon
|-immune|p2a: Groudon
|
|-weather|DesolateLand|[upkeep]
|upkeep
|turn|3
|
|t:|1665384926
|move|p1a: Pyra|Precipice Blades|p2a: Groudon
|-supereffective|p2a: Groudon
|-damage|p2a: Groudon|26/100
|move|p2a: Groudon|Stealth Rock|p1a: Pyra
|-sidestart|p1: BasakBooster1|move: Stealth Rock
|
|-weather|DesolateLand|[upkeep]
|upkeep
|turn|4
|
|t:|1665384929
|move|p1a: Pyra|Stealth Rock|p2a: Groudon
|-sidestart|p2: RUiNtheExtinct|move: Stealth Rock
|move|p2a: Groudon|Earthquake|p1a: Pyra
|-supereffective|p1a: Pyra
|-damage|p1a: Pyra|35/100
|
|-weather|DesolateLand|[upkeep]
|upkeep
|turn|5
|
|t:|1665384932
|switch|p1a: the goat|Zygarde, shiny|100/100
|-damage|p1a: the goat|94/100|[from] Stealth Rock
|-weather|none
|switch|p2a: Rayquaza|Rayquaza-Mega|91/100
|-damage|p2a: Rayquaza|66/100|[from] Stealth Rock
|-weather|DeltaStream|[from] ability: Delta Stream|[of] p2a: Rayquaza
|
|-weather|DeltaStream|[upkeep]
|-heal|p1a: the goat|100/100|[from] item: Leftovers
|upkeep
|turn|6
|
|t:|1665384936
|switch|p1a: Arceus|Arceus-Fairy|100/100
|-damage|p1a: Arceus|88/100|[from] Stealth Rock
|move|p2a: Rayquaza|Scale Shot|p1a: Arceus
|-immune|p1a: Arceus
|
|-weather|DeltaStream|[upkeep]
|upkeep
|turn|7
|
|t:|1665384943
|-weather|none
|switch|p2a: Groudon|Groudon-Primal|26/100
|-damage|p2a: Groudon|13/100|[from] Stealth Rock
|-weather|DesolateLand|[from] ability: Desolate Land|[of] p2a: Groudon
|move|p1a: Arceus|Thunder Wave|p2a: Groudon
|-immune|p2a: Groudon
|
|-weather|DesolateLand|[upkeep]
|upkeep
|turn|8
|
|t:|1665384949
|move|p1a: Arceus|Judgment|p2a: Groudon
|-resisted|p2a: Groudon
|-damage|p2a: Groudon|0 fnt
|faint|p2a: Groudon
|-weather|none
|
|upkeep
|
|t:|1665384953
|switch|p2a: Smeargle|Smeargle, M|100/100
|-damage|p2a: Smeargle|88/100|[from] Stealth Rock
|turn|9
|
|t:|1665384962
|move|p1a: Arceus|Judgment|p2a: Smeargle
|-damage|p2a: Smeargle|0 fnt
|faint|p2a: Smeargle
|
|upkeep
|
|t:|1665384966
|switch|p2a: Arceus|Arceus-Flying|100/100
|-damage|p2a: Arceus|76/100|[from] Stealth Rock
|turn|10
|
|t:|1665384972
|move|p2a: Arceus|Swords Dance|p2a: Arceus
|-boost|p2a: Arceus|atk|2
|move|p1a: Arceus|Thunder Wave|p2a: Arceus
|-status|p2a: Arceus|par
|
|upkeep
|turn|11
|
|t:|1665384974
|move|p1a: Arceus|Perish Song|p1a: Arceus
|-start|p1a: Arceus|perish3|[silent]
|-start|p2a: Arceus|perish3|[silent]
|-fieldactivate|move: Perish Song
|cant|p2a: Arceus|par
|
|-start|p1a: Arceus|perish3
|-start|p2a: Arceus|perish3
|upkeep
|turn|12
|
|t:|1665384979
|move|p1a: Arceus|Judgment|p2a: Arceus
|-damage|p2a: Arceus|43/100 par
|cant|p2a: Arceus|par
|
|-start|p1a: Arceus|perish2
|-start|p2a: Arceus|perish2
|upkeep
|turn|13
|
|t:|1665384983
|switch|p1a: Pyra|Groudon-Primal|35/100
|-damage|p1a: Pyra|23/100|[from] Stealth Rock
|-weather|DesolateLand|[from] ability: Desolate Land|[of] p1a: Pyra
|move|p2a: Arceus|Fly||[still]
|-prepare|p2a: Arceus|Fly
|
|-weather|DesolateLand|[upkeep]
|-start|p2a: Arceus|perish1
|upkeep
|turn|14
|
|t:|1665384987
|move|p1a: Pyra|Thunder Wave|p2a: Arceus|[miss]
|-miss|p1a: Pyra|p2a: Arceus
|move|p2a: Arceus|Fly|p1a: Pyra|[from]lockedmove
|-damage|p1a: Pyra|0 fnt
|faint|p1a: Pyra
|-weather|none
|
|-start|p2a: Arceus|perish0
|upkeep
|faint|p2a: Arceus
|c|☆RUiNtheExtinct|srsly
|
|t:|1665384999
|switch|p2a: Yveltal|Yveltal|100/100
|switch|p1a: Arceus|Arceus-Fairy|88/100
|-damage|p1a: Arceus|76/100|[from] Stealth Rock
|-damage|p2a: Yveltal|76/100|[from] Stealth Rock
|-ability|p2a: Yveltal|Dark Aura
|turn|15
|
|t:|1665385003
|-start|p1a: Arceus|Dynamax|
|-heal|p1a: Arceus|76/100|[silent]
|-start|p2a: Yveltal|Dynamax|
|-heal|p2a: Yveltal|76/100|[silent]
|move|p1a: Arceus|Max Starfall|p2a: Yveltal
|-supereffective|p2a: Yveltal
|-crit|p2a: Yveltal
|-damage|p2a: Yveltal|0 fnt
|-fieldstart|move: Misty Terrain
|faint|p2a: Yveltal
|
|upkeep
|c|☆BasakBooster1|goo goo gaga?
|c|☆BasakBooster1|hit dat forfeit button playa
|c|☆RUiNtheExtinct|go go ga faa
|-message|RUiNtheExtinct forfeited.
|
|win|BasakBooster1
|raw|BasakBooster1's rating: 1876 &rarr; <strong>1892</strong><br />(+16 for winning)
|raw|RUiNtheExtinct's rating: 1800 &rarr; <strong>1784</strong><br />(-16 for losing)
|l|☆RUiNtheExtinct
|c|☆BasakBooster1|lmao
