|j|☆alt1445645
|j|☆lemoncell0
|t:|1661397626
|gametype|singles
|player|p1|alt1445645|266|1663
|player|p2|lemoncell0|allister|1882
|teamsize|p1|6
|teamsize|p2|6
|gen|8
|tier|[Gen 8] National Dex AG
|rated|
|rule|HP Percentage Mod: HP is shown in percentages
|rule|Endless Battle Clause: Forcing endless battles is banned
|clearpoke
|poke|p1|Groudon|
|poke|p1|Rayquaza|
|poke|p1|Zygarde|
|poke|p1|Arceus-*|
|poke|p1|Calyrex-Shadow|
|poke|p1|Xerneas-*|
|poke|p2|Latias, F|
|poke|p2|Quagsire, M|
|poke|p2|Tyranitar, M|
|poke|p2|Ditto|
|poke|p2|Gothitelle, F|
|poke|p2|Zacian-*|
|teampreview
|
|t:|1661397631
|start
|switch|p1a: Shi Oh You|Zygarde, shiny|100/100
|switch|p2a: Latias|Latias, F|100/100
|turn|1
|inactive|Battle timer is ON: inactive players will automatically lose when time's up. (requested by lemoncell0)
|
|t:|1661397637
|switch|p2a: Quagsire|Quagsire, M|100/100
|switch|p1a: Xerneas|Xerneas|100/100
|-ability|p1a: Xerneas|Fairy Aura
|
|upkeep
|turn|2
|
|t:|1661397650
|move|p1a: Xerneas|Geomancy||[still]
|-prepare|p1a: Xerneas|Geomancy
|-enditem|p1a: Xerneas|Power Herb
|-anim|p1a: Xerneas|Geomancy|p1a: Xerneas
|-boost|p1a: Xerneas|spa|2
|-boost|p1a: Xerneas|spd|2
|-boost|p1a: Xerneas|spe|2
|move|p2a: Quagsire|Haze|p2a: Quagsire
|-clearallboost
|
|upkeep
|turn|3
|
|t:|1661397653
|switch|p2a: Zacian|Zacian-Crowned|100/100
|-ability|p2a: Zacian|Intrepid Sword|boost
|-boost|p2a: Zacian|atk|1
|move|p1a: Xerneas|Draining Kiss|p2a: Zacian
|-resisted|p2a: Zacian
|-damage|p2a: Zacian|84/100
|
|upkeep
|turn|4
|
|t:|1661397657
|switch|p1a: Pyra|Groudon|100/100
|detailschange|p1a: Pyra|Groudon-Primal
|-primal|p1a: Pyra
|-weather|DesolateLand|[from] ability: Desolate Land|[of] p1a: Pyra
|move|p2a: Zacian|Close Combat|p1a: Pyra
|-damage|p1a: Pyra|56/100
|-unboost|p2a: Zacian|def|1
|-unboost|p2a: Zacian|spd|1
|
|-weather|DesolateLand|[upkeep]
|upkeep
|turn|5
|
|t:|1661397663
|switch|p2a: Latias|Latias, F|100/100
|move|p1a: Pyra|Thunder Wave|p2a: Latias
|-status|p2a: Latias|par
|
|-weather|DesolateLand|[upkeep]
|upkeep
|turn|6
|
|t:|1661397666
|detailschange|p2a: Latias|Latias-Mega, F
|-mega|p2a: Latias|Latias|Latiasite
|move|p1a: Pyra|Stealth Rock|p2a: Latias
|-sidestart|p2: lemoncell0|move: Stealth Rock
|move|p2a: Latias|Toxic|p1a: Pyra
|-status|p1a: Pyra|tox
|
|-weather|DesolateLand|[upkeep]
|-damage|p1a: Pyra|49/100 tox|[from] psn
|upkeep
|turn|7
|
|t:|1661397668
|move|p1a: Pyra|Heat Crash|p2a: Latias
|-resisted|p2a: Latias
|-damage|p2a: Latias|48/100 par
|move|p2a: Latias|Defog|p1a: Pyra
|-unboost|p1a: Pyra|evasion|1
|-sideend|p2: lemoncell0|Stealth Rock|[from] move: Defog|[of] p2a: Latias
|
|-weather|DesolateLand|[upkeep]
|-damage|p1a: Pyra|37/100 tox|[from] psn
|upkeep
|turn|8
|
|t:|1661397671
|move|p1a: Pyra|Stealth Rock|p2a: Latias
|-sidestart|p2: lemoncell0|move: Stealth Rock
|cant|p2a: Latias|par
|
|-weather|DesolateLand|[upkeep]
|-damage|p1a: Pyra|19/100 tox|[from] psn
|upkeep
|turn|9
|
|t:|1661397673
|move|p1a: Pyra|Heat Crash|p2a: Latias
|-resisted|p2a: Latias
|-damage|p2a: Latias|1/100 par
|move|p2a: Latias|Defog|p1a: Pyra
|-unboost|p1a: Pyra|evasion|1
|-sideend|p2: lemoncell0|Stealth Rock|[from] move: Defog|[of] p2a: Latias
|
|-weather|DesolateLand|[upkeep]
|-damage|p1a: Pyra|0 fnt|[from] psn
|faint|p1a: Pyra
|-weather|none
|upkeep
|
|t:|1661397680
|switch|p1a: Shi Oh You|Zygarde, shiny|100/100
|turn|10
|
|t:|1661397683
|move|p1a: Shi Oh You|Substitute|p1a: Shi Oh You
|-start|p1a: Shi Oh You|Substitute
|-damage|p1a: Shi Oh You|75/100
|move|p2a: Latias|Draco Meteor|p1a: Shi Oh You
|-supereffective|p1a: Shi Oh You
|-end|p1a: Shi Oh You|Substitute
|-unboost|p2a: Latias|spa|2
|
|-heal|p1a: Shi Oh You|82/100|[from] item: Leftovers
|upkeep
|turn|11
|
|t:|1661397686
|move|p1a: Shi Oh You|Substitute|p1a: Shi Oh You
|-start|p1a: Shi Oh You|Substitute
|-damage|p1a: Shi Oh You|57/100
|move|p2a: Latias|Recover|p2a: Latias
|-heal|p2a: Latias|51/100 par
|
|-heal|p1a: Shi Oh You|63/100|[from] item: Leftovers
|upkeep
|turn|12
|
|t:|1661397690
|switch|p2a: Quagsire|Quagsire, M|100/100
|move|p1a: Shi Oh You|Dragon Dance|p1a: Shi Oh You
|-boost|p1a: Shi Oh You|atk|1
|-boost|p1a: Shi Oh You|spe|1
|
|-heal|p1a: Shi Oh You|69/100|[from] item: Leftovers
|upkeep
|turn|13
|
|t:|1661397692
|move|p1a: Shi Oh You|Glare|p2a: Quagsire
|-status|p2a: Quagsire|par
|move|p2a: Quagsire|Counter||[still]
|-fail|p2a: Quagsire
|
|-heal|p1a: Shi Oh You|75/100|[from] item: Leftovers
|upkeep
|turn|14
|
|t:|1661397700
|move|p1a: Shi Oh You|Thousand Arrows|p2a: Quagsire
|-damage|p2a: Quagsire|79/100 par
|cant|p2a: Quagsire|par
|
|-heal|p1a: Shi Oh You|81/100|[from] item: Leftovers
|upkeep
|turn|15
|
|t:|1661397711
|switch|p1a: Calyrex|Calyrex-Shadow|100/100
|-ability|p1a: Calyrex|As One
|-ability|p1a: Calyrex|Unnerve
|move|p2a: Quagsire|Recover|p2a: Quagsire
|-heal|p2a: Quagsire|100/100 par
|
|upkeep
|turn|16
|
|t:|1661397724
|switch|p2a: Tyranitar|Tyranitar, M|100/100
|-weather|Sandstorm|[from] ability: Sand Stream|[of] p2a: Tyranitar
|move|p1a: Calyrex|Leech Seed|p2a: Tyranitar
|-start|p2a: Tyranitar|move: Leech Seed
|
|-weather|Sandstorm|[upkeep]
|-damage|p1a: Calyrex|94/100|[from] Sandstorm
|-heal|p1a: Calyrex|100/100|[from] item: Leftovers
|-damage|p2a: Tyranitar|88/100|[from] Leech Seed|[of] p1a: Calyrex
|upkeep
|turn|17
|
|t:|1661397726
|move|p1a: Calyrex|Substitute|p1a: Calyrex
|-start|p1a: Calyrex|Substitute
|-damage|p1a: Calyrex|76/100
|move|p2a: Tyranitar|Pursuit|p1a: Calyrex
|-supereffective|p1a: Calyrex
|-end|p1a: Calyrex|Substitute
|
|-weather|Sandstorm|[upkeep]
|-damage|p1a: Calyrex|70/100|[from] Sandstorm
|-heal|p1a: Calyrex|76/100|[from] item: Leftovers
|-heal|p2a: Tyranitar|94/100|[from] item: Leftovers
|-damage|p2a: Tyranitar|82/100|[from] Leech Seed|[of] p1a: Calyrex
|-heal|p1a: Calyrex|90/100|[silent]
|upkeep
|turn|18
|
|t:|1661397729
|move|p1a: Calyrex|Substitute|p1a: Calyrex
|-start|p1a: Calyrex|Substitute
|-damage|p1a: Calyrex|65/100
|move|p2a: Tyranitar|Rock Blast|p1a: Calyrex
|-activate|p1a: Calyrex|move: Substitute|[damage]
|-crit|p1a: Calyrex
|-end|p1a: Calyrex|Substitute
|-hitcount|p1a: Calyrex|2
|
|-weather|Sandstorm|[upkeep]
|-damage|p1a: Calyrex|59/100|[from] Sandstorm
|-heal|p1a: Calyrex|65/100|[from] item: Leftovers
|-heal|p2a: Tyranitar|88/100|[from] item: Leftovers
|-damage|p2a: Tyranitar|76/100|[from] Leech Seed|[of] p1a: Calyrex
|-heal|p1a: Calyrex|80/100|[silent]
|upkeep
|turn|19
|
|t:|1661397739
|move|p1a: Calyrex|Substitute|p1a: Calyrex
|-start|p1a: Calyrex|Substitute
|-damage|p1a: Calyrex|55/100
|move|p2a: Tyranitar|Rock Blast|p1a: Calyrex|[miss]
|-miss|p2a: Tyranitar|p1a: Calyrex
|
|-weather|Sandstorm|[upkeep]
|-damage|p1a: Calyrex|49/100|[from] Sandstorm
|-heal|p1a: Calyrex|55/100|[from] item: Leftovers
|-heal|p2a: Tyranitar|82/100|[from] item: Leftovers
|-damage|p2a: Tyranitar|70/100|[from] Leech Seed|[of] p1a: Calyrex
|-heal|p1a: Calyrex|70/100|[silent]
|upkeep
|turn|20
|
|t:|1661397744
|move|p1a: Calyrex|Draining Kiss|p2a: Tyranitar
|-supereffective|p2a: Tyranitar
|-damage|p2a: Tyranitar|52/100
|-heal|p1a: Calyrex|86/100|[from] drain|[of] p2a: Tyranitar
|move|p2a: Tyranitar|Rock Blast|p1a: Calyrex
|-crit|p1a: Calyrex
|-activate|p1a: Calyrex|move: Substitute|[damage]
|-end|p1a: Calyrex|Substitute
|-hitcount|p1a: Calyrex|2
|
|-weather|none
|-heal|p1a: Calyrex|92/100|[from] item: Leftovers
|-heal|p2a: Tyranitar|58/100|[from] item: Leftovers
|-damage|p2a: Tyranitar|46/100|[from] Leech Seed|[of] p1a: Calyrex
|-heal|p1a: Calyrex|100/100|[silent]
|upkeep
|turn|21
|
|t:|1661397750
|switch|p2a: Latias|Latias-Mega, F|51/100 par
|move|p1a: Calyrex|Substitute|p1a: Calyrex
|-start|p1a: Calyrex|Substitute
|-damage|p1a: Calyrex|76/100
|
|-heal|p1a: Calyrex|82/100|[from] item: Leftovers
|upkeep
|turn|22
|
|t:|1661397754
|move|p1a: Calyrex|Astral Barrage|p2a: Latias
|-supereffective|p2a: Latias
|-damage|p2a: Latias|0 fnt
|faint|p2a: Latias
|-ability|p1a: Calyrex|Grim Neigh|boost
|-boost|p1a: Calyrex|spa|1
|
|-heal|p1a: Calyrex|88/100|[from] item: Leftovers
|upkeep
|
|t:|1661397756
|switch|p2a: Tyranitar|Tyranitar, M|46/100
|-weather|Sandstorm|[from] ability: Sand Stream|[of] p2a: Tyranitar
|turn|23
|
|t:|1661397760
|move|p1a: Calyrex|Leech Seed|p2a: Tyranitar
|-start|p2a: Tyranitar|move: Leech Seed
|move|p2a: Tyranitar|Rock Blast|p1a: Calyrex
|-crit|p1a: Calyrex
|-activate|p1a: Calyrex|move: Substitute|[damage]
|-end|p1a: Calyrex|Substitute
|-damage|p1a: Calyrex|75/100
|-hitcount|p1a: Calyrex|3
|
|-weather|Sandstorm|[upkeep]
|-damage|p1a: Calyrex|69/100|[from] Sandstorm
|-heal|p1a: Calyrex|75/100|[from] item: Leftovers
|-heal|p2a: Tyranitar|52/100|[from] item: Leftovers
|-damage|p2a: Tyranitar|39/100|[from] Leech Seed|[of] p1a: Calyrex
|-heal|p1a: Calyrex|89/100|[silent]
|upkeep
|turn|24
|
|t:|1661397764
|move|p1a: Calyrex|Substitute|p1a: Calyrex
|-start|p1a: Calyrex|Substitute
|-damage|p1a: Calyrex|65/100
|move|p2a: Tyranitar|Rock Blast|p1a: Calyrex
|-activate|p1a: Calyrex|move: Substitute|[damage]
|-end|p1a: Calyrex|Substitute
|-damage|p1a: Calyrex|50/100
|-damage|p1a: Calyrex|37/100
|-hitcount|p1a: Calyrex|4
|
|-weather|Sandstorm|[upkeep]
|-damage|p1a: Calyrex|31/100|[from] Sandstorm
|-heal|p1a: Calyrex|37/100|[from] item: Leftovers
|-heal|p2a: Tyranitar|46/100|[from] item: Leftovers
|-damage|p2a: Tyranitar|33/100|[from] Leech Seed|[of] p1a: Calyrex
|-heal|p1a: Calyrex|51/100|[silent]
|upkeep
|turn|25
|
|t:|1661397769
|move|p1a: Calyrex|Substitute|p1a: Calyrex
|-start|p1a: Calyrex|Substitute
|-damage|p1a: Calyrex|27/100
|move|p2a: Tyranitar|Rock Blast|p1a: Calyrex
|-activate|p1a: Calyrex|move: Substitute|[damage]
|-end|p1a: Calyrex|Substitute
|-damage|p1a: Calyrex|13/100
|-damage|p1a: Calyrex|0 fnt
|faint|p1a: Calyrex
|-hitcount|p1: Calyrex|4
|
|-weather|Sandstorm|[upkeep]
|-heal|p2a: Tyranitar|39/100|[from] item: Leftovers
|upkeep
|
|t:|1661397780
|switch|p1a: Shi Oh You|Zygarde, shiny|81/100
|turn|26
|
|t:|1661397797
|switch|p1a: Xerneas|Xerneas|100/100
|-ability|p1a: Xerneas|Fairy Aura
|switch|p2a: Quagsire|Quagsire, M|100/100 par
|
|-weather|Sandstorm|[upkeep]
|-damage|p1a: Xerneas|94/100|[from] Sandstorm
|upkeep
|turn|27
|
|t:|1661397804
|switch|p2a: Tyranitar|Tyranitar, M|39/100
|move|p1a: Xerneas|Hidden Power|p2a: Tyranitar
|-supereffective|p2a: Tyranitar
|-damage|p2a: Tyranitar|20/100
|
|-weather|none
|-heal|p2a: Tyranitar|26/100|[from] item: Leftovers
|upkeep
|turn|28
|
|t:|1661397806
|move|p1a: Xerneas|Draining Kiss|p2a: Tyranitar
|-supereffective|p2a: Tyranitar
|-damage|p2a: Tyranitar|0 fnt
|-heal|p1a: Xerneas|100/100|[from] drain|[of] p2a: Tyranitar
|faint|p2a: Tyranitar
|
|upkeep
|
|t:|1661397808
|switch|p2a: Zacian|Zacian-Crowned|84/100
|-ability|p2a: Zacian|Intrepid Sword|boost
|-boost|p2a: Zacian|atk|1
|turn|29
|
|t:|1661397815
|move|p2a: Zacian|Behemoth Blade|p1a: Xerneas
|-supereffective|p1a: Xerneas
|-damage|p1a: Xerneas|0 fnt
|faint|p1a: Xerneas
|
|upkeep
|
|t:|1661397817
|switch|p1a: Pneuma|Rayquaza|100/100
|-ability|p1a: Pneuma|Air Lock
|turn|30
|
|t:|1661397831
|switch|p2a: Gothitelle|Gothitelle, F|100/100
|detailschange|p1a: Pneuma|Rayquaza-Mega
|-mega|p1a: Pneuma|Rayquaza|
|-weather|DeltaStream|[from] ability: Delta Stream|[of] p1a: Pneuma
|move|p1a: Pneuma|Earthquake|p2a: Gothitelle
|-damage|p2a: Gothitelle|64/100
|
|-weather|DeltaStream|[upkeep]
|-heal|p2a: Gothitelle|70/100|[from] item: Leftovers
|upkeep
|turn|31
|
|t:|1661397837
|move|p1a: Pneuma|Dragon Ascent|p2a: Gothitelle
|-damage|p2a: Gothitelle|0 fnt
|-unboost|p1a: Pneuma|def|1
|-unboost|p1a: Pneuma|spd|1
|faint|p2a: Gothitelle
|
|-weather|DeltaStream|[upkeep]
|upkeep
|
|t:|1661397839
|switch|p2a: Zacian|Zacian-Crowned|84/100
|-ability|p2a: Zacian|Intrepid Sword|boost
|-boost|p2a: Zacian|atk|1
|turn|32
|
|t:|1661397841
|move|p2a: Zacian|Behemoth Blade|p1a: Pneuma
|-enditem|p1a: Pneuma|Focus Sash
|-damage|p1a: Pneuma|1/100
|move|p1a: Pneuma|Earthquake|p2a: Zacian
|-supereffective|p2a: Zacian
|-damage|p2a: Zacian|0 fnt
|faint|p2a: Zacian
|
|-weather|DeltaStream|[upkeep]
|upkeep
|
|t:|1661397843
|switch|p2a: Ditto|Ditto|100/100
|-transform|p2a: Ditto|p1a: Pneuma|[from] ability: Imposter
|turn|33
|
|t:|1661397847
|move|p2a: Ditto|Extreme Speed|p1a: Pneuma
|-damage|p1a: Pneuma|0 fnt
|faint|p1a: Pneuma
|
|-weather|DeltaStream|[upkeep]
|upkeep
|
|t:|1661397851
|switch|p1a: Shi Oh You|Zygarde, shiny|81/100
|turn|34
|
|t:|1661397857
|-weather|none
|switch|p2a: Quagsire|Quagsire, M|100/100 par
|move|p1a: Shi Oh You|Substitute|p1a: Shi Oh You
|-start|p1a: Shi Oh You|Substitute
|-damage|p1a: Shi Oh You|56/100
|
|-heal|p1a: Shi Oh You|63/100|[from] item: Leftovers
|upkeep
|turn|35
|
|t:|1661397860
|move|p1a: Shi Oh You|Thousand Arrows|p2a: Quagsire
|-crit|p2a: Quagsire
|-damage|p2a: Quagsire|70/100 par
|cant|p2a: Quagsire|par
|
|-heal|p1a: Shi Oh You|69/100|[from] item: Leftovers
|upkeep
|turn|36
|
|t:|1661397863
|move|p1a: Shi Oh You|Thousand Arrows|p2a: Quagsire
|-damage|p2a: Quagsire|48/100 par
|move|p2a: Quagsire|Recover|p2a: Quagsire
|-heal|p2a: Quagsire|98/100 par
|
|-heal|p1a: Shi Oh You|75/100|[from] item: Leftovers
|upkeep
|turn|37
|
|t:|1661397869
|move|p1a: Shi Oh You|Dragon Dance|p1a: Shi Oh You
|-boost|p1a: Shi Oh You|atk|1
|-boost|p1a: Shi Oh You|spe|1
|move|p2a: Quagsire|Counter||[still]
|-fail|p2a: Quagsire
|
|-heal|p1a: Shi Oh You|81/100|[from] item: Leftovers
|upkeep
|turn|38
|
|t:|1661397881
|move|p1a: Shi Oh You|Thousand Arrows|p2a: Quagsire
|-damage|p2a: Quagsire|77/100 par
|cant|p2a: Quagsire|par
|
|-heal|p1a: Shi Oh You|87/100|[from] item: Leftovers
|upkeep
|turn|39
|
|t:|1661397884
|move|p1a: Shi Oh You|Thousand Arrows|p2a: Quagsire
|-damage|p2a: Quagsire|57/100 par
|move|p2a: Quagsire|Recover|p2a: Quagsire
|-heal|p2a: Quagsire|100/100 par
|
|-heal|p1a: Shi Oh You|94/100|[from] item: Leftovers
|upkeep
|turn|40
|
|t:|1661397890
|move|p1a: Shi Oh You|Thousand Arrows|p2a: Quagsire
|-damage|p2a: Quagsire|80/100 par
|move|p2a: Quagsire|Earthquake|p1a: Shi Oh You
|-activate|p1a: Shi Oh You|move: Substitute|[damage]
|
|-heal|p1a: Shi Oh You|99/100|[from] item: Leftovers
|upkeep
|turn|41
|
|t:|1661397897
|move|p1a: Shi Oh You|Substitute|p1a: Shi Oh You
|-fail|p1a: Shi Oh You|move: Substitute
|move|p2a: Quagsire|Earthquake|p1a: Shi Oh You
|-end|p1a: Shi Oh You|Substitute
|
|-heal|p1a: Shi Oh You|100/100|[from] item: Leftovers
|upkeep
|turn|42
|
|t:|1661397910
|switch|p1a: Arceus|Arceus|100/100
|move|p2a: Quagsire|Earthquake|p1a: Arceus
|-damage|p1a: Arceus|79/100
|
|upkeep
|turn|43
|
|t:|1661397923
|-start|p1a: Arceus|Dynamax|
|-heal|p1a: Arceus|79/100|[silent]
|move|p1a: Arceus|Max Strike|p2a: Quagsire
|-crit|p2a: Quagsire
|-damage|p2a: Quagsire|3/100 par
|-unboost|p2a: Quagsire|spe|1
|move|p2a: Quagsire|Recover|p2a: Quagsire
|-heal|p2a: Quagsire|53/100 par
|
|upkeep
|turn|44
|
|t:|1661397936
|-start|p2a: Quagsire|Dynamax|
|-heal|p2a: Quagsire|53/100 par|[silent]
|move|p2a: Quagsire|Max Guard|p2a: Quagsire
|-singleturn|p2a: Quagsire|Max Guard
|move|p1a: Arceus|Max Strike|p2a: Quagsire
|-activate|p2a: Quagsire|move: Max Guard
|
|upkeep
|turn|45
|
|t:|1661397939
|move|p1a: Arceus|Max Strike|p2a: Quagsire
|-damage|p2a: Quagsire|27/100 par
|-unboost|p2a: Quagsire|spe|1
|cant|p2a: Quagsire|par
|
|upkeep
|-end|p1a: Arceus|Dynamax
|-heal|p1a: Arceus|79/100|[silent]
|turn|46
|
|t:|1661397945
|move|p2a: Quagsire|Max Guard|p2a: Quagsire
|-singleturn|p2a: Quagsire|Max Guard
|move|p1a: Arceus|Extreme Speed|p2a: Quagsire
|-activate|p2a: Quagsire|move: Max Guard
|
|upkeep
|-end|p2a: Quagsire|Dynamax
|-heal|p2a: Quagsire|27/100 par|[silent]
|turn|47
|
|t:|1661397947
|move|p1a: Arceus|Extreme Speed|p2a: Quagsire
|-damage|p2a: Quagsire|0 fnt
|-damage|p1a: Arceus|63/100|[from] item: Rocky Helmet|[of] p2a: Quagsire
|faint|p2a: Quagsire
|
|upkeep
|
|t:|1661397948
|switch|p2a: Ditto|Ditto|100/100
|-transform|p2a: Ditto|p1a: Arceus|[from] ability: Imposter
|turn|48
|
|t:|1661397953
|move|p2a: Ditto|Extreme Speed|p1a: Arceus
|-damage|p1a: Arceus|34/100
|move|p1a: Arceus|Extreme Speed|p2a: Ditto
|-damage|p2a: Ditto|60/100
|
|upkeep
|turn|49
|
|t:|1661397955
|move|p2a: Ditto|Extreme Speed|p1a: Arceus
|-damage|p1a: Arceus|6/100
|move|p1a: Arceus|Extreme Speed|p2a: Ditto
|-damage|p2a: Ditto|15/100
|
|upkeep
|turn|50
|
|t:|1661397957
|move|p2a: Ditto|Extreme Speed|p1a: Arceus
|-damage|p1a: Arceus|0 fnt
|faint|p1a: Arceus
|
|upkeep
|
|t:|1661397959
|switch|p1a: Shi Oh You|Zygarde, shiny|100/100
|turn|51
|
|t:|1661397964
|move|p2a: Ditto|Extreme Speed|p1a: Shi Oh You
|-damage|p1a: Shi Oh You|77/100
|move|p1a: Shi Oh You|Thousand Arrows|p2a: Ditto
|-damage|p2a: Ditto|0 fnt
|faint|p2a: Ditto
|
|win|alt1445645
|raw|alt1445645's rating: 1663 &rarr; <strong>1695</strong><br />(+32 for winning)
|raw|lemoncell0's rating: 1896 &rarr; <strong>1864</strong><br />(-32 for losing)
|l|☆lemoncell0
||Ladder isn't responding, score probably updated but might not have (Request timeout).
