|j|☆Opnoob 598
|j|☆la speranza
|t:|1659318443
|gametype|singles
|player|p1|Opnoob 598|steven-masters|1841
|player|p2|la speranza|169|1920
|teamsize|p1|6
|teamsize|p2|6
|gen|8
|tier|[Gen 8] National Dex AG
|rated|
|rule|HP Percentage Mod: HP is shown in percentages
|rule|Endless Battle Clause: Forcing endless battles is banned
|clearpoke
|poke|p1|Arceus-*|
|poke|p1|Arceus-*|
|poke|p1|Necrozma-Dusk-Mane|
|poke|p1|Zygarde|
|poke|p1|Rayquaza|
|poke|p1|Ho-Oh|
|poke|p2|Arceus-*|
|poke|p2|Arceus-*|
|poke|p2|Ditto|
|poke|p2|Arceus-*|
|poke|p2|Arceus-*|
|poke|p2|Arceus-*|
|teampreview
|
|t:|1659318449
|start
|switch|p1a: Necrozma|Necrozma-Dusk-Mane|100/100
|switch|p2a: Arceus|Arceus-Electric|100/100
|turn|1
|
|t:|1659318457
|move|p2a: Arceus|Stealth Rock|p1a: Necrozma
|-sidestart|p1: Opnoob 598|move: Stealth Rock
|move|p1a: Necrozma|Stealth Rock|p2a: Arceus
|-sidestart|p2: la speranza|move: Stealth Rock
|
|upkeep
|turn|2
|
|t:|1659318462
|move|p2a: Arceus|Judgment|p1a: Necrozma
|-damage|p1a: Necrozma|54/100
|move|p1a: Necrozma|Earthquake|p2a: Arceus
|-supereffective|p2a: Arceus
|-damage|p2a: Arceus|57/100
|
|upkeep
|turn|3
|
|t:|1659318466
|move|p2a: Arceus|Judgment|p1a: Necrozma
|-damage|p1a: Necrozma|0 fnt
|faint|p1a: Necrozma
|
|upkeep
|
|t:|1659318472
|switch|p1a: Zygarde|Zygarde, shiny|100/100
|-damage|p1a: Zygarde|94/100|[from] Stealth Rock
|turn|4
|
|t:|1659318475
|move|p2a: Arceus|Ice Beam|p1a: Zygarde
|-supereffective|p1a: Zygarde
|-damage|p1a: Zygarde|0 fnt
|faint|p1a: Zygarde
|
|upkeep
|
|t:|1659318484
|switch|p1a: Arceus|Arceus-Dark|100/100
|-damage|p1a: Arceus|88/100|[from] Stealth Rock
|turn|5
|
|t:|1659318487
|move|p2a: Arceus|Judgment|p1a: Arceus
|-damage|p1a: Arceus|58/100
|move|p1a: Arceus|Judgment|p2a: Arceus
|-damage|p2a: Arceus|24/100
|
|upkeep
|turn|6
|
|t:|1659318494
|move|p2a: Arceus|Judgment|p1a: Arceus
|-damage|p1a: Arceus|28/100
|move|p1a: Arceus|Recover|p1a: Arceus
|-heal|p1a: Arceus|78/100
|
|upkeep
|turn|7
|
|t:|1659318499
|move|p2a: Arceus|Judgment|p1a: Arceus
|-damage|p1a: Arceus|46/100
|move|p1a: Arceus|Judgment|p2a: Arceus
|-damage|p2a: Arceus|0 fnt
|faint|p2a: Arceus
|
|upkeep
|
|t:|1659318504
|switch|p2a: Arceus|Arceus-Dark|100/100
|-damage|p2a: Arceus|88/100|[from] Stealth Rock
|turn|8
|
|t:|1659318508
|move|p2a: Arceus|Calm Mind|p2a: Arceus
|-boost|p2a: Arceus|spa|1
|-boost|p2a: Arceus|spd|1
|move|p1a: Arceus|Recover|p1a: Arceus
|-heal|p1a: Arceus|96/100
|
|upkeep
|turn|9
|
|t:|1659318511
|move|p2a: Arceus|Focus Blast|p1a: Arceus
|-supereffective|p1a: Arceus
|-damage|p1a: Arceus|30/100
|move|p1a: Arceus|Calm Mind|p1a: Arceus
|-boost|p1a: Arceus|spa|1
|-boost|p1a: Arceus|spd|1
|
|upkeep
|turn|10
|
|t:|1659318515
|move|p2a: Arceus|Focus Blast|p1a: Arceus
|-supereffective|p1a: Arceus
|-crit|p1a: Arceus
|-damage|p1a: Arceus|0 fnt
|faint|p1a: Arceus
|
|upkeep
|
|t:|1659318518
|switch|p1a: Ho-Oh|Ho-Oh|100/100
|turn|11
|
|t:|1659318523
|-start|p2a: Arceus|Dynamax|
|-heal|p2a: Arceus|88/100|[silent]
|move|p2a: Arceus|Max Darkness|p1a: Ho-Oh
|-damage|p1a: Ho-Oh|38/100
|-unboost|p1a: Ho-Oh|spd|1
|move|p1a: Ho-Oh|Thunder Wave|p2a: Arceus
|-status|p2a: Arceus|par
|
|upkeep
|turn|12
|
|t:|1659318530
|switch|p1a: Arceus|Arceus-Water|100/100
|-damage|p1a: Arceus|88/100|[from] Stealth Rock
|cant|p2a: Arceus|par
|
|upkeep
|turn|13
|
|t:|1659318537
|switch|p1a: Rayquaza|Rayquaza|100/100
|-damage|p1a: Rayquaza|76/100|[from] Stealth Rock
|-ability|p1a: Rayquaza|Air Lock
|move|p2a: Arceus|Max Darkness|p1a: Rayquaza
|-damage|p1a: Rayquaza|0 fnt
|faint|p1a: Rayquaza
|
|upkeep
|
|t:|1659318539
|switch|p1a: Ho-Oh|Ho-Oh|72/100
|-end|p2a: Arceus|Dynamax
|-heal|p2a: Arceus|88/100 par|[silent]
|turn|14
|
|t:|1659318542
|-start|p1a: Ho-Oh|Dynamax|
|-heal|p1a: Ho-Oh|72/100|[silent]
|move|p1a: Ho-Oh|Max Flare|p2a: Arceus
|-damage|p2a: Arceus|48/100 par
|-weather|SunnyDay
|move|p2a: Arceus|Judgment|p1a: Ho-Oh
|-damage|p1a: Ho-Oh|46/100
|
|-weather|SunnyDay|[upkeep]
|upkeep
|turn|15
|
|t:|1659318546
|move|p1a: Ho-Oh|Max Flare|p2a: Arceus
|-damage|p2a: Arceus|0 fnt
|faint|p2a: Arceus
|
|-weather|SunnyDay|[upkeep]
|upkeep
|
|t:|1659318555
|switch|p2a: Arceus|Arceus-Grass|100/100
|-damage|p2a: Arceus|88/100|[from] Stealth Rock
|turn|16
|
|t:|1659318557
|move|p2a: Arceus|Stone Edge|p1a: Ho-Oh
|-supereffective|p1a: Ho-Oh
|-damage|p1a: Ho-Oh|0 fnt
|faint|p1a: Ho-Oh
|
|-weather|SunnyDay|[upkeep]
|upkeep
|
|t:|1659318561
|switch|p1a: Arceus|Arceus-Water|88/100
|-damage|p1a: Arceus|76/100|[from] Stealth Rock
|turn|17
|
|t:|1659318565
|move|p2a: Arceus|Bullet Seed|p1a: Arceus
|-supereffective|p1a: Arceus
|-damage|p1a: Arceus|60/100
|-supereffective|p1a: Arceus
|-damage|p1a: Arceus|42/100
|-hitcount|p1a: Arceus|2
|move|p1a: Arceus|Will-O-Wisp|p2a: Arceus
|-status|p2a: Arceus|brn
|
|-weather|SunnyDay|[upkeep]
|-damage|p2a: Arceus|82/100 brn|[from] brn
|upkeep
|turn|18
|
|t:|1659318571
|move|p2a: Arceus|Swords Dance|p2a: Arceus
|-boost|p2a: Arceus|atk|2
|move|p1a: Arceus|Recover|p1a: Arceus
|-heal|p1a: Arceus|92/100
|
|-weather|none
|-damage|p2a: Arceus|76/100 brn|[from] brn
|upkeep
|turn|19
|
|t:|1659318575
|move|p2a: Arceus|Swords Dance|p2a: Arceus
|-boost|p2a: Arceus|atk|2
|move|p1a: Arceus|Ice Beam|p2a: Arceus
|-supereffective|p2a: Arceus
|-damage|p2a: Arceus|36/100 brn
|
|-damage|p2a: Arceus|30/100 brn|[from] brn
|upkeep
|turn|20
|
|t:|1659318588
|move|p2a: Arceus|Bullet Seed|p1a: Arceus
|-supereffective|p1a: Arceus
|-damage|p1a: Arceus|66/100
|-supereffective|p1a: Arceus
|-damage|p1a: Arceus|41/100
|-supereffective|p1a: Arceus
|-damage|p1a: Arceus|19/100
|-supereffective|p1a: Arceus
|-damage|p1a: Arceus|0 fnt
|faint|p1a: Arceus
|-hitcount|p1: Arceus|4
|
|win|la speranza
|raw|Opnoob 598's rating: 1841 &rarr; <strong>1825</strong><br />(-16 for losing)
|raw|la speranza's rating: 1920 &rarr; <strong>1936</strong><br />(+16 for winning)
|c|☆Opnoob 598|Smh
|l|☆Opnoob 598
||Ladder isn't responding, score probably updated but might not have (Request timeout).
