|j|☆Corsmash
|j|☆Andy611
|t:|1664411614
|gametype|singles
|player|p1|Corsmash|265|1480
|player|p2|Andy611|2|1600
|teamsize|p1|6
|teamsize|p2|6
|gen|8
|tier|[Gen 8] National Dex AG
|rated|
|rule|HP Percentage Mod: HP is shown in percentages
|rule|Endless Battle Clause: Forcing endless battles is banned
|clearpoke
|poke|p1|Zacian-*|
|poke|p1|Calyrex-Shadow|
|poke|p1|Mandibuzz, F|
|poke|p1|Ditto|
|poke|p1|Rayquaza|
|poke|p1|Marshadow|
|poke|p2|Urshifu-*, M|
|poke|p2|Zamazenta-*|
|poke|p2|Calyrex-Shadow|
|poke|p2|Lugia|
|poke|p2|Kyogre|
|poke|p2|Kangaskhan, F|
|teampreview
|
|t:|1664411633
|start
|switch|p1a: Zacian|Zacian-Crowned|100/100
|switch|p2a: Kyogre|Kyogre|100/100
|-weather|RainDance|[from] ability: Drizzle|[of] p2a: Kyogre
|-ability|p1a: Zacian|Intrepid Sword|boost
|-boost|p1a: Zacian|atk|1
|turn|1
|inactive|Battle timer is ON: inactive players will automatically lose when time's up. (requested by Andy611)
|
|t:|1664411646
|move|p2a: Kyogre|Water Spout|p1a: Zacian
|-damage|p1a: Zacian|0 fnt
|faint|p1a: Zacian
|
|-weather|RainDance|[upkeep]
|upkeep
|
|t:|1664411652
|switch|p1a: Rayquaza|Rayquaza|100/100
|-ability|p1a: Rayquaza|Air Lock
|turn|2
|
|t:|1664411658
|switch|p2a: Zamazenta|Zamazenta-Crowned|100/100
|-ability|p2a: Zamazenta|Dauntless Shield|boost
|-boost|p2a: Zamazenta|def|1
|detailschange|p1a: Rayquaza|Rayquaza-Mega
|-mega|p1a: Rayquaza|Rayquaza|
|-weather|DeltaStream|[from] ability: Delta Stream|[of] p1a: Rayquaza
|move|p1a: Rayquaza|Dragon Dance|p1a: Rayquaza
|-boost|p1a: Rayquaza|atk|1
|-boost|p1a: Rayquaza|spe|1
|
|-weather|DeltaStream|[upkeep]
|upkeep
|turn|3
|
|t:|1664411678
|-weather|none
|switch|p1a: Calyrex|Calyrex-Shadow|100/100
|-ability|p1a: Calyrex|As One
|-ability|p1a: Calyrex|Unnerve
|move|p2a: Zamazenta|Behemoth Bash|p1a: Calyrex
|-damage|p1a: Calyrex|34/100
|
|upkeep
|turn|4
|
|t:|1664411690
|switch|p2a: Kangaskhan|Kangaskhan, F|100/100
|move|p1a: Calyrex|Astral Barrage|p2a: Kangaskhan
|-immune|p2a: Kangaskhan
|
|upkeep
|turn|5
|
|t:|1664411700
|move|p2a: Kangaskhan|Fake Out|p1a: Calyrex
|-damage|p1a: Calyrex|12/100
|cant|p1a: Calyrex|flinch
|
|upkeep
|turn|6
|
|t:|1664411706
|detailschange|p2a: Kangaskhan|Kangaskhan-Mega, F
|-mega|p2a: Kangaskhan|Kangaskhan|Kangaskhanite
|move|p1a: Calyrex|Psychic|p2a: Kangaskhan
|-damage|p2a: Kangaskhan|48/100
|move|p2a: Kangaskhan|Seismic Toss|p1a: Calyrex
|-immune|p1a: Calyrex
|
|upkeep
|turn|7
|
|t:|1664411715
|move|p2a: Kangaskhan|Sucker Punch|p1a: Calyrex
|-supereffective|p1a: Calyrex
|-damage|p1a: Calyrex|0 fnt
|faint|p1a: Calyrex
|-hitcount|p1: Calyrex|1
|
|upkeep
|
|t:|1664411723
|switch|p1a: Rayquaza|Rayquaza-Mega|100/100
|-weather|DeltaStream|[from] ability: Delta Stream|[of] p1a: Rayquaza
|turn|8
|
|t:|1664411736
|move|p1a: Rayquaza|Dragon Claw|p2a: Kangaskhan
|-damage|p2a: Kangaskhan|0 fnt
|faint|p2a: Kangaskhan
|
|-weather|DeltaStream|[upkeep]
|upkeep
|
|t:|1664411745
|switch|p2a: Zamazenta|Zamazenta-Crowned|100/100
|-ability|p2a: Zamazenta|Dauntless Shield|boost
|-boost|p2a: Zamazenta|def|1
|turn|9
|
|t:|1664411765
|move|p2a: Zamazenta|Behemoth Bash|p1a: Rayquaza
|-damage|p1a: Rayquaza|44/100
|move|p1a: Rayquaza|Dragon Dance|p1a: Rayquaza
|-boost|p1a: Rayquaza|atk|1
|-boost|p1a: Rayquaza|spe|1
|
|-weather|DeltaStream|[upkeep]
|upkeep
|turn|10
|
|t:|1664411775
|switch|p2a: Lugia|Lugia|100/100
|move|p1a: Rayquaza|Dragon Ascent|p2a: Lugia
|-damage|p2a: Lugia|57/100
|-unboost|p1a: Rayquaza|def|1
|-unboost|p1a: Rayquaza|spd|1
|
|-weather|DeltaStream|[upkeep]
|upkeep
|turn|11
|
|t:|1664411785
|move|p1a: Rayquaza|Dragon Dance|p1a: Rayquaza
|-boost|p1a: Rayquaza|atk|1
|-boost|p1a: Rayquaza|spe|1
|move|p2a: Lugia|Toxic|p1a: Rayquaza
|-status|p1a: Rayquaza|tox
|
|-weather|DeltaStream|[upkeep]
|-damage|p1a: Rayquaza|38/100 tox|[from] psn
|upkeep
|turn|12
|
|t:|1664411794
|move|p1a: Rayquaza|Dragon Claw|p2a: Lugia
|-damage|p2a: Lugia|0 fnt
|faint|p2a: Lugia
|
|-weather|DeltaStream|[upkeep]
|-damage|p1a: Rayquaza|25/100 tox|[from] psn
|upkeep
|
|t:|1664411803
|switch|p2a: Urshifu|Urshifu, M|100/100
|turn|13
|
|t:|1664411807
|move|p1a: Rayquaza|Dragon Ascent|p2a: Urshifu
|-supereffective|p2a: Urshifu
|-damage|p2a: Urshifu|0 fnt
|-unboost|p1a: Rayquaza|def|1
|-unboost|p1a: Rayquaza|spd|1
|faint|p2a: Urshifu
|
|-weather|DeltaStream|[upkeep]
|-damage|p1a: Rayquaza|6/100 tox|[from] psn
|upkeep
|
|t:|1664411821
|switch|p2a: Kyogre|Kyogre|100/100
|-ability|p2a: Kyogre|Drizzle|[from] deltastream|[fail]
|turn|14
|
|t:|1664411826
|switch|p2a: Zamazenta|Zamazenta-Crowned|100/100
|-ability|p2a: Zamazenta|Dauntless Shield|boost
|-boost|p2a: Zamazenta|def|1
|move|p1a: Rayquaza|Dragon Ascent|p2a: Zamazenta
|-damage|p2a: Zamazenta|7/100
|-unboost|p1a: Rayquaza|def|1
|-unboost|p1a: Rayquaza|spd|1
|
|-weather|DeltaStream|[upkeep]
|-damage|p1a: Rayquaza|0 fnt|[from] psn
|faint|p1a: Rayquaza
|-weather|none
|upkeep
|c|☆Corsmash|I don’t have earthquake dude
|
|t:|1664411847
|switch|p1a: Marshadow|Marshadow|100/100
|turn|15
|
|t:|1664411852
|move|p1a: Marshadow|Shadow Sneak|p2a: Zamazenta
|-damage|p2a: Zamazenta|0 fnt
|faint|p2a: Zamazenta
|
|upkeep
|
|t:|1664411856
|switch|p2a: Kyogre|Kyogre|100/100
|-weather|RainDance|[from] ability: Drizzle|[of] p2a: Kyogre
|turn|16
|
|t:|1664411867
|switch|p1a: Mandibuzz|Mandibuzz, F|100/100
|move|p2a: Kyogre|Water Spout|p1a: Mandibuzz
|-damage|p1a: Mandibuzz|14/100
|
|-weather|RainDance|[upkeep]
|-heal|p1a: Mandibuzz|20/100|[from] item: Leftovers
|upkeep
|turn|17
|
|t:|1664411877
|move|p2a: Kyogre|Water Spout|p1a: Mandibuzz
|-damage|p1a: Mandibuzz|0 fnt
|faint|p1a: Mandibuzz
|
|-weather|RainDance|[upkeep]
|upkeep
|
|t:|1664411884
|switch|p1a: Ditto|Ditto|100/100
|-transform|p1a: Ditto|p2a: Kyogre|[from] ability: Imposter
|turn|18
|
|t:|1664411905
|-start|p2a: Kyogre|Dynamax|
|-heal|p2a: Kyogre|100/100|[silent]
|-start|p1a: Ditto|Dynamax|
|-heal|p1a: Ditto|100/100|[silent]
|move|p1a: Ditto|Max Lightning|p2a: Kyogre
|-supereffective|p2a: Kyogre
|-damage|p2a: Kyogre|60/100
|-fieldstart|move: Electric Terrain
|move|p2a: Kyogre|Max Lightning|p1a: Ditto
|-supereffective|p1a: Ditto
|-damage|p1a: Ditto|40/100
|
|-weather|RainDance|[upkeep]
|upkeep
|turn|19
|
|t:|1664411925
|move|p2a: Kyogre|Max Lightning|p1a: Ditto
|-supereffective|p1a: Ditto
|-damage|p1a: Ditto|0 fnt
|faint|p1a: Ditto
|
|-weather|RainDance|[upkeep]
|upkeep
|
|t:|1664411933
|switch|p1a: Marshadow|Marshadow|100/100
|turn|20
|
|t:|1664411939
|move|p1a: Marshadow|Spectral Thief|p2a: Kyogre
|-damage|p2a: Kyogre|35/100
|move|p2a: Kyogre|Max Geyser|p1a: Marshadow
|-enditem|p1a: Marshadow|Focus Sash
|-damage|p1a: Marshadow|1/100
|
|-weather|none
|upkeep
|-end|p2a: Kyogre|Dynamax
|-heal|p2a: Kyogre|35/100|[silent]
|turn|21
|
|t:|1664411952
|move|p1a: Marshadow|Shadow Sneak|p2a: Kyogre
|-damage|p2a: Kyogre|0 fnt
|faint|p2a: Kyogre
|
|upkeep
|
|t:|1664411956
|switch|p2a: Calyrex|Calyrex-Shadow|100/100
|-ability|p2a: Calyrex|As One
|-ability|p2a: Calyrex|Unnerve
|turn|22
|c|☆Corsmash|If thing is sash I lose
|c|☆Corsmash|if it is spec or smth I win (I think)
|inactive|Corsmash has 120 seconds left.
|
|t:|1664411981
|move|p1a: Marshadow|Shadow Sneak|p2a: Calyrex
|-supereffective|p2a: Calyrex
|-enditem|p2a: Calyrex|Focus Sash
|-damage|p2a: Calyrex|1/100
|move|p2a: Calyrex|Astral Barrage|p1a: Marshadow
|-supereffective|p1a: Marshadow
|-damage|p1a: Marshadow|0 fnt
|faint|p1a: Marshadow
|
|win|Andy611
|raw|Corsmash's rating: 1480 &rarr; <strong>1467</strong><br />(-13 for losing)
|raw|Andy611's rating: 1600 &rarr; <strong>1613</strong><br />(+13 for winning)
|c|☆Corsmash|):
|l|☆Andy611
