|j|☆LazyWRLD
|j|☆Freeity
|t:|1649554232
|gametype|singles
|player|p1|LazyWRLD|burglar|
|player|p2|Freeity|iris-gen5bw2|
|teamsize|p1|6
|teamsize|p2|6
|gen|8
|tier|[Gen 8] National Dex AG
|rule|HP Percentage Mod: HP is shown in percentages
|rule|Endless Battle Clause: Forcing endless battles is banned
|clearpoke
|poke|p1|Calyrex-Ice|
|poke|p1|Arceus-*|
|poke|p1|Zacian-*|
|poke|p1|Salamence, F|
|poke|p1|Groudon|
|poke|p1|Yveltal|
|poke|p2|Arceus-*|
|poke|p2|Rayquaza|
|poke|p2|Arceus-*|
|poke|p2|Necrozma-Dusk-Mane|
|poke|p2|Kyogre|
|poke|p2|Arceus-*|
|teampreview
|
|t:|1649554241
|start
|switch|p1a: Yveltal|Yveltal|100/100
|switch|p2a: Rayquaza|Rayquaza|100/100
|-ability|p1a: Yveltal|Dark Aura
|-ability|p2a: Rayquaza|Air Lock
|turn|1
|
|t:|1649554252
|switch|p1a: Salamence|Salamence, F|100/100
|-ability|p1a: Salamence|Intimidate|boost
|-unboost|p2a: Rayquaza|atk|1
|switch|p2a: Arceus|Arceus-Fairy|100/100
|
|upkeep
|turn|2
|
|t:|1649554256
|switch|p1a: Groudon|Groudon|100/100
|detailschange|p1a: Groudon|Groudon-Primal
|-primal|p1a: Groudon
|-weather|DesolateLand|[from] ability: Desolate Land|[of] p1a: Groudon
|move|p2a: Arceus|Judgment|p1a: Groudon
|-resisted|p1a: Groudon
|-damage|p1a: Groudon|74/100
|
|-weather|DesolateLand|[upkeep]
|upkeep
|turn|3
|
|t:|1649554260
|switch|p2a: Arceus|Arceus-Ground|100/100
|move|p1a: Groudon|Stone Edge|p2a: Arceus|[miss]
|-miss|p1a: Groudon|p2a: Arceus
|
|-weather|DesolateLand|[upkeep]
|upkeep
|turn|4
|
|t:|1649554267
|-weather|none
|switch|p1a: Calyrex|Calyrex-Ice|100/100
|-ability|p1a: Calyrex|As One
|-ability|p1a: Calyrex|Unnerve
|move|p2a: Arceus|Ice Beam|p1a: Calyrex
|-resisted|p1a: Calyrex
|-damage|p1a: Calyrex|93/100
|
|upkeep
|turn|5
|
|t:|1649554285
|switch|p2a: Arceus|Arceus-Dark|100/100
|move|p1a: Calyrex|High Horsepower|p2a: Arceus
|-damage|p2a: Arceus|70/100
|
|upkeep
|turn|6
|
|t:|1649554295
|switch|p1a: Zacian|Zacian-Crowned|100/100
|-ability|p1a: Zacian|Intrepid Sword|boost
|-boost|p1a: Zacian|atk|1
|move|p2a: Arceus|Judgment|p1a: Zacian
|-resisted|p1a: Zacian
|-damage|p1a: Zacian|80/100
|
|upkeep
|turn|7
|
|t:|1649554307
|switch|p2a: Necrozma|Necrozma-Dusk-Mane|100/100
|move|p1a: Zacian|Close Combat|p2a: Necrozma
|-damage|p2a: Necrozma|54/100
|-unboost|p1a: Zacian|def|1
|-unboost|p1a: Zacian|spd|1
|-damage|p1a: Zacian|63/100|[from] item: Rocky Helmet|[of] p2a: Necrozma
|
|upkeep
|turn|8
|
|t:|1649554310
|move|p1a: Zacian|Close Combat|p2a: Necrozma
|-crit|p2a: Necrozma
|-damage|p2a: Necrozma|0 fnt
|-unboost|p1a: Zacian|def|1
|-unboost|p1a: Zacian|spd|1
|-damage|p1a: Zacian|46/100|[from] item: Rocky Helmet|[of] p2a: Necrozma
|faint|p2a: Necrozma
|
|upkeep
|
|t:|1649554315
|switch|p2a: Arceus|Arceus-Ground|100/100
|turn|9
|
|t:|1649554321
|move|p1a: Zacian|Behemoth Blade|p2a: Arceus
|-damage|p2a: Arceus|39/100
|move|p2a: Arceus|Judgment|p1a: Zacian
|-supereffective|p1a: Zacian
|-damage|p1a: Zacian|0 fnt
|faint|p1a: Zacian
|
|upkeep
|
|t:|1649554325
|switch|p1a: Calyrex|Calyrex-Ice|93/100
|-ability|p1a: Calyrex|As One
|-ability|p1a: Calyrex|Unnerve
|turn|10
|inactive|Battle timer is ON: inactive players will automatically lose when time's up. (requested by LazyWRLD)
|
|t:|1649554343
|switch|p2a: Rayquaza|Rayquaza|100/100
|-ability|p2a: Rayquaza|Air Lock
|-zpower|p1a: Calyrex
|move|p1a: Calyrex|Z-Speed Swap|p2a: Rayquaza|[anim]Speed Swap
|-boost|p1a: Calyrex|spe|1|[zeffect]
|-activate|p1a: Calyrex|move: Speed Swap|[of] p2a: Rayquaza
|
|upkeep
|turn|11
|inactive|Freeity has 270 seconds left.
|
|t:|1649554385
|detailschange|p2a: Rayquaza|Rayquaza-Mega
|-mega|p2a: Rayquaza|Rayquaza|
|-weather|DeltaStream|[from] ability: Delta Stream|[of] p2a: Rayquaza
|move|p1a: Calyrex|Glacial Lance|p2a: Rayquaza
|-activate||deltastream
|-supereffective|p2a: Rayquaza
|-damage|p2a: Rayquaza|0 fnt
|faint|p2a: Rayquaza
|-weather|none
|-ability|p1a: Calyrex|Chilling Neigh|boost
|-boost|p1a: Calyrex|atk|1
|
|upkeep
|
|t:|1649554395
|switch|p2a: Arceus|Arceus-Dark|70/100
|turn|12
|
|t:|1649554398
|move|p1a: Calyrex|Glacial Lance|p2a: Arceus
|-damage|p2a: Arceus|0 fnt
|faint|p2a: Arceus
|-ability|p1a: Calyrex|Chilling Neigh|boost
|-boost|p1a: Calyrex|atk|1
|
|upkeep
|
|t:|1649554401
|switch|p2a: Arceus|Arceus-Ground|39/100
|turn|13
|
|t:|1649554403
|move|p1a: Calyrex|Glacial Lance|p2a: Arceus
|-supereffective|p2a: Arceus
|-crit|p2a: Arceus
|-damage|p2a: Arceus|0 fnt
|faint|p2a: Arceus
|-ability|p1a: Calyrex|Chilling Neigh|boost
|-boost|p1a: Calyrex|atk|1
|
|upkeep
|
|t:|1649554405
|switch|p2a: Arceus|Arceus-Fairy|100/100
|turn|14
|
|t:|1649554407
|move|p1a: Calyrex|Glacial Lance|p2a: Arceus
|-damage|p2a: Arceus|0 fnt
|faint|p2a: Arceus
|-ability|p1a: Calyrex|Chilling Neigh|boost
|-boost|p1a: Calyrex|atk|1
|
|upkeep
|
|t:|1649554409
|switch|p2a: Kyogre|Kyogre|100/100
|detailschange|p2a: Kyogre|Kyogre-Primal
|-primal|p2a: Kyogre
|-weather|PrimordialSea|[from] ability: Primordial Sea|[of] p2a: Kyogre
|turn|15
|
|t:|1649554412
|move|p1a: Calyrex|Seed Bomb|p2a: Kyogre
|-supereffective|p2a: Kyogre
|-damage|p2a: Kyogre|0 fnt
|faint|p2a: Kyogre
|-weather|none
|
|win|LazyWRLD
