|j|☆dean44
|j|☆justznic
|t:|1666623847
|gametype|singles
|player|p1|dean44|clerk|1387
|player|p2|justznic|101|1512
|teamsize|p1|6
|teamsize|p2|6
|gen|8
|tier|[Gen 8] National Dex AG
|rated|
|rule|HP Percentage Mod: HP is shown in percentages
|rule|Endless Battle Clause: Forcing endless battles is banned
|clearpoke
|poke|p1|Lucario, F|
|poke|p1|Aerodactyl, M|
|poke|p1|Regieleki|
|poke|p1|Naganadel|
|poke|p1|Comfey, F|
|poke|p1|Malamar, F|
|poke|p2|Yveltal|
|poke|p2|Klefki, F|
|poke|p2|Ditto|
|poke|p2|Aegislash, M|
|poke|p2|Mewtwo|
|poke|p2|Dragonite, F|
|teampreview
|inactive|Battle timer is ON: inactive players will automatically lose when time's up. (requested by justznic)
|inactive|dean44 also wants the timer to be on.
|
|t:|1666623862
|start
|switch|p1a: Aerodactyl|Aerodactyl, M|100/100
|switch|p2a: Dragonite|Dragonite, F|100/100
|-ability|p1a: Aerodactyl|Pressure
|turn|1
|
|t:|1666623868
|move|p1a: Aerodactyl|Taunt|p2a: Dragonite
|-start|p2a: Dragonite|move: Taunt
|cant|p2a: Dragonite|move: Taunt|Dragon Dance
|
|upkeep
|turn|2
|
|t:|1666623883
|switch|p2a: Aegislash|Aegislash, M|100/100
|move|p1a: Aerodactyl|Stealth Rock|p2a: Aegislash
|-sidestart|p2: justznic|move: Stealth Rock
|
|upkeep
|turn|3
|
|t:|1666623888
|move|p1a: Aerodactyl|Taunt|p2a: Aegislash
|-start|p2a: Aegislash|move: Taunt
|-formechange|p2a: Aegislash|Aegislash-Blade||[from] ability: Stance Change
|move|p2a: Aegislash|Gyro Ball|p1a: Aerodactyl
|-supereffective|p1a: Aerodactyl
|-enditem|p1a: Aerodactyl|Focus Sash
|-damage|p1a: Aerodactyl|1/100
|
|upkeep
|turn|4
|
|t:|1666623896
|switch|p2a: Ditto|Ditto|100/100
|-damage|p2a: Ditto|88/100|[from] Stealth Rock
|-transform|p2a: Ditto|p1a: Aerodactyl|[from] ability: Imposter
|-ability|p2a: Ditto|Pressure
|move|p1a: Aerodactyl|Rock Slide|p2a: Ditto
|-supereffective|p2a: Ditto
|-damage|p2a: Ditto|0 fnt
|faint|p2a: Ditto
|
|upkeep
|
|t:|1666623902
|switch|p2a: Klefki|Klefki, F|100/100
|-damage|p2a: Klefki|95/100|[from] Stealth Rock
|turn|5
|
|t:|1666623906
|move|p2a: Klefki|Toxic|p1a: Aerodactyl
|-status|p1a: Aerodactyl|tox
|move|p1a: Aerodactyl|Taunt|p2a: Klefki
|-start|p2a: Klefki|move: Taunt
|
|-heal|p2a: Klefki|100/100|[from] item: Leftovers
|-damage|p1a: Aerodactyl|0 fnt|[from] psn
|faint|p1a: Aerodactyl
|upkeep
|
|t:|1666623921
|switch|p1a: Malamar|Malamar, F|100/100
|turn|6
|
|t:|1666623931
|switch|p2a: Aegislash|Aegislash, M|100/100
|-damage|p2a: Aegislash|94/100|[from] Stealth Rock
|-zpower|p1a: Malamar
|move|p1a: Malamar|Z-Happy Hour|p1a: Malamar|[anim]Happy Hour
|-boost|p1a: Malamar|atk|1|[zeffect]
|-boost|p1a: Malamar|def|1|[zeffect]
|-boost|p1a: Malamar|spa|1|[zeffect]
|-boost|p1a: Malamar|spd|1|[zeffect]
|-boost|p1a: Malamar|spe|1|[zeffect]
|
|upkeep
|turn|7
|
|t:|1666623941
|move|p2a: Aegislash|King's Shield|p2a: Aegislash
|-singleturn|p2a: Aegislash|Protect
|move|p1a: Malamar|Knock Off|p2a: Aegislash
|-activate|p2a: Aegislash|move: Protect
|-boost|p1a: Malamar|atk|1
|
|upkeep
|turn|8
|
|t:|1666623952
|move|p1a: Malamar|Knock Off|p2a: Aegislash
|-supereffective|p2a: Aegislash
|-crit|p2a: Aegislash
|-damage|p2a: Aegislash|0 fnt
|-enditem|p2a: Aegislash|Iron Ball|[from] move: Knock Off|[of] p1a: Malamar
|faint|p2a: Aegislash
|
|upkeep
|
|t:|1666623970
|switch|p2a: Klefki|Klefki, F|100/100
|-damage|p2a: Klefki|95/100|[from] Stealth Rock
|turn|9
|
|t:|1666623975
|move|p1a: Malamar|Superpower|p2a: Klefki
|-damage|p2a: Klefki|10/100
|-boost|p1a: Malamar|atk|1
|-boost|p1a: Malamar|def|1
|move|p2a: Klefki|Play Rough|p1a: Malamar
|-supereffective|p1a: Malamar
|-damage|p1a: Malamar|70/100
|
|-heal|p2a: Klefki|16/100|[from] item: Leftovers
|upkeep
|turn|10
|
|t:|1666623985
|move|p2a: Klefki|Spikes|p1a: Malamar
|-sidestart|p1: dean44|Spikes
|move|p1a: Malamar|Superpower|p2a: Klefki
|-damage|p2a: Klefki|0 fnt
|-boost|p1a: Malamar|atk|1
|-boost|p1a: Malamar|def|1
|faint|p2a: Klefki
|
|upkeep
|
|t:|1666623996
|switch|p2a: Dragonite|Dragonite, F|100/100
|-damage|p2a: Dragonite|76/100|[from] Stealth Rock
|turn|11
|
|t:|1666624000
|move|p1a: Malamar|Knock Off|p2a: Dragonite
|-damage|p2a: Dragonite|0 fnt
|faint|p2a: Dragonite
|
|upkeep
|
|t:|1666624002
|switch|p2a: Yveltal|Yveltal|100/100
|-damage|p2a: Yveltal|76/100|[from] Stealth Rock
|-ability|p2a: Yveltal|Dark Aura
|turn|12
|
|t:|1666624007
|move|p2a: Yveltal|Sucker Punch|p1a: Malamar
|-damage|p1a: Malamar|45/100
|-damage|p2a: Yveltal|66/100|[from] item: Life Orb
|move|p1a: Malamar|Superpower|p2a: Yveltal
|-damage|p2a: Yveltal|0 fnt
|-boost|p1a: Malamar|atk|1
|-boost|p1a: Malamar|def|1
|faint|p2a: Yveltal
|
|upkeep
|
|t:|1666624013
|switch|p2a: Mewtwo|Mewtwo|100/100
|-ability|p2a: Mewtwo|Unnerve
|-damage|p2a: Mewtwo|88/100|[from] Stealth Rock
|turn|13
|
|t:|1666624018
|detailschange|p2a: Mewtwo|Mewtwo-Mega-Y
|-mega|p2a: Mewtwo|Mewtwo|Mewtwonite Y
|move|p2a: Mewtwo|Ice Beam|p1a: Malamar
|-damage|p1a: Malamar|6/100
|move|p1a: Malamar|Knock Off|p2a: Mewtwo
|-supereffective|p2a: Mewtwo
|-damage|p2a: Mewtwo|0 fnt
|faint|p2a: Mewtwo
|
|win|dean44
|raw|dean44's rating: 1387 &rarr; <strong>1414</strong><br />(+27 for winning)
|raw|justznic's rating: 1512 &rarr; <strong>1485</strong><br />(-27 for losing)
|l|☆justznic
|c|☆dean44|gg
