|j|☆xLeonisx
|j|☆swordsdance1231321
|t:|1643163193
|gametype|singles
|player|p1|xLeonisx|2|1610
|player|p2|swordsdance1231321|plasmagrunt|1707
|teamsize|p1|6
|teamsize|p2|6
|gen|8
|tier|[Gen 8] National Dex AG
|rated|
|rule|HP Percentage Mod: HP is shown in percentages
|rule|Endless Battle Clause: Forcing endless battles is banned
|clearpoke
|poke|p1|Zacian-*|
|poke|p1|Kyogre|
|poke|p1|Yveltal|
|poke|p1|Calyrex-Shadow|
|poke|p1|Ditto|
|poke|p1|Deoxys-Speed|
|poke|p2|Arceus-*|
|poke|p2|Rayquaza|
|poke|p2|Necrozma-Dusk-Mane|
|poke|p2|Yveltal|
|poke|p2|Ditto|
|poke|p2|Arceus-*|
|teampreview
|
|t:|1643163199
|start
|switch|p1a: Moby|Kyogre|100/100
|switch|p2a: Vex On the Field|Rayquaza|100/100
|-ability|p2a: Vex On the Field|Air Lock
|detailschange|p1a: Moby|Kyogre-Primal
|-primal|p1a: Moby
|-weather|PrimordialSea|[from] ability: Primordial Sea|[of] p1a: Moby
|turn|1
|
|t:|1643163212
|switch|p2a: Invader Incoming|Ditto|100/100
|-transform|p2a: Invader Incoming|p1a: Moby|[from] ability: Imposter
|move|p1a: Moby|Ice Beam|p2a: Invader Incoming
|-resisted|p2a: Invader Incoming
|-damage|p2a: Invader Incoming|84/100
|
|-weather|PrimordialSea|[upkeep]
|upkeep
|turn|2
|
|t:|1643163224
|switch|p1a: Alien|Deoxys-Speed|100/100
|-ability|p1a: Alien|Pressure
|move|p2a: Invader Incoming|Thunder|p1a: Alien
|-damage|p1a: Alien|19/100
|-status|p1a: Alien|par
|
|-weather|PrimordialSea|[upkeep]
|upkeep
|turn|3
|
|t:|1643163232
|move|p2a: Invader Incoming|Thunder|p1a: Alien
|-damage|p1a: Alien|0 fnt
|faint|p1a: Alien
|
|-weather|PrimordialSea|[upkeep]
|upkeep
|
|t:|1643163237
|switch|p1a: Moby|Kyogre-Primal|100/100
|turn|4
|
|t:|1643163240
|move|p2a: Invader Incoming|Thunder|p1a: Moby
|-supereffective|p1a: Moby
|-damage|p1a: Moby|32/100
|move|p1a: Moby|Thunder|p2a: Invader Incoming
|-supereffective|p2a: Invader Incoming
|-damage|p2a: Invader Incoming|8/100
|-status|p2a: Invader Incoming|par
|
|-weather|PrimordialSea|[upkeep]
|upkeep
|turn|5
|
|t:|1643163248
|move|p1a: Moby|Thunder|p2a: Invader Incoming
|-supereffective|p2a: Invader Incoming
|-damage|p2a: Invader Incoming|0 fnt
|faint|p2a: Invader Incoming
|
|-weather|PrimordialSea|[upkeep]
|upkeep
|
|t:|1643163254
|switch|p2a: Vex On the Field|Rayquaza|100/100
|-ability|p2a: Vex On the Field|Air Lock
|turn|6
|
|t:|1643163259
|detailschange|p2a: Vex On the Field|Rayquaza-Mega
|-mega|p2a: Vex On the Field|Rayquaza|
|-weather|DeltaStream|[from] ability: Delta Stream|[of] p2a: Vex On the Field
|move|p2a: Vex On the Field|Scale Shot|p1a: Moby
|-damage|p1a: Moby|9/100
|-damage|p1a: Moby|0 fnt
|faint|p1a: Moby
|-hitcount|p1: Moby|2
|-unboost|p2a: Vex On the Field|def|1
|-boost|p2a: Vex On the Field|spe|1
|-damage|p2a: Vex On the Field|91/100|[from] item: Life Orb
|
|-weather|DeltaStream|[upkeep]
|upkeep
|
|t:|1643163270
|switch|p1a: OP Dog|Zacian-Crowned|100/100
|-ability|p1a: OP Dog|Intrepid Sword|boost
|-boost|p1a: OP Dog|atk|1
|turn|7
|
|t:|1643163274
|move|p2a: Vex On the Field|V-create|p1a: OP Dog
|-supereffective|p1a: OP Dog
|-damage|p1a: OP Dog|0 fnt
|-unboost|p2a: Vex On the Field|spe|1
|-unboost|p2a: Vex On the Field|def|1
|-unboost|p2a: Vex On the Field|spd|1
|faint|p1a: OP Dog
|-damage|p2a: Vex On the Field|81/100|[from] item: Life Orb
|
|-weather|DeltaStream|[upkeep]
|upkeep
|-message|xLeonisx forfeited.
|
|win|swordsdance1231321
|raw|xLeonisx's rating: 1610 &rarr; <strong>1595</strong><br />(-15 for losing)
|raw|swordsdance1231321's rating: 1707 &rarr; <strong>1722</strong><br />(+15 for winning)
|l|☆xLeonisx
