|j|☆09-10a
|j|☆1vltpm legend
|t:|1650358136
|gametype|singles
|player|p1|09-10a|schoolkid-gen4dp|
|player|p2|1vltpm legend|leon|
|teamsize|p1|6
|teamsize|p2|6
|gen|8
|tier|[Gen 8] National Dex AG
|rule|HP Percentage Mod: HP is shown in percentages
|rule|Endless Battle Clause: Forcing endless battles is banned
|clearpoke
|poke|p1|Excadrill, F|
|poke|p1|Necrozma-Dusk-Mane|
|poke|p1|Yveltal|
|poke|p1|Xerneas-*|
|poke|p1|Calyrex-Shadow|
|poke|p1|Kyogre|
|poke|p2|Slurpuff, M|
|poke|p2|Landorus-Therian, M|
|poke|p2|Calyrex-Shadow|
|poke|p2|Zacian-*|
|poke|p2|Rayquaza|
|poke|p2|Yveltal|
|teampreview
|inactive|Battle timer is ON: inactive players will automatically lose when time's up. (requested by 09-10a)
|j| LaprasPlayer
|j| immarickrollyou
|c| LaprasPlayer|Is this ag team in ndag
|inactive|09-10a has 270 seconds left.
|inactive|1vltpm legend has 270 seconds left.
|c|☆09-10a|ye
|c|☆1vltpm legend|Ye
|c| LaprasPlayer|With some changes
|c| LaprasPlayer|hf
|j| AGCL6 Swas
|
|t:|1650358178
|start
|switch|p1a: Xerneas|Xerneas|100/100
|switch|p2a: Slurpuff|Slurpuff, M|100/100
|-ability|p1a: Xerneas|Fairy Aura
|turn|1
|
|t:|1650358197
|move|p1a: Xerneas|Substitute|p1a: Xerneas
|-start|p1a: Xerneas|Substitute
|-damage|p1a: Xerneas|76/100
|move|p2a: Slurpuff|Sticky Web|p1a: Xerneas
|-sidestart|p1: 09-10a|move: Sticky Web
|
|upkeep
|turn|2
|
|t:|1650358207
|move|p1a: Xerneas|Geomancy||[still]
|-prepare|p1a: Xerneas|Geomancy
|-enditem|p1a: Xerneas|Power Herb
|-anim|p1a: Xerneas|Geomancy|p1a: Xerneas
|-boost|p1a: Xerneas|spa|2
|-boost|p1a: Xerneas|spd|2
|-boost|p1a: Xerneas|spe|2
|move|p2a: Slurpuff|Misty Explosion|p1a: Xerneas
|-crit|p1a: Xerneas
|-end|p1a: Xerneas|Substitute
|faint|p2a: Slurpuff
|
|upkeep
|
|t:|1650358213
|switch|p2a: I hate u ndm|Zacian-Crowned|100/100
|-ability|p2a: I hate u ndm|Intrepid Sword|boost
|-boost|p2a: I hate u ndm|atk|1
|turn|3
|
|t:|1650358217
|move|p1a: Xerneas|Substitute|p1a: Xerneas
|-start|p1a: Xerneas|Substitute
|-damage|p1a: Xerneas|51/100
|move|p2a: I hate u ndm|Behemoth Blade|p1a: Xerneas
|-supereffective|p1a: Xerneas
|-end|p1a: Xerneas|Substitute
|
|upkeep
|turn|4
|c| LaprasPlayer|09 choke so hard
|
|t:|1650358227
|-start|p1a: Xerneas|Dynamax|
|-heal|p1a: Xerneas|51/100|[silent]
|move|p1a: Xerneas|Max Lightning|p2a: I hate u ndm
|-damage|p2a: I hate u ndm|0 fnt
|-fieldstart|move: Electric Terrain
|faint|p2a: I hate u ndm
|
|upkeep
|
|t:|1650358231
|switch|p2a: Landorus|Landorus-Therian, M|100/100
|-ability|p2a: Landorus|Intimidate|boost
|-unboost|p1a: Xerneas|atk|1
|turn|5
|c| LaprasPlayer|Nevermind
|
|t:|1650358240
|move|p1a: Xerneas|Max Starfall|p2a: Landorus
|-enditem|p2a: Landorus|Focus Sash
|-damage|p2a: Landorus|1/100
|-fieldstart|move: Misty Terrain
|move|p2a: Landorus|Stealth Rock|p1a: Xerneas
|-sidestart|p1: 09-10a|move: Stealth Rock
|
|upkeep
|turn|6
|c|☆09-10a|cant be helped ;-;
|
|t:|1650358245
|move|p1a: Xerneas|Max Starfall|p2a: Landorus
|-damage|p2a: Landorus|0 fnt
|faint|p2a: Landorus
|
|-end|p1a: Xerneas|Dynamax
|-heal|p1a: Xerneas|51/100|[silent]
|upkeep
|
|t:|1650358249
|switch|p2a: Sussy baka|Calyrex-Shadow|100/100
|-ability|p2a: Sussy baka|As One
|-ability|p2a: Sussy baka|Unnerve
|turn|7
|
|t:|1650358253
|move|p1a: Xerneas|Moonblast|p2a: Sussy baka
|-enditem|p2a: Sussy baka|Focus Sash
|-damage|p2a: Sussy baka|1/100
|-unboost|p2a: Sussy baka|spa|1
|move|p2a: Sussy baka|Psyshock|p1a: Xerneas
|-damage|p1a: Xerneas|21/100
|
|upkeep
|turn|8
|
|t:|1650358257
|move|p1a: Xerneas|Moonblast|p2a: Sussy baka
|-crit|p2a: Sussy baka
|-damage|p2a: Sussy baka|0 fnt
|faint|p2a: Sussy baka
|
|upkeep
|
|t:|1650358258
|switch|p2a: Rayquaza|Rayquaza|100/100
|-ability|p2a: Rayquaza|Air Lock
|turn|9
|c| immarickrollyou|choked
|c| immarickrollyou|e speed
|
|t:|1650358264
|detailschange|p2a: Rayquaza|Rayquaza-Mega
|-mega|p2a: Rayquaza|Rayquaza|
|-weather|DeltaStream|[from] ability: Delta Stream|[of] p2a: Rayquaza
|move|p1a: Xerneas|Moonblast|p2a: Rayquaza
|-supereffective|p2a: Rayquaza
|-damage|p2a: Rayquaza|0 fnt
|faint|p2a: Rayquaza
|-weather|none
|
|-fieldend|Misty Terrain
|upkeep
|
|t:|1650358267
|switch|p2a: Stfu t tar|Yveltal|100/100
|-ability|p2a: Stfu t tar|Dark Aura
|turn|10
|
|t:|1650358269
|move|p1a: Xerneas|Moonblast|p2a: Stfu t tar
|-supereffective|p2a: Stfu t tar
|-damage|p2a: Stfu t tar|0 fnt
|faint|p2a: Stfu t tar
|
|win|09-10a
|c|☆09-10a|oh
|c|☆1vltpm legend|Gg
|c|☆1vltpm legend|LOL
|c|☆09-10a|gg wp
|c|☆09-10a|;-;
|c|☆1vltpm legend|This was
|c|☆1vltpm legend|A bad version
|c|☆1vltpm legend|And a funny one
|c|☆1vltpm legend|Of any ho team with webs
|c|☆1vltpm legend|Wanna do a real battle?
|c| immarickrollyou|no way
|c| immarickrollyou|legend lostr
|c|☆09-10a|sure
|c|☆1vltpm legend|Huh
|c|☆1vltpm legend|Me and legend
|c|☆1vltpm legend|Ahahhaha
|c| immarickrollyou|heheheheh
|c|☆1vltpm legend|Fucking hilarious joke no doubt
|l|☆1vltpm legend
|c| immarickrollyou|i know
|c| immarickrollyou|i laughed for nothing
|c| LaprasPlayer|gg
