|j|☆Sir Lechen
|j|☆09-10a
|t:|1655091334
|gametype|singles
|player|p1|Sir Lechen|psychic-gen3|1714
|player|p2|09-10a|schoolkid-gen4dp|1740
|teamsize|p1|6
|teamsize|p2|6
|gen|8
|tier|[Gen 8] National Dex AG
|rated|
|rule|HP Percentage Mod: HP is shown in percentages
|rule|Endless Battle Clause: Forcing endless battles is banned
|clearpoke
|poke|p1|Shuckle, M|
|poke|p1|Yveltal|
|poke|p1|Ditto|
|poke|p1|Zacian-*|
|poke|p1|Rayquaza|
|poke|p1|Regieleki|
|poke|p2|Necrozma-Dusk-Mane|
|poke|p2|Zygarde|
|poke|p2|Calyrex-Shadow|
|poke|p2|Marshadow|
|poke|p2|Xerneas-*|
|poke|p2|Skarmory, F|
|teampreview
|inactive|Battle timer is ON: inactive players will automatically lose when time's up. (requested by 09-10a)
|inactive|Sir Lechen has 120 seconds left.
|inactive|Sir Lechen has 90 seconds left.
|inactive|Sir Lechen has 60 seconds left.
|j| UncleShannon
|
|t:|1655091455
|start
|switch|p1a: Zeus|Regieleki|100/100
|switch|p2a: Skarmory|Skarmory, F|100/100
|turn|1
|inactive|Sir Lechen has 90 seconds left.
|inactive|Sir Lechen has 60 seconds left.
|inactive|Sir Lechen has 30 seconds left.
|inactive|Sir Lechen has 20 seconds left.
|inactive|Sir Lechen has 15 seconds left.
|inactive|Sir Lechen has 10 seconds left.
|
|t:|1655091552
|switch|p2a: Zygarde|Zygarde|100/100
|move|p1a: Zeus|Thunderbolt|p2a: Zygarde
|-immune|p2a: Zygarde
|
|upkeep
|turn|2
|inactive|Sir Lechen has 20 seconds left this turn.
|inactive|Sir Lechen has 15 seconds left.
|inactive|Sir Lechen has 10 seconds left.
|
|t:|1655091566
|switch|p1a: Ditto|Ditto|100/100
|-transform|p1a: Ditto|p2a: Zygarde|[from] ability: Imposter
|switch|p2a: Skarmory|Skarmory, F|100/100
|
|upkeep
|turn|3
|inactive|Sir Lechen has 20 seconds left this turn.
|inactive|Sir Lechen has 15 seconds left.
|inactive|Sir Lechen has 10 seconds left.
|inactive|Sir Lechen has 5 seconds left.
|
|t:|1655091583
|switch|p1a: Tartarus|Yveltal|100/100
|-ability|p1a: Tartarus|Dark Aura
|move|p2a: Skarmory|Spikes|p1a: Tartarus
|-sidestart|p1: Sir Lechen|Spikes
|
|upkeep
|turn|4
|inactive|Sir Lechen has 15 seconds left this turn.
|
|t:|1655091604
|move|p1a: Tartarus|Taunt|p2a: Skarmory
|-start|p2a: Skarmory|move: Taunt
|move|p2a: Skarmory|Rock Tomb|p1a: Tartarus
|-supereffective|p1a: Tartarus
|-damage|p1a: Tartarus|71/100
|-unboost|p1a: Tartarus|spe|1
|
|upkeep
|turn|5
|inactive|Sir Lechen has 25 seconds left this turn.
|inactive|Sir Lechen has 20 seconds left.
|
|t:|1655091611
|-start|p1a: Tartarus|Dynamax|
|-heal|p1a: Tartarus|71/100|[silent]
|move|p2a: Skarmory|Rock Tomb|p1a: Tartarus
|-supereffective|p1a: Tartarus
|-damage|p1a: Tartarus|58/100
|-unboost|p1a: Tartarus|spe|1
|move|p1a: Tartarus|Max Airstream|p2a: Skarmory
|-resisted|p2a: Skarmory
|-damage|p2a: Skarmory|32/100
|-boost|p1a: Tartarus|spe|1
|-damage|p1a: Tartarus|53/100|[from] item: Life Orb
|
|upkeep
|turn|6
|inactive|Sir Lechen has 30 seconds left this turn.
|
|t:|1655091624
|move|p2a: Skarmory|Rock Tomb|p1a: Tartarus
|-supereffective|p1a: Tartarus
|-damage|p1a: Tartarus|39/100
|-unboost|p1a: Tartarus|spe|1
|move|p1a: Tartarus|Max Airstream|p2a: Skarmory
|-resisted|p2a: Skarmory
|-damage|p2a: Skarmory|0 fnt
|-boost|p1a: Tartarus|spe|1
|faint|p2a: Skarmory
|-damage|p1a: Tartarus|34/100|[from] item: Life Orb
|
|upkeep
|c| UncleShannon|Why are you...
|j| Opnoob 598
|
|t:|1655091636
|switch|p2a: Xerneas|Xerneas|100/100
|-ability|p2a: Xerneas|Fairy Aura
|turn|7
|
|t:|1655091641
|move|p2a: Xerneas|Geomancy||[still]
|-prepare|p2a: Xerneas|Geomancy
|-enditem|p2a: Xerneas|Power Herb
|-anim|p2a: Xerneas|Geomancy|p2a: Xerneas
|-boost|p2a: Xerneas|spa|2
|-boost|p2a: Xerneas|spd|2
|-boost|p2a: Xerneas|spe|2
|move|p1a: Tartarus|Max Airstream|p2a: Xerneas
|-damage|p2a: Xerneas|62/100
|-boost|p1a: Tartarus|spe|1
|-damage|p1a: Tartarus|29/100|[from] item: Life Orb
|
|upkeep
|-end|p1a: Tartarus|Dynamax
|-heal|p1a: Tartarus|29/100|[silent]
|turn|8
|j| Testaltv4
|
|t:|1655091648
|move|p2a: Xerneas|Moonblast|p1a: Tartarus
|-supereffective|p1a: Tartarus
|-damage|p1a: Tartarus|0 fnt
|faint|p1a: Tartarus
|
|upkeep
|c| Testaltv4|slow yvel even tho it used max airstream
|c| Testaltv4|funni
|c| UncleShannon|Very foolish
|
|t:|1655091676
|switch|p1a: Uranus|Rayquaza|100/100
|-ability|p1a: Uranus|Air Lock
|turn|9
|
|t:|1655091685
|detailschange|p1a: Uranus|Rayquaza-Mega
|-mega|p1a: Uranus|Rayquaza|
|-weather|DeltaStream|[from] ability: Delta Stream|[of] p1a: Uranus
|move|p2a: Xerneas|Geomancy||[still]
|-prepare|p2a: Xerneas|Geomancy
|move|p1a: Uranus|Dragon Ascent|p2a: Xerneas
|-damage|p2a: Xerneas|0 fnt
|-unboost|p1a: Uranus|def|1
|-unboost|p1a: Uranus|spd|1
|faint|p2a: Xerneas
|
|-weather|DeltaStream|[upkeep]
|upkeep
|n| Testaltv19|testaltv4
|c|☆09-10a|lol
|c|☆Sir Lechen|Huh
|c| UncleShannon|What....
|c|☆09-10a|misclick
|c|☆09-10a|:(
|c| UncleShannon|What the fuck is going on in this game
|
|t:|1655091700
|switch|p2a: Calyrex|Calyrex-Shadow|100/100
|-ability|p2a: Calyrex|As One
|-ability|p2a: Calyrex|Unnerve
|turn|10
|
|t:|1655091704
|move|p2a: Calyrex|Astral Barrage|p1a: Uranus
|-enditem|p1a: Uranus|Focus Sash
|-damage|p1a: Uranus|1/100
|move|p1a: Uranus|Dragon Ascent|p2a: Calyrex
|-damage|p2a: Calyrex|3/100
|-unboost|p1a: Uranus|def|1
|-unboost|p1a: Uranus|spd|1
|
|-weather|DeltaStream|[upkeep]
|upkeep
|turn|11
|c| UncleShannon|I really hope that was misclick
|inactive|Sir Lechen has 60 seconds left.
|
|t:|1655091717
|-weather|none
|switch|p1a: Gaia|Shuckle, M|100/100
|-damage|p1a: Gaia|88/100|[from] Spikes
|move|p2a: Calyrex|Astral Barrage|p1a: Gaia
|-damage|p1a: Gaia|39/100
|
|upkeep
|turn|12
|
|t:|1655091721
|move|p2a: Calyrex|Nasty Plot|p2a: Calyrex
|-boost|p2a: Calyrex|spa|2
|move|p1a: Gaia|Sticky Web|p2a: Calyrex
|-sidestart|p2: 09-10a|move: Sticky Web
|
|upkeep
|turn|13
|
|t:|1655091726
|move|p2a: Calyrex|Astral Barrage|p1a: Gaia
|-damage|p1a: Gaia|0 fnt
|faint|p1a: Gaia
|-ability|p2a: Calyrex|Grim Neigh|boost
|-boost|p2a: Calyrex|spa|1
|
|upkeep
|
|t:|1655091728
|switch|p1a: Ditto|Ditto|100/100
|-damage|p1a: Ditto|88/100|[from] Spikes
|-transform|p1a: Ditto|p2a: Calyrex|[from] ability: Imposter
|turn|14
|
|t:|1655091732
|move|p1a: Ditto|Astral Barrage|p2a: Calyrex
|-supereffective|p2a: Calyrex
|-damage|p2a: Calyrex|0 fnt
|faint|p2a: Calyrex
|-ability|p1a: Ditto|Grim Neigh|boost
|-boost|p1a: Ditto|spa|1
|
|upkeep
|
|t:|1655091734
|switch|p2a: Marshadow|Marshadow|100/100
|-activate|p2a: Marshadow|move: Sticky Web
|-unboost|p2a: Marshadow|spe|1
|turn|15
|
|t:|1655091747
|switch|p1a: Nyx|Zacian-Crowned|100/100
|-damage|p1a: Nyx|88/100|[from] Spikes
|-ability|p1a: Nyx|Intrepid Sword|boost
|-boost|p1a: Nyx|atk|1
|move|p2a: Marshadow|Shadow Sneak|p1a: Nyx
|-damage|p1a: Nyx|63/100
|
|upkeep
|turn|16
|
|t:|1655091749
|move|p2a: Marshadow|Endure|p2a: Marshadow
|-singleturn|p2a: Marshadow|move: Endure
|move|p1a: Nyx|Behemoth Blade|p2a: Marshadow
|-activate|p2a: Marshadow|move: Endure
|-damage|p2a: Marshadow|1/100
|
|upkeep
|turn|17
|-enditem|p2a: Marshadow|Custap Berry|[eat]
|-activate|p2a: Marshadow|item: Custap Berry|[consumed]
|
|t:|1655091769
|move|p2a: Marshadow|Reversal|p1a: Nyx
|-damage|p1a: Nyx|0 fnt
|faint|p1a: Nyx
|
|upkeep
|c| UncleShannon|Gn
|
|t:|1655091779
|switch|p1a: Ditto|Ditto|88/100
|-damage|p1a: Ditto|76/100|[from] Spikes
|-transform|p1a: Ditto|p2a: Marshadow|[from] ability: Imposter
|turn|18
|c|☆09-10a|Gn to you ^
|
|t:|1655091788
|switch|p2a: Zygarde|Zygarde|100/100
|-activate|p2a: Zygarde|move: Sticky Web
|-unboost|p2a: Zygarde|spe|1
|move|p1a: Ditto|Shadow Sneak|p2a: Zygarde
|-damage|p2a: Zygarde|75/100
|
|upkeep
|turn|19
|c| UncleShannon|This guy
|c|☆Sir Lechen|gn
|
|t:|1655091803
|switch|p1a: Zeus|Regieleki|100/100
|-damage|p1a: Zeus|88/100|[from] Spikes
|move|p2a: Zygarde|Stone Edge|p1a: Zeus
|-damage|p1a: Zeus|9/100
|-damage|p2a: Zygarde|66/100|[from] item: Life Orb
|
|upkeep
|turn|20
|c| UncleShannon|Chuckin it
|c| Opnoob 598|O
|c| Opnoob 598|M
|c| Opnoob 598|L
|c| UncleShannon|WHY
|c| UncleShannon|WHY
|c| UncleShannon|WHY DO YOU HAVE STONE EDGE
|c| UncleShannon|I GOTTA KNOW LMAOOO
|c| Opnoob 598|Goat 09-10a
|c| Opnoob 598|Fr
|
|t:|1655091824
|switch|p2a: Marshadow|Marshadow|1/100
|-activate|p2a: Marshadow|move: Sticky Web
|-unboost|p2a: Marshadow|spe|1
|move|p1a: Zeus|Explosion|p2a: Marshadow
|-immune|p2a: Marshadow
|faint|p1a: Zeus
|
|upkeep
|
|t:|1655091828
|switch|p1a: Ditto|Ditto|76/100
|-damage|p1a: Ditto|63/100|[from] Spikes
|-transform|p1a: Ditto|p2a: Marshadow|[from] ability: Imposter
|turn|21
|c| Opnoob 598|LMAOOOO
|c| UncleShannon|He may be the GOAT
|c| Opnoob 598|HOLY DHIT WITH THOSE GOATED PREDICTIONS
|inactive|Sir Lechen has 120 seconds left.
|c| Opnoob 598|*SHIT
|c| UncleShannon|Omfg
|c| UncleShannon|A classic game of chokes and wild plays
|
|t:|1655091856
|move|p2a: Marshadow|Shadow Sneak|p1a: Ditto
|-supereffective|p1a: Ditto
|-damage|p1a: Ditto|0 fnt
|faint|p1a: Ditto
|
|upkeep
|
|t:|1655091858
|switch|p1a: Uranus|Rayquaza-Mega|1/100
|-weather|DeltaStream|[from] ability: Delta Stream|[of] p1a: Uranus
|turn|22
|c| UncleShannon|CRAZY
|c|☆Sir Lechen|gg
|inactive|Sir Lechen has 120 seconds left.
|c| UncleShannon|Slapped.
|c| UncleShannon|Wow
|
|t:|1655091867
|move|p2a: Marshadow|Shadow Sneak|p1a: Uranus
|-damage|p1a: Uranus|0 fnt
|faint|p1a: Uranus
|-weather|none
|
|win|09-10a
|raw|Sir Lechen's rating: 1714 &rarr; <strong>1696</strong><br />(-18 for losing)
|raw|09-10a's rating: 1756 &rarr; <strong>1774</strong><br />(+18 for winning)
|l|☆Sir Lechen
|c| UncleShannon|Standing ovation
|c| UncleShannon|I'm glad I watched this one
|c| UncleShannon|Must share
||Ladder isn't responding, score probably updated but might not have (Request timeout).
