|j|☆thicsucttv
|j|☆CLEAR GEM清瑜
|t:|1663068196
|gametype|singles
|player|p1|thicsucttv|265|1623
|player|p2|CLEAR GEM清瑜|skierf|1844
|teamsize|p1|6
|teamsize|p2|6
|gen|8
|tier|[Gen 8] National Dex AG
|rated|
|rule|HP Percentage Mod: HP is shown in percentages
|rule|Endless Battle Clause: Forcing endless battles is banned
|clearpoke
|poke|p1|Tyranitar, F|
|poke|p1|Marshadow|
|poke|p1|Yveltal|
|poke|p1|Necrozma-Dusk-Mane|
|poke|p1|Smeargle, F|
|poke|p1|Lucario, F|
|poke|p2|Rayquaza|
|poke|p2|Groudon|
|poke|p2|Necrozma-Dusk-Mane|
|poke|p2|Arceus-*|
|poke|p2|Zacian-*|
|poke|p2|Yveltal|
|teampreview
|inactive|Battle timer is ON: inactive players will automatically lose when time's up. (requested by thicsucttv)
|
|t:|1663068212
|start
|switch|p1a: Smeargle|Smeargle, F|100/100
|switch|p2a: Y鸟|Yveltal|100/100
|-ability|p2a: Y鸟|Dark Aura
|turn|1
|
|t:|1663068220
|switch|p1a: Tyranitar|Tyranitar, F|100/100
|-weather|Sandstorm|[from] ability: Sand Stream|[of] p1a: Tyranitar
|move|p2a: Y鸟|Taunt|p1a: Tyranitar
|-start|p1a: Tyranitar|move: Taunt
|
|-weather|Sandstorm|[upkeep]
|-damage|p2a: Y鸟|94/100|[from] Sandstorm
|upkeep
|turn|2
|
|t:|1663068231
|switch|p2a: 不会(?)|Groudon|100/100
|detailschange|p2a: 不会(?)|Groudon-Primal
|-primal|p2a: 不会(?)
|-weather|DesolateLand|[from] ability: Desolate Land|[of] p2a: 不会(?)
|move|p1a: Tyranitar|Stone Edge|p2a: 不会(?)
|-damage|p2a: 不会(?)|76/100
|
|-weather|DesolateLand|[upkeep]
|upkeep
|turn|3
|
|t:|1663068250
|switch|p1a: Smeargle|Smeargle, F|100/100
|move|p2a: 不会(?)|Stealth Rock|p1a: Smeargle
|-sidestart|p1: thicsucttv|move: Stealth Rock
|
|-weather|DesolateLand|[upkeep]
|-ability|p1a: Smeargle|Moody|boost
|-boost|p1a: Smeargle|spe|2
|-unboost|p1a: Smeargle|spa|1
|upkeep
|turn|4
|
|t:|1663068260
|move|p1a: Smeargle|Spore|p2a: 不会(?)
|-status|p2a: 不会(?)|slp|[from] move: Spore
|cant|p2a: 不会(?)|slp
|
|-weather|DesolateLand|[upkeep]
|-ability|p1a: Smeargle|Moody|boost
|-boost|p1a: Smeargle|def|2
|-unboost|p1a: Smeargle|spe|1
|upkeep
|turn|5
|
|t:|1663068275
|move|p1a: Smeargle|Shell Smash|p1a: Smeargle
|-unboost|p1a: Smeargle|def|1
|-unboost|p1a: Smeargle|spd|1
|-boost|p1a: Smeargle|atk|2
|-boost|p1a: Smeargle|spa|2
|-boost|p1a: Smeargle|spe|2
|cant|p2a: 不会(?)|slp
|
|-weather|DesolateLand|[upkeep]
|-ability|p1a: Smeargle|Moody|boost
|-boost|p1a: Smeargle|atk|2
|-unboost|p1a: Smeargle|spa|1
|upkeep
|turn|6
|
|t:|1663068286
|move|p1a: Smeargle|Stealth Rock|p2a: 不会(?)
|-sidestart|p2: CLEAR GEM清瑜|move: Stealth Rock
|cant|p2a: 不会(?)|slp
|
|-weather|DesolateLand|[upkeep]
|-ability|p1a: Smeargle|Moody|boost
|-boost|p1a: Smeargle|def|2
|-unboost|p1a: Smeargle|spe|1
|upkeep
|turn|7
|
|t:|1663068296
|move|p1a: Smeargle|Shell Smash|p1a: Smeargle
|-unboost|p1a: Smeargle|def|1
|-unboost|p1a: Smeargle|spd|1
|-boost|p1a: Smeargle|atk|2
|-boost|p1a: Smeargle|spa|2
|-boost|p1a: Smeargle|spe|2
|-curestatus|p2a: 不会(?)|slp|[msg]
|move|p2a: 不会(?)|Roar|p1a: Smeargle
|drag|p1a: Tyranitar|Tyranitar, F|100/100
|-damage|p1a: Tyranitar|88/100|[from] Stealth Rock
|-ability|p1a: Tyranitar|Sand Stream|[from] desolateland|[fail]
|
|-weather|DesolateLand|[upkeep]
|-heal|p1a: Tyranitar|94/100|[from] item: Leftovers
|upkeep
|turn|8
|
|t:|1663068313
|move|p2a: 不会(?)|Precipice Blades|p1a: Tyranitar
|-supereffective|p1a: Tyranitar
|-damage|p1a: Tyranitar|0 fnt
|faint|p1a: Tyranitar
|
|-weather|DesolateLand|[upkeep]
|upkeep
|
|t:|1663068318
|switch|p1a: Necrozma|Necrozma-Dusk-Mane|100/100
|-damage|p1a: Necrozma|94/100|[from] Stealth Rock
|turn|9
|
|t:|1663068324
|move|p1a: Necrozma|Autotomize|p1a: Necrozma
|-boost|p1a: Necrozma|spe|2
|-start|p1a: Necrozma|Autotomize
|move|p2a: 不会(?)|Roar|p1a: Necrozma
|drag|p1a: Smeargle|Smeargle, F|100/100
|-damage|p1a: Smeargle|88/100|[from] Stealth Rock
|
|-weather|DesolateLand|[upkeep]
|-ability|p1a: Smeargle|Moody|boost
|-boost|p1a: Smeargle|def|2
|-unboost|p1a: Smeargle|spa|1
|upkeep
|turn|10
|
|t:|1663068337
|move|p1a: Smeargle|Spore|p2a: 不会(?)
|-status|p2a: 不会(?)|slp|[from] move: Spore
|cant|p2a: 不会(?)|slp
|
|-weather|DesolateLand|[upkeep]
|-ability|p1a: Smeargle|Moody|boost
|-boost|p1a: Smeargle|atk|2
|-unboost|p1a: Smeargle|def|1
|upkeep
|turn|11
|
|t:|1663068346
|move|p1a: Smeargle|Shell Smash|p1a: Smeargle
|-unboost|p1a: Smeargle|def|1
|-unboost|p1a: Smeargle|spd|1
|-boost|p1a: Smeargle|atk|2
|-boost|p1a: Smeargle|spa|2
|-boost|p1a: Smeargle|spe|2
|cant|p2a: 不会(?)|slp
|
|-weather|DesolateLand|[upkeep]
|-ability|p1a: Smeargle|Moody|boost
|-boost|p1a: Smeargle|def|2
|-unboost|p1a: Smeargle|spa|1
|upkeep
|turn|12
|
|t:|1663068357
|move|p1a: Smeargle|Baton Pass|p1a: Smeargle
|
|t:|1663068358
|switch|p1a: Lucario|Lucario, F|100/100|[from]move: Baton Pass
|-damage|p1a: Lucario|98/100|[from] Stealth Rock
|-curestatus|p2a: 不会(?)|slp|[msg]
|move|p2a: 不会(?)|Roar|p1a: Lucario
|drag|p1a: Necrozma|Necrozma-Dusk-Mane|94/100
|-damage|p1a: Necrozma|88/100|[from] Stealth Rock
|
|-weather|DesolateLand|[upkeep]
|upkeep
|turn|13
|
|t:|1663068369
|move|p1a: Necrozma|Earthquake|p2a: 不会(?)
|-supereffective|p2a: 不会(?)
|-damage|p2a: 不会(?)|34/100
|move|p2a: 不会(?)|Precipice Blades|p1a: Necrozma
|-supereffective|p1a: Necrozma
|-damage|p1a: Necrozma|0 fnt
|faint|p1a: Necrozma
|
|-weather|DesolateLand|[upkeep]
|upkeep
|
|t:|1663068378
|switch|p1a: Smeargle|Smeargle, F|88/100
|-damage|p1a: Smeargle|76/100|[from] Stealth Rock
|turn|14
|
|t:|1663068382
|move|p1a: Smeargle|Spore|p2a: 不会(?)
|-status|p2a: 不会(?)|slp|[from] move: Spore
|cant|p2a: 不会(?)|slp
|
|-weather|DesolateLand|[upkeep]
|-ability|p1a: Smeargle|Moody|boost
|-boost|p1a: Smeargle|spe|2
|-unboost|p1a: Smeargle|spa|1
|upkeep
|turn|15
|
|t:|1663068392
|move|p1a: Smeargle|Shell Smash|p1a: Smeargle
|-unboost|p1a: Smeargle|def|1
|-unboost|p1a: Smeargle|spd|1
|-boost|p1a: Smeargle|atk|2
|-boost|p1a: Smeargle|spa|2
|-boost|p1a: Smeargle|spe|2
|-curestatus|p2a: 不会(?)|slp|[msg]
|move|p2a: 不会(?)|Roar|p1a: Smeargle
|drag|p1a: Marshadow|Marshadow|100/100
|-damage|p1a: Marshadow|94/100|[from] Stealth Rock
|
|-weather|DesolateLand|[upkeep]
|upkeep
|turn|16
|
|t:|1663068404
|move|p1a: Marshadow|Spectral Thief|p2a: 不会(?)
|-damage|p2a: 不会(?)|10/100
|move|p2a: 不会(?)|Heat Crash|p1a: Marshadow
|-damage|p1a: Marshadow|0 fnt
|faint|p1a: Marshadow
|
|-weather|DesolateLand|[upkeep]
|upkeep
|
|t:|1663068416
|switch|p1a: Smeargle|Smeargle, F|76/100
|-damage|p1a: Smeargle|63/100|[from] Stealth Rock
|turn|17
|
|t:|1663068421
|move|p1a: Smeargle|Spore|p2a: 不会(?)
|-status|p2a: 不会(?)|slp|[from] move: Spore
|cant|p2a: 不会(?)|slp
|
|-weather|DesolateLand|[upkeep]
|-ability|p1a: Smeargle|Moody|boost
|-boost|p1a: Smeargle|atk|2
|-unboost|p1a: Smeargle|spa|1
|upkeep
|turn|18
|
|t:|1663068430
|-weather|none
|switch|p2a: 老烈|Rayquaza, shiny|100/100
|-damage|p2a: 老烈|76/100|[from] Stealth Rock
|-ability|p2a: 老烈|Air Lock
|move|p1a: Smeargle|Shell Smash|p1a: Smeargle
|-unboost|p1a: Smeargle|def|1
|-unboost|p1a: Smeargle|spd|1
|-boost|p1a: Smeargle|atk|2
|-boost|p1a: Smeargle|spa|2
|-boost|p1a: Smeargle|spe|2
|
|-ability|p1a: Smeargle|Moody|boost
|-boost|p1a: Smeargle|spe|2
|-unboost|p1a: Smeargle|spd|1
|upkeep
|turn|19
|
|t:|1663068456
|detailschange|p2a: 老烈|Rayquaza-Mega, shiny
|-mega|p2a: 老烈|Rayquaza|
|-weather|DeltaStream|[from] ability: Delta Stream|[of] p2a: 老烈
|move|p2a: 老烈|Extreme Speed|p1a: Smeargle
|-damage|p1a: Smeargle|0 fnt
|faint|p1a: Smeargle
|
|-weather|DeltaStream|[upkeep]
|upkeep
|
|t:|1663068464
|switch|p1a: Yveltal|Yveltal|100/100
|-damage|p1a: Yveltal|76/100|[from] Stealth Rock
|-ability|p1a: Yveltal|Dark Aura
|turn|20
|
|t:|1663068470
|-start|p1a: Yveltal|Dynamax|
|-heal|p1a: Yveltal|76/100|[silent]
|move|p2a: 老烈|Dragon Ascent|p1a: Yveltal
|-damage|p1a: Yveltal|39/100
|-unboost|p2a: 老烈|def|1
|-unboost|p2a: 老烈|spd|1
|move|p1a: Yveltal|Max Airstream|p2a: 老烈
|-damage|p2a: 老烈|0 fnt
|-boost|p1a: Yveltal|spe|1
|faint|p2a: 老烈
|-weather|none
|-damage|p1a: Yveltal|34/100|[from] item: Life Orb
|
|upkeep
|
|t:|1663068474
|switch|p2a: 嘉然小姐的狗|Zacian-Crowned|100/100
|-damage|p2a: 嘉然小姐的狗|94/100|[from] Stealth Rock
|-ability|p2a: 嘉然小姐的狗|Intrepid Sword|boost
|-boost|p2a: 嘉然小姐的狗|atk|1
|turn|21
|
|t:|1663068490
|move|p1a: Yveltal|Max Flare|p2a: 嘉然小姐的狗
|-supereffective|p2a: 嘉然小姐的狗
|-damage|p2a: 嘉然小姐的狗|28/100
|-weather|SunnyDay
|-damage|p1a: Yveltal|29/100|[from] item: Life Orb
|move|p2a: 嘉然小姐的狗|Behemoth Blade|p1a: Yveltal
|-damage|p1a: Yveltal|0 fnt
|faint|p1a: Yveltal
|
|-weather|SunnyDay|[upkeep]
|upkeep
|c|☆CLEAR GEM清瑜|gg
|
|t:|1663068502
|switch|p1a: Lucario|Lucario, F|98/100
|-damage|p1a: Lucario|95/100|[from] Stealth Rock
|turn|22
|
|t:|1663068508
|detailschange|p1a: Lucario|Lucario-Mega, F
|-mega|p1a: Lucario|Lucario|Lucarionite
|move|p1a: Lucario|Bullet Punch|p2a: 嘉然小姐的狗
|-damage|p2a: 嘉然小姐的狗|2/100
|move|p2a: 嘉然小姐的狗|Close Combat|p1a: Lucario
|-supereffective|p1a: Lucario
|-damage|p1a: Lucario|0 fnt
|-unboost|p2a: 嘉然小姐的狗|def|1
|-unboost|p2a: 嘉然小姐的狗|spd|1
|faint|p1a: Lucario
|
|win|CLEAR GEM清瑜
|raw|thicsucttv's rating: 1623 &rarr; <strong>1614</strong><br />(-9 for losing)
|raw|CLEAR GEM清瑜's rating: 1844 &rarr; <strong>1853</strong><br />(+9 for winning)
|l|☆thicsucttv
||Ladder isn't responding, score probably updated but might not have (Request timeout).
