|j|☆Makora4
|j|☆mardydu
|inactive|Battle timer is ON: inactive players will automatically lose when time's up.
|t:|1664323755
|gametype|singles
|player|p1|Makora4|ash-kalos|
|player|p2|mardydu|boarder|
|teamsize|p1|6
|teamsize|p2|6
|gen|8
|tier|[Gen 8] National Dex AG
|rated|Tournament battle
|rule|HP Percentage Mod: HP is shown in percentages
|rule|Endless Battle Clause: Forcing endless battles is banned
|clearpoke
|poke|p1|Aerodactyl, M|
|poke|p1|Smeargle, F|
|poke|p1|Yveltal|
|poke|p1|Greninja, M|
|poke|p1|Rayquaza|
|poke|p1|Arceus-*|
|poke|p2|Kyurem-White|
|poke|p2|Calyrex-Shadow|
|poke|p2|Rayquaza|
|poke|p2|Regieleki|
|poke|p2|Smeargle, F|
|poke|p2|Skarmory, F|
|teampreview
|inactive|Makora4 also wants the timer to be on.
|inactive|mardydu also wants the timer to be on.
|
|t:|1664323761
|start
|switch|p1a: Rayquaza|Rayquaza|100/100
|switch|p2a: JumpingMan|Regieleki|100/100
|-ability|p1a: Rayquaza|Air Lock
|turn|1
|
|t:|1664323768
|switch|p1a: Arceus|Arceus-Ground|100/100
|move|p2a: JumpingMan|Thunder Cage|p1a: Arceus
|-immune|p1a: Arceus
|
|upkeep
|turn|2
|
|t:|1664323773
|switch|p2a: Skarmory|Skarmory, F|100/100
|move|p1a: Arceus|Swords Dance|p1a: Arceus
|-boost|p1a: Arceus|atk|2
|
|upkeep
|turn|3
|
|t:|1664323775
|move|p1a: Arceus|Stone Edge|p2a: Skarmory
|-crit|p2a: Skarmory
|-damage|p2a: Skarmory|41/100
|move|p2a: Skarmory|Stealth Rock|p1a: Arceus
|-sidestart|p1: Makora4|move: Stealth Rock
|
|upkeep
|turn|4
|
|t:|1664323780
|move|p1a: Arceus|Stone Edge|p2a: Skarmory|[miss]
|-miss|p1a: Arceus|p2a: Skarmory
|move|p2a: Skarmory|Whirlwind|p1a: Arceus
|drag|p1a: Yveltal|Yveltal|100/100
|-damage|p1a: Yveltal|76/100|[from] Stealth Rock
|-ability|p1a: Yveltal|Dark Aura
|
|upkeep
|turn|5
|
|t:|1664323785
|move|p1a: Yveltal|Dark Pulse|p2a: Skarmory
|-damage|p2a: Skarmory|0 fnt
|faint|p2a: Skarmory
|-damage|p1a: Yveltal|66/100|[from] item: Life Orb
|
|upkeep
|
|t:|1664323788
|switch|p2a: Kurem|Kyurem-White, shiny|100/100
|-ability|p2a: Kurem|Turboblaze
|turn|6
|
|t:|1664323791
|move|p2a: Kurem|Ice Beam|p1a: Yveltal
|-supereffective|p1a: Yveltal
|-damage|p1a: Yveltal|0 fnt
|faint|p1a: Yveltal
|
|upkeep
|
|t:|1664323799
|switch|p1a: Arceus|Arceus-Ground|100/100
|-damage|p1a: Arceus|94/100|[from] Stealth Rock
|turn|7
|j| Lord Tonii Chan
|
|t:|1664323804
|move|p2a: Kurem|Ice Beam|p1a: Arceus
|-supereffective|p1a: Arceus
|-damage|p1a: Arceus|18/100
|move|p1a: Arceus|Stone Edge|p2a: Kurem
|-supereffective|p2a: Kurem
|-damage|p2a: Kurem|30/100
|
|upkeep
|turn|8
|
|t:|1664323810
|move|p1a: Arceus|Extreme Speed|p2a: Kurem
|-damage|p2a: Kurem|3/100
|move|p2a: Kurem|Ice Beam|p1a: Arceus
|-supereffective|p1a: Arceus
|-crit|p1a: Arceus
|-damage|p1a: Arceus|0 fnt
|faint|p1a: Arceus
|
|upkeep
|
|t:|1664323815
|switch|p1a: Greninja|Greninja, M|100/100
|-damage|p1a: Greninja|88/100|[from] Stealth Rock
|turn|9
|
|t:|1664323822
|switch|p2a: JumpingMan|Regieleki|100/100
|move|p1a: Greninja|Water Shuriken|p2a: JumpingMan
|-damage|p2a: JumpingMan|85/100
|-crit|p2a: JumpingMan
|-damage|p2a: JumpingMan|62/100
|-crit|p2a: JumpingMan
|-damage|p2a: JumpingMan|38/100
|-hitcount|p2a: JumpingMan|3
|
|upkeep
|turn|10
|
|t:|1664323824
|move|p1a: Greninja|Water Shuriken|p2a: JumpingMan
|-damage|p2a: JumpingMan|23/100
|-damage|p2a: JumpingMan|8/100
|-damage|p2a: JumpingMan|0 fnt
|faint|p2a: JumpingMan
|-activate|p1a: Greninja|ability: Battle Bond
|detailschange|p1a: Greninja|Greninja-Ash, M
|-hitcount|p2: JumpingMan|3
|
|upkeep
|
|t:|1664323839
|switch|p2a: Rayquaza|Rayquaza|100/100
|-ability|p2a: Rayquaza|Air Lock
|turn|11
|
|t:|1664323846
|detailschange|p2a: Rayquaza|Rayquaza-Mega
|-mega|p2a: Rayquaza|Rayquaza|
|-weather|DeltaStream|[from] ability: Delta Stream|[of] p2a: Rayquaza
|-start|p1a: Greninja|Dynamax|
|-heal|p1a: Greninja|88/100|[silent]
|move|p1a: Greninja|Max Hailstorm|p2a: Rayquaza
|-activate||deltastream
|-supereffective|p2a: Rayquaza
|-crit|p2a: Rayquaza
|-damage|p2a: Rayquaza|0 fnt
|-weather|Hail
|faint|p2a: Rayquaza
|
|-weather|Hail|[upkeep]
|-damage|p1a: Greninja|85/100|[from] Hail
|upkeep
|
|t:|1664323854
|switch|p2a: Kurem|Kyurem-White, shiny|3/100
|-ability|p2a: Kurem|Turboblaze
|turn|12
|
|t:|1664323861
|-end|p1a: Greninja|Dynamax
|-heal|p1a: Greninja|85/100|[silent]
|switch|p1a: Smeargle|Smeargle, F|100/100
|-damage|p1a: Smeargle|88/100|[from] Stealth Rock
|move|p2a: Kurem|Earth Power|p1a: Smeargle
|-damage|p1a: Smeargle|15/100
|
|-weather|Hail|[upkeep]
|-damage|p1a: Smeargle|8/100|[from] Hail
|-ability|p1a: Smeargle|Moody|boost
|-boost|p1a: Smeargle|atk|2
|-unboost|p1a: Smeargle|spe|1
|upkeep
|turn|13
|
|t:|1664323869
|move|p2a: Kurem|Earth Power|p1a: Smeargle
|-damage|p1a: Smeargle|0 fnt
|faint|p1a: Smeargle
|
|-weather|Hail|[upkeep]
|upkeep
|j| AveragePkmnPlayR
|
|t:|1664323872
|switch|p1a: Rayquaza|Rayquaza|100/100
|-damage|p1a: Rayquaza|76/100|[from] Stealth Rock
|-ability|p1a: Rayquaza|Air Lock
|turn|14
|
|t:|1664323880
|detailschange|p1a: Rayquaza|Rayquaza-Mega
|-mega|p1a: Rayquaza|Rayquaza|
|-weather|DeltaStream|[from] ability: Delta Stream|[of] p1a: Rayquaza
|move|p2a: Kurem|Earth Power|p1a: Rayquaza
|-immune|p1a: Rayquaza
|move|p1a: Rayquaza|Scale Shot|p2a: Kurem
|-supereffective|p2a: Kurem
|-damage|p2a: Kurem|0 fnt
|faint|p2a: Kurem
|-hitcount|p2: Kurem|1
|-unboost|p1a: Rayquaza|def|1
|-boost|p1a: Rayquaza|spe|1
|
|-weather|DeltaStream|[upkeep]
|upkeep
|l| AveragePkmnPlayR
|
|t:|1664323887
|switch|p2a: Smeargle|Smeargle, F|100/100
|turn|15
|
|t:|1664323896
|move|p1a: Rayquaza|Scale Shot|p2a: Smeargle
|-crit|p2a: Smeargle
|-damage|p2a: Smeargle|20/100
|-damage|p2a: Smeargle|0 fnt
|faint|p2a: Smeargle
|-hitcount|p2: Smeargle|2
|-unboost|p1a: Rayquaza|def|1
|-boost|p1a: Rayquaza|spe|1
|
|-weather|DeltaStream|[upkeep]
|upkeep
|
|t:|1664323899
|switch|p2a: Horse in cali|Calyrex-Shadow|100/100
|-ability|p2a: Horse in cali|As One
|-ability|p2a: Horse in cali|Unnerve
|turn|16
|
|t:|1664323904
|-start|p2a: Horse in cali|Dynamax|
|-heal|p2a: Horse in cali|100/100|[silent]
|move|p1a: Rayquaza|Dragon Ascent|p2a: Horse in cali
|-damage|p2a: Horse in cali|45/100
|-unboost|p1a: Rayquaza|def|1
|-unboost|p1a: Rayquaza|spd|1
|move|p2a: Horse in cali|Max Phantasm|p1a: Rayquaza
|-damage|p1a: Rayquaza|0 fnt
|faint|p1a: Rayquaza
|-weather|none
|-ability|p2a: Horse in cali|Grim Neigh|boost
|-boost|p2a: Horse in cali|spa|1
|
|upkeep
|
|t:|1664323906
|switch|p1a: Greninja|Greninja-Ash, M|85/100
|-damage|p1a: Greninja|73/100|[from] Stealth Rock
|turn|17
|
|t:|1664323911
|move|p1a: Greninja|Dark Pulse|p2a: Horse in cali
|-supereffective|p2a: Horse in cali
|-damage|p2a: Horse in cali|0 fnt
|faint|p2a: Horse in cali
|
|win|Makora4
|n|☆Makora4|makora4
|n|☆mardydu|mardydu
|n| Lord Tonii Chan|lordtoniichan
|l|☆mardydu
