|j|☆binbau10
|j|☆rajof
|t:|1622881396
|gametype|singles
|player|p1|binbau10|swimmerf-gen4|1775
|player|p2|rajof|youngster-gen4|1619
|teamsize|p1|6
|teamsize|p2|6
|gen|8
|tier|[Gen 8] National Dex AG
|rated|
|rule|HP Percentage Mod: HP is shown in percentages
|rule|Endless Battle Clause: Forcing endless battles is banned
|clearpoke
|poke|p1|Necrozma-Dusk-Mane|
|poke|p1|Rayquaza|
|poke|p1|Zacian-*|
|poke|p1|Arceus-*|
|poke|p1|Ditto|
|poke|p1|Zygarde|
|poke|p2|Arceus-*|
|poke|p2|Ditto|
|poke|p2|Chansey, F|
|poke|p2|Lugia|
|poke|p2|Groudon|
|poke|p2|Arceus-*|
|teampreview
|inactive|Battle timer is ON: inactive players will automatically lose when time's up. (requested by binbau10)
|
|t:|1622881429
|start
|switch|p1a: Necrozma|Necrozma-Dusk-Mane|100/100
|switch|p2a: 악르세우스|Arceus-Dark|100/100
|turn|1
|
|t:|1622881448
|move|p2a: 악르세우스|Judgment|p1a: Necrozma
|-supereffective|p1a: Necrozma
|-damage|p1a: Necrozma|45/100
|move|p1a: Necrozma|Stealth Rock|p2a: 악르세우스
|-sidestart|p2: rajof|move: Stealth Rock
|
|upkeep
|turn|2
|
|t:|1622881455
|switch|p1a: Arceus|Arceus-Dark|100/100
|move|p2a: 악르세우스|Judgment|p1a: Arceus
|-resisted|p1a: Arceus
|-damage|p1a: Arceus|88/100
|
|upkeep
|turn|3
|
|t:|1622881458
|move|p2a: 악르세우스|Calm Mind|p2a: 악르세우스
|-boost|p2a: 악르세우스|spa|1
|-boost|p2a: 악르세우스|spd|1
|move|p1a: Arceus|Toxic|p2a: 악르세우스
|-status|p2a: 악르세우스|tox
|
|-damage|p2a: 악르세우스|94/100 tox|[from] psn
|upkeep
|turn|4
|
|t:|1622881462
|switch|p1a: Zacian|Zacian-Crowned|100/100
|-ability|p1a: Zacian|Intrepid Sword|boost
|-boost|p1a: Zacian|atk|1
|move|p2a: 악르세우스|Refresh|p2a: 악르세우스
|-curestatus|p2a: 악르세우스|tox|[msg]
|
|upkeep
|turn|5
|
|t:|1622881470
|switch|p2a: 루기아|Lugia|100/100
|-damage|p2a: 루기아|75/100|[from] Stealth Rock
|move|p1a: Zacian|Substitute|p1a: Zacian
|-start|p1a: Zacian|Substitute
|-damage|p1a: Zacian|76/100
|
|upkeep
|turn|6
|
|t:|1622881478
|move|p1a: Zacian|Crunch|p2a: 루기아
|-supereffective|p2a: 루기아
|-damage|p2a: 루기아|27/100
|-damage|p1a: Zacian|59/100|[from] item: Rocky Helmet|[of] p2a: 루기아
|move|p2a: 루기아|Roost|p2a: 루기아
|-heal|p2a: 루기아|77/100
|-singleturn|p2a: 루기아|move: Roost
|
|upkeep
|turn|7
|
|t:|1622881487
|move|p1a: Zacian|Behemoth Blade|p2a: 루기아
|-damage|p2a: 루기아|32/100
|-damage|p1a: Zacian|42/100|[from] item: Rocky Helmet|[of] p2a: 루기아
|move|p2a: 루기아|Roost|p2a: 루기아
|-heal|p2a: 루기아|82/100
|-singleturn|p2a: 루기아|move: Roost
|
|upkeep
|turn|8
|
|t:|1622881495
|switch|p1a: Arceus|Arceus-Dark|88/100
|move|p2a: 루기아|Roost|p2a: 루기아
|-heal|p2a: 루기아|100/100
|-singleturn|p2a: 루기아|move: Roost
|
|upkeep
|turn|9
|
|t:|1622881501
|move|p1a: Arceus|Toxic|p2a: 루기아
|-status|p2a: 루기아|tox
|move|p2a: 루기아|Defog|p1a: Arceus
|-unboost|p1a: Arceus|evasion|1
|-sideend|p2: rajof|Stealth Rock|[from] move: Defog|[of] p2a: 루기아
|
|-damage|p2a: 루기아|94/100 tox|[from] psn
|upkeep
|turn|10
|
|t:|1622881515
|switch|p2a: 아르세우스|Arceus-Fairy|100/100
|move|p1a: Arceus|Judgment|p2a: 아르세우스
|-resisted|p2a: 아르세우스
|-damage|p2a: 아르세우스|85/100
|
|upkeep
|turn|11
|
|t:|1622881519
|move|p2a: 아르세우스|Earth Power|p1a: Arceus
|-damage|p1a: Arceus|77/100
|move|p1a: Arceus|Toxic|p2a: 아르세우스
|-status|p2a: 아르세우스|tox
|
|-damage|p2a: 아르세우스|79/100 tox|[from] psn
|upkeep
|turn|12
|
|t:|1622881525
|switch|p1a: Necrozma|Necrozma-Dusk-Mane|45/100
|move|p2a: 아르세우스|Judgment|p1a: Necrozma
|-resisted|p1a: Necrozma
|-damage|p1a: Necrozma|25/100
|
|-damage|p2a: 아르세우스|67/100 tox|[from] psn
|upkeep
|turn|13
|j| LemmaLemma
|
|t:|1622881533
|switch|p1a: Rayquaza|Rayquaza|100/100
|-ability|p1a: Rayquaza|Air Lock
|move|p2a: 아르세우스|Earth Power|p1a: Rayquaza
|-immune|p1a: Rayquaza
|
|-damage|p2a: 아르세우스|49/100 tox|[from] psn
|upkeep
|turn|14
|
|t:|1622881537
|switch|p2a: 루기아|Lugia|94/100 tox
|detailschange|p1a: Rayquaza|Rayquaza-Mega
|-mega|p1a: Rayquaza|Rayquaza|
|-weather|DeltaStream|[from] ability: Delta Stream|[of] p1a: Rayquaza
|move|p1a: Rayquaza|Dragon Ascent|p2a: 루기아
|-damage|p2a: 루기아|46/100 tox
|-unboost|p1a: Rayquaza|def|1
|-unboost|p1a: Rayquaza|spd|1
|-damage|p1a: Rayquaza|84/100|[from] item: Rocky Helmet|[of] p2a: 루기아
|-damage|p1a: Rayquaza|74/100|[from] item: Life Orb
|
|-weather|DeltaStream|[upkeep]
|-damage|p2a: 루기아|40/100 tox|[from] psn
|upkeep
|turn|15
|
|t:|1622881546
|move|p1a: Rayquaza|Dragon Ascent|p2a: 루기아
|-crit|p2a: 루기아
|-damage|p2a: 루기아|0 fnt
|-unboost|p1a: Rayquaza|def|1
|-unboost|p1a: Rayquaza|spd|1
|-damage|p1a: Rayquaza|57/100|[from] item: Rocky Helmet|[of] p2a: 루기아
|faint|p2a: 루기아
|-damage|p1a: Rayquaza|48/100|[from] item: Life Orb
|
|-weather|DeltaStream|[upkeep]
|upkeep
|
|t:|1622881553
|switch|p2a: 악르세우스|Arceus-Dark|94/100
|turn|16
|
|t:|1622881558
|-weather|none
|switch|p1a: Arceus|Arceus-Dark|77/100
|move|p2a: 악르세우스|Judgment|p1a: Arceus
|-resisted|p1a: Arceus
|-damage|p1a: Arceus|65/100
|
|upkeep
|turn|17
|
|t:|1622881562
|move|p2a: 악르세우스|Calm Mind|p2a: 악르세우스
|-boost|p2a: 악르세우스|spa|1
|-boost|p2a: 악르세우스|spd|1
|move|p1a: Arceus|Toxic|p2a: 악르세우스
|-status|p2a: 악르세우스|tox
|
|-damage|p2a: 악르세우스|88/100 tox|[from] psn
|upkeep
|turn|18
|
|t:|1622881571
|switch|p1a: Zacian|Zacian-Crowned|42/100
|-ability|p1a: Zacian|Intrepid Sword|boost
|-boost|p1a: Zacian|atk|1
|move|p2a: 악르세우스|Judgment|p1a: Zacian
|-resisted|p1a: Zacian
|-damage|p1a: Zacian|10/100
|
|-damage|p2a: 악르세우스|76/100 tox|[from] psn
|upkeep
|turn|19
|j| Saenai Heroine♡
|
|t:|1622881580
|move|p1a: Zacian|Behemoth Blade|p2a: 악르세우스
|-damage|p2a: 악르세우스|8/100 tox
|move|p2a: 악르세우스|Judgment|p1a: Zacian
|-resisted|p1a: Zacian
|-damage|p1a: Zacian|0 fnt
|faint|p1a: Zacian
|
|-damage|p2a: 악르세우스|0 fnt|[from] psn
|faint|p2a: 악르세우스
|upkeep
|
|t:|1622881593
|switch|p1a: Rayquaza|Rayquaza-Mega|48/100
|switch|p2a: 럭키|Chansey, F|100/100
|-weather|DeltaStream|[from] ability: Delta Stream|[of] p1a: Rayquaza
|turn|20
|
|t:|1622881602
|move|p1a: Rayquaza|Dragon Ascent|p2a: 럭키
|-damage|p2a: 럭키|30/100
|-unboost|p1a: Rayquaza|def|1
|-unboost|p1a: Rayquaza|spd|1
|-damage|p1a: Rayquaza|38/100|[from] item: Life Orb
|move|p2a: 럭키|Toxic|p1a: Rayquaza
|-status|p1a: Rayquaza|tox
|
|-weather|DeltaStream|[upkeep]
|-damage|p1a: Rayquaza|32/100 tox|[from] psn
|upkeep
|turn|21
|
|t:|1622881610
|move|p2a: 럭키|Protect|p2a: 럭키
|-singleturn|p2a: 럭키|Protect
|move|p1a: Rayquaza|Dragon Ascent|p2a: 럭키
|-activate|p2a: 럭키|move: Protect
|
|-weather|DeltaStream|[upkeep]
|-damage|p1a: Rayquaza|20/100 tox|[from] psn
|upkeep
|turn|22
|
|t:|1622881618
|move|p1a: Rayquaza|Dragon Ascent|p2a: 럭키
|-damage|p2a: 럭키|0 fnt
|-unboost|p1a: Rayquaza|def|1
|-unboost|p1a: Rayquaza|spd|1
|faint|p2a: 럭키
|-damage|p1a: Rayquaza|10/100 tox|[from] item: Life Orb
|
|-weather|DeltaStream|[upkeep]
|-damage|p1a: Rayquaza|0 fnt|[from] psn
|faint|p1a: Rayquaza
|-weather|none
|upkeep
|
|t:|1622881624
|switch|p1a: Zygarde|Zygarde|100/100
|switch|p2a: 아르세우스|Arceus-Fairy|49/100 tox
|turn|23
|
|t:|1622881629
|switch|p1a: Necrozma|Necrozma-Dusk-Mane|25/100
|move|p2a: 아르세우스|Recover|p2a: 아르세우스
|-heal|p2a: 아르세우스|99/100 tox
|
|-damage|p2a: 아르세우스|93/100 tox|[from] psn
|upkeep
|turn|24
|
|t:|1622881631
|move|p2a: 아르세우스|Earth Power|p1a: Necrozma
|-supereffective|p1a: Necrozma
|-damage|p1a: Necrozma|0 fnt
|faint|p1a: Necrozma
|
|-damage|p2a: 아르세우스|81/100 tox|[from] psn
|upkeep
|
|t:|1622881638
|switch|p1a: Ditto|Ditto|100/100
|-transform|p1a: Ditto|p2a: 아르세우스|[from] ability: Imposter
|turn|25
|
|t:|1622881649
|move|p1a: Ditto|Judgment|p2a: 아르세우스
|-damage|p2a: 아르세우스|63/100 tox
|move|p2a: 아르세우스|Recover|p2a: 아르세우스
|-heal|p2a: 아르세우스|100/100 tox
|
|-damage|p2a: 아르세우스|82/100 tox|[from] psn
|upkeep
|turn|26
|l| Saenai Heroine♡
|
|t:|1622881652
|switch|p2a: 그란돈|Groudon|100/100
|detailschange|p2a: 그란돈|Groudon-Primal
|-primal|p2a: 그란돈
|-weather|DesolateLand|[from] ability: Desolate Land|[of] p2a: 그란돈
|move|p1a: Ditto|Judgment|p2a: 그란돈
|-damage|p2a: 그란돈|73/100
|
|-weather|DesolateLand|[upkeep]
|upkeep
|turn|27
|
|t:|1622881660
|switch|p1a: Arceus|Arceus-Dark|65/100
|move|p2a: 그란돈|Swords Dance|p2a: 그란돈
|-boost|p2a: 그란돈|atk|2
|
|-weather|DesolateLand|[upkeep]
|upkeep
|turn|28
|
|t:|1622881670
|-weather|none
|switch|p2a: 아르세우스|Arceus-Fairy|82/100 tox
|move|p1a: Arceus|Toxic|p2a: 아르세우스
|-fail|p2a: 아르세우스|tox
|
|-damage|p2a: 아르세우스|76/100 tox|[from] psn
|upkeep
|turn|29
|
|t:|1622881680
|move|p2a: 아르세우스|Calm Mind|p2a: 아르세우스
|-boost|p2a: 아르세우스|spa|1
|-boost|p2a: 아르세우스|spd|1
|move|p1a: Arceus|Recover|p1a: Arceus
|-heal|p1a: Arceus|100/100
|
|-damage|p2a: 아르세우스|64/100 tox|[from] psn
|upkeep
|turn|30
|
|t:|1622881684
|move|p2a: 아르세우스|Judgment|p1a: Arceus
|-supereffective|p1a: Arceus
|-damage|p1a: Arceus|28/100
|move|p1a: Arceus|Judgment|p2a: 아르세우스
|-resisted|p2a: 아르세우스
|-damage|p2a: 아르세우스|53/100 tox
|
|-damage|p2a: 아르세우스|35/100 tox|[from] psn
|upkeep
|turn|31
|
|t:|1622881689
|move|p2a: 아르세우스|Judgment|p1a: Arceus
|-supereffective|p1a: Arceus
|-damage|p1a: Arceus|0 fnt
|faint|p1a: Arceus
|
|-damage|p2a: 아르세우스|10/100 tox|[from] psn
|upkeep
|
|t:|1622881698
|switch|p1a: Ditto|Ditto|100/100
|-transform|p1a: Ditto|p2a: 아르세우스|[from] ability: Imposter
|turn|32
|
|t:|1622881715
|-start|p2a: 아르세우스|Dynamax
|-heal|p2a: 아르세우스|10/100 tox|[silent]
|move|p1a: Ditto|Earth Power|p2a: 아르세우스
|-damage|p2a: 아르세우스|2/100 tox
|move|p2a: 아르세우스|Max Starfall|p1a: Ditto
|-damage|p1a: Ditto|38/100
|-fieldstart|move: Misty Terrain
|
|-damage|p2a: 아르세우스|0 fnt|[from] psn
|faint|p2a: 아르세우스
|upkeep
|
|t:|1622881726
|switch|p2a: 그란돈|Groudon-Primal|73/100
|-weather|DesolateLand|[from] ability: Desolate Land|[of] p2a: 그란돈
|turn|33
|
|t:|1622881730
|move|p1a: Ditto|Earth Power|p2a: 그란돈
|-supereffective|p2a: 그란돈
|-damage|p2a: 그란돈|5/100
|move|p2a: 그란돈|Fire Punch|p1a: Ditto
|-damage|p1a: Ditto|0 fnt
|faint|p1a: Ditto
|
|-weather|DesolateLand|[upkeep]
|upkeep
|
|t:|1622881733
|switch|p1a: Zygarde|Zygarde|100/100
|turn|34
|
|t:|1622881737
|move|p1a: Zygarde|Dragon Dance|p1a: Zygarde
|-boost|p1a: Zygarde|atk|1
|-boost|p1a: Zygarde|spe|1
|move|p2a: 그란돈|Precipice Blades|p1a: Zygarde|[miss]
|-miss|p2a: 그란돈|p1a: Zygarde
|
|-weather|DesolateLand|[upkeep]
|upkeep
|turn|35
|
|t:|1622881742
|move|p1a: Zygarde|Substitute|p1a: Zygarde
|-start|p1a: Zygarde|Substitute
|-damage|p1a: Zygarde|76/100
|move|p2a: 그란돈|Precipice Blades|p1a: Zygarde
|-end|p1a: Zygarde|Substitute
|
|-weather|DesolateLand|[upkeep]
|-heal|p1a: Zygarde|82/100|[from] item: Leftovers
|upkeep
|turn|36
|j| Saenai Heroine♡
|
|t:|1622881752
|move|p1a: Zygarde|Thousand Arrows|p2a: 그란돈
|-supereffective|p2a: 그란돈
|-damage|p2a: 그란돈|0 fnt
|faint|p2a: 그란돈
|-weather|none
|
|-heal|p1a: Zygarde|88/100|[from] item: Leftovers
|-fieldend|Misty Terrain
|upkeep
|
|t:|1622881754
|switch|p2a: 메타몽|Ditto|100/100
|-transform|p2a: 메타몽|p1a: Zygarde|[from] ability: Imposter
|turn|37
|
|t:|1622881760
|-start|p1a: Zygarde|Dynamax
|-heal|p1a: Zygarde|88/100|[silent]
|move|p1a: Zygarde|Max Wyrmwind|p2a: 메타몽
|-supereffective|p2a: 메타몽
|-damage|p2a: 메타몽|0 fnt
|faint|p2a: 메타몽
|
|win|binbau10
|raw|binbau10's rating: 1775 &rarr; <strong>1787</strong><br />(+12 for winning)
|raw|rajof's rating: 1619 &rarr; <strong>1607</strong><br />(-12 for losing)
|l|☆rajof
