|j|☆rowletroost
|j|☆ReactJS3
|t:|1636675233
|gametype|singles
|player|p1|rowletroost|candice|1785
|player|p2|ReactJS3|102|1955
|teamsize|p1|6
|teamsize|p2|6
|gen|8
|tier|[Gen 8] National Dex AG
|rated|
|rule|HP Percentage Mod: HP is shown in percentages
|rule|Endless Battle Clause: Forcing endless battles is banned
|clearpoke
|poke|p1|Arceus-*|
|poke|p1|Xerneas-*|
|poke|p1|Kyogre|
|poke|p1|Marshadow|
|poke|p1|Ribombee, F|
|poke|p1|Vivillon-Savanna, M|
|poke|p2|Rayquaza|
|poke|p2|Zacian-*|
|poke|p2|Yveltal|
|poke|p2|Groudon|
|poke|p2|Ho-Oh|
|poke|p2|Ditto|
|teampreview
|inactive|Battle timer is ON: inactive players will automatically lose when time's up. (requested by rowletroost)
|
|t:|1636675249
|start
|switch|p1a: Ribombee|Ribombee, F, shiny|100/100
|switch|p2a: Ho-Oh|Ho-Oh|100/100
|turn|1
|
|t:|1636675256
|switch|p1a: Kyogre|Kyogre, shiny|100/100
|detailschange|p1a: Kyogre|Kyogre-Primal, shiny
|-primal|p1a: Kyogre
|-weather|PrimordialSea|[from] ability: Primordial Sea|[of] p1a: Kyogre
|move|p2a: Ho-Oh|Sacred Fire||[still]
|-fail|p2a: Ho-Oh|Sacred Fire|[from] Primordial Sea
|
|-weather|PrimordialSea|[upkeep]
|upkeep
|turn|2
|
|t:|1636675262
|switch|p2a: Zacian|Zacian-Crowned|100/100
|-ability|p2a: Zacian|Intrepid Sword|boost
|-boost|p2a: Zacian|atk|1
|move|p1a: Kyogre|Origin Pulse|p2a: Zacian
|-damage|p2a: Zacian|0 fnt
|faint|p2a: Zacian
|
|-weather|PrimordialSea|[upkeep]
|upkeep
|
|t:|1636675266
|switch|p2a: Rayquaza|Rayquaza|100/100
|-ability|p2a: Rayquaza|Air Lock
|turn|3
|
|t:|1636675270
|-weather|none
|switch|p1a: Arceus|Arceus-Ground|100/100
|detailschange|p2a: Rayquaza|Rayquaza-Mega
|-mega|p2a: Rayquaza|Rayquaza|
|-weather|DeltaStream|[from] ability: Delta Stream|[of] p2a: Rayquaza
|move|p2a: Rayquaza|Dragon Ascent|p1a: Arceus
|-damage|p1a: Arceus|59/100
|-unboost|p2a: Rayquaza|def|1
|-unboost|p2a: Rayquaza|spd|1
|
|-weather|DeltaStream|[upkeep]
|upkeep
|turn|4
|
|t:|1636675275
|move|p2a: Rayquaza|Dragon Dance|p2a: Rayquaza
|-boost|p2a: Rayquaza|atk|1
|-boost|p2a: Rayquaza|spe|1
|move|p1a: Arceus|Ice Beam|p2a: Rayquaza
|-activate||deltastream
|-supereffective|p2a: Rayquaza
|-damage|p2a: Rayquaza|32/100
|
|-weather|DeltaStream|[upkeep]
|upkeep
|turn|5
|
|t:|1636675282
|move|p2a: Rayquaza|Dragon Ascent|p1a: Arceus
|-damage|p1a: Arceus|0 fnt
|-unboost|p2a: Rayquaza|def|1
|-unboost|p2a: Rayquaza|spd|1
|faint|p1a: Arceus
|
|-weather|DeltaStream|[upkeep]
|upkeep
|
|t:|1636675285
|switch|p1a: Marshadow|Marshadow|100/100
|turn|6
|
|t:|1636675289
|-weather|none
|switch|p2a: Groudon|Groudon|100/100
|detailschange|p2a: Groudon|Groudon-Primal
|-primal|p2a: Groudon
|-weather|DesolateLand|[from] ability: Desolate Land|[of] p2a: Groudon
|move|p1a: Marshadow|Shadow Sneak|p2a: Groudon
|-damage|p2a: Groudon|85/100
|
|-weather|DesolateLand|[upkeep]
|upkeep
|turn|7
|
|t:|1636675294
|switch|p1a: Ribombee|Ribombee, F, shiny|100/100
|move|p2a: Groudon|Stealth Rock|p1a: Ribombee
|-sidestart|p1: rowletroost|move: Stealth Rock
|
|-weather|DesolateLand|[upkeep]
|upkeep
|turn|8
|
|t:|1636675298
|move|p1a: Ribombee|Defog|p2a: Groudon
|-unboost|p2a: Groudon|evasion|1
|-sideend|p1: rowletroost|Stealth Rock|[from] move: Defog|[of] p1a: Ribombee
|move|p2a: Groudon|Toxic|p1a: Ribombee
|-status|p1a: Ribombee|tox
|
|-weather|DesolateLand|[upkeep]
|-damage|p1a: Ribombee|94/100 tox|[from] psn
|upkeep
|turn|9
|
|t:|1636675302
|move|p1a: Ribombee|Sticky Web|p2a: Groudon
|-sidestart|p2: ReactJS3|move: Sticky Web
|move|p2a: Groudon|Stealth Rock|p1a: Ribombee
|-sidestart|p1: rowletroost|move: Stealth Rock
|
|-weather|DesolateLand|[upkeep]
|-damage|p1a: Ribombee|82/100 tox|[from] psn
|upkeep
|turn|10
|
|t:|1636675307
|move|p1a: Ribombee|Defog|p2a: Groudon
|-unboost|p2a: Groudon|evasion|1
|-sideend|p2: ReactJS3|Sticky Web|[from] move: Defog|[of] p1a: Ribombee
|-sideend|p1: rowletroost|Stealth Rock|[from] move: Defog|[of] p1a: Ribombee
|move|p2a: Groudon|Stealth Rock|p1a: Ribombee
|-sidestart|p1: rowletroost|move: Stealth Rock
|
|-weather|DesolateLand|[upkeep]
|-damage|p1a: Ribombee|64/100 tox|[from] psn
|upkeep
|turn|11
|
|t:|1636675313
|move|p1a: Ribombee|Aromatherapy|p1a: Ribombee
|-activate|p1a: Ribombee|move: Aromatherapy
|-curestatus|p1a: Ribombee|tox|[msg]
|move|p2a: Groudon|Stealth Rock||[still]
|-fail|p2a: Groudon
|
|-weather|DesolateLand|[upkeep]
|upkeep
|turn|12
|
|t:|1636675317
|move|p1a: Ribombee|Defog|p2a: Groudon
|-unboost|p2a: Groudon|evasion|1
|-sideend|p1: rowletroost|Stealth Rock|[from] move: Defog|[of] p1a: Ribombee
|move|p2a: Groudon|Toxic|p1a: Ribombee
|-status|p1a: Ribombee|tox
|
|-weather|DesolateLand|[upkeep]
|-damage|p1a: Ribombee|58/100 tox|[from] psn
|upkeep
|turn|13
|
|t:|1636675321
|switch|p1a: Vivillon|Vivillon-Savanna, M|100/100
|move|p2a: Groudon|Stealth Rock|p1a: Vivillon
|-sidestart|p1: rowletroost|move: Stealth Rock
|
|-weather|DesolateLand|[upkeep]
|upkeep
|turn|14
|
|t:|1636675327
|-weather|none
|switch|p2a: Ho-Oh|Ho-Oh|100/100
|move|p1a: Vivillon|Sleep Powder|p2a: Ho-Oh
|-status|p2a: Ho-Oh|slp|[from] move: Sleep Powder
|
|upkeep
|turn|15
|
|t:|1636675335
|switch|p1a: Ribombee|Ribombee, F, shiny|58/100 tox
|-damage|p1a: Ribombee|33/100 tox|[from] Stealth Rock
|cant|p2a: Ho-Oh|slp
|
|-damage|p1a: Ribombee|27/100 tox|[from] psn
|upkeep
|turn|16
|
|t:|1636675343
|move|p1a: Ribombee|Defog|p2a: Ho-Oh
|-unboost|p2a: Ho-Oh|evasion|1
|-sideend|p1: rowletroost|Stealth Rock|[from] move: Defog|[of] p1a: Ribombee
|cant|p2a: Ho-Oh|slp
|
|-damage|p1a: Ribombee|14/100 tox|[from] psn
|upkeep
|turn|17
|
|t:|1636675369
|switch|p2a: Groudon|Groudon-Primal|85/100
|-weather|DesolateLand|[from] ability: Desolate Land|[of] p2a: Groudon
|move|p1a: Ribombee|Aromatherapy|p1a: Ribombee
|-activate|p1a: Ribombee|move: Aromatherapy
|-curestatus|p1a: Ribombee|tox|[msg]
|
|-weather|DesolateLand|[upkeep]
|upkeep
|turn|18
|
|t:|1636675382
|move|p1a: Ribombee|Moonblast|p2a: Groudon
|-resisted|p2a: Groudon
|-damage|p2a: Groudon|67/100
|move|p2a: Groudon|Stealth Rock|p1a: Ribombee
|-sidestart|p1: rowletroost|move: Stealth Rock
|
|-weather|DesolateLand|[upkeep]
|upkeep
|turn|19
|
|t:|1636675384
|move|p1a: Ribombee|Defog|p2a: Groudon
|-unboost|p2a: Groudon|evasion|1
|-sideend|p1: rowletroost|Stealth Rock|[from] move: Defog|[of] p1a: Ribombee
|move|p2a: Groudon|Toxic|p1a: Ribombee
|-status|p1a: Ribombee|tox
|
|-weather|DesolateLand|[upkeep]
|-damage|p1a: Ribombee|8/100 tox|[from] psn
|upkeep
|turn|20
|
|t:|1636675390
|switch|p1a: Vivillon|Vivillon-Savanna, M|100/100
|move|p2a: Groudon|Stealth Rock|p1a: Vivillon
|-sidestart|p1: rowletroost|move: Stealth Rock
|
|-weather|DesolateLand|[upkeep]
|upkeep
|turn|21
|
|t:|1636675396
|-weather|none
|switch|p2a: Ho-Oh|Ho-Oh|100/100 slp
|move|p1a: Vivillon|Substitute|p1a: Vivillon
|-start|p1a: Vivillon|Substitute
|-damage|p1a: Vivillon|76/100
|
|-heal|p1a: Vivillon|82/100|[from] item: Leftovers
|upkeep
|turn|22
|
|t:|1636675399
|move|p1a: Vivillon|Hurricane|p2a: Ho-Oh|[miss]
|-miss|p1a: Vivillon|p2a: Ho-Oh
|cant|p2a: Ho-Oh|slp
|
|-heal|p1a: Vivillon|88/100|[from] item: Leftovers
|upkeep
|turn|23
|
|t:|1636675425
|switch|p1a: Ribombee|Ribombee, F, shiny|8/100 tox
|-damage|p1a: Ribombee|0 fnt|[from] Stealth Rock
|faint|p1a: Ribombee
|-curestatus|p2a: Ho-Oh|slp|[msg]
|move|p2a: Ho-Oh|Whirlwind|p1: Ribombee|[notarget]
|-fail|p2a: Ho-Oh
|
|upkeep
|j| BanMeUBot-_-
|
|t:|1636675431
|switch|p1a: Kyogre|Kyogre-Primal, shiny|100/100
|-damage|p1a: Kyogre|88/100|[from] Stealth Rock
|-weather|PrimordialSea|[from] ability: Primordial Sea|[of] p1a: Kyogre
|turn|24
|
|t:|1636675436
|switch|p2a: Groudon|Groudon-Primal|67/100
|-weather|DesolateLand|[from] ability: Desolate Land|[of] p2a: Groudon
|move|p1a: Kyogre|Ice Beam|p2a: Groudon
|-damage|p2a: Groudon|29/100
|
|-weather|DesolateLand|[upkeep]
|upkeep
|turn|25
|
|t:|1636675443
|move|p1a: Kyogre|Ice Beam|p2a: Groudon
|-damage|p2a: Groudon|0 fnt
|faint|p2a: Groudon
|-weather|none
|
|upkeep
|
|t:|1636675445
|switch|p2a: Rayquaza|Rayquaza-Mega|32/100
|-weather|DeltaStream|[from] ability: Delta Stream|[of] p2a: Rayquaza
|turn|26
|
|t:|1636675449
|move|p2a: Rayquaza|Dragon Ascent|p1a: Kyogre
|-damage|p1a: Kyogre|9/100
|-unboost|p2a: Rayquaza|def|1
|-unboost|p2a: Rayquaza|spd|1
|move|p1a: Kyogre|Ice Beam|p2a: Rayquaza
|-activate||deltastream
|-supereffective|p2a: Rayquaza
|-damage|p2a: Rayquaza|0 fnt
|faint|p2a: Rayquaza
|-weather|none
|
|upkeep
|
|t:|1636675456
|switch|p2a: Ditto|Ditto|100/100
|-transform|p2a: Ditto|p1a: Kyogre|[from] ability: Imposter
|-weather|PrimordialSea|[from] ability: Primordial Sea|[of] p2a: Ditto
|turn|27
|
|t:|1636675464
|move|p2a: Ditto|Origin Pulse|p1a: Kyogre
|-resisted|p1a: Kyogre
|-damage|p1a: Kyogre|0 fnt
|faint|p1a: Kyogre
|
|-weather|PrimordialSea|[upkeep]
|upkeep
|
|t:|1636675466
|switch|p1a: Marshadow|Marshadow|100/100
|-damage|p1a: Marshadow|94/100|[from] Stealth Rock
|turn|28
|
|t:|1636675469
|move|p1a: Marshadow|Rock Tomb|p2a: Ditto
|-damage|p2a: Ditto|65/100
|-unboost|p2a: Ditto|spe|1
|move|p2a: Ditto|Origin Pulse|p1a: Marshadow|[miss]
|-miss|p2a: Ditto|p1a: Marshadow
|
|-weather|PrimordialSea|[upkeep]
|upkeep
|turn|29
|
|t:|1636675476
|move|p1a: Marshadow|Close Combat|p2a: Ditto
|-damage|p2a: Ditto|0 fnt
|-unboost|p1a: Marshadow|def|1
|-unboost|p1a: Marshadow|spd|1
|faint|p2a: Ditto
|-weather|none
|
|upkeep
|
|t:|1636675487
|switch|p2a: Yveltal|Yveltal|100/100
|-ability|p2a: Yveltal|Dark Aura
|turn|30
|
|t:|1636675492
|-start|p2a: Yveltal|Dynamax
|-heal|p2a: Yveltal|100/100|[silent]
|move|p1a: Marshadow|Rock Tomb|p2a: Yveltal
|-supereffective|p2a: Yveltal
|-damage|p2a: Yveltal|70/100
|-unboost|p2a: Yveltal|spe|1
|move|p2a: Yveltal|Max Airstream|p1a: Marshadow
|-supereffective|p1a: Marshadow
|-damage|p1a: Marshadow|0 fnt
|-boost|p2a: Yveltal|spe|1
|faint|p1a: Marshadow
|-damage|p2a: Yveltal|65/100|[from] item: Life Orb
|
|upkeep
|
|t:|1636675494
|switch|p1a: Xerneas|Xerneas, shiny|100/100
|-damage|p1a: Xerneas|88/100|[from] Stealth Rock
|-ability|p1a: Xerneas|Fairy Aura
|turn|31
|
|t:|1636675498
|-start|p1a: Xerneas|Dynamax
|-heal|p1a: Xerneas|88/100|[silent]
|move|p2a: Yveltal|Max Airstream|p1a: Xerneas
|-damage|p1a: Xerneas|46/100
|-boost|p2a: Yveltal|spe|1
|-damage|p2a: Yveltal|60/100|[from] item: Life Orb
|move|p1a: Xerneas|Max Starfall|p2a: Yveltal
|-supereffective|p2a: Yveltal
|-damage|p2a: Yveltal|0 fnt
|-fieldstart|move: Misty Terrain
|faint|p2a: Yveltal
|
|upkeep
|
|t:|1636675501
|switch|p2a: Ho-Oh|Ho-Oh|100/100
|turn|32
|
|t:|1636675504
|move|p1a: Xerneas|Max Mindstorm|p2a: Ho-Oh
|-damage|p2a: Ho-Oh|71/100
|-fieldstart|move: Psychic Terrain
|move|p2a: Ho-Oh|Sacred Fire|p1a: Xerneas
|-damage|p1a: Xerneas|29/100
|
|upkeep
|turn|33
|
|t:|1636675511
|move|p1a: Xerneas|Max Mindstorm|p2a: Ho-Oh
|-damage|p2a: Ho-Oh|37/100
|move|p2a: Ho-Oh|Sacred Fire|p1a: Xerneas
|-damage|p1a: Xerneas|11/100
|
|-end|p1a: Xerneas|Dynamax
|-heal|p1a: Xerneas|11/100|[silent]
|upkeep
|turn|34
|
|t:|1636675514
|move|p1a: Xerneas|Psychic|p2a: Ho-Oh
|-damage|p2a: Ho-Oh|13/100
|move|p2a: Ho-Oh|Sacred Fire|p1a: Xerneas|[miss]
|-miss|p2a: Ho-Oh|p1a: Xerneas
|
|upkeep
|turn|35
|
|t:|1636675518
|move|p1a: Xerneas|Psychic|p2a: Ho-Oh
|-damage|p2a: Ho-Oh|0 fnt
|faint|p2a: Ho-Oh
|
|win|rowletroost
|raw|rowletroost's rating: 1785 &rarr; <strong>1814</strong><br />(+29 for winning)
|raw|ReactJS3's rating: 1955 &rarr; <strong>1926</strong><br />(-29 for losing)
|l|☆ReactJS3
