|j|☆0.7flower
|j|☆Jamalquavious
|t:|1667669463
|gametype|singles
|player|p1|0.7flower|n|1676
|player|p2|Jamalquavious|proton|1697
|teamsize|p1|6
|teamsize|p2|6
|gen|8
|tier|[Gen 8] National Dex AG
|rated|
|rule|HP Percentage Mod: HP is shown in percentages
|rule|Endless Battle Clause: Forcing endless battles is banned
|clearpoke
|poke|p1|Rayquaza|
|poke|p1|Zacian-*|
|poke|p1|Kyogre|
|poke|p1|Arceus-*|
|poke|p1|Marshadow|
|poke|p1|Ditto|
|poke|p2|Rayquaza|
|poke|p2|Necrozma-Dusk-Mane|
|poke|p2|Ditto|
|poke|p2|Calyrex-Shadow|
|poke|p2|Yveltal|
|poke|p2|Xerneas-*|
|teampreview
|inactive|Battle timer is ON: inactive players will automatically lose when time's up. (requested by Jamalquavious)
|
|t:|1667669468
|start
|switch|p1a: 我也将见你未见的世界|Arceus-Electric, shiny|100/100
|switch|p2a: FUCK GROUDON|Rayquaza|100/100
|-ability|p2a: FUCK GROUDON|Air Lock
|turn|1
|
|t:|1667669477
|detailschange|p2a: FUCK GROUDON|Rayquaza-Mega
|-mega|p2a: FUCK GROUDON|Rayquaza|
|-weather|DeltaStream|[from] ability: Delta Stream|[of] p2a: FUCK GROUDON
|move|p1a: 我也将见你未见的世界|Stealth Rock|p2a: FUCK GROUDON
|-sidestart|p2: Jamalquavious|move: Stealth Rock
|move|p2a: FUCK GROUDON|Dragon Dance|p2a: FUCK GROUDON
|-boost|p2a: FUCK GROUDON|atk|1
|-boost|p2a: FUCK GROUDON|spe|1
|
|-weather|DeltaStream|[upkeep]
|upkeep
|turn|2
|
|t:|1667669481
|move|p2a: FUCK GROUDON|Dragon Ascent|p1a: 我也将见你未见的世界
|-resisted|p1a: 我也将见你未见的世界
|-damage|p1a: 我也将见你未见的世界|40/100
|-unboost|p2a: FUCK GROUDON|def|1
|-unboost|p2a: FUCK GROUDON|spd|1
|-damage|p2a: FUCK GROUDON|91/100|[from] item: Life Orb
|move|p1a: 我也将见你未见的世界|Ice Beam|p2a: FUCK GROUDON
|-activate||deltastream
|-supereffective|p2a: FUCK GROUDON
|-crit|p2a: FUCK GROUDON
|-damage|p2a: FUCK GROUDON|0 fnt
|faint|p2a: FUCK GROUDON
|-weather|none
|
|upkeep
|c|☆Jamalquavious|:(
|
|t:|1667669508
|switch|p2a: Groudon protester|Calyrex-Shadow|100/100
|-ability|p2a: Groudon protester|As One
|-ability|p2a: Groudon protester|Unnerve
|-damage|p2a: Groudon protester|88/100|[from] Stealth Rock
|turn|3
|
|t:|1667669517
|move|p2a: Groudon protester|Astral Barrage|p1a: 我也将见你未见的世界
|-damage|p1a: 我也将见你未见的世界|0 fnt
|faint|p1a: 我也将见你未见的世界
|-ability|p2a: Groudon protester|Grim Neigh|boost
|-boost|p2a: Groudon protester|spa|1
|-damage|p2a: Groudon protester|78/100|[from] item: Life Orb
|
|upkeep
|
|t:|1667669526
|switch|p1a: 写你未写的诗篇|Marshadow|100/100
|turn|4
|
|t:|1667669528
|-activate|p2a: Groudon protester|move: Pursuit
|move|p1a: 写你未写的诗篇|Pursuit|p2a: Groudon protester|[from]Pursuit
|-supereffective|p2a: Groudon protester
|-damage|p2a: Groudon protester|0 fnt
|faint|p2a: Groudon protester
|-damage|p1a: 写你未写的诗篇|91/100|[from] item: Life Orb
|-hint|A Pokemon can't switch between when it runs out of HP and when it faints
|
|upkeep
|j| luisYR_a
|
|t:|1667669531
|switch|p2a: Idk groudon ugly|Necrozma-Dusk-Mane|100/100
|-damage|p2a: Idk groudon ugly|94/100|[from] Stealth Rock
|turn|5
|l| luisYR_a
|
|t:|1667669536
|switch|p1a: 这样爱你啊|Kyogre, shiny|100/100
|detailschange|p1a: 这样爱你啊|Kyogre-Primal, shiny
|-primal|p1a: 这样爱你啊
|-weather|PrimordialSea|[from] ability: Primordial Sea|[of] p1a: 这样爱你啊
|move|p2a: Idk groudon ugly|Thunder Wave|p1a: 这样爱你啊
|-status|p1a: 这样爱你啊|par
|
|-weather|PrimordialSea|[upkeep]
|upkeep
|turn|6
|
|t:|1667669539
|move|p2a: Idk groudon ugly|Stealth Rock|p1a: 这样爱你啊
|-sidestart|p1: 0.7flower|move: Stealth Rock
|move|p1a: 这样爱你啊|Scald|p2a: Idk groudon ugly
|-damage|p2a: Idk groudon ugly|27/100
|
|-weather|PrimordialSea|[upkeep]
|upkeep
|turn|7
|
|t:|1667669541
|move|p2a: Idk groudon ugly|Iron Head|p1a: 这样爱你啊
|-resisted|p1a: 这样爱你啊
|-damage|p1a: 这样爱你啊|84/100 par
|cant|p1a: 这样爱你啊|par
|
|-weather|PrimordialSea|[upkeep]
|upkeep
|turn|8
|
|t:|1667669543
|move|p2a: Idk groudon ugly|Iron Head|p1a: 这样爱你啊
|-resisted|p1a: 这样爱你啊
|-damage|p1a: 这样爱你啊|66/100 par
|cant|p1a: 这样爱你啊|par
|
|-weather|PrimordialSea|[upkeep]
|upkeep
|turn|9
|
|t:|1667669547
|move|p2a: Idk groudon ugly|Iron Head|p1a: 这样爱你啊
|-resisted|p1a: 这样爱你啊
|-damage|p1a: 这样爱你啊|49/100 par
|cant|p1a: 这样爱你啊|flinch
|
|-weather|PrimordialSea|[upkeep]
|upkeep
|turn|10
|
|t:|1667669550
|move|p2a: Idk groudon ugly|Iron Head|p1a: 这样爱你啊
|-resisted|p1a: 这样爱你啊
|-damage|p1a: 这样爱你啊|32/100 par
|move|p1a: 这样爱你啊|Scald|p2a: Idk groudon ugly
|-damage|p2a: Idk groudon ugly|0 fnt
|faint|p2a: Idk groudon ugly
|
|-weather|PrimordialSea|[upkeep]
|upkeep
|
|t:|1667669556
|switch|p2a: Likes Groudon|Xerneas|100/100
|-damage|p2a: Likes Groudon|88/100|[from] Stealth Rock
|-ability|p2a: Likes Groudon|Fairy Aura
|turn|11
|
|t:|1667669559
|move|p2a: Likes Groudon|Thunder|p1a: 这样爱你啊
|-supereffective|p1a: 这样爱你啊
|-damage|p1a: 这样爱你啊|0 fnt
|faint|p1a: 这样爱你啊
|-weather|none
|
|upkeep
|
|t:|1667669569
|switch|p1a: 愿你所愿的永远|Rayquaza|100/100
|-damage|p1a: 愿你所愿的永远|76/100|[from] Stealth Rock
|-ability|p1a: 愿你所愿的永远|Air Lock
|turn|12
|
|t:|1667669577
|detailschange|p1a: 愿你所愿的永远|Rayquaza-Mega
|-mega|p1a: 愿你所愿的永远|Rayquaza|
|-weather|DeltaStream|[from] ability: Delta Stream|[of] p1a: 愿你所愿的永远
|-start|p2a: Likes Groudon|Dynamax|
|-heal|p2a: Likes Groudon|88/100|[silent]
|move|p1a: 愿你所愿的永远|Dragon Ascent|p2a: Likes Groudon
|-damage|p2a: Likes Groudon|43/100
|-unboost|p1a: 愿你所愿的永远|def|1
|-unboost|p1a: 愿你所愿的永远|spd|1
|move|p2a: Likes Groudon|Max Starfall|p1a: 愿你所愿的永远
|-supereffective|p1a: 愿你所愿的永远
|-damage|p1a: 愿你所愿的永远|0 fnt
|-fieldstart|move: Misty Terrain
|faint|p1a: 愿你所愿的永远
|-weather|none
|
|upkeep
|
|t:|1667669593
|switch|p1a: 天边的月心中的念|Ditto, shiny|100/100
|-damage|p1a: 天边的月心中的念|88/100|[from] Stealth Rock
|-transform|p1a: 天边的月心中的念|p2a: Likes Groudon|[from] ability: Imposter
|-ability|p1a: 天边的月心中的念|Fairy Aura
|turn|13
|
|t:|1667669600
|-start|p1a: 天边的月心中的念|Dynamax|
|-heal|p1a: 天边的月心中的念|88/100|[silent]
|move|p2a: Likes Groudon|Max Starfall|p1a: 天边的月心中的念
|-damage|p1a: 天边的月心中的念|34/100
|move|p1a: 天边的月心中的念|Max Starfall|p2a: Likes Groudon
|-damage|p2a: Likes Groudon|2/100
|
|upkeep
|turn|14
|
|t:|1667669607
|move|p2a: Likes Groudon|Max Guard|p2a: Likes Groudon
|-singleturn|p2a: Likes Groudon|Max Guard
|move|p1a: 天边的月心中的念|Max Starfall|p2a: Likes Groudon
|-activate|p2a: Likes Groudon|move: Max Guard
|
|upkeep
|-end|p2a: Likes Groudon|Dynamax
|-heal|p2a: Likes Groudon|2/100|[silent]
|turn|15
|
|t:|1667669615
|move|p1a: 天边的月心中的念|Max Guard|p1a: 天边的月心中的念
|-singleturn|p1a: 天边的月心中的念|Max Guard
|move|p2a: Likes Groudon|Geomancy||[still]
|-prepare|p2a: Likes Groudon|Geomancy
|-enditem|p2a: Likes Groudon|Power Herb
|-anim|p2a: Likes Groudon|Geomancy|p2a: Likes Groudon
|-boost|p2a: Likes Groudon|spa|2
|-boost|p2a: Likes Groudon|spd|2
|-boost|p2a: Likes Groudon|spe|2
|
|upkeep
|-end|p1a: 天边的月心中的念|Dynamax
|-heal|p1a: 天边的月心中的念|34/100|[silent]
|turn|16
|
|t:|1667669628
|switch|p1a: 写你未写的诗篇|Marshadow|91/100
|-damage|p1a: 写你未写的诗篇|84/100|[from] Stealth Rock
|move|p2a: Likes Groudon|Moonblast|p1a: 写你未写的诗篇
|-supereffective|p1a: 写你未写的诗篇
|-damage|p1a: 写你未写的诗篇|0 fnt
|faint|p1a: 写你未写的诗篇
|
|-fieldend|Misty Terrain
|upkeep
|
|t:|1667669630
|switch|p1a: 天边的月心中的念|Ditto, shiny|34/100
|-damage|p1a: 天边的月心中的念|21/100|[from] Stealth Rock
|-transform|p1a: 天边的月心中的念|p2a: Likes Groudon|[from] ability: Imposter
|-ability|p1a: 天边的月心中的念|Fairy Aura
|turn|17
|
|t:|1667669653
|move|p1a: 天边的月心中的念|Moonblast|p2a: Likes Groudon
|-damage|p2a: Likes Groudon|0 fnt
|faint|p2a: Likes Groudon
|
|upkeep
|
|t:|1667669655
|switch|p2a: Death to Groudon|Yveltal, shiny|100/100
|-ability|p2a: Death to Groudon|Dark Aura
|turn|18
|
|t:|1667669660
|move|p2a: Death to Groudon|Sucker Punch|p1a: 天边的月心中的念
|-resisted|p1a: 天边的月心中的念
|-damage|p1a: 天边的月心中的念|0 fnt
|faint|p1a: 天边的月心中的念
|
|upkeep
|c|☆Jamalquavious|Gg
|
|t:|1667669664
|switch|p1a: 走你所走的长路|Zacian-Crowned, shiny|100/100
|-damage|p1a: 走你所走的长路|94/100|[from] Stealth Rock
|-ability|p1a: 走你所走的长路|Intrepid Sword|boost
|-boost|p1a: 走你所走的长路|atk|1
|turn|19
|
|t:|1667669671
|move|p2a: Death to Groudon|Sucker Punch||[still]
|-fail|p2a: Death to Groudon
|move|p1a: 走你所走的长路|Substitute|p1a: 走你所走的长路
|-start|p1a: 走你所走的长路|Substitute
|-damage|p1a: 走你所走的长路|69/100
|
|upkeep
|turn|20
|
|t:|1667669676
|move|p1a: 走你所走的长路|Behemoth Blade|p2a: Death to Groudon
|-damage|p2a: Death to Groudon|19/100
|move|p2a: Death to Groudon|Oblivion Wing|p1a: 走你所走的长路
|-resisted|p1a: 走你所走的长路
|-activate|p1a: 走你所走的长路|move: Substitute|[damage]
|-heal|p2a: Death to Groudon|28/100|[from] drain|[of] p1a: 走你所走的长路
|
|upkeep
|turn|21
|c|☆Jamalquavious|PLEASE
|c|☆Jamalquavious|PLEASE
|
|t:|1667669684
|move|p2a: Death to Groudon|Sucker Punch||[still]
|-fail|p2a: Death to Groudon
|move|p1a: 走你所走的长路|Substitute|p1a: 走你所走的长路
|-fail|p1a: 走你所走的长路|move: Substitute
|
|upkeep
|turn|22
|
|t:|1667669690
|move|p2a: Death to Groudon|Sucker Punch||[still]
|-fail|p2a: Death to Groudon
|move|p1a: 走你所走的长路|Substitute|p1a: 走你所走的长路
|-fail|p1a: 走你所走的长路|move: Substitute
|
|upkeep
|turn|23
|
|t:|1667669693
|move|p2a: Death to Groudon|Sucker Punch||[still]
|-fail|p2a: Death to Groudon
|move|p1a: 走你所走的长路|Substitute|p1a: 走你所走的长路
|-fail|p1a: 走你所走的长路|move: Substitute
|
|upkeep
|turn|24
|
|t:|1667669695
|move|p2a: Death to Groudon|Sucker Punch||[still]
|-fail|p2a: Death to Groudon
|move|p1a: 走你所走的长路|Substitute|p1a: 走你所走的长路
|-fail|p1a: 走你所走的长路|move: Substitute
|
|upkeep
|turn|25
|
|t:|1667669697
|move|p1a: 走你所走的长路|Substitute|p1a: 走你所走的长路
|-fail|p1a: 走你所走的长路|move: Substitute
|move|p2a: Death to Groudon|Oblivion Wing|p1a: 走你所走的长路
|-resisted|p1a: 走你所走的长路
|-end|p1a: 走你所走的长路|Substitute
|-heal|p2a: Death to Groudon|32/100|[from] drain|[of] p1a: 走你所走的长路
|
|upkeep
|turn|26
|
|t:|1667669705
|move|p1a: 走你所走的长路|Substitute|p1a: 走你所走的长路
|-start|p1a: 走你所走的长路|Substitute
|-damage|p1a: 走你所走的长路|44/100
|move|p2a: Death to Groudon|Oblivion Wing|p1a: 走你所走的长路
|-resisted|p1a: 走你所走的长路
|-activate|p1a: 走你所走的长路|move: Substitute|[damage]
|-heal|p2a: Death to Groudon|41/100|[from] drain|[of] p1a: 走你所走的长路
|
|upkeep
|turn|27
|
|t:|1667669712
|move|p2a: Death to Groudon|Sucker Punch||[still]
|-fail|p2a: Death to Groudon
|move|p1a: 走你所走的长路|Substitute|p1a: 走你所走的长路
|-fail|p1a: 走你所走的长路|move: Substitute
|
|upkeep
|turn|28
|
|t:|1667669716
|move|p1a: 走你所走的长路|Substitute|p1a: 走你所走的长路
|-fail|p1a: 走你所走的长路|move: Substitute
|move|p2a: Death to Groudon|Oblivion Wing|p1a: 走你所走的长路
|-resisted|p1a: 走你所走的长路
|-end|p1a: 走你所走的长路|Substitute
|-heal|p2a: Death to Groudon|46/100|[from] drain|[of] p1a: 走你所走的长路
|
|upkeep
|turn|29
|
|t:|1667669720
|move|p1a: 走你所走的长路|Substitute|p1a: 走你所走的长路
|-start|p1a: 走你所走的长路|Substitute
|-damage|p1a: 走你所走的长路|20/100
|move|p2a: Death to Groudon|Oblivion Wing|p1a: 走你所走的长路
|-resisted|p1a: 走你所走的长路
|-activate|p1a: 走你所走的长路|move: Substitute|[damage]
|-heal|p2a: Death to Groudon|55/100|[from] drain|[of] p1a: 走你所走的长路
|
|upkeep
|turn|30
|
|t:|1667669725
|move|p1a: 走你所走的长路|Behemoth Blade|p2a: Death to Groudon
|-damage|p2a: Death to Groudon|0 fnt
|faint|p2a: Death to Groudon
|
|upkeep
|c|☆Jamalquavious|Wp
|c|☆Jamalquavious|Gg
|
|t:|1667669731
|switch|p2a: Just hates groudon|Ditto, shiny|100/100
|-damage|p2a: Just hates groudon|88/100|[from] Stealth Rock
|turn|31
|-message|Jamalquavious forfeited.
|
|win|0.7flower
|raw|0.7flower's rating: 1676 &rarr; <strong>1697</strong><br />(+21 for winning)
|raw|Jamalquavious's rating: 1697 &rarr; <strong>1676</strong><br />(-21 for losing)
|l|☆Jamalquavious
|c|☆0.7flower|wp
