|j|☆niun
|j|☆your actual moma
|t:|1617546305
|gametype|singles
|player|p1|niun|policeman-gen4|1516
|player|p2|your actual moma|wallace|1509
|teamsize|p1|6
|teamsize|p2|6
|gen|8
|tier|[Gen 8] National Dex AG
|rated|
|clearpoke
|poke|p1|Toxapex, F|
|poke|p1|Gliscor, F|
|poke|p1|Ho-Oh|
|poke|p1|Dragapult, F|
|poke|p1|Ferrothorn, M|
|poke|p1|Tyranitar, F|
|poke|p2|Deoxys-Speed|
|poke|p2|Grimmsnarl, M|
|poke|p2|Calyrex-Shadow|
|poke|p2|Yveltal|
|poke|p2|Rayquaza|
|poke|p2|Necrozma-Dusk-Mane|
|rule|HP Percentage Mod: HP is shown in percentages
|rule|Endless Battle Clause: Forcing endless battles is banned
|teampreview
|inactive|Battle timer is ON: inactive players will automatically lose when time's up. (requested by niun)
|inactive|your actual moma also wants the timer to be on.
|c|☆your actual moma|hf
|
|t:|1617546327
|start
|switch|p1a: Dragapult|Dragapult, F|100/100
|switch|p2a: Deoxys|Deoxys-Speed|100/100
|-ability|p2a: Deoxys|Pressure
|turn|1
|
|t:|1617546334
|move|p2a: Deoxys|Taunt|p1a: Dragapult
|-start|p1a: Dragapult|move: Taunt
|move|p1a: Dragapult|Hex|p2a: Deoxys
|-supereffective|p2a: Deoxys
|-damage|p2a: Deoxys|42/100
|
|upkeep
|turn|2
|
|t:|1617546340
|move|p2a: Deoxys|Stealth Rock|p1a: Dragapult
|-sidestart|p1: niun|move: Stealth Rock
|move|p1a: Dragapult|Hex|p2a: Deoxys
|-supereffective|p2a: Deoxys
|-damage|p2a: Deoxys|0 fnt
|faint|p2a: Deoxys
|
|upkeep
|
|t:|1617546357
|switch|p2a: Yveltal|Yveltal, shiny|100/100
|-ability|p2a: Yveltal|Dark Aura
|turn|3
|
|t:|1617546361
|switch|p1a: Tyranitar|Tyranitar, F|100/100
|-damage|p1a: Tyranitar|88/100|[from] Stealth Rock
|-weather|Sandstorm|[from] ability: Sand Stream|[of] p1a: Tyranitar
|move|p2a: Yveltal|Dark Pulse|p1a: Tyranitar
|-resisted|p1a: Tyranitar
|-damage|p1a: Tyranitar|74/100
|-damage|p2a: Yveltal|91/100|[from] item: Life Orb
|
|-weather|Sandstorm|[upkeep]
|-damage|p2a: Yveltal|84/100|[from] Sandstorm
|-heal|p1a: Tyranitar|80/100|[from] item: Leftovers
|upkeep
|turn|4
|
|t:|1617546378
|switch|p2a: Necrozma|Necrozma-Dusk-Mane|100/100
|move|p1a: Tyranitar|Rock Tomb|p2a: Necrozma
|-resisted|p2a: Necrozma
|-damage|p2a: Necrozma|90/100
|-unboost|p2a: Necrozma|spe|1
|
|-weather|Sandstorm|[upkeep]
|-heal|p1a: Tyranitar|86/100|[from] item: Leftovers
|upkeep
|turn|5
|
|t:|1617546391
|switch|p1a: Ho-Oh|Ho-Oh|100/100
|move|p2a: Necrozma|Sunsteel Strike|p1a: Ho-Oh
|-resisted|p1a: Ho-Oh
|-damage|p1a: Ho-Oh|69/100
|
|-weather|Sandstorm|[upkeep]
|-damage|p1a: Ho-Oh|63/100|[from] Sandstorm
|upkeep
|turn|6
|
|t:|1617546403
|move|p1a: Ho-Oh|Toxic|p2a: Necrozma
|-immune|p2a: Necrozma
|move|p2a: Necrozma|Dragon Dance|p2a: Necrozma
|-boost|p2a: Necrozma|atk|1
|-boost|p2a: Necrozma|spe|1
|
|-weather|Sandstorm|[upkeep]
|-damage|p1a: Ho-Oh|57/100|[from] Sandstorm
|upkeep
|turn|7
|
|t:|1617546411
|move|p2a: Necrozma|Dragon Dance|p2a: Necrozma
|-boost|p2a: Necrozma|atk|1
|-boost|p2a: Necrozma|spe|1
|move|p1a: Ho-Oh|Whirlwind|p2a: Necrozma
|drag|p2a: Rayquaza|Rayquaza|100/100
|-ability|p2a: Rayquaza|Air Lock
|
|-weather|none
|upkeep
|turn|8
|
|t:|1617546434
|switch|p1a: Ferrothorn|Ferrothorn, M|100/100
|-damage|p1a: Ferrothorn|94/100|[from] Stealth Rock
|detailschange|p2a: Rayquaza|Rayquaza-Mega
|-mega|p2a: Rayquaza|Rayquaza|
|-weather|DeltaStream|[from] ability: Delta Stream|[of] p2a: Rayquaza
|move|p2a: Rayquaza|Dragon Ascent|p1a: Ferrothorn
|-crit|p1a: Ferrothorn
|-damage|p1a: Ferrothorn|0 fnt
|-unboost|p2a: Rayquaza|def|1
|-unboost|p2a: Rayquaza|spd|1
|-damage|p2a: Rayquaza|88/100|[from] ability: Iron Barbs|[of] p1a: Ferrothorn
|-damage|p2a: Rayquaza|78/100|[from] item: Life Orb
|faint|p1a: Ferrothorn
|
|-weather|DeltaStream|[upkeep]
|upkeep
|
|t:|1617546448
|switch|p1a: Tyranitar|Tyranitar, F|86/100
|-damage|p1a: Tyranitar|74/100|[from] Stealth Rock
|-ability|p1a: Tyranitar|Sand Stream|[from] deltastream|[fail]
|turn|9
|inactive|your actual moma has 120 seconds left.
|inactive|your actual moma has 90 seconds left.
|
|t:|1617546520
|move|p2a: Rayquaza|Dragon Ascent|p1a: Tyranitar
|-resisted|p1a: Tyranitar
|-damage|p1a: Tyranitar|32/100
|-unboost|p2a: Rayquaza|def|1
|-unboost|p2a: Rayquaza|spd|1
|-damage|p2a: Rayquaza|68/100|[from] item: Life Orb
|move|p1a: Tyranitar|Foul Play|p2a: Rayquaza
|-damage|p2a: Rayquaza|0 fnt
|faint|p2a: Rayquaza
|-weather|none
|
|-heal|p1a: Tyranitar|38/100|[from] item: Leftovers
|upkeep
|c|☆your actual moma|;
|
|t:|1617546537
|switch|p2a: Grimmsnarl|Grimmsnarl, M|100/100
|turn|10
|
|t:|1617546547
|switch|p1a: Toxapex|Toxapex, F|100/100
|-damage|p1a: Toxapex|88/100|[from] Stealth Rock
|move|p2a: Grimmsnarl|Reflect|p2a: Grimmsnarl
|-sidestart|p2: your actual moma|Reflect
|
|-heal|p1a: Toxapex|94/100|[from] item: Black Sludge
|upkeep
|turn|11
|
|t:|1617546554
|move|p2a: Grimmsnarl|Taunt|p1a: Toxapex
|-start|p1a: Toxapex|move: Taunt
|cant|p1a: Toxapex|move: Taunt|Toxic Spikes
|
|-heal|p1a: Toxapex|100/100|[from] item: Black Sludge
|upkeep
|turn|12
|
|t:|1617546566
|switch|p1a: Gliscor|Gliscor, F|100/100
|-damage|p1a: Gliscor|88/100|[from] Stealth Rock
|move|p2a: Grimmsnarl|Light Screen|p2a: Grimmsnarl
|-sidestart|p2: your actual moma|move: Light Screen
|
|-status|p1a: Gliscor|tox|[from] item: Toxic Orb
|upkeep
|turn|13
|
|t:|1617546576
|move|p2a: Grimmsnarl|Taunt|p1a: Gliscor
|-start|p1a: Gliscor|move: Taunt
|move|p1a: Gliscor|Bulldoze|p2a: Grimmsnarl
|-damage|p2a: Grimmsnarl|93/100
|-unboost|p2a: Grimmsnarl|spe|1
|
|-heal|p1a: Gliscor|100/100 tox|[from] ability: Poison Heal
|upkeep
|turn|14
|
|t:|1617546586
|switch|p1a: Toxapex|Toxapex, F|100/100
|-damage|p1a: Toxapex|88/100|[from] Stealth Rock
|switch|p2a: Yveltal|Yveltal, shiny|84/100
|-ability|p2a: Yveltal|Dark Aura
|
|-heal|p1a: Toxapex|94/100|[from] item: Black Sludge
|upkeep
|turn|15
|
|t:|1617546597
|move|p2a: Yveltal|Taunt|p1a: Toxapex
|-start|p1a: Toxapex|move: Taunt
|cant|p1a: Toxapex|move: Taunt|Toxic Spikes
|
|-heal|p1a: Toxapex|100/100|[from] item: Black Sludge
|upkeep
|turn|16
|
|t:|1617546609
|switch|p1a: Ho-Oh|Ho-Oh|90/100
|move|p2a: Yveltal|Dark Pulse|p1a: Ho-Oh
|-damage|p1a: Ho-Oh|57/100
|-damage|p2a: Yveltal|75/100|[from] item: Life Orb
|
|upkeep
|turn|17
|
|t:|1617546617
|move|p2a: Yveltal|Taunt|p1a: Ho-Oh
|-start|p1a: Ho-Oh|move: Taunt
|move|p1a: Ho-Oh|Sacred Fire|p2a: Yveltal
|-damage|p2a: Yveltal|54/100
|
|-sideend|p2: your actual moma|Reflect
|upkeep
|turn|18
|inactive|your actual moma has 120 seconds left.
|
|t:|1617546632
|move|p2a: Yveltal|Dark Pulse|p1a: Ho-Oh
|-damage|p1a: Ho-Oh|27/100
|-damage|p2a: Yveltal|44/100|[from] item: Life Orb
|move|p1a: Ho-Oh|Sacred Fire|p2a: Yveltal|[miss]
|-miss|p1a: Ho-Oh|p2a: Yveltal
|
|upkeep
|turn|19
|
|t:|1617546640
|switch|p1a: Tyranitar|Tyranitar, F|38/100
|-damage|p1a: Tyranitar|26/100|[from] Stealth Rock
|-weather|Sandstorm|[from] ability: Sand Stream|[of] p1a: Tyranitar
|move|p2a: Yveltal|Dark Pulse|p1a: Tyranitar
|-resisted|p1a: Tyranitar
|-damage|p1a: Tyranitar|11/100
|-damage|p2a: Yveltal|34/100|[from] item: Life Orb
|
|-weather|Sandstorm|[upkeep]
|-damage|p2a: Yveltal|28/100|[from] Sandstorm
|-heal|p1a: Tyranitar|17/100|[from] item: Leftovers
|-sideend|p2: your actual moma|move: Light Screen
|upkeep
|turn|20
|inactive|your actual moma has 120 seconds left.
|
|t:|1617546677
|-activate|p2a: Yveltal|move: Pursuit
|move|p1a: Tyranitar|Pursuit|p2a: Yveltal|[from]Pursuit
|-resisted|p2a: Yveltal
|-damage|p2a: Yveltal|6/100
|switch|p2a: Necrozma|Necrozma-Dusk-Mane|90/100
|
|-weather|Sandstorm|[upkeep]
|-heal|p1a: Tyranitar|23/100|[from] item: Leftovers
|upkeep
|turn|21
|
|t:|1617546688
|move|p2a: Necrozma|Sunsteel Strike|p1a: Tyranitar
|-supereffective|p1a: Tyranitar
|-damage|p1a: Tyranitar|0 fnt
|faint|p1a: Tyranitar
|
|-weather|Sandstorm|[upkeep]
|upkeep
|
|t:|1617546695
|switch|p1a: Dragapult|Dragapult, F|100/100
|-damage|p1a: Dragapult|88/100|[from] Stealth Rock
|turn|22
|
|t:|1617546717
|switch|p2a: Grimmsnarl|Grimmsnarl, M|93/100
|move|p1a: Dragapult|Will-O-Wisp|p2a: Grimmsnarl
|-status|p2a: Grimmsnarl|brn
|
|-weather|Sandstorm|[upkeep]
|-damage|p1a: Dragapult|82/100|[from] Sandstorm
|-damage|p2a: Grimmsnarl|87/100 brn|[from] Sandstorm
|-heal|p1a: Dragapult|88/100|[from] item: Leftovers
|-damage|p2a: Grimmsnarl|80/100 brn|[from] brn
|upkeep
|turn|23
|
|t:|1617546728
|switch|p1a: Toxapex|Toxapex, F|100/100
|-damage|p1a: Toxapex|88/100|[from] Stealth Rock
|move|p2a: Grimmsnarl|Light Screen|p2a: Grimmsnarl
|-sidestart|p2: your actual moma|move: Light Screen
|
|-weather|none
|-heal|p1a: Toxapex|94/100|[from] item: Black Sludge
|-damage|p2a: Grimmsnarl|74/100 brn|[from] brn
|upkeep
|turn|24
|
|t:|1617546736
|move|p2a: Grimmsnarl|Taunt|p1a: Toxapex
|-start|p1a: Toxapex|move: Taunt
|cant|p1a: Toxapex|move: Taunt|Toxic Spikes
|
|-heal|p1a: Toxapex|100/100|[from] item: Black Sludge
|-damage|p2a: Grimmsnarl|68/100 brn|[from] brn
|upkeep
|turn|25
|inactive|your actual moma has 120 seconds left.
|
|t:|1617546745
|move|p2a: Grimmsnarl|Taunt||[still]
|-fail|p2a: Grimmsnarl
|move|p1a: Toxapex|Scald|p2a: Grimmsnarl
|-damage|p2a: Grimmsnarl|60/100 brn
|
|-damage|p2a: Grimmsnarl|54/100 brn|[from] brn
|upkeep
|turn|26
|inactive|your actual moma has 120 seconds left.
|inactive|your actual moma has 90 seconds left.
|
|t:|1617546786
|switch|p2a: Calyrex|Calyrex-Shadow|100/100
|-ability|p2a: Calyrex|As One
|-ability|p2a: Calyrex|Unnerve
|switch|p1a: Ho-Oh|Ho-Oh|60/100
|
|upkeep
|turn|27
|
|t:|1617546795
|move|p2a: Calyrex|Nasty Plot|p2a: Calyrex
|-boost|p2a: Calyrex|spa|2
|move|p1a: Ho-Oh|Toxic|p2a: Calyrex
|-status|p2a: Calyrex|tox
|
|-damage|p2a: Calyrex|94/100 tox|[from] psn
|upkeep
|turn|28
|
|t:|1617546807
|switch|p1a: Dragapult|Dragapult, F|88/100
|-damage|p1a: Dragapult|76/100|[from] Stealth Rock
|move|p2a: Calyrex|Astral Barrage|p1a: Dragapult
|-supereffective|p1a: Dragapult
|-damage|p1a: Dragapult|0 fnt
|-damage|p2a: Calyrex|84/100 tox|[from] item: Life Orb
|faint|p1a: Dragapult
|-ability|p2a: Calyrex|Grim Neigh|boost
|-boost|p2a: Calyrex|spa|1
|
|-damage|p2a: Calyrex|72/100 tox|[from] psn
|upkeep
|
|t:|1617546820
|switch|p1a: Gliscor|Gliscor, F|100/100 tox
|-damage|p1a: Gliscor|88/100 tox|[from] Stealth Rock
|turn|29
|
|t:|1617546825
|move|p1a: Gliscor|Protect|p1a: Gliscor
|-singleturn|p1a: Gliscor|Protect
|move|p2a: Calyrex|Astral Barrage|p1a: Gliscor
|-activate|p1a: Gliscor|move: Protect
|
|-damage|p2a: Calyrex|54/100 tox|[from] psn
|-heal|p1a: Gliscor|100/100 tox|[from] ability: Poison Heal
|upkeep
|turn|30
|
|t:|1617546835
|switch|p1a: Ho-Oh|Ho-Oh|94/100
|move|p2a: Calyrex|Astral Barrage|p1a: Ho-Oh
|-damage|p1a: Ho-Oh|0 fnt
|-damage|p2a: Calyrex|44/100 tox|[from] item: Life Orb
|faint|p1a: Ho-Oh
|-ability|p2a: Calyrex|Grim Neigh|boost
|-boost|p2a: Calyrex|spa|1
|
|-damage|p2a: Calyrex|19/100 tox|[from] psn
|-sideend|p2: your actual moma|move: Light Screen
|upkeep
|
|t:|1617546846
|switch|p1a: Gliscor|Gliscor, F|100/100 tox
|-damage|p1a: Gliscor|88/100 tox|[from] Stealth Rock
|turn|31
|
|t:|1617546851
|move|p1a: Gliscor|Protect|p1a: Gliscor
|-singleturn|p1a: Gliscor|Protect
|move|p2a: Calyrex|Baton Pass|p2a: Calyrex
|
|t:|1617546854
|switch|p2a: Yveltal|Yveltal, shiny|6/100|[from]move: Baton Pass
|-ability|p2a: Yveltal|Dark Aura
|
|-heal|p1a: Gliscor|100/100 tox|[from] ability: Poison Heal
|upkeep
|turn|32
|c|☆your actual moma|gg
|
|t:|1617546861
|switch|p1a: Toxapex|Toxapex, F|100/100
|-damage|p1a: Toxapex|88/100|[from] Stealth Rock
|move|p2a: Yveltal|Oblivion Wing|p1a: Toxapex
|-damage|p1a: Toxapex|0 fnt
|-heal|p2a: Yveltal|57/100|[from] drain|[of] p1a: Toxapex
|-damage|p2a: Yveltal|47/100|[from] item: Life Orb
|faint|p1a: Toxapex
|
|upkeep
|-message|niun forfeited.
|
|win|your actual moma
|raw|niun's rating: 1516 &rarr; <strong>1496</strong><br />(-20 for losing)
|raw|your actual moma's rating: 1509 &rarr; <strong>1529</strong><br />(+20 for winning)
|l|☆niun
