|j|‽Opnoob 598
|j|‽Flynn Watson ^~^
|t:|1646154641
|gametype|singles
|player|p1|Opnoob 598|volkner|1841
|player|p2|Flynn Watson ^~^|darach|1785
|teamsize|p1|6
|teamsize|p2|6
|gen|8
|tier|[Gen 8] National Dex AG
|rated|
|rule|HP Percentage Mod: HP is shown in percentages
|rule|Endless Battle Clause: Forcing endless battles is banned
|clearpoke
|poke|p1|Necrozma-Dusk-Mane|
|poke|p1|Arceus-*|
|poke|p1|Ditto|
|poke|p1|Arceus-*|
|poke|p1|Marshadow|
|poke|p1|Yveltal|
|poke|p2|Sableye, M|
|poke|p2|Chansey, F|
|poke|p2|Tyranitar, M|
|poke|p2|Lugia|
|poke|p2|Giratina|
|poke|p2|Quagsire, F|
|teampreview
|inactive|Battle timer is ON: inactive players will automatically lose when time's up. (requested by Flynn Watson ^~^)
|
|t:|1646154660
|start
|switch|p1a: Arceus|Arceus-Ground|100/100
|switch|p2a: Sableye|Sableye, M|100/100
|turn|1
|
|t:|1646154670
|detailschange|p2a: Sableye|Sableye-Mega, M
|-mega|p2a: Sableye|Sableye|Sablenite
|move|p1a: Arceus|Earthquake|p2a: Sableye
|-damage|p2a: Sableye|67/100
|move|p2a: Sableye|Foul Play|p1a: Arceus
|-damage|p1a: Arceus|68/100
|
|upkeep
|turn|2
|
|t:|1646154676
|switch|p2a: Lugia|Lugia|100/100
|move|p1a: Arceus|Magic Coat|p1a: Arceus
|-singleturn|p1a: Arceus|move: Magic Coat
|
|upkeep
|turn|3
|
|t:|1646154687
|move|p1a: Arceus|Stealth Rock|p2a: Lugia
|-sidestart|p2: Flynn Watson ^~^|move: Stealth Rock
|move|p2a: Lugia|Substitute|p2a: Lugia
|-start|p2a: Lugia|Substitute
|-damage|p2a: Lugia|75/100
|
|-heal|p2a: Lugia|82/100|[from] item: Leftovers
|upkeep
|turn|4
|
|t:|1646154692
|move|p1a: Arceus|Stone Edge|p2a: Lugia
|-supereffective|p2a: Lugia
|-end|p2a: Lugia|Substitute
|move|p2a: Lugia|Toxic|p1a: Arceus
|-status|p1a: Arceus|tox
|
|-heal|p2a: Lugia|88/100|[from] item: Leftovers
|-damage|p1a: Arceus|62/100 tox|[from] psn
|upkeep
|turn|5
|
|t:|1646154699
|move|p1a: Arceus|Stone Edge|p2a: Lugia
|-supereffective|p2a: Lugia
|-damage|p2a: Lugia|57/100
|move|p2a: Lugia|Roost|p2a: Lugia
|-heal|p2a: Lugia|100/100
|-singleturn|p2a: Lugia|move: Roost
|
|-damage|p1a: Arceus|50/100 tox|[from] psn
|upkeep
|turn|6
|
|t:|1646154705
|switch|p1a: Necrozma|Necrozma-Dusk-Mane|100/100
|switch|p2a: Giratina|Giratina|100/100
|-damage|p2a: Giratina|88/100|[from] Stealth Rock
|-ability|p2a: Giratina|Pressure
|
|-heal|p2a: Giratina|94/100|[from] item: Leftovers
|upkeep
|turn|7
|
|t:|1646154711
|switch|p1a: Arceus|Arceus-Ground|50/100 tox
|move|p2a: Giratina|Will-O-Wisp||[still]
|-fail|p2a: Giratina
|
|-heal|p2a: Giratina|99/100|[from] item: Leftovers
|-damage|p1a: Arceus|44/100 tox|[from] psn
|upkeep
|turn|8
|
|t:|1646154723
|move|p1a: Arceus|Stone Edge|p2a: Giratina
|-damage|p2a: Giratina|85/100
|move|p2a: Giratina|Defog|p1a: Arceus
|-unboost|p1a: Arceus|evasion|1
|-sideend|p2: Flynn Watson ^~^|Stealth Rock|[from] move: Defog|[of] p2a: Giratina
|
|-heal|p2a: Giratina|91/100|[from] item: Leftovers
|-damage|p1a: Arceus|32/100 tox|[from] psn
|upkeep
|turn|9
|
|t:|1646154728
|switch|p2a: Sableye|Sableye-Mega, M|67/100
|move|p1a: Arceus|Stealth Rock|p2a: Sableye
|move|p2a: Sableye|Stealth Rock|p1a: Arceus|[from]ability: Magic Bounce
|-sidestart|p1: Opnoob 598|move: Stealth Rock
|
|-damage|p1a: Arceus|14/100 tox|[from] psn
|upkeep
|turn|10
|
|t:|1646154733
|move|p1a: Arceus|Earthquake|p2a: Sableye
|-damage|p2a: Sableye|33/100
|move|p2a: Sableye|Recover|p2a: Sableye
|-heal|p2a: Sableye|83/100
|
|-damage|p1a: Arceus|0 fnt|[from] psn
|faint|p1a: Arceus
|upkeep
|
|t:|1646154738
|switch|p1a: Yveltal|Yveltal|100/100
|-damage|p1a: Yveltal|76/100|[from] Stealth Rock
|-ability|p1a: Yveltal|Dark Aura
|turn|11
|
|t:|1646154742
|switch|p1a: Marshadow|Marshadow|100/100
|-damage|p1a: Marshadow|94/100|[from] Stealth Rock
|switch|p2a: Tyranitar|Tyranitar, M|100/100
|-weather|Sandstorm|[from] ability: Sand Stream|[of] p2a: Tyranitar
|
|-weather|Sandstorm|[upkeep]
|-damage|p1a: Marshadow|88/100|[from] Sandstorm
|upkeep
|turn|12
|
|t:|1646154755
|move|p1a: Marshadow|Poltergeist|p2a: Tyranitar
|-activate|p2a: Tyranitar|move: Poltergeist|Leftovers
|-resisted|p2a: Tyranitar
|-damage|p2a: Tyranitar|71/100
|-damage|p1a: Marshadow|78/100|[from] item: Life Orb
|move|p2a: Tyranitar|Rock Tomb|p1a: Marshadow
|-resisted|p1a: Marshadow
|-damage|p1a: Marshadow|59/100
|-unboost|p1a: Marshadow|spe|1
|
|-weather|Sandstorm|[upkeep]
|-damage|p1a: Marshadow|53/100|[from] Sandstorm
|-heal|p2a: Tyranitar|77/100|[from] item: Leftovers
|upkeep
|turn|13
|inactive|Opnoob 598 has 120 seconds left.
|inactive|Opnoob 598 has 90 seconds left.
|
|t:|1646154835
|switch|p2a: Lugia|Lugia|100/100
|move|p1a: Marshadow|Close Combat|p2a: Lugia
|-resisted|p2a: Lugia
|-damage|p2a: Lugia|95/100
|-unboost|p1a: Marshadow|def|1
|-unboost|p1a: Marshadow|spd|1
|-damage|p1a: Marshadow|43/100|[from] item: Life Orb
|
|-weather|Sandstorm|[upkeep]
|-damage|p2a: Lugia|89/100|[from] Sandstorm
|-damage|p1a: Marshadow|37/100|[from] Sandstorm
|-heal|p2a: Lugia|95/100|[from] item: Leftovers
|upkeep
|turn|14
|j| PhantomNotGhost
|-message|Opnoob 598 forfeited.
|
|win|Flynn Watson ^~^
|raw|Opnoob 598's rating: 1841 &rarr; <strong>1818</strong><br />(-23 for losing)
|raw|Flynn Watson ^~^'s rating: 1785 &rarr; <strong>1808</strong><br />(+23 for winning)
|l|‽Opnoob 598
