|j|☆JustKindaHere
|j|☆Naofumi_Bakugo_Jax
|t:|1664239590
|gametype|singles
|player|p1|JustKindaHere|cynthia-gen4|1593
|player|p2|Naofumi_Bakugo_Jax|blue|1757
|teamsize|p1|6
|teamsize|p2|6
|gen|8
|tier|[Gen 8] National Dex AG
|rated|
|rule|HP Percentage Mod: HP is shown in percentages
|rule|Endless Battle Clause: Forcing endless battles is banned
|clearpoke
|poke|p1|Dialga|
|poke|p1|Ho-Oh|
|poke|p1|Rayquaza|
|poke|p1|Jolteon, M|
|poke|p1|Gliscor, F|
|poke|p1|Arceus-*|
|poke|p2|Zacian-*|
|poke|p2|Calyrex-Shadow|
|poke|p2|Yveltal|
|poke|p2|Arceus-*|
|poke|p2|Swampert, M|
|poke|p2|Kyogre|
|teampreview
|c|☆JustKindaHere|glhf
|inactive|Battle timer is ON: inactive players will automatically lose when time's up. (requested by JustKindaHere)
|
|t:|1664239622
|start
|switch|p1a: Crono|Jolteon, M|100/100
|switch|p2a: Calyrex|Calyrex-Shadow|100/100
|-ability|p2a: Calyrex|As One
|-ability|p2a: Calyrex|Unnerve
|turn|1
|
|t:|1664239642
|move|p2a: Calyrex|Astral Barrage|p1a: Crono
|-damage|p1a: Crono|5/100
|move|p1a: Crono|Shadow Ball|p2a: Calyrex
|-supereffective|p2a: Calyrex
|-enditem|p2a: Calyrex|Focus Sash
|-damage|p2a: Calyrex|1/100
|
|upkeep
|turn|2
|
|t:|1664239653
|switch|p1a: Arceus|Arceus-Ice|100/100
|move|p2a: Calyrex|Astral Barrage|p1a: Arceus
|-damage|p1a: Arceus|52/100
|
|upkeep
|turn|3
|
|t:|1664239676
|-start|p2a: Calyrex|Dynamax|
|-heal|p2a: Calyrex|1/100|[silent]
|move|p2a: Calyrex|Max Phantasm|p1a: Arceus
|-damage|p1a: Arceus|0 fnt
|faint|p1a: Arceus
|-ability|p2a: Calyrex|Grim Neigh|boost
|-boost|p2a: Calyrex|spa|1
|
|upkeep
|
|t:|1664239683
|switch|p1a: Shenrong|Rayquaza|100/100
|-ability|p1a: Shenrong|Air Lock
|turn|4
|
|t:|1664239687
|detailschange|p1a: Shenrong|Rayquaza-Mega
|-mega|p1a: Shenrong|Rayquaza|
|-weather|DeltaStream|[from] ability: Delta Stream|[of] p1a: Shenrong
|move|p1a: Shenrong|Iron Head|p2a: Calyrex
|-damage|p2a: Calyrex|0 fnt
|faint|p2a: Calyrex
|
|-weather|DeltaStream|[upkeep]
|upkeep
|
|t:|1664239702
|switch|p2a: Arceus|Arceus, shiny|100/100
|turn|5
|
|t:|1664239716
|-weather|none
|switch|p1a: Velouria|Gliscor, F|100/100
|move|p2a: Arceus|Reflect|p2a: Arceus
|-sidestart|p2: Naofumi_Bakugo_Jax|Reflect
|
|-status|p1a: Velouria|tox|[from] item: Toxic Orb
|upkeep
|turn|6
|
|t:|1664239737
|move|p2a: Arceus|Magic Coat|p2a: Arceus
|-singleturn|p2a: Arceus|move: Magic Coat
|move|p1a: Velouria|Stealth Rock|p2a: Arceus
|move|p2a: Arceus|Stealth Rock|p1a: Velouria|[from]Magic Coat
|-sidestart|p1: JustKindaHere|move: Stealth Rock
|
|upkeep
|turn|7
|
|t:|1664239749
|move|p1a: Velouria|Stealth Rock|p2a: Arceus
|-sidestart|p2: Naofumi_Bakugo_Jax|move: Stealth Rock
|move|p2a: Arceus|Tailwind|p2a: Arceus
|-sidestart|p2: Naofumi_Bakugo_Jax|move: Tailwind
|
|upkeep
|turn|8
|
|t:|1664239766
|switch|p2a: Swampert|Swampert, M|100/100
|-damage|p2a: Swampert|94/100|[from] Stealth Rock
|move|p1a: Velouria|Knock Off|p2a: Swampert
|-damage|p2a: Swampert|86/100
|
|upkeep
|turn|9
|
|t:|1664239775
|detailschange|p2a: Swampert|Swampert-Mega, M
|-mega|p2a: Swampert|Swampert|Swampertite
|move|p1a: Velouria|Protect|p1a: Velouria
|-singleturn|p1a: Velouria|Protect
|move|p2a: Swampert|Liquidation|p1a: Velouria
|-activate|p1a: Velouria|move: Protect
|
|upkeep
|turn|10
|
|t:|1664239784
|move|p2a: Swampert|Liquidation|p1a: Velouria
|-supereffective|p1a: Velouria
|-damage|p1a: Velouria|19/100 tox
|move|p1a: Velouria|Earthquake|p2a: Swampert
|-damage|p2a: Swampert|69/100
|
|-heal|p1a: Velouria|32/100 tox|[from] ability: Poison Heal
|-sideend|p2: Naofumi_Bakugo_Jax|move: Tailwind
|upkeep
|turn|11
|
|t:|1664239801
|switch|p2a: Kyogre|Kyogre|100/100
|-damage|p2a: Kyogre|88/100|[from] Stealth Rock
|-weather|RainDance|[from] ability: Drizzle|[of] p2a: Kyogre
|move|p1a: Velouria|Protect||[still]
|-fail|p1a: Velouria
|
|-weather|RainDance|[upkeep]
|-heal|p1a: Velouria|44/100 tox|[from] ability: Poison Heal
|upkeep
|turn|12
|
|t:|1664239817
|move|p2a: Kyogre|Ice Beam|p1a: Velouria
|-supereffective|p1a: Velouria
|-damage|p1a: Velouria|0 fnt
|faint|p1a: Velouria
|
|-weather|RainDance|[upkeep]
|-sideend|p2: Naofumi_Bakugo_Jax|Reflect
|upkeep
|
|t:|1664239824
|switch|p1a: Fawkes|Ho-Oh, shiny|100/100
|turn|13
|
|t:|1664239833
|switch|p2a: Arceus|Arceus, shiny|100/100
|-damage|p2a: Arceus|88/100|[from] Stealth Rock
|move|p1a: Fawkes|Defog|p2a: Arceus
|-unboost|p2a: Arceus|evasion|1
|-sideend|p2: Naofumi_Bakugo_Jax|Stealth Rock|[from] move: Defog|[of] p1a: Fawkes
|-sideend|p1: JustKindaHere|Stealth Rock|[from] move: Defog|[of] p1a: Fawkes
|
|-weather|RainDance|[upkeep]
|upkeep
|turn|14
|
|t:|1664239848
|switch|p1a: Relic|Dialga|100/100
|-ability|p1a: Relic|Pressure
|move|p2a: Arceus|Extreme Speed|p1a: Relic
|-resisted|p1a: Relic
|-damage|p1a: Relic|84/100
|
|-weather|RainDance|[upkeep]
|upkeep
|turn|15
|
|t:|1664239856
|-start|p1a: Relic|Dynamax|
|-heal|p1a: Relic|84/100|[silent]
|move|p2a: Arceus|Magic Coat|p2a: Arceus
|-singleturn|p2a: Arceus|move: Magic Coat
|move|p1a: Relic|Max Steelspike|p2a: Arceus
|-damage|p2a: Arceus|36/100
|-boost|p1a: Relic|def|1
|
|-weather|none
|upkeep
|turn|16
|
|t:|1664239863
|move|p2a: Arceus|Reflect|p2a: Arceus
|-sidestart|p2: Naofumi_Bakugo_Jax|Reflect
|move|p1a: Relic|Max Steelspike|p2a: Arceus
|-damage|p2a: Arceus|0 fnt
|-boost|p1a: Relic|def|1
|faint|p2a: Arceus
|
|upkeep
|inactive|Naofumi_Bakugo_Jax has 120 seconds left.
|
|t:|1664239891
|switch|p2a: Zacian|Zacian-Crowned|100/100
|-ability|p2a: Zacian|Intrepid Sword|boost
|-boost|p2a: Zacian|atk|1
|turn|17
|
|t:|1664239893
|move|p2a: Zacian|Behemoth Blade|p1a: Relic
|-resisted|p1a: Relic
|-damage|p1a: Relic|66/100
|move|p1a: Relic|Max Flare|p2a: Zacian
|-supereffective|p2a: Zacian
|-damage|p2a: Zacian|4/100
|-weather|SunnyDay
|
|-weather|SunnyDay|[upkeep]
|upkeep
|-end|p1a: Relic|Dynamax
|-heal|p1a: Relic|66/100|[silent]
|turn|18
|
|t:|1664239901
|move|p2a: Zacian|Close Combat|p1a: Relic
|-supereffective|p1a: Relic
|-damage|p1a: Relic|1/100
|-unboost|p2a: Zacian|def|1
|-unboost|p2a: Zacian|spd|1
|move|p1a: Relic|Flash Cannon|p2a: Zacian
|-damage|p2a: Zacian|0 fnt
|faint|p2a: Zacian
|
|-weather|SunnyDay|[upkeep]
|upkeep
|
|t:|1664239919
|switch|p2a: Kyogre|Kyogre|88/100
|-weather|RainDance|[from] ability: Drizzle|[of] p2a: Kyogre
|turn|19
|
|t:|1664239930
|move|p2a: Kyogre|Origin Pulse|p1a: Relic
|-resisted|p1a: Relic
|-damage|p1a: Relic|0 fnt
|faint|p1a: Relic
|
|-weather|RainDance|[upkeep]
|upkeep
|
|t:|1664239932
|switch|p1a: Crono|Jolteon, M|5/100
|turn|20
|
|t:|1664239937
|move|p2a: Kyogre|Origin Pulse|p1a: Crono
|-damage|p1a: Crono|0 fnt
|faint|p1a: Crono
|
|-weather|RainDance|[upkeep]
|upkeep
|
|t:|1664239941
|switch|p1a: Shenrong|Rayquaza-Mega|100/100
|-weather|DeltaStream|[from] ability: Delta Stream|[of] p1a: Shenrong
|turn|21
|
|t:|1664239962
|-weather|none
|switch|p1a: Fawkes|Ho-Oh, shiny|100/100
|switch|p2a: Yveltal|Yveltal, shiny|100/100
|-ability|p2a: Yveltal|Dark Aura
|
|upkeep
|turn|22
|
|t:|1664239967
|move|p2a: Yveltal|Tailwind|p2a: Yveltal
|-sidestart|p2: Naofumi_Bakugo_Jax|move: Tailwind
|move|p1a: Fawkes|Toxic|p2a: Yveltal
|-status|p2a: Yveltal|tox
|
|-damage|p2a: Yveltal|94/100 tox|[from] psn
|upkeep
|turn|23
|
|t:|1664239978
|switch|p2a: Swampert|Swampert-Mega, M|69/100
|move|p1a: Fawkes|Sacred Fire|p2a: Swampert
|-resisted|p2a: Swampert
|-damage|p2a: Swampert|59/100
|
|-sideend|p2: Naofumi_Bakugo_Jax|Reflect
|upkeep
|turn|24
|
|t:|1664239988
|move|p2a: Swampert|Yawn|p1a: Fawkes
|-start|p1a: Fawkes|move: Yawn|[of] p2a: Swampert
|move|p1a: Fawkes|Sacred Fire|p2a: Swampert
|-resisted|p2a: Swampert
|-damage|p2a: Swampert|38/100
|-status|p2a: Swampert|brn
|
|-damage|p2a: Swampert|32/100 brn|[from] brn
|upkeep
|turn|25
|
|t:|1664240001
|move|p2a: Swampert|Liquidation|p1a: Fawkes
|-supereffective|p1a: Fawkes
|-damage|p1a: Fawkes|61/100
|-unboost|p1a: Fawkes|def|1
|move|p1a: Fawkes|Sacred Fire|p2a: Swampert
|-resisted|p2a: Swampert
|-damage|p2a: Swampert|12/100 brn
|
|-damage|p2a: Swampert|6/100 brn|[from] brn
|-end|p1a: Fawkes|move: Yawn|[silent]
|-status|p1a: Fawkes|slp
|-sideend|p2: Naofumi_Bakugo_Jax|move: Tailwind
|upkeep
|turn|26
|
|t:|1664240008
|move|p2a: Swampert|Liquidation|p1a: Fawkes
|-supereffective|p1a: Fawkes
|-damage|p1a: Fawkes|11/100 slp
|cant|p1a: Fawkes|slp
|
|-damage|p2a: Swampert|0 fnt|[from] brn
|faint|p2a: Swampert
|upkeep
|
|t:|1664240019
|switch|p2a: Yveltal|Yveltal, shiny|94/100 tox
|-ability|p2a: Yveltal|Dark Aura
|turn|27
|
|t:|1664240024
|move|p2a: Yveltal|Dark Pulse|p1a: Fawkes
|-damage|p1a: Fawkes|0 fnt
|faint|p1a: Fawkes
|
|-damage|p2a: Yveltal|88/100 tox|[from] psn
|upkeep
|
|t:|1664240026
|switch|p1a: Shenrong|Rayquaza-Mega|100/100
|-weather|DeltaStream|[from] ability: Delta Stream|[of] p1a: Shenrong
|turn|28
|c|☆JustKindaHere|gg
|
|t:|1664240035
|move|p1a: Shenrong|Dragon Ascent|p2a: Yveltal
|-damage|p2a: Yveltal|11/100 tox
|-unboost|p1a: Shenrong|def|1
|-unboost|p1a: Shenrong|spd|1
|move|p2a: Yveltal|Dark Pulse|p1a: Shenrong
|-damage|p1a: Shenrong|6/100
|
|-weather|DeltaStream|[upkeep]
|-damage|p2a: Yveltal|0 fnt|[from] psn
|faint|p2a: Yveltal
|upkeep
|
|t:|1664240039
|switch|p2a: Kyogre|Kyogre|88/100
|-ability|p2a: Kyogre|Drizzle|[from] deltastream|[fail]
|turn|29
|
|t:|1664240042
|move|p1a: Shenrong|Dragon Ascent|p2a: Kyogre
|-damage|p2a: Kyogre|0 fnt
|-unboost|p1a: Shenrong|def|1
|-unboost|p1a: Shenrong|spd|1
|faint|p2a: Kyogre
|
|win|JustKindaHere
|raw|JustKindaHere's rating: 1593 &rarr; <strong>1622</strong><br />(+29 for winning)
|raw|Naofumi_Bakugo_Jax's rating: 1757 &rarr; <strong>1728</strong><br />(-29 for losing)
