|j|☆UncleShannon
|j|☆Dugtrio Is Broken
|t:|1656372958
|gametype|singles
|player|p1|UncleShannon|brawly|1776
|player|p2|Dugtrio Is Broken|benga|1694
|teamsize|p1|6
|teamsize|p2|6
|gen|8
|tier|[Gen 8] National Dex AG
|rated|
|rule|HP Percentage Mod: HP is shown in percentages
|rule|Endless Battle Clause: Forcing endless battles is banned
|clearpoke
|poke|p1|Scizor, F|
|poke|p1|Groudon|
|poke|p1|Calyrex-Shadow|
|poke|p1|Zacian-*|
|poke|p1|Arceus-*|
|poke|p1|Yveltal|
|poke|p2|Smeargle, M|
|poke|p2|Xerneas-*|
|poke|p2|Marshadow|
|poke|p2|Rayquaza|
|poke|p2|Arceus-*|
|poke|p2|Calyrex-Shadow|
|teampreview
|
|t:|1656372972
|start
|switch|p1a: Calyrex|Calyrex-Shadow|100/100
|switch|p2a: Smeargle|Smeargle, M, shiny|100/100
|-ability|p1a: Calyrex|As One
|-ability|p1a: Calyrex|Unnerve
|turn|1
|
|t:|1656372976
|move|p1a: Calyrex|Trick|p2a: Smeargle
|-activate|p1a: Calyrex|move: Trick|[of] p2a: Smeargle
|-item|p2a: Smeargle|Choice Specs|[from] move: Trick
|-item|p1a: Calyrex|Focus Sash|[from] move: Trick
|move|p2a: Smeargle|Spore|p1a: Calyrex
|-status|p1a: Calyrex|slp|[from] move: Spore
|
|-ability|p2a: Smeargle|Moody|boost
|-boost|p2a: Smeargle|spe|2
|-unboost|p2a: Smeargle|spa|1
|upkeep
|turn|2
|inactive|Battle timer is ON: inactive players will automatically lose when time's up. (requested by UncleShannon)
|
|t:|1656372988
|switch|p2a: Spooky|Marshadow|100/100
|switch|p1a: Arceus|Arceus-Rock|100/100
|
|upkeep
|turn|3
|
|t:|1656372997
|switch|p1a: Scizor|Scizor, F|100/100
|move|p2a: Spooky|Close Combat|p1a: Scizor
|-damage|p1a: Scizor|57/100
|-unboost|p2a: Spooky|def|1
|-unboost|p2a: Spooky|spd|1
|
|upkeep
|turn|4
|
|t:|1656373004
|detailschange|p1a: Scizor|Scizor-Mega, F
|-mega|p1a: Scizor|Scizor|Scizorite
|move|p2a: Spooky|Close Combat|p1a: Scizor
|-damage|p1a: Scizor|20/100
|-unboost|p2a: Spooky|def|1
|-unboost|p2a: Spooky|spd|1
|move|p1a: Scizor|Roost|p1a: Scizor
|-heal|p1a: Scizor|70/100
|-singleturn|p1a: Scizor|move: Roost
|
|upkeep
|turn|5
|
|t:|1656373011
|switch|p2a: Smeargle|Smeargle, M, shiny|100/100
|move|p1a: Scizor|U-turn|p2a: Smeargle
|-damage|p2a: Smeargle|16/100
|
|t:|1656373018
|switch|p1a: Arceus|Arceus-Rock|100/100|[from]move: U-turn
|
|-ability|p2a: Smeargle|Moody|boost
|-boost|p2a: Smeargle|def|2
|-unboost|p2a: Smeargle|atk|1
|upkeep
|turn|6
|
|t:|1656373021
|move|p1a: Arceus|Judgment|p2a: Smeargle
|-damage|p2a: Smeargle|0 fnt
|faint|p2a: Smeargle
|
|upkeep
|
|t:|1656373029
|switch|p2a: Arceus|Arceus-Ground|100/100
|turn|7
|
|t:|1656373033
|move|p2a: Arceus|Swords Dance|p2a: Arceus
|-boost|p2a: Arceus|atk|2
|move|p1a: Arceus|Will-O-Wisp|p2a: Arceus
|-status|p2a: Arceus|brn
|
|-damage|p2a: Arceus|94/100 brn|[from] brn
|upkeep
|turn|8
|
|t:|1656373043
|switch|p1a: Scizor|Scizor-Mega, F|70/100
|move|p2a: Arceus|Swords Dance|p2a: Arceus
|-boost|p2a: Arceus|atk|2
|
|-damage|p2a: Arceus|88/100 brn|[from] brn
|upkeep
|turn|9
|
|t:|1656373048
|-zpower|p2a: Arceus
|move|p2a: Arceus|Tectonic Rage|p1a: Scizor|[zeffect]
|-damage|p1a: Scizor|0 fnt
|faint|p1a: Scizor
|
|-damage|p2a: Arceus|82/100 brn|[from] brn
|upkeep
|j| luisYR_a
|
|t:|1656373055
|switch|p1a: Zacian|Zacian-Crowned|100/100
|-ability|p1a: Zacian|Intrepid Sword|boost
|-boost|p1a: Zacian|atk|1
|turn|10
|
|t:|1656373063
|switch|p1a: Yveltal|Yveltal|100/100
|-ability|p1a: Yveltal|Dark Aura
|move|p2a: Arceus|Earthquake|p1a: Yveltal
|-immune|p1a: Yveltal
|
|-damage|p2a: Arceus|76/100 brn|[from] brn
|upkeep
|turn|11
|
|t:|1656373070
|-start|p1a: Yveltal|Dynamax|
|-heal|p1a: Yveltal|100/100|[silent]
|move|p2a: Arceus|Stone Edge|p1a: Yveltal
|-supereffective|p1a: Yveltal
|-damage|p1a: Yveltal|59/100
|move|p1a: Yveltal|Max Darkness|p2a: Arceus
|-damage|p2a: Arceus|20/100 brn
|-unboost|p2a: Arceus|spd|1
|
|-damage|p2a: Arceus|14/100 brn|[from] brn
|upkeep
|turn|12
|
|t:|1656373077
|move|p2a: Arceus|Stone Edge|p1a: Yveltal
|-supereffective|p1a: Yveltal
|-damage|p1a: Yveltal|24/100
|move|p1a: Yveltal|Max Darkness|p2a: Arceus
|-damage|p2a: Arceus|0 fnt
|faint|p2a: Arceus
|
|upkeep
|
|t:|1656373090
|switch|p2a: Spooky|Marshadow|100/100
|turn|13
|
|t:|1656373103
|-end|p1a: Yveltal|Dynamax
|-heal|p1a: Yveltal|24/100|[silent]
|switch|p1a: Calyrex|Calyrex-Shadow|100/100 slp
|-ability|p1a: Calyrex|As One
|-ability|p1a: Calyrex|Unnerve
|move|p2a: Spooky|Close Combat|p1a: Calyrex
|-immune|p1a: Calyrex
|
|upkeep
|turn|14
|
|t:|1656373107
|move|p2a: Spooky|Shadow Sneak|p1a: Calyrex
|-supereffective|p1a: Calyrex
|-enditem|p1a: Calyrex|Focus Sash
|-damage|p1a: Calyrex|1/100 slp
|cant|p1a: Calyrex|slp
|
|upkeep
|turn|15
|
|t:|1656373109
|move|p2a: Spooky|Shadow Sneak|p1a: Calyrex
|-supereffective|p1a: Calyrex
|-damage|p1a: Calyrex|0 fnt
|faint|p1a: Calyrex
|
|upkeep
|
|t:|1656373115
|switch|p1a: Groudon|Groudon|100/100
|detailschange|p1a: Groudon|Groudon-Primal
|-primal|p1a: Groudon
|-weather|DesolateLand|[from] ability: Desolate Land|[of] p1a: Groudon
|turn|16
|
|t:|1656373126
|move|p2a: Spooky|Close Combat|p1a: Groudon
|-damage|p1a: Groudon|64/100
|-unboost|p2a: Spooky|def|1
|-unboost|p2a: Spooky|spd|1
|move|p1a: Groudon|Heat Crash|p2a: Spooky
|-enditem|p2a: Spooky|Focus Sash
|-damage|p2a: Spooky|1/100
|
|-weather|DesolateLand|[upkeep]
|upkeep
|turn|17
|
|t:|1656373135
|move|p2a: Spooky|Endeavor|p1a: Groudon
|-damage|p1a: Groudon|1/100
|move|p1a: Groudon|Stealth Rock|p2a: Spooky
|-sidestart|p2: Dugtrio Is Broken|move: Stealth Rock
|
|-weather|DesolateLand|[upkeep]
|upkeep
|turn|18
|
|t:|1656373143
|move|p2a: Spooky|Shadow Sneak|p1a: Groudon
|-damage|p1a: Groudon|0 fnt
|faint|p1a: Groudon
|-weather|none
|
|upkeep
|
|t:|1656373156
|switch|p1a: Zacian|Zacian-Crowned|100/100
|-ability|p1a: Zacian|Intrepid Sword|boost
|-boost|p1a: Zacian|atk|1
|turn|19
|
|t:|1656373159
|move|p1a: Zacian|Behemoth Blade|p2a: Spooky
|-crit|p2a: Spooky
|-damage|p2a: Spooky|0 fnt
|faint|p2a: Spooky
|
|upkeep
|
|t:|1656373163
|switch|p2a: Rayquaza|Rayquaza|100/100
|-damage|p2a: Rayquaza|76/100|[from] Stealth Rock
|-ability|p2a: Rayquaza|Air Lock
|turn|20
|
|t:|1656373165
|detailschange|p2a: Rayquaza|Rayquaza-Mega
|-mega|p2a: Rayquaza|Rayquaza|
|-weather|DeltaStream|[from] ability: Delta Stream|[of] p2a: Rayquaza
|move|p2a: Rayquaza|Extreme Speed|p1a: Zacian
|-resisted|p1a: Zacian
|-damage|p1a: Zacian|84/100
|move|p1a: Zacian|Play Rough|p2a: Rayquaza|[miss]
|-miss|p1a: Zacian|p2a: Rayquaza
|
|-weather|DeltaStream|[upkeep]
|upkeep
|turn|21
|
|t:|1656373178
|switch|p1a: Yveltal|Yveltal|24/100
|-ability|p1a: Yveltal|Dark Aura
|move|p2a: Rayquaza|Extreme Speed|p1a: Yveltal
|-damage|p1a: Yveltal|0 fnt
|faint|p1a: Yveltal
|
|-weather|DeltaStream|[upkeep]
|upkeep
|
|t:|1656373180
|switch|p1a: Zacian|Zacian-Crowned|84/100
|-ability|p1a: Zacian|Intrepid Sword|boost
|-boost|p1a: Zacian|atk|1
|turn|22
|
|t:|1656373183
|move|p2a: Rayquaza|Extreme Speed|p1a: Zacian
|-resisted|p1a: Zacian
|-damage|p1a: Zacian|67/100
|move|p1a: Zacian|Play Rough|p2a: Rayquaza
|-supereffective|p2a: Rayquaza
|-damage|p2a: Rayquaza|0 fnt
|faint|p2a: Rayquaza
|-weather|none
|
|upkeep
|
|t:|1656373188
|switch|p2a: Calyrex|Calyrex-Shadow|100/100
|-ability|p2a: Calyrex|As One
|-ability|p2a: Calyrex|Unnerve
|-damage|p2a: Calyrex|88/100|[from] Stealth Rock
|turn|23
|
|t:|1656373191
|-start|p2a: Calyrex|Dynamax|
|-heal|p2a: Calyrex|88/100|[silent]
|move|p2a: Calyrex|Max Phantasm|p1a: Zacian
|-damage|p1a: Zacian|0 fnt
|faint|p1a: Zacian
|-ability|p2a: Calyrex|Grim Neigh|boost
|-boost|p2a: Calyrex|spa|1
|
|upkeep
|c|☆UncleShannon|Bruh
|c|☆Dugtrio Is Broken|Gg
|c|☆UncleShannon|I thought you dynamaxed
|c|☆UncleShannon|I forgot that was me LOL
|-message|UncleShannon forfeited.
|
|win|Dugtrio Is Broken
|raw|UncleShannon's rating: 1776 &rarr; <strong>1751</strong><br />(-25 for losing)
|raw|Dugtrio Is Broken's rating: 1694 &rarr; <strong>1719</strong><br />(+25 for winning)
|l|☆UncleShannon
