|j|☆iroeweuio
|j|☆Glaliegoesboom
|t:|1662926173
|gametype|singles
|player|p1|iroeweuio|2|1645
|player|p2|Glaliegoesboom|cynthia-masters|1822
|teamsize|p1|6
|teamsize|p2|6
|gen|8
|tier|[Gen 8] National Dex AG
|rated|
|rule|HP Percentage Mod: HP is shown in percentages
|rule|Endless Battle Clause: Forcing endless battles is banned
|clearpoke
|poke|p1|Chatot, F|
|poke|p1|Weavile, M|
|poke|p1|Giratina-Origin|
|poke|p1|Ditto|
|poke|p1|Breloom, F|
|poke|p1|Wobbuffet, F|
|poke|p2|Necrozma-Dusk-Mane|
|poke|p2|Zygarde|
|poke|p2|Arceus-*|
|poke|p2|Chansey, F|
|poke|p2|Marshadow|
|poke|p2|Yveltal|
|teampreview
|inactive|Battle timer is ON: inactive players will automatically lose when time's up. (requested by Glaliegoesboom)
|
|t:|1662926193
|start
|switch|p1a: Weavile|Weavile, M|100/100
|switch|p2a: Zygarde|Zygarde, shiny|100/100
|-ability|p1a: Weavile|Pressure
|turn|1
|inactive|iroeweuio has 120 seconds left.
|inactive|iroeweuio has 90 seconds left.
|
|t:|1662926271
|switch|p2a: Necrozma|Necrozma-Dusk-Mane|100/100
|move|p1a: Weavile|Triple Axel|p2a: Necrozma
|-resisted|p2a: Necrozma
|-damage|p2a: Necrozma|98/100
|-damage|p1a: Weavile|84/100|[from] item: Rocky Helmet|[of] p2a: Necrozma
|-hitcount|p2a: Necrozma|1
|
|-heal|p1a: Weavile|90/100|[from] item: Leftovers
|upkeep
|turn|2
|
|t:|1662926286
|move|p1a: Weavile|Assist|p1a: Weavile
|move|p1a: Weavile|Spore|p2a: Necrozma|[from]move: Assist
|-status|p2a: Necrozma|slp|[from] move: Spore
|cant|p2a: Necrozma|slp
|
|-heal|p1a: Weavile|96/100|[from] item: Leftovers
|upkeep
|turn|3
|inactive|iroeweuio has 90 seconds left.
|
|t:|1662926311
|switch|p1a: Ditto|Ditto|100/100
|-transform|p1a: Ditto|p2a: Necrozma|[from] ability: Imposter
|switch|p2a: Yveltal|Yveltal|100/100
|-ability|p2a: Yveltal|Dark Aura
|
|upkeep
|turn|4
|inactive|iroeweuio has 90 seconds left.
|
|t:|1662926321
|move|p1a: Ditto|Stealth Rock|p2a: Yveltal
|-sidestart|p2: Glaliegoesboom|move: Stealth Rock
|move|p2a: Yveltal|Snarl|p1a: Ditto
|-supereffective|p1a: Ditto
|-damage|p1a: Ditto|49/100
|-unboost|p1a: Ditto|spa|1
|
|upkeep
|turn|5
|
|t:|1662926326
|switch|p1a: Breloom|Breloom, F|100/100
|move|p2a: Yveltal|Defog|p1a: Breloom
|-unboost|p1a: Breloom|evasion|1
|-sideend|p2: Glaliegoesboom|Stealth Rock|[from] move: Defog|[of] p2a: Yveltal
|
|-status|p1a: Breloom|tox|[from] item: Toxic Orb
|upkeep
|turn|6
|
|t:|1662926349
|switch|p2a: Necrozma|Necrozma-Dusk-Mane|98/100 slp
|-singleturn|p1a: Breloom|move: Focus Punch
|move|p1a: Breloom|Focus Punch|p2a: Necrozma
|-damage|p2a: Necrozma|54/100 slp
|-damage|p1a: Breloom|84/100 tox|[from] item: Rocky Helmet|[of] p2a: Necrozma
|
|-heal|p1a: Breloom|96/100 tox|[from] ability: Poison Heal
|upkeep
|turn|7
|
|t:|1662926353
|switch|p2a: Marshadow|Marshadow|100/100
|-singleturn|p1a: Breloom|move: Focus Punch
|move|p1a: Breloom|Focus Punch|p2a: Marshadow
|-immune|p2a: Marshadow
|
|-heal|p1a: Breloom|100/100 tox|[from] ability: Poison Heal
|upkeep
|turn|8
|
|t:|1662926355
|move|p2a: Marshadow|Spectral Thief|p1a: Breloom
|-damage|p1a: Breloom|0 fnt
|faint|p1a: Breloom
|
|upkeep
|
|t:|1662926359
|switch|p1a: Chatot|Chatot, F|100/100
|turn|9
|
|t:|1662926362
|switch|p2a: Necrozma|Necrozma-Dusk-Mane|54/100 slp
|move|p1a: Chatot|Chatter|p2a: Necrozma
|-resisted|p2a: Necrozma
|-damage|p2a: Necrozma|40/100 slp
|-start|p2a: Necrozma|confusion
|
|upkeep
|turn|10
|
|t:|1662926367
|move|p1a: Chatot|Chatter|p2a: Necrozma
|-resisted|p2a: Necrozma
|-damage|p2a: Necrozma|27/100 slp
|cant|p2a: Necrozma|slp
|
|upkeep
|turn|11
|
|t:|1662926369
|move|p1a: Chatot|Chatter|p2a: Necrozma
|-resisted|p2a: Necrozma
|-damage|p2a: Necrozma|13/100 slp
|-curestatus|p2a: Necrozma|slp|[msg]
|-activate|p2a: Necrozma|confusion
|move|p2a: Necrozma|Stealth Rock|p1a: Chatot
|-sidestart|p1: iroeweuio|move: Stealth Rock
|
|upkeep
|turn|12
|
|t:|1662926373
|move|p1a: Chatot|Chatter|p2a: Necrozma
|-resisted|p2a: Necrozma
|-crit|p2a: Necrozma
|-damage|p2a: Necrozma|0 fnt
|faint|p2a: Necrozma
|
|upkeep
|
|t:|1662926387
|switch|p2a: Arceus|Arceus-Fairy|100/100
|turn|13
|
|t:|1662926390
|move|p2a: Arceus|Judgment|p1a: Chatot
|-damage|p1a: Chatot|0 fnt
|faint|p1a: Chatot
|
|upkeep
|
|t:|1662926393
|switch|p1a: Weavile|Weavile, M|96/100
|-damage|p1a: Weavile|71/100|[from] Stealth Rock
|-ability|p1a: Weavile|Pressure
|turn|14
|
|t:|1662926398
|switch|p2a: Yveltal|Yveltal|100/100
|-ability|p2a: Yveltal|Dark Aura
|move|p1a: Weavile|Assist|p1a: Weavile
|move|p1a: Weavile|Spore|p2a: Yveltal|[from]move: Assist
|-status|p2a: Yveltal|slp|[from] move: Spore
|
|-heal|p1a: Weavile|77/100|[from] item: Leftovers
|upkeep
|turn|15
|
|t:|1662926405
|move|p1a: Weavile|Substitute|p1a: Weavile
|-start|p1a: Weavile|Substitute
|-damage|p1a: Weavile|52/100
|cant|p2a: Yveltal|slp
|
|-heal|p1a: Weavile|59/100|[from] item: Leftovers
|upkeep
|turn|16
|
|t:|1662926408
|move|p1a: Weavile|Triple Axel|p2a: Yveltal
|-supereffective|p2a: Yveltal
|-damage|p2a: Yveltal|86/100 slp
|-supereffective|p2a: Yveltal
|-damage|p2a: Yveltal|54/100 slp
|-supereffective|p2a: Yveltal
|-damage|p2a: Yveltal|6/100 slp
|-hitcount|p2a: Yveltal|3
|cant|p2a: Yveltal|slp
|
|-heal|p1a: Weavile|65/100|[from] item: Leftovers
|upkeep
|turn|17
|
|t:|1662926421
|move|p1a: Weavile|Triple Axel|p2a: Yveltal
|-supereffective|p2a: Yveltal
|-damage|p2a: Yveltal|0 fnt
|faint|p2a: Yveltal
|-hitcount|p2: Yveltal|1
|
|-heal|p1a: Weavile|71/100|[from] item: Leftovers
|upkeep
|
|t:|1662926427
|switch|p2a: Zygarde|Zygarde, shiny|100/100
|turn|18
|
|t:|1662926430
|-start|p2a: Zygarde|Dynamax|
|-heal|p2a: Zygarde|100/100|[silent]
|move|p1a: Weavile|Triple Axel|p2a: Zygarde
|-supereffective|p2a: Zygarde
|-damage|p2a: Zygarde|90/100
|-supereffective|p2a: Zygarde
|-damage|p2a: Zygarde|68/100
|-supereffective|p2a: Zygarde
|-damage|p2a: Zygarde|35/100
|-hitcount|p2a: Zygarde|3
|move|p2a: Zygarde|Max Quake|p1a: Weavile
|-end|p1a: Weavile|Substitute
|-boost|p2a: Zygarde|spd|1
|
|-heal|p1a: Weavile|77/100|[from] item: Leftovers
|-activate|p2a: Zygarde|ability: Power Construct
|detailschange|p2a: Zygarde|Zygarde-Complete, shiny
|-heal|p2a: Zygarde|57/100|[silent]
|upkeep
|turn|19
|
|t:|1662926436
|move|p1a: Weavile|Triple Axel|p2a: Zygarde
|-supereffective|p2a: Zygarde
|-damage|p2a: Zygarde|50/100
|-supereffective|p2a: Zygarde
|-damage|p2a: Zygarde|36/100
|-supereffective|p2a: Zygarde
|-damage|p2a: Zygarde|17/100
|-hitcount|p2a: Zygarde|3
|move|p2a: Zygarde|Max Quake|p1a: Weavile
|-damage|p1a: Weavile|1/100
|-boost|p2a: Zygarde|spd|1
|
|-heal|p1a: Weavile|7/100|[from] item: Leftovers
|upkeep
|turn|20
|
|t:|1662926445
|move|p1a: Weavile|Assist|p1a: Weavile
|move|p1a: Weavile|Spore|p2a: Zygarde|[from]move: Assist
|-activate|p2a: Zygarde|item: Safety Goggles|Spore
|move|p2a: Zygarde|Max Quake|p1a: Weavile
|-damage|p1a: Weavile|0 fnt
|-boost|p2a: Zygarde|spd|1
|faint|p1a: Weavile
|
|upkeep
|
|t:|1662926449
|switch|p1a: Giratina|Giratina-Origin|100/100
|-damage|p1a: Giratina|88/100|[from] Stealth Rock
|-end|p2a: Zygarde|Dynamax
|-heal|p2a: Zygarde|17/100|[silent]
|turn|21
|
|t:|1662926457
|-start|p1a: Giratina|Dynamax|
|-heal|p1a: Giratina|88/100|[silent]
|move|p1a: Giratina|Max Airstream|p2a: Zygarde
|-damage|p2a: Zygarde|2/100
|-boost|p1a: Giratina|spe|1
|move|p2a: Zygarde|Glare|p1a: Giratina
|-status|p1a: Giratina|par
|
|upkeep
|turn|22
|
|t:|1662926459
|move|p1a: Giratina|Max Airstream|p2a: Zygarde
|-damage|p2a: Zygarde|0 fnt
|-boost|p1a: Giratina|spe|1
|faint|p2a: Zygarde
|
|upkeep
|
|t:|1662926464
|switch|p2a: Arceus|Arceus-Fairy|100/100
|turn|23
|
|t:|1662926467
|move|p2a: Arceus|Judgment|p1a: Giratina
|-supereffective|p1a: Giratina
|-damage|p1a: Giratina|51/100 par
|move|p1a: Giratina|Max Phantasm|p2a: Arceus
|-damage|p2a: Arceus|52/100
|-unboost|p2a: Arceus|def|1
|
|upkeep
|-end|p1a: Giratina|Dynamax
|-heal|p1a: Giratina|51/100 par|[silent]
|turn|24
|
|t:|1662926471
|move|p2a: Arceus|Recover|p2a: Arceus
|-heal|p2a: Arceus|100/100
|cant|p1a: Giratina|par
|
|upkeep
|turn|25
|
|t:|1662926475
|switch|p2a: Chansey|Chansey, F|100/100
|move|p1a: Giratina|Destiny Bond|p1a: Giratina
|-singlemove|p1a: Giratina|Destiny Bond
|
|upkeep
|turn|26
|
|t:|1662926477
|switch|p2a: Arceus|Arceus-Fairy|100/100
|move|p1a: Giratina|Dragon Tail|p2a: Arceus
|-immune|p2a: Arceus
|
|upkeep
|turn|27
|
|t:|1662926479
|move|p2a: Arceus|Judgment|p1a: Giratina
|-supereffective|p1a: Giratina
|-damage|p1a: Giratina|0 fnt
|faint|p1a: Giratina
|
|upkeep
|
|t:|1662926481
|switch|p1a: Ditto|Ditto|49/100
|-damage|p1a: Ditto|37/100|[from] Stealth Rock
|-transform|p1a: Ditto|p2a: Arceus|[from] ability: Imposter
|turn|28
|
|t:|1662926483
|move|p1a: Ditto|Recover|p1a: Ditto
|-heal|p1a: Ditto|87/100
|move|p2a: Arceus|Judgment|p1a: Ditto
|-damage|p1a: Ditto|42/100
|
|upkeep
|turn|29
|
|t:|1662926485
|move|p1a: Ditto|Recover|p1a: Ditto
|-heal|p1a: Ditto|92/100
|move|p2a: Arceus|Toxic|p1a: Ditto|[miss]
|-miss|p2a: Arceus|p1a: Ditto
|
|upkeep
|turn|30
|
|t:|1662926488
|switch|p1a: Wobbuffet|Wobbuffet, F|100/100
|-damage|p1a: Wobbuffet|88/100|[from] Stealth Rock
|move|p2a: Arceus|Toxic|p1a: Wobbuffet
|-status|p1a: Wobbuffet|tox
|
|-damage|p1a: Wobbuffet|82/100 tox|[from] psn
|upkeep
|turn|31
|
|t:|1662926490
|move|p2a: Arceus|Toxic|p1a: Wobbuffet
|-fail|p1a: Wobbuffet|tox
|move|p1a: Wobbuffet|Mirror Coat||[still]
|-fail|p1a: Wobbuffet
|
|-damage|p1a: Wobbuffet|70/100 tox|[from] psn
|upkeep
|turn|32
|
|t:|1662926493
|move|p2a: Arceus|Will-O-Wisp||[still]
|-fail|p2a: Arceus
|move|p1a: Wobbuffet|Mirror Coat||[still]
|-fail|p1a: Wobbuffet
|
|-damage|p1a: Wobbuffet|51/100 tox|[from] psn
|upkeep
|turn|33
|
|t:|1662926494
|move|p2a: Arceus|Toxic|p1a: Wobbuffet
|-fail|p1a: Wobbuffet|tox
|move|p1a: Wobbuffet|Mirror Coat||[still]
|-fail|p1a: Wobbuffet
|
|-damage|p1a: Wobbuffet|26/100 tox|[from] psn
|upkeep
|turn|34
|
|t:|1662926497
|move|p2a: Arceus|Judgment|p1a: Wobbuffet
|-damage|p1a: Wobbuffet|0 fnt
|faint|p1a: Wobbuffet
|
|upkeep
|-message|iroeweuio forfeited.
|
|win|Glaliegoesboom
|raw|iroeweuio's rating: 1645 &rarr; <strong>1634</strong><br />(-11 for losing)
|raw|Glaliegoesboom's rating: 1822 &rarr; <strong>1833</strong><br />(+11 for winning)
