|j|☆Hazy-Sensei
|j|☆Delta780
|player|p1|Hazy-Sensei|pokekid|1120
|player|p2|Delta780|grimsley|1080
|teamsize|p1|6
|teamsize|p2|6
|gametype|singles
|gen|8
|tier|[Gen 8] National Dex AG
|rated|
|clearpoke
|poke|p1|Hatterene, L99, F|
|poke|p1|Necrozma-Dusk-Mane, L99|
|poke|p1|Rotom-Wash, L99|
|poke|p1|Lunala|
|poke|p1|Corsola-Galar, F|
|poke|p1|Xerneas|
|poke|p2|Zekrom|
|poke|p2|Zacian-Crowned|
|poke|p2|Lunala|
|poke|p2|Necrozma-Dusk-Mane|
|poke|p2|Kyurem-White|
|poke|p2|Shuckle, F|
|rule|HP Percentage Mod: HP is shown in percentages
|rule|Endless Battle Clause: Forcing endless battles is banned
|teampreview
|
|start
|switch|p1a: Necrozma|Necrozma-Dusk-Mane, L99|100/100
|switch|p2a: Shuckle|Shuckle, F|100/100
|turn|1
|
|move|p1a: Necrozma|Earthquake|p2a: Shuckle
|-damage|p2a: Shuckle|78/100
|move|p2a: Shuckle|Sticky Web|p1a: Necrozma
|-sidestart|p1: Hazy-Sensei|move: Sticky Web
|
|upkeep
|turn|2
|
|move|p1a: Necrozma|Dragon Dance|p1a: Necrozma
|-boost|p1a: Necrozma|atk|1
|-boost|p1a: Necrozma|spe|1
|move|p2a: Shuckle|Stealth Rock|p1a: Necrozma
|-sidestart|p1: Hazy-Sensei|move: Stealth Rock
|
|upkeep
|turn|3
|
|move|p1a: Necrozma|Photon Geyser|p2a: Shuckle
|-damage|p2a: Shuckle|28/100
|move|p2a: Shuckle|Encore|p1a: Necrozma
|-start|p1a: Necrozma|Encore
|
|upkeep
|turn|4
|
|move|p1a: Necrozma|Photon Geyser|p2a: Shuckle
|-damage|p2a: Shuckle|0 fnt
|faint|p2a: Shuckle
|
|upkeep
|
|switch|p2a: Necrozma|Necrozma-Dusk-Mane|100/100
|turn|5
|
|-start|p2a: Necrozma|Dynamax
|-heal|p2a: Necrozma|100/100|[silent]
|move|p1a: Necrozma|Photon Geyser|p2a: Necrozma
|-resisted|p2a: Necrozma
|-damage|p2a: Necrozma|91/100
|move|p2a: Necrozma|Max Quake|p1a: Necrozma
|-supereffective|p1a: Necrozma
|-crit|p1a: Necrozma
|-damage|p1a: Necrozma|0 fnt
|-boost|p2a: Necrozma|spd|1
|faint|p1a: Necrozma
|
|upkeep
|
|switch|p1a: Power ZUCC|Corsola-Galar, F|100/100
|-activate|p1a: Power ZUCC|move: Sticky Web
|-unboost|p1a: Power ZUCC|spe|1
|-damage|p1a: Power ZUCC|88/100|[from] Stealth Rock
|turn|6
|inactive|Battle timer is ON: inactive players will automatically lose when time's up. (requested by Delta780)
|
|move|p2a: Necrozma|Max Steelspike|p1a: Power ZUCC
|-damage|p1a: Power ZUCC|41/100
|-boost|p2a: Necrozma|def|1
|move|p1a: Power ZUCC|Strength Sap|p2a: Necrozma
|-unboost|p2a: Necrozma|atk|1
|-heal|p1a: Power ZUCC|100/100
|
|upkeep
|turn|7
|
|move|p2a: Necrozma|Max Steelspike|p1a: Power ZUCC
|-damage|p1a: Power ZUCC|71/100
|-boost|p2a: Necrozma|def|1
|move|p1a: Power ZUCC|Strength Sap|p2a: Necrozma
|-unboost|p2a: Necrozma|atk|1
|-heal|p1a: Power ZUCC|100/100
|
|-end|p2a: Necrozma|Dynamax
|-heal|p2a: Necrozma|91/100|[silent]
|upkeep
|turn|8
|
|switch|p2a: Lunala|Lunala|100/100
|move|p1a: Power ZUCC|Strength Sap|p2a: Lunala
|-unboost|p2a: Lunala|atk|1
|
|upkeep
|turn|9
|
|move|p2a: Lunala|Calm Mind|p2a: Lunala
|-boost|p2a: Lunala|spa|1
|-boost|p2a: Lunala|spd|1
|move|p1a: Power ZUCC|Strength Sap|p2a: Lunala
|-unboost|p2a: Lunala|atk|1
|
|upkeep
|turn|10
|
|move|p2a: Lunala|Moongeist Beam|p1a: Power ZUCC
|-supereffective|p1a: Power ZUCC
|-damage|p1a: Power ZUCC|0 fnt
|faint|p1a: Power ZUCC
|
|upkeep
|
|switch|p1a: Lunala|Lunala|100/100
|-activate|p1a: Lunala|move: Sticky Web
|-unboost|p1a: Lunala|spe|1
|-damage|p1a: Lunala|88/100|[from] Stealth Rock
|turn|11
|inactive|Hazy-Sensei has 120 seconds left.
|inactive|Hazy-Sensei has 90 seconds left.
|
|move|p2a: Lunala|Moongeist Beam|p1a: Lunala
|-supereffective|p1a: Lunala
|-damage|p1a: Lunala|0 fnt
|faint|p1a: Lunala
|
|upkeep
|
|switch|p1a: blease do good|Xerneas|100/100
|-damage|p1a: blease do good|88/100|[from] Stealth Rock
|-activate|p1a: blease do good|move: Sticky Web
|-unboost|p1a: blease do good|spe|1
|-ability|p1a: blease do good|Fairy Aura
|turn|12
|
|move|p2a: Lunala|Moongeist Beam|p1a: blease do good
|-damage|p1a: blease do good|22/100
|move|p1a: blease do good|Moonblast|p2a: Lunala
|-damage|p2a: Lunala|83/100
|
|upkeep
|turn|13
|
|move|p2a: Lunala|Psyshock|p1a: blease do good
|-damage|p1a: blease do good|0 fnt
|faint|p1a: blease do good
|
|upkeep
|
|switch|p1a: Rotom|Rotom-Wash, L99|100/100
|-damage|p1a: Rotom|88/100|[from] Stealth Rock
|turn|14
|inactive|Hazy-Sensei has 90 seconds left.
|
|move|p2a: Lunala|Calm Mind|p2a: Lunala
|-boost|p2a: Lunala|spa|1
|-boost|p2a: Lunala|spd|1
|move|p1a: Rotom|Hydro Pump|p2a: Lunala
|-damage|p2a: Lunala|66/100
|
|upkeep
|turn|15
|inactive|Hazy-Sensei has 90 seconds left.
|
|move|p2a: Lunala|Moongeist Beam|p1a: Rotom
|-damage|p1a: Rotom|0 fnt
|faint|p1a: Rotom
|
|upkeep
|inactive|Hazy-Sensei has 90 seconds left.
|
|switch|p1a: Hatterene|Hatterene, L99, F|100/100
|-damage|p1a: Hatterene|88/100|[from] Stealth Rock
|-activate|p1a: Hatterene|move: Sticky Web
|-unboost|p1a: Hatterene|spe|1
|turn|16
|
|-start|p1a: Hatterene|Dynamax
|-heal|p1a: Hatterene|88/100|[silent]
|move|p2a: Lunala|Moongeist Beam|p1a: Hatterene
|-supereffective|p1a: Hatterene
|-damage|p1a: Hatterene|0 fnt
|faint|p1a: Hatterene
|
|win|Delta780
|c|☆Hazy-Sensei|gg
|raw|Hazy-Sensei's rating: 1121 &rarr; <strong>1093</strong><br />(-28 for losing)
|raw|Delta780's rating: 1080 &rarr; <strong>1111</strong><br />(+31 for winning)
