|j|☆Master kushagra
|j|☆S.J.I.A.N.
|t:|1648042174
|gametype|singles
|player|p1|Master kushagra|leon-tower|
|player|p2|S.J.I.A.N.|ash-kalos|
|teamsize|p1|6
|teamsize|p2|6
|gen|8
|tier|[Gen 8] National Dex AG
|rule|HP Percentage Mod: HP is shown in percentages
|rule|Endless Battle Clause: Forcing endless battles is banned
|clearpoke
|poke|p1|Dracovish|
|poke|p1|Rotom-Wash|
|poke|p1|Inteleon, M|
|poke|p1|Toxapex, M|
|poke|p1|Blastoise, M|
|poke|p1|Urshifu-*, F|
|poke|p2|Dracovish|
|poke|p2|Pheromosa|
|poke|p2|Naganadel|
|poke|p2|Smeargle, M|
|poke|p2|Xurkitree|
|poke|p2|Ditto|
|teampreview
|inactive|Battle timer is ON: inactive players will automatically lose when time's up. (requested by S.J.I.A.N.)
|c|☆S.J.I.A.N.|ok nice
|c|☆Master kushagra|gl
|c|☆Master kushagra|challanger
|c|☆S.J.I.A.N.|ok
|inactive|S.J.I.A.N. has 270 seconds left.
|c|☆S.J.I.A.N.|hehehehe
|
|t:|1648042217
|start
|switch|p1a: Toxapex|Toxapex, M|100/100
|switch|p2a: Smeargle|Smeargle, M|100/100
|turn|1
|
|t:|1648042225
|move|p2a: Smeargle|Spore|p1a: Toxapex
|-status|p1a: Toxapex|slp|[from] move: Spore
|cant|p1a: Toxapex|slp
|
|-ability|p2a: Smeargle|Moody|boost
|-boost|p2a: Smeargle|spd|2
|-unboost|p2a: Smeargle|atk|1
|upkeep
|turn|2
|
|t:|1648042231
|move|p2a: Smeargle|Shell Smash|p2a: Smeargle
|-unboost|p2a: Smeargle|def|1
|-unboost|p2a: Smeargle|spd|1
|-boost|p2a: Smeargle|atk|2
|-boost|p2a: Smeargle|spa|2
|-boost|p2a: Smeargle|spe|2
|cant|p1a: Toxapex|slp
|
|-ability|p2a: Smeargle|Moody|boost
|-boost|p2a: Smeargle|spa|2
|-unboost|p2a: Smeargle|spd|1
|upkeep
|turn|3
|
|t:|1648042244
|move|p2a: Smeargle|Baneful Bunker|p2a: Smeargle
|-singleturn|p2a: Smeargle|move: Protect
|-curestatus|p1a: Toxapex|slp|[msg]
|move|p1a: Toxapex|Toxic Spikes|p2a: Smeargle
|-sidestart|p2: S.J.I.A.N.|move: Toxic Spikes
|
|-ability|p2a: Smeargle|Moody|boost
|-boost|p2a: Smeargle|spe|2
|-unboost|p2a: Smeargle|def|1
|upkeep
|turn|4
|
|t:|1648042254
|move|p1a: Toxapex|Baneful Bunker|p1a: Toxapex
|-singleturn|p1a: Toxapex|move: Protect
|move|p2a: Smeargle|Spore|p1a: Toxapex
|-activate|p1a: Toxapex|move: Protect
|
|-ability|p2a: Smeargle|Moody|boost
|-boost|p2a: Smeargle|spa|2
|-unboost|p2a: Smeargle|spd|1
|upkeep
|turn|5
|
|t:|1648042261
|move|p2a: Smeargle|Spore|p1a: Toxapex
|-status|p1a: Toxapex|slp|[from] move: Spore
|cant|p1a: Toxapex|slp
|
|-ability|p2a: Smeargle|Moody|boost
|-boost|p2a: Smeargle|atk|2
|-unboost|p2a: Smeargle|spe|1
|upkeep
|turn|6
|
|t:|1648042285
|move|p2a: Smeargle|Baton Pass|p2a: Smeargle
|
|t:|1648042288
|switch|p2a: Naganadel|Naganadel|100/100|[from]move: Baton Pass
|-sideend|p2: S.J.I.A.N.|move: Toxic Spikes|[of] p2a: Naganadel
|cant|p1a: Toxapex|slp
|
|upkeep
|turn|7
|
|t:|1648042300
|-curestatus|p1a: Toxapex|slp|[msg]
|move|p1a: Toxapex|Baneful Bunker|p1a: Toxapex
|-singleturn|p1a: Toxapex|move: Protect
|move|p2a: Naganadel|Dragon Tail|p1a: Toxapex
|-activate|p1a: Toxapex|move: Protect
|
|upkeep
|turn|8
|
|t:|1648042307
|move|p1a: Toxapex|Toxic Spikes|p2a: Naganadel
|-sidestart|p2: S.J.I.A.N.|move: Toxic Spikes
|move|p2a: Naganadel|Dragon Tail|p1a: Toxapex
|-damage|p1a: Toxapex|68/100
|drag|p1a: Inteleon|Inteleon, M|100/100
|
|upkeep
|turn|9
|
|t:|1648042317
|-start|p1a: Inteleon|Dynamax
|-formechange|p1a: Inteleon|Inteleon-Gmax
|-heal|p1a: Inteleon|100/100|[silent]
|move|p2a: Naganadel|Sludge Wave|p1a: Inteleon
|-damage|p1a: Inteleon|0 fnt
|faint|p1a: Inteleon
|-ability|p2a: Naganadel|Beast Boost|boost
|-boost|p2a: Naganadel|spe|1
|
|upkeep
|c|☆S.J.I.A.N.|nice
|
|t:|1648042330
|switch|p1a: Rotom|Rotom-Wash|100/100
|turn|10
|c|☆S.J.I.A.N.|4x attack
|
|t:|1648042351
|move|p1a: Rotom|Sucker Punch|p2a: Naganadel
|-damage|p2a: Naganadel|63/100
|move|p2a: Naganadel|Sludge Wave|p1a: Rotom
|-damage|p1a: Rotom|0 fnt
|faint|p1a: Rotom
|-ability|p2a: Naganadel|Beast Boost|boost
|-boost|p2a: Naganadel|spe|1
|
|upkeep
|
|t:|1648042363
|switch|p1a: Dracovish|Dracovish|100/100
|turn|11
|
|t:|1648042374
|-zpower|p2a: Naganadel
|move|p2a: Naganadel|Devastating Drake|p1a: Dracovish|[zeffect]
|-supereffective|p1a: Dracovish
|-damage|p1a: Dracovish|0 fnt
|faint|p1a: Dracovish
|-ability|p2a: Naganadel|Beast Boost|boost
|-boost|p2a: Naganadel|spe|1
|
|upkeep
|
|t:|1648042382
|switch|p1a: Blastoise|Blastoise, M|100/100
|turn|12
|
|t:|1648042386
|detailschange|p1a: Blastoise|Blastoise-Mega, M
|-mega|p1a: Blastoise|Blastoise|Blastoisinite
|move|p2a: Naganadel|Sludge Wave|p1a: Blastoise
|-damage|p1a: Blastoise|0 fnt
|faint|p1a: Blastoise
|
|upkeep
|
|t:|1648042393
|switch|p1a: Urshifu|Urshifu-Rapid-Strike, F|100/100
|turn|13
|c|☆S.J.I.A.N.|hmm...fasinating
|
|t:|1648042403
|move|p2a: Naganadel|Sludge Wave|p1a: Urshifu
|-damage|p1a: Urshifu|0 fnt
|faint|p1a: Urshifu
|
|upkeep
|
|t:|1648042407
|switch|p1a: Toxapex|Toxapex, M|68/100
|turn|14
|c|☆Master kushagra|lol
|c|☆S.J.I.A.N.|gg
|
|t:|1648042416
|move|p1a: Toxapex|Baneful Bunker|p1a: Toxapex
|-singleturn|p1a: Toxapex|move: Protect
|move|p2a: Naganadel|Draco Meteor|p1a: Toxapex
|-activate|p1a: Toxapex|move: Protect
|
|upkeep
|turn|15
|c|☆Master kushagra|gg
|
|t:|1648042425
|move|p1a: Toxapex|Baneful Bunker|p1a: Toxapex
|-singleturn|p1a: Toxapex|move: Protect
|move|p2a: Naganadel|Draco Meteor|p1a: Toxapex
|-activate|p1a: Toxapex|move: Protect
|
|upkeep
|turn|16
|c|☆S.J.I.A.N.|what?
|
|t:|1648042437
|move|p2a: Naganadel|Draco Meteor|p1a: Toxapex
|-damage|p1a: Toxapex|0 fnt
|-unboost|p2a: Naganadel|spa|2
|faint|p1a: Toxapex
|
|win|S.J.I.A.N.
|c|☆S.J.I.A.N.|lol
|c|☆Master kushagra|fire gym time
|c|☆S.J.I.A.N.|ok
