|j|☆gfhhfghfg
|j|☆IWSK
|player|p1|gfhhfghfg|170|1434
|player|p2|IWSK|170|1369
|teamsize|p1|6
|teamsize|p2|6
|gametype|singles
|gen|8
|tier|[Gen 8] National Dex AG
|rated|
|clearpoke
|poke|p1|Rayquaza|
|poke|p1|Necrozma-Dusk-Mane|
|poke|p1|Groudon|
|poke|p1|Arceus-*|
|poke|p1|Arceus-*|
|poke|p1|Zacian-Crowned|
|poke|p2|Toxapex, M|
|poke|p2|Necrozma-Dusk-Mane|
|poke|p2|Chansey, F|
|poke|p2|Tapu Bulu|
|poke|p2|Gliscor, M|
|poke|p2|Rayquaza|
|rule|HP Percentage Mod: HP is shown in percentages
|rule|Endless Battle Clause: Forcing endless battles is banned
|teampreview
|inactive|Battle timer is ON: inactive players will automatically lose when time's up. (requested by IWSK)
|
|start
|switch|p1a: Groudon|Groudon|100/100
|switch|p2a: Rayquaza|Rayquaza|100/100
|-ability|p2a: Rayquaza|Air Lock
|detailschange|p1a: Groudon|Groudon-Primal
|-primal|p1a: Groudon
|-weather|DesolateLand|[from] ability: Desolate Land|[of] p1a: Groudon
|turn|1
|
|-weather|none
|switch|p1a: Arceus|Arceus-Rock|100/100
|detailschange|p2a: Rayquaza|Rayquaza-Mega
|-mega|p2a: Rayquaza|Rayquaza|
|-weather|DeltaStream|[from] ability: Delta Stream|[of] p2a: Rayquaza
|move|p2a: Rayquaza|Dragon Ascent|p1a: Arceus
|-resisted|p1a: Arceus
|-damage|p1a: Arceus|72/100
|-unboost|p2a: Rayquaza|def|1
|-unboost|p2a: Rayquaza|spd|1
|
|-weather|DeltaStream|[upkeep]
|upkeep
|turn|2
|
|-weather|none
|switch|p2a: Tapu Bulu|Tapu Bulu|100/100
|-fieldstart|move: Grassy Terrain|[from] ability: Grassy Surge|[of] p2a: Tapu Bulu
|move|p1a: Arceus|Judgment|p2a: Tapu Bulu
|-damage|p2a: Tapu Bulu|54/100
|
|-heal|p1a: Arceus|78/100|[from] Grassy Terrain
|-heal|p2a: Tapu Bulu|60/100|[from] item: Leftovers
|-heal|p2a: Tapu Bulu|66/100|[from] Grassy Terrain
|upkeep
|turn|3
|
|switch|p1a: Zacian|Zacian-Crowned|100/100
|-ability|p1a: Zacian|Intrepid Sword|boost
|-boost|p1a: Zacian|atk|1
|move|p2a: Tapu Bulu|Toxic|p1a: Zacian
|-immune|p1a: Zacian
|
|-heal|p2a: Tapu Bulu|73/100|[from] item: Leftovers
|-heal|p2a: Tapu Bulu|79/100|[from] Grassy Terrain
|upkeep
|turn|4
|
|switch|p2a: Necrozma|Necrozma-Dusk-Mane|100/100
|move|p1a: Zacian|Behemoth Blade|p2a: Necrozma
|-resisted|p2a: Necrozma
|-damage|p2a: Necrozma|74/100
|-damage|p1a: Zacian|84/100|[from] item: Rocky Helmet|[of] p2a: Necrozma
|
|-heal|p1a: Zacian|90/100|[from] Grassy Terrain
|-heal|p2a: Necrozma|80/100|[from] Grassy Terrain
|upkeep
|turn|5
|
|switch|p1a: Groudon|Groudon-Primal|100/100
|-weather|DesolateLand|[from] ability: Desolate Land|[of] p1a: Groudon
|move|p2a: Necrozma|Dragon Dance|p2a: Necrozma
|-boost|p2a: Necrozma|atk|1
|-boost|p2a: Necrozma|spe|1
|
|-weather|DesolateLand|[upkeep]
|-heal|p2a: Necrozma|86/100|[from] Grassy Terrain
|upkeep
|turn|6
|
|switch|p2a: Rayquaza|Rayquaza-Mega|100/100
|-weather|DeltaStream|[from] ability: Delta Stream|[of] p2a: Rayquaza
|move|p1a: Groudon|Lava Plume|p2a: Rayquaza
|-resisted|p2a: Rayquaza
|-damage|p2a: Rayquaza|78/100
|-status|p2a: Rayquaza|brn
|
|-weather|DeltaStream|[upkeep]
|-fieldend|move: Grassy Terrain
|-damage|p2a: Rayquaza|72/100 brn|[from] brn
|upkeep
|turn|7
|
|switch|p1a: Arceus|Arceus-Rock|78/100
|move|p2a: Rayquaza|Draco Meteor|p1a: Arceus|[miss]
|-miss|p2a: Rayquaza|p1a: Arceus
|
|-weather|DeltaStream|[upkeep]
|-damage|p2a: Rayquaza|66/100 brn|[from] brn
|upkeep
|turn|8
|
|-weather|none
|switch|p2a: Tapu Bulu|Tapu Bulu|79/100
|-fieldstart|move: Grassy Terrain|[from] ability: Grassy Surge|[of] p2a: Tapu Bulu
|move|p1a: Arceus|Judgment|p2a: Tapu Bulu
|-damage|p2a: Tapu Bulu|35/100
|
|-heal|p1a: Arceus|85/100|[from] Grassy Terrain
|-heal|p2a: Tapu Bulu|41/100|[from] item: Leftovers
|-heal|p2a: Tapu Bulu|47/100|[from] Grassy Terrain
|upkeep
|turn|9
|
|-start|p1a: Arceus|Dynamax
|-heal|p1a: Arceus|85/100|[silent]
|move|p1a: Arceus|Max Rockfall|p2a: Tapu Bulu
|-damage|p2a: Tapu Bulu|0 fnt
|-weather|Sandstorm
|faint|p2a: Tapu Bulu
|
|-weather|Sandstorm|[upkeep]
|-heal|p1a: Arceus|88/100|[from] Grassy Terrain
|upkeep
|
|switch|p2a: Gliscor|Gliscor, M|100/100
|turn|10
|-message|IWSK forfeited.
|
|win|gfhhfghfg
|l|☆IWSK
||Ladder (probably) updated, but score could not be retrieved (Response not received).
