|j|☆lyblwt12345
|j|☆alt1445645
|t:|1666078907
|gametype|singles
|player|p1|lyblwt12345|cynthia-gen4|1664
|player|p2|alt1445645|lucas|1896
|teamsize|p1|6
|teamsize|p2|6
|gen|8
|tier|[Gen 8] National Dex AG
|rated|
|rule|HP Percentage Mod: HP is shown in percentages
|rule|Endless Battle Clause: Forcing endless battles is banned
|clearpoke
|poke|p1|Arceus-*|
|poke|p1|Zacian-*|
|poke|p1|Rayquaza|
|poke|p1|Kyogre|
|poke|p1|Marshadow|
|poke|p1|Ditto|
|poke|p2|Groudon|
|poke|p2|Rayquaza|
|poke|p2|Zygarde|
|poke|p2|Calyrex-Shadow|
|poke|p2|Arceus-*|
|poke|p2|Arceus-*|
|teampreview
|inactive|Battle timer is ON: inactive players will automatically lose when time's up. (requested by lyblwt12345)
|c|☆alt1445645|favorite rap song?
|
|t:|1666078938
|start
|switch|p1a: Zacian|Zacian-Crowned|100/100
|switch|p2a: the gwoat|Rayquaza|100/100
|-ability|p1a: Zacian|Intrepid Sword|boost
|-boost|p1a: Zacian|atk|1
|-ability|p2a: the gwoat|Air Lock
|turn|1
|
|t:|1666078948
|switch|p2a: Pyra|Groudon|100/100
|detailschange|p2a: Pyra|Groudon-Primal
|-primal|p2a: Pyra
|-weather|DesolateLand|[from] ability: Desolate Land|[of] p2a: Pyra
|move|p1a: Zacian|Behemoth Blade|p2a: Pyra
|-resisted|p2a: Pyra
|-damage|p2a: Pyra|79/100
|
|-weather|DesolateLand|[upkeep]
|upkeep
|turn|2
|
|t:|1666078957
|switch|p1a: Rayquaza|Rayquaza|100/100
|-ability|p1a: Rayquaza|Air Lock
|move|p2a: Pyra|Thunder Wave|p1a: Rayquaza
|-status|p1a: Rayquaza|par
|
|-weather|DesolateLand|[upkeep]
|upkeep
|turn|3
|
|t:|1666078967
|switch|p1a: Arceus|Arceus-Electric|100/100
|move|p2a: Pyra|Stealth Rock|p1a: Arceus
|-sidestart|p1: lyblwt12345|move: Stealth Rock
|
|-weather|DesolateLand|[upkeep]
|upkeep
|turn|4
|
|t:|1666078973
|-start|p1a: Arceus|Dynamax|
|-heal|p1a: Arceus|100/100|[silent]
|move|p1a: Arceus|Max Quake|p2a: Pyra
|-supereffective|p2a: Pyra
|-damage|p2a: Pyra|0 fnt
|-boost|p1a: Arceus|spd|1
|faint|p2a: Pyra
|-weather|none
|
|upkeep
|
|t:|1666078982
|switch|p2a: Arceus|Arceus-Fairy|100/100
|turn|5
|
|t:|1666078987
|-end|p1a: Arceus|Dynamax
|-heal|p1a: Arceus|100/100|[silent]
|switch|p1a: Zacian|Zacian-Crowned|100/100
|-damage|p1a: Zacian|94/100|[from] Stealth Rock
|-ability|p1a: Zacian|Intrepid Sword|boost
|-boost|p1a: Zacian|atk|1
|move|p2a: Arceus|Perish Song|p2a: Arceus
|-start|p1a: Zacian|perish3|[silent]
|-start|p2a: Arceus|perish3|[silent]
|-fieldactivate|move: Perish Song
|
|-start|p1a: Zacian|perish3
|-start|p2a: Arceus|perish3
|upkeep
|turn|6
|
|t:|1666078998
|switch|p2a: the goat|Zygarde, shiny|100/100
|move|p1a: Zacian|Behemoth Blade|p2a: the goat
|-damage|p2a: the goat|47/100
|
|-heal|p2a: the goat|54/100|[from] item: Leftovers
|-start|p1a: Zacian|perish2
|upkeep
|turn|7
|
|t:|1666079015
|switch|p1a: Kyogre|Kyogre|100/100
|-damage|p1a: Kyogre|88/100|[from] Stealth Rock
|detailschange|p1a: Kyogre|Kyogre-Primal
|-primal|p1a: Kyogre
|-weather|PrimordialSea|[from] ability: Primordial Sea|[of] p1a: Kyogre
|move|p2a: the goat|Glare|p1a: Kyogre
|-status|p1a: Kyogre|par
|
|-weather|PrimordialSea|[upkeep]
|-heal|p2a: the goat|60/100|[from] item: Leftovers
|upkeep
|turn|8
|
|t:|1666079025
|move|p2a: the goat|Substitute|p2a: the goat
|-start|p2a: the goat|Substitute
|-damage|p2a: the goat|35/100
|cant|p1a: Kyogre|par
|
|-weather|PrimordialSea|[upkeep]
|-heal|p2a: the goat|41/100|[from] item: Leftovers
|-activate|p2a: the goat|ability: Power Construct
|detailschange|p2a: the goat|Zygarde-Complete, shiny
|-heal|p2a: the goat|61/100|[silent]
|upkeep
|turn|9
|c|☆alt1445645|btw
|
|t:|1666079035
|move|p2a: the goat|Thousand Arrows|p1a: Kyogre
|-damage|p1a: Kyogre|68/100 par
|move|p1a: Kyogre|Scald|p2a: the goat
|-end|p2a: the goat|Substitute
|
|-weather|PrimordialSea|[upkeep]
|-heal|p2a: the goat|67/100|[from] item: Leftovers
|upkeep
|turn|10
|c|☆alt1445645|u wouldnt of happened to have counter lead me cause we played a bunch heh heh heh
|
|t:|1666079044
|switch|p2a: Arceus|Arceus-Fairy|100/100
|move|p1a: Kyogre|Scald|p2a: Arceus
|-damage|p2a: Arceus|63/100
|
|-weather|PrimordialSea|[upkeep]
|upkeep
|turn|11
|
|t:|1666079054
|switch|p2a: the gwoat|Rayquaza|100/100
|-ability|p2a: the gwoat|Air Lock
|-weather|none
|switch|p1a: Zacian|Zacian-Crowned|94/100
|-damage|p1a: Zacian|88/100|[from] Stealth Rock
|-ability|p1a: Zacian|Intrepid Sword|boost
|-boost|p1a: Zacian|atk|1
|
|upkeep
|turn|12
|
|t:|1666079063
|detailschange|p2a: the gwoat|Rayquaza-Mega
|-mega|p2a: the gwoat|Rayquaza|
|-weather|DeltaStream|[from] ability: Delta Stream|[of] p2a: the gwoat
|move|p1a: Zacian|Behemoth Blade|p2a: the gwoat
|-damage|p2a: the gwoat|6/100
|move|p2a: the gwoat|Earthquake|p1a: Zacian
|-supereffective|p1a: Zacian
|-damage|p1a: Zacian|0 fnt
|faint|p1a: Zacian
|-damage|p2a: the gwoat|0 fnt|[from] item: Life Orb
|faint|p2a: the gwoat
|-weather|none
|
|upkeep
|
|t:|1666079083
|switch|p1a: Arceus|Arceus-Electric|100/100
|switch|p2a: Arceus|Arceus-Fairy|63/100
|-damage|p1a: Arceus|88/100|[from] Stealth Rock
|turn|13
|
|t:|1666079088
|move|p1a: Arceus|Stealth Rock|p2a: Arceus
|-sidestart|p2: alt1445645|move: Stealth Rock
|move|p2a: Arceus|Whirlpool|p1a: Arceus
|-damage|p1a: Arceus|81/100
|-activate|p1a: Arceus|move: Whirlpool|[of] p2a: Arceus
|
|-damage|p1a: Arceus|68/100|[from] move: Whirlpool|[partiallytrapped]
|upkeep
|turn|14
|
|t:|1666079096
|move|p1a: Arceus|Judgment|p2a: Arceus
|-damage|p2a: Arceus|30/100
|move|p2a: Arceus|Perish Song|p2a: Arceus
|-start|p1a: Arceus|perish3|[silent]
|-start|p2a: Arceus|perish3|[silent]
|-fieldactivate|move: Perish Song
|
|-damage|p1a: Arceus|56/100|[from] move: Whirlpool|[partiallytrapped]
|-start|p1a: Arceus|perish3
|-start|p2a: Arceus|perish3
|upkeep
|turn|15
|
|t:|1666079106
|move|p1a: Arceus|Ice Beam|p2a: Arceus
|-damage|p2a: Arceus|14/100
|-status|p2a: Arceus|frz
|cant|p2a: Arceus|frz
|
|-damage|p1a: Arceus|44/100|[from] move: Whirlpool|[partiallytrapped]
|-start|p1a: Arceus|perish2
|-start|p2a: Arceus|perish2
|upkeep
|turn|16
|c|☆alt1445645|bruh
|c|☆alt1445645|my recover :((
|
|t:|1666079119
|move|p1a: Arceus|Judgment|p2a: Arceus
|-damage|p2a: Arceus|0 fnt
|faint|p2a: Arceus
|
|-end|p1a: Arceus|Whirlpool|[partiallytrapped]|[silent]
|-start|p1a: Arceus|perish1
|upkeep
|
|t:|1666079123
|switch|p2a: Calyrex|Calyrex-Shadow|100/100
|-ability|p2a: Calyrex|As One
|-ability|p2a: Calyrex|Unnerve
|-damage|p2a: Calyrex|88/100|[from] Stealth Rock
|turn|17
|
|t:|1666079131
|switch|p1a: Rayquaza|Rayquaza|100/100 par
|-damage|p1a: Rayquaza|75/100 par|[from] Stealth Rock
|-ability|p1a: Rayquaza|Air Lock
|move|p2a: Calyrex|Substitute|p2a: Calyrex
|-start|p2a: Calyrex|Substitute
|-damage|p2a: Calyrex|63/100
|
|-heal|p2a: Calyrex|70/100|[from] item: Leftovers
|upkeep
|turn|18
|
|t:|1666079153
|move|p2a: Calyrex|Leech Seed|p1a: Rayquaza
|-start|p1a: Rayquaza|move: Leech Seed
|cant|p1a: Rayquaza|par
|
|-heal|p2a: Calyrex|76/100|[from] item: Leftovers
|-damage|p1a: Rayquaza|63/100 par|[from] Leech Seed|[of] p2a: Calyrex
|-heal|p2a: Calyrex|89/100|[silent]
|upkeep
|turn|19
|
|t:|1666079160
|move|p2a: Calyrex|Astral Barrage|p1a: Rayquaza
|-damage|p1a: Rayquaza|0 fnt
|faint|p1a: Rayquaza
|-ability|p2a: Calyrex|Grim Neigh|boost
|-boost|p2a: Calyrex|spa|1
|
|-heal|p2a: Calyrex|95/100|[from] item: Leftovers
|upkeep
|
|t:|1666079169
|switch|p1a: Marshadow|Marshadow|100/100
|-damage|p1a: Marshadow|94/100|[from] Stealth Rock
|turn|20
|
|t:|1666079175
|move|p1a: Marshadow|Shadow Sneak|p2a: Calyrex
|-supereffective|p2a: Calyrex
|-end|p2a: Calyrex|Substitute
|-damage|p1a: Marshadow|84/100|[from] item: Life Orb
|move|p2a: Calyrex|Astral Barrage|p1a: Marshadow
|-supereffective|p1a: Marshadow
|-damage|p1a: Marshadow|0 fnt
|faint|p1a: Marshadow
|-ability|p2a: Calyrex|Grim Neigh|boost
|-boost|p2a: Calyrex|spa|1
|
|-heal|p2a: Calyrex|100/100|[from] item: Leftovers
|upkeep
|
|t:|1666079186
|switch|p1a: Ditto|Ditto|100/100
|-damage|p1a: Ditto|88/100|[from] Stealth Rock
|-transform|p1a: Ditto|p2a: Calyrex|[from] ability: Imposter
|turn|21
|
|t:|1666079197
|move|p1a: Ditto|Draining Kiss|p2a: Calyrex
|-damage|p2a: Calyrex|55/100
|-heal|p1a: Ditto|100/100|[from] drain|[of] p2a: Calyrex
|move|p2a: Calyrex|Astral Barrage|p1a: Ditto
|-supereffective|p1a: Ditto
|-damage|p1a: Ditto|0 fnt
|faint|p1a: Ditto
|-ability|p2a: Calyrex|Grim Neigh|boost
|-boost|p2a: Calyrex|spa|1
|
|-heal|p2a: Calyrex|62/100|[from] item: Leftovers
|upkeep
|c|☆alt1445645|u rly thought
|-message|lyblwt12345 forfeited.
|
|win|alt1445645
|raw|lyblwt12345's rating: 1664 &rarr; <strong>1656</strong><br />(-8 for losing)
|raw|alt1445645's rating: 1896 &rarr; <strong>1904</strong><br />(+8 for winning)
|l|☆lyblwt12345
