|j|☆Buck is stallish
|j|☆Ike745
|t:|1660945884
|gametype|singles
|player|p1|Buck is stallish|ethan-masters|1890
|player|p2|Ike745|blue|1820
|teamsize|p1|6
|teamsize|p2|6
|gen|8
|tier|[Gen 8] National Dex AG
|rated|
|rule|HP Percentage Mod: HP is shown in percentages
|rule|Endless Battle Clause: Forcing endless battles is banned
|clearpoke
|poke|p1|Kyogre|
|poke|p1|Chansey, F|
|poke|p1|Sableye, F|
|poke|p1|Lugia|
|poke|p1|Yveltal|
|poke|p1|Arceus-*|
|poke|p2|Rayquaza|
|poke|p2|Groudon|
|poke|p2|Arceus-*|
|poke|p2|Calyrex-Shadow|
|poke|p2|Yveltal|
|poke|p2|Necrozma-Dusk-Mane|
|teampreview
|inactive|Battle timer is ON: inactive players will automatically lose when time's up. (requested by Buck is stallish)
|
|t:|1660945895
|start
|switch|p1a: Pretty gem|Sableye, F|100/100
|switch|p2a: Groudon|Groudon, shiny|100/100
|detailschange|p2a: Groudon|Groudon-Primal, shiny
|-primal|p2a: Groudon
|-weather|DesolateLand|[from] ability: Desolate Land|[of] p2a: Groudon
|turn|1
|
|t:|1660945902
|detailschange|p1a: Pretty gem|Sableye-Mega, F
|-mega|p1a: Pretty gem|Sableye|Sablenite
|move|p1a: Pretty gem|Protect|p1a: Pretty gem
|-singleturn|p1a: Pretty gem|Protect
|move|p2a: Groudon|Fire Punch|p1a: Pretty gem
|-activate|p1a: Pretty gem|move: Protect
|
|-weather|DesolateLand|[upkeep]
|upkeep
|turn|2
|
|t:|1660945925
|switch|p1a: Fearless priest|Arceus-Ground|100/100
|move|p2a: Groudon|Fire Punch|p1a: Fearless priest
|-damage|p1a: Fearless priest|71/100
|
|-weather|DesolateLand|[upkeep]
|upkeep
|turn|3
|
|t:|1660945934
|-weather|none
|switch|p2a: Yveltal|Yveltal|100/100
|-ability|p2a: Yveltal|Dark Aura
|move|p1a: Fearless priest|Recover|p1a: Fearless priest
|-heal|p1a: Fearless priest|100/100
|
|upkeep
|turn|4
|
|t:|1660945940
|switch|p1a: Tough pink lady|Chansey, F|100/100
|-start|p2a: Yveltal|Dynamax|
|-heal|p2a: Yveltal|100/100|[silent]
|move|p2a: Yveltal|Max Airstream|p1a: Tough pink lady
|-damage|p1a: Tough pink lady|74/100
|-boost|p2a: Yveltal|spe|1
|-damage|p2a: Yveltal|96/100|[from] item: Life Orb
|
|upkeep
|turn|5
|
|t:|1660945944
|move|p2a: Yveltal|Max Darkness|p1a: Tough pink lady
|-damage|p1a: Tough pink lady|5/100
|-unboost|p1a: Tough pink lady|spd|1
|-damage|p2a: Yveltal|91/100|[from] item: Life Orb
|move|p1a: Tough pink lady|Soft-Boiled|p1a: Tough pink lady
|-heal|p1a: Tough pink lady|55/100
|
|upkeep
|turn|6
|
|t:|1660945961
|switch|p1a: Raven of death|Yveltal, shiny|100/100
|-ability|p1a: Raven of death|Dark Aura
|move|p2a: Yveltal|Max Darkness|p1a: Raven of death
|-resisted|p1a: Raven of death
|-damage|p1a: Raven of death|64/100
|-unboost|p1a: Raven of death|spd|1
|-damage|p2a: Yveltal|86/100|[from] item: Life Orb
|
|upkeep
|-end|p2a: Yveltal|Dynamax
|-heal|p2a: Yveltal|86/100|[silent]
|turn|7
|
|t:|1660945965
|switch|p1a: Tough pink lady|Chansey, F|55/100
|move|p2a: Yveltal|Oblivion Wing|p1a: Tough pink lady
|-damage|p1a: Tough pink lady|39/100
|-heal|p2a: Yveltal|100/100|[from] drain|[of] p1a: Tough pink lady
|-damage|p2a: Yveltal|91/100|[from] item: Life Orb
|
|upkeep
|turn|8
|
|t:|1660945968
|move|p2a: Yveltal|Dark Pulse|p1a: Tough pink lady
|-damage|p1a: Tough pink lady|18/100
|-damage|p2a: Yveltal|81/100|[from] item: Life Orb
|cant|p1a: Tough pink lady|flinch
|
|upkeep
|turn|9
|
|t:|1660945974
|move|p2a: Yveltal|Dark Pulse|p1a: Tough pink lady
|-damage|p1a: Tough pink lady|0 fnt
|faint|p1a: Tough pink lady
|-damage|p2a: Yveltal|71/100|[from] item: Life Orb
|
|upkeep
|
|t:|1660945975
|switch|p1a: Eternal storm|Kyogre|100/100
|-weather|RainDance|[from] ability: Drizzle|[of] p1a: Eternal storm
|turn|10
|
|t:|1660945982
|-start|p1a: Eternal storm|Dynamax|
|-heal|p1a: Eternal storm|100/100|[silent]
|move|p2a: Yveltal|Dark Pulse|p1a: Eternal storm
|-damage|p1a: Eternal storm|74/100
|-damage|p2a: Yveltal|61/100|[from] item: Life Orb
|move|p1a: Eternal storm|Max Hailstorm|p2a: Yveltal
|-supereffective|p2a: Yveltal
|-damage|p2a: Yveltal|0 fnt
|-weather|Hail
|faint|p2a: Yveltal
|
|-weather|Hail|[upkeep]
|-damage|p1a: Eternal storm|71/100|[from] Hail
|-heal|p1a: Eternal storm|74/100|[from] item: Leftovers
|upkeep
|
|t:|1660945990
|switch|p2a: Groudon|Groudon-Primal, shiny|100/100
|-weather|DesolateLand|[from] ability: Desolate Land|[of] p2a: Groudon
|turn|11
|
|t:|1660946000
|-end|p1a: Eternal storm|Dynamax
|-heal|p1a: Eternal storm|75/100|[silent]
|switch|p1a: Pretty gem|Sableye-Mega, F|100/100
|move|p2a: Groudon|Thunder Wave|p1a: Pretty gem
|move|p1a: Pretty gem|Thunder Wave|p2a: Groudon|[from]ability: Magic Bounce
|-immune|p2a: Groudon
|
|-weather|DesolateLand|[upkeep]
|upkeep
|turn|12
|
|t:|1660946006
|switch|p1a: Fearless priest|Arceus-Ground|100/100
|move|p2a: Groudon|Fire Punch|p1a: Fearless priest
|-damage|p1a: Fearless priest|69/100
|
|-weather|DesolateLand|[upkeep]
|upkeep
|turn|13
|
|t:|1660946019
|-weather|none
|switch|p2a: Arceus|Arceus, shiny|100/100
|move|p1a: Fearless priest|Recover|p1a: Fearless priest
|-heal|p1a: Fearless priest|100/100
|
|upkeep
|turn|14
|
|t:|1660946022
|move|p2a: Arceus|Swords Dance|p2a: Arceus
|-boost|p2a: Arceus|atk|2
|move|p1a: Fearless priest|Will-O-Wisp|p2a: Arceus
|-status|p2a: Arceus|brn
|
|-damage|p2a: Arceus|94/100 brn|[from] brn
|upkeep
|turn|15
|
|t:|1660946025
|move|p2a: Arceus|Swords Dance|p2a: Arceus
|-boost|p2a: Arceus|atk|2
|move|p1a: Fearless priest|Stealth Rock|p2a: Arceus
|-sidestart|p2: Ike745|move: Stealth Rock
|
|-damage|p2a: Arceus|88/100 brn|[from] brn
|upkeep
|turn|16
|
|t:|1660946028
|switch|p1a: Pretty gem|Sableye-Mega, F|100/100
|move|p2a: Arceus|Swords Dance|p2a: Arceus
|-boost|p2a: Arceus|atk|2
|
|-damage|p2a: Arceus|82/100 brn|[from] brn
|upkeep
|turn|17
|
|t:|1660946032
|move|p2a: Arceus|Defog|p1a: Pretty gem
|move|p1a: Pretty gem|Defog|p2a: Arceus|[from]ability: Magic Bounce
|-unboost|p2a: Arceus|evasion|1
|-sideend|p2: Ike745|Stealth Rock|[from] move: Defog|[of] p1a: Pretty gem
|move|p1a: Pretty gem|Foul Play|p2a: Arceus
|-damage|p2a: Arceus|0 fnt
|faint|p2a: Arceus
|
|upkeep
|
|t:|1660946042
|switch|p2a: Rayquaza|Rayquaza|100/100
|-ability|p2a: Rayquaza|Air Lock
|turn|18
|
|t:|1660946045
|switch|p1a: White phoenix|Lugia|100/100
|detailschange|p2a: Rayquaza|Rayquaza-Mega
|-mega|p2a: Rayquaza|Rayquaza|
|-weather|DeltaStream|[from] ability: Delta Stream|[of] p2a: Rayquaza
|move|p2a: Rayquaza|Dragon Dance|p2a: Rayquaza
|-boost|p2a: Rayquaza|atk|1
|-boost|p2a: Rayquaza|spe|1
|
|-weather|DeltaStream|[upkeep]
|upkeep
|turn|19
|
|t:|1660946050
|move|p2a: Rayquaza|Dragon Ascent|p1a: White phoenix
|-damage|p1a: White phoenix|71/100
|-unboost|p2a: Rayquaza|def|1
|-unboost|p2a: Rayquaza|spd|1
|move|p1a: White phoenix|Ice Beam|p2a: Rayquaza
|-activate||deltastream
|-supereffective|p2a: Rayquaza
|-damage|p2a: Rayquaza|51/100
|
|-weather|DeltaStream|[upkeep]
|-heal|p1a: White phoenix|77/100|[from] item: Leftovers
|upkeep
|turn|20
|
|t:|1660946056
|move|p2a: Rayquaza|Dragon Ascent|p1a: White phoenix
|-damage|p1a: White phoenix|11/100
|-unboost|p2a: Rayquaza|def|1
|-unboost|p2a: Rayquaza|spd|1
|move|p1a: White phoenix|Ice Beam|p2a: Rayquaza
|-activate||deltastream
|-supereffective|p2a: Rayquaza
|-damage|p2a: Rayquaza|0 fnt
|faint|p2a: Rayquaza
|-weather|none
|
|-heal|p1a: White phoenix|18/100|[from] item: Leftovers
|upkeep
|
|t:|1660946072
|switch|p2a: Calyrex|Calyrex-Shadow|100/100
|-ability|p2a: Calyrex|As One
|-ability|p2a: Calyrex|Unnerve
|turn|21
|j| kjnkjanwom1
|
|t:|1660946080
|switch|p1a: Raven of death|Yveltal, shiny|64/100
|-ability|p1a: Raven of death|Dark Aura
|move|p2a: Calyrex|Astral Barrage|p1a: Raven of death
|-resisted|p1a: Raven of death
|-damage|p1a: Raven of death|38/100
|
|upkeep
|turn|22
|
|t:|1660946091
|move|p1a: Raven of death|U-turn|p2a: Calyrex
|-damage|p2a: Calyrex|74/100
|
|t:|1660946099
|switch|p1a: White phoenix|Lugia|18/100|[from]move: U-turn
|move|p2a: Calyrex|Draining Kiss|p1a: White phoenix
|-damage|p1a: White phoenix|6/100
|-heal|p2a: Calyrex|84/100|[from] drain|[of] p1a: White phoenix
|
|-heal|p1a: White phoenix|12/100|[from] item: Leftovers
|upkeep
|turn|23
|
|t:|1660946105
|move|p2a: Calyrex|Astral Barrage|p1a: White phoenix
|-supereffective|p1a: White phoenix
|-damage|p1a: White phoenix|0 fnt
|faint|p1a: White phoenix
|-ability|p2a: Calyrex|Grim Neigh|boost
|-boost|p2a: Calyrex|spa|1
|
|upkeep
|
|t:|1660946106
|switch|p1a: Raven of death|Yveltal, shiny|38/100
|-ability|p1a: Raven of death|Dark Aura
|turn|24
|
|t:|1660946111
|move|p1a: Raven of death|Foul Play|p2a: Calyrex
|-supereffective|p2a: Calyrex
|-damage|p2a: Calyrex|0 fnt
|faint|p2a: Calyrex
|
|upkeep
|
|t:|1660946119
|switch|p2a: Groudon|Groudon-Primal, shiny|100/100
|-weather|DesolateLand|[from] ability: Desolate Land|[of] p2a: Groudon
|turn|25
|
|t:|1660946123
|move|p1a: Raven of death|Foul Play|p2a: Groudon
|-damage|p2a: Groudon|70/100
|move|p2a: Groudon|Fire Punch|p1a: Raven of death
|-damage|p1a: Raven of death|0 fnt
|faint|p1a: Raven of death
|
|-weather|DesolateLand|[upkeep]
|upkeep
|
|t:|1660946133
|switch|p1a: Fearless priest|Arceus-Ground|100/100
|turn|26
|
|t:|1660946139
|move|p1a: Fearless priest|Judgment|p2a: Groudon
|-supereffective|p2a: Groudon
|-damage|p2a: Groudon|0 fnt
|faint|p2a: Groudon
|-weather|none
|
|upkeep
|
|t:|1660946142
|switch|p2a: Necrozma|Necrozma-Dusk-Mane|100/100
|turn|27
|
|t:|1660946146
|detailschange|p2a: Necrozma|Necrozma-Ultra
|-burst|p2a: Necrozma|Necrozma|Ultranecrozium Z
|move|p2a: Necrozma|Dragon Dance|p2a: Necrozma
|-boost|p2a: Necrozma|atk|1
|-boost|p2a: Necrozma|spe|1
|move|p1a: Fearless priest|Will-O-Wisp|p2a: Necrozma
|-status|p2a: Necrozma|brn
|
|-damage|p2a: Necrozma|94/100 brn|[from] brn
|upkeep
|turn|28
|
|t:|1660946158
|move|p2a: Necrozma|Dragon Dance|p2a: Necrozma
|-boost|p2a: Necrozma|atk|1
|-boost|p2a: Necrozma|spe|1
|move|p1a: Fearless priest|Judgment|p2a: Necrozma
|-damage|p2a: Necrozma|51/100 brn
|
|-damage|p2a: Necrozma|45/100 brn|[from] brn
|upkeep
|turn|29
|
|t:|1660946175
|-zpower|p2a: Necrozma
|move|p2a: Necrozma|Light That Burns the Sky|p1a: Fearless priest|[zeffect]
|-damage|p1a: Fearless priest|29/100
|move|p1a: Fearless priest|Judgment|p2a: Necrozma
|-damage|p2a: Necrozma|0 fnt
|faint|p2a: Necrozma
|
|win|Buck is stallish
|raw|Buck is stallish's rating: 1890 &rarr; <strong>1906</strong><br />(+16 for winning)
|raw|Ike745's rating: 1820 &rarr; <strong>1804</strong><br />(-16 for losing)
