|j|☆Mobzaaz
|j|☆Kamikasero
|t:|1666784838
|gametype|singles
|player|p1|Mobzaaz|acetrainer|1573
|player|p2|Kamikasero|clerk|1597
|teamsize|p1|6
|teamsize|p2|6
|gen|8
|tier|[Gen 8] National Dex AG
|rated|
|rule|HP Percentage Mod: HP is shown in percentages
|rule|Endless Battle Clause: Forcing endless battles is banned
|clearpoke
|poke|p1|Cinderace, M|
|poke|p1|Corviknight, M|
|poke|p1|Urshifu-*, M|
|poke|p1|Grimmsnarl, M|
|poke|p1|Regieleki|
|poke|p1|Rayquaza|
|poke|p2|Melmetal|
|poke|p2|Hatterene, F|
|poke|p2|Melmetal|
|poke|p2|Hatterene, F|
|poke|p2|Melmetal|
|poke|p2|Hatterene, F|
|teampreview
|inactive|Battle timer is ON: inactive players will automatically lose when time's up. (requested by Kamikasero)
|
|t:|1666784844
|start
|switch|p1a: Cinderace|Cinderace, M|100/100
|switch|p2a: Hatterene|Hatterene, F|100/100
|turn|1
|
|t:|1666784850
|move|p1a: Cinderace|Gunk Shot|p2a: Hatterene
|-start|p1a: Cinderace|typechange|Poison|[from] ability: Libero
|-supereffective|p2a: Hatterene
|-enditem|p2a: Hatterene|Focus Sash
|-damage|p2a: Hatterene|1/100
|move|p2a: Hatterene|Trick Room|p2a: Hatterene
|-fieldstart|move: Trick Room|[of] p2a: Hatterene
|
|upkeep
|turn|2
|
|t:|1666784859
|move|p1a: Cinderace|Sucker Punch|p2a: Hatterene
|-start|p1a: Cinderace|typechange|Dark|[from] ability: Libero
|-damage|p2a: Hatterene|0 fnt
|faint|p2a: Hatterene
|
|upkeep
|
|t:|1666784861
|switch|p2a: Melmetal|Melmetal|100/100
|turn|3
|
|t:|1666784867
|switch|p1a: Corviknight|Corviknight, M, shiny|100/100
|move|p2a: Melmetal|Double Iron Bash|p1a: Corviknight
|-resisted|p1a: Corviknight
|-damage|p1a: Corviknight|79/100
|-damage|p2a: Melmetal|84/100|[from] item: Rocky Helmet|[of] p1a: Corviknight
|-resisted|p1a: Corviknight
|-damage|p1a: Corviknight|61/100
|-damage|p2a: Melmetal|67/100|[from] item: Rocky Helmet|[of] p1a: Corviknight
|-hitcount|p1a: Corviknight|2
|
|upkeep
|turn|4
|
|t:|1666784874
|-start|p2a: Melmetal|Dynamax|
|-heal|p2a: Melmetal|67/100|[silent]
|move|p2a: Melmetal|Max Knuckle|p1a: Corviknight
|-damage|p1a: Corviknight|39/100
|-boost|p2a: Melmetal|atk|1
|move|p1a: Corviknight|Roost|p1a: Corviknight
|-heal|p1a: Corviknight|89/100
|-singleturn|p1a: Corviknight|move: Roost
|
|upkeep
|turn|5
|
|t:|1666784879
|move|p2a: Melmetal|Max Lightning|p1a: Corviknight
|-supereffective|p1a: Corviknight
|-damage|p1a: Corviknight|0 fnt
|-fieldstart|move: Electric Terrain
|faint|p1a: Corviknight
|
|-fieldend|move: Trick Room
|upkeep
|
|t:|1666784883
|switch|p1a: Regieleki|Regieleki|100/100
|turn|6
|
|t:|1666784887
|move|p1a: Regieleki|Rising Voltage|p2a: Melmetal
|-hint|Rising Voltage's BP doubled on grounded target.
|-damage|p2a: Melmetal|0 fnt
|faint|p2a: Melmetal
|
|upkeep
|
|t:|1666784891
|switch|p2a: Hatterene|Hatterene, F|100/100
|turn|7
|
|t:|1666784893
|move|p1a: Regieleki|Rising Voltage|p2a: Hatterene
|-hint|Rising Voltage's BP doubled on grounded target.
|-enditem|p2a: Hatterene|Focus Sash
|-damage|p2a: Hatterene|1/100
|move|p2a: Hatterene|Trick Room|p2a: Hatterene
|-fieldstart|move: Trick Room|[of] p2a: Hatterene
|
|upkeep
|turn|8
|
|t:|1666784900
|switch|p1a: Grimmsnarl|Grimmsnarl, M|100/100
|move|p2a: Hatterene|Misty Explosion|p1a: Grimmsnarl
|-supereffective|p1a: Grimmsnarl
|-damage|p1a: Grimmsnarl|19/100
|faint|p2a: Hatterene
|
|upkeep
|
|t:|1666784903
|switch|p2a: Melmetal|Melmetal|100/100
|turn|9
|
|t:|1666784907
|move|p1a: Grimmsnarl|Reflect|p1a: Grimmsnarl
|-sidestart|p1: Mobzaaz|Reflect
|move|p2a: Melmetal|Double Iron Bash|p1a: Grimmsnarl
|-supereffective|p1a: Grimmsnarl
|-damage|p1a: Grimmsnarl|0 fnt
|faint|p1a: Grimmsnarl
|-hitcount|p1: Grimmsnarl|1
|
|-fieldend|move: Electric Terrain
|upkeep
|
|t:|1666784914
|switch|p1a: Rayquaza|Rayquaza|100/100
|-ability|p1a: Rayquaza|Air Lock
|turn|10
|
|t:|1666784917
|detailschange|p1a: Rayquaza|Rayquaza-Mega
|-mega|p1a: Rayquaza|Rayquaza|
|-weather|DeltaStream|[from] ability: Delta Stream|[of] p1a: Rayquaza
|move|p2a: Melmetal|Double Iron Bash|p1a: Rayquaza
|-damage|p1a: Rayquaza|70/100
|-damage|p1a: Rayquaza|39/100
|-hitcount|p1a: Rayquaza|2
|move|p1a: Rayquaza|Dragon Dance|p1a: Rayquaza
|-boost|p1a: Rayquaza|atk|1
|-boost|p1a: Rayquaza|spe|1
|
|-weather|DeltaStream|[upkeep]
|upkeep
|turn|11
|
|t:|1666784925
|move|p1a: Rayquaza|Extreme Speed|p2a: Melmetal
|-resisted|p2a: Melmetal
|-damage|p2a: Melmetal|82/100
|-damage|p1a: Rayquaza|29/100|[from] item: Life Orb
|move|p2a: Melmetal|Double Iron Bash|p1a: Rayquaza
|-damage|p1a: Rayquaza|0 fnt
|faint|p1a: Rayquaza
|-weather|none
|-hitcount|p1: Rayquaza|1
|
|-fieldend|move: Trick Room
|upkeep
|
|t:|1666784931
|switch|p1a: Cinderace|Cinderace, M|100/100
|turn|12
|
|t:|1666784934
|move|p1a: Cinderace|Pyro Ball|p2a: Melmetal
|-supereffective|p2a: Melmetal
|-damage|p2a: Melmetal|21/100
|move|p2a: Melmetal|Double Iron Bash|p1a: Cinderace
|-resisted|p1a: Cinderace
|-damage|p1a: Cinderace|76/100
|-resisted|p1a: Cinderace
|-damage|p1a: Cinderace|50/100
|-hitcount|p1a: Cinderace|2
|
|upkeep
|turn|13
|
|t:|1666784941
|move|p1a: Cinderace|Pyro Ball|p2a: Melmetal
|-supereffective|p2a: Melmetal
|-damage|p2a: Melmetal|0 fnt
|faint|p2a: Melmetal
|
|upkeep
|
|t:|1666784944
|switch|p2a: Hatterene|Hatterene, F|100/100
|turn|14
|
|t:|1666784948
|move|p1a: Cinderace|Gunk Shot|p2a: Hatterene
|-start|p1a: Cinderace|typechange|Poison|[from] ability: Libero
|-supereffective|p2a: Hatterene
|-enditem|p2a: Hatterene|Focus Sash
|-damage|p2a: Hatterene|1/100
|-status|p2a: Hatterene|psn
|move|p2a: Hatterene|Trick Room|p2a: Hatterene
|-fieldstart|move: Trick Room|[of] p2a: Hatterene
|
|-damage|p2a: Hatterene|0 fnt|[from] psn
|faint|p2a: Hatterene
|upkeep
|
|t:|1666784952
|switch|p2a: Melmetal|Melmetal, shiny|100/100
|turn|15
|
|t:|1666784959
|move|p2a: Melmetal|Double Iron Bash|p1a: Cinderace
|-damage|p1a: Cinderace|1/100
|-damage|p1a: Cinderace|0 fnt
|faint|p1a: Cinderace
|-hitcount|p1: Cinderace|2
|
|upkeep
|
|t:|1666784963
|switch|p1a: Urshifu|Urshifu-Rapid-Strike, M|100/100
|turn|16
|
|t:|1666784968
|move|p2a: Melmetal|Double Iron Bash|p1a: Urshifu
|-resisted|p1a: Urshifu
|-damage|p1a: Urshifu|84/100
|-resisted|p1a: Urshifu
|-damage|p1a: Urshifu|68/100
|-hitcount|p1a: Urshifu|2
|cant|p1a: Urshifu|flinch
|
|-sideend|p1: Mobzaaz|Reflect
|upkeep
|turn|17
|l|☆Mobzaaz
|inactive|Mobzaaz disconnected and has a minute to reconnect!
|player|p1|
|j|☆Mobzaaz
|inactive|Mobzaaz reconnected and has 115 seconds left.
|player|p1|Mobzaaz|acetrainer
|
|t:|1666785011
|move|p2a: Melmetal|Double Iron Bash|p1a: Urshifu
|-resisted|p1a: Urshifu
|-damage|p1a: Urshifu|37/100
|-resisted|p1a: Urshifu
|-damage|p1a: Urshifu|6/100
|-hitcount|p1a: Urshifu|2
|cant|p1a: Urshifu|flinch
|
|upkeep
|turn|18
|
|t:|1666785017
|move|p2a: Melmetal|Double Iron Bash|p1a: Urshifu
|-resisted|p1a: Urshifu
|-damage|p1a: Urshifu|0 fnt
|faint|p1a: Urshifu
|-hitcount|p1: Urshifu|1
|
|-fieldend|move: Trick Room
|upkeep
|
|t:|1666785019
|switch|p1a: Regieleki|Regieleki|100/100
|turn|19
|
|t:|1666785021
|-start|p1a: Regieleki|Dynamax|
|-heal|p1a: Regieleki|100/100|[silent]
|move|p1a: Regieleki|Max Lightning|p2a: Melmetal
|-damage|p2a: Melmetal|5/100
|-fieldstart|move: Electric Terrain
|move|p2a: Melmetal|Double Iron Bash|p1a: Regieleki
|-resisted|p1a: Regieleki
|-damage|p1a: Regieleki|67/100
|-resisted|p1a: Regieleki
|-damage|p1a: Regieleki|36/100
|-hitcount|p1a: Regieleki|2
|
|upkeep
|turn|20
|
|t:|1666785028
|move|p1a: Regieleki|Max Lightning|p2a: Melmetal
|-damage|p2a: Melmetal|0 fnt
|faint|p2a: Melmetal
|
|win|Mobzaaz
|raw|Mobzaaz's rating: 1573 &rarr; <strong>1594</strong><br />(+21 for winning)
|raw|Kamikasero's rating: 1597 &rarr; <strong>1576</strong><br />(-21 for losing)
|c|☆Kamikasero|K
|l|☆Kamikasero
|l|☆Mobzaaz
|j|☆Mobzaaz
|player|p1|Mobzaaz|acetrainer
||Ladder isn't responding, score probably updated but might not have (Request timeout).
|l|☆Mobzaaz
|player|p1|
