|j|☆Dominator296
|j|☆Pls No Ditto T-T
|t:|1649072586
|gametype|singles
|player|p1|Dominator296|alder|1810
|player|p2|Pls No Ditto T-T|schoolkid-gen4dp|1707
|teamsize|p1|6
|teamsize|p2|6
|gen|8
|tier|[Gen 8] National Dex AG
|rated|
|rule|HP Percentage Mod: HP is shown in percentages
|rule|Endless Battle Clause: Forcing endless battles is banned
|clearpoke
|poke|p1|Kyogre|
|poke|p1|Groudon|
|poke|p1|Ho-Oh|
|poke|p1|Necrozma-Dusk-Mane|
|poke|p1|Arceus-*|
|poke|p1|Arceus-*|
|poke|p2|Bewear, M|
|poke|p2|Sableye, M|
|poke|p2|Calyrex-Shadow|
|poke|p2|Eevee, F|
|poke|p2|Slurpuff, M|
|poke|p2|Yveltal|
|teampreview
|inactive|Battle timer is ON: inactive players will automatically lose when time's up. (requested by Pls No Ditto T-T)
|
|t:|1649072597
|start
|switch|p1a: Kyogre|Kyogre|100/100
|switch|p2a: Slurpuff|Slurpuff, M|100/100
|-weather|RainDance|[from] ability: Drizzle|[of] p1a: Kyogre
|turn|1
|j| ParanoidK1D
|
|t:|1649072602
|move|p1a: Kyogre|Water Spout|p2a: Slurpuff
|-enditem|p2a: Slurpuff|Focus Sash
|-damage|p2a: Slurpuff|1/100
|move|p2a: Slurpuff|Sticky Web|p1a: Kyogre
|-sidestart|p1: Dominator296|move: Sticky Web
|
|-weather|RainDance|[upkeep]
|upkeep
|turn|2
|
|t:|1649072616
|switch|p1a: Groudon|Groudon|100/100
|-activate|p1a: Groudon|move: Sticky Web
|-unboost|p1a: Groudon|spe|1
|detailschange|p1a: Groudon|Groudon-Primal
|-primal|p1a: Groudon
|-weather|DesolateLand|[from] ability: Desolate Land|[of] p1a: Groudon
|move|p2a: Slurpuff|Endeavor|p1a: Groudon
|-damage|p1a: Groudon|1/100
|
|-weather|DesolateLand|[upkeep]
|upkeep
|turn|3
|
|t:|1649072620
|move|p2a: Slurpuff|Magic Coat|p2a: Slurpuff
|-singleturn|p2a: Slurpuff|move: Magic Coat
|move|p1a: Groudon|Fire Punch|p2a: Slurpuff
|-damage|p2a: Slurpuff|0 fnt
|faint|p2a: Slurpuff
|
|-weather|DesolateLand|[upkeep]
|upkeep
|
|t:|1649072625
|switch|p2a: Sableye|Sableye, M|100/100
|turn|4
|
|t:|1649072637
|move|p2a: Sableye|Taunt|p1a: Groudon
|-start|p1a: Groudon|move: Taunt
|move|p1a: Groudon|Fire Punch|p2a: Sableye
|-enditem|p2a: Sableye|Focus Sash
|-damage|p2a: Sableye|1/100
|
|-weather|DesolateLand|[upkeep]
|upkeep
|turn|5
|
|t:|1649072640
|move|p2a: Sableye|Gravity|p2a: Sableye
|-fieldstart|move: Gravity
|move|p1a: Groudon|Fire Punch|p2a: Sableye
|-damage|p2a: Sableye|0 fnt
|faint|p2a: Sableye
|
|-weather|DesolateLand|[upkeep]
|upkeep
|
|t:|1649072642
|switch|p2a: Eevee|Eevee, F|100/100
|turn|6
|
|t:|1649072646
|move|p2a: Eevee|Sing|p1a: Groudon
|-status|p1a: Groudon|slp|[from] move: Sing
|cant|p1a: Groudon|slp
|
|-weather|DesolateLand|[upkeep]
|-end|p1a: Groudon|move: Taunt
|upkeep
|turn|7
|
|t:|1649072652
|move|p2a: Eevee|Substitute|p2a: Eevee
|-start|p2a: Eevee|Substitute
|-damage|p2a: Eevee|76/100
|cant|p1a: Groudon|slp
|
|-weather|DesolateLand|[upkeep]
|upkeep
|turn|8
|
|t:|1649072654
|-zpower|p2a: Eevee
|move|p2a: Eevee|Extreme Evoboost|p2a: Eevee
|-boost|p2a: Eevee|atk|2
|-boost|p2a: Eevee|def|2
|-boost|p2a: Eevee|spa|2
|-boost|p2a: Eevee|spd|2
|-boost|p2a: Eevee|spe|2
|-curestatus|p1a: Groudon|slp|[msg]
|move|p1a: Groudon|Fire Punch|p2a: Eevee
|-end|p2a: Eevee|Substitute
|
|-weather|DesolateLand|[upkeep]
|upkeep
|turn|9
|
|t:|1649072658
|move|p2a: Eevee|Sing|p1a: Groudon
|-status|p1a: Groudon|slp|[from] move: Sing
|cant|p1a: Groudon|slp
|
|-weather|DesolateLand|[upkeep]
|-fieldend|move: Gravity
|upkeep
|turn|10
|
|t:|1649072669
|move|p2a: Eevee|Substitute|p2a: Eevee
|-start|p2a: Eevee|Substitute
|-damage|p2a: Eevee|51/100
|cant|p1a: Groudon|slp
|
|-weather|DesolateLand|[upkeep]
|upkeep
|turn|11
|
|t:|1649072672
|move|p2a: Eevee|Baton Pass|p2a: Eevee
|
|t:|1649072674
|switch|p2a: Bewear|Bewear, M, shiny|100/100|[from]move: Baton Pass
|cant|p1a: Groudon|slp
|
|-weather|DesolateLand|[upkeep]
|upkeep
|turn|12
|
|t:|1649072678
|move|p2a: Bewear|Drain Punch|p1a: Groudon
|-damage|p1a: Groudon|0 fnt
|faint|p1a: Groudon
|-weather|none
|-damage|p2a: Bewear|91/100|[from] item: Life Orb
|
|upkeep
|
|t:|1649072686
|switch|p1a: Ho-Oh|Ho-Oh, shiny|100/100
|turn|13
|
|t:|1649072695
|move|p2a: Bewear|Rock Slide|p1a: Ho-Oh
|-supereffective|p1a: Ho-Oh
|-damage|p1a: Ho-Oh|0 fnt
|faint|p1a: Ho-Oh
|-damage|p2a: Bewear|81/100|[from] item: Life Orb
|
|upkeep
|
|t:|1649072703
|switch|p1a: Necrozma|Necrozma-Dusk-Mane|100/100
|-activate|p1a: Necrozma|move: Sticky Web
|-unboost|p1a: Necrozma|spe|1
|turn|14
|
|t:|1649072709
|detailschange|p1a: Necrozma|Necrozma-Ultra
|-burst|p1a: Necrozma|Necrozma|Ultranecrozium Z
|move|p2a: Bewear|Drain Punch|p1a: Necrozma
|-resisted|p1a: Necrozma
|-damage|p1a: Necrozma|55/100
|-heal|p2a: Bewear|100/100|[from] drain|[of] p1a: Necrozma
|-damage|p2a: Bewear|91/100|[from] item: Life Orb
|move|p1a: Necrozma|Photon Geyser|p2a: Bewear
|-supereffective|p2a: Bewear
|-end|p2a: Bewear|Substitute
|
|upkeep
|turn|15
|
|t:|1649072716
|move|p2a: Bewear|Frustration|p1a: Necrozma
|-damage|p1a: Necrozma|0 fnt
|faint|p1a: Necrozma
|-damage|p2a: Bewear|81/100|[from] item: Life Orb
|
|upkeep
|
|t:|1649072723
|switch|p1a: Arceus|Arceus-Flying|100/100
|turn|16
|
|t:|1649072729
|-start|p2a: Bewear|Dynamax|
|-heal|p2a: Bewear|81/100|[silent]
|-start|p1a: Arceus|Dynamax|
|-heal|p1a: Arceus|100/100|[silent]
|move|p2a: Bewear|Max Strike|p1a: Arceus
|-damage|p1a: Arceus|61/100
|-unboost|p1a: Arceus|spe|1
|-damage|p2a: Bewear|76/100|[from] item: Life Orb
|move|p1a: Arceus|Max Airstream|p2a: Bewear
|-supereffective|p2a: Bewear
|-damage|p2a: Bewear|34/100
|-boost|p1a: Arceus|spe|1
|
|upkeep
|turn|17
|
|t:|1649072738
|move|p2a: Bewear|Max Rockfall|p1a: Arceus
|-supereffective|p1a: Arceus
|-crit|p1a: Arceus
|-damage|p1a: Arceus|0 fnt
|-weather|Sandstorm
|faint|p1a: Arceus
|-damage|p2a: Bewear|29/100|[from] item: Life Orb
|
|-weather|Sandstorm|[upkeep]
|-damage|p2a: Bewear|26/100|[from] Sandstorm
|upkeep
|
|t:|1649072747
|switch|p1a: Arceus|Arceus, shiny|100/100
|-activate|p1a: Arceus|move: Sticky Web
|-unboost|p1a: Arceus|spe|1
|turn|18
|
|t:|1649072756
|move|p1a: Arceus|Extreme Speed|p2a: Bewear
|-damage|p2a: Bewear|19/100
|move|p2a: Bewear|Max Knuckle|p1a: Arceus
|-supereffective|p1a: Arceus
|-crit|p1a: Arceus
|-damage|p1a: Arceus|0 fnt
|-boost|p2a: Bewear|atk|1
|faint|p1a: Arceus
|-damage|p2a: Bewear|14/100|[from] item: Life Orb
|
|-weather|Sandstorm|[upkeep]
|-damage|p2a: Bewear|11/100|[from] Sandstorm
|-end|p2a: Bewear|Dynamax
|-heal|p2a: Bewear|11/100|[silent]
|upkeep
|-message|Dominator296 forfeited.
|
|win|Pls No Ditto T-T
|raw|Dominator296's rating: 1810 &rarr; <strong>1784</strong><br />(-26 for losing)
|raw|Pls No Ditto T-T's rating: 1707 &rarr; <strong>1733</strong><br />(+26 for winning)
|l|☆Dominator296
||Ladder isn't responding, score probably updated but might not have (Request timeout).
|l| ParanoidK1D
