|j|☆koidex1
|j|☆JAY100064
|t:|1618453283
|gametype|singles
|player|p1|koidex1|lady|1053
|player|p2|JAY100064|169|1050
|teamsize|p1|2
|teamsize|p2|6
|gen|8
|tier|[Gen 8] National Dex AG
|rated|
|clearpoke
|poke|p1|Uxie|
|poke|p1|Blaziken, M|
|poke|p2|Metagross|
|poke|p2|Garchomp, M|
|poke|p2|Forretress, M|
|poke|p2|Volcarona, F|
|poke|p2|Braviary, M|
|poke|p2|Eelektross, F|
|rule|HP Percentage Mod: HP is shown in percentages
|rule|Endless Battle Clause: Forcing endless battles is banned
|teampreview
|inactive|Battle timer is ON: inactive players will automatically lose when time's up. (requested by koidex1)
|
|t:|1618453294
|start
|switch|p1a: Uxie|Uxie|100/100
|switch|p2a: Volcarona|Volcarona, F, shiny|100/100
|turn|1
|
|t:|1618453304
|move|p2a: Volcarona|Bug Buzz|p1a: Uxie
|-supereffective|p1a: Uxie
|-damage|p1a: Uxie|54/100
|move|p1a: Uxie|Yawn|p2a: Volcarona
|-start|p2a: Volcarona|move: Yawn|[of] p1a: Uxie
|
|upkeep
|turn|2
|
|t:|1618453310
|move|p2a: Volcarona|Bug Buzz|p1a: Uxie
|-supereffective|p1a: Uxie
|-damage|p1a: Uxie|6/100
|move|p1a: Uxie|Stealth Rock|p2a: Volcarona
|-sidestart|p2: JAY100064|move: Stealth Rock
|
|-end|p2a: Volcarona|move: Yawn|[silent]
|-status|p2a: Volcarona|slp
|upkeep
|turn|3
|
|t:|1618453317
|cant|p2a: Volcarona|slp
|move|p1a: Uxie|Memento|p2a: Volcarona
|-unboost|p2a: Volcarona|atk|2
|-unboost|p2a: Volcarona|spa|2
|faint|p1a: Uxie
|
|upkeep
|
|t:|1618453323
|switch|p1a: Blaziken|Blaziken, M|100/100
|turn|4
|
|t:|1618453328
|switch|p2a: Eelektross|Eelektross, F, shiny|100/100
|-damage|p2a: Eelektross|88/100|[from] Stealth Rock
|move|p1a: Blaziken|Swords Dance|p1a: Blaziken
|-boost|p1a: Blaziken|atk|2
|
|-ability|p1a: Blaziken|Speed Boost|boost
|-boost|p1a: Blaziken|spe|1
|upkeep
|turn|5
|
|t:|1618453340
|switch|p2a: Garchomp|Garchomp, M, shiny|100/100
|-damage|p2a: Garchomp|94/100|[from] Stealth Rock
|detailschange|p1a: Blaziken|Blaziken-Mega, M
|-mega|p1a: Blaziken|Blaziken|Blazikenite
|move|p1a: Blaziken|Close Combat|p2a: Garchomp
|-damage|p2a: Garchomp|0 fnt
|-unboost|p1a: Blaziken|def|1
|-unboost|p1a: Blaziken|spd|1
|-damage|p1a: Blaziken|88/100|[from] ability: Rough Skin|[of] p2a: Garchomp
|faint|p2a: Garchomp
|
|-ability|p1a: Blaziken|Speed Boost|boost
|-boost|p1a: Blaziken|spe|1
|upkeep
|
|t:|1618453365
|switch|p2a: Braviary|Braviary, M, shiny|100/100
|-damage|p2a: Braviary|76/100|[from] Stealth Rock
|turn|6
|
|t:|1618453369
|move|p1a: Blaziken|Thunder Punch|p2a: Braviary
|-supereffective|p2a: Braviary
|-damage|p2a: Braviary|0 fnt
|faint|p2a: Braviary
|
|-ability|p1a: Blaziken|Speed Boost|boost
|-boost|p1a: Blaziken|spe|1
|upkeep
|
|t:|1618453377
|switch|p2a: Metagross|Metagross, shiny|100/100
|-damage|p2a: Metagross|95/100|[from] Stealth Rock
|turn|7
|
|t:|1618453393
|detailschange|p2a: Metagross|Metagross-Mega, shiny
|-mega|p2a: Metagross|Metagross|Metagrossite
|move|p1a: Blaziken|Fire Punch|p2a: Metagross
|-supereffective|p2a: Metagross
|-damage|p2a: Metagross|0 fnt
|faint|p2a: Metagross
|
|-ability|p1a: Blaziken|Speed Boost|boost
|-boost|p1a: Blaziken|spe|1
|upkeep
|
|t:|1618453402
|switch|p2a: Volcarona|Volcarona, F, shiny|100/100 slp
|-damage|p2a: Volcarona|51/100 slp|[from] Stealth Rock
|turn|8
|
|t:|1618453409
|move|p1a: Blaziken|Close Combat|p2a: Volcarona
|-resisted|p2a: Volcarona
|-damage|p2a: Volcarona|0 fnt
|-unboost|p1a: Blaziken|def|1
|-unboost|p1a: Blaziken|spd|1
|faint|p2a: Volcarona
|
|-ability|p1a: Blaziken|Speed Boost|boost
|-boost|p1a: Blaziken|spe|1
|upkeep
|
|t:|1618453418
|switch|p2a: Eelektross|Eelektross, F, shiny|88/100
|-damage|p2a: Eelektross|76/100|[from] Stealth Rock
|turn|9
|
|t:|1618453424
|-start|p2a: Eelektross|Dynamax
|-heal|p2a: Eelektross|76/100|[silent]
|move|p1a: Blaziken|Close Combat|p2a: Eelektross
|-damage|p2a: Eelektross|0 fnt
|-unboost|p1a: Blaziken|def|1
|-unboost|p1a: Blaziken|spd|1
|faint|p2a: Eelektross
|
|-ability|p1a: Blaziken|Speed Boost|boost
|-boost|p1a: Blaziken|spe|1
|upkeep
|-message|JAY100064 forfeited.
|
|win|koidex1
|raw|koidex1's rating: 1053 &rarr; <strong>1085</strong><br />(+32 for winning)
|raw|JAY100064's rating: 1050 &rarr; <strong>1033</strong><br />(-17 for losing)
|l|☆JAY100064
