|j|☆Makiharo
|j|☆Loading0987
|inactive|Battle timer is ON: inactive players will automatically lose when time's up.
|t:|1666368794
|gametype|singles
|player|p1|Makiharo|ash-kalos|
|player|p2|Loading0987|102|
|teamsize|p1|6
|teamsize|p2|6
|gen|8
|tier|[Gen 8] National Dex AG
|rated|Tournament battle
|rule|HP Percentage Mod: HP is shown in percentages
|rule|Endless Battle Clause: Forcing endless battles is banned
|clearpoke
|poke|p1|Lucario, M|
|poke|p1|Greninja, M|
|poke|p1|Galvantula, F|
|poke|p1|Excadrill, F|
|poke|p1|Blaziken, M|
|poke|p1|Swellow, M|
|poke|p2|Ferrothorn, M|
|poke|p2|Toxapex, F|
|poke|p2|Gothitelle, M|
|poke|p2|Blissey, F|
|poke|p2|Sableye, F|
|poke|p2|Skarmory, F|
|teampreview
|inactive|Makiharo also wants the timer to be on.
|j| TaxFraud094
|j| Wrathoftheleopard
|
|t:|1666368818
|start
|switch|p1a: Blaziken|Blaziken, M|100/100
|switch|p2a: Sableye|Sableye, F|100/100
|turn|1
|
|t:|1666368829
|detailschange|p2a: Sableye|Sableye-Mega, F
|-mega|p2a: Sableye|Sableye|Sablenite
|move|p2a: Sableye|Fake Out|p1a: Blaziken
|-damage|p1a: Blaziken|88/100
|cant|p1a: Blaziken|flinch
|
|-ability|p1a: Blaziken|Speed Boost|boost
|-boost|p1a: Blaziken|spe|1
|upkeep
|turn|2
|
|t:|1666368838
|switch|p2a: Toxapex|Toxapex, F|100/100
|move|p1a: Blaziken|Thunder Punch|p2a: Toxapex
|-supereffective|p2a: Toxapex
|-damage|p2a: Toxapex|64/100
|-damage|p1a: Blaziken|78/100|[from] item: Life Orb
|
|-heal|p2a: Toxapex|70/100|[from] item: Black Sludge
|-ability|p1a: Blaziken|Speed Boost|boost
|-boost|p1a: Blaziken|spe|1
|upkeep
|turn|3
|
|t:|1666368847
|switch|p1a: Excadrill|Excadrill, F|100/100
|-ability|p1a: Excadrill|Mold Breaker
|move|p2a: Toxapex|Haze|p2a: Toxapex
|-clearallboost
|
|-heal|p2a: Toxapex|76/100|[from] item: Black Sludge
|upkeep
|turn|4
|
|t:|1666368851
|switch|p2a: Skarmory|Skarmory, F|100/100
|move|p1a: Excadrill|Stealth Rock|p2a: Skarmory
|-sidestart|p2: Loading0987|move: Stealth Rock
|
|upkeep
|turn|5
|
|t:|1666368860
|switch|p1a: Galvantula|Galvantula, F|100/100
|move|p2a: Skarmory|Counter||[still]
|-fail|p2a: Skarmory
|
|upkeep
|turn|6
|
|t:|1666368864
|switch|p2a: Blissey|Blissey, F|100/100
|-damage|p2a: Blissey|88/100|[from] Stealth Rock
|move|p1a: Galvantula|Thunder|p2a: Blissey
|-damage|p2a: Blissey|73/100
|
|upkeep
|turn|7
|
|t:|1666368877
|move|p1a: Galvantula|Thunder|p2a: Blissey
|-damage|p2a: Blissey|58/100
|-status|p2a: Blissey|par
|cant|p2a: Blissey|par
|
|upkeep
|turn|8
|
|t:|1666368883
|switch|p1a: Excadrill|Excadrill, F|100/100
|-ability|p1a: Excadrill|Mold Breaker
|move|p2a: Blissey|Soft-Boiled|p2a: Blissey
|-heal|p2a: Blissey|100/100 par
|
|upkeep
|turn|9
|j| Celestia74
|
|t:|1666368895
|-curestatus|p2a: Blissey|par|[from] ability: Natural Cure
|switch|p2a: Skarmory|Skarmory, F|100/100
|-damage|p2a: Skarmory|88/100|[from] Stealth Rock
|move|p1a: Excadrill|Stealth Rock||[still]
|-fail|p1a: Excadrill
|
|upkeep
|turn|10
|
|t:|1666368903
|switch|p1a: Blaziken|Blaziken, M|78/100
|move|p2a: Skarmory|Defog|p1a: Blaziken
|-unboost|p1a: Blaziken|evasion|1
|-sideend|p2: Loading0987|Stealth Rock|[from] move: Defog|[of] p2a: Skarmory
|
|upkeep
|turn|11
|
|t:|1666368908
|switch|p1a: Galvantula|Galvantula, F|100/100
|switch|p2a: Toxapex|Toxapex, F|100/100
|
|upkeep
|turn|12
|l| TaxFraud094
|
|t:|1666368914
|switch|p1a: Blaziken|Blaziken, M|78/100
|switch|p2a: Blissey|Blissey, F|100/100
|
|upkeep
|turn|13
|
|t:|1666368921
|switch|p2a: Toxapex|Toxapex, F|100/100
|move|p1a: Blaziken|Flare Blitz|p2a: Toxapex
|-resisted|p2a: Toxapex
|-damage|p2a: Toxapex|79/100
|-damage|p1a: Blaziken|71/100|[from] Recoil
|-damage|p1a: Blaziken|61/100|[from] item: Life Orb
|
|-heal|p2a: Toxapex|85/100|[from] item: Black Sludge
|-ability|p1a: Blaziken|Speed Boost|boost
|-boost|p1a: Blaziken|spe|1
|upkeep
|turn|14
|
|t:|1666368929
|move|p1a: Blaziken|Thunder Punch|p2a: Toxapex
|-supereffective|p2a: Toxapex
|-damage|p2a: Toxapex|47/100
|-damage|p1a: Blaziken|51/100|[from] item: Life Orb
|move|p2a: Toxapex|Scald|p1a: Blaziken
|-supereffective|p1a: Blaziken
|-damage|p1a: Blaziken|0 fnt
|faint|p1a: Blaziken
|
|-heal|p2a: Toxapex|53/100|[from] item: Black Sludge
|upkeep
|
|t:|1666368935
|switch|p1a: Swellow|Swellow, M, shiny|100/100
|turn|15
|
|t:|1666368944
|move|p1a: Swellow|Brave Bird|p2a: Toxapex
|-damage|p2a: Toxapex|25/100
|-damage|p1a: Swellow|89/100|[from] Recoil
|move|p2a: Toxapex|Recover|p2a: Toxapex
|-heal|p2a: Toxapex|75/100
|
|-heal|p2a: Toxapex|81/100|[from] item: Black Sludge
|-status|p1a: Swellow|brn|[from] item: Flame Orb
|upkeep
|turn|16
|
|t:|1666368952
|switch|p2a: Skarmory|Skarmory, F|88/100
|move|p1a: Swellow|Facade|p2a: Skarmory
|-resisted|p2a: Skarmory
|-damage|p2a: Skarmory|66/100
|
|-damage|p1a: Swellow|83/100 brn|[from] brn
|upkeep
|turn|17
|
|t:|1666368960
|switch|p1a: Galvantula|Galvantula, F|100/100
|move|p2a: Skarmory|Roost|p2a: Skarmory
|-heal|p2a: Skarmory|100/100
|-singleturn|p2a: Skarmory|move: Roost
|
|upkeep
|turn|18
|
|t:|1666368965
|switch|p1a: Excadrill|Excadrill, F|100/100
|-ability|p1a: Excadrill|Mold Breaker
|switch|p2a: Ferrothorn|Ferrothorn, M|100/100
|
|upkeep
|turn|19
|
|t:|1666368970
|move|p1a: Excadrill|Stealth Rock|p2a: Ferrothorn
|-sidestart|p2: Loading0987|move: Stealth Rock
|move|p2a: Ferrothorn|Iron Defense|p2a: Ferrothorn
|-boost|p2a: Ferrothorn|def|2
|
|upkeep
|turn|20
|
|t:|1666368976
|move|p1a: Excadrill|Earthquake|p2a: Ferrothorn
|-damage|p2a: Ferrothorn|84/100
|move|p2a: Ferrothorn|Body Press|p1a: Excadrill
|-supereffective|p1a: Excadrill
|-enditem|p1a: Excadrill|Focus Sash
|-damage|p1a: Excadrill|1/100
|
|-heal|p2a: Ferrothorn|90/100|[from] item: Leftovers
|upkeep
|turn|21
|
|t:|1666368979
|move|p1a: Excadrill|Earthquake|p2a: Ferrothorn
|-damage|p2a: Ferrothorn|73/100
|move|p2a: Ferrothorn|Body Press|p1a: Excadrill
|-supereffective|p1a: Excadrill
|-damage|p1a: Excadrill|0 fnt
|faint|p1a: Excadrill
|
|-heal|p2a: Ferrothorn|79/100|[from] item: Leftovers
|upkeep
|
|t:|1666368985
|switch|p1a: Galvantula|Galvantula, F|100/100
|turn|22
|
|t:|1666368988
|switch|p2a: Blissey|Blissey, F|100/100
|-damage|p2a: Blissey|88/100|[from] Stealth Rock
|move|p1a: Galvantula|Thunder Wave|p2a: Blissey
|-status|p2a: Blissey|par
|
|upkeep
|turn|23
|
|t:|1666368997
|switch|p1a: Lucario|Lucario, M|100/100
|move|p2a: Blissey|Seismic Toss|p1a: Lucario
|-damage|p1a: Lucario|65/100
|
|upkeep
|turn|24
|
|t:|1666369000
|detailschange|p1a: Lucario|Lucario-Mega, M
|-mega|p1a: Lucario|Lucario|Lucarionite
|move|p1a: Lucario|Swords Dance|p1a: Lucario
|-boost|p1a: Lucario|atk|2
|move|p2a: Blissey|Seismic Toss|p1a: Lucario
|-damage|p1a: Lucario|29/100
|
|upkeep
|turn|25
|
|t:|1666369008
|-curestatus|p2a: Blissey|par|[from] ability: Natural Cure
|switch|p2a: Gothitelle|Gothitelle, M|100/100
|-damage|p2a: Gothitelle|88/100|[from] Stealth Rock
|move|p1a: Lucario|Stone Edge|p2a: Gothitelle
|-damage|p2a: Gothitelle|3/100
|
|upkeep
|turn|26
|
|t:|1666369013
|move|p1a: Lucario|Stone Edge|p2a: Gothitelle
|-damage|p2a: Gothitelle|0 fnt
|faint|p2a: Gothitelle
|
|upkeep
|
|t:|1666369022
|switch|p2a: Skarmory|Skarmory, F|100/100
|-damage|p2a: Skarmory|88/100|[from] Stealth Rock
|turn|27
|
|t:|1666369031
|move|p1a: Lucario|High Jump Kick|p2a: Skarmory
|-damage|p2a: Skarmory|0 fnt
|faint|p2a: Skarmory
|
|upkeep
|
|t:|1666369037
|switch|p2a: Ferrothorn|Ferrothorn, M|79/100
|-damage|p2a: Ferrothorn|73/100|[from] Stealth Rock
|turn|28
|
|t:|1666369056
|switch|p2a: Sableye|Sableye-Mega, F|100/100
|-damage|p2a: Sableye|88/100|[from] Stealth Rock
|move|p1a: Lucario|High Jump Kick|p2a: Sableye
|-immune|p2a: Sableye
|-damage|p1a: Lucario|0 fnt|[from] highjumpkick
|faint|p1a: Lucario
|
|upkeep
|
|t:|1666369063
|switch|p1a: Greninja|Greninja, M|100/100
|turn|29
|j| CrowBark
|
|t:|1666369068
|-start|p1a: Greninja|Dynamax|
|-heal|p1a: Greninja|100/100|[silent]
|move|p2a: Sableye|Fake Out|p1a: Greninja
|-damage|p1a: Greninja|93/100
|move|p1a: Greninja|Max Ooze|p2a: Sableye
|-resisted|p2a: Sableye
|-damage|p2a: Sableye|79/100
|-boost|p1a: Greninja|spa|1
|-damage|p1a: Greninja|88/100|[from] item: Life Orb
|
|upkeep
|turn|30
|
|t:|1666369081
|switch|p2a: Blissey|Blissey, F|88/100
|-damage|p2a: Blissey|76/100|[from] Stealth Rock
|move|p1a: Greninja|Max Geyser|p2a: Blissey
|-damage|p2a: Blissey|37/100
|-weather|RainDance
|-damage|p1a: Greninja|83/100|[from] item: Life Orb
|
|-weather|RainDance|[upkeep]
|upkeep
|turn|31
|
|t:|1666369094
|move|p1a: Greninja|Max Darkness|p2a: Blissey
|-damage|p2a: Blissey|4/100
|-unboost|p2a: Blissey|spd|1
|-damage|p1a: Greninja|78/100|[from] item: Life Orb
|move|p2a: Blissey|Soft-Boiled|p2a: Blissey
|-heal|p2a: Blissey|54/100
|
|-weather|RainDance|[upkeep]
|upkeep
|-end|p1a: Greninja|Dynamax
|-heal|p1a: Greninja|78/100|[silent]
|turn|32
|
|t:|1666369106
|switch|p2a: Ferrothorn|Ferrothorn, M|73/100
|-damage|p2a: Ferrothorn|67/100|[from] Stealth Rock
|move|p1a: Greninja|Hydro Pump|p2a: Ferrothorn
|-resisted|p2a: Ferrothorn
|-damage|p2a: Ferrothorn|10/100
|-damage|p1a: Greninja|68/100|[from] item: Life Orb
|
|-weather|RainDance|[upkeep]
|-heal|p2a: Ferrothorn|16/100|[from] item: Leftovers
|upkeep
|turn|33
|
|t:|1666369109
|move|p1a: Greninja|Dark Pulse|p2a: Ferrothorn
|-damage|p2a: Ferrothorn|0 fnt
|faint|p2a: Ferrothorn
|-activate|p1a: Greninja|ability: Battle Bond
|detailschange|p1a: Greninja|Greninja-Ash, M
|-damage|p1a: Greninja|58/100|[from] item: Life Orb
|
|-weather|RainDance|[upkeep]
|upkeep
|
|t:|1666369120
|switch|p2a: Blissey|Blissey, F|54/100
|-damage|p2a: Blissey|41/100|[from] Stealth Rock
|turn|34
|
|t:|1666369130
|switch|p2a: Toxapex|Toxapex, F|100/100
|-damage|p2a: Toxapex|88/100|[from] Stealth Rock
|move|p1a: Greninja|Hydro Pump|p2a: Toxapex
|-resisted|p2a: Toxapex
|-damage|p2a: Toxapex|12/100
|-damage|p1a: Greninja|49/100|[from] item: Life Orb
|
|-weather|none
|-heal|p2a: Toxapex|19/100|[from] item: Black Sludge
|upkeep
|turn|35
|
|t:|1666369134
|move|p1a: Greninja|Dark Pulse|p2a: Toxapex
|-damage|p2a: Toxapex|0 fnt
|faint|p2a: Toxapex
|-damage|p1a: Greninja|39/100|[from] item: Life Orb
|
|upkeep
|c| CrowBark|wait a second this game has ash-greninja
|
|t:|1666369144
|switch|p2a: Blissey|Blissey, F|41/100
|-damage|p2a: Blissey|29/100|[from] Stealth Rock
|turn|36
|j| FightingStorm
|
|t:|1666369148
|move|p1a: Greninja|Dark Pulse|p2a: Blissey
|-damage|p2a: Blissey|0 fnt
|faint|p2a: Blissey
|-damage|p1a: Greninja|29/100|[from] item: Life Orb
|
|upkeep
|
|t:|1666369150
|switch|p2a: Sableye|Sableye-Mega, F|79/100
|-damage|p2a: Sableye|67/100|[from] Stealth Rock
|turn|37
|l| Celestia74
|c|☆Makiharo|Yes
|
|t:|1666369161
|move|p2a: Sableye|Fake Out|p1a: Greninja
|-damage|p1a: Greninja|14/100
|cant|p1a: Greninja|flinch
|
|upkeep
|turn|38
|c| CrowBark|i wish i had knowthat
|j| default0
|
|t:|1666369173
|move|p1a: Greninja|Dark Pulse|p2a: Sableye
|-damage|p2a: Sableye|0 fnt
|faint|p2a: Sableye
|-damage|p1a: Greninja|4/100|[from] item: Life Orb
|
|win|Makiharo
|n|☆Makiharo|makiharo
|n|☆Loading0987|loading0987
|n| Wrathoftheleopard|wrathoftheleopard
|n| CrowBark|crowbark
|n| FightingStorm|fightingstorm
|n| default0|default0
