|j|☆pokemonkorea co kr
|j|☆ReactJS3
|t:|1626098540
|gametype|singles
|player|p1|pokemonkorea co kr|wally|1858
|player|p2|ReactJS3|265|1870
|teamsize|p1|6
|teamsize|p2|6
|gen|8
|tier|[Gen 8] National Dex AG
|rated|
|rule|HP Percentage Mod: HP is shown in percentages
|rule|Endless Battle Clause: Forcing endless battles is banned
|clearpoke
|poke|p1|Ho-Oh|
|poke|p1|Ho-Oh|
|poke|p1|Yveltal|
|poke|p1|Necrozma-Dusk-Mane|
|poke|p1|Zygarde|
|poke|p1|Groudon|
|poke|p2|Rayquaza|
|poke|p2|Zacian-*|
|poke|p2|Yveltal|
|poke|p2|Groudon|
|poke|p2|Ho-Oh|
|poke|p2|Ditto|
|teampreview
|
|t:|1626098558
|start
|switch|p1a: Zygarde|Zygarde|100/100
|switch|p2a: Zacian|Zacian-Crowned|100/100
|-ability|p2a: Zacian|Intrepid Sword|boost
|-boost|p2a: Zacian|atk|1
|turn|1
|
|t:|1626098589
|switch|p2a: Yveltal|Yveltal|100/100
|-ability|p2a: Yveltal|Dark Aura
|switch|p1a: Necrozma|Necrozma-Dusk-Mane|100/100
|
|upkeep
|turn|2
|
|t:|1626098598
|switch|p1a: Yveltal|Yveltal|100/100
|-ability|p1a: Yveltal|Dark Aura
|-start|p2a: Yveltal|Dynamax
|-heal|p2a: Yveltal|100/100|[silent]
|move|p2a: Yveltal|Max Darkness|p1a: Yveltal
|-resisted|p1a: Yveltal
|-damage|p1a: Yveltal|67/100
|-unboost|p1a: Yveltal|spd|1
|-damage|p2a: Yveltal|96/100|[from] item: Life Orb
|
|upkeep
|turn|3
|
|t:|1626098603
|switch|p1a: Ho-Oh|Ho-Oh|100/100
|move|p2a: Yveltal|Max Airstream|p1a: Ho-Oh
|-damage|p1a: Ho-Oh|54/100
|-boost|p2a: Yveltal|spe|1
|-damage|p2a: Yveltal|91/100|[from] item: Life Orb
|
|upkeep
|turn|4
|
|t:|1626098606
|move|p1a: Ho-Oh|Protect|p1a: Ho-Oh
|-singleturn|p1a: Ho-Oh|Protect
|move|p2a: Yveltal|Max Darkness|p1a: Ho-Oh
|-zbroken|p1a: Ho-Oh
|-damage|p1a: Ho-Oh|40/100
|-unboost|p1a: Ho-Oh|spd|1
|-damage|p2a: Yveltal|86/100|[from] item: Life Orb
|
|-end|p2a: Yveltal|Dynamax
|-heal|p2a: Yveltal|86/100|[silent]
|upkeep
|turn|5
|
|t:|1626098613
|switch|p1a: Ho-Oh|Ho-Oh|100/100
|move|p2a: Yveltal|Oblivion Wing|p1a: Ho-Oh
|-damage|p1a: Ho-Oh|65/100
|-heal|p2a: Yveltal|100/100|[from] drain|[of] p1a: Ho-Oh
|-damage|p2a: Yveltal|91/100|[from] item: Life Orb
|
|upkeep
|turn|6
|
|t:|1626098618
|switch|p2a: Zacian|Zacian-Crowned|100/100
|-ability|p2a: Zacian|Intrepid Sword|boost
|-boost|p2a: Zacian|atk|1
|move|p1a: Ho-Oh|Toxic|p2a: Zacian|[miss]
|-miss|p1a: Ho-Oh|p2a: Zacian
|
|upkeep
|turn|7
|
|t:|1626098621
|switch|p2a: Yveltal|Yveltal|91/100
|-ability|p2a: Yveltal|Dark Aura
|switch|p1a: Necrozma|Necrozma-Dusk-Mane|100/100
|
|upkeep
|turn|8
|
|t:|1626098624
|switch|p1a: Ho-Oh|Ho-Oh|98/100
|move|p2a: Yveltal|Dark Pulse|p1a: Ho-Oh
|-damage|p1a: Ho-Oh|55/100
|-damage|p2a: Yveltal|81/100|[from] item: Life Orb
|
|upkeep
|turn|9
|
|t:|1626098630
|switch|p1a: Ho-Oh|Ho-Oh|74/100
|move|p2a: Yveltal|Dark Pulse|p1a: Ho-Oh
|-damage|p1a: Ho-Oh|38/100
|-damage|p2a: Yveltal|71/100|[from] item: Life Orb
|
|upkeep
|turn|10
|
|t:|1626098640
|switch|p1a: Ho-Oh|Ho-Oh|89/100
|move|p2a: Yveltal|Oblivion Wing|p1a: Ho-Oh
|-damage|p1a: Ho-Oh|58/100
|-heal|p2a: Yveltal|95/100|[from] drain|[of] p1a: Ho-Oh
|-damage|p2a: Yveltal|86/100|[from] item: Life Orb
|
|upkeep
|turn|11
|
|t:|1626098645
|move|p2a: Yveltal|Dark Pulse|p1a: Ho-Oh
|-damage|p1a: Ho-Oh|15/100
|-damage|p2a: Yveltal|76/100|[from] item: Life Orb
|move|p1a: Ho-Oh|Toxic|p2a: Yveltal
|-status|p2a: Yveltal|tox
|
|-damage|p2a: Yveltal|70/100 tox|[from] psn
|upkeep
|turn|12
|
|t:|1626098653
|switch|p2a: Rayquaza|Rayquaza|100/100
|-ability|p2a: Rayquaza|Air Lock
|switch|p1a: Ho-Oh|Ho-Oh|71/100
|
|upkeep
|turn|13
|
|t:|1626098663
|switch|p1a: Zygarde|Zygarde|100/100
|detailschange|p2a: Rayquaza|Rayquaza-Mega
|-mega|p2a: Rayquaza|Rayquaza|
|-weather|DeltaStream|[from] ability: Delta Stream|[of] p2a: Rayquaza
|move|p2a: Rayquaza|Dragon Ascent|p1a: Zygarde
|-damage|p1a: Zygarde|51/100
|-unboost|p2a: Rayquaza|def|1
|-unboost|p2a: Rayquaza|spd|1
|
|-weather|DeltaStream|[upkeep]
|-heal|p1a: Zygarde|57/100|[from] item: Leftovers
|upkeep
|turn|14
|
|t:|1626098671
|-weather|none
|switch|p2a: Yveltal|Yveltal|70/100 tox
|-ability|p2a: Yveltal|Dark Aura
|move|p1a: Zygarde|Thousand Arrows|p2a: Yveltal
|-damage|p2a: Yveltal|40/100 tox
|-start|p2a: Yveltal|Smack Down
|
|-heal|p1a: Zygarde|63/100|[from] item: Leftovers
|-damage|p2a: Yveltal|33/100 tox|[from] psn
|upkeep
|turn|15
|j| Mrdarkweep
|
|t:|1626098676
|switch|p1a: Ho-Oh|Ho-Oh|100/100
|move|p2a: Yveltal|Oblivion Wing|p1a: Ho-Oh
|-damage|p1a: Ho-Oh|73/100
|-heal|p2a: Yveltal|55/100 tox|[from] drain|[of] p1a: Ho-Oh
|-damage|p2a: Yveltal|45/100 tox|[from] item: Life Orb
|
|-damage|p2a: Yveltal|33/100 tox|[from] psn
|upkeep
|turn|16
|
|t:|1626098696
|move|p2a: Yveltal|Oblivion Wing|p1a: Ho-Oh
|-damage|p1a: Ho-Oh|48/100
|-heal|p2a: Yveltal|53/100 tox|[from] drain|[of] p1a: Ho-Oh
|-damage|p2a: Yveltal|43/100 tox|[from] item: Life Orb
|move|p1a: Ho-Oh|Sacred Fire|p2a: Yveltal
|-damage|p2a: Yveltal|0 fnt
|faint|p2a: Yveltal
|
|upkeep
|
|t:|1626098703
|switch|p2a: Rayquaza|Rayquaza-Mega|100/100
|-weather|DeltaStream|[from] ability: Delta Stream|[of] p2a: Rayquaza
|turn|17
|
|t:|1626098716
|switch|p1a: Zygarde|Zygarde|63/100
|move|p2a: Rayquaza|Dragon Ascent|p1a: Zygarde
|-damage|p1a: Zygarde|15/100
|-unboost|p2a: Rayquaza|def|1
|-unboost|p2a: Rayquaza|spd|1
|
|-weather|DeltaStream|[upkeep]
|-heal|p1a: Zygarde|21/100|[from] item: Leftovers
|-activate|p1a: Zygarde|ability: Power Construct
|detailschange|p1a: Zygarde|Zygarde-Complete
|-heal|p1a: Zygarde|48/100|[silent]
|upkeep
|turn|18
|
|t:|1626098727
|-weather|none
|switch|p2a: Zacian|Zacian-Crowned|100/100
|-ability|p2a: Zacian|Intrepid Sword|boost
|-boost|p2a: Zacian|atk|1
|move|p1a: Zygarde|Thousand Arrows|p2a: Zacian
|-supereffective|p2a: Zacian
|-damage|p2a: Zacian|41/100
|
|-heal|p1a: Zygarde|54/100|[from] item: Leftovers
|upkeep
|turn|19
|
|t:|1626098769
|switch|p2a: Groudon|Groudon|100/100
|detailschange|p2a: Groudon|Groudon-Primal
|-primal|p2a: Groudon
|-weather|DesolateLand|[from] ability: Desolate Land|[of] p2a: Groudon
|switch|p1a: Necrozma|Necrozma-Dusk-Mane|100/100
|
|-weather|DesolateLand|[upkeep]
|upkeep
|turn|20
|
|t:|1626098775
|switch|p1a: Zygarde|Zygarde-Complete|54/100
|move|p2a: Groudon|Stealth Rock|p1a: Zygarde
|-sidestart|p1: pokemonkorea co kr|move: Stealth Rock
|
|-weather|DesolateLand|[upkeep]
|-heal|p1a: Zygarde|60/100|[from] item: Leftovers
|upkeep
|turn|21
|
|t:|1626098781
|move|p1a: Zygarde|Thousand Arrows|p2a: Groudon
|-supereffective|p2a: Groudon
|-damage|p2a: Groudon|72/100
|move|p2a: Groudon|Toxic|p1a: Zygarde
|-status|p1a: Zygarde|tox
|
|-weather|DesolateLand|[upkeep]
|-heal|p1a: Zygarde|66/100 tox|[from] item: Leftovers
|-damage|p1a: Zygarde|60/100 tox|[from] psn
|upkeep
|turn|22
|
|t:|1626098792
|-weather|none
|switch|p2a: Ditto|Ditto|100/100
|-transform|p2a: Ditto|p1a: Zygarde|[from] ability: Imposter
|move|p1a: Zygarde|Rest|p1a: Zygarde
|-status|p1a: Zygarde|slp|[from] move: Rest
|-heal|p1a: Zygarde|100/100 slp|[silent]
|
|upkeep
|turn|23
|
|t:|1626098802
|switch|p2a: Rayquaza|Rayquaza-Mega|100/100
|-weather|DeltaStream|[from] ability: Delta Stream|[of] p2a: Rayquaza
|cant|p1a: Zygarde|slp
|
|-weather|DeltaStream|[upkeep]
|upkeep
|turn|24
|
|t:|1626098807
|move|p2a: Rayquaza|Dragon Ascent|p1a: Zygarde
|-damage|p1a: Zygarde|70/100 slp
|-unboost|p2a: Rayquaza|def|1
|-unboost|p2a: Rayquaza|spd|1
|cant|p1a: Zygarde|slp
|
|-weather|DeltaStream|[upkeep]
|-heal|p1a: Zygarde|76/100 slp|[from] item: Leftovers
|upkeep
|turn|25
|
|t:|1626098812
|-weather|none
|switch|p2a: Zacian|Zacian-Crowned|41/100
|-ability|p2a: Zacian|Intrepid Sword|boost
|-boost|p2a: Zacian|atk|1
|-curestatus|p1a: Zygarde|slp|[msg]
|move|p1a: Zygarde|Dragon Tail|p2a: Zacian
|-immune|p2a: Zacian
|
|-heal|p1a: Zygarde|82/100|[from] item: Leftovers
|upkeep
|turn|26
|
|t:|1626098817
|switch|p1a: Necrozma|Necrozma-Dusk-Mane|100/100
|-damage|p1a: Necrozma|94/100|[from] Stealth Rock
|move|p2a: Zacian|Play Rough|p1a: Necrozma
|-resisted|p1a: Necrozma
|-damage|p1a: Necrozma|70/100
|-damage|p2a: Zacian|24/100|[from] item: Rocky Helmet|[of] p1a: Necrozma
|
|upkeep
|turn|27
|
|t:|1626098827
|switch|p2a: Groudon|Groudon-Primal|72/100
|-weather|DesolateLand|[from] ability: Desolate Land|[of] p2a: Groudon
|move|p1a: Necrozma|Stealth Rock|p2a: Groudon
|-sidestart|p2: ReactJS3|move: Stealth Rock
|
|-weather|DesolateLand|[upkeep]
|upkeep
|turn|28
|
|t:|1626098833
|switch|p1a: Zygarde|Zygarde-Complete|82/100
|-damage|p1a: Zygarde|76/100|[from] Stealth Rock
|move|p2a: Groudon|Toxic|p1a: Zygarde
|-status|p1a: Zygarde|tox
|
|-weather|DesolateLand|[upkeep]
|-heal|p1a: Zygarde|82/100 tox|[from] item: Leftovers
|-damage|p1a: Zygarde|76/100 tox|[from] psn
|upkeep
|turn|29
|
|t:|1626098840
|-weather|none
|switch|p2a: Ho-Oh|Ho-Oh|100/100
|move|p1a: Zygarde|Rest|p1a: Zygarde
|-status|p1a: Zygarde|slp|[from] move: Rest
|-heal|p1a: Zygarde|100/100 slp|[silent]
|
|upkeep
|turn|30
|
|t:|1626098843
|cant|p1a: Zygarde|slp
|move|p2a: Ho-Oh|Defog|p1a: Zygarde
|-unboost|p1a: Zygarde|evasion|1
|-sideend|p1: pokemonkorea co kr|Stealth Rock|[from] move: Defog|[of] p2a: Ho-Oh
|-sideend|p2: ReactJS3|Stealth Rock|[from] move: Defog|[of] p2a: Ho-Oh
|
|upkeep
|turn|31
|
|t:|1626098848
|cant|p1a: Zygarde|slp
|move|p2a: Ho-Oh|Whirlwind|p1a: Zygarde
|drag|p1a: Ho-Oh|Ho-Oh|49/100
|
|upkeep
|turn|32
|
|t:|1626098855
|switch|p2a: Zacian|Zacian-Crowned|24/100
|-ability|p2a: Zacian|Intrepid Sword|boost
|-boost|p2a: Zacian|atk|1
|switch|p1a: Zygarde|Zygarde-Complete|100/100 slp
|
|upkeep
|turn|33
|
|t:|1626098920
|switch|p2a: Groudon|Groudon-Primal|72/100
|-weather|DesolateLand|[from] ability: Desolate Land|[of] p2a: Groudon
|switch|p1a: Necrozma|Necrozma-Dusk-Mane|70/100
|
|-weather|DesolateLand|[upkeep]
|upkeep
|turn|34
|
|t:|1626098925
|switch|p1a: Zygarde|Zygarde-Complete|100/100 slp
|move|p2a: Groudon|Stealth Rock|p1a: Zygarde
|-sidestart|p1: pokemonkorea co kr|move: Stealth Rock
|
|-weather|DesolateLand|[upkeep]
|upkeep
|turn|35
|
|t:|1626098929
|-weather|none
|switch|p2a: Zacian|Zacian-Crowned|24/100
|-ability|p2a: Zacian|Intrepid Sword|boost
|-boost|p2a: Zacian|atk|1
|-curestatus|p1a: Zygarde|slp|[msg]
|move|p1a: Zygarde|Thousand Arrows|p2a: Zacian
|-supereffective|p2a: Zacian
|-damage|p2a: Zacian|0 fnt
|faint|p2a: Zacian
|
|upkeep
|-message|ReactJS3 forfeited.
|
|win|pokemonkorea co kr
|l|☆ReactJS3
|raw|pokemonkorea co kr's rating: 1858 &rarr; <strong>1879</strong><br />(+21 for winning)
|raw|ReactJS3's rating: 1869 &rarr; <strong>1848</strong><br />(-21 for losing)
