|j|☆Diancie_hhh
|j|☆aseeasase
|t:|1659420082
|gametype|singles
|player|p1|Diancie_hhh|rosa|1766
|player|p2|aseeasase|1|1870
|teamsize|p1|6
|teamsize|p2|6
|gen|8
|tier|[Gen 8] National Dex AG
|rated|
|rule|HP Percentage Mod: HP is shown in percentages
|rule|Endless Battle Clause: Forcing endless battles is banned
|clearpoke
|poke|p1|Arceus-*|
|poke|p1|Zacian-*|
|poke|p1|Groudon|
|poke|p1|Ho-Oh|
|poke|p1|Zygarde|
|poke|p1|Weavile, F|
|poke|p2|Arceus-*|
|poke|p2|Tyranitar, F|
|poke|p2|Calyrex-Shadow|
|poke|p2|Ditto|
|poke|p2|Reshiram|
|poke|p2|Giratina-Origin|
|teampreview
|
|t:|1659420101
|start
|switch|p1a: Weavile|Weavile, F, shiny|100/100
|switch|p2a: Giratina|Giratina-Origin|100/100
|-ability|p1a: Weavile|Pressure
|turn|1
|
|t:|1659420137
|switch|p2a: Tyranitar|Tyranitar, F|100/100
|-weather|Sandstorm|[from] ability: Sand Stream|[of] p2a: Tyranitar
|move|p1a: Weavile|Beat Up|p2a: Tyranitar
|-resisted|p2a: Tyranitar
|-damage|p2a: Tyranitar|95/100
|-resisted|p2a: Tyranitar
|-damage|p2a: Tyranitar|88/100
|-resisted|p2a: Tyranitar
|-damage|p2a: Tyranitar|81/100
|-resisted|p2a: Tyranitar
|-damage|p2a: Tyranitar|75/100
|-resisted|p2a: Tyranitar
|-damage|p2a: Tyranitar|71/100
|-resisted|p2a: Tyranitar
|-damage|p2a: Tyranitar|65/100
|-hitcount|p2a: Tyranitar|6
|
|-weather|Sandstorm|[upkeep]
|-damage|p1a: Weavile|94/100|[from] Sandstorm
|upkeep
|turn|2
|
|t:|1659420154
|switch|p1a: Zygarde|Zygarde, shiny|100/100
|move|p2a: Tyranitar|Thunder Wave|p1a: Zygarde
|-immune|p1a: Zygarde
|
|-weather|Sandstorm|[upkeep]
|upkeep
|turn|3
|
|t:|1659420165
|switch|p2a: Giratina|Giratina-Origin|100/100
|move|p1a: Zygarde|Glare|p2a: Giratina
|-status|p2a: Giratina|par
|
|-weather|Sandstorm|[upkeep]
|-damage|p2a: Giratina|94/100 par|[from] Sandstorm
|upkeep
|turn|4
|
|t:|1659420178
|move|p1a: Zygarde|Coil|p1a: Zygarde
|-boost|p1a: Zygarde|atk|1
|-boost|p1a: Zygarde|def|1
|-boost|p1a: Zygarde|accuracy|1
|move|p2a: Giratina|Toxic|p1a: Zygarde
|-status|p1a: Zygarde|tox
|
|-weather|Sandstorm|[upkeep]
|-damage|p2a: Giratina|88/100 par|[from] Sandstorm
|-damage|p1a: Zygarde|94/100 tox|[from] psn
|upkeep
|turn|5
|
|t:|1659420183
|move|p1a: Zygarde|Coil|p1a: Zygarde
|-boost|p1a: Zygarde|atk|1
|-boost|p1a: Zygarde|def|1
|-boost|p1a: Zygarde|accuracy|1
|cant|p2a: Giratina|par
|
|-weather|none
|-damage|p1a: Zygarde|82/100 tox|[from] psn
|upkeep
|turn|6
|
|t:|1659420191
|move|p1a: Zygarde|Thousand Arrows|p2a: Giratina
|-damage|p2a: Giratina|39/100 par
|-start|p2a: Giratina|Smack Down
|move|p2a: Giratina|Hex|p1a: Zygarde
|-damage|p1a: Zygarde|19/100 tox
|
|-damage|p1a: Zygarde|0 fnt|[from] psn
|faint|p1a: Zygarde
|upkeep
|
|t:|1659420204
|switch|p1a: Weavile|Weavile, F, shiny|94/100
|-ability|p1a: Weavile|Pressure
|turn|7
|
|t:|1659420219
|move|p1a: Weavile|Knock Off|p2a: Giratina
|-supereffective|p2a: Giratina
|-damage|p2a: Giratina|0 fnt
|faint|p2a: Giratina
|
|upkeep
|
|t:|1659420222
|switch|p2a: Tyranitar|Tyranitar, F|65/100
|-weather|Sandstorm|[from] ability: Sand Stream|[of] p2a: Tyranitar
|turn|8
|
|t:|1659420229
|switch|p1a: 大地之神|Groudon, shiny|100/100
|detailschange|p1a: 大地之神|Groudon-Primal, shiny
|-primal|p1a: 大地之神
|-weather|DesolateLand|[from] ability: Desolate Land|[of] p1a: 大地之神
|detailschange|p2a: Tyranitar|Tyranitar-Mega, F
|-mega|p2a: Tyranitar|Tyranitar|Tyranitarite
|-ability|p2a: Tyranitar|Sand Stream|[from] desolateland|[fail]
|move|p2a: Tyranitar|Stealth Rock|p1a: 大地之神
|-sidestart|p1: Diancie_hhh|move: Stealth Rock
|
|-weather|DesolateLand|[upkeep]
|upkeep
|turn|9
|
|t:|1659420253
|move|p1a: 大地之神|Earthquake|p2a: Tyranitar
|-supereffective|p2a: Tyranitar
|-damage|p2a: Tyranitar|0 fnt
|faint|p2a: Tyranitar
|
|-weather|DesolateLand|[upkeep]
|upkeep
|
|t:|1659420279
|switch|p2a: Arceus|Arceus-Grass|100/100
|turn|10
|
|t:|1659420286
|move|p2a: Arceus|Earthquake|p1a: 大地之神
|-supereffective|p1a: 大地之神
|-damage|p1a: 大地之神|57/100
|move|p1a: 大地之神|Fire Punch|p2a: Arceus
|-supereffective|p2a: Arceus
|-damage|p2a: Arceus|0 fnt
|faint|p2a: Arceus
|
|-weather|DesolateLand|[upkeep]
|upkeep
|
|t:|1659420300
|switch|p2a: Calyrex|Calyrex-Shadow|100/100
|-ability|p2a: Calyrex|As One
|-ability|p2a: Calyrex|Unnerve
|turn|11
|
|t:|1659420308
|-weather|none
|switch|p1a: Arceus|Arceus, shiny|100/100
|-damage|p1a: Arceus|88/100|[from] Stealth Rock
|move|p2a: Calyrex|Astral Barrage|p1a: Arceus
|-immune|p1a: Arceus
|
|upkeep
|turn|12
|
|t:|1659420315
|switch|p1a: Weavile|Weavile, F, shiny|94/100
|-damage|p1a: Weavile|70/100|[from] Stealth Rock
|-ability|p1a: Weavile|Pressure
|move|p2a: Calyrex|Substitute|p2a: Calyrex
|-start|p2a: Calyrex|Substitute
|-damage|p2a: Calyrex|76/100
|
|-heal|p2a: Calyrex|82/100|[from] item: Leftovers
|upkeep
|turn|13
|
|t:|1659420325
|move|p2a: Calyrex|Astral Barrage|p1a: Weavile
|-resisted|p1a: Weavile
|-damage|p1a: Weavile|17/100
|move|p1a: Weavile|Beat Up|p2a: Calyrex
|-supereffective|p2a: Calyrex
|-end|p2a: Calyrex|Substitute
|-supereffective|p2a: Calyrex
|-damage|p2a: Calyrex|0 fnt
|faint|p2a: Calyrex
|-hitcount|p2: Calyrex|2
|
|upkeep
|
|t:|1659420361
|switch|p2a: Ditto|Ditto|100/100
|-transform|p2a: Ditto|p1a: Weavile|[from] ability: Imposter
|-ability|p2a: Ditto|Pressure
|turn|14
|inactive|Battle timer is ON: inactive players will automatically lose when time's up. (requested by Diancie_hhh)
|
|t:|1659420386
|move|p2a: Ditto|Beat Up|p1a: Weavile
|-resisted|p1a: Weavile
|-damage|p1a: Weavile|9/100
|-resisted|p1a: Weavile
|-damage|p1a: Weavile|2/100
|-hitcount|p1a: Weavile|2
|move|p1a: Weavile|Beat Up|p2a: Ditto
|-resisted|p2a: Ditto
|-damage|p2a: Ditto|89/100
|-resisted|p2a: Ditto
|-damage|p2a: Ditto|73/100
|-resisted|p2a: Ditto
|-damage|p2a: Ditto|63/100
|-resisted|p2a: Ditto
|-damage|p2a: Ditto|52/100
|-resisted|p2a: Ditto
|-damage|p2a: Ditto|38/100
|-hitcount|p2a: Ditto|5
|
|upkeep
|turn|15
|
|t:|1659420401
|move|p2a: Ditto|Beat Up|p1a: Weavile
|-resisted|p1a: Weavile
|-damage|p1a: Weavile|0 fnt
|faint|p1a: Weavile
|-hitcount|p1: Weavile|1
|
|upkeep
|
|t:|1659420405
|switch|p1a: 大地之神|Groudon-Primal, shiny|57/100
|-damage|p1a: 大地之神|45/100|[from] Stealth Rock
|-weather|DesolateLand|[from] ability: Desolate Land|[of] p1a: 大地之神
|turn|16
|
|t:|1659420417
|move|p2a: Ditto|Beat Up|p1a: 大地之神
|-crit|p1a: 大地之神
|-damage|p1a: 大地之神|36/100
|-damage|p1a: 大地之神|30/100
|-hitcount|p1a: 大地之神|2
|move|p1a: 大地之神|Fire Punch|p2a: Ditto
|-supereffective|p2a: Ditto
|-damage|p2a: Ditto|0 fnt
|faint|p2a: Ditto
|
|-weather|DesolateLand|[upkeep]
|upkeep
|
|t:|1659420419
|switch|p2a: Reshiram|Reshiram|100/100
|-ability|p2a: Reshiram|Turboblaze
|turn|17
|inactive|aseeasase has 120 seconds left.
|
|t:|1659420451
|move|p2a: Reshiram|Dragon Claw|p1a: 大地之神
|-damage|p1a: 大地之神|0 fnt
|faint|p1a: 大地之神
|-weather|none
|-damage|p2a: Reshiram|91/100|[from] item: Life Orb
|
|upkeep
|
|t:|1659420462
|switch|p1a: Zacian|Zacian-Crowned|100/100
|-damage|p1a: Zacian|94/100|[from] Stealth Rock
|-ability|p1a: Zacian|Intrepid Sword|boost
|-boost|p1a: Zacian|atk|1
|turn|18
|
|t:|1659420468
|move|p1a: Zacian|Play Rough|p2a: Reshiram|[miss]
|-miss|p1a: Zacian|p2a: Reshiram
|move|p2a: Reshiram|Dragon Dance|p2a: Reshiram
|-boost|p2a: Reshiram|atk|1
|-boost|p2a: Reshiram|spe|1
|
|upkeep
|turn|19
|
|t:|1659420475
|-start|p2a: Reshiram|Dynamax|
|-heal|p2a: Reshiram|91/100|[silent]
|move|p2a: Reshiram|Max Flare|p1a: Zacian
|-supereffective|p1a: Zacian
|-damage|p1a: Zacian|0 fnt
|-weather|SunnyDay
|faint|p1a: Zacian
|-damage|p2a: Reshiram|86/100|[from] item: Life Orb
|
|-weather|SunnyDay|[upkeep]
|upkeep
|
|t:|1659420481
|switch|p1a: Arceus|Arceus, shiny|88/100
|-damage|p1a: Arceus|76/100|[from] Stealth Rock
|turn|20
|
|t:|1659420484
|-start|p1a: Arceus|Dynamax|
|-heal|p1a: Arceus|76/100|[silent]
|move|p2a: Reshiram|Max Flare|p1a: Arceus
|-damage|p1a: Arceus|12/100
|-damage|p2a: Reshiram|81/100|[from] item: Life Orb
|move|p1a: Arceus|Max Strike|p2a: Reshiram
|-damage|p2a: Reshiram|36/100
|-unboost|p2a: Reshiram|spe|1
|-damage|p1a: Arceus|7/100|[from] item: Life Orb
|
|-weather|SunnyDay|[upkeep]
|upkeep
|turn|21
|
|t:|1659420498
|move|p1a: Arceus|Max Guard|p1a: Arceus
|-singleturn|p1a: Arceus|Max Guard
|move|p2a: Reshiram|Max Wyrmwind|p1a: Arceus
|-activate|p1a: Arceus|move: Max Guard
|
|-weather|SunnyDay|[upkeep]
|upkeep
|-end|p2a: Reshiram|Dynamax
|-heal|p2a: Reshiram|36/100|[silent]
|turn|22
|
|t:|1659420507
|move|p1a: Arceus|Max Guard||[still]
|-fail|p1a: Arceus
|move|p2a: Reshiram|Dragon Claw|p1a: Arceus
|-damage|p1a: Arceus|0 fnt
|faint|p1a: Arceus
|-damage|p2a: Reshiram|27/100|[from] item: Life Orb
|
|-weather|SunnyDay|[upkeep]
|upkeep
|
|t:|1659420512
|switch|p1a: Ho-Oh|Ho-Oh|100/100
|turn|23
|
|t:|1659420516
|move|p2a: Reshiram|Roost|p2a: Reshiram
|-heal|p2a: Reshiram|77/100
|-singleturn|p2a: Reshiram|move: Roost
|move|p1a: Ho-Oh|Sacred Fire|p2a: Reshiram
|-resisted|p2a: Reshiram
|-damage|p2a: Reshiram|59/100
|
|-weather|none
|upkeep
|turn|24
|
|t:|1659420523
|move|p2a: Reshiram|Dragon Dance|p2a: Reshiram
|-boost|p2a: Reshiram|atk|1
|-boost|p2a: Reshiram|spe|1
|move|p1a: Ho-Oh|Toxic|p2a: Reshiram
|-status|p2a: Reshiram|tox
|
|-damage|p2a: Reshiram|53/100 tox|[from] psn
|upkeep
|turn|25
|
|t:|1659420531
|move|p2a: Reshiram|Dragon Claw|p1a: Ho-Oh
|-damage|p1a: Ho-Oh|0 fnt
|faint|p1a: Ho-Oh
|-damage|p2a: Reshiram|43/100 tox|[from] item: Life Orb
|
|win|aseeasase
|raw|Diancie_hhh's rating: 1766 &rarr; <strong>1752</strong><br />(-14 for losing)
|raw|aseeasase's rating: 1870 &rarr; <strong>1884</strong><br />(+14 for winning)
