|j|☆amnael01
|j|☆CLEAR GEM清瑜
|t:|1662279827
|gametype|singles
|player|p1|amnael01|1|1815
|player|p2|CLEAR GEM清瑜|skierf|1746
|teamsize|p1|6
|teamsize|p2|6
|gen|8
|tier|[Gen 8] National Dex AG
|rated|
|rule|HP Percentage Mod: HP is shown in percentages
|rule|Endless Battle Clause: Forcing endless battles is banned
|clearpoke
|poke|p1|Smeargle, F|
|poke|p1|Groudon|
|poke|p1|Espeon, F|
|poke|p1|Rayquaza|
|poke|p1|Xerneas-*|
|poke|p1|Zacian-*|
|poke|p2|Rayquaza|
|poke|p2|Groudon|
|poke|p2|Necrozma-Dusk-Mane|
|poke|p2|Arceus-*|
|poke|p2|Arceus-*|
|poke|p2|Arceus-*|
|teampreview
|inactive|Battle timer is ON: inactive players will automatically lose when time's up. (requested by CLEAR GEM清瑜)
|
|t:|1662279833
|start
|switch|p1a: Rayquaza|Rayquaza|100/100
|switch|p2a: 究极辅助|Arceus-Dark|100/100
|-ability|p1a: Rayquaza|Air Lock
|turn|1
|
|t:|1662279838
|switch|p1a: Smeargle|Smeargle, F|100/100
|move|p2a: 究极辅助|Roar|p1a: Smeargle
|drag|p1a: Groudon|Groudon|100/100
|detailschange|p1a: Groudon|Groudon-Primal
|-primal|p1a: Groudon
|-weather|DesolateLand|[from] ability: Desolate Land|[of] p1a: Groudon
|
|-weather|DesolateLand|[upkeep]
|upkeep
|turn|2
|
|t:|1662279842
|move|p2a: 究极辅助|Magic Coat|p2a: 究极辅助
|-singleturn|p2a: 究极辅助|move: Magic Coat
|move|p1a: Groudon|Stealth Rock|p2a: 究极辅助
|move|p2a: 究极辅助|Stealth Rock|p1a: Groudon|[from]Magic Coat
|-sidestart|p1: amnael01|move: Stealth Rock
|
|-weather|DesolateLand|[upkeep]
|upkeep
|turn|3
|
|t:|1662279847
|move|p2a: 究极辅助|Magic Coat|p2a: 究极辅助
|-singleturn|p2a: 究极辅助|move: Magic Coat
|move|p1a: Groudon|Stealth Rock|p2a: 究极辅助
|move|p2a: 究极辅助|Stealth Rock||[from]Magic Coat|[still]
|-fail|p2a: 究极辅助
|
|-weather|DesolateLand|[upkeep]
|upkeep
|turn|4
|
|t:|1662279850
|move|p2a: 究极辅助|Magic Coat|p2a: 究极辅助
|-singleturn|p2a: 究极辅助|move: Magic Coat
|move|p1a: Groudon|Stealth Rock|p2a: 究极辅助
|move|p2a: 究极辅助|Stealth Rock||[from]Magic Coat|[still]
|-fail|p2a: 究极辅助
|
|-weather|DesolateLand|[upkeep]
|upkeep
|turn|5
|
|t:|1662279852
|move|p2a: 究极辅助|Magic Coat|p2a: 究极辅助
|-singleturn|p2a: 究极辅助|move: Magic Coat
|move|p1a: Groudon|Stealth Rock|p2a: 究极辅助
|move|p2a: 究极辅助|Stealth Rock||[from]Magic Coat|[still]
|-fail|p2a: 究极辅助
|
|-weather|DesolateLand|[upkeep]
|upkeep
|turn|6
|
|t:|1662279855
|move|p2a: 究极辅助|Magic Coat|p2a: 究极辅助
|-singleturn|p2a: 究极辅助|move: Magic Coat
|move|p1a: Groudon|Stealth Rock|p2a: 究极辅助
|move|p2a: 究极辅助|Stealth Rock||[from]Magic Coat|[still]
|-fail|p2a: 究极辅助
|
|-weather|DesolateLand|[upkeep]
|upkeep
|turn|7
|
|t:|1662279858
|move|p2a: 究极辅助|Magic Coat|p2a: 究极辅助
|-singleturn|p2a: 究极辅助|move: Magic Coat
|move|p1a: Groudon|Stealth Rock|p2a: 究极辅助
|move|p2a: 究极辅助|Stealth Rock||[from]Magic Coat|[still]
|-fail|p2a: 究极辅助
|
|-weather|DesolateLand|[upkeep]
|upkeep
|turn|8
|
|t:|1662279860
|move|p2a: 究极辅助|Magic Coat|p2a: 究极辅助
|-singleturn|p2a: 究极辅助|move: Magic Coat
|move|p1a: Groudon|Stealth Rock|p2a: 究极辅助
|move|p2a: 究极辅助|Stealth Rock||[from]Magic Coat|[still]
|-fail|p2a: 究极辅助
|
|-weather|DesolateLand|[upkeep]
|upkeep
|turn|9
|
|t:|1662279861
|move|p2a: 究极辅助|Magic Coat|p2a: 究极辅助
|-singleturn|p2a: 究极辅助|move: Magic Coat
|move|p1a: Groudon|Stealth Rock|p2a: 究极辅助
|move|p2a: 究极辅助|Stealth Rock||[from]Magic Coat|[still]
|-fail|p2a: 究极辅助
|
|-weather|DesolateLand|[upkeep]
|upkeep
|turn|10
|
|t:|1662279863
|move|p2a: 究极辅助|Magic Coat|p2a: 究极辅助
|-singleturn|p2a: 究极辅助|move: Magic Coat
|move|p1a: Groudon|Stealth Rock|p2a: 究极辅助
|move|p2a: 究极辅助|Stealth Rock||[from]Magic Coat|[still]
|-fail|p2a: 究极辅助
|
|-weather|DesolateLand|[upkeep]
|upkeep
|turn|11
|
|t:|1662279865
|move|p2a: 究极辅助|Magic Coat|p2a: 究极辅助
|-singleturn|p2a: 究极辅助|move: Magic Coat
|move|p1a: Groudon|Stealth Rock|p2a: 究极辅助
|move|p2a: 究极辅助|Stealth Rock||[from]Magic Coat|[still]
|-fail|p2a: 究极辅助
|
|-weather|DesolateLand|[upkeep]
|upkeep
|turn|12
|
|t:|1662279867
|move|p2a: 究极辅助|Magic Coat|p2a: 究极辅助
|-singleturn|p2a: 究极辅助|move: Magic Coat
|move|p1a: Groudon|Stealth Rock|p2a: 究极辅助
|move|p2a: 究极辅助|Stealth Rock||[from]Magic Coat|[still]
|-fail|p2a: 究极辅助
|
|-weather|DesolateLand|[upkeep]
|upkeep
|turn|13
|
|t:|1662279870
|move|p2a: 究极辅助|Magic Coat|p2a: 究极辅助
|-singleturn|p2a: 究极辅助|move: Magic Coat
|move|p1a: Groudon|Stealth Rock|p2a: 究极辅助
|move|p2a: 究极辅助|Stealth Rock||[from]Magic Coat|[still]
|-fail|p2a: 究极辅助
|
|-weather|DesolateLand|[upkeep]
|upkeep
|turn|14
|
|t:|1662279872
|move|p2a: 究极辅助|Magic Coat|p2a: 究极辅助
|-singleturn|p2a: 究极辅助|move: Magic Coat
|move|p1a: Groudon|Stealth Rock|p2a: 究极辅助
|move|p2a: 究极辅助|Stealth Rock||[from]Magic Coat|[still]
|-fail|p2a: 究极辅助
|
|-weather|DesolateLand|[upkeep]
|upkeep
|turn|15
|
|t:|1662279874
|move|p2a: 究极辅助|Magic Coat|p2a: 究极辅助
|-singleturn|p2a: 究极辅助|move: Magic Coat
|move|p1a: Groudon|Stealth Rock|p2a: 究极辅助
|move|p2a: 究极辅助|Stealth Rock||[from]Magic Coat|[still]
|-fail|p2a: 究极辅助
|
|-weather|DesolateLand|[upkeep]
|upkeep
|turn|16
|
|t:|1662279876
|move|p2a: 究极辅助|Magic Coat|p2a: 究极辅助
|-singleturn|p2a: 究极辅助|move: Magic Coat
|move|p1a: Groudon|Stealth Rock|p2a: 究极辅助
|move|p2a: 究极辅助|Stealth Rock||[from]Magic Coat|[still]
|-fail|p2a: 究极辅助
|
|-weather|DesolateLand|[upkeep]
|upkeep
|turn|17
|
|t:|1662279878
|move|p2a: 究极辅助|Magic Coat|p2a: 究极辅助
|-singleturn|p2a: 究极辅助|move: Magic Coat
|move|p1a: Groudon|Stealth Rock|p2a: 究极辅助
|move|p2a: 究极辅助|Stealth Rock||[from]Magic Coat|[still]
|-fail|p2a: 究极辅助
|
|-weather|DesolateLand|[upkeep]
|upkeep
|turn|18
|
|t:|1662279879
|move|p2a: 究极辅助|Magic Coat|p2a: 究极辅助
|-singleturn|p2a: 究极辅助|move: Magic Coat
|move|p1a: Groudon|Stealth Rock|p2a: 究极辅助
|move|p2a: 究极辅助|Stealth Rock||[from]Magic Coat|[still]
|-fail|p2a: 究极辅助
|
|-weather|DesolateLand|[upkeep]
|upkeep
|turn|19
|
|t:|1662279881
|move|p2a: 究极辅助|Magic Coat|p2a: 究极辅助
|-singleturn|p2a: 究极辅助|move: Magic Coat
|move|p1a: Groudon|Stealth Rock|p2a: 究极辅助
|move|p2a: 究极辅助|Stealth Rock||[from]Magic Coat|[still]
|-fail|p2a: 究极辅助
|
|-weather|DesolateLand|[upkeep]
|upkeep
|turn|20
|
|t:|1662279886
|switch|p2a: 烈龙无敌|Rayquaza|100/100
|-ability|p2a: 烈龙无敌|Air Lock
|move|p1a: Groudon|Stealth Rock|p2a: 烈龙无敌
|-sidestart|p2: CLEAR GEM清瑜|move: Stealth Rock
|
|-weather|DesolateLand|[upkeep]
|upkeep
|turn|21
|
|t:|1662279889
|move|p2a: 烈龙无敌|Dragon Dance|p2a: 烈龙无敌
|-boost|p2a: 烈龙无敌|atk|1
|-boost|p2a: 烈龙无敌|spe|1
|move|p1a: Groudon|Roar|p2a: 烈龙无敌
|drag|p2a: 钢铁之躯|Necrozma-Dusk-Mane|100/100
|-damage|p2a: 钢铁之躯|94/100|[from] Stealth Rock
|
|-weather|DesolateLand|[upkeep]
|upkeep
|turn|22
|
|t:|1662279895
|switch|p2a: 烈龙无敌|Rayquaza|100/100
|-damage|p2a: 烈龙无敌|76/100|[from] Stealth Rock
|-ability|p2a: 烈龙无敌|Air Lock
|move|p1a: Groudon|Fire Punch|p2a: 烈龙无敌
|-resisted|p2a: 烈龙无敌
|-damage|p2a: 烈龙无敌|52/100
|
|-weather|DesolateLand|[upkeep]
|upkeep
|turn|23
|
|t:|1662279898
|detailschange|p2a: 烈龙无敌|Rayquaza-Mega
|-mega|p2a: 烈龙无敌|Rayquaza|
|-weather|DeltaStream|[from] ability: Delta Stream|[of] p2a: 烈龙无敌
|move|p2a: 烈龙无敌|Earthquake|p1a: Groudon
|-supereffective|p1a: Groudon
|-damage|p1a: Groudon|40/100
|move|p1a: Groudon|Roar|p2a: 烈龙无敌
|-weather|none
|drag|p2a: 不会(?)|Groudon|100/100
|-damage|p2a: 不会(?)|94/100|[from] Stealth Rock
|detailschange|p2a: 不会(?)|Groudon-Primal
|-primal|p2a: 不会(?)
|-weather|DesolateLand|[from] ability: Desolate Land|[of] p2a: 不会(?)
|
|-weather|DesolateLand|[upkeep]
|upkeep
|turn|24
|
|t:|1662279903
|move|p1a: Groudon|Earthquake|p2a: 不会(?)
|-supereffective|p2a: 不会(?)
|-damage|p2a: 不会(?)|19/100
|move|p2a: 不会(?)|Roar|p1a: Groudon
|drag|p1a: Zacian|Zacian-Crowned|100/100
|-damage|p1a: Zacian|94/100|[from] Stealth Rock
|-ability|p1a: Zacian|Intrepid Sword|boost
|-boost|p1a: Zacian|atk|1
|
|-weather|DesolateLand|[upkeep]
|upkeep
|turn|25
|
|t:|1662279906
|move|p1a: Zacian|Close Combat|p2a: 不会(?)
|-damage|p2a: 不会(?)|0 fnt
|-unboost|p1a: Zacian|def|1
|-unboost|p1a: Zacian|spd|1
|faint|p2a: 不会(?)
|-weather|none
|
|upkeep
|
|t:|1662279909
|switch|p2a: 钢铁之躯|Necrozma-Dusk-Mane|94/100
|-damage|p2a: 钢铁之躯|88/100|[from] Stealth Rock
|turn|26
|
|t:|1662279912
|detailschange|p2a: 钢铁之躯|Necrozma-Ultra
|-burst|p2a: 钢铁之躯|Necrozma|Ultranecrozium Z
|move|p1a: Zacian|Close Combat|p2a: 钢铁之躯
|-resisted|p2a: 钢铁之躯
|-damage|p2a: 钢铁之躯|51/100
|-unboost|p1a: Zacian|def|1
|-unboost|p1a: Zacian|spd|1
|move|p2a: 钢铁之躯|Dragon Dance|p2a: 钢铁之躯
|-boost|p2a: 钢铁之躯|atk|1
|-boost|p2a: 钢铁之躯|spe|1
|
|upkeep
|turn|27
|
|t:|1662279917
|move|p2a: 钢铁之躯|Earthquake|p1a: Zacian
|-supereffective|p1a: Zacian
|-damage|p1a: Zacian|0 fnt
|faint|p1a: Zacian
|
|upkeep
|
|t:|1662279922
|switch|p1a: Xerneas|Xerneas|100/100
|-damage|p1a: Xerneas|88/100|[from] Stealth Rock
|-ability|p1a: Xerneas|Fairy Aura
|turn|28
|
|t:|1662279924
|switch|p1a: Groudon|Groudon-Primal|40/100
|-damage|p1a: Groudon|27/100|[from] Stealth Rock
|-weather|DesolateLand|[from] ability: Desolate Land|[of] p1a: Groudon
|-zpower|p2a: 钢铁之躯
|move|p2a: 钢铁之躯|Light That Burns the Sky|p1a: Groudon|[zeffect]
|-damage|p1a: Groudon|0 fnt
|faint|p1a: Groudon
|-weather|none
|
|upkeep
|
|t:|1662279927
|switch|p1a: Xerneas|Xerneas|88/100
|-damage|p1a: Xerneas|75/100|[from] Stealth Rock
|-ability|p1a: Xerneas|Fairy Aura
|turn|29
|
|t:|1662279929
|-start|p1a: Xerneas|Dynamax|
|-heal|p1a: Xerneas|75/100|[silent]
|move|p2a: 钢铁之躯|Photon Geyser|p1a: Xerneas
|-damage|p1a: Xerneas|37/100
|move|p1a: Xerneas|Max Starfall|p2a: 钢铁之躯
|-supereffective|p2a: 钢铁之躯
|-damage|p2a: 钢铁之躯|0 fnt
|-fieldstart|move: Misty Terrain
|faint|p2a: 钢铁之躯
|
|upkeep
|
|t:|1662279935
|switch|p2a: 烈龙无敌|Rayquaza-Mega|52/100
|-damage|p2a: 烈龙无敌|28/100|[from] Stealth Rock
|-weather|DeltaStream|[from] ability: Delta Stream|[of] p2a: 烈龙无敌
|turn|30
|
|t:|1662279937
|move|p2a: 烈龙无敌|Extreme Speed|p1a: Xerneas
|-damage|p1a: Xerneas|22/100
|move|p1a: Xerneas|Max Starfall|p2a: 烈龙无敌
|-supereffective|p2a: 烈龙无敌
|-damage|p2a: 烈龙无敌|0 fnt
|faint|p2a: 烈龙无敌
|-weather|none
|
|upkeep
|
|t:|1662279942
|switch|p2a: 悬空羊驼|Arceus-Flying|100/100
|-damage|p2a: 悬空羊驼|76/100|[from] Stealth Rock
|turn|31
|
|t:|1662279944
|-start|p2a: 悬空羊驼|Dynamax|
|-heal|p2a: 悬空羊驼|76/100|[silent]
|move|p2a: 悬空羊驼|Max Guard|p2a: 悬空羊驼
|-singleturn|p2a: 悬空羊驼|Max Guard
|move|p1a: Xerneas|Max Starfall|p2a: 悬空羊驼
|-activate|p2a: 悬空羊驼|move: Max Guard
|
|upkeep
|-end|p1a: Xerneas|Dynamax
|-heal|p1a: Xerneas|22/100|[silent]
|turn|32
|
|t:|1662279946
|move|p2a: 悬空羊驼|Max Airstream|p1a: Xerneas
|-damage|p1a: Xerneas|0 fnt
|-boost|p2a: 悬空羊驼|spe|1
|faint|p1a: Xerneas
|
|upkeep
|
|t:|1662279951
|switch|p1a: Smeargle|Smeargle, F|100/100
|-damage|p1a: Smeargle|88/100|[from] Stealth Rock
|turn|33
|
|t:|1662279953
|move|p1a: Smeargle|Spiky Shield|p1a: Smeargle
|-singleturn|p1a: Smeargle|move: Protect
|move|p2a: 悬空羊驼|Max Airstream|p1a: Smeargle
|-zbroken|p1a: Smeargle
|-damage|p1a: Smeargle|49/100
|-boost|p2a: 悬空羊驼|spe|1
|
|-fieldend|Misty Terrain
|-ability|p1a: Smeargle|Moody|boost
|-boost|p1a: Smeargle|def|2
|-unboost|p1a: Smeargle|spa|1
|upkeep
|-end|p2a: 悬空羊驼|Dynamax
|-heal|p2a: 悬空羊驼|76/100|[silent]
|turn|34
|
|t:|1662279957
|move|p2a: 悬空羊驼|Judgment|p1a: Smeargle
|-damage|p1a: Smeargle|0 fnt
|faint|p1a: Smeargle
|
|upkeep
|
|t:|1662279960
|switch|p1a: Rayquaza|Rayquaza|100/100
|-damage|p1a: Rayquaza|76/100|[from] Stealth Rock
|-ability|p1a: Rayquaza|Air Lock
|turn|35
|
|t:|1662279963
|detailschange|p1a: Rayquaza|Rayquaza-Mega
|-mega|p1a: Rayquaza|Rayquaza|
|-weather|DeltaStream|[from] ability: Delta Stream|[of] p1a: Rayquaza
|move|p2a: 悬空羊驼|Judgment|p1a: Rayquaza
|-damage|p1a: Rayquaza|14/100
|move|p1a: Rayquaza|Dragon Dance|p1a: Rayquaza
|-boost|p1a: Rayquaza|atk|1
|-boost|p1a: Rayquaza|spe|1
|
|-weather|DeltaStream|[upkeep]
|upkeep
|turn|36
|
|t:|1662279966
|move|p1a: Rayquaza|Extreme Speed|p2a: 悬空羊驼
|-damage|p2a: 悬空羊驼|36/100
|move|p2a: 悬空羊驼|Judgment|p1a: Rayquaza
|-damage|p1a: Rayquaza|0 fnt
|faint|p1a: Rayquaza
|-weather|none
|
|upkeep
|
|t:|1662279968
|switch|p1a: Espeon|Espeon, F|100/100
|-damage|p1a: Espeon|88/100|[from] Stealth Rock
|turn|37
|
|t:|1662279972
|move|p2a: 悬空羊驼|Judgment|p1a: Espeon
|-damage|p1a: Espeon|8/100
|move|p1a: Espeon|Psychic|p2a: 悬空羊驼
|-damage|p2a: 悬空羊驼|2/100
|
|upkeep
|turn|38
|
|t:|1662279977
|move|p2a: 悬空羊驼|Judgment|p1a: Espeon
|-damage|p1a: Espeon|0 fnt
|faint|p1a: Espeon
|
|win|CLEAR GEM清瑜
|raw|amnael01's rating: 1815 &rarr; <strong>1791</strong><br />(-24 for losing)
|raw|CLEAR GEM清瑜's rating: 1746 &rarr; <strong>1770</strong><br />(+24 for winning)
|l|☆amnael01
