|j|☆Ahuehuehue
|j|☆Kirb245
|t:|1596468284
|player|p1|Ahuehuehue|266|1665
|player|p2|Kirb245|dawn|1500
|teamsize|p1|6
|teamsize|p2|6
|gametype|singles
|gen|8
|tier|[Gen 8] National Dex AG
|rated|
|clearpoke
|poke|p1|Tapu Lele|
|poke|p1|Deoxys-Attack|
|poke|p1|Necrozma-Dusk-Mane|
|poke|p1|Arceus-*|
|poke|p1|Mewtwo|
|poke|p1|Groudon|
|poke|p2|Xerneas|
|poke|p2|Gallade, M|
|poke|p2|Lunala|
|poke|p2|Necrozma-Dusk-Mane|
|poke|p2|Pheromosa|
|poke|p2|Zygarde|
|rule|HP Percentage Mod: HP is shown in percentages
|rule|Endless Battle Clause: Forcing endless battles is banned
|teampreview
|
|t:|1596468296
|start
|switch|p1a: Groudon|Groudon|100/100
|switch|p2a: Zygarde|Zygarde|100/100
|detailschange|p1a: Groudon|Groudon-Primal
|-primal|p1a: Groudon
|-weather|DesolateLand|[from] ability: Desolate Land|[of] p1a: Groudon
|turn|1
|
|t:|1596468300
|move|p2a: Zygarde|Dragon Dance|p2a: Zygarde
|-boost|p2a: Zygarde|atk|1
|-boost|p2a: Zygarde|spe|1
|move|p1a: Groudon|Stealth Rock|p2a: Zygarde
|-sidestart|p2: Kirb245|move: Stealth Rock
|
|-weather|DesolateLand|[upkeep]
|upkeep
|turn|2
|inactive|Battle timer is ON: inactive players will automatically lose when time's up. (requested by Kirb245)
|
|t:|1596468309
|-weather|none
|switch|p1a: Sary|Arceus-Fairy|100/100
|-start|p2a: Zygarde|Dynamax
|-heal|p2a: Zygarde|100/100|[silent]
|move|p2a: Zygarde|Max Quake|p1a: Sary
|-damage|p1a: Sary|10/100
|-boost|p2a: Zygarde|spd|1
|-damage|p2a: Zygarde|96/100|[from] item: Life Orb
|
|upkeep
|turn|3
|
|t:|1596468323
|move|p2a: Zygarde|Max Quake|p1a: Sary
|-damage|p1a: Sary|0 fnt
|-boost|p2a: Zygarde|spd|1
|-damage|p2a: Zygarde|91/100|[from] item: Life Orb
|faint|p1a: Sary
|
|upkeep
|
|t:|1596468328
|switch|p1a: Mewtwo|Mewtwo|100/100
|-ability|p1a: Mewtwo|Pressure
|turn|4
|
|t:|1596468335
|-start|p1a: Mewtwo|Dynamax
|-heal|p1a: Mewtwo|100/100|[silent]
|move|p2a: Zygarde|Max Quake|p1a: Mewtwo
|-damage|p1a: Mewtwo|36/100
|-boost|p2a: Zygarde|spd|1
|-damage|p2a: Zygarde|86/100|[from] item: Life Orb
|move|p1a: Mewtwo|Max Airstream|p2a: Zygarde
|-damage|p2a: Zygarde|72/100
|-boost|p1a: Mewtwo|spe|1
|-damage|p1a: Mewtwo|32/100|[from] item: Life Orb
|
|-end|p2a: Zygarde|Dynamax
|-heal|p2a: Zygarde|72/100|[silent]
|upkeep
|turn|5
|
|t:|1596468348
|move|p1a: Mewtwo|Max Hailstorm|p2a: Zygarde
|-supereffective|p2a: Zygarde
|-damage|p2a: Zygarde|0 fnt
|-weather|Hail
|-damage|p1a: Mewtwo|27/100|[from] item: Life Orb
|faint|p2a: Zygarde
|
|-weather|Hail|[upkeep]
|-damage|p1a: Mewtwo|23/100|[from] Hail
|upkeep
|
|t:|1596468359
|switch|p2a: Xerneas|Xerneas|100/100
|-damage|p2a: Xerneas|88/100|[from] Stealth Rock
|-ability|p2a: Xerneas|Fairy Aura
|turn|6
|
|t:|1596468365
|move|p1a: Mewtwo|Max Airstream|p2a: Xerneas
|-damage|p2a: Xerneas|36/100
|-boost|p1a: Mewtwo|spe|1
|-damage|p1a: Mewtwo|18/100|[from] item: Life Orb
|move|p2a: Xerneas|Geomancy||[still]
|-prepare|p2a: Xerneas|Geomancy
|-enditem|p2a: Xerneas|Power Herb
|-anim|p2a: Xerneas|Geomancy|p2a: Xerneas
|-boost|p2a: Xerneas|spa|2
|-boost|p2a: Xerneas|spd|2
|-boost|p2a: Xerneas|spe|2
|
|-weather|Hail|[upkeep]
|-damage|p1a: Mewtwo|15/100|[from] Hail
|-damage|p2a: Xerneas|30/100|[from] Hail
|-end|p1a: Mewtwo|Dynamax
|-heal|p1a: Mewtwo|16/100|[silent]
|upkeep
|turn|7
|
|t:|1596468375
|move|p1a: Mewtwo|Psystrike|p2a: Xerneas
|-damage|p2a: Xerneas|0 fnt
|-damage|p1a: Mewtwo|6/100|[from] item: Life Orb
|faint|p2a: Xerneas
|
|-weather|Hail|[upkeep]
|-damage|p1a: Mewtwo|0 fnt|[from] Hail
|faint|p1a: Mewtwo
|upkeep
|
|t:|1596468401
|switch|p1a: Groudon|Groudon-Primal|100/100
|switch|p2a: Gallade|Gallade, M|100/100
|-damage|p2a: Gallade|94/100|[from] Stealth Rock
|-weather|DesolateLand|[from] ability: Desolate Land|[of] p1a: Groudon
|turn|8
|inactive|Ahuehuehue has 120 seconds left.
|
|t:|1596468427
|-weather|none
|switch|p1a: Tapu Lele|Tapu Lele|100/100
|-fieldstart|move: Psychic Terrain|[from] ability: Psychic Surge|[of] p1a: Tapu Lele
|detailschange|p2a: Gallade|Gallade-Mega, M
|-mega|p2a: Gallade|Gallade|Galladite
|move|p2a: Gallade|Earthquake|p1a: Tapu Lele
|-damage|p1a: Tapu Lele|48/100
|
|upkeep
|turn|9
|inactive|Ahuehuehue has 120 seconds left.
|
|t:|1596468437
|move|p2a: Gallade|Earthquake|p1a: Tapu Lele
|-damage|p1a: Tapu Lele|0 fnt
|faint|p1a: Tapu Lele
|
|upkeep
|
|t:|1596468439
|switch|p1a: Necrozma|Necrozma-Dusk-Mane|100/100
|turn|10
|
|t:|1596468444
|move|p2a: Gallade|Knock Off|p1a: Necrozma
|-supereffective|p1a: Necrozma
|-damage|p1a: Necrozma|47/100
|-enditem|p1a: Necrozma|Weakness Policy
|-boost|p1a: Necrozma|atk|2|[from] item: Weakness Policy
|-boost|p1a: Necrozma|spa|2|[from] item: Weakness Policy
|move|p1a: Necrozma|Dragon Dance|p1a: Necrozma
|-boost|p1a: Necrozma|atk|1
|-boost|p1a: Necrozma|spe|1
|
|upkeep
|turn|11
|
|t:|1596468452
|move|p1a: Necrozma|Dragon Dance|p1a: Necrozma
|-boost|p1a: Necrozma|atk|1
|-boost|p1a: Necrozma|spe|1
|move|p2a: Gallade|Earthquake|p1a: Necrozma
|-supereffective|p1a: Necrozma
|-damage|p1a: Necrozma|0 fnt
|faint|p1a: Necrozma
|
|upkeep
|
|t:|1596468461
|switch|p1a: Deoxys|Deoxys-Attack|100/100
|-ability|p1a: Deoxys|Pressure
|turn|12
|
|t:|1596468466
|move|p1a: Deoxys|Psycho Boost|p2a: Gallade
|-damage|p2a: Gallade|0 fnt
|-unboost|p1a: Deoxys|spa|2
|-damage|p1a: Deoxys|91/100|[from] item: Life Orb
|faint|p2a: Gallade
|
|upkeep
|
|t:|1596468473
|switch|p2a: Lunala|Lunala|100/100
|-damage|p2a: Lunala|88/100|[from] Stealth Rock
|turn|13
|
|t:|1596468485
|switch|p1a: Groudon|Groudon-Primal|100/100
|-weather|DesolateLand|[from] ability: Desolate Land|[of] p1a: Groudon
|move|p2a: Lunala|Moongeist Beam|p1a: Groudon
|-damage|p1a: Groudon|60/100
|
|-weather|DesolateLand|[upkeep]
|-heal|p2a: Lunala|94/100|[from] item: Leftovers
|upkeep
|turn|14
|
|t:|1596468492
|move|p2a: Lunala|Moongeist Beam|p1a: Groudon
|-damage|p1a: Groudon|20/100
|move|p1a: Groudon|Precipice Blades|p2a: Lunala
|-crit|p2a: Lunala
|-damage|p2a: Lunala|16/100
|
|-weather|DesolateLand|[upkeep]
|-heal|p2a: Lunala|22/100|[from] item: Leftovers
|upkeep
|turn|15
|
|t:|1596468498
|move|p2a: Lunala|Moongeist Beam|p1a: Groudon
|-damage|p1a: Groudon|0 fnt
|faint|p1a: Groudon
|-weather|none
|
|-heal|p2a: Lunala|29/100|[from] item: Leftovers
|-fieldend|move: Psychic Terrain
|upkeep
|
|t:|1596468500
|switch|p1a: Deoxys|Deoxys-Attack|91/100
|-ability|p1a: Deoxys|Pressure
|turn|16
|-message|Ahuehuehue forfeited.
|
|win|Kirb245
|l|☆Ahuehuehue
