|j|☆Vixen 4 Life
|j|☆rarh2
|t:|1643409329
|gametype|singles
|player|p1|Vixen 4 Life|acerola|1558
|player|p2|rarh2|colress|1629
|teamsize|p1|6
|teamsize|p2|6
|gen|8
|tier|[Gen 8] National Dex AG
|rated|
|rule|HP Percentage Mod: HP is shown in percentages
|rule|Endless Battle Clause: Forcing endless battles is banned
|clearpoke
|poke|p1|Arcanine, F|
|poke|p1|Steelix, M|
|poke|p1|Eternatus|
|poke|p1|Ho-Oh|
|poke|p1|Blissey, F|
|poke|p1|Giratina|
|poke|p2|Calyrex-Shadow|
|poke|p2|Zacian-*|
|poke|p2|Ditto|
|poke|p2|Rayquaza|
|poke|p2|Xerneas-*|
|poke|p2|Smeargle, M|
|teampreview
|inactive|Battle timer is ON: inactive players will automatically lose when time's up. (requested by rarh2)
|
|t:|1643409339
|start
|switch|p1a: Tanky Snek|Steelix, M|100/100
|switch|p2a: Smeargle|Smeargle, M|100/100
|turn|1
|
|t:|1643409347
|move|p2a: Smeargle|Taunt|p1a: Tanky Snek
|-start|p1a: Tanky Snek|move: Taunt
|cant|p1a: Tanky Snek|move: Taunt|Stealth Rock
|
|upkeep
|turn|2
|
|t:|1643409358
|move|p2a: Smeargle|Sticky Web|p1a: Tanky Snek
|-sidestart|p1: Vixen 4 Life|move: Sticky Web
|move|p1a: Tanky Snek|Gyro Ball|p2a: Smeargle
|-enditem|p2a: Smeargle|Focus Sash
|-damage|p2a: Smeargle|1/100
|
|upkeep
|turn|3
|
|t:|1643409363
|move|p2a: Smeargle|Rapid Spin|p1a: Tanky Snek
|-resisted|p1a: Tanky Snek
|-damage|p1a: Tanky Snek|96/100
|-boost|p2a: Smeargle|spe|1
|move|p1a: Tanky Snek|Earthquake|p2a: Smeargle
|-damage|p2a: Smeargle|0 fnt
|faint|p2a: Smeargle
|
|-heal|p1a: Tanky Snek|100/100|[from] item: Leftovers
|-end|p1a: Tanky Snek|move: Taunt
|upkeep
|
|t:|1643409381
|switch|p2a: Calyrex|Calyrex-Shadow|100/100
|-ability|p2a: Calyrex|As One
|-ability|p2a: Calyrex|Unnerve
|turn|4
|
|t:|1643409387
|switch|p1a: Tax Evasion|Blissey, F|100/100
|-activate|p1a: Tax Evasion|move: Sticky Web
|-unboost|p1a: Tax Evasion|spe|1
|move|p2a: Calyrex|Astral Barrage|p1a: Tax Evasion
|-immune|p1a: Tax Evasion
|
|upkeep
|turn|5
|
|t:|1643409391
|switch|p2a: Zacian|Zacian-Crowned|100/100
|-ability|p2a: Zacian|Intrepid Sword|boost
|-boost|p2a: Zacian|atk|1
|move|p1a: Tax Evasion|Substitute|p1a: Tax Evasion
|-start|p1a: Tax Evasion|Substitute
|-damage|p1a: Tax Evasion|75/100
|
|-heal|p1a: Tax Evasion|82/100|[from] item: Leftovers
|upkeep
|turn|6
|
|t:|1643409393
|move|p2a: Zacian|Behemoth Blade|p1a: Tax Evasion
|-end|p1a: Tax Evasion|Substitute
|move|p1a: Tax Evasion|Flamethrower|p2a: Zacian
|-supereffective|p2a: Zacian
|-damage|p2a: Zacian|58/100
|-status|p2a: Zacian|brn
|
|-heal|p1a: Tax Evasion|88/100|[from] item: Leftovers
|-damage|p2a: Zacian|52/100 brn|[from] brn
|upkeep
|turn|7
|
|t:|1643409404
|switch|p1a: Tanky Snek|Steelix, M|100/100
|-activate|p1a: Tanky Snek|move: Sticky Web
|-unboost|p1a: Tanky Snek|spe|1
|move|p2a: Zacian|Behemoth Blade|p1a: Tanky Snek
|-resisted|p1a: Tanky Snek
|-damage|p1a: Tanky Snek|88/100
|
|-heal|p1a: Tanky Snek|94/100|[from] item: Leftovers
|-damage|p2a: Zacian|46/100 brn|[from] brn
|upkeep
|turn|8
|
|t:|1643409411
|move|p2a: Zacian|Close Combat|p1a: Tanky Snek
|-supereffective|p1a: Tanky Snek
|-damage|p1a: Tanky Snek|56/100
|-unboost|p2a: Zacian|def|1
|-unboost|p2a: Zacian|spd|1
|move|p1a: Tanky Snek|Stealth Rock|p2a: Zacian
|-sidestart|p2: rarh2|move: Stealth Rock
|
|-heal|p1a: Tanky Snek|62/100|[from] item: Leftovers
|-damage|p2a: Zacian|40/100 brn|[from] brn
|upkeep
|turn|9
|
|t:|1643409415
|move|p2a: Zacian|Close Combat|p1a: Tanky Snek
|-supereffective|p1a: Tanky Snek
|-damage|p1a: Tanky Snek|21/100
|-unboost|p2a: Zacian|def|1
|-unboost|p2a: Zacian|spd|1
|move|p1a: Tanky Snek|Earthquake|p2a: Zacian
|-supereffective|p2a: Zacian
|-crit|p2a: Zacian
|-damage|p2a: Zacian|0 fnt
|faint|p2a: Zacian
|
|-heal|p1a: Tanky Snek|28/100|[from] item: Leftovers
|upkeep
|
|t:|1643409423
|switch|p2a: Calyrex|Calyrex-Shadow|100/100
|-ability|p2a: Calyrex|As One
|-ability|p2a: Calyrex|Unnerve
|-damage|p2a: Calyrex|88/100|[from] Stealth Rock
|turn|10
|
|t:|1643409426
|move|p2a: Calyrex|Psyshock|p1a: Tanky Snek
|-resisted|p1a: Tanky Snek
|-damage|p1a: Tanky Snek|9/100
|move|p1a: Tanky Snek|Gyro Ball|p2a: Calyrex
|-damage|p2a: Calyrex|30/100
|
|-heal|p1a: Tanky Snek|15/100|[from] item: Leftovers
|upkeep
|turn|11
|
|t:|1643409434
|switch|p1a: Tax Evasion|Blissey, F|88/100
|-activate|p1a: Tax Evasion|move: Sticky Web
|-unboost|p1a: Tax Evasion|spe|1
|move|p2a: Calyrex|Psyshock|p1a: Tax Evasion
|-damage|p1a: Tax Evasion|0 fnt
|faint|p1a: Tax Evasion
|-ability|p2a: Calyrex|Grim Neigh|boost
|-boost|p2a: Calyrex|spa|1
|
|upkeep
|
|t:|1643409439
|switch|p1a: Bird Up|Ho-Oh|100/100
|turn|12
|
|t:|1643409442
|switch|p2a: Ditto|Ditto|100/100
|-damage|p2a: Ditto|88/100|[from] Stealth Rock
|-transform|p2a: Ditto|p1a: Bird Up|[from] ability: Imposter
|-start|p1a: Bird Up|Dynamax
|-heal|p1a: Bird Up|100/100|[silent]
|move|p1a: Bird Up|Max Airstream|p2a: Ditto
|-damage|p2a: Ditto|34/100
|-boost|p1a: Bird Up|spe|1
|
|upkeep
|turn|13
|
|t:|1643409449
|move|p1a: Bird Up|Max Airstream|p2a: Ditto
|-damage|p2a: Ditto|0 fnt
|-boost|p1a: Bird Up|spe|1
|faint|p2a: Ditto
|
|upkeep
|
|t:|1643409457
|switch|p2a: Rayquaza|Rayquaza|100/100
|-damage|p2a: Rayquaza|76/100|[from] Stealth Rock
|-ability|p2a: Rayquaza|Air Lock
|turn|14
|
|t:|1643409462
|detailschange|p2a: Rayquaza|Rayquaza-Mega
|-mega|p2a: Rayquaza|Rayquaza|
|-weather|DeltaStream|[from] ability: Delta Stream|[of] p2a: Rayquaza
|move|p1a: Bird Up|Max Airstream|p2a: Rayquaza
|-damage|p2a: Rayquaza|15/100
|-boost|p1a: Bird Up|spe|1
|move|p2a: Rayquaza|Dragon Ascent|p1a: Bird Up
|-damage|p1a: Bird Up|63/100
|-unboost|p2a: Rayquaza|def|1
|-unboost|p2a: Rayquaza|spd|1
|-damage|p2a: Rayquaza|5/100|[from] item: Life Orb
|
|-weather|DeltaStream|[upkeep]
|-end|p1a: Bird Up|Dynamax
|-heal|p1a: Bird Up|63/100|[silent]
|upkeep
|turn|15
|
|t:|1643409473
|move|p2a: Rayquaza|Extreme Speed|p1a: Bird Up
|-damage|p1a: Bird Up|28/100
|-damage|p2a: Rayquaza|0 fnt|[from] item: Life Orb
|faint|p2a: Rayquaza
|-weather|none
|move|p1a: Bird Up|Roost|p1a: Bird Up
|-heal|p1a: Bird Up|78/100
|-singleturn|p1a: Bird Up|move: Roost
|
|upkeep
|
|t:|1643409480
|switch|p2a: Xerneas|Xerneas|100/100
|-damage|p2a: Xerneas|88/100|[from] Stealth Rock
|-ability|p2a: Xerneas|Fairy Aura
|turn|16
|
|t:|1643409482
|move|p1a: Bird Up|Sacred Fire|p2a: Xerneas
|-damage|p2a: Xerneas|48/100
|-status|p2a: Xerneas|brn
|move|p2a: Xerneas|Geomancy||[still]
|-prepare|p2a: Xerneas|Geomancy
|-enditem|p2a: Xerneas|Power Herb
|-anim|p2a: Xerneas|Geomancy|p2a: Xerneas
|-boost|p2a: Xerneas|spa|2
|-boost|p2a: Xerneas|spd|2
|-boost|p2a: Xerneas|spe|2
|
|-damage|p2a: Xerneas|42/100 brn|[from] brn
|upkeep
|turn|17
|
|t:|1643409486
|-start|p2a: Xerneas|Dynamax
|-heal|p2a: Xerneas|42/100 brn|[silent]
|move|p2a: Xerneas|Max Lightning|p1a: Bird Up
|-supereffective|p1a: Bird Up
|-damage|p1a: Bird Up|0 fnt
|-fieldstart|move: Electric Terrain
|faint|p1a: Bird Up
|
|-damage|p2a: Xerneas|39/100 brn|[from] brn
|upkeep
|
|t:|1643409493
|switch|p1a: Arcanine|Arcanine, F|100/100
|-activate|p1a: Arcanine|move: Sticky Web
|-unboost|p1a: Arcanine|spe|1
|-ability|p1a: Arcanine|Intimidate|boost
|-unboost|p2a: Xerneas|atk|1
|turn|18
|
|t:|1643409497
|move|p2a: Xerneas|Max Starfall|p1a: Arcanine
|-resisted|p1a: Arcanine
|-damage|p1a: Arcanine|6/100
|-fieldstart|move: Misty Terrain
|move|p1a: Arcanine|Flare Blitz|p2a: Xerneas
|-damage|p2a: Xerneas|18/100 brn
|-damage|p1a: Arcanine|0 fnt|[from] Recoil
|faint|p1a: Arcanine
|
|-damage|p2a: Xerneas|15/100 brn|[from] brn
|upkeep
|
|t:|1643409500
|switch|p1a: Tanky Snek|Steelix, M|15/100
|-activate|p1a: Tanky Snek|move: Sticky Web
|-unboost|p1a: Tanky Snek|spe|1
|turn|19
|
|t:|1643409502
|move|p2a: Xerneas|Max Starfall|p1a: Tanky Snek
|-resisted|p1a: Tanky Snek
|-damage|p1a: Tanky Snek|0 fnt
|faint|p1a: Tanky Snek
|
|-damage|p2a: Xerneas|12/100 brn|[from] brn
|-end|p2a: Xerneas|Dynamax
|-heal|p2a: Xerneas|12/100 brn|[silent]
|upkeep
|
|t:|1643409504
|switch|p1a: IT CAME FROM SPACE|Eternatus|100/100
|-activate|p1a: IT CAME FROM SPACE|move: Sticky Web
|-unboost|p1a: IT CAME FROM SPACE|spe|1
|-ability|p1a: IT CAME FROM SPACE|Pressure
|turn|20
|
|t:|1643409507
|move|p2a: Xerneas|Moonblast|p1a: IT CAME FROM SPACE
|-damage|p1a: IT CAME FROM SPACE|17/100
|move|p1a: IT CAME FROM SPACE|Recover|p1a: IT CAME FROM SPACE
|-heal|p1a: IT CAME FROM SPACE|67/100
|
|-heal|p1a: IT CAME FROM SPACE|73/100|[from] item: Black Sludge
|-damage|p2a: Xerneas|6/100 brn|[from] brn
|upkeep
|turn|21
|
|t:|1643409510
|move|p2a: Xerneas|Moonblast|p1a: IT CAME FROM SPACE
|-damage|p1a: IT CAME FROM SPACE|0 fnt
|faint|p1a: IT CAME FROM SPACE
|
|-damage|p2a: Xerneas|0 fnt|[from] brn
|faint|p2a: Xerneas
|upkeep
|
|t:|1643409511
|switch|p2a: Calyrex|Calyrex-Shadow|30/100
|switch|p1a: Eldrich Being|Giratina|100/100
|-ability|p2a: Calyrex|As One
|-ability|p2a: Calyrex|Unnerve
|-damage|p2a: Calyrex|18/100|[from] Stealth Rock
|-activate|p1a: Eldrich Being|move: Sticky Web
|-unboost|p1a: Eldrich Being|spe|1
|-ability|p1a: Eldrich Being|Pressure
|turn|22
|
|t:|1643409513
|move|p2a: Calyrex|Astral Barrage|p1a: Eldrich Being
|-supereffective|p1a: Eldrich Being
|-damage|p1a: Eldrich Being|0 fnt
|faint|p1a: Eldrich Being
|
|win|rarh2
|raw|Vixen 4 Life's rating: 1558 &rarr; <strong>1542</strong><br />(-16 for losing)
|raw|rarh2's rating: 1629 &rarr; <strong>1645</strong><br />(+16 for winning)
|c|☆rarh2|ggs
|l|☆Vixen 4 Life
|j| Maelysca
|l| Maelysca
