|j|☆Lazy#4341 on cord
|j|☆Dominator296
|t:|1661703243
|gametype|singles
|player|p1|Lazy#4341 on cord|brawly|1777
|player|p2|Dominator296|alder|1906
|teamsize|p1|6
|teamsize|p2|6
|gen|8
|tier|[Gen 8] National Dex AG
|rated|
|rule|HP Percentage Mod: HP is shown in percentages
|rule|Endless Battle Clause: Forcing endless battles is banned
|clearpoke
|poke|p1|Kyurem-White|
|poke|p1|Necrozma-Dusk-Mane|
|poke|p1|Muk-Alola, M|
|poke|p1|Zygarde|
|poke|p1|Zacian-*|
|poke|p1|Ho-Oh|
|poke|p2|Kyogre|
|poke|p2|Groudon|
|poke|p2|Tyranitar, F|
|poke|p2|Necrozma-Dusk-Mane|
|poke|p2|Arceus-*|
|poke|p2|Arceus-*|
|teampreview
|inactive|Battle timer is ON: inactive players will automatically lose when time's up. (requested by Lazy#4341 on cord)
|
|t:|1661703283
|start
|switch|p1a: Koenma|Zygarde, shiny|100/100
|switch|p2a: Necrozma|Necrozma-Dusk-Mane|100/100
|turn|1
|
|t:|1661703294
|detailschange|p2a: Necrozma|Necrozma-Ultra
|-burst|p2a: Necrozma|Necrozma|Ultranecrozium Z
|move|p2a: Necrozma|Stealth Rock|p1a: Koenma
|-sidestart|p1: Lazy#4341 on cord|move: Stealth Rock
|move|p1a: Koenma|Glare|p2a: Necrozma
|-status|p2a: Necrozma|par
|
|upkeep
|turn|2
|
|t:|1661703301
|move|p1a: Koenma|Coil|p1a: Koenma
|-boost|p1a: Koenma|atk|1
|-boost|p1a: Koenma|def|1
|-boost|p1a: Koenma|accuracy|1
|-zpower|p2a: Necrozma
|move|p2a: Necrozma|Light That Burns the Sky|p1a: Koenma|[zeffect]
|-damage|p1a: Koenma|50/100
|
|-heal|p1a: Koenma|56/100|[from] item: Leftovers
|upkeep
|turn|3
|
|t:|1661703305
|switch|p2a: Kyogre|Kyogre|100/100
|-weather|RainDance|[from] ability: Drizzle|[of] p2a: Kyogre
|move|p1a: Koenma|Thousand Arrows|p2a: Kyogre
|-damage|p2a: Kyogre|49/100
|
|-weather|RainDance|[upkeep]
|-heal|p1a: Koenma|62/100|[from] item: Leftovers
|upkeep
|turn|4
|
|t:|1661703315
|switch|p1a: Genkai|Muk-Alola, M, shiny|100/100
|-damage|p1a: Genkai|88/100|[from] Stealth Rock
|move|p2a: Kyogre|Ice Beam|p1a: Genkai
|-damage|p1a: Genkai|71/100
|
|-weather|RainDance|[upkeep]
|upkeep
|turn|5
|
|t:|1661703334
|-activate|p2a: Kyogre|move: Pursuit
|move|p1a: Genkai|Pursuit|p2a: Kyogre|[from]Pursuit
|-damage|p2a: Kyogre|9/100
|switch|p2a: Necrozma|Necrozma-Ultra|100/100 par
|
|-weather|RainDance|[upkeep]
|upkeep
|turn|6
|
|t:|1661703342
|cant|p2a: Necrozma|par
|move|p1a: Genkai|Knock Off|p2a: Necrozma
|-supereffective|p2a: Necrozma
|-damage|p2a: Necrozma|54/100 par
|
|-weather|RainDance|[upkeep]
|upkeep
|turn|7
|
|t:|1661703349
|switch|p1a: Kurama|Ho-Oh, shiny|100/100
|move|p2a: Necrozma|Thunder Wave|p1a: Kurama
|-status|p1a: Kurama|par
|
|-weather|none
|upkeep
|turn|8
|
|t:|1661703354
|cant|p2a: Necrozma|par
|move|p1a: Kurama|Defog|p2a: Necrozma
|-unboost|p2a: Necrozma|evasion|1
|-sideend|p1: Lazy#4341 on cord|Stealth Rock|[from] move: Defog|[of] p1a: Kurama
|
|upkeep
|turn|9
|
|t:|1661703358
|switch|p1a: Koenma|Zygarde, shiny|62/100
|move|p2a: Necrozma|Stealth Rock|p1a: Koenma
|-sidestart|p1: Lazy#4341 on cord|move: Stealth Rock
|
|-heal|p1a: Koenma|69/100|[from] item: Leftovers
|upkeep
|turn|10
|
|t:|1661703366
|switch|p2a: Kyogre|Kyogre|9/100
|-weather|RainDance|[from] ability: Drizzle|[of] p2a: Kyogre
|move|p1a: Koenma|Thousand Arrows|p2a: Kyogre
|-damage|p2a: Kyogre|0 fnt
|faint|p2a: Kyogre
|
|-weather|RainDance|[upkeep]
|-heal|p1a: Koenma|75/100|[from] item: Leftovers
|upkeep
|
|t:|1661703375
|switch|p2a: Arceus|Arceus, shiny|100/100
|turn|11
|
|t:|1661703383
|switch|p1a: Kurama|Ho-Oh, shiny|100/100 par
|move|p2a: Arceus|Swords Dance|p2a: Arceus
|-boost|p2a: Arceus|atk|2
|
|-weather|RainDance|[upkeep]
|upkeep
|turn|12
|
|t:|1661703386
|move|p2a: Arceus|Extreme Speed|p1a: Kurama
|-damage|p1a: Kurama|6/100 par
|cant|p1a: Kurama|par
|
|-weather|RainDance|[upkeep]
|upkeep
|turn|13
|
|t:|1661703392
|switch|p1a: Kuwabara|Necrozma-Dusk-Mane, shiny|100/100
|-damage|p1a: Kuwabara|94/100|[from] Stealth Rock
|move|p2a: Arceus|Extreme Speed|p1a: Kuwabara
|-resisted|p1a: Kuwabara
|-damage|p1a: Kuwabara|67/100
|-damage|p2a: Arceus|84/100|[from] item: Rocky Helmet|[of] p1a: Kuwabara
|
|-weather|RainDance|[upkeep]
|upkeep
|turn|14
|
|t:|1661703408
|-start|p1a: Kuwabara|Dynamax|
|-heal|p1a: Kuwabara|67/100|[silent]
|move|p2a: Arceus|Swords Dance|p2a: Arceus
|-boost|p2a: Arceus|atk|2
|move|p1a: Kuwabara|Max Steelspike|p2a: Arceus
|-damage|p2a: Arceus|40/100
|-boost|p1a: Kuwabara|def|1
|
|-weather|none
|upkeep
|turn|15
|
|t:|1661703412
|move|p2a: Arceus|Recover|p2a: Arceus
|-heal|p2a: Arceus|90/100
|move|p1a: Kuwabara|Max Steelspike|p2a: Arceus
|-damage|p2a: Arceus|44/100
|-boost|p1a: Kuwabara|def|1
|
|upkeep
|turn|16
|
|t:|1661703415
|move|p2a: Arceus|Recover|p2a: Arceus
|-heal|p2a: Arceus|94/100
|move|p1a: Kuwabara|Max Steelspike|p2a: Arceus
|-damage|p2a: Arceus|48/100
|-boost|p1a: Kuwabara|def|1
|
|upkeep
|-end|p1a: Kuwabara|Dynamax
|-heal|p1a: Kuwabara|67/100|[silent]
|turn|17
|
|t:|1661703419
|move|p2a: Arceus|Recover|p2a: Arceus
|-heal|p2a: Arceus|98/100
|move|p1a: Kuwabara|Knock Off|p2a: Arceus
|-damage|p2a: Arceus|76/100
|-enditem|p2a: Arceus|Silk Scarf|[from] move: Knock Off|[of] p1a: Kuwabara
|
|upkeep
|turn|18
|
|t:|1661703424
|move|p2a: Arceus|Swords Dance|p2a: Arceus
|-boost|p2a: Arceus|atk|2
|move|p1a: Kuwabara|Morning Sun|p1a: Kuwabara
|-heal|p1a: Kuwabara|100/100
|
|upkeep
|turn|19
|
|t:|1661703434
|-start|p2a: Arceus|Dynamax|
|-heal|p2a: Arceus|76/100|[silent]
|move|p2a: Arceus|Max Phantasm|p1a: Kuwabara
|-supereffective|p1a: Kuwabara
|-damage|p1a: Kuwabara|43/100
|-unboost|p1a: Kuwabara|def|1
|move|p1a: Kuwabara|Sunsteel Strike|p2a: Arceus
|-damage|p2a: Arceus|59/100
|
|upkeep
|turn|20
|
|t:|1661703449
|move|p2a: Arceus|Max Phantasm|p1a: Kuwabara
|-supereffective|p1a: Kuwabara
|-damage|p1a: Kuwabara|0 fnt
|faint|p1a: Kuwabara
|
|upkeep
|
|t:|1661703451
|switch|p1a: Hiei|Zacian-Crowned, shiny|100/100
|-damage|p1a: Hiei|94/100|[from] Stealth Rock
|-ability|p1a: Hiei|Intrepid Sword|boost
|-boost|p1a: Hiei|atk|1
|turn|21
|
|t:|1661703465
|move|p1a: Hiei|Behemoth Blade|p2a: Arceus
|-damage|p2a: Arceus|0 fnt
|faint|p2a: Arceus
|
|upkeep
|
|t:|1661703470
|switch|p2a: Groudon|Groudon|100/100
|detailschange|p2a: Groudon|Groudon-Primal
|-primal|p2a: Groudon
|-weather|DesolateLand|[from] ability: Desolate Land|[of] p2a: Groudon
|turn|22
|
|t:|1661703475
|switch|p1a: Koenma|Zygarde, shiny|75/100
|-damage|p1a: Koenma|69/100|[from] Stealth Rock
|move|p2a: Groudon|Rock Polish|p2a: Groudon
|-boost|p2a: Groudon|spe|2
|
|-weather|DesolateLand|[upkeep]
|-heal|p1a: Koenma|75/100|[from] item: Leftovers
|upkeep
|turn|23
|
|t:|1661703477
|move|p2a: Groudon|Precipice Blades|p1a: Koenma|[miss]
|-miss|p2a: Groudon|p1a: Koenma
|move|p1a: Koenma|Glare|p2a: Groudon
|-status|p2a: Groudon|par
|
|-weather|DesolateLand|[upkeep]
|-heal|p1a: Koenma|81/100|[from] item: Leftovers
|upkeep
|turn|24
|
|t:|1661703479
|move|p1a: Koenma|Thousand Arrows|p2a: Groudon
|-supereffective|p2a: Groudon
|-damage|p2a: Groudon|65/100 par
|move|p2a: Groudon|Precipice Blades|p1a: Koenma
|-damage|p1a: Koenma|37/100
|
|-weather|DesolateLand|[upkeep]
|-heal|p1a: Koenma|43/100|[from] item: Leftovers
|-activate|p1a: Koenma|ability: Power Construct
|detailschange|p1a: Koenma|Zygarde-Complete, shiny
|-heal|p1a: Koenma|63/100|[silent]
|upkeep
|turn|25
|
|t:|1661703482
|cant|p2a: Groudon|par
|move|p1a: Koenma|Thousand Arrows|p2a: Groudon
|-supereffective|p2a: Groudon
|-crit|p2a: Groudon
|-damage|p2a: Groudon|13/100 par
|
|-weather|DesolateLand|[upkeep]
|-heal|p1a: Koenma|69/100|[from] item: Leftovers
|upkeep
|turn|26
|
|t:|1661703485
|move|p2a: Groudon|Precipice Blades|p1a: Koenma
|-damage|p1a: Koenma|41/100
|move|p1a: Koenma|Thousand Arrows|p2a: Groudon
|-supereffective|p2a: Groudon
|-damage|p2a: Groudon|0 fnt
|faint|p2a: Groudon
|-weather|none
|
|-heal|p1a: Koenma|47/100|[from] item: Leftovers
|upkeep
|
|t:|1661703491
|switch|p2a: Arceus|Arceus-Flying|100/100
|turn|27
|
|t:|1661703494
|move|p2a: Arceus|Calm Mind|p2a: Arceus
|-boost|p2a: Arceus|spa|1
|-boost|p2a: Arceus|spd|1
|move|p1a: Koenma|Glare|p2a: Arceus
|-status|p2a: Arceus|par
|
|-heal|p1a: Koenma|53/100|[from] item: Leftovers
|upkeep
|turn|28
|
|t:|1661703497
|switch|p1a: Kurama|Ho-Oh, shiny|39/100 par
|move|p2a: Arceus|Calm Mind|p2a: Arceus
|-boost|p2a: Arceus|spa|1
|-boost|p2a: Arceus|spd|1
|
|upkeep
|turn|29
|
|t:|1661703500
|move|p2a: Arceus|Judgment|p1a: Kurama
|-damage|p1a: Kurama|0 fnt
|faint|p1a: Kurama
|
|upkeep
|
|t:|1661703507
|switch|p1a: Yusuke|Kyurem-White, shiny|100/100
|-damage|p1a: Yusuke|76/100|[from] Stealth Rock
|-ability|p1a: Yusuke|Turboblaze
|turn|30
|
|t:|1661703513
|move|p1a: Yusuke|Ice Beam|p2a: Arceus
|-supereffective|p2a: Arceus
|-damage|p2a: Arceus|43/100 par
|move|p2a: Arceus|Refresh|p2a: Arceus
|-curestatus|p2a: Arceus|par|[msg]
|
|upkeep
|turn|31
|
|t:|1661703516
|move|p1a: Yusuke|Ice Beam|p2a: Arceus
|-supereffective|p2a: Arceus
|-damage|p2a: Arceus|0 fnt
|faint|p2a: Arceus
|
|upkeep
|
|t:|1661703520
|switch|p2a: Tyranitar|Tyranitar, F|100/100
|-weather|Sandstorm|[from] ability: Sand Stream|[of] p2a: Tyranitar
|turn|32
|
|t:|1661703524
|switch|p1a: Koenma|Zygarde-Complete, shiny|53/100
|-damage|p1a: Koenma|47/100|[from] Stealth Rock
|detailschange|p2a: Tyranitar|Tyranitar-Mega, F
|-mega|p2a: Tyranitar|Tyranitar|Tyranitarite
|move|p2a: Tyranitar|Rock Slide|p1a: Koenma
|-resisted|p1a: Koenma
|-damage|p1a: Koenma|38/100
|
|-weather|Sandstorm|[upkeep]
|-heal|p1a: Koenma|44/100|[from] item: Leftovers
|upkeep
|turn|33
|
|t:|1661703528
|move|p1a: Koenma|Coil|p1a: Koenma
|-boost|p1a: Koenma|atk|1
|-boost|p1a: Koenma|def|1
|-boost|p1a: Koenma|accuracy|1
|move|p2a: Tyranitar|Crunch|p1a: Koenma
|-damage|p1a: Koenma|31/100
|
|-weather|Sandstorm|[upkeep]
|-heal|p1a: Koenma|38/100|[from] item: Leftovers
|upkeep
|turn|34
|-message|Dominator296 forfeited.
|
|win|Lazy#4341 on cord
|raw|Lazy#4341 on cord's rating: 1777 &rarr; <strong>1804</strong><br />(+27 for winning)
|raw|Dominator296's rating: 1906 &rarr; <strong>1879</strong><br />(-27 for losing)
|l|☆Dominator296
||Ladder isn't responding, score probably updated but might not have (Request timeout).
