|j|☆soda49
|j|☆amnael1
|t:|1642194376
|gametype|singles
|player|p1|soda49|266|1679
|player|p2|amnael1|dawn|1809
|teamsize|p1|6
|teamsize|p2|6
|gen|8
|tier|[Gen 8] National Dex AG
|rated|
|rule|HP Percentage Mod: HP is shown in percentages
|rule|Endless Battle Clause: Forcing endless battles is banned
|clearpoke
|poke|p1|Smeargle, M|
|poke|p1|Charizard, F|
|poke|p1|Mimikyu, M|
|poke|p1|Thundurus, M|
|poke|p1|Calyrex-Shadow|
|poke|p1|Yveltal|
|poke|p2|Smeargle, M|
|poke|p2|Espeon, F|
|poke|p2|Groudon|
|poke|p2|Rayquaza|
|poke|p2|Xerneas-*|
|poke|p2|Zacian-*|
|teampreview
|inactive|Battle timer is ON: inactive players will automatically lose when time's up. (requested by soda49)
|
|t:|1642194391
|start
|switch|p1a: Charizard|Charizard, F|100/100
|switch|p2a: Rayquaza|Rayquaza|100/100
|-ability|p2a: Rayquaza|Air Lock
|turn|1
|
|t:|1642194409
|detailschange|p2a: Rayquaza|Rayquaza-Mega
|-mega|p2a: Rayquaza|Rayquaza|
|-weather|DeltaStream|[from] ability: Delta Stream|[of] p2a: Rayquaza
|-start|p1a: Charizard|Dynamax
|-formechange|p1a: Charizard|Charizard-Gmax
|-heal|p1a: Charizard|100/100|[silent]
|move|p2a: Rayquaza|Dragon Ascent|p1a: Charizard
|-damage|p1a: Charizard|43/100
|-unboost|p2a: Rayquaza|def|1
|-unboost|p2a: Rayquaza|spd|1
|move|p1a: Charizard|Max Airstream|p2a: Rayquaza
|-damage|p2a: Rayquaza|7/100
|-boost|p1a: Charizard|spe|1
|
|-weather|DeltaStream|[upkeep]
|upkeep
|turn|2
|
|t:|1642194423
|move|p2a: Rayquaza|Extreme Speed|p1a: Charizard
|-damage|p1a: Charizard|19/100
|move|p1a: Charizard|G-Max Wildfire|p2a: Rayquaza
|-resisted|p2a: Rayquaza
|-damage|p2a: Rayquaza|0 fnt
|-sidestart|p2: amnael1|G-Max Wildfire
|faint|p2a: Rayquaza
|-weather|none
|
|upkeep
|
|t:|1642194428
|switch|p2a: Espeon|Espeon, F|100/100
|turn|3
|
|t:|1642194433
|move|p1a: Charizard|G-Max Wildfire|p2a: Espeon
|-damage|p2a: Espeon|5/100
|move|p2a: Espeon|Psychic|p1a: Charizard
|-damage|p1a: Charizard|0 fnt
|faint|p1a: Charizard
|
|-damage|p2a: Espeon|0 fnt|[from] G-Max Wildfire
|faint|p2a: Espeon
|upkeep
|
|t:|1642194453
|switch|p2a: Groudon|Groudon|100/100
|switch|p1a: Thundurus|Thundurus, M|100/100
|detailschange|p2a: Groudon|Groudon-Primal
|-primal|p2a: Groudon
|-weather|DesolateLand|[from] ability: Desolate Land|[of] p2a: Groudon
|turn|4
|
|t:|1642194456
|move|p1a: Thundurus|Taunt|p2a: Groudon
|-start|p2a: Groudon|move: Taunt
|cant|p2a: Groudon|move: Taunt|Stealth Rock
|
|-weather|DesolateLand|[upkeep]
|upkeep
|turn|5
|
|t:|1642194467
|move|p1a: Thundurus|Scary Face|p2a: Groudon
|-unboost|p2a: Groudon|spe|2
|move|p2a: Groudon|Fire Punch|p1a: Thundurus
|-damage|p1a: Thundurus|0 fnt
|faint|p1a: Thundurus
|
|-weather|DesolateLand|[upkeep]
|-sideend|p2: amnael1|G-Max Wildfire
|upkeep
|
|t:|1642194471
|switch|p1a: The wobbler|Smeargle, M|100/100
|turn|6
|
|t:|1642194475
|-weather|none
|switch|p2a: Zacian|Zacian-Crowned|100/100
|-ability|p2a: Zacian|Intrepid Sword|boost
|-boost|p2a: Zacian|atk|1
|move|p1a: The wobbler|Spore|p2a: Zacian
|-status|p2a: Zacian|slp|[from] move: Spore
|
|-ability|p1a: The wobbler|Moody|boost
|-boost|p1a: The wobbler|spe|2
|-unboost|p1a: The wobbler|spa|1
|upkeep
|turn|7
|
|t:|1642194482
|move|p1a: The wobbler|Substitute|p1a: The wobbler
|-start|p1a: The wobbler|Substitute
|-damage|p1a: The wobbler|76/100
|cant|p2a: Zacian|slp
|
|-heal|p1a: The wobbler|82/100|[from] item: Leftovers
|-ability|p1a: The wobbler|Moody|boost
|-boost|p1a: The wobbler|atk|2
|-unboost|p1a: The wobbler|spd|1
|upkeep
|turn|8
|
|t:|1642194487
|move|p1a: The wobbler|Shell Smash|p1a: The wobbler
|-unboost|p1a: The wobbler|def|1
|-unboost|p1a: The wobbler|spd|1
|-boost|p1a: The wobbler|atk|2
|-boost|p1a: The wobbler|spa|2
|-boost|p1a: The wobbler|spe|2
|-curestatus|p2a: Zacian|slp|[msg]
|move|p2a: Zacian|Behemoth Blade|p1a: The wobbler
|-end|p1a: The wobbler|Substitute
|
|-heal|p1a: The wobbler|88/100|[from] item: Leftovers
|-ability|p1a: The wobbler|Moody|boost
|-boost|p1a: The wobbler|spe|2
|-unboost|p1a: The wobbler|spa|1
|upkeep
|turn|9
|
|t:|1642194500
|move|p1a: The wobbler|Spore|p2a: Zacian
|-status|p2a: Zacian|slp|[from] move: Spore
|cant|p2a: Zacian|slp
|
|-heal|p1a: The wobbler|94/100|[from] item: Leftovers
|-ability|p1a: The wobbler|Moody|boost
|-boost|p1a: The wobbler|def|2
|-unboost|p1a: The wobbler|spa|1
|upkeep
|turn|10
|
|t:|1642194511
|move|p1a: The wobbler|Substitute|p1a: The wobbler
|-start|p1a: The wobbler|Substitute
|-damage|p1a: The wobbler|69/100
|-curestatus|p2a: Zacian|slp|[msg]
|move|p2a: Zacian|Behemoth Blade|p1a: The wobbler
|-end|p1a: The wobbler|Substitute
|
|-heal|p1a: The wobbler|75/100|[from] item: Leftovers
|-ability|p1a: The wobbler|Moody|boost
|-boost|p1a: The wobbler|atk|2
|-unboost|p1a: The wobbler|spa|1
|upkeep
|turn|11
|
|t:|1642194514
|move|p1a: The wobbler|Spore|p2a: Zacian
|-status|p2a: Zacian|slp|[from] move: Spore
|cant|p2a: Zacian|slp
|
|-heal|p1a: The wobbler|81/100|[from] item: Leftovers
|-ability|p1a: The wobbler|Moody|boost
|-boost|p1a: The wobbler|spa|2
|-unboost|p1a: The wobbler|atk|1
|upkeep
|turn|12
|
|t:|1642194516
|move|p1a: The wobbler|Substitute|p1a: The wobbler
|-start|p1a: The wobbler|Substitute
|-damage|p1a: The wobbler|56/100
|-curestatus|p2a: Zacian|slp|[msg]
|move|p2a: Zacian|Behemoth Blade|p1a: The wobbler
|-end|p1a: The wobbler|Substitute
|
|-heal|p1a: The wobbler|62/100|[from] item: Leftovers
|-ability|p1a: The wobbler|Moody|boost
|-boost|p1a: The wobbler|spd|2
|-unboost|p1a: The wobbler|spe|1
|upkeep
|turn|13
|
|t:|1642194527
|move|p1a: The wobbler|Spore|p2a: Zacian
|-status|p2a: Zacian|slp|[from] move: Spore
|cant|p2a: Zacian|slp
|
|-heal|p1a: The wobbler|68/100|[from] item: Leftovers
|-ability|p1a: The wobbler|Moody|boost
|-boost|p1a: The wobbler|spd|2
|-unboost|p1a: The wobbler|def|1
|upkeep
|turn|14
|
|t:|1642194530
|move|p1a: The wobbler|Substitute|p1a: The wobbler
|-start|p1a: The wobbler|Substitute
|-damage|p1a: The wobbler|44/100
|-curestatus|p2a: Zacian|slp|[msg]
|move|p2a: Zacian|Behemoth Blade|p1a: The wobbler
|-end|p1a: The wobbler|Substitute
|
|-heal|p1a: The wobbler|50/100|[from] item: Leftovers
|-ability|p1a: The wobbler|Moody|boost
|-boost|p1a: The wobbler|def|2
|-unboost|p1a: The wobbler|spe|1
|upkeep
|turn|15
|
|t:|1642194534
|move|p1a: The wobbler|Spore|p2a: Zacian
|-status|p2a: Zacian|slp|[from] move: Spore
|cant|p2a: Zacian|slp
|
|-heal|p1a: The wobbler|55/100|[from] item: Leftovers
|-ability|p1a: The wobbler|Moody|boost
|-boost|p1a: The wobbler|spe|2
|-unboost|p1a: The wobbler|spa|1
|upkeep
|turn|16
|
|t:|1642194537
|move|p1a: The wobbler|Substitute|p1a: The wobbler
|-start|p1a: The wobbler|Substitute
|-damage|p1a: The wobbler|31/100
|-curestatus|p2a: Zacian|slp|[msg]
|move|p2a: Zacian|Play Rough|p1a: The wobbler
|-end|p1a: The wobbler|Substitute
|
|-heal|p1a: The wobbler|37/100|[from] item: Leftovers
|-ability|p1a: The wobbler|Moody|boost
|-boost|p1a: The wobbler|spa|2
|-unboost|p1a: The wobbler|spe|1
|upkeep
|turn|17
|
|t:|1642194540
|move|p1a: The wobbler|Spore|p2a: Zacian
|-status|p2a: Zacian|slp|[from] move: Spore
|cant|p2a: Zacian|slp
|
|-heal|p1a: The wobbler|43/100|[from] item: Leftovers
|-ability|p1a: The wobbler|Moody|boost
|-boost|p1a: The wobbler|spd|2
|-unboost|p1a: The wobbler|def|1
|upkeep
|turn|18
|
|t:|1642194542
|move|p1a: The wobbler|Substitute|p1a: The wobbler
|-start|p1a: The wobbler|Substitute
|-damage|p1a: The wobbler|18/100
|cant|p2a: Zacian|slp
|
|-heal|p1a: The wobbler|24/100|[from] item: Leftovers
|-ability|p1a: The wobbler|Moody|boost
|-boost|p1a: The wobbler|spd|2
|-unboost|p1a: The wobbler|def|1
|upkeep
|turn|19
|
|t:|1642194545
|move|p1a: The wobbler|Power Trip|p2a: Zacian
|-resisted|p2a: Zacian
|-damage|p2a: Zacian|18/100 slp
|-curestatus|p2a: Zacian|slp|[msg]
|move|p2a: Zacian|Behemoth Blade|p1a: The wobbler
|-end|p1a: The wobbler|Substitute
|
|-heal|p1a: The wobbler|30/100|[from] item: Leftovers
|-ability|p1a: The wobbler|Moody|boost
|-boost|p1a: The wobbler|def|2
|-unboost|p1a: The wobbler|spe|1
|upkeep
|turn|20
|j| rowletroost
|
|t:|1642194550
|move|p1a: The wobbler|Spore|p2a: Zacian
|-status|p2a: Zacian|slp|[from] move: Spore
|cant|p2a: Zacian|slp
|
|-heal|p1a: The wobbler|36/100|[from] item: Leftovers
|-ability|p1a: The wobbler|Moody|boost
|-boost|p1a: The wobbler|atk|1
|-unboost|p1a: The wobbler|def|1
|upkeep
|turn|21
|
|t:|1642194551
|move|p1a: The wobbler|Substitute|p1a: The wobbler
|-start|p1a: The wobbler|Substitute
|-damage|p1a: The wobbler|11/100
|-curestatus|p2a: Zacian|slp|[msg]
|move|p2a: Zacian|Behemoth Blade|p1a: The wobbler
|-end|p1a: The wobbler|Substitute
|
|-heal|p1a: The wobbler|17/100|[from] item: Leftovers
|-ability|p1a: The wobbler|Moody|boost
|-boost|p1a: The wobbler|spe|2
|-unboost|p1a: The wobbler|def|1
|upkeep
|turn|22
|
|t:|1642194554
|move|p1a: The wobbler|Spore|p2a: Zacian
|-status|p2a: Zacian|slp|[from] move: Spore
|cant|p2a: Zacian|slp
|
|-heal|p1a: The wobbler|23/100|[from] item: Leftovers
|-ability|p1a: The wobbler|Moody|boost
|-boost|p1a: The wobbler|spa|2
|-unboost|p1a: The wobbler|def|1
|upkeep
|turn|23
|
|t:|1642194566
|move|p1a: The wobbler|Power Trip|p2a: Zacian
|-resisted|p2a: Zacian
|-damage|p2a: Zacian|0 fnt
|faint|p2a: Zacian
|
|-heal|p1a: The wobbler|29/100|[from] item: Leftovers
|-ability|p1a: The wobbler|Moody|boost
|-boost|p1a: The wobbler|spa|2
|-unboost|p1a: The wobbler|def|1
|upkeep
|
|t:|1642194568
|switch|p2a: Xerneas|Xerneas|100/100
|-ability|p2a: Xerneas|Fairy Aura
|turn|24
|
|t:|1642194573
|move|p1a: The wobbler|Spore|p2a: Xerneas
|-status|p2a: Xerneas|slp|[from] move: Spore
|cant|p2a: Xerneas|slp
|
|-heal|p1a: The wobbler|35/100|[from] item: Leftovers
|-ability|p1a: The wobbler|Moody|boost
|-boost|p1a: The wobbler|spa|1
|-unboost|p1a: The wobbler|def|1
|upkeep
|turn|25
|
|t:|1642194579
|move|p1a: The wobbler|Substitute|p1a: The wobbler
|-start|p1a: The wobbler|Substitute
|-damage|p1a: The wobbler|10/100
|cant|p2a: Xerneas|slp
|
|-heal|p1a: The wobbler|16/100|[from] item: Leftovers
|-ability|p1a: The wobbler|Moody|boost
|-boost|p1a: The wobbler|def|2
|-unboost|p1a: The wobbler|spd|1
|upkeep
|turn|26
|
|t:|1642194591
|-start|p2a: Xerneas|Dynamax
|-heal|p2a: Xerneas|100/100 slp|[silent]
|move|p1a: The wobbler|Power Trip|p2a: Xerneas
|-resisted|p2a: Xerneas
|-damage|p2a: Xerneas|52/100 slp
|-curestatus|p2a: Xerneas|slp|[msg]
|move|p2a: Xerneas|Max Starfall|p1a: The wobbler
|-end|p1a: The wobbler|Substitute
|-fieldstart|move: Misty Terrain
|
|-heal|p1a: The wobbler|22/100|[from] item: Leftovers
|-ability|p1a: The wobbler|Moody|boost
|-boost|p1a: The wobbler|spd|1
|-unboost|p1a: The wobbler|atk|1
|upkeep
|turn|27
|
|t:|1642194606
|move|p1a: The wobbler|Power Trip|p2a: Xerneas
|-resisted|p2a: Xerneas
|-damage|p2a: Xerneas|16/100
|move|p2a: Xerneas|Max Starfall|p1a: The wobbler
|-crit|p1a: The wobbler
|-damage|p1a: The wobbler|0 fnt
|faint|p1a: The wobbler
|
|upkeep
|
|t:|1642194615
|switch|p1a: Calyrex|Calyrex-Shadow|100/100
|-ability|p1a: Calyrex|As One
|-ability|p1a: Calyrex|Unnerve
|turn|28
|
|t:|1642194618
|move|p1a: Calyrex|Astral Barrage|p2a: Xerneas
|-damage|p2a: Xerneas|0 fnt
|faint|p2a: Xerneas
|-ability|p1a: Calyrex|Grim Neigh|boost
|-boost|p1a: Calyrex|spa|1
|
|upkeep
|
|t:|1642194619
|switch|p2a: Smeargle|Smeargle, M|100/100
|turn|29
|
|t:|1642194629
|move|p1a: Calyrex|Substitute|p1a: Calyrex
|-start|p1a: Calyrex|Substitute
|-damage|p1a: Calyrex|76/100
|move|p2a: Smeargle|Shift Gear|p2a: Smeargle
|-boost|p2a: Smeargle|spe|2
|-boost|p2a: Smeargle|atk|1
|
|-ability|p2a: Smeargle|Moody|boost
|-boost|p2a: Smeargle|def|2
|-unboost|p2a: Smeargle|spa|1
|upkeep
|turn|30
|
|t:|1642194634
|move|p2a: Smeargle|Shift Gear|p2a: Smeargle
|-boost|p2a: Smeargle|spe|2
|-boost|p2a: Smeargle|atk|1
|move|p1a: Calyrex|Psyshock|p2a: Smeargle
|-damage|p2a: Smeargle|5/100
|
|-fieldend|Misty Terrain
|-ability|p2a: Smeargle|Moody|boost
|-boost|p2a: Smeargle|spa|2
|-unboost|p2a: Smeargle|atk|1
|upkeep
|turn|31
|
|t:|1642194643
|move|p2a: Smeargle|Spiky Shield|p2a: Smeargle
|-singleturn|p2a: Smeargle|move: Protect
|move|p1a: Calyrex|Psyshock|p2a: Smeargle
|-activate|p2a: Smeargle|move: Protect
|
|-ability|p2a: Smeargle|Moody|boost
|-boost|p2a: Smeargle|def|2
|-unboost|p2a: Smeargle|spd|1
|upkeep
|turn|32
|
|t:|1642194651
|move|p2a: Smeargle|Baton Pass|p2a: Smeargle
|
|t:|1642194652
|switch|p2a: Groudon|Groudon-Primal|100/100|[from]move: Baton Pass
|-weather|DesolateLand|[from] ability: Desolate Land|[of] p2a: Groudon
|move|p1a: Calyrex|Psyshock|p2a: Groudon
|-damage|p2a: Groudon|85/100
|
|-weather|DesolateLand|[upkeep]
|upkeep
|turn|33
|
|t:|1642194661
|move|p2a: Groudon|Fire Punch|p1a: Calyrex
|-end|p1a: Calyrex|Substitute
|move|p1a: Calyrex|Astral Barrage|p2a: Groudon
|-damage|p2a: Groudon|0 fnt
|faint|p2a: Groudon
|-weather|none
|-ability|p1a: Calyrex|Grim Neigh|boost
|-boost|p1a: Calyrex|spa|1
|
|upkeep
|-message|amnael1 forfeited.
|
|win|soda49
|raw|soda49's rating: 1679 &rarr; <strong>1706</strong><br />(+27 for winning)
|raw|amnael1's rating: 1809 &rarr; <strong>1782</strong><br />(-27 for losing)
|l|☆amnael1
||Ladder isn't responding, score probably updated but might not have (Request timeout).
