|j|☆dexagon
|j|☆Wyvern.xyz
|t:|1667077384
|gametype|singles
|player|p1|dexagon|mira|1666
|player|p2|Wyvern.xyz|hugh|1662
|teamsize|p1|6
|teamsize|p2|6
|gen|8
|tier|[Gen 8] National Dex AG
|rated|
|rule|HP Percentage Mod: HP is shown in percentages
|rule|Endless Battle Clause: Forcing endless battles is banned
|clearpoke
|poke|p1|Rayquaza|
|poke|p1|Zacian-*|
|poke|p1|Calyrex-Shadow|
|poke|p1|Guzzlord|
|poke|p1|Darmanitan-Galar, M|
|poke|p1|Arceus-*|
|poke|p2|Zygarde|
|poke|p2|Yveltal|
|poke|p2|Calyrex-Shadow|
|poke|p2|Arceus-*|
|poke|p2|Necrozma-Dusk-Mane|
|poke|p2|Rayquaza|
|teampreview
|j| thicsucttv
|
|t:|1667077477
|start
|switch|p1a: Darmanitan|Darmanitan-Galar, M|100/100
|switch|p2a: Arceus|Arceus|100/100
|turn|1
|c|☆Wyvern.xyz|ну пикай
|inactive|Battle timer is ON: inactive players will automatically lose when time's up. (requested by dexagon)
|
|t:|1667077482
|move|p1a: Darmanitan|U-turn|p2a: Arceus
|-damage|p2a: Arceus|71/100
|
|t:|1667077488
|switch|p1a: Zacian|Zacian-Crowned|100/100|[from]move: U-turn
|-ability|p1a: Zacian|Intrepid Sword|boost
|-boost|p1a: Zacian|atk|1
|move|p2a: Arceus|Swords Dance|p2a: Arceus
|-boost|p2a: Arceus|atk|2
|
|upkeep
|turn|2
|
|t:|1667077497
|switch|p2a: Necrozma|Necrozma-Dusk-Mane|100/100
|move|p1a: Zacian|Sacred Sword|p2a: Necrozma
|-damage|p2a: Necrozma|72/100
|-damage|p1a: Zacian|84/100|[from] item: Rocky Helmet|[of] p2a: Necrozma
|
|upkeep
|turn|3
|
|t:|1667077508
|switch|p1a: Arceus|Arceus-Flying|100/100
|move|p2a: Necrozma|Toxic|p1a: Arceus
|-status|p1a: Arceus|tox
|
|-damage|p1a: Arceus|94/100 tox|[from] psn
|upkeep
|turn|4
|
|t:|1667077513
|-start|p2a: Necrozma|Dynamax|
|-heal|p2a: Necrozma|72/100|[silent]
|move|p1a: Arceus|Calm Mind|p1a: Arceus
|-boost|p1a: Arceus|spa|1
|-boost|p1a: Arceus|spd|1
|move|p2a: Necrozma|Max Steelspike|p1a: Arceus
|-damage|p1a: Arceus|58/100 tox
|-boost|p2a: Necrozma|def|1
|
|-damage|p1a: Arceus|46/100 tox|[from] psn
|upkeep
|turn|5
|
|t:|1667077524
|move|p1a: Arceus|Recover|p1a: Arceus
|-heal|p1a: Arceus|96/100 tox
|move|p2a: Necrozma|Max Steelspike|p1a: Arceus
|-damage|p1a: Arceus|60/100 tox
|-boost|p2a: Necrozma|def|1
|
|-damage|p1a: Arceus|42/100 tox|[from] psn
|upkeep
|turn|6
|
|t:|1667077530
|move|p1a: Arceus|Recover|p1a: Arceus
|-heal|p1a: Arceus|92/100 tox
|move|p2a: Necrozma|Max Steelspike|p1a: Arceus
|-damage|p1a: Arceus|54/100 tox
|-boost|p2a: Necrozma|def|1
|
|-damage|p1a: Arceus|29/100 tox|[from] psn
|upkeep
|-end|p2a: Necrozma|Dynamax
|-heal|p2a: Necrozma|72/100|[silent]
|turn|7
|
|t:|1667077533
|move|p1a: Arceus|Earth Power|p2a: Necrozma
|-supereffective|p2a: Necrozma
|-damage|p2a: Necrozma|22/100
|move|p2a: Necrozma|Sunsteel Strike|p1a: Arceus
|-damage|p1a: Arceus|0 fnt
|faint|p1a: Arceus
|
|upkeep
|
|t:|1667077540
|switch|p1a: Calyrex|Calyrex-Shadow|100/100
|-ability|p1a: Calyrex|As One
|-ability|p1a: Calyrex|Unnerve
|turn|8
|
|t:|1667077542
|switch|p2a: Yveltal|Yveltal|100/100
|-ability|p2a: Yveltal|Dark Aura
|move|p1a: Calyrex|Substitute|p1a: Calyrex
|-start|p1a: Calyrex|Substitute
|-damage|p1a: Calyrex|76/100
|
|-heal|p1a: Calyrex|82/100|[from] item: Leftovers
|upkeep
|turn|9
|
|t:|1667077546
|move|p1a: Calyrex|Draining Kiss|p2a: Yveltal
|-supereffective|p2a: Yveltal
|-damage|p2a: Yveltal|76/100
|-heal|p1a: Calyrex|100/100|[from] drain|[of] p2a: Yveltal
|move|p2a: Yveltal|Foul Play|p1a: Calyrex
|-supereffective|p1a: Calyrex
|-end|p1a: Calyrex|Substitute
|
|upkeep
|turn|10
|
|t:|1667077550
|switch|p1a: Zacian|Zacian-Crowned|84/100
|-ability|p1a: Zacian|Intrepid Sword|boost
|-boost|p1a: Zacian|atk|1
|move|p2a: Yveltal|Foul Play|p1a: Zacian
|-resisted|p1a: Zacian
|-damage|p1a: Zacian|31/100
|
|upkeep
|turn|11
|
|t:|1667077558
|switch|p2a: Necrozma|Necrozma-Dusk-Mane|22/100
|move|p1a: Zacian|Play Rough|p2a: Necrozma
|-resisted|p2a: Necrozma
|-damage|p2a: Necrozma|1/100
|-damage|p1a: Zacian|14/100|[from] item: Rocky Helmet|[of] p2a: Necrozma
|
|upkeep
|turn|12
|
|t:|1667077575
|move|p1a: Zacian|Sacred Sword|p2a: Necrozma
|-damage|p2a: Necrozma|0 fnt
|-damage|p1a: Zacian|0 fnt|[from] item: Rocky Helmet|[of] p2a: Necrozma
|faint|p2a: Necrozma
|faint|p1a: Zacian
|
|upkeep
|
|t:|1667077604
|switch|p1a: Darmanitan|Darmanitan-Galar, M|100/100
|switch|p2a: Arceus|Arceus|71/100
|turn|13
|
|t:|1667077607
|move|p2a: Arceus|Extreme Speed|p1a: Darmanitan
|-damage|p1a: Darmanitan|16/100
|-damage|p2a: Arceus|61/100|[from] item: Life Orb
|move|p1a: Darmanitan|U-turn|p2a: Arceus
|-damage|p2a: Arceus|33/100
|
|t:|1667077616
|switch|p1a: Calyrex|Calyrex-Shadow|100/100|[from]move: U-turn
|-ability|p1a: Calyrex|As One
|-ability|p1a: Calyrex|Unnerve
|
|upkeep
|turn|14
|
|t:|1667077622
|-start|p1a: Calyrex|Dynamax|
|-heal|p1a: Calyrex|100/100|[silent]
|move|p1a: Calyrex|Max Starfall|p2a: Arceus
|-damage|p2a: Arceus|0 fnt
|-fieldstart|move: Misty Terrain
|faint|p2a: Arceus
|-ability|p1a: Calyrex|Grim Neigh|boost
|-boost|p1a: Calyrex|spa|1
|
|upkeep
|
|t:|1667077625
|switch|p2a: Calyrex|Calyrex-Shadow|100/100
|-ability|p2a: Calyrex|As One
|-ability|p2a: Calyrex|Unnerve
|turn|15
|
|t:|1667077627
|-end|p1a: Calyrex|Dynamax
|-heal|p1a: Calyrex|100/100|[silent]
|switch|p1a: Guzzlord|Guzzlord|100/100
|move|p2a: Calyrex|Astral Barrage|p1a: Guzzlord
|-resisted|p1a: Guzzlord
|-damage|p1a: Guzzlord|78/100
|
|-heal|p1a: Guzzlord|85/100|[from] item: Leftovers
|upkeep
|turn|16
|
|t:|1667077633
|move|p2a: Calyrex|Substitute|p2a: Calyrex
|-start|p2a: Calyrex|Substitute
|-damage|p2a: Calyrex|76/100
|move|p1a: Guzzlord|Knock Off|p2a: Calyrex
|-supereffective|p2a: Calyrex
|-end|p2a: Calyrex|Substitute
|
|-heal|p1a: Guzzlord|91/100|[from] item: Leftovers
|upkeep
|turn|17
|inactive|Wyvern.xyz has 120 seconds left.
|
|t:|1667077666
|-zpower|p2a: Calyrex
|move|p2a: Calyrex|Savage Spin-Out|p1a: Guzzlord|[zeffect]
|-supereffective|p1a: Guzzlord
|-damage|p1a: Guzzlord|0 fnt
|faint|p1a: Guzzlord
|-ability|p2a: Calyrex|Grim Neigh|boost
|-boost|p2a: Calyrex|spa|1
|
|upkeep
|
|t:|1667077674
|switch|p1a: Darmanitan|Darmanitan-Galar, M|16/100
|turn|18
|
|t:|1667077689
|switch|p2a: Zygarde|Zygarde|100/100
|move|p1a: Darmanitan|Icicle Crash|p2a: Zygarde|[miss]
|-miss|p1a: Darmanitan|p2a: Zygarde
|
|-fieldend|Misty Terrain
|upkeep
|turn|19
|
|t:|1667077693
|move|p1a: Darmanitan|Icicle Crash|p2a: Zygarde
|-supereffective|p2a: Zygarde
|-damage|p2a: Zygarde|0 fnt
|faint|p2a: Zygarde
|
|upkeep
|
|t:|1667077697
|switch|p2a: Rayquaza|Rayquaza|100/100
|-ability|p2a: Rayquaza|Air Lock
|turn|20
|
|t:|1667077700
|detailschange|p2a: Rayquaza|Rayquaza-Mega
|-mega|p2a: Rayquaza|Rayquaza|
|-weather|DeltaStream|[from] ability: Delta Stream|[of] p2a: Rayquaza
|move|p1a: Darmanitan|Icicle Crash|p2a: Rayquaza
|-activate||deltastream
|-supereffective|p2a: Rayquaza
|-damage|p2a: Rayquaza|0 fnt
|faint|p2a: Rayquaza
|-weather|none
|
|upkeep
|
|t:|1667077709
|switch|p2a: Calyrex|Calyrex-Shadow|76/100
|-ability|p2a: Calyrex|As One
|-ability|p2a: Calyrex|Unnerve
|turn|21
|
|t:|1667077713
|move|p1a: Darmanitan|Icicle Crash|p2a: Calyrex
|-crit|p2a: Calyrex
|-damage|p2a: Calyrex|0 fnt
|faint|p2a: Calyrex
|
|upkeep
|
|t:|1667077715
|switch|p2a: Yveltal|Yveltal|76/100
|-ability|p2a: Yveltal|Dark Aura
|turn|22
|c|☆Wyvern.xyz|i
|c|☆Wyvern.xyz|used
|c|☆Wyvern.xyz|espeed
|c|☆Wyvern.xyz|and u die
|c|☆Wyvern.xyz|wtf
|c|☆Wyvern.xyz|br
|
|t:|1667077732
|move|p1a: Darmanitan|Icicle Crash|p2a: Yveltal
|-supereffective|p2a: Yveltal
|-damage|p2a: Yveltal|0 fnt
|faint|p2a: Yveltal
|
|win|dexagon
|raw|dexagon's rating: 1666 &rarr; <strong>1686</strong><br />(+20 for winning)
|raw|Wyvern.xyz's rating: 1662 &rarr; <strong>1642</strong><br />(-20 for losing)
|c|☆dexagon|gg
|c|☆Wyvern.xyz|svninya
|c|☆Wyvern.xyz|ebanaya
|l|☆Wyvern.xyz
|l| thicsucttv
