|j|‽IzaiahMZ
|j|☆Freeity
|t:|1649435526
|gametype|singles
|player|p1|IzaiahMZ|hilbert|1561
|player|p2|Freeity|iris-gen5bw2|1875
|teamsize|p1|6
|teamsize|p2|6
|gen|8
|tier|[Gen 8] National Dex AG
|rated|
|rule|HP Percentage Mod: HP is shown in percentages
|rule|Endless Battle Clause: Forcing endless battles is banned
|clearpoke
|poke|p1|Arceus-*|
|poke|p1|Ho-Oh|
|poke|p1|Regieleki|
|poke|p1|Garchomp, F|
|poke|p1|Quagsire, F|
|poke|p1|Rayquaza|
|poke|p2|Arceus-*|
|poke|p2|Rayquaza|
|poke|p2|Arceus-*|
|poke|p2|Necrozma-Dusk-Mane|
|poke|p2|Kyogre|
|poke|p2|Arceus-*|
|teampreview
|
|t:|1649435531
|start
|switch|p1a: Garchomp|Garchomp, F|100/100
|switch|p2a: Rayquaza|Rayquaza|100/100
|-ability|p2a: Rayquaza|Air Lock
|turn|1
|
|t:|1649435556
|detailschange|p2a: Rayquaza|Rayquaza-Mega
|-mega|p2a: Rayquaza|Rayquaza|
|-weather|DeltaStream|[from] ability: Delta Stream|[of] p2a: Rayquaza
|move|p2a: Rayquaza|Scale Shot|p1a: Garchomp
|-supereffective|p1a: Garchomp
|-damage|p1a: Garchomp|55/100
|-supereffective|p1a: Garchomp
|-damage|p1a: Garchomp|8/100
|-supereffective|p1a: Garchomp
|-damage|p1a: Garchomp|0 fnt
|faint|p1a: Garchomp
|-hitcount|p1: Garchomp|3
|-unboost|p2a: Rayquaza|def|1
|-boost|p2a: Rayquaza|spe|1
|-damage|p2a: Rayquaza|91/100|[from] item: Life Orb
|
|-weather|DeltaStream|[upkeep]
|upkeep
|
|t:|1649435567
|switch|p1a: Quagsire|Quagsire, F|100/100
|turn|2
|
|t:|1649435571
|move|p2a: Rayquaza|Dragon Ascent|p1a: Quagsire
|-damage|p1a: Quagsire|26/100
|-unboost|p2a: Rayquaza|def|1
|-unboost|p2a: Rayquaza|spd|1
|-damage|p2a: Rayquaza|81/100|[from] item: Life Orb
|move|p1a: Quagsire|Scald|p2a: Rayquaza
|-resisted|p2a: Rayquaza
|-damage|p2a: Rayquaza|71/100
|
|-weather|DeltaStream|[upkeep]
|-heal|p1a: Quagsire|32/100|[from] item: Leftovers
|upkeep
|turn|3
|
|t:|1649435580
|move|p2a: Rayquaza|Dragon Ascent|p1a: Quagsire
|-damage|p1a: Quagsire|0 fnt
|-unboost|p2a: Rayquaza|def|1
|-unboost|p2a: Rayquaza|spd|1
|faint|p1a: Quagsire
|-damage|p2a: Rayquaza|61/100|[from] item: Life Orb
|
|-weather|DeltaStream|[upkeep]
|upkeep
|
|t:|1649435593
|switch|p1a: Arceus|Arceus|100/100
|turn|4
|
|t:|1649435597
|move|p2a: Rayquaza|Dragon Ascent|p1a: Arceus
|-damage|p1a: Arceus|26/100
|-unboost|p2a: Rayquaza|def|1
|-unboost|p2a: Rayquaza|spd|1
|-damage|p2a: Rayquaza|51/100|[from] item: Life Orb
|move|p1a: Arceus|Swords Dance|p1a: Arceus
|-boost|p1a: Arceus|atk|2
|
|-weather|DeltaStream|[upkeep]
|upkeep
|turn|5
|
|t:|1649435604
|move|p2a: Rayquaza|Extreme Speed|p1a: Arceus
|-damage|p1a: Arceus|0 fnt
|faint|p1a: Arceus
|-damage|p2a: Rayquaza|42/100|[from] item: Life Orb
|
|-weather|DeltaStream|[upkeep]
|upkeep
|
|t:|1649435610
|switch|p1a: Regieleki|Regieleki|100/100
|turn|6
|
|t:|1649435614
|move|p1a: Regieleki|Extreme Speed|p2a: Rayquaza
|-damage|p2a: Rayquaza|0 fnt
|faint|p2a: Rayquaza
|-weather|none
|
|upkeep
|
|t:|1649435637
|switch|p2a: Arceus|Arceus-Ground|100/100
|turn|7
|
|t:|1649435645
|switch|p1a: Ho-Oh|Ho-Oh|100/100
|-ability|p1a: Ho-Oh|Pressure
|move|p2a: Arceus|Judgment|p1a: Ho-Oh
|-immune|p1a: Ho-Oh
|
|upkeep
|turn|8
|
|t:|1649435648
|switch|p2a: Kyogre|Kyogre|100/100
|detailschange|p2a: Kyogre|Kyogre-Primal
|-primal|p2a: Kyogre
|-weather|PrimordialSea|[from] ability: Primordial Sea|[of] p2a: Kyogre
|move|p1a: Ho-Oh|Sacred Fire||[still]
|-fail|p1a: Ho-Oh|Sacred Fire|[from] Primordial Sea
|
|-weather|PrimordialSea|[upkeep]
|upkeep
|turn|9
|
|t:|1649435669
|switch|p1a: Rayquaza|Rayquaza|100/100
|-ability|p1a: Rayquaza|Air Lock
|move|p2a: Kyogre|Scald|p1a: Rayquaza
|-resisted|p1a: Rayquaza
|-damage|p1a: Rayquaza|75/100
|
|-weather|PrimordialSea|[upkeep]
|upkeep
|turn|10
|
|t:|1649435675
|-weather|none
|switch|p2a: Arceus|Arceus-Fairy|100/100
|detailschange|p1a: Rayquaza|Rayquaza-Mega
|-mega|p1a: Rayquaza|Rayquaza|
|-weather|DeltaStream|[from] ability: Delta Stream|[of] p1a: Rayquaza
|move|p1a: Rayquaza|Thunderbolt|p2a: Arceus
|-damage|p2a: Arceus|62/100
|-damage|p1a: Rayquaza|65/100|[from] item: Life Orb
|
|-weather|DeltaStream|[upkeep]
|upkeep
|turn|11
|inactive|Battle timer is ON: inactive players will automatically lose when time's up. (requested by Freeity)
|
|t:|1649435707
|-weather|none
|switch|p1a: Ho-Oh|Ho-Oh|100/100
|-ability|p1a: Ho-Oh|Pressure
|move|p2a: Arceus|Judgment|p1a: Ho-Oh
|-resisted|p1a: Ho-Oh
|-damage|p1a: Ho-Oh|84/100
|
|upkeep
|turn|12
|inactive|IzaiahMZ has 120 seconds left.
|
|t:|1649435738
|switch|p2a: Kyogre|Kyogre-Primal|100/100
|-weather|PrimordialSea|[from] ability: Primordial Sea|[of] p2a: Kyogre
|move|p1a: Ho-Oh|Sacred Fire||[still]
|-fail|p1a: Ho-Oh|Sacred Fire|[from] Primordial Sea
|
|-weather|PrimordialSea|[upkeep]
|upkeep
|turn|13
|
|t:|1649435746
|switch|p1a: Regieleki|Regieleki|100/100
|move|p2a: Kyogre|Scald|p1a: Regieleki
|-damage|p1a: Regieleki|0 fnt
|faint|p1a: Regieleki
|
|-weather|PrimordialSea|[upkeep]
|upkeep
|
|t:|1649435753
|switch|p1a: Rayquaza|Rayquaza-Mega|65/100
|-weather|DeltaStream|[from] ability: Delta Stream|[of] p1a: Rayquaza
|turn|14
|
|t:|1649435759
|switch|p2a: Arceus|Arceus-Fairy|62/100
|move|p1a: Rayquaza|Dragon Ascent|p2a: Arceus
|-damage|p2a: Arceus|6/100
|-unboost|p1a: Rayquaza|def|1
|-unboost|p1a: Rayquaza|spd|1
|-damage|p1a: Rayquaza|55/100|[from] item: Life Orb
|
|-weather|DeltaStream|[upkeep]
|upkeep
|turn|15
|
|t:|1649435762
|move|p1a: Rayquaza|Extreme Speed|p2a: Arceus
|-damage|p2a: Arceus|0 fnt
|faint|p2a: Arceus
|-damage|p1a: Rayquaza|46/100|[from] item: Life Orb
|
|-weather|DeltaStream|[upkeep]
|upkeep
|
|t:|1649435765
|switch|p2a: Necrozma|Necrozma-Dusk-Mane|100/100
|turn|16
|
|t:|1649435772
|-weather|none
|switch|p1a: Ho-Oh|Ho-Oh|84/100
|-ability|p1a: Ho-Oh|Pressure
|-start|p2a: Necrozma|Dynamax|
|-heal|p2a: Necrozma|100/100|[silent]
|move|p2a: Necrozma|Max Steelspike|p1a: Ho-Oh
|-resisted|p1a: Ho-Oh
|-damage|p1a: Ho-Oh|55/100
|-boost|p2a: Necrozma|def|1
|
|upkeep
|turn|17
|
|t:|1649435778
|-start|p1a: Ho-Oh|Dynamax|
|-heal|p1a: Ho-Oh|55/100|[silent]
|move|p1a: Ho-Oh|Max Flare|p2a: Necrozma
|-supereffective|p2a: Necrozma
|-damage|p2a: Necrozma|74/100
|-weather|SunnyDay
|-damage|p1a: Ho-Oh|50/100|[from] item: Life Orb
|move|p2a: Necrozma|Max Darkness|p1a: Ho-Oh
|-damage|p1a: Ho-Oh|32/100
|-unboost|p1a: Ho-Oh|spd|1
|
|-weather|SunnyDay|[upkeep]
|upkeep
|turn|18
|
|t:|1649435784
|move|p1a: Ho-Oh|Max Guard|p1a: Ho-Oh
|-singleturn|p1a: Ho-Oh|Max Guard
|move|p2a: Necrozma|Max Darkness|p1a: Ho-Oh
|-activate|p1a: Ho-Oh|move: Max Guard
|
|-weather|SunnyDay|[upkeep]
|-end|p2a: Necrozma|Dynamax
|-heal|p2a: Necrozma|75/100|[silent]
|upkeep
|turn|19
|
|t:|1649435789
|switch|p2a: Kyogre|Kyogre-Primal|100/100
|-weather|PrimordialSea|[from] ability: Primordial Sea|[of] p2a: Kyogre
|move|p1a: Ho-Oh|Max Quake|p2a: Kyogre
|-damage|p2a: Kyogre|59/100
|-boost|p1a: Ho-Oh|spd|1
|-damage|p1a: Ho-Oh|27/100|[from] item: Life Orb
|
|-weather|PrimordialSea|[upkeep]
|-end|p1a: Ho-Oh|Dynamax
|-heal|p1a: Ho-Oh|27/100|[silent]
|upkeep
|turn|20
|
|t:|1649435799
|move|p2a: Kyogre|Scald|p1a: Ho-Oh
|-supereffective|p1a: Ho-Oh
|-damage|p1a: Ho-Oh|0 fnt
|faint|p1a: Ho-Oh
|
|-weather|PrimordialSea|[upkeep]
|upkeep
|
|t:|1649435800
|switch|p1a: Rayquaza|Rayquaza-Mega|46/100
|-weather|DeltaStream|[from] ability: Delta Stream|[of] p1a: Rayquaza
|turn|21
|
|t:|1649435817
|move|p1a: Rayquaza|Thunderbolt|p2a: Kyogre
|-supereffective|p2a: Kyogre
|-damage|p2a: Kyogre|0 fnt
|faint|p2a: Kyogre
|-damage|p1a: Rayquaza|36/100|[from] item: Life Orb
|
|-weather|DeltaStream|[upkeep]
|upkeep
|
|t:|1649435820
|switch|p2a: Arceus|Arceus-Ground|100/100
|turn|22
|
|t:|1649435826
|move|p1a: Rayquaza|Surf|p2a: Arceus
|-supereffective|p2a: Arceus
|-damage|p2a: Arceus|34/100
|-damage|p1a: Rayquaza|26/100|[from] item: Life Orb
|move|p2a: Arceus|Ice Beam|p1a: Rayquaza
|-activate||deltastream
|-supereffective|p1a: Rayquaza
|-damage|p1a: Rayquaza|0 fnt
|faint|p1a: Rayquaza
|-weather|none
|
|win|Freeity
|raw|IzaiahMZ's rating: 1561 &rarr; <strong>1555</strong><br />(-6 for losing)
|raw|Freeity's rating: 1875 &rarr; <strong>1881</strong><br />(+6 for winning)
|l|‽IzaiahMZ
||Ladder isn't responding, score probably updated but might not have (Request timeout).
