|j|☆TwentyTwan
|j|☆rvdpijl19887
|t:|1600105820
|player|p1|TwentyTwan|265|
|player|p2|rvdpijl19887|palmer|
|teamsize|p1|6
|teamsize|p2|6
|gametype|singles
|gen|8
|tier|[Gen 8] National Dex AG
|clearpoke
|poke|p1|Garchomp, F|
|poke|p1|Diancie|
|poke|p1|Corsola-Galar, M|
|poke|p1|Cinderace, M|
|poke|p1|Corviknight, F|
|poke|p1|Amoonguss, M|
|poke|p2|Galvantula, M|
|poke|p2|Salamence, F|
|poke|p2|Hoopa-Unbound|
|poke|p2|Tyranitar, M|
|poke|p2|Houndoom, M|
|poke|p2|Hitmonchan, M|
|rule|HP Percentage Mod: HP is shown in percentages
|rule|Endless Battle Clause: Forcing endless battles is banned
|teampreview
|j| NickePick
|c| NickePick|gl hf
|j| Bitsy the Slayer
|j| Reyggor
|c| Reyggor|hallo, glhf
|j| MeaTCaT
|c|☆TwentyTwan|Starten we?
|c| Reyggor|lets robattle!!!
|
|t:|1600106034
|start
|switch|p1a: Diancie|Diancie|100/100
|switch|p2a: Galvantula|Galvantula, M, shiny|100/100
|turn|1
|
|t:|1600106046
|detailschange|p1a: Diancie|Diancie-Mega
|-mega|p1a: Diancie|Diancie|Diancite
|move|p1a: Diancie|Power Gem|p2a: Galvantula
|-supereffective|p2a: Galvantula
|-enditem|p2a: Galvantula|Focus Sash
|-damage|p2a: Galvantula|1/100
|move|p2a: Galvantula|Energy Ball|p1a: Diancie
|-supereffective|p1a: Diancie
|-damage|p1a: Diancie|34/100
|
|upkeep
|turn|2
|
|t:|1600106059
|move|p1a: Diancie|Power Gem|p2a: Galvantula
|-supereffective|p2a: Galvantula
|-damage|p2a: Galvantula|0 fnt
|faint|p2a: Galvantula
|
|upkeep
|
|t:|1600106084
|switch|p2a: Hitmonchan|Hitmonchan, M, shiny|100/100
|turn|3
|
|t:|1600106099
|switch|p1a: Legit Dead inside|Corsola-Galar, M|100/100
|move|p2a: Hitmonchan|Bullet Punch|p1a: Legit Dead inside
|-damage|p1a: Legit Dead inside|84/100
|-start|p2a: Hitmonchan|Disable|Bullet Punch|[from] ability: Cursed Body|[of] p1a: Legit Dead inside
|
|upkeep
|turn|4
|
|t:|1600106118
|switch|p2a: Hoopa|Hoopa-Unbound|100/100
|move|p1a: Legit Dead inside|Will-O-Wisp|p2a: Hoopa
|-status|p2a: Hoopa|brn
|
|-damage|p2a: Hoopa|95/100 brn|[from] brn
|upkeep
|turn|5
|
|t:|1600106145
|move|p2a: Hoopa|Dark Pulse|p1a: Legit Dead inside
|-supereffective|p1a: Legit Dead inside
|-damage|p1a: Legit Dead inside|31/100
|cant|p1a: Legit Dead inside|flinch
|
|-damage|p2a: Hoopa|89/100 brn|[from] brn
|upkeep
|turn|6
|
|t:|1600106156
|switch|p1a: Sweepmachine|Corviknight, F, shiny|100/100
|move|p2a: Hoopa|Dark Pulse|p1a: Sweepmachine
|-damage|p1a: Sweepmachine|68/100
|
|-heal|p1a: Sweepmachine|74/100|[from] item: Leftovers
|-damage|p2a: Hoopa|83/100 brn|[from] brn
|upkeep
|turn|7
|
|t:|1600106184
|switch|p2a: Houndoom|Houndoom, M|100/100
|move|p1a: Sweepmachine|Brave Bird|p2a: Houndoom
|-damage|p2a: Houndoom|24/100
|-damage|p1a: Sweepmachine|56/100|[from] Recoil
|
|-heal|p1a: Sweepmachine|62/100|[from] item: Leftovers
|upkeep
|turn|8
|
|t:|1600106201
|switch|p1a: Legit Dead inside|Corsola-Galar, M|31/100
|detailschange|p2a: Houndoom|Houndoom-Mega, M
|-mega|p2a: Houndoom|Houndoom|Houndoominite
|move|p2a: Houndoom|Flamethrower|p1a: Legit Dead inside
|-damage|p1a: Legit Dead inside|1/100
|
|upkeep
|turn|9
|
|t:|1600106211
|move|p2a: Houndoom|Flamethrower|p1a: Legit Dead inside
|-damage|p1a: Legit Dead inside|0 fnt
|faint|p1a: Legit Dead inside
|
|upkeep
|
|t:|1600106217
|switch|p1a: Hi-Usagi|Cinderace, M, shiny|100/100
|turn|10
|
|t:|1600106242
|switch|p2a: Salamence|Salamence, F, shiny|100/100
|move|p1a: Hi-Usagi|High Jump Kick|p2a: Salamence
|-resisted|p2a: Salamence
|-damage|p2a: Salamence|66/100
|-damage|p1a: Hi-Usagi|91/100|[from] item: Life Orb
|
|upkeep
|turn|11
|
|t:|1600106266
|switch|p1a: Sweepmachine|Corviknight, F, shiny|62/100
|move|p2a: Salamence|Dragon Dance|p2a: Salamence
|-boost|p2a: Salamence|atk|1
|-boost|p2a: Salamence|spe|1
|
|-heal|p1a: Sweepmachine|68/100|[from] item: Leftovers
|upkeep
|turn|12
|
|t:|1600106276
|-zpower|p2a: Salamence
|move|p2a: Salamence|Inferno Overdrive|p1a: Sweepmachine|[zeffect]
|-supereffective|p1a: Sweepmachine
|-damage|p1a: Sweepmachine|0 fnt
|faint|p1a: Sweepmachine
|-ability|p2a: Salamence|Moxie|boost
|-boost|p2a: Salamence|atk|1
|
|upkeep
|j| Aerialbanana
|
|t:|1600106285
|switch|p1a: Baby Shark tudu|Garchomp, F, shiny|100/100
|turn|13
|
|t:|1600106294
|move|p2a: Salamence|Crunch|p1a: Baby Shark tudu
|-damage|p1a: Baby Shark tudu|42/100
|-damage|p2a: Salamence|54/100|[from] ability: Rough Skin|[of] p1a: Baby Shark tudu
|move|p1a: Baby Shark tudu|Outrage|p2a: Salamence
|-supereffective|p2a: Salamence
|-damage|p2a: Salamence|0 fnt
|faint|p2a: Salamence
|
|upkeep
|
|t:|1600106329
|switch|p2a: Hoopa|Hoopa-Unbound|83/100 brn
|turn|14
|
|t:|1600106334
|move|p1a: Baby Shark tudu|Outrage|p2a: Hoopa|[from]lockedmove
|-damage|p2a: Hoopa|0 fnt
|-start|p1a: Baby Shark tudu|confusion|[fatigue]
|faint|p2a: Hoopa
|
|upkeep
|
|t:|1600106346
|switch|p2a: Tyranitar|Tyranitar, M|100/100
|-weather|Sandstorm|[from] ability: Sand Stream|[of] p2a: Tyranitar
|turn|15
|
|t:|1600106353
|switch|p1a: Magical Paddo|Amoonguss, M, shiny|100/100
|move|p2a: Tyranitar|Dragon Dance|p2a: Tyranitar
|-boost|p2a: Tyranitar|atk|1
|-boost|p2a: Tyranitar|spe|1
|
|-weather|Sandstorm|[upkeep]
|-damage|p1a: Magical Paddo|94/100|[from] Sandstorm
|-heal|p1a: Magical Paddo|100/100|[from] item: Black Sludge
|upkeep
|turn|16
|j| Team Shell
|
|t:|1600106363
|move|p2a: Tyranitar|Ice Punch|p1a: Magical Paddo
|-supereffective|p1a: Magical Paddo
|-damage|p1a: Magical Paddo|32/100
|move|p1a: Magical Paddo|Spore|p2a: Tyranitar
|-status|p2a: Tyranitar|slp|[from] move: Spore
|
|-weather|Sandstorm|[upkeep]
|-damage|p1a: Magical Paddo|26/100|[from] Sandstorm
|-heal|p1a: Magical Paddo|32/100|[from] item: Black Sludge
|upkeep
|turn|17
|j| piemelboer
|
|t:|1600106377
|cant|p2a: Tyranitar|slp
|move|p1a: Magical Paddo|Energy Ball|p2a: Tyranitar
|-supereffective|p2a: Tyranitar
|-damage|p2a: Tyranitar|70/100 slp
|-enditem|p2a: Tyranitar|Weakness Policy
|-boost|p2a: Tyranitar|atk|2|[from] item: Weakness Policy
|-boost|p2a: Tyranitar|spa|2|[from] item: Weakness Policy
|
|-weather|Sandstorm|[upkeep]
|-damage|p1a: Magical Paddo|26/100|[from] Sandstorm
|-heal|p1a: Magical Paddo|32/100|[from] item: Black Sludge
|upkeep
|turn|18
|j| Curseroy1990
|l| MeaTCaT
|
|t:|1600106388
|-curestatus|p2a: Tyranitar|slp|[msg]
|move|p2a: Tyranitar|Ice Punch|p1a: Magical Paddo
|-supereffective|p1a: Magical Paddo
|-damage|p1a: Magical Paddo|0 fnt
|faint|p1a: Magical Paddo
|
|-weather|Sandstorm|[upkeep]
|upkeep
|j| MeaTCaT
|
|t:|1600106395
|switch|p1a: Hi-Usagi|Cinderace, M, shiny|91/100
|turn|19
|j| Zarbon's_Nut
|
|t:|1600106400
|move|p1a: Hi-Usagi|High Jump Kick|p2a: Tyranitar
|-supereffective|p2a: Tyranitar
|-damage|p2a: Tyranitar|0 fnt
|-damage|p1a: Hi-Usagi|81/100|[from] item: Life Orb
|faint|p2a: Tyranitar
|
|-weather|none
|upkeep
|
|t:|1600106418
|switch|p2a: Houndoom|Houndoom-Mega, M|24/100
|turn|20
|j| Shinzaru
|
|t:|1600106432
|move|p1a: Hi-Usagi|High Jump Kick|p2a: Houndoom
|-supereffective|p2a: Houndoom
|-damage|p2a: Houndoom|0 fnt
|-damage|p1a: Hi-Usagi|71/100|[from] item: Life Orb
|faint|p2a: Houndoom
|
|upkeep
|
|t:|1600106440
|switch|p2a: Hitmonchan|Hitmonchan, M, shiny|100/100
|turn|21
|
|t:|1600106463
|move|p1a: Hi-Usagi|Pyro Ball|p2a: Hitmonchan
|-crit|p2a: Hitmonchan
|-damage|p2a: Hitmonchan|0 fnt
|-damage|p1a: Hi-Usagi|61/100|[from] item: Life Orb
|faint|p2a: Hitmonchan
|
|win|TwentyTwan
|c| Zarbon's_Nut|gg boiis
|c| Aerialbanana|gg
|c|☆TwentyTwan|gg
|c| piemelboer|gg peeps
|l| MeaTCaT
|l| piemelboer
