|j|☆Truthankamon
|j|☆Apprenti Buck
|inactive|Battle timer is ON: inactive players will automatically lose when time's up.
|t:|1651928155
|gametype|singles
|player|p1|Truthankamon|1|
|player|p2|Apprenti Buck|mustard-master|
|teamsize|p1|6
|teamsize|p2|6
|gen|8
|tier|[Gen 8] National Dex AG
|rated|Tournament battle
|rule|HP Percentage Mod: HP is shown in percentages
|rule|Endless Battle Clause: Forcing endless battles is banned
|clearpoke
|poke|p1|Zacian-*|
|poke|p1|Zygarde|
|poke|p1|Necrozma-Dusk-Mane|
|poke|p1|Ditto|
|poke|p1|Rayquaza|
|poke|p1|Arceus-*|
|poke|p2|Smeargle, F|
|poke|p2|Necrozma-Dusk-Mane|
|poke|p2|Xerneas-*|
|poke|p2|Excadrill, F|
|poke|p2|Lucario, F|
|poke|p2|Arceus-*|
|teampreview
|inactive|Apprenti Buck also wants the timer to be on.
|j| qzu
|c|☆Apprenti Buck|Gl
|c|☆Truthankamon|Dejavu
|c|☆Apprenti Buck|Hf
|c|☆Truthankamon|Woops
|l| qzu
|c|☆Truthankamon|I took the for fun team
|c|☆Truthankamon|F
|j| Pr3ssur3
|c|☆Truthankamon|Hf
|inactive|Truthankamon has 120 seconds left.
|
|t:|1651928185
|start
|switch|p1a: Zacian|Zacian-Crowned|100/100
|switch|p2a: Excadrill|Excadrill, F|100/100
|-ability|p1a: Zacian|Intrepid Sword|boost
|-boost|p1a: Zacian|atk|1
|-ability|p2a: Excadrill|Mold Breaker
|turn|1
|
|t:|1651928194
|switch|p1a: Zygarde|Zygarde|100/100
|move|p2a: Excadrill|Earthquake|p1a: Zygarde
|-damage|p1a: Zygarde|62/100
|
|-heal|p1a: Zygarde|68/100|[from] item: Leftovers
|upkeep
|turn|2
|
|t:|1651928198
|move|p2a: Excadrill|Toxic|p1a: Zygarde|[miss]
|-miss|p2a: Excadrill|p1a: Zygarde
|move|p1a: Zygarde|Thousand Arrows|p2a: Excadrill
|-supereffective|p2a: Excadrill
|-enditem|p2a: Excadrill|Focus Sash
|-damage|p2a: Excadrill|1/100
|
|-heal|p1a: Zygarde|74/100|[from] item: Leftovers
|upkeep
|turn|3
|j| LaprasPlayer
|
|t:|1651928208
|switch|p1a: Necrozma|Necrozma-Dusk-Mane|100/100
|move|p2a: Excadrill|Stealth Rock|p1a: Necrozma
|-sidestart|p1: Truthankamon|move: Stealth Rock
|
|upkeep
|turn|4
|
|t:|1651928226
|move|p2a: Excadrill|Earthquake|p1a: Necrozma
|-supereffective|p1a: Necrozma
|-damage|p1a: Necrozma|62/100
|move|p1a: Necrozma|Stealth Rock|p2a: Excadrill
|-sidestart|p2: Apprenti Buck|move: Stealth Rock
|
|upkeep
|turn|5
|
|t:|1651928232
|move|p2a: Excadrill|Rapid Spin|p1a: Necrozma
|-resisted|p1a: Necrozma
|-damage|p1a: Necrozma|57/100
|-boost|p2a: Excadrill|spe|1
|-damage|p2a: Excadrill|0 fnt|[from] item: Rocky Helmet|[of] p1a: Necrozma
|faint|p2a: Excadrill
|move|p1a: Necrozma|Morning Sun|p1a: Necrozma
|-heal|p1a: Necrozma|100/100
|
|upkeep
|c|☆Apprenti Buck|Oh
|
|t:|1651928243
|switch|p2a: Smeargle|Smeargle, F|100/100
|-damage|p2a: Smeargle|88/100|[from] Stealth Rock
|turn|6
|
|t:|1651928250
|move|p2a: Smeargle|Sticky Web|p1a: Necrozma
|-sidestart|p1: Truthankamon|move: Sticky Web
|move|p1a: Necrozma|Sunsteel Strike|p2a: Smeargle
|-damage|p2a: Smeargle|0 fnt
|faint|p2a: Smeargle
|
|upkeep
|c|☆Apprenti Buck|Unlucky
|c|☆Truthankamon|?
|c|☆Truthankamon|For what
|c|☆Apprenti Buck|Wanted to rapid spin the rocks
|c|☆Apprenti Buck|but died of helmet
|inactive|Apprenti Buck has 120 seconds left.
|c|☆Apprenti Buck|why does the damage have to come first
|
|t:|1651928296
|switch|p2a: Arceus|Arceus|100/100
|-damage|p2a: Arceus|88/100|[from] Stealth Rock
|turn|7
|
|t:|1651928303
|move|p2a: Arceus|Earthquake|p1a: Necrozma
|-supereffective|p1a: Necrozma
|-damage|p1a: Necrozma|75/100
|move|p1a: Necrozma|Sunsteel Strike|p2a: Arceus
|-damage|p2a: Arceus|47/100
|
|upkeep
|turn|8
|inactive|Apprenti Buck has 120 seconds left.
|
|t:|1651928310
|move|p2a: Arceus|Swords Dance|p2a: Arceus
|-boost|p2a: Arceus|atk|2
|move|p1a: Necrozma|Sunsteel Strike|p2a: Arceus
|-damage|p2a: Arceus|9/100
|
|upkeep
|turn|9
|
|t:|1651928314
|move|p2a: Arceus|Earthquake|p1a: Necrozma
|-supereffective|p1a: Necrozma
|-damage|p1a: Necrozma|27/100
|move|p1a: Necrozma|Sunsteel Strike|p2a: Arceus
|-damage|p2a: Arceus|0 fnt
|faint|p2a: Arceus
|
|upkeep
|
|t:|1651928324
|switch|p2a: Xerneas|Xerneas|100/100
|-damage|p2a: Xerneas|88/100|[from] Stealth Rock
|-ability|p2a: Xerneas|Fairy Aura
|turn|10
|
|t:|1651928329
|-start|p2a: Xerneas|Dynamax|
|-heal|p2a: Xerneas|88/100|[silent]
|move|p2a: Xerneas|Max Flare|p1a: Necrozma
|-supereffective|p1a: Necrozma
|-damage|p1a: Necrozma|0 fnt
|-weather|SunnyDay
|faint|p1a: Necrozma
|
|-weather|SunnyDay|[upkeep]
|upkeep
|
|t:|1651928336
|switch|p1a: Arceus|Arceus-Water|100/100
|-damage|p1a: Arceus|88/100|[from] Stealth Rock
|-activate|p1a: Arceus|move: Sticky Web
|-unboost|p1a: Arceus|spe|1
|turn|11
|c|☆Apprenti Buck|Lets get serious
|
|t:|1651928340
|move|p2a: Xerneas|Max Lightning|p1a: Arceus
|-supereffective|p1a: Arceus
|-damage|p1a: Arceus|17/100
|-fieldstart|move: Electric Terrain
|move|p1a: Arceus|Defog|p2a: Xerneas
|-unboost|p2a: Xerneas|evasion|1
|-sideend|p2: Apprenti Buck|Stealth Rock|[from] move: Defog|[of] p1a: Arceus
|-sideend|p1: Truthankamon|Stealth Rock|[from] move: Defog|[of] p1a: Arceus
|-sideend|p1: Truthankamon|Sticky Web|[from] move: Defog|[of] p1a: Arceus
|-fieldend|move: Electric Terrain
|
|-weather|SunnyDay|[upkeep]
|upkeep
|turn|12
|
|t:|1651928344
|move|p2a: Xerneas|Max Starfall|p1a: Arceus
|-crit|p1a: Arceus
|-damage|p1a: Arceus|0 fnt
|-fieldstart|move: Misty Terrain
|faint|p1a: Arceus
|
|-weather|SunnyDay|[upkeep]
|upkeep
|c|☆Apprenti Buck|Dang
|
|t:|1651928354
|switch|p1a: Zacian|Zacian-Crowned|100/100
|-ability|p1a: Zacian|Intrepid Sword|boost
|-boost|p1a: Zacian|atk|1
|-end|p2a: Xerneas|Dynamax
|-heal|p2a: Xerneas|88/100|[silent]
|turn|13
|
|t:|1651928357
|switch|p1a: Zygarde|Zygarde|74/100
|move|p2a: Xerneas|Hidden Power|p1a: Zygarde
|-resisted|p1a: Zygarde
|-damage|p1a: Zygarde|56/100
|
|-weather|SunnyDay|[upkeep]
|-heal|p1a: Zygarde|62/100|[from] item: Leftovers
|upkeep
|turn|14
|c|☆Apprenti Buck|Gg
|
|t:|1651928371
|switch|p2a: Necrozma|Necrozma-Dusk-Mane|100/100
|move|p1a: Zygarde|Substitute|p1a: Zygarde
|-start|p1a: Zygarde|Substitute
|-damage|p1a: Zygarde|37/100
|
|-weather|none
|-heal|p1a: Zygarde|43/100|[from] item: Leftovers
|-activate|p1a: Zygarde|ability: Power Construct
|detailschange|p1a: Zygarde|Zygarde-Complete
|-heal|p1a: Zygarde|65/100|[silent]
|upkeep
|turn|15
|
|t:|1651928374
|detailschange|p2a: Necrozma|Necrozma-Ultra
|-burst|p2a: Necrozma|Necrozma|Ultranecrozium Z
|move|p2a: Necrozma|Photon Geyser|p1a: Zygarde
|-end|p1a: Zygarde|Substitute
|move|p1a: Zygarde|Dragon Dance|p1a: Zygarde
|-boost|p1a: Zygarde|atk|1
|-boost|p1a: Zygarde|spe|1
|
|-heal|p1a: Zygarde|71/100|[from] item: Leftovers
|upkeep
|turn|16
|
|t:|1651928398
|-start|p1a: Zygarde|Dynamax|
|-heal|p1a: Zygarde|71/100|[silent]
|move|p1a: Zygarde|Max Quake|p2a: Necrozma
|-damage|p2a: Necrozma|7/100
|-boost|p1a: Zygarde|spd|1
|-zpower|p2a: Necrozma
|move|p2a: Necrozma|Light That Burns the Sky|p1a: Zygarde|[zeffect]
|-damage|p1a: Zygarde|46/100
|
|-heal|p1a: Zygarde|49/100|[from] item: Leftovers
|-fieldend|Misty Terrain
|upkeep
|turn|17
|l|☆Truthankamon
|inactive|Truthankamon disconnected and has a minute to reconnect!
|player|p1|
|c|☆Apprenti Buck|Dragon pulse on this thing could be good
|inactive|Truthankamon has 30 seconds to reconnect!
|inactive|Truthankamon has 20 seconds to reconnect!
|inactive|Truthankamon has 15 seconds to reconnect!
|inactive|Truthankamon has 10 seconds to reconnect!
|j|☆Truthankamon
|inactive|Truthankamon reconnected and has 90 seconds left.
|player|p1|Truthankamon|1
|
|t:|1651928462
|move|p1a: Zygarde|Max Quake|p2a: Necrozma
|-damage|p2a: Necrozma|0 fnt
|-boost|p1a: Zygarde|spd|1
|faint|p2a: Necrozma
|
|-heal|p1a: Zygarde|52/100|[from] item: Leftovers
|upkeep
|
|t:|1651928464
|switch|p2a: Xerneas|Xerneas|88/100
|-ability|p2a: Xerneas|Fairy Aura
|turn|18
|
|t:|1651928468
|move|p2a: Xerneas|Moonblast|p1a: Zygarde
|-supereffective|p1a: Zygarde
|-damage|p1a: Zygarde|28/100
|move|p1a: Zygarde|Max Quake|p2a: Xerneas
|-damage|p2a: Xerneas|8/100
|-boost|p1a: Zygarde|spd|1
|
|-heal|p1a: Zygarde|31/100|[from] item: Leftovers
|upkeep
|-end|p1a: Zygarde|Dynamax
|-heal|p1a: Zygarde|31/100|[silent]
|turn|19
|
|t:|1651928471
|move|p2a: Xerneas|Moonblast|p1a: Zygarde
|-supereffective|p1a: Zygarde
|-damage|p1a: Zygarde|0 fnt
|faint|p1a: Zygarde
|
|upkeep
|
|t:|1651928475
|switch|p1a: Zacian|Zacian-Crowned|100/100
|-ability|p1a: Zacian|Intrepid Sword|boost
|-boost|p1a: Zacian|atk|1
|turn|20
|
|t:|1651928477
|move|p2a: Xerneas|Moonblast|p1a: Zacian
|-resisted|p1a: Zacian
|-damage|p1a: Zacian|67/100
|move|p1a: Zacian|Behemoth Blade|p2a: Xerneas
|-supereffective|p2a: Xerneas
|-damage|p2a: Xerneas|0 fnt
|faint|p2a: Xerneas
|
|upkeep
|
|t:|1651928478
|switch|p2a: Lucario|Lucario, F|100/100
|turn|21
|
|t:|1651928483
|detailschange|p2a: Lucario|Lucario-Mega, F
|-mega|p2a: Lucario|Lucario|Lucarionite
|move|p1a: Zacian|Close Combat|p2a: Lucario
|-supereffective|p2a: Lucario
|-damage|p2a: Lucario|0 fnt
|-unboost|p1a: Zacian|def|1
|-unboost|p1a: Zacian|spd|1
|faint|p2a: Lucario
|
|win|Truthankamon
|n|☆Apprenti Buck|apprentibuck
|n| Pr3ssur3|pr3ssur3
|n| LaprasPlayer|laprasplayer
|n|☆Truthankamon|truthankamon
