|j|☆SaintLaplace
|j|☆Obito 2001
|t:|1666358957
|gametype|singles
|player|p1|SaintLaplace|hilda-wonderlauncher|1703
|player|p2|Obito 2001|teamrocket|1814
|teamsize|p1|6
|teamsize|p2|6
|gen|8
|tier|[Gen 8] National Dex AG
|rated|
|rule|HP Percentage Mod: HP is shown in percentages
|rule|Endless Battle Clause: Forcing endless battles is banned
|clearpoke
|poke|p1|Smeargle, M|
|poke|p1|Necrozma-Dusk-Mane|
|poke|p1|Xerneas-*|
|poke|p1|Zygarde|
|poke|p1|Marshadow|
|poke|p1|Kyurem-Black|
|poke|p2|Mandibuzz, F|
|poke|p2|Zapdos-Galar|
|poke|p2|Arceus-*|
|poke|p2|Ditto|
|poke|p2|Arceus-*|
|poke|p2|Groudon|
|teampreview
|inactive|Battle timer is ON: inactive players will automatically lose when time's up. (requested by Obito 2001)
|inactive|SaintLaplace also wants the timer to be on.
|
|t:|1666358974
|start
|switch|p1a: Smeargle|Smeargle, M|100/100
|switch|p2a: Groudon|Groudon|100/100
|detailschange|p2a: Groudon|Groudon-Primal
|-primal|p2a: Groudon
|-weather|DesolateLand|[from] ability: Desolate Land|[of] p2a: Groudon
|turn|1
|
|t:|1666358980
|-weather|none
|switch|p2a: Mandibuzz|Mandibuzz, F|100/100
|move|p1a: Smeargle|Magic Coat|p1a: Smeargle
|-singleturn|p1a: Smeargle|move: Magic Coat
|
|upkeep
|turn|2
|
|t:|1666358984
|move|p1a: Smeargle|Shell Smash|p1a: Smeargle
|-unboost|p1a: Smeargle|def|1
|-unboost|p1a: Smeargle|spd|1
|-boost|p1a: Smeargle|atk|2
|-boost|p1a: Smeargle|spa|2
|-boost|p1a: Smeargle|spe|2
|move|p2a: Mandibuzz|U-turn|p1a: Smeargle
|-damage|p1a: Smeargle|61/100
|
|t:|1666358992
|switch|p2a: Arceus|Arceus|100/100|[from]move: U-turn
|
|upkeep
|turn|3
|
|t:|1666358998
|move|p2a: Arceus|Extreme Speed|p1a: Smeargle
|-damage|p1a: Smeargle|0 fnt
|faint|p1a: Smeargle
|
|upkeep
|
|t:|1666359001
|switch|p1a: Marshadow|Marshadow|100/100
|turn|4
|
|t:|1666359005
|switch|p2a: Arceus|Arceus-Fairy|100/100
|move|p1a: Marshadow|Close Combat|p2a: Arceus
|-resisted|p2a: Arceus
|-damage|p2a: Arceus|79/100
|-unboost|p1a: Marshadow|def|1
|-unboost|p1a: Marshadow|spd|1
|
|upkeep
|turn|5
|
|t:|1666359008
|move|p1a: Marshadow|Rock Tomb|p2a: Arceus
|-damage|p2a: Arceus|60/100
|-unboost|p2a: Arceus|spe|1
|move|p2a: Arceus|Stealth Rock|p1a: Marshadow
|-sidestart|p1: SaintLaplace|move: Stealth Rock
|
|upkeep
|turn|6
|
|t:|1666359013
|move|p1a: Marshadow|Spectral Thief|p2a: Arceus
|-damage|p2a: Arceus|27/100
|move|p2a: Arceus|Recover|p2a: Arceus
|-heal|p2a: Arceus|77/100
|
|upkeep
|turn|7
|
|t:|1666359016
|move|p1a: Marshadow|Rock Tomb|p2a: Arceus
|-damage|p2a: Arceus|56/100
|-unboost|p2a: Arceus|spe|1
|move|p2a: Arceus|Judgment|p1a: Marshadow
|-supereffective|p1a: Marshadow
|-enditem|p1a: Marshadow|Focus Sash
|-damage|p1a: Marshadow|1/100
|
|upkeep
|turn|8
|
|t:|1666359025
|switch|p1a: Necrozma|Necrozma-Dusk-Mane, shiny|100/100
|-damage|p1a: Necrozma|94/100|[from] Stealth Rock
|move|p2a: Arceus|Recover|p2a: Arceus
|-heal|p2a: Arceus|100/100
|
|upkeep
|turn|9
|
|t:|1666359027
|switch|p2a: Groudon|Groudon-Primal|100/100
|-weather|DesolateLand|[from] ability: Desolate Land|[of] p2a: Groudon
|move|p1a: Necrozma|Dragon Dance|p1a: Necrozma
|-boost|p1a: Necrozma|atk|1
|-boost|p1a: Necrozma|spe|1
|
|-weather|DesolateLand|[upkeep]
|upkeep
|turn|10
|
|t:|1666359037
|-weather|none
|switch|p2a: Mandibuzz|Mandibuzz, F|100/100
|move|p1a: Necrozma|Earthquake|p2a: Mandibuzz
|-immune|p2a: Mandibuzz
|
|upkeep
|turn|11
|
|t:|1666359042
|move|p1a: Necrozma|Dragon Dance|p1a: Necrozma
|-boost|p1a: Necrozma|atk|1
|-boost|p1a: Necrozma|spe|1
|move|p2a: Mandibuzz|Foul Play|p1a: Necrozma
|-supereffective|p1a: Necrozma
|-damage|p1a: Necrozma|0 fnt
|faint|p1a: Necrozma
|
|upkeep
|
|t:|1666359047
|switch|p1a: Kyurem|Kyurem-Black|100/100
|-damage|p1a: Kyurem|76/100|[from] Stealth Rock
|-ability|p1a: Kyurem|Teravolt
|turn|12
|
|t:|1666359058
|move|p1a: Kyurem|Dragon Dance|p1a: Kyurem
|-boost|p1a: Kyurem|atk|1
|-boost|p1a: Kyurem|spe|1
|move|p2a: Mandibuzz|U-turn|p1a: Kyurem
|-crit|p1a: Kyurem
|-damage|p1a: Kyurem|66/100
|
|t:|1666359066
|switch|p2a: Ditto|Ditto, shiny|100/100|[from]move: U-turn
|-transform|p2a: Ditto|p1a: Kyurem|[from] ability: Imposter
|-ability|p2a: Ditto|Teravolt
|
|upkeep
|turn|13
|
|t:|1666359079
|-start|p2a: Ditto|Dynamax|
|-heal|p2a: Ditto|100/100|[silent]
|-start|p1a: Kyurem|Dynamax|
|-heal|p1a: Kyurem|66/100|[silent]
|move|p2a: Ditto|Max Hailstorm|p1a: Kyurem
|-damage|p1a: Kyurem|30/100
|-weather|Hail
|move|p1a: Kyurem|Max Quake|p2a: Ditto
|-damage|p2a: Ditto|82/100
|-boost|p1a: Kyurem|spd|1
|
|-weather|Hail|[upkeep]
|upkeep
|turn|14
|
|t:|1666359087
|move|p1a: Kyurem|Max Hailstorm|p2a: Ditto
|-damage|p2a: Ditto|27/100
|move|p2a: Ditto|Max Hailstorm|p1a: Kyurem
|-damage|p1a: Kyurem|0 fnt
|faint|p1a: Kyurem
|
|-weather|Hail|[upkeep]
|upkeep
|
|t:|1666359095
|switch|p1a: Marshadow|Marshadow|1/100
|-damage|p1a: Marshadow|0 fnt|[from] Stealth Rock
|faint|p1a: Marshadow
|
|t:|1666359099
|switch|p1a: Xerneas|Xerneas|100/100
|-damage|p1a: Xerneas|88/100|[from] Stealth Rock
|-ability|p1a: Xerneas|Fairy Aura
|turn|15
|
|t:|1666359102
|move|p2a: Ditto|Max Hailstorm|p1a: Xerneas
|-crit|p1a: Xerneas
|-damage|p1a: Xerneas|0 fnt
|faint|p1a: Xerneas
|
|-weather|Hail|[upkeep]
|upkeep
|-message|SaintLaplace forfeited.
|
|win|Obito 2001
|raw|SaintLaplace's rating: 1703 &rarr; <strong>1689</strong><br />(-14 for losing)
|raw|Obito 2001's rating: 1814 &rarr; <strong>1828</strong><br />(+14 for winning)
|l|☆SaintLaplace
