|j|☆Past151=notpkmn
|j|☆lemoncell0
|t:|1662948017
|gametype|singles
|player|p1|Past151=notpkmn|dawn|1475
|player|p2|lemoncell0|allister|1762
|teamsize|p1|6
|teamsize|p2|6
|gen|8
|tier|[Gen 8] National Dex AG
|rated|
|rule|HP Percentage Mod: HP is shown in percentages
|rule|Endless Battle Clause: Forcing endless battles is banned
|clearpoke
|poke|p1|Mewtwo|
|poke|p1|Chansey, F|
|poke|p1|Zapdos|
|poke|p1|Ditto|
|poke|p1|Gyarados, F|
|poke|p1|Cloyster, M|
|poke|p2|Gothitelle, M|
|poke|p2|Diancie|
|poke|p2|Quagsire, F|
|poke|p2|Tyranitar, F|
|poke|p2|Blissey, F|
|poke|p2|Zacian-*|
|teampreview
|c|☆Past151=notpkmn|If it’s past 151 it’s not Pokémon
|inactive|Battle timer is ON: inactive players will automatically lose when time's up. (requested by Past151=notpkmn)
|
|t:|1662948045
|start
|switch|p1a: 151|Zapdos|100/100
|switch|p2a: Diancie|Diancie|100/100
|turn|1
|
|t:|1662948051
|switch|p2a: Tyranitar|Tyranitar, F|100/100
|-weather|Sandstorm|[from] ability: Sand Stream|[of] p2a: Tyranitar
|move|p1a: 151|Volt Switch|p2a: Tyranitar
|-damage|p2a: Tyranitar|87/100
|
|t:|1662948062
|switch|p1a: Is|Ditto|100/100|[from]move: Volt Switch
|-transform|p1a: Is|p2a: Tyranitar|[from] ability: Imposter
|
|-weather|Sandstorm|[upkeep]
|-heal|p2a: Tyranitar|93/100|[from] item: Leftovers
|upkeep
|turn|2
|
|t:|1662948075
|switch|p2a: Gothitelle|Gothitelle, M|100/100
|move|p1a: Is|Roar|p2a: Gothitelle
|drag|p2a: Diancie|Diancie|100/100
|
|-weather|Sandstorm|[upkeep]
|upkeep
|turn|3
|
|t:|1662948089
|switch|p1a: Past|Chansey, F|100/100
|detailschange|p2a: Diancie|Diancie-Mega
|-mega|p2a: Diancie|Diancie|Diancite
|move|p2a: Diancie|Earth Power|p1a: Past
|-damage|p1a: Past|91/100
|
|-weather|Sandstorm|[upkeep]
|-damage|p1a: Past|85/100|[from] Sandstorm
|upkeep
|turn|4
|
|t:|1662948093
|switch|p2a: Gothitelle|Gothitelle, M|100/100
|move|p1a: Past|Seismic Toss|p2a: Gothitelle
|-damage|p2a: Gothitelle|71/100
|
|-weather|Sandstorm|[upkeep]
|-damage|p2a: Gothitelle|65/100|[from] Sandstorm
|-damage|p1a: Past|79/100|[from] Sandstorm
|upkeep
|turn|5
|
|t:|1662948100
|move|p2a: Gothitelle|Taunt|p1a: Past
|-start|p1a: Past|move: Taunt
|move|p1a: Past|Seismic Toss|p2a: Gothitelle
|-damage|p2a: Gothitelle|36/100
|
|-weather|none
|upkeep
|turn|6
|
|t:|1662948105
|move|p2a: Gothitelle|Cosmic Power|p2a: Gothitelle
|-boost|p2a: Gothitelle|def|1
|-boost|p2a: Gothitelle|spd|1
|move|p1a: Past|Seismic Toss|p2a: Gothitelle
|-damage|p2a: Gothitelle|7/100
|
|upkeep
|turn|7
|
|t:|1662948107
|move|p2a: Gothitelle|Rest|p2a: Gothitelle
|-status|p2a: Gothitelle|slp|[from] move: Rest
|-heal|p2a: Gothitelle|100/100 slp|[silent]
|move|p1a: Past|Seismic Toss|p2a: Gothitelle
|-damage|p2a: Gothitelle|71/100 slp
|
|-end|p1a: Past|move: Taunt
|upkeep
|turn|8
|
|t:|1662948116
|cant|p2a: Gothitelle|slp
|move|p1a: Past|Stealth Rock|p2a: Gothitelle
|-sidestart|p2: lemoncell0|move: Stealth Rock
|
|upkeep
|turn|9
|
|t:|1662948118
|cant|p2a: Gothitelle|slp
|move|p1a: Past|Seismic Toss|p2a: Gothitelle
|-damage|p2a: Gothitelle|42/100 slp
|
|upkeep
|turn|10
|
|t:|1662948120
|-curestatus|p2a: Gothitelle|slp|[msg]
|move|p2a: Gothitelle|Taunt|p1a: Past
|-start|p1a: Past|move: Taunt
|move|p1a: Past|Seismic Toss|p2a: Gothitelle
|-damage|p2a: Gothitelle|13/100
|
|upkeep
|turn|11
|
|t:|1662948124
|move|p2a: Gothitelle|Rest|p2a: Gothitelle
|-status|p2a: Gothitelle|slp|[from] move: Rest
|-heal|p2a: Gothitelle|100/100 slp|[silent]
|move|p1a: Past|Seismic Toss|p2a: Gothitelle
|-damage|p2a: Gothitelle|71/100 slp
|
|upkeep
|turn|12
|
|t:|1662948127
|cant|p2a: Gothitelle|slp
|move|p1a: Past|Seismic Toss|p2a: Gothitelle
|-damage|p2a: Gothitelle|42/100 slp
|
|-end|p1a: Past|move: Taunt
|upkeep
|turn|13
|
|t:|1662948128
|cant|p2a: Gothitelle|slp
|move|p1a: Past|Seismic Toss|p2a: Gothitelle
|-damage|p2a: Gothitelle|13/100 slp
|
|upkeep
|turn|14
|
|t:|1662948130
|-curestatus|p2a: Gothitelle|slp|[msg]
|move|p2a: Gothitelle|Rest|p2a: Gothitelle
|-status|p2a: Gothitelle|slp|[from] move: Rest
|-heal|p2a: Gothitelle|100/100 slp|[silent]
|move|p1a: Past|Seismic Toss|p2a: Gothitelle
|-damage|p2a: Gothitelle|71/100 slp
|
|upkeep
|turn|15
|
|t:|1662948135
|cant|p2a: Gothitelle|slp
|move|p1a: Past|Seismic Toss|p2a: Gothitelle
|-damage|p2a: Gothitelle|42/100 slp
|
|upkeep
|turn|16
|
|t:|1662948137
|cant|p2a: Gothitelle|slp
|move|p1a: Past|Seismic Toss|p2a: Gothitelle
|-damage|p2a: Gothitelle|13/100 slp
|
|upkeep
|turn|17
|
|t:|1662948140
|-curestatus|p2a: Gothitelle|slp|[msg]
|move|p2a: Gothitelle|Rest|p2a: Gothitelle
|-status|p2a: Gothitelle|slp|[from] move: Rest
|-heal|p2a: Gothitelle|100/100 slp|[silent]
|move|p1a: Past|Seismic Toss|p2a: Gothitelle
|-damage|p2a: Gothitelle|71/100 slp
|
|upkeep
|turn|18
|
|t:|1662948143
|cant|p2a: Gothitelle|slp
|move|p1a: Past|Seismic Toss|p2a: Gothitelle
|-damage|p2a: Gothitelle|42/100 slp
|
|upkeep
|turn|19
|
|t:|1662948144
|cant|p2a: Gothitelle|slp
|move|p1a: Past|Seismic Toss|p2a: Gothitelle
|-damage|p2a: Gothitelle|13/100 slp
|
|upkeep
|turn|20
|
|t:|1662948147
|-curestatus|p2a: Gothitelle|slp|[msg]
|move|p2a: Gothitelle|Rest|p2a: Gothitelle
|-status|p2a: Gothitelle|slp|[from] move: Rest
|-heal|p2a: Gothitelle|100/100 slp|[silent]
|move|p1a: Past|Seismic Toss|p2a: Gothitelle
|-damage|p2a: Gothitelle|71/100 slp
|
|upkeep
|turn|21
|
|t:|1662948154
|cant|p2a: Gothitelle|slp
|move|p1a: Past|Seismic Toss|p2a: Gothitelle
|-damage|p2a: Gothitelle|42/100 slp
|
|upkeep
|turn|22
|
|t:|1662948159
|cant|p2a: Gothitelle|slp
|move|p1a: Past|Seismic Toss|p2a: Gothitelle
|-damage|p2a: Gothitelle|13/100 slp
|
|upkeep
|turn|23
|
|t:|1662948161
|-curestatus|p2a: Gothitelle|slp|[msg]
|move|p2a: Gothitelle|Rest|p2a: Gothitelle
|-status|p2a: Gothitelle|slp|[from] move: Rest
|-heal|p2a: Gothitelle|100/100 slp|[silent]
|move|p1a: Past|Seismic Toss|p2a: Gothitelle
|-damage|p2a: Gothitelle|71/100 slp
|
|upkeep
|turn|24
|
|t:|1662948163
|cant|p2a: Gothitelle|slp
|move|p1a: Past|Seismic Toss|p2a: Gothitelle
|-damage|p2a: Gothitelle|42/100 slp
|
|upkeep
|turn|25
|
|t:|1662948165
|cant|p2a: Gothitelle|slp
|move|p1a: Past|Seismic Toss|p2a: Gothitelle
|-damage|p2a: Gothitelle|13/100 slp
|
|upkeep
|turn|26
|
|t:|1662948166
|-curestatus|p2a: Gothitelle|slp|[msg]
|move|p2a: Gothitelle|Rest|p2a: Gothitelle
|-status|p2a: Gothitelle|slp|[from] move: Rest
|-heal|p2a: Gothitelle|100/100 slp|[silent]
|move|p1a: Past|Seismic Toss|p2a: Gothitelle
|-damage|p2a: Gothitelle|71/100 slp
|
|upkeep
|turn|27
|
|t:|1662948170
|cant|p2a: Gothitelle|slp
|move|p1a: Past|Seismic Toss|p2a: Gothitelle
|-damage|p2a: Gothitelle|42/100 slp
|
|upkeep
|turn|28
|
|t:|1662948172
|cant|p2a: Gothitelle|slp
|move|p1a: Past|Seismic Toss|p2a: Gothitelle
|-damage|p2a: Gothitelle|13/100 slp
|
|upkeep
|turn|29
|
|t:|1662948174
|-curestatus|p2a: Gothitelle|slp|[msg]
|move|p2a: Gothitelle|Rest|p2a: Gothitelle
|-status|p2a: Gothitelle|slp|[from] move: Rest
|-heal|p2a: Gothitelle|100/100 slp|[silent]
|move|p1a: Past|Seismic Toss|p2a: Gothitelle
|-damage|p2a: Gothitelle|71/100 slp
|
|upkeep
|turn|30
|
|t:|1662948178
|cant|p2a: Gothitelle|slp
|move|p1a: Past|Toxic||[still]
|-fail|p1a: Past
|
|upkeep
|turn|31
|
|t:|1662948179
|cant|p2a: Gothitelle|slp
|move|p1a: Past|Toxic||[still]
|-fail|p1a: Past
|
|upkeep
|turn|32
|
|t:|1662948181
|-curestatus|p2a: Gothitelle|slp|[msg]
|move|p2a: Gothitelle|Taunt|p1a: Past
|-start|p1a: Past|move: Taunt
|cant|p1a: Past|move: Taunt|Stealth Rock
|
|upkeep
|turn|33
|
|t:|1662948186
|move|p2a: Gothitelle|Cosmic Power|p2a: Gothitelle
|-boost|p2a: Gothitelle|def|1
|-boost|p2a: Gothitelle|spd|1
|move|p1a: Past|Seismic Toss|p2a: Gothitelle
|-damage|p2a: Gothitelle|42/100
|
|upkeep
|turn|34
|
|t:|1662948188
|move|p2a: Gothitelle|Cosmic Power|p2a: Gothitelle
|-boost|p2a: Gothitelle|def|1
|-boost|p2a: Gothitelle|spd|1
|move|p1a: Past|Seismic Toss|p2a: Gothitelle
|-damage|p2a: Gothitelle|13/100
|
|-end|p1a: Past|move: Taunt
|upkeep
|turn|35
|
|t:|1662948193
|move|p2a: Gothitelle|Rest|p2a: Gothitelle
|-status|p2a: Gothitelle|slp|[from] move: Rest
|-heal|p2a: Gothitelle|100/100 slp|[silent]
|move|p1a: Past|Soft-Boiled|p1a: Past
|-heal|p1a: Past|100/100
|
|upkeep
|turn|36
|
|t:|1662948196
|cant|p2a: Gothitelle|slp
|move|p1a: Past|Stealth Rock||[still]
|-fail|p1a: Past
|
|upkeep
|turn|37
|
|t:|1662948198
|cant|p2a: Gothitelle|slp
|move|p1a: Past|Toxic||[still]
|-fail|p1a: Past
|
|upkeep
|turn|38
|
|t:|1662948200
|-curestatus|p2a: Gothitelle|slp|[msg]
|move|p2a: Gothitelle|Taunt|p1a: Past
|-start|p1a: Past|move: Taunt
|cant|p1a: Past|move: Taunt|Toxic
|
|upkeep
|turn|39
|
|t:|1662948207
|move|p2a: Gothitelle|Rest|p2a: Gothitelle
|-fail|p2a: Gothitelle|heal
|move|p1a: Past|Seismic Toss|p2a: Gothitelle
|-damage|p2a: Gothitelle|71/100
|
|upkeep
|turn|40
|
|t:|1662948208
|move|p2a: Gothitelle|Rest|p2a: Gothitelle
|-status|p2a: Gothitelle|slp|[from] move: Rest
|-heal|p2a: Gothitelle|100/100 slp|[silent]
|move|p1a: Past|Seismic Toss|p2a: Gothitelle
|-damage|p2a: Gothitelle|71/100 slp
|
|-end|p1a: Past|move: Taunt
|upkeep
|turn|41
|
|t:|1662948213
|cant|p2a: Gothitelle|slp
|move|p1a: Past|Seismic Toss|p2a: Gothitelle
|-damage|p2a: Gothitelle|42/100 slp
|
|upkeep
|turn|42
|
|t:|1662948214
|cant|p2a: Gothitelle|slp
|move|p1a: Past|Seismic Toss|p2a: Gothitelle
|-damage|p2a: Gothitelle|13/100 slp
|
|upkeep
|turn|43
|
|t:|1662948216
|-curestatus|p2a: Gothitelle|slp|[msg]
|move|p2a: Gothitelle|Rest|p2a: Gothitelle
|-status|p2a: Gothitelle|slp|[from] move: Rest
|-heal|p2a: Gothitelle|100/100 slp|[silent]
|move|p1a: Past|Seismic Toss|p2a: Gothitelle
|-damage|p2a: Gothitelle|71/100 slp
|
|upkeep
|turn|44
|
|t:|1662948219
|cant|p2a: Gothitelle|slp
|move|p1a: Past|Stealth Rock||[still]
|-fail|p1a: Past
|
|upkeep
|turn|45
|
|t:|1662948221
|cant|p2a: Gothitelle|slp
|move|p1a: Past|Stealth Rock||[still]
|-fail|p1a: Past
|
|upkeep
|turn|46
|
|t:|1662948222
|-curestatus|p2a: Gothitelle|slp|[msg]
|move|p2a: Gothitelle|Taunt|p1a: Past
|-start|p1a: Past|move: Taunt
|cant|p1a: Past|move: Taunt|Toxic
|
|upkeep
|turn|47
|
|t:|1662948225
|move|p2a: Gothitelle|Cosmic Power|p2a: Gothitelle
|-boost|p2a: Gothitelle|def|1
|-boost|p2a: Gothitelle|spd|1
|-activate|p1a: Past|move: Struggle
|move|p1a: Past|Struggle|p2a: Gothitelle
|-damage|p2a: Gothitelle|71/100
|-damage|p1a: Past|75/100|[from] recoil
|
|upkeep
|turn|48
|
|t:|1662948229
|move|p2a: Gothitelle|Taunt||[still]
|-fail|p2a: Gothitelle
|-activate|p1a: Past|move: Struggle
|move|p1a: Past|Struggle|p2a: Gothitelle
|-damage|p2a: Gothitelle|71/100
|-damage|p1a: Past|50/100|[from] recoil
|
|-end|p1a: Past|move: Taunt
|upkeep
|turn|49
|
|t:|1662948235
|move|p2a: Gothitelle|Taunt|p1a: Past
|-start|p1a: Past|move: Taunt
|cant|p1a: Past|move: Taunt|Toxic
|
|upkeep
|turn|50
|
|t:|1662948239
|move|p2a: Gothitelle|Cosmic Power|p2a: Gothitelle
|-boost|p2a: Gothitelle|def|1
|-boost|p2a: Gothitelle|spd|1
|-activate|p1a: Past|move: Struggle
|move|p1a: Past|Struggle|p2a: Gothitelle
|-damage|p2a: Gothitelle|71/100
|-damage|p1a: Past|25/100|[from] recoil
|
|upkeep
|turn|51
|
|t:|1662948240
|move|p2a: Gothitelle|Cosmic Power|p2a: Gothitelle
|-boost|p2a: Gothitelle|def|1
|-boost|p2a: Gothitelle|spd|1
|-activate|p1a: Past|move: Struggle
|move|p1a: Past|Struggle|p2a: Gothitelle
|-damage|p2a: Gothitelle|70/100
|-damage|p1a: Past|0 fnt|[from] recoil
|faint|p1a: Past
|
|upkeep
|
|t:|1662948245
|switch|p1a: Is|Ditto|100/100
|-transform|p1a: Is|p2a: Gothitelle|[from] ability: Imposter
|turn|52
|
|t:|1662948264
|switch|p2a: Diancie|Diancie-Mega|100/100
|-damage|p2a: Diancie|88/100|[from] Stealth Rock
|move|p1a: Is|Taunt|p2a: Diancie
|move|p2a: Diancie|Taunt|p1a: Is|[from]ability: Magic Bounce
|-start|p1a: Is|move: Taunt
|
|upkeep
|turn|53
|
|t:|1662948271
|switch|p1a: Anything|Mewtwo|100/100
|-ability|p1a: Anything|Pressure
|move|p2a: Diancie|Moonblast|p1a: Anything
|-damage|p1a: Anything|47/100
|-unboost|p1a: Anything|spa|1
|
|upkeep
|turn|54
|
|t:|1662948284
|switch|p1a: 151|Zapdos|100/100
|move|p2a: Diancie|Moonblast|p1a: 151
|-damage|p1a: 151|40/100
|
|-heal|p1a: 151|46/100|[from] item: Leftovers
|upkeep
|turn|55
|
|t:|1662948291
|move|p2a: Diancie|Moonblast|p1a: 151
|-damage|p1a: 151|0 fnt
|faint|p1a: 151
|
|upkeep
|
|t:|1662948295
|switch|p1a: Pokémon|Cloyster, M|100/100
|turn|56
|
|t:|1662948308
|move|p2a: Diancie|Moonblast|p1a: Pokémon
|-enditem|p1a: Pokémon|Focus Sash
|-damage|p1a: Pokémon|1/100
|move|p1a: Pokémon|Shell Smash|p1a: Pokémon
|-unboost|p1a: Pokémon|def|1
|-unboost|p1a: Pokémon|spd|1
|-boost|p1a: Pokémon|atk|2
|-boost|p1a: Pokémon|spa|2
|-boost|p1a: Pokémon|spe|2
|
|upkeep
|turn|57
|
|t:|1662948313
|switch|p2a: Tyranitar|Tyranitar, F|93/100
|-damage|p2a: Tyranitar|81/100|[from] Stealth Rock
|-weather|Sandstorm|[from] ability: Sand Stream|[of] p2a: Tyranitar
|move|p1a: Pokémon|Icicle Spear|p2a: Tyranitar
|-damage|p2a: Tyranitar|63/100
|-damage|p2a: Tyranitar|45/100
|-damage|p2a: Tyranitar|27/100
|-damage|p2a: Tyranitar|8/100
|-damage|p2a: Tyranitar|0 fnt
|faint|p2a: Tyranitar
|-hitcount|p2: Tyranitar|5
|
|-weather|Sandstorm|[upkeep]
|-damage|p1a: Pokémon|0 fnt|[from] Sandstorm
|faint|p1a: Pokémon
|upkeep
|
|t:|1662948322
|switch|p1a: Anything|Mewtwo|47/100
|switch|p2a: Zacian|Zacian-Crowned|100/100
|-damage|p2a: Zacian|94/100|[from] Stealth Rock
|-ability|p2a: Zacian|Intrepid Sword|boost
|-boost|p2a: Zacian|atk|1
|-ability|p1a: Anything|Pressure
|turn|58
|
|t:|1662948341
|move|p2a: Zacian|Behemoth Blade|p1a: Anything
|-damage|p1a: Anything|0 fnt
|faint|p1a: Anything
|
|-weather|Sandstorm|[upkeep]
|upkeep
|
|t:|1662948348
|switch|p1a: Is|Ditto|100/100
|-transform|p1a: Is|p2a: Zacian|[from] ability: Imposter
|-ability|p1a: Is|Intrepid Sword|boost
|-boost|p1a: Is|atk|1
|turn|59
|
|t:|1662948355
|switch|p1a: Not|Gyarados, F|100/100
|switch|p2a: Quagsire|Quagsire, F|100/100
|-damage|p2a: Quagsire|94/100|[from] Stealth Rock
|
|-weather|Sandstorm|[upkeep]
|-damage|p1a: Not|94/100|[from] Sandstorm
|upkeep
|turn|60
|
|t:|1662948361
|-start|p1a: Not|Dynamax|
|-heal|p1a: Not|94/100|[silent]
|move|p1a: Not|Max Overgrowth|p2a: Quagsire
|-supereffective|p2a: Quagsire
|-damage|p2a: Quagsire|0 fnt
|-fieldstart|move: Grassy Terrain
|faint|p2a: Quagsire
|-ability|p1a: Not|Moxie|boost
|-boost|p1a: Not|atk|1
|-damage|p1a: Not|89/100|[from] item: Life Orb
|
|-weather|Sandstorm|[upkeep]
|-damage|p1a: Not|86/100|[from] Sandstorm
|upkeep
|
|t:|1662948363
|switch|p2a: Zacian|Zacian-Crowned|94/100
|-damage|p2a: Zacian|88/100|[from] Stealth Rock
|-ability|p2a: Zacian|Intrepid Sword|boost
|-boost|p2a: Zacian|atk|1
|turn|61
|
|t:|1662948374
|move|p2a: Zacian|Wild Charge|p1a: Not
|-supereffective|p1a: Not
|-damage|p1a: Not|0 fnt
|faint|p1a: Not
|-damage|p2a: Zacian|44/100|[from] Recoil
|
|-weather|none
|-heal|p2a: Zacian|51/100|[from] Grassy Terrain
|upkeep
|
|t:|1662948376
|switch|p1a: Is|Ditto|100/100
|-transform|p1a: Is|p2a: Zacian|[from] ability: Imposter
|-ability|p1a: Is|Intrepid Sword|boost
|-boost|p1a: Is|atk|1
|turn|62
|
|t:|1662948378
|move|p1a: Is|Behemoth Blade|p2a: Zacian
|-damage|p2a: Zacian|0 fnt
|faint|p2a: Zacian
|
|upkeep
|
|t:|1662948381
|switch|p2a: Gothitelle|Gothitelle, M|70/100
|-damage|p2a: Gothitelle|58/100|[from] Stealth Rock
|turn|63
|
|t:|1662948384
|move|p1a: Is|Behemoth Blade|p2a: Gothitelle
|-damage|p2a: Gothitelle|0 fnt
|faint|p2a: Gothitelle
|
|upkeep
|c|☆lemoncell0|gg
|-message|lemoncell0 forfeited.
|
|win|Past151=notpkmn
|raw|Past151=notpkmn's rating: 1475 &rarr; <strong>1509</strong><br />(+34 for winning)
|raw|lemoncell0's rating: 1762 &rarr; <strong>1728</strong><br />(-34 for losing)
|l|☆lemoncell0
|c|☆Past151=notpkmn|Was your entire team just dependent on that one quagsire?
||Ladder isn't responding, score probably updated but might not have (Request timeout).
|l|☆Past151=notpkmn
|j|☆Past151=notpkmn
|player|p1|Past151=notpkmn|dawn
