|j|☆alt1445645
|j|☆porschenope
|t:|1661398911
|gametype|singles
|player|p1|alt1445645|266|1744
|player|p2|porschenope|lucas|1676
|teamsize|p1|6
|teamsize|p2|6
|gen|8
|tier|[Gen 8] National Dex AG
|rated|
|rule|HP Percentage Mod: HP is shown in percentages
|rule|Endless Battle Clause: Forcing endless battles is banned
|clearpoke
|poke|p1|Groudon|
|poke|p1|Rayquaza|
|poke|p1|Zygarde|
|poke|p1|Arceus-*|
|poke|p1|Calyrex-Shadow|
|poke|p1|Xerneas-*|
|poke|p2|Zacian-*|
|poke|p2|Tyranitar, F|
|poke|p2|Quagsire, F|
|poke|p2|Ditto|
|poke|p2|Gothitelle, F|
|poke|p2|Latias, F|
|teampreview
|c|☆alt1445645|u lemons alt LOL?
|
|t:|1661398933
|start
|switch|p1a: Pneuma|Rayquaza|100/100
|switch|p2a: Latias|Latias, F|100/100
|-ability|p1a: Pneuma|Air Lock
|turn|1
|
|t:|1661398938
|detailschange|p2a: Latias|Latias-Mega, F
|-mega|p2a: Latias|Latias|Latiasite
|detailschange|p1a: Pneuma|Rayquaza-Mega
|-mega|p1a: Pneuma|Rayquaza|
|-weather|DeltaStream|[from] ability: Delta Stream|[of] p1a: Pneuma
|move|p1a: Pneuma|Dragon Ascent|p2a: Latias
|-damage|p2a: Latias|38/100
|-unboost|p1a: Pneuma|def|1
|-unboost|p1a: Pneuma|spd|1
|move|p2a: Latias|Thunder Wave|p1a: Pneuma
|-status|p1a: Pneuma|par
|
|-weather|DeltaStream|[upkeep]
|upkeep
|turn|2
|
|t:|1661398947
|move|p2a: Latias|Roost|p2a: Latias
|-heal|p2a: Latias|88/100
|-singleturn|p2a: Latias|move: Roost
|move|p1a: Pneuma|Dragon Ascent|p2a: Latias
|-damage|p2a: Latias|31/100
|-unboost|p1a: Pneuma|def|1
|-unboost|p1a: Pneuma|spd|1
|
|-weather|DeltaStream|[upkeep]
|upkeep
|turn|3
|
|t:|1661398951
|move|p2a: Latias|Ice Beam|p1a: Pneuma
|-activate||deltastream
|-supereffective|p1a: Pneuma
|-enditem|p1a: Pneuma|Focus Sash
|-damage|p1a: Pneuma|1/100 par
|move|p1a: Pneuma|Dragon Ascent|p2a: Latias
|-damage|p2a: Latias|0 fnt
|-unboost|p1a: Pneuma|def|1
|-unboost|p1a: Pneuma|spd|1
|faint|p2a: Latias
|
|-weather|DeltaStream|[upkeep]
|upkeep
|
|t:|1661398954
|switch|p2a: Ditto|Ditto|100/100
|-transform|p2a: Ditto|p1a: Pneuma|[from] ability: Imposter
|turn|4
|
|t:|1661398957
|move|p2a: Ditto|Extreme Speed|p1a: Pneuma
|-damage|p1a: Pneuma|0 fnt
|faint|p1a: Pneuma
|
|-weather|DeltaStream|[upkeep]
|upkeep
|
|t:|1661398961
|switch|p1a: Calyrex|Calyrex-Shadow|100/100
|-ability|p1a: Calyrex|As One
|-ability|p1a: Calyrex|Unnerve
|turn|5
|
|t:|1661398984
|-weather|none
|switch|p2a: Tyranitar|Tyranitar, F|100/100
|-weather|Sandstorm|[from] ability: Sand Stream|[of] p2a: Tyranitar
|move|p1a: Calyrex|Substitute|p1a: Calyrex
|-start|p1a: Calyrex|Substitute
|-damage|p1a: Calyrex|76/100
|
|-weather|Sandstorm|[upkeep]
|-damage|p1a: Calyrex|70/100|[from] Sandstorm
|-heal|p1a: Calyrex|76/100|[from] item: Leftovers
|upkeep
|turn|6
|
|t:|1661398988
|move|p1a: Calyrex|Leech Seed|p2a: Tyranitar
|-start|p2a: Tyranitar|move: Leech Seed
|move|p2a: Tyranitar|Pursuit|p1a: Calyrex
|-supereffective|p1a: Calyrex
|-end|p1a: Calyrex|Substitute
|
|-weather|Sandstorm|[upkeep]
|-damage|p1a: Calyrex|70/100|[from] Sandstorm
|-heal|p1a: Calyrex|76/100|[from] item: Leftovers
|-damage|p2a: Tyranitar|88/100|[from] Leech Seed|[of] p1a: Calyrex
|-heal|p1a: Calyrex|90/100|[silent]
|upkeep
|turn|7
|
|t:|1661398991
|switch|p2a: Zacian|Zacian-Crowned|100/100
|-ability|p2a: Zacian|Intrepid Sword|boost
|-boost|p2a: Zacian|atk|1
|move|p1a: Calyrex|Substitute|p1a: Calyrex
|-start|p1a: Calyrex|Substitute
|-damage|p1a: Calyrex|65/100
|
|-weather|Sandstorm|[upkeep]
|-damage|p1a: Calyrex|59/100|[from] Sandstorm
|-heal|p1a: Calyrex|65/100|[from] item: Leftovers
|upkeep
|turn|8
|
|t:|1661399004
|switch|p2a: Gothitelle|Gothitelle, F|100/100
|move|p1a: Calyrex|Leech Seed|p2a: Gothitelle
|-start|p2a: Gothitelle|move: Leech Seed
|
|-weather|Sandstorm|[upkeep]
|-damage|p1a: Calyrex|59/100|[from] Sandstorm
|-damage|p2a: Gothitelle|94/100|[from] Sandstorm
|-heal|p1a: Calyrex|65/100|[from] item: Leftovers
|-heal|p2a: Gothitelle|100/100|[from] item: Leftovers
|-damage|p2a: Gothitelle|88/100|[from] Leech Seed|[of] p1a: Calyrex
|-heal|p1a: Calyrex|78/100|[silent]
|upkeep
|turn|9
|
|t:|1661399006
|move|p1a: Calyrex|Astral Barrage|p2a: Gothitelle
|-supereffective|p2a: Gothitelle
|-damage|p2a: Gothitelle|0 fnt
|faint|p2a: Gothitelle
|-ability|p1a: Calyrex|Grim Neigh|boost
|-boost|p1a: Calyrex|spa|1
|
|-weather|none
|-heal|p1a: Calyrex|84/100|[from] item: Leftovers
|upkeep
|
|t:|1661399011
|switch|p2a: Tyranitar|Tyranitar, F|88/100
|-weather|Sandstorm|[from] ability: Sand Stream|[of] p2a: Tyranitar
|turn|10
|
|t:|1661399014
|move|p1a: Calyrex|Leech Seed|p2a: Tyranitar
|-start|p2a: Tyranitar|move: Leech Seed
|move|p2a: Tyranitar|Rock Tomb|p1a: Calyrex
|-end|p1a: Calyrex|Substitute
|
|-weather|Sandstorm|[upkeep]
|-damage|p1a: Calyrex|78/100|[from] Sandstorm
|-heal|p1a: Calyrex|84/100|[from] item: Leftovers
|-heal|p2a: Tyranitar|94/100|[from] item: Leftovers
|-damage|p2a: Tyranitar|82/100|[from] Leech Seed|[of] p1a: Calyrex
|-heal|p1a: Calyrex|99/100|[silent]
|upkeep
|turn|11
|
|t:|1661399021
|move|p1a: Calyrex|Substitute|p1a: Calyrex
|-start|p1a: Calyrex|Substitute
|-damage|p1a: Calyrex|74/100
|move|p2a: Tyranitar|Pursuit|p1a: Calyrex
|-supereffective|p1a: Calyrex
|-crit|p1a: Calyrex
|-end|p1a: Calyrex|Substitute
|
|-weather|Sandstorm|[upkeep]
|-damage|p1a: Calyrex|68/100|[from] Sandstorm
|-heal|p1a: Calyrex|74/100|[from] item: Leftovers
|-heal|p2a: Tyranitar|88/100|[from] item: Leftovers
|-damage|p2a: Tyranitar|76/100|[from] Leech Seed|[of] p1a: Calyrex
|-heal|p1a: Calyrex|89/100|[silent]
|upkeep
|turn|12
|c|☆alt1445645|did he put his team in ag chat ?
|
|t:|1661399032
|move|p1a: Calyrex|Substitute|p1a: Calyrex
|-start|p1a: Calyrex|Substitute
|-damage|p1a: Calyrex|64/100
|move|p2a: Tyranitar|Pursuit|p1a: Calyrex
|-supereffective|p1a: Calyrex
|-end|p1a: Calyrex|Substitute
|
|-weather|Sandstorm|[upkeep]
|-damage|p1a: Calyrex|58/100|[from] Sandstorm
|-heal|p1a: Calyrex|64/100|[from] item: Leftovers
|-heal|p2a: Tyranitar|82/100|[from] item: Leftovers
|-damage|p2a: Tyranitar|70/100|[from] Leech Seed|[of] p1a: Calyrex
|-heal|p1a: Calyrex|78/100|[silent]
|upkeep
|turn|13
|
|t:|1661399039
|move|p1a: Calyrex|Substitute|p1a: Calyrex
|-start|p1a: Calyrex|Substitute
|-damage|p1a: Calyrex|53/100
|move|p2a: Tyranitar|Pursuit|p1a: Calyrex
|-supereffective|p1a: Calyrex
|-end|p1a: Calyrex|Substitute
|
|-weather|Sandstorm|[upkeep]
|-damage|p1a: Calyrex|47/100|[from] Sandstorm
|-heal|p1a: Calyrex|53/100|[from] item: Leftovers
|-heal|p2a: Tyranitar|76/100|[from] item: Leftovers
|-damage|p2a: Tyranitar|63/100|[from] Leech Seed|[of] p1a: Calyrex
|-heal|p1a: Calyrex|68/100|[silent]
|upkeep
|turn|14
|
|t:|1661399042
|move|p1a: Calyrex|Substitute|p1a: Calyrex
|-start|p1a: Calyrex|Substitute
|-damage|p1a: Calyrex|43/100
|move|p2a: Tyranitar|Pursuit|p1a: Calyrex
|-supereffective|p1a: Calyrex
|-end|p1a: Calyrex|Substitute
|
|-weather|none
|-heal|p1a: Calyrex|49/100|[from] item: Leftovers
|-heal|p2a: Tyranitar|70/100|[from] item: Leftovers
|-damage|p2a: Tyranitar|57/100|[from] Leech Seed|[of] p1a: Calyrex
|-heal|p1a: Calyrex|64/100|[silent]
|upkeep
|turn|15
|
|t:|1661399044
|move|p1a: Calyrex|Substitute|p1a: Calyrex
|-start|p1a: Calyrex|Substitute
|-damage|p1a: Calyrex|39/100
|move|p2a: Tyranitar|Pursuit|p1a: Calyrex
|-supereffective|p1a: Calyrex
|-end|p1a: Calyrex|Substitute
|
|-heal|p1a: Calyrex|45/100|[from] item: Leftovers
|-heal|p2a: Tyranitar|63/100|[from] item: Leftovers
|-damage|p2a: Tyranitar|51/100|[from] Leech Seed|[of] p1a: Calyrex
|-heal|p1a: Calyrex|60/100|[silent]
|upkeep
|turn|16
|
|t:|1661399048
|switch|p2a: Zacian|Zacian-Crowned|100/100
|-ability|p2a: Zacian|Intrepid Sword|boost
|-boost|p2a: Zacian|atk|1
|move|p1a: Calyrex|Substitute|p1a: Calyrex
|-start|p1a: Calyrex|Substitute
|-damage|p1a: Calyrex|35/100
|
|-heal|p1a: Calyrex|41/100|[from] item: Leftovers
|upkeep
|turn|17
|
|t:|1661399051
|switch|p2a: Tyranitar|Tyranitar, F|51/100
|-weather|Sandstorm|[from] ability: Sand Stream|[of] p2a: Tyranitar
|move|p1a: Calyrex|Astral Barrage|p2a: Tyranitar
|-resisted|p2a: Tyranitar
|-damage|p2a: Tyranitar|30/100
|
|-weather|Sandstorm|[upkeep]
|-damage|p1a: Calyrex|35/100|[from] Sandstorm
|-heal|p1a: Calyrex|41/100|[from] item: Leftovers
|-heal|p2a: Tyranitar|36/100|[from] item: Leftovers
|upkeep
|turn|18
|
|t:|1661399056
|move|p1a: Calyrex|Leech Seed|p2a: Tyranitar
|-start|p2a: Tyranitar|move: Leech Seed
|move|p2a: Tyranitar|Pursuit|p1a: Calyrex
|-supereffective|p1a: Calyrex
|-end|p1a: Calyrex|Substitute
|
|-weather|Sandstorm|[upkeep]
|-damage|p1a: Calyrex|35/100|[from] Sandstorm
|-heal|p1a: Calyrex|41/100|[from] item: Leftovers
|-heal|p2a: Tyranitar|42/100|[from] item: Leftovers
|-damage|p2a: Tyranitar|30/100|[from] Leech Seed|[of] p1a: Calyrex
|-heal|p1a: Calyrex|56/100|[silent]
|upkeep
|turn|19
|
|t:|1661399060
|move|p1a: Calyrex|Substitute|p1a: Calyrex
|-start|p1a: Calyrex|Substitute
|-damage|p1a: Calyrex|31/100
|move|p2a: Tyranitar|Pursuit|p1a: Calyrex
|-supereffective|p1a: Calyrex
|-end|p1a: Calyrex|Substitute
|
|-weather|Sandstorm|[upkeep]
|-damage|p1a: Calyrex|25/100|[from] Sandstorm
|-heal|p1a: Calyrex|31/100|[from] item: Leftovers
|-heal|p2a: Tyranitar|36/100|[from] item: Leftovers
|-damage|p2a: Tyranitar|24/100|[from] Leech Seed|[of] p1a: Calyrex
|-heal|p1a: Calyrex|46/100|[silent]
|upkeep
|turn|20
|
|t:|1661399062
|move|p1a: Calyrex|Substitute|p1a: Calyrex
|-start|p1a: Calyrex|Substitute
|-damage|p1a: Calyrex|21/100
|move|p2a: Tyranitar|Pursuit|p1a: Calyrex
|-supereffective|p1a: Calyrex
|-end|p1a: Calyrex|Substitute
|
|-weather|Sandstorm|[upkeep]
|-damage|p1a: Calyrex|15/100|[from] Sandstorm
|-heal|p1a: Calyrex|21/100|[from] item: Leftovers
|-heal|p2a: Tyranitar|30/100|[from] item: Leftovers
|-damage|p2a: Tyranitar|18/100|[from] Leech Seed|[of] p1a: Calyrex
|-heal|p1a: Calyrex|35/100|[silent]
|upkeep
|turn|21
|
|t:|1661399069
|move|p1a: Calyrex|Draining Kiss|p2a: Tyranitar
|-supereffective|p2a: Tyranitar
|-damage|p2a: Tyranitar|0 fnt
|-heal|p1a: Calyrex|50/100|[from] drain|[of] p2a: Tyranitar
|faint|p2a: Tyranitar
|-ability|p1a: Calyrex|Grim Neigh|boost
|-boost|p1a: Calyrex|spa|1
|
|-weather|none
|-heal|p1a: Calyrex|57/100|[from] item: Leftovers
|upkeep
|
|t:|1661399071
|switch|p2a: Ditto|Ditto|100/100
|-transform|p2a: Ditto|p1a: Calyrex|[from] ability: Imposter
|turn|22
|
|t:|1661399074
|switch|p1a: Arceus|Arceus|100/100
|move|p2a: Ditto|Astral Barrage|p1a: Arceus
|-immune|p1a: Arceus
|
|upkeep
|turn|23
|
|t:|1661399084
|switch|p2a: Zacian|Zacian-Crowned|100/100
|-ability|p2a: Zacian|Intrepid Sword|boost
|-boost|p2a: Zacian|atk|1
|-start|p1a: Arceus|Dynamax|
|-heal|p1a: Arceus|100/100|[silent]
|move|p1a: Arceus|Max Phantasm|p2a: Zacian
|-damage|p2a: Zacian|62/100
|-unboost|p2a: Zacian|def|1
|
|upkeep
|turn|24
|
|t:|1661399088
|move|p1a: Arceus|Max Guard|p1a: Arceus
|-singleturn|p1a: Arceus|Max Guard
|move|p2a: Zacian|Behemoth Blade|p1a: Arceus
|-activate|p1a: Arceus|move: Max Guard
|
|upkeep
|turn|25
|
|t:|1661399091
|move|p2a: Zacian|Behemoth Blade|p1a: Arceus
|-damage|p1a: Arceus|40/100
|move|p1a: Arceus|Max Strike|p2a: Zacian
|-resisted|p2a: Zacian
|-crit|p2a: Zacian
|-damage|p2a: Zacian|0 fnt
|faint|p2a: Zacian
|
|upkeep
|
|t:|1661399095
|switch|p2a: Ditto|Ditto|100/100
|-transform|p2a: Ditto|p1a: Arceus|[from] ability: Imposter
|-end|p1a: Arceus|Dynamax
|-heal|p1a: Arceus|40/100|[silent]
|turn|26
|
|t:|1661399100
|move|p2a: Ditto|Extreme Speed|p1a: Arceus
|-damage|p1a: Arceus|12/100
|move|p1a: Arceus|Extreme Speed|p2a: Ditto
|-damage|p2a: Ditto|49/100
|
|upkeep
|turn|27
|
|t:|1661399105
|switch|p1a: Calyrex|Calyrex-Shadow|57/100
|-ability|p1a: Calyrex|As One
|-ability|p1a: Calyrex|Unnerve
|move|p2a: Ditto|Extreme Speed|p1a: Calyrex
|-immune|p1a: Calyrex
|
|-heal|p1a: Calyrex|63/100|[from] item: Leftovers
|upkeep
|turn|28
|
|t:|1661399107
|switch|p2a: Quagsire|Quagsire, F|100/100
|move|p1a: Calyrex|Substitute|p1a: Calyrex
|-start|p1a: Calyrex|Substitute
|-damage|p1a: Calyrex|38/100
|
|-heal|p1a: Calyrex|44/100|[from] item: Leftovers
|upkeep
|turn|29
|
|t:|1661399109
|move|p1a: Calyrex|Astral Barrage|p2a: Quagsire
|-damage|p2a: Quagsire|11/100
|move|p2a: Quagsire|Earthquake|p1a: Calyrex
|-end|p1a: Calyrex|Substitute
|
|-heal|p1a: Calyrex|50/100|[from] item: Leftovers
|upkeep
|turn|30
|
|t:|1661399123
|switch|p1a: Pyra|Groudon|100/100
|detailschange|p1a: Pyra|Groudon-Primal
|-primal|p1a: Pyra
|-weather|DesolateLand|[from] ability: Desolate Land|[of] p1a: Pyra
|move|p2a: Quagsire|Earthquake|p1a: Pyra
|-supereffective|p1a: Pyra
|-damage|p1a: Pyra|67/100
|
|-weather|DesolateLand|[upkeep]
|upkeep
|turn|31
|
|t:|1661399127
|move|p1a: Pyra|Heat Crash|p2a: Quagsire
|-resisted|p2a: Quagsire
|-damage|p2a: Quagsire|0 fnt
|-damage|p1a: Pyra|51/100|[from] item: Rocky Helmet|[of] p2a: Quagsire
|faint|p2a: Quagsire
|
|-weather|DesolateLand|[upkeep]
|upkeep
|
|t:|1661399128
|switch|p2a: Ditto|Ditto|49/100
|-transform|p2a: Ditto|p1a: Pyra|[from] ability: Imposter
|turn|32
|
|t:|1661399131
|move|p2a: Ditto|Precipice Blades|p1a: Pyra
|-supereffective|p1a: Pyra
|-damage|p1a: Pyra|0 fnt
|faint|p1a: Pyra
|
|-weather|DesolateLand|[upkeep]
|upkeep
|
|t:|1661399135
|switch|p1a: Shi Oh You|Zygarde, shiny|100/100
|turn|33
|
|t:|1661399140
|move|p2a: Ditto|Precipice Blades|p1a: Shi Oh You
|-damage|p1a: Shi Oh You|54/100
|move|p1a: Shi Oh You|Glare|p2a: Ditto
|-status|p2a: Ditto|par
|
|-weather|DesolateLand|[upkeep]
|-heal|p1a: Shi Oh You|60/100|[from] item: Leftovers
|upkeep
|turn|34
|
|t:|1661399144
|move|p1a: Shi Oh You|Substitute|p1a: Shi Oh You
|-start|p1a: Shi Oh You|Substitute
|-damage|p1a: Shi Oh You|35/100
|move|p2a: Ditto|Precipice Blades|p1a: Shi Oh You|[miss]
|-miss|p2a: Ditto|p1a: Shi Oh You
|
|-weather|DesolateLand|[upkeep]
|-heal|p1a: Shi Oh You|41/100|[from] item: Leftovers
|-activate|p1a: Shi Oh You|ability: Power Construct
|detailschange|p1a: Shi Oh You|Zygarde-Complete, shiny
|-heal|p1a: Shi Oh You|61/100|[silent]
|upkeep
|turn|35
|
|t:|1661399147
|move|p1a: Shi Oh You|Thousand Arrows|p2a: Ditto
|-supereffective|p2a: Ditto
|-damage|p2a: Ditto|0 fnt
|faint|p2a: Ditto
|-weather|none
|
|win|alt1445645
|raw|alt1445645's rating: 1744 &rarr; <strong>1760</strong><br />(+16 for winning)
|raw|porschenope's rating: 1676 &rarr; <strong>1660</strong><br />(-16 for losing)
||Ladder isn't responding, score probably updated but might not have (Request timeout).
