|j|☆Alice_Finnemore
|j|☆Asteryn
|t:|1658282738
|gametype|singles
|player|p1|Alice_Finnemore|cynthia|
|player|p2|Asteryn|102|
|teamsize|p1|6
|teamsize|p2|6
|gen|8
|tier|[Gen 8] National Dex AG
|rule|HP Percentage Mod: HP is shown in percentages
|rule|Endless Battle Clause: Forcing endless battles is banned
|clearpoke
|poke|p1|Diancie|
|poke|p1|Ho-Oh|
|poke|p1|Giratina-Origin|
|poke|p1|Yveltal|
|poke|p1|Groudon|
|poke|p1|Arceus-*|
|poke|p2|Metagross|
|poke|p2|Landorus, M|
|poke|p2|Keldeo-Resolute|
|poke|p2|Chansey, F|
|poke|p2|Entei|
|poke|p2|Zapdos|
|teampreview
|inactive|Battle timer is ON: inactive players will automatically lose when time's up. (requested by Alice_Finnemore)
|
|t:|1658282752
|start
|switch|p1a: Diancie|Diancie|100/100
|switch|p2a: Metagross|Metagross, shiny|100/100
|turn|1
|c|☆Alice_Finnemore|antes de iniciar
|c|☆Alice_Finnemore|el dynamax es valido
|c|☆Asteryn|Me dijiste que no
|c|☆Asteryn|Pero sé que lo usas
|c|☆Asteryn|Pero da igual
|c|☆Asteryn|Yo no lo tengo ni necesito
|
|t:|1658282787
|detailschange|p2a: Metagross|Metagross-Mega, shiny
|-mega|p2a: Metagross|Metagross|Metagrossite
|detailschange|p1a: Diancie|Diancie-Mega
|-mega|p1a: Diancie|Diancie|Diancite
|move|p1a: Diancie|Protect|p1a: Diancie
|-singleturn|p1a: Diancie|Protect
|move|p2a: Metagross|Meteor Mash|p1a: Diancie
|-activate|p1a: Diancie|move: Protect
|
|upkeep
|turn|2
|c|☆Alice_Finnemore|entonces no lo usaré
|
|t:|1658282796
|switch|p1a: Giratina|Giratina-Origin|100/100
|move|p2a: Metagross|Meteor Mash|p1a: Giratina|[miss]
|-miss|p2a: Metagross|p1a: Giratina
|
|upkeep
|turn|3
|
|t:|1658282808
|switch|p2a: Entei|Entei, shiny|100/100
|-ability|p2a: Entei|Pressure
|move|p1a: Giratina|Will-O-Wisp|p2a: Entei
|-immune|p2a: Entei
|
|upkeep
|turn|4
|c|☆Asteryn|Ah viene por defecto
|c|☆Asteryn|esa cosa
|inactive|Asteryn has 270 seconds left.
|c|☆Asteryn|que loco
|c|☆Asteryn|Igual no usaré
|
|t:|1658282834
|move|p2a: Entei|Sacred Fire|p1a: Giratina
|-resisted|p1a: Giratina
|-damage|p1a: Giratina|78/100
|-status|p1a: Giratina|brn
|move|p1a: Giratina|Toxic|p2a: Entei
|-status|p2a: Entei|tox
|
|-damage|p2a: Entei|94/100 tox|[from] psn
|-damage|p1a: Giratina|72/100 brn|[from] brn
|upkeep
|turn|5
|inactive|Asteryn has 270 seconds left.
|
|t:|1658282847
|switch|p1a: Ho-Oh|Ho-Oh|100/100
|move|p2a: Entei|Sacred Fire|p1a: Ho-Oh
|-resisted|p1a: Ho-Oh
|-damage|p1a: Ho-Oh|68/100
|
|-damage|p2a: Entei|82/100 tox|[from] psn
|upkeep
|turn|6
|inactive|Asteryn has 270 seconds left.
|
|t:|1658282856
|switch|p2a: Zapdos|Zapdos, shiny|100/100
|move|p1a: Ho-Oh|Substitute|p1a: Ho-Oh
|-start|p1a: Ho-Oh|Substitute
|-damage|p1a: Ho-Oh|43/100
|
|upkeep
|turn|7
|
|t:|1658282863
|move|p2a: Zapdos|Thunderbolt|p1a: Ho-Oh
|-supereffective|p1a: Ho-Oh
|-end|p1a: Ho-Oh|Substitute
|move|p1a: Ho-Oh|Sacred Fire|p2a: Zapdos
|-damage|p2a: Zapdos|48/100
|
|-heal|p2a: Zapdos|54/100|[from] item: Leftovers
|upkeep
|turn|8
|inactive|Asteryn has 270 seconds left.
|
|t:|1658282890
|switch|p2a: Landorus|Landorus, M, shiny|100/100
|switch|p1a: Groudon|Groudon|100/100
|detailschange|p1a: Groudon|Groudon-Primal
|-primal|p1a: Groudon
|-weather|DesolateLand|[from] ability: Desolate Land|[of] p1a: Groudon
|
|-weather|DesolateLand|[upkeep]
|upkeep
|turn|9
|
|t:|1658282906
|switch|p2a: Zapdos|Zapdos, shiny|54/100
|-weather|none
|switch|p1a: Giratina|Giratina-Origin|72/100 brn
|
|-heal|p2a: Zapdos|60/100|[from] item: Leftovers
|-damage|p1a: Giratina|66/100 brn|[from] brn
|upkeep
|turn|10
|inactive|Asteryn has 240 seconds left.
|
|t:|1658282942
|switch|p2a: Chansey|Chansey, F|100/100
|move|p1a: Giratina|Toxic|p2a: Chansey
|-status|p2a: Chansey|tox
|
|-damage|p2a: Chansey|94/100 tox|[from] psn
|-damage|p1a: Giratina|59/100 brn|[from] brn
|upkeep
|turn|11
|
|t:|1658282952
|switch|p1a: Diancie|Diancie-Mega|100/100
|move|p2a: Chansey|Wish|p2a: Chansey
|
|-damage|p2a: Chansey|82/100 tox|[from] psn
|upkeep
|turn|12
|
|t:|1658282965
|-curestatus|p2a: Chansey|tox|[from] ability: Natural Cure
|switch|p2a: Metagross|Metagross-Mega, shiny|100/100
|move|p1a: Diancie|Earth Power|p2a: Metagross
|-supereffective|p2a: Metagross
|-damage|p2a: Metagross|17/100
|-unboost|p2a: Metagross|spd|1
|
|-heal|p2a: Metagross|100/100|[from] move: Wish|[wisher] Chansey
|upkeep
|turn|13
|
|t:|1658282988
|switch|p1a: Giratina|Giratina-Origin|59/100 brn
|switch|p2a: Zapdos|Zapdos, shiny|60/100
|
|-heal|p2a: Zapdos|67/100|[from] item: Leftovers
|-damage|p1a: Giratina|53/100 brn|[from] brn
|upkeep
|turn|14
|
|t:|1658282998
|switch|p1a: Diancie|Diancie-Mega|100/100
|switch|p2a: Chansey|Chansey, F|82/100
|
|upkeep
|turn|15
|
|t:|1658283004
|move|p2a: Chansey|Protect|p2a: Chansey
|-singleturn|p2a: Chansey|Protect
|move|p1a: Diancie|Diamond Storm|p2a: Chansey
|-activate|p2a: Chansey|move: Protect
|
|upkeep
|turn|16
|
|t:|1658283011
|move|p1a: Diancie|Earth Power|p2a: Chansey
|-damage|p2a: Chansey|71/100
|move|p2a: Chansey|Wish|p2a: Chansey
|
|upkeep
|turn|17
|inactive|Asteryn has 240 seconds left.
|
|t:|1658283038
|move|p2a: Chansey|Protect|p2a: Chansey
|-singleturn|p2a: Chansey|Protect
|move|p1a: Diancie|Diamond Storm|p2a: Chansey
|-activate|p2a: Chansey|move: Protect
|
|-heal|p2a: Chansey|100/100|[from] move: Wish|[wisher] Chansey
|upkeep
|turn|18
|
|t:|1658283047
|move|p1a: Diancie|Diamond Storm|p2a: Chansey
|-damage|p2a: Chansey|55/100
|-boost|p1a: Diancie|def|2
|move|p2a: Chansey|Wish|p2a: Chansey
|
|upkeep
|turn|19
|
|t:|1658283054
|switch|p1a: Yveltal|Yveltal|100/100
|-ability|p1a: Yveltal|Dark Aura
|move|p2a: Chansey|Protect||[still]
|-fail|p2a: Chansey
|
|-heal|p2a: Chansey|100/100|[from] move: Wish|[wisher] Chansey
|upkeep
|turn|20
|
|t:|1658283080
|switch|p2a: Metagross|Metagross-Mega, shiny|100/100
|move|p1a: Yveltal|Knock Off|p2a: Metagross
|-supereffective|p2a: Metagross
|-damage|p2a: Metagross|31/100
|
|upkeep
|turn|21
|
|t:|1658283095
|move|p2a: Metagross|Ice Punch|p1a: Yveltal
|-supereffective|p1a: Yveltal
|-damage|p1a: Yveltal|29/100
|move|p1a: Yveltal|Knock Off|p2a: Metagross
|-supereffective|p2a: Metagross
|-damage|p2a: Metagross|0 fnt
|faint|p2a: Metagross
|
|-heal|p1a: Yveltal|35/100|[from] item: Leftovers
|upkeep
|inactive|Asteryn has 210 seconds left.
|c|☆Alice_Finnemore|al fin se fue esa mierda
|
|t:|1658283116
|switch|p2a: Keldeo|Keldeo-Resolute|100/100
|turn|22
|
|t:|1658283121
|switch|p1a: Groudon|Groudon-Primal|100/100
|-weather|DesolateLand|[from] ability: Desolate Land|[of] p1a: Groudon
|move|p2a: Keldeo|Scald||[still]
|-fail|p2a: Keldeo|Scald|[from] Desolate Land
|
|-weather|DesolateLand|[upkeep]
|upkeep
|turn|23
|inactive|Asteryn has 210 seconds left.
|
|t:|1658283131
|switch|p2a: Chansey|Chansey, F|100/100
|move|p1a: Groudon|Toxic|p2a: Chansey
|-status|p2a: Chansey|tox
|
|-weather|DesolateLand|[upkeep]
|-damage|p2a: Chansey|94/100 tox|[from] psn
|upkeep
|turn|24
|inactive|Asteryn has 210 seconds left.
|
|t:|1658283140
|move|p1a: Groudon|Rock Polish|p1a: Groudon
|-boost|p1a: Groudon|spe|2
|move|p2a: Chansey|Wish|p2a: Chansey
|
|-weather|DesolateLand|[upkeep]
|-damage|p2a: Chansey|82/100 tox|[from] psn
|upkeep
|turn|25
|
|t:|1658283146
|move|p1a: Groudon|Earthquake|p2a: Chansey
|-damage|p2a: Chansey|18/100 tox
|move|p2a: Chansey|Toxic|p1a: Groudon
|-status|p1a: Groudon|tox
|
|-weather|DesolateLand|[upkeep]
|-heal|p2a: Chansey|67/100 tox|[from] move: Wish|[wisher] Chansey
|-damage|p1a: Groudon|94/100 tox|[from] psn
|-damage|p2a: Chansey|49/100 tox|[from] psn
|upkeep
|turn|26
|
|t:|1658283157
|-curestatus|p2a: Chansey|tox|[from] ability: Natural Cure
|switch|p2a: Landorus|Landorus, M, shiny|100/100
|move|p1a: Groudon|Stone Edge|p2a: Landorus
|-damage|p2a: Landorus|40/100
|
|-weather|DesolateLand|[upkeep]
|-damage|p1a: Groudon|82/100 tox|[from] psn
|upkeep
|turn|27
|
|t:|1658283166
|switch|p2a: Keldeo|Keldeo-Resolute|100/100
|move|p1a: Groudon|Stone Edge|p2a: Keldeo
|-resisted|p2a: Keldeo
|-damage|p2a: Keldeo|70/100
|
|-weather|DesolateLand|[upkeep]
|-damage|p1a: Groudon|63/100 tox|[from] psn
|upkeep
|turn|28
|
|t:|1658283179
|switch|p2a: Zapdos|Zapdos, shiny|67/100
|move|p1a: Groudon|Stone Edge|p2a: Zapdos
|-supereffective|p2a: Zapdos
|-damage|p2a: Zapdos|0 fnt
|faint|p2a: Zapdos
|
|-weather|DesolateLand|[upkeep]
|-damage|p1a: Groudon|38/100 tox|[from] psn
|upkeep
|c|☆Alice_Finnemore|gracias
|
|t:|1658283188
|switch|p2a: Chansey|Chansey, F|49/100
|turn|29
|
|t:|1658283193
|-weather|none
|switch|p1a: Yveltal|Yveltal|35/100
|-ability|p1a: Yveltal|Dark Aura
|move|p2a: Chansey|Protect||[still]
|-fail|p2a: Chansey
|
|-heal|p1a: Yveltal|41/100|[from] item: Leftovers
|upkeep
|turn|30
|
|t:|1658283202
|switch|p2a: Keldeo|Keldeo-Resolute|70/100
|move|p1a: Yveltal|Knock Off|p2a: Keldeo
|-resisted|p2a: Keldeo
|-damage|p2a: Keldeo|24/100
|-ability|p2a: Keldeo|Justified|boost
|-boost|p2a: Keldeo|atk|1
|-enditem|p2a: Keldeo|Metronome|[from] move: Knock Off|[of] p1a: Yveltal
|
|-heal|p1a: Yveltal|47/100|[from] item: Leftovers
|upkeep
|turn|31
|inactive|Asteryn has 240 seconds left.
|
|t:|1658283213
|move|p1a: Yveltal|Sucker Punch|p2a: Keldeo
|-resisted|p2a: Keldeo
|-crit|p2a: Keldeo
|-damage|p2a: Keldeo|0 fnt
|faint|p2a: Keldeo
|
|-heal|p1a: Yveltal|53/100|[from] item: Leftovers
|upkeep
|
|t:|1658283219
|switch|p2a: Entei|Entei, shiny|82/100 tox
|-ability|p2a: Entei|Pressure
|turn|32
|c|☆Alice_Finnemore|se viene 6 a 0?
|inactive|Asteryn has 240 seconds left.
|
|t:|1658283229
|switch|p1a: Giratina|Giratina-Origin|53/100 brn
|move|p2a: Entei|Sacred Fire|p1a: Giratina
|-resisted|p1a: Giratina
|-damage|p1a: Giratina|28/100 brn
|
|-damage|p2a: Entei|76/100 tox|[from] psn
|-damage|p1a: Giratina|22/100 brn|[from] brn
|upkeep
|turn|33
|
|t:|1658283238
|switch|p1a: Diancie|Diancie-Mega|100/100
|move|p2a: Entei|Sacred Fire|p1a: Diancie
|-resisted|p1a: Diancie
|-crit|p1a: Diancie
|-damage|p1a: Diancie|35/100
|-status|p1a: Diancie|brn
|
|-damage|p2a: Entei|63/100 tox|[from] psn
|-damage|p1a: Diancie|29/100 brn|[from] brn
|upkeep
|turn|34
|inactive|Asteryn has 240 seconds left.
|
|t:|1658283267
|switch|p2a: Landorus|Landorus, M, shiny|40/100
|move|p1a: Diancie|Diamond Storm|p2a: Landorus
|-damage|p2a: Landorus|8/100
|
|-damage|p1a: Diancie|22/100 brn|[from] brn
|upkeep
|turn|35
|
|t:|1658283276
|move|p1a: Diancie|Moonblast|p2a: Landorus
|-damage|p2a: Landorus|0 fnt
|faint|p2a: Landorus
|
|-damage|p1a: Diancie|16/100 brn|[from] brn
|upkeep
|
|t:|1658283282
|switch|p2a: Chansey|Chansey, F|49/100
|turn|36
|
|t:|1658283285
|switch|p1a: Yveltal|Yveltal|53/100
|-ability|p1a: Yveltal|Dark Aura
|move|p2a: Chansey|Toxic|p1a: Yveltal
|-status|p1a: Yveltal|tox
|
|-heal|p1a: Yveltal|59/100 tox|[from] item: Leftovers
|-damage|p1a: Yveltal|53/100 tox|[from] psn
|upkeep
|turn|37
|
|t:|1658283295
|move|p2a: Chansey|Protect|p2a: Chansey
|-singleturn|p2a: Chansey|Protect
|move|p1a: Yveltal|Roost|p1a: Yveltal
|-heal|p1a: Yveltal|100/100 tox
|-singleturn|p1a: Yveltal|move: Roost
|
|-damage|p1a: Yveltal|88/100 tox|[from] psn
|upkeep
|turn|38
|
|t:|1658283304
|move|p1a: Yveltal|Knock Off|p2a: Chansey
|-damage|p2a: Chansey|0 fnt
|-enditem|p2a: Chansey|Eviolite|[from] move: Knock Off|[of] p1a: Yveltal
|faint|p2a: Chansey
|
|-heal|p1a: Yveltal|94/100 tox|[from] item: Leftovers
|-damage|p1a: Yveltal|76/100 tox|[from] psn
|upkeep
|c|☆Alice_Finnemore|bueno
|c|☆Alice_Finnemore|gg
|c|☆Alice_Finnemore|ya perdiste
|
|t:|1658283312
|switch|p2a: Entei|Entei, shiny|63/100 tox
|-ability|p2a: Entei|Pressure
|turn|39
|
|t:|1658283316
|switch|p1a: Ho-Oh|Ho-Oh|76/100
|move|p2a: Entei|Sacred Fire|p1a: Ho-Oh
|-resisted|p1a: Ho-Oh
|-damage|p1a: Ho-Oh|45/100
|
|-damage|p2a: Entei|57/100 tox|[from] psn
|upkeep
|turn|40
|inactive|Asteryn has 270 seconds left.
|
|t:|1658283324
|move|p2a: Entei|Sacred Fire|p1a: Ho-Oh
|-resisted|p1a: Ho-Oh
|-damage|p1a: Ho-Oh|14/100
|move|p1a: Ho-Oh|Roost|p1a: Ho-Oh
|-heal|p1a: Ho-Oh|64/100
|-singleturn|p1a: Ho-Oh|move: Roost
|
|-damage|p2a: Entei|45/100 tox|[from] psn
|upkeep
|turn|41
|c|☆Alice_Finnemore|6 - 0
|c|☆Alice_Finnemore|estuvo bueno el team
|
|t:|1658283334
|move|p2a: Entei|Sacred Fire|p1a: Ho-Oh
|-resisted|p1a: Ho-Oh
|-damage|p1a: Ho-Oh|34/100
|move|p1a: Ho-Oh|Brave Bird|p2a: Entei
|-damage|p2a: Entei|0 fnt
|faint|p2a: Entei
|-damage|p1a: Ho-Oh|21/100|[from] Recoil
|
|win|Alice_Finnemore
|c|☆Asteryn|gg
|l|☆Asteryn
