|j|☆ClemLuck
|j|☆IWSK
|t:|1657638200
|gametype|singles
|player|p1|ClemLuck|benga|1582
|player|p2|IWSK|lucas|1701
|teamsize|p1|6
|teamsize|p2|6
|gen|8
|tier|[Gen 8] National Dex AG
|rated|
|rule|HP Percentage Mod: HP is shown in percentages
|rule|Endless Battle Clause: Forcing endless battles is banned
|clearpoke
|poke|p1|Arceus-*|
|poke|p1|Calyrex-Shadow|
|poke|p1|Marshadow|
|poke|p1|Necrozma-Dusk-Mane|
|poke|p1|Yveltal|
|poke|p1|Darmanitan-Galar, M|
|poke|p2|Arceus-*|
|poke|p2|Necrozma-Dusk-Mane|
|poke|p2|Calyrex-Shadow|
|poke|p2|Ho-Oh|
|poke|p2|Gliscor, F|
|poke|p2|Yveltal|
|teampreview
|inactive|Battle timer is ON: inactive players will automatically lose when time's up. (requested by IWSK)
|
|t:|1657638215
|start
|switch|p1a: Arceus|Arceus-Ghost|100/100
|switch|p2a: Arceus|Arceus-Water|100/100
|turn|1
|
|t:|1657638221
|move|p1a: Arceus|Swords Dance|p1a: Arceus
|-boost|p1a: Arceus|atk|2
|move|p2a: Arceus|Toxic|p1a: Arceus
|-status|p1a: Arceus|tox
|
|-damage|p1a: Arceus|94/100 tox|[from] psn
|upkeep
|turn|2
|
|t:|1657638229
|-zpower|p1a: Arceus
|move|p1a: Arceus|Never-Ending Nightmare|p2a: Arceus|[zeffect]
|-damage|p2a: Arceus|7/100
|move|p2a: Arceus|Recover|p2a: Arceus
|-heal|p2a: Arceus|57/100
|
|-damage|p1a: Arceus|82/100 tox|[from] psn
|upkeep
|turn|3
|
|t:|1657638239
|move|p1a: Arceus|Swords Dance|p1a: Arceus
|-boost|p1a: Arceus|atk|2
|move|p2a: Arceus|Recover|p2a: Arceus
|-heal|p2a: Arceus|100/100
|
|-damage|p1a: Arceus|64/100 tox|[from] psn
|upkeep
|turn|4
|
|t:|1657638247
|switch|p2a: Gliscor|Gliscor, F|100/100
|move|p1a: Arceus|Refresh|p1a: Arceus
|-curestatus|p1a: Arceus|tox|[msg]
|
|-status|p2a: Gliscor|tox|[from] item: Toxic Orb
|upkeep
|turn|5
|
|t:|1657638254
|move|p1a: Arceus|Shadow Force||[still]
|-prepare|p1a: Arceus|Shadow Force
|move|p2a: Gliscor|Bulldoze|p1a: Arceus|[miss]
|-miss|p2a: Gliscor|p1a: Arceus
|
|upkeep
|turn|6
|
|t:|1657638258
|move|p1a: Arceus|Shadow Force|p2a: Gliscor|[from]lockedmove
|-damage|p2a: Gliscor|0 fnt
|faint|p2a: Gliscor
|
|upkeep
|
|t:|1657638262
|switch|p2a: Yveltal|Yveltal|100/100
|-ability|p2a: Yveltal|Dark Aura
|turn|7
|
|t:|1657638269
|move|p1a: Arceus|Extreme Speed|p2a: Yveltal
|-damage|p2a: Yveltal|35/100
|move|p2a: Yveltal|Sucker Punch||[still]
|-fail|p2a: Yveltal
|
|upkeep
|turn|8
|
|t:|1657638277
|-start|p2a: Yveltal|Dynamax|
|-heal|p2a: Yveltal|35/100|[silent]
|move|p1a: Arceus|Extreme Speed|p2a: Yveltal
|-crit|p2a: Yveltal
|-damage|p2a: Yveltal|0 fnt
|faint|p2a: Yveltal
|
|upkeep
|-message|IWSK forfeited.
|
|win|ClemLuck
|raw|ClemLuck's rating: 1582 &rarr; <strong>1609</strong><br />(+27 for winning)
|raw|IWSK's rating: 1701 &rarr; <strong>1674</strong><br />(-27 for losing)
|l|☆IWSK
