|j|☆shoffel
|j|☆Buck is stallish
|t:|1661029546
|gametype|singles
|player|p1|shoffel|265|1700
|player|p2|Buck is stallish|ethan-masters|1935
|teamsize|p1|6
|teamsize|p2|6
|gen|8
|tier|[Gen 8] National Dex AG
|rated|
|rule|HP Percentage Mod: HP is shown in percentages
|rule|Endless Battle Clause: Forcing endless battles is banned
|clearpoke
|poke|p1|Eternatus|
|poke|p1|Arceus-*|
|poke|p1|Calyrex-Shadow|
|poke|p1|Ho-Oh|
|poke|p1|Necrozma-Dusk-Mane|
|poke|p1|Yveltal|
|poke|p2|Kyogre|
|poke|p2|Chansey, F|
|poke|p2|Sableye, F|
|poke|p2|Lugia|
|poke|p2|Yveltal|
|poke|p2|Arceus-*|
|teampreview
|inactive|Battle timer is ON: inactive players will automatically lose when time's up. (requested by Buck is stallish)
|inactive|shoffel also wants the timer to be on.
|
|t:|1661029568
|start
|switch|p1a: Yveltal|Yveltal|100/100
|switch|p2a: Pretty gem|Sableye, F|100/100
|-ability|p1a: Yveltal|Dark Aura
|turn|1
|
|t:|1661029573
|detailschange|p2a: Pretty gem|Sableye-Mega, F
|-mega|p2a: Pretty gem|Sableye|Sablenite
|move|p2a: Pretty gem|Protect|p2a: Pretty gem
|-singleturn|p2a: Pretty gem|Protect
|move|p1a: Yveltal|Knock Off|p2a: Pretty gem
|-activate|p2a: Pretty gem|move: Protect
|
|upkeep
|turn|2
|
|t:|1661029585
|switch|p1a: Eternatus|Eternatus|100/100
|-ability|p1a: Eternatus|Pressure
|move|p2a: Pretty gem|Recover||[still]
|-fail|p2a: Pretty gem|heal
|
|upkeep
|turn|3
|
|t:|1661029587
|move|p2a: Pretty gem|Protect|p2a: Pretty gem
|-singleturn|p2a: Pretty gem|Protect
|move|p1a: Eternatus|Sludge Bomb|p2a: Pretty gem
|-activate|p2a: Pretty gem|move: Protect
|
|upkeep
|turn|4
|
|t:|1661029590
|switch|p2a: Fearless priest|Arceus-Ground|100/100
|move|p1a: Eternatus|Sludge Bomb|p2a: Fearless priest
|-resisted|p2a: Fearless priest
|-damage|p2a: Fearless priest|87/100
|
|upkeep
|turn|5
|
|t:|1661029598
|switch|p1a: Arceus|Arceus-Fairy|100/100
|move|p2a: Fearless priest|Stealth Rock|p1a: Arceus
|-sidestart|p1: shoffel|move: Stealth Rock
|
|upkeep
|turn|6
|
|t:|1661029602
|switch|p2a: Tough pink lady|Chansey, F|100/100
|move|p1a: Arceus|Judgment|p2a: Tough pink lady
|-damage|p2a: Tough pink lady|90/100
|
|upkeep
|turn|7
|
|t:|1661029608
|switch|p1a: Ho-Oh|Ho-Oh|100/100
|switch|p2a: Eternal storm|Kyogre|100/100
|-weather|RainDance|[from] ability: Drizzle|[of] p2a: Eternal storm
|
|-weather|RainDance|[upkeep]
|upkeep
|turn|8
|
|t:|1661029616
|switch|p1a: Eternatus|Eternatus|100/100
|-damage|p1a: Eternatus|88/100|[from] Stealth Rock
|-ability|p1a: Eternatus|Pressure
|move|p2a: Eternal storm|Calm Mind|p2a: Eternal storm
|-boost|p2a: Eternal storm|spa|1
|-boost|p2a: Eternal storm|spd|1
|
|-weather|RainDance|[upkeep]
|-heal|p1a: Eternatus|94/100|[from] item: Black Sludge
|upkeep
|turn|9
|
|t:|1661029620
|move|p1a: Eternatus|Mystical Fire|p2a: Eternal storm
|-resisted|p2a: Eternal storm
|-damage|p2a: Eternal storm|98/100
|-unboost|p2a: Eternal storm|spa|1
|move|p2a: Eternal storm|Calm Mind|p2a: Eternal storm
|-boost|p2a: Eternal storm|spa|1
|-boost|p2a: Eternal storm|spd|1
|
|-weather|RainDance|[upkeep]
|-heal|p1a: Eternatus|100/100|[from] item: Black Sludge
|-heal|p2a: Eternal storm|100/100|[from] item: Leftovers
|upkeep
|turn|10
|
|t:|1661029622
|move|p1a: Eternatus|Mystical Fire|p2a: Eternal storm
|-resisted|p2a: Eternal storm
|-damage|p2a: Eternal storm|99/100
|-unboost|p2a: Eternal storm|spa|1
|move|p2a: Eternal storm|Calm Mind|p2a: Eternal storm
|-boost|p2a: Eternal storm|spa|1
|-boost|p2a: Eternal storm|spd|1
|
|-weather|RainDance|[upkeep]
|-heal|p2a: Eternal storm|100/100|[from] item: Leftovers
|upkeep
|turn|11
|
|t:|1661029626
|move|p1a: Eternatus|Mystical Fire|p2a: Eternal storm
|-resisted|p2a: Eternal storm
|-damage|p2a: Eternal storm|99/100
|-unboost|p2a: Eternal storm|spa|1
|move|p2a: Eternal storm|Calm Mind|p2a: Eternal storm
|-boost|p2a: Eternal storm|spa|1
|-boost|p2a: Eternal storm|spd|1
|
|-weather|none
|-heal|p2a: Eternal storm|100/100|[from] item: Leftovers
|upkeep
|turn|12
|
|t:|1661029630
|move|p1a: Eternatus|Sludge Bomb|p2a: Eternal storm
|-damage|p2a: Eternal storm|92/100
|move|p2a: Eternal storm|Calm Mind|p2a: Eternal storm
|-boost|p2a: Eternal storm|spa|1
|-boost|p2a: Eternal storm|spd|1
|
|-heal|p2a: Eternal storm|99/100|[from] item: Leftovers
|upkeep
|turn|13
|
|t:|1661029634
|move|p1a: Eternatus|Mystical Fire|p2a: Eternal storm
|-resisted|p2a: Eternal storm
|-damage|p2a: Eternal storm|96/100
|-unboost|p2a: Eternal storm|spa|1
|move|p2a: Eternal storm|Ice Beam|p1a: Eternatus
|-supereffective|p1a: Eternatus
|-damage|p1a: Eternatus|54/100
|
|-heal|p1a: Eternatus|60/100|[from] item: Black Sludge
|-heal|p2a: Eternal storm|100/100|[from] item: Leftovers
|upkeep
|turn|14
|
|t:|1661029639
|move|p1a: Eternatus|Sludge Bomb|p2a: Eternal storm
|-damage|p2a: Eternal storm|92/100
|move|p2a: Eternal storm|Calm Mind|p2a: Eternal storm
|-boost|p2a: Eternal storm|spa|1
|-boost|p2a: Eternal storm|spd|1
|
|-heal|p1a: Eternatus|66/100|[from] item: Black Sludge
|-heal|p2a: Eternal storm|98/100|[from] item: Leftovers
|upkeep
|turn|15
|
|t:|1661029642
|move|p1a: Eternatus|Mystical Fire|p2a: Eternal storm
|-resisted|p2a: Eternal storm
|-damage|p2a: Eternal storm|96/100
|-unboost|p2a: Eternal storm|spa|1
|move|p2a: Eternal storm|Calm Mind|p2a: Eternal storm
|-boost|p2a: Eternal storm|spa|1
|-boost|p2a: Eternal storm|spd|0
|
|-heal|p1a: Eternatus|72/100|[from] item: Black Sludge
|-heal|p2a: Eternal storm|100/100|[from] item: Leftovers
|upkeep
|turn|16
|
|t:|1661029652
|move|p1a: Eternatus|Sludge Bomb|p2a: Eternal storm
|-damage|p2a: Eternal storm|94/100
|move|p2a: Eternal storm|Ice Beam|p1a: Eternatus
|-supereffective|p1a: Eternatus
|-damage|p1a: Eternatus|12/100
|
|-heal|p1a: Eternatus|18/100|[from] item: Black Sludge
|-heal|p2a: Eternal storm|99/100|[from] item: Leftovers
|upkeep
|turn|17
|j| QuiVitam
|
|t:|1661029659
|move|p1a: Eternatus|Sludge Bomb|p2a: Eternal storm
|-damage|p2a: Eternal storm|93/100
|move|p2a: Eternal storm|Calm Mind|p2a: Eternal storm
|-boost|p2a: Eternal storm|spa|1
|-boost|p2a: Eternal storm|spd|0
|
|-heal|p1a: Eternatus|24/100|[from] item: Black Sludge
|-heal|p2a: Eternal storm|99/100|[from] item: Leftovers
|upkeep
|turn|18
|
|t:|1661029662
|move|p1a: Eternatus|Sludge Bomb|p2a: Eternal storm
|-damage|p2a: Eternal storm|93/100
|move|p2a: Eternal storm|Ice Beam|p1a: Eternatus
|-supereffective|p1a: Eternatus
|-damage|p1a: Eternatus|0 fnt
|faint|p1a: Eternatus
|
|-heal|p2a: Eternal storm|99/100|[from] item: Leftovers
|upkeep
|
|t:|1661029666
|switch|p1a: Yveltal|Yveltal|100/100
|-damage|p1a: Yveltal|76/100|[from] Stealth Rock
|-ability|p1a: Yveltal|Dark Aura
|turn|19
|c|☆Buck is stallish|Wow
|
|t:|1661029673
|-start|p2a: Eternal storm|Dynamax|
|-heal|p2a: Eternal storm|99/100|[silent]
|move|p1a: Yveltal|Knock Off|p2a: Eternal storm
|-damage|p2a: Eternal storm|66/100
|-enditem|p2a: Eternal storm|Leftovers|[from] move: Knock Off|[of] p1a: Yveltal
|move|p2a: Eternal storm|Max Geyser|p1a: Yveltal
|-damage|p1a: Yveltal|0 fnt
|-weather|RainDance
|faint|p1a: Yveltal
|
|-weather|RainDance|[upkeep]
|upkeep
|-message|shoffel forfeited.
|
|win|Buck is stallish
|raw|shoffel's rating: 1700 &rarr; <strong>1692</strong><br />(-8 for losing)
|raw|Buck is stallish's rating: 1935 &rarr; <strong>1943</strong><br />(+8 for winning)
|l|☆shoffel
|c|☆Buck is stallish|Are you band?
|l| QuiVitam
||Ladder isn't responding, score probably updated but might not have (Request timeout).
