|j|☆Am0ng00se
|j|☆WhiteCapeMarth
|t:|1664052090
|gametype|singles
|player|p1|Am0ng00se|2|1528
|player|p2|WhiteCapeMarth|emmet|1499
|teamsize|p1|6
|teamsize|p2|6
|gen|8
|tier|[Gen 8] National Dex AG
|rated|
|rule|HP Percentage Mod: HP is shown in percentages
|rule|Endless Battle Clause: Forcing endless battles is banned
|clearpoke
|poke|p1|Darkrai|
|poke|p1|Yveltal|
|poke|p1|Marshadow|
|poke|p1|Ditto|
|poke|p1|Ho-Oh|
|poke|p1|Eternatus|
|poke|p2|Kangaskhan, F|
|poke|p2|Calyrex-Shadow|
|poke|p2|Kyurem-White|
|poke|p2|Groudon|
|poke|p2|Xerneas-*|
|poke|p2|Smeargle, M|
|teampreview
|inactive|Battle timer is ON: inactive players will automatically lose when time's up. (requested by Am0ng00se)
|
|t:|1664052117
|start
|switch|p1a: Darkrai|Darkrai, shiny|100/100
|switch|p2a: Smeargle|Smeargle, M|100/100
|turn|1
|
|t:|1664052124
|move|p1a: Darkrai|Substitute|p1a: Darkrai
|-start|p1a: Darkrai|Substitute
|-damage|p1a: Darkrai|76/100
|move|p2a: Smeargle|Spore||[still]
|-fail|p2a: Smeargle
|
|-ability|p2a: Smeargle|Moody|boost
|-boost|p2a: Smeargle|spa|2
|-unboost|p2a: Smeargle|spd|1
|upkeep
|turn|2
|
|t:|1664052142
|move|p1a: Darkrai|Dark Pulse|p2a: Smeargle
|-enditem|p2a: Smeargle|Focus Sash
|-damage|p2a: Smeargle|1/100
|move|p2a: Smeargle|No Retreat|p2a: Smeargle
|-boost|p2a: Smeargle|atk|1
|-boost|p2a: Smeargle|def|1
|-boost|p2a: Smeargle|spa|1
|-boost|p2a: Smeargle|spd|1
|-boost|p2a: Smeargle|spe|1
|-start|p2a: Smeargle|move: No Retreat
|
|-ability|p2a: Smeargle|Moody|boost
|-boost|p2a: Smeargle|spa|2
|-unboost|p2a: Smeargle|def|1
|upkeep
|turn|3
|
|t:|1664052154
|move|p2a: Smeargle|Baton Pass|p2a: Smeargle
|
|t:|1664052157
|switch|p2a: Xerneas|Xerneas|100/100|[from]move: Baton Pass
|-ability|p2a: Xerneas|Fairy Aura
|move|p1a: Darkrai|Sludge Bomb|p2a: Xerneas
|-supereffective|p2a: Xerneas
|-crit|p2a: Xerneas
|-damage|p2a: Xerneas|27/100
|
|upkeep
|turn|4
|
|t:|1664052165
|move|p1a: Darkrai|Sludge Bomb|p2a: Xerneas
|-supereffective|p2a: Xerneas
|-damage|p2a: Xerneas|0 fnt
|faint|p2a: Xerneas
|
|upkeep
|
|t:|1664052174
|switch|p2a: Kangaskhan|Kangaskhan, F|100/100
|turn|5
|
|t:|1664052178
|detailschange|p2a: Kangaskhan|Kangaskhan-Mega, F
|-mega|p2a: Kangaskhan|Kangaskhan|Kangaskhanite
|move|p2a: Kangaskhan|Fake Out|p1a: Darkrai
|-activate|p1a: Darkrai|move: Substitute|[damage]
|-end|p1a: Darkrai|Substitute
|-hitcount|p1a: Darkrai|2
|-zpower|p1a: Darkrai
|move|p1a: Darkrai|Z-Hypnosis|p2a: Kangaskhan|[anim]Hypnosis
|-boost|p1a: Darkrai|spe|1|[zeffect]
|-status|p2a: Kangaskhan|slp|[from] move: Hypnosis
|
|-damage|p2a: Kangaskhan|88/100 slp|[from] ability: Bad Dreams|[of] p1a: Darkrai
|upkeep
|turn|6
|
|t:|1664052191
|cant|p2a: Kangaskhan|slp
|move|p1a: Darkrai|Dark Pulse|p2a: Kangaskhan
|-damage|p2a: Kangaskhan|50/100 slp
|
|-damage|p2a: Kangaskhan|37/100 slp|[from] ability: Bad Dreams|[of] p1a: Darkrai
|upkeep
|turn|7
|
|t:|1664052197
|cant|p2a: Kangaskhan|slp
|move|p1a: Darkrai|Dark Pulse|p2a: Kangaskhan
|-damage|p2a: Kangaskhan|0 fnt
|faint|p2a: Kangaskhan
|
|upkeep
|-message|WhiteCapeMarth forfeited.
|
|win|Am0ng00se
|raw|Am0ng00se's rating: 1528 &rarr; <strong>1546</strong><br />(+18 for winning)
|raw|WhiteCapeMarth's rating: 1499 &rarr; <strong>1481</strong><br />(-18 for losing)
|l|☆WhiteCapeMarth
