|j|☆Emorawr79
|j|☆madiiiman
|t:|1658165180
|gametype|singles
|player|p1|Emorawr79|ghetsis|1788
|player|p2|madiiiman|102|1782
|teamsize|p1|6
|teamsize|p2|6
|gen|8
|tier|[Gen 8] National Dex AG
|rated|
|rule|HP Percentage Mod: HP is shown in percentages
|rule|Endless Battle Clause: Forcing endless battles is banned
|clearpoke
|poke|p1|Calyrex-Shadow|
|poke|p1|Ditto|
|poke|p1|Zygarde|
|poke|p1|Yveltal|
|poke|p1|Ho-Oh|
|poke|p1|Kyogre|
|poke|p2|Yveltal|
|poke|p2|Ho-Oh|
|poke|p2|Necrozma-Dusk-Mane|
|poke|p2|Rayquaza|
|poke|p2|Ditto|
|poke|p2|Zacian-*|
|teampreview
|inactive|Battle timer is ON: inactive players will automatically lose when time's up. (requested by Emorawr79)
|
|t:|1658165197
|start
|switch|p1a: Kyogre|Kyogre|100/100
|switch|p2a: Necrozma|Necrozma-Dusk-Mane, shiny|100/100
|detailschange|p1a: Kyogre|Kyogre-Primal
|-primal|p1a: Kyogre
|-weather|PrimordialSea|[from] ability: Primordial Sea|[of] p1a: Kyogre
|turn|1
|
|t:|1658165213
|move|p1a: Kyogre|Water Spout|p2a: Necrozma
|-damage|p2a: Necrozma|0 fnt
|faint|p2a: Necrozma
|
|-weather|PrimordialSea|[upkeep]
|upkeep
|
|t:|1658165217
|switch|p2a: Rayquaza|Rayquaza|100/100
|-ability|p2a: Rayquaza|Air Lock
|turn|2
|
|t:|1658165223
|-weather|none
|switch|p1a: Ho-Oh|Ho-Oh|100/100
|detailschange|p2a: Rayquaza|Rayquaza-Mega
|-mega|p2a: Rayquaza|Rayquaza|
|-weather|DeltaStream|[from] ability: Delta Stream|[of] p2a: Rayquaza
|move|p2a: Rayquaza|Dragon Ascent|p1a: Ho-Oh
|-damage|p1a: Ho-Oh|23/100
|-unboost|p2a: Rayquaza|def|1
|-unboost|p2a: Rayquaza|spd|1
|-damage|p2a: Rayquaza|91/100|[from] item: Life Orb
|
|-weather|DeltaStream|[upkeep]
|upkeep
|turn|3
|
|t:|1658165236
|move|p2a: Rayquaza|Extreme Speed|p1a: Ho-Oh
|-damage|p1a: Ho-Oh|0 fnt
|faint|p1a: Ho-Oh
|-damage|p2a: Rayquaza|81/100|[from] item: Life Orb
|
|-weather|DeltaStream|[upkeep]
|upkeep
|
|t:|1658165249
|switch|p1a: Zygarde|Zygarde|100/100
|turn|4
|
|t:|1658165254
|move|p2a: Rayquaza|Draco Meteor|p1a: Zygarde
|-supereffective|p1a: Zygarde
|-damage|p1a: Zygarde|0 fnt
|-unboost|p2a: Rayquaza|spa|2
|faint|p1a: Zygarde
|-damage|p2a: Rayquaza|71/100|[from] item: Life Orb
|
|-weather|DeltaStream|[upkeep]
|upkeep
|
|t:|1658165260
|switch|p1a: Calyrex|Calyrex-Shadow|100/100
|-ability|p1a: Calyrex|As One
|-ability|p1a: Calyrex|Unnerve
|turn|5
|
|t:|1658165279
|-weather|none
|switch|p2a: Ho-Oh|Ho-Oh|100/100
|move|p1a: Calyrex|Astral Barrage|p2a: Ho-Oh
|-damage|p2a: Ho-Oh|66/100
|
|upkeep
|turn|6
|
|t:|1658165287
|move|p1a: Calyrex|Psyshock|p2a: Ho-Oh
|-damage|p2a: Ho-Oh|23/100
|move|p2a: Ho-Oh|Sacred Fire|p1a: Calyrex
|-damage|p1a: Calyrex|53/100
|
|upkeep
|turn|7
|
|t:|1658165293
|move|p1a: Calyrex|Psyshock|p2a: Ho-Oh
|-damage|p2a: Ho-Oh|0 fnt
|faint|p2a: Ho-Oh
|-ability|p1a: Calyrex|Grim Neigh|boost
|-boost|p1a: Calyrex|spa|1
|
|upkeep
|
|t:|1658165298
|switch|p2a: Yveltal|Yveltal, shiny|100/100
|-ability|p2a: Yveltal|Dark Aura
|turn|8
|
|t:|1658165304
|move|p2a: Yveltal|Sucker Punch|p1a: Calyrex
|-supereffective|p1a: Calyrex
|-damage|p1a: Calyrex|0 fnt
|faint|p1a: Calyrex
|-damage|p2a: Yveltal|91/100|[from] item: Life Orb
|
|upkeep
|
|t:|1658165306
|switch|p1a: Kyogre|Kyogre-Primal|100/100
|-weather|PrimordialSea|[from] ability: Primordial Sea|[of] p1a: Kyogre
|turn|9
|
|t:|1658165315
|-start|p2a: Yveltal|Dynamax|
|-heal|p2a: Yveltal|91/100|[silent]
|move|p2a: Yveltal|Max Darkness|p1a: Kyogre
|-damage|p1a: Kyogre|40/100
|-unboost|p1a: Kyogre|spd|1
|-damage|p2a: Yveltal|86/100|[from] item: Life Orb
|move|p1a: Kyogre|Ice Beam|p2a: Yveltal
|-supereffective|p2a: Yveltal
|-damage|p2a: Yveltal|50/100
|
|-weather|PrimordialSea|[upkeep]
|upkeep
|turn|10
|
|t:|1658165327
|move|p2a: Yveltal|Max Airstream|p1a: Kyogre
|-damage|p1a: Kyogre|0 fnt
|-boost|p2a: Yveltal|spe|1
|faint|p1a: Kyogre
|-weather|none
|-damage|p2a: Yveltal|45/100|[from] item: Life Orb
|
|upkeep
|
|t:|1658165330
|switch|p1a: Ditto|Ditto|100/100
|-transform|p1a: Ditto|p2a: Yveltal|[from] ability: Imposter
|-ability|p1a: Ditto|Dark Aura
|turn|11
|
|t:|1658165340
|move|p2a: Yveltal|Max Airstream|p1a: Ditto
|-damage|p1a: Ditto|2/100
|-boost|p2a: Yveltal|spe|1
|-damage|p2a: Yveltal|40/100|[from] item: Life Orb
|move|p1a: Ditto|Oblivion Wing|p2a: Yveltal
|-damage|p2a: Yveltal|21/100
|-heal|p1a: Ditto|38/100|[from] drain|[of] p2a: Yveltal
|
|upkeep
|-end|p2a: Yveltal|Dynamax
|-heal|p2a: Yveltal|21/100|[silent]
|turn|12
|
|t:|1658165355
|move|p2a: Yveltal|Oblivion Wing|p1a: Ditto
|-damage|p1a: Ditto|0 fnt
|-heal|p2a: Yveltal|43/100|[from] drain|[of] p1a: Ditto
|faint|p1a: Ditto
|-damage|p2a: Yveltal|33/100|[from] item: Life Orb
|
|upkeep
|
|t:|1658165357
|switch|p1a: Yveltal|Yveltal|100/100
|-ability|p1a: Yveltal|Dark Aura
|turn|13
|c|☆madiiiman|gg
|
|t:|1658165365
|-start|p1a: Yveltal|Dynamax|
|-heal|p1a: Yveltal|100/100|[silent]
|move|p2a: Yveltal|Oblivion Wing|p1a: Yveltal
|-damage|p1a: Yveltal|77/100
|-heal|p2a: Yveltal|69/100|[from] drain|[of] p1a: Yveltal
|-damage|p2a: Yveltal|59/100|[from] item: Life Orb
|move|p1a: Yveltal|Max Airstream|p2a: Yveltal
|-damage|p2a: Yveltal|0 fnt
|-boost|p1a: Yveltal|spe|1
|faint|p2a: Yveltal
|-damage|p1a: Yveltal|72/100|[from] item: Life Orb
|
|upkeep
|
|t:|1658165379
|switch|p2a: Rayquaza|Rayquaza-Mega|71/100
|-weather|DeltaStream|[from] ability: Delta Stream|[of] p2a: Rayquaza
|turn|14
|
|t:|1658165383
|move|p2a: Rayquaza|Extreme Speed|p1a: Yveltal
|-damage|p1a: Yveltal|51/100
|-damage|p2a: Rayquaza|61/100|[from] item: Life Orb
|move|p1a: Yveltal|Max Darkness|p2a: Rayquaza
|-damage|p2a: Rayquaza|0 fnt
|faint|p2a: Rayquaza
|-weather|none
|-damage|p1a: Yveltal|46/100|[from] item: Life Orb
|
|upkeep
|
|t:|1658165395
|switch|p2a: Ditto|Ditto, shiny|100/100
|-transform|p2a: Ditto|p1a: Yveltal|[from] ability: Imposter
|-ability|p2a: Ditto|Dark Aura
|turn|15
|
|t:|1658165409
|move|p2a: Ditto|Dark Pulse|p1a: Yveltal
|-resisted|p1a: Yveltal
|-damage|p1a: Yveltal|34/100
|move|p1a: Yveltal|Max Flare|p2a: Ditto
|-damage|p2a: Ditto|35/100
|-weather|SunnyDay
|-damage|p1a: Yveltal|29/100|[from] item: Life Orb
|
|-weather|SunnyDay|[upkeep]
|upkeep
|-end|p1a: Yveltal|Dynamax
|-heal|p1a: Yveltal|29/100|[silent]
|turn|16
|
|t:|1658165420
|move|p2a: Ditto|Dark Pulse|p1a: Yveltal
|-resisted|p1a: Yveltal
|-damage|p1a: Yveltal|4/100
|move|p1a: Yveltal|Oblivion Wing|p2a: Ditto
|-damage|p2a: Ditto|0 fnt
|-heal|p1a: Yveltal|24/100|[from] drain|[of] p2a: Ditto
|faint|p2a: Ditto
|-damage|p1a: Yveltal|14/100|[from] item: Life Orb
|
|-weather|SunnyDay|[upkeep]
|upkeep
|c|☆Emorawr79|I think its a roll or a miss
|
|t:|1658165431
|switch|p2a: Zacian|Zacian-Crowned|100/100
|-ability|p2a: Zacian|Intrepid Sword|boost
|-boost|p2a: Zacian|atk|1
|turn|17
|c|☆Emorawr79|Non the less ggs!
|
|t:|1658165437
|move|p1a: Yveltal|Heat Wave|p2a: Zacian|[miss]
|-miss|p1a: Yveltal|p2a: Zacian
|move|p2a: Zacian|Behemoth Blade|p1a: Yveltal
|-damage|p1a: Yveltal|0 fnt
|faint|p1a: Yveltal
|
|win|madiiiman
|raw|Emorawr79's rating: 1788 &rarr; <strong>1768</strong><br />(-20 for losing)
|raw|madiiiman's rating: 1782 &rarr; <strong>1802</strong><br />(+20 for winning)
|c|☆madiiiman|heat wave wasnt a roll
|c|☆madiiiman|but gg was closer than i thought
|c|☆Emorawr79|Yeah haha
|c|☆Emorawr79|Ggs!
|l|☆Emorawr79
||Ladder isn't responding, score probably updated but might not have (Request timeout).
