|j|‽NykterStein
|j|☆Goku Uchiha 2001
|t:|1664171495
|gametype|singles
|player|p1|NykterStein|lady|1378
|player|p2|Goku Uchiha 2001|blue-gen3two|1579
|teamsize|p1|6
|teamsize|p2|6
|gen|8
|tier|[Gen 8] National Dex AG
|rated|
|rule|HP Percentage Mod: HP is shown in percentages
|rule|Endless Battle Clause: Forcing endless battles is banned
|clearpoke
|poke|p1|Blastoise, M|
|poke|p1|Polteageist|
|poke|p1|Cloyster, M|
|poke|p1|Arceus-*|
|poke|p1|Calyrex-Shadow|
|poke|p1|Zacian-*|
|poke|p2|Ditto|
|poke|p2|Garchomp, F|
|poke|p2|Shuckle, L1, M|
|poke|p2|Giratina-Origin|
|poke|p2|Salamence, M|
|poke|p2|Togekiss, F|
|teampreview
|inactive|Battle timer is ON: inactive players will automatically lose when time's up. (requested by NykterStein)
|inactive|Goku Uchiha 2001 also wants the timer to be on.
|
|t:|1664171503
|start
|switch|p1a: Arceus|Arceus|100/100
|switch|p2a: Togekiss|Togekiss, F|100/100
|turn|1
|
|t:|1664171508
|switch|p2a: Shuckle|Shuckle, L1, M, shiny|100/100
|move|p1a: Arceus|Swords Dance|p1a: Arceus
|-boost|p1a: Arceus|atk|2
|
|upkeep
|turn|2
|
|t:|1664171514
|-start|p1a: Arceus|Dynamax|
|-heal|p1a: Arceus|100/100|[silent]
|move|p1a: Arceus|Max Quake|p2a: Shuckle
|-ability|p2a: Shuckle|Sturdy
|-damage|p2a: Shuckle|10/100
|-boost|p1a: Arceus|spd|1
|-enditem|p2a: Shuckle|Berry Juice
|-heal|p2a: Shuckle|100/100|[from] item: Berry Juice
|-damage|p1a: Arceus|96/100|[from] item: Life Orb
|move|p2a: Shuckle|Stealth Rock|p1a: Arceus
|-sidestart|p1: NykterStein|move: Stealth Rock
|
|upkeep
|turn|3
|
|t:|1664171526
|move|p1a: Arceus|Max Quake|p2a: Shuckle
|-ability|p2a: Shuckle|Sturdy
|-damage|p2a: Shuckle|10/100
|-boost|p1a: Arceus|spd|1
|-damage|p1a: Arceus|91/100|[from] item: Life Orb
|move|p2a: Shuckle|Toxic|p1a: Arceus
|-status|p1a: Arceus|tox
|
|-damage|p1a: Arceus|88/100 tox|[from] psn
|upkeep
|turn|4
|
|t:|1664171537
|move|p1a: Arceus|Max Quake|p2a: Shuckle
|-damage|p2a: Shuckle|0 fnt
|-boost|p1a: Arceus|spd|1
|faint|p2a: Shuckle
|-damage|p1a: Arceus|83/100 tox|[from] item: Life Orb
|
|-damage|p1a: Arceus|77/100 tox|[from] psn
|upkeep
|
|t:|1664171543
|switch|p2a: Ditto|Ditto, shiny|100/100
|-transform|p2a: Ditto|p1a: Arceus|[from] ability: Imposter
|-end|p1a: Arceus|Dynamax
|-heal|p1a: Arceus|77/100 tox|[silent]
|turn|5
|
|t:|1664171549
|switch|p2a: Giratina|Giratina-Origin|100/100
|move|p1a: Arceus|Extreme Speed|p2a: Giratina
|-immune|p2a: Giratina
|
|-damage|p1a: Arceus|58/100 tox|[from] psn
|upkeep
|turn|6
|
|t:|1664171557
|move|p1a: Arceus|Recover|p1a: Arceus
|-heal|p1a: Arceus|100/100 tox
|move|p2a: Giratina|Hone Claws|p2a: Giratina
|-boost|p2a: Giratina|atk|1
|-boost|p2a: Giratina|accuracy|1
|
|-damage|p1a: Arceus|76/100 tox|[from] psn
|upkeep
|turn|7
|
|t:|1664171566
|switch|p1a: Cloyster|Cloyster, M|100/100
|-damage|p1a: Cloyster|76/100|[from] Stealth Rock
|move|p2a: Giratina|Hone Claws|p2a: Giratina
|-boost|p2a: Giratina|atk|1
|-boost|p2a: Giratina|accuracy|1
|
|upkeep
|turn|8
|
|t:|1664171573
|move|p1a: Cloyster|Shell Smash|p1a: Cloyster
|-unboost|p1a: Cloyster|def|1
|-unboost|p1a: Cloyster|spd|1
|-boost|p1a: Cloyster|atk|2
|-boost|p1a: Cloyster|spa|2
|-boost|p1a: Cloyster|spe|2
|move|p2a: Giratina|Poltergeist|p1a: Cloyster
|-activate|p1a: Cloyster|move: Poltergeist|Focus Sash
|-damage|p1a: Cloyster|0 fnt
|faint|p1a: Cloyster
|
|upkeep
|
|t:|1664171584
|switch|p1a: Polteageist|Polteageist|100/100
|-damage|p1a: Polteageist|88/100|[from] Stealth Rock
|turn|9
|
|t:|1664171588
|move|p2a: Giratina|Shadow Sneak|p1a: Polteageist
|-supereffective|p1a: Polteageist
|-damage|p1a: Polteageist|0 fnt
|faint|p1a: Polteageist
|
|upkeep
|
|t:|1664171595
|switch|p1a: Blastoise|Blastoise, M|100/100
|-damage|p1a: Blastoise|88/100|[from] Stealth Rock
|turn|10
|
|t:|1664171599
|detailschange|p1a: Blastoise|Blastoise-Mega, M
|-mega|p1a: Blastoise|Blastoise|Blastoisinite
|move|p1a: Blastoise|Shell Smash|p1a: Blastoise
|-unboost|p1a: Blastoise|def|1
|-unboost|p1a: Blastoise|spd|1
|-boost|p1a: Blastoise|atk|2
|-boost|p1a: Blastoise|spa|2
|-boost|p1a: Blastoise|spe|2
|move|p2a: Giratina|Poltergeist|p1a: Blastoise
|-activate|p1a: Blastoise|move: Poltergeist|Blastoisinite
|-damage|p1a: Blastoise|0 fnt
|faint|p1a: Blastoise
|
|upkeep
|
|t:|1664171610
|switch|p1a: Zacian|Zacian-Crowned, shiny|100/100
|-damage|p1a: Zacian|94/100|[from] Stealth Rock
|-ability|p1a: Zacian|Intrepid Sword|boost
|-boost|p1a: Zacian|atk|1
|turn|11
|
|t:|1664171616
|move|p2a: Giratina|Shadow Sneak|p1a: Zacian
|-damage|p1a: Zacian|47/100
|move|p1a: Zacian|Play Rough|p2a: Giratina
|-supereffective|p2a: Giratina
|-damage|p2a: Giratina|0 fnt
|faint|p2a: Giratina
|
|upkeep
|
|t:|1664171622
|switch|p2a: Ditto|Ditto, shiny|100/100
|-transform|p2a: Ditto|p1a: Zacian|[from] ability: Imposter
|-ability|p2a: Ditto|Intrepid Sword|boost
|-boost|p2a: Ditto|atk|1
|turn|12
|
|t:|1664171628
|move|p2a: Ditto|Behemoth Blade|p1a: Zacian
|-damage|p1a: Zacian|0 fnt
|faint|p1a: Zacian
|
|upkeep
|
|t:|1664171632
|switch|p1a: Arceus|Arceus|76/100 tox
|-damage|p1a: Arceus|64/100 tox|[from] Stealth Rock
|turn|13
|
|t:|1664171639
|move|p1a: Arceus|Extreme Speed|p2a: Ditto
|-resisted|p2a: Ditto
|-damage|p2a: Ditto|72/100
|-damage|p1a: Arceus|54/100 tox|[from] item: Life Orb
|move|p2a: Ditto|Behemoth Blade|p1a: Arceus
|-damage|p1a: Arceus|0 fnt
|faint|p1a: Arceus
|
|upkeep
|
|t:|1664171647
|switch|p1a: Calyrex|Calyrex-Shadow|100/100
|-ability|p1a: Calyrex|As One
|-ability|p1a: Calyrex|Unnerve
|-damage|p1a: Calyrex|88/100|[from] Stealth Rock
|turn|14
|
|t:|1664171654
|move|p2a: Ditto|Behemoth Blade|p1a: Calyrex
|-damage|p1a: Calyrex|0 fnt
|faint|p1a: Calyrex
|
|win|Goku Uchiha 2001
|raw|NykterStein's rating: 1378 &rarr; <strong>1368</strong><br />(-10 for losing)
|raw|Goku Uchiha 2001's rating: 1579 &rarr; <strong>1589</strong><br />(+10 for winning)
