|j|☆aseeasase
|j|☆Oh rui guang 25
|t:|1658389074
|gametype|singles
|player|p1|aseeasase|1|1840
|player|p2|Oh rui guang 25|170|1727
|teamsize|p1|6
|teamsize|p2|6
|gen|8
|tier|[Gen 8] National Dex AG
|rated|
|rule|HP Percentage Mod: HP is shown in percentages
|rule|Endless Battle Clause: Forcing endless battles is banned
|clearpoke
|poke|p1|Arceus-*|
|poke|p1|Marshadow|
|poke|p1|Arceus-*|
|poke|p1|Yveltal|
|poke|p1|Yveltal|
|poke|p1|Arceus-*|
|poke|p2|Groudon|
|poke|p2|Marshadow|
|poke|p2|Calyrex-Shadow|
|poke|p2|Xerneas-*|
|poke|p2|Arceus-*|
|poke|p2|Yveltal|
|teampreview
|
|t:|1658389086
|start
|switch|p1a: Arceus|Arceus-Ground|100/100
|switch|p2a: Groudon|Groudon, shiny|100/100
|detailschange|p2a: Groudon|Groudon-Primal, shiny
|-primal|p2a: Groudon
|-weather|DesolateLand|[from] ability: Desolate Land|[of] p2a: Groudon
|turn|1
|inactive|Battle timer is ON: inactive players will automatically lose when time's up. (requested by Oh rui guang 25)
|
|t:|1658389093
|-weather|none
|switch|p2a: Yveltal|Yveltal, shiny|100/100
|-ability|p2a: Yveltal|Dark Aura
|move|p1a: Arceus|Stealth Rock|p2a: Yveltal
|-sidestart|p2: Oh rui guang 25|move: Stealth Rock
|
|upkeep
|turn|2
|
|t:|1658389098
|move|p1a: Arceus|Ice Beam|p2a: Yveltal
|-supereffective|p2a: Yveltal
|-damage|p2a: Yveltal|48/100
|move|p2a: Yveltal|Oblivion Wing|p1a: Arceus
|-damage|p1a: Arceus|59/100
|-heal|p2a: Yveltal|78/100|[from] drain|[of] p1a: Arceus
|-damage|p2a: Yveltal|68/100|[from] item: Life Orb
|
|upkeep
|turn|3
|
|t:|1658389110
|move|p1a: Arceus|Ice Beam|p2a: Yveltal
|-supereffective|p2a: Yveltal
|-damage|p2a: Yveltal|9/100
|move|p2a: Yveltal|Oblivion Wing|p1a: Arceus
|-damage|p1a: Arceus|16/100
|-heal|p2a: Yveltal|40/100|[from] drain|[of] p1a: Arceus
|-damage|p2a: Yveltal|30/100|[from] item: Life Orb
|
|upkeep
|turn|4
|
|t:|1658389118
|move|p1a: Arceus|Ice Beam|p2a: Yveltal
|-supereffective|p2a: Yveltal
|-damage|p2a: Yveltal|0 fnt
|faint|p2a: Yveltal
|
|upkeep
|
|t:|1658389127
|switch|p2a: Calyrex|Calyrex-Shadow|100/100
|-ability|p2a: Calyrex|As One
|-ability|p2a: Calyrex|Unnerve
|-damage|p2a: Calyrex|88/100|[from] Stealth Rock
|turn|5
|inactive|aseeasase has 120 seconds left.
|
|t:|1658389161
|move|p2a: Calyrex|Astral Barrage|p1a: Arceus
|-damage|p1a: Arceus|0 fnt
|faint|p1a: Arceus
|-ability|p2a: Calyrex|Grim Neigh|boost
|-boost|p2a: Calyrex|spa|1
|
|upkeep
|inactive|aseeasase has 120 seconds left.
|
|t:|1658389166
|switch|p1a: Marshadow|Marshadow|100/100
|turn|6
|inactive|aseeasase has 120 seconds left.
|
|t:|1658389180
|-activate|p2a: Calyrex|move: Pursuit
|move|p1a: Marshadow|Pursuit|p2a: Calyrex|[from]Pursuit
|-supereffective|p2a: Calyrex
|-damage|p2a: Calyrex|0 fnt
|faint|p2a: Calyrex
|-damage|p1a: Marshadow|91/100|[from] item: Life Orb
|-hint|A Pokemon can't switch between when it runs out of HP and when it faints
|
|upkeep
|
|t:|1658389190
|switch|p2a: Groudon|Groudon-Primal, shiny|100/100
|-damage|p2a: Groudon|88/100|[from] Stealth Rock
|-weather|DesolateLand|[from] ability: Desolate Land|[of] p2a: Groudon
|turn|7
|inactive|aseeasase has 120 seconds left.
|
|t:|1658389223
|switch|p1a: Yveltal|Yveltal|100/100
|-ability|p1a: Yveltal|Dark Aura
|move|p2a: Groudon|Stealth Rock|p1a: Yveltal
|-sidestart|p1: aseeasase|move: Stealth Rock
|
|-weather|DesolateLand|[upkeep]
|upkeep
|turn|8
|inactive|aseeasase has 90 seconds left.
|
|t:|1658389257
|move|p1a: Yveltal|Dark Pulse|p2a: Groudon
|-damage|p2a: Groudon|5/100
|-damage|p1a: Yveltal|91/100|[from] item: Life Orb
|move|p2a: Groudon|Fire Punch|p1a: Yveltal
|-damage|p1a: Yveltal|2/100
|
|-weather|DesolateLand|[upkeep]
|upkeep
|turn|9
|inactive|aseeasase has 90 seconds left.
|j| Buck is stallish
|
|t:|1658389275
|move|p1a: Yveltal|Oblivion Wing|p2a: Groudon
|-damage|p2a: Groudon|0 fnt
|-heal|p1a: Yveltal|5/100|[from] drain|[of] p2a: Groudon
|faint|p2a: Groudon
|-weather|none
|-damage|p1a: Yveltal|0 fnt|[from] item: Life Orb
|faint|p1a: Yveltal
|
|upkeep
|
|t:|1658389279
|switch|p1a: Arceus|Arceus-Ground|100/100
|switch|p2a: Xerneas|Xerneas, shiny|100/100
|-damage|p1a: Arceus|94/100|[from] Stealth Rock
|-damage|p2a: Xerneas|88/100|[from] Stealth Rock
|-ability|p2a: Xerneas|Fairy Aura
|turn|10
|
|t:|1658389286
|-zpower|p1a: Arceus
|move|p1a: Arceus|Tectonic Rage|p2a: Xerneas|[zeffect]
|-damage|p2a: Xerneas|2/100
|move|p2a: Xerneas|Geomancy||[still]
|-prepare|p2a: Xerneas|Geomancy
|-enditem|p2a: Xerneas|Power Herb
|-anim|p2a: Xerneas|Geomancy|p2a: Xerneas
|-boost|p2a: Xerneas|spa|2
|-boost|p2a: Xerneas|spd|2
|-boost|p2a: Xerneas|spe|2
|
|upkeep
|turn|11
|
|t:|1658389294
|move|p1a: Arceus|Extreme Speed|p2a: Xerneas
|-damage|p2a: Xerneas|0 fnt
|faint|p2a: Xerneas
|
|upkeep
|-message|Oh rui guang 25 forfeited.
|
|win|aseeasase
|raw|aseeasase's rating: 1840 &rarr; <strong>1854</strong><br />(+14 for winning)
|raw|Oh rui guang 25's rating: 1727 &rarr; <strong>1713</strong><br />(-14 for losing)
|l|☆Oh rui guang 25
