|j|☆DECLANO196
|j|☆caprisong
|t:|1662004494
|gametype|singles
|player|p1|DECLANO196|102|1674
|player|p2|caprisong|nessa-masters|1689
|teamsize|p1|6
|teamsize|p2|6
|gen|8
|tier|[Gen 8] National Dex AG
|rated|
|rule|HP Percentage Mod: HP is shown in percentages
|rule|Endless Battle Clause: Forcing endless battles is banned
|clearpoke
|poke|p1|Marshadow|
|poke|p1|Ho-Oh|
|poke|p1|Lugia|
|poke|p1|Yveltal|
|poke|p1|Chansey, F|
|poke|p1|Arceus-*|
|poke|p2|Yveltal|
|poke|p2|Necrozma-Dusk-Mane|
|poke|p2|Ditto|
|poke|p2|Ho-Oh|
|poke|p2|Marshadow|
|poke|p2|Rayquaza|
|teampreview
|inactive|Battle timer is ON: inactive players will automatically lose when time's up. (requested by caprisong)
|
|t:|1662004504
|start
|switch|p1a: Arceus|Arceus-Steel|100/100
|switch|p2a: BIG STRIPEY LIE|Rayquaza|100/100
|-ability|p2a: BIG STRIPEY LIE|Air Lock
|turn|1
|
|t:|1662004511
|switch|p1a: Ho-Oh|Ho-Oh|100/100
|detailschange|p2a: BIG STRIPEY LIE|Rayquaza-Mega
|-mega|p2a: BIG STRIPEY LIE|Rayquaza|
|-weather|DeltaStream|[from] ability: Delta Stream|[of] p2a: BIG STRIPEY LIE
|move|p2a: BIG STRIPEY LIE|V-create|p1a: Ho-Oh
|-resisted|p1a: Ho-Oh
|-crit|p1a: Ho-Oh
|-damage|p1a: Ho-Oh|41/100
|-unboost|p2a: BIG STRIPEY LIE|spe|1
|-unboost|p2a: BIG STRIPEY LIE|def|1
|-unboost|p2a: BIG STRIPEY LIE|spd|1
|-damage|p2a: BIG STRIPEY LIE|91/100|[from] item: Life Orb
|
|-weather|DeltaStream|[upkeep]
|upkeep
|turn|2
|
|t:|1662004523
|switch|p1a: Lugia|Lugia|100/100
|move|p2a: BIG STRIPEY LIE|Dragon Ascent|p1a: Lugia
|-damage|p1a: Lugia|73/100
|-unboost|p2a: BIG STRIPEY LIE|def|1
|-unboost|p2a: BIG STRIPEY LIE|spd|1
|-damage|p2a: BIG STRIPEY LIE|81/100|[from] item: Life Orb
|
|-weather|DeltaStream|[upkeep]
|upkeep
|turn|3
|
|t:|1662004532
|-weather|none
|switch|p2a: TOP OF THE CITY|Marshadow|100/100
|move|p1a: Lugia|Reflect|p1a: Lugia
|-sidestart|p1: DECLANO196|Reflect
|
|upkeep
|turn|4
|
|t:|1662004539
|move|p2a: TOP OF THE CITY|Spectral Thief|p1a: Lugia
|-supereffective|p1a: Lugia
|-damage|p1a: Lugia|47/100
|move|p1a: Lugia|Roost|p1a: Lugia
|-heal|p1a: Lugia|97/100
|-singleturn|p1a: Lugia|move: Roost
|
|upkeep
|turn|5
|
|t:|1662004547
|move|p2a: TOP OF THE CITY|Bulk Up|p2a: TOP OF THE CITY
|-boost|p2a: TOP OF THE CITY|atk|1
|-boost|p2a: TOP OF THE CITY|def|1
|move|p1a: Lugia|Toxic|p2a: TOP OF THE CITY
|-status|p2a: TOP OF THE CITY|tox
|
|-damage|p2a: TOP OF THE CITY|94/100 tox|[from] psn
|upkeep
|turn|6
|
|t:|1662004555
|-zpower|p2a: TOP OF THE CITY
|move|p2a: TOP OF THE CITY|Soul-Stealing 7-Star Strike|p1a: Lugia|[zeffect]
|-supereffective|p1a: Lugia
|-damage|p1a: Lugia|19/100
|move|p1a: Lugia|Roost|p1a: Lugia
|-heal|p1a: Lugia|69/100
|-singleturn|p1a: Lugia|move: Roost
|
|-damage|p2a: TOP OF THE CITY|82/100 tox|[from] psn
|upkeep
|turn|7
|
|t:|1662004569
|move|p2a: TOP OF THE CITY|Spectral Thief|p1a: Lugia
|-supereffective|p1a: Lugia
|-damage|p1a: Lugia|35/100
|move|p1a: Lugia|Roost|p1a: Lugia
|-heal|p1a: Lugia|85/100
|-singleturn|p1a: Lugia|move: Roost
|
|-damage|p2a: TOP OF THE CITY|63/100 tox|[from] psn
|-sideend|p1: DECLANO196|Reflect
|upkeep
|turn|8
|-message|caprisong forfeited.
|
|win|DECLANO196
|raw|DECLANO196's rating: 1674 &rarr; <strong>1695</strong><br />(+21 for winning)
|raw|caprisong's rating: 1689 &rarr; <strong>1668</strong><br />(-21 for losing)
|l|☆caprisong
