|j|☆F.A.M.E.246 2nd
|j|☆lemoncell0
|t:|1661916211
|gametype|singles
|player|p1|F.A.M.E.246 2nd|266|1824
|player|p2|lemoncell0|allister|2002
|teamsize|p1|6
|teamsize|p2|6
|gen|8
|tier|[Gen 8] National Dex AG
|rated|
|rule|HP Percentage Mod: HP is shown in percentages
|rule|Endless Battle Clause: Forcing endless battles is banned
|clearpoke
|poke|p1|Scizor, F|
|poke|p1|Arceus-*|
|poke|p1|Groudon|
|poke|p1|Calyrex-Shadow|
|poke|p1|Yveltal|
|poke|p1|Zacian-*|
|poke|p2|Tyranitar, M|
|poke|p2|Ditto|
|poke|p2|Latias, F|
|poke|p2|Gothitelle, M|
|poke|p2|Quagsire, F|
|poke|p2|Zacian-*|
|teampreview
|inactive|Battle timer is ON: inactive players will automatically lose when time's up. (requested by F.A.M.E.246 2nd)
|inactive|lemoncell0 also wants the timer to be on.
|
|t:|1661916225
|start
|switch|p1a: Scizor|Scizor, F|100/100
|switch|p2a: Latias|Latias, F|100/100
|turn|1
|
|t:|1661916231
|switch|p2a: Quagsire|Quagsire, F|100/100
|switch|p1a: Groudon|Groudon|100/100
|detailschange|p1a: Groudon|Groudon-Primal
|-primal|p1a: Groudon
|-weather|DesolateLand|[from] ability: Desolate Land|[of] p1a: Groudon
|
|-weather|DesolateLand|[upkeep]
|upkeep
|turn|2
|
|t:|1661916236
|switch|p2a: Latias|Latias, F|100/100
|move|p1a: Groudon|Stealth Rock|p2a: Latias
|-sidestart|p2: lemoncell0|move: Stealth Rock
|
|-weather|DesolateLand|[upkeep]
|upkeep
|turn|3
|
|t:|1661916240
|detailschange|p2a: Latias|Latias-Mega, F
|-mega|p2a: Latias|Latias|Latiasite
|move|p2a: Latias|Defog|p1a: Groudon
|-unboost|p1a: Groudon|evasion|1
|-sideend|p2: lemoncell0|Stealth Rock|[from] move: Defog|[of] p2a: Latias
|move|p1a: Groudon|Heat Crash|p2a: Latias
|-resisted|p2a: Latias
|-damage|p2a: Latias|54/100
|
|-weather|DesolateLand|[upkeep]
|upkeep
|turn|4
|
|t:|1661916246
|move|p2a: Latias|Toxic|p1a: Groudon
|-status|p1a: Groudon|tox
|move|p1a: Groudon|Heat Crash|p2a: Latias
|-resisted|p2a: Latias
|-damage|p2a: Latias|10/100
|
|-weather|DesolateLand|[upkeep]
|-damage|p1a: Groudon|94/100 tox|[from] psn
|upkeep
|turn|5
|
|t:|1661916249
|move|p2a: Latias|Recover|p2a: Latias
|-heal|p2a: Latias|60/100
|move|p1a: Groudon|Heat Crash|p2a: Latias
|-resisted|p2a: Latias
|-damage|p2a: Latias|13/100
|
|-weather|DesolateLand|[upkeep]
|-damage|p1a: Groudon|82/100 tox|[from] psn
|upkeep
|turn|6
|
|t:|1661916251
|move|p2a: Latias|Recover|p2a: Latias
|-heal|p2a: Latias|63/100
|move|p1a: Groudon|Stealth Rock|p2a: Latias
|-sidestart|p2: lemoncell0|move: Stealth Rock
|
|-weather|DesolateLand|[upkeep]
|-damage|p1a: Groudon|63/100 tox|[from] psn
|upkeep
|turn|7
|
|t:|1661916255
|-weather|none
|switch|p1a: Scizor|Scizor, F|100/100
|move|p2a: Latias|Defog|p1a: Scizor
|-unboost|p1a: Scizor|evasion|1
|-sideend|p2: lemoncell0|Stealth Rock|[from] move: Defog|[of] p2a: Latias
|
|upkeep
|turn|8
|
|t:|1661916257
|switch|p2a: Quagsire|Quagsire, F|100/100
|detailschange|p1a: Scizor|Scizor-Mega, F
|-mega|p1a: Scizor|Scizor|Scizorite
|move|p1a: Scizor|U-turn|p2a: Quagsire
|-damage|p2a: Quagsire|75/100
|-damage|p1a: Scizor|84/100|[from] item: Rocky Helmet|[of] p2a: Quagsire
|
|t:|1661916261
|switch|p1a: Groudon|Groudon-Primal|63/100 tox|[from]move: U-turn
|-weather|DesolateLand|[from] ability: Desolate Land|[of] p1a: Groudon
|
|-weather|DesolateLand|[upkeep]
|-damage|p1a: Groudon|57/100 tox|[from] psn
|upkeep
|turn|9
|
|t:|1661916265
|switch|p2a: Latias|Latias-Mega, F|63/100
|move|p1a: Groudon|Rest|p1a: Groudon
|-status|p1a: Groudon|slp|[from] move: Rest
|-heal|p1a: Groudon|100/100 slp|[silent]
|
|-weather|DesolateLand|[upkeep]
|upkeep
|turn|10
|
|t:|1661916270
|-weather|none
|switch|p1a: Scizor|Scizor-Mega, F|84/100
|move|p2a: Latias|Recover|p2a: Latias
|-heal|p2a: Latias|100/100
|
|upkeep
|turn|11
|
|t:|1661916276
|switch|p2a: Quagsire|Quagsire, F|75/100
|switch|p1a: Calyrex|Calyrex-Shadow|100/100
|-ability|p1a: Calyrex|As One
|-ability|p1a: Calyrex|Unnerve
|
|upkeep
|turn|12
|
|t:|1661916281
|switch|p1a: Scizor|Scizor-Mega, F|84/100
|switch|p2a: Tyranitar|Tyranitar, M|100/100
|-weather|Sandstorm|[from] ability: Sand Stream|[of] p2a: Tyranitar
|
|-weather|Sandstorm|[upkeep]
|upkeep
|turn|13
|
|t:|1661916283
|switch|p2a: Quagsire|Quagsire, F|75/100
|move|p1a: Scizor|U-turn|p2a: Quagsire
|-damage|p2a: Quagsire|51/100
|-damage|p1a: Scizor|67/100|[from] item: Rocky Helmet|[of] p2a: Quagsire
|
|t:|1661916286
|switch|p1a: Yveltal|Yveltal|100/100|[from]move: U-turn
|-ability|p1a: Yveltal|Dark Aura
|
|-weather|Sandstorm|[upkeep]
|-damage|p1a: Yveltal|94/100|[from] Sandstorm
|upkeep
|turn|14
|
|t:|1661916289
|switch|p2a: Tyranitar|Tyranitar, M|100/100
|move|p1a: Yveltal|Knock Off|p2a: Tyranitar
|-resisted|p2a: Tyranitar
|-damage|p2a: Tyranitar|80/100
|-enditem|p2a: Tyranitar|Leftovers|[from] move: Knock Off|[of] p1a: Yveltal
|
|-weather|Sandstorm|[upkeep]
|-damage|p1a: Yveltal|88/100|[from] Sandstorm
|upkeep
|turn|15
|
|t:|1661916291
|move|p1a: Yveltal|U-turn|p2a: Tyranitar
|-supereffective|p2a: Tyranitar
|-damage|p2a: Tyranitar|46/100
|
|t:|1661916295
|switch|p1a: Zacian|Zacian-Crowned|100/100|[from]move: U-turn
|-ability|p1a: Zacian|Intrepid Sword|boost
|-boost|p1a: Zacian|atk|1
|move|p2a: Tyranitar|Stealth Rock|p1a: Zacian
|-sidestart|p1: F.A.M.E.246 2nd|move: Stealth Rock
|
|-weather|Sandstorm|[upkeep]
|upkeep
|turn|16
|
|t:|1661916301
|switch|p2a: Gothitelle|Gothitelle, M|100/100
|move|p1a: Zacian|Close Combat|p2a: Gothitelle
|-resisted|p2a: Gothitelle
|-damage|p2a: Gothitelle|71/100
|-unboost|p1a: Zacian|def|1
|-unboost|p1a: Zacian|spd|1
|
|-weather|none
|-heal|p2a: Gothitelle|78/100|[from] item: Leftovers
|upkeep
|turn|17
|
|t:|1661916305
|move|p1a: Zacian|Behemoth Blade|p2a: Gothitelle
|-damage|p2a: Gothitelle|0 fnt
|faint|p2a: Gothitelle
|
|upkeep
|
|t:|1661916307
|switch|p2a: Ditto|Ditto|100/100
|-transform|p2a: Ditto|p1a: Zacian|[from] ability: Imposter
|-ability|p2a: Ditto|Intrepid Sword|boost
|-boost|p2a: Ditto|atk|1
|turn|18
|
|t:|1661916330
|switch|p1a: Arceus|Arceus-Rock|100/100
|-damage|p1a: Arceus|88/100|[from] Stealth Rock
|move|p2a: Ditto|Behemoth Blade|p1a: Arceus
|-supereffective|p1a: Arceus
|-damage|p1a: Arceus|0 fnt
|faint|p1a: Arceus
|
|upkeep
|
|t:|1661916334
|switch|p1a: Scizor|Scizor-Mega, F|67/100
|-damage|p1a: Scizor|55/100|[from] Stealth Rock
|turn|19
|c|☆F.A.M.E.246 2nd|Smh bitch ass ditto
|
|t:|1661916362
|switch|p2a: Quagsire|Quagsire, F|51/100
|move|p1a: Scizor|Roost|p1a: Scizor
|-heal|p1a: Scizor|100/100
|-singleturn|p1a: Scizor|move: Roost
|
|upkeep
|turn|20
|
|t:|1661916369
|move|p1a: Scizor|U-turn|p2a: Quagsire
|-crit|p2a: Quagsire
|-damage|p2a: Quagsire|16/100
|-damage|p1a: Scizor|84/100|[from] item: Rocky Helmet|[of] p2a: Quagsire
|
|t:|1661916373
|switch|p1a: Calyrex|Calyrex-Shadow|100/100|[from]move: U-turn
|-ability|p1a: Calyrex|As One
|-ability|p1a: Calyrex|Unnerve
|-damage|p1a: Calyrex|88/100|[from] Stealth Rock
|move|p2a: Quagsire|Recover|p2a: Quagsire
|-heal|p2a: Quagsire|66/100
|
|upkeep
|turn|21
|
|t:|1661916376
|switch|p2a: Tyranitar|Tyranitar, M|46/100
|-weather|Sandstorm|[from] ability: Sand Stream|[of] p2a: Tyranitar
|move|p1a: Calyrex|Pollen Puff|p2a: Tyranitar
|-supereffective|p2a: Tyranitar
|-damage|p2a: Tyranitar|0 fnt
|faint|p2a: Tyranitar
|-ability|p1a: Calyrex|Grim Neigh|boost
|-boost|p1a: Calyrex|spa|1
|
|-weather|Sandstorm|[upkeep]
|-damage|p1a: Calyrex|82/100|[from] Sandstorm
|upkeep
|
|t:|1661916379
|switch|p2a: Ditto|Ditto|100/100
|-transform|p2a: Ditto|p1a: Calyrex|[from] ability: Imposter
|turn|22
|
|t:|1661916381
|switch|p1a: Yveltal|Yveltal|88/100
|-ability|p1a: Yveltal|Dark Aura
|move|p2a: Ditto|Astral Barrage|p1a: Yveltal
|-resisted|p1a: Yveltal
|-damage|p1a: Yveltal|56/100
|
|-weather|Sandstorm|[upkeep]
|-damage|p2a: Ditto|94/100|[from] Sandstorm
|-damage|p1a: Yveltal|49/100|[from] Sandstorm
|upkeep
|turn|23
|
|t:|1661916388
|switch|p2a: Zacian|Zacian-Crowned|100/100
|-ability|p2a: Zacian|Intrepid Sword|boost
|-boost|p2a: Zacian|atk|1
|move|p1a: Yveltal|Roost|p1a: Yveltal
|-heal|p1a: Yveltal|99/100
|-singleturn|p1a: Yveltal|move: Roost
|
|-weather|Sandstorm|[upkeep]
|-damage|p1a: Yveltal|93/100|[from] Sandstorm
|upkeep
|turn|24
|
|t:|1661916398
|switch|p1a: Zacian|Zacian-Crowned|100/100
|-damage|p1a: Zacian|94/100|[from] Stealth Rock
|-ability|p1a: Zacian|Intrepid Sword|boost
|-boost|p1a: Zacian|atk|1
|move|p2a: Zacian|Play Rough|p1a: Zacian
|-resisted|p1a: Zacian
|-damage|p1a: Zacian|54/100
|
|-weather|Sandstorm|[upkeep]
|upkeep
|turn|25
|
|t:|1661916411
|move|p1a: Zacian|Behemoth Blade|p2a: Zacian
|-damage|p2a: Zacian|7/100
|move|p2a: Zacian|Behemoth Blade|p1a: Zacian
|-damage|p1a: Zacian|0 fnt
|faint|p1a: Zacian
|
|-weather|none
|upkeep
|
|t:|1661916416
|switch|p1a: Scizor|Scizor-Mega, F|84/100
|-damage|p1a: Scizor|72/100|[from] Stealth Rock
|turn|26
|
|t:|1661916418
|switch|p2a: Quagsire|Quagsire, F|66/100
|move|p1a: Scizor|Bullet Punch|p2a: Quagsire
|-resisted|p2a: Quagsire
|-damage|p2a: Quagsire|56/100
|-damage|p1a: Scizor|55/100|[from] item: Rocky Helmet|[of] p2a: Quagsire
|
|upkeep
|turn|27
|
|t:|1661916421
|move|p1a: Scizor|Roost|p1a: Scizor
|-heal|p1a: Scizor|100/100
|-singleturn|p1a: Scizor|move: Roost
|move|p2a: Quagsire|Recover|p2a: Quagsire
|-heal|p2a: Quagsire|100/100
|
|upkeep
|turn|28
|
|t:|1661916424
|move|p1a: Scizor|U-turn|p2a: Quagsire
|-damage|p2a: Quagsire|76/100
|-damage|p1a: Scizor|84/100|[from] item: Rocky Helmet|[of] p2a: Quagsire
|
|t:|1661916425
|switch|p1a: Groudon|Groudon-Primal|100/100 slp|[from]move: U-turn
|-damage|p1a: Groudon|88/100 slp|[from] Stealth Rock
|-weather|DesolateLand|[from] ability: Desolate Land|[of] p1a: Groudon
|move|p2a: Quagsire|Earthquake|p1a: Groudon
|-supereffective|p1a: Groudon
|-damage|p1a: Groudon|55/100 slp
|
|-weather|DesolateLand|[upkeep]
|upkeep
|turn|29
|
|t:|1661916429
|cant|p1a: Groudon|slp
|move|p2a: Quagsire|Earthquake|p1a: Groudon
|-supereffective|p1a: Groudon
|-damage|p1a: Groudon|23/100 slp
|
|-weather|DesolateLand|[upkeep]
|upkeep
|turn|30
|
|t:|1661916432
|cant|p1a: Groudon|slp
|move|p2a: Quagsire|Earthquake|p1a: Groudon
|-supereffective|p1a: Groudon
|-damage|p1a: Groudon|0 fnt
|faint|p1a: Groudon
|-weather|none
|
|upkeep
|
|t:|1661916436
|switch|p1a: Calyrex|Calyrex-Shadow|82/100
|-ability|p1a: Calyrex|As One
|-ability|p1a: Calyrex|Unnerve
|-damage|p1a: Calyrex|70/100|[from] Stealth Rock
|turn|31
|
|t:|1661916441
|switch|p2a: Latias|Latias-Mega, F|100/100
|move|p1a: Calyrex|Astral Barrage|p2a: Latias
|-supereffective|p2a: Latias
|-damage|p2a: Latias|0 fnt
|faint|p2a: Latias
|-ability|p1a: Calyrex|Grim Neigh|boost
|-boost|p1a: Calyrex|spa|1
|
|upkeep
|
|t:|1661916443
|switch|p2a: Ditto|Ditto|94/100
|-transform|p2a: Ditto|p1a: Calyrex|[from] ability: Imposter
|turn|32
|
|t:|1661916445
|switch|p1a: Yveltal|Yveltal|93/100
|-ability|p1a: Yveltal|Dark Aura
|move|p2a: Ditto|Astral Barrage|p1a: Yveltal
|-resisted|p1a: Yveltal
|-damage|p1a: Yveltal|61/100
|
|upkeep
|turn|33
|
|t:|1661916450
|-start|p2a: Ditto|Dynamax|
|-heal|p2a: Ditto|94/100|[silent]
|move|p2a: Ditto|Max Flutterby|p1a: Yveltal
|-damage|p1a: Yveltal|14/100
|-unboost|p1a: Yveltal|spa|1
|move|p1a: Yveltal|Knock Off|p2a: Ditto
|-supereffective|p2a: Ditto
|-damage|p2a: Ditto|0 fnt
|-enditem|p2a: Ditto|Choice Scarf|[from] move: Knock Off|[of] p1a: Yveltal
|faint|p2a: Ditto
|
|upkeep
|
|t:|1661916452
|switch|p2a: Zacian|Zacian-Crowned|7/100
|-ability|p2a: Zacian|Intrepid Sword|boost
|-boost|p2a: Zacian|atk|1
|turn|34
|c|☆F.A.M.E.246 2nd|foh
|c|☆F.A.M.E.246 2nd|Stally shit
|
|t:|1661916462
|move|p2a: Zacian|Behemoth Blade|p1a: Yveltal
|-damage|p1a: Yveltal|0 fnt
|faint|p1a: Yveltal
|
|upkeep
|
|t:|1661916464
|switch|p1a: Calyrex|Calyrex-Shadow|70/100
|-ability|p1a: Calyrex|As One
|-ability|p1a: Calyrex|Unnerve
|-damage|p1a: Calyrex|57/100|[from] Stealth Rock
|turn|35
|c|☆lemoncell0|yeah gg
|-message|lemoncell0 forfeited.
|
|win|F.A.M.E.246 2nd
|raw|F.A.M.E.246 2nd's rating: 1824 &rarr; <strong>1853</strong><br />(+29 for winning)
|raw|lemoncell0's rating: 2002 &rarr; <strong>1973</strong><br />(-29 for losing)
|l|☆F.A.M.E.246 2nd
|j|☆F.A.M.E.246 2nd
|player|p1|F.A.M.E.246 2nd|266
