|j|☆BrixInLuv
|j|‽Flynn Watson
|t:|1652499931
|gametype|singles
|player|p1|BrixInLuv|olympia|1619
|player|p2|Flynn Watson|guitarist|1641
|teamsize|p1|6
|teamsize|p2|6
|gen|8
|tier|[Gen 8] National Dex AG
|rated|
|rule|HP Percentage Mod: HP is shown in percentages
|rule|Endless Battle Clause: Forcing endless battles is banned
|clearpoke
|poke|p1|Zapdos|
|poke|p1|Groudon|
|poke|p1|Kyogre|
|poke|p1|Ditto|
|poke|p1|Zacian-*|
|poke|p1|Lopunny, M|
|poke|p2|Mewtwo|
|poke|p2|Zacian-*|
|poke|p2|Eternatus|
|poke|p2|Yveltal|
|poke|p2|Arceus-*|
|poke|p2|Necrozma-Dusk-Mane|
|teampreview
|inactive|Battle timer is ON: inactive players will automatically lose when time's up. (requested by BrixInLuv)
|
|t:|1652499944
|start
|switch|p1a: Groudon|Groudon, shiny|100/100
|switch|p2a: Arceus|Arceus-Ground|100/100
|detailschange|p1a: Groudon|Groudon-Primal, shiny
|-primal|p1a: Groudon
|-weather|DesolateLand|[from] ability: Desolate Land|[of] p1a: Groudon
|turn|1
|
|t:|1652499949
|-weather|none
|switch|p1a: Zapdos|Zapdos|100/100
|move|p2a: Arceus|Judgment|p1a: Zapdos
|-immune|p1a: Zapdos
|
|upkeep
|turn|2
|
|t:|1652499953
|switch|p2a: Eternatus|Eternatus|100/100
|-ability|p2a: Eternatus|Pressure
|move|p1a: Zapdos|Heat Wave|p2a: Eternatus
|-resisted|p2a: Eternatus
|-damage|p2a: Eternatus|93/100
|
|-heal|p2a: Eternatus|99/100|[from] item: Black Sludge
|upkeep
|turn|3
|
|t:|1652499962
|switch|p1a: Kyogre|Kyogre, shiny|100/100
|detailschange|p1a: Kyogre|Kyogre-Primal, shiny
|-primal|p1a: Kyogre
|-weather|PrimordialSea|[from] ability: Primordial Sea|[of] p1a: Kyogre
|move|p2a: Eternatus|Toxic|p1a: Kyogre
|-status|p1a: Kyogre|tox
|
|-weather|PrimordialSea|[upkeep]
|-heal|p2a: Eternatus|100/100|[from] item: Black Sludge
|-damage|p1a: Kyogre|94/100 tox|[from] psn
|upkeep
|turn|4
|j| Max_97
|
|t:|1652499976
|move|p2a: Eternatus|Cosmic Power|p2a: Eternatus
|-boost|p2a: Eternatus|def|1
|-boost|p2a: Eternatus|spd|1
|move|p1a: Kyogre|Ice Beam|p2a: Eternatus
|-supereffective|p2a: Eternatus
|-crit|p2a: Eternatus
|-damage|p2a: Eternatus|42/100
|
|-weather|PrimordialSea|[upkeep]
|-heal|p2a: Eternatus|48/100|[from] item: Black Sludge
|-damage|p1a: Kyogre|82/100 tox|[from] psn
|upkeep
|turn|5
|
|t:|1652499982
|move|p2a: Eternatus|Recover|p2a: Eternatus
|-heal|p2a: Eternatus|98/100
|move|p1a: Kyogre|Thunder|p2a: Eternatus
|-resisted|p2a: Eternatus
|-damage|p2a: Eternatus|91/100
|
|-weather|PrimordialSea|[upkeep]
|-heal|p2a: Eternatus|97/100|[from] item: Black Sludge
|-damage|p1a: Kyogre|64/100 tox|[from] psn
|upkeep
|turn|6
|
|t:|1652499985
|move|p2a: Eternatus|Cosmic Power|p2a: Eternatus
|-boost|p2a: Eternatus|def|1
|-boost|p2a: Eternatus|spd|1
|move|p1a: Kyogre|Thunder|p2a: Eternatus
|-resisted|p2a: Eternatus
|-damage|p2a: Eternatus|91/100
|-status|p2a: Eternatus|par
|
|-weather|PrimordialSea|[upkeep]
|-heal|p2a: Eternatus|97/100 par|[from] item: Black Sludge
|-damage|p1a: Kyogre|39/100 tox|[from] psn
|upkeep
|turn|7
|
|t:|1652499990
|move|p1a: Kyogre|Ice Beam|p2a: Eternatus
|-supereffective|p2a: Eternatus
|-damage|p2a: Eternatus|76/100 par
|move|p2a: Eternatus|Recover|p2a: Eternatus
|-heal|p2a: Eternatus|100/100 par
|
|-weather|PrimordialSea|[upkeep]
|-damage|p1a: Kyogre|8/100 tox|[from] psn
|upkeep
|turn|8
|
|t:|1652499996
|move|p1a: Kyogre|Origin Pulse|p2a: Eternatus
|-resisted|p2a: Eternatus
|-damage|p2a: Eternatus|85/100 par
|move|p2a: Eternatus|Recover|p2a: Eternatus
|-heal|p2a: Eternatus|100/100 par
|
|-weather|PrimordialSea|[upkeep]
|-damage|p1a: Kyogre|0 fnt|[from] psn
|faint|p1a: Kyogre
|-weather|none
|upkeep
|
|t:|1652500010
|switch|p1a: Ditto|Ditto, shiny|100/100
|-transform|p1a: Ditto|p2a: Eternatus|[from] ability: Imposter
|-ability|p1a: Ditto|Pressure
|turn|9
|
|t:|1652500018
|move|p1a: Ditto|Mystical Fire|p2a: Eternatus
|-resisted|p2a: Eternatus
|-damage|p2a: Eternatus|97/100 par
|-unboost|p2a: Eternatus|spa|1
|cant|p2a: Eternatus|par
|
|-heal|p2a: Eternatus|100/100 par|[from] item: Black Sludge
|upkeep
|turn|10
|
|t:|1652500027
|move|p1a: Ditto|Mystical Fire|p2a: Eternatus
|-resisted|p2a: Eternatus
|-damage|p2a: Eternatus|98/100 par
|-unboost|p2a: Eternatus|spa|1
|move|p2a: Eternatus|Cosmic Power|p2a: Eternatus
|-boost|p2a: Eternatus|def|1
|-boost|p2a: Eternatus|spd|1
|
|-heal|p2a: Eternatus|100/100 par|[from] item: Black Sludge
|upkeep
|turn|11
|
|t:|1652500031
|move|p1a: Ditto|Mystical Fire|p2a: Eternatus
|-resisted|p2a: Eternatus
|-damage|p2a: Eternatus|98/100 par
|-unboost|p2a: Eternatus|spa|1
|move|p2a: Eternatus|Cosmic Power|p2a: Eternatus
|-boost|p2a: Eternatus|def|1
|-boost|p2a: Eternatus|spd|1
|
|-heal|p2a: Eternatus|100/100 par|[from] item: Black Sludge
|upkeep
|turn|12
|
|t:|1652500036
|switch|p1a: Groudon|Groudon-Primal, shiny|100/100
|-weather|DesolateLand|[from] ability: Desolate Land|[of] p1a: Groudon
|move|p2a: Eternatus|Toxic|p1a: Groudon
|-status|p1a: Groudon|tox
|
|-weather|DesolateLand|[upkeep]
|-damage|p1a: Groudon|94/100 tox|[from] psn
|upkeep
|turn|13
|
|t:|1652500041
|switch|p2a: Arceus|Arceus-Ground|100/100
|move|p1a: Groudon|Stealth Rock|p2a: Arceus
|-sidestart|p2: Flynn Watson|move: Stealth Rock
|
|-weather|DesolateLand|[upkeep]
|-damage|p1a: Groudon|82/100 tox|[from] psn
|upkeep
|turn|14
|
|t:|1652500052
|switch|p2a: Mewtwo|Mewtwo|100/100
|-damage|p2a: Mewtwo|88/100|[from] Stealth Rock
|-ability|p2a: Mewtwo|Pressure
|move|p1a: Groudon|Solar Beam||[still]
|-prepare|p1a: Groudon|Solar Beam
|-anim|p1a: Groudon|Solar Beam|p2a: Mewtwo
|-damage|p2a: Mewtwo|39/100
|
|-weather|DesolateLand|[upkeep]
|-damage|p1a: Groudon|64/100 tox|[from] psn
|upkeep
|turn|15
|j| Ghgghhgg
|
|t:|1652500059
|detailschange|p2a: Mewtwo|Mewtwo-Mega-Y
|-mega|p2a: Mewtwo|Mewtwo|Mewtwonite Y
|move|p2a: Mewtwo|Recover|p2a: Mewtwo
|-heal|p2a: Mewtwo|89/100
|move|p1a: Groudon|Eruption|p2a: Mewtwo
|-damage|p2a: Mewtwo|24/100
|
|-weather|DesolateLand|[upkeep]
|-damage|p1a: Groudon|39/100 tox|[from] psn
|upkeep
|turn|16
|inactive|BrixInLuv has 120 seconds left.
|c|☆BrixInLuv|Hmmm
|
|t:|1652500096
|move|p2a: Mewtwo|Recover|p2a: Mewtwo
|-heal|p2a: Mewtwo|74/100
|move|p1a: Groudon|Eruption|p2a: Mewtwo
|-damage|p2a: Mewtwo|35/100
|
|-weather|DesolateLand|[upkeep]
|-damage|p1a: Groudon|8/100 tox|[from] psn
|upkeep
|turn|17
|inactive|BrixInLuv has 120 seconds left.
|
|t:|1652500104
|move|p2a: Mewtwo|Recover|p2a: Mewtwo
|-heal|p2a: Mewtwo|85/100
|move|p1a: Groudon|Earth Power|p2a: Mewtwo
|-damage|p2a: Mewtwo|42/100
|
|-weather|DesolateLand|[upkeep]
|-damage|p1a: Groudon|0 fnt|[from] psn
|faint|p1a: Groudon
|-weather|none
|upkeep
|inactive|BrixInLuv has 120 seconds left.
|
|t:|1652500115
|switch|p1a: Lopunny|Lopunny, M, shiny|100/100
|turn|18
|
|t:|1652500118
|detailschange|p1a: Lopunny|Lopunny-Mega, M, shiny
|-mega|p1a: Lopunny|Lopunny|Lopunnite
|move|p1a: Lopunny|Fake Out|p2a: Mewtwo
|-damage|p2a: Mewtwo|13/100
|cant|p2a: Mewtwo|flinch
|
|upkeep
|turn|19
|
|t:|1652500127
|switch|p1a: Zapdos|Zapdos|100/100
|move|p2a: Mewtwo|Psystrike|p1a: Zapdos
|-damage|p1a: Zapdos|43/100
|
|upkeep
|turn|20
|
|t:|1652500132
|move|p2a: Mewtwo|Recover|p2a: Mewtwo
|-heal|p2a: Mewtwo|63/100
|move|p1a: Zapdos|Roost|p1a: Zapdos
|-heal|p1a: Zapdos|93/100
|-singleturn|p1a: Zapdos|move: Roost
|
|upkeep
|turn|21
|
|t:|1652500138
|move|p2a: Mewtwo|Calm Mind|p2a: Mewtwo
|-boost|p2a: Mewtwo|spa|1
|-boost|p2a: Mewtwo|spd|1
|move|p1a: Zapdos|Volt Switch|p2a: Mewtwo
|-damage|p2a: Mewtwo|46/100
|
|t:|1652500141
|switch|p1a: Zacian|Zacian-Crowned, shiny|100/100|[from]move: Volt Switch
|-ability|p1a: Zacian|Intrepid Sword|boost
|-boost|p1a: Zacian|atk|1
|
|upkeep
|turn|22
|
|t:|1652500149
|move|p1a: Zacian|Behemoth Blade|p2a: Mewtwo
|-damage|p2a: Mewtwo|0 fnt
|faint|p2a: Mewtwo
|
|upkeep
|
|t:|1652500151
|switch|p2a: Necrozma|Necrozma-Dusk-Mane|100/100
|-damage|p2a: Necrozma|94/100|[from] Stealth Rock
|turn|23
|
|t:|1652500154
|switch|p1a: Zapdos|Zapdos|93/100
|move|p2a: Necrozma|Thunder Wave|p1a: Zapdos
|-immune|p1a: Zapdos
|
|upkeep
|turn|24
|
|t:|1652500166
|move|p1a: Zapdos|Volt Switch|p2a: Necrozma
|-damage|p2a: Necrozma|69/100
|
|t:|1652500173
|switch|p1a: Ditto|Ditto, shiny|100/100|[from]move: Volt Switch
|-transform|p1a: Ditto|p2a: Necrozma|[from] ability: Imposter
|move|p2a: Necrozma|Stealth Rock|p1a: Ditto
|-sidestart|p1: BrixInLuv|move: Stealth Rock
|
|upkeep
|turn|25
|
|t:|1652500185
|switch|p1a: Zapdos|Zapdos|93/100
|move|p2a: Necrozma|Morning Sun|p2a: Necrozma
|-heal|p2a: Necrozma|100/100
|
|upkeep
|turn|26
|
|t:|1652500192
|switch|p2a: Eternatus|Eternatus|100/100 par
|-damage|p2a: Eternatus|88/100 par|[from] Stealth Rock
|-ability|p2a: Eternatus|Pressure
|-start|p1a: Zapdos|Dynamax|
|-heal|p1a: Zapdos|93/100|[silent]
|move|p1a: Zapdos|Max Flare|p2a: Eternatus
|-resisted|p2a: Eternatus
|-damage|p2a: Eternatus|79/100 par
|-weather|SunnyDay
|
|-weather|SunnyDay|[upkeep]
|-heal|p2a: Eternatus|85/100 par|[from] item: Black Sludge
|upkeep
|turn|27
|c|☆BrixInLuv|Damn
|
|t:|1652500206
|move|p1a: Zapdos|Max Flare|p2a: Eternatus
|-resisted|p2a: Eternatus
|-damage|p2a: Eternatus|71/100 par
|move|p2a: Eternatus|Cosmic Power|p2a: Eternatus
|-boost|p2a: Eternatus|def|1
|-boost|p2a: Eternatus|spd|1
|
|-weather|SunnyDay|[upkeep]
|-heal|p2a: Eternatus|77/100 par|[from] item: Black Sludge
|upkeep
|turn|28
|
|t:|1652500211
|move|p1a: Zapdos|Max Flare|p2a: Eternatus
|-resisted|p2a: Eternatus
|-damage|p2a: Eternatus|67/100 par
|cant|p2a: Eternatus|par
|
|-weather|SunnyDay|[upkeep]
|-heal|p2a: Eternatus|73/100 par|[from] item: Black Sludge
|upkeep
|-end|p1a: Zapdos|Dynamax
|-heal|p1a: Zapdos|93/100|[silent]
|turn|29
|
|t:|1652500225
|move|p1a: Zapdos|Volt Switch|p2a: Eternatus
|-resisted|p2a: Eternatus
|-damage|p2a: Eternatus|68/100 par
|
|t:|1652500227
|switch|p1a: Lopunny|Lopunny-Mega, M, shiny|100/100|[from]move: Volt Switch
|-damage|p1a: Lopunny|95/100|[from] Stealth Rock
|move|p2a: Eternatus|Recover|p2a: Eternatus
|-heal|p2a: Eternatus|100/100 par
|
|-weather|SunnyDay|[upkeep]
|upkeep
|turn|30
|
|t:|1652500232
|move|p1a: Lopunny|Triple Axel|p2a: Eternatus
|-supereffective|p2a: Eternatus
|-damage|p2a: Eternatus|93/100 par
|-supereffective|p2a: Eternatus
|-damage|p2a: Eternatus|80/100 par
|-supereffective|p2a: Eternatus
|-damage|p2a: Eternatus|61/100 par
|-hitcount|p2a: Eternatus|3
|move|p2a: Eternatus|Toxic|p1a: Lopunny
|-status|p1a: Lopunny|tox
|
|-weather|none
|-heal|p2a: Eternatus|67/100 par|[from] item: Black Sludge
|-damage|p1a: Lopunny|89/100 tox|[from] psn
|upkeep
|turn|31
|
|t:|1652500241
|move|p1a: Lopunny|Triple Axel|p2a: Eternatus
|-supereffective|p2a: Eternatus
|-damage|p2a: Eternatus|60/100 par
|-supereffective|p2a: Eternatus
|-damage|p2a: Eternatus|45/100 par
|-supereffective|p2a: Eternatus
|-damage|p2a: Eternatus|26/100 par
|-hitcount|p2a: Eternatus|3
|move|p2a: Eternatus|Recover|p2a: Eternatus
|-heal|p2a: Eternatus|76/100 par
|
|-heal|p2a: Eternatus|82/100 par|[from] item: Black Sludge
|-damage|p1a: Lopunny|77/100 tox|[from] psn
|upkeep
|turn|32
|
|t:|1652500245
|move|p1a: Lopunny|Triple Axel|p2a: Eternatus
|-supereffective|p2a: Eternatus
|-damage|p2a: Eternatus|74/100 par
|-supereffective|p2a: Eternatus
|-damage|p2a: Eternatus|58/100 par
|-supereffective|p2a: Eternatus
|-damage|p2a: Eternatus|38/100 par
|-hitcount|p2a: Eternatus|3
|move|p2a: Eternatus|Cosmic Power|p2a: Eternatus
|-boost|p2a: Eternatus|def|1
|-boost|p2a: Eternatus|spd|1
|
|-heal|p2a: Eternatus|44/100 par|[from] item: Black Sludge
|-damage|p1a: Lopunny|59/100 tox|[from] psn
|upkeep
|turn|33
|
|t:|1652500247
|move|p1a: Lopunny|Triple Axel|p2a: Eternatus|[miss]
|-miss|p1a: Lopunny|p2a: Eternatus
|move|p2a: Eternatus|Recover|p2a: Eternatus
|-heal|p2a: Eternatus|94/100 par
|
|-heal|p2a: Eternatus|100/100 par|[from] item: Black Sludge
|-damage|p1a: Lopunny|36/100 tox|[from] psn
|upkeep
|turn|34
|c|☆BrixInLuv|Man gg
|c|☆BrixInLuv|I cant win
|inactive|BrixInLuv has 120 seconds left.
|c|☆BrixInLuv|And i wont waste your time
|-message|BrixInLuv forfeited.
|
|win|Flynn Watson
|raw|BrixInLuv's rating: 1619 &rarr; <strong>1600</strong><br />(-19 for losing)
|raw|Flynn Watson's rating: 1641 &rarr; <strong>1660</strong><br />(+19 for winning)
|c|☆BrixInLuv|Have a good day
