|j|☆bob_0728
|j|☆RandomDude106
|t:|1661068153
|gametype|singles
|player|p1|bob_0728|101|1000
|player|p2|RandomDude106|266|1046
|teamsize|p1|6
|teamsize|p2|3
|gen|8
|tier|[Gen 8] National Dex AG
|rated|
|rule|HP Percentage Mod: HP is shown in percentages
|rule|Endless Battle Clause: Forcing endless battles is banned
|clearpoke
|poke|p1|Rayquaza|
|poke|p1|Kyogre|
|poke|p1|Zacian-*|
|poke|p1|Arceus-*|
|poke|p1|Marshadow|
|poke|p1|Ditto|
|poke|p2|Darkrai|
|poke|p2|Dragonite, M|
|poke|p2|Dragonite, M|
|teampreview
|inactive|Battle timer is ON: inactive players will automatically lose when time's up. (requested by RandomDude106)
|
|t:|1661068163
|start
|switch|p1a: Rayquaza|Rayquaza|100/100
|switch|p2a: Darkrai|Darkrai, shiny|100/100
|-ability|p1a: Rayquaza|Air Lock
|turn|1
|inactive|RandomDude106 has 120 seconds left.
|
|t:|1661068218
|move|p2a: Darkrai|Hypnosis|p1a: Rayquaza
|-status|p1a: Rayquaza|slp|[from] move: Hypnosis
|cant|p1a: Rayquaza|slp
|
|-damage|p1a: Rayquaza|88/100 slp|[from] ability: Bad Dreams|[of] p2a: Darkrai
|upkeep
|turn|2
|-activate|p2a: Darkrai|item: Quick Claw
|
|t:|1661068237
|move|p2a: Darkrai|Nasty Plot|p2a: Darkrai
|-boost|p2a: Darkrai|spa|2
|cant|p1a: Rayquaza|slp
|
|-damage|p1a: Rayquaza|76/100 slp|[from] ability: Bad Dreams|[of] p2a: Darkrai
|upkeep
|turn|3
|
|t:|1661068251
|detailschange|p1a: Rayquaza|Rayquaza-Mega
|-mega|p1a: Rayquaza|Rayquaza|
|-weather|DeltaStream|[from] ability: Delta Stream|[of] p1a: Rayquaza
|-start|p2a: Darkrai|Dynamax|
|-heal|p2a: Darkrai|100/100|[silent]
|move|p2a: Darkrai|Max Ooze|p1a: Rayquaza
|-damage|p1a: Rayquaza|16/100 slp
|-boost|p2a: Darkrai|spa|1
|-curestatus|p1a: Rayquaza|slp|[msg]
|move|p1a: Rayquaza|Dragon Ascent|p2a: Darkrai
|-damage|p2a: Darkrai|34/100
|-unboost|p1a: Rayquaza|def|1
|-unboost|p1a: Rayquaza|spd|1
|-damage|p1a: Rayquaza|6/100|[from] item: Life Orb
|
|-weather|DeltaStream|[upkeep]
|upkeep
|turn|4
|
|t:|1661068273
|-weather|none
|switch|p1a: Zacian|Zacian-Crowned|100/100
|-ability|p1a: Zacian|Intrepid Sword|boost
|-boost|p1a: Zacian|atk|1
|move|p2a: Darkrai|Max Ooze|p1a: Zacian
|-immune|p1a: Zacian
|
|upkeep
|turn|5
|
|t:|1661068284
|move|p1a: Zacian|Behemoth Blade|p2a: Darkrai
|-damage|p2a: Darkrai|0 fnt
|faint|p2a: Darkrai
|
|upkeep
|-message|RandomDude106 forfeited.
|
|win|bob_0728
|raw|bob_0728's rating: 1000 &rarr; <strong>1045</strong><br />(+45 for winning)
|raw|RandomDude106's rating: 1046 &rarr; <strong>1027</strong><br />(-19 for losing)
|l|☆RandomDude106
