|j|☆Raghav4451
|j|☆Truthankamon
|t:|1651232334
|gametype|singles
|player|p1|Raghav4451|red|1576
|player|p2|Truthankamon|266|1694
|teamsize|p1|6
|teamsize|p2|6
|gen|8
|tier|[Gen 8] National Dex AG
|rated|
|rule|HP Percentage Mod: HP is shown in percentages
|rule|Endless Battle Clause: Forcing endless battles is banned
|clearpoke
|poke|p1|Zacian-*|
|poke|p1|Rayquaza|
|poke|p1|Ferrothorn, F|
|poke|p1|Palkia|
|poke|p1|Groudon|
|poke|p1|Marshadow|
|poke|p2|Zacian-*|
|poke|p2|Zygarde|
|poke|p2|Arceus-*|
|poke|p2|Necrozma-Dusk-Mane|
|poke|p2|Ditto|
|poke|p2|Rayquaza|
|teampreview
|
|t:|1651232360
|start
|switch|p1a: Groudon|Groudon|100/100
|switch|p2a: Rayquaza|Rayquaza|100/100
|-ability|p2a: Rayquaza|Air Lock
|detailschange|p1a: Groudon|Groudon-Primal
|-primal|p1a: Groudon
|-weather|DesolateLand|[from] ability: Desolate Land|[of] p1a: Groudon
|turn|1
|
|t:|1651232367
|detailschange|p2a: Rayquaza|Rayquaza-Mega
|-mega|p2a: Rayquaza|Rayquaza|
|-weather|DeltaStream|[from] ability: Delta Stream|[of] p2a: Rayquaza
|move|p2a: Rayquaza|Draco Meteor|p1a: Groudon
|-damage|p1a: Groudon|14/100
|-unboost|p2a: Rayquaza|spa|2
|-damage|p2a: Rayquaza|91/100|[from] item: Life Orb
|move|p1a: Groudon|Stone Edge|p2a: Rayquaza
|-activate||deltastream
|-damage|p2a: Rayquaza|44/100
|
|-weather|DeltaStream|[upkeep]
|upkeep
|turn|2
|
|t:|1651232385
|switch|p1a: Zacian|Zacian-Crowned|100/100
|-ability|p1a: Zacian|Intrepid Sword|boost
|-boost|p1a: Zacian|atk|1
|move|p2a: Rayquaza|V-create|p1a: Zacian
|-supereffective|p1a: Zacian
|-damage|p1a: Zacian|0 fnt
|-unboost|p2a: Rayquaza|spe|1
|-unboost|p2a: Rayquaza|def|1
|-unboost|p2a: Rayquaza|spd|1
|faint|p1a: Zacian
|-damage|p2a: Rayquaza|34/100|[from] item: Life Orb
|
|-weather|DeltaStream|[upkeep]
|upkeep
|
|t:|1651232394
|switch|p1a: Rayquaza|Rayquaza|100/100
|-ability|p1a: Rayquaza|Air Lock
|turn|3
|
|t:|1651232399
|-weather|none
|switch|p2a: Arceus|Arceus-Fairy|100/100
|detailschange|p1a: Rayquaza|Rayquaza-Mega
|-mega|p1a: Rayquaza|Rayquaza|
|-weather|DeltaStream|[from] ability: Delta Stream|[of] p1a: Rayquaza
|move|p1a: Rayquaza|Extreme Speed|p2a: Arceus
|-damage|p2a: Arceus|78/100
|
|-weather|DeltaStream|[upkeep]
|upkeep
|turn|4
|
|t:|1651232410
|-weather|none
|switch|p1a: Ferrothorn|Ferrothorn, F|100/100
|move|p2a: Arceus|Will-O-Wisp|p1a: Ferrothorn|[miss]
|-miss|p2a: Arceus|p1a: Ferrothorn
|
|upkeep
|turn|5
|
|t:|1651232425
|move|p2a: Arceus|Will-O-Wisp|p1a: Ferrothorn
|-status|p1a: Ferrothorn|brn
|move|p1a: Ferrothorn|Stealth Rock|p2a: Arceus
|-sidestart|p2: Truthankamon|move: Stealth Rock
|
|-damage|p1a: Ferrothorn|94/100 brn|[from] brn
|upkeep
|turn|6
|
|t:|1651232431
|move|p2a: Arceus|Defog|p1a: Ferrothorn
|-unboost|p1a: Ferrothorn|evasion|1
|-sideend|p2: Truthankamon|Stealth Rock|[from] move: Defog|[of] p2a: Arceus
|move|p1a: Ferrothorn|Leech Seed|p2a: Arceus
|-start|p2a: Arceus|move: Leech Seed
|
|-heal|p1a: Ferrothorn|100/100 brn|[from] item: Leftovers
|-damage|p2a: Arceus|66/100|[from] Leech Seed|[of] p1a: Ferrothorn
|-damage|p1a: Ferrothorn|94/100 brn|[from] brn
|upkeep
|turn|7
|
|t:|1651232438
|switch|p2a: Zygarde|Zygarde|100/100
|move|p1a: Ferrothorn|Knock Off|p2a: Zygarde
|-damage|p2a: Zygarde|93/100
|-enditem|p2a: Zygarde|Leftovers|[from] move: Knock Off|[of] p1a: Ferrothorn
|
|-heal|p1a: Ferrothorn|100/100 brn|[from] item: Leftovers
|-damage|p1a: Ferrothorn|94/100 brn|[from] brn
|upkeep
|turn|8
|
|t:|1651232446
|move|p2a: Zygarde|Substitute|p2a: Zygarde
|-start|p2a: Zygarde|Substitute
|-damage|p2a: Zygarde|68/100
|move|p1a: Ferrothorn|Leech Seed||[still]
|-fail|p1a: Ferrothorn
|
|-heal|p1a: Ferrothorn|100/100 brn|[from] item: Leftovers
|-damage|p1a: Ferrothorn|94/100 brn|[from] brn
|upkeep
|turn|9
|
|t:|1651232450
|move|p2a: Zygarde|Dragon Dance|p2a: Zygarde
|-boost|p2a: Zygarde|atk|1
|-boost|p2a: Zygarde|spe|1
|move|p1a: Ferrothorn|Stealth Rock|p2a: Zygarde
|-sidestart|p2: Truthankamon|move: Stealth Rock
|
|-heal|p1a: Ferrothorn|100/100 brn|[from] item: Leftovers
|-damage|p1a: Ferrothorn|94/100 brn|[from] brn
|upkeep
|turn|10
|
|t:|1651232469
|move|p1a: Ferrothorn|Gyro Ball|p2a: Zygarde
|-crit|p2a: Zygarde
|-end|p2a: Zygarde|Substitute
|move|p2a: Zygarde|Dragon Tail|p1a: Ferrothorn
|-resisted|p1a: Ferrothorn
|-damage|p1a: Ferrothorn|80/100 brn
|-damage|p2a: Zygarde|56/100|[from] ability: Iron Barbs|[of] p1a: Ferrothorn
|drag|p1a: Rayquaza|Rayquaza-Mega|100/100
|-weather|DeltaStream|[from] ability: Delta Stream|[of] p1a: Rayquaza
|
|-weather|DeltaStream|[upkeep]
|upkeep
|turn|11
|
|t:|1651232481
|-start|p2a: Zygarde|Dynamax|
|-heal|p2a: Zygarde|56/100|[silent]
|move|p2a: Zygarde|Max Wyrmwind|p1a: Rayquaza
|-supereffective|p1a: Rayquaza
|-enditem|p1a: Rayquaza|Focus Sash
|-damage|p1a: Rayquaza|1/100
|-unboost|p1a: Rayquaza|atk|1
|move|p1a: Rayquaza|Dragon Ascent|p2a: Zygarde
|-damage|p2a: Zygarde|37/100
|-unboost|p1a: Rayquaza|def|1
|-unboost|p1a: Rayquaza|spd|1
|
|-weather|DeltaStream|[upkeep]
|-activate|p2a: Zygarde|ability: Power Construct
|detailschange|p2a: Zygarde|Zygarde-Complete
|-heal|p2a: Zygarde|61/100|[silent]
|upkeep
|turn|12
|c|☆Raghav4451|ooof
|c|☆Raghav4451|wrong move
|
|t:|1651232502
|move|p1a: Rayquaza|Extreme Speed|p2a: Zygarde
|-damage|p2a: Zygarde|55/100
|move|p2a: Zygarde|Max Wyrmwind|p1a: Rayquaza
|-supereffective|p1a: Rayquaza
|-damage|p1a: Rayquaza|0 fnt
|faint|p1a: Rayquaza
|-weather|none
|
|upkeep
|
|t:|1651232513
|switch|p1a: Palkia|Palkia|100/100
|-ability|p1a: Palkia|Pressure
|turn|13
|
|t:|1651232517
|-start|p1a: Palkia|Dynamax|
|-heal|p1a: Palkia|100/100|[silent]
|move|p1a: Palkia|Max Guard|p1a: Palkia
|-singleturn|p1a: Palkia|Max Guard
|move|p2a: Zygarde|Max Wyrmwind|p1a: Palkia
|-activate|p1a: Palkia|move: Max Guard
|
|upkeep
|-end|p2a: Zygarde|Dynamax
|-heal|p2a: Zygarde|55/100|[silent]
|turn|14
|
|t:|1651232527
|move|p2a: Zygarde|Substitute|p2a: Zygarde
|-start|p2a: Zygarde|Substitute
|-damage|p2a: Zygarde|30/100
|move|p1a: Palkia|Max Wyrmwind|p2a: Zygarde
|-supereffective|p2a: Zygarde
|-end|p2a: Zygarde|Substitute
|-unboost|p2a: Zygarde|atk|1
|
|upkeep
|turn|15
|
|t:|1651232534
|move|p2a: Zygarde|Substitute|p2a: Zygarde
|-start|p2a: Zygarde|Substitute
|-damage|p2a: Zygarde|5/100
|move|p1a: Palkia|Max Geyser|p2a: Zygarde
|-end|p2a: Zygarde|Substitute
|-weather|RainDance
|
|-weather|RainDance|[upkeep]
|upkeep
|-end|p1a: Palkia|Dynamax
|-heal|p1a: Palkia|100/100|[silent]
|turn|16
|
|t:|1651232546
|move|p2a: Zygarde|Thousand Arrows|p1a: Palkia
|-damage|p1a: Palkia|63/100
|move|p1a: Palkia|Hydro Pump|p2a: Zygarde
|-damage|p2a: Zygarde|0 fnt
|faint|p2a: Zygarde
|
|-weather|RainDance|[upkeep]
|upkeep
|
|t:|1651232561
|switch|p2a: Rayquaza|Rayquaza-Mega|34/100
|-damage|p2a: Rayquaza|10/100|[from] Stealth Rock
|-weather|DeltaStream|[from] ability: Delta Stream|[of] p2a: Rayquaza
|turn|17
|
|t:|1651232570
|switch|p1a: Ferrothorn|Ferrothorn, F|80/100 brn
|move|p2a: Rayquaza|Dragon Ascent|p1a: Ferrothorn
|-damage|p1a: Ferrothorn|0 fnt
|-unboost|p2a: Rayquaza|def|1
|-unboost|p2a: Rayquaza|spd|1
|-damage|p2a: Rayquaza|0 fnt|[from] ability: Iron Barbs|[of] p1a: Ferrothorn
|faint|p1a: Ferrothorn
|faint|p2a: Rayquaza
|-weather|none
|
|upkeep
|
|t:|1651232587
|switch|p2a: Ditto|Ditto|100/100
|switch|p1a: Groudon|Groudon-Primal|14/100
|-weather|DesolateLand|[from] ability: Desolate Land|[of] p1a: Groudon
|-damage|p2a: Ditto|88/100|[from] Stealth Rock
|-transform|p2a: Ditto|p1a: Groudon|[from] ability: Imposter
|turn|18
|
|t:|1651232597
|move|p2a: Ditto|Solar Beam||[still]
|-prepare|p2a: Ditto|Solar Beam
|-anim|p2a: Ditto|Solar Beam|p1a: Groudon
|-damage|p1a: Groudon|0 fnt
|faint|p1a: Groudon
|
|-weather|DesolateLand|[upkeep]
|upkeep
|
|t:|1651232606
|switch|p1a: Palkia|Palkia|63/100
|-ability|p1a: Palkia|Pressure
|turn|19
|
|t:|1651232610
|move|p2a: Ditto|Solar Beam||[still]
|-prepare|p2a: Ditto|Solar Beam
|-anim|p2a: Ditto|Solar Beam|p1a: Palkia
|-damage|p1a: Palkia|30/100
|move|p1a: Palkia|Spacial Rend|p2a: Ditto
|-damage|p2a: Ditto|0 fnt
|faint|p2a: Ditto
|-weather|none
|
|upkeep
|
|t:|1651232618
|switch|p2a: Arceus|Arceus-Fairy|66/100
|-damage|p2a: Arceus|53/100|[from] Stealth Rock
|turn|20
|
|t:|1651232627
|move|p1a: Palkia|Hydro Pump|p2a: Arceus
|-damage|p2a: Arceus|14/100
|move|p2a: Arceus|Judgment|p1a: Palkia
|-supereffective|p1a: Palkia
|-damage|p1a: Palkia|0 fnt
|faint|p1a: Palkia
|
|upkeep
|
|t:|1651232631
|switch|p1a: Marshadow|Marshadow|100/100
|turn|21
|
|t:|1651232637
|move|p1a: Marshadow|Close Combat|p2a: Arceus
|-resisted|p2a: Arceus
|-damage|p2a: Arceus|0 fnt
|-unboost|p1a: Marshadow|def|1
|-unboost|p1a: Marshadow|spd|1
|faint|p2a: Arceus
|
|upkeep
|
|t:|1651232645
|switch|p2a: Necrozma|Necrozma-Dusk-Mane|100/100
|-damage|p2a: Necrozma|94/100|[from] Stealth Rock
|turn|22
|
|t:|1651232650
|move|p1a: Marshadow|Spectral Thief|p2a: Necrozma
|-supereffective|p2a: Necrozma
|-damage|p2a: Necrozma|57/100
|-damage|p1a: Marshadow|84/100|[from] item: Rocky Helmet|[of] p2a: Necrozma
|move|p2a: Necrozma|Knock Off|p1a: Marshadow
|-damage|p1a: Marshadow|26/100
|-enditem|p1a: Marshadow|Focus Sash|[from] move: Knock Off|[of] p2a: Necrozma
|
|upkeep
|turn|23
|
|t:|1651232671
|move|p1a: Marshadow|Spectral Thief|p2a: Necrozma
|-supereffective|p2a: Necrozma
|-damage|p2a: Necrozma|22/100
|-damage|p1a: Marshadow|9/100|[from] item: Rocky Helmet|[of] p2a: Necrozma
|move|p2a: Necrozma|Knock Off|p1a: Marshadow
|-damage|p1a: Marshadow|0 fnt
|faint|p1a: Marshadow
|
|win|Truthankamon
|raw|Raghav4451's rating: 1576 &rarr; <strong>1563</strong><br />(-13 for losing)
|raw|Truthankamon's rating: 1694 &rarr; <strong>1707</strong><br />(+13 for winning)
|l|☆Raghav4451
