|j|☆OnMaWa
|j|☆85792195wwww
|player|p1|OnMaWa|psychic-gen4|1814
|player|p2|85792195wwww|lady|1790
|teamsize|p1|6
|teamsize|p2|6
|gametype|singles
|gen|8
|tier|[Gen 8] National Dex AG
|rated|
|clearpoke
|poke|p1|Arceus-*|
|poke|p1|Lugia|
|poke|p1|Zacian-Crowned|
|poke|p1|Rayquaza|
|poke|p1|Necrozma-Dusk-Mane|
|poke|p1|Kartana|
|poke|p2|Rayquaza|
|poke|p2|Zacian-Crowned|
|poke|p2|Ditto|
|poke|p2|Kyogre|
|poke|p2|Eternatus|
|poke|p2|Arceus-*|
|rule|HP Percentage Mod: HP is shown in percentages
|rule|Endless Battle Clause: Forcing endless battles is banned
|teampreview
|
|start
|switch|p1a: Necrozma|Necrozma-Dusk-Mane|100/100
|switch|p2a: Arceus|Arceus-Ground|100/100
|turn|1
|
|detailschange|p1a: Necrozma|Necrozma-Ultra
|-burst|p1a: Necrozma|Necrozma|Ultranecrozium Z
|move|p2a: Arceus|Calm Mind|p2a: Arceus
|-boost|p2a: Arceus|spa|1
|-boost|p2a: Arceus|spd|1
|move|p1a: Necrozma|Dragon Dance|p1a: Necrozma
|-boost|p1a: Necrozma|atk|1
|-boost|p1a: Necrozma|spe|1
|
|upkeep
|turn|2
|
|-start|p2a: Arceus|Dynamax
|-heal|p2a: Arceus|100/100|[silent]
|-zpower|p1a: Necrozma
|move|p1a: Necrozma|Light That Burns the Sky|p2a: Arceus|[zeffect]
|-damage|p2a: Arceus|17/100
|move|p2a: Arceus|Max Hailstorm|p1a: Necrozma
|-supereffective|p1a: Necrozma
|-damage|p1a: Necrozma|0 fnt
|-weather|Hail
|faint|p1a: Necrozma
|
|-weather|Hail|[upkeep]
|-damage|p2a: Arceus|14/100|[from] Hail
|upkeep
|
|switch|p1a: Rayquaza|Rayquaza|100/100
|-ability|p1a: Rayquaza|Air Lock
|turn|3
|
|detailschange|p1a: Rayquaza|Rayquaza-Mega
|-mega|p1a: Rayquaza|Rayquaza|
|-weather|DeltaStream|[from] ability: Delta Stream|[of] p1a: Rayquaza
|move|p1a: Rayquaza|Extreme Speed|p2a: Arceus
|-damage|p2a: Arceus|0 fnt
|-damage|p1a: Rayquaza|91/100|[from] item: Life Orb
|faint|p2a: Arceus
|
|-weather|DeltaStream|[upkeep]
|upkeep
|
|switch|p2a: Zacian|Zacian-Crowned|100/100
|-ability|p2a: Zacian|Intrepid Sword|boost
|-boost|p2a: Zacian|atk|1
|turn|4
|
|-weather|none
|switch|p1a: Lugia|Lugia|100/100
|move|p2a: Zacian|Behemoth Blade|p1a: Lugia
|-damage|p1a: Lugia|77/100
|
|upkeep
|turn|5
|
|move|p2a: Zacian|Substitute|p2a: Zacian
|-start|p2a: Zacian|Substitute
|-damage|p2a: Zacian|76/100
|move|p1a: Lugia|Thunder Wave||[still]
|-fail|p1a: Lugia
|
|upkeep
|turn|6
|
|move|p2a: Zacian|Behemoth Blade|p1a: Lugia
|-crit|p1a: Lugia
|-damage|p1a: Lugia|4/100
|move|p1a: Lugia|Whirlwind|p2a: Zacian
|drag|p2a: Rayquaza|Rayquaza|100/100
|-ability|p2a: Rayquaza|Air Lock
|
|upkeep
|turn|7
|
|detailschange|p2a: Rayquaza|Rayquaza-Mega
|-mega|p2a: Rayquaza|Rayquaza|
|-weather|DeltaStream|[from] ability: Delta Stream|[of] p2a: Rayquaza
|move|p2a: Rayquaza|Extreme Speed|p1a: Lugia
|-damage|p1a: Lugia|0 fnt
|-damage|p2a: Rayquaza|91/100|[from] item: Life Orb
|faint|p1a: Lugia
|
|-weather|DeltaStream|[upkeep]
|upkeep
|
|switch|p1a: Rayquaza|Rayquaza-Mega|91/100
|turn|8
|
|move|p2a: Rayquaza|Dragon Ascent|p1a: Rayquaza
|-damage|p1a: Rayquaza|0 fnt
|-unboost|p2a: Rayquaza|def|1
|-unboost|p2a: Rayquaza|spd|1
|-damage|p2a: Rayquaza|81/100|[from] item: Life Orb
|faint|p1a: Rayquaza
|
|-weather|DeltaStream|[upkeep]
|upkeep
|
|switch|p1a: Arceus|Arceus|100/100
|turn|9
|
|move|p1a: Arceus|Extreme Speed|p2a: Rayquaza
|-damage|p2a: Rayquaza|10/100
|move|p2a: Rayquaza|Dragon Ascent|p1a: Arceus
|-damage|p1a: Arceus|20/100
|-unboost|p2a: Rayquaza|def|1
|-unboost|p2a: Rayquaza|spd|1
|-damage|p2a: Rayquaza|0 fnt|[from] item: Life Orb
|faint|p2a: Rayquaza
|-weather|none
|
|upkeep
|
|switch|p2a: Zacian|Zacian-Crowned|76/100
|-ability|p2a: Zacian|Intrepid Sword|boost
|-boost|p2a: Zacian|atk|1
|turn|10
|
|move|p2a: Zacian|Substitute|p2a: Zacian
|-start|p2a: Zacian|Substitute
|-damage|p2a: Zacian|51/100
|move|p1a: Arceus|Earthquake|p2a: Zacian
|-supereffective|p2a: Zacian
|-end|p2a: Zacian|Substitute
|
|upkeep
|turn|11
|
|move|p2a: Zacian|Behemoth Blade|p1a: Arceus
|-damage|p1a: Arceus|0 fnt
|faint|p1a: Arceus
|
|upkeep
|
|switch|p1a: Zacian|Zacian-Crowned|100/100
|-ability|p1a: Zacian|Intrepid Sword|boost
|-boost|p1a: Zacian|atk|1
|turn|12
|
|move|p1a: Zacian|Close Combat|p2a: Zacian
|-damage|p2a: Zacian|0 fnt
|-unboost|p1a: Zacian|def|1
|-unboost|p1a: Zacian|spd|1
|faint|p2a: Zacian
|
|upkeep
|
|switch|p2a: Ditto|Ditto|100/100
|-transform|p2a: Ditto|p1a: Zacian|[from] ability: Imposter
|-ability|p2a: Ditto|Intrepid Sword|boost
|-boost|p2a: Ditto|atk|1
|turn|13
|
|move|p2a: Ditto|Close Combat|p1a: Zacian
|-damage|p1a: Zacian|0 fnt
|-unboost|p2a: Ditto|def|1
|-unboost|p2a: Ditto|spd|1
|faint|p1a: Zacian
|
|upkeep
|
|switch|p1a: Kartana|Kartana|100/100
|turn|14
|
|-start|p1a: Kartana|Dynamax
|-heal|p1a: Kartana|100/100|[silent]
|move|p2a: Ditto|Close Combat|p1a: Kartana
|-supereffective|p1a: Kartana
|-crit|p1a: Kartana
|-damage|p1a: Kartana|0 fnt
|-unboost|p2a: Ditto|def|1
|-unboost|p2a: Ditto|spd|1
|faint|p1a: Kartana
|
|win|85792195wwww
