|j|☆svtagger
|j|☆Matsui_Miyako
|t:|1660223962
|gametype|singles
|player|p1|svtagger|102|1370
|player|p2|Matsui_Miyako|silver|1470
|teamsize|p1|6
|teamsize|p2|6
|gen|8
|tier|[Gen 8] National Dex AG
|rated|
|rule|HP Percentage Mod: HP is shown in percentages
|rule|Endless Battle Clause: Forcing endless battles is banned
|clearpoke
|poke|p1|Quagsire, M|
|poke|p1|Hawlucha, M|
|poke|p1|Cinderace, F|
|poke|p1|Blastoise, M|
|poke|p1|Ferrothorn, M|
|poke|p1|Deoxys-Speed|
|poke|p2|Calyrex-Shadow|
|poke|p2|Marshadow|
|poke|p2|Arceus-*|
|poke|p2|Melmetal|
|poke|p2|Ho-Oh|
|poke|p2|Groudon|
|teampreview
|inactive|Battle timer is ON: inactive players will automatically lose when time's up. (requested by svtagger)
|
|t:|1660223966
|start
|switch|p1a: ussain bolt|Deoxys-Speed|100/100
|switch|p2a: Groudon|Groudon|100/100
|-ability|p1a: ussain bolt|Pressure
|detailschange|p2a: Groudon|Groudon-Primal
|-primal|p2a: Groudon
|-weather|DesolateLand|[from] ability: Desolate Land|[of] p2a: Groudon
|turn|1
|
|t:|1660223974
|move|p1a: ussain bolt|Stealth Rock|p2a: Groudon
|-sidestart|p2: Matsui_Miyako|move: Stealth Rock
|move|p2a: Groudon|Stealth Rock|p1a: ussain bolt
|-sidestart|p1: svtagger|move: Stealth Rock
|
|-weather|DesolateLand|[upkeep]
|upkeep
|turn|2
|
|t:|1660223980
|move|p1a: ussain bolt|Skill Swap|p2a: Groudon
|-activate|p1a: ussain bolt|move: Skill Swap|Desolate Land|Pressure|[of] p2a: Groudon
|-weather|none
|-weather|DesolateLand|[from] ability: Desolate Land|[of] p1a: ussain bolt
|-ability|p2a: Groudon|Pressure
|move|p2a: Groudon|Dragon Tail|p1a: ussain bolt
|-damage|p1a: ussain bolt|73/100
|-weather|none
|drag|p1a: ninja turtle|Blastoise, M|100/100
|-damage|p1a: ninja turtle|88/100|[from] Stealth Rock
|
|upkeep
|turn|3
|
|t:|1660224008
|detailschange|p1a: ninja turtle|Blastoise-Mega, M
|-mega|p1a: ninja turtle|Blastoise|Blastoisinite
|move|p1a: ninja turtle|Shell Smash|p1a: ninja turtle
|-unboost|p1a: ninja turtle|def|1
|-unboost|p1a: ninja turtle|spd|1
|-boost|p1a: ninja turtle|atk|2
|-boost|p1a: ninja turtle|spa|2
|-boost|p1a: ninja turtle|spe|2
|move|p2a: Groudon|Dragon Tail|p1a: ninja turtle|[miss]
|-miss|p2a: Groudon|p1a: ninja turtle
|
|upkeep
|turn|4
|
|t:|1660224017
|move|p1a: ninja turtle|Water Pulse|p2a: Groudon
|-supereffective|p2a: Groudon
|-damage|p2a: Groudon|0 fnt
|faint|p2a: Groudon
|
|upkeep
|
|t:|1660224020
|switch|p2a: Ho-Oh|Ho-Oh|100/100
|turn|5
|
|t:|1660224026
|move|p1a: ninja turtle|Water Pulse|p2a: Ho-Oh
|-supereffective|p2a: Ho-Oh
|-damage|p2a: Ho-Oh|0 fnt
|faint|p2a: Ho-Oh
|
|upkeep
|
|t:|1660224032
|switch|p2a: Arceus|Arceus|100/100
|-damage|p2a: Arceus|88/100|[from] Stealth Rock
|turn|6
|
|t:|1660224035
|move|p1a: ninja turtle|Aura Sphere|p2a: Arceus
|-supereffective|p2a: Arceus
|-damage|p2a: Arceus|0 fnt
|faint|p2a: Arceus
|
|upkeep
|
|t:|1660224039
|switch|p2a: Marshadow|Marshadow|100/100
|-damage|p2a: Marshadow|94/100|[from] Stealth Rock
|turn|7
|
|t:|1660224044
|move|p1a: ninja turtle|Water Pulse|p2a: Marshadow
|-damage|p2a: Marshadow|0 fnt
|faint|p2a: Marshadow
|
|upkeep
|
|t:|1660224047
|switch|p2a: Melmetal|Melmetal|100/100
|-damage|p2a: Melmetal|94/100|[from] Stealth Rock
|turn|8
|
|t:|1660224053
|-start|p2a: Melmetal|Dynamax|
|-heal|p2a: Melmetal|94/100|[silent]
|move|p1a: ninja turtle|Aura Sphere|p2a: Melmetal
|-supereffective|p2a: Melmetal
|-damage|p2a: Melmetal|1/100
|move|p2a: Melmetal|Max Steelspike|p1a: ninja turtle
|-resisted|p1a: ninja turtle
|-damage|p1a: ninja turtle|20/100
|-boost|p2a: Melmetal|def|1
|
|-heal|p2a: Melmetal|4/100|[from] item: Leftovers
|upkeep
|turn|9
|
|t:|1660224066
|move|p1a: ninja turtle|Aura Sphere|p2a: Melmetal
|-supereffective|p2a: Melmetal
|-damage|p2a: Melmetal|0 fnt
|faint|p2a: Melmetal
|
|upkeep
|
|t:|1660224075
|switch|p2a: Calyrex|Calyrex-Shadow|100/100
|-ability|p2a: Calyrex|As One
|-ability|p2a: Calyrex|Unnerve
|-damage|p2a: Calyrex|88/100|[from] Stealth Rock
|turn|10
|
|t:|1660224079
|move|p1a: ninja turtle|Dark Pulse|p2a: Calyrex
|-supereffective|p2a: Calyrex
|-damage|p2a: Calyrex|0 fnt
|faint|p2a: Calyrex
|
|win|svtagger
|raw|svtagger's rating: 1370 &rarr; <strong>1396</strong><br />(+26 for winning)
|raw|Matsui_Miyako's rating: 1470 &rarr; <strong>1444</strong><br />(-26 for losing)
|c|☆svtagger|gg
|c|☆Matsui_Miyako|g
|c|☆Matsui_Miyako|gg
|l|☆Matsui_Miyako
||Ladder isn't responding, score probably updated but might not have (Request timeout).
