|j|☆Sacred Latias
|j|☆xLeonisx
|t:|1650601749
|gametype|singles
|player|p1|Sacred Latias|sonia-professor|1604
|player|p2|xLeonisx|265|1536
|teamsize|p1|6
|teamsize|p2|6
|gen|8
|tier|[Gen 8] National Dex AG
|rated|
|rule|HP Percentage Mod: HP is shown in percentages
|rule|Endless Battle Clause: Forcing endless battles is banned
|clearpoke
|poke|p1|Zygarde|
|poke|p1|Yveltal|
|poke|p1|Necrozma-Dusk-Mane|
|poke|p1|Rayquaza|
|poke|p1|Eternatus|
|poke|p1|Regieleki|
|poke|p2|Kyogre|
|poke|p2|Arceus-*|
|poke|p2|Lugia|
|poke|p2|Calyrex-Shadow|
|poke|p2|Deoxys-Speed|
|poke|p2|Zacian-*|
|teampreview
|inactive|Battle timer is ON: inactive players will automatically lose when time's up. (requested by xLeonisx)
|
|t:|1650601757
|start
|switch|p1a: Regieleki|Regieleki|100/100
|switch|p2a: Arceus|Arceus|100/100
|turn|1
|
|t:|1650601763
|move|p2a: Arceus|Extreme Speed|p1a: Regieleki
|-damage|p1a: Regieleki|8/100
|-damage|p2a: Arceus|91/100|[from] item: Life Orb
|move|p1a: Regieleki|Reflect|p1a: Regieleki
|-sidestart|p1: Sacred Latias|Reflect
|
|upkeep
|turn|2
|
|t:|1650601768
|switch|p1a: Zygarde|Zygarde|100/100
|move|p2a: Arceus|Extreme Speed|p1a: Zygarde
|-damage|p1a: Zygarde|81/100
|-damage|p2a: Arceus|81/100|[from] item: Life Orb
|
|-heal|p1a: Zygarde|87/100|[from] item: Leftovers
|upkeep
|turn|3
|
|t:|1650601771
|move|p2a: Arceus|Swords Dance|p2a: Arceus
|-boost|p2a: Arceus|atk|2
|move|p1a: Zygarde|Glare|p2a: Arceus
|-status|p2a: Arceus|par
|
|-heal|p1a: Zygarde|93/100|[from] item: Leftovers
|upkeep
|turn|4
|
|t:|1650601773
|move|p1a: Zygarde|Coil|p1a: Zygarde
|-boost|p1a: Zygarde|atk|1
|-boost|p1a: Zygarde|def|1
|-boost|p1a: Zygarde|accuracy|1
|move|p2a: Arceus|Swords Dance|p2a: Arceus
|-boost|p2a: Arceus|atk|2
|
|-heal|p1a: Zygarde|99/100|[from] item: Leftovers
|upkeep
|turn|5
|
|t:|1650601775
|move|p1a: Zygarde|Coil|p1a: Zygarde
|-boost|p1a: Zygarde|atk|1
|-boost|p1a: Zygarde|def|1
|-boost|p1a: Zygarde|accuracy|1
|cant|p2a: Arceus|par
|
|-heal|p1a: Zygarde|100/100|[from] item: Leftovers
|upkeep
|turn|6
|
|t:|1650601779
|move|p1a: Zygarde|Substitute|p1a: Zygarde
|-start|p1a: Zygarde|Substitute
|-damage|p1a: Zygarde|75/100
|cant|p2a: Arceus|par
|
|-heal|p1a: Zygarde|82/100|[from] item: Leftovers
|upkeep
|turn|7
|
|t:|1650601781
|move|p1a: Zygarde|Coil|p1a: Zygarde
|-boost|p1a: Zygarde|atk|1
|-boost|p1a: Zygarde|def|1
|-boost|p1a: Zygarde|accuracy|1
|move|p2a: Arceus|Earthquake|p1a: Zygarde
|-activate|p1a: Zygarde|move: Substitute|[damage]
|-damage|p2a: Arceus|71/100 par|[from] item: Life Orb
|
|-heal|p1a: Zygarde|88/100|[from] item: Leftovers
|upkeep
|turn|8
|
|t:|1650601784
|move|p1a: Zygarde|Thousand Arrows|p2a: Arceus
|-crit|p2a: Arceus
|-damage|p2a: Arceus|0 fnt
|faint|p2a: Arceus
|
|-heal|p1a: Zygarde|94/100|[from] item: Leftovers
|-sideend|p1: Sacred Latias|Reflect
|upkeep
|
|t:|1650601786
|switch|p2a: Lugia|Lugia|100/100
|turn|9
|
|t:|1650601788
|move|p1a: Zygarde|Glare|p2a: Lugia
|-status|p2a: Lugia|par
|cant|p2a: Lugia|par
|
|-heal|p1a: Zygarde|99/100|[from] item: Leftovers
|upkeep
|turn|10
|
|t:|1650601791
|move|p1a: Zygarde|Thousand Arrows|p2a: Lugia
|-damage|p2a: Lugia|75/100 par
|-start|p2a: Lugia|Smack Down
|cant|p2a: Lugia|par
|
|-heal|p1a: Zygarde|100/100|[from] item: Leftovers
|upkeep
|turn|11
|
|t:|1650601796
|move|p1a: Zygarde|Thousand Arrows|p2a: Lugia
|-damage|p2a: Lugia|27/100 par
|move|p2a: Lugia|Whirlwind|p1a: Zygarde
|drag|p1a: Necrozma|Necrozma-Dusk-Mane|100/100
|
|upkeep
|turn|12
|
|t:|1650601803
|move|p1a: Necrozma|Sunsteel Strike|p2a: Lugia
|-damage|p2a: Lugia|0 fnt
|faint|p2a: Lugia
|
|upkeep
|
|t:|1650601817
|switch|p2a: Kyogre|Kyogre|100/100
|detailschange|p2a: Kyogre|Kyogre-Primal
|-primal|p2a: Kyogre
|-weather|PrimordialSea|[from] ability: Primordial Sea|[of] p2a: Kyogre
|turn|13
|
|t:|1650601821
|switch|p1a: Zygarde|Zygarde|100/100
|move|p2a: Kyogre|Water Spout|p1a: Zygarde
|-damage|p1a: Zygarde|0 fnt
|faint|p1a: Zygarde
|
|-weather|PrimordialSea|[upkeep]
|upkeep
|
|t:|1650601823
|switch|p1a: Regieleki|Regieleki|8/100
|turn|14
|
|t:|1650601827
|-weather|none
|switch|p2a: Deoxys|Deoxys-Speed|100/100
|-ability|p2a: Deoxys|Pressure
|move|p1a: Regieleki|Volt Switch|p2a: Deoxys
|-damage|p2a: Deoxys|49/100
|
|t:|1650601831
|switch|p1a: Yveltal|Yveltal|100/100|[from]move: Volt Switch
|-ability|p1a: Yveltal|Dark Aura
|
|upkeep
|turn|15
|
|t:|1650601836
|move|p2a: Deoxys|Stealth Rock|p1a: Yveltal
|-sidestart|p1: Sacred Latias|move: Stealth Rock
|move|p1a: Yveltal|U-turn|p2a: Deoxys
|-supereffective|p2a: Deoxys
|-damage|p2a: Deoxys|0 fnt
|faint|p2a: Deoxys
|
|t:|1650601839
|switch|p1a: Regieleki|Regieleki|8/100|[from]move: U-turn
|-damage|p1a: Regieleki|0 fnt|[from] Stealth Rock
|faint|p1a: Regieleki
|
|upkeep
|
|t:|1650601851
|switch|p1a: Eternatus|Eternatus|100/100
|switch|p2a: Kyogre|Kyogre-Primal|100/100
|-damage|p1a: Eternatus|88/100|[from] Stealth Rock
|-ability|p1a: Eternatus|Pressure
|-weather|PrimordialSea|[from] ability: Primordial Sea|[of] p2a: Kyogre
|turn|16
|
|t:|1650601855
|move|p1a: Eternatus|Dynamax Cannon|p2a: Kyogre
|-damage|p2a: Kyogre|48/100
|-damage|p1a: Eternatus|78/100|[from] item: Life Orb
|move|p2a: Kyogre|Ice Beam|p1a: Eternatus
|-supereffective|p1a: Eternatus
|-damage|p1a: Eternatus|10/100
|
|-weather|PrimordialSea|[upkeep]
|upkeep
|turn|17
|
|t:|1650601859
|move|p1a: Eternatus|Dynamax Cannon|p2a: Kyogre
|-damage|p2a: Kyogre|0 fnt
|faint|p2a: Kyogre
|-weather|none
|-damage|p1a: Eternatus|0 fnt|[from] item: Life Orb
|faint|p1a: Eternatus
|
|upkeep
|j| luduk
|
|t:|1650601875
|switch|p1a: Yveltal|Yveltal|100/100
|switch|p2a: Zacian|Zacian-Crowned|100/100
|-ability|p2a: Zacian|Intrepid Sword|boost
|-boost|p2a: Zacian|atk|1
|-damage|p1a: Yveltal|76/100|[from] Stealth Rock
|-ability|p1a: Yveltal|Dark Aura
|turn|18
|
|t:|1650601879
|move|p2a: Zacian|Swords Dance|p2a: Zacian
|-boost|p2a: Zacian|atk|2
|move|p1a: Yveltal|Foul Play|p2a: Zacian
|-resisted|p2a: Zacian
|-damage|p2a: Zacian|0 fnt
|faint|p2a: Zacian
|
|upkeep
|c|☆Sacred Latias|LOLE
|c|☆xLeonisx|what
|c|☆Sacred Latias|gg
|
|t:|1650601892
|switch|p2a: Calyrex|Calyrex-Shadow|100/100
|-ability|p2a: Calyrex|As One
|-ability|p2a: Calyrex|Unnerve
|turn|19
|
|t:|1650601896
|-start|p2a: Calyrex|Dynamax|
|-heal|p2a: Calyrex|100/100|[silent]
|-start|p1a: Yveltal|Dynamax|
|-heal|p1a: Yveltal|76/100|[silent]
|move|p2a: Calyrex|Max Starfall|p1a: Yveltal
|-supereffective|p1a: Yveltal
|-damage|p1a: Yveltal|41/100
|-fieldstart|move: Misty Terrain
|move|p1a: Yveltal|Max Darkness|p2a: Calyrex
|-supereffective|p2a: Calyrex
|-enditem|p2a: Calyrex|Focus Sash
|-damage|p2a: Calyrex|1/100
|-unboost|p2a: Calyrex|spd|1
|
|upkeep
|turn|20
|
|t:|1650601899
|move|p2a: Calyrex|Max Starfall|p1a: Yveltal
|-supereffective|p1a: Yveltal
|-damage|p1a: Yveltal|2/100
|move|p1a: Yveltal|Max Darkness|p2a: Calyrex
|-supereffective|p2a: Calyrex
|-damage|p2a: Calyrex|0 fnt
|faint|p2a: Calyrex
|
|win|Sacred Latias
|raw|Sacred Latias's rating: 1604 &rarr; <strong>1620</strong><br />(+16 for winning)
|raw|xLeonisx's rating: 1536 &rarr; <strong>1520</strong><br />(-16 for losing)
|c|☆xLeonisx|wtf
|c|☆xLeonisx|how did that even happen
|l|☆xLeonisx
|c|☆Sacred Latias|you sd
|c|☆Sacred Latias|and I click foul play
|c|☆Sacred Latias|;)
