|j|☆bigbruhdaddy
|j|☆CLEAR GEM清瑜
|t:|1667107125
|gametype|singles
|player|p1|bigbruhdaddy|1|1652
|player|p2|CLEAR GEM清瑜|skierf|1921
|teamsize|p1|6
|teamsize|p2|6
|gen|8
|tier|[Gen 8] National Dex AG
|rated|
|rule|HP Percentage Mod: HP is shown in percentages
|rule|Endless Battle Clause: Forcing endless battles is banned
|clearpoke
|poke|p1|Shuckle, F|
|poke|p1|Rayquaza|
|poke|p1|Zacian-*|
|poke|p1|Yveltal|
|poke|p1|Arceus-*|
|poke|p1|Kyogre|
|poke|p2|Rayquaza|
|poke|p2|Groudon|
|poke|p2|Necrozma-Dusk-Mane|
|poke|p2|Arceus-*|
|poke|p2|Zacian-*|
|poke|p2|Yveltal|
|teampreview
|inactive|Battle timer is ON: inactive players will automatically lose when time's up. (requested by CLEAR GEM清瑜)
|
|t:|1667107148
|start
|switch|p1a: Robert|Shuckle, F|100/100
|switch|p2a: 老烈|Rayquaza, shiny|100/100
|-ability|p2a: 老烈|Air Lock
|turn|1
|
|t:|1667107160
|detailschange|p2a: 老烈|Rayquaza-Mega, shiny
|-mega|p2a: 老烈|Rayquaza|
|-weather|DeltaStream|[from] ability: Delta Stream|[of] p2a: 老烈
|move|p2a: 老烈|Scale Shot|p1a: Robert
|-damage|p1a: Robert|84/100
|-damage|p1a: Robert|68/100
|-damage|p1a: Robert|54/100
|-hitcount|p1a: Robert|3
|-unboost|p2a: 老烈|def|1
|-boost|p2a: 老烈|spe|1
|-damage|p2a: 老烈|91/100|[from] item: Life Orb
|move|p1a: Robert|Stealth Rock|p2a: 老烈
|-sidestart|p2: CLEAR GEM清瑜|move: Stealth Rock
|
|-weather|DeltaStream|[upkeep]
|upkeep
|turn|2
|
|t:|1667107175
|move|p2a: 老烈|Dragon Ascent|p1a: Robert
|-damage|p1a: Robert|0 fnt
|-unboost|p2a: 老烈|def|1
|-unboost|p2a: 老烈|spd|1
|faint|p1a: Robert
|-damage|p2a: 老烈|81/100|[from] item: Life Orb
|
|-weather|DeltaStream|[upkeep]
|upkeep
|
|t:|1667107183
|switch|p1a: Shenron|Rayquaza|100/100
|-ability|p1a: Shenron|Air Lock
|turn|3
|
|t:|1667107191
|detailschange|p1a: Shenron|Rayquaza-Mega
|-mega|p1a: Shenron|Rayquaza|
|move|p1a: Shenron|Extreme Speed|p2a: 老烈
|-damage|p2a: 老烈|4/100
|move|p2a: 老烈|Scale Shot|p1a: Shenron
|-supereffective|p1a: Shenron
|-damage|p1a: Shenron|50/100
|-supereffective|p1a: Shenron
|-damage|p1a: Shenron|0 fnt
|faint|p1a: Shenron
|-hitcount|p1: Shenron|2
|-unboost|p2a: 老烈|def|1
|-boost|p2a: 老烈|spe|1
|-damage|p2a: 老烈|0 fnt|[from] item: Life Orb
|faint|p2a: 老烈
|-weather|none
|
|upkeep
|
|t:|1667107219
|switch|p1a: Butterknife|Zacian-Crowned|100/100
|switch|p2a: 不会(?)|Groudon|100/100
|-ability|p1a: Butterknife|Intrepid Sword|boost
|-boost|p1a: Butterknife|atk|1
|-damage|p2a: 不会(?)|94/100|[from] Stealth Rock
|detailschange|p2a: 不会(?)|Groudon-Primal
|-primal|p2a: 不会(?)
|-weather|DesolateLand|[from] ability: Desolate Land|[of] p2a: 不会(?)
|turn|4
|
|t:|1667107233
|move|p1a: Butterknife|Behemoth Blade|p2a: 不会(?)
|-resisted|p2a: 不会(?)
|-damage|p2a: 不会(?)|75/100
|move|p2a: 不会(?)|Thunder Wave|p1a: Butterknife
|-status|p1a: Butterknife|par
|
|-weather|DesolateLand|[upkeep]
|upkeep
|turn|5
|
|t:|1667107243
|switch|p1a: Medium Rare|Yveltal|100/100
|-ability|p1a: Medium Rare|Dark Aura
|move|p2a: 不会(?)|Stealth Rock|p1a: Medium Rare
|-sidestart|p1: bigbruhdaddy|move: Stealth Rock
|
|-weather|DesolateLand|[upkeep]
|upkeep
|turn|6
|
|t:|1667107255
|-start|p1a: Medium Rare|Dynamax|
|-heal|p1a: Medium Rare|100/100|[silent]
|move|p1a: Medium Rare|Max Darkness|p2a: 不会(?)
|-damage|p2a: 不会(?)|0 fnt
|faint|p2a: 不会(?)
|-weather|none
|-damage|p1a: Medium Rare|96/100|[from] item: Life Orb
|
|upkeep
|
|t:|1667107258
|switch|p2a: 嘉然小姐的狗|Zacian-Crowned|100/100
|-damage|p2a: 嘉然小姐的狗|94/100|[from] Stealth Rock
|-ability|p2a: 嘉然小姐的狗|Intrepid Sword|boost
|-boost|p2a: 嘉然小姐的狗|atk|1
|turn|7
|
|t:|1667107274
|move|p2a: 嘉然小姐的狗|Behemoth Blade|p1a: Medium Rare
|-damage|p1a: Medium Rare|0 fnt
|faint|p1a: Medium Rare
|
|upkeep
|
|t:|1667107280
|switch|p1a: Leviathan|Kyogre|100/100
|-damage|p1a: Leviathan|88/100|[from] Stealth Rock
|-weather|RainDance|[from] ability: Drizzle|[of] p1a: Leviathan
|turn|8
|
|t:|1667107286
|move|p1a: Leviathan|Water Spout|p2a: 嘉然小姐的狗
|-damage|p2a: 嘉然小姐的狗|14/100
|move|p2a: 嘉然小姐的狗|Wild Charge|p1a: Leviathan
|-supereffective|p1a: Leviathan
|-damage|p1a: Leviathan|0 fnt
|faint|p1a: Leviathan
|-damage|p2a: 嘉然小姐的狗|0 fnt|[from] Recoil
|faint|p2a: 嘉然小姐的狗
|
|-weather|RainDance|[upkeep]
|upkeep
|inactive|bigbruhdaddy has 120 seconds left.
|
|t:|1667107306
|switch|p2a: 钢铁之躯|Necrozma-Dusk-Mane|100/100
|switch|p1a: Butterknife|Zacian-Crowned|100/100 par
|-damage|p1a: Butterknife|94/100 par|[from] Stealth Rock
|-ability|p1a: Butterknife|Intrepid Sword|boost
|-boost|p1a: Butterknife|atk|1
|-damage|p2a: 钢铁之躯|94/100|[from] Stealth Rock
|turn|9
|inactive|bigbruhdaddy has 120 seconds left.
|
|t:|1667107322
|move|p1a: Butterknife|Close Combat|p2a: 钢铁之躯
|-damage|p2a: 钢铁之躯|41/100
|-unboost|p1a: Butterknife|def|1
|-unboost|p1a: Butterknife|spd|1
|move|p2a: 钢铁之躯|Dragon Dance|p2a: 钢铁之躯
|-boost|p2a: 钢铁之躯|atk|1
|-boost|p2a: 钢铁之躯|spe|1
|
|-weather|RainDance|[upkeep]
|upkeep
|turn|10
|inactive|bigbruhdaddy has 120 seconds left.
|
|t:|1667107335
|detailschange|p2a: 钢铁之躯|Necrozma-Ultra
|-burst|p2a: 钢铁之躯|Necrozma|Ultranecrozium Z
|move|p2a: 钢铁之躯|Earthquake|p1a: Butterknife
|-supereffective|p1a: Butterknife
|-damage|p1a: Butterknife|0 fnt
|faint|p1a: Butterknife
|
|-weather|RainDance|[upkeep]
|upkeep
|
|t:|1667107345
|switch|p1a: Spookceus|Arceus-Ghost|100/100
|-damage|p1a: Spookceus|88/100|[from] Stealth Rock
|turn|11
|inactive|bigbruhdaddy has 120 seconds left.
|
|t:|1667107350
|-zpower|p2a: 钢铁之躯
|move|p2a: 钢铁之躯|Light That Burns the Sky|p1a: Spookceus|[zeffect]
|-damage|p1a: Spookceus|0 fnt
|faint|p1a: Spookceus
|
|win|CLEAR GEM清瑜
|raw|bigbruhdaddy's rating: 1652 &rarr; <strong>1645</strong><br />(-7 for losing)
|raw|CLEAR GEM清瑜's rating: 1921 &rarr; <strong>1928</strong><br />(+7 for winning)
