|j|☆Lance's Time
|j|☆Tahz
|t:|1665917733
|gametype|singles
|player|p1|Lance's Time|selene-usum|1791
|player|p2|Tahz|veteran|1799
|teamsize|p1|6
|teamsize|p2|6
|gen|8
|tier|[Gen 8] National Dex AG
|rated|
|rule|HP Percentage Mod: HP is shown in percentages
|rule|Endless Battle Clause: Forcing endless battles is banned
|clearpoke
|poke|p1|Arceus-*|
|poke|p1|Arceus-*|
|poke|p1|Arceus-*|
|poke|p1|Zacian-*|
|poke|p1|Groudon|
|poke|p1|Ditto|
|poke|p2|Marshadow|
|poke|p2|Necrozma-Dusk-Mane|
|poke|p2|Arceus-*|
|poke|p2|Ditto|
|poke|p2|Yveltal|
|poke|p2|Arceus-*|
|teampreview
|inactive|Battle timer is ON: inactive players will automatically lose when time's up. (requested by Tahz)
|
|t:|1665917752
|start
|switch|p1a: Groudon|Groudon|100/100
|switch|p2a: Arceus|Arceus-Ground|100/100
|detailschange|p1a: Groudon|Groudon-Primal
|-primal|p1a: Groudon
|-weather|DesolateLand|[from] ability: Desolate Land|[of] p1a: Groudon
|turn|1
|
|t:|1665917761
|-weather|none
|switch|p1a: Arceus|Arceus-Water|100/100
|move|p2a: Arceus|Magic Coat|p2a: Arceus
|-singleturn|p2a: Arceus|move: Magic Coat
|
|upkeep
|turn|2
|
|t:|1665917765
|move|p1a: Arceus|Swords Dance|p1a: Arceus
|-boost|p1a: Arceus|atk|2
|move|p2a: Arceus|Stealth Rock|p1a: Arceus
|-sidestart|p1: Lance's Time|move: Stealth Rock
|
|upkeep
|turn|3
|
|t:|1665917768
|move|p1a: Arceus|Liquidation|p2a: Arceus
|-supereffective|p2a: Arceus
|-damage|p2a: Arceus|12/100
|move|p2a: Arceus|Earthquake|p1a: Arceus
|-damage|p1a: Arceus|63/100
|
|upkeep
|turn|4
|
|t:|1665917771
|move|p1a: Arceus|Recover|p1a: Arceus
|-heal|p1a: Arceus|100/100
|move|p2a: Arceus|Earthquake|p1a: Arceus
|-damage|p1a: Arceus|67/100
|
|upkeep
|turn|5
|j| 123SQZ
|
|t:|1665917774
|move|p1a: Arceus|Recover|p1a: Arceus
|-heal|p1a: Arceus|100/100
|move|p2a: Arceus|Earthquake|p1a: Arceus
|-damage|p1a: Arceus|63/100
|
|upkeep
|turn|6
|
|t:|1665917776
|move|p1a: Arceus|Recover|p1a: Arceus
|-heal|p1a: Arceus|100/100
|move|p2a: Arceus|Earthquake|p1a: Arceus
|-damage|p1a: Arceus|63/100
|
|upkeep
|turn|7
|
|t:|1665917780
|move|p1a: Arceus|Liquidation|p2a: Arceus
|-supereffective|p2a: Arceus
|-damage|p2a: Arceus|0 fnt
|faint|p2a: Arceus
|
|upkeep
|
|t:|1665917785
|switch|p2a: Arceus|Arceus-Electric|100/100
|turn|8
|
|t:|1665917804
|move|p1a: Arceus|Earthquake|p2a: Arceus
|-supereffective|p2a: Arceus
|-damage|p2a: Arceus|7/100
|move|p2a: Arceus|Judgment|p1a: Arceus
|-supereffective|p1a: Arceus
|-damage|p1a: Arceus|0 fnt
|faint|p1a: Arceus
|
|upkeep
|
|t:|1665917808
|switch|p1a: Arceus|Arceus-Ground|100/100
|-damage|p1a: Arceus|94/100|[from] Stealth Rock
|turn|9
|
|t:|1665917812
|move|p2a: Arceus|Ice Beam|p1a: Arceus
|-supereffective|p1a: Arceus
|-damage|p1a: Arceus|54/100
|move|p1a: Arceus|Judgment|p2a: Arceus
|-supereffective|p2a: Arceus
|-damage|p2a: Arceus|0 fnt
|faint|p2a: Arceus
|
|upkeep
|
|t:|1665917816
|switch|p2a: Watch yo tone|Yveltal|100/100
|-ability|p2a: Watch yo tone|Dark Aura
|turn|10
|
|t:|1665917826
|-start|p2a: Watch yo tone|Dynamax|
|-heal|p2a: Watch yo tone|100/100|[silent]
|move|p1a: Arceus|Recover|p1a: Arceus
|-heal|p1a: Arceus|100/100
|move|p2a: Watch yo tone|Max Airstream|p1a: Arceus
|-damage|p1a: Arceus|26/100
|-boost|p2a: Watch yo tone|spe|1
|-damage|p2a: Watch yo tone|96/100|[from] item: Life Orb
|
|upkeep
|turn|11
|j| shanehuang
|
|t:|1665917833
|move|p2a: Watch yo tone|Max Airstream|p1a: Arceus
|-damage|p1a: Arceus|0 fnt
|-boost|p2a: Watch yo tone|spe|1
|faint|p1a: Arceus
|-damage|p2a: Watch yo tone|91/100|[from] item: Life Orb
|
|upkeep
|
|t:|1665917836
|switch|p1a: Groudon|Groudon-Primal|100/100
|-damage|p1a: Groudon|88/100|[from] Stealth Rock
|-weather|DesolateLand|[from] ability: Desolate Land|[of] p1a: Groudon
|turn|12
|
|t:|1665917843
|move|p2a: Watch yo tone|Max Darkness|p1a: Groudon
|-damage|p1a: Groudon|0 fnt
|faint|p1a: Groudon
|-weather|none
|-damage|p2a: Watch yo tone|86/100|[from] item: Life Orb
|
|upkeep
|
|t:|1665917850
|switch|p1a: Arceus|Arceus-Dark|100/100
|-damage|p1a: Arceus|88/100|[from] Stealth Rock
|-end|p2a: Watch yo tone|Dynamax
|-heal|p2a: Watch yo tone|86/100|[silent]
|turn|13
|
|t:|1665917856
|move|p2a: Watch yo tone|Dark Pulse|p1a: Arceus
|-resisted|p1a: Arceus
|-damage|p1a: Arceus|67/100
|-damage|p2a: Watch yo tone|76/100|[from] item: Life Orb
|move|p1a: Arceus|Toxic|p2a: Watch yo tone
|-status|p2a: Watch yo tone|tox
|
|-damage|p2a: Watch yo tone|70/100 tox|[from] psn
|upkeep
|turn|14
|
|t:|1665917861
|move|p2a: Watch yo tone|Oblivion Wing|p1a: Arceus
|-damage|p1a: Arceus|38/100
|-heal|p2a: Watch yo tone|95/100 tox|[from] drain|[of] p1a: Arceus
|-damage|p2a: Watch yo tone|85/100 tox|[from] item: Life Orb
|move|p1a: Arceus|Recover|p1a: Arceus
|-heal|p1a: Arceus|88/100
|
|-damage|p2a: Watch yo tone|73/100 tox|[from] psn
|upkeep
|turn|15
|
|t:|1665917864
|switch|p2a: hello caly|Marshadow|100/100
|move|p1a: Arceus|Judgment|p2a: hello caly
|-damage|p2a: hello caly|41/100
|
|upkeep
|turn|16
|
|t:|1665917869
|switch|p1a: Ditto|Ditto|100/100
|-damage|p1a: Ditto|88/100|[from] Stealth Rock
|-transform|p1a: Ditto|p2a: hello caly|[from] ability: Imposter
|move|p2a: hello caly|Close Combat|p1a: Ditto
|-immune|p1a: Ditto
|
|upkeep
|turn|17
|
|t:|1665917873
|switch|p2a: Watch yo tone|Yveltal|73/100 tox
|-ability|p2a: Watch yo tone|Dark Aura
|move|p1a: Ditto|Shadow Sneak|p2a: Watch yo tone
|-resisted|p2a: Watch yo tone
|-damage|p2a: Watch yo tone|58/100 tox
|
|-damage|p2a: Watch yo tone|52/100 tox|[from] psn
|upkeep
|turn|18
|
|t:|1665917881
|-start|p1a: Ditto|Dynamax|
|-heal|p1a: Ditto|88/100|[silent]
|move|p1a: Ditto|Max Rockfall|p2a: Watch yo tone
|-supereffective|p2a: Watch yo tone
|-crit|p2a: Watch yo tone
|-damage|p2a: Watch yo tone|0 fnt
|-weather|Sandstorm
|faint|p2a: Watch yo tone
|
|-weather|Sandstorm|[upkeep]
|-damage|p1a: Ditto|85/100|[from] Sandstorm
|upkeep
|
|t:|1665917888
|switch|p2a: hello caly|Marshadow|41/100
|turn|19
|
|t:|1665917904
|move|p2a: hello caly|Shadow Sneak|p1a: Ditto
|-supereffective|p1a: Ditto
|-damage|p1a: Ditto|28/100
|-damage|p2a: hello caly|31/100|[from] item: Life Orb
|move|p1a: Ditto|Max Phantasm|p2a: hello caly
|-supereffective|p2a: hello caly
|-crit|p2a: hello caly
|-damage|p2a: hello caly|0 fnt
|faint|p2a: hello caly
|
|-weather|Sandstorm|[upkeep]
|-damage|p1a: Ditto|25/100|[from] Sandstorm
|upkeep
|
|t:|1665917910
|switch|p2a: ._.|Ditto|100/100
|turn|20
|
|t:|1665917921
|switch|p2a: Necrozma|Necrozma-Dusk-Mane|100/100
|move|p1a: Ditto|Max Knuckle|p2a: Necrozma
|-damage|p2a: Necrozma|62/100
|-boost|p1a: Ditto|atk|1
|
|-weather|Sandstorm|[upkeep]
|-damage|p1a: Ditto|22/100|[from] Sandstorm
|upkeep
|-end|p1a: Ditto|Dynamax
|-heal|p1a: Ditto|22/100|[silent]
|turn|21
|
|t:|1665917932
|switch|p2a: ._.|Ditto|100/100
|move|p1a: Ditto|Shadow Sneak|p2a: ._.
|-immune|p2a: ._.
|
|-weather|Sandstorm|[upkeep]
|-damage|p1a: Ditto|16/100|[from] Sandstorm
|-damage|p2a: ._.|94/100|[from] Sandstorm
|upkeep
|turn|22
|
|t:|1665917935
|move|p1a: Ditto|Shadow Sneak|p2a: ._.
|-immune|p2a: ._.
|move|p2a: ._.|Transform||[still]
|-fail|p2a: ._.
|
|-weather|none
|upkeep
|turn|23
|
|t:|1665917938
|move|p1a: Ditto|Shadow Sneak|p2a: ._.
|-immune|p2a: ._.
|move|p2a: ._.|Transform||[still]
|-fail|p2a: ._.
|
|upkeep
|turn|24
|
|t:|1665917941
|move|p1a: Ditto|Shadow Sneak|p2a: ._.
|-immune|p2a: ._.
|move|p2a: ._.|Transform||[still]
|-fail|p2a: ._.
|
|upkeep
|turn|25
|
|t:|1665917945
|switch|p2a: Necrozma|Necrozma-Dusk-Mane|62/100
|-activate|p1a: Ditto|move: Struggle
|move|p1a: Ditto|Struggle|p2a: Necrozma
|-damage|p2a: Necrozma|27/100
|-damage|p1a: Ditto|0 fnt|[from] recoil
|faint|p1a: Ditto
|
|upkeep
|
|t:|1665917948
|switch|p1a: Arceus|Arceus-Dark|88/100
|-damage|p1a: Arceus|75/100|[from] Stealth Rock
|turn|26
|
|t:|1665917955
|detailschange|p2a: Necrozma|Necrozma-Ultra
|-burst|p2a: Necrozma|Necrozma|Ultranecrozium Z
|move|p2a: Necrozma|Earthquake|p1a: Arceus
|-damage|p1a: Arceus|47/100
|move|p1a: Arceus|Judgment|p2a: Necrozma
|-supereffective|p2a: Necrozma
|-damage|p2a: Necrozma|0 fnt
|faint|p2a: Necrozma
|
|upkeep
|
|t:|1665917960
|switch|p2a: ._.|Ditto|94/100
|-transform|p2a: ._.|p1a: Arceus|[from] ability: Imposter
|turn|27
|c|☆Tahz|gg
|c|☆Lance's Time|gg
|
|t:|1665917978
|move|p2a: ._.|Judgment|p1a: Arceus
|-damage|p1a: Arceus|34/100
|move|p1a: Arceus|Recover|p1a: Arceus
|-heal|p1a: Arceus|84/100
|
|upkeep
|turn|28
|
|t:|1665917984
|move|p2a: ._.|Judgment|p1a: Arceus
|-damage|p1a: Arceus|71/100
|move|p1a: Arceus|Toxic|p2a: ._.
|-status|p2a: ._.|tox
|
|-damage|p2a: ._.|88/100 tox|[from] psn
|upkeep
|turn|29
|
|t:|1665917987
|move|p2a: ._.|Judgment|p1a: Arceus
|-damage|p1a: Arceus|58/100
|move|p1a: Arceus|Recover|p1a: Arceus
|-heal|p1a: Arceus|100/100
|
|-damage|p2a: ._.|76/100 tox|[from] psn
|upkeep
|turn|30
|l| shanehuang
|j| shanehuang
|
|t:|1665918005
|move|p2a: ._.|Judgment|p1a: Arceus
|-damage|p1a: Arceus|88/100
|move|p1a: Arceus|Judgment|p2a: ._.
|-resisted|p2a: ._.
|-damage|p2a: ._.|59/100 tox
|
|-damage|p2a: ._.|41/100 tox|[from] psn
|upkeep
|turn|31
|c|☆Tahz|wait are you the former no 1
|l| shanehuang
|c|☆Tahz|or am i mistaking someone else
|
|t:|1665918014
|move|p2a: ._.|Judgment|p1a: Arceus
|-crit|p1a: Arceus
|-damage|p1a: Arceus|68/100
|move|p1a: Arceus|Judgment|p2a: ._.
|-resisted|p2a: ._.
|-damage|p2a: ._.|23/100 tox
|
|-damage|p2a: ._.|0 fnt|[from] psn
|faint|p2a: ._.
|
|win|Lance's Time
|upkeep
|raw|Lance&apos;s Time's rating: 1822 &rarr; <strong>1841</strong><br />(+19 for winning)
|raw|Tahz's rating: 1799 &rarr; <strong>1780</strong><br />(-19 for losing)
|c|☆Lance's Time|ye, lol
|l|☆Tahz
|l|☆Lance's Time
|l| 123SQZ
|j|☆Tahz
|player|p2|Tahz|veteran
