|j|‽Flynn Watson
|j|☆ringlord
|inactive|Battle timer is ON: inactive players will automatically lose when time's up.
|t:|1652270842
|gametype|singles
|player|p1|Flynn Watson|guitarist|
|player|p2|ringlord|170|
|teamsize|p1|6
|teamsize|p2|6
|gen|8
|tier|[Gen 8] National Dex AG
|rated|Tournament battle
|rule|HP Percentage Mod: HP is shown in percentages
|rule|Endless Battle Clause: Forcing endless battles is banned
|clearpoke
|poke|p1|Arceus-*|
|poke|p1|Rayquaza|
|poke|p1|Eternatus|
|poke|p1|Arceus-*|
|poke|p1|Arceus-*|
|poke|p1|Necrozma-Dusk-Mane|
|poke|p2|Rayquaza|
|poke|p2|Groudon|
|poke|p2|Necrozma-Dusk-Mane|
|poke|p2|Arceus-*|
|poke|p2|Zacian-*|
|poke|p2|Arceus-*|
|teampreview
|j| below mid
|
|t:|1652270848
|start
|switch|p1a: Arceus|Arceus-Ground|100/100
|switch|p2a: Zacian|Zacian-Crowned|100/100
|-ability|p2a: Zacian|Intrepid Sword|boost
|-boost|p2a: Zacian|atk|1
|turn|1
|j| C0ld as Ic3
|c|☆ringlord|gl
|c|☆ringlord|hf
|
|t:|1652270856
|move|p2a: Zacian|Behemoth Blade|p1a: Arceus
|-damage|p1a: Arceus|55/100
|move|p1a: Arceus|Judgment|p2a: Zacian
|-supereffective|p2a: Zacian
|-damage|p2a: Zacian|22/100
|
|upkeep
|turn|2
|
|t:|1652270864
|move|p2a: Zacian|Behemoth Blade|p1a: Arceus
|-damage|p1a: Arceus|10/100
|move|p1a: Arceus|Recover|p1a: Arceus
|-heal|p1a: Arceus|60/100
|
|upkeep
|turn|3
|
|t:|1652270869
|move|p2a: Zacian|Crunch|p1a: Arceus
|-damage|p1a: Arceus|36/100
|move|p1a: Arceus|Recover|p1a: Arceus
|-heal|p1a: Arceus|86/100
|
|upkeep
|turn|4
|
|t:|1652270873
|switch|p1a: Necrozma|Necrozma-Dusk-Mane|100/100
|move|p2a: Zacian|Behemoth Blade|p1a: Necrozma
|-resisted|p1a: Necrozma
|-damage|p1a: Necrozma|75/100
|-damage|p2a: Zacian|5/100|[from] item: Rocky Helmet|[of] p1a: Necrozma
|
|upkeep
|turn|5
|
|t:|1652270878
|move|p2a: Zacian|Crunch|p1a: Necrozma
|-supereffective|p1a: Necrozma
|-damage|p1a: Necrozma|34/100
|-damage|p2a: Zacian|0 fnt|[from] item: Rocky Helmet|[of] p1a: Necrozma
|faint|p2a: Zacian
|move|p1a: Necrozma|Moonlight|p1a: Necrozma
|-heal|p1a: Necrozma|84/100
|
|upkeep
|
|t:|1652270888
|switch|p2a: Help I'm burning|Groudon|100/100
|detailschange|p2a: Help I'm burning|Groudon-Primal
|-primal|p2a: Help I'm burning
|-weather|DesolateLand|[from] ability: Desolate Land|[of] p2a: Help I'm burning
|turn|6
|
|t:|1652270894
|switch|p1a: Arceus|Arceus-Ground|86/100
|move|p2a: Help I'm burning|Stealth Rock|p1a: Arceus
|-sidestart|p1: Flynn Watson|move: Stealth Rock
|
|-weather|DesolateLand|[upkeep]
|upkeep
|turn|7
|
|t:|1652270897
|move|p1a: Arceus|Judgment|p2a: Help I'm burning
|-supereffective|p2a: Help I'm burning
|-damage|p2a: Help I'm burning|6/100
|move|p2a: Help I'm burning|Fire Punch|p1a: Arceus
|-damage|p1a: Arceus|42/100
|
|-weather|DesolateLand|[upkeep]
|upkeep
|turn|8
|
|t:|1652270900
|move|p1a: Arceus|Recover|p1a: Arceus
|-heal|p1a: Arceus|92/100
|move|p2a: Help I'm burning|Fire Punch|p1a: Arceus
|-damage|p1a: Arceus|55/100
|
|-weather|DesolateLand|[upkeep]
|upkeep
|turn|9
|j| Nooneisthebest
|
|t:|1652270904
|move|p1a: Arceus|Recover|p1a: Arceus
|-heal|p1a: Arceus|100/100
|move|p2a: Help I'm burning|Fire Punch|p1a: Arceus
|-damage|p1a: Arceus|63/100
|
|-weather|DesolateLand|[upkeep]
|upkeep
|turn|10
|
|t:|1652270907
|move|p1a: Arceus|Judgment|p2a: Help I'm burning
|-supereffective|p2a: Help I'm burning
|-damage|p2a: Help I'm burning|0 fnt
|faint|p2a: Help I'm burning
|-weather|none
|
|upkeep
|
|t:|1652270912
|switch|p2a: It's Holding Lum|Rayquaza|100/100
|-ability|p2a: It's Holding Lum|Air Lock
|turn|11
|j| LaprasPlayer
|
|t:|1652270935
|detailschange|p2a: It's Holding Lum|Rayquaza-Mega
|-mega|p2a: It's Holding Lum|Rayquaza|
|-weather|DeltaStream|[from] ability: Delta Stream|[of] p2a: It's Holding Lum
|move|p2a: It's Holding Lum|Dragon Ascent|p1a: Arceus
|-crit|p1a: Arceus
|-damage|p1a: Arceus|0 fnt
|-unboost|p2a: It's Holding Lum|def|1
|-unboost|p2a: It's Holding Lum|spd|1
|faint|p1a: Arceus
|-damage|p2a: It's Holding Lum|91/100|[from] item: Life Orb
|
|-weather|DeltaStream|[upkeep]
|upkeep
|
|t:|1652270942
|switch|p1a: Arceus|Arceus-Electric|100/100
|-damage|p1a: Arceus|88/100|[from] Stealth Rock
|turn|12
|
|t:|1652270956
|-weather|none
|switch|p2a: Ban Calyrex pls|Arceus-Dark|100/100
|move|p1a: Arceus|Ice Beam|p2a: Ban Calyrex pls
|-damage|p2a: Ban Calyrex pls|85/100
|
|upkeep
|turn|13
|
|t:|1652270961
|move|p1a: Arceus|Calm Mind|p1a: Arceus
|-boost|p1a: Arceus|spa|1
|-boost|p1a: Arceus|spd|1
|move|p2a: Ban Calyrex pls|Toxic|p1a: Arceus|[miss]
|-miss|p2a: Ban Calyrex pls|p1a: Arceus
|
|upkeep
|turn|14
|
|t:|1652270974
|move|p1a: Arceus|Judgment|p2a: Ban Calyrex pls
|-damage|p2a: Ban Calyrex pls|38/100
|move|p2a: Ban Calyrex pls|Roar|p1a: Arceus
|drag|p1a: Arceus|Arceus-Dark|100/100
|-damage|p1a: Arceus|88/100|[from] Stealth Rock
|
|upkeep
|turn|15
|
|t:|1652270981
|switch|p1a: Rayquaza|Rayquaza|100/100
|-damage|p1a: Rayquaza|76/100|[from] Stealth Rock
|-ability|p1a: Rayquaza|Air Lock
|move|p2a: Ban Calyrex pls|Toxic|p1a: Rayquaza|[miss]
|-miss|p2a: Ban Calyrex pls|p1a: Rayquaza
|
|upkeep
|turn|16
|c|☆ringlord|wow
|c|☆ringlord|just wow
|c|☆ringlord|Dude is literally blind
|inactive|ringlord has 120 seconds left.
|l| below mid
|
|t:|1652271015
|detailschange|p1a: Rayquaza|Rayquaza-Mega
|-mega|p1a: Rayquaza|Rayquaza|
|-weather|DeltaStream|[from] ability: Delta Stream|[of] p1a: Rayquaza
|move|p1a: Rayquaza|V-create|p2a: Ban Calyrex pls|[miss]
|-miss|p1a: Rayquaza|p2a: Ban Calyrex pls
|move|p2a: Ban Calyrex pls|Roar|p1a: Rayquaza
|-weather|none
|drag|p1a: Arceus|Arceus-Dark|88/100
|-damage|p1a: Arceus|76/100|[from] Stealth Rock
|
|upkeep
|turn|17
|j| iuhbhjb
|inactive|ringlord has 120 seconds left.
|c|☆ringlord|looks like everyone is blind
|
|t:|1652271030
|switch|p1a: Eternatus|Eternatus|100/100
|-damage|p1a: Eternatus|88/100|[from] Stealth Rock
|-ability|p1a: Eternatus|Pressure
|move|p2a: Ban Calyrex pls|Toxic|p1a: Eternatus
|-immune|p1a: Eternatus
|
|-heal|p1a: Eternatus|94/100|[from] item: Black Sludge
|upkeep
|turn|18
|
|t:|1652271039
|move|p1a: Eternatus|Toxic|p2a: Ban Calyrex pls
|-status|p2a: Ban Calyrex pls|tox
|move|p2a: Ban Calyrex pls|Roar|p1a: Eternatus
|drag|p1a: Necrozma|Necrozma-Dusk-Mane|84/100
|-damage|p1a: Necrozma|78/100|[from] Stealth Rock
|
|-damage|p2a: Ban Calyrex pls|32/100 tox|[from] psn
|upkeep
|turn|19
|
|t:|1652271048
|switch|p1a: Arceus|Arceus-Dark|76/100
|-damage|p1a: Arceus|63/100|[from] Stealth Rock
|move|p2a: Ban Calyrex pls|Judgment|p1a: Arceus
|-resisted|p1a: Arceus
|-damage|p1a: Arceus|48/100
|
|-damage|p2a: Ban Calyrex pls|19/100 tox|[from] psn
|upkeep
|turn|20
|
|t:|1652271052
|move|p1a: Arceus|Recover|p1a: Arceus
|-heal|p1a: Arceus|98/100
|move|p2a: Ban Calyrex pls|Toxic|p1a: Arceus
|-status|p1a: Arceus|tox
|
|-damage|p1a: Arceus|92/100 tox|[from] psn
|-damage|p2a: Ban Calyrex pls|1/100 tox|[from] psn
|upkeep
|turn|21
|
|t:|1652271059
|move|p1a: Arceus|Refresh|p1a: Arceus
|-curestatus|p1a: Arceus|tox|[msg]
|move|p2a: Ban Calyrex pls|Toxic|p1a: Arceus
|-status|p1a: Arceus|tox
|
|-damage|p1a: Arceus|86/100 tox|[from] psn
|-damage|p2a: Ban Calyrex pls|0 fnt|[from] psn
|faint|p2a: Ban Calyrex pls
|upkeep
|
|t:|1652271065
|switch|p2a: It's Holding Lum|Rayquaza-Mega|91/100
|-weather|DeltaStream|[from] ability: Delta Stream|[of] p2a: It's Holding Lum
|turn|22
|
|t:|1652271070
|switch|p1a: Necrozma|Necrozma-Dusk-Mane|78/100
|-damage|p1a: Necrozma|72/100|[from] Stealth Rock
|move|p2a: It's Holding Lum|Dragon Dance|p2a: It's Holding Lum
|-boost|p2a: It's Holding Lum|atk|1
|-boost|p2a: It's Holding Lum|spe|1
|
|-weather|DeltaStream|[upkeep]
|upkeep
|turn|23
|
|t:|1652271074
|-start|p1a: Necrozma|Dynamax|
|-heal|p1a: Necrozma|72/100|[silent]
|move|p2a: It's Holding Lum|Earthquake|p1a: Necrozma
|-supereffective|p1a: Necrozma
|-damage|p1a: Necrozma|36/100
|-damage|p2a: It's Holding Lum|81/100|[from] item: Life Orb
|move|p1a: Necrozma|Max Steelspike|p2a: It's Holding Lum
|-damage|p2a: It's Holding Lum|17/100
|-boost|p1a: Necrozma|def|1
|
|-weather|DeltaStream|[upkeep]
|upkeep
|turn|24
|
|t:|1652271078
|move|p2a: It's Holding Lum|Earthquake|p1a: Necrozma
|-supereffective|p1a: Necrozma
|-damage|p1a: Necrozma|9/100
|-damage|p2a: It's Holding Lum|7/100|[from] item: Life Orb
|move|p1a: Necrozma|Max Steelspike|p2a: It's Holding Lum
|-damage|p2a: It's Holding Lum|0 fnt
|-boost|p1a: Necrozma|def|1
|faint|p2a: It's Holding Lum
|-weather|none
|
|upkeep
|
|t:|1652271093
|switch|p2a: I Used to be King|Arceus|100/100
|turn|25
|n| mid fr|iuhbhjb
|
|t:|1652271096
|move|p2a: I Used to be King|Earthquake|p1a: Necrozma
|-supereffective|p1a: Necrozma
|-damage|p1a: Necrozma|1/100
|move|p1a: Necrozma|Max Steelspike|p2a: I Used to be King
|-crit|p2a: I Used to be King
|-damage|p2a: I Used to be King|40/100
|-boost|p1a: Necrozma|def|1
|
|upkeep
|-end|p1a: Necrozma|Dynamax
|-heal|p1a: Necrozma|1/100|[silent]
|turn|26
|
|t:|1652271103
|move|p2a: I Used to be King|Earthquake|p1a: Necrozma
|-supereffective|p1a: Necrozma
|-damage|p1a: Necrozma|0 fnt
|faint|p1a: Necrozma
|
|upkeep
|
|t:|1652271108
|switch|p1a: Rayquaza|Rayquaza-Mega|76/100
|-damage|p1a: Rayquaza|51/100|[from] Stealth Rock
|-weather|DeltaStream|[from] ability: Delta Stream|[of] p1a: Rayquaza
|turn|27
|
|t:|1652271113
|move|p2a: I Used to be King|Extreme Speed|p1a: Rayquaza
|-damage|p1a: Rayquaza|7/100
|move|p1a: Rayquaza|Dragon Ascent|p2a: I Used to be King
|-damage|p2a: I Used to be King|0 fnt
|-unboost|p1a: Rayquaza|def|1
|-unboost|p1a: Rayquaza|spd|1
|faint|p2a: I Used to be King
|-damage|p1a: Rayquaza|0 fnt|[from] item: Life Orb
|faint|p1a: Rayquaza
|-weather|none
|
|upkeep
|
|t:|1652271121
|switch|p1a: Arceus|Arceus-Electric|88/100
|switch|p2a: Ultra Necro Thingy|Necrozma-Dusk-Mane|100/100
|-damage|p1a: Arceus|76/100|[from] Stealth Rock
|turn|28
|
|t:|1652271126
|move|p1a: Arceus|Judgment|p2a: Ultra Necro Thingy
|-damage|p2a: Ultra Necro Thingy|49/100
|move|p2a: Ultra Necro Thingy|Autotomize|p2a: Ultra Necro Thingy
|-boost|p2a: Ultra Necro Thingy|spe|2
|-start|p2a: Ultra Necro Thingy|Autotomize
|
|upkeep
|turn|29
|
|t:|1652271129
|-start|p2a: Ultra Necro Thingy|Dynamax|
|-heal|p2a: Ultra Necro Thingy|49/100|[silent]
|move|p2a: Ultra Necro Thingy|Max Quake|p1a: Arceus
|-supereffective|p1a: Arceus
|-damage|p1a: Arceus|0 fnt
|-boost|p2a: Ultra Necro Thingy|spd|1
|faint|p1a: Arceus
|
|upkeep
|
|t:|1652271136
|switch|p1a: Eternatus|Eternatus|94/100
|-damage|p1a: Eternatus|82/100|[from] Stealth Rock
|-ability|p1a: Eternatus|Pressure
|turn|30
|
|t:|1652271140
|move|p2a: Ultra Necro Thingy|Max Quake|p1a: Eternatus
|-supereffective|p1a: Eternatus
|-damage|p1a: Eternatus|0 fnt
|-boost|p2a: Ultra Necro Thingy|spd|1
|faint|p1a: Eternatus
|
|upkeep
|
|t:|1652271143
|switch|p1a: Arceus|Arceus-Dark|86/100 tox
|-damage|p1a: Arceus|73/100 tox|[from] Stealth Rock
|turn|31
|
|t:|1652271146
|move|p2a: Ultra Necro Thingy|Max Steelspike|p1a: Arceus
|-damage|p1a: Arceus|30/100 tox
|-boost|p2a: Ultra Necro Thingy|def|1
|move|p1a: Arceus|Recover|p1a: Arceus
|-heal|p1a: Arceus|80/100 tox
|
|-damage|p1a: Arceus|74/100 tox|[from] psn
|upkeep
|-end|p2a: Ultra Necro Thingy|Dynamax
|-heal|p2a: Ultra Necro Thingy|49/100|[silent]
|turn|32
|
|t:|1652271157
|move|p2a: Ultra Necro Thingy|Sunsteel Strike|p1a: Arceus
|-damage|p1a: Arceus|43/100 tox
|move|p1a: Arceus|Judgment|p2a: Ultra Necro Thingy
|-supereffective|p2a: Ultra Necro Thingy
|-damage|p2a: Ultra Necro Thingy|18/100
|-enditem|p2a: Ultra Necro Thingy|Weakness Policy
|-boost|p2a: Ultra Necro Thingy|atk|2|[from] item: Weakness Policy
|-boost|p2a: Ultra Necro Thingy|spa|2|[from] item: Weakness Policy
|
|-damage|p1a: Arceus|30/100 tox|[from] psn
|upkeep
|turn|33
|
|t:|1652271164
|move|p2a: Ultra Necro Thingy|Sunsteel Strike|p1a: Arceus
|-damage|p1a: Arceus|0 fnt
|faint|p1a: Arceus
|
|win|ringlord
|n|‽Flynn Watson|flynnwatson
|n|☆ringlord|ringlord
|n| C0ld as Ic3|c0ldasic3
|n| Nooneisthebest|nooneisthebest
|n| LaprasPlayer|laprasplayer
|n| mid fr|midfr
