|j|☆LudiZaboodi
|j|☆Adil
|t:|1642811236
|gametype|singles
|player|p1|LudiZaboodi|zinnia|1625
|player|p2|Adil|2|1949
|teamsize|p1|6
|teamsize|p2|6
|gen|8
|tier|[Gen 8] National Dex AG
|rated|
|rule|HP Percentage Mod: HP is shown in percentages
|rule|Endless Battle Clause: Forcing endless battles is banned
|clearpoke
|poke|p1|Groudon|
|poke|p1|Calyrex-Shadow|
|poke|p1|Arceus-*|
|poke|p1|Genesect|
|poke|p1|Xerneas-*|
|poke|p1|Ditto|
|poke|p2|Zygarde|
|poke|p2|Calyrex-Shadow|
|poke|p2|Zacian-*|
|poke|p2|Rayquaza|
|poke|p2|Tyranitar, F|
|poke|p2|Arceus-*|
|teampreview
|inactive|Battle timer is ON: inactive players will automatically lose when time's up. (requested by LudiZaboodi)
|
|t:|1642811266
|start
|switch|p1a: Groudon|Groudon, shiny|100/100
|switch|p2a: Rayquaza|Rayquaza|100/100
|-ability|p2a: Rayquaza|Air Lock
|detailschange|p1a: Groudon|Groudon-Primal, shiny
|-primal|p1a: Groudon
|-weather|DesolateLand|[from] ability: Desolate Land|[of] p1a: Groudon
|turn|1
|
|t:|1642811269
|detailschange|p2a: Rayquaza|Rayquaza-Mega
|-mega|p2a: Rayquaza|Rayquaza|
|-weather|DeltaStream|[from] ability: Delta Stream|[of] p2a: Rayquaza
|move|p2a: Rayquaza|Draco Meteor|p1a: Groudon
|-damage|p1a: Groudon|24/100
|-unboost|p2a: Rayquaza|spa|2
|move|p1a: Groudon|Stealth Rock|p2a: Rayquaza
|-sidestart|p2: Adil|move: Stealth Rock
|
|-weather|DeltaStream|[upkeep]
|upkeep
|turn|2
|
|t:|1642811286
|move|p2a: Rayquaza|Dragon Ascent|p1a: Groudon
|-damage|p1a: Groudon|0 fnt
|-unboost|p2a: Rayquaza|def|1
|-unboost|p2a: Rayquaza|spd|1
|faint|p1a: Groudon
|
|-weather|DeltaStream|[upkeep]
|upkeep
|
|t:|1642811293
|switch|p1a: Genesect|Genesect, shiny|100/100
|-ability|p1a: Genesect|Download|boost
|-boost|p1a: Genesect|atk|1
|turn|3
|
|t:|1642811301
|-start|p1a: Genesect|Dynamax
|-heal|p1a: Genesect|100/100|[silent]
|move|p2a: Rayquaza|Dragon Ascent|p1a: Genesect
|-damage|p1a: Genesect|44/100
|-unboost|p2a: Rayquaza|def|1
|-unboost|p2a: Rayquaza|spd|1
|move|p1a: Genesect|Max Steelspike|p2a: Rayquaza
|-enditem|p2a: Rayquaza|Focus Sash
|-damage|p2a: Rayquaza|1/100
|-boost|p1a: Genesect|def|1
|
|-weather|DeltaStream|[upkeep]
|upkeep
|turn|4
|
|t:|1642811317
|move|p2a: Rayquaza|V-create|p1a: Genesect
|-supereffective|p1a: Genesect
|-damage|p1a: Genesect|0 fnt
|-unboost|p2a: Rayquaza|spe|1
|-unboost|p2a: Rayquaza|def|1
|-unboost|p2a: Rayquaza|spd|1
|faint|p1a: Genesect
|
|-weather|DeltaStream|[upkeep]
|upkeep
|
|t:|1642811320
|switch|p1a: Xerneas|Xerneas, shiny|100/100
|-ability|p1a: Xerneas|Fairy Aura
|turn|5
|
|t:|1642811322
|move|p1a: Xerneas|Geomancy||[still]
|-prepare|p1a: Xerneas|Geomancy
|-enditem|p1a: Xerneas|Power Herb
|-anim|p1a: Xerneas|Geomancy|p1a: Xerneas
|-boost|p1a: Xerneas|spa|2
|-boost|p1a: Xerneas|spd|2
|-boost|p1a: Xerneas|spe|2
|move|p2a: Rayquaza|Dragon Ascent|p1a: Xerneas
|-crit|p1a: Xerneas
|-damage|p1a: Xerneas|0 fnt
|-unboost|p2a: Rayquaza|def|1
|-unboost|p2a: Rayquaza|spd|1
|faint|p1a: Xerneas
|
|-weather|DeltaStream|[upkeep]
|upkeep
|inactive|LudiZaboodi has 120 seconds left.
|
|t:|1642811375
|switch|p1a: Ditto|Ditto|100/100
|-transform|p1a: Ditto|p2a: Rayquaza|[from] ability: Imposter
|turn|6
|inactive|Adil has 120 seconds left.
|
|t:|1642811419
|move|p1a: Ditto|Extreme Speed|p2a: Rayquaza
|-crit|p2a: Rayquaza
|-damage|p2a: Rayquaza|0 fnt
|faint|p2a: Rayquaza
|
|-weather|DeltaStream|[upkeep]
|upkeep
|
|t:|1642811432
|switch|p2a: Tyranitar|Tyranitar, F|100/100
|-damage|p2a: Tyranitar|88/100|[from] Stealth Rock
|-ability|p2a: Tyranitar|Sand Stream|[from] deltastream|[fail]
|turn|7
|inactive|LudiZaboodi has 90 seconds left.
|
|t:|1642811471
|move|p1a: Ditto|Extreme Speed|p2a: Tyranitar
|-resisted|p2a: Tyranitar
|-damage|p2a: Tyranitar|73/100
|move|p2a: Tyranitar|Pursuit|p1a: Ditto
|-crit|p1a: Ditto
|-damage|p1a: Ditto|5/100
|
|-weather|DeltaStream|[upkeep]
|-heal|p2a: Tyranitar|79/100|[from] item: Leftovers
|upkeep
|turn|8
|inactive|Adil has 120 seconds left.
|
|t:|1642811479
|move|p1a: Ditto|Extreme Speed|p2a: Tyranitar
|-resisted|p2a: Tyranitar
|-damage|p2a: Tyranitar|65/100
|move|p2a: Tyranitar|Stealth Rock|p1a: Ditto
|-sidestart|p1: LudiZaboodi|move: Stealth Rock
|
|-weather|DeltaStream|[upkeep]
|-heal|p2a: Tyranitar|71/100|[from] item: Leftovers
|upkeep
|turn|9
|
|t:|1642811484
|-activate|p1a: Ditto|move: Pursuit
|move|p2a: Tyranitar|Pursuit|p1a: Ditto|[from]Pursuit
|-damage|p1a: Ditto|0 fnt
|faint|p1a: Ditto
|-weather|none
|-hint|A Pokemon can't switch between when it runs out of HP and when it faints
|
|-heal|p2a: Tyranitar|77/100|[from] item: Leftovers
|upkeep
|
|t:|1642811489
|switch|p1a: Arceus|Arceus-Dark, shiny|100/100
|-damage|p1a: Arceus|88/100|[from] Stealth Rock
|turn|10
|
|t:|1642811504
|switch|p2a: Zacian|Zacian-Crowned|100/100
|-damage|p2a: Zacian|94/100|[from] Stealth Rock
|-ability|p2a: Zacian|Intrepid Sword|boost
|-boost|p2a: Zacian|atk|1
|move|p1a: Arceus|Defog|p2a: Zacian
|-unboost|p2a: Zacian|evasion|1
|-sideend|p2: Adil|Stealth Rock|[from] move: Defog|[of] p1a: Arceus
|-sideend|p1: LudiZaboodi|Stealth Rock|[from] move: Defog|[of] p1a: Arceus
|
|upkeep
|turn|11
|
|t:|1642811524
|move|p2a: Zacian|Play Rough|p1a: Arceus
|-supereffective|p1a: Arceus
|-damage|p1a: Arceus|0 fnt
|faint|p1a: Arceus
|
|upkeep
|
|t:|1642811527
|switch|p1a: Calyrex|Calyrex-Shadow|100/100
|-ability|p1a: Calyrex|As One
|-ability|p1a: Calyrex|Unnerve
|turn|12
|
|t:|1642811543
|switch|p2a: Tyranitar|Tyranitar, F|77/100
|-weather|Sandstorm|[from] ability: Sand Stream|[of] p2a: Tyranitar
|move|p1a: Calyrex|Nasty Plot|p1a: Calyrex
|-boost|p1a: Calyrex|spa|2
|
|-weather|Sandstorm|[upkeep]
|-damage|p1a: Calyrex|94/100|[from] Sandstorm
|-heal|p2a: Tyranitar|84/100|[from] item: Leftovers
|upkeep
|turn|13
|
|t:|1642811548
|move|p1a: Calyrex|Draining Kiss|p2a: Tyranitar
|-supereffective|p2a: Tyranitar
|-damage|p2a: Tyranitar|47/100
|-heal|p1a: Calyrex|100/100|[from] drain|[of] p2a: Tyranitar
|move|p2a: Tyranitar|Pursuit|p1a: Calyrex
|-supereffective|p1a: Calyrex
|-damage|p1a: Calyrex|16/100
|
|-weather|Sandstorm|[upkeep]
|-damage|p1a: Calyrex|10/100|[from] Sandstorm
|-heal|p2a: Tyranitar|53/100|[from] item: Leftovers
|upkeep
|turn|14
|inactive|LudiZaboodi has 120 seconds left.
|
|t:|1642811555
|move|p1a: Calyrex|Astral Barrage|p2a: Tyranitar
|-resisted|p2a: Tyranitar
|-damage|p2a: Tyranitar|21/100
|move|p2a: Tyranitar|Pursuit|p1a: Calyrex
|-supereffective|p1a: Calyrex
|-damage|p1a: Calyrex|0 fnt
|faint|p1a: Calyrex
|
|win|Adil
|raw|LudiZaboodi's rating: 1643 &rarr; <strong>1637</strong><br />(-6 for losing)
|raw|Adil's rating: 1949 &rarr; <strong>1955</strong><br />(+6 for winning)
|l|☆Adil
|c|☆LudiZaboodi|oh my gosh
|c|☆LudiZaboodi|i didnt realize u were 1950
