|j|☆fenglinger
|j|☆YLong
|t:|1668672103
|gametype|singles
|player|p1|fenglinger|hilda-wonderlauncher|
|player|p2|YLong|darach-caitlin|
|teamsize|p1|6
|teamsize|p2|6
|gen|8
|tier|[Gen 8] National Dex AG
|rule|HP Percentage Mod: HP is shown in percentages
|rule|Endless Battle Clause: Forcing endless battles is banned
|clearpoke
|poke|p1|Slowking-Galar, M|
|poke|p1|Tapu Lele|
|poke|p1|Rotom-Wash|
|poke|p1|Metagross|
|poke|p1|Ferrothorn, M|
|poke|p1|Espeon, F|
|poke|p2|Xurkitree|
|poke|p2|Grimmsnarl, M|
|poke|p2|Silvally-*|
|poke|p2|Slurpuff, F|
|poke|p2|Galvantula, F|
|poke|p2|Naganadel|
|teampreview
|
|t:|1668672117
|start
|switch|p1a: Espeon|Espeon, F|100/100
|switch|p2a: Galvantula|Galvantula, F|100/100
|turn|1
|j| sikongbuxie
|j| lejiangcaibi
|
|t:|1668672124
|move|p1a: Espeon|Yawn|p2a: Galvantula
|-start|p2a: Galvantula|move: Yawn|[of] p1a: Espeon
|move|p2a: Galvantula|Bug Buzz|p1a: Espeon
|-supereffective|p1a: Espeon
|-damage|p1a: Espeon|15/100
|-unboost|p1a: Espeon|spd|1
|
|upkeep
|turn|2
|
|t:|1668672138
|switch|p2a: Grimmsnarl|Grimmsnarl, M|100/100
|move|p1a: Espeon|Light Screen|p1a: Espeon
|-sidestart|p1: fenglinger|move: Light Screen
|
|upkeep
|turn|3
|
|t:|1668672181
|switch|p1a: Ferrothorn|Ferrothorn, M|100/100
|move|p2a: Grimmsnarl|Light Screen|p2a: Grimmsnarl
|-sidestart|p2: YLong|move: Light Screen
|
|upkeep
|turn|4
|
|t:|1668672187
|switch|p2a: Galvantula|Galvantula, F|100/100
|move|p1a: Ferrothorn|Stealth Rock|p2a: Galvantula
|-sidestart|p2: YLong|move: Stealth Rock
|
|upkeep
|turn|5
|
|t:|1668672201
|switch|p1a: Espeon|Espeon, F|15/100
|move|p2a: Galvantula|Sticky Web|p1a: Espeon
|move|p1a: Espeon|Sticky Web|p2a: Galvantula|[from]ability: Magic Bounce
|-sidestart|p2: YLong|move: Sticky Web
|
|upkeep
|turn|6
|
|t:|1668672210
|move|p1a: Espeon|Reflect|p1a: Espeon
|-sidestart|p1: fenglinger|Reflect
|move|p2a: Galvantula|Bug Buzz|p1a: Espeon
|-supereffective|p1a: Espeon
|-damage|p1a: Espeon|0 fnt
|faint|p1a: Espeon
|
|upkeep
|
|t:|1668672265
|switch|p1a: Metagross|Metagross|100/100
|turn|7
|
|t:|1668672271
|detailschange|p1a: Metagross|Metagross-Mega
|-mega|p1a: Metagross|Metagross|Metagrossite
|move|p1a: Metagross|Agility|p1a: Metagross
|-boost|p1a: Metagross|spe|2
|move|p2a: Galvantula|Thunder Wave|p1a: Metagross
|-status|p1a: Metagross|par
|
|upkeep
|turn|8
|
|t:|1668672281
|switch|p2a: Silvally|Silvally, shiny|100/100
|-damage|p2a: Silvally|88/100|[from] Stealth Rock
|-activate|p2a: Silvally|move: Sticky Web
|-unboost|p2a: Silvally|spe|1
|move|p1a: Metagross|Earthquake|p2a: Silvally
|-damage|p2a: Silvally|59/100
|
|upkeep
|turn|9
|
|t:|1668672316
|move|p1a: Metagross|Meteor Mash|p2a: Silvally
|-crit|p2a: Silvally
|-damage|p2a: Silvally|0 fnt
|faint|p2a: Silvally
|
|-sideend|p1: fenglinger|move: Light Screen
|upkeep
|c|☆YLong|？
|
|t:|1668672331
|switch|p2a: Galvantula|Galvantula, F|100/100
|-damage|p2a: Galvantula|76/100|[from] Stealth Rock
|-activate|p2a: Galvantula|move: Sticky Web
|-unboost|p2a: Galvantula|spe|1
|turn|10
|
|t:|1668672339
|move|p1a: Metagross|Earthquake|p2a: Galvantula
|-damage|p2a: Galvantula|0 fnt
|faint|p2a: Galvantula
|
|-sideend|p2: YLong|move: Light Screen
|upkeep
|
|t:|1668672350
|switch|p2a: Grimmsnarl|Grimmsnarl, M|100/100
|-damage|p2a: Grimmsnarl|88/100|[from] Stealth Rock
|-activate|p2a: Grimmsnarl|move: Sticky Web
|-unboost|p2a: Grimmsnarl|spe|1
|turn|11
|
|t:|1668672364
|move|p2a: Grimmsnarl|Reflect|p2a: Grimmsnarl
|-sidestart|p2: YLong|Reflect
|cant|p1a: Metagross|par
|
|upkeep
|turn|12
|
|t:|1668672371
|move|p2a: Grimmsnarl|Taunt|p1a: Metagross
|-start|p1a: Metagross|move: Taunt
|move|p1a: Metagross|Meteor Mash|p2a: Grimmsnarl
|-supereffective|p2a: Grimmsnarl
|-damage|p2a: Grimmsnarl|15/100
|
|upkeep
|turn|13
|
|t:|1668672378
|move|p2a: Grimmsnarl|Light Screen|p2a: Grimmsnarl
|-sidestart|p2: YLong|move: Light Screen
|move|p1a: Metagross|Meteor Mash|p2a: Grimmsnarl
|-supereffective|p2a: Grimmsnarl
|-damage|p2a: Grimmsnarl|0 fnt
|faint|p2a: Grimmsnarl
|
|-sideend|p1: fenglinger|Reflect
|upkeep
|
|t:|1668672391
|switch|p2a: 打爆妖精的狗头|Naganadel, shiny|100/100
|-damage|p2a: 打爆妖精的狗头|88/100|[from] Stealth Rock
|-activate|p2a: 打爆妖精的狗头|move: Sticky Web
|-unboost|p2a: 打爆妖精的狗头|spe|1
|turn|14
|
|t:|1668672442
|-start|p2a: 打爆妖精的狗头|Dynamax|
|-heal|p2a: 打爆妖精的狗头|88/100|[silent]
|move|p1a: Metagross|Ice Punch|p2a: 打爆妖精的狗头
|-supereffective|p2a: 打爆妖精的狗头
|-damage|p2a: 打爆妖精的狗头|61/100
|move|p2a: 打爆妖精的狗头|Max Airstream|p1a: Metagross
|-resisted|p1a: Metagross
|-damage|p1a: Metagross|75/100 par
|-boost|p2a: 打爆妖精的狗头|spe|1
|
|-end|p1a: Metagross|move: Taunt
|upkeep
|turn|15
|
|t:|1668672476
|move|p1a: Metagross|Ice Punch|p2a: 打爆妖精的狗头
|-supereffective|p2a: 打爆妖精的狗头
|-damage|p2a: 打爆妖精的狗头|31/100
|move|p2a: 打爆妖精的狗头|Max Airstream|p1a: Metagross
|-resisted|p1a: Metagross
|-damage|p1a: Metagross|52/100 par
|-boost|p2a: 打爆妖精的狗头|spe|1
|
|upkeep
|turn|16
|
|t:|1668672494
|move|p2a: 打爆妖精的狗头|Max Flare|p1a: Metagross
|-supereffective|p1a: Metagross
|-damage|p1a: Metagross|0 fnt
|-weather|SunnyDay
|faint|p1a: Metagross
|-ability|p2a: 打爆妖精的狗头|Beast Boost|boost
|-boost|p2a: 打爆妖精的狗头|spa|1
|
|-weather|SunnyDay|[upkeep]
|upkeep
|
|t:|1668672515
|switch|p1a: Slowking|Slowking-Galar, M|100/100
|-end|p2a: 打爆妖精的狗头|Dynamax
|-heal|p2a: 打爆妖精的狗头|31/100|[silent]
|turn|17
|
|t:|1668672525
|move|p2a: 打爆妖精的狗头|Flamethrower|p1a: Slowking
|-damage|p1a: Slowking|53/100
|move|p1a: Slowking|Ice Beam|p2a: 打爆妖精的狗头
|-supereffective|p2a: 打爆妖精的狗头
|-damage|p2a: 打爆妖精的狗头|0 fnt
|faint|p2a: 打爆妖精的狗头
|
|-weather|SunnyDay|[upkeep]
|upkeep
|
|t:|1668672532
|switch|p2a: Xurkitree|Xurkitree|100/100
|-damage|p2a: Xurkitree|88/100|[from] Stealth Rock
|-activate|p2a: Xurkitree|move: Sticky Web
|-unboost|p2a: Xurkitree|spe|1
|turn|18
|
|t:|1668672570
|-start|p1a: Slowking|Dynamax|
|-heal|p1a: Slowking|53/100|[silent]
|move|p2a: Xurkitree|Hypnosis|p1a: Slowking
|-status|p1a: Slowking|slp|[from] move: Hypnosis
|cant|p1a: Slowking|slp
|
|-weather|SunnyDay|[upkeep]
|-sideend|p2: YLong|Reflect
|upkeep
|turn|19
|
|t:|1668672584
|move|p2a: Xurkitree|Hypnosis|p1a: Slowking|[miss]
|-miss|p2a: Xurkitree|p1a: Slowking
|-enditem|p2a: Xurkitree|Blunder Policy
|-boost|p2a: Xurkitree|spe|2
|-curestatus|p1a: Slowking|slp|[msg]
|move|p1a: Slowking|Max Ooze|p2a: Xurkitree
|-damage|p2a: Xurkitree|58/100
|-boost|p1a: Slowking|spa|1
|
|-weather|SunnyDay|[upkeep]
|upkeep
|turn|20
|
|t:|1668672597
|move|p2a: Xurkitree|Hypnosis|p1a: Slowking|[miss]
|-miss|p2a: Xurkitree|p1a: Slowking
|move|p1a: Slowking|Max Ooze|p2a: Xurkitree
|-damage|p2a: Xurkitree|15/100
|-boost|p1a: Slowking|spa|1
|
|-weather|none
|-sideend|p2: YLong|move: Light Screen
|upkeep
|-end|p1a: Slowking|Dynamax
|-heal|p1a: Slowking|53/100|[silent]
|turn|21
|
|t:|1668672628
|move|p2a: Xurkitree|Hypnosis|p1a: Slowking
|-status|p1a: Slowking|slp|[from] move: Hypnosis
|cant|p1a: Slowking|slp
|
|upkeep
|turn|22
|
|t:|1668672637
|move|p2a: Xurkitree|Thunderbolt|p1a: Slowking
|-damage|p1a: Slowking|25/100 slp
|-curestatus|p1a: Slowking|slp|[msg]
|move|p1a: Slowking|Sludge Bomb|p2a: Xurkitree
|-damage|p2a: Xurkitree|0 fnt
|faint|p2a: Xurkitree
|
|upkeep
|
|t:|1668672644
|switch|p2a: Slurpuff|Slurpuff, F|100/100
|-damage|p2a: Slurpuff|88/100|[from] Stealth Rock
|-activate|p2a: Slurpuff|move: Sticky Web
|-unboost|p2a: Slurpuff|spe|1
|turn|23
|
|t:|1668672664
|move|p2a: Slurpuff|Belly Drum|p2a: Slurpuff
|-damage|p2a: Slurpuff|38/100
|-setboost|p2a: Slurpuff|atk|6|[from] move: Belly Drum
|-enditem|p2a: Slurpuff|Sitrus Berry|[eat]
|-heal|p2a: Slurpuff|63/100|[from] item: Sitrus Berry
|move|p1a: Slowking|Scald|p2a: Slurpuff
|-damage|p2a: Slurpuff|0 fnt
|faint|p2a: Slurpuff
|
|win|fenglinger
|l| lejiangcaibi
|l|☆YLong
