|j|☆moyv123
|j|☆Blackstar152001
|t:|1665213865
|gametype|singles
|player|p1|moyv123|170|1741
|player|p2|Blackstar152001|blue-gen3two|1938
|teamsize|p1|6
|teamsize|p2|6
|gen|8
|tier|[Gen 8] National Dex AG
|rated|
|rule|HP Percentage Mod: HP is shown in percentages
|rule|Endless Battle Clause: Forcing endless battles is banned
|clearpoke
|poke|p1|Arceus-*|
|poke|p1|Arceus-*|
|poke|p1|Rayquaza|
|poke|p1|Lugia|
|poke|p1|Zacian-*|
|poke|p1|Necrozma-Dusk-Mane|
|poke|p2|Darkrai|
|poke|p2|Mewtwo|
|poke|p2|Ditto|
|poke|p2|Arceus-*|
|poke|p2|Arceus-*|
|poke|p2|Arceus-*|
|teampreview
|inactive|Battle timer is ON: inactive players will automatically lose when time's up. (requested by Blackstar152001)
|
|t:|1665213880
|start
|switch|p1a: Arceus|Arceus|100/100
|switch|p2a: Mewtwo|Mewtwo|100/100
|-ability|p2a: Mewtwo|Pressure
|turn|1
|
|t:|1665213889
|move|p1a: Arceus|Extreme Speed|p2a: Mewtwo
|-damage|p2a: Mewtwo|65/100
|move|p2a: Mewtwo|Will-O-Wisp|p1a: Arceus|[miss]
|-miss|p2a: Mewtwo|p1a: Arceus
|
|-heal|p2a: Mewtwo|71/100|[from] item: Leftovers
|upkeep
|turn|2
|
|t:|1665213898
|switch|p1a: Arceus|Arceus-Dark|100/100
|move|p2a: Mewtwo|Will-O-Wisp|p1a: Arceus
|-status|p1a: Arceus|brn
|
|-heal|p2a: Mewtwo|77/100|[from] item: Leftovers
|-damage|p1a: Arceus|94/100 brn|[from] brn
|upkeep
|turn|3
|
|t:|1665213909
|switch|p2a: Arceus|Arceus-Fairy|100/100
|move|p1a: Arceus|Thunder Wave|p2a: Arceus
|-status|p2a: Arceus|par
|
|-damage|p1a: Arceus|88/100 brn|[from] brn
|upkeep
|turn|4
|
|t:|1665213926
|switch|p1a: Zacian|Zacian-Crowned, shiny|100/100
|-ability|p1a: Zacian|Intrepid Sword|boost
|-boost|p1a: Zacian|atk|1
|move|p2a: Arceus|Stealth Rock|p1a: Zacian
|-sidestart|p1: moyv123|move: Stealth Rock
|
|upkeep
|turn|5
|
|t:|1665213933
|switch|p2a: Arceus|Arceus-Water|100/100
|move|p1a: Zacian|Substitute|p1a: Zacian
|-start|p1a: Zacian|Substitute
|-damage|p1a: Zacian|76/100
|
|upkeep
|turn|6
|
|t:|1665213941
|move|p1a: Zacian|Play Rough|p2a: Arceus
|-damage|p2a: Arceus|57/100
|move|p2a: Arceus|Perish Song|p2a: Arceus
|-start|p1a: Zacian|perish3|[silent]
|-start|p2a: Arceus|perish3|[silent]
|-fieldactivate|move: Perish Song
|
|-start|p1a: Zacian|perish3
|-start|p2a: Arceus|perish3
|upkeep
|turn|7
|inactive|moyv123 has 120 seconds left.
|
|t:|1665213977
|switch|p1a: Lugia|Lugia|100/100
|move|p2a: Arceus|Recover|p2a: Arceus
|-heal|p2a: Arceus|100/100
|
|-start|p2a: Arceus|perish2
|upkeep
|turn|8
|inactive|moyv123 has 120 seconds left.
|
|t:|1665213986
|switch|p2a: Arceus|Arceus-Fairy|100/100 par
|move|p1a: Lugia|Defog|p2a: Arceus
|-unboost|p2a: Arceus|evasion|1
|-sideend|p1: moyv123|Stealth Rock|[from] move: Defog|[of] p1a: Lugia
|
|upkeep
|turn|9
|inactive|moyv123 has 120 seconds left.
|
|t:|1665214006
|switch|p1a: Necrozma|Necrozma-Dusk-Mane|100/100
|move|p2a: Arceus|Stealth Rock|p1a: Necrozma
|-sidestart|p1: moyv123|move: Stealth Rock
|
|upkeep
|turn|10
|
|t:|1665214014
|switch|p2a: Arceus|Arceus-Water|100/100
|move|p1a: Necrozma|Dragon Dance|p1a: Necrozma
|-boost|p1a: Necrozma|atk|1
|-boost|p1a: Necrozma|spe|1
|
|upkeep
|turn|11
|inactive|moyv123 has 120 seconds left.
|
|t:|1665214025
|detailschange|p1a: Necrozma|Necrozma-Ultra
|-burst|p1a: Necrozma|Necrozma|Ultranecrozium Z
|move|p1a: Necrozma|Photon Geyser|p2a: Arceus
|-damage|p2a: Arceus|55/100
|move|p2a: Arceus|Perish Song|p2a: Arceus
|-start|p1a: Necrozma|perish3|[silent]
|-start|p2a: Arceus|perish3|[silent]
|-fieldactivate|move: Perish Song
|
|-start|p1a: Necrozma|perish3
|-start|p2a: Arceus|perish3
|upkeep
|turn|12
|inactive|moyv123 has 120 seconds left.
|
|t:|1665214040
|switch|p2a: ♠️Blackstar♠️|Darkrai|100/100
|move|p1a: Necrozma|Dragon Dance|p1a: Necrozma
|-boost|p1a: Necrozma|atk|1
|-boost|p1a: Necrozma|spe|1
|
|-start|p1a: Necrozma|perish2
|upkeep
|turn|13
|
|t:|1665214051
|switch|p2a: Arceus|Arceus-Water|55/100
|move|p1a: Necrozma|Sunsteel Strike|p2a: Arceus
|-resisted|p2a: Arceus
|-damage|p2a: Arceus|36/100
|
|-start|p1a: Necrozma|perish1
|upkeep
|turn|14
|inactive|moyv123 has 120 seconds left.
|
|t:|1665214062
|switch|p1a: Lugia|Lugia|100/100
|move|p2a: Arceus|Recover|p2a: Arceus
|-heal|p2a: Arceus|86/100
|
|upkeep
|turn|15
|inactive|moyv123 has 120 seconds left.
|
|t:|1665214072
|move|p2a: Arceus|Toxic|p1a: Lugia
|-status|p1a: Lugia|tox
|move|p1a: Lugia|Defog|p2a: Arceus
|-unboost|p2a: Arceus|evasion|1
|-sideend|p1: moyv123|Stealth Rock|[from] move: Defog|[of] p1a: Lugia
|
|-damage|p1a: Lugia|94/100 tox|[from] psn
|upkeep
|turn|16
|inactive|moyv123 has 120 seconds left.
|
|t:|1665214088
|switch|p2a: Arceus|Arceus-Fairy|100/100 par
|switch|p1a: Zacian|Zacian-Crowned, shiny|76/100
|-ability|p1a: Zacian|Intrepid Sword|boost
|-boost|p1a: Zacian|atk|1
|
|upkeep
|turn|17
|inactive|moyv123 has 120 seconds left.
|
|t:|1665214114
|switch|p1a: Rayquaza|Rayquaza, shiny|100/100
|-ability|p1a: Rayquaza|Air Lock
|switch|p2a: Arceus|Arceus-Water|86/100
|
|upkeep
|turn|18
|
|t:|1665214121
|detailschange|p1a: Rayquaza|Rayquaza-Mega, shiny
|-mega|p1a: Rayquaza|Rayquaza|
|-weather|DeltaStream|[from] ability: Delta Stream|[of] p1a: Rayquaza
|move|p1a: Rayquaza|Dragon Dance|p1a: Rayquaza
|-boost|p1a: Rayquaza|atk|1
|-boost|p1a: Rayquaza|spe|1
|move|p2a: Arceus|Toxic|p1a: Rayquaza
|-status|p1a: Rayquaza|tox
|
|-weather|DeltaStream|[upkeep]
|-damage|p1a: Rayquaza|94/100 tox|[from] psn
|upkeep
|turn|19
|
|t:|1665214133
|move|p1a: Rayquaza|Dragon Ascent|p2a: Arceus
|-damage|p2a: Arceus|1/100
|-unboost|p1a: Rayquaza|def|1
|-unboost|p1a: Rayquaza|spd|1
|-damage|p1a: Rayquaza|85/100 tox|[from] item: Life Orb
|move|p2a: Arceus|Recover|p2a: Arceus
|-heal|p2a: Arceus|51/100
|
|-weather|DeltaStream|[upkeep]
|-damage|p1a: Rayquaza|72/100 tox|[from] psn
|upkeep
|turn|20
|
|t:|1665214146
|switch|p2a: Arceus|Arceus-Fairy|100/100 par
|move|p1a: Rayquaza|Dragon Ascent|p2a: Arceus
|-crit|p2a: Arceus
|-damage|p2a: Arceus|0 fnt
|-unboost|p1a: Rayquaza|def|1
|-unboost|p1a: Rayquaza|spd|1
|faint|p2a: Arceus
|-damage|p1a: Rayquaza|63/100 tox|[from] item: Life Orb
|
|-weather|DeltaStream|[upkeep]
|-damage|p1a: Rayquaza|44/100 tox|[from] psn
|upkeep
|
|t:|1665214149
|switch|p2a: Ditto|Ditto, shiny|100/100
|-transform|p2a: Ditto|p1a: Rayquaza|[from] ability: Imposter
|turn|21
|
|t:|1665214176
|switch|p1a: Zacian|Zacian-Crowned, shiny|76/100
|-ability|p1a: Zacian|Intrepid Sword|boost
|-boost|p1a: Zacian|atk|1
|move|p2a: Ditto|Extreme Speed|p1a: Zacian
|-resisted|p1a: Zacian
|-damage|p1a: Zacian|47/100
|
|-weather|DeltaStream|[upkeep]
|upkeep
|turn|22
|inactive|moyv123 has 90 seconds left.
|
|t:|1665214192
|-weather|none
|switch|p2a: Arceus|Arceus-Water|51/100
|move|p1a: Zacian|Substitute|p1a: Zacian
|-start|p1a: Zacian|Substitute
|-damage|p1a: Zacian|23/100
|
|upkeep
|turn|23
|inactive|moyv123 has 90 seconds left.
|
|t:|1665214202
|move|p1a: Zacian|Play Rough|p2a: Arceus|[miss]
|-miss|p1a: Zacian|p2a: Arceus
|move|p2a: Arceus|Recover|p2a: Arceus
|-heal|p2a: Arceus|100/100
|
|upkeep
|turn|24
|
|t:|1665214211
|move|p1a: Zacian|Play Rough|p2a: Arceus|[miss]
|-miss|p1a: Zacian|p2a: Arceus
|-zpower|p2a: Arceus
|move|p2a: Arceus|Hydro Vortex|p1a: Zacian|[zeffect]
|-end|p1a: Zacian|Substitute
|
|upkeep
|turn|25
|-message|moyv123 forfeited.
|
|win|Blackstar152001
|raw|moyv123's rating: 1741 &rarr; <strong>1731</strong><br />(-10 for losing)
|raw|Blackstar152001's rating: 1938 &rarr; <strong>1948</strong><br />(+10 for winning)
|l|☆moyv123
