|j|☆JeungCzeese
|j|☆A plague doc
|t:|1641250142
|gametype|singles
|player|p1|JeungCzeese|richboy|1134
|player|p2|A plague doc|clerk|1044
|teamsize|p1|6
|teamsize|p2|6
|gen|8
|tier|[Gen 8] National Dex AG
|rated|
|rule|HP Percentage Mod: HP is shown in percentages
|rule|Endless Battle Clause: Forcing endless battles is banned
|clearpoke
|poke|p1|Charizard, F|
|poke|p1|Porygon2|
|poke|p1|Greedent, F|
|poke|p1|Azumarill, F|
|poke|p1|Medicham, F|
|poke|p1|Eevee, F|
|poke|p2|Mudsdale, F|
|poke|p2|Rapidash, F|
|poke|p2|Keldeo-Resolute|
|poke|p2|Glastrier|
|poke|p2|Spectrier|
|poke|p2|Rapidash-Galar, F|
|teampreview
|inactive|Battle timer is ON: inactive players will automatically lose when time's up. (requested by A plague doc)
|c|☆A plague doc|Gl
|c|☆A plague doc|Hf
|c|☆JeungCzeese|u too
|c|☆JeungCzeese|lol your lineup looks sick
|c|☆A plague doc|Yes
|c|☆JeungCzeese|all horses?
|inactive|JeungCzeese has 120 seconds left.
|c|☆A plague doc|Juan
|
|t:|1641250179
|start
|switch|p1a: Eevee|Eevee, F, shiny|100/100
|switch|p2a: Juan. 1|Mudsdale, F|100/100
|-ability|p1a: Eevee|Anticipation
|turn|1
|c|☆A plague doc|Juan
|
|t:|1641250190
|-zpower|p1a: Eevee
|move|p1a: Eevee|Extreme Evoboost|p1a: Eevee
|-boost|p1a: Eevee|atk|2
|-boost|p1a: Eevee|def|2
|-boost|p1a: Eevee|spa|2
|-boost|p1a: Eevee|spd|2
|-boost|p1a: Eevee|spe|2
|move|p2a: Juan. 1|Roar|p1a: Eevee
|drag|p1a: Porygon2|Porygon2, shiny|100/100
|-ability|p1a: Porygon2|Download|boost
|-boost|p1a: Porygon2|atk|1
|
|upkeep
|turn|2
|c|☆A plague doc|Hihi Juan
|
|t:|1641250210
|move|p1a: Porygon2|Tri Attack|p2a: Juan. 1
|-damage|p2a: Juan. 1|81/100
|-ability|p2a: Juan. 1|Stamina|boost
|-boost|p2a: Juan. 1|def|1
|move|p2a: Juan. 1|Iron Defense|p2a: Juan. 1
|-boost|p2a: Juan. 1|def|2
|
|-heal|p2a: Juan. 1|87/100|[from] item: Leftovers
|upkeep
|turn|3
|inactive|JeungCzeese has 120 seconds left.
|
|t:|1641250245
|switch|p1a: Greedent|Greedent, F, shiny|100/100
|move|p2a: Juan. 1|Body Press|p1a: Greedent
|-supereffective|p1a: Greedent
|-damage|p1a: Greedent|26/100
|-enditem|p1a: Greedent|Sitrus Berry|[eat]
|-heal|p1a: Greedent|51/100|[from] item: Sitrus Berry
|-heal|p1a: Greedent|84/100|[from] ability: Cheek Pouch
|
|-heal|p2a: Juan. 1|94/100|[from] item: Leftovers
|upkeep
|turn|4
|
|t:|1641250258
|move|p2a: Juan. 1|Stealth Rock|p1a: Greedent
|-sidestart|p1: JeungCzeese|move: Stealth Rock
|move|p1a: Greedent|Counter||[still]
|-fail|p1a: Greedent
|
|-heal|p2a: Juan. 1|99/100|[from] item: Leftovers
|upkeep
|turn|5
|c|☆A plague doc|Nop
|c|☆JeungCzeese|?
|
|t:|1641250282
|move|p2a: Juan. 1|Iron Defense|p2a: Juan. 1
|-boost|p2a: Juan. 1|def|2
|move|p1a: Greedent|Counter||[still]
|-fail|p1a: Greedent
|
|-heal|p2a: Juan. 1|100/100|[from] item: Leftovers
|upkeep
|turn|6
|c|☆A plague doc|Im countering your counter
|
|t:|1641250292
|move|p2a: Juan. 1|Body Press|p1a: Greedent
|-supereffective|p1a: Greedent
|-damage|p1a: Greedent|0 fnt
|faint|p1a: Greedent
|
|upkeep
|
|t:|1641250300
|switch|p1a: Azumarill|Azumarill, F, shiny|100/100
|-damage|p1a: Azumarill|88/100|[from] Stealth Rock
|turn|7
|c|☆JeungCzeese|i dont really care
|
|t:|1641250314
|move|p1a: Azumarill|Belly Drum|p1a: Azumarill
|-damage|p1a: Azumarill|38/100
|-setboost|p1a: Azumarill|atk|6|[from] move: Belly Drum
|-enditem|p1a: Azumarill|Sitrus Berry|[eat]
|-heal|p1a: Azumarill|63/100|[from] item: Sitrus Berry
|move|p2a: Juan. 1|Roar|p1a: Azumarill
|drag|p1a: Eevee|Eevee, F, shiny|100/100
|-damage|p1a: Eevee|88/100|[from] Stealth Rock
|-ability|p1a: Eevee|Anticipation
|
|upkeep
|turn|8
|c|☆A plague doc|^^
|-message|JeungCzeese forfeited.
|
|win|A plague doc
|raw|JeungCzeese's rating: 1134 &rarr; <strong>1103</strong><br />(-31 for losing)
|raw|A plague doc's rating: 1044 &rarr; <strong>1086</strong><br />(+42 for winning)
