|j|☆CuriousPlayer
|j|☆dividing by 0
|t:|1657491546
|gametype|singles
|player|p1|CuriousPlayer|cynthia|1420
|player|p2|dividing by 0|pokemaniac|1498
|teamsize|p1|6
|teamsize|p2|6
|gen|8
|tier|[Gen 8] National Dex AG
|rated|
|rule|HP Percentage Mod: HP is shown in percentages
|rule|Endless Battle Clause: Forcing endless battles is banned
|clearpoke
|poke|p1|Lopunny, F|
|poke|p1|Gliscor, M|
|poke|p1|Garchomp, M|
|poke|p1|Milotic, F|
|poke|p1|Kartana|
|poke|p1|Greninja, M|
|poke|p2|Smeargle, F|
|poke|p2|Clefable, M|
|poke|p2|Scolipede, M|
|poke|p2|Arceus-*|
|poke|p2|Espeon, M|
|poke|p2|Liepard, F|
|teampreview
|
|t:|1657491553
|start
|switch|p1a: Garchomp|Garchomp, M|100/100
|switch|p2a: Scolipede|Scolipede, M|100/100
|turn|1
|
|t:|1657491557
|move|p2a: Scolipede|Substitute|p2a: Scolipede
|-start|p2a: Scolipede|Substitute
|-damage|p2a: Scolipede|76/100
|move|p1a: Garchomp|Stealth Rock|p2a: Scolipede
|-sidestart|p2: dividing by 0|move: Stealth Rock
|
|-ability|p2a: Scolipede|Speed Boost|boost
|-boost|p2a: Scolipede|spe|1
|upkeep
|turn|2
|
|t:|1657491562
|move|p2a: Scolipede|Iron Defense|p2a: Scolipede
|-boost|p2a: Scolipede|def|2
|move|p1a: Garchomp|Earthquake|p2a: Scolipede
|-end|p2a: Scolipede|Substitute
|
|-ability|p2a: Scolipede|Speed Boost|boost
|-boost|p2a: Scolipede|spe|1
|upkeep
|turn|3
|
|t:|1657491569
|move|p2a: Scolipede|Protect|p2a: Scolipede
|-singleturn|p2a: Scolipede|Protect
|move|p1a: Garchomp|Earthquake|p2a: Scolipede
|-activate|p2a: Scolipede|move: Protect
|
|-ability|p2a: Scolipede|Speed Boost|boost
|-boost|p2a: Scolipede|spe|1
|upkeep
|turn|4
|
|t:|1657491577
|move|p2a: Scolipede|Substitute|p2a: Scolipede
|-start|p2a: Scolipede|Substitute
|-damage|p2a: Scolipede|51/100
|move|p1a: Garchomp|Earthquake|p2a: Scolipede
|-end|p2a: Scolipede|Substitute
|
|-ability|p2a: Scolipede|Speed Boost|boost
|-boost|p2a: Scolipede|spe|1
|upkeep
|turn|5
|
|t:|1657491585
|switch|p1a: Milotic|Milotic, F, shiny|100/100
|move|p2a: Scolipede|Protect||[still]
|-fail|p2a: Scolipede
|
|-ability|p2a: Scolipede|Speed Boost|boost
|-boost|p2a: Scolipede|spe|1
|-status|p1a: Milotic|brn|[from] item: Flame Orb
|upkeep
|turn|6
|
|t:|1657491591
|move|p2a: Scolipede|Substitute|p2a: Scolipede
|-start|p2a: Scolipede|Substitute
|-damage|p2a: Scolipede|26/100
|move|p1a: Milotic|Scald|p2a: Scolipede
|-end|p2a: Scolipede|Substitute
|
|-damage|p1a: Milotic|94/100 brn|[from] brn
|-ability|p2a: Scolipede|Speed Boost|boost
|-boost|p2a: Scolipede|spe|1
|upkeep
|turn|7
|
|t:|1657491596
|move|p2a: Scolipede|Baton Pass|p2a: Scolipede
|
|t:|1657491598
|switch|p2a: Clefable|Clefable, M|100/100|[from]move: Baton Pass
|-damage|p2a: Clefable|88/100|[from] Stealth Rock
|move|p1a: Milotic|Scald|p2a: Clefable
|-damage|p2a: Clefable|69/100
|-status|p2a: Clefable|brn
|
|-damage|p2a: Clefable|63/100 brn|[from] brn
|-damage|p1a: Milotic|88/100 brn|[from] brn
|upkeep
|turn|8
|
|t:|1657491605
|move|p2a: Clefable|Cosmic Power|p2a: Clefable
|-boost|p2a: Clefable|def|1
|-boost|p2a: Clefable|spd|1
|move|p1a: Milotic|Scald|p2a: Clefable
|-damage|p2a: Clefable|50/100 brn
|
|-damage|p2a: Clefable|44/100 brn|[from] brn
|-damage|p1a: Milotic|82/100 brn|[from] brn
|upkeep
|turn|9
|
|t:|1657491608
|move|p2a: Clefable|Soft-Boiled|p2a: Clefable
|-heal|p2a: Clefable|94/100 brn
|move|p1a: Milotic|Scald|p2a: Clefable
|-damage|p2a: Clefable|82/100 brn
|
|-damage|p2a: Clefable|76/100 brn|[from] brn
|-damage|p1a: Milotic|76/100 brn|[from] brn
|upkeep
|turn|10
|
|t:|1657491611
|move|p2a: Clefable|Cosmic Power|p2a: Clefable
|-boost|p2a: Clefable|def|1
|-boost|p2a: Clefable|spd|1
|move|p1a: Milotic|Recover|p1a: Milotic
|-heal|p1a: Milotic|100/100 brn
|
|-damage|p2a: Clefable|70/100 brn|[from] brn
|-damage|p1a: Milotic|94/100 brn|[from] brn
|upkeep
|turn|11
|
|t:|1657491614
|move|p2a: Clefable|Cosmic Power|p2a: Clefable
|-boost|p2a: Clefable|def|1
|-boost|p2a: Clefable|spd|1
|move|p1a: Milotic|Scald|p2a: Clefable
|-damage|p2a: Clefable|62/100 brn
|
|-damage|p2a: Clefable|56/100 brn|[from] brn
|-damage|p1a: Milotic|88/100 brn|[from] brn
|upkeep
|turn|12
|
|t:|1657491618
|move|p2a: Clefable|Soft-Boiled|p2a: Clefable
|-heal|p2a: Clefable|100/100 brn
|move|p1a: Milotic|Scald|p2a: Clefable
|-damage|p2a: Clefable|93/100 brn
|
|-damage|p2a: Clefable|87/100 brn|[from] brn
|-damage|p1a: Milotic|82/100 brn|[from] brn
|upkeep
|turn|13
|
|t:|1657491620
|move|p2a: Clefable|Cosmic Power|p2a: Clefable
|-boost|p2a: Clefable|def|1
|-boost|p2a: Clefable|spd|1
|move|p1a: Milotic|Recover|p1a: Milotic
|-heal|p1a: Milotic|100/100 brn
|
|-damage|p2a: Clefable|80/100 brn|[from] brn
|-damage|p1a: Milotic|94/100 brn|[from] brn
|upkeep
|turn|14
|
|t:|1657491625
|move|p2a: Clefable|Cosmic Power|p2a: Clefable
|-boost|p2a: Clefable|def|0
|-boost|p2a: Clefable|spd|1
|move|p1a: Milotic|Scald|p2a: Clefable
|-damage|p2a: Clefable|74/100 brn
|
|-damage|p2a: Clefable|68/100 brn|[from] brn
|-damage|p1a: Milotic|88/100 brn|[from] brn
|upkeep
|turn|15
|
|t:|1657491628
|move|p2a: Clefable|Cosmic Power|p2a: Clefable
|-boost|p2a: Clefable|def|0
|-boost|p2a: Clefable|spd|1
|move|p1a: Milotic|Scald|p2a: Clefable
|-damage|p2a: Clefable|63/100 brn
|
|-damage|p2a: Clefable|57/100 brn|[from] brn
|-damage|p1a: Milotic|82/100 brn|[from] brn
|upkeep
|turn|16
|
|t:|1657491630
|move|p2a: Clefable|Soft-Boiled|p2a: Clefable
|-heal|p2a: Clefable|100/100 brn
|move|p1a: Milotic|Recover|p1a: Milotic
|-heal|p1a: Milotic|100/100 brn
|
|-damage|p2a: Clefable|94/100 brn|[from] brn
|-damage|p1a: Milotic|94/100 brn|[from] brn
|upkeep
|turn|17
|
|t:|1657491634
|move|p2a: Clefable|Minimize|p2a: Clefable
|-boost|p2a: Clefable|evasion|2
|move|p1a: Milotic|Scald|p2a: Clefable|[miss]
|-miss|p1a: Milotic|p2a: Clefable
|
|-damage|p2a: Clefable|88/100 brn|[from] brn
|-damage|p1a: Milotic|88/100 brn|[from] brn
|upkeep
|turn|18
|
|t:|1657491636
|move|p2a: Clefable|Minimize|p2a: Clefable
|-boost|p2a: Clefable|evasion|2
|move|p1a: Milotic|Scald|p2a: Clefable
|-damage|p2a: Clefable|84/100 brn
|
|-damage|p2a: Clefable|78/100 brn|[from] brn
|-damage|p1a: Milotic|82/100 brn|[from] brn
|upkeep
|turn|19
|
|t:|1657491638
|move|p2a: Clefable|Minimize|p2a: Clefable
|-boost|p2a: Clefable|evasion|2
|move|p1a: Milotic|Scald|p2a: Clefable|[miss]
|-miss|p1a: Milotic|p2a: Clefable
|
|-damage|p2a: Clefable|72/100 brn|[from] brn
|-damage|p1a: Milotic|76/100 brn|[from] brn
|upkeep
|turn|20
|
|t:|1657491643
|move|p2a: Clefable|Baton Pass|p2a: Clefable
|inactive|Battle timer is ON: inactive players will automatically lose when time's up. (requested by CuriousPlayer)
|
|t:|1657491654
|switch|p2a: Espeon|Espeon, M|100/100|[from]move: Baton Pass
|-damage|p2a: Espeon|88/100|[from] Stealth Rock
|move|p1a: Milotic|Haze|p1a: Milotic
|-clearallboost
|
|-heal|p2a: Espeon|94/100|[from] item: Leftovers
|-damage|p1a: Milotic|70/100 brn|[from] brn
|upkeep
|turn|21
|
|t:|1657491661
|switch|p1a: Greninja|Greninja, M|100/100
|move|p2a: Espeon|Baton Pass|p2a: Espeon
|
|t:|1657491677
|switch|p2a: Smeargle|Smeargle, F|100/100|[from]move: Baton Pass
|-damage|p2a: Smeargle|88/100|[from] Stealth Rock
|
|-ability|p2a: Smeargle|Moody|boost
|-boost|p2a: Smeargle|def|2
|-unboost|p2a: Smeargle|atk|1
|upkeep
|turn|22
|
|t:|1657491682
|move|p1a: Greninja|Scald|p2a: Smeargle
|-damage|p2a: Smeargle|0 fnt
|faint|p2a: Smeargle
|-activate|p1a: Greninja|ability: Battle Bond
|detailschange|p1a: Greninja|Greninja-Ash, M
|-damage|p1a: Greninja|91/100|[from] item: Life Orb
|
|upkeep
|
|t:|1657491687
|switch|p2a: Clefable|Clefable, M|72/100 brn
|-damage|p2a: Clefable|59/100 brn|[from] Stealth Rock
|turn|23
|
|t:|1657491691
|move|p1a: Greninja|Scald|p2a: Clefable
|-damage|p2a: Clefable|20/100 brn
|-damage|p1a: Greninja|81/100|[from] item: Life Orb
|move|p2a: Clefable|Cosmic Power|p2a: Clefable
|-boost|p2a: Clefable|def|1
|-boost|p2a: Clefable|spd|1
|
|-damage|p2a: Clefable|13/100 brn|[from] brn
|upkeep
|turn|24
|-message|dividing by 0 forfeited.
|
|win|CuriousPlayer
|raw|CuriousPlayer's rating: 1420 &rarr; <strong>1444</strong><br />(+24 for winning)
|raw|dividing by 0's rating: 1498 &rarr; <strong>1474</strong><br />(-24 for losing)
|l|☆dividing by 0
