|j|☆151 to go
|j|☆starkorea74
|t:|1597763858
|player|p1|151 to go|ethan|1700
|player|p2|starkorea74|cynthia|1875
|teamsize|p1|6
|teamsize|p2|6
|gametype|singles
|gen|8
|tier|[Gen 8] National Dex AG
|rated|
|clearpoke
|poke|p1|Zacian-Crowned|
|poke|p1|Dracovish|
|poke|p1|Marshadow|
|poke|p1|Eternatus|
|poke|p1|Groudon|
|poke|p1|Ditto|
|poke|p2|Necrozma-Dusk-Mane|
|poke|p2|Ho-Oh|
|poke|p2|Ditto|
|poke|p2|Arceus-*|
|poke|p2|Rayquaza|
|poke|p2|Yveltal|
|rule|HP Percentage Mod: HP is shown in percentages
|rule|Endless Battle Clause: Forcing endless battles is banned
|teampreview
|
|t:|1597763924
|start
|switch|p1a: Dracovish|Dracovish|100/100
|switch|p2a: Rayquaza|Rayquaza|100/100
|-ability|p2a: Rayquaza|Air Lock
|turn|1
|inactive|Battle timer is ON: inactive players will automatically lose when time's up. (requested by 151 to go)
|
|t:|1597763932
|switch|p2a: Necrozma|Necrozma-Dusk-Mane|100/100
|-start|p1a: Dracovish|Dynamax
|-heal|p1a: Dracovish|100/100|[silent]
|move|p1a: Dracovish|Max Wyrmwind|p2a: Necrozma
|-resisted|p2a: Necrozma
|-damage|p2a: Necrozma|86/100
|-unboost|p2a: Necrozma|atk|1
|
|-heal|p2a: Necrozma|92/100|[from] item: Leftovers
|upkeep
|turn|2
|inactive|starkorea74 has 120 seconds left.
|
|t:|1597763971
|move|p1a: Dracovish|Max Geyser|p2a: Necrozma
|-damage|p2a: Necrozma|65/100
|-weather|RainDance
|move|p2a: Necrozma|Morning Sun|p2a: Necrozma
|-heal|p2a: Necrozma|90/100
|
|-weather|RainDance|[upkeep]
|-heal|p2a: Necrozma|96/100|[from] item: Leftovers
|upkeep
|turn|3
|inactive|starkorea74 has 120 seconds left.
|inactive|151 to go has 120 seconds left.
|
|t:|1597764002
|move|p1a: Dracovish|Max Quake|p2a: Necrozma
|-supereffective|p2a: Necrozma
|-damage|p2a: Necrozma|70/100
|-boost|p1a: Dracovish|spd|1
|move|p2a: Necrozma|Toxic|p1a: Dracovish
|-status|p1a: Dracovish|tox
|
|-weather|RainDance|[upkeep]
|-heal|p2a: Necrozma|76/100|[from] item: Leftovers
|-damage|p1a: Dracovish|97/100 tox|[from] psn
|-end|p1a: Dracovish|Dynamax
|-heal|p1a: Dracovish|97/100 tox|[silent]
|upkeep
|turn|4
|inactive|151 to go has 120 seconds left.
|inactive|starkorea74 has 120 seconds left.
|inactive|starkorea74 has 90 seconds left.
|
|t:|1597764043
|switch|p2a: Ditto|Ditto|100/100
|-transform|p2a: Ditto|p1a: Dracovish|[from] ability: Imposter
|move|p1a: Dracovish|Fishious Rend|p2a: Ditto
|-resisted|p2a: Ditto
|-damage|p2a: Ditto|56/100
|
|-weather|RainDance|[upkeep]
|-damage|p1a: Dracovish|85/100 tox|[from] psn
|upkeep
|turn|5
|inactive|151 to go has 120 seconds left.
|inactive|starkorea74 has 90 seconds left.
|
|t:|1597764054
|move|p1a: Dracovish|Fishious Rend|p2a: Ditto
|-resisted|p2a: Ditto
|-damage|p2a: Ditto|15/100
|move|p2a: Ditto|Earthquake|p1a: Dracovish
|-damage|p1a: Dracovish|58/100 tox
|
|-weather|RainDance|[upkeep]
|-damage|p1a: Dracovish|40/100 tox|[from] psn
|upkeep
|turn|6
|
|t:|1597764063
|move|p2a: Ditto|Earthquake|p1a: Dracovish
|-damage|p1a: Dracovish|10/100 tox
|move|p1a: Dracovish|Fishious Rend|p2a: Ditto
|-resisted|p2a: Ditto
|-damage|p2a: Ditto|0 fnt
|faint|p2a: Ditto
|
|-weather|none
|-damage|p1a: Dracovish|0 fnt|[from] psn
|faint|p1a: Dracovish
|upkeep
|j| Key Rex
|inactive|starkorea74 has 90 seconds left.
|
|t:|1597764102
|switch|p1a: Marshadow|Marshadow|100/100
|switch|p2a: Rayquaza|Rayquaza|100/100
|-ability|p2a: Rayquaza|Air Lock
|turn|7
|inactive|starkorea74 has 60 seconds left.
|
|t:|1597764127
|switch|p2a: Ho-Oh|Ho-Oh|100/100
|move|p1a: Marshadow|Spectral Thief|p2a: Ho-Oh
|-damage|p2a: Ho-Oh|72/100
|
|upkeep
|turn|8
|inactive|starkorea74 has 60 seconds left.
|inactive|starkorea74 has 30 seconds left.
|
|t:|1597764163
|switch|p1a: Groudon|Groudon|100/100
|detailschange|p1a: Groudon|Groudon-Primal
|-primal|p1a: Groudon
|-weather|DesolateLand|[from] ability: Desolate Land|[of] p1a: Groudon
|move|p2a: Ho-Oh|Sacred Fire|p1a: Groudon
|-resisted|p1a: Groudon
|-damage|p1a: Groudon|80/100
|
|-weather|DesolateLand|[upkeep]
|upkeep
|turn|9
|inactive|starkorea74 has 30 seconds left.
|inactive|starkorea74 has 20 seconds left.
|inactive|starkorea74 has 15 seconds left.
|inactive|starkorea74 has 10 seconds left.
|inactive|starkorea74 has 5 seconds left.
|-message|starkorea74 lost due to inactivity.
|
|win|151 to go
||Ladder (probably) updated, but score could not be retrieved (Request timeout).
