|j|☆AG Champion Red
|j|☆yarik667
|t:|1661964292
|gametype|singles
|player|p1|AG Champion Red|red|1703
|player|p2|yarik667|marnie-masters|1842
|teamsize|p1|6
|teamsize|p2|6
|gen|8
|tier|[Gen 8] National Dex AG
|rated|
|rule|HP Percentage Mod: HP is shown in percentages
|rule|Endless Battle Clause: Forcing endless battles is banned
|clearpoke
|poke|p1|Zacian-*|
|poke|p1|Calyrex-Shadow|
|poke|p1|Groudon|
|poke|p1|Rayquaza|
|poke|p1|Yveltal|
|poke|p1|Yveltal|
|poke|p2|Zygarde|
|poke|p2|Chansey, F|
|poke|p2|Lugia|
|poke|p2|Necrozma-Dusk-Mane|
|poke|p2|Ho-Oh|
|poke|p2|Arceus-*|
|teampreview
|inactive|Battle timer is ON: inactive players will automatically lose when time's up. (requested by AG Champion Red)
|
|t:|1661964298
|start
|switch|p1a: Groudon|Groudon, shiny|100/100
|switch|p2a: Lugia|Lugia, shiny|100/100
|detailschange|p1a: Groudon|Groudon-Primal, shiny
|-primal|p1a: Groudon
|-weather|DesolateLand|[from] ability: Desolate Land|[of] p1a: Groudon
|turn|1
|
|t:|1661964305
|move|p2a: Lugia|Toxic|p1a: Groudon
|-status|p1a: Groudon|tox
|move|p1a: Groudon|Thunder Wave|p2a: Lugia
|-status|p2a: Lugia|par
|
|-weather|DesolateLand|[upkeep]
|-damage|p1a: Groudon|94/100 tox|[from] psn
|upkeep
|turn|2
|
|t:|1661964310
|switch|p2a: Zygarde|Zygarde|100/100
|move|p1a: Groudon|Stealth Rock|p2a: Zygarde
|-sidestart|p2: yarik667|move: Stealth Rock
|
|-weather|DesolateLand|[upkeep]
|-damage|p1a: Groudon|82/100 tox|[from] psn
|upkeep
|turn|3
|
|t:|1661964315
|move|p2a: Zygarde|Thousand Arrows|p1a: Groudon
|-supereffective|p1a: Groudon
|-damage|p1a: Groudon|49/100 tox
|move|p1a: Groudon|Precipice Blades|p2a: Zygarde|[miss]
|-miss|p1a: Groudon|p2a: Zygarde
|
|-weather|DesolateLand|[upkeep]
|-damage|p1a: Groudon|30/100 tox|[from] psn
|upkeep
|turn|4
|
|t:|1661964321
|move|p2a: Zygarde|Thousand Arrows|p1a: Groudon
|-supereffective|p1a: Groudon
|-damage|p1a: Groudon|0 fnt
|faint|p1a: Groudon
|-weather|none
|
|upkeep
|
|t:|1661964333
|switch|p1a: Yveltal|Yveltal|100/100
|-ability|p1a: Yveltal|Dark Aura
|turn|5
|
|t:|1661964334
|move|p1a: Yveltal|Taunt|p2a: Zygarde
|-start|p2a: Zygarde|move: Taunt
|cant|p2a: Zygarde|move: Taunt|Toxic
|
|upkeep
|turn|6
|
|t:|1661964340
|move|p1a: Yveltal|Knock Off|p2a: Zygarde
|-damage|p2a: Zygarde|70/100
|-enditem|p2a: Zygarde|Leftovers|[from] move: Knock Off|[of] p1a: Yveltal
|move|p2a: Zygarde|Thousand Arrows|p1a: Yveltal
|-damage|p1a: Yveltal|77/100
|-start|p1a: Yveltal|Smack Down
|
|upkeep
|turn|7
|
|t:|1661964348
|switch|p1a: Yveltal|Yveltal|100/100
|-ability|p1a: Yveltal|Dark Aura
|move|p2a: Zygarde|Thousand Arrows|p1a: Yveltal
|-damage|p1a: Yveltal|69/100
|-start|p1a: Yveltal|Smack Down
|
|-end|p2a: Zygarde|move: Taunt
|upkeep
|turn|8
|
|t:|1661964352
|-start|p1a: Yveltal|Dynamax|
|-heal|p1a: Yveltal|69/100|[silent]
|move|p1a: Yveltal|Max Darkness|p2a: Zygarde
|-damage|p2a: Zygarde|0 fnt
|faint|p2a: Zygarde
|-damage|p1a: Yveltal|64/100|[from] item: Life Orb
|
|upkeep
|
|t:|1661964360
|switch|p2a: Ho-Oh|Ho-Oh|100/100
|turn|9
|
|t:|1661964367
|move|p1a: Yveltal|Max Airstream|p2a: Ho-Oh
|-damage|p2a: Ho-Oh|59/100
|-boost|p1a: Yveltal|spe|1
|-damage|p1a: Yveltal|59/100|[from] item: Life Orb
|move|p2a: Ho-Oh|Toxic|p1a: Yveltal
|-status|p1a: Yveltal|tox
|
|-damage|p1a: Yveltal|56/100 tox|[from] psn
|upkeep
|turn|10
|
|t:|1661964377
|switch|p2a: Arceus|Arceus-Dark|100/100
|-damage|p2a: Arceus|88/100|[from] Stealth Rock
|move|p1a: Yveltal|Max Darkness|p2a: Arceus
|-resisted|p2a: Arceus
|-damage|p2a: Arceus|60/100
|-unboost|p2a: Arceus|spd|1
|-damage|p1a: Yveltal|51/100 tox|[from] item: Life Orb
|
|-damage|p1a: Yveltal|45/100 tox|[from] psn
|upkeep
|-end|p1a: Yveltal|Dynamax
|-heal|p1a: Yveltal|45/100 tox|[silent]
|turn|11
|
|t:|1661964381
|move|p1a: Yveltal|Oblivion Wing|p2a: Arceus
|-damage|p2a: Arceus|21/100
|-heal|p1a: Yveltal|78/100 tox|[from] drain|[of] p2a: Arceus
|-damage|p1a: Yveltal|68/100 tox|[from] item: Life Orb
|move|p2a: Arceus|Recover|p2a: Arceus
|-heal|p2a: Arceus|71/100
|
|-damage|p1a: Yveltal|50/100 tox|[from] psn
|upkeep
|turn|12
|
|t:|1661964391
|switch|p1a: Zacian|Zacian-Crowned, shiny|100/100
|-ability|p1a: Zacian|Intrepid Sword|boost
|-boost|p1a: Zacian|atk|1
|move|p2a: Arceus|Recover|p2a: Arceus
|-heal|p2a: Arceus|100/100
|
|upkeep
|turn|13
|
|t:|1661964407
|switch|p2a: Necrozma|Necrozma-Dusk-Mane|100/100
|-damage|p2a: Necrozma|94/100|[from] Stealth Rock
|move|p1a: Zacian|Behemoth Blade|p2a: Necrozma
|-resisted|p2a: Necrozma
|-damage|p2a: Necrozma|69/100
|-damage|p1a: Zacian|84/100|[from] item: Rocky Helmet|[of] p2a: Necrozma
|
|upkeep
|turn|14
|
|t:|1661964412
|switch|p1a: Yveltal|Yveltal|50/100 tox
|-ability|p1a: Yveltal|Dark Aura
|move|p2a: Necrozma|Moonlight|p2a: Necrozma
|-heal|p2a: Necrozma|100/100
|
|-damage|p1a: Yveltal|44/100 tox|[from] psn
|upkeep
|turn|15
|
|t:|1661964416
|switch|p2a: Arceus|Arceus-Dark|100/100
|-damage|p2a: Arceus|88/100|[from] Stealth Rock
|move|p1a: Yveltal|Dark Pulse|p2a: Arceus
|-resisted|p2a: Arceus
|-damage|p2a: Arceus|71/100
|-damage|p1a: Yveltal|34/100 tox|[from] item: Life Orb
|
|-damage|p1a: Yveltal|22/100 tox|[from] psn
|upkeep
|turn|16
|
|t:|1661964419
|move|p1a: Yveltal|Oblivion Wing|p2a: Arceus
|-damage|p2a: Arceus|42/100
|-heal|p1a: Yveltal|46/100 tox|[from] drain|[of] p2a: Arceus
|-damage|p1a: Yveltal|36/100 tox|[from] item: Life Orb
|move|p2a: Arceus|Whirlpool|p1a: Yveltal
|-damage|p1a: Yveltal|27/100 tox
|-activate|p1a: Yveltal|move: Whirlpool|[of] p2a: Arceus
|
|-damage|p1a: Yveltal|9/100 tox|[from] psn
|-damage|p1a: Yveltal|0 fnt|[from] move: Whirlpool|[partiallytrapped]
|faint|p1a: Yveltal
|upkeep
|
|t:|1661964421
|switch|p1a: Zacian|Zacian-Crowned, shiny|84/100
|-ability|p1a: Zacian|Intrepid Sword|boost
|-boost|p1a: Zacian|atk|1
|turn|17
|
|t:|1661964425
|switch|p2a: Necrozma|Necrozma-Dusk-Mane|100/100
|-damage|p2a: Necrozma|94/100|[from] Stealth Rock
|move|p1a: Zacian|Assurance|p2a: Necrozma
|-supereffective|p2a: Necrozma
|-damage|p2a: Necrozma|39/100
|-damage|p1a: Zacian|67/100|[from] item: Rocky Helmet|[of] p2a: Necrozma
|
|upkeep
|turn|18
|
|t:|1661964431
|-start|p2a: Necrozma|Dynamax|
|-heal|p2a: Necrozma|39/100|[silent]
|move|p1a: Zacian|Close Combat|p2a: Necrozma
|-damage|p2a: Necrozma|18/100
|-unboost|p1a: Zacian|def|1
|-unboost|p1a: Zacian|spd|1
|-damage|p1a: Zacian|51/100|[from] item: Rocky Helmet|[of] p2a: Necrozma
|move|p2a: Necrozma|Max Steelspike|p1a: Zacian
|-damage|p1a: Zacian|0 fnt
|-boost|p2a: Necrozma|def|1
|faint|p1a: Zacian
|
|upkeep
|
|t:|1661964436
|switch|p1a: Calyrex|Calyrex-Shadow|100/100
|-ability|p1a: Calyrex|As One
|-ability|p1a: Calyrex|Unnerve
|turn|19
|
|t:|1661964440
|-end|p2a: Necrozma|Dynamax
|-heal|p2a: Necrozma|18/100|[silent]
|switch|p2a: Arceus|Arceus-Dark|42/100
|-damage|p2a: Arceus|30/100|[from] Stealth Rock
|move|p1a: Calyrex|Nasty Plot|p1a: Calyrex
|-boost|p1a: Calyrex|spa|2
|
|upkeep
|turn|20
|
|t:|1661964445
|move|p1a: Calyrex|Astral Barrage|p2a: Arceus
|-resisted|p2a: Arceus
|-damage|p2a: Arceus|0 fnt
|faint|p2a: Arceus
|-ability|p1a: Calyrex|Grim Neigh|boost
|-boost|p1a: Calyrex|spa|1
|
|upkeep
|
|t:|1661964449
|switch|p2a: Chansey|Chansey, F|100/100
|-damage|p2a: Chansey|88/100|[from] Stealth Rock
|turn|21
|inactive|AG Champion Red has 120 seconds left.
|
|t:|1661964480
|move|p1a: Calyrex|Psyshock|p2a: Chansey
|-damage|p2a: Chansey|0 fnt
|faint|p2a: Chansey
|-ability|p1a: Calyrex|Grim Neigh|boost
|-boost|p1a: Calyrex|spa|1
|
|upkeep
|
|t:|1661964483
|switch|p2a: Ho-Oh|Ho-Oh|92/100
|turn|22
|
|t:|1661964486
|move|p1a: Calyrex|Astral Barrage|p2a: Ho-Oh
|-damage|p2a: Ho-Oh|0 fnt
|faint|p2a: Ho-Oh
|-ability|p1a: Calyrex|Grim Neigh|boost
|-boost|p1a: Calyrex|spa|1
|
|upkeep
|
|t:|1661964487
|switch|p2a: Lugia|Lugia, shiny|100/100 par
|turn|23
|
|t:|1661964490
|move|p1a: Calyrex|Astral Barrage|p2a: Lugia
|-supereffective|p2a: Lugia
|-damage|p2a: Lugia|0 fnt
|faint|p2a: Lugia
|-ability|p1a: Calyrex|Grim Neigh|boost
|-boost|p1a: Calyrex|spa|1
|
|upkeep
|
|t:|1661964491
|switch|p2a: Necrozma|Necrozma-Dusk-Mane|18/100
|-damage|p2a: Necrozma|12/100|[from] Stealth Rock
|turn|24
|
|t:|1661964494
|move|p1a: Calyrex|Astral Barrage|p2a: Necrozma
|-supereffective|p2a: Necrozma
|-damage|p2a: Necrozma|0 fnt
|faint|p2a: Necrozma
|
|win|AG Champion Red
|raw|AG Champion Red's rating: 1703 &rarr; <strong>1731</strong><br />(+28 for winning)
|raw|yarik667's rating: 1842 &rarr; <strong>1814</strong><br />(-28 for losing)
|l|☆yarik667
|c|☆AG Champion Red|Gg
||Ladder isn't responding, score probably updated but might not have (Request timeout).
