|j|☆Hikhanh123
|j|☆Usefuln't
|t:|1607103961
|player|p1|Hikhanh123|red|1107
|player|p2|Usefuln't|steven|1048
|teamsize|p1|6
|teamsize|p2|6
|gametype|singles
|gen|8
|tier|[Gen 8] National Dex AG
|rated|
|clearpoke
|poke|p1|Dugtrio, F|
|poke|p1|Dugtrio, M|
|poke|p1|Dugtrio, F|
|poke|p1|Ditto|
|poke|p1|Galvantula, F|
|poke|p1|Necrozma-Dusk-Mane|
|poke|p2|Altaria, M|
|poke|p2|Dragapult, M|
|poke|p2|Kingdra, F|
|poke|p2|Noivern, F|
|poke|p2|Duraludon, F|
|poke|p2|Goodra, M|
|rule|HP Percentage Mod: HP is shown in percentages
|rule|Endless Battle Clause: Forcing endless battles is banned
|teampreview
|inactive|Battle timer is ON: inactive players will automatically lose when time's up. (requested by Hikhanh123)
|
|t:|1607103975
|start
|switch|p1a: Galvantula|Galvantula, F|100/100
|switch|p2a: gooey boi|Goodra, M|100/100
|-ability|p1a: Galvantula|Unnerve|p2: Usefuln't
|turn|1
|
|t:|1607103981
|move|p1a: Galvantula|Spider Web|p2a: gooey boi
|-activate|p2a: gooey boi|trapped
|move|p2a: gooey boi|Rain Dance|p2a: gooey boi
|-weather|RainDance
|
|-weather|RainDance|[upkeep]
|upkeep
|turn|2
|
|t:|1607103990
|move|p1a: Galvantula|Spider Web||[still]
|-fail|p1a: Galvantula
|move|p2a: gooey boi|Ice Beam|p1a: Galvantula
|-damage|p1a: Galvantula|51/100
|
|-weather|RainDance|[upkeep]
|upkeep
|turn|3
|
|t:|1607103999
|move|p1a: Galvantula|Spider Web||[still]
|-fail|p1a: Galvantula
|move|p2a: gooey boi|Surf|p1a: Galvantula
|-damage|p1a: Galvantula|0 fnt
|faint|p1a: Galvantula
|
|-weather|RainDance|[upkeep]
|upkeep
|
|t:|1607104003
|switch|p1a: Dugtrio|Dugtrio, M|100/100
|turn|4
|
|t:|1607104029
|move|p1a: Dugtrio|Memento|p2a: gooey boi
|-unboost|p2a: gooey boi|atk|2
|-unboost|p2a: gooey boi|spa|2
|faint|p1a: Dugtrio
|move|p2a: gooey boi|Surf|p1: Dugtrio|[notarget]
|-fail|p2a: gooey boi
|
|-weather|RainDance|[upkeep]
|upkeep
|
|t:|1607104032
|switch|p1a: Dugtrio|Dugtrio, F|100/100
|turn|5
|
|t:|1607104044
|move|p1a: Dugtrio|Memento|p2a: gooey boi
|-unboost|p2a: gooey boi|atk|2
|-unboost|p2a: gooey boi|spa|2
|faint|p1a: Dugtrio
|move|p2a: gooey boi|Surf|p1: Dugtrio|[notarget]
|-fail|p2a: gooey boi
|
|-weather|RainDance|[upkeep]
|upkeep
|
|t:|1607104050
|switch|p1a: Dugtrio|Dugtrio, F|100/100
|turn|6
|
|t:|1607104060
|move|p1a: Dugtrio|Memento|p2a: gooey boi
|-unboost|p2a: gooey boi|atk|2
|-unboost|p2a: gooey boi|spa|2
|faint|p1a: Dugtrio
|move|p2a: gooey boi|Rain Dance||[still]
|-fail|p2a: gooey boi
|
|-weather|RainDance|[upkeep]
|upkeep
|
|t:|1607104064
|switch|p1a: Necrozma|Necrozma-Dusk-Mane|100/100
|turn|7
|
|t:|1607104075
|move|p1a: Necrozma|Dragon Dance|p1a: Necrozma
|-boost|p1a: Necrozma|atk|1
|-boost|p1a: Necrozma|spe|1
|move|p2a: gooey boi|Rain Dance||[still]
|-fail|p2a: gooey boi
|
|-weather|RainDance|[upkeep]
|upkeep
|turn|8
|
|t:|1607104082
|move|p1a: Necrozma|Dragon Dance|p1a: Necrozma
|-boost|p1a: Necrozma|atk|1
|-boost|p1a: Necrozma|spe|1
|move|p2a: gooey boi|Ice Beam|p1a: Necrozma
|-resisted|p1a: Necrozma
|-damage|p1a: Necrozma|97/100
|-status|p1a: Necrozma|frz
|
|-weather|none
|upkeep
|turn|9
|
|t:|1607104090
|cant|p1a: Necrozma|frz
|move|p2a: gooey boi|Rain Dance|p2a: gooey boi
|-weather|RainDance
|
|-weather|RainDance|[upkeep]
|upkeep
|turn|10
|
|t:|1607104095
|switch|p2a: C L O U D|Altaria, M|100/100
|cant|p1a: Necrozma|frz
|
|-weather|RainDance|[upkeep]
|upkeep
|turn|11
|inactive|Usefuln't has 120 seconds left.
|
|t:|1607104128
|detailschange|p2a: C L O U D|Altaria-Mega, M
|-mega|p2a: C L O U D|Altaria|Altarianite
|cant|p1a: Necrozma|frz
|move|p2a: C L O U D|Dragon Dance|p2a: C L O U D
|-boost|p2a: C L O U D|atk|1
|-boost|p2a: C L O U D|spe|1
|
|-weather|RainDance|[upkeep]
|upkeep
|turn|12
|
|t:|1607104139
|cant|p1a: Necrozma|frz
|move|p2a: C L O U D|Earthquake|p1a: Necrozma
|-supereffective|p1a: Necrozma
|-damage|p1a: Necrozma|37/100 frz
|
|-weather|RainDance|[upkeep]
|upkeep
|turn|13
|c|☆Usefuln't|eat shit
|
|t:|1607104145
|detailschange|p1a: Necrozma|Necrozma-Ultra
|-burst|p1a: Necrozma|Necrozma|Ultranecrozium Z
|cant|p1a: Necrozma|frz
|move|p2a: C L O U D|Earthquake|p1a: Necrozma
|-damage|p1a: Necrozma|0 fnt
|faint|p1a: Necrozma
|
|-weather|RainDance|[upkeep]
|upkeep
|
|t:|1607104149
|switch|p1a: Ditto|Ditto|100/100
|-transform|p1a: Ditto|p2a: C L O U D|[from] ability: Imposter
|turn|14
|
|t:|1607104163
|move|p1a: Ditto|Return|p2a: C L O U D
|-supereffective|p2a: C L O U D
|-damage|p2a: C L O U D|0 fnt
|faint|p2a: C L O U D
|
|-weather|RainDance|[upkeep]
|upkeep
|
|t:|1607104169
|switch|p2a: lighter|Duraludon, F|100/100
|turn|15
|
|t:|1607104172
|move|p1a: Ditto|Return|p2a: lighter
|-damage|p2a: lighter|49/100
|move|p2a: lighter|Flash Cannon|p1a: Ditto
|-supereffective|p1a: Ditto
|-crit|p1a: Ditto
|-damage|p1a: Ditto|0 fnt
|faint|p1a: Ditto
|
|win|Usefuln't
|l|☆Hikhanh123
|c|☆Usefuln't|eat shit
||Ladder (probably) updated, but score could not be retrieved (Request timeout).
