|j|☆iHaveAsthma
|j|☆09-10a
|t:|1646970188
|gametype|singles
|player|p1|iHaveAsthma|doctor|1729
|player|p2|09-10a|schoolkid-gen4dp|1857
|teamsize|p1|6
|teamsize|p2|6
|gen|8
|tier|[Gen 8] National Dex AG
|rated|
|rule|HP Percentage Mod: HP is shown in percentages
|rule|Endless Battle Clause: Forcing endless battles is banned
|clearpoke
|poke|p1|Rayquaza|
|poke|p1|Lugia|
|poke|p1|Calyrex-Shadow|
|poke|p1|Groudon|
|poke|p1|Arceus-*|
|poke|p1|Arceus-*|
|poke|p2|Smeargle, M|
|poke|p2|Arceus-*|
|poke|p2|Xerneas-*|
|poke|p2|Landorus-Therian, M|
|poke|p2|Arceus-*|
|poke|p2|Kartana|
|teampreview
|inactive|Battle timer is ON: inactive players will automatically lose when time's up. (requested by 09-10a)
|j| Peeltoon
|
|t:|1646970214
|start
|switch|p1a: Rayquaza|Rayquaza|100/100
|switch|p2a: Landorus|Landorus-Therian, M|100/100
|-ability|p2a: Landorus|Intimidate|boost
|-unboost|p1a: Rayquaza|atk|1
|-ability|p1a: Rayquaza|Air Lock
|turn|1
|
|t:|1646970231
|detailschange|p1a: Rayquaza|Rayquaza-Mega
|-mega|p1a: Rayquaza|Rayquaza|
|-weather|DeltaStream|[from] ability: Delta Stream|[of] p1a: Rayquaza
|move|p1a: Rayquaza|Scale Shot|p2a: Landorus
|-damage|p2a: Landorus|87/100
|-damage|p2a: Landorus|74/100
|-hitcount|p2a: Landorus|2
|-unboost|p1a: Rayquaza|def|1
|-boost|p1a: Rayquaza|spe|1
|move|p2a: Landorus|Stealth Rock|p1a: Rayquaza
|-sidestart|p1: iHaveAsthma|move: Stealth Rock
|
|-weather|DeltaStream|[upkeep]
|upkeep
|turn|2
|j| Alex Thailog
|
|t:|1646970238
|-weather|none
|switch|p1a: Lugia|Lugia|100/100
|move|p2a: Landorus|Explosion|p1a: Lugia
|-damage|p1a: Lugia|77/100
|faint|p2a: Landorus
|
|upkeep
|
|t:|1646970244
|switch|p2a: Smeargle|Smeargle, M|100/100
|turn|3
|
|t:|1646970258
|move|p2a: Smeargle|Taunt|p1a: Lugia
|-start|p1a: Lugia|move: Taunt
|cant|p1a: Lugia|move: Taunt|Defog
|
|upkeep
|turn|4
|
|t:|1646970262
|move|p2a: Smeargle|Sticky Web|p1a: Lugia
|-sidestart|p1: iHaveAsthma|move: Sticky Web
|-activate|p1a: Lugia|move: Struggle
|move|p1a: Lugia|Struggle|p2a: Smeargle
|-damage|p2a: Smeargle|77/100
|-damage|p1a: Lugia|52/100|[from] recoil
|
|upkeep
|turn|5
|
|t:|1646970275
|move|p2a: Smeargle|Nuzzle|p1a: Lugia
|-supereffective|p1a: Lugia
|-damage|p1a: Lugia|48/100
|-status|p1a: Lugia|par
|cant|p1a: Lugia|par
|
|-end|p1a: Lugia|move: Taunt
|upkeep
|turn|6
|
|t:|1646970287
|move|p2a: Smeargle|Taunt|p1a: Lugia
|-start|p1a: Lugia|move: Taunt
|cant|p1a: Lugia|move: Taunt|Defog
|
|upkeep
|turn|7
|
|t:|1646970316
|switch|p1a: Rayquaza|Rayquaza-Mega|100/100
|-damage|p1a: Rayquaza|75/100|[from] Stealth Rock
|-weather|DeltaStream|[from] ability: Delta Stream|[of] p1a: Rayquaza
|move|p2a: Smeargle|Rapid Spin|p1a: Rayquaza
|-damage|p1a: Rayquaza|61/100
|-boost|p2a: Smeargle|spe|1
|
|-weather|DeltaStream|[upkeep]
|upkeep
|turn|8
|
|t:|1646970331
|move|p2a: Smeargle|Nuzzle|p1a: Rayquaza
|-activate||deltastream
|-resisted|p1a: Rayquaza
|-damage|p1a: Rayquaza|59/100
|-status|p1a: Rayquaza|par
|cant|p1a: Rayquaza|par
|
|-weather|DeltaStream|[upkeep]
|upkeep
|turn|9
|
|t:|1646970348
|move|p2a: Smeargle|Taunt|p1a: Rayquaza
|-start|p1a: Rayquaza|move: Taunt
|move|p1a: Rayquaza|Dragon Ascent|p2a: Smeargle
|-damage|p2a: Smeargle|0 fnt
|-unboost|p1a: Rayquaza|def|1
|-unboost|p1a: Rayquaza|spd|1
|faint|p2a: Smeargle
|
|-weather|DeltaStream|[upkeep]
|upkeep
|
|t:|1646970361
|switch|p2a: Arceus|Arceus|100/100
|turn|10
|
|t:|1646970369
|move|p2a: Arceus|Swords Dance|p2a: Arceus
|-boost|p2a: Arceus|atk|2
|move|p1a: Rayquaza|Dragon Ascent|p2a: Arceus
|-damage|p2a: Arceus|27/100
|-unboost|p1a: Rayquaza|def|1
|-unboost|p1a: Rayquaza|spd|1
|
|-weather|DeltaStream|[upkeep]
|upkeep
|turn|11
|
|t:|1646970373
|move|p2a: Arceus|Extreme Speed|p1a: Rayquaza
|-damage|p1a: Rayquaza|0 fnt
|faint|p1a: Rayquaza
|-weather|none
|
|upkeep
|
|t:|1646970376
|switch|p1a: Arceus|Arceus-Ground|100/100
|-damage|p1a: Arceus|94/100|[from] Stealth Rock
|-activate|p1a: Arceus|move: Sticky Web
|-unboost|p1a: Arceus|spe|1
|turn|12
|
|t:|1646970380
|-zpower|p2a: Arceus
|move|p2a: Arceus|Breakneck Blitz|p1a: Arceus|[zeffect]
|-damage|p1a: Arceus|17/100
|move|p1a: Arceus|Judgment|p2a: Arceus
|-damage|p2a: Arceus|0 fnt
|faint|p2a: Arceus
|
|upkeep
|
|t:|1646970385
|switch|p2a: Kartana|Kartana|100/100
|turn|13
|
|t:|1646970389
|move|p2a: Kartana|Leaf Blade|p1a: Arceus
|-supereffective|p1a: Arceus
|-damage|p1a: Arceus|0 fnt
|faint|p1a: Arceus
|-ability|p2a: Kartana|Beast Boost|boost
|-boost|p2a: Kartana|atk|1
|-damage|p2a: Kartana|91/100|[from] item: Life Orb
|
|upkeep
|
|t:|1646970391
|switch|p1a: Lugia|Lugia|48/100 par
|turn|14
|
|t:|1646970394
|-start|p2a: Kartana|Dynamax
|-heal|p2a: Kartana|91/100|[silent]
|move|p2a: Kartana|Max Airstream|p1a: Lugia
|-damage|p1a: Lugia|0 fnt
|-boost|p2a: Kartana|spe|1
|faint|p1a: Lugia
|-ability|p2a: Kartana|Beast Boost|boost
|-boost|p2a: Kartana|atk|1
|-damage|p2a: Kartana|86/100|[from] item: Life Orb
|
|upkeep
|l|☆iHaveAsthma
|inactive|iHaveAsthma disconnected and has a minute to reconnect!
|player|p1|
|inactive|iHaveAsthma has 30 seconds to reconnect!
|inactive|iHaveAsthma has 20 seconds to reconnect!
|inactive|iHaveAsthma has 15 seconds to reconnect!
|inactive|iHaveAsthma has 10 seconds to reconnect!
|inactive|iHaveAsthma has 5 seconds to reconnect!
|-message|iHaveAsthma lost due to inactivity.
|
|win|09-10a
|raw|iHaveAsthma's rating: 1704 &rarr; <strong>1691</strong><br />(-13 for losing)
|raw|09-10a's rating: 1826 &rarr; <strong>1839</strong><br />(+13 for winning)
||Ladder isn't responding, score probably updated but might not have (Request timeout).
|l| Peeltoon
|l| Alex Thailog
|l|☆09-10a
|j| Alex Thailog
