|j|☆alt1445645
|j|☆lemoncell0
|t:|1659835065
|gametype|singles
|player|p1|alt1445645|170|1750
|player|p2|lemoncell0|allister|1777
|teamsize|p1|6
|teamsize|p2|6
|gen|8
|tier|[Gen 8] National Dex AG
|rated|
|rule|HP Percentage Mod: HP is shown in percentages
|rule|Endless Battle Clause: Forcing endless battles is banned
|clearpoke
|poke|p1|Arceus-*|
|poke|p1|Groudon|
|poke|p1|Zacian-*|
|poke|p1|Rayquaza|
|poke|p1|Calyrex-Shadow|
|poke|p1|Marshadow|
|poke|p2|Latias, F|
|poke|p2|Zacian-*|
|poke|p2|Tyranitar, M|
|poke|p2|Quagsire, M|
|poke|p2|Ferrothorn, M|
|poke|p2|Vivillon, F|
|teampreview
|inactive|Battle timer is ON: inactive players will automatically lose when time's up. (requested by lemoncell0)
|
|t:|1659835075
|start
|switch|p1a: Zacian|Zacian-Crowned|100/100
|switch|p2a: Zacian|Zacian-Crowned|100/100
|-ability|p1a: Zacian|Intrepid Sword|boost
|-boost|p1a: Zacian|atk|1
|-ability|p2a: Zacian|Intrepid Sword|boost
|-boost|p2a: Zacian|atk|1
|turn|1
|
|t:|1659835079
|switch|p1a: Groudon|Groudon|100/100
|detailschange|p1a: Groudon|Groudon-Primal
|-primal|p1a: Groudon
|-weather|DesolateLand|[from] ability: Desolate Land|[of] p1a: Groudon
|switch|p2a: Quagsire|Quagsire, M|100/100
|
|-weather|DesolateLand|[upkeep]
|upkeep
|turn|2
|
|t:|1659835084
|switch|p2a: Latias|Latias, F|100/100
|move|p1a: Groudon|Stealth Rock|p2a: Latias
|-sidestart|p2: lemoncell0|move: Stealth Rock
|
|-weather|DesolateLand|[upkeep]
|upkeep
|turn|3
|
|t:|1659835088
|detailschange|p2a: Latias|Latias-Mega, F
|-mega|p2a: Latias|Latias|Latiasite
|move|p2a: Latias|Defog|p1a: Groudon
|-unboost|p1a: Groudon|evasion|1
|-sideend|p2: lemoncell0|Stealth Rock|[from] move: Defog|[of] p2a: Latias
|move|p1a: Groudon|Thunder Wave|p2a: Latias
|-status|p2a: Latias|par
|
|-weather|DesolateLand|[upkeep]
|upkeep
|turn|4
|
|t:|1659835091
|move|p1a: Groudon|Stealth Rock|p2a: Latias
|-sidestart|p2: lemoncell0|move: Stealth Rock
|cant|p2a: Latias|par
|
|-weather|DesolateLand|[upkeep]
|upkeep
|turn|5
|
|t:|1659835099
|-weather|none
|switch|p1a: Zacian|Zacian-Crowned|100/100
|-ability|p1a: Zacian|Intrepid Sword|boost
|-boost|p1a: Zacian|atk|1
|move|p2a: Latias|Defog|p1a: Zacian
|-unboost|p1a: Zacian|evasion|1
|-sideend|p2: lemoncell0|Stealth Rock|[from] move: Defog|[of] p2a: Latias
|
|upkeep
|turn|6
|
|t:|1659835108
|switch|p2a: Quagsire|Quagsire, M|100/100
|move|p1a: Zacian|Play Rough|p2a: Quagsire
|-damage|p2a: Quagsire|61/100
|-damage|p1a: Zacian|84/100|[from] item: Rocky Helmet|[of] p2a: Quagsire
|
|upkeep
|turn|7
|
|t:|1659835118
|switch|p1a: Groudon|Groudon-Primal|100/100
|-weather|DesolateLand|[from] ability: Desolate Land|[of] p1a: Groudon
|move|p2a: Quagsire|Recover|p2a: Quagsire
|-heal|p2a: Quagsire|100/100
|
|-weather|DesolateLand|[upkeep]
|upkeep
|turn|8
|
|t:|1659835123
|switch|p2a: Latias|Latias-Mega, F|100/100 par
|move|p1a: Groudon|Stealth Rock|p2a: Latias
|-sidestart|p2: lemoncell0|move: Stealth Rock
|
|-weather|DesolateLand|[upkeep]
|upkeep
|turn|9
|
|t:|1659835129
|move|p1a: Groudon|Fire Punch|p2a: Latias
|-resisted|p2a: Latias
|-damage|p2a: Latias|75/100 par
|cant|p2a: Latias|par
|
|-weather|DesolateLand|[upkeep]
|upkeep
|turn|10
|
|t:|1659835132
|move|p1a: Groudon|Fire Punch|p2a: Latias
|-resisted|p2a: Latias
|-damage|p2a: Latias|49/100 par
|move|p2a: Latias|Defog|p1a: Groudon
|-unboost|p1a: Groudon|evasion|1
|-sideend|p2: lemoncell0|Stealth Rock|[from] move: Defog|[of] p2a: Latias
|
|-weather|DesolateLand|[upkeep]
|upkeep
|turn|11
|
|t:|1659835135
|move|p1a: Groudon|Stealth Rock|p2a: Latias
|-sidestart|p2: lemoncell0|move: Stealth Rock
|move|p2a: Latias|Recover|p2a: Latias
|-heal|p2a: Latias|99/100 par
|
|-weather|DesolateLand|[upkeep]
|upkeep
|turn|12
|
|t:|1659835139
|move|p1a: Groudon|Fire Punch|p2a: Latias
|-resisted|p2a: Latias
|-damage|p2a: Latias|76/100 par
|move|p2a: Latias|Defog|p1a: Groudon
|-unboost|p1a: Groudon|evasion|1
|-sideend|p2: lemoncell0|Stealth Rock|[from] move: Defog|[of] p2a: Latias
|
|-weather|DesolateLand|[upkeep]
|upkeep
|turn|13
|
|t:|1659835142
|move|p1a: Groudon|Stealth Rock|p2a: Latias
|-sidestart|p2: lemoncell0|move: Stealth Rock
|move|p2a: Latias|Draco Meteor|p1a: Groudon
|-damage|p1a: Groudon|48/100
|-unboost|p2a: Latias|spa|2
|
|-weather|DesolateLand|[upkeep]
|upkeep
|turn|14
|
|t:|1659835147
|move|p1a: Groudon|Fire Punch|p2a: Latias
|-resisted|p2a: Latias
|-damage|p2a: Latias|51/100 par
|cant|p2a: Latias|par
|
|-weather|DesolateLand|[upkeep]
|upkeep
|turn|15
|
|t:|1659835157
|move|p1a: Groudon|Fire Punch|p2a: Latias
|-resisted|p2a: Latias
|-damage|p2a: Latias|24/100 par
|move|p2a: Latias|Recover|p2a: Latias
|-heal|p2a: Latias|74/100 par
|
|-weather|DesolateLand|[upkeep]
|upkeep
|turn|16
|
|t:|1659835162
|move|p1a: Groudon|Fire Punch|p2a: Latias
|-resisted|p2a: Latias
|-damage|p2a: Latias|51/100 par
|move|p2a: Latias|Defog|p1a: Groudon
|-unboost|p1a: Groudon|evasion|1
|-sideend|p2: lemoncell0|Stealth Rock|[from] move: Defog|[of] p2a: Latias
|
|-weather|DesolateLand|[upkeep]
|upkeep
|turn|17
|
|t:|1659835169
|move|p1a: Groudon|Stealth Rock|p2a: Latias
|-sidestart|p2: lemoncell0|move: Stealth Rock
|cant|p2a: Latias|par
|
|-weather|DesolateLand|[upkeep]
|upkeep
|turn|18
|
|t:|1659835172
|move|p1a: Groudon|Fire Punch|p2a: Latias
|-resisted|p2a: Latias
|-crit|p2a: Latias
|-damage|p2a: Latias|12/100 par
|move|p2a: Latias|Defog|p1a: Groudon
|-unboost|p1a: Groudon|evasion|1
|-sideend|p2: lemoncell0|Stealth Rock|[from] move: Defog|[of] p2a: Latias
|
|-weather|DesolateLand|[upkeep]
|upkeep
|turn|19
|
|t:|1659835177
|move|p1a: Groudon|Stealth Rock|p2a: Latias
|-sidestart|p2: lemoncell0|move: Stealth Rock
|move|p2a: Latias|Recover|p2a: Latias
|-heal|p2a: Latias|62/100 par
|
|-weather|DesolateLand|[upkeep]
|upkeep
|turn|20
|
|t:|1659835180
|move|p1a: Groudon|Fire Punch|p2a: Latias
|-resisted|p2a: Latias
|-damage|p2a: Latias|37/100 par
|move|p2a: Latias|Defog|p1a: Groudon
|-unboost|p1a: Groudon|evasion|1
|-sideend|p2: lemoncell0|Stealth Rock|[from] move: Defog|[of] p2a: Latias
|
|-weather|DesolateLand|[upkeep]
|upkeep
|turn|21
|
|t:|1659835185
|switch|p2a: Vivillon|Vivillon, F|100/100
|move|p1a: Groudon|Stealth Rock|p2a: Vivillon
|-sidestart|p2: lemoncell0|move: Stealth Rock
|
|-weather|DesolateLand|[upkeep]
|upkeep
|turn|22
|
|t:|1659835191
|move|p2a: Vivillon|Sleep Powder|p1a: Groudon
|-status|p1a: Groudon|slp|[from] move: Sleep Powder
|cant|p1a: Groudon|slp
|
|-weather|DesolateLand|[upkeep]
|upkeep
|turn|23
|
|t:|1659835193
|-weather|none
|switch|p1a: Arceus|Arceus|100/100
|move|p2a: Vivillon|Quiver Dance|p2a: Vivillon
|-boost|p2a: Vivillon|spa|1
|-boost|p2a: Vivillon|spd|1
|-boost|p2a: Vivillon|spe|1
|
|upkeep
|turn|24
|
|t:|1659835196
|move|p1a: Arceus|Extreme Speed|p2a: Vivillon
|-damage|p2a: Vivillon|27/100
|move|p2a: Vivillon|Sleep Powder|p1a: Arceus
|-status|p1a: Arceus|slp|[from] move: Sleep Powder
|
|-heal|p2a: Vivillon|33/100|[from] item: Leftovers
|upkeep
|turn|25
|
|t:|1659835203
|cant|p1a: Arceus|slp
|move|p2a: Vivillon|Substitute|p2a: Vivillon
|-start|p2a: Vivillon|Substitute
|-damage|p2a: Vivillon|8/100
|
|-heal|p2a: Vivillon|14/100|[from] item: Leftovers
|upkeep
|turn|26
|
|t:|1659835207
|cant|p1a: Arceus|slp
|move|p2a: Vivillon|Hurricane|p1a: Arceus
|-damage|p1a: Arceus|58/100 slp
|-start|p1a: Arceus|confusion
|
|-heal|p2a: Vivillon|20/100|[from] item: Leftovers
|upkeep
|turn|27
|
|t:|1659835210
|cant|p1a: Arceus|slp
|move|p2a: Vivillon|Hurricane|p1a: Arceus
|-crit|p1a: Arceus
|-damage|p1a: Arceus|4/100 slp
|
|-heal|p2a: Vivillon|26/100|[from] item: Leftovers
|upkeep
|turn|28
|
|t:|1659835213
|-curestatus|p1a: Arceus|slp|[msg]
|-activate|p1a: Arceus|confusion
|move|p1a: Arceus|Extreme Speed|p2a: Vivillon
|-end|p2a: Vivillon|Substitute
|move|p2a: Vivillon|Hurricane|p1a: Arceus
|-damage|p1a: Arceus|0 fnt
|faint|p1a: Arceus
|
|-heal|p2a: Vivillon|32/100|[from] item: Leftovers
|upkeep
|
|t:|1659835220
|switch|p1a: Rayquaza|Rayquaza|100/100
|-ability|p1a: Rayquaza|Air Lock
|turn|29
|
|t:|1659835227
|switch|p2a: Ferrothorn|Ferrothorn, M|100/100
|-damage|p2a: Ferrothorn|94/100|[from] Stealth Rock
|detailschange|p1a: Rayquaza|Rayquaza-Mega
|-mega|p1a: Rayquaza|Rayquaza|
|-weather|DeltaStream|[from] ability: Delta Stream|[of] p1a: Rayquaza
|move|p1a: Rayquaza|Extreme Speed|p2a: Ferrothorn
|-resisted|p2a: Ferrothorn
|-damage|p2a: Ferrothorn|80/100
|-damage|p1a: Rayquaza|88/100|[from] ability: Iron Barbs|[of] p2a: Ferrothorn
|
|-weather|DeltaStream|[upkeep]
|-heal|p2a: Ferrothorn|87/100|[from] item: Leftovers
|upkeep
|turn|30
|
|t:|1659835243
|switch|p2a: Vivillon|Vivillon, F|32/100
|-damage|p2a: Vivillon|0 fnt|[from] Stealth Rock
|faint|p2a: Vivillon
|move|p1a: Rayquaza|Dragon Dance|p1a: Rayquaza
|-boost|p1a: Rayquaza|atk|1
|-boost|p1a: Rayquaza|spe|1
|
|-weather|DeltaStream|[upkeep]
|upkeep
|
|t:|1659835245
|switch|p2a: Quagsire|Quagsire, M|100/100
|-damage|p2a: Quagsire|94/100|[from] Stealth Rock
|turn|31
|
|t:|1659835273
|-weather|none
|switch|p1a: Calyrex|Calyrex-Shadow|100/100
|-ability|p1a: Calyrex|As One
|-ability|p1a: Calyrex|Unnerve
|move|p2a: Quagsire|Counter||[still]
|-fail|p2a: Quagsire
|
|upkeep
|turn|32
|inactive|lemoncell0 has 120 seconds left.
|
|t:|1659835316
|switch|p1a: Groudon|Groudon-Primal|48/100 slp
|-weather|DesolateLand|[from] ability: Desolate Land|[of] p1a: Groudon
|switch|p2a: Tyranitar|Tyranitar, M|100/100
|-damage|p2a: Tyranitar|88/100|[from] Stealth Rock
|-ability|p2a: Tyranitar|Sand Stream|[from] desolateland|[fail]
|
|-weather|DesolateLand|[upkeep]
|-heal|p2a: Tyranitar|94/100|[from] item: Leftovers
|upkeep
|turn|33
|
|t:|1659835322
|switch|p2a: Zacian|Zacian-Crowned|100/100
|-damage|p2a: Zacian|94/100|[from] Stealth Rock
|-ability|p2a: Zacian|Intrepid Sword|boost
|-boost|p2a: Zacian|atk|1
|cant|p1a: Groudon|slp
|
|-weather|DesolateLand|[upkeep]
|upkeep
|turn|34
|
|t:|1659835325
|move|p2a: Zacian|Close Combat|p1a: Groudon
|-damage|p1a: Groudon|10/100 slp
|-unboost|p2a: Zacian|def|1
|-unboost|p2a: Zacian|spd|1
|cant|p1a: Groudon|slp
|
|-weather|DesolateLand|[upkeep]
|upkeep
|turn|35
|c|☆alt1445645|3 turns wacky
|
|t:|1659835338
|move|p2a: Zacian|Behemoth Blade|p1a: Groudon
|-resisted|p1a: Groudon
|-damage|p1a: Groudon|0 fnt
|faint|p1a: Groudon
|-weather|none
|
|upkeep
|
|t:|1659835346
|switch|p1a: Calyrex|Calyrex-Shadow|100/100
|-ability|p1a: Calyrex|As One
|-ability|p1a: Calyrex|Unnerve
|turn|36
|
|t:|1659835356
|switch|p1a: Zacian|Zacian-Crowned|84/100
|-ability|p1a: Zacian|Intrepid Sword|boost
|-boost|p1a: Zacian|atk|1
|switch|p2a: Tyranitar|Tyranitar, M|94/100
|-damage|p2a: Tyranitar|82/100|[from] Stealth Rock
|-weather|Sandstorm|[from] ability: Sand Stream|[of] p2a: Tyranitar
|
|-weather|Sandstorm|[upkeep]
|-heal|p2a: Tyranitar|88/100|[from] item: Leftovers
|upkeep
|turn|37
|
|t:|1659835363
|switch|p2a: Quagsire|Quagsire, M|94/100
|-damage|p2a: Quagsire|88/100|[from] Stealth Rock
|move|p1a: Zacian|Play Rough|p2a: Quagsire
|-damage|p2a: Quagsire|46/100
|-damage|p1a: Zacian|67/100|[from] item: Rocky Helmet|[of] p2a: Quagsire
|
|-weather|Sandstorm|[upkeep]
|upkeep
|turn|38
|
|t:|1659835372
|switch|p1a: Rayquaza|Rayquaza-Mega|88/100
|-weather|DeltaStream|[from] ability: Delta Stream|[of] p1a: Rayquaza
|move|p2a: Quagsire|Recover|p2a: Quagsire
|-heal|p2a: Quagsire|96/100
|
|-weather|DeltaStream|[upkeep]
|upkeep
|turn|39
|
|t:|1659835384
|move|p1a: Rayquaza|Dragon Dance|p1a: Rayquaza
|-boost|p1a: Rayquaza|atk|1
|-boost|p1a: Rayquaza|spe|1
|move|p2a: Quagsire|Counter||[still]
|-fail|p2a: Quagsire
|
|-weather|DeltaStream|[upkeep]
|upkeep
|turn|40
|
|t:|1659835389
|move|p1a: Rayquaza|Dragon Ascent|p2a: Quagsire
|-damage|p2a: Quagsire|38/100
|-unboost|p1a: Rayquaza|def|1
|-unboost|p1a: Rayquaza|spd|1
|-damage|p1a: Rayquaza|72/100|[from] item: Rocky Helmet|[of] p2a: Quagsire
|move|p2a: Quagsire|Counter|p1a: Rayquaza
|-damage|p1a: Rayquaza|0 fnt
|faint|p1a: Rayquaza
|-weather|none
|
|upkeep
|
|t:|1659835394
|switch|p1a: Zacian|Zacian-Crowned|67/100
|-ability|p1a: Zacian|Intrepid Sword|boost
|-boost|p1a: Zacian|atk|1
|turn|41
|
|t:|1659835400
|move|p1a: Zacian|Play Rough|p2a: Quagsire
|-damage|p2a: Quagsire|0 fnt
|-damage|p1a: Zacian|51/100|[from] item: Rocky Helmet|[of] p2a: Quagsire
|faint|p2a: Quagsire
|
|upkeep
|
|t:|1659835401
|switch|p2a: Zacian|Zacian-Crowned|94/100
|-damage|p2a: Zacian|88/100|[from] Stealth Rock
|-ability|p2a: Zacian|Intrepid Sword|boost
|-boost|p2a: Zacian|atk|1
|turn|42
|
|t:|1659835405
|move|p1a: Zacian|Behemoth Blade|p2a: Zacian
|-damage|p2a: Zacian|5/100
|move|p2a: Zacian|Behemoth Blade|p1a: Zacian
|-damage|p1a: Zacian|0 fnt
|faint|p1a: Zacian
|
|upkeep
|
|t:|1659835409
|switch|p1a: Marshadow|Marshadow|100/100
|turn|43
|
|t:|1659835414
|switch|p2a: Ferrothorn|Ferrothorn, M|87/100
|-damage|p2a: Ferrothorn|80/100|[from] Stealth Rock
|move|p1a: Marshadow|Shadow Sneak|p2a: Ferrothorn
|-damage|p2a: Ferrothorn|56/100
|-damage|p1a: Marshadow|88/100|[from] ability: Iron Barbs|[of] p2a: Ferrothorn
|
|-heal|p2a: Ferrothorn|62/100|[from] item: Leftovers
|upkeep
|turn|44
|
|t:|1659835423
|move|p2a: Ferrothorn|Protect|p2a: Ferrothorn
|-singleturn|p2a: Ferrothorn|Protect
|move|p1a: Marshadow|Close Combat|p2a: Ferrothorn
|-activate|p2a: Ferrothorn|move: Protect
|
|-heal|p2a: Ferrothorn|69/100|[from] item: Leftovers
|upkeep
|turn|45
|
|t:|1659835427
|switch|p2a: Latias|Latias-Mega, F|37/100 par
|-damage|p2a: Latias|24/100 par|[from] Stealth Rock
|move|p1a: Marshadow|Close Combat|p2a: Latias
|-resisted|p2a: Latias
|-damage|p2a: Latias|0 fnt
|-unboost|p1a: Marshadow|def|1
|-unboost|p1a: Marshadow|spd|1
|faint|p2a: Latias
|
|upkeep
|
|t:|1659835431
|switch|p2a: Zacian|Zacian-Crowned|5/100
|-damage|p2a: Zacian|0 fnt|[from] Stealth Rock
|faint|p2a: Zacian
|
|t:|1659835432
|switch|p2a: Tyranitar|Tyranitar, M|88/100
|-damage|p2a: Tyranitar|76/100|[from] Stealth Rock
|-weather|Sandstorm|[from] ability: Sand Stream|[of] p2a: Tyranitar
|turn|46
|
|t:|1659835436
|-start|p2a: Tyranitar|Dynamax|
|-heal|p2a: Tyranitar|76/100|[silent]
|move|p1a: Marshadow|Close Combat|p2a: Tyranitar
|-supereffective|p2a: Tyranitar
|-damage|p2a: Tyranitar|0 fnt
|-unboost|p1a: Marshadow|def|1
|-unboost|p1a: Marshadow|spd|1
|faint|p2a: Tyranitar
|
|-weather|Sandstorm|[upkeep]
|-damage|p1a: Marshadow|82/100|[from] Sandstorm
|upkeep
|
|t:|1659835439
|switch|p2a: Ferrothorn|Ferrothorn, M|69/100
|-damage|p2a: Ferrothorn|62/100|[from] Stealth Rock
|turn|47
|
|t:|1659835441
|move|p1a: Marshadow|Close Combat|p2a: Ferrothorn
|-supereffective|p2a: Ferrothorn
|-damage|p2a: Ferrothorn|0 fnt
|-unboost|p1a: Marshadow|def|1
|-unboost|p1a: Marshadow|spd|1
|-damage|p1a: Marshadow|69/100|[from] ability: Iron Barbs|[of] p2a: Ferrothorn
|faint|p2a: Ferrothorn
|
|win|alt1445645
|raw|alt1445645's rating: 1750 &rarr; <strong>1772</strong><br />(+22 for winning)
|raw|lemoncell0's rating: 1777 &rarr; <strong>1755</strong><br />(-22 for losing)
|l|☆lemoncell0
||Ladder isn't responding, score probably updated but might not have (Request timeout).
