|j|☆DarkboiJ
|j|☆TikiTikiTa!
|t:|1666817510
|gametype|singles
|player|p1|DarkboiJ|blue-gen3two|1779
|player|p2|TikiTikiTa!|102|1751
|teamsize|p1|6
|teamsize|p2|6
|gen|8
|tier|[Gen 8] National Dex AG
|rated|
|rule|HP Percentage Mod: HP is shown in percentages
|rule|Endless Battle Clause: Forcing endless battles is banned
|clearpoke
|poke|p1|Mewtwo|
|poke|p1|Arceus-*|
|poke|p1|Ditto|
|poke|p1|Arceus-*|
|poke|p1|Rayquaza|
|poke|p1|Arceus-*|
|poke|p2|Blaziken, F|
|poke|p2|Arceus-*|
|poke|p2|Excadrill, F|
|poke|p2|Pyukumuku, F|
|poke|p2|Toxapex, F|
|poke|p2|Lugia|
|teampreview
|inactive|Battle timer is ON: inactive players will automatically lose when time's up. (requested by DarkboiJ)
|
|t:|1666817523
|start
|switch|p1a: All time fav💞|Mewtwo|100/100
|switch|p2a: Professional|Excadrill, F|100/100
|-ability|p1a: All time fav💞|Pressure
|-ability|p2a: Professional|Mold Breaker
|turn|1
|
|t:|1666817530
|move|p1a: All time fav💞|Taunt|p2a: Professional
|-start|p2a: Professional|move: Taunt
|move|p2a: Professional|Rapid Spin|p1a: All time fav💞
|-damage|p1a: All time fav💞|83/100
|-boost|p2a: Professional|spe|1
|
|-heal|p1a: All time fav💞|89/100|[from] item: Leftovers
|upkeep
|turn|2
|
|t:|1666817533
|move|p2a: Professional|Earthquake|p1a: All time fav💞
|-damage|p1a: All time fav💞|32/100
|move|p1a: All time fav💞|Will-O-Wisp|p2a: Professional
|-status|p2a: Professional|brn
|
|-heal|p1a: All time fav💞|38/100|[from] item: Leftovers
|-damage|p2a: Professional|94/100 brn|[from] brn
|upkeep
|turn|3
|
|t:|1666817535
|move|p2a: Professional|Earthquake|p1a: All time fav💞
|-damage|p1a: All time fav💞|10/100
|move|p1a: All time fav💞|Recover|p1a: All time fav💞
|-heal|p1a: All time fav💞|60/100
|
|-heal|p1a: All time fav💞|66/100|[from] item: Leftovers
|-damage|p2a: Professional|88/100 brn|[from] brn
|-end|p2a: Professional|move: Taunt
|upkeep
|turn|4
|
|t:|1666817541
|move|p2a: Professional|Stealth Rock|p1a: All time fav💞
|-sidestart|p1: DarkboiJ|move: Stealth Rock
|move|p1a: All time fav💞|Recover|p1a: All time fav💞
|-heal|p1a: All time fav💞|100/100
|
|-damage|p2a: Professional|82/100 brn|[from] brn
|upkeep
|turn|5
|
|t:|1666817543
|move|p2a: Professional|Rock Tomb|p1a: All time fav💞
|-damage|p1a: All time fav💞|90/100
|-unboost|p1a: All time fav💞|spe|1
|move|p1a: All time fav💞|Psychic|p2a: Professional
|-resisted|p2a: Professional
|-damage|p2a: Professional|51/100 brn
|-unboost|p2a: Professional|spd|1
|
|-heal|p1a: All time fav💞|96/100|[from] item: Leftovers
|-damage|p2a: Professional|45/100 brn|[from] brn
|upkeep
|turn|6
|
|t:|1666817552
|switch|p1a: Arceus|Arceus-Fairy|100/100
|-damage|p1a: Arceus|88/100|[from] Stealth Rock
|move|p2a: Professional|Rock Tomb|p1a: Arceus
|-damage|p1a: Arceus|80/100
|-unboost|p1a: Arceus|spe|1
|
|-damage|p2a: Professional|39/100 brn|[from] brn
|upkeep
|turn|7
|
|t:|1666817556
|move|p2a: Professional|Rock Tomb|p1a: Arceus
|-damage|p1a: Arceus|73/100
|-unboost|p1a: Arceus|spe|1
|move|p1a: Arceus|Stealth Rock|p2a: Professional
|-sidestart|p2: TikiTikiTa!|move: Stealth Rock
|
|-damage|p2a: Professional|33/100 brn|[from] brn
|upkeep
|turn|8
|
|t:|1666817558
|move|p2a: Professional|Rapid Spin|p1a: Arceus
|-damage|p1a: Arceus|67/100
|-boost|p2a: Professional|spe|1
|-sideend|p2: TikiTikiTa!|Stealth Rock|[from] move: Rapid Spin|[of] p2a: Professional
|move|p1a: Arceus|Stealth Rock|p2a: Professional
|-sidestart|p2: TikiTikiTa!|move: Stealth Rock
|
|-damage|p2a: Professional|27/100 brn|[from] brn
|upkeep
|turn|9
|
|t:|1666817561
|move|p2a: Professional|Rapid Spin|p1a: Arceus
|-damage|p1a: Arceus|60/100
|-boost|p2a: Professional|spe|1
|-sideend|p2: TikiTikiTa!|Stealth Rock|[from] move: Rapid Spin|[of] p2a: Professional
|move|p1a: Arceus|Recover|p1a: Arceus
|-heal|p1a: Arceus|100/100
|
|-damage|p2a: Professional|21/100 brn|[from] brn
|upkeep
|turn|10
|
|t:|1666817567
|move|p2a: Professional|Rock Tomb|p1a: Arceus
|-damage|p1a: Arceus|93/100
|-unboost|p1a: Arceus|spe|1
|move|p1a: Arceus|Stealth Rock|p2a: Professional
|-sidestart|p2: TikiTikiTa!|move: Stealth Rock
|
|-damage|p2a: Professional|15/100 brn|[from] brn
|upkeep
|turn|11
|
|t:|1666817569
|move|p2a: Professional|Rapid Spin|p1a: Arceus
|-damage|p1a: Arceus|86/100
|-boost|p2a: Professional|spe|1
|-sideend|p2: TikiTikiTa!|Stealth Rock|[from] move: Rapid Spin|[of] p2a: Professional
|move|p1a: Arceus|Stealth Rock|p2a: Professional
|-sidestart|p2: TikiTikiTa!|move: Stealth Rock
|
|-damage|p2a: Professional|9/100 brn|[from] brn
|upkeep
|turn|12
|
|t:|1666817572
|move|p2a: Professional|Rapid Spin|p1a: Arceus
|-damage|p1a: Arceus|79/100
|-boost|p2a: Professional|spe|1
|-sideend|p2: TikiTikiTa!|Stealth Rock|[from] move: Rapid Spin|[of] p2a: Professional
|move|p1a: Arceus|Stealth Rock|p2a: Professional
|-sidestart|p2: TikiTikiTa!|move: Stealth Rock
|
|-damage|p2a: Professional|2/100 brn|[from] brn
|upkeep
|turn|13
|
|t:|1666817574
|move|p2a: Professional|Rapid Spin|p1a: Arceus
|-damage|p1a: Arceus|73/100
|-boost|p2a: Professional|spe|1
|-sideend|p2: TikiTikiTa!|Stealth Rock|[from] move: Rapid Spin|[of] p2a: Professional
|move|p1a: Arceus|Stealth Rock|p2a: Professional
|-sidestart|p2: TikiTikiTa!|move: Stealth Rock
|
|-damage|p2a: Professional|0 fnt|[from] brn
|faint|p2a: Professional
|upkeep
|
|t:|1666817575
|switch|p2a: Arceus|Arceus-Electric, shiny|100/100
|-damage|p2a: Arceus|88/100|[from] Stealth Rock
|turn|14
|
|t:|1666817579
|move|p2a: Arceus|Calm Mind|p2a: Arceus
|-boost|p2a: Arceus|spa|1
|-boost|p2a: Arceus|spd|1
|move|p1a: Arceus|Toxic|p2a: Arceus
|-status|p2a: Arceus|tox
|
|-damage|p2a: Arceus|82/100 tox|[from] psn
|upkeep
|turn|15
|
|t:|1666817584
|move|p2a: Arceus|Judgment|p1a: Arceus
|-damage|p1a: Arceus|33/100
|move|p1a: Arceus|Recover|p1a: Arceus
|-heal|p1a: Arceus|83/100
|
|-damage|p2a: Arceus|69/100 tox|[from] psn
|upkeep
|turn|16
|
|t:|1666817587
|switch|p2a: Hi zacian 2|Toxapex, F|100/100
|-damage|p2a: Hi zacian 2|88/100|[from] Stealth Rock
|move|p1a: Arceus|Recover|p1a: Arceus
|-heal|p1a: Arceus|100/100
|
|upkeep
|turn|17
|
|t:|1666817593
|switch|p1a: Ditto|Ditto, shiny|100/100
|-damage|p1a: Ditto|88/100|[from] Stealth Rock
|-transform|p1a: Ditto|p2a: Hi zacian 2|[from] ability: Imposter
|move|p2a: Hi zacian 2|Toxic|p1a: Ditto
|-immune|p1a: Ditto
|
|upkeep
|turn|18
|
|t:|1666817595
|switch|p1a: Arceus|Arceus-Electric|100/100
|-damage|p1a: Arceus|88/100|[from] Stealth Rock
|move|p2a: Hi zacian 2|Baneful Bunker||[still]
|-fail|p2a: Hi zacian 2
|
|upkeep
|turn|19
|
|t:|1666817598
|move|p1a: Arceus|Judgment|p2a: Hi zacian 2
|-supereffective|p2a: Hi zacian 2
|-damage|p2a: Hi zacian 2|9/100
|move|p2a: Hi zacian 2|Toxic|p1a: Arceus
|-status|p1a: Arceus|tox
|
|-damage|p1a: Arceus|82/100 tox|[from] psn
|upkeep
|turn|20
|
|t:|1666817608
|switch|p1a: All time fav💞|Mewtwo|96/100
|-damage|p1a: All time fav💞|84/100|[from] Stealth Rock
|-ability|p1a: All time fav💞|Pressure
|move|p2a: Hi zacian 2|Baneful Bunker||[still]
|-fail|p2a: Hi zacian 2
|
|-heal|p1a: All time fav💞|90/100|[from] item: Leftovers
|upkeep
|turn|21
|
|t:|1666817615
|switch|p2a: Hi zacian|Pyukumuku, F|100/100
|-damage|p2a: Hi zacian|88/100|[from] Stealth Rock
|move|p1a: All time fav💞|Psychic|p2a: Hi zacian
|-damage|p2a: Hi zacian|54/100
|
|-heal|p1a: All time fav💞|96/100|[from] item: Leftovers
|-heal|p2a: Hi zacian|60/100|[from] item: Leftovers
|upkeep
|turn|22
|
|t:|1666817618
|move|p1a: All time fav💞|Taunt|p2a: Hi zacian
|-start|p2a: Hi zacian|move: Taunt
|cant|p2a: Hi zacian|move: Taunt|Toxic
|
|-heal|p1a: All time fav💞|100/100|[from] item: Leftovers
|-heal|p2a: Hi zacian|66/100|[from] item: Leftovers
|upkeep
|turn|23
|
|t:|1666817620
|move|p1a: All time fav💞|Will-O-Wisp|p2a: Hi zacian
|-status|p2a: Hi zacian|brn
|move|p2a: Hi zacian|Mirror Coat||[still]
|-fail|p2a: Hi zacian
|
|-heal|p2a: Hi zacian|72/100 brn|[from] item: Leftovers
|-damage|p2a: Hi zacian|66/100 brn|[from] brn
|upkeep
|turn|24
|
|t:|1666817625
|move|p1a: All time fav💞|Will-O-Wisp|p2a: Hi zacian
|-fail|p2a: Hi zacian|brn
|move|p2a: Hi zacian|Mirror Coat||[still]
|-fail|p2a: Hi zacian
|
|-heal|p2a: Hi zacian|72/100 brn|[from] item: Leftovers
|-damage|p2a: Hi zacian|66/100 brn|[from] brn
|-end|p2a: Hi zacian|move: Taunt
|upkeep
|turn|25
|
|t:|1666817629
|switch|p2a: Blocker Man|Lugia|100/100
|-damage|p2a: Blocker Man|75/100|[from] Stealth Rock
|move|p1a: All time fav💞|Taunt|p2a: Blocker Man
|-start|p2a: Blocker Man|move: Taunt
|
|-heal|p2a: Blocker Man|82/100|[from] item: Leftovers
|upkeep
|turn|26
|
|t:|1666817632
|move|p1a: All time fav💞|Will-O-Wisp|p2a: Blocker Man
|-status|p2a: Blocker Man|brn
|move|p2a: Blocker Man|Aeroblast|p1a: All time fav💞
|-damage|p1a: All time fav💞|72/100
|
|-heal|p1a: All time fav💞|78/100|[from] item: Leftovers
|-heal|p2a: Blocker Man|88/100 brn|[from] item: Leftovers
|-damage|p2a: Blocker Man|82/100 brn|[from] brn
|upkeep
|turn|27
|
|t:|1666817636
|move|p1a: All time fav💞|Psychic|p2a: Blocker Man
|-resisted|p2a: Blocker Man
|-damage|p2a: Blocker Man|71/100 brn
|move|p2a: Blocker Man|Aeroblast|p1a: All time fav💞
|-damage|p1a: All time fav💞|48/100
|
|-heal|p1a: All time fav💞|54/100|[from] item: Leftovers
|-heal|p2a: Blocker Man|78/100 brn|[from] item: Leftovers
|-damage|p2a: Blocker Man|71/100 brn|[from] brn
|-end|p2a: Blocker Man|move: Taunt
|upkeep
|turn|28
|
|t:|1666817640
|move|p1a: All time fav💞|Taunt|p2a: Blocker Man
|-start|p2a: Blocker Man|move: Taunt
|cant|p2a: Blocker Man|move: Taunt|Defog
|
|-heal|p1a: All time fav💞|60/100|[from] item: Leftovers
|-heal|p2a: Blocker Man|78/100 brn|[from] item: Leftovers
|-damage|p2a: Blocker Man|71/100 brn|[from] brn
|upkeep
|turn|29
|
|t:|1666817642
|move|p1a: All time fav💞|Recover|p1a: All time fav💞
|-heal|p1a: All time fav💞|100/100
|move|p2a: Blocker Man|Aeroblast|p1a: All time fav💞
|-damage|p1a: All time fav💞|73/100
|
|-heal|p1a: All time fav💞|79/100|[from] item: Leftovers
|-heal|p2a: Blocker Man|78/100 brn|[from] item: Leftovers
|-damage|p2a: Blocker Man|71/100 brn|[from] brn
|upkeep
|turn|30
|
|t:|1666817646
|switch|p2a: Hi zacian|Pyukumuku, F|66/100 brn
|-damage|p2a: Hi zacian|54/100 brn|[from] Stealth Rock
|move|p1a: All time fav💞|Psychic|p2a: Hi zacian
|-damage|p2a: Hi zacian|19/100 brn
|
|-heal|p1a: All time fav💞|86/100|[from] item: Leftovers
|-heal|p2a: Hi zacian|25/100 brn|[from] item: Leftovers
|-damage|p2a: Hi zacian|19/100 brn|[from] brn
|upkeep
|turn|31
|
|t:|1666817649
|move|p1a: All time fav💞|Psychic|p2a: Hi zacian
|-damage|p2a: Hi zacian|0 fnt
|faint|p2a: Hi zacian
|
|-heal|p1a: All time fav💞|92/100|[from] item: Leftovers
|upkeep
|
|t:|1666817650
|switch|p2a: Arceus|Arceus-Electric, shiny|69/100 tox
|-damage|p2a: Arceus|57/100 tox|[from] Stealth Rock
|turn|32
|
|t:|1666817658
|move|p1a: All time fav💞|Taunt|p2a: Arceus
|-start|p2a: Arceus|move: Taunt
|cant|p2a: Arceus|move: Taunt|Calm Mind
|
|-heal|p1a: All time fav💞|98/100|[from] item: Leftovers
|-damage|p2a: Arceus|51/100 tox|[from] psn
|upkeep
|turn|33
|
|t:|1666817664
|move|p1a: All time fav💞|Psychic|p2a: Arceus
|-damage|p2a: Arceus|16/100 tox
|move|p2a: Arceus|Judgment|p1a: All time fav💞
|-damage|p1a: All time fav💞|53/100
|
|-heal|p1a: All time fav💞|59/100|[from] item: Leftovers
|-damage|p2a: Arceus|4/100 tox|[from] psn
|upkeep
|turn|34
|
|t:|1666817668
|move|p1a: All time fav💞|Psychic|p2a: Arceus
|-damage|p2a: Arceus|0 fnt
|faint|p2a: Arceus
|
|-heal|p1a: All time fav💞|65/100|[from] item: Leftovers
|upkeep
|
|t:|1666817670
|switch|p2a: Sixth Degree.|Blaziken, F|100/100
|-damage|p2a: Sixth Degree.|88/100|[from] Stealth Rock
|turn|35
|
|t:|1666817674
|detailschange|p2a: Sixth Degree.|Blaziken-Mega, F
|-mega|p2a: Sixth Degree.|Blaziken|Blazikenite
|move|p1a: All time fav💞|Psychic|p2a: Sixth Degree.
|-supereffective|p2a: Sixth Degree.
|-damage|p2a: Sixth Degree.|0 fnt
|faint|p2a: Sixth Degree.
|
|-heal|p1a: All time fav💞|71/100|[from] item: Leftovers
|upkeep
|
|t:|1666817679
|switch|p2a: Hi zacian 2|Toxapex, F|42/100
|-damage|p2a: Hi zacian 2|30/100|[from] Stealth Rock
|turn|36
|
|t:|1666817683
|-start|p2a: Hi zacian 2|Dynamax|
|-heal|p2a: Hi zacian 2|30/100|[silent]
|move|p1a: All time fav💞|Psychic|p2a: Hi zacian 2
|-supereffective|p2a: Hi zacian 2
|-damage|p2a: Hi zacian 2|0 fnt
|faint|p2a: Hi zacian 2
|
|-heal|p1a: All time fav💞|78/100|[from] item: Leftovers
|upkeep
|-message|TikiTikiTa! forfeited.
|
|win|DarkboiJ
|raw|DarkboiJ's rating: 1779 &rarr; <strong>1797</strong><br />(+18 for winning)
|raw|TikiTikiTa!'s rating: 1751 &rarr; <strong>1733</strong><br />(-18 for losing)
|l|☆TikiTikiTa!
