|j|☆TheGirl0nFire
|j|☆Blake-Mamba
|t:|1641501666
|gametype|singles
|player|p1|TheGirl0nFire|flannery|1738
|player|p2|Blake-Mamba|1|1610
|teamsize|p1|6
|teamsize|p2|6
|gen|8
|tier|[Gen 8] National Dex AG
|rated|
|rule|HP Percentage Mod: HP is shown in percentages
|rule|Endless Battle Clause: Forcing endless battles is banned
|clearpoke
|poke|p1|Xerneas-*|
|poke|p1|Klefki, M|
|poke|p1|Zygarde|
|poke|p1|Arceus-*|
|poke|p1|Blaziken, M|
|poke|p1|Necrozma-Dusk-Mane|
|poke|p2|Diancie|
|poke|p2|Marshadow|
|poke|p2|Ho-Oh|
|poke|p2|Necrozma-Dusk-Mane|
|poke|p2|Xerneas-*|
|poke|p2|Arceus-*|
|teampreview
|
|t:|1641501670
|start
|switch|p1a: Klefki|Klefki, M|100/100
|switch|p2a: Diancie|Diancie, shiny|100/100
|turn|1
|
|t:|1641501678
|detailschange|p2a: Diancie|Diancie-Mega, shiny
|-mega|p2a: Diancie|Diancie|Diancite
|move|p1a: Klefki|Light Screen|p1a: Klefki
|-sidestart|p1: TheGirl0nFire|move: Light Screen
|move|p2a: Diancie|Earth Power|p1a: Klefki
|-supereffective|p1a: Klefki
|-damage|p1a: Klefki|55/100
|
|upkeep
|turn|2
|
|t:|1641501686
|move|p1a: Klefki|Reflect|p1a: Klefki
|-sidestart|p1: TheGirl0nFire|Reflect
|move|p2a: Diancie|Stealth Rock|p1a: Klefki
|-sidestart|p1: TheGirl0nFire|move: Stealth Rock
|
|upkeep
|turn|3
|
|t:|1641501691
|move|p1a: Klefki|Defog|p2a: Diancie
|move|p2a: Diancie|Defog|p1a: Klefki|[from]ability: Magic Bounce
|-unboost|p1a: Klefki|evasion|1
|-sideend|p1: TheGirl0nFire|Reflect
|-sideend|p1: TheGirl0nFire|move: Light Screen
|-sideend|p1: TheGirl0nFire|Stealth Rock|[from] move: Defog|[of] p2a: Diancie
|move|p2a: Diancie|Earth Power|p1a: Klefki
|-supereffective|p1a: Klefki
|-damage|p1a: Klefki|0 fnt
|faint|p1a: Klefki
|
|upkeep
|
|t:|1641501696
|switch|p1a: Necrozma|Necrozma-Dusk-Mane|100/100
|turn|4
|
|t:|1641501704
|move|p2a: Diancie|Stealth Rock|p1a: Necrozma
|-sidestart|p1: TheGirl0nFire|move: Stealth Rock
|move|p1a: Necrozma|Dragon Dance|p1a: Necrozma
|-boost|p1a: Necrozma|atk|1
|-boost|p1a: Necrozma|spe|1
|
|upkeep
|turn|5
|
|t:|1641501710
|detailschange|p1a: Necrozma|Necrozma-Ultra
|-burst|p1a: Necrozma|Necrozma|Ultranecrozium Z
|move|p1a: Necrozma|Sunsteel Strike|p2a: Diancie
|-supereffective|p2a: Diancie
|-damage|p2a: Diancie|0 fnt
|faint|p2a: Diancie
|
|upkeep
|
|t:|1641501718
|switch|p2a: Marshadow|Marshadow|100/100
|turn|6
|
|t:|1641501721
|switch|p1a: Zygarde|Zygarde|100/100
|-damage|p1a: Zygarde|94/100|[from] Stealth Rock
|move|p2a: Marshadow|Spectral Thief|p1a: Zygarde
|-damage|p1a: Zygarde|73/100
|
|-heal|p1a: Zygarde|79/100|[from] item: Leftovers
|upkeep
|turn|7
|
|t:|1641501732
|switch|p2a: Xerneas|Xerneas|100/100
|-ability|p2a: Xerneas|Fairy Aura
|move|p1a: Zygarde|Substitute|p1a: Zygarde
|-start|p1a: Zygarde|Substitute
|-damage|p1a: Zygarde|54/100
|
|-heal|p1a: Zygarde|60/100|[from] item: Leftovers
|upkeep
|turn|8
|
|t:|1641501743
|-zpower|p2a: Xerneas
|move|p2a: Xerneas|Z-Geomancy||[anim]Geomancy|[still]
|-boost|p2a: Xerneas|atk|1|[zeffect]
|-boost|p2a: Xerneas|def|1|[zeffect]
|-boost|p2a: Xerneas|spa|1|[zeffect]
|-boost|p2a: Xerneas|spd|1|[zeffect]
|-boost|p2a: Xerneas|spe|1|[zeffect]
|-prepare|p2a: Xerneas|Geomancy
|move|p1a: Zygarde|Glare|p2a: Xerneas
|-status|p2a: Xerneas|par
|
|-heal|p1a: Zygarde|66/100|[from] item: Leftovers
|upkeep
|turn|9
|
|t:|1641501756
|move|p1a: Zygarde|Dragon Dance|p1a: Zygarde
|-boost|p1a: Zygarde|atk|1
|-boost|p1a: Zygarde|spe|1
|move|p2a: Xerneas|Geomancy|p2a: Xerneas|[from]lockedmove
|-boost|p2a: Xerneas|spa|2
|-boost|p2a: Xerneas|spd|2
|-boost|p2a: Xerneas|spe|2
|
|-heal|p1a: Zygarde|72/100|[from] item: Leftovers
|upkeep
|turn|10
|
|t:|1641501765
|move|p1a: Zygarde|Dragon Dance|p1a: Zygarde
|-boost|p1a: Zygarde|atk|1
|-boost|p1a: Zygarde|spe|1
|cant|p2a: Xerneas|par
|
|-heal|p1a: Zygarde|79/100|[from] item: Leftovers
|upkeep
|turn|11
|
|t:|1641501773
|move|p1a: Zygarde|Thousand Arrows|p2a: Xerneas
|-damage|p2a: Xerneas|66/100 par
|move|p2a: Xerneas|Moonblast|p1a: Zygarde
|-supereffective|p1a: Zygarde
|-end|p1a: Zygarde|Substitute
|
|-heal|p1a: Zygarde|85/100|[from] item: Leftovers
|upkeep
|turn|12
|
|t:|1641501782
|move|p1a: Zygarde|Substitute|p1a: Zygarde
|-start|p1a: Zygarde|Substitute
|-damage|p1a: Zygarde|60/100
|move|p2a: Xerneas|Moonblast|p1a: Zygarde
|-supereffective|p1a: Zygarde
|-end|p1a: Zygarde|Substitute
|
|-heal|p1a: Zygarde|66/100|[from] item: Leftovers
|upkeep
|turn|13
|
|t:|1641501791
|move|p1a: Zygarde|Substitute|p1a: Zygarde
|-start|p1a: Zygarde|Substitute
|-damage|p1a: Zygarde|41/100
|move|p2a: Xerneas|Moonblast|p1a: Zygarde
|-supereffective|p1a: Zygarde
|-end|p1a: Zygarde|Substitute
|
|-heal|p1a: Zygarde|47/100|[from] item: Leftovers
|-activate|p1a: Zygarde|ability: Power Construct
|detailschange|p1a: Zygarde|Zygarde-Complete
|-heal|p1a: Zygarde|65/100|[silent]
|upkeep
|turn|14
|
|t:|1641501803
|move|p1a: Zygarde|Substitute|p1a: Zygarde
|-start|p1a: Zygarde|Substitute
|-damage|p1a: Zygarde|40/100
|move|p2a: Xerneas|Moonblast|p1a: Zygarde
|-supereffective|p1a: Zygarde
|-end|p1a: Zygarde|Substitute
|
|-heal|p1a: Zygarde|46/100|[from] item: Leftovers
|upkeep
|turn|15
|
|t:|1641501812
|move|p1a: Zygarde|Substitute|p1a: Zygarde
|-start|p1a: Zygarde|Substitute
|-damage|p1a: Zygarde|21/100
|move|p2a: Xerneas|Moonblast|p1a: Zygarde
|-supereffective|p1a: Zygarde
|-end|p1a: Zygarde|Substitute
|
|-heal|p1a: Zygarde|28/100|[from] item: Leftovers
|upkeep
|turn|16
|
|t:|1641501820
|move|p1a: Zygarde|Substitute|p1a: Zygarde
|-start|p1a: Zygarde|Substitute
|-damage|p1a: Zygarde|3/100
|move|p2a: Xerneas|Moonblast|p1a: Zygarde
|-supereffective|p1a: Zygarde
|-end|p1a: Zygarde|Substitute
|
|-heal|p1a: Zygarde|9/100|[from] item: Leftovers
|upkeep
|turn|17
|
|t:|1641501831
|-start|p1a: Zygarde|Dynamax
|-heal|p1a: Zygarde|9/100|[silent]
|move|p1a: Zygarde|Max Quake|p2a: Xerneas
|-damage|p2a: Xerneas|21/100 par
|-boost|p1a: Zygarde|spd|1
|move|p2a: Xerneas|Moonblast|p1a: Zygarde
|-supereffective|p1a: Zygarde
|-damage|p1a: Zygarde|0 fnt
|faint|p1a: Zygarde
|
|upkeep
|
|t:|1641501837
|switch|p1a: Blaziken|Blaziken, M|100/100
|-damage|p1a: Blaziken|88/100|[from] Stealth Rock
|turn|18
|
|t:|1641501846
|detailschange|p1a: Blaziken|Blaziken-Mega, M
|-mega|p1a: Blaziken|Blaziken|Blazikenite
|move|p1a: Blaziken|Protect|p1a: Blaziken
|-singleturn|p1a: Blaziken|Protect
|move|p2a: Xerneas|Rest|p2a: Xerneas
|-status|p2a: Xerneas|slp|[from] move: Rest
|-heal|p2a: Xerneas|100/100 slp|[silent]
|
|-ability|p1a: Blaziken|Speed Boost|boost
|-boost|p1a: Blaziken|spe|1
|upkeep
|turn|19
|
|t:|1641501857
|cant|p2a: Xerneas|slp
|move|p1a: Blaziken|Swords Dance|p1a: Blaziken
|-boost|p1a: Blaziken|atk|2
|
|-ability|p1a: Blaziken|Speed Boost|boost
|-boost|p1a: Blaziken|spe|1
|upkeep
|turn|20
|
|t:|1641501864
|move|p1a: Blaziken|Flare Blitz|p2a: Xerneas
|-damage|p2a: Xerneas|22/100 slp
|-damage|p1a: Blaziken|49/100|[from] Recoil
|cant|p2a: Xerneas|slp
|
|-ability|p1a: Blaziken|Speed Boost|boost
|-boost|p1a: Blaziken|spe|1
|upkeep
|turn|21
|
|t:|1641501873
|move|p1a: Blaziken|Flare Blitz|p2a: Xerneas
|-damage|p2a: Xerneas|0 fnt
|faint|p2a: Xerneas
|-damage|p1a: Blaziken|39/100|[from] Recoil
|
|-ability|p1a: Blaziken|Speed Boost|boost
|-boost|p1a: Blaziken|spe|1
|upkeep
|
|t:|1641501886
|switch|p2a: Ho-Oh|Ho-Oh|100/100
|turn|22
|
|t:|1641501899
|-start|p2a: Ho-Oh|Dynamax
|-heal|p2a: Ho-Oh|100/100|[silent]
|move|p1a: Blaziken|Flare Blitz|p2a: Ho-Oh
|-resisted|p2a: Ho-Oh
|-damage|p2a: Ho-Oh|63/100
|-damage|p1a: Blaziken|5/100|[from] Recoil
|move|p2a: Ho-Oh|Max Airstream|p1a: Blaziken
|-supereffective|p1a: Blaziken
|-damage|p1a: Blaziken|0 fnt
|-boost|p2a: Ho-Oh|spe|1
|faint|p1a: Blaziken
|-damage|p2a: Ho-Oh|58/100|[from] item: Life Orb
|
|upkeep
|
|t:|1641501907
|switch|p1a: Arceus|Arceus|100/100
|-damage|p1a: Arceus|88/100|[from] Stealth Rock
|turn|23
|
|t:|1641501918
|move|p2a: Ho-Oh|Max Flare|p1a: Arceus
|-damage|p1a: Arceus|24/100
|-weather|SunnyDay
|-damage|p2a: Ho-Oh|53/100|[from] item: Life Orb
|move|p1a: Arceus|Perish Song|p1a: Arceus
|-start|p1a: Arceus|perish3|[silent]
|-start|p2a: Ho-Oh|perish3|[silent]
|-fieldactivate|move: Perish Song
|
|-weather|SunnyDay|[upkeep]
|-start|p2a: Ho-Oh|perish3
|-start|p1a: Arceus|perish3
|upkeep
|turn|24
|
|t:|1641501931
|move|p1a: Arceus|Extreme Speed|p2a: Ho-Oh
|-damage|p2a: Ho-Oh|34/100
|move|p2a: Ho-Oh|Max Airstream|p1a: Arceus
|-damage|p1a: Arceus|0 fnt
|-boost|p2a: Ho-Oh|spe|1
|faint|p1a: Arceus
|-damage|p2a: Ho-Oh|29/100|[from] item: Life Orb
|
|-weather|SunnyDay|[upkeep]
|-start|p2a: Ho-Oh|perish2
|-end|p2a: Ho-Oh|Dynamax
|-heal|p2a: Ho-Oh|29/100|[silent]
|upkeep
|
|t:|1641501936
|switch|p1a: Xerneas|Xerneas|100/100
|-damage|p1a: Xerneas|88/100|[from] Stealth Rock
|-ability|p1a: Xerneas|Fairy Aura
|turn|25
|
|t:|1641501950
|switch|p1a: Necrozma|Necrozma-Ultra|100/100
|-damage|p1a: Necrozma|88/100|[from] Stealth Rock
|move|p2a: Ho-Oh|Sacred Fire|p1a: Necrozma
|-resisted|p1a: Necrozma
|-damage|p1a: Necrozma|25/100
|-status|p1a: Necrozma|brn
|-damage|p2a: Ho-Oh|19/100|[from] item: Life Orb
|
|-weather|SunnyDay|[upkeep]
|-damage|p1a: Necrozma|19/100 brn|[from] brn
|-start|p2a: Ho-Oh|perish1
|upkeep
|turn|26
|
|t:|1641501964
|switch|p2a: Necrozma|Necrozma-Dusk-Mane, shiny|100/100
|move|p1a: Necrozma|Dragon Dance|p1a: Necrozma
|-boost|p1a: Necrozma|atk|1
|-boost|p1a: Necrozma|spe|1
|
|-weather|SunnyDay|[upkeep]
|-damage|p1a: Necrozma|13/100 brn|[from] brn
|upkeep
|turn|27
|-message|TheGirl0nFire forfeited.
|
|win|Blake-Mamba
|raw|TheGirl0nFire's rating: 1738 &rarr; <strong>1711</strong><br />(-27 for losing)
|raw|Blake-Mamba's rating: 1610 &rarr; <strong>1637</strong><br />(+27 for winning)
|l|☆TheGirl0nFire
