|j|‽Lowkster
|j|☆Pokeashbattle
|t:|1641801264
|gametype|singles
|player|p1|Lowkster|striker|1289
|player|p2|Pokeashbattle|ethan|1362
|teamsize|p1|6
|teamsize|p2|6
|gen|8
|tier|[Gen 8] National Dex AG
|rated|
|rule|HP Percentage Mod: HP is shown in percentages
|rule|Endless Battle Clause: Forcing endless battles is banned
|clearpoke
|poke|p1|Muk-Alola, M|
|poke|p1|Eldegoss, M|
|poke|p1|Arcanine, F|
|poke|p1|Jirachi|
|poke|p1|Araquanid, M|
|poke|p1|Togekiss, M|
|poke|p2|Ninjask, M|
|poke|p2|Drifblim, F|
|poke|p2|Clefable, M|
|poke|p2|Bellossom, M|
|poke|p2|Dubwool, M|
|poke|p2|Rotom|
|teampreview
|inactive|Battle timer is ON: inactive players will automatically lose when time's up. (requested by Pokeashbattle)
|
|t:|1641801270
|start
|switch|p1a: Arcanine|Arcanine, F, shiny|100/100
|switch|p2a: Ninjask|Ninjask, M|100/100
|-ability|p1a: Arcanine|Intimidate|boost
|-unboost|p2a: Ninjask|atk|1
|turn|1
|
|t:|1641801278
|move|p2a: Ninjask|Substitute|p2a: Ninjask
|-start|p2a: Ninjask|Substitute
|-damage|p2a: Ninjask|76/100
|move|p1a: Arcanine|Will-O-Wisp||[still]
|-fail|p1a: Arcanine
|
|-heal|p2a: Ninjask|82/100|[from] item: Leftovers
|-ability|p2a: Ninjask|Speed Boost|boost
|-boost|p2a: Ninjask|spe|1
|upkeep
|turn|2
|
|t:|1641801285
|move|p2a: Ninjask|Protect|p2a: Ninjask
|-singleturn|p2a: Ninjask|Protect
|move|p1a: Arcanine|Flamethrower|p2a: Ninjask
|-activate|p2a: Ninjask|move: Protect
|
|-heal|p2a: Ninjask|88/100|[from] item: Leftovers
|-ability|p2a: Ninjask|Speed Boost|boost
|-boost|p2a: Ninjask|spe|1
|upkeep
|turn|3
|
|t:|1641801295
|move|p2a: Ninjask|Baton Pass|p2a: Ninjask
|
|t:|1641801298
|switch|p2a: Clefable|Clefable, M, shiny|100/100|[from]move: Baton Pass
|move|p1a: Arcanine|Flamethrower|p2a: Clefable
|-end|p2a: Clefable|Substitute
|
|upkeep
|turn|4
|
|t:|1641801306
|move|p2a: Clefable|Thunder Wave|p1a: Arcanine
|-status|p1a: Arcanine|par
|move|p1a: Arcanine|Mud-Slap|p2a: Clefable
|-damage|p2a: Clefable|96/100
|-unboost|p2a: Clefable|accuracy|1
|
|-heal|p2a: Clefable|100/100|[from] item: Leftovers
|upkeep
|turn|5
|
|t:|1641801318
|move|p2a: Clefable|Substitute|p2a: Clefable
|-start|p2a: Clefable|Substitute
|-damage|p2a: Clefable|76/100
|move|p1a: Arcanine|Mud-Slap|p2a: Clefable
|-activate|p2a: Clefable|move: Substitute|[damage]
|
|-heal|p2a: Clefable|82/100|[from] item: Leftovers
|upkeep
|turn|6
|
|t:|1641801329
|move|p2a: Clefable|Calm Mind|p2a: Clefable
|-boost|p2a: Clefable|spa|1
|-boost|p2a: Clefable|spd|1
|move|p1a: Arcanine|Mud-Slap|p2a: Clefable
|-activate|p2a: Clefable|move: Substitute|[damage]
|
|-heal|p2a: Clefable|88/100|[from] item: Leftovers
|upkeep
|turn|7
|
|t:|1641801340
|switch|p1a: Araquanid|Araquanid, M, shiny|100/100
|move|p2a: Clefable|Calm Mind|p2a: Clefable
|-boost|p2a: Clefable|spa|1
|-boost|p2a: Clefable|spd|1
|
|-heal|p2a: Clefable|94/100|[from] item: Leftovers
|upkeep
|turn|8
|
|t:|1641801346
|move|p2a: Clefable|Thunder Wave|p1a: Araquanid|[miss]
|-miss|p2a: Clefable|p1a: Araquanid
|move|p1a: Araquanid|Sticky Web|p2a: Clefable
|-sidestart|p2: Pokeashbattle|move: Sticky Web
|
|-heal|p2a: Clefable|99/100|[from] item: Leftovers
|upkeep
|turn|9
|
|t:|1641801354
|move|p2a: Clefable|Thunder Wave|p1a: Araquanid
|-status|p1a: Araquanid|par
|cant|p1a: Araquanid|par
|
|-heal|p2a: Clefable|100/100|[from] item: Leftovers
|upkeep
|turn|10
|
|t:|1641801362
|move|p2a: Clefable|Calm Mind|p2a: Clefable
|-boost|p2a: Clefable|spa|1
|-boost|p2a: Clefable|spd|1
|move|p1a: Araquanid|Liquidation|p2a: Clefable
|-end|p2a: Clefable|Substitute
|
|upkeep
|turn|11
|
|t:|1641801369
|move|p2a: Clefable|Substitute|p2a: Clefable
|-start|p2a: Clefable|Substitute
|-damage|p2a: Clefable|76/100
|move|p1a: Araquanid|Liquidation|p2a: Clefable
|-end|p2a: Clefable|Substitute
|
|-heal|p2a: Clefable|82/100|[from] item: Leftovers
|upkeep
|turn|12
|
|t:|1641801375
|move|p2a: Clefable|Substitute|p2a: Clefable
|-start|p2a: Clefable|Substitute
|-damage|p2a: Clefable|57/100
|move|p1a: Araquanid|Liquidation|p2a: Clefable
|-end|p2a: Clefable|Substitute
|
|-heal|p2a: Clefable|63/100|[from] item: Leftovers
|upkeep
|turn|13
|inactive|Lowkster has 120 seconds left.
|c|☆Pokeashbattle|Hii
|inactive|Lowkster has 90 seconds left.
|
|t:|1641801453
|move|p2a: Clefable|Baton Pass|p2a: Clefable
|
|t:|1641801456
|switch|p2a: Dubwool|Dubwool, M|100/100|[from]move: Baton Pass
|-activate|p2a: Dubwool|move: Sticky Web
|-unboost|p2a: Dubwool|spe|1
|cant|p1a: Araquanid|par
|
|upkeep
|turn|14
|
|t:|1641801465
|switch|p1a: Eldegoss|Eldegoss, M, shiny|100/100
|move|p2a: Dubwool|Cotton Guard|p2a: Dubwool
|-boost|p2a: Dubwool|def|3
|
|upkeep
|turn|15
|inactive|Lowkster has 90 seconds left.
|
|t:|1641801473
|move|p2a: Dubwool|Substitute|p2a: Dubwool
|-start|p2a: Dubwool|Substitute
|-damage|p2a: Dubwool|76/100
|move|p1a: Eldegoss|Sleep Powder||[still]
|-fail|p1a: Eldegoss
|
|-heal|p2a: Dubwool|82/100|[from] item: Leftovers
|upkeep
|turn|16
|
|t:|1641801480
|move|p2a: Dubwool|Cotton Guard|p2a: Dubwool
|-boost|p2a: Dubwool|def|3
|move|p1a: Eldegoss|Aromatherapy|p1a: Eldegoss
|-activate|p1a: Eldegoss|move: Aromatherapy
|-curestatus|p1: Araquanid|par|[msg]
|-curestatus|p1: Arcanine|par|[msg]
|
|-heal|p2a: Dubwool|88/100|[from] item: Leftovers
|upkeep
|turn|17
|inactive|Lowkster has 90 seconds left.
|
|t:|1641801506
|switch|p1a: Arcanine|Arcanine, F, shiny|100/100
|-ability|p1a: Arcanine|Intimidate|boost
|-immune|p2a: Dubwool
|move|p2a: Dubwool|Baton Pass|p2a: Dubwool
|
|t:|1641801512
|switch|p2a: Ninjask|Ninjask, M|88/100|[from]move: Baton Pass
|
|-heal|p2a: Ninjask|94/100|[from] item: Leftovers
|upkeep
|turn|18
|inactive|Lowkster has 90 seconds left.
|
|t:|1641801519
|move|p2a: Ninjask|Swords Dance|p2a: Ninjask
|-boost|p2a: Ninjask|atk|2
|move|p1a: Arcanine|Flamethrower|p2a: Ninjask
|-supereffective|p2a: Ninjask
|-end|p2a: Ninjask|Substitute
|
|-heal|p2a: Ninjask|99/100|[from] item: Leftovers
|-ability|p2a: Ninjask|Speed Boost|boost
|-boost|p2a: Ninjask|spe|1
|upkeep
|turn|19
|inactive|Lowkster has 90 seconds left.
|
|t:|1641801531
|move|p2a: Ninjask|Substitute|p2a: Ninjask
|-start|p2a: Ninjask|Substitute
|-damage|p2a: Ninjask|75/100
|move|p1a: Arcanine|Flamethrower|p2a: Ninjask
|-supereffective|p2a: Ninjask
|-end|p2a: Ninjask|Substitute
|
|-heal|p2a: Ninjask|81/100|[from] item: Leftovers
|-ability|p2a: Ninjask|Speed Boost|boost
|-boost|p2a: Ninjask|spe|1
|upkeep
|turn|20
|
|t:|1641801540
|move|p2a: Ninjask|Protect|p2a: Ninjask
|-singleturn|p2a: Ninjask|Protect
|move|p1a: Arcanine|Flamethrower|p2a: Ninjask
|-activate|p2a: Ninjask|move: Protect
|
|-heal|p2a: Ninjask|88/100|[from] item: Leftovers
|-ability|p2a: Ninjask|Speed Boost|boost
|-boost|p2a: Ninjask|spe|1
|upkeep
|turn|21
|inactive|Lowkster has 90 seconds left.
|
|t:|1641801560
|move|p2a: Ninjask|Substitute|p2a: Ninjask
|-start|p2a: Ninjask|Substitute
|-damage|p2a: Ninjask|63/100
|move|p1a: Arcanine|Flamethrower|p2a: Ninjask
|-supereffective|p2a: Ninjask
|-end|p2a: Ninjask|Substitute
|
|-heal|p2a: Ninjask|69/100|[from] item: Leftovers
|-ability|p2a: Ninjask|Speed Boost|boost
|-boost|p2a: Ninjask|spe|1
|upkeep
|turn|22
|inactive|Lowkster has 90 seconds left.
|
|t:|1641801568
|move|p2a: Ninjask|Baton Pass|p2a: Ninjask
|
|t:|1641801571
|switch|p2a: Clefable|Clefable, M, shiny|63/100|[from]move: Baton Pass
|-activate|p2a: Clefable|move: Sticky Web
|-unboost|p2a: Clefable|spe|1
|move|p1a: Arcanine|Flamethrower|p2a: Clefable
|-damage|p2a: Clefable|51/100
|
|-heal|p2a: Clefable|57/100|[from] item: Leftovers
|upkeep
|turn|23
|
|t:|1641801582
|move|p2a: Clefable|Substitute|p2a: Clefable
|-start|p2a: Clefable|Substitute
|-damage|p2a: Clefable|32/100
|move|p1a: Arcanine|Mud-Slap|p2a: Clefable
|-activate|p2a: Clefable|move: Substitute|[damage]
|
|-heal|p2a: Clefable|38/100|[from] item: Leftovers
|upkeep
|turn|24
|
|t:|1641801594
|switch|p1a: Jirachi|Jirachi, shiny|100/100
|move|p2a: Clefable|Baton Pass|p2a: Clefable
|
|t:|1641801597
|switch|p2a: Bellossom|Bellossom, M|100/100|[from]move: Baton Pass
|-activate|p2a: Bellossom|move: Sticky Web
|-unboost|p2a: Bellossom|spe|1
|
|upkeep
|turn|25
|
|t:|1641801608
|move|p2a: Bellossom|Ingrain|p2a: Bellossom
|-start|p2a: Bellossom|move: Ingrain
|move|p1a: Jirachi|Icy Wind|p2a: Bellossom
|-supereffective|p2a: Bellossom
|-activate|p2a: Bellossom|move: Substitute|[damage]
|
|upkeep
|turn|26
|
|t:|1641801617
|move|p2a: Bellossom|Sleep Powder|p1a: Jirachi
|-status|p1a: Jirachi|slp|[from] move: Sleep Powder
|cant|p1a: Jirachi|slp
|
|upkeep
|turn|27
|
|t:|1641801623
|switch|p1a: Muk|Muk-Alola, M, shiny|100/100
|move|p2a: Bellossom|Baton Pass|p2a: Bellossom
|
|t:|1641801625
|switch|p2a: Drifblim|Drifblim, F|100/100|[from]move: Baton Pass
|-activate|p2a: Drifblim|move: Sticky Web
|-unboost|p2a: Drifblim|spe|1
|
|upkeep
|turn|28
|inactive|Lowkster has 120 seconds left.
|
|t:|1641801641
|move|p2a: Drifblim|Minimize|p2a: Drifblim
|-boost|p2a: Drifblim|evasion|2
|move|p1a: Muk|Minimize|p1a: Muk
|-boost|p1a: Muk|evasion|2
|
|upkeep
|turn|29
|
|t:|1641801652
|move|p2a: Drifblim|Minimize|p2a: Drifblim
|-boost|p2a: Drifblim|evasion|2
|move|p1a: Muk|Minimize|p1a: Muk
|-boost|p1a: Muk|evasion|2
|
|upkeep
|turn|30
|
|t:|1641801660
|move|p2a: Drifblim|Minimize|p2a: Drifblim
|-boost|p2a: Drifblim|evasion|2
|move|p1a: Muk|Minimize|p1a: Muk
|-boost|p1a: Muk|evasion|2
|
|upkeep
|turn|31
|inactive|Lowkster has 120 seconds left.
|
|t:|1641801666
|move|p2a: Drifblim|Thunder Wave|p1a: Muk
|-status|p1a: Muk|par
|move|p1a: Muk|Knock Off|p2a: Drifblim|[miss]
|-miss|p1a: Muk|p2a: Drifblim
|
|upkeep
|turn|32
|inactive|Lowkster has 120 seconds left.
|inactive|Lowkster has 90 seconds left.
|
|t:|1641801710
|move|p2a: Drifblim|Baton Pass|p2a: Drifblim
|
|t:|1641801714
|switch|p2a: Clefable|Clefable, M, shiny|38/100|[from]move: Baton Pass
|-activate|p2a: Clefable|move: Sticky Web
|-unboost|p2a: Clefable|spe|1
|move|p1a: Muk|Knock Off|p2a: Clefable|[miss]
|-miss|p1a: Muk|p2a: Clefable
|
|-heal|p2a: Clefable|44/100|[from] item: Leftovers
|-heal|p2a: Clefable|50/100|[from] Ingrain
|upkeep
|turn|33
|inactive|Lowkster has 90 seconds left.
|
|t:|1641801739
|move|p2a: Clefable|Calm Mind|p2a: Clefable
|-boost|p2a: Clefable|spa|1
|-boost|p2a: Clefable|spd|1
|move|p1a: Muk|Knock Off|p2a: Clefable
|-resisted|p2a: Clefable
|-activate|p2a: Clefable|move: Substitute|[damage]
|
|-heal|p2a: Clefable|56/100|[from] item: Leftovers
|-heal|p2a: Clefable|62/100|[from] Ingrain
|upkeep
|turn|34
|
|t:|1641801754
|move|p2a: Clefable|Calm Mind|p2a: Clefable
|-boost|p2a: Clefable|spa|1
|-boost|p2a: Clefable|spd|1
|move|p1a: Muk|Knock Off|p2a: Clefable|[miss]
|-miss|p1a: Muk|p2a: Clefable
|
|-heal|p2a: Clefable|69/100|[from] item: Leftovers
|-heal|p2a: Clefable|75/100|[from] Ingrain
|upkeep
|turn|35
|
|t:|1641801772
|move|p2a: Clefable|Calm Mind|p2a: Clefable
|-boost|p2a: Clefable|spa|1
|-boost|p2a: Clefable|spd|1
|move|p1a: Muk|Knock Off|p2a: Clefable
|-resisted|p2a: Clefable
|-activate|p2a: Clefable|move: Substitute|[damage]
|
|-heal|p2a: Clefable|81/100|[from] item: Leftovers
|-heal|p2a: Clefable|87/100|[from] Ingrain
|upkeep
|turn|36
|
|t:|1641801792
|move|p2a: Clefable|Baton Pass|p2a: Clefable
|
|t:|1641801807
|switch|p2a: Ninjask|Ninjask, M|69/100|[from]move: Baton Pass
|-activate|p2a: Ninjask|move: Sticky Web
|-unboost|p2a: Ninjask|spe|1
|move|p1a: Muk|Power-Up Punch|p2a: Ninjask|[miss]
|-miss|p1a: Muk|p2a: Ninjask
|
|-heal|p2a: Ninjask|75/100|[from] item: Leftovers
|-heal|p2a: Ninjask|81/100|[from] Ingrain
|upkeep
|turn|37
|inactive|Lowkster has 60 seconds left.
|
|t:|1641801828
|move|p2a: Ninjask|Swords Dance|p2a: Ninjask
|-boost|p2a: Ninjask|atk|2
|move|p1a: Muk|Power-Up Punch|p2a: Ninjask|[miss]
|-miss|p1a: Muk|p2a: Ninjask
|
|-heal|p2a: Ninjask|87/100|[from] item: Leftovers
|-heal|p2a: Ninjask|93/100|[from] Ingrain
|-ability|p2a: Ninjask|Speed Boost|boost
|-boost|p2a: Ninjask|spe|1
|upkeep
|turn|38
|inactive|Lowkster has 60 seconds left.
|
|t:|1641801839
|switch|p1a: Arcanine|Arcanine, F, shiny|100/100
|-ability|p1a: Arcanine|Intimidate|boost
|-immune|p2a: Ninjask
|move|p2a: Ninjask|Swords Dance|p2a: Ninjask
|-boost|p2a: Ninjask|atk|2
|
|-heal|p2a: Ninjask|99/100|[from] item: Leftovers
|-heal|p2a: Ninjask|100/100|[from] Ingrain
|-ability|p2a: Ninjask|Speed Boost|boost
|-boost|p2a: Ninjask|spe|1
|upkeep
|turn|39
|
|t:|1641801847
|move|p2a: Ninjask|Swords Dance|p2a: Ninjask
|-boost|p2a: Ninjask|atk|1
|move|p1a: Arcanine|Flamethrower|p2a: Ninjask|[miss]
|-miss|p1a: Arcanine|p2a: Ninjask
|
|-ability|p2a: Ninjask|Speed Boost|boost
|-boost|p2a: Ninjask|spe|1
|upkeep
|turn|40
|
|t:|1641801856
|move|p2a: Ninjask|Protect|p2a: Ninjask
|-singleturn|p2a: Ninjask|Protect
|move|p1a: Arcanine|Flamethrower|p2a: Ninjask
|-activate|p2a: Ninjask|move: Protect
|
|-ability|p2a: Ninjask|Speed Boost|boost
|-boost|p2a: Ninjask|spe|1
|upkeep
|turn|41
|
|t:|1641801883
|move|p2a: Ninjask|Swords Dance|p2a: Ninjask
|-boost|p2a: Ninjask|atk|0
|move|p1a: Arcanine|Flamethrower|p2a: Ninjask|[miss]
|-miss|p1a: Arcanine|p2a: Ninjask
|
|-ability|p2a: Ninjask|Speed Boost|boost
|-boost|p2a: Ninjask|spe|1
|upkeep
|turn|42
|
|t:|1641801903
|move|p2a: Ninjask|Swords Dance|p2a: Ninjask
|-boost|p2a: Ninjask|atk|0
|move|p1a: Arcanine|Flamethrower|p2a: Ninjask|[miss]
|-miss|p1a: Arcanine|p2a: Ninjask
|
|-ability|p2a: Ninjask|Speed Boost|boost
|-boost|p2a: Ninjask|spe|1
|upkeep
|turn|43
|
|t:|1641801920
|switch|p1a: Eldegoss|Eldegoss, M, shiny|100/100
|move|p2a: Ninjask|Baton Pass|p2a: Ninjask
|
|t:|1641801923
|switch|p2a: Rotom|Rotom, shiny|100/100|[from]move: Baton Pass
|-activate|p2a: Rotom|move: Sticky Web
|-unboost|p2a: Rotom|spe|1
|
|upkeep
|turn|44
|
|t:|1641801935
|move|p2a: Rotom|Dark Pulse|p1a: Eldegoss
|-damage|p1a: Eldegoss|21/100
|-ability|p1a: Eldegoss|Cotton Down
|-unboost|p2a: Rotom|spe|1
|move|p1a: Eldegoss|Aromatherapy|p1a: Eldegoss
|-activate|p1a: Eldegoss|move: Aromatherapy
|-curestatus|p1: Jirachi|slp|[msg]
|-curestatus|p1: Muk|par|[msg]
|
|-heal|p1a: Eldegoss|27/100|[from] item: Leftovers
|upkeep
|turn|45
|inactive|Lowkster has 60 seconds left.
|
|t:|1641801963
|switch|p1a: Muk|Muk-Alola, M, shiny|100/100
|move|p2a: Rotom|Poltergeist|p1a: Muk
|-activate|p1a: Muk|move: Poltergeist|Black Sludge
|-resisted|p1a: Muk
|-damage|p1a: Muk|46/100
|
|-heal|p1a: Muk|52/100|[from] item: Black Sludge
|upkeep
|turn|46
|inactive|Lowkster has 60 seconds left.
|
|t:|1641801975
|move|p2a: Rotom|Discharge|p1a: Muk|[miss]
|-miss|p2a: Rotom|p1a: Muk
|move|p1a: Muk|Minimize|p1a: Muk
|-boost|p1a: Muk|evasion|2
|
|-heal|p1a: Muk|58/100|[from] item: Black Sludge
|upkeep
|turn|47
|inactive|Lowkster has 60 seconds left.
|
|t:|1641802001
|move|p2a: Rotom|Discharge|p1a: Muk|[miss]
|-miss|p2a: Rotom|p1a: Muk
|move|p1a: Muk|Knock Off|p2a: Rotom|[miss]
|-miss|p1a: Muk|p2a: Rotom
|
|-heal|p1a: Muk|64/100|[from] item: Black Sludge
|upkeep
|turn|48
|
|t:|1641802021
|move|p2a: Rotom|Discharge|p1a: Muk|[miss]
|-miss|p2a: Rotom|p1a: Muk
|move|p1a: Muk|Knock Off|p2a: Rotom|[miss]
|-miss|p1a: Muk|p2a: Rotom
|
|-heal|p1a: Muk|70/100|[from] item: Black Sludge
|upkeep
|turn|49
|
|t:|1641802039
|move|p2a: Rotom|Discharge|p1a: Muk
|-damage|p1a: Muk|0 fnt
|faint|p1a: Muk
|
|upkeep
|
|t:|1641802046
|switch|p1a: Arcanine|Arcanine, F, shiny|100/100
|-ability|p1a: Arcanine|Intimidate|boost
|-immune|p2a: Rotom
|turn|50
|
|t:|1641802057
|move|p2a: Rotom|Poltergeist|p1a: Arcanine|[miss]
|-miss|p2a: Rotom|p1a: Arcanine
|move|p1a: Arcanine|Flamethrower|p2a: Rotom
|-end|p2a: Rotom|Substitute
|
|upkeep
|turn|51
|inactive|Lowkster has 30 seconds left.
|
|t:|1641802073
|move|p2a: Rotom|Substitute|p2a: Rotom
|-start|p2a: Rotom|Substitute
|-damage|p2a: Rotom|76/100
|move|p1a: Arcanine|Flamethrower|p2a: Rotom
|-activate|p2a: Rotom|move: Substitute|[damage]
|
|-heal|p2a: Rotom|82/100|[from] Ingrain
|upkeep
|turn|52
|inactive|Lowkster has 30 seconds left.
|
|t:|1641802092
|switch|p1a: Eldegoss|Eldegoss, M, shiny|27/100
|move|p2a: Rotom|Dark Pulse|p1a: Eldegoss|[miss]
|-miss|p2a: Rotom|p1a: Eldegoss
|
|-heal|p1a: Eldegoss|33/100|[from] item: Leftovers
|-heal|p2a: Rotom|88/100|[from] Ingrain
|upkeep
|turn|53
|inactive|Lowkster has 30 seconds left.
|inactive|Lowkster has 20 seconds left.
|inactive|Lowkster has 15 seconds left.
|
|t:|1641802112
|switch|p1a: Arcanine|Arcanine, F, shiny|100/100
|-ability|p1a: Arcanine|Intimidate|boost
|-immune|p2a: Rotom
|move|p2a: Rotom|Poltergeist|p1a: Arcanine
|-activate|p1a: Arcanine|move: Poltergeist|Leftovers
|-damage|p1a: Arcanine|0 fnt
|faint|p1a: Arcanine
|
|-heal|p2a: Rotom|94/100|[from] Ingrain
|upkeep
|inactive|Lowkster has 20 seconds left this turn.
|inactive|Lowkster has 15 seconds left.
|
|t:|1641802120
|switch|p1a: Togekiss|Togekiss, M, shiny|100/100
|turn|54
|inactive|Lowkster has 25 seconds left this turn.
|inactive|Lowkster has 20 seconds left.
|
|t:|1641802129
|-end|p2a: Rotom|Substitute
|-start|p2a: Rotom|Dynamax
|-heal|p2a: Rotom|94/100|[silent]
|-start|p1a: Togekiss|Dynamax
|-heal|p1a: Togekiss|100/100|[silent]
|move|p2a: Rotom|Max Lightning|p1a: Togekiss
|-supereffective|p1a: Togekiss
|-damage|p1a: Togekiss|0 fnt
|-fieldstart|move: Electric Terrain
|faint|p1a: Togekiss
|
|-heal|p2a: Rotom|97/100|[from] Ingrain
|upkeep
|inactive|Lowkster has 25 seconds left this turn.
|inactive|Lowkster has 20 seconds left.
|inactive|Lowkster has 15 seconds left.
|
|t:|1641802141
|switch|p1a: Araquanid|Araquanid, M, shiny|100/100
|turn|55
|inactive|Lowkster has 25 seconds left this turn.
|
|t:|1641802158
|switch|p1a: Eldegoss|Eldegoss, M, shiny|33/100
|move|p2a: Rotom|Max Lightning|p1a: Eldegoss
|-resisted|p1a: Eldegoss
|-damage|p1a: Eldegoss|0 fnt
|-ability|p1a: Eldegoss|Cotton Down
|-unboost|p2a: Rotom|spe|1
|faint|p1a: Eldegoss
|
|-heal|p2a: Rotom|100/100|[from] Ingrain
|upkeep
|inactive|Lowkster has 30 seconds left this turn.
|inactive|Lowkster has 20 seconds left.
|
|t:|1641802171
|switch|p1a: Araquanid|Araquanid, M, shiny|100/100
|turn|56
|inactive|Lowkster has 30 seconds left this turn.
|
|t:|1641802190
|move|p2a: Rotom|Max Lightning|p1a: Araquanid
|-supereffective|p1a: Araquanid
|-damage|p1a: Araquanid|0 fnt
|faint|p1a: Araquanid
|
|-end|p2a: Rotom|Dynamax
|-heal|p2a: Rotom|100/100|[silent]
|upkeep
|inactive|Lowkster has 30 seconds left.
|
|t:|1641802199
|switch|p1a: Jirachi|Jirachi, shiny|100/100
|turn|57
|
|t:|1641802228
|move|p2a: Rotom|Dark Pulse|p1a: Jirachi
|-supereffective|p1a: Jirachi
|-damage|p1a: Jirachi|0 fnt
|faint|p1a: Jirachi
|
|win|Pokeashbattle
|raw|Lowkster's rating: 1289 &rarr; <strong>1265</strong><br />(-24 for losing)
|raw|Pokeashbattle's rating: 1300 &rarr; <strong>1324</strong><br />(+24 for winning)
|l|‽Lowkster
