|j|☆gungou
|j|☆Buck X
|t:|1661134232
|gametype|singles
|player|p1|gungou|dawn|1460
|player|p2|Buck X|ethan-masters|1718
|teamsize|p1|6
|teamsize|p2|6
|gen|8
|tier|[Gen 8] National Dex AG
|rated|
|rule|HP Percentage Mod: HP is shown in percentages
|rule|Endless Battle Clause: Forcing endless battles is banned
|clearpoke
|poke|p1|Calyrex-Ice|
|poke|p1|Magearna|
|poke|p1|Arceus-*|
|poke|p1|Ho-Oh|
|poke|p1|Zacian-*|
|poke|p1|Ditto|
|poke|p2|Garchomp, F|
|poke|p2|Xerneas-*|
|poke|p2|Yveltal|
|poke|p2|Arceus-*|
|poke|p2|Calyrex-Shadow|
|poke|p2|Rayquaza|
|teampreview
|inactive|Battle timer is ON: inactive players will automatically lose when time's up. (requested by Buck X)
|inactive|Buck X has 120 seconds left.
|
|t:|1661134269
|start
|switch|p1a: Ho-Oh|Ho-Oh|100/100
|switch|p2a: Garchomp|Garchomp, F|100/100
|turn|1
|
|t:|1661134277
|move|p2a: Garchomp|Rock Tomb|p1a: Ho-Oh
|-supereffective|p1a: Ho-Oh
|-damage|p1a: Ho-Oh|4/100
|-unboost|p1a: Ho-Oh|spe|1
|move|p1a: Ho-Oh|Sacred Fire|p2a: Garchomp
|-resisted|p2a: Garchomp
|-damage|p2a: Garchomp|72/100
|-status|p2a: Garchomp|brn
|
|-damage|p2a: Garchomp|66/100 brn|[from] brn
|upkeep
|turn|2
|
|t:|1661134290
|switch|p1a: Arceus|Arceus-Electric|100/100
|move|p2a: Garchomp|Stealth Rock|p1a: Arceus
|-sidestart|p1: gungou|move: Stealth Rock
|
|-damage|p2a: Garchomp|60/100 brn|[from] brn
|upkeep
|turn|3
|
|t:|1661134294
|move|p1a: Arceus|Ice Beam|p2a: Garchomp
|-supereffective|p2a: Garchomp
|-damage|p2a: Garchomp|0 fnt
|faint|p2a: Garchomp
|
|upkeep
|
|t:|1661134302
|switch|p2a: Calyrex|Calyrex-Shadow|100/100
|-ability|p2a: Calyrex|As One
|-ability|p2a: Calyrex|Unnerve
|turn|4
|
|t:|1661134307
|move|p2a: Calyrex|Nasty Plot|p2a: Calyrex
|-boost|p2a: Calyrex|spa|2
|move|p1a: Arceus|Defog|p2a: Calyrex
|-unboost|p2a: Calyrex|evasion|1
|-sideend|p1: gungou|Stealth Rock|[from] move: Defog|[of] p1a: Arceus
|
|upkeep
|turn|5
|
|t:|1661134312
|-zpower|p2a: Calyrex
|move|p2a: Calyrex|Never-Ending Nightmare|p1a: Arceus|[zeffect]
|-damage|p1a: Arceus|0 fnt
|faint|p1a: Arceus
|-ability|p2a: Calyrex|Grim Neigh|boost
|-boost|p2a: Calyrex|spa|1
|
|upkeep
|
|t:|1661134317
|switch|p1a: Ditto|Ditto|100/100
|turn|6
|-message|gungou forfeited.
|
|win|Buck X
|raw|gungou's rating: 1460 &rarr; <strong>1453</strong><br />(-7 for losing)
|raw|Buck X's rating: 1718 &rarr; <strong>1725</strong><br />(+7 for winning)
|l|☆gungou
