|j|☆Pikaslayer2001
|j|☆ThornxRoses
|t:|1664935259
|gametype|singles
|player|p1|Pikaslayer2001|brendan-contest|1710
|player|p2|ThornxRoses|hilbert|1721
|teamsize|p1|6
|teamsize|p2|6
|gen|8
|tier|[Gen 8] National Dex AG
|rated|
|rule|HP Percentage Mod: HP is shown in percentages
|rule|Endless Battle Clause: Forcing endless battles is banned
|clearpoke
|poke|p1|Deoxys-Speed|
|poke|p1|Rayquaza|
|poke|p1|Groudon|
|poke|p1|Yveltal|
|poke|p1|Ditto|
|poke|p1|Calyrex-Shadow|
|poke|p2|Arceus-*|
|poke|p2|Ditto|
|poke|p2|Necrozma-Dusk-Mane|
|poke|p2|Calyrex-Shadow|
|poke|p2|Zacian-*|
|poke|p2|Yveltal|
|teampreview
|
|t:|1664935271
|start
|switch|p1a: Deoxys|Deoxys-Speed|100/100
|switch|p2a: Arceus|Arceus-Ground|100/100
|-ability|p1a: Deoxys|Pressure
|turn|1
|
|t:|1664935274
|move|p1a: Deoxys|Stealth Rock|p2a: Arceus
|-sidestart|p2: ThornxRoses|move: Stealth Rock
|move|p2a: Arceus|Judgment|p1a: Deoxys
|-damage|p1a: Deoxys|40/100
|
|upkeep
|turn|2
|
|t:|1664935277
|move|p1a: Deoxys|Taunt|p2a: Arceus
|-start|p2a: Arceus|move: Taunt
|move|p2a: Arceus|Judgment|p1a: Deoxys
|-crit|p1a: Deoxys
|-damage|p1a: Deoxys|0 fnt
|faint|p1a: Deoxys
|
|upkeep
|
|t:|1664935280
|switch|p1a: Rayquaza|Rayquaza|100/100
|-ability|p1a: Rayquaza|Air Lock
|turn|3
|
|t:|1664935283
|detailschange|p1a: Rayquaza|Rayquaza-Mega
|-mega|p1a: Rayquaza|Rayquaza|
|-weather|DeltaStream|[from] ability: Delta Stream|[of] p1a: Rayquaza
|move|p1a: Rayquaza|Dragon Dance|p1a: Rayquaza
|-boost|p1a: Rayquaza|atk|1
|-boost|p1a: Rayquaza|spe|1
|move|p2a: Arceus|Ice Beam|p1a: Rayquaza
|-activate||deltastream
|-supereffective|p1a: Rayquaza
|-damage|p1a: Rayquaza|54/100
|
|-weather|DeltaStream|[upkeep]
|upkeep
|turn|4
|
|t:|1664935286
|move|p1a: Rayquaza|Dragon Ascent|p2a: Arceus
|-damage|p2a: Arceus|25/100
|-unboost|p1a: Rayquaza|def|1
|-unboost|p1a: Rayquaza|spd|1
|-damage|p1a: Rayquaza|44/100|[from] item: Life Orb
|move|p2a: Arceus|Ice Beam|p1a: Rayquaza
|-activate||deltastream
|-supereffective|p1a: Rayquaza
|-crit|p1a: Rayquaza
|-damage|p1a: Rayquaza|0 fnt
|faint|p1a: Rayquaza
|-weather|none
|
|-end|p2a: Arceus|move: Taunt
|upkeep
|
|t:|1664935288
|switch|p1a: Calyrex|Calyrex-Shadow|100/100
|-ability|p1a: Calyrex|As One
|-ability|p1a: Calyrex|Unnerve
|turn|5
|
|t:|1664935294
|switch|p2a: Yveltal|Yveltal|100/100
|-ability|p2a: Yveltal|Dark Aura
|move|p1a: Calyrex|Astral Barrage|p2a: Yveltal
|-resisted|p2a: Yveltal
|-damage|p2a: Yveltal|77/100
|
|upkeep
|turn|6
|
|t:|1664935297
|move|p1a: Calyrex|Nasty Plot|p1a: Calyrex
|-boost|p1a: Calyrex|spa|2
|move|p2a: Yveltal|Knock Off|p1a: Calyrex
|-supereffective|p1a: Calyrex
|-enditem|p1a: Calyrex|Focus Sash
|-damage|p1a: Calyrex|1/100
|
|upkeep
|turn|7
|
|t:|1664935299
|move|p1a: Calyrex|Draining Kiss|p2a: Yveltal
|-supereffective|p2a: Yveltal
|-crit|p2a: Yveltal
|-damage|p2a: Yveltal|0 fnt
|-heal|p1a: Calyrex|77/100|[from] drain|[of] p2a: Yveltal
|faint|p2a: Yveltal
|-ability|p1a: Calyrex|Grim Neigh|boost
|-boost|p1a: Calyrex|spa|1
|
|upkeep
|
|t:|1664935306
|switch|p2a: Calyrex|Calyrex-Shadow|100/100
|-ability|p2a: Calyrex|As One
|-ability|p2a: Calyrex|Unnerve
|-damage|p2a: Calyrex|88/100|[from] Stealth Rock
|turn|8
|
|t:|1664935311
|switch|p2a: Arceus|Arceus-Ground|25/100
|-damage|p2a: Arceus|19/100|[from] Stealth Rock
|move|p1a: Calyrex|Astral Barrage|p2a: Arceus
|-damage|p2a: Arceus|0 fnt
|faint|p2a: Arceus
|-ability|p1a: Calyrex|Grim Neigh|boost
|-boost|p1a: Calyrex|spa|1
|
|upkeep
|
|t:|1664935313
|switch|p2a: Ditto|Ditto|100/100
|-damage|p2a: Ditto|88/100|[from] Stealth Rock
|-transform|p2a: Ditto|p1a: Calyrex|[from] ability: Imposter
|turn|9
|
|t:|1664935318
|move|p2a: Ditto|Astral Barrage|p1a: Calyrex
|-supereffective|p1a: Calyrex
|-damage|p1a: Calyrex|0 fnt
|faint|p1a: Calyrex
|-ability|p2a: Ditto|Grim Neigh|boost
|-boost|p2a: Ditto|spa|1
|
|upkeep
|
|t:|1664935319
|switch|p1a: Yveltal|Yveltal|100/100
|-ability|p1a: Yveltal|Dark Aura
|turn|10
|
|t:|1664935323
|switch|p2a: Necrozma|Necrozma-Dusk-Mane|100/100
|-damage|p2a: Necrozma|94/100|[from] Stealth Rock
|move|p1a: Yveltal|Sucker Punch||[still]
|-fail|p1a: Yveltal
|
|upkeep
|turn|11
|
|t:|1664935327
|move|p1a: Yveltal|Dark Pulse|p2a: Necrozma
|-supereffective|p2a: Necrozma
|-damage|p2a: Necrozma|6/100
|-damage|p1a: Yveltal|91/100|[from] item: Life Orb
|cant|p2a: Necrozma|flinch
|
|upkeep
|turn|12
|
|t:|1664935334
|move|p1a: Yveltal|Oblivion Wing|p2a: Necrozma
|-resisted|p2a: Necrozma
|-damage|p2a: Necrozma|0 fnt
|-heal|p1a: Yveltal|95/100|[from] drain|[of] p2a: Necrozma
|faint|p2a: Necrozma
|-damage|p1a: Yveltal|85/100|[from] item: Life Orb
|
|upkeep
|
|t:|1664935342
|switch|p2a: Zacian|Zacian-Crowned|100/100
|-damage|p2a: Zacian|94/100|[from] Stealth Rock
|-ability|p2a: Zacian|Intrepid Sword|boost
|-boost|p2a: Zacian|atk|1
|turn|13
|
|t:|1664935344
|switch|p1a: Groudon|Groudon, shiny|100/100
|detailschange|p1a: Groudon|Groudon-Primal, shiny
|-primal|p1a: Groudon
|-weather|DesolateLand|[from] ability: Desolate Land|[of] p1a: Groudon
|move|p2a: Zacian|Play Rough|p1a: Groudon
|-resisted|p1a: Groudon
|-damage|p1a: Groudon|73/100
|
|-weather|DesolateLand|[upkeep]
|upkeep
|turn|14
|
|t:|1664935355
|-weather|none
|switch|p1a: Yveltal|Yveltal|85/100
|-ability|p1a: Yveltal|Dark Aura
|move|p2a: Zacian|Close Combat|p1a: Yveltal
|-damage|p1a: Yveltal|13/100
|-unboost|p2a: Zacian|def|1
|-unboost|p2a: Zacian|spd|1
|
|upkeep
|turn|15
|
|t:|1664935359
|move|p1a: Yveltal|Sucker Punch|p2a: Zacian
|-resisted|p2a: Zacian
|-damage|p2a: Zacian|59/100
|-damage|p1a: Yveltal|3/100|[from] item: Life Orb
|move|p2a: Zacian|Play Rough|p1a: Yveltal|[miss]
|-miss|p2a: Zacian|p1a: Yveltal
|
|upkeep
|turn|16
|
|t:|1664935367
|switch|p2a: Ditto|Ditto|88/100
|-damage|p2a: Ditto|76/100|[from] Stealth Rock
|-transform|p2a: Ditto|p1a: Yveltal|[from] ability: Imposter
|-ability|p2a: Ditto|Dark Aura
|move|p1a: Yveltal|Dark Pulse|p2a: Ditto
|-resisted|p2a: Ditto
|-damage|p2a: Ditto|27/100
|-damage|p1a: Yveltal|0 fnt|[from] item: Life Orb
|faint|p1a: Yveltal
|
|upkeep
|
|t:|1664935371
|switch|p1a: Groudon|Groudon-Primal, shiny|73/100
|-weather|DesolateLand|[from] ability: Desolate Land|[of] p1a: Groudon
|turn|17
|
|t:|1664935377
|move|p2a: Ditto|Oblivion Wing|p1a: Groudon
|-damage|p1a: Groudon|15/100
|-heal|p2a: Ditto|77/100|[from] drain|[of] p1a: Groudon
|move|p1a: Groudon|Stone Edge|p2a: Ditto|[miss]
|-miss|p1a: Groudon|p2a: Ditto
|
|-weather|DesolateLand|[upkeep]
|upkeep
|turn|18
|c|☆Pikaslayer2001|WOW
|c|☆Pikaslayer2001|JUST WOW GAME
|
|t:|1664935410
|-start|p2a: Ditto|Dynamax|
|-heal|p2a: Ditto|77/100|[silent]
|move|p1a: Groudon|Stone Edge|p2a: Ditto
|-supereffective|p2a: Ditto
|-damage|p2a: Ditto|24/100
|move|p2a: Ditto|Max Airstream|p1a: Groudon
|-damage|p1a: Groudon|0 fnt
|-boost|p2a: Ditto|spe|1
|faint|p1a: Groudon
|-weather|none
|
|upkeep
|
|t:|1664935417
|switch|p1a: Ditto|Ditto|100/100
|turn|19
|
|t:|1664935423
|-start|p1a: Ditto|Dynamax|
|-heal|p1a: Ditto|100/100|[silent]
|move|p1a: Ditto|Max Guard|p1a: Ditto
|-singleturn|p1a: Ditto|Max Guard
|move|p2a: Ditto|Max Darkness|p1a: Ditto
|-activate|p1a: Ditto|move: Max Guard
|
|upkeep
|turn|20
|
|t:|1664935429
|move|p1a: Ditto|Max Guard||[still]
|-fail|p1a: Ditto
|move|p2a: Ditto|Max Darkness|p1a: Ditto
|-damage|p1a: Ditto|0 fnt
|faint|p1a: Ditto
|
|win|ThornxRoses
|raw|Pikaslayer2001's rating: 1710 &rarr; <strong>1691</strong><br />(-19 for losing)
|raw|ThornxRoses's rating: 1721 &rarr; <strong>1740</strong><br />(+19 for winning)
|l|☆ThornxRoses
|c|☆Pikaslayer2001|That’s just stupud
