|j|☆Powkiddy
|j|‽Reincarnation of …
|t:|1665783792
|gametype|singles
|player|p1|Powkiddy|102|1627
|player|p2|Reincarnation of …|blue-gen3two|1664
|teamsize|p1|6
|teamsize|p2|6
|gen|8
|tier|[Gen 8] National Dex AG
|rated|
|rule|HP Percentage Mod: HP is shown in percentages
|rule|Endless Battle Clause: Forcing endless battles is banned
|clearpoke
|poke|p1|Zacian-*|
|poke|p1|Kyogre|
|poke|p1|Groudon|
|poke|p1|Rayquaza|
|poke|p1|Yveltal|
|poke|p1|Calyrex-Shadow|
|poke|p2|Grimmsnarl, M|
|poke|p2|Lugia|
|poke|p2|Rayquaza|
|poke|p2|Arceus-*|
|poke|p2|Necrozma-Dusk-Mane|
|poke|p2|Arceus-*|
|teampreview
|inactive|Battle timer is ON: inactive players will automatically lose when time's up. (requested by Reincarnation of …)
|
|t:|1665783806
|start
|switch|p1a: Zacian|Zacian-Crowned|100/100
|switch|p2a: Arceus|Arceus-Fairy|100/100
|-ability|p1a: Zacian|Intrepid Sword|boost
|-boost|p1a: Zacian|atk|1
|turn|1
|
|t:|1665783826
|switch|p2a: Necrozma|Necrozma-Dusk-Mane|100/100
|move|p1a: Zacian|Behemoth Blade|p2a: Necrozma
|-resisted|p2a: Necrozma
|-damage|p2a: Necrozma|58/100
|
|upkeep
|turn|2
|
|t:|1665783830
|switch|p1a: Groudon|Groudon|100/100
|detailschange|p1a: Groudon|Groudon-Primal
|-primal|p1a: Groudon
|-weather|DesolateLand|[from] ability: Desolate Land|[of] p1a: Groudon
|move|p2a: Necrozma|Dragon Dance|p2a: Necrozma
|-boost|p2a: Necrozma|atk|1
|-boost|p2a: Necrozma|spe|1
|
|-weather|DesolateLand|[upkeep]
|upkeep
|turn|3
|
|t:|1665783837
|move|p2a: Necrozma|Photon Geyser|p1a: Groudon
|-damage|p1a: Groudon|45/100
|move|p1a: Groudon|Dragon Tail|p2a: Necrozma
|-resisted|p2a: Necrozma
|-damage|p2a: Necrozma|47/100
|drag|p2a: Arceus|Arceus|100/100
|
|-weather|DesolateLand|[upkeep]
|upkeep
|turn|4
|
|t:|1665783846
|switch|p2a: Arceus|Arceus-Fairy|100/100
|move|p1a: Groudon|Stealth Rock|p2a: Arceus
|-sidestart|p2: Reincarnation of …|move: Stealth Rock
|
|-weather|DesolateLand|[upkeep]
|upkeep
|turn|5
|
|t:|1665783850
|-weather|none
|switch|p1a: Zacian|Zacian-Crowned|100/100
|-ability|p1a: Zacian|Intrepid Sword|boost
|-boost|p1a: Zacian|atk|1
|move|p2a: Arceus|Stealth Rock|p1a: Zacian
|-sidestart|p1: Powkiddy|move: Stealth Rock
|
|upkeep
|turn|6
|
|t:|1665783854
|move|p1a: Zacian|Behemoth Blade|p2a: Arceus
|-supereffective|p2a: Arceus
|-damage|p2a: Arceus|0 fnt
|faint|p2a: Arceus
|
|upkeep
|
|t:|1665783870
|switch|p2a: Grimmsnarl|Grimmsnarl, M|100/100
|-damage|p2a: Grimmsnarl|88/100|[from] Stealth Rock
|turn|7
|
|t:|1665783873
|move|p2a: Grimmsnarl|Reflect|p2a: Grimmsnarl
|-sidestart|p2: Reincarnation of …|Reflect
|move|p1a: Zacian|Behemoth Blade|p2a: Grimmsnarl
|-supereffective|p2a: Grimmsnarl
|-damage|p2a: Grimmsnarl|0 fnt
|faint|p2a: Grimmsnarl
|
|upkeep
|
|t:|1665783883
|switch|p2a: Necrozma|Necrozma-Dusk-Mane|47/100
|-damage|p2a: Necrozma|41/100|[from] Stealth Rock
|turn|8
|
|t:|1665783886
|move|p1a: Zacian|Behemoth Blade|p2a: Necrozma
|-resisted|p2a: Necrozma
|-damage|p2a: Necrozma|21/100
|move|p2a: Necrozma|Dragon Dance|p2a: Necrozma
|-boost|p2a: Necrozma|atk|1
|-boost|p2a: Necrozma|spe|1
|
|upkeep
|turn|9
|
|t:|1665783889
|move|p1a: Zacian|Behemoth Blade|p2a: Necrozma
|-resisted|p2a: Necrozma
|-damage|p2a: Necrozma|0 fnt
|faint|p2a: Necrozma
|
|upkeep
|
|t:|1665783893
|switch|p2a: Lugia|Lugia|100/100
|turn|10
|
|t:|1665783896
|move|p1a: Zacian|Wild Charge|p2a: Lugia
|-supereffective|p2a: Lugia
|-damage|p2a: Lugia|78/100
|-damage|p1a: Zacian|94/100|[from] Recoil
|move|p2a: Lugia|Calm Mind|p2a: Lugia
|-boost|p2a: Lugia|spa|1
|-boost|p2a: Lugia|spd|1
|
|upkeep
|turn|11
|
|t:|1665783906
|switch|p1a: Calyrex|Calyrex-Shadow|100/100
|-ability|p1a: Calyrex|As One
|-ability|p1a: Calyrex|Unnerve
|-damage|p1a: Calyrex|88/100|[from] Stealth Rock
|-start|p2a: Lugia|Dynamax|
|-heal|p2a: Lugia|78/100|[silent]
|move|p2a: Lugia|Max Airstream|p1a: Calyrex
|-damage|p1a: Calyrex|5/100
|-boost|p2a: Lugia|spe|1
|
|upkeep
|turn|12
|
|t:|1665783916
|move|p2a: Lugia|Max Mindstorm|p1a: Calyrex
|-resisted|p1a: Calyrex
|-damage|p1a: Calyrex|0 fnt
|-fieldstart|move: Psychic Terrain
|faint|p1a: Calyrex
|
|upkeep
|
|t:|1665783924
|switch|p1a: Yveltal|Yveltal|100/100
|-damage|p1a: Yveltal|76/100|[from] Stealth Rock
|-ability|p1a: Yveltal|Dark Aura
|turn|13
|
|t:|1665783929
|-start|p1a: Yveltal|Dynamax|
|-heal|p1a: Yveltal|76/100|[silent]
|move|p2a: Lugia|Max Airstream|p1a: Yveltal
|-damage|p1a: Yveltal|40/100
|-boost|p2a: Lugia|spe|1
|move|p1a: Yveltal|Max Airstream|p2a: Lugia
|-damage|p2a: Lugia|59/100
|-boost|p1a: Yveltal|spe|1
|-damage|p1a: Yveltal|35/100|[from] item: Life Orb
|
|upkeep
|-end|p2a: Lugia|Dynamax
|-heal|p2a: Lugia|59/100|[silent]
|turn|14
|
|t:|1665783939
|move|p2a: Lugia|Roost|p2a: Lugia
|-heal|p2a: Lugia|100/100
|-singleturn|p2a: Lugia|move: Roost
|move|p1a: Yveltal|Max Darkness|p2a: Lugia
|-supereffective|p2a: Lugia
|-damage|p2a: Lugia|52/100
|-unboost|p2a: Lugia|spd|1
|-damage|p1a: Yveltal|31/100|[from] item: Life Orb
|
|-sideend|p2: Reincarnation of …|Reflect
|upkeep
|turn|15
|
|t:|1665783949
|move|p2a: Lugia|Roost|p2a: Lugia
|-heal|p2a: Lugia|100/100
|-singleturn|p2a: Lugia|move: Roost
|move|p1a: Yveltal|Max Airstream|p2a: Lugia
|-damage|p2a: Lugia|71/100
|-boost|p1a: Yveltal|spe|1
|-damage|p1a: Yveltal|26/100|[from] item: Life Orb
|
|upkeep
|-end|p1a: Yveltal|Dynamax
|-heal|p1a: Yveltal|26/100|[silent]
|turn|16
|
|t:|1665783953
|move|p2a: Lugia|Air Slash|p1a: Yveltal
|-damage|p1a: Yveltal|0 fnt
|faint|p1a: Yveltal
|
|-fieldend|move: Psychic Terrain
|upkeep
|
|t:|1665783959
|switch|p1a: Kyogre|Kyogre|100/100
|-damage|p1a: Kyogre|88/100|[from] Stealth Rock
|detailschange|p1a: Kyogre|Kyogre-Primal
|-primal|p1a: Kyogre
|-weather|PrimordialSea|[from] ability: Primordial Sea|[of] p1a: Kyogre
|turn|17
|
|t:|1665783969
|move|p2a: Lugia|Psyshock|p1a: Kyogre
|-damage|p1a: Kyogre|34/100
|move|p1a: Kyogre|Thunder|p2a: Lugia
|-supereffective|p2a: Lugia
|-damage|p2a: Lugia|9/100
|
|-weather|PrimordialSea|[upkeep]
|upkeep
|turn|18
|
|t:|1665783978
|move|p2a: Lugia|Roost|p2a: Lugia
|-heal|p2a: Lugia|59/100
|-singleturn|p2a: Lugia|move: Roost
|move|p1a: Kyogre|Thunder|p2a: Lugia
|-crit|p2a: Lugia
|-damage|p2a: Lugia|12/100
|
|-weather|PrimordialSea|[upkeep]
|upkeep
|turn|19
|
|t:|1665783988
|move|p2a: Lugia|Roost|p2a: Lugia
|-heal|p2a: Lugia|62/100
|-singleturn|p2a: Lugia|move: Roost
|move|p1a: Kyogre|Thunder|p2a: Lugia
|-damage|p2a: Lugia|31/100
|
|-weather|PrimordialSea|[upkeep]
|upkeep
|turn|20
|
|t:|1665783996
|move|p2a: Lugia|Psyshock|p1a: Kyogre
|-damage|p1a: Kyogre|0 fnt
|faint|p1a: Kyogre
|-weather|none
|
|upkeep
|
|t:|1665783998
|switch|p1a: Rayquaza|Rayquaza|100/100
|-damage|p1a: Rayquaza|76/100|[from] Stealth Rock
|-ability|p1a: Rayquaza|Air Lock
|turn|21
|
|t:|1665784002
|detailschange|p1a: Rayquaza|Rayquaza-Mega
|-mega|p1a: Rayquaza|Rayquaza|
|-weather|DeltaStream|[from] ability: Delta Stream|[of] p1a: Rayquaza
|move|p2a: Lugia|Roost|p2a: Lugia
|-heal|p2a: Lugia|81/100
|-singleturn|p2a: Lugia|move: Roost
|move|p1a: Rayquaza|Dragon Dance|p1a: Rayquaza
|-boost|p1a: Rayquaza|atk|1
|-boost|p1a: Rayquaza|spe|1
|
|-weather|DeltaStream|[upkeep]
|upkeep
|turn|22
|
|t:|1665784008
|move|p2a: Lugia|Psyshock|p1a: Rayquaza
|-damage|p1a: Rayquaza|32/100
|move|p1a: Rayquaza|Dragon Dance|p1a: Rayquaza
|-boost|p1a: Rayquaza|atk|1
|-boost|p1a: Rayquaza|spe|1
|
|-weather|DeltaStream|[upkeep]
|upkeep
|turn|23
|
|t:|1665784014
|move|p2a: Lugia|Psyshock|p1a: Rayquaza
|-damage|p1a: Rayquaza|0 fnt
|faint|p1a: Rayquaza
|-weather|none
|
|upkeep
|-message|Powkiddy forfeited.
|
|win|Reincarnation of …
|raw|Powkiddy's rating: 1627 &rarr; <strong>1609</strong><br />(-18 for losing)
|raw|Reincarnation of …'s rating: 1664 &rarr; <strong>1682</strong><br />(+18 for winning)
|l|☆Powkiddy
