|j|☆F.A.M.E.246 2nd
|j|☆Naofumi_Bakugo_Jax
|t:|1662548198
|gametype|singles
|player|p1|F.A.M.E.246 2nd|brawly|1844
|player|p2|Naofumi_Bakugo_Jax|blue|1755
|teamsize|p1|6
|teamsize|p2|6
|gen|8
|tier|[Gen 8] National Dex AG
|rated|
|rule|HP Percentage Mod: HP is shown in percentages
|rule|Endless Battle Clause: Forcing endless battles is banned
|clearpoke
|poke|p1|Scizor, F|
|poke|p1|Arceus-*|
|poke|p1|Groudon|
|poke|p1|Calyrex-Shadow|
|poke|p1|Yveltal|
|poke|p1|Zacian-*|
|poke|p2|Zacian-*|
|poke|p2|Calyrex-Shadow|
|poke|p2|Yveltal|
|poke|p2|Arceus-*|
|poke|p2|Swampert, F|
|poke|p2|Kyogre|
|teampreview
|inactive|Battle timer is ON: inactive players will automatically lose when time's up. (requested by F.A.M.E.246 2nd)
|c|☆F.A.M.E.246 2nd|hf
|c|☆F.A.M.E.246 2nd|Very interesting team
|
|t:|1662548228
|start
|switch|p1a: Zacian|Zacian-Crowned|100/100
|switch|p2a: Calyrex|Calyrex-Shadow|100/100
|-ability|p2a: Calyrex|As One
|-ability|p2a: Calyrex|Unnerve
|-ability|p1a: Zacian|Intrepid Sword|boost
|-boost|p1a: Zacian|atk|1
|turn|1
|
|t:|1662548237
|switch|p1a: Yveltal|Yveltal|100/100
|-ability|p1a: Yveltal|Dark Aura
|move|p2a: Calyrex|Nasty Plot|p2a: Calyrex
|-boost|p2a: Calyrex|spa|2
|
|upkeep
|turn|2
|
|t:|1662548244
|move|p2a: Calyrex|Baton Pass|p2a: Calyrex
|
|t:|1662548257
|switch|p2a: Yveltal|Yveltal, shiny|100/100|[from]move: Baton Pass
|-ability|p2a: Yveltal|Dark Aura
|move|p1a: Yveltal|Knock Off|p2a: Yveltal
|-resisted|p2a: Yveltal
|-damage|p2a: Yveltal|77/100
|-enditem|p2a: Yveltal|Choice Scarf|[from] move: Knock Off|[of] p1a: Yveltal
|
|upkeep
|turn|3
|
|t:|1662548272
|-start|p2a: Yveltal|Dynamax|
|-heal|p2a: Yveltal|77/100|[silent]
|-start|p1a: Yveltal|Dynamax|
|-heal|p1a: Yveltal|100/100|[silent]
|move|p2a: Yveltal|Max Airstream|p1a: Yveltal
|-damage|p1a: Yveltal|59/100
|-boost|p2a: Yveltal|spe|1
|move|p1a: Yveltal|Max Flutterby|p2a: Yveltal
|-damage|p2a: Yveltal|62/100
|-unboost|p2a: Yveltal|spa|1
|
|upkeep
|turn|4
|
|t:|1662548287
|move|p1a: Yveltal|Max Guard|p1a: Yveltal
|-singleturn|p1a: Yveltal|Max Guard
|move|p2a: Yveltal|Max Airstream|p1a: Yveltal
|-activate|p1a: Yveltal|move: Max Guard
|
|upkeep
|turn|5
|
|t:|1662548293
|-end|p1a: Yveltal|Dynamax
|-heal|p1a: Yveltal|59/100|[silent]
|switch|p1a: Arceus|Arceus-Rock|100/100
|move|p2a: Yveltal|Max Airstream|p1a: Arceus
|-resisted|p1a: Arceus
|-damage|p1a: Arceus|60/100
|-boost|p2a: Yveltal|spe|1
|
|upkeep
|-end|p2a: Yveltal|Dynamax
|-heal|p2a: Yveltal|62/100|[silent]
|turn|6
|
|t:|1662548307
|move|p2a: Yveltal|Dark Pulse|p1a: Arceus
|-damage|p1a: Arceus|2/100
|move|p1a: Arceus|Judgment|p2a: Yveltal
|-supereffective|p2a: Yveltal
|-damage|p2a: Yveltal|0 fnt
|faint|p2a: Yveltal
|
|upkeep
|
|t:|1662548332
|switch|p2a: Calyrex|Calyrex-Shadow|100/100
|-ability|p2a: Calyrex|As One
|-ability|p2a: Calyrex|Unnerve
|turn|7
|
|t:|1662548337
|switch|p1a: Yveltal|Yveltal|59/100
|-ability|p1a: Yveltal|Dark Aura
|move|p2a: Calyrex|Astral Barrage|p1a: Yveltal
|-resisted|p1a: Yveltal
|-damage|p1a: Yveltal|40/100
|
|upkeep
|turn|8
|inactive|Naofumi_Bakugo_Jax has 120 seconds left.
|
|t:|1662548390
|move|p2a: Calyrex|Nasty Plot|p2a: Calyrex
|-boost|p2a: Calyrex|spa|2
|move|p1a: Yveltal|Roost|p1a: Yveltal
|-heal|p1a: Yveltal|90/100
|-singleturn|p1a: Yveltal|move: Roost
|
|upkeep
|turn|9
|inactive|Naofumi_Bakugo_Jax has 90 seconds left.
|
|t:|1662548419
|move|p2a: Calyrex|Baton Pass|p2a: Calyrex
|
|t:|1662548420
|switch|p2a: Kyogre|Kyogre|100/100|[from]move: Baton Pass
|-weather|RainDance|[from] ability: Drizzle|[of] p2a: Kyogre
|move|p1a: Yveltal|Knock Off|p2a: Kyogre
|-damage|p2a: Kyogre|34/100
|-enditem|p2a: Kyogre|Choice Scarf|[from] move: Knock Off|[of] p1a: Yveltal
|
|-weather|RainDance|[upkeep]
|upkeep
|turn|10
|
|t:|1662548431
|switch|p1a: Arceus|Arceus-Rock|2/100
|move|p2a: Kyogre|Ice Beam|p1a: Arceus
|-damage|p1a: Arceus|0 fnt
|faint|p1a: Arceus
|
|-weather|RainDance|[upkeep]
|upkeep
|
|t:|1662548434
|switch|p1a: Zacian|Zacian-Crowned|100/100
|-ability|p1a: Zacian|Intrepid Sword|boost
|-boost|p1a: Zacian|atk|1
|turn|11
|
|t:|1662548452
|switch|p2a: Swampert|Swampert, F|100/100
|move|p1a: Zacian|Play Rough|p2a: Swampert
|-damage|p2a: Swampert|12/100
|
|-weather|RainDance|[upkeep]
|upkeep
|turn|12
|
|t:|1662548474
|switch|p1a: Groudon|Groudon|100/100
|detailschange|p1a: Groudon|Groudon-Primal
|-primal|p1a: Groudon
|-weather|DesolateLand|[from] ability: Desolate Land|[of] p1a: Groudon
|detailschange|p2a: Swampert|Swampert-Mega, F
|-mega|p2a: Swampert|Swampert|Swampertite
|move|p2a: Swampert|Endeavor|p1a: Groudon
|-damage|p1a: Groudon|10/100
|
|-weather|DesolateLand|[upkeep]
|upkeep
|turn|13
|
|t:|1662548482
|move|p2a: Swampert|Earthquake|p1a: Groudon
|-supereffective|p1a: Groudon
|-damage|p1a: Groudon|0 fnt
|faint|p1a: Groudon
|-weather|none
|
|upkeep
|
|t:|1662548489
|switch|p1a: Calyrex|Calyrex-Shadow|100/100
|-ability|p1a: Calyrex|As One
|-ability|p1a: Calyrex|Unnerve
|turn|14
|
|t:|1662548504
|switch|p2a: Arceus|Arceus|100/100
|move|p1a: Calyrex|Astral Barrage|p2a: Arceus
|-immune|p2a: Arceus
|
|upkeep
|turn|15
|
|t:|1662548513
|switch|p1a: Scizor|Scizor, F|100/100
|move|p2a: Arceus|Tailwind|p2a: Arceus
|-sidestart|p2: Naofumi_Bakugo_Jax|move: Tailwind
|
|upkeep
|turn|16
|
|t:|1662548526
|detailschange|p1a: Scizor|Scizor-Mega, F
|-mega|p1a: Scizor|Scizor|Scizorite
|move|p2a: Arceus|Reflect|p2a: Arceus
|-sidestart|p2: Naofumi_Bakugo_Jax|Reflect
|move|p1a: Scizor|Curse|p1a: Scizor
|-unboost|p1a: Scizor|spe|1
|-boost|p1a: Scizor|atk|1
|-boost|p1a: Scizor|def|1
|
|upkeep
|turn|17
|inactive|Naofumi_Bakugo_Jax has 120 seconds left.
|
|t:|1662548560
|switch|p2a: Zacian|Zacian-Crowned|100/100
|-ability|p2a: Zacian|Intrepid Sword|boost
|-boost|p2a: Zacian|atk|1
|move|p1a: Scizor|U-turn|p2a: Zacian
|-resisted|p2a: Zacian
|-damage|p2a: Zacian|95/100
|
|t:|1662548564
|switch|p1a: Calyrex|Calyrex-Shadow|100/100|[from]move: U-turn
|-ability|p1a: Calyrex|As One
|-ability|p1a: Calyrex|Unnerve
|
|upkeep
|turn|18
|
|t:|1662548576
|switch|p1a: Scizor|Scizor-Mega, F|100/100
|move|p2a: Zacian|Behemoth Blade|p1a: Scizor
|-resisted|p1a: Scizor
|-damage|p1a: Scizor|71/100
|
|-sideend|p2: Naofumi_Bakugo_Jax|move: Tailwind
|upkeep
|turn|19
|inactive|Naofumi_Bakugo_Jax has 120 seconds left.
|
|t:|1662548596
|move|p2a: Zacian|Behemoth Blade|p1a: Scizor
|-resisted|p1a: Scizor
|-damage|p1a: Scizor|38/100
|move|p1a: Scizor|Roost|p1a: Scizor
|-heal|p1a: Scizor|88/100
|-singleturn|p1a: Scizor|move: Roost
|
|upkeep
|turn|20
|inactive|Naofumi_Bakugo_Jax has 120 seconds left.
|
|t:|1662548601
|move|p2a: Zacian|Close Combat|p1a: Scizor
|-crit|p1a: Scizor
|-damage|p1a: Scizor|13/100
|-unboost|p2a: Zacian|def|1
|-unboost|p2a: Zacian|spd|1
|move|p1a: Scizor|Curse|p1a: Scizor
|-unboost|p1a: Scizor|spe|1
|-boost|p1a: Scizor|atk|1
|-boost|p1a: Scizor|def|1
|
|upkeep
|turn|21
|c|☆F.A.M.E.246 2nd|ffs
|
|t:|1662548630
|move|p2a: Zacian|Behemoth Blade|p1a: Scizor
|-resisted|p1a: Scizor
|-damage|p1a: Scizor|0 fnt
|faint|p1a: Scizor
|
|upkeep
|-message|F.A.M.E.246 2nd forfeited.
|
|win|Naofumi_Bakugo_Jax
|raw|F.A.M.E.246 2nd's rating: 1844 &rarr; <strong>1819</strong><br />(-25 for losing)
|raw|Naofumi_Bakugo_Jax's rating: 1755 &rarr; <strong>1780</strong><br />(+25 for winning)
|l|☆F.A.M.E.246 2nd
||Ladder isn't responding, score probably updated but might not have (Request timeout).
