|j|☆asamiii
|j|☆Onoufrios
|player|p1|asamiii|preschoolerf|1859
|player|p2|Onoufrios|266|1676
|teamsize|p1|6
|teamsize|p2|6
|gametype|singles
|gen|8
|tier|[Gen 8] National Dex AG
|rated|
|clearpoke
|poke|p1|Arceus-*|
|poke|p1|Arceus-*|
|poke|p1|Zacian-Crowned|
|poke|p1|Groudon|
|poke|p1|Ho-Oh|
|poke|p1|Necrozma-Dusk-Mane|
|poke|p2|Lugia|
|poke|p2|Xerneas|
|poke|p2|Necrozma-Dusk-Mane|
|poke|p2|Ditto|
|poke|p2|Kyogre|
|poke|p2|Ferrothorn, M|
|rule|HP Percentage Mod: HP is shown in percentages
|rule|Endless Battle Clause: Forcing endless battles is banned
|teampreview
|l|☆asamiii
|player|p1|
|j|☆asamiii
|player|p1|asamiii|preschoolerf
|inactive|Battle timer is ON: inactive players will automatically lose when time's up. (requested by Onoufrios)
|
|start
|switch|p1a: Ho-Oh|Ho-Oh|100/100
|switch|p2a: Lugia|Lugia|100/100
|turn|1
|
|switch|p2a: Necrozma|Necrozma-Dusk-Mane|100/100
|switch|p1a: Necrozma|Necrozma-Dusk-Mane|100/100
|
|upkeep
|turn|2
|
|move|p2a: Necrozma|Dragon Dance|p2a: Necrozma
|-boost|p2a: Necrozma|atk|1
|-boost|p2a: Necrozma|spe|1
|move|p1a: Necrozma|Swords Dance|p1a: Necrozma
|-boost|p1a: Necrozma|atk|2
|
|upkeep
|turn|3
|
|detailschange|p2a: Necrozma|Necrozma-Ultra
|-burst|p2a: Necrozma|Necrozma|Ultranecrozium Z
|move|p2a: Necrozma|Earthquake|p1a: Necrozma
|-supereffective|p1a: Necrozma
|-damage|p1a: Necrozma|10/100
|move|p1a: Necrozma|Earthquake|p2a: Necrozma
|-damage|p2a: Necrozma|36/100
|
|-heal|p1a: Necrozma|16/100|[from] item: Leftovers
|upkeep
|turn|4
|inactive|Onoufrios has 120 seconds left.
|
|switch|p1a: Zacian|Zacian-Crowned|100/100
|-ability|p1a: Zacian|Intrepid Sword|boost
|-boost|p1a: Zacian|atk|1
|move|p2a: Necrozma|Photon Geyser|p1a: Zacian
|-resisted|p1a: Zacian
|-damage|p1a: Zacian|53/100
|
|upkeep
|turn|5
|inactive|Onoufrios has 120 seconds left.
|
|switch|p1a: Ho-Oh|Ho-Oh|100/100
|move|p2a: Necrozma|Earthquake|p1a: Ho-Oh
|-immune|p1a: Ho-Oh
|
|upkeep
|turn|6
|
|switch|p1a: Zacian|Zacian-Crowned|53/100
|-ability|p1a: Zacian|Intrepid Sword|boost
|-boost|p1a: Zacian|atk|1
|move|p2a: Necrozma|Stone Edge|p1a: Zacian|[miss]
|-miss|p2a: Necrozma|p1a: Zacian
|
|upkeep
|turn|7
|
|move|p2a: Necrozma|Earthquake|p1a: Zacian
|-supereffective|p1a: Zacian
|-damage|p1a: Zacian|0 fnt
|faint|p1a: Zacian
|
|upkeep
|
|switch|p1a: Arceus|Arceus|100/100
|turn|8
|inactive|Onoufrios has 120 seconds left.
|
|switch|p2a: Ferrothorn|Ferrothorn, M|100/100
|move|p1a: Arceus|Extreme Speed|p2a: Ferrothorn
|-resisted|p2a: Ferrothorn
|-damage|p2a: Ferrothorn|87/100
|-damage|p1a: Arceus|88/100|[from] ability: Iron Barbs|[of] p2a: Ferrothorn
|
|-heal|p1a: Arceus|94/100|[from] item: Leftovers
|-heal|p2a: Ferrothorn|93/100|[from] item: Leftovers
|upkeep
|turn|9
|
|move|p1a: Arceus|Substitute|p1a: Arceus
|-start|p1a: Arceus|Substitute
|-damage|p1a: Arceus|69/100
|move|p2a: Ferrothorn|Leech Seed|p1a: Arceus|[miss]
|-miss|p2a: Ferrothorn|p1a: Arceus
|
|-heal|p1a: Arceus|75/100|[from] item: Leftovers
|-heal|p2a: Ferrothorn|99/100|[from] item: Leftovers
|upkeep
|turn|10
|
|switch|p2a: Lugia|Lugia|100/100
|move|p1a: Arceus|Swords Dance|p1a: Arceus
|-boost|p1a: Arceus|atk|2
|
|-heal|p1a: Arceus|82/100|[from] item: Leftovers
|upkeep
|turn|11
|inactive|asamiii has 120 seconds left.
|
|switch|p1a: Necrozma|Necrozma-Dusk-Mane|16/100
|move|p2a: Lugia|Whirlwind|p1a: Necrozma
|drag|p1a: Groudon|Groudon|100/100
|detailschange|p1a: Groudon|Groudon-Primal
|-primal|p1a: Groudon
|-weather|DesolateLand|[from] ability: Desolate Land|[of] p1a: Groudon
|
|-weather|DesolateLand|[upkeep]
|upkeep
|turn|12
|
|-weather|none
|switch|p1a: Necrozma|Necrozma-Dusk-Mane|16/100
|move|p2a: Lugia|Toxic|p1a: Necrozma
|-immune|p1a: Necrozma
|
|-heal|p1a: Necrozma|22/100|[from] item: Leftovers
|upkeep
|turn|13
|
|switch|p2a: Necrozma|Necrozma-Ultra|36/100
|move|p1a: Necrozma|Morning Sun|p1a: Necrozma
|-heal|p1a: Necrozma|72/100
|
|-heal|p1a: Necrozma|78/100|[from] item: Leftovers
|upkeep
|turn|14
|inactive|asamiii has 120 seconds left.
|inactive|asamiii has 90 seconds left.
|
|move|p2a: Necrozma|Earthquake|p1a: Necrozma
|-supereffective|p1a: Necrozma
|-damage|p1a: Necrozma|19/100
|move|p1a: Necrozma|Sunsteel Strike|p2a: Necrozma
|-damage|p2a: Necrozma|0 fnt
|faint|p2a: Necrozma
|
|-heal|p1a: Necrozma|25/100|[from] item: Leftovers
|upkeep
|inactive|Onoufrios has 90 seconds left.
|
|switch|p2a: Ferrothorn|Ferrothorn, M|99/100
|turn|15
|inactive|Onoufrios has 90 seconds left.
|
|switch|p1a: Ho-Oh|Ho-Oh|100/100
|move|p2a: Ferrothorn|Stealth Rock|p1a: Ho-Oh
|-sidestart|p1: asamiii|move: Stealth Rock
|
|-heal|p2a: Ferrothorn|100/100|[from] item: Leftovers
|upkeep
|turn|16
|inactive|Onoufrios has 90 seconds left.
|
|switch|p2a: Ditto|Ditto|100/100
|-transform|p2a: Ditto|p1a: Ho-Oh|[from] ability: Imposter
|move|p1a: Ho-Oh|Defog|p2a: Ditto
|-unboost|p2a: Ditto|evasion|1
|-sideend|p1: asamiii|Stealth Rock|[from] move: Defog|[of] p1a: Ho-Oh
|
|upkeep
|turn|17
|inactive|Onoufrios has 90 seconds left.
|inactive|asamiii has 90 seconds left.
|
|switch|p2a: Lugia|Lugia|100/100
|move|p1a: Ho-Oh|Brave Bird|p2a: Lugia
|-damage|p2a: Lugia|88/100
|-damage|p1a: Ho-Oh|96/100|[from] Recoil
|
|upkeep
|turn|18
|inactive|asamiii has 90 seconds left.
|
|switch|p1a: Necrozma|Necrozma-Dusk-Mane|25/100
|move|p2a: Lugia|Thunder Wave|p1a: Necrozma
|-status|p1a: Necrozma|par
|
|-heal|p1a: Necrozma|31/100 par|[from] item: Leftovers
|upkeep
|turn|19
|
|switch|p2a: Ferrothorn|Ferrothorn, M|100/100
|cant|p1a: Necrozma|par
|
|-heal|p1a: Necrozma|37/100 par|[from] item: Leftovers
|upkeep
|turn|20
|
|switch|p1a: Ho-Oh|Ho-Oh|100/100
|move|p2a: Ferrothorn|Knock Off|p1a: Ho-Oh
|-damage|p1a: Ho-Oh|86/100
|-enditem|p1a: Ho-Oh|Heavy-Duty Boots|[from] move: Knock Off|[of] p2a: Ferrothorn
|
|upkeep
|turn|21
|
|switch|p2a: Lugia|Lugia|88/100
|move|p1a: Ho-Oh|Brave Bird|p2a: Lugia
|-damage|p2a: Lugia|64/100
|-damage|p1a: Ho-Oh|78/100|[from] Recoil
|
|upkeep
|turn|22
|
|switch|p1a: Groudon|Groudon-Primal|100/100
|-weather|DesolateLand|[from] ability: Desolate Land|[of] p1a: Groudon
|move|p2a: Lugia|Roost|p2a: Lugia
|-heal|p2a: Lugia|100/100
|-singleturn|p2a: Lugia|move: Roost
|
|-weather|DesolateLand|[upkeep]
|upkeep
|turn|23
|
|move|p1a: Groudon|Stealth Rock|p2a: Lugia
|-sidestart|p2: Onoufrios|move: Stealth Rock
|move|p2a: Lugia|Toxic|p1a: Groudon
|-status|p1a: Groudon|tox
|
|-weather|DesolateLand|[upkeep]
|-damage|p1a: Groudon|94/100 tox|[from] psn
|upkeep
|turn|24
|
|move|p1a: Groudon|Precipice Blades|p2a: Lugia
|-immune|p2a: Lugia
|move|p2a: Lugia|Roost||[still]
|-fail|p2a: Lugia|heal
|
|-weather|DesolateLand|[upkeep]
|-damage|p1a: Groudon|82/100 tox|[from] psn
|upkeep
|turn|25
|
|-weather|none
|switch|p1a: Necrozma|Necrozma-Dusk-Mane|37/100 par
|move|p2a: Lugia|Roost||[still]
|-fail|p2a: Lugia|heal
|
|-heal|p1a: Necrozma|43/100 par|[from] item: Leftovers
|upkeep
|turn|26
|
|switch|p1a: Ho-Oh|Ho-Oh|100/100
|move|p2a: Lugia|Whirlwind|p1a: Ho-Oh
|drag|p1a: Groudon|Groudon-Primal|82/100 tox
|-weather|DesolateLand|[from] ability: Desolate Land|[of] p1a: Groudon
|
|-weather|DesolateLand|[upkeep]
|-damage|p1a: Groudon|76/100 tox|[from] psn
|upkeep
|turn|27
|
|-weather|none
|switch|p1a: Necrozma|Necrozma-Dusk-Mane|43/100 par
|move|p2a: Lugia|Thunder Wave|p1a: Necrozma
|-fail|p1a: Necrozma|par
|
|-heal|p1a: Necrozma|49/100 par|[from] item: Leftovers
|upkeep
|turn|28
|inactive|Onoufrios has 60 seconds left.
|
|switch|p1a: Ho-Oh|Ho-Oh|100/100
|move|p2a: Lugia|Thunder Wave|p1a: Ho-Oh
|-status|p1a: Ho-Oh|par
|
|upkeep
|turn|29
|inactive|Onoufrios has 60 seconds left.
|
|cant|p1a: Ho-Oh|par
|move|p2a: Lugia|Whirlwind|p1a: Ho-Oh
|drag|p1a: Arceus|Arceus|82/100
|
|-heal|p1a: Arceus|88/100|[from] item: Leftovers
|upkeep
|turn|30
|
|switch|p1a: Necrozma|Necrozma-Dusk-Mane|49/100 par
|move|p2a: Lugia|Thunder Wave|p1a: Necrozma
|-fail|p1a: Necrozma|par
|
|-heal|p1a: Necrozma|55/100 par|[from] item: Leftovers
|upkeep
|turn|31
|inactive|asamiii has 120 seconds left.
|
|switch|p2a: Ferrothorn|Ferrothorn, M|100/100
|-damage|p2a: Ferrothorn|94/100|[from] Stealth Rock
|move|p1a: Necrozma|Morning Sun|p1a: Necrozma
|-heal|p1a: Necrozma|100/100 par
|
|-heal|p2a: Ferrothorn|100/100|[from] item: Leftovers
|upkeep
|turn|32
|inactive|Onoufrios has 60 seconds left.
|
|switch|p1a: Ho-Oh|Ho-Oh|100/100 par
|move|p2a: Ferrothorn|Leech Seed|p1a: Ho-Oh
|-start|p1a: Ho-Oh|move: Leech Seed
|
|-damage|p1a: Ho-Oh|88/100 par|[from] Leech Seed|[of] p2a: Ferrothorn
|upkeep
|turn|33
|inactive|Onoufrios has 60 seconds left.
|inactive|asamiii has 120 seconds left.
|
|switch|p2a: Ditto|Ditto|100/100
|-damage|p2a: Ditto|88/100|[from] Stealth Rock
|-transform|p2a: Ditto|p1a: Ho-Oh|[from] ability: Imposter
|cant|p1a: Ho-Oh|par
|
|-damage|p1a: Ho-Oh|75/100 par|[from] Leech Seed|[of] p2a: Ditto
|-heal|p2a: Ditto|100/100|[silent]
|upkeep
|turn|34
|
|switch|p1a: Groudon|Groudon-Primal|76/100 tox
|-weather|DesolateLand|[from] ability: Desolate Land|[of] p1a: Groudon
|move|p2a: Ditto|Defog|p1a: Groudon
|-unboost|p1a: Groudon|evasion|1
|-sideend|p2: Onoufrios|Stealth Rock|[from] move: Defog|[of] p2a: Ditto
|
|-weather|DesolateLand|[upkeep]
|-damage|p1a: Groudon|70/100 tox|[from] psn
|upkeep
|turn|35
|j| pokebinh
|
|switch|p2a: Lugia|Lugia|100/100
|move|p1a: Groudon|Stealth Rock|p2a: Lugia
|-sidestart|p2: Onoufrios|move: Stealth Rock
|
|-weather|DesolateLand|[upkeep]
|-damage|p1a: Groudon|58/100 tox|[from] psn
|upkeep
|turn|36
|
|-weather|none
|switch|p1a: Ho-Oh|Ho-Oh|100/100 par
|move|p2a: Lugia|Thunder Wave|p1a: Ho-Oh
|-fail|p1a: Ho-Oh|par
|
|upkeep
|turn|37
|
|move|p1a: Ho-Oh|Brave Bird|p2a: Lugia
|-damage|p2a: Lugia|88/100
|-damage|p1a: Ho-Oh|96/100 par|[from] Recoil
|move|p2a: Lugia|Whirlwind|p1a: Ho-Oh
|drag|p1a: Groudon|Groudon-Primal|58/100 tox
|-weather|DesolateLand|[from] ability: Desolate Land|[of] p1a: Groudon
|
|-weather|DesolateLand|[upkeep]
|-damage|p1a: Groudon|52/100 tox|[from] psn
|upkeep
|turn|38
|
|-weather|none
|switch|p1a: Ho-Oh|Ho-Oh|100/100 par
|move|p2a: Lugia|Roost|p2a: Lugia
|-heal|p2a: Lugia|100/100
|-singleturn|p2a: Lugia|move: Roost
|
|upkeep
|turn|39
|
|move|p1a: Ho-Oh|Brave Bird|p2a: Lugia
|-damage|p2a: Lugia|88/100
|-damage|p1a: Ho-Oh|96/100 par|[from] Recoil
|move|p2a: Lugia|Whirlwind|p1a: Ho-Oh
|drag|p1a: Groudon|Groudon-Primal|52/100 tox
|-weather|DesolateLand|[from] ability: Desolate Land|[of] p1a: Groudon
|
|-weather|DesolateLand|[upkeep]
|-damage|p1a: Groudon|46/100 tox|[from] psn
|upkeep
|turn|40
|
|-weather|none
|switch|p1a: Ho-Oh|Ho-Oh|100/100 par
|move|p2a: Lugia|Whirlwind|p1a: Ho-Oh
|drag|p1a: Arceus|Arceus|88/100
|
|-heal|p1a: Arceus|94/100|[from] item: Leftovers
|upkeep
|turn|41
|inactive|Onoufrios has 30 seconds left.
|
|switch|p1a: Ho-Oh|Ho-Oh|100/100 par
|switch|p2a: Ferrothorn|Ferrothorn, M|100/100
|-damage|p2a: Ferrothorn|94/100|[from] Stealth Rock
|
|-heal|p2a: Ferrothorn|100/100|[from] item: Leftovers
|upkeep
|turn|42
|
|switch|p2a: Ditto|Ditto|100/100
|-damage|p2a: Ditto|88/100|[from] Stealth Rock
|-transform|p2a: Ditto|p1a: Ho-Oh|[from] ability: Imposter
|cant|p1a: Ho-Oh|par
|
|upkeep
|turn|43
|
|move|p2a: Ditto|Defog|p1a: Ho-Oh
|-unboost|p1a: Ho-Oh|evasion|1
|-sideend|p2: Onoufrios|Stealth Rock|[from] move: Defog|[of] p2a: Ditto
|move|p1a: Ho-Oh|Brave Bird|p2a: Ditto
|-damage|p2a: Ditto|39/100
|-damage|p1a: Ho-Oh|89/100 par|[from] Recoil
|
|upkeep
|turn|44
|inactive|Onoufrios has 30 seconds left.
|
|switch|p2a: Lugia|Lugia|88/100
|move|p1a: Ho-Oh|Brave Bird|p2a: Lugia
|-damage|p2a: Lugia|64/100
|-damage|p1a: Ho-Oh|81/100 par|[from] Recoil
|
|upkeep
|turn|45
|
|move|p2a: Lugia|Roost|p2a: Lugia
|-heal|p2a: Lugia|100/100
|-singleturn|p2a: Lugia|move: Roost
|move|p1a: Ho-Oh|Brave Bird|p2a: Lugia
|-damage|p2a: Lugia|88/100
|-damage|p1a: Ho-Oh|77/100 par|[from] Recoil
|
|upkeep
|turn|46
|
|move|p2a: Lugia|Roost|p2a: Lugia
|-heal|p2a: Lugia|100/100
|-singleturn|p2a: Lugia|move: Roost
|cant|p1a: Ho-Oh|par
|
|upkeep
|turn|47
|
|move|p1a: Ho-Oh|Brave Bird|p2a: Lugia
|-damage|p2a: Lugia|88/100
|-damage|p1a: Ho-Oh|72/100 par|[from] Recoil
|move|p2a: Lugia|Whirlwind|p1a: Ho-Oh
|drag|p1a: Arceus|Arceus|94/100
|
|-heal|p1a: Arceus|99/100|[from] item: Leftovers
|upkeep
|turn|48
|j| Axolotl Va H-11
|
|move|p1a: Arceus|Substitute|p1a: Arceus
|-start|p1a: Arceus|Substitute
|-damage|p1a: Arceus|75/100
|move|p2a: Lugia|Whirlwind|p1a: Arceus
|drag|p1a: Ho-Oh|Ho-Oh|100/100 par
|
|upkeep
|turn|49
|
|move|p2a: Lugia|Whirlwind|p1a: Ho-Oh
|drag|p1a: Necrozma|Necrozma-Dusk-Mane|100/100 par
|
|upkeep
|turn|50
|
|switch|p1a: Ho-Oh|Ho-Oh|100/100 par
|move|p2a: Lugia|Whirlwind|p1a: Ho-Oh
|drag|p1a: Arceus|Arceus-Ground|100/100
|
|upkeep
|turn|51
|inactive|Onoufrios has 60 seconds left.
|
|switch|p1a: Ho-Oh|Ho-Oh|100/100 par
|move|p2a: Lugia|Whirlwind|p1a: Ho-Oh
|drag|p1a: Arceus|Arceus|75/100
|
|-heal|p1a: Arceus|81/100|[from] item: Leftovers
|upkeep
|turn|52
|
|switch|p1a: Ho-Oh|Ho-Oh|100/100 par
|move|p2a: Lugia|Whirlwind|p1a: Ho-Oh
|drag|p1a: Groudon|Groudon-Primal|46/100 tox
|-weather|DesolateLand|[from] ability: Desolate Land|[of] p1a: Groudon
|
|-weather|DesolateLand|[upkeep]
|-damage|p1a: Groudon|40/100 tox|[from] psn
|upkeep
|turn|53
|
|move|p1a: Groudon|Stealth Rock|p2a: Lugia
|-sidestart|p2: Onoufrios|move: Stealth Rock
|move|p2a: Lugia|Whirlwind|p1a: Groudon
|-weather|none
|drag|p1a: Necrozma|Necrozma-Dusk-Mane|100/100 par
|
|upkeep
|turn|54
|
|switch|p1a: Ho-Oh|Ho-Oh|100/100 par
|move|p2a: Lugia|Whirlwind|p1a: Ho-Oh
|drag|p1a: Arceus|Arceus-Ground|100/100
|
|upkeep
|turn|55
|
|move|p1a: Arceus|Toxic|p2a: Lugia|[miss]
|-miss|p1a: Arceus|p2a: Lugia
|move|p2a: Lugia|Whirlwind|p1a: Arceus
|drag|p1a: Ho-Oh|Ho-Oh|100/100 par
|
|upkeep
|turn|56
|c|☆asamiii|You’re just wasting pp
|
|move|p2a: Lugia|Whirlwind|p1a: Ho-Oh
|drag|p1a: Necrozma|Necrozma-Dusk-Mane|100/100 par
|
|upkeep
|turn|57
|
|switch|p1a: Ho-Oh|Ho-Oh|100/100 par
|move|p2a: Lugia|Whirlwind|p1a: Ho-Oh
|drag|p1a: Groudon|Groudon-Primal|40/100 tox
|-weather|DesolateLand|[from] ability: Desolate Land|[of] p1a: Groudon
|
|-weather|DesolateLand|[upkeep]
|-damage|p1a: Groudon|33/100 tox|[from] psn
|upkeep
|turn|58
|inactive|Onoufrios has 90 seconds left.
|
|-weather|none
|switch|p1a: Ho-Oh|Ho-Oh|100/100 par
|move|p2a: Lugia|Whirlwind|p1a: Ho-Oh
|drag|p1a: Groudon|Groudon-Primal|33/100 tox
|-weather|DesolateLand|[from] ability: Desolate Land|[of] p1a: Groudon
|
|-weather|DesolateLand|[upkeep]
|-damage|p1a: Groudon|27/100 tox|[from] psn
|upkeep
|turn|59
|inactive|Onoufrios has 90 seconds left.
|
|-weather|none
|switch|p1a: Ho-Oh|Ho-Oh|100/100 par
|move|p2a: Lugia|Roost|p2a: Lugia
|-heal|p2a: Lugia|100/100
|-singleturn|p2a: Lugia|move: Roost
|
|upkeep
|turn|60
|
|move|p2a: Lugia|Whirlwind|p1a: Ho-Oh
|drag|p1a: Necrozma|Necrozma-Dusk-Mane|100/100 par
|
|upkeep
|turn|61
|inactive|Onoufrios has 90 seconds left.
|
|switch|p1a: Ho-Oh|Ho-Oh|100/100 par
|move|p2a: Lugia|Whirlwind|p1a: Ho-Oh
|drag|p1a: Necrozma|Necrozma-Dusk-Mane|100/100 par
|
|upkeep
|turn|62
|
|switch|p1a: Ho-Oh|Ho-Oh|100/100 par
|move|p2a: Lugia|Whirlwind|p1a: Ho-Oh
|drag|p1a: Groudon|Groudon-Primal|27/100 tox
|-weather|DesolateLand|[from] ability: Desolate Land|[of] p1a: Groudon
|
|-weather|DesolateLand|[upkeep]
|-damage|p1a: Groudon|21/100 tox|[from] psn
|upkeep
|turn|63
|inactive|Onoufrios has 90 seconds left.
|inactive|asamiii has 120 seconds left.
|
|-weather|none
|switch|p1a: Ho-Oh|Ho-Oh|100/100 par
|move|p2a: Lugia|Toxic||[still]
|-fail|p2a: Lugia
|
|upkeep
|turn|64
|
|move|p2a: Lugia|Whirlwind|p1a: Ho-Oh
|drag|p1a: Necrozma|Necrozma-Dusk-Mane|100/100 par
|
|upkeep
|turn|65
|
|switch|p1a: Ho-Oh|Ho-Oh|100/100 par
|move|p2a: Lugia|Whirlwind|p1a: Ho-Oh
|drag|p1a: Groudon|Groudon-Primal|21/100 tox
|-weather|DesolateLand|[from] ability: Desolate Land|[of] p1a: Groudon
|
|-weather|DesolateLand|[upkeep]
|-damage|p1a: Groudon|15/100 tox|[from] psn
|upkeep
|turn|66
|
|-weather|none
|switch|p1a: Ho-Oh|Ho-Oh|100/100 par
|move|p2a: Lugia|Toxic||[still]
|-fail|p2a: Lugia
|
|upkeep
|turn|67
|
|move|p2a: Lugia|Whirlwind|p1a: Ho-Oh
|drag|p1a: Arceus|Arceus|81/100
|
|-heal|p1a: Arceus|87/100|[from] item: Leftovers
|upkeep
|turn|68
|
|switch|p1a: Ho-Oh|Ho-Oh|100/100 par
|move|p2a: Lugia|Whirlwind|p1a: Ho-Oh
|drag|p1a: Groudon|Groudon-Primal|15/100 tox
|-weather|DesolateLand|[from] ability: Desolate Land|[of] p1a: Groudon
|
|-weather|DesolateLand|[upkeep]
|-damage|p1a: Groudon|9/100 tox|[from] psn
|upkeep
|turn|69
|
|-weather|none
|switch|p1a: Ho-Oh|Ho-Oh|100/100 par
|move|p2a: Lugia|Toxic||[still]
|-fail|p2a: Lugia
|
|upkeep
|turn|70
|
|move|p2a: Lugia|Whirlwind|p1a: Ho-Oh
|drag|p1a: Arceus|Arceus-Ground|100/100
|
|upkeep
|turn|71
|inactive|Onoufrios has 120 seconds left.
|
|switch|p1a: Ho-Oh|Ho-Oh|100/100 par
|switch|p2a: Ferrothorn|Ferrothorn, M|100/100
|-damage|p2a: Ferrothorn|94/100|[from] Stealth Rock
|
|-heal|p2a: Ferrothorn|100/100|[from] item: Leftovers
|upkeep
|turn|72
|inactive|Onoufrios has 120 seconds left.
|
|switch|p2a: Lugia|Lugia|100/100
|cant|p1a: Ho-Oh|par
|
|upkeep
|turn|73
|
|move|p2a: Lugia|Whirlwind|p1a: Ho-Oh
|drag|p1a: Necrozma|Necrozma-Dusk-Mane|100/100 par
|
|upkeep
|turn|74
|
|switch|p1a: Ho-Oh|Ho-Oh|100/100 par
|move|p2a: Lugia|Whirlwind|p1a: Ho-Oh
|drag|p1a: Necrozma|Necrozma-Dusk-Mane|100/100 par
|
|upkeep
|turn|75
|
|switch|p1a: Ho-Oh|Ho-Oh|100/100 par
|move|p2a: Lugia|Whirlwind|p1a: Ho-Oh
|drag|p1a: Groudon|Groudon-Primal|9/100 tox
|-weather|DesolateLand|[from] ability: Desolate Land|[of] p1a: Groudon
|
|-weather|DesolateLand|[upkeep]
|-damage|p1a: Groudon|3/100 tox|[from] psn
|upkeep
|turn|76
|
|-weather|none
|switch|p1a: Ho-Oh|Ho-Oh|100/100 par
|move|p2a: Lugia|Toxic||[still]
|-fail|p2a: Lugia
|
|upkeep
|turn|77
|
|move|p2a: Lugia|Whirlwind|p1a: Ho-Oh
|drag|p1a: Arceus|Arceus|87/100
|
|-heal|p1a: Arceus|93/100|[from] item: Leftovers
|upkeep
|turn|78
|
|switch|p1a: Ho-Oh|Ho-Oh|100/100 par
|move|p2a: Lugia|Toxic||[still]
|-fail|p2a: Lugia
|
|upkeep
|turn|79
|
|move|p2a: Lugia|Whirlwind|p1a: Ho-Oh
|drag|p1a: Groudon|Groudon-Primal|3/100 tox
|-weather|DesolateLand|[from] ability: Desolate Land|[of] p1a: Groudon
|
|-weather|DesolateLand|[upkeep]
|-damage|p1a: Groudon|0 fnt|[from] psn
|faint|p1a: Groudon
|-weather|none
|upkeep
|
|switch|p1a: Ho-Oh|Ho-Oh|100/100 par
|turn|80
|
|move|p2a: Lugia|Toxic||[still]
|-fail|p2a: Lugia
|move|p1a: Ho-Oh|Whirlwind|p2a: Lugia
|drag|p2a: Ferrothorn|Ferrothorn, M|100/100
|-damage|p2a: Ferrothorn|94/100|[from] Stealth Rock
|
|-heal|p2a: Ferrothorn|100/100|[from] item: Leftovers
|upkeep
|turn|81
|inactive|Onoufrios has 120 seconds left.
|
|switch|p2a: Ditto|Ditto|72/100
|-damage|p2a: Ditto|60/100|[from] Stealth Rock
|-transform|p2a: Ditto|p1a: Ho-Oh|[from] ability: Imposter
|move|p1a: Ho-Oh|Whirlwind|p2a: Ditto
|drag|p2a: Kyogre|Kyogre|100/100
|-damage|p2a: Kyogre|88/100|[from] Stealth Rock
|-weather|RainDance|[from] ability: Drizzle|[of] p2a: Kyogre
|
|-weather|RainDance|[upkeep]
|upkeep
|turn|82
|inactive|Onoufrios has 120 seconds left.
|
|switch|p1a: Arceus|Arceus-Ground|100/100
|move|p2a: Kyogre|Water Spout|p1a: Arceus
|-supereffective|p1a: Arceus
|-damage|p1a: Arceus|0 fnt
|faint|p1a: Arceus
|
|-weather|RainDance|[upkeep]
|upkeep
|inactive|asamiii has 120 seconds left.
|
|switch|p1a: Arceus|Arceus|93/100
|turn|83
|inactive|Onoufrios has 120 seconds left.
|
|-start|p2a: Kyogre|Dynamax
|-heal|p2a: Kyogre|88/100|[silent]
|move|p1a: Arceus|Extreme Speed|p2a: Kyogre
|-damage|p2a: Kyogre|67/100
|move|p2a: Kyogre|Max Geyser|p1a: Arceus
|-damage|p1a: Arceus|0 fnt
|faint|p1a: Arceus
|
|-weather|RainDance|[upkeep]
|upkeep
|
|switch|p1a: Ho-Oh|Ho-Oh|100/100 par
|turn|84
|
|move|p2a: Kyogre|Max Geyser|p1a: Ho-Oh
|-supereffective|p1a: Ho-Oh
|-crit|p1a: Ho-Oh
|-damage|p1a: Ho-Oh|0 fnt
|faint|p1a: Ho-Oh
|
|-weather|RainDance|[upkeep]
|upkeep
|
|switch|p1a: Necrozma|Necrozma-Dusk-Mane|100/100 par
|turn|85
|
|-start|p1a: Necrozma|Dynamax
|-heal|p1a: Necrozma|100/100 par|[silent]
|move|p2a: Kyogre|Max Geyser|p1a: Necrozma
|-damage|p1a: Necrozma|62/100 par
|move|p1a: Necrozma|Max Quake|p2a: Kyogre
|-damage|p2a: Kyogre|46/100
|-boost|p1a: Necrozma|spd|1
|
|-weather|none
|-heal|p1a: Necrozma|65/100 par|[from] item: Leftovers
|-end|p2a: Kyogre|Dynamax
|-heal|p2a: Kyogre|46/100|[silent]
|upkeep
|turn|86
|inactive|Onoufrios has 120 seconds left.
|
|switch|p2a: Ferrothorn|Ferrothorn, M|100/100
|-damage|p2a: Ferrothorn|94/100|[from] Stealth Rock
|move|p1a: Necrozma|Max Steelspike|p2a: Ferrothorn
|-resisted|p2a: Ferrothorn
|-damage|p2a: Ferrothorn|74/100
|-boost|p1a: Necrozma|def|1
|
|-heal|p1a: Necrozma|68/100 par|[from] item: Leftovers
|-heal|p2a: Ferrothorn|80/100|[from] item: Leftovers
|upkeep
|turn|87
|inactive|Onoufrios has 120 seconds left.
|
|move|p1a: Necrozma|Max Steelspike|p2a: Ferrothorn
|-resisted|p2a: Ferrothorn
|-damage|p2a: Ferrothorn|60/100
|-boost|p1a: Necrozma|def|1
|move|p2a: Ferrothorn|Leech Seed|p1a: Necrozma
|-start|p1a: Necrozma|move: Leech Seed
|
|-heal|p1a: Necrozma|71/100 par|[from] item: Leftovers
|-heal|p2a: Ferrothorn|66/100|[from] item: Leftovers
|-damage|p1a: Necrozma|65/100 par|[from] Leech Seed|[of] p2a: Ferrothorn
|-heal|p2a: Ferrothorn|80/100|[silent]
|-end|p1a: Necrozma|Dynamax
|-heal|p1a: Necrozma|65/100 par|[silent]
|upkeep
|turn|88
|inactive|Onoufrios has 120 seconds left.
|inactive|asamiii has 120 seconds left.
|
|switch|p2a: Kyogre|Kyogre|46/100
|-damage|p2a: Kyogre|34/100|[from] Stealth Rock
|-weather|RainDance|[from] ability: Drizzle|[of] p2a: Kyogre
|move|p1a: Necrozma|Swords Dance|p1a: Necrozma
|-boost|p1a: Necrozma|atk|2
|
|-weather|RainDance|[upkeep]
|-heal|p1a: Necrozma|71/100 par|[from] item: Leftovers
|-damage|p1a: Necrozma|59/100 par|[from] Leech Seed|[of] p2a: Kyogre
|-heal|p2a: Kyogre|48/100|[silent]
|upkeep
|turn|89
|inactive|asamiii has 120 seconds left.
|
|move|p2a: Kyogre|Origin Pulse|p1a: Necrozma
|-damage|p1a: Necrozma|21/100 par
|move|p1a: Necrozma|Earthquake|p2a: Kyogre
|-damage|p2a: Kyogre|0 fnt
|faint|p2a: Kyogre
|
|-weather|RainDance|[upkeep]
|-heal|p1a: Necrozma|27/100 par|[from] item: Leftovers
|upkeep
|inactive|Onoufrios has 90 seconds left.
|
|switch|p2a: Ditto|Ditto|93/100
|-damage|p2a: Ditto|81/100|[from] Stealth Rock
|-transform|p2a: Ditto|p1a: Necrozma|[from] ability: Imposter
|turn|90
|inactive|Onoufrios has 90 seconds left.
|
|move|p2a: Ditto|Earthquake|p1a: Necrozma
|-supereffective|p1a: Necrozma
|-damage|p1a: Necrozma|0 fnt
|faint|p1a: Necrozma
|
|win|Onoufrios
|raw|asamiii's rating: 1859 &rarr; <strong>1829</strong><br />(-30 for losing)
|raw|Onoufrios's rating: 1676 &rarr; <strong>1706</strong><br />(+30 for winning)
|c|☆asamiii|Petty one aren’t you
|c|☆asamiii|gg
|l| Axolotl Va H-11
|l|☆asamiii
