|j|☆Snake of the Moon
|j|☆Glaliegoesboom ❤
|t:|1659635486
|gametype|singles
|player|p1|Snake of the Moon|ethan-masters|
|player|p2|Glaliegoesboom ❤|265|
|teamsize|p1|6
|teamsize|p2|6
|gen|8
|tier|[Gen 8] National Dex AG
|rule|HP Percentage Mod: HP is shown in percentages
|rule|Endless Battle Clause: Forcing endless battles is banned
|clearpoke
|poke|p1|Shuckle, F|
|poke|p1|Dracovish|
|poke|p1|Weavile, M|
|poke|p1|Dragapult, M|
|poke|p1|Naganadel|
|poke|p1|Zapdos-Galar|
|poke|p2|Hatterene, F|
|poke|p2|Calyrex-Ice|
|poke|p2|Dracovish|
|poke|p2|Alakazam, M|
|poke|p2|Melmetal|
|poke|p2|Camerupt, M|
|teampreview
|inactive|Battle timer is ON: inactive players will automatically lose when time's up. (requested by Snake of the Moon)
|inactive|Glaliegoesboom ❤ also wants the timer to be on.
|inactive|Snake of the Moon has 270 seconds left.
|
|t:|1659635526
|start
|switch|p1a: Dragapult|Dragapult, M|100/100
|switch|p2a: Hatterene|Hatterene, F|100/100
|turn|1
|
|t:|1659635536
|move|p1a: Dragapult|Substitute|p1a: Dragapult
|-start|p1a: Dragapult|Substitute
|-damage|p1a: Dragapult|76/100
|move|p2a: Hatterene|Trick Room|p2a: Hatterene
|-fieldstart|move: Trick Room|[of] p2a: Hatterene
|
|upkeep
|turn|2
|
|t:|1659635547
|move|p2a: Hatterene|Misty Explosion|p1a: Dragapult
|-supereffective|p1a: Dragapult
|-crit|p1a: Dragapult
|-end|p1a: Dragapult|Substitute
|faint|p2a: Hatterene
|move|p1a: Dragapult|Phantom Force||[still]
|-prepare|p1a: Dragapult|Phantom Force
|
|upkeep
|inactive|Glaliegoesboom ❤ has 270 seconds left.
|
|t:|1659635587
|switch|p2a: Dracovish|Dracovish|100/100
|turn|3
|
|t:|1659635611
|move|p2a: Dracovish|Outrage|p1a: Dragapult|[miss]
|-miss|p2a: Dracovish|p1a: Dragapult
|move|p1a: Dragapult|Phantom Force|p2a: Dracovish|[from]lockedmove
|-damage|p2a: Dracovish|62/100
|
|upkeep
|turn|4
|
|t:|1659635619
|switch|p1a: Shuckle|Shuckle, F|100/100
|move|p2a: Dracovish|Outrage|p1a: Shuckle
|-damage|p1a: Shuckle|48/100
|-enditem|p1a: Shuckle|Red Card|[of] p2a: Dracovish
|drag|p2a: Alakazam|Alakazam, M|100/100
|
|upkeep
|turn|5
|
|t:|1659635645
|move|p1a: Shuckle|Shell Smash|p1a: Shuckle
|-boost|p1a: Shuckle|def|1
|-boost|p1a: Shuckle|spd|1
|-unboost|p1a: Shuckle|atk|2
|-unboost|p1a: Shuckle|spa|2
|-unboost|p1a: Shuckle|spe|2
|move|p2a: Alakazam|Encore|p1a: Shuckle
|-start|p1a: Shuckle|Encore
|
|-fieldend|move: Trick Room
|upkeep
|turn|6
|
|t:|1659635654
|move|p2a: Alakazam|Taunt|p1a: Shuckle
|-start|p1a: Shuckle|move: Taunt
|cant|p1a: Shuckle|move: Taunt|Shell Smash
|
|upkeep
|turn|7
|
|t:|1659635659
|switch|p1a: Weavile|Weavile, M|100/100
|-ability|p1a: Weavile|Pressure
|move|p2a: Alakazam|Trick Room|p2a: Alakazam
|-fieldstart|move: Trick Room|[of] p2a: Alakazam
|
|upkeep
|turn|8
|
|t:|1659635671
|switch|p2a: Melmetal|Melmetal|100/100
|move|p1a: Weavile|Beat Up|p2a: Melmetal
|-damage|p2a: Melmetal|94/100
|-damage|p2a: Melmetal|87/100
|-damage|p2a: Melmetal|84/100
|-damage|p2a: Melmetal|77/100
|-damage|p2a: Melmetal|71/100
|-damage|p2a: Melmetal|64/100
|-hitcount|p2a: Melmetal|6
|
|upkeep
|turn|9
|
|t:|1659635687
|switch|p1a: Shuckle|Shuckle, F|48/100
|move|p2a: Melmetal|Double Iron Bash|p1a: Shuckle
|-supereffective|p1a: Shuckle
|-damage|p1a: Shuckle|0 fnt
|faint|p1a: Shuckle
|-hitcount|p1: Shuckle|1
|-damage|p2a: Melmetal|54/100|[from] item: Life Orb
|
|upkeep
|inactive|Snake of the Moon has 270 seconds left.
|
|t:|1659635711
|switch|p1a: Dracovish|Dracovish|100/100
|-enditem|p1a: Dracovish|Room Service
|-unboost|p1a: Dracovish|spe|1|[from] item: Room Service
|turn|10
|inactive|Glaliegoesboom ❤ has 270 seconds left.
|
|t:|1659635721
|move|p1a: Dracovish|Fishious Rend|p2a: Melmetal
|-damage|p2a: Melmetal|0 fnt
|faint|p2a: Melmetal
|
|upkeep
|inactive|Glaliegoesboom ❤ has 270 seconds left.
|
|t:|1659635737
|switch|p2a: Dracovish|Dracovish|62/100
|turn|11
|
|t:|1659635742
|move|p1a: Dracovish|Outrage|p2a: Dracovish
|-supereffective|p2a: Dracovish
|-damage|p2a: Dracovish|0 fnt
|faint|p2a: Dracovish
|
|-fieldend|move: Trick Room
|upkeep
|inactive|Glaliegoesboom ❤ has 270 seconds left.
|
|t:|1659635766
|switch|p2a: Calyrex|Calyrex-Ice|100/100
|-ability|p2a: Calyrex|As One
|-ability|p2a: Calyrex|Unnerve
|turn|12
|
|t:|1659635777
|-start|p2a: Calyrex|Dynamax|
|-heal|p2a: Calyrex|100/100|[silent]
|move|p2a: Calyrex|Max Hailstorm|p1a: Dracovish
|-damage|p1a: Dracovish|10/100
|-weather|Hail
|move|p1a: Dracovish|Outrage|p2a: Calyrex|[from]lockedmove
|-damage|p2a: Calyrex|84/100
|
|-weather|Hail|[upkeep]
|-damage|p1a: Dracovish|3/100|[from] Hail
|upkeep
|turn|13
|
|t:|1659635789
|move|p2a: Calyrex|Max Knuckle|p1a: Dracovish
|-damage|p1a: Dracovish|0 fnt
|-boost|p2a: Calyrex|atk|1
|faint|p1a: Dracovish
|-ability|p2a: Calyrex|Chilling Neigh|boost
|-boost|p2a: Calyrex|atk|1
|
|-weather|Hail|[upkeep]
|upkeep
|
|t:|1659635807
|switch|p1a: Dragapult|Dragapult, M|76/100
|turn|14
|
|t:|1659635811
|move|p1a: Dragapult|Substitute|p1a: Dragapult
|-start|p1a: Dragapult|Substitute
|-damage|p1a: Dragapult|51/100
|move|p2a: Calyrex|Max Hailstorm|p1a: Dragapult
|-supereffective|p1a: Dragapult
|-end|p1a: Dragapult|Substitute
|
|-weather|Hail|[upkeep]
|-damage|p1a: Dragapult|45/100|[from] Hail
|upkeep
|-end|p2a: Calyrex|Dynamax
|-heal|p2a: Calyrex|84/100|[silent]
|turn|15
|
|t:|1659635816
|-zpower|p1a: Dragapult
|move|p1a: Dragapult|Never-Ending Nightmare|p2a: Calyrex|[zeffect]
|-supereffective|p2a: Calyrex
|-damage|p2a: Calyrex|0 fnt
|faint|p2a: Calyrex
|
|-weather|Hail|[upkeep]
|-damage|p1a: Dragapult|39/100|[from] Hail
|upkeep
|
|t:|1659635823
|switch|p2a: Alakazam|Alakazam, M|100/100
|turn|16
|
|t:|1659635828
|move|p1a: Dragapult|Dragon Darts|p2a: Alakazam
|-damage|p2a: Alakazam|31/100
|-anim|p1a: Dragapult|Dragon Darts|p2a: Alakazam
|-damage|p2a: Alakazam|0 fnt
|faint|p2a: Alakazam
|
|-weather|none
|upkeep
|
|t:|1659635831
|switch|p2a: Camerupt|Camerupt, M|100/100
|turn|17
|
|t:|1659635834
|detailschange|p2a: Camerupt|Camerupt-Mega, M
|-mega|p2a: Camerupt|Camerupt|Cameruptite
|move|p1a: Dragapult|Dragon Darts|p2a: Camerupt
|-crit|p2a: Camerupt
|-damage|p2a: Camerupt|63/100
|-anim|p1a: Dragapult|Dragon Darts|p2a: Camerupt
|-damage|p2a: Camerupt|34/100
|move|p2a: Camerupt|Earth Power|p1a: Dragapult
|-damage|p1a: Dragapult|0 fnt
|faint|p1a: Dragapult
|
|upkeep
|
|t:|1659635842
|switch|p1a: Naganadel|Naganadel|100/100
|turn|18
|c|☆Glaliegoesboom ❤|Ggwp
|c|☆Snake of the Moon|Ggwp
|
|t:|1659635847
|-start|p1a: Naganadel|Dynamax|
|-heal|p1a: Naganadel|100/100|[silent]
|move|p1a: Naganadel|Max Wyrmwind|p2a: Camerupt
|-damage|p2a: Camerupt|0 fnt
|faint|p2a: Camerupt
|-damage|p1a: Naganadel|96/100|[from] item: Life Orb
|
|win|Snake of the Moon
|l|☆Glaliegoesboom ❤
