|j|☆hibro123456789
|j|☆Acornion
|t:|1630431060
|gametype|singles
|player|p1|hibro123456789|pokemaniac|1443
|player|p2|Acornion|giovanni|1515
|teamsize|p1|6
|teamsize|p2|6
|gen|8
|tier|[Gen 8] National Dex AG
|rated|
|rule|HP Percentage Mod: HP is shown in percentages
|rule|Endless Battle Clause: Forcing endless battles is banned
|clearpoke
|poke|p1|Marshadow|
|poke|p1|Zacian-*|
|poke|p1|Scizor, M|
|poke|p1|Lugia|
|poke|p1|Necrozma-Dusk-Mane|
|poke|p1|Yveltal|
|poke|p2|Tyranitar, F|
|poke|p2|Excadrill, F|
|poke|p2|Rotom-Heat|
|poke|p2|Rillaboom, F|
|poke|p2|Landorus-Therian, M|
|poke|p2|Kyurem-White|
|teampreview
|inactive|Battle timer is ON: inactive players will automatically lose when time's up. (requested by Acornion)
|inactive|hibro123456789 also wants the timer to be on.
|
|t:|1630431082
|start
|switch|p1a: Lugia|Lugia|100/100
|switch|p2a: Excadrill|Excadrill, F|100/100
|turn|1
|
|t:|1630431104
|switch|p1a: Necrozma|Necrozma-Dusk-Mane|100/100
|move|p2a: Excadrill|Rock Slide|p1a: Necrozma|[miss]
|-miss|p2a: Excadrill|p1a: Necrozma
|
|upkeep
|turn|2
|
|t:|1630431111
|move|p2a: Excadrill|Earthquake|p1a: Necrozma
|-supereffective|p1a: Necrozma
|-damage|p1a: Necrozma|30/100
|-enditem|p1a: Necrozma|Weakness Policy
|-boost|p1a: Necrozma|atk|2|[from] item: Weakness Policy
|-boost|p1a: Necrozma|spa|2|[from] item: Weakness Policy
|move|p1a: Necrozma|Dragon Dance|p1a: Necrozma
|-boost|p1a: Necrozma|atk|1
|-boost|p1a: Necrozma|spe|1
|
|upkeep
|turn|3
|
|t:|1630431118
|switch|p1a: Zacian|Zacian-Crowned|100/100
|-ability|p1a: Zacian|Intrepid Sword|boost
|-boost|p1a: Zacian|atk|1
|move|p2a: Excadrill|Earthquake|p1a: Zacian
|-supereffective|p1a: Zacian
|-damage|p1a: Zacian|0 fnt
|faint|p1a: Zacian
|
|upkeep
|
|t:|1630431121
|switch|p1a: Necrozma|Necrozma-Dusk-Mane|30/100
|turn|4
|
|t:|1630431123
|move|p2a: Excadrill|Earthquake|p1a: Necrozma
|-supereffective|p1a: Necrozma
|-damage|p1a: Necrozma|0 fnt
|faint|p1a: Necrozma
|
|upkeep
|c|☆hibro123456789|Misclick lol
|
|t:|1630431144
|switch|p1a: Marshadow|Marshadow|100/100
|turn|5
|
|t:|1630431150
|switch|p2a: Landorus|Landorus-Therian, M|100/100
|-ability|p2a: Landorus|Intimidate|boost
|-unboost|p1a: Marshadow|atk|1
|move|p1a: Marshadow|Close Combat|p2a: Landorus
|-resisted|p2a: Landorus
|-damage|p2a: Landorus|77/100
|-unboost|p1a: Marshadow|def|1
|-unboost|p1a: Marshadow|spd|1
|
|-heal|p2a: Landorus|83/100|[from] item: Leftovers
|upkeep
|turn|6
|
|t:|1630431154
|switch|p1a: Lugia|Lugia|100/100
|move|p2a: Landorus|Swords Dance|p2a: Landorus
|-boost|p2a: Landorus|atk|2
|
|-heal|p2a: Landorus|89/100|[from] item: Leftovers
|upkeep
|turn|7
|
|t:|1630431166
|-start|p2a: Landorus|Dynamax
|-heal|p2a: Landorus|89/100|[silent]
|move|p1a: Lugia|Toxic|p2a: Landorus
|-status|p2a: Landorus|tox
|move|p2a: Landorus|Max Knuckle|p1a: Lugia
|-resisted|p1a: Lugia
|-damage|p1a: Lugia|95/100
|-boost|p2a: Landorus|atk|1
|
|-heal|p1a: Lugia|100/100|[from] item: Leftovers
|-heal|p2a: Landorus|92/100 tox|[from] item: Leftovers
|-damage|p2a: Landorus|89/100 tox|[from] psn
|upkeep
|turn|8
|c|☆hibro123456789|I could have sweeped.....
|c|☆Acornion|i had sash
|inactive|hibro123456789 has 120 seconds left.
|c|☆hibro123456789|But i woul dynamax lol
|c|☆Acornion|doesnt ignore
|
|t:|1630431210
|move|p1a: Lugia|Defog|p2a: Landorus
|-unboost|p2a: Landorus|evasion|1
|move|p2a: Landorus|Max Airstream|p1a: Lugia
|-damage|p1a: Lugia|36/100
|-boost|p2a: Landorus|spe|1
|
|-heal|p2a: Landorus|92/100 tox|[from] item: Leftovers
|-heal|p1a: Lugia|43/100|[from] item: Leftovers
|-damage|p2a: Landorus|86/100 tox|[from] psn
|upkeep
|turn|9
|
|t:|1630431219
|move|p2a: Landorus|Max Airstream|p1a: Lugia
|-damage|p1a: Lugia|0 fnt
|-boost|p2a: Landorus|spe|1
|faint|p1a: Lugia
|
|-heal|p2a: Landorus|89/100 tox|[from] item: Leftovers
|-damage|p2a: Landorus|80/100 tox|[from] psn
|-end|p2a: Landorus|Dynamax
|-heal|p2a: Landorus|80/100 tox|[silent]
|upkeep
|
|t:|1630431223
|switch|p1a: Marshadow|Marshadow|100/100
|turn|10
|
|t:|1630431232
|switch|p2a: Tyranitar|Tyranitar, F|100/100
|-weather|Sandstorm|[from] ability: Sand Stream|[of] p2a: Tyranitar
|move|p1a: Marshadow|Spectral Thief|p2a: Tyranitar
|-resisted|p2a: Tyranitar
|-damage|p2a: Tyranitar|84/100
|
|-weather|Sandstorm|[upkeep]
|-damage|p1a: Marshadow|94/100|[from] Sandstorm
|-heal|p2a: Tyranitar|90/100|[from] item: Leftovers
|upkeep
|turn|11
|
|t:|1630431235
|switch|p2a: Landorus|Landorus-Therian, M|80/100 tox
|-ability|p2a: Landorus|Intimidate|boost
|-unboost|p1a: Marshadow|atk|1
|move|p1a: Marshadow|Close Combat|p2a: Landorus
|-resisted|p2a: Landorus
|-damage|p2a: Landorus|57/100 tox
|-unboost|p1a: Marshadow|def|1
|-unboost|p1a: Marshadow|spd|1
|
|-weather|Sandstorm|[upkeep]
|-damage|p1a: Marshadow|88/100|[from] Sandstorm
|-heal|p2a: Landorus|63/100 tox|[from] item: Leftovers
|-damage|p2a: Landorus|57/100 tox|[from] psn
|upkeep
|turn|12
|
|t:|1630431242
|switch|p1a: Scizor|Scizor, M|100/100
|move|p2a: Landorus|Earthquake|p1a: Scizor
|-damage|p1a: Scizor|42/100
|
|-weather|Sandstorm|[upkeep]
|-heal|p2a: Landorus|63/100 tox|[from] item: Leftovers
|-damage|p2a: Landorus|51/100 tox|[from] psn
|upkeep
|turn|13
|
|t:|1630431249
|switch|p2a: Rotom|Rotom-Heat|100/100
|detailschange|p1a: Scizor|Scizor-Mega, M
|-mega|p1a: Scizor|Scizor|Scizorite
|move|p1a: Scizor|Roost|p1a: Scizor
|-heal|p1a: Scizor|92/100
|-singleturn|p1a: Scizor|move: Roost
|
|-weather|Sandstorm|[upkeep]
|-damage|p2a: Rotom|94/100|[from] Sandstorm
|upkeep
|turn|14
|
|t:|1630431256
|switch|p1a: Yveltal|Yveltal|100/100
|-ability|p1a: Yveltal|Dark Aura
|move|p2a: Rotom|Will-O-Wisp|p1a: Yveltal
|-status|p1a: Yveltal|brn
|
|-weather|none
|-damage|p1a: Yveltal|94/100 brn|[from] brn
|upkeep
|turn|15
|
|t:|1630431266
|-start|p1a: Yveltal|Dynamax
|-heal|p1a: Yveltal|94/100 brn|[silent]
|move|p1a: Yveltal|Max Airstream|p2a: Rotom
|-resisted|p2a: Rotom
|-damage|p2a: Rotom|56/100
|-boost|p1a: Yveltal|spe|1
|move|p2a: Rotom|Volt Switch|p1a: Yveltal
|-supereffective|p1a: Yveltal
|-damage|p1a: Yveltal|74/100 brn
|-enditem|p1a: Yveltal|Weakness Policy
|-boost|p1a: Yveltal|atk|2|[from] item: Weakness Policy
|-boost|p1a: Yveltal|spa|2|[from] item: Weakness Policy
|c|☆hibro123456789|Yeesss
|
|t:|1630431281
|switch|p2a: Tyranitar|Tyranitar, F|90/100|[from]move: Volt Switch
|-weather|Sandstorm|[from] ability: Sand Stream|[of] p2a: Tyranitar
|
|-weather|Sandstorm|[upkeep]
|-damage|p1a: Yveltal|70/100 brn|[from] Sandstorm
|-heal|p2a: Tyranitar|96/100|[from] item: Leftovers
|-damage|p1a: Yveltal|67/100 brn|[from] brn
|upkeep
|turn|16
|
|t:|1630431286
|move|p1a: Yveltal|Max Darkness|p2a: Tyranitar
|-resisted|p2a: Tyranitar
|-damage|p2a: Tyranitar|69/100
|-unboost|p2a: Tyranitar|spd|1
|move|p2a: Tyranitar|Stone Edge|p1a: Yveltal
|-supereffective|p1a: Yveltal
|-damage|p1a: Yveltal|12/100 brn
|
|-weather|Sandstorm|[upkeep]
|-damage|p1a: Yveltal|9/100 brn|[from] Sandstorm
|-heal|p2a: Tyranitar|75/100|[from] item: Leftovers
|-damage|p1a: Yveltal|6/100 brn|[from] brn
|upkeep
|turn|17
|
|t:|1630431299
|move|p1a: Yveltal|Max Airstream|p2a: Tyranitar
|-resisted|p2a: Tyranitar
|-damage|p2a: Tyranitar|21/100
|-boost|p1a: Yveltal|spe|1
|move|p2a: Tyranitar|Foul Play|p1a: Yveltal
|-resisted|p1a: Yveltal
|-damage|p1a: Yveltal|0 fnt
|faint|p1a: Yveltal
|
|-weather|Sandstorm|[upkeep]
|-heal|p2a: Tyranitar|27/100|[from] item: Leftovers
|upkeep
|
|t:|1630431308
|switch|p1a: Scizor|Scizor-Mega, M|92/100
|turn|18
|
|t:|1630431311
|switch|p2a: Landorus|Landorus-Therian, M|51/100 tox
|-ability|p2a: Landorus|Intimidate|boost
|-unboost|p1a: Scizor|atk|1
|move|p1a: Scizor|Dual Wingbeat|p2a: Landorus
|-damage|p2a: Landorus|31/100 tox
|-damage|p2a: Landorus|9/100 tox
|-hitcount|p2a: Landorus|2
|
|-weather|Sandstorm|[upkeep]
|-heal|p2a: Landorus|15/100 tox|[from] item: Leftovers
|-damage|p2a: Landorus|9/100 tox|[from] psn
|upkeep
|turn|19
|
|t:|1630431320
|switch|p2a: Rotom|Rotom-Heat|56/100
|move|p1a: Scizor|Swords Dance|p1a: Scizor
|-boost|p1a: Scizor|atk|2
|
|-weather|none
|upkeep
|turn|20
|
|t:|1630431323
|switch|p1a: Marshadow|Marshadow|88/100
|move|p2a: Rotom|Overheat|p1a: Marshadow
|-damage|p1a: Marshadow|37/100
|-unboost|p2a: Rotom|spa|2
|
|upkeep
|turn|21
|
|t:|1630431330
|switch|p2a: Rillaboom|Rillaboom, F|100/100
|-fieldstart|move: Grassy Terrain|[from] ability: Grassy Surge|[of] p2a: Rillaboom
|move|p1a: Marshadow|Spectral Thief|p2a: Rillaboom
|-damage|p2a: Rillaboom|54/100
|
|-heal|p1a: Marshadow|43/100|[from] Grassy Terrain
|-heal|p2a: Rillaboom|60/100|[from] Grassy Terrain
|upkeep
|turn|22
|
|t:|1630431336
|switch|p1a: Scizor|Scizor-Mega, M|92/100
|move|p2a: Rillaboom|Grassy Glide|p1a: Scizor
|-resisted|p1a: Scizor
|-damage|p1a: Scizor|79/100
|
|-heal|p2a: Rillaboom|66/100|[from] Grassy Terrain
|-heal|p1a: Scizor|85/100|[from] Grassy Terrain
|upkeep
|turn|23
|
|t:|1630431343
|switch|p2a: Rotom|Rotom-Heat|56/100
|move|p1a: Scizor|Dual Wingbeat|p2a: Rotom
|-resisted|p2a: Rotom
|-damage|p2a: Rotom|46/100
|-resisted|p2a: Rotom
|-damage|p2a: Rotom|35/100
|-hitcount|p2a: Rotom|2
|
|-heal|p1a: Scizor|91/100|[from] Grassy Terrain
|upkeep
|turn|24
|
|t:|1630431348
|switch|p1a: Marshadow|Marshadow|43/100
|move|p2a: Rotom|Overheat|p1a: Marshadow
|-damage|p1a: Marshadow|0 fnt
|-unboost|p2a: Rotom|spa|2
|faint|p1a: Marshadow
|
|upkeep
|
|t:|1630431351
|switch|p1a: Scizor|Scizor-Mega, M|91/100
|turn|25
|
|t:|1630431354
|move|p2a: Rotom|Will-O-Wisp|p1a: Scizor
|-status|p1a: Scizor|brn
|move|p1a: Scizor|Dual Wingbeat|p2a: Rotom
|-resisted|p2a: Rotom
|-damage|p2a: Rotom|30/100
|-resisted|p2a: Rotom
|-damage|p2a: Rotom|26/100
|-hitcount|p2a: Rotom|2
|
|-heal|p1a: Scizor|97/100 brn|[from] Grassy Terrain
|-damage|p1a: Scizor|91/100 brn|[from] brn
|-fieldend|move: Grassy Terrain
|upkeep
|turn|26
|
|t:|1630431361
|move|p1a: Scizor|Bullet Punch|p2a: Rotom
|-resisted|p2a: Rotom
|-damage|p2a: Rotom|23/100
|move|p2a: Rotom|Overheat|p1a: Scizor
|-supereffective|p1a: Scizor
|-damage|p1a: Scizor|0 fnt
|-unboost|p2a: Rotom|spa|2
|faint|p1a: Scizor
|
|win|Acornion
|raw|hibro123456789's rating: 1443 &rarr; <strong>1427</strong><br />(-16 for losing)
|raw|Acornion's rating: 1515 &rarr; <strong>1531</strong><br />(+16 for winning)
|l|☆hibro123456789
|c|☆Acornion|gg
||Ladder isn't responding, score probably updated but might not have (Request timeout).
