|j|☆thatisaufo
|j|☆alt1445645
|t:|1666077022
|gametype|singles
|player|p1|thatisaufo|169|1596
|player|p2|alt1445645|lucas|1881
|teamsize|p1|6
|teamsize|p2|6
|gen|8
|tier|[Gen 8] National Dex AG
|rated|
|rule|HP Percentage Mod: HP is shown in percentages
|rule|Endless Battle Clause: Forcing endless battles is banned
|clearpoke
|poke|p1|Kyogre|
|poke|p1|Deoxys-Speed|
|poke|p1|Zygarde|
|poke|p1|Rayquaza|
|poke|p1|Arceus-*|
|poke|p1|Marshadow|
|poke|p2|Groudon|
|poke|p2|Rayquaza|
|poke|p2|Zygarde|
|poke|p2|Calyrex-Shadow|
|poke|p2|Arceus-*|
|poke|p2|Arceus-*|
|teampreview
|inactive|Battle timer is ON: inactive players will automatically lose when time's up. (requested by thatisaufo)
|
|t:|1666077030
|start
|switch|p1a: Deoxys|Deoxys-Speed|100/100
|switch|p2a: the gwoat|Rayquaza|100/100
|-ability|p1a: Deoxys|Pressure
|-ability|p2a: the gwoat|Air Lock
|turn|1
|
|t:|1666077037
|detailschange|p2a: the gwoat|Rayquaza-Mega
|-mega|p2a: the gwoat|Rayquaza|
|-weather|DeltaStream|[from] ability: Delta Stream|[of] p2a: the gwoat
|move|p1a: Deoxys|Stealth Rock|p2a: the gwoat
|-sidestart|p2: alt1445645|move: Stealth Rock
|move|p2a: the gwoat|Scale Shot|p1a: Deoxys|[miss]
|-miss|p2a: the gwoat|p1a: Deoxys
|
|-weather|DeltaStream|[upkeep]
|upkeep
|turn|2
|c|☆alt1445645|o boy
|
|t:|1666077043
|move|p1a: Deoxys|Thunder Wave|p2a: the gwoat
|-status|p2a: the gwoat|par
|move|p2a: the gwoat|Scale Shot|p1a: Deoxys
|-damage|p1a: Deoxys|72/100
|-damage|p1a: Deoxys|43/100
|-damage|p1a: Deoxys|15/100
|-hitcount|p1a: Deoxys|3
|-unboost|p2a: the gwoat|def|1
|-boost|p2a: the gwoat|spe|1
|-damage|p2a: the gwoat|91/100 par|[from] item: Life Orb
|
|-weather|DeltaStream|[upkeep]
|upkeep
|turn|3
|
|t:|1666077061
|move|p2a: the gwoat|Extreme Speed|p1a: Deoxys
|-damage|p1a: Deoxys|0 fnt
|faint|p1a: Deoxys
|-damage|p2a: the gwoat|81/100 par|[from] item: Life Orb
|
|-weather|DeltaStream|[upkeep]
|upkeep
|
|t:|1666077064
|switch|p1a: Marshadow|Marshadow|100/100
|turn|4
|
|t:|1666077069
|move|p1a: Marshadow|Spectral Thief||[still]
|-clearpositiveboost|p2a: the gwoat|p1a: Marshadow|move: Spectral Thief
|-boost|p1a: Marshadow|spe|1
|-anim|p1a: Marshadow|Spectral Thief|p2a: the gwoat
|-damage|p2a: the gwoat|10/100 par
|move|p2a: the gwoat|Dragon Ascent|p1a: Marshadow
|-supereffective|p1a: Marshadow
|-enditem|p1a: Marshadow|Focus Sash
|-damage|p1a: Marshadow|1/100
|-unboost|p2a: the gwoat|def|1
|-unboost|p2a: the gwoat|spd|1
|-damage|p2a: the gwoat|0 fnt|[from] item: Life Orb
|faint|p2a: the gwoat
|-weather|none
|
|upkeep
|
|t:|1666077073
|switch|p2a: the goat|Zygarde, shiny|100/100
|-damage|p2a: the goat|94/100|[from] Stealth Rock
|turn|5
|
|t:|1666077092
|switch|p1a: Kyogre|Kyogre|100/100
|detailschange|p1a: Kyogre|Kyogre-Primal
|-primal|p1a: Kyogre
|-weather|PrimordialSea|[from] ability: Primordial Sea|[of] p1a: Kyogre
|move|p2a: the goat|Glare|p1a: Kyogre
|-status|p1a: Kyogre|par
|
|-weather|PrimordialSea|[upkeep]
|-heal|p2a: the goat|100/100|[from] item: Leftovers
|upkeep
|turn|6
|
|t:|1666077096
|switch|p2a: Pyra|Groudon|100/100
|-damage|p2a: Pyra|94/100|[from] Stealth Rock
|detailschange|p2a: Pyra|Groudon-Primal
|-primal|p2a: Pyra
|-weather|DesolateLand|[from] ability: Desolate Land|[of] p2a: Pyra
|move|p1a: Kyogre|Ice Beam|p2a: Pyra
|-damage|p2a: Pyra|65/100
|
|-weather|DesolateLand|[upkeep]
|upkeep
|turn|7
|
|t:|1666077100
|switch|p1a: Zygarde|Zygarde|100/100
|move|p2a: Pyra|Stealth Rock|p1a: Zygarde
|-sidestart|p1: thatisaufo|move: Stealth Rock
|
|-weather|DesolateLand|[upkeep]
|upkeep
|turn|8
|
|t:|1666077103
|-weather|none
|switch|p2a: Arceus|Arceus-Fairy|100/100
|-damage|p2a: Arceus|88/100|[from] Stealth Rock
|move|p1a: Zygarde|Substitute|p1a: Zygarde
|-start|p1a: Zygarde|Substitute
|-damage|p1a: Zygarde|75/100
|
|-heal|p1a: Zygarde|82/100|[from] item: Leftovers
|upkeep
|turn|9
|
|t:|1666077114
|move|p2a: Arceus|Perish Song|p2a: Arceus
|-start|p1a: Zygarde|perish3|[silent]
|-start|p2a: Arceus|perish3|[silent]
|-fieldactivate|move: Perish Song
|move|p1a: Zygarde|Thousand Arrows|p2a: Arceus
|-damage|p2a: Arceus|68/100
|
|-heal|p1a: Zygarde|88/100|[from] item: Leftovers
|-start|p2a: Arceus|perish3
|-start|p1a: Zygarde|perish3
|upkeep
|turn|10
|
|t:|1666077118
|switch|p1a: Kyogre|Kyogre-Primal|100/100 par
|-damage|p1a: Kyogre|88/100 par|[from] Stealth Rock
|-weather|PrimordialSea|[from] ability: Primordial Sea|[of] p1a: Kyogre
|move|p2a: Arceus|Recover|p2a: Arceus
|-heal|p2a: Arceus|100/100
|
|-weather|PrimordialSea|[upkeep]
|-start|p2a: Arceus|perish2
|upkeep
|turn|11
|
|t:|1666077127
|move|p2a: Arceus|Perish Song|p2a: Arceus
|-start|p1a: Kyogre|perish3|[silent]
|-fieldactivate|move: Perish Song
|cant|p1a: Kyogre|par
|
|-weather|PrimordialSea|[upkeep]
|-start|p2a: Arceus|perish1
|-start|p1a: Kyogre|perish3
|upkeep
|turn|12
|
|t:|1666077139
|switch|p2a: Pyra|Groudon-Primal|65/100
|-damage|p2a: Pyra|53/100|[from] Stealth Rock
|-weather|DesolateLand|[from] ability: Desolate Land|[of] p2a: Pyra
|switch|p1a: Zygarde|Zygarde|88/100
|-damage|p1a: Zygarde|82/100|[from] Stealth Rock
|
|-weather|DesolateLand|[upkeep]
|-heal|p1a: Zygarde|88/100|[from] item: Leftovers
|upkeep
|turn|13
|
|t:|1666077144
|move|p1a: Zygarde|Substitute|p1a: Zygarde
|-start|p1a: Zygarde|Substitute
|-damage|p1a: Zygarde|63/100
|move|p2a: Pyra|Precipice Blades|p1a: Zygarde
|-end|p1a: Zygarde|Substitute
|
|-weather|DesolateLand|[upkeep]
|-heal|p1a: Zygarde|69/100|[from] item: Leftovers
|upkeep
|turn|14
|
|t:|1666077149
|-weather|none
|switch|p2a: Arceus|Arceus-Fairy|100/100
|-damage|p2a: Arceus|88/100|[from] Stealth Rock
|move|p1a: Zygarde|Coil|p1a: Zygarde
|-boost|p1a: Zygarde|atk|1
|-boost|p1a: Zygarde|def|1
|-boost|p1a: Zygarde|accuracy|1
|
|-heal|p1a: Zygarde|75/100|[from] item: Leftovers
|upkeep
|turn|15
|
|t:|1666077155
|switch|p1a: Arceus|Arceus-Steel|100/100
|-damage|p1a: Arceus|94/100|[from] Stealth Rock
|move|p2a: Arceus|Whirlpool|p1a: Arceus
|-crit|p1a: Arceus
|-damage|p1a: Arceus|88/100
|-activate|p1a: Arceus|move: Whirlpool|[of] p2a: Arceus
|
|-damage|p1a: Arceus|75/100|[from] move: Whirlpool|[partiallytrapped]
|upkeep
|turn|16
|
|t:|1666077162
|move|p2a: Arceus|Perish Song|p2a: Arceus
|-start|p1a: Arceus|perish3|[silent]
|-start|p2a: Arceus|perish3|[silent]
|-fieldactivate|move: Perish Song
|move|p1a: Arceus|Flash Cannon|p2a: Arceus
|-supereffective|p2a: Arceus
|-damage|p2a: Arceus|54/100
|-unboost|p2a: Arceus|spd|1
|
|-damage|p1a: Arceus|63/100|[from] move: Whirlpool|[partiallytrapped]
|-start|p2a: Arceus|perish3
|-start|p1a: Arceus|perish3
|upkeep
|turn|17
|
|t:|1666077173
|move|p2a: Arceus|Recover|p2a: Arceus
|-heal|p2a: Arceus|100/100
|move|p1a: Arceus|Calm Mind|p1a: Arceus
|-boost|p1a: Arceus|spa|1
|-boost|p1a: Arceus|spd|1
|
|-damage|p1a: Arceus|50/100|[from] move: Whirlpool|[partiallytrapped]
|-start|p2a: Arceus|perish2
|-start|p1a: Arceus|perish2
|upkeep
|turn|18
|c|☆alt1445645|o boy
|
|t:|1666077185
|move|p2a: Arceus|Judgment|p1a: Arceus
|-resisted|p1a: Arceus
|-damage|p1a: Arceus|43/100
|-zpower|p1a: Arceus
|move|p1a: Arceus|Corkscrew Crash|p2a: Arceus|[zeffect]
|-supereffective|p2a: Arceus
|-damage|p2a: Arceus|0 fnt
|faint|p2a: Arceus
|
|-end|p1a: Arceus|Whirlpool|[partiallytrapped]|[silent]
|-start|p1a: Arceus|perish1
|upkeep
|
|t:|1666077189
|switch|p2a: Calyrex|Calyrex-Shadow|100/100
|-ability|p2a: Calyrex|As One
|-ability|p2a: Calyrex|Unnerve
|-damage|p2a: Calyrex|88/100|[from] Stealth Rock
|turn|19
|
|t:|1666077206
|switch|p1a: Marshadow|Marshadow|1/100
|-damage|p1a: Marshadow|0 fnt|[from] Stealth Rock
|faint|p1a: Marshadow
|move|p2a: Calyrex|Substitute|p2a: Calyrex
|-start|p2a: Calyrex|Substitute
|-damage|p2a: Calyrex|63/100
|
|-heal|p2a: Calyrex|70/100|[from] item: Leftovers
|upkeep
|-message|thatisaufo forfeited.
|
|win|alt1445645
|raw|thatisaufo's rating: 1596 &rarr; <strong>1590</strong><br />(-6 for losing)
|raw|alt1445645's rating: 1881 &rarr; <strong>1887</strong><br />(+6 for winning)
|l|☆thatisaufo
|c|☆alt1445645|o boy
