|j|☆showdownplayer#1
|j|☆DarkboiJ
|t:|1666817939
|gametype|singles
|player|p1|showdownplayer#1|265|1679
|player|p2|DarkboiJ|blue-gen3two|1811
|teamsize|p1|6
|teamsize|p2|6
|gen|8
|tier|[Gen 8] National Dex AG
|rated|
|rule|HP Percentage Mod: HP is shown in percentages
|rule|Endless Battle Clause: Forcing endless battles is banned
|clearpoke
|poke|p1|Necrozma-Dusk-Mane|
|poke|p1|Yveltal|
|poke|p1|Arceus-*|
|poke|p1|Groudon|
|poke|p1|Zacian-*|
|poke|p1|Ditto|
|poke|p2|Mewtwo|
|poke|p2|Arceus-*|
|poke|p2|Ditto|
|poke|p2|Arceus-*|
|poke|p2|Rayquaza|
|poke|p2|Arceus-*|
|teampreview
|inactive|Battle timer is ON: inactive players will automatically lose when time's up. (requested by showdownplayer#1)
|inactive|DarkboiJ also wants the timer to be on.
|
|t:|1666817947
|start
|switch|p1a: Necrozma|Necrozma-Dusk-Mane|100/100
|switch|p2a: Rayquaza|Rayquaza, shiny|100/100
|-ability|p2a: Rayquaza|Air Lock
|turn|1
|
|t:|1666817951
|switch|p2a: Arceus|Arceus-Electric|100/100
|move|p1a: Necrozma|Thunder Wave|p2a: Arceus
|-immune|p2a: Arceus
|
|upkeep
|turn|2
|
|t:|1666817955
|move|p2a: Arceus|Judgment|p1a: Necrozma
|-damage|p1a: Necrozma|64/100
|move|p1a: Necrozma|Stealth Rock|p2a: Arceus
|-sidestart|p2: DarkboiJ|move: Stealth Rock
|
|upkeep
|turn|3
|
|t:|1666817961
|move|p2a: Arceus|Judgment|p1a: Necrozma
|-damage|p1a: Necrozma|24/100
|move|p1a: Necrozma|Moonlight|p1a: Necrozma
|-heal|p1a: Necrozma|74/100
|
|upkeep
|turn|4
|
|t:|1666817968
|switch|p1a: Groudon|Groudon|100/100
|detailschange|p1a: Groudon|Groudon-Primal
|-primal|p1a: Groudon
|-weather|DesolateLand|[from] ability: Desolate Land|[of] p1a: Groudon
|move|p2a: Arceus|Toxic|p1a: Groudon
|-status|p1a: Groudon|tox
|
|-weather|DesolateLand|[upkeep]
|-damage|p1a: Groudon|94/100 tox|[from] psn
|upkeep
|turn|5
|
|t:|1666817973
|switch|p2a: Rayquaza|Rayquaza, shiny|100/100
|-damage|p2a: Rayquaza|76/100|[from] Stealth Rock
|-ability|p2a: Rayquaza|Air Lock
|move|p1a: Groudon|Stone Edge|p2a: Rayquaza
|-supereffective|p2a: Rayquaza
|-damage|p2a: Rayquaza|0 fnt
|faint|p2a: Rayquaza
|
|-weather|DesolateLand|[upkeep]
|-damage|p1a: Groudon|82/100 tox|[from] psn
|upkeep
|
|t:|1666817983
|switch|p2a: Arceus|Arceus-Fairy|100/100
|-damage|p2a: Arceus|88/100|[from] Stealth Rock
|turn|6
|
|t:|1666817986
|move|p1a: Groudon|Precipice Blades|p2a: Arceus
|-damage|p2a: Arceus|40/100
|move|p2a: Arceus|Stealth Rock|p1a: Groudon
|-sidestart|p1: showdownplayer#1|move: Stealth Rock
|
|-weather|DesolateLand|[upkeep]
|-damage|p1a: Groudon|64/100 tox|[from] psn
|upkeep
|turn|7
|
|t:|1666817992
|move|p1a: Groudon|Precipice Blades|p2a: Arceus|[miss]
|-miss|p1a: Groudon|p2a: Arceus
|move|p2a: Arceus|Recover|p2a: Arceus
|-heal|p2a: Arceus|90/100
|
|-weather|DesolateLand|[upkeep]
|-damage|p1a: Groudon|39/100 tox|[from] psn
|upkeep
|turn|8
|
|t:|1666817997
|move|p1a: Groudon|Precipice Blades|p2a: Arceus|[miss]
|-miss|p1a: Groudon|p2a: Arceus
|move|p2a: Arceus|Recover|p2a: Arceus
|-heal|p2a: Arceus|100/100
|
|-weather|DesolateLand|[upkeep]
|-damage|p1a: Groudon|8/100 tox|[from] psn
|upkeep
|turn|9
|
|t:|1666818000
|move|p1a: Groudon|Precipice Blades|p2a: Arceus|[miss]
|-miss|p1a: Groudon|p2a: Arceus
|move|p2a: Arceus|Recover||[still]
|-fail|p2a: Arceus|heal
|
|-weather|DesolateLand|[upkeep]
|-damage|p1a: Groudon|0 fnt|[from] psn
|faint|p1a: Groudon
|-weather|none
|upkeep
|c|☆showdownplayer#1|Bro I-
|
|t:|1666818008
|switch|p1a: Necrozma|Necrozma-Dusk-Mane|74/100
|-damage|p1a: Necrozma|68/100|[from] Stealth Rock
|turn|10
|
|t:|1666818011
|switch|p2a: Arceus|Arceus-Electric|100/100
|-damage|p2a: Arceus|88/100|[from] Stealth Rock
|move|p1a: Necrozma|Thunder Wave|p2a: Arceus
|-immune|p2a: Arceus
|
|upkeep
|turn|11
|
|t:|1666818016
|move|p2a: Arceus|Judgment|p1a: Necrozma
|-damage|p1a: Necrozma|32/100
|move|p1a: Necrozma|Sunsteel Strike|p2a: Arceus
|-resisted|p2a: Arceus
|-damage|p2a: Arceus|75/100
|
|upkeep
|turn|12
|
|t:|1666818022
|move|p2a: Arceus|Judgment|p1a: Necrozma
|-damage|p1a: Necrozma|0 fnt
|faint|p1a: Necrozma
|
|upkeep
|
|t:|1666818040
|switch|p1a: Arceus|Arceus|100/100
|-damage|p1a: Arceus|88/100|[from] Stealth Rock
|turn|13
|c|☆DarkboiJ|Use earthquake that move always misses
|
|t:|1666818056
|move|p2a: Arceus|Toxic|p1a: Arceus
|-status|p1a: Arceus|tox
|move|p1a: Arceus|Swords Dance|p1a: Arceus
|-boost|p1a: Arceus|atk|2
|
|-damage|p1a: Arceus|82/100 tox|[from] psn
|upkeep
|turn|14
|
|t:|1666818064
|move|p1a: Arceus|Extreme Speed|p2a: Arceus
|-damage|p2a: Arceus|20/100
|-damage|p1a: Arceus|72/100 tox|[from] item: Life Orb
|move|p2a: Arceus|Judgment|p1a: Arceus
|-damage|p1a: Arceus|42/100 tox
|
|-damage|p1a: Arceus|30/100 tox|[from] psn
|upkeep
|turn|15
|
|t:|1666818068
|move|p1a: Arceus|Extreme Speed|p2a: Arceus
|-damage|p2a: Arceus|0 fnt
|faint|p2a: Arceus
|-damage|p1a: Arceus|20/100 tox|[from] item: Life Orb
|
|-damage|p1a: Arceus|2/100 tox|[from] psn
|upkeep
|
|t:|1666818071
|switch|p2a: Ditto|Ditto, shiny|100/100
|-damage|p2a: Ditto|88/100|[from] Stealth Rock
|-transform|p2a: Ditto|p1a: Arceus|[from] ability: Imposter
|turn|16
|
|t:|1666818074
|move|p2a: Ditto|Extreme Speed|p1a: Arceus
|-damage|p1a: Arceus|0 fnt
|faint|p1a: Arceus
|
|upkeep
|
|t:|1666818077
|switch|p1a: Zacian|Zacian-Crowned|100/100
|-damage|p1a: Zacian|94/100|[from] Stealth Rock
|-ability|p1a: Zacian|Intrepid Sword|boost
|-boost|p1a: Zacian|atk|1
|turn|17
|
|t:|1666818085
|switch|p2a: Arceus|Arceus-Fairy|100/100
|-damage|p2a: Arceus|88/100|[from] Stealth Rock
|move|p1a: Zacian|Behemoth Blade|p2a: Arceus
|-supereffective|p2a: Arceus
|-damage|p2a: Arceus|0 fnt
|faint|p2a: Arceus
|
|upkeep
|
|t:|1666818087
|switch|p2a: Ditto|Ditto, shiny|88/100
|-damage|p2a: Ditto|76/100|[from] Stealth Rock
|-transform|p2a: Ditto|p1a: Zacian|[from] ability: Imposter
|-ability|p2a: Ditto|Intrepid Sword|boost
|-boost|p2a: Ditto|atk|1
|turn|18
|
|t:|1666818091
|move|p2a: Ditto|Behemoth Blade|p1a: Zacian
|-damage|p1a: Zacian|0 fnt
|faint|p1a: Zacian
|
|upkeep
|
|t:|1666818092
|switch|p1a: Yveltal|Yveltal|100/100
|-ability|p1a: Yveltal|Dark Aura
|turn|19
|
|t:|1666818096
|-start|p1a: Yveltal|Dynamax|
|-heal|p1a: Yveltal|100/100|[silent]
|move|p2a: Ditto|Behemoth Blade|p1a: Yveltal
|-damage|p1a: Yveltal|3/100
|move|p1a: Yveltal|Max Darkness|p2a: Ditto
|-resisted|p2a: Ditto
|-damage|p2a: Ditto|22/100
|-unboost|p2a: Ditto|spd|1
|
|upkeep
|turn|20
|
|t:|1666818100
|move|p1a: Yveltal|Max Guard|p1a: Yveltal
|-singleturn|p1a: Yveltal|Max Guard
|move|p2a: Ditto|Behemoth Blade|p1a: Yveltal
|-activate|p1a: Yveltal|move: Max Guard
|
|upkeep
|turn|21
|
|t:|1666818103
|move|p1a: Yveltal|Max Guard|p1a: Yveltal
|-singleturn|p1a: Yveltal|Max Guard
|move|p2a: Ditto|Behemoth Blade|p1a: Yveltal
|-activate|p1a: Yveltal|move: Max Guard
|
|upkeep
|-end|p1a: Yveltal|Dynamax
|-heal|p1a: Yveltal|3/100|[silent]
|turn|22
|
|t:|1666818106
|switch|p2a: Arceus|Arceus|100/100
|-damage|p2a: Arceus|88/100|[from] Stealth Rock
|move|p1a: Yveltal|Sucker Punch||[still]
|-fail|p1a: Yveltal
|
|upkeep
|turn|23
|
|t:|1666818110
|move|p2a: Arceus|Extreme Speed|p1a: Yveltal
|-damage|p1a: Yveltal|0 fnt
|faint|p1a: Yveltal
|
|upkeep
|
|t:|1666818112
|switch|p1a: Ditto|Ditto|100/100
|-damage|p1a: Ditto|88/100|[from] Stealth Rock
|-transform|p1a: Ditto|p2a: Arceus|[from] ability: Imposter
|turn|24
|
|t:|1666818115
|switch|p2a: Ditto|Ditto, shiny|22/100
|-damage|p2a: Ditto|10/100|[from] Stealth Rock
|move|p1a: Ditto|Extreme Speed|p2a: Ditto
|-damage|p2a: Ditto|0 fnt
|faint|p2a: Ditto
|
|upkeep
|
|t:|1666818118
|switch|p2a: All time fav💞|Mewtwo|100/100
|-damage|p2a: All time fav💞|88/100|[from] Stealth Rock
|-ability|p2a: All time fav💞|Pressure
|turn|25
|
|t:|1666818121
|-start|p2a: All time fav💞|Dynamax|
|-heal|p2a: All time fav💞|88/100|[silent]
|move|p1a: Ditto|Extreme Speed|p2a: All time fav💞
|-damage|p2a: All time fav💞|67/100
|move|p2a: All time fav💞|Max Mindstorm|p1a: Ditto
|-damage|p1a: Ditto|28/100
|-fieldstart|move: Psychic Terrain
|
|-heal|p2a: All time fav💞|70/100|[from] item: Leftovers
|upkeep
|turn|26
|
|t:|1666818123
|move|p1a: Ditto|Extreme Speed|p2a: All time fav💞
|-activate|p2a: All time fav💞|move: Psychic Terrain
|move|p2a: All time fav💞|Max Mindstorm|p1a: Ditto
|-damage|p1a: Ditto|0 fnt
|faint|p1a: Ditto
|
|win|DarkboiJ
|raw|showdownplayer#1's rating: 1679 &rarr; <strong>1666</strong><br />(-13 for losing)
|raw|DarkboiJ's rating: 1811 &rarr; <strong>1824</strong><br />(+13 for winning)
|l|☆showdownplayer#1
