|j|☆ImAbroom
|j|☆Hysali30
|inactive|Battle timer is ON: inactive players will automatically lose when time's up.
|t:|1654210357
|gametype|singles
|player|p1|ImAbroom|red|
|player|p2|Hysali30|kukui|
|teamsize|p1|6
|teamsize|p2|6
|gen|8
|tier|[Gen 8] National Dex AG
|rated|Tournament battle
|rule|HP Percentage Mod: HP is shown in percentages
|rule|Endless Battle Clause: Forcing endless battles is banned
|clearpoke
|poke|p1|Rayquaza|
|poke|p1|Xerneas-*|
|poke|p1|Zacian-*|
|poke|p1|Zygarde|
|poke|p1|Groudon|
|poke|p1|Ho-Oh|
|poke|p2|Smeargle, F|
|poke|p2|Vivillon, M|
|poke|p2|Xerneas-*|
|poke|p2|Landorus-Therian, M|
|poke|p2|Arceus-*|
|poke|p2|Kartana|
|teampreview
|inactive|Hysali30 also wants the timer to be on.
|
|t:|1654210379
|start
|switch|p1a: Upper Moon 3|Zacian-Crowned|100/100
|switch|p2a: Smeargle|Smeargle, F|100/100
|-ability|p1a: Upper Moon 3|Intrepid Sword|boost
|-boost|p1a: Upper Moon 3|atk|1
|turn|1
|
|t:|1654210382
|move|p1a: Upper Moon 3|Substitute|p1a: Upper Moon 3
|-start|p1a: Upper Moon 3|Substitute
|-damage|p1a: Upper Moon 3|76/100
|move|p2a: Smeargle|Nuzzle|p1a: Upper Moon 3
|-activate|p1a: Upper Moon 3|move: Substitute|[damage]
|
|upkeep
|turn|2
|
|t:|1654210389
|move|p1a: Upper Moon 3|Crunch|p2a: Smeargle
|-enditem|p2a: Smeargle|Focus Sash
|-damage|p2a: Smeargle|1/100
|-unboost|p2a: Smeargle|def|1
|move|p2a: Smeargle|Sticky Web|p1a: Upper Moon 3
|-sidestart|p1: ImAbroom|move: Sticky Web
|
|upkeep
|turn|3
|
|t:|1654210393
|move|p1a: Upper Moon 3|Crunch|p2a: Smeargle
|-damage|p2a: Smeargle|0 fnt
|faint|p2a: Smeargle
|
|upkeep
|
|t:|1654210406
|switch|p2a: Landorus|Landorus-Therian, M|100/100
|-ability|p2a: Landorus|Intimidate|boost
|-immune|p1a: Upper Moon 3
|turn|4
|
|t:|1654210414
|move|p1a: Upper Moon 3|Behemoth Blade|p2a: Landorus
|-enditem|p2a: Landorus|Focus Sash
|-damage|p2a: Landorus|1/100
|move|p2a: Landorus|Earthquake|p1a: Upper Moon 3
|-supereffective|p1a: Upper Moon 3
|-end|p1a: Upper Moon 3|Substitute
|
|upkeep
|turn|5
|
|t:|1654210434
|move|p1a: Upper Moon 3|Crunch|p2a: Landorus
|-damage|p2a: Landorus|0 fnt
|faint|p2a: Landorus
|
|upkeep
|
|t:|1654210443
|switch|p2a: Arceus|Arceus-Ghost|100/100
|turn|6
|
|t:|1654210454
|switch|p2a: Kartana|Kartana|100/100
|move|p1a: Upper Moon 3|Behemoth Blade|p2a: Kartana
|-resisted|p2a: Kartana
|-damage|p2a: Kartana|54/100
|
|upkeep
|turn|7
|j| zacians brother
|
|t:|1654210475
|-start|p2a: Kartana|Dynamax|
|-heal|p2a: Kartana|54/100|[silent]
|move|p1a: Upper Moon 3|Crunch|p2a: Kartana
|-damage|p2a: Kartana|26/100
|move|p2a: Kartana|Max Steelspike|p1a: Upper Moon 3
|-damage|p1a: Upper Moon 3|0 fnt
|-boost|p2a: Kartana|def|1
|faint|p1a: Upper Moon 3
|-ability|p2a: Kartana|Beast Boost|boost
|-boost|p2a: Kartana|atk|1
|-damage|p2a: Kartana|22/100|[from] item: Life Orb
|
|upkeep
|
|t:|1654210489
|switch|p1a: Upper Moon 6|Ho-Oh|100/100
|turn|8
|
|t:|1654210513
|move|p2a: Kartana|Max Airstream|p1a: Upper Moon 6
|-damage|p1a: Upper Moon 6|35/100
|-boost|p2a: Kartana|spe|1
|-damage|p2a: Kartana|17/100|[from] item: Life Orb
|move|p1a: Upper Moon 6|Sacred Fire|p2a: Kartana
|-supereffective|p2a: Kartana
|-damage|p2a: Kartana|0 fnt
|faint|p2a: Kartana
|
|upkeep
|
|t:|1654210520
|switch|p2a: Xerneas|Xerneas|100/100
|-ability|p2a: Xerneas|Fairy Aura
|turn|9
|
|t:|1654210523
|move|p2a: Xerneas|Moonblast|p1a: Upper Moon 6
|-resisted|p1a: Upper Moon 6
|-damage|p1a: Upper Moon 6|15/100
|move|p1a: Upper Moon 6|Whirlwind|p2a: Xerneas
|drag|p2a: Arceus|Arceus-Ghost|100/100
|
|upkeep
|turn|10
|
|t:|1654210531
|switch|p1a: Upper Moon 4|Zygarde|100/100
|-activate|p1a: Upper Moon 4|move: Sticky Web
|-unboost|p1a: Upper Moon 4|spe|1
|move|p2a: Arceus|Extreme Speed|p1a: Upper Moon 4
|-damage|p1a: Upper Moon 4|87/100
|
|-heal|p1a: Upper Moon 4|93/100|[from] item: Leftovers
|upkeep
|turn|11
|
|t:|1654210537
|switch|p2a: Xerneas|Xerneas|100/100
|-ability|p2a: Xerneas|Fairy Aura
|move|p1a: Upper Moon 4|Glare|p2a: Xerneas
|-status|p2a: Xerneas|par
|
|-heal|p1a: Upper Moon 4|99/100|[from] item: Leftovers
|upkeep
|turn|12
|
|t:|1654210541
|move|p1a: Upper Moon 4|Substitute|p1a: Upper Moon 4
|-start|p1a: Upper Moon 4|Substitute
|-damage|p1a: Upper Moon 4|74/100
|move|p2a: Xerneas|Geomancy||[still]
|-prepare|p2a: Xerneas|Geomancy
|-enditem|p2a: Xerneas|Power Herb
|-anim|p2a: Xerneas|Geomancy|p2a: Xerneas
|-boost|p2a: Xerneas|spa|2
|-boost|p2a: Xerneas|spd|2
|-boost|p2a: Xerneas|spe|2
|
|-heal|p1a: Upper Moon 4|81/100|[from] item: Leftovers
|upkeep
|turn|13
|
|t:|1654210545
|move|p2a: Xerneas|Hidden Power|p1a: Upper Moon 4
|-resisted|p1a: Upper Moon 4
|-activate|p1a: Upper Moon 4|move: Substitute|[damage]
|move|p1a: Upper Moon 4|Dragon Dance|p1a: Upper Moon 4
|-boost|p1a: Upper Moon 4|atk|1
|-boost|p1a: Upper Moon 4|spe|1
|
|-heal|p1a: Upper Moon 4|87/100|[from] item: Leftovers
|upkeep
|turn|14
|
|t:|1654210550
|move|p2a: Xerneas|Moonblast|p1a: Upper Moon 4
|-supereffective|p1a: Upper Moon 4
|-end|p1a: Upper Moon 4|Substitute
|move|p1a: Upper Moon 4|Dragon Dance|p1a: Upper Moon 4
|-boost|p1a: Upper Moon 4|atk|1
|-boost|p1a: Upper Moon 4|spe|1
|
|-heal|p1a: Upper Moon 4|93/100|[from] item: Leftovers
|upkeep
|turn|15
|
|t:|1654210569
|move|p1a: Upper Moon 4|Substitute|p1a: Upper Moon 4
|-start|p1a: Upper Moon 4|Substitute
|-damage|p1a: Upper Moon 4|68/100
|move|p2a: Xerneas|Moonblast|p1a: Upper Moon 4
|-supereffective|p1a: Upper Moon 4
|-crit|p1a: Upper Moon 4
|-end|p1a: Upper Moon 4|Substitute
|
|-heal|p1a: Upper Moon 4|74/100|[from] item: Leftovers
|upkeep
|turn|16
|j| Toaster (SDB)
|l| Toaster (SDB)
|
|t:|1654210573
|move|p1a: Upper Moon 4|Substitute|p1a: Upper Moon 4
|-start|p1a: Upper Moon 4|Substitute
|-damage|p1a: Upper Moon 4|50/100
|move|p2a: Xerneas|Moonblast|p1a: Upper Moon 4
|-supereffective|p1a: Upper Moon 4
|-end|p1a: Upper Moon 4|Substitute
|
|-heal|p1a: Upper Moon 4|56/100|[from] item: Leftovers
|upkeep
|turn|17
|
|t:|1654210575
|move|p1a: Upper Moon 4|Substitute|p1a: Upper Moon 4
|-start|p1a: Upper Moon 4|Substitute
|-damage|p1a: Upper Moon 4|31/100
|move|p2a: Xerneas|Moonblast|p1a: Upper Moon 4
|-supereffective|p1a: Upper Moon 4
|-end|p1a: Upper Moon 4|Substitute
|
|-heal|p1a: Upper Moon 4|37/100|[from] item: Leftovers
|-activate|p1a: Upper Moon 4|ability: Power Construct
|detailschange|p1a: Upper Moon 4|Zygarde-Complete
|-heal|p1a: Upper Moon 4|59/100|[silent]
|upkeep
|turn|18
|
|t:|1654210581
|move|p1a: Upper Moon 4|Substitute|p1a: Upper Moon 4
|-start|p1a: Upper Moon 4|Substitute
|-damage|p1a: Upper Moon 4|34/100
|move|p2a: Xerneas|Moonblast|p1a: Upper Moon 4
|-supereffective|p1a: Upper Moon 4
|-end|p1a: Upper Moon 4|Substitute
|
|-heal|p1a: Upper Moon 4|40/100|[from] item: Leftovers
|upkeep
|turn|19
|
|t:|1654210584
|move|p1a: Upper Moon 4|Substitute|p1a: Upper Moon 4
|-start|p1a: Upper Moon 4|Substitute
|-damage|p1a: Upper Moon 4|15/100
|move|p2a: Xerneas|Moonblast|p1a: Upper Moon 4
|-supereffective|p1a: Upper Moon 4
|-end|p1a: Upper Moon 4|Substitute
|
|-heal|p1a: Upper Moon 4|21/100|[from] item: Leftovers
|upkeep
|turn|20
|
|t:|1654210586
|move|p1a: Upper Moon 4|Thousand Arrows|p2a: Xerneas
|-damage|p2a: Xerneas|45/100 par
|move|p2a: Xerneas|Moonblast|p1a: Upper Moon 4
|-supereffective|p1a: Upper Moon 4
|-damage|p1a: Upper Moon 4|0 fnt
|faint|p1a: Upper Moon 4
|
|upkeep
|
|t:|1654210591
|switch|p1a: Upper Moon 6|Ho-Oh|48/100
|turn|21
|
|t:|1654210601
|cant|p2a: Xerneas|par
|move|p1a: Upper Moon 6|Defog|p2a: Xerneas
|-unboost|p2a: Xerneas|evasion|1
|-sideend|p1: ImAbroom|Sticky Web|[from] move: Defog|[of] p1a: Upper Moon 6
|
|upkeep
|turn|22
|
|t:|1654210605
|cant|p2a: Xerneas|par
|move|p1a: Upper Moon 6|Toxic||[still]
|-fail|p1a: Upper Moon 6
|
|upkeep
|turn|23
|
|t:|1654210608
|cant|p2a: Xerneas|par
|move|p1a: Upper Moon 6|Toxic||[still]
|-fail|p1a: Upper Moon 6
|
|upkeep
|turn|24
|
|t:|1654210612
|move|p2a: Xerneas|Moonblast|p1a: Upper Moon 6
|-resisted|p1a: Upper Moon 6
|-damage|p1a: Upper Moon 6|5/100
|-unboost|p1a: Upper Moon 6|spa|1
|move|p1a: Upper Moon 6|Toxic||[still]
|-fail|p1a: Upper Moon 6
|
|upkeep
|turn|25
|
|t:|1654210615
|move|p2a: Xerneas|Moonblast|p1a: Upper Moon 6
|-resisted|p1a: Upper Moon 6
|-damage|p1a: Upper Moon 6|0 fnt
|faint|p1a: Upper Moon 6
|
|upkeep
|
|t:|1654210618
|switch|p1a: Upper Moon 1|Rayquaza|100/100
|-ability|p1a: Upper Moon 1|Air Lock
|turn|26
|
|t:|1654210626
|detailschange|p1a: Upper Moon 1|Rayquaza-Mega
|-mega|p1a: Upper Moon 1|Rayquaza|
|-weather|DeltaStream|[from] ability: Delta Stream|[of] p1a: Upper Moon 1
|move|p1a: Upper Moon 1|Dragon Ascent|p2a: Xerneas
|-damage|p2a: Xerneas|0 fnt
|-unboost|p1a: Upper Moon 1|def|1
|-unboost|p1a: Upper Moon 1|spd|1
|faint|p2a: Xerneas
|
|-weather|DeltaStream|[upkeep]
|upkeep
|
|t:|1654210634
|switch|p2a: Arceus|Arceus-Ghost|100/100
|turn|27
|
|t:|1654210641
|-weather|none
|switch|p1a: Upper Moon 5|Groudon|100/100
|detailschange|p1a: Upper Moon 5|Groudon-Primal
|-primal|p1a: Upper Moon 5
|-weather|DesolateLand|[from] ability: Desolate Land|[of] p1a: Upper Moon 5
|move|p2a: Arceus|Shadow Force||[still]
|-prepare|p2a: Arceus|Shadow Force
|
|-weather|DesolateLand|[upkeep]
|upkeep
|turn|28
|
|t:|1654210645
|move|p2a: Arceus|Shadow Force|p1a: Upper Moon 5|[from]lockedmove
|-damage|p1a: Upper Moon 5|49/100
|move|p1a: Upper Moon 5|Stealth Rock|p2a: Arceus
|-sidestart|p2: Hysali30|move: Stealth Rock
|
|-weather|DesolateLand|[upkeep]
|upkeep
|turn|29
|
|t:|1654210652
|move|p2a: Arceus|Shadow Force||[still]
|-prepare|p2a: Arceus|Shadow Force
|move|p1a: Upper Moon 5|Rock Tomb|p2a: Arceus|[miss]
|-miss|p1a: Upper Moon 5|p2a: Arceus
|
|-weather|DesolateLand|[upkeep]
|upkeep
|turn|30
|
|t:|1654210659
|move|p2a: Arceus|Shadow Force|p1a: Upper Moon 5|[from]lockedmove
|-damage|p1a: Upper Moon 5|0 fnt
|faint|p1a: Upper Moon 5
|-weather|none
|
|upkeep
|
|t:|1654210662
|switch|p1a: Upper Moon 2|Xerneas|100/100
|-ability|p1a: Upper Moon 2|Fairy Aura
|turn|31
|
|t:|1654210672
|move|p2a: Arceus|Swords Dance|p2a: Arceus
|-boost|p2a: Arceus|atk|2
|move|p1a: Upper Moon 2|Geomancy||[still]
|-prepare|p1a: Upper Moon 2|Geomancy
|-enditem|p1a: Upper Moon 2|Power Herb
|-anim|p1a: Upper Moon 2|Geomancy|p1a: Upper Moon 2
|-boost|p1a: Upper Moon 2|spa|2
|-boost|p1a: Upper Moon 2|spd|2
|-boost|p1a: Upper Moon 2|spe|2
|
|upkeep
|turn|32
|
|t:|1654210675
|-start|p1a: Upper Moon 2|Dynamax|
|-heal|p1a: Upper Moon 2|100/100|[silent]
|move|p1a: Upper Moon 2|Max Starfall|p2a: Arceus
|-damage|p2a: Arceus|0 fnt
|-fieldstart|move: Misty Terrain
|faint|p2a: Arceus
|
|upkeep
|
|t:|1654210677
|switch|p2a: Vivillon|Vivillon, M|100/100
|-damage|p2a: Vivillon|51/100|[from] Stealth Rock
|turn|33
|
|t:|1654210682
|move|p1a: Upper Moon 2|Max Starfall|p2a: Vivillon
|-damage|p2a: Vivillon|0 fnt
|faint|p2a: Vivillon
|
|win|ImAbroom
|n|☆ImAbroom|imabroom
|n|☆Hysali30|hysali30
|n| zacians brother|zaciansbrother
