|j|☆Jojoestar belmont
|j|☆Dark Umbreon 08
|t:|1659479505
|gametype|singles
|player|p1|Jojoestar belmont|waiter|1370
|player|p2|Dark Umbreon 08|acetrainersnowf|1342
|teamsize|p1|6
|teamsize|p2|6
|gen|8
|tier|[Gen 8] National Dex AG
|rated|
|rule|HP Percentage Mod: HP is shown in percentages
|rule|Endless Battle Clause: Forcing endless battles is banned
|clearpoke
|poke|p1|Marshadow|
|poke|p1|Cinderace, F|
|poke|p1|Ditto|
|poke|p1|Celesteela|
|poke|p1|Darmanitan-Galar, M|
|poke|p1|Sableye, M|
|poke|p2|Ditto|
|poke|p2|Ditto|
|poke|p2|Ditto|
|poke|p2|Ditto|
|poke|p2|Ditto|
|poke|p2|Ditto|
|teampreview
|inactive|Battle timer is ON: inactive players will automatically lose when time's up. (requested by Dark Umbreon 08)
|
|t:|1659479519
|start
|switch|p1a: Cinderace|Cinderace, F|100/100
|switch|p2a: Ditto|Ditto, shiny|100/100
|-transform|p2a: Ditto|p1a: Cinderace|[from] ability: Imposter
|turn|1
|
|t:|1659479534
|move|p2a: Ditto|Court Change||[still]
|-start|p2a: Ditto|typechange|Normal|[from] ability: Libero
|-swapsideconditions
|-fail|p2a: Ditto
|move|p1a: Cinderace|Pyro Ball|p2a: Ditto
|-damage|p2a: Ditto|15/100
|
|upkeep
|turn|2
|
|t:|1659479543
|move|p2a: Ditto|Low Kick|p1a: Cinderace
|-start|p2a: Ditto|typechange|Fighting|[from] ability: Libero
|-damage|p1a: Cinderace|58/100
|move|p1a: Cinderace|Low Kick|p2a: Ditto
|-start|p1a: Cinderace|typechange|Fighting|[from] ability: Libero
|-damage|p2a: Ditto|0 fnt
|faint|p2a: Ditto
|
|upkeep
|
|t:|1659479547
|switch|p2a: Ditto|Ditto, shiny|100/100
|-transform|p2a: Ditto|p1a: Cinderace|[from] ability: Imposter
|turn|3
|
|t:|1659479555
|move|p1a: Cinderace|Sucker Punch|p2a: Ditto
|-start|p1a: Cinderace|typechange|Dark|[from] ability: Libero
|-resisted|p2a: Ditto
|-crit|p2a: Ditto
|-damage|p2a: Ditto|61/100
|move|p2a: Ditto|Pyro Ball|p1a: Cinderace
|-start|p2a: Ditto|typechange|Fire|[from] ability: Libero
|-damage|p1a: Cinderace|0 fnt
|faint|p1a: Cinderace
|
|-heal|p2a: Ditto|67/100|[from] item: Leftovers
|upkeep
|
|t:|1659479560
|switch|p1a: Darmanitan|Darmanitan-Galar, M|100/100
|turn|4
|
|t:|1659479571
|move|p1a: Darmanitan|U-turn|p2a: Ditto
|-resisted|p2a: Ditto
|-damage|p2a: Ditto|39/100
|
|t:|1659479576
|switch|p1a: Sableye|Sableye, M|100/100|[from]move: U-turn
|move|p2a: Ditto|Pyro Ball|p1a: Sableye
|-damage|p1a: Sableye|19/100
|
|-heal|p2a: Ditto|45/100|[from] item: Leftovers
|upkeep
|turn|5
|
|t:|1659479582
|move|p1a: Sableye|Recover|p1a: Sableye
|-heal|p1a: Sableye|69/100
|move|p2a: Ditto|Pyro Ball|p1a: Sableye
|-damage|p1a: Sableye|0 fnt
|faint|p1a: Sableye
|
|-heal|p2a: Ditto|51/100|[from] item: Leftovers
|upkeep
|
|t:|1659479586
|switch|p1a: Marshadow|Marshadow|100/100
|turn|6
|
|t:|1659479589
|move|p2a: Ditto|Sucker Punch|p1a: Marshadow
|-start|p2a: Ditto|typechange|Dark|[from] ability: Libero
|-damage|p1a: Marshadow|59/100
|move|p1a: Marshadow|Spectral Thief|p2a: Ditto
|-resisted|p2a: Ditto
|-damage|p2a: Ditto|20/100
|
|-heal|p2a: Ditto|26/100|[from] item: Leftovers
|upkeep
|turn|7
|
|t:|1659479593
|move|p1a: Marshadow|Drain Punch|p2a: Ditto
|-supereffective|p2a: Ditto
|-damage|p2a: Ditto|0 fnt
|-heal|p1a: Marshadow|71/100|[from] drain|[of] p2a: Ditto
|faint|p2a: Ditto
|
|upkeep
|
|t:|1659479596
|switch|p2a: Ditto|Ditto, shiny|100/100
|-transform|p2a: Ditto|p1a: Marshadow|[from] ability: Imposter
|turn|8
|
|t:|1659479604
|switch|p1a: Celesteela|Celesteela|100/100
|move|p2a: Ditto|Spectral Thief|p1a: Celesteela
|-damage|p1a: Celesteela|63/100
|-damage|p2a: Ditto|91/100|[from] item: Life Orb
|
|-heal|p1a: Celesteela|69/100|[from] item: Leftovers
|upkeep
|turn|9
|
|t:|1659479610
|move|p2a: Ditto|Spectral Thief|p1a: Celesteela
|-damage|p1a: Celesteela|35/100
|-damage|p2a: Ditto|81/100|[from] item: Life Orb
|move|p1a: Celesteela|Leech Seed|p2a: Ditto
|-start|p2a: Ditto|move: Leech Seed
|
|-heal|p1a: Celesteela|41/100|[from] item: Leftovers
|-damage|p2a: Ditto|69/100|[from] Leech Seed|[of] p1a: Celesteela
|-heal|p1a: Celesteela|50/100|[silent]
|upkeep
|turn|10
|
|t:|1659479615
|switch|p2a: Ditto|Ditto, shiny|100/100
|-transform|p2a: Ditto|p1a: Celesteela|[from] ability: Imposter
|move|p1a: Celesteela|Protect||[still]
|-fail|p1a: Celesteela
|
|-heal|p1a: Celesteela|56/100|[from] item: Leftovers
|upkeep
|turn|11
|
|t:|1659479621
|-start|p2a: Ditto|Dynamax|
|-heal|p2a: Ditto|100/100|[silent]
|move|p1a: Celesteela|Leech Seed|p2a: Ditto|[miss]
|-miss|p1a: Celesteela|p2a: Ditto
|move|p2a: Ditto|Max Flare|p1a: Celesteela
|-supereffective|p1a: Celesteela
|-damage|p1a: Celesteela|0 fnt
|-weather|SunnyDay
|faint|p1a: Celesteela
|-ability|p2a: Ditto|Beast Boost|boost
|-boost|p2a: Ditto|def|1
|
|-weather|SunnyDay|[upkeep]
|upkeep
|
|t:|1659479626
|switch|p1a: Marshadow|Marshadow|71/100
|turn|12
|
|t:|1659479628
|move|p1a: Marshadow|Spectral Thief||[still]
|-clearpositiveboost|p2a: Ditto|p1a: Marshadow|move: Spectral Thief
|-boost|p1a: Marshadow|def|1
|-anim|p1a: Marshadow|Spectral Thief|p2a: Ditto
|-damage|p2a: Ditto|81/100
|move|p2a: Ditto|Max Airstream|p1a: Marshadow
|-supereffective|p1a: Marshadow
|-damage|p1a: Marshadow|0 fnt
|-boost|p2a: Ditto|spe|1
|faint|p1a: Marshadow
|-ability|p2a: Ditto|Beast Boost|boost
|-boost|p2a: Ditto|def|1
|
|-weather|SunnyDay|[upkeep]
|upkeep
|
|t:|1659479632
|switch|p1a: Darmanitan|Darmanitan-Galar, M|100/100
|turn|13
|
|t:|1659479636
|-start|p1a: Darmanitan|Dynamax|
|-heal|p1a: Darmanitan|100/100|[silent]
|move|p1a: Darmanitan|Max Hailstorm|p2a: Ditto
|-damage|p2a: Ditto|63/100
|-weather|Hail
|move|p2a: Ditto|Max Flare|p1a: Darmanitan
|-supereffective|p1a: Darmanitan
|-damage|p1a: Darmanitan|49/100
|-weather|SunnyDay
|
|-weather|SunnyDay|[upkeep]
|upkeep
|-end|p2a: Ditto|Dynamax
|-heal|p2a: Ditto|63/100|[silent]
|turn|14
|-message|Jojoestar belmont forfeited.
|
|win|Dark Umbreon 08
|raw|Jojoestar belmont's rating: 1370 &rarr; <strong>1348</strong><br />(-22 for losing)
|raw|Dark Umbreon 08's rating: 1342 &rarr; <strong>1364</strong><br />(+22 for winning)
|l|☆Jojoestar belmont
||Ladder isn't responding, score probably updated but might not have (Request timeout).
