|j|☆Glaliegoesboom ❤
|j|☆Buck X
|t:|1661211388
|gametype|singles
|player|p1|Glaliegoesboom ❤|cynthia-masters|
|player|p2|Buck X|lance-masters|
|teamsize|p1|6
|teamsize|p2|6
|gen|8
|tier|[Gen 8] National Dex AG
|rule|HP Percentage Mod: HP is shown in percentages
|rule|Endless Battle Clause: Forcing endless battles is banned
|clearpoke
|poke|p1|Celesteela|
|poke|p1|Diancie|
|poke|p1|Marshadow|
|poke|p1|Giratina-Origin|
|poke|p1|Urshifu-*, M|
|poke|p1|Groudon|
|poke|p2|Tapu Koko|
|poke|p2|Arcanine, M|
|poke|p2|Marshadow|
|poke|p2|Groudon|
|poke|p2|Zamazenta-*|
|poke|p2|Dragonite, M|
|teampreview
|inactive|Battle timer is ON: inactive players will automatically lose when time's up. (requested by Glaliegoesboom ❤)
|inactive|Buck X also wants the timer to be on.
|c|☆Glaliegoesboom ❤|Glhf
|
|t:|1661211397
|start
|switch|p1a: Diancie|Diancie|100/100
|switch|p2a: Tapu Koko|Tapu Koko|100/100
|-fieldstart|move: Electric Terrain|[from] ability: Electric Surge|[of] p2a: Tapu Koko
|turn|1
|
|t:|1661211406
|switch|p1a: Groudon|Groudon|100/100
|-weather|SunnyDay|[from] ability: Drought|[of] p1a: Groudon
|move|p2a: Tapu Koko|Thunderbolt|p1a: Groudon
|-immune|p1a: Groudon
|
|-weather|SunnyDay|[upkeep]
|upkeep
|turn|2
|
|t:|1661211412
|move|p2a: Tapu Koko|Grass Knot|p1a: Groudon
|-supereffective|p1a: Groudon
|-damage|p1a: Groudon|35/100
|-damage|p2a: Tapu Koko|91/100|[from] item: Life Orb
|move|p1a: Groudon|Lava Plume|p2a: Tapu Koko
|-damage|p2a: Tapu Koko|51/100
|
|-weather|SunnyDay|[upkeep]
|-heal|p1a: Groudon|41/100|[from] item: Leftovers
|upkeep
|turn|3
|c|☆Buck X|U2
|
|t:|1661211432
|switch|p1a: Urshifu|Urshifu, M|100/100
|move|p2a: Tapu Koko|Dazzling Gleam|p1a: Urshifu
|-supereffective|p1a: Urshifu
|-damage|p1a: Urshifu|0 fnt
|faint|p1a: Urshifu
|-damage|p2a: Tapu Koko|41/100|[from] item: Life Orb
|
|-weather|SunnyDay|[upkeep]
|upkeep
|
|t:|1661211436
|switch|p1a: Marshadow|Marshadow|100/100
|turn|4
|
|t:|1661211445
|switch|p2a: Arcanine|Arcanine, M|100/100
|-ability|p2a: Arcanine|Intimidate|boost
|-unboost|p1a: Marshadow|atk|1
|-item|p2a: Arcanine|Air Balloon
|move|p1a: Marshadow|Shadow Sneak|p2a: Arcanine
|-damage|p2a: Arcanine|66/100
|-enditem|p2a: Arcanine|Air Balloon
|
|-weather|SunnyDay|[upkeep]
|upkeep
|turn|5
|
|t:|1661211455
|switch|p1a: Diancie|Diancie|100/100
|move|p2a: Arcanine|Will-O-Wisp|p1a: Diancie
|-status|p1a: Diancie|brn
|
|-weather|none
|-damage|p1a: Diancie|94/100 brn|[from] brn
|-fieldend|move: Electric Terrain
|upkeep
|turn|6
|
|t:|1661211461
|detailschange|p1a: Diancie|Diancie-Mega
|-mega|p1a: Diancie|Diancie|Diancite
|move|p1a: Diancie|Earth Power|p2a: Arcanine
|-supereffective|p2a: Arcanine
|-damage|p2a: Arcanine|7/100
|move|p2a: Arcanine|Morning Sun|p2a: Arcanine
|-heal|p2a: Arcanine|56/100
|
|-damage|p1a: Diancie|88/100 brn|[from] brn
|upkeep
|turn|7
|
|t:|1661211470
|switch|p2a: Zamazenta|Zamazenta|100/100
|-ability|p2a: Zamazenta|Dauntless Shield|boost
|-boost|p2a: Zamazenta|def|1
|move|p1a: Diancie|Earth Power|p2a: Zamazenta
|-damage|p2a: Zamazenta|61/100
|
|-damage|p1a: Diancie|82/100 brn|[from] brn
|upkeep
|turn|8
|
|t:|1661211480
|switch|p1a: Giratina|Giratina-Origin|100/100
|move|p2a: Zamazenta|Play Rough|p1a: Giratina
|-supereffective|p1a: Giratina
|-damage|p1a: Giratina|53/100
|
|upkeep
|turn|9
|
|t:|1661211490
|switch|p2a: Marshadow|Marshadow|100/100
|move|p1a: Giratina|Will-O-Wisp|p2a: Marshadow
|-status|p2a: Marshadow|brn
|
|-damage|p2a: Marshadow|94/100 brn|[from] brn
|upkeep
|turn|10
|c|☆Buck X|Wtf
|c|☆Buck X|i meam to send koko
|
|t:|1661211505
|switch|p1a: Celesteela|Celesteela|100/100
|-zpower|p2a: Marshadow
|move|p2a: Marshadow|Soul-Stealing 7-Star Strike|p1a: Celesteela|[zeffect]
|-damage|p1a: Celesteela|70/100
|
|-heal|p1a: Celesteela|76/100|[from] item: Leftovers
|-damage|p2a: Marshadow|88/100 brn|[from] brn
|upkeep
|turn|11
|
|t:|1661211511
|switch|p2a: Groudon|Groudon|100/100
|-weather|SunnyDay|[from] ability: Drought|[of] p2a: Groudon
|move|p1a: Celesteela|Leech Seed|p2a: Groudon
|-start|p2a: Groudon|move: Leech Seed
|
|-weather|SunnyDay|[upkeep]
|-heal|p1a: Celesteela|82/100|[from] item: Leftovers
|-damage|p2a: Groudon|88/100|[from] Leech Seed|[of] p1a: Celesteela
|-heal|p1a: Celesteela|95/100|[silent]
|upkeep
|turn|12
|
|t:|1661211522
|switch|p1a: Groudon|Groudon|41/100
|move|p2a: Groudon|Thunder Wave|p1a: Groudon
|-immune|p1a: Groudon
|
|-weather|SunnyDay|[upkeep]
|-heal|p1a: Groudon|47/100|[from] item: Leftovers
|-heal|p2a: Groudon|94/100|[from] item: Leftovers
|-damage|p2a: Groudon|82/100|[from] Leech Seed|[of] p1a: Groudon
|-heal|p1a: Groudon|60/100|[silent]
|upkeep
|turn|13
|
|t:|1661211537
|move|p1a: Groudon|Lava Plume|p2a: Groudon
|-damage|p2a: Groudon|56/100
|move|p2a: Groudon|Stealth Rock|p1a: Groudon
|-sidestart|p1: Glaliegoesboom ❤|move: Stealth Rock
|
|-weather|SunnyDay|[upkeep]
|-heal|p1a: Groudon|66/100|[from] item: Leftovers
|-heal|p2a: Groudon|63/100|[from] item: Leftovers
|-damage|p2a: Groudon|50/100|[from] Leech Seed|[of] p1a: Groudon
|-heal|p1a: Groudon|78/100|[silent]
|upkeep
|turn|14
|
|t:|1661211543
|switch|p1a: Giratina|Giratina-Origin|53/100
|-damage|p1a: Giratina|40/100|[from] Stealth Rock
|switch|p2a: Marshadow|Marshadow|88/100 brn
|
|-weather|SunnyDay|[upkeep]
|-damage|p2a: Marshadow|82/100 brn|[from] brn
|upkeep
|turn|15
|
|t:|1661211549
|switch|p1a: Celesteela|Celesteela|95/100
|-damage|p1a: Celesteela|83/100|[from] Stealth Rock
|move|p2a: Marshadow|Bulk Up|p2a: Marshadow
|-boost|p2a: Marshadow|atk|1
|-boost|p2a: Marshadow|def|1
|
|-weather|none
|-heal|p1a: Celesteela|89/100|[from] item: Leftovers
|-damage|p2a: Marshadow|76/100 brn|[from] brn
|upkeep
|turn|16
|
|t:|1661211551
|move|p2a: Marshadow|Close Combat|p1a: Celesteela
|-damage|p1a: Celesteela|61/100
|-unboost|p2a: Marshadow|def|1
|-unboost|p2a: Marshadow|spd|1
|move|p1a: Celesteela|Leech Seed|p2a: Marshadow
|-start|p2a: Marshadow|move: Leech Seed
|
|-heal|p1a: Celesteela|67/100|[from] item: Leftovers
|-damage|p2a: Marshadow|63/100 brn|[from] Leech Seed|[of] p1a: Celesteela
|-heal|p1a: Celesteela|77/100|[silent]
|-damage|p2a: Marshadow|57/100 brn|[from] brn
|upkeep
|turn|17
|
|t:|1661211558
|move|p2a: Marshadow|Spectral Thief|p1a: Celesteela
|-damage|p1a: Celesteela|55/100
|move|p1a: Celesteela|Substitute|p1a: Celesteela
|-start|p1a: Celesteela|Substitute
|-damage|p1a: Celesteela|30/100
|
|-heal|p1a: Celesteela|36/100|[from] item: Leftovers
|-damage|p2a: Marshadow|44/100 brn|[from] Leech Seed|[of] p1a: Celesteela
|-heal|p1a: Celesteela|46/100|[silent]
|-damage|p2a: Marshadow|38/100 brn|[from] brn
|upkeep
|turn|18
|
|t:|1661211567
|move|p2a: Marshadow|Close Combat|p1a: Celesteela
|-end|p1a: Celesteela|Substitute
|-unboost|p2a: Marshadow|def|1
|-unboost|p2a: Marshadow|spd|1
|move|p1a: Celesteela|Flame Charge|p2a: Marshadow
|-damage|p2a: Marshadow|16/100 brn
|-boost|p1a: Celesteela|spe|1
|
|-heal|p1a: Celesteela|52/100|[from] item: Leftovers
|-damage|p2a: Marshadow|4/100 brn|[from] Leech Seed|[of] p1a: Celesteela
|-heal|p1a: Celesteela|62/100|[silent]
|-damage|p2a: Marshadow|0 fnt|[from] brn
|faint|p2a: Marshadow
|upkeep
|
|t:|1661211576
|switch|p2a: Tapu Koko|Tapu Koko|41/100
|-fieldstart|move: Electric Terrain|[from] ability: Electric Surge|[of] p2a: Tapu Koko
|turn|19
|
|t:|1661211598
|switch|p1a: Giratina|Giratina-Origin|40/100
|-damage|p1a: Giratina|28/100|[from] Stealth Rock
|move|p2a: Tapu Koko|Grass Knot|p1a: Giratina
|-resisted|p1a: Giratina
|-damage|p1a: Giratina|13/100
|-damage|p2a: Tapu Koko|31/100|[from] item: Life Orb
|
|upkeep
|turn|20
|
|t:|1661211604
|move|p2a: Tapu Koko|Dazzling Gleam|p1a: Giratina
|-supereffective|p1a: Giratina
|-damage|p1a: Giratina|0 fnt
|faint|p1a: Giratina
|-damage|p2a: Tapu Koko|21/100|[from] item: Life Orb
|
|upkeep
|
|t:|1661211610
|switch|p1a: Marshadow|Marshadow|100/100
|-damage|p1a: Marshadow|94/100|[from] Stealth Rock
|turn|21
|
|t:|1661211618
|switch|p2a: Arcanine|Arcanine, M|56/100
|-ability|p2a: Arcanine|Intimidate|boost
|-unboost|p1a: Marshadow|atk|1
|move|p1a: Marshadow|Poltergeist||[still]
|-fail|p1a: Marshadow
|
|upkeep
|turn|22
|
|t:|1661211628
|switch|p1a: Groudon|Groudon|78/100
|-damage|p1a: Groudon|72/100|[from] Stealth Rock
|-weather|SunnyDay|[from] ability: Drought|[of] p1a: Groudon
|move|p2a: Arcanine|Teleport|p2a: Arcanine
|
|t:|1661211635
|switch|p2a: Tapu Koko|Tapu Koko|21/100|[from]move: Teleport
|
|-weather|SunnyDay|[upkeep]
|-heal|p1a: Groudon|78/100|[from] item: Leftovers
|upkeep
|turn|23
|
|t:|1661211639
|move|p2a: Tapu Koko|Grass Knot|p1a: Groudon
|-supereffective|p1a: Groudon
|-damage|p1a: Groudon|6/100
|-damage|p2a: Tapu Koko|11/100|[from] item: Life Orb
|move|p1a: Groudon|Earthquake|p2a: Tapu Koko
|-supereffective|p2a: Tapu Koko
|-damage|p2a: Tapu Koko|0 fnt
|faint|p2a: Tapu Koko
|
|-weather|SunnyDay|[upkeep]
|-heal|p1a: Groudon|12/100|[from] item: Leftovers
|-fieldend|move: Electric Terrain
|upkeep
|
|t:|1661211648
|switch|p2a: Dragonite|Dragonite, M|100/100
|turn|24
|
|t:|1661211650
|move|p2a: Dragonite|Dragon Dance|p2a: Dragonite
|-boost|p2a: Dragonite|atk|1
|-boost|p2a: Dragonite|spe|1
|move|p1a: Groudon|Lava Plume|p2a: Dragonite
|-resisted|p2a: Dragonite
|-damage|p2a: Dragonite|93/100
|-status|p2a: Dragonite|brn
|-enditem|p2a: Dragonite|Lum Berry|[eat]
|-curestatus|p2a: Dragonite|brn|[msg]
|
|-weather|SunnyDay|[upkeep]
|-heal|p1a: Groudon|19/100|[from] item: Leftovers
|upkeep
|turn|25
|
|t:|1661211656
|move|p2a: Dragonite|Dragon Dance|p2a: Dragonite
|-boost|p2a: Dragonite|atk|1
|-boost|p2a: Dragonite|spe|1
|move|p1a: Groudon|Lava Plume|p2a: Dragonite
|-resisted|p2a: Dragonite
|-damage|p2a: Dragonite|80/100
|
|-weather|SunnyDay|[upkeep]
|-heal|p1a: Groudon|25/100|[from] item: Leftovers
|upkeep
|turn|26
|
|t:|1661211663
|-start|p2a: Dragonite|Dynamax|
|-heal|p2a: Dragonite|80/100|[silent]
|move|p2a: Dragonite|Max Airstream|p1a: Groudon
|-damage|p1a: Groudon|0 fnt
|-boost|p2a: Dragonite|spe|1
|faint|p1a: Groudon
|
|-weather|none
|upkeep
|
|t:|1661211670
|switch|p1a: Celesteela|Celesteela|62/100
|-damage|p1a: Celesteela|50/100|[from] Stealth Rock
|turn|27
|
|t:|1661211673
|-start|p1a: Celesteela|Dynamax|
|-heal|p1a: Celesteela|50/100|[silent]
|move|p1a: Celesteela|Max Guard|p1a: Celesteela
|-singleturn|p1a: Celesteela|Max Guard
|move|p2a: Dragonite|Max Flare|p1a: Celesteela
|-activate|p1a: Celesteela|move: Max Guard
|
|-heal|p1a: Celesteela|53/100|[from] item: Leftovers
|upkeep
|turn|28
|
|t:|1661211680
|move|p1a: Celesteela|Max Guard|p1a: Celesteela
|-singleturn|p1a: Celesteela|Max Guard
|move|p2a: Dragonite|Max Flare|p1a: Celesteela
|-activate|p1a: Celesteela|move: Max Guard
|
|-heal|p1a: Celesteela|56/100|[from] item: Leftovers
|upkeep
|-end|p2a: Dragonite|Dynamax
|-heal|p2a: Dragonite|80/100|[silent]
|turn|29
|
|t:|1661211687
|move|p2a: Dragonite|Fire Punch|p1a: Celesteela
|-supereffective|p1a: Celesteela
|-damage|p1a: Celesteela|21/100
|-status|p1a: Celesteela|brn
|move|p1a: Celesteela|Max Airstream|p2a: Dragonite
|-damage|p2a: Dragonite|55/100
|-boost|p1a: Celesteela|spe|1
|
|-heal|p1a: Celesteela|24/100 brn|[from] item: Leftovers
|-damage|p1a: Celesteela|21/100 brn|[from] brn
|upkeep
|-end|p1a: Celesteela|Dynamax
|-heal|p1a: Celesteela|21/100 brn|[silent]
|turn|30
|c|☆Glaliegoesboom ❤|Gg
|c|☆Buck X|Ggwp
|-message|Glaliegoesboom ❤ forfeited.
|
|win|Buck X
|l|☆Glaliegoesboom ❤
