|j|☆Wangboii
|j|☆ZylirxxSyndrom
|t:|1659864293
|gametype|singles
|player|p1|Wangboii|steven|1006
|player|p2|ZylirxxSyndrom|burglar|1000
|teamsize|p1|1
|teamsize|p2|6
|gen|8
|tier|[Gen 8] National Dex AG
|rated|
|rule|HP Percentage Mod: HP is shown in percentages
|rule|Endless Battle Clause: Forcing endless battles is banned
|clearpoke
|poke|p1|Buzzwole|
|poke|p2|Salamence, M|
|poke|p2|Salamence, M|
|poke|p2|Slowbro-Galar, M|
|poke|p2|Slowbro-Galar, M|
|poke|p2|Hypno, M|
|poke|p2|Hypno, M|
|teampreview
|inactive|Battle timer is ON: inactive players will automatically lose when time's up. (requested by Wangboii)
|c|☆ZylirxxSyndrom|I've beaten that Pokemon before
|
|t:|1659864313
|start
|switch|p1a: Buzzwole|Buzzwole, shiny|100/100
|switch|p2a: Hypno|Hypno, M|100/100
|turn|1
|c|☆Wangboii|k
|c|☆ZylirxxSyndrom|Very easy to defeat
|
|t:|1659864330
|-start|p1a: Buzzwole|Dynamax|
|-heal|p1a: Buzzwole|100/100|[silent]
|move|p1a: Buzzwole|Max Airstream|p2a: Hypno
|-damage|p2a: Hypno|34/100
|-boost|p1a: Buzzwole|spe|1
|move|p2a: Hypno|Hypnosis|p1a: Buzzwole
|-status|p1a: Buzzwole|slp|[from] move: Hypnosis
|
|upkeep
|turn|2
|c|☆Wangboii|good to know
|
|t:|1659864342
|switch|p2a: Slowbro|Slowbro-Galar, M|100/100
|cant|p1a: Buzzwole|slp
|
|upkeep
|turn|3
|c|☆ZylirxxSyndrom|Wait are you the same guy
|
|t:|1659864355
|-curestatus|p1a: Buzzwole|slp|[msg]
|move|p1a: Buzzwole|Max Airstream|p2a: Slowbro
|-damage|p2a: Slowbro|51/100
|-boost|p1a: Buzzwole|spe|1
|move|p2a: Slowbro|Belly Drum|p2a: Slowbro
|-damage|p2a: Slowbro|1/100
|-setboost|p2a: Slowbro|atk|6|[from] move: Belly Drum
|
|upkeep
|-end|p1a: Buzzwole|Dynamax
|-heal|p1a: Buzzwole|100/100|[silent]
|turn|4
|c|☆Wangboii|no
|-activate|p2a: Slowbro|ability: Quick Draw
|
|t:|1659864373
|move|p2a: Slowbro|Poison Jab|p1a: Buzzwole
|-damage|p1a: Buzzwole|38/100
|-status|p1a: Buzzwole|psn
|-heal|p2a: Slowbro|10/100|[from] item: Shell Bell|[of] p1a: Buzzwole
|move|p1a: Buzzwole|Fell Stinger|p2a: Slowbro
|-damage|p2a: Slowbro|0 fnt
|faint|p2a: Slowbro
|-ability|p1a: Buzzwole|Beast Boost|boost
|-boost|p1a: Buzzwole|atk|1
|-boost|p1a: Buzzwole|atk|3
|
|-damage|p1a: Buzzwole|26/100 psn|[from] psn
|upkeep
|inactive|ZylirxxSyndrom has 120 seconds left.
|c|☆ZylirxxSyndrom|Yeee
|c|☆ZylirxxSyndrom|Now your poisoned
|c|☆Wangboii|-_-
|
|t:|1659864400
|switch|p2a: Salamence|Salamence, M|100/100
|turn|5
|c|☆ZylirxxSyndrom|Told you I've beaten this Pokemon before
|c|☆ZylirxxSyndrom|4x
|c|☆Wangboii|ok
|
|t:|1659864419
|move|p1a: Buzzwole|Poison Jab|p2a: Salamence
|-damage|p2a: Salamence|1/100
|move|p2a: Salamence|Dual Wingbeat|p1a: Buzzwole
|-supereffective|p1a: Buzzwole
|-damage|p1a: Buzzwole|0 fnt
|faint|p1a: Buzzwole
|-hitcount|p1: Buzzwole|1
|-heal|p2a: Salamence|4/100|[from] item: Shell Bell|[of] p1: Buzzwole
|
|win|ZylirxxSyndrom
|raw|Wangboii's rating: 1006 &rarr; <strong>1000</strong><br />(-6 for losing)
|raw|ZylirxxSyndrom's rating: 1000 &rarr; <strong>1041</strong><br />(+41 for winning)
|l|☆Wangboii
|c|☆ZylirxxSyndrom|Gg
