|j|☆bingobondobango
|j|☆Onoufrios
|player|p1|bingobondobango|infielder|1582
|player|p2|Onoufrios|psychic-gen4|1659
|teamsize|p1|6
|teamsize|p2|6
|gametype|singles
|gen|8
|tier|[Gen 8] National Dex AG
|rated|
|clearpoke
|poke|p1|Zacian-Crowned|
|poke|p1|Yveltal|
|poke|p1|Groudon|
|poke|p1|Ho-Oh|
|poke|p1|Necrozma-Dusk-Mane|
|poke|p1|Zygarde|
|poke|p2|Necrozma-Dusk-Mane|
|poke|p2|Arceus-*|
|poke|p2|Xerneas|
|poke|p2|Lugia|
|poke|p2|Zacian-Crowned|
|poke|p2|Groudon|
|rule|HP Percentage Mod: HP is shown in percentages
|rule|Endless Battle Clause: Forcing endless battles is banned
|teampreview
|
|start
|switch|p1a: Yveltal|Yveltal, shiny|100/100
|switch|p2a: Xerneas|Xerneas|100/100
|-ability|p1a: Yveltal|Dark Aura
|-ability|p2a: Xerneas|Fairy Aura
|turn|1
|
|switch|p1a: Necrozma|Necrozma-Dusk-Mane, shiny|100/100
|move|p2a: Xerneas|Geomancy||[still]
|-prepare|p2a: Xerneas|Geomancy|p2a: Xerneas
|-enditem|p2a: Xerneas|Power Herb
|-anim|p2a: Xerneas|Geomancy|p2a: Xerneas
|-boost|p2a: Xerneas|spa|2
|-boost|p2a: Xerneas|spd|2
|-boost|p2a: Xerneas|spe|2
|
|upkeep
|turn|2
|
|-start|p2a: Xerneas|Dynamax
|-heal|p2a: Xerneas|100/100|[silent]
|-start|p1a: Necrozma|Dynamax
|-heal|p1a: Necrozma|100/100|[silent]
|move|p2a: Xerneas|Max Flare|p1a: Necrozma|[from]Hidden Power
|-supereffective|p1a: Necrozma
|-damage|p1a: Necrozma|61/100
|-weather|SunnyDay
|move|p1a: Necrozma|Max Steelspike|p2a: Xerneas
|-supereffective|p2a: Xerneas
|-damage|p2a: Xerneas|47/100
|-boost|p1a: Necrozma|def|1
|
|-weather|SunnyDay|[upkeep]
|-heal|p1a: Necrozma|64/100|[from] item: Leftovers
|upkeep
|turn|3
|
|move|p1a: Necrozma|Max Guard|p1a: Necrozma
|-singleturn|p1a: Necrozma|Max Guard
|move|p2a: Xerneas|Max Flare|p1a: Necrozma|[from]Hidden Power
|-activate|p1a: Necrozma|move: Max Guard
|
|-weather|SunnyDay|[upkeep]
|-heal|p1a: Necrozma|67/100|[from] item: Leftovers
|upkeep
|turn|4
|
|move|p2a: Xerneas|Max Flare|p1a: Necrozma|[from]Hidden Power
|-supereffective|p1a: Necrozma
|-damage|p1a: Necrozma|7/100
|move|p1a: Necrozma|Max Steelspike|p2a: Xerneas
|-supereffective|p2a: Xerneas
|-damage|p2a: Xerneas|0 fnt
|-boost|p1a: Necrozma|def|1
|faint|p2a: Xerneas
|
|-weather|SunnyDay|[upkeep]
|-heal|p1a: Necrozma|10/100|[from] item: Leftovers
|-end|p1a: Necrozma|Dynamax
|-heal|p1a: Necrozma|10/100|[silent]
|upkeep
|
|switch|p2a: Necrozma|Necrozma-Dusk-Mane|100/100
|turn|5
|
|switch|p1a: Zygarde|Zygarde, shiny|100/100
|detailschange|p2a: Necrozma|Necrozma-Ultra
|-burst|p2a: Necrozma|Necrozma|Ultranecrozium Z
|move|p2a: Necrozma|Dragon Dance|p2a: Necrozma
|-boost|p2a: Necrozma|atk|1
|-boost|p2a: Necrozma|spe|1
|
|-weather|SunnyDay|[upkeep]
|upkeep
|turn|6
|
|-zpower|p2a: Necrozma
|move|p2a: Necrozma|Light That Burns the Sky|p1a: Zygarde|[zeffect]
|-damage|p1a: Zygarde|0 fnt
|faint|p1a: Zygarde
|
|-weather|none
|upkeep
|
|switch|p1a: Yveltal|Yveltal, shiny|100/100
|-ability|p1a: Yveltal|Dark Aura
|turn|7
|
|move|p2a: Necrozma|Stone Edge|p1a: Yveltal|[miss]
|-miss|p2a: Necrozma|p1a: Yveltal
|move|p1a: Yveltal|Dark Pulse|p2a: Necrozma
|-supereffective|p2a: Necrozma
|-damage|p2a: Necrozma|0 fnt
|-damage|p1a: Yveltal|91/100|[from] item: Life Orb
|faint|p2a: Necrozma
|
|upkeep
|
|switch|p2a: Zacian|Zacian-Crowned|100/100
|-ability|p2a: Zacian|Intrepid Sword|boost
|-boost|p2a: Zacian|atk|1
|turn|8
|
|move|p2a: Zacian|Wild Charge|p1a: Yveltal
|-supereffective|p1a: Yveltal
|-damage|p1a: Yveltal|0 fnt
|-damage|p2a: Zacian|73/100|[from] Recoil
|faint|p1a: Yveltal
|
|upkeep
|
|switch|p1a: Zacian|Zacian-Crowned|100/100
|-ability|p1a: Zacian|Intrepid Sword|boost
|-boost|p1a: Zacian|atk|1
|turn|9
|
|switch|p2a: Groudon|Groudon|100/100
|detailschange|p2a: Groudon|Groudon-Primal
|-primal|p2a: Groudon
|-weather|DesolateLand|[from] ability: Desolate Land|[of] p2a: Groudon
|move|p1a: Zacian|Behemoth Blade|p2a: Groudon
|-resisted|p2a: Groudon
|-damage|p2a: Groudon|74/100
|
|-weather|DesolateLand|[upkeep]
|upkeep
|turn|10
|
|switch|p1a: Ho-Oh|Ho-Oh, shiny|100/100
|move|p2a: Groudon|Fire Punch|p1a: Ho-Oh
|-resisted|p1a: Ho-Oh
|-damage|p1a: Ho-Oh|74/100
|
|-weather|DesolateLand|[upkeep]
|upkeep
|turn|11
|
|switch|p1a: Necrozma|Necrozma-Dusk-Mane, shiny|10/100
|move|p2a: Groudon|Stone Edge|p1a: Necrozma
|-resisted|p1a: Necrozma
|-damage|p1a: Necrozma|0 fnt
|faint|p1a: Necrozma
|
|-weather|DesolateLand|[upkeep]
|upkeep
|
|switch|p1a: Groudon|Groudon, shiny|100/100
|detailschange|p1a: Groudon|Groudon-Primal, shiny
|-primal|p1a: Groudon
|turn|12
|
|switch|p2a: Lugia|Lugia|100/100
|move|p1a: Groudon|Precipice Blades|p2a: Lugia
|-immune|p2a: Lugia
|
|-weather|DesolateLand|[upkeep]
|upkeep
|turn|13
|
|move|p2a: Lugia|Reflect|p2a: Lugia
|-sidestart|p2: Onoufrios|Reflect
|move|p1a: Groudon|Stealth Rock|p2a: Lugia
|-sidestart|p2: Onoufrios|move: Stealth Rock
|
|-weather|DesolateLand|[upkeep]
|upkeep
|turn|14
|
|move|p2a: Lugia|Whirlwind|p1a: Groudon
|-weather|none
|drag|p1a: Zacian|Zacian-Crowned|100/100
|-ability|p1a: Zacian|Intrepid Sword|boost
|-boost|p1a: Zacian|atk|1
|
|upkeep
|turn|15
|
|switch|p1a: Ho-Oh|Ho-Oh, shiny|100/100
|move|p2a: Lugia|Thunder Wave|p1a: Ho-Oh
|-status|p1a: Ho-Oh|par
|
|upkeep
|turn|16
|
|move|p2a: Lugia|Thunder Wave|p1a: Ho-Oh
|-fail|p1a: Ho-Oh|par
|cant|p1a: Ho-Oh|par
|
|upkeep
|turn|17
|
|move|p2a: Lugia|Thunder Wave|p1a: Ho-Oh
|-fail|p1a: Ho-Oh|par
|move|p1a: Ho-Oh|Toxic|p2a: Lugia
|-status|p2a: Lugia|tox
|
|-damage|p2a: Lugia|94/100 tox|[from] psn
|-sideend|p2: Onoufrios|Reflect
|upkeep
|turn|18
|
|switch|p1a: Groudon|Groudon-Primal, shiny|100/100
|-weather|DesolateLand|[from] ability: Desolate Land|[of] p1a: Groudon
|move|p2a: Lugia|Reflect|p2a: Lugia
|-sidestart|p2: Onoufrios|Reflect
|
|-weather|DesolateLand|[upkeep]
|-damage|p2a: Lugia|82/100 tox|[from] psn
|upkeep
|turn|19
|
|move|p2a: Lugia|Whirlwind|p1a: Groudon
|-weather|none
|drag|p1a: Ho-Oh|Ho-Oh, shiny|100/100 par
|
|-damage|p2a: Lugia|63/100 tox|[from] psn
|upkeep
|turn|20
|
|switch|p2a: Groudon|Groudon-Primal|74/100
|-damage|p2a: Groudon|61/100|[from] Stealth Rock
|-weather|DesolateLand|[from] ability: Desolate Land|[of] p2a: Groudon
|switch|p1a: Groudon|Groudon-Primal, shiny|100/100
|
|-weather|DesolateLand|[upkeep]
|upkeep
|turn|21
|
|move|p1a: Groudon|Precipice Blades|p2a: Groudon
|-supereffective|p2a: Groudon
|-damage|p2a: Groudon|22/100
|move|p2a: Groudon|Precipice Blades|p1a: Groudon
|-supereffective|p1a: Groudon
|-damage|p1a: Groudon|9/100
|
|-weather|DesolateLand|[upkeep]
|upkeep
|turn|22
|
|switch|p2a: Lugia|Lugia|63/100 tox
|move|p1a: Groudon|Precipice Blades|p2a: Lugia
|-immune|p2a: Lugia
|
|-weather|DesolateLand|[upkeep]
|-damage|p2a: Lugia|57/100 tox|[from] psn
|-sideend|p2: Onoufrios|Reflect
|upkeep
|turn|23
|j| Ineedaname12321
|
|move|p2a: Lugia|Reflect|p2a: Lugia
|-sidestart|p2: Onoufrios|Reflect
|move|p1a: Groudon|Roar|p2a: Lugia
|drag|p2a: Arceus|Arceus|100/100
|-damage|p2a: Arceus|88/100|[from] Stealth Rock
|
|-weather|DesolateLand|[upkeep]
|upkeep
|turn|24
|
|move|p2a: Arceus|Swords Dance|p2a: Arceus
|-boost|p2a: Arceus|atk|2
|move|p1a: Groudon|Roar|p2a: Arceus
|drag|p2a: Groudon|Groudon-Primal|22/100
|-damage|p2a: Groudon|10/100|[from] Stealth Rock
|
|-weather|DesolateLand|[upkeep]
|upkeep
|turn|25
|
|move|p1a: Groudon|Precipice Blades|p2a: Groudon|[miss]
|-miss|p1a: Groudon|p2a: Groudon
|move|p2a: Groudon|Stealth Rock|p1a: Groudon
|-sidestart|p1: bingobondobango|move: Stealth Rock
|
|-weather|DesolateLand|[upkeep]
|upkeep
|turn|26
|
|move|p1a: Groudon|Precipice Blades|p2a: Groudon
|-supereffective|p2a: Groudon
|-damage|p2a: Groudon|0 fnt
|faint|p2a: Groudon
|
|-weather|DesolateLand|[upkeep]
|upkeep
|
|switch|p2a: Lugia|Lugia|57/100 tox
|turn|27
|
|move|p2a: Lugia|Roost|p2a: Lugia
|-heal|p2a: Lugia|100/100 tox
|-singleturn|p2a: Lugia|move: Roost
|move|p1a: Groudon|Stone Edge|p2a: Lugia|[miss]
|-miss|p1a: Groudon|p2a: Lugia
|
|-weather|DesolateLand|[upkeep]
|-damage|p2a: Lugia|94/100 tox|[from] psn
|-sideend|p2: Onoufrios|Reflect
|upkeep
|turn|28
|
|-weather|none
|switch|p1a: Ho-Oh|Ho-Oh, shiny|100/100 par
|move|p2a: Lugia|Reflect|p2a: Lugia
|-sidestart|p2: Onoufrios|Reflect
|
|-damage|p2a: Lugia|82/100 tox|[from] psn
|upkeep
|turn|29
|
|move|p1a: Ho-Oh|Defog|p2a: Lugia
|-unboost|p2a: Lugia|evasion|1
|-sideend|p2: Onoufrios|Reflect
|-sideend|p2: Onoufrios|Stealth Rock|[from] move: Defog|[of] p1a: Ho-Oh
|-sideend|p1: bingobondobango|Stealth Rock|[from] move: Defog|[of] p1a: Ho-Oh
|move|p2a: Lugia|Whirlwind|p1a: Ho-Oh
|drag|p1a: Zacian|Zacian-Crowned|100/100
|-ability|p1a: Zacian|Intrepid Sword|boost
|-boost|p1a: Zacian|atk|1
|
|-damage|p2a: Lugia|63/100 tox|[from] psn
|upkeep
|turn|30
|
|move|p1a: Zacian|Substitute|p1a: Zacian
|-start|p1a: Zacian|Substitute
|-damage|p1a: Zacian|76/100
|move|p2a: Lugia|Thunder Wave||[still]
|-fail|p2a: Lugia
|
|-damage|p2a: Lugia|38/100 tox|[from] psn
|upkeep
|turn|31
|
|move|p1a: Zacian|Wild Charge|p2a: Lugia
|-supereffective|p2a: Lugia
|-damage|p2a: Lugia|0 fnt
|-damage|p1a: Zacian|64/100|[from] Recoil
|faint|p2a: Lugia
|
|upkeep
|
|switch|p2a: Zacian|Zacian-Crowned|73/100
|-ability|p2a: Zacian|Intrepid Sword|boost
|-boost|p2a: Zacian|atk|1
|turn|32
|
|move|p1a: Zacian|Behemoth Blade|p2a: Zacian
|-damage|p2a: Zacian|0 fnt
|faint|p2a: Zacian
|
|upkeep
|
|switch|p2a: Arceus|Arceus|88/100
|turn|33
|
|move|p1a: Zacian|Behemoth Blade|p2a: Arceus
|-damage|p2a: Arceus|21/100
|move|p2a: Arceus|Earthquake|p1a: Zacian
|-supereffective|p1a: Zacian
|-end|p1a: Zacian|Substitute
|
|upkeep
|turn|34
|
|move|p2a: Arceus|Extreme Speed|p1a: Zacian
|-resisted|p1a: Zacian
|-damage|p1a: Zacian|41/100
|move|p1a: Zacian|Behemoth Blade|p2a: Arceus
|-damage|p2a: Arceus|0 fnt
|faint|p2a: Arceus
|
|win|bingobondobango
|raw|bingobondobango's rating: 1582 &rarr; <strong>1607</strong><br />(+25 for winning)
|raw|Onoufrios's rating: 1659 &rarr; <strong>1634</strong><br />(-25 for losing)
