|j|☆Dominator296
|j|‽Pokemh❤️
|t:|1635010994
|gametype|singles
|player|p1|Dominator296|alder|1722
|player|p2|Pokemh❤️|hilda|1734
|teamsize|p1|6
|teamsize|p2|6
|gen|8
|tier|[Gen 8] National Dex AG
|rated|
|rule|HP Percentage Mod: HP is shown in percentages
|rule|Endless Battle Clause: Forcing endless battles is banned
|clearpoke
|poke|p1|Kyogre|
|poke|p1|Groudon|
|poke|p1|Bibarel, F|
|poke|p1|Necrozma-Dusk-Mane|
|poke|p1|Arceus-*|
|poke|p1|Arceus-*|
|poke|p2|Zacian-*|
|poke|p2|Necrozma-Dusk-Mane|
|poke|p2|Yveltal|
|poke|p2|Groudon|
|poke|p2|Arceus-*|
|poke|p2|Arceus-*|
|teampreview
|
|t:|1635011002
|start
|switch|p1a: Bibarel|Bibarel, F|100/100
|switch|p2a: Arceus|Arceus|100/100
|turn|1
|c|☆Dominator296|2 gods
|
|t:|1635011022
|move|p2a: Arceus|Toxic|p1a: Bibarel
|-status|p1a: Bibarel|tox
|move|p1a: Bibarel|Waterfall|p2a: Arceus
|-damage|p2a: Arceus|77/100
|
|-heal|p2a: Arceus|83/100|[from] item: Leftovers
|-damage|p1a: Bibarel|94/100 tox|[from] psn
|-ability|p1a: Bibarel|Moody|boost
|-boost|p1a: Bibarel|atk|2
|-unboost|p1a: Bibarel|spe|1
|upkeep
|turn|2
|
|t:|1635011031
|move|p1a: Bibarel|Aqua Jet|p2a: Arceus
|-damage|p2a: Arceus|59/100
|move|p2a: Arceus|Stealth Rock|p1a: Bibarel
|-sidestart|p1: Dominator296|move: Stealth Rock
|
|-heal|p2a: Arceus|65/100|[from] item: Leftovers
|-damage|p1a: Bibarel|82/100 tox|[from] psn
|-ability|p1a: Bibarel|Moody|boost
|-boost|p1a: Bibarel|atk|2
|-unboost|p1a: Bibarel|spd|1
|upkeep
|turn|3
|
|t:|1635011043
|move|p2a: Arceus|Extreme Speed|p1a: Bibarel
|-damage|p1a: Bibarel|18/100 tox
|move|p1a: Bibarel|Waterfall|p2a: Arceus
|-damage|p2a: Arceus|0 fnt
|faint|p2a: Arceus
|
|-damage|p1a: Bibarel|0 fnt|[from] psn
|faint|p1a: Bibarel
|upkeep
|
|t:|1635011057
|switch|p2a: Necrozma|Necrozma-Dusk-Mane|100/100
|switch|p1a: Necrozma|Necrozma-Dusk-Mane|100/100
|-damage|p1a: Necrozma|94/100|[from] Stealth Rock
|turn|4
|
|t:|1635011063
|move|p2a: Necrozma|Dragon Dance|p2a: Necrozma
|-boost|p2a: Necrozma|atk|1
|-boost|p2a: Necrozma|spe|1
|move|p1a: Necrozma|Stealth Rock|p2a: Necrozma
|-sidestart|p2: Pokemh❤️|move: Stealth Rock
|
|upkeep
|turn|5
|
|t:|1635011074
|detailschange|p1a: Necrozma|Necrozma-Ultra
|-burst|p1a: Necrozma|Necrozma|Ultranecrozium Z
|move|p2a: Necrozma|Dragon Dance|p2a: Necrozma
|-boost|p2a: Necrozma|atk|1
|-boost|p2a: Necrozma|spe|1
|move|p1a: Necrozma|Thunder Wave|p2a: Necrozma
|-status|p2a: Necrozma|par
|
|upkeep
|turn|6
|
|t:|1635011092
|switch|p1a: Groudon|Groudon|100/100
|-damage|p1a: Groudon|94/100|[from] Stealth Rock
|detailschange|p1a: Groudon|Groudon-Primal
|-primal|p1a: Groudon
|-weather|DesolateLand|[from] ability: Desolate Land|[of] p1a: Groudon
|move|p2a: Necrozma|Earthquake|p1a: Groudon
|-supereffective|p1a: Groudon
|-crit|p1a: Groudon
|-damage|p1a: Groudon|0 fnt
|faint|p1a: Groudon
|-weather|none
|
|upkeep
|
|t:|1635011099
|switch|p1a: Kyogre|Kyogre|100/100
|-damage|p1a: Kyogre|88/100|[from] Stealth Rock
|-weather|RainDance|[from] ability: Drizzle|[of] p1a: Kyogre
|turn|7
|
|t:|1635011107
|detailschange|p2a: Necrozma|Necrozma-Ultra
|-burst|p2a: Necrozma|Necrozma|Ultranecrozium Z
|move|p1a: Kyogre|Water Spout|p2a: Necrozma
|-resisted|p2a: Necrozma
|-damage|p2a: Necrozma|44/100 par
|move|p2a: Necrozma|Photon Geyser|p1a: Kyogre
|-damage|p1a: Kyogre|0 fnt
|faint|p1a: Kyogre
|
|-weather|RainDance|[upkeep]
|upkeep
|j| AGCL6 Swas
|
|t:|1635011121
|switch|p1a: Necrozma|Necrozma-Ultra|94/100
|-damage|p1a: Necrozma|82/100|[from] Stealth Rock
|turn|8
|
|t:|1635011125
|move|p2a: Necrozma|Earthquake|p1a: Necrozma
|-damage|p1a: Necrozma|6/100
|-zpower|p1a: Necrozma
|move|p1a: Necrozma|Light That Burns the Sky|p2a: Necrozma|[zeffect]
|-resisted|p2a: Necrozma
|-damage|p2a: Necrozma|0 fnt
|faint|p2a: Necrozma
|
|-weather|RainDance|[upkeep]
|upkeep
|
|t:|1635011128
|switch|p2a: Yveltal|Yveltal|100/100
|-damage|p2a: Yveltal|76/100|[from] Stealth Rock
|-ability|p2a: Yveltal|Dark Aura
|turn|9
|
|t:|1635011137
|move|p2a: Yveltal|Sucker Punch||[still]
|-fail|p2a: Yveltal
|move|p1a: Necrozma|Thunder Wave|p2a: Yveltal
|-status|p2a: Yveltal|par
|
|-weather|RainDance|[upkeep]
|upkeep
|turn|10
|
|t:|1635011146
|move|p1a: Necrozma|Dragon Dance|p1a: Necrozma
|-boost|p1a: Necrozma|atk|1
|-boost|p1a: Necrozma|spe|1
|move|p2a: Yveltal|Oblivion Wing|p1a: Necrozma
|-damage|p1a: Necrozma|0 fnt
|-heal|p2a: Yveltal|80/100 par|[from] drain|[of] p1a: Necrozma
|faint|p1a: Necrozma
|-damage|p2a: Yveltal|70/100 par|[from] item: Life Orb
|
|-weather|RainDance|[upkeep]
|upkeep
|
|t:|1635011152
|switch|p1a: Arceus|Arceus-Flying|100/100
|-damage|p1a: Arceus|76/100|[from] Stealth Rock
|turn|11
|
|t:|1635011159
|move|p1a: Arceus|Calm Mind|p1a: Arceus
|-boost|p1a: Arceus|spa|1
|-boost|p1a: Arceus|spd|1
|move|p2a: Yveltal|Dark Pulse|p1a: Arceus
|-damage|p1a: Arceus|42/100
|-damage|p2a: Yveltal|60/100 par|[from] item: Life Orb
|
|-weather|none
|upkeep
|turn|12
|
|t:|1635011164
|switch|p2a: Zacian|Zacian-Crowned|100/100
|-damage|p2a: Zacian|94/100|[from] Stealth Rock
|-ability|p2a: Zacian|Intrepid Sword|boost
|-boost|p2a: Zacian|atk|1
|move|p1a: Arceus|Recover|p1a: Arceus
|-heal|p1a: Arceus|92/100
|
|upkeep
|turn|13
|
|t:|1635011167
|-start|p1a: Arceus|Dynamax
|-heal|p1a: Arceus|92/100|[silent]
|move|p2a: Zacian|Wild Charge|p1a: Arceus
|-supereffective|p1a: Arceus
|-damage|p1a: Arceus|60/100
|-damage|p2a: Zacian|73/100|[from] Recoil
|move|p1a: Arceus|Max Airstream|p2a: Zacian
|-resisted|p2a: Zacian
|-damage|p2a: Zacian|32/100
|-boost|p1a: Arceus|spe|1
|
|upkeep
|turn|14
|
|t:|1635011180
|move|p1a: Arceus|Max Airstream|p2a: Zacian
|-resisted|p2a: Zacian
|-damage|p2a: Zacian|0 fnt
|-boost|p1a: Arceus|spe|1
|faint|p2a: Zacian
|
|upkeep
|
|t:|1635011186
|switch|p2a: Arceus|Arceus-Ground|100/100
|-damage|p2a: Arceus|94/100|[from] Stealth Rock
|turn|15
|
|t:|1635011195
|-start|p2a: Arceus|Dynamax
|-heal|p2a: Arceus|94/100|[silent]
|move|p1a: Arceus|Max Airstream|p2a: Arceus
|-damage|p2a: Arceus|56/100
|-boost|p1a: Arceus|spe|1
|move|p2a: Arceus|Max Hailstorm|p1a: Arceus
|-supereffective|p1a: Arceus
|-damage|p1a: Arceus|37/100
|-weather|Hail
|
|-weather|Hail|[upkeep]
|-damage|p1a: Arceus|34/100|[from] Hail
|-damage|p2a: Arceus|53/100|[from] Hail
|-end|p1a: Arceus|Dynamax
|-heal|p1a: Arceus|34/100|[silent]
|upkeep
|turn|16
|
|t:|1635011211
|move|p1a: Arceus|Recover|p1a: Arceus
|-heal|p1a: Arceus|84/100
|move|p2a: Arceus|Max Hailstorm|p1a: Arceus
|-supereffective|p1a: Arceus
|-damage|p1a: Arceus|43/100
|
|-weather|Hail|[upkeep]
|-damage|p1a: Arceus|37/100|[from] Hail
|-damage|p2a: Arceus|50/100|[from] Hail
|upkeep
|turn|17
|
|t:|1635011213
|move|p1a: Arceus|Recover|p1a: Arceus
|-heal|p1a: Arceus|87/100
|move|p2a: Arceus|Max Hailstorm|p1a: Arceus
|-supereffective|p1a: Arceus
|-damage|p1a: Arceus|48/100
|
|-weather|Hail|[upkeep]
|-damage|p1a: Arceus|42/100|[from] Hail
|-damage|p2a: Arceus|47/100|[from] Hail
|-end|p2a: Arceus|Dynamax
|-heal|p2a: Arceus|47/100|[silent]
|upkeep
|turn|18
|
|t:|1635011217
|move|p1a: Arceus|Calm Mind|p1a: Arceus
|-boost|p1a: Arceus|spa|1
|-boost|p1a: Arceus|spd|1
|move|p2a: Arceus|Ice Beam|p1a: Arceus
|-supereffective|p1a: Arceus
|-crit|p1a: Arceus
|-damage|p1a: Arceus|0 fnt
|faint|p1a: Arceus
|
|-weather|Hail|[upkeep]
|-damage|p2a: Arceus|41/100|[from] Hail
|upkeep
|
|t:|1635011223
|switch|p1a: Arceus|Arceus, shiny|100/100
|-damage|p1a: Arceus|88/100|[from] Stealth Rock
|turn|19
|
|t:|1635011236
|move|p1a: Arceus|Extreme Speed|p2a: Arceus
|-damage|p2a: Arceus|5/100
|move|p2a: Arceus|Judgment|p1a: Arceus
|-damage|p1a: Arceus|44/100
|
|-weather|none
|upkeep
|turn|20
|
|t:|1635011242
|move|p2a: Arceus|Judgment|p1a: Arceus
|-damage|p1a: Arceus|0 fnt
|faint|p1a: Arceus
|
|win|Pokemh❤️
|raw|Dominator296's rating: 1722 &rarr; <strong>1704</strong><br />(-18 for losing)
|raw|Pokemh❤️'s rating: 1757 &rarr; <strong>1775</strong><br />(+18 for winning)
