|j|☆JAY100064
|j|☆saifu.mp4
|t:|1630946120
|gametype|singles
|player|p1|JAY100064|preschooler|1584
|player|p2|saifu.mp4|hugh|1451
|teamsize|p1|6
|teamsize|p2|6
|gen|8
|tier|[Gen 8] National Dex AG
|rated|
|rule|HP Percentage Mod: HP is shown in percentages
|rule|Endless Battle Clause: Forcing endless battles is banned
|clearpoke
|poke|p1|Arceus-*|
|poke|p1|Chansey, F|
|poke|p1|Giratina|
|poke|p1|Sableye, M|
|poke|p1|Necrozma-Dusk-Mane|
|poke|p1|Ho-Oh|
|poke|p2|Absol, F|
|poke|p2|Landorus-Therian, M|
|poke|p2|Necrozma-Dusk-Mane|
|poke|p2|Greninja, M|
|poke|p2|Calyrex-Ice|
|poke|p2|Hatterene, F|
|teampreview
|inactive|Battle timer is ON: inactive players will automatically lose when time's up. (requested by JAY100064)
|
|t:|1630946133
|start
|switch|p1a: Annoyance|Sableye, M, shiny|100/100
|switch|p2a: Unzan|Landorus-Therian, M, shiny|100/100
|-ability|p2a: Unzan|Intimidate|boost
|-unboost|p1a: Annoyance|atk|1
|turn|1
|
|t:|1630946145
|switch|p2a: Yakumo|Hatterene, F, shiny|100/100
|detailschange|p1a: Annoyance|Sableye-Mega, M, shiny
|-mega|p1a: Annoyance|Sableye|Sablenite
|move|p1a: Annoyance|Fake Out|p2a: Yakumo
|-damage|p2a: Yakumo|94/100
|
|-heal|p2a: Yakumo|99/100|[from] item: Leftovers
|upkeep
|turn|2
|
|t:|1630946159
|switch|p1a: Miss Joy|Chansey, F|100/100
|move|p2a: Yakumo|Dazzling Gleam|p1a: Miss Joy
|-damage|p1a: Miss Joy|89/100
|
|-heal|p2a: Yakumo|100/100|[from] item: Leftovers
|upkeep
|turn|3
|
|t:|1630946171
|switch|p2a: Okuu|Necrozma-Dusk-Mane, shiny|100/100
|move|p1a: Miss Joy|Toxic|p2a: Okuu
|-immune|p2a: Okuu
|
|upkeep
|turn|4
|
|t:|1630946181
|switch|p1a: Chicken Little|Ho-Oh, shiny|100/100
|move|p2a: Okuu|Dragon Dance|p2a: Okuu
|-boost|p2a: Okuu|atk|1
|-boost|p2a: Okuu|spe|1
|
|upkeep
|turn|5
|
|t:|1630946195
|move|p2a: Okuu|Stone Edge|p1a: Chicken Little
|-supereffective|p1a: Chicken Little
|-crit|p1a: Chicken Little
|-damage|p1a: Chicken Little|0 fnt
|faint|p1a: Chicken Little
|
|upkeep
|
|t:|1630946212
|switch|p1a: Annoyance|Sableye-Mega, M, shiny|100/100
|turn|6
|
|t:|1630946222
|switch|p2a: Yakumo|Hatterene, F, shiny|100/100
|move|p1a: Annoyance|Foul Play|p2a: Yakumo
|-damage|p2a: Yakumo|72/100
|
|-heal|p2a: Yakumo|78/100|[from] item: Leftovers
|upkeep
|turn|7
|
|t:|1630946233
|switch|p2a: Hakurei|Absol, F, shiny|100/100
|switch|p1a: Miss Joy|Chansey, F|89/100
|
|upkeep
|turn|8
|
|t:|1630946244
|switch|p1a: God|Arceus|100/100
|detailschange|p2a: Hakurei|Absol-Mega, F, shiny
|-mega|p2a: Hakurei|Absol|Absolite
|move|p2a: Hakurei|Swords Dance|p2a: Hakurei
|-boost|p2a: Hakurei|atk|2
|
|upkeep
|turn|9
|
|t:|1630946255
|-start|p1a: God|Dynamax
|-heal|p1a: God|100/100|[silent]
|move|p2a: Hakurei|Knock Off|p1a: God
|-damage|p1a: God|64/100
|-enditem|p1a: God|Leftovers|[from] move: Knock Off|[of] p2a: Hakurei
|move|p1a: God|Max Hailstorm|p2a: Hakurei
|-damage|p2a: Hakurei|33/100
|-weather|Hail
|
|-weather|Hail|[upkeep]
|-damage|p2a: Hakurei|27/100|[from] Hail
|-damage|p1a: God|61/100|[from] Hail
|upkeep
|turn|10
|
|t:|1630946273
|switch|p2a: EHH? EASY MODO?|Calyrex-Ice|100/100
|-ability|p2a: EHH? EASY MODO?|As One
|-ability|p2a: EHH? EASY MODO?|Unnerve
|move|p1a: God|Max Strike|p2a: EHH? EASY MODO?
|-damage|p2a: EHH? EASY MODO?|62/100
|-unboost|p2a: EHH? EASY MODO?|spe|1
|
|-weather|Hail|[upkeep]
|-damage|p1a: God|58/100|[from] Hail
|upkeep
|turn|11
|
|t:|1630946287
|move|p1a: God|Max Guard|p1a: God
|-singleturn|p1a: God|Max Guard
|move|p2a: EHH? EASY MODO?|Trick Room|p2a: EHH? EASY MODO?
|-fieldstart|move: Trick Room|[of] p2a: EHH? EASY MODO?
|
|-weather|Hail|[upkeep]
|-damage|p1a: God|55/100|[from] Hail
|-end|p1a: God|Dynamax
|-heal|p1a: God|55/100|[silent]
|upkeep
|turn|12
|c|☆saifu.mp4|my turn
|
|t:|1630946303
|switch|p1a: Stainless Steel|Necrozma-Dusk-Mane|100/100
|-start|p2a: EHH? EASY MODO?|Dynamax
|-heal|p2a: EHH? EASY MODO?|62/100|[silent]
|move|p2a: EHH? EASY MODO?|Max Hailstorm|p1a: Stainless Steel
|-resisted|p1a: Stainless Steel
|-damage|p1a: Stainless Steel|76/100
|
|-weather|Hail|[upkeep]
|-damage|p1a: Stainless Steel|70/100|[from] Hail
|upkeep
|turn|13
|inactive|JAY100064 has 120 seconds left.
|
|t:|1630946320
|move|p2a: EHH? EASY MODO?|Max Quake|p1a: Stainless Steel
|-supereffective|p1a: Stainless Steel
|-damage|p1a: Stainless Steel|27/100
|-boost|p2a: EHH? EASY MODO?|spd|1
|move|p1a: Stainless Steel|Sunsteel Strike|p2a: EHH? EASY MODO?
|-supereffective|p2a: EHH? EASY MODO?
|-damage|p2a: EHH? EASY MODO?|31/100
|-enditem|p2a: EHH? EASY MODO?|Weakness Policy
|-boost|p2a: EHH? EASY MODO?|atk|2|[from] item: Weakness Policy
|-boost|p2a: EHH? EASY MODO?|spa|2|[from] item: Weakness Policy
|
|-weather|none
|upkeep
|turn|14
|inactive|JAY100064 has 120 seconds left.
|
|t:|1630946348
|switch|p1a: High and Mighty|Giratina, shiny|100/100
|-ability|p1a: High and Mighty|Pressure
|move|p2a: EHH? EASY MODO?|Max Quake|p1a: High and Mighty
|-damage|p1a: High and Mighty|48/100
|-boost|p2a: EHH? EASY MODO?|spd|1
|
|-heal|p1a: High and Mighty|54/100|[from] item: Leftovers
|-end|p2a: EHH? EASY MODO?|Dynamax
|-heal|p2a: EHH? EASY MODO?|31/100|[silent]
|upkeep
|turn|15
|
|t:|1630946368
|switch|p1a: God|Arceus|55/100
|move|p2a: EHH? EASY MODO?|Glacial Lance|p1a: God
|-damage|p1a: God|0 fnt
|faint|p1a: God
|-ability|p2a: EHH? EASY MODO?|Chilling Neigh|boost
|-boost|p2a: EHH? EASY MODO?|atk|1
|
|-fieldend|move: Trick Room
|upkeep
|
|t:|1630946380
|switch|p1a: Stainless Steel|Necrozma-Dusk-Mane|27/100
|turn|16
|
|t:|1630946389
|switch|p2a: Unzan|Landorus-Therian, M, shiny|100/100
|-ability|p2a: Unzan|Intimidate|boost
|-unboost|p1a: Stainless Steel|atk|1
|move|p1a: Stainless Steel|Morning Sun|p1a: Stainless Steel
|-heal|p1a: Stainless Steel|77/100
|
|upkeep
|turn|17
|
|t:|1630946402
|switch|p1a: Annoyance|Sableye-Mega, M, shiny|100/100
|move|p2a: Unzan|Knock Off|p1a: Annoyance
|-damage|p1a: Annoyance|86/100
|
|upkeep
|turn|18
|
|t:|1630946414
|switch|p2a: Yakumo|Hatterene, F, shiny|78/100
|move|p1a: Annoyance|Foul Play|p2a: Yakumo
|-damage|p2a: Yakumo|49/100
|
|-heal|p2a: Yakumo|55/100|[from] item: Leftovers
|upkeep
|turn|19
|
|t:|1630946425
|switch|p1a: Miss Joy|Chansey, F|89/100
|move|p2a: Yakumo|Mystical Fire|p1a: Miss Joy
|-damage|p1a: Miss Joy|82/100
|-unboost|p1a: Miss Joy|spa|1
|
|-heal|p2a: Yakumo|61/100|[from] item: Leftovers
|upkeep
|turn|20
|
|t:|1630946439
|move|p1a: Miss Joy|Toxic|p2a: Yakumo
|move|p2a: Yakumo|Toxic|p1a: Miss Joy|[from]ability: Magic Bounce
|-status|p1a: Miss Joy|tox
|move|p2a: Yakumo|Psychic|p1a: Miss Joy
|-damage|p1a: Miss Joy|68/100 tox
|
|-heal|p2a: Yakumo|67/100|[from] item: Leftovers
|-damage|p1a: Miss Joy|62/100 tox|[from] psn
|upkeep
|turn|21
|
|t:|1630946468
|move|p1a: Miss Joy|Aromatherapy|p1a: Miss Joy
|-activate|p1a: Miss Joy|move: Aromatherapy
|-curestatus|p1a: Miss Joy|tox|[msg]
|move|p2a: Yakumo|Trick Room|p2a: Yakumo
|-fieldstart|move: Trick Room|[of] p2a: Yakumo
|
|-heal|p2a: Yakumo|73/100|[from] item: Leftovers
|upkeep
|turn|22
|
|t:|1630946480
|move|p2a: Yakumo|Psychic|p1a: Miss Joy
|-damage|p1a: Miss Joy|50/100
|move|p1a: Miss Joy|Soft-Boiled|p1a: Miss Joy
|-heal|p1a: Miss Joy|99/100
|
|-heal|p2a: Yakumo|78/100|[from] item: Leftovers
|upkeep
|turn|23
|
|t:|1630946489
|switch|p2a: EHH? EASY MODO?|Calyrex-Ice|31/100
|-ability|p2a: EHH? EASY MODO?|As One
|-ability|p2a: EHH? EASY MODO?|Unnerve
|move|p1a: Miss Joy|Confide|p2a: EHH? EASY MODO?
|-unboost|p2a: EHH? EASY MODO?|spa|1
|
|upkeep
|turn|24
|c|☆saifu.mp4|damn, no seismic toss??
|
|t:|1630946506
|switch|p1a: Annoyance|Sableye-Mega, M, shiny|86/100
|move|p2a: EHH? EASY MODO?|Glacial Lance|p1a: Annoyance
|-damage|p1a: Annoyance|22/100
|
|upkeep
|turn|25
|
|t:|1630946533
|move|p1a: Annoyance|Foul Play|p2a: EHH? EASY MODO?
|-supereffective|p2a: EHH? EASY MODO?
|-damage|p2a: EHH? EASY MODO?|0 fnt
|faint|p2a: EHH? EASY MODO?
|
|-fieldend|move: Trick Room
|upkeep
|inactive|saifu.mp4 has 120 seconds left.
|
|t:|1630946543
|switch|p2a: Hakurei|Absol-Mega, F, shiny|27/100
|turn|26
|
|t:|1630946558
|move|p2a: Hakurei|Play Rough|p1a: Annoyance
|-supereffective|p1a: Annoyance
|-damage|p1a: Annoyance|0 fnt
|faint|p1a: Annoyance
|
|upkeep
|
|t:|1630946567
|switch|p1a: Stainless Steel|Necrozma-Dusk-Mane|77/100
|turn|27
|
|t:|1630946576
|switch|p2a: Unzan|Landorus-Therian, M, shiny|100/100
|-ability|p2a: Unzan|Intimidate|boost
|-unboost|p1a: Stainless Steel|atk|1
|move|p1a: Stainless Steel|Morning Sun|p1a: Stainless Steel
|-heal|p1a: Stainless Steel|100/100
|
|upkeep
|turn|28
|
|t:|1630946588
|move|p2a: Unzan|Stealth Rock|p1a: Stainless Steel
|-sidestart|p1: JAY100064|move: Stealth Rock
|move|p1a: Stainless Steel|Stealth Rock|p2a: Unzan
|-sidestart|p2: saifu.mp4|move: Stealth Rock
|
|upkeep
|turn|29
|
|t:|1630946608
|move|p2a: Unzan|Knock Off|p1a: Stainless Steel
|-supereffective|p1a: Stainless Steel
|-damage|p1a: Stainless Steel|74/100
|-damage|p2a: Unzan|84/100|[from] item: Rocky Helmet|[of] p1a: Stainless Steel
|-enditem|p1a: Stainless Steel|Rocky Helmet|[from] move: Knock Off|[of] p2a: Unzan
|move|p1a: Stainless Steel|Sunsteel Strike|p2a: Unzan
|-damage|p2a: Unzan|60/100
|
|-heal|p2a: Unzan|66/100|[from] item: Leftovers
|upkeep
|turn|30
|inactive|JAY100064 has 90 seconds left.
|
|t:|1630946625
|switch|p1a: High and Mighty|Giratina, shiny|54/100
|-damage|p1a: High and Mighty|41/100|[from] Stealth Rock
|-ability|p1a: High and Mighty|Pressure
|move|p2a: Unzan|Earthquake|p1a: High and Mighty
|-damage|p1a: High and Mighty|22/100
|
|-heal|p2a: Unzan|72/100|[from] item: Leftovers
|-heal|p1a: High and Mighty|29/100|[from] item: Leftovers
|upkeep
|turn|31
|inactive|JAY100064 has 90 seconds left.
|
|t:|1630946640
|move|p1a: High and Mighty|Rest|p1a: High and Mighty
|-status|p1a: High and Mighty|slp|[from] move: Rest
|-heal|p1a: High and Mighty|100/100 slp|[silent]
|move|p2a: Unzan|Knock Off|p1a: High and Mighty
|-supereffective|p1a: High and Mighty
|-damage|p1a: High and Mighty|75/100 slp
|-enditem|p1a: High and Mighty|Leftovers|[from] move: Knock Off|[of] p2a: Unzan
|
|-heal|p2a: Unzan|78/100|[from] item: Leftovers
|upkeep
|turn|32
|inactive|JAY100064 has 90 seconds left.
|
|t:|1630946660
|switch|p2a: Hakurei|Absol-Mega, F, shiny|27/100
|-damage|p2a: Hakurei|15/100|[from] Stealth Rock
|cant|p1a: High and Mighty|slp
|
|upkeep
|turn|33
|inactive|JAY100064 has 90 seconds left.
|
|t:|1630946671
|switch|p1a: Stainless Steel|Necrozma-Dusk-Mane|74/100
|-damage|p1a: Stainless Steel|68/100|[from] Stealth Rock
|move|p2a: Hakurei|Swords Dance|p2a: Hakurei
|-boost|p2a: Hakurei|atk|2
|
|upkeep
|turn|34
|inactive|JAY100064 has 90 seconds left.
|
|t:|1630946681
|move|p2a: Hakurei|Knock Off|p1a: Stainless Steel
|-supereffective|p1a: Stainless Steel
|-damage|p1a: Stainless Steel|5/100
|move|p1a: Stainless Steel|Sunsteel Strike|p2a: Hakurei
|-damage|p2a: Hakurei|0 fnt
|faint|p2a: Hakurei
|
|upkeep
|inactive|saifu.mp4 has 120 seconds left.
|
|t:|1630946713
|switch|p2a: Moriya|Greninja, M|100/100
|-damage|p2a: Moriya|88/100|[from] Stealth Rock
|turn|35
|inactive|JAY100064 has 90 seconds left.
|
|t:|1630946725
|move|p2a: Moriya|Dark Pulse|p1a: Stainless Steel
|-supereffective|p1a: Stainless Steel
|-damage|p1a: Stainless Steel|0 fnt
|faint|p1a: Stainless Steel
|-activate|p2a: Moriya|ability: Battle Bond
|detailschange|p2a: Moriya|Greninja-Ash, M
|
|upkeep
|inactive|JAY100064 has 90 seconds left.
|
|t:|1630946734
|switch|p1a: Miss Joy|Chansey, F|99/100
|-damage|p1a: Miss Joy|87/100|[from] Stealth Rock
|turn|36
|
|t:|1630946739
|move|p2a: Moriya|Taunt|p1a: Miss Joy
|-start|p1a: Miss Joy|move: Taunt
|cant|p1a: Miss Joy|move: Taunt|Toxic
|
|upkeep
|turn|37
|
|t:|1630946746
|switch|p1a: High and Mighty|Giratina, shiny|75/100 slp
|-damage|p1a: High and Mighty|63/100 slp|[from] Stealth Rock
|-ability|p1a: High and Mighty|Pressure
|move|p2a: Moriya|Dark Pulse|p1a: High and Mighty
|-supereffective|p1a: High and Mighty
|-damage|p1a: High and Mighty|3/100 slp
|
|upkeep
|turn|38
|
|t:|1630946758
|switch|p1a: Miss Joy|Chansey, F|87/100
|-damage|p1a: Miss Joy|75/100|[from] Stealth Rock
|move|p2a: Moriya|Water Shuriken|p1a: Miss Joy
|-damage|p1a: Miss Joy|72/100
|-damage|p1a: Miss Joy|69/100
|-damage|p1a: Miss Joy|65/100
|-hitcount|p1a: Miss Joy|3
|
|upkeep
|turn|39
|
|t:|1630946776
|switch|p1a: High and Mighty|Giratina, shiny|3/100 slp
|-damage|p1a: High and Mighty|0 fnt|[from] Stealth Rock
|faint|p1a: High and Mighty
|move|p2a: Moriya|Taunt|p1: High and Mighty|[notarget]
|-fail|p2a: Moriya
|
|upkeep
|-message|JAY100064 forfeited.
|
|win|saifu.mp4
|raw|JAY100064's rating: 1584 &rarr; <strong>1557</strong><br />(-27 for losing)
|raw|saifu.mp4's rating: 1451 &rarr; <strong>1478</strong><br />(+27 for winning)
|l|☆JAY100064
||Ladder isn't responding, score probably updated but might not have (Request timeout).
