|j|☆swordsdance1231321
|j|☆ChunkyRat
|t:|1643066645
|gametype|singles
|player|p1|swordsdance1231321|plasmagrunt|
|player|p2|ChunkyRat|schoolkidf|
|teamsize|p1|6
|teamsize|p2|6
|gen|8
|tier|[Gen 8] National Dex AG
|rule|HP Percentage Mod: HP is shown in percentages
|rule|Endless Battle Clause: Forcing endless battles is banned
|clearpoke
|poke|p1|Arceus-*|
|poke|p1|Rayquaza|
|poke|p1|Necrozma-Dusk-Mane|
|poke|p1|Yveltal|
|poke|p1|Ditto|
|poke|p1|Arceus-*|
|poke|p2|Rayquaza|
|poke|p2|Groudon|
|poke|p2|Kyogre|
|poke|p2|Zacian-*|
|poke|p2|Ditto|
|poke|p2|Lugia|
|teampreview
|inactive|Battle timer is ON: inactive players will automatically lose when time's up. (requested by ChunkyRat)
|inactive|swordsdance1231321 has 270 seconds left.
|
|t:|1643066685
|start
|switch|p1a: Vex On the Field|Rayquaza|100/100
|switch|p2a: Zacian|Zacian-Crowned|100/100
|-ability|p2a: Zacian|Intrepid Sword|boost
|-boost|p2a: Zacian|atk|1
|-ability|p1a: Vex On the Field|Air Lock
|turn|1
|
|t:|1643066692
|switch|p1a: You're Invading|Necrozma-Dusk-Mane|100/100
|move|p2a: Zacian|Behemoth Blade|p1a: You're Invading
|-resisted|p1a: You're Invading
|-damage|p1a: You're Invading|73/100
|
|upkeep
|turn|2
|
|t:|1643066699
|switch|p2a: Groudon|Groudon|100/100
|detailschange|p2a: Groudon|Groudon-Primal
|-primal|p2a: Groudon
|-weather|DesolateLand|[from] ability: Desolate Land|[of] p2a: Groudon
|move|p1a: You're Invading|Stealth Rock|p2a: Groudon
|-sidestart|p2: ChunkyRat|move: Stealth Rock
|
|-weather|DesolateLand|[upkeep]
|upkeep
|turn|3
|
|t:|1643066706
|switch|p1a: Vex On the Field|Rayquaza|100/100
|-ability|p1a: Vex On the Field|Air Lock
|move|p2a: Groudon|Stealth Rock|p1a: Vex On the Field
|-sidestart|p1: swordsdance1231321|move: Stealth Rock
|
|-weather|DesolateLand|[upkeep]
|upkeep
|turn|4
|
|t:|1643066714
|-weather|none
|switch|p2a: Lugia|Lugia|100/100
|detailschange|p1a: Vex On the Field|Rayquaza-Mega
|-mega|p1a: Vex On the Field|Rayquaza|
|-weather|DeltaStream|[from] ability: Delta Stream|[of] p1a: Vex On the Field
|move|p1a: Vex On the Field|Scale Shot|p2a: Lugia
|-damage|p2a: Lugia|94/100
|-damage|p2a: Lugia|82/100
|-damage|p2a: Lugia|71/100
|-damage|p2a: Lugia|59/100
|-damage|p2a: Lugia|48/100
|-hitcount|p2a: Lugia|5
|-unboost|p1a: Vex On the Field|def|1
|-boost|p1a: Vex On the Field|spe|1
|-damage|p1a: Vex On the Field|91/100|[from] item: Life Orb
|
|-weather|DeltaStream|[upkeep]
|upkeep
|turn|5
|c|☆swordsdance1231321|thanks, mate
|
|t:|1643066742
|move|p1a: Vex On the Field|Dragon Ascent|p2a: Lugia
|-damage|p2a: Lugia|0 fnt
|-unboost|p1a: Vex On the Field|def|1
|-unboost|p1a: Vex On the Field|spd|1
|faint|p2a: Lugia
|-damage|p1a: Vex On the Field|81/100|[from] item: Life Orb
|
|-weather|DeltaStream|[upkeep]
|upkeep
|c|☆ChunkyRat|welcome mate
|
|t:|1643066748
|switch|p2a: Ditto|Ditto|100/100
|-damage|p2a: Ditto|88/100|[from] Stealth Rock
|-transform|p2a: Ditto|p1a: Vex On the Field|[from] ability: Imposter
|turn|6
|
|t:|1643066757
|move|p2a: Ditto|Extreme Speed|p1a: Vex On the Field
|-damage|p1a: Vex On the Field|7/100
|move|p1a: Vex On the Field|Extreme Speed|p2a: Ditto
|-damage|p2a: Ditto|0 fnt
|faint|p2a: Ditto
|-damage|p1a: Vex On the Field|0 fnt|[from] item: Life Orb
|faint|p1a: Vex On the Field
|-weather|none
|
|upkeep
|
|t:|1643066772
|switch|p1a: Cabal On the Field|Arceus-Ground|100/100
|switch|p2a: Groudon|Groudon-Primal|100/100
|-damage|p1a: Cabal On the Field|94/100|[from] Stealth Rock
|-damage|p2a: Groudon|88/100|[from] Stealth Rock
|-weather|DesolateLand|[from] ability: Desolate Land|[of] p2a: Groudon
|turn|7
|
|t:|1643066779
|-weather|none
|switch|p2a: Kyogre|Kyogre|100/100
|-damage|p2a: Kyogre|88/100|[from] Stealth Rock
|detailschange|p2a: Kyogre|Kyogre-Primal
|-primal|p2a: Kyogre
|-weather|PrimordialSea|[from] ability: Primordial Sea|[of] p2a: Kyogre
|move|p1a: Cabal On the Field|Swords Dance|p1a: Cabal On the Field
|-boost|p1a: Cabal On the Field|atk|2
|
|-weather|PrimordialSea|[upkeep]
|upkeep
|turn|8
|c|☆swordsdance1231321|bad choice
|
|t:|1643066790
|-start|p1a: Cabal On the Field|Dynamax
|-heal|p1a: Cabal On the Field|94/100|[silent]
|move|p1a: Cabal On the Field|Max Quake|p2a: Kyogre
|-damage|p2a: Kyogre|0 fnt
|-boost|p1a: Cabal On the Field|spd|1
|faint|p2a: Kyogre
|-weather|none
|
|upkeep
|c|☆ChunkyRat|hahahah
|c|☆ChunkyRat|man you're talking shittt playing a custom game
|c|☆ChunkyRat|against a team that idc bout
|c|☆ChunkyRat|why talk shit
|c|☆ChunkyRat|have some respect
|
|t:|1643066811
|switch|p2a: Zacian|Zacian-Crowned|100/100
|-damage|p2a: Zacian|94/100|[from] Stealth Rock
|-ability|p2a: Zacian|Intrepid Sword|boost
|-boost|p2a: Zacian|atk|1
|turn|9
|
|t:|1643066816
|move|p2a: Zacian|Behemoth Blade|p1a: Cabal On the Field
|-damage|p1a: Cabal On the Field|16/100
|move|p1a: Cabal On the Field|Max Quake|p2a: Zacian
|-supereffective|p2a: Zacian
|-damage|p2a: Zacian|0 fnt
|-boost|p1a: Cabal On the Field|spd|1
|faint|p2a: Zacian
|
|upkeep
|
|t:|1643066820
|switch|p2a: Rayquaza|Rayquaza|100/100
|-damage|p2a: Rayquaza|75/100|[from] Stealth Rock
|-ability|p2a: Rayquaza|Air Lock
|turn|10
|c|☆swordsdance1231321|boom!
|
|t:|1643066825
|detailschange|p2a: Rayquaza|Rayquaza-Mega
|-mega|p2a: Rayquaza|Rayquaza|
|-weather|DeltaStream|[from] ability: Delta Stream|[of] p2a: Rayquaza
|move|p2a: Rayquaza|Extreme Speed|p1a: Cabal On the Field
|-damage|p1a: Cabal On the Field|2/100
|move|p1a: Cabal On the Field|Max Rockfall|p2a: Rayquaza
|-activate||deltastream
|-damage|p2a: Rayquaza|0 fnt
|-weather|Sandstorm
|faint|p2a: Rayquaza
|
|-weather|Sandstorm|[upkeep]
|-end|p1a: Cabal On the Field|Dynamax
|-heal|p1a: Cabal On the Field|2/100|[silent]
|upkeep
|c|☆ChunkyRat|ahahahaha
|
|t:|1643066828
|switch|p2a: Groudon|Groudon-Primal|88/100
|-damage|p2a: Groudon|76/100|[from] Stealth Rock
|-weather|DesolateLand|[from] ability: Desolate Land|[of] p2a: Groudon
|turn|11
|c|☆ChunkyRat|You're too good
|c|☆swordsdance1231321|imagine cabal wins this
|
|t:|1643066842
|move|p1a: Cabal On the Field|Earthquake|p2a: Groudon
|-supereffective|p2a: Groudon
|-damage|p2a: Groudon|0 fnt
|faint|p2a: Groudon
|-weather|none
|
|win|swordsdance1231321
|c|☆swordsdance1231321|oh dear
|c|☆ChunkyRat|I don't think I can ever beat you
