|j|☆kerrozxl-
|j|☆CLEAR GEM清瑜
|t:|1662220689
|gametype|singles
|player|p1|kerrozxl-|unknownf|1777
|player|p2|CLEAR GEM清瑜|skierf|1904
|teamsize|p1|6
|teamsize|p2|6
|gen|8
|tier|[Gen 8] National Dex AG
|rated|
|rule|HP Percentage Mod: HP is shown in percentages
|rule|Endless Battle Clause: Forcing endless battles is banned
|clearpoke
|poke|p1|Rayquaza|
|poke|p1|Groudon|
|poke|p1|Necrozma-Dusk-Mane|
|poke|p1|Marshadow|
|poke|p1|Yveltal|
|poke|p1|Xerneas-*|
|poke|p2|Rayquaza|
|poke|p2|Groudon|
|poke|p2|Arceus-*|
|poke|p2|Yveltal|
|poke|p2|Zacian-*|
|poke|p2|Necrozma-Dusk-Mane|
|teampreview
|inactive|Battle timer is ON: inactive players will automatically lose when time's up. (requested by CLEAR GEM清瑜)
|
|t:|1662220694
|start
|switch|p1a: smeargle&lugiahate|Rayquaza, shiny|100/100
|switch|p2a: 不会(?)|Groudon|100/100
|-ability|p1a: smeargle&lugiahate|Air Lock
|detailschange|p2a: 不会(?)|Groudon-Primal
|-primal|p2a: 不会(?)
|-weather|DesolateLand|[from] ability: Desolate Land|[of] p2a: 不会(?)
|turn|1
|
|t:|1662220698
|detailschange|p1a: smeargle&lugiahate|Rayquaza-Mega, shiny
|-mega|p1a: smeargle&lugiahate|Rayquaza|
|-weather|DeltaStream|[from] ability: Delta Stream|[of] p1a: smeargle&lugiahate
|move|p1a: smeargle&lugiahate|Waterfall|p2a: 不会(?)
|-supereffective|p2a: 不会(?)
|-damage|p2a: 不会(?)|0 fnt
|faint|p2a: 不会(?)
|
|-weather|DeltaStream|[upkeep]
|upkeep
|
|t:|1662220703
|switch|p2a: 老烈|Rayquaza|100/100
|-ability|p2a: 老烈|Air Lock
|turn|2
|inactive|kerrozxl- has 120 seconds left.
|
|t:|1662220734
|-weather|none
|switch|p1a: Keqing|Yveltal|100/100
|-ability|p1a: Keqing|Dark Aura
|detailschange|p2a: 老烈|Rayquaza-Mega
|-mega|p2a: 老烈|Rayquaza|
|-weather|DeltaStream|[from] ability: Delta Stream|[of] p2a: 老烈
|move|p2a: 老烈|Dragon Ascent|p1a: Keqing
|-damage|p1a: Keqing|28/100
|-unboost|p2a: 老烈|def|1
|-unboost|p2a: 老烈|spd|1
|
|-weather|DeltaStream|[upkeep]
|upkeep
|turn|3
|
|t:|1662220738
|move|p2a: 老烈|Extreme Speed|p1a: Keqing
|-damage|p1a: Keqing|0 fnt
|faint|p1a: Keqing
|
|-weather|DeltaStream|[upkeep]
|upkeep
|
|t:|1662220739
|switch|p1a: Ho-0h|Marshadow|100/100
|turn|4
|
|t:|1662220742
|move|p1a: Ho-0h|Rock Tomb|p2a: 老烈
|-activate||deltastream
|-damage|p2a: 老烈|55/100
|-unboost|p2a: 老烈|spe|1
|move|p2a: 老烈|Dragon Ascent|p1a: Ho-0h
|-supereffective|p1a: Ho-0h
|-enditem|p1a: Ho-0h|Focus Sash
|-damage|p1a: Ho-0h|1/100
|-unboost|p2a: 老烈|def|1
|-unboost|p2a: 老烈|spd|1
|
|-weather|DeltaStream|[upkeep]
|upkeep
|turn|5
|
|t:|1662220757
|move|p1a: Ho-0h|Spectral Thief|p2a: 老烈
|-damage|p2a: 老烈|0 fnt
|faint|p2a: 老烈
|-weather|none
|
|upkeep
|
|t:|1662220765
|switch|p2a: Y鸟|Yveltal|100/100
|-ability|p2a: Y鸟|Dark Aura
|turn|6
|
|t:|1662220770
|move|p1a: Ho-0h|Rock Tomb|p2a: Y鸟
|-supereffective|p2a: Y鸟
|-damage|p2a: Y鸟|46/100
|-unboost|p2a: Y鸟|spe|1
|-enditem|p2a: Y鸟|Weakness Policy
|-boost|p2a: Y鸟|atk|2|[from] item: Weakness Policy
|-boost|p2a: Y鸟|spa|2|[from] item: Weakness Policy
|move|p2a: Y鸟|Oblivion Wing|p1a: Ho-0h
|-supereffective|p1a: Ho-0h
|-damage|p1a: Ho-0h|0 fnt
|-heal|p2a: Y鸟|46/100|[from] drain|[of] p1a: Ho-0h
|faint|p1a: Ho-0h
|
|upkeep
|
|t:|1662220774
|switch|p1a: smeargle&lugiahate|Rayquaza-Mega, shiny|100/100
|-weather|DeltaStream|[from] ability: Delta Stream|[of] p1a: smeargle&lugiahate
|turn|7
|
|t:|1662220776
|move|p1a: smeargle&lugiahate|Extreme Speed|p2a: Y鸟
|-damage|p2a: Y鸟|0 fnt
|faint|p2a: Y鸟
|
|-weather|DeltaStream|[upkeep]
|upkeep
|
|t:|1662220782
|switch|p2a: 嘉然小姐的狗|Zacian-Crowned|100/100
|-ability|p2a: 嘉然小姐的狗|Intrepid Sword|boost
|-boost|p2a: 嘉然小姐的狗|atk|1
|turn|8
|
|t:|1662220785
|switch|p2a: 钢铁之躯|Necrozma-Dusk-Mane|100/100
|-weather|none
|switch|p1a: Zacian-Crown3d|Groudon|100/100
|detailschange|p1a: Zacian-Crown3d|Groudon-Primal
|-primal|p1a: Zacian-Crown3d
|-weather|DesolateLand|[from] ability: Desolate Land|[of] p1a: Zacian-Crown3d
|
|-weather|DesolateLand|[upkeep]
|upkeep
|turn|9
|
|t:|1662220788
|detailschange|p2a: 钢铁之躯|Necrozma-Ultra
|-burst|p2a: 钢铁之躯|Necrozma|Ultranecrozium Z
|move|p2a: 钢铁之躯|Dragon Dance|p2a: 钢铁之躯
|-boost|p2a: 钢铁之躯|atk|1
|-boost|p2a: 钢铁之躯|spe|1
|move|p1a: Zacian-Crown3d|Overheat|p2a: 钢铁之躯
|-resisted|p2a: 钢铁之躯
|-damage|p2a: 钢铁之躯|61/100
|-unboost|p1a: Zacian-Crown3d|spa|2
|
|-weather|DesolateLand|[upkeep]
|upkeep
|turn|10
|
|t:|1662220789
|move|p2a: 钢铁之躯|Earthquake|p1a: Zacian-Crown3d
|-supereffective|p1a: Zacian-Crown3d
|-damage|p1a: Zacian-Crown3d|0 fnt
|faint|p1a: Zacian-Crown3d
|-weather|none
|
|upkeep
|
|t:|1662220792
|switch|p1a: smeargle&lugiahate|Rayquaza-Mega, shiny|100/100
|-weather|DeltaStream|[from] ability: Delta Stream|[of] p1a: smeargle&lugiahate
|turn|11
|
|t:|1662220793
|move|p1a: smeargle&lugiahate|Extreme Speed|p2a: 钢铁之躯
|-damage|p2a: 钢铁之躯|10/100
|move|p2a: 钢铁之躯|Photon Geyser|p1a: smeargle&lugiahate
|-damage|p1a: smeargle&lugiahate|4/100
|
|-weather|DeltaStream|[upkeep]
|upkeep
|turn|12
|
|t:|1662220796
|move|p1a: smeargle&lugiahate|Extreme Speed|p2a: 钢铁之躯
|-damage|p2a: 钢铁之躯|0 fnt
|faint|p2a: 钢铁之躯
|
|-weather|DeltaStream|[upkeep]
|upkeep
|
|t:|1662220799
|switch|p2a: 嘉然小姐的狗|Zacian-Crowned|100/100
|-ability|p2a: 嘉然小姐的狗|Intrepid Sword|boost
|-boost|p2a: 嘉然小姐的狗|atk|1
|turn|13
|
|t:|1662220803
|move|p1a: smeargle&lugiahate|Extreme Speed|p2a: 嘉然小姐的狗
|-resisted|p2a: 嘉然小姐的狗
|-damage|p2a: 嘉然小姐的狗|79/100
|move|p2a: 嘉然小姐的狗|Quick Attack|p1a: smeargle&lugiahate
|-damage|p1a: smeargle&lugiahate|0 fnt
|faint|p1a: smeargle&lugiahate
|-weather|none
|
|upkeep
|
|t:|1662220805
|switch|p1a: Aint no way|Necrozma-Dusk-Mane|100/100
|turn|14
|
|t:|1662220810
|move|p2a: 嘉然小姐的狗|Close Combat|p1a: Aint no way
|-damage|p1a: Aint no way|40/100
|-unboost|p2a: 嘉然小姐的狗|def|1
|-unboost|p2a: 嘉然小姐的狗|spd|1
|move|p1a: Aint no way|Dragon Dance|p1a: Aint no way
|-boost|p1a: Aint no way|atk|1
|-boost|p1a: Aint no way|spe|1
|
|upkeep
|turn|15
|
|t:|1662220814
|detailschange|p1a: Aint no way|Necrozma-Ultra
|-burst|p1a: Aint no way|Necrozma|Ultranecrozium Z
|move|p1a: Aint no way|Earthquake|p2a: 嘉然小姐的狗
|-supereffective|p2a: 嘉然小姐的狗
|-damage|p2a: 嘉然小姐的狗|0 fnt
|faint|p2a: 嘉然小姐的狗
|
|upkeep
|
|t:|1662220817
|switch|p2a: 悬空羊驼|Arceus-Flying|100/100
|turn|16
|
|t:|1662220820
|-start|p2a: 悬空羊驼|Dynamax|
|-heal|p2a: 悬空羊驼|100/100|[silent]
|-zpower|p1a: Aint no way
|move|p1a: Aint no way|Light That Burns the Sky|p2a: 悬空羊驼|[zeffect]
|-crit|p2a: 悬空羊驼
|-damage|p2a: 悬空羊驼|0 fnt
|faint|p2a: 悬空羊驼
|
|win|kerrozxl-
|raw|kerrozxl-'s rating: 1777 &rarr; <strong>1804</strong><br />(+27 for winning)
|raw|CLEAR GEM清瑜's rating: 1904 &rarr; <strong>1877</strong><br />(-27 for losing)
|l|☆kerrozxl-
