|j|☆KokoroSenpai
|j|☆WhiteCapeMarth
|t:|1668542861
|gametype|singles
|player|p1|KokoroSenpai|caitlin|1617
|player|p2|WhiteCapeMarth|emmet|1632
|teamsize|p1|6
|teamsize|p2|6
|gen|8
|tier|[Gen 8] National Dex AG
|rated|
|rule|HP Percentage Mod: HP is shown in percentages
|rule|Endless Battle Clause: Forcing endless battles is banned
|clearpoke
|poke|p1|Blaziken, M|
|poke|p1|Marshadow|
|poke|p1|Necrozma-Dusk-Mane|
|poke|p1|Eternatus|
|poke|p1|Yveltal|
|poke|p1|Zygarde|
|poke|p2|Smeargle, F|
|poke|p2|Necrozma-Dawn-Wings|
|poke|p2|Yveltal|
|poke|p2|Xerneas-*|
|poke|p2|Eiscue, M|
|poke|p2|Salamence, M|
|teampreview
|inactive|Battle timer is ON: inactive players will automatically lose when time's up. (requested by KokoroSenpai)
|
|t:|1668542872
|start
|switch|p1a: Zygarde|Zygarde|100/100
|switch|p2a: Smeargle|Smeargle, F|100/100
|turn|1
|
|t:|1668542877
|move|p1a: Zygarde|Substitute|p1a: Zygarde
|-start|p1a: Zygarde|Substitute
|-damage|p1a: Zygarde|76/100
|move|p2a: Smeargle|No Retreat|p2a: Smeargle
|-boost|p2a: Smeargle|atk|1
|-boost|p2a: Smeargle|def|1
|-boost|p2a: Smeargle|spa|1
|-boost|p2a: Smeargle|spd|1
|-boost|p2a: Smeargle|spe|1
|-start|p2a: Smeargle|move: No Retreat
|
|-heal|p1a: Zygarde|82/100|[from] item: Leftovers
|-ability|p2a: Smeargle|Moody|boost
|-boost|p2a: Smeargle|spe|2
|-unboost|p2a: Smeargle|spd|1
|upkeep
|turn|2
|
|t:|1668542894
|move|p2a: Smeargle|Baton Pass|p2a: Smeargle
|
|t:|1668542898
|switch|p2a: Necrozma|Necrozma-Dawn-Wings|100/100|[from]move: Baton Pass
|move|p1a: Zygarde|Glare|p2a: Necrozma
|-status|p2a: Necrozma|par
|
|-heal|p1a: Zygarde|88/100|[from] item: Leftovers
|upkeep
|turn|3
|
|t:|1668542907
|move|p1a: Zygarde|Dragon Dance|p1a: Zygarde
|-boost|p1a: Zygarde|atk|1
|-boost|p1a: Zygarde|spe|1
|move|p2a: Necrozma|Cosmic Power|p2a: Necrozma
|-boost|p2a: Necrozma|def|1
|-boost|p2a: Necrozma|spd|1
|
|-heal|p1a: Zygarde|94/100|[from] item: Leftovers
|upkeep
|turn|4
|
|t:|1668542915
|move|p1a: Zygarde|Dragon Dance|p1a: Zygarde
|-boost|p1a: Zygarde|atk|1
|-boost|p1a: Zygarde|spe|1
|cant|p2a: Necrozma|par
|
|-heal|p1a: Zygarde|99/100|[from] item: Leftovers
|upkeep
|turn|5
|
|t:|1668542921
|move|p1a: Zygarde|Dragon Dance|p1a: Zygarde
|-boost|p1a: Zygarde|atk|1
|-boost|p1a: Zygarde|spe|1
|move|p2a: Necrozma|Cosmic Power|p2a: Necrozma
|-boost|p2a: Necrozma|def|1
|-boost|p2a: Necrozma|spd|1
|
|-heal|p1a: Zygarde|100/100|[from] item: Leftovers
|upkeep
|turn|6
|
|t:|1668542929
|move|p1a: Zygarde|Dragon Dance|p1a: Zygarde
|-boost|p1a: Zygarde|atk|1
|-boost|p1a: Zygarde|spe|1
|cant|p2a: Necrozma|par
|
|upkeep
|turn|7
|
|t:|1668542935
|move|p1a: Zygarde|Dragon Dance|p1a: Zygarde
|-boost|p1a: Zygarde|atk|1
|-boost|p1a: Zygarde|spe|1
|cant|p2a: Necrozma|par
|
|upkeep
|turn|8
|
|t:|1668542940
|move|p1a: Zygarde|Dragon Dance|p1a: Zygarde
|-boost|p1a: Zygarde|atk|1
|-boost|p1a: Zygarde|spe|1
|move|p2a: Necrozma|Cosmic Power|p2a: Necrozma
|-boost|p2a: Necrozma|def|1
|-boost|p2a: Necrozma|spd|1
|
|upkeep
|turn|9
|
|t:|1668542946
|move|p1a: Zygarde|Thousand Arrows|p2a: Necrozma
|-damage|p2a: Necrozma|57/100 par
|move|p2a: Necrozma|Stored Power|p1a: Zygarde
|-end|p1a: Zygarde|Substitute
|
|upkeep
|turn|10
|
|t:|1668542958
|move|p1a: Zygarde|Substitute|p1a: Zygarde
|-start|p1a: Zygarde|Substitute
|-damage|p1a: Zygarde|76/100
|move|p2a: Necrozma|Stored Power|p1a: Zygarde
|-end|p1a: Zygarde|Substitute
|
|-heal|p1a: Zygarde|82/100|[from] item: Leftovers
|upkeep
|turn|11
|
|t:|1668542966
|move|p1a: Zygarde|Substitute|p1a: Zygarde
|-start|p1a: Zygarde|Substitute
|-damage|p1a: Zygarde|57/100
|move|p2a: Necrozma|Stored Power|p1a: Zygarde
|-end|p1a: Zygarde|Substitute
|
|-heal|p1a: Zygarde|63/100|[from] item: Leftovers
|upkeep
|turn|12
|
|t:|1668542972
|move|p1a: Zygarde|Substitute|p1a: Zygarde
|-start|p1a: Zygarde|Substitute
|-damage|p1a: Zygarde|38/100
|move|p2a: Necrozma|Moonlight|p2a: Necrozma
|-heal|p2a: Necrozma|100/100 par
|
|-heal|p1a: Zygarde|44/100|[from] item: Leftovers
|-activate|p1a: Zygarde|ability: Power Construct
|detailschange|p1a: Zygarde|Zygarde-Complete
|-heal|p1a: Zygarde|65/100|[silent]
|upkeep
|turn|13
|
|t:|1668542982
|move|p1a: Zygarde|Thousand Arrows|p2a: Necrozma
|-damage|p2a: Necrozma|61/100 par
|move|p2a: Necrozma|Cosmic Power|p2a: Necrozma
|-boost|p2a: Necrozma|def|1
|-boost|p2a: Necrozma|spd|1
|
|-heal|p1a: Zygarde|71/100|[from] item: Leftovers
|upkeep
|turn|14
|
|t:|1668542992
|move|p1a: Zygarde|Thousand Arrows|p2a: Necrozma
|-damage|p2a: Necrozma|24/100 par
|move|p2a: Necrozma|Moonlight|p2a: Necrozma
|-heal|p2a: Necrozma|74/100 par
|
|-heal|p1a: Zygarde|78/100|[from] item: Leftovers
|upkeep
|turn|15
|
|t:|1668543001
|move|p1a: Zygarde|Thousand Arrows|p2a: Necrozma
|-damage|p2a: Necrozma|37/100 par
|move|p2a: Necrozma|Moonlight|p2a: Necrozma
|-heal|p2a: Necrozma|87/100 par
|
|-heal|p1a: Zygarde|84/100|[from] item: Leftovers
|upkeep
|turn|16
|
|t:|1668543009
|move|p1a: Zygarde|Thousand Arrows|p2a: Necrozma
|-damage|p2a: Necrozma|53/100 par
|cant|p2a: Necrozma|par
|
|-heal|p1a: Zygarde|90/100|[from] item: Leftovers
|upkeep
|turn|17
|
|t:|1668543016
|move|p1a: Zygarde|Thousand Arrows|p2a: Necrozma
|-damage|p2a: Necrozma|18/100 par
|move|p2a: Necrozma|Moonlight|p2a: Necrozma
|-heal|p2a: Necrozma|68/100 par
|
|-heal|p1a: Zygarde|96/100|[from] item: Leftovers
|upkeep
|turn|18
|
|t:|1668543028
|move|p1a: Zygarde|Thousand Arrows|p2a: Necrozma
|-damage|p2a: Necrozma|35/100 par
|move|p2a: Necrozma|Stored Power|p1a: Zygarde
|-end|p1a: Zygarde|Substitute
|
|-heal|p1a: Zygarde|100/100|[from] item: Leftovers
|upkeep
|turn|19
|
|t:|1668543035
|move|p1a: Zygarde|Substitute|p1a: Zygarde
|-start|p1a: Zygarde|Substitute
|-damage|p1a: Zygarde|76/100
|move|p2a: Necrozma|Moonlight|p2a: Necrozma
|-heal|p2a: Necrozma|85/100 par
|
|-heal|p1a: Zygarde|82/100|[from] item: Leftovers
|upkeep
|turn|20
|
|t:|1668543043
|move|p1a: Zygarde|Thousand Arrows|p2a: Necrozma
|-damage|p2a: Necrozma|49/100 par
|move|p2a: Necrozma|Cosmic Power|p2a: Necrozma
|-boost|p2a: Necrozma|def|1
|-boost|p2a: Necrozma|spd|1
|
|-heal|p1a: Zygarde|88/100|[from] item: Leftovers
|upkeep
|turn|21
|
|t:|1668543051
|move|p1a: Zygarde|Thousand Arrows|p2a: Necrozma
|-crit|p2a: Necrozma
|-damage|p2a: Necrozma|0 fnt
|faint|p2a: Necrozma
|
|-heal|p1a: Zygarde|94/100|[from] item: Leftovers
|upkeep
|-message|WhiteCapeMarth forfeited.
|
|win|KokoroSenpai
|raw|KokoroSenpai's rating: 1617 &rarr; <strong>1638</strong><br />(+21 for winning)
|raw|WhiteCapeMarth's rating: 1632 &rarr; <strong>1611</strong><br />(-21 for losing)
|l|☆WhiteCapeMarth
||Ladder isn't responding, score probably updated but might not have (Request timeout).
