|j|☆cosmowarriorzero
|j|‽ChunkyRat
|t:|1604991472
|player|p1|cosmowarriorzero|102|1680
|player|p2|ChunkyRat|policeman|1693
|teamsize|p1|6
|teamsize|p2|6
|gametype|singles
|gen|8
|tier|[Gen 8] National Dex AG
|rated|
|clearpoke
|poke|p1|Arceus-*|
|poke|p1|Arceus-*|
|poke|p1|Arceus-*|
|poke|p1|Arceus-*|
|poke|p1|Arceus-*|
|poke|p1|Ditto|
|poke|p2|Lugia|
|poke|p2|Groudon|
|poke|p2|Necrozma-Dusk-Mane|
|poke|p2|Kyurem-White|
|poke|p2|Rayquaza|
|poke|p2|Calyrex-Shadow|
|rule|HP Percentage Mod: HP is shown in percentages
|rule|Endless Battle Clause: Forcing endless battles is banned
|teampreview
|inactive|Battle timer is ON: inactive players will automatically lose when time's up. (requested by ChunkyRat)
|
|t:|1604991480
|start
|switch|p1a: Arceus|Arceus-Ground|100/100
|switch|p2a: Groudon|Groudon|100/100
|detailschange|p2a: Groudon|Groudon-Primal
|-primal|p2a: Groudon
|-weather|DesolateLand|[from] ability: Desolate Land|[of] p2a: Groudon
|turn|1
|
|t:|1604991494
|-weather|none
|switch|p2a: Kyurem|Kyurem-White|100/100
|-ability|p2a: Kyurem|Turboblaze
|move|p1a: Arceus|Stealth Rock|p2a: Kyurem
|-sidestart|p2: ChunkyRat|move: Stealth Rock
|
|upkeep
|turn|2
|
|t:|1604991504
|move|p2a: Kyurem|Ice Beam|p1a: Arceus
|-supereffective|p1a: Arceus
|-damage|p1a: Arceus|9/100
|move|p1a: Arceus|Gravity|p1a: Arceus
|-fieldstart|move: Gravity
|
|upkeep
|turn|3
|
|t:|1604991510
|move|p2a: Kyurem|Ice Beam|p1a: Arceus
|-supereffective|p1a: Arceus
|-damage|p1a: Arceus|0 fnt
|faint|p1a: Arceus
|
|upkeep
|
|t:|1604991528
|switch|p1a: Arceus|Arceus-Ground|100/100
|turn|4
|
|t:|1604991533
|move|p2a: Kyurem|Ice Beam|p1a: Arceus
|-supereffective|p1a: Arceus
|-damage|p1a: Arceus|20/100
|-zpower|p1a: Arceus
|move|p1a: Arceus|Tectonic Rage|p2a: Kyurem|[zeffect]
|-damage|p2a: Kyurem|5/100
|
|upkeep
|turn|5
|
|t:|1604991542
|move|p1a: Arceus|Extreme Speed|p2a: Kyurem
|-damage|p2a: Kyurem|0 fnt
|faint|p2a: Kyurem
|
|upkeep
|
|t:|1604991548
|switch|p2a: Rayquaza|Rayquaza|100/100
|-damage|p2a: Rayquaza|75/100|[from] Stealth Rock
|-ability|p2a: Rayquaza|Air Lock
|turn|6
|
|t:|1604991558
|detailschange|p2a: Rayquaza|Rayquaza-Mega
|-mega|p2a: Rayquaza|Rayquaza|
|-weather|DeltaStream|[from] ability: Delta Stream|[of] p2a: Rayquaza
|move|p2a: Rayquaza|Extreme Speed|p1a: Arceus
|-damage|p1a: Arceus|0 fnt
|faint|p1a: Arceus
|
|-weather|DeltaStream|[upkeep]
|-fieldend|move: Gravity
|upkeep
|inactive|cosmowarriorzero has 120 seconds left.
|
|t:|1604991592
|switch|p1a: Ditto|Ditto|100/100
|-transform|p1a: Ditto|p2a: Rayquaza|[from] ability: Imposter
|turn|7
|inactive|cosmowarriorzero has 120 seconds left.
|
|t:|1604991604
|switch|p2a: Lugia|Lugia|100/100
|move|p1a: Ditto|Dragon Ascent|p2a: Lugia
|-damage|p2a: Lugia|81/100
|-unboost|p1a: Ditto|def|1
|-unboost|p1a: Ditto|spd|1
|
|-weather|DeltaStream|[upkeep]
|upkeep
|turn|8
|inactive|cosmowarriorzero has 120 seconds left.
|
|t:|1604991625
|-weather|none
|switch|p1a: Arceus|Arceus-Ground|100/100
|move|p2a: Lugia|Thunder Wave|p1a: Arceus
|-immune|p1a: Arceus
|
|upkeep
|turn|9
|
|t:|1604991635
|move|p1a: Arceus|Swords Dance|p1a: Arceus
|-boost|p1a: Arceus|atk|2
|move|p2a: Lugia|Defog|p1a: Arceus
|-unboost|p1a: Arceus|evasion|1
|-sideend|p2: ChunkyRat|Stealth Rock|[from] move: Defog|[of] p2a: Lugia
|
|upkeep
|turn|10
|
|t:|1604991654
|move|p1a: Arceus|Stone Edge|p2a: Lugia
|-supereffective|p2a: Lugia
|-damage|p2a: Lugia|10/100
|move|p2a: Lugia|Roar|p1a: Arceus
|drag|p1a: Arceus|Arceus-Ground|100/100
|
|upkeep
|turn|11
|
|t:|1604991664
|move|p1a: Arceus|Stone Edge|p2a: Lugia
|-supereffective|p2a: Lugia
|-damage|p2a: Lugia|0 fnt
|faint|p2a: Lugia
|
|upkeep
|
|t:|1604991671
|switch|p2a: Groudon|Groudon-Primal|100/100
|-weather|DesolateLand|[from] ability: Desolate Land|[of] p2a: Groudon
|turn|12
|
|t:|1604991685
|move|p1a: Arceus|Earthquake|p2a: Groudon
|-supereffective|p2a: Groudon
|-damage|p2a: Groudon|9/100
|move|p2a: Groudon|Stealth Rock|p1a: Arceus
|-sidestart|p1: cosmowarriorzero|move: Stealth Rock
|
|-weather|DesolateLand|[upkeep]
|upkeep
|turn|13
|
|t:|1604991698
|move|p1a: Arceus|Earthquake|p2a: Groudon
|-supereffective|p2a: Groudon
|-damage|p2a: Groudon|0 fnt
|faint|p2a: Groudon
|-weather|none
|
|upkeep
|
|t:|1604991702
|switch|p2a: Rayquaza|Rayquaza-Mega|75/100
|-weather|DeltaStream|[from] ability: Delta Stream|[of] p2a: Rayquaza
|turn|14
|
|t:|1604991722
|move|p2a: Rayquaza|Dragon Ascent|p1a: Arceus
|-crit|p1a: Arceus
|-damage|p1a: Arceus|3/100
|-unboost|p2a: Rayquaza|def|1
|-unboost|p2a: Rayquaza|spd|1
|move|p1a: Arceus|Stone Edge|p2a: Rayquaza
|-activate||deltastream
|-crit|p2a: Rayquaza
|-damage|p2a: Rayquaza|0 fnt
|faint|p2a: Rayquaza
|-weather|none
|
|upkeep
|
|t:|1604991727
|switch|p2a: Calyrex|Calyrex-Shadow|100/100
|-ability|p2a: Calyrex|As One
|-ability|p2a: Calyrex|Unnerve|p1: cosmowarriorzero
|turn|15
|
|t:|1604991739
|move|p2a: Calyrex|Astral Barrage|p1a: Arceus
|-damage|p1a: Arceus|0 fnt
|faint|p1a: Arceus
|-ability|p2a: Calyrex|Grim Neigh|boost
|-boost|p2a: Calyrex|spa|1
|
|upkeep
|
|t:|1604991755
|switch|p1a: Arceus|Arceus-Ground|100/100
|-damage|p1a: Arceus|94/100|[from] Stealth Rock
|turn|16
|
|t:|1604991767
|-start|p1a: Arceus|Dynamax
|-heal|p1a: Arceus|94/100|[silent]
|move|p2a: Calyrex|Astral Barrage|p1a: Arceus
|-damage|p1a: Arceus|53/100
|move|p1a: Arceus|Max Quake|p2a: Calyrex
|-crit|p2a: Calyrex
|-enditem|p2a: Calyrex|Focus Sash
|-damage|p2a: Calyrex|1/100
|-boost|p1a: Arceus|spd|1
|
|upkeep
|turn|17
|inactive|cosmowarriorzero has 90 seconds left.
|inactive|ChunkyRat has 120 seconds left.
|
|t:|1604991810
|-start|p2a: Calyrex|Dynamax
|-heal|p2a: Calyrex|1/100|[silent]
|move|p2a: Calyrex|Max Overgrowth|p1a: Arceus
|-supereffective|p1a: Arceus
|-damage|p1a: Arceus|13/100
|-fieldstart|move: Grassy Terrain
|move|p1a: Arceus|Max Strike|p2a: Calyrex
|-immune|p2a: Calyrex
|
|-heal|p2a: Calyrex|4/100|[from] Grassy Terrain
|-heal|p1a: Arceus|16/100|[from] Grassy Terrain
|upkeep
|turn|18
|inactive|ChunkyRat has 120 seconds left.
|
|t:|1604991825
|move|p2a: Calyrex|Max Phantasm|p1a: Arceus
|-damage|p1a: Arceus|0 fnt
|faint|p1a: Arceus
|-ability|p2a: Calyrex|Grim Neigh|boost
|-boost|p2a: Calyrex|spa|1
|
|-heal|p2a: Calyrex|7/100|[from] Grassy Terrain
|upkeep
|
|t:|1604991834
|switch|p1a: Ditto|Ditto|100/100
|-damage|p1a: Ditto|88/100|[from] Stealth Rock
|-transform|p1a: Ditto|p2a: Calyrex|[from] ability: Imposter
|turn|19
|
|t:|1604991842
|move|p1a: Ditto|Astral Barrage|p2a: Calyrex
|-supereffective|p2a: Calyrex
|-damage|p2a: Calyrex|0 fnt
|faint|p2a: Calyrex
|-ability|p1a: Ditto|Grim Neigh|boost
|-boost|p1a: Ditto|spa|1
|
|-heal|p1a: Ditto|94/100|[from] Grassy Terrain
|upkeep
|
|t:|1604991844
|switch|p2a: Necrozma|Necrozma-Dusk-Mane|100/100
|turn|20
|inactive|cosmowarriorzero has 90 seconds left.
|l|‽ChunkyRat
|inactive|ChunkyRat disconnected and has a minute to reconnect!
|player|p2|
|
|t:|1604991854
|move|p1a: Ditto|Astral Barrage|p2a: Necrozma
|-supereffective|p2a: Necrozma
|-damage|p2a: Necrozma|0 fnt
|faint|p2a: Necrozma
|
|win|cosmowarriorzero
|raw|cosmowarriorzero's rating: 1681 &rarr; <strong>1701</strong><br />(+20 for winning)
|raw|ChunkyRat's rating: 1694 &rarr; <strong>1673</strong><br />(-21 for losing)
