|j|☆defame TV
|j|☆CLEAR GEM清瑜
|t:|1661785979
|gametype|singles
|player|p1|defame TV|hilbert-wonderlauncher|1705
|player|p2|CLEAR GEM清瑜|skierf|1795
|teamsize|p1|6
|teamsize|p2|6
|gen|8
|tier|[Gen 8] National Dex AG
|rated|
|rule|HP Percentage Mod: HP is shown in percentages
|rule|Endless Battle Clause: Forcing endless battles is banned
|clearpoke
|poke|p1|Excadrill, M|
|poke|p1|Rayquaza|
|poke|p1|Yveltal|
|poke|p1|Arceus-*|
|poke|p1|Marshadow|
|poke|p1|Regieleki|
|poke|p2|Rayquaza|
|poke|p2|Groudon|
|poke|p2|Necrozma-Dusk-Mane|
|poke|p2|Arceus-*|
|poke|p2|Arceus-*|
|poke|p2|Arceus-*|
|teampreview
|inactive|Battle timer is ON: inactive players will automatically lose when time's up. (requested by CLEAR GEM清瑜)
|
|t:|1661785986
|start
|switch|p1a: Excadrill|Excadrill, M, shiny|100/100
|switch|p2a: 究极辅助|Arceus-Dark|100/100
|-ability|p1a: Excadrill|Mold Breaker
|turn|1
|
|t:|1661785997
|move|p2a: 究极辅助|Magic Coat|p2a: 究极辅助
|-singleturn|p2a: 究极辅助|move: Magic Coat
|move|p1a: Excadrill|Toxic|p2a: 究极辅助
|move|p2a: 究极辅助|Toxic|p1a: Excadrill|[from]Magic Coat
|-immune|p1a: Excadrill
|
|upkeep
|turn|2
|
|t:|1661786004
|move|p2a: 究极辅助|Magic Coat|p2a: 究极辅助
|-singleturn|p2a: 究极辅助|move: Magic Coat
|move|p1a: Excadrill|Toxic|p2a: 究极辅助
|move|p2a: 究极辅助|Toxic|p1a: Excadrill|[from]Magic Coat
|-immune|p1a: Excadrill
|
|upkeep
|turn|3
|
|t:|1661786010
|switch|p2a: 钢铁之躯|Necrozma-Dusk-Mane|100/100
|move|p1a: Excadrill|Toxic|p2a: 钢铁之躯
|-immune|p2a: 钢铁之躯
|
|upkeep
|turn|4
|
|t:|1661786014
|move|p1a: Excadrill|Earthquake|p2a: 钢铁之躯
|-supereffective|p2a: 钢铁之躯
|-damage|p2a: 钢铁之躯|46/100
|move|p2a: 钢铁之躯|Earthquake|p1a: Excadrill
|-supereffective|p1a: Excadrill
|-enditem|p1a: Excadrill|Focus Sash
|-damage|p1a: Excadrill|1/100
|
|upkeep
|turn|5
|
|t:|1661786027
|detailschange|p2a: 钢铁之躯|Necrozma-Ultra
|-burst|p2a: 钢铁之躯|Necrozma|Ultranecrozium Z
|move|p1a: Excadrill|Earthquake|p2a: 钢铁之躯
|-damage|p2a: 钢铁之躯|0 fnt
|faint|p2a: 钢铁之躯
|
|upkeep
|
|t:|1661786034
|switch|p2a: 乱杀P古|Arceus-Ground|100/100
|turn|6
|
|t:|1661786039
|move|p2a: 乱杀P古|Judgment|p1a: Excadrill
|-supereffective|p1a: Excadrill
|-damage|p1a: Excadrill|0 fnt
|faint|p1a: Excadrill
|
|upkeep
|
|t:|1661786059
|switch|p1a: Arceus|Arceus-Electric|100/100
|turn|7
|
|t:|1661786062
|move|p1a: Arceus|Ice Beam|p2a: 乱杀P古
|-supereffective|p2a: 乱杀P古
|-damage|p2a: 乱杀P古|58/100
|move|p2a: 乱杀P古|Judgment|p1a: Arceus
|-supereffective|p1a: Arceus
|-damage|p1a: Arceus|9/100
|
|upkeep
|turn|8
|
|t:|1661786070
|move|p1a: Arceus|Ice Beam|p2a: 乱杀P古
|-supereffective|p2a: 乱杀P古
|-damage|p2a: 乱杀P古|14/100
|move|p2a: 乱杀P古|Judgment|p1a: Arceus
|-supereffective|p1a: Arceus
|-damage|p1a: Arceus|0 fnt
|faint|p1a: Arceus
|
|upkeep
|
|t:|1661786078
|switch|p1a: Rayquaza|Rayquaza|100/100
|-ability|p1a: Rayquaza|Air Lock
|turn|9
|
|t:|1661786087
|detailschange|p1a: Rayquaza|Rayquaza-Mega
|-mega|p1a: Rayquaza|Rayquaza|
|-weather|DeltaStream|[from] ability: Delta Stream|[of] p1a: Rayquaza
|move|p1a: Rayquaza|Extreme Speed|p2a: 乱杀P古
|-damage|p2a: 乱杀P古|0 fnt
|faint|p2a: 乱杀P古
|
|-weather|DeltaStream|[upkeep]
|upkeep
|
|t:|1661786098
|switch|p2a: 不会(?)|Groudon|100/100
|detailschange|p2a: 不会(?)|Groudon-Primal
|-primal|p2a: 不会(?)
|-weather|DesolateLand|[from] ability: Desolate Land|[of] p2a: 不会(?)
|turn|10
|
|t:|1661786104
|move|p1a: Rayquaza|Dragon Ascent|p2a: 不会(?)
|-damage|p2a: 不会(?)|59/100
|-unboost|p1a: Rayquaza|def|1
|-unboost|p1a: Rayquaza|spd|1
|move|p2a: 不会(?)|Heat Crash|p1a: Rayquaza
|-resisted|p1a: Rayquaza
|-damage|p1a: Rayquaza|56/100
|
|-weather|DesolateLand|[upkeep]
|upkeep
|turn|11
|
|t:|1661786116
|move|p1a: Rayquaza|Extreme Speed|p2a: 不会(?)
|-damage|p2a: 不会(?)|40/100
|move|p2a: 不会(?)|Stealth Rock|p1a: Rayquaza
|-sidestart|p1: defame TV|move: Stealth Rock
|
|-weather|DesolateLand|[upkeep]
|upkeep
|turn|12
|
|t:|1661786122
|move|p1a: Rayquaza|Dragon Ascent|p2a: 不会(?)
|-crit|p2a: 不会(?)
|-damage|p2a: 不会(?)|0 fnt
|-unboost|p1a: Rayquaza|def|1
|-unboost|p1a: Rayquaza|spd|1
|faint|p2a: 不会(?)
|-weather|none
|
|upkeep
|
|t:|1661786141
|switch|p2a: 烈龙无敌|Rayquaza, shiny|100/100
|-ability|p2a: 烈龙无敌|Air Lock
|turn|13
|
|t:|1661786152
|switch|p1a: Marshadow|Marshadow|100/100
|-damage|p1a: Marshadow|94/100|[from] Stealth Rock
|detailschange|p2a: 烈龙无敌|Rayquaza-Mega, shiny
|-mega|p2a: 烈龙无敌|Rayquaza|
|-weather|DeltaStream|[from] ability: Delta Stream|[of] p2a: 烈龙无敌
|move|p2a: 烈龙无敌|Dragon Dance|p2a: 烈龙无敌
|-boost|p2a: 烈龙无敌|atk|1
|-boost|p2a: 烈龙无敌|spe|1
|
|-weather|DeltaStream|[upkeep]
|upkeep
|turn|14
|
|t:|1661786173
|move|p2a: 烈龙无敌|Dragon Ascent|p1a: Marshadow
|-supereffective|p1a: Marshadow
|-damage|p1a: Marshadow|0 fnt
|-unboost|p2a: 烈龙无敌|def|1
|-unboost|p2a: 烈龙无敌|spd|1
|faint|p1a: Marshadow
|
|-weather|DeltaStream|[upkeep]
|upkeep
|
|t:|1661786180
|switch|p1a: Regieleki|Regieleki, shiny|100/100
|-damage|p1a: Regieleki|88/100|[from] Stealth Rock
|turn|15
|
|t:|1661786201
|-start|p1a: Regieleki|Dynamax|
|-heal|p1a: Regieleki|88/100|[silent]
|move|p1a: Regieleki|Max Strike|p2a: 烈龙无敌
|-damage|p2a: 烈龙无敌|9/100
|-unboost|p2a: 烈龙无敌|spe|1
|-damage|p1a: Regieleki|83/100|[from] item: Life Orb
|move|p2a: 烈龙无敌|Earthquake|p1a: Regieleki
|-supereffective|p1a: Regieleki
|-damage|p1a: Regieleki|0 fnt
|faint|p1a: Regieleki
|
|-weather|DeltaStream|[upkeep]
|upkeep
|
|t:|1661786212
|switch|p1a: Rayquaza|Rayquaza-Mega|56/100
|-damage|p1a: Rayquaza|31/100|[from] Stealth Rock
|turn|16
|
|t:|1661786216
|move|p1a: Rayquaza|Extreme Speed|p2a: 烈龙无敌
|-damage|p2a: 烈龙无敌|0 fnt
|faint|p2a: 烈龙无敌
|
|-weather|DeltaStream|[upkeep]
|upkeep
|
|t:|1661786220
|switch|p2a: 悬空羊驼|Arceus-Flying|100/100
|turn|17
|
|t:|1661786229
|-start|p2a: 悬空羊驼|Dynamax|
|-heal|p2a: 悬空羊驼|100/100|[silent]
|move|p1a: Rayquaza|Dragon Ascent|p2a: 悬空羊驼
|-damage|p2a: 悬空羊驼|74/100
|-unboost|p1a: Rayquaza|def|1
|-unboost|p1a: Rayquaza|spd|1
|move|p2a: 悬空羊驼|Max Airstream|p1a: Rayquaza
|-damage|p1a: Rayquaza|0 fnt
|-boost|p2a: 悬空羊驼|spe|1
|faint|p1a: Rayquaza
|-weather|none
|
|upkeep
|-message|defame TV forfeited.
|
|win|CLEAR GEM清瑜
|raw|defame TV's rating: 1705 &rarr; <strong>1690</strong><br />(-15 for losing)
|raw|CLEAR GEM清瑜's rating: 1795 &rarr; <strong>1810</strong><br />(+15 for winning)
|l|☆defame TV
||Ladder isn't responding, score probably updated but might not have (Request timeout).
