|j|☆xLeonisx
|j|☆Freeity
|t:|1649890103
|gametype|singles
|player|p1|xLeonisx|265|1681
|player|p2|Freeity|iris-gen5bw2|1822
|teamsize|p1|6
|teamsize|p2|6
|gen|8
|tier|[Gen 8] National Dex AG
|rated|
|rule|HP Percentage Mod: HP is shown in percentages
|rule|Endless Battle Clause: Forcing endless battles is banned
|clearpoke
|poke|p1|Kyogre|
|poke|p1|Arceus-*|
|poke|p1|Lugia|
|poke|p1|Calyrex-Shadow|
|poke|p1|Deoxys-Speed|
|poke|p1|Zacian-*|
|poke|p2|Arceus-*|
|poke|p2|Rayquaza|
|poke|p2|Arceus-*|
|poke|p2|Necrozma-Dusk-Mane|
|poke|p2|Kyogre|
|poke|p2|Arceus-*|
|teampreview
|j| sqwuh
|c|☆xLeonisx|i see
|inactive|Battle timer is ON: inactive players will automatically lose when time's up. (requested by xLeonisx)
|c|☆Freeity|i'm gonna quit the game
|c|☆xLeonisx|fairy
|c|☆xLeonisx|dark
|c|☆xLeonisx|ground
|c|☆xLeonisx|so i remember
|c| sqwuh|bruh wtf is that
|c|☆Freeity|what
|c|☆xLeonisx|ur arceus types
|inactive|xLeonisx has 120 seconds left.
|
|t:|1649890146
|start
|switch|p1a: Deoxys|Deoxys-Speed|100/100
|switch|p2a: Rayquaza|Rayquaza|100/100
|-ability|p1a: Deoxys|Pressure
|-ability|p2a: Rayquaza|Air Lock
|turn|1
|
|t:|1649890151
|detailschange|p2a: Rayquaza|Rayquaza-Mega
|-mega|p2a: Rayquaza|Rayquaza|
|-weather|DeltaStream|[from] ability: Delta Stream|[of] p2a: Rayquaza
|move|p1a: Deoxys|Stealth Rock|p2a: Rayquaza
|-sidestart|p2: Freeity|move: Stealth Rock
|move|p2a: Rayquaza|Scale Shot|p1a: Deoxys
|-damage|p1a: Deoxys|64/100
|-damage|p1a: Deoxys|29/100
|-damage|p1a: Deoxys|0 fnt
|faint|p1a: Deoxys
|-hitcount|p1: Deoxys|3
|-unboost|p2a: Rayquaza|def|1
|-boost|p2a: Rayquaza|spe|1
|-damage|p2a: Rayquaza|91/100|[from] item: Life Orb
|
|-weather|DeltaStream|[upkeep]
|upkeep
|
|t:|1649890161
|switch|p1a: Lugia|Lugia|100/100
|turn|2
|
|t:|1649890166
|move|p2a: Rayquaza|Scale Shot|p1a: Lugia
|-damage|p1a: Lugia|94/100
|-damage|p1a: Lugia|80/100
|-damage|p1a: Lugia|65/100
|-damage|p1a: Lugia|51/100
|-damage|p1a: Lugia|37/100
|-hitcount|p1a: Lugia|5
|-unboost|p2a: Rayquaza|def|1
|-boost|p2a: Rayquaza|spe|1
|-damage|p2a: Rayquaza|81/100|[from] item: Life Orb
|move|p1a: Lugia|Thunder Wave|p2a: Rayquaza|[miss]
|-miss|p1a: Lugia|p2a: Rayquaza
|
|-weather|DeltaStream|[upkeep]
|upkeep
|turn|3
|
|t:|1649890176
|switch|p1a: Zacian|Zacian-Crowned|100/100
|-ability|p1a: Zacian|Intrepid Sword|boost
|-boost|p1a: Zacian|atk|1
|move|p2a: Rayquaza|Dragon Ascent|p1a: Zacian
|-resisted|p1a: Zacian
|-damage|p1a: Zacian|53/100
|-unboost|p2a: Rayquaza|def|1
|-unboost|p2a: Rayquaza|spd|1
|-damage|p2a: Rayquaza|71/100|[from] item: Life Orb
|
|-weather|DeltaStream|[upkeep]
|upkeep
|turn|4
|c|☆Freeity|i don't want to lose
|
|t:|1649890186
|move|p2a: Rayquaza|V-create|p1a: Zacian
|-supereffective|p1a: Zacian
|-damage|p1a: Zacian|0 fnt
|-unboost|p2a: Rayquaza|spe|1
|-unboost|p2a: Rayquaza|def|1
|-unboost|p2a: Rayquaza|spd|1
|faint|p1a: Zacian
|-damage|p2a: Rayquaza|61/100|[from] item: Life Orb
|
|-weather|DeltaStream|[upkeep]
|upkeep
|
|t:|1649890196
|switch|p1a: Calyrex|Calyrex-Shadow|100/100
|-ability|p1a: Calyrex|As One
|-ability|p1a: Calyrex|Unnerve
|turn|5
|
|t:|1649890205
|-start|p1a: Calyrex|Dynamax|
|-heal|p1a: Calyrex|100/100|[silent]
|move|p2a: Rayquaza|Dragon Ascent|p1a: Calyrex
|-damage|p1a: Calyrex|41/100
|-unboost|p2a: Rayquaza|def|1
|-unboost|p2a: Rayquaza|spd|1
|-damage|p2a: Rayquaza|51/100|[from] item: Life Orb
|move|p1a: Calyrex|Max Starfall|p2a: Rayquaza
|-supereffective|p2a: Rayquaza
|-damage|p2a: Rayquaza|0 fnt
|-fieldstart|move: Misty Terrain
|faint|p2a: Rayquaza
|-weather|none
|-ability|p1a: Calyrex|Grim Neigh|boost
|-boost|p1a: Calyrex|spa|1
|
|upkeep
|
|t:|1649890215
|switch|p2a: Arceus|Arceus-Dark|100/100
|-damage|p2a: Arceus|88/100|[from] Stealth Rock
|turn|6
|
|t:|1649890219
|-start|p2a: Arceus|Dynamax|
|-heal|p2a: Arceus|88/100|[silent]
|move|p1a: Calyrex|Max Starfall|p2a: Arceus
|-supereffective|p2a: Arceus
|-damage|p2a: Arceus|57/100
|move|p2a: Arceus|Max Darkness|p1a: Calyrex
|-supereffective|p1a: Calyrex
|-damage|p1a: Calyrex|0 fnt
|faint|p1a: Calyrex
|
|upkeep
|
|t:|1649890222
|switch|p1a: Arceus|Arceus|100/100
|turn|7
|
|t:|1649890224
|move|p1a: Arceus|Swords Dance|p1a: Arceus
|-boost|p1a: Arceus|atk|2
|move|p2a: Arceus|Max Darkness|p1a: Arceus
|-damage|p1a: Arceus|44/100
|-unboost|p1a: Arceus|spd|1
|
|upkeep
|turn|8
|
|t:|1649890227
|move|p1a: Arceus|Extreme Speed|p2a: Arceus
|-damage|p2a: Arceus|22/100
|-damage|p1a: Arceus|34/100|[from] item: Life Orb
|move|p2a: Arceus|Max Darkness|p1a: Arceus
|-damage|p1a: Arceus|0 fnt
|faint|p1a: Arceus
|
|-end|p2a: Arceus|Dynamax
|-heal|p2a: Arceus|22/100|[silent]
|upkeep
|
|t:|1649890230
|switch|p1a: Kyogre|Kyogre|100/100
|detailschange|p1a: Kyogre|Kyogre-Primal
|-primal|p1a: Kyogre
|-weather|PrimordialSea|[from] ability: Primordial Sea|[of] p1a: Kyogre
|turn|9
|
|t:|1649890240
|move|p1a: Kyogre|Origin Pulse|p2a: Arceus
|-damage|p2a: Arceus|0 fnt
|faint|p2a: Arceus
|
|-weather|PrimordialSea|[upkeep]
|-fieldend|Misty Terrain
|upkeep
|c|☆xLeonisx|ur good u win
|
|t:|1649890244
|switch|p2a: Arceus|Arceus-Fairy|100/100
|-damage|p2a: Arceus|88/100|[from] Stealth Rock
|turn|10
|
|t:|1649890249
|move|p2a: Arceus|Judgment|p1a: Kyogre
|-damage|p1a: Kyogre|66/100
|move|p1a: Kyogre|Origin Pulse|p2a: Arceus
|-damage|p2a: Arceus|16/100
|
|-weather|PrimordialSea|[upkeep]
|upkeep
|turn|11
|
|t:|1649890261
|move|p2a: Arceus|Judgment|p1a: Kyogre
|-damage|p1a: Kyogre|35/100
|move|p1a: Kyogre|Origin Pulse|p2a: Arceus
|-damage|p2a: Arceus|0 fnt
|faint|p2a: Arceus
|
|-weather|PrimordialSea|[upkeep]
|upkeep
|
|t:|1649890275
|switch|p2a: Kyogre|Kyogre|100/100
|-damage|p2a: Kyogre|88/100|[from] Stealth Rock
|detailschange|p2a: Kyogre|Kyogre-Primal
|-primal|p2a: Kyogre
|turn|12
|
|t:|1649890278
|move|p1a: Kyogre|Thunder|p2a: Kyogre
|-supereffective|p2a: Kyogre
|-damage|p2a: Kyogre|34/100
|-status|p2a: Kyogre|par
|move|p2a: Kyogre|Calm Mind|p2a: Kyogre
|-boost|p2a: Kyogre|spa|1
|-boost|p2a: Kyogre|spd|1
|
|-weather|PrimordialSea|[upkeep]
|upkeep
|turn|13
|c|☆xLeonisx|damn
|
|t:|1649890285
|move|p1a: Kyogre|Thunder|p2a: Kyogre
|-supereffective|p2a: Kyogre
|-damage|p2a: Kyogre|0 fnt
|faint|p2a: Kyogre
|
|-weather|PrimordialSea|[upkeep]
|upkeep
|c|☆Freeity|fucking useless ass whale
|
|t:|1649890293
|switch|p2a: Arceus|Arceus-Ground|100/100
|-damage|p2a: Arceus|94/100|[from] Stealth Rock
|turn|14
|c|☆Freeity|i'm gonna kms if this arceus doesn't do its fucking job
|
|t:|1649890307
|-weather|none
|switch|p1a: Lugia|Lugia|37/100
|move|p2a: Arceus|Judgment|p1a: Lugia
|-immune|p1a: Lugia
|
|upkeep
|turn|15
|
|t:|1649890311
|move|p1a: Lugia|Roost|p1a: Lugia
|-heal|p1a: Lugia|87/100
|-singleturn|p1a: Lugia|move: Roost
|move|p2a: Arceus|Ice Beam|p1a: Lugia
|-damage|p1a: Lugia|74/100
|
|upkeep
|turn|16
|
|t:|1649890314
|move|p1a: Lugia|Roost|p1a: Lugia
|-heal|p1a: Lugia|100/100
|-singleturn|p1a: Lugia|move: Roost
|move|p2a: Arceus|Ice Beam|p1a: Lugia
|-damage|p1a: Lugia|94/100
|
|upkeep
|turn|17
|
|t:|1649890318
|move|p2a: Arceus|Ice Beam|p1a: Lugia
|-supereffective|p1a: Lugia
|-damage|p1a: Lugia|69/100
|move|p1a: Lugia|Whirlwind|p2a: Arceus
|drag|p2a: Necrozma|Necrozma-Dusk-Mane|100/100
|-damage|p2a: Necrozma|94/100|[from] Stealth Rock
|
|upkeep
|turn|18
|
|t:|1649890323
|move|p1a: Lugia|Thunder Wave|p2a: Necrozma
|-status|p2a: Necrozma|par
|move|p2a: Necrozma|Stealth Rock|p1a: Lugia
|-sidestart|p1: xLeonisx|move: Stealth Rock
|
|upkeep
|turn|19
|
|t:|1649890328
|move|p2a: Necrozma|Knock Off|p1a: Lugia
|-supereffective|p1a: Lugia
|-damage|p1a: Lugia|27/100
|-enditem|p1a: Lugia|Heavy-Duty Boots|[from] move: Knock Off|[of] p2a: Necrozma
|move|p1a: Lugia|Whirlwind|p2a: Necrozma
|drag|p2a: Arceus|Arceus-Ground|94/100
|-damage|p2a: Arceus|88/100|[from] Stealth Rock
|
|upkeep
|turn|20
|
|t:|1649890332
|move|p2a: Arceus|Ice Beam|p1a: Lugia
|-supereffective|p1a: Lugia
|-damage|p1a: Lugia|0 fnt
|faint|p1a: Lugia
|
|upkeep
|
|t:|1649890335
|switch|p1a: Kyogre|Kyogre-Primal|35/100
|-damage|p1a: Kyogre|23/100|[from] Stealth Rock
|-weather|PrimordialSea|[from] ability: Primordial Sea|[of] p1a: Kyogre
|turn|21
|c|☆Freeity|sigh
|c|☆Freeity|thank the lord
|c|☆xLeonisx|u have e speed
|c|☆Freeity|i'm going to go pray in thanks after this
|
|t:|1649890356
|move|p2a: Arceus|Judgment|p1a: Kyogre
|-damage|p1a: Kyogre|0 fnt
|faint|p1a: Kyogre
|-weather|none
|
|win|Freeity
|raw|xLeonisx's rating: 1681 &rarr; <strong>1669</strong><br />(-12 for losing)
|raw|Freeity's rating: 1822 &rarr; <strong>1834</strong><br />(+12 for winning)
|c|☆xLeonisx|lol
|l| sqwuh
|l|☆xLeonisx
||Ladder isn't responding, score probably updated but might not have (Request timeout).
