|j|☆chopforce8
|j|☆CLEAR GEM清瑜
|t:|1662825134
|gametype|singles
|player|p1|chopforce8|red|1826
|player|p2|CLEAR GEM清瑜|skierf|1918
|teamsize|p1|6
|teamsize|p2|6
|gen|8
|tier|[Gen 8] National Dex AG
|rated|
|rule|HP Percentage Mod: HP is shown in percentages
|rule|Endless Battle Clause: Forcing endless battles is banned
|clearpoke
|poke|p1|Yveltal|
|poke|p1|Diancie|
|poke|p1|Calyrex-Shadow|
|poke|p1|Zacian-*|
|poke|p1|Ditto|
|poke|p1|Arceus-*|
|poke|p2|Rayquaza|
|poke|p2|Groudon|
|poke|p2|Necrozma-Dusk-Mane|
|poke|p2|Arceus-*|
|poke|p2|Arceus-*|
|poke|p2|Arceus-*|
|teampreview
|inactive|Battle timer is ON: inactive players will automatically lose when time's up. (requested by CLEAR GEM清瑜)
|inactive|chopforce8 has 120 seconds left.
|c|☆CLEAR GEM清瑜|glhf
|c|☆chopforce8|gl u2
|
|t:|1662825177
|start
|switch|p1a: ProfessorQuirrell|Calyrex-Shadow|100/100
|switch|p2a: 乱杀P固|Arceus-Ground|100/100
|-ability|p1a: ProfessorQuirrell|As One
|-ability|p1a: ProfessorQuirrell|Unnerve
|turn|1
|
|t:|1662825185
|move|p1a: ProfessorQuirrell|Nasty Plot|p1a: ProfessorQuirrell
|-boost|p1a: ProfessorQuirrell|spa|2
|move|p2a: 乱杀P固|Judgment|p1a: ProfessorQuirrell
|-damage|p1a: ProfessorQuirrell|34/100
|
|upkeep
|turn|2
|
|t:|1662825191
|switch|p2a: 究极辅助|Arceus-Dark|100/100
|move|p1a: ProfessorQuirrell|Baton Pass|p1a: ProfessorQuirrell
|
|t:|1662825194
|switch|p1a: Voldemort|Yveltal|100/100|[from]move: Baton Pass
|-ability|p1a: Voldemort|Dark Aura
|
|upkeep
|turn|3
|
|t:|1662825213
|-start|p1a: Voldemort|Dynamax|
|-heal|p1a: Voldemort|100/100|[silent]
|move|p1a: Voldemort|Max Airstream|p2a: 究极辅助
|-damage|p2a: 究极辅助|0 fnt
|-boost|p1a: Voldemort|spe|1
|faint|p2a: 究极辅助
|-damage|p1a: Voldemort|96/100|[from] item: Life Orb
|
|upkeep
|
|t:|1662825222
|switch|p2a: 烈龙无敌|Rayquaza|100/100
|-ability|p2a: 烈龙无敌|Air Lock
|turn|4
|
|t:|1662825229
|detailschange|p2a: 烈龙无敌|Rayquaza-Mega
|-mega|p2a: 烈龙无敌|Rayquaza|
|-weather|DeltaStream|[from] ability: Delta Stream|[of] p2a: 烈龙无敌
|move|p1a: Voldemort|Max Airstream|p2a: 烈龙无敌
|-enditem|p2a: 烈龙无敌|Focus Sash
|-damage|p2a: 烈龙无敌|1/100
|-boost|p1a: Voldemort|spe|1
|-damage|p1a: Voldemort|91/100|[from] item: Life Orb
|move|p2a: 烈龙无敌|Dragon Ascent|p1a: Voldemort
|-damage|p1a: Voldemort|43/100
|-unboost|p2a: 烈龙无敌|def|1
|-unboost|p2a: 烈龙无敌|spd|1
|
|-weather|DeltaStream|[upkeep]
|upkeep
|turn|5
|
|t:|1662825243
|move|p1a: Voldemort|Max Airstream|p2a: 烈龙无敌
|-damage|p2a: 烈龙无敌|0 fnt
|-boost|p1a: Voldemort|spe|1
|faint|p2a: 烈龙无敌
|-weather|none
|-damage|p1a: Voldemort|38/100|[from] item: Life Orb
|
|upkeep
|
|t:|1662825246
|switch|p2a: 悬空羊驼|Arceus-Flying|100/100
|-end|p1a: Voldemort|Dynamax
|-heal|p1a: Voldemort|38/100|[silent]
|turn|6
|
|t:|1662825253
|-start|p2a: 悬空羊驼|Dynamax|
|-heal|p2a: 悬空羊驼|100/100|[silent]
|move|p1a: Voldemort|Oblivion Wing|p2a: 悬空羊驼
|-damage|p2a: 悬空羊驼|59/100
|-heal|p1a: Voldemort|100/100|[from] drain|[of] p2a: 悬空羊驼
|-damage|p1a: Voldemort|91/100|[from] item: Life Orb
|move|p2a: 悬空羊驼|Max Airstream|p1a: Voldemort
|-damage|p1a: Voldemort|20/100
|-boost|p2a: 悬空羊驼|spe|1
|
|upkeep
|turn|7
|
|t:|1662825265
|move|p1a: Voldemort|Oblivion Wing|p2a: 悬空羊驼
|-damage|p2a: 悬空羊驼|22/100
|-heal|p1a: Voldemort|79/100|[from] drain|[of] p2a: 悬空羊驼
|-damage|p1a: Voldemort|69/100|[from] item: Life Orb
|move|p2a: 悬空羊驼|Max Airstream|p1a: Voldemort
|-damage|p1a: Voldemort|0 fnt
|-boost|p2a: 悬空羊驼|spe|1
|faint|p1a: Voldemort
|
|upkeep
|inactive|chopforce8 has 120 seconds left.
|
|t:|1662825292
|switch|p1a: Fluffy|Zacian-Crowned|100/100
|-ability|p1a: Fluffy|Intrepid Sword|boost
|-boost|p1a: Fluffy|atk|1
|turn|8
|
|t:|1662825299
|move|p2a: 悬空羊驼|Max Quake|p1a: Fluffy
|-supereffective|p1a: Fluffy
|-damage|p1a: Fluffy|17/100
|-boost|p2a: 悬空羊驼|spd|1
|move|p1a: Fluffy|Behemoth Blade|p2a: 悬空羊驼
|-damage|p2a: 悬空羊驼|0 fnt
|faint|p2a: 悬空羊驼
|
|upkeep
|
|t:|1662825303
|switch|p2a: 不会(?)|Groudon|100/100
|detailschange|p2a: 不会(?)|Groudon-Primal
|-primal|p2a: 不会(?)
|-weather|DesolateLand|[from] ability: Desolate Land|[of] p2a: 不会(?)
|turn|9
|
|t:|1662825310
|move|p1a: Fluffy|Close Combat|p2a: 不会(?)
|-damage|p2a: 不会(?)|57/100
|-unboost|p1a: Fluffy|def|1
|-unboost|p1a: Fluffy|spd|1
|move|p2a: 不会(?)|Stealth Rock|p1a: Fluffy
|-sidestart|p1: chopforce8|move: Stealth Rock
|
|-weather|DesolateLand|[upkeep]
|upkeep
|turn|10
|
|t:|1662825317
|move|p1a: Fluffy|Close Combat|p2a: 不会(?)
|-damage|p2a: 不会(?)|17/100
|-unboost|p1a: Fluffy|def|1
|-unboost|p1a: Fluffy|spd|1
|move|p2a: 不会(?)|Roar|p1a: Fluffy
|drag|p1a: MirrorofErised|Ditto|100/100
|-damage|p1a: MirrorofErised|88/100|[from] Stealth Rock
|-transform|p1a: MirrorofErised|p2a: 不会(?)|[from] ability: Imposter
|
|-weather|DesolateLand|[upkeep]
|upkeep
|turn|11
|
|t:|1662825329
|move|p1a: MirrorofErised|Heat Crash|p2a: 不会(?)
|-resisted|p2a: 不会(?)
|-damage|p2a: 不会(?)|4/100
|move|p2a: 不会(?)|Precipice Blades|p1a: MirrorofErised
|-supereffective|p1a: MirrorofErised
|-damage|p1a: MirrorofErised|0 fnt
|faint|p1a: MirrorofErised
|
|-weather|DesolateLand|[upkeep]
|upkeep
|
|t:|1662825339
|switch|p1a: Harry Potter|Diancie|100/100
|-damage|p1a: Harry Potter|88/100|[from] Stealth Rock
|turn|12
|
|t:|1662825348
|-weather|none
|switch|p2a: 钢铁之躯|Necrozma-Dusk-Mane|100/100
|detailschange|p1a: Harry Potter|Diancie-Mega
|-mega|p1a: Harry Potter|Diancie|Diancite
|move|p1a: Harry Potter|Diamond Storm|p2a: 钢铁之躯
|-resisted|p2a: 钢铁之躯
|-damage|p2a: 钢铁之躯|81/100
|
|upkeep
|turn|13
|
|t:|1662825355
|move|p1a: Harry Potter|Earth Power|p2a: 钢铁之躯
|-supereffective|p2a: 钢铁之躯
|-damage|p2a: 钢铁之躯|38/100
|move|p2a: 钢铁之躯|Dragon Dance|p2a: 钢铁之躯
|-boost|p2a: 钢铁之躯|atk|1
|-boost|p2a: 钢铁之躯|spe|1
|
|upkeep
|turn|14
|
|t:|1662825363
|detailschange|p2a: 钢铁之躯|Necrozma-Ultra
|-burst|p2a: 钢铁之躯|Necrozma|Ultranecrozium Z
|move|p2a: 钢铁之躯|Earthquake|p1a: Harry Potter
|-supereffective|p1a: Harry Potter
|-damage|p1a: Harry Potter|0 fnt
|faint|p1a: Harry Potter
|
|upkeep
|
|t:|1662825369
|switch|p1a: Chess Wizard|Arceus-Flying|100/100
|-damage|p1a: Chess Wizard|76/100|[from] Stealth Rock
|turn|15
|
|t:|1662825373
|-zpower|p2a: 钢铁之躯
|move|p2a: 钢铁之躯|Light That Burns the Sky|p1a: Chess Wizard|[zeffect]
|-damage|p1a: Chess Wizard|0 fnt
|faint|p1a: Chess Wizard
|
|upkeep
|c|☆chopforce8|gg
|
|t:|1662825379
|switch|p1a: ProfessorQuirrell|Calyrex-Shadow|34/100
|-ability|p1a: ProfessorQuirrell|As One
|-ability|p1a: ProfessorQuirrell|Unnerve
|-damage|p1a: ProfessorQuirrell|22/100|[from] Stealth Rock
|turn|16
|
|t:|1662825385
|move|p2a: 钢铁之躯|Earthquake|p1a: ProfessorQuirrell
|-damage|p1a: ProfessorQuirrell|0 fnt
|faint|p1a: ProfessorQuirrell
|
|upkeep
|
|t:|1662825391
|switch|p1a: Fluffy|Zacian-Crowned|17/100
|-damage|p1a: Fluffy|11/100|[from] Stealth Rock
|-ability|p1a: Fluffy|Intrepid Sword|boost
|-boost|p1a: Fluffy|atk|1
|turn|17
|
|t:|1662825396
|move|p2a: 钢铁之躯|Photon Geyser|p1a: Fluffy
|-resisted|p1a: Fluffy
|-damage|p1a: Fluffy|0 fnt
|faint|p1a: Fluffy
|
|win|CLEAR GEM清瑜
|raw|chopforce8's rating: 1836 &rarr; <strong>1821</strong><br />(-15 for losing)
|raw|CLEAR GEM清瑜's rating: 1918 &rarr; <strong>1933</strong><br />(+15 for winning)
|l|☆chopforce8
||Ladder isn't responding, score probably updated but might not have (Request timeout).
