|j|☆orange overhaul
|j|☆swirlingvortexG
|t:|1654541435
|gametype|singles
|player|p1|orange overhaul|mars|1463
|player|p2|swirlingvortexG|101|1408
|teamsize|p1|6
|teamsize|p2|6
|gen|8
|tier|[Gen 8] National Dex AG
|rated|
|rule|HP Percentage Mod: HP is shown in percentages
|rule|Endless Battle Clause: Forcing endless battles is banned
|clearpoke
|poke|p1|Kartana|
|poke|p1|Arceus-*|
|poke|p1|Tapu Lele|
|poke|p1|Groudon|
|poke|p1|Zacian-*|
|poke|p1|Eternatus|
|poke|p2|Hitmonlee, M|
|poke|p2|Calyrex-Shadow|
|poke|p2|Ditto|
|poke|p2|Cinderace, F|
|poke|p2|Necrozma-Dusk-Mane|
|poke|p2|Alakazam, F|
|teampreview
|inactive|Battle timer is ON: inactive players will automatically lose when time's up. (requested by swirlingvortexG)
|inactive|orange overhaul also wants the timer to be on.
|
|t:|1654541445
|start
|switch|p1a: Eternatus|Eternatus|100/100
|switch|p2a: Necrozma|Necrozma-Dusk-Mane|100/100
|-ability|p1a: Eternatus|Pressure
|turn|1
|
|t:|1654541451
|move|p1a: Eternatus|Cosmic Power|p1a: Eternatus
|-boost|p1a: Eternatus|def|1
|-boost|p1a: Eternatus|spd|1
|move|p2a: Necrozma|Dragon Dance|p2a: Necrozma
|-boost|p2a: Necrozma|atk|1
|-boost|p2a: Necrozma|spe|1
|
|upkeep
|turn|2
|
|t:|1654541458
|move|p2a: Necrozma|Dragon Dance|p2a: Necrozma
|-boost|p2a: Necrozma|atk|1
|-boost|p2a: Necrozma|spe|1
|move|p1a: Eternatus|Flamethrower|p2a: Necrozma
|-supereffective|p2a: Necrozma
|-damage|p2a: Necrozma|51/100
|-status|p2a: Necrozma|brn
|-enditem|p2a: Necrozma|Weakness Policy
|-boost|p2a: Necrozma|atk|2|[from] item: Weakness Policy
|-boost|p2a: Necrozma|spa|2|[from] item: Weakness Policy
|
|-damage|p2a: Necrozma|45/100 brn|[from] brn
|upkeep
|turn|3
|
|t:|1654541471
|move|p2a: Necrozma|Photon Geyser|p1a: Eternatus
|-supereffective|p1a: Eternatus
|-damage|p1a: Eternatus|7/100
|move|p1a: Eternatus|Flamethrower|p2a: Necrozma
|-supereffective|p2a: Necrozma
|-damage|p2a: Necrozma|0 fnt
|faint|p2a: Necrozma
|
|-heal|p1a: Eternatus|13/100|[from] item: Black Sludge
|upkeep
|
|t:|1654541478
|switch|p2a: Calyrex|Calyrex-Shadow|100/100
|-ability|p2a: Calyrex|As One
|-ability|p2a: Calyrex|Unnerve
|turn|4
|
|t:|1654541488
|move|p2a: Calyrex|Astral Barrage|p1a: Eternatus
|-damage|p1a: Eternatus|0 fnt
|faint|p1a: Eternatus
|-ability|p2a: Calyrex|Grim Neigh|boost
|-boost|p2a: Calyrex|spa|1
|
|upkeep
|
|t:|1654541490
|switch|p1a: Kartana|Kartana|100/100
|turn|5
|
|t:|1654541494
|move|p1a: Kartana|Knock Off|p2a: Calyrex
|-supereffective|p2a: Calyrex
|-enditem|p2a: Calyrex|Focus Sash
|-damage|p2a: Calyrex|1/100
|move|p2a: Calyrex|Astral Barrage|p1a: Kartana
|-damage|p1a: Kartana|0 fnt
|faint|p1a: Kartana
|-ability|p2a: Calyrex|Grim Neigh|boost
|-boost|p2a: Calyrex|spa|1
|
|upkeep
|
|t:|1654541504
|switch|p1a: Arceus|Arceus-Ground|100/100
|turn|6
|
|t:|1654541509
|-start|p1a: Arceus|Dynamax|
|-heal|p1a: Arceus|100/100|[silent]
|move|p2a: Calyrex|Astral Barrage|p1a: Arceus
|-damage|p1a: Arceus|51/100
|move|p1a: Arceus|Max Quake|p2a: Calyrex
|-damage|p2a: Calyrex|0 fnt
|-boost|p1a: Arceus|spd|1
|faint|p2a: Calyrex
|
|upkeep
|
|t:|1654541513
|switch|p2a: Cinderace|Cinderace, F|100/100
|turn|7
|
|t:|1654541516
|move|p2a: Cinderace|Acrobatics|p1a: Arceus
|-start|p2a: Cinderace|typechange|Flying|[from] ability: Libero
|-damage|p1a: Arceus|44/100
|move|p1a: Arceus|Max Quake|p2a: Cinderace
|-immune|p2a: Cinderace
|
|upkeep
|turn|8
|
|t:|1654541528
|move|p2a: Cinderace|High Jump Kick|p1a: Arceus
|-start|p2a: Cinderace|typechange|Fighting|[from] ability: Libero
|-damage|p1a: Arceus|30/100
|move|p1a: Arceus|Max Hailstorm|p2a: Cinderace
|-damage|p2a: Cinderace|50/100
|-weather|Hail
|
|-weather|Hail|[upkeep]
|-damage|p2a: Cinderace|44/100|[from] Hail
|-damage|p1a: Arceus|27/100|[from] Hail
|upkeep
|-end|p1a: Arceus|Dynamax
|-heal|p1a: Arceus|27/100|[silent]
|turn|9
|
|t:|1654541535
|move|p2a: Cinderace|High Jump Kick|p1a: Arceus
|-damage|p1a: Arceus|0 fnt
|faint|p1a: Arceus
|
|-weather|Hail|[upkeep]
|-damage|p2a: Cinderace|38/100|[from] Hail
|upkeep
|
|t:|1654541541
|switch|p1a: Groudon|Groudon|100/100
|detailschange|p1a: Groudon|Groudon-Primal
|-primal|p1a: Groudon
|-weather|DesolateLand|[from] ability: Desolate Land|[of] p1a: Groudon
|turn|10
|
|t:|1654541546
|move|p2a: Cinderace|High Jump Kick|p1a: Groudon
|-damage|p1a: Groudon|66/100
|move|p1a: Groudon|Stealth Rock|p2a: Cinderace
|-sidestart|p2: swirlingvortexG|move: Stealth Rock
|
|-weather|DesolateLand|[upkeep]
|upkeep
|turn|11
|
|t:|1654541551
|move|p2a: Cinderace|Acrobatics|p1a: Groudon
|-start|p2a: Cinderace|typechange|Flying|[from] ability: Libero
|-crit|p1a: Groudon
|-damage|p1a: Groudon|45/100
|move|p1a: Groudon|Lava Plume|p2a: Cinderace
|-damage|p2a: Cinderace|0 fnt
|faint|p2a: Cinderace
|
|-weather|DesolateLand|[upkeep]
|upkeep
|
|t:|1654541556
|switch|p2a: Ditto|Ditto|100/100
|-damage|p2a: Ditto|88/100|[from] Stealth Rock
|-transform|p2a: Ditto|p1a: Groudon|[from] ability: Imposter
|turn|12
|
|t:|1654541563
|move|p2a: Ditto|Earthquake|p1a: Groudon
|-supereffective|p1a: Groudon
|-damage|p1a: Groudon|0 fnt
|faint|p1a: Groudon
|
|-weather|DesolateLand|[upkeep]
|upkeep
|
|t:|1654541567
|switch|p1a: Tapu Lele|Tapu Lele|100/100
|-fieldstart|move: Psychic Terrain|[from] ability: Psychic Surge|[of] p1a: Tapu Lele
|turn|13
|
|t:|1654541571
|move|p2a: Ditto|Earthquake|p1a: Tapu Lele
|-damage|p1a: Tapu Lele|7/100
|move|p1a: Tapu Lele|Psychic|p2a: Ditto
|-damage|p2a: Ditto|0 fnt
|faint|p2a: Ditto
|-weather|none
|
|upkeep
|
|t:|1654541574
|switch|p2a: Alakazam|Alakazam, F|100/100
|-damage|p2a: Alakazam|88/100|[from] Stealth Rock
|turn|14
|
|t:|1654541580
|move|p2a: Alakazam|Shadow Ball|p1a: Tapu Lele
|-supereffective|p1a: Tapu Lele
|-damage|p1a: Tapu Lele|0 fnt
|faint|p1a: Tapu Lele
|
|upkeep
|
|t:|1654541583
|switch|p1a: Zacian|Zacian-Crowned|100/100
|-ability|p1a: Zacian|Intrepid Sword|boost
|-boost|p1a: Zacian|atk|1
|turn|15
|
|t:|1654541606
|detailschange|p2a: Alakazam|Alakazam-Mega, F
|-mega|p2a: Alakazam|Alakazam|Alakazite
|-ability|p2a: Alakazam|Intrepid Sword|[from] ability: Trace|[of] p1a: Zacian
|-ability|p2a: Alakazam|Intrepid Sword|boost
|-boost|p2a: Alakazam|atk|1
|move|p1a: Zacian|Behemoth Blade|p2a: Alakazam
|-damage|p2a: Alakazam|0 fnt
|faint|p2a: Alakazam
|
|upkeep
|
|t:|1654541616
|switch|p2a: Hitmonlee|Hitmonlee, M|100/100
|-damage|p2a: Hitmonlee|94/100|[from] Stealth Rock
|turn|16
|
|t:|1654541620
|move|p2a: Hitmonlee|Endure|p2a: Hitmonlee
|-singleturn|p2a: Hitmonlee|move: Endure
|move|p1a: Zacian|Play Rough|p2a: Hitmonlee
|-supereffective|p2a: Hitmonlee
|-activate|p2a: Hitmonlee|move: Endure
|-damage|p2a: Hitmonlee|1/100
|-enditem|p2a: Hitmonlee|Liechi Berry|[eat]
|-boost|p2a: Hitmonlee|atk|1|[from] item: Liechi Berry
|
|upkeep
|turn|17
|
|t:|1654541649
|move|p2a: Hitmonlee|Reversal|p1a: Zacian
|-damage|p1a: Zacian|0 fnt
|faint|p1a: Zacian
|
|win|swirlingvortexG
|raw|orange overhaul's rating: 1463 &rarr; <strong>1440</strong><br />(-23 for losing)
|raw|swirlingvortexG's rating: 1408 &rarr; <strong>1431</strong><br />(+23 for winning)
|l|☆orange overhaul
||Ladder isn't responding, score probably updated but might not have (Request timeout).
