|j|☆SaintLaplace
|j|☆diemond35472
|t:|1666178515
|gametype|singles
|player|p1|SaintLaplace|hilda-wonderlauncher|1827
|player|p2|diemond35472|265|1747
|teamsize|p1|6
|teamsize|p2|6
|gen|8
|tier|[Gen 8] National Dex AG
|rated|
|rule|HP Percentage Mod: HP is shown in percentages
|rule|Endless Battle Clause: Forcing endless battles is banned
|clearpoke
|poke|p1|Smeargle, M|
|poke|p1|Necrozma-Dusk-Mane|
|poke|p1|Xerneas-*|
|poke|p1|Zygarde|
|poke|p1|Marshadow|
|poke|p1|Kyurem-Black|
|poke|p2|Calyrex-Shadow|
|poke|p2|Yveltal|
|poke|p2|Smeargle, F|
|poke|p2|Rayquaza|
|poke|p2|Groudon|
|poke|p2|Arceus-*|
|teampreview
|inactive|Battle timer is ON: inactive players will automatically lose when time's up. (requested by SaintLaplace)
|
|t:|1666178522
|start
|switch|p1a: Smeargle|Smeargle, M|100/100
|switch|p2a: bob ross OC|Smeargle, F|100/100
|turn|1
|
|t:|1666178526
|move|p1a: Smeargle|Magic Coat|p1a: Smeargle
|-singleturn|p1a: Smeargle|move: Magic Coat
|move|p2a: bob ross OC|Nuzzle|p1a: Smeargle
|-damage|p1a: Smeargle|97/100
|-status|p1a: Smeargle|par
|
|upkeep
|turn|2
|
|t:|1666178529
|move|p2a: bob ross OC|Rapid Spin|p1a: Smeargle
|-damage|p1a: Smeargle|85/100 par
|-boost|p2a: bob ross OC|spe|1
|move|p1a: Smeargle|Shell Smash|p1a: Smeargle
|-unboost|p1a: Smeargle|def|1
|-unboost|p1a: Smeargle|spd|1
|-boost|p1a: Smeargle|atk|2
|-boost|p1a: Smeargle|spa|2
|-boost|p1a: Smeargle|spe|2
|
|upkeep
|turn|3
|
|t:|1666178539
|move|p2a: bob ross OC|Rapid Spin|p1a: Smeargle
|-damage|p1a: Smeargle|67/100 par
|-boost|p2a: bob ross OC|spe|1
|cant|p1a: Smeargle|par
|
|upkeep
|turn|4
|
|t:|1666178542
|move|p2a: bob ross OC|Sticky Web|p1a: Smeargle
|-sidestart|p1: SaintLaplace|move: Sticky Web
|move|p1a: Smeargle|Baton Pass|p1a: Smeargle
|
|t:|1666178546
|switch|p1a: Zygarde|Zygarde, shiny|100/100|[from]move: Baton Pass
|-activate|p1a: Zygarde|move: Sticky Web
|-unboost|p1a: Zygarde|spe|1
|
|upkeep
|turn|5
|
|t:|1666178549
|move|p1a: Zygarde|Dragon Dance|p1a: Zygarde
|-boost|p1a: Zygarde|atk|1
|-boost|p1a: Zygarde|spe|1
|move|p2a: bob ross OC|Whirlwind|p1a: Zygarde
|drag|p1a: Marshadow|Marshadow|100/100
|-activate|p1a: Marshadow|move: Sticky Web
|-unboost|p1a: Marshadow|spe|1
|
|upkeep
|turn|6
|
|t:|1666178553
|move|p2a: bob ross OC|Nuzzle|p1a: Marshadow
|-damage|p1a: Marshadow|99/100
|-status|p1a: Marshadow|par
|move|p1a: Marshadow|Rock Tomb|p2a: bob ross OC
|-damage|p2a: bob ross OC|47/100
|-unboost|p2a: bob ross OC|spe|1
|
|upkeep
|turn|7
|
|t:|1666178558
|move|p2a: bob ross OC|Nuzzle|p1a: Marshadow
|-damage|p1a: Marshadow|96/100 par
|move|p1a: Marshadow|Close Combat|p2a: bob ross OC
|-supereffective|p2a: bob ross OC
|-damage|p2a: bob ross OC|0 fnt
|-unboost|p1a: Marshadow|def|1
|-unboost|p1a: Marshadow|spd|1
|faint|p2a: bob ross OC
|
|upkeep
|
|t:|1666178565
|switch|p2a: onward my steed|Calyrex-Shadow|100/100
|-ability|p2a: onward my steed|As One
|-ability|p2a: onward my steed|Unnerve
|turn|8
|
|t:|1666178567
|move|p1a: Marshadow|Shadow Sneak|p2a: onward my steed
|-supereffective|p2a: onward my steed
|-enditem|p2a: onward my steed|Focus Sash
|-damage|p2a: onward my steed|1/100
|move|p2a: onward my steed|Astral Barrage|p1a: Marshadow
|-supereffective|p1a: Marshadow
|-damage|p1a: Marshadow|0 fnt
|faint|p1a: Marshadow
|-ability|p2a: onward my steed|Grim Neigh|boost
|-boost|p2a: onward my steed|spa|1
|
|upkeep
|
|t:|1666178573
|switch|p1a: Zygarde|Zygarde, shiny|100/100
|-activate|p1a: Zygarde|move: Sticky Web
|-unboost|p1a: Zygarde|spe|1
|turn|9
|
|t:|1666178578
|-start|p1a: Zygarde|Dynamax|
|-heal|p1a: Zygarde|100/100|[silent]
|move|p2a: onward my steed|Astral Barrage|p1a: Zygarde
|-damage|p1a: Zygarde|53/100
|move|p1a: Zygarde|Max Rockfall|p2a: onward my steed
|-damage|p2a: onward my steed|0 fnt
|-weather|Sandstorm
|faint|p2a: onward my steed
|
|-weather|Sandstorm|[upkeep]
|upkeep
|
|t:|1666178588
|switch|p2a: baconator 3000|Yveltal|100/100
|-ability|p2a: baconator 3000|Dark Aura
|turn|10
|
|t:|1666178591
|-start|p2a: baconator 3000|Dynamax|
|-heal|p2a: baconator 3000|100/100|[silent]
|move|p2a: baconator 3000|Max Guard|p2a: baconator 3000
|-singleturn|p2a: baconator 3000|Max Guard
|move|p1a: Zygarde|Max Rockfall|p2a: baconator 3000
|-activate|p2a: baconator 3000|move: Max Guard
|
|-weather|Sandstorm|[upkeep]
|-damage|p2a: baconator 3000|97/100|[from] Sandstorm
|upkeep
|turn|11
|
|t:|1666178594
|move|p2a: baconator 3000|Max Darkness|p1a: Zygarde
|-damage|p1a: Zygarde|4/100
|-unboost|p1a: Zygarde|spd|1
|-damage|p2a: baconator 3000|93/100|[from] item: Life Orb
|move|p1a: Zygarde|Max Rockfall|p2a: baconator 3000
|-supereffective|p2a: baconator 3000
|-damage|p2a: baconator 3000|56/100
|
|-weather|Sandstorm|[upkeep]
|-damage|p2a: baconator 3000|53/100|[from] Sandstorm
|-activate|p1a: Zygarde|ability: Power Construct
|detailschange|p1a: Zygarde|Zygarde-Complete, shiny
|-heal|p1a: Zygarde|37/100|[silent]
|upkeep
|-end|p1a: Zygarde|Dynamax
|-heal|p1a: Zygarde|37/100|[silent]
|turn|12
|
|t:|1666178599
|move|p2a: baconator 3000|Max Airstream|p1a: Zygarde
|-damage|p1a: Zygarde|0 fnt
|-boost|p2a: baconator 3000|spe|1
|faint|p1a: Zygarde
|-damage|p2a: baconator 3000|48/100|[from] item: Life Orb
|
|-weather|Sandstorm|[upkeep]
|-damage|p2a: baconator 3000|45/100|[from] Sandstorm
|upkeep
|
|t:|1666178613
|switch|p1a: Smeargle|Smeargle, M|67/100 par
|-activate|p1a: Smeargle|move: Sticky Web
|-unboost|p1a: Smeargle|spe|1
|-end|p2a: baconator 3000|Dynamax
|-heal|p2a: baconator 3000|45/100|[silent]
|turn|13
|
|t:|1666178620
|move|p2a: baconator 3000|Dark Pulse|p1a: Smeargle
|-damage|p1a: Smeargle|0 fnt
|faint|p1a: Smeargle
|-damage|p2a: baconator 3000|35/100|[from] item: Life Orb
|
|-weather|none
|upkeep
|
|t:|1666178624
|switch|p1a: Xerneas|Xerneas|100/100
|-activate|p1a: Xerneas|move: Sticky Web
|-unboost|p1a: Xerneas|spe|1
|-ability|p1a: Xerneas|Fairy Aura
|turn|14
|
|t:|1666178628
|move|p2a: baconator 3000|Oblivion Wing|p1a: Xerneas
|-damage|p1a: Xerneas|62/100
|-heal|p2a: baconator 3000|68/100|[from] drain|[of] p1a: Xerneas
|-damage|p2a: baconator 3000|58/100|[from] item: Life Orb
|move|p1a: Xerneas|Geomancy||[still]
|-prepare|p1a: Xerneas|Geomancy
|-enditem|p1a: Xerneas|Power Herb
|-anim|p1a: Xerneas|Geomancy|p1a: Xerneas
|-boost|p1a: Xerneas|spa|2
|-boost|p1a: Xerneas|spd|2
|-boost|p1a: Xerneas|spe|2
|
|upkeep
|turn|15
|
|t:|1666178631
|move|p2a: baconator 3000|Oblivion Wing|p1a: Xerneas
|-damage|p1a: Xerneas|41/100
|-heal|p2a: baconator 3000|77/100|[from] drain|[of] p1a: Xerneas
|-damage|p2a: baconator 3000|67/100|[from] item: Life Orb
|move|p1a: Xerneas|Draining Kiss|p2a: baconator 3000
|-supereffective|p2a: baconator 3000
|-crit|p2a: baconator 3000
|-damage|p2a: baconator 3000|0 fnt
|-heal|p1a: Xerneas|84/100|[from] drain|[of] p2a: baconator 3000
|faint|p2a: baconator 3000
|
|upkeep
|j|+Dragonillis
|
|t:|1666178651
|switch|p2a: jeebus|Arceus|100/100
|turn|16
|
|t:|1666178657
|move|p2a: jeebus|Extreme Speed|p1a: Xerneas
|-damage|p1a: Xerneas|43/100
|move|p1a: Xerneas|Draining Kiss|p2a: jeebus
|-damage|p2a: jeebus|44/100
|-heal|p1a: Xerneas|79/100|[from] drain|[of] p2a: jeebus
|
|upkeep
|turn|17
|
|t:|1666178661
|move|p2a: jeebus|Extreme Speed|p1a: Xerneas
|-crit|p1a: Xerneas
|-damage|p1a: Xerneas|15/100
|move|p1a: Xerneas|Draining Kiss|p2a: jeebus
|-damage|p2a: jeebus|0 fnt
|-heal|p1a: Xerneas|44/100|[from] drain|[of] p2a: jeebus
|faint|p2a: jeebus
|
|upkeep
|
|t:|1666178667
|switch|p2a: skenoodle|Rayquaza|100/100
|-ability|p2a: skenoodle|Air Lock
|turn|18
|
|t:|1666178669
|detailschange|p2a: skenoodle|Rayquaza-Mega
|-mega|p2a: skenoodle|Rayquaza|
|-weather|DeltaStream|[from] ability: Delta Stream|[of] p2a: skenoodle
|move|p2a: skenoodle|Extreme Speed|p1a: Xerneas
|-crit|p1a: Xerneas
|-damage|p1a: Xerneas|0 fnt
|faint|p1a: Xerneas
|-damage|p2a: skenoodle|91/100|[from] item: Life Orb
|
|-weather|DeltaStream|[upkeep]
|upkeep
|
|t:|1666178675
|switch|p1a: Necrozma|Necrozma-Dusk-Mane, shiny|100/100
|-activate|p1a: Necrozma|move: Sticky Web
|-unboost|p1a: Necrozma|spe|1
|turn|19
|
|t:|1666178681
|move|p2a: skenoodle|V-create|p1a: Necrozma
|-supereffective|p1a: Necrozma
|-damage|p1a: Necrozma|0 fnt
|-unboost|p2a: skenoodle|spe|1
|-unboost|p2a: skenoodle|def|1
|-unboost|p2a: skenoodle|spd|1
|faint|p1a: Necrozma
|-damage|p2a: skenoodle|81/100|[from] item: Life Orb
|
|-weather|DeltaStream|[upkeep]
|upkeep
|
|t:|1666178686
|switch|p1a: Kyurem|Kyurem-Black|100/100
|-activate|p1a: Kyurem|move: Sticky Web
|-unboost|p1a: Kyurem|spe|1
|-ability|p1a: Kyurem|Teravolt
|turn|20
|
|t:|1666178690
|move|p2a: skenoodle|Dragon Ascent|p1a: Kyurem
|-damage|p1a: Kyurem|30/100
|-unboost|p2a: skenoodle|def|1
|-unboost|p2a: skenoodle|spd|1
|-damage|p2a: skenoodle|71/100|[from] item: Life Orb
|move|p1a: Kyurem|Dragon Dance|p1a: Kyurem
|-boost|p1a: Kyurem|atk|1
|-boost|p1a: Kyurem|spe|1
|
|-weather|DeltaStream|[upkeep]
|upkeep
|turn|21
|
|t:|1666178699
|move|p2a: skenoodle|Extreme Speed|p1a: Kyurem
|-damage|p1a: Kyurem|0 fnt
|faint|p1a: Kyurem
|-damage|p2a: skenoodle|61/100|[from] item: Life Orb
|
|win|diemond35472
|raw|SaintLaplace's rating: 1827 &rarr; <strong>1802</strong><br />(-25 for losing)
|raw|diemond35472's rating: 1747 &rarr; <strong>1772</strong><br />(+25 for winning)
|c|☆diemond35472|gg
|l|☆SaintLaplace
||Ladder isn't responding, score probably updated but might not have (Request timeout).
|l|☆diemond35472
