|j|☆dgg4lyfe
|j|☆rajof
|t:|1634360694
|gametype|singles
|player|p1|dgg4lyfe|collector|1578
|player|p2|rajof|youngster-gen4|1695
|teamsize|p1|6
|teamsize|p2|6
|gen|8
|tier|[Gen 8] National Dex AG
|rated|
|rule|HP Percentage Mod: HP is shown in percentages
|rule|Endless Battle Clause: Forcing endless battles is banned
|clearpoke
|poke|p1|Rayquaza|
|poke|p1|Groudon|
|poke|p1|Zacian-*|
|poke|p1|Necrozma-Dusk-Mane|
|poke|p1|Yveltal|
|poke|p1|Calyrex-Shadow|
|poke|p2|Arceus-*|
|poke|p2|Ditto|
|poke|p2|Chansey, F|
|poke|p2|Lugia|
|poke|p2|Groudon|
|poke|p2|Arceus-*|
|teampreview
|
|t:|1634360704
|start
|switch|p1a: Necrozma|Necrozma-Dusk-Mane|100/100
|switch|p2a: 루기아|Lugia|100/100
|turn|1
|
|t:|1634360709
|switch|p2a: 그란돈|Groudon|100/100
|detailschange|p2a: 그란돈|Groudon-Primal
|-primal|p2a: 그란돈
|-weather|DesolateLand|[from] ability: Desolate Land|[of] p2a: 그란돈
|move|p1a: Necrozma|Stealth Rock|p2a: 그란돈
|-sidestart|p2: rajof|move: Stealth Rock
|
|-weather|DesolateLand|[upkeep]
|upkeep
|turn|2
|
|t:|1634360719
|detailschange|p1a: Necrozma|Necrozma-Ultra
|-burst|p1a: Necrozma|Necrozma|Ultranecrozium Z
|move|p1a: Necrozma|Dragon Dance|p1a: Necrozma
|-boost|p1a: Necrozma|atk|1
|-boost|p1a: Necrozma|spe|1
|move|p2a: 그란돈|Rock Tomb|p1a: Necrozma
|-damage|p1a: Necrozma|82/100
|-unboost|p1a: Necrozma|spe|1
|
|-weather|DesolateLand|[upkeep]
|upkeep
|turn|3
|
|t:|1634360727
|-weather|none
|switch|p2a: 루기아|Lugia|100/100
|-damage|p2a: 루기아|75/100|[from] Stealth Rock
|move|p1a: Necrozma|Dragon Dance|p1a: Necrozma
|-boost|p1a: Necrozma|atk|1
|-boost|p1a: Necrozma|spe|1
|
|upkeep
|turn|4
|
|t:|1634360735
|-zpower|p1a: Necrozma
|move|p1a: Necrozma|Light That Burns the Sky|p2a: 루기아|[zeffect]
|-resisted|p2a: 루기아
|-damage|p2a: 루기아|19/100
|move|p2a: 루기아|Roost|p2a: 루기아
|-heal|p2a: 루기아|69/100
|-singleturn|p2a: 루기아|move: Roost
|
|upkeep
|turn|5
|
|t:|1634360741
|move|p1a: Necrozma|Dragon Dance|p1a: Necrozma
|-boost|p1a: Necrozma|atk|1
|-boost|p1a: Necrozma|spe|1
|move|p2a: 루기아|Roost|p2a: 루기아
|-heal|p2a: 루기아|100/100
|-singleturn|p2a: 루기아|move: Roost
|
|upkeep
|turn|6
|
|t:|1634360745
|move|p1a: Necrozma|Dragon Dance|p1a: Necrozma
|-boost|p1a: Necrozma|atk|1
|-boost|p1a: Necrozma|spe|1
|move|p2a: 루기아|Toxic|p1a: Necrozma
|-status|p1a: Necrozma|tox
|
|-damage|p1a: Necrozma|76/100 tox|[from] psn
|upkeep
|turn|7
|
|t:|1634360751
|move|p1a: Necrozma|Photon Geyser|p2a: 루기아
|-resisted|p2a: 루기아
|-damage|p2a: 루기아|64/100
|move|p2a: 루기아|Defog|p1a: Necrozma
|-unboost|p1a: Necrozma|evasion|1
|-sideend|p2: rajof|Stealth Rock|[from] move: Defog|[of] p2a: 루기아
|
|-damage|p1a: Necrozma|64/100 tox|[from] psn
|upkeep
|turn|8
|
|t:|1634360764
|move|p1a: Necrozma|Photon Geyser|p2a: 루기아
|-resisted|p2a: 루기아
|-damage|p2a: 루기아|26/100
|move|p2a: 루기아|Roost|p2a: 루기아
|-heal|p2a: 루기아|76/100
|-singleturn|p2a: 루기아|move: Roost
|
|-damage|p1a: Necrozma|46/100 tox|[from] psn
|upkeep
|turn|9
|
|t:|1634360769
|move|p1a: Necrozma|Stealth Rock|p2a: 루기아
|-sidestart|p2: rajof|move: Stealth Rock
|move|p2a: 루기아|Roost|p2a: 루기아
|-heal|p2a: 루기아|100/100
|-singleturn|p2a: 루기아|move: Roost
|
|-damage|p1a: Necrozma|22/100 tox|[from] psn
|upkeep
|turn|10
|
|t:|1634360775
|switch|p1a: Yveltal|Yveltal|100/100
|-ability|p1a: Yveltal|Dark Aura
|move|p2a: 루기아|Defog|p1a: Yveltal
|-unboost|p1a: Yveltal|evasion|1
|-sideend|p2: rajof|Stealth Rock|[from] move: Defog|[of] p2a: 루기아
|
|upkeep
|turn|11
|
|t:|1634360784
|move|p1a: Yveltal|Dark Pulse|p2a: 루기아
|-supereffective|p2a: 루기아
|-damage|p2a: 루기아|56/100
|-damage|p1a: Yveltal|91/100|[from] item: Life Orb
|cant|p2a: 루기아|flinch
|
|upkeep
|turn|12
|l|☆dgg4lyfe
|player|p1|
|inactive|Battle timer is ON: inactive players will automatically lose when time's up. (requested by rajof)
|j|☆dgg4lyfe
|inactive|dgg4lyfe reconnected and has 145 seconds left.
|player|p1|dgg4lyfe|collector
|
|t:|1634360831
|switch|p2a: 럭키|Chansey, F|100/100
|move|p1a: Yveltal|Dark Pulse|p2a: 럭키
|-damage|p2a: 럭키|76/100
|-damage|p1a: Yveltal|81/100|[from] item: Life Orb
|
|upkeep
|turn|13
|
|t:|1634360837
|switch|p1a: Necrozma|Necrozma-Ultra|22/100 tox
|move|p2a: 럭키|Wish|p2a: 럭키
|
|-damage|p1a: Necrozma|16/100 tox|[from] psn
|upkeep
|turn|14
|
|t:|1634360842
|switch|p2a: 루기아|Lugia|56/100
|move|p1a: Necrozma|Stealth Rock|p2a: 루기아
|-sidestart|p2: rajof|move: Stealth Rock
|
|-heal|p2a: 루기아|100/100|[from] move: Wish|[wisher] 럭키
|-damage|p1a: Necrozma|4/100 tox|[from] psn
|upkeep
|turn|15
|
|t:|1634360847
|move|p1a: Necrozma|Morning Sun|p1a: Necrozma
|-heal|p1a: Necrozma|54/100 tox
|move|p2a: 루기아|Defog|p1a: Necrozma
|-unboost|p1a: Necrozma|evasion|1
|-sideend|p2: rajof|Stealth Rock|[from] move: Defog|[of] p2a: 루기아
|
|-damage|p1a: Necrozma|36/100 tox|[from] psn
|upkeep
|turn|16
|
|t:|1634360864
|move|p1a: Necrozma|Stealth Rock|p2a: 루기아
|-sidestart|p2: rajof|move: Stealth Rock
|move|p2a: 루기아|Toxic|p1a: Necrozma
|-fail|p1a: Necrozma|tox
|
|-damage|p1a: Necrozma|11/100 tox|[from] psn
|upkeep
|turn|17
|
|t:|1634360878
|switch|p1a: Zacian|Zacian-Crowned|100/100
|-ability|p1a: Zacian|Intrepid Sword|boost
|-boost|p1a: Zacian|atk|1
|move|p2a: 루기아|Defog|p1a: Zacian
|-unboost|p1a: Zacian|evasion|1
|-sideend|p2: rajof|Stealth Rock|[from] move: Defog|[of] p2a: 루기아
|
|upkeep
|turn|18
|
|t:|1634360887
|move|p1a: Zacian|Swords Dance|p1a: Zacian
|-boost|p1a: Zacian|atk|2
|move|p2a: 루기아|Roost||[still]
|-fail|p2a: 루기아|heal
|
|upkeep
|turn|19
|
|t:|1634360896
|move|p1a: Zacian|Behemoth Blade|p2a: 루기아
|-crit|p2a: 루기아
|-damage|p2a: 루기아|45/100
|-damage|p1a: Zacian|84/100|[from] item: Rocky Helmet|[of] p2a: 루기아
|move|p2a: 루기아|Aeroblast|p1a: Zacian
|-resisted|p1a: Zacian
|-damage|p1a: Zacian|69/100
|
|upkeep
|turn|20
|
|t:|1634360910
|switch|p1a: Calyrex|Calyrex-Shadow|100/100
|-ability|p1a: Calyrex|As One
|-ability|p1a: Calyrex|Unnerve
|move|p2a: 루기아|Roost|p2a: 루기아
|-heal|p2a: 루기아|95/100
|-singleturn|p2a: 루기아|move: Roost
|
|upkeep
|turn|21
|
|t:|1634360923
|switch|p2a: 럭키|Chansey, F|76/100
|move|p1a: Calyrex|Trick|p2a: 럭키
|-activate|p1a: Calyrex|move: Trick|[of] p2a: 럭키
|-item|p2a: 럭키|Choice Scarf|[from] move: Trick
|-item|p1a: Calyrex|Eviolite|[from] move: Trick
|
|upkeep
|turn|22
|
|t:|1634360930
|switch|p1a: Necrozma|Necrozma-Ultra|11/100 tox
|move|p2a: 럭키|Wish|p2a: 럭키
|
|-damage|p1a: Necrozma|5/100 tox|[from] psn
|upkeep
|turn|23
|
|t:|1634360948
|switch|p2a: 악르세우스|Arceus-Dark|100/100
|move|p1a: Necrozma|Morning Sun|p1a: Necrozma
|-heal|p1a: Necrozma|55/100 tox
|
|-damage|p1a: Necrozma|43/100 tox|[from] psn
|upkeep
|turn|24
|
|t:|1634360959
|move|p2a: 악르세우스|Judgment|p1a: Necrozma
|-supereffective|p1a: Necrozma
|-damage|p1a: Necrozma|0 fnt
|faint|p1a: Necrozma
|
|upkeep
|
|t:|1634360965
|switch|p1a: Zacian|Zacian-Crowned|69/100
|-ability|p1a: Zacian|Intrepid Sword|boost
|-boost|p1a: Zacian|atk|1
|turn|25
|
|t:|1634360976
|switch|p2a: 루기아|Lugia|95/100
|move|p1a: Zacian|Close Combat|p2a: 루기아
|-resisted|p2a: 루기아
|-damage|p2a: 루기아|85/100
|-unboost|p1a: Zacian|def|1
|-unboost|p1a: Zacian|spd|1
|-damage|p1a: Zacian|52/100|[from] item: Rocky Helmet|[of] p2a: 루기아
|
|upkeep
|turn|26
|
|t:|1634360981
|move|p1a: Zacian|Behemoth Blade|p2a: 루기아
|-damage|p2a: 루기아|37/100
|-damage|p1a: Zacian|36/100|[from] item: Rocky Helmet|[of] p2a: 루기아
|move|p2a: 루기아|Roost|p2a: 루기아
|-heal|p2a: 루기아|87/100
|-singleturn|p2a: 루기아|move: Roost
|
|upkeep
|turn|27
|
|t:|1634360986
|move|p1a: Zacian|Behemoth Blade|p2a: 루기아
|-damage|p2a: 루기아|41/100
|-damage|p1a: Zacian|19/100|[from] item: Rocky Helmet|[of] p2a: 루기아
|move|p2a: 루기아|Roost|p2a: 루기아
|-heal|p2a: 루기아|91/100
|-singleturn|p2a: 루기아|move: Roost
|
|upkeep
|turn|28
|
|t:|1634360989
|switch|p1a: Calyrex|Calyrex-Shadow|100/100
|-ability|p1a: Calyrex|As One
|-ability|p1a: Calyrex|Unnerve
|move|p2a: 루기아|Roost|p2a: 루기아
|-heal|p2a: 루기아|100/100
|-singleturn|p2a: 루기아|move: Roost
|
|upkeep
|turn|29
|
|t:|1634361002
|switch|p2a: 럭키|Chansey, F|76/100
|move|p1a: Calyrex|Psyshock|p2a: 럭키
|-damage|p2a: 럭키|18/100
|
|upkeep
|turn|30
|
|t:|1634361008
|move|p1a: Calyrex|Psyshock|p2a: 럭키
|-damage|p2a: 럭키|0 fnt
|faint|p2a: 럭키
|-ability|p1a: Calyrex|Grim Neigh|boost
|-boost|p1a: Calyrex|spa|1
|
|upkeep
|
|t:|1634361011
|switch|p2a: 메타몽|Ditto|100/100
|-transform|p2a: 메타몽|p1a: Calyrex|[from] ability: Imposter
|turn|31
|
|t:|1634361024
|move|p2a: 메타몽|Astral Barrage|p1a: Calyrex
|-supereffective|p1a: Calyrex
|-damage|p1a: Calyrex|0 fnt
|faint|p1a: Calyrex
|-ability|p2a: 메타몽|Grim Neigh|boost
|-boost|p2a: 메타몽|spa|1
|
|upkeep
|
|t:|1634361028
|switch|p1a: Yveltal|Yveltal|81/100
|-ability|p1a: Yveltal|Dark Aura
|turn|32
|
|t:|1634361035
|switch|p2a: 악르세우스|Arceus-Dark|100/100
|-start|p1a: Yveltal|Dynamax
|-heal|p1a: Yveltal|81/100|[silent]
|move|p1a: Yveltal|Max Airstream|p2a: 악르세우스
|-damage|p2a: 악르세우스|39/100
|-boost|p1a: Yveltal|spe|1
|-damage|p1a: Yveltal|76/100|[from] item: Life Orb
|
|upkeep
|turn|33
|
|t:|1634361048
|move|p1a: Yveltal|Max Airstream|p2a: 악르세우스
|-damage|p2a: 악르세우스|0 fnt
|-boost|p1a: Yveltal|spe|1
|faint|p2a: 악르세우스
|-damage|p1a: Yveltal|71/100|[from] item: Life Orb
|
|upkeep
|
|t:|1634361051
|switch|p2a: 메타몽|Ditto|100/100
|-transform|p2a: 메타몽|p1a: Yveltal|[from] ability: Imposter
|-ability|p2a: 메타몽|Dark Aura
|turn|34
|
|t:|1634361068
|switch|p2a: 아르세우스|Arceus-Fairy|100/100
|move|p1a: Yveltal|Max Airstream|p2a: 아르세우스
|-damage|p2a: 아르세우스|31/100
|-boost|p1a: Yveltal|spe|1
|-damage|p1a: Yveltal|66/100|[from] item: Life Orb
|
|-end|p1a: Yveltal|Dynamax
|-heal|p1a: Yveltal|66/100|[silent]
|upkeep
|turn|35
|
|t:|1634361074
|move|p1a: Yveltal|Oblivion Wing|p2a: 아르세우스
|-damage|p2a: 아르세우스|0 fnt
|-heal|p1a: Yveltal|92/100|[from] drain|[of] p2a: 아르세우스
|faint|p2a: 아르세우스
|-damage|p1a: Yveltal|82/100|[from] item: Life Orb
|
|upkeep
|
|t:|1634361077
|switch|p2a: 메타몽|Ditto|100/100
|-transform|p2a: 메타몽|p1a: Yveltal|[from] ability: Imposter
|-ability|p2a: 메타몽|Dark Aura
|turn|36
|
|t:|1634361085
|-start|p2a: 메타몽|Dynamax
|-heal|p2a: 메타몽|100/100|[silent]
|move|p1a: Yveltal|Oblivion Wing|p2a: 메타몽
|-damage|p2a: 메타몽|59/100
|-heal|p1a: Yveltal|100/100|[from] drain|[of] p2a: 메타몽
|-damage|p1a: Yveltal|91/100|[from] item: Life Orb
|move|p2a: 메타몽|Max Flare|p1a: Yveltal
|-damage|p1a: Yveltal|44/100
|-weather|SunnyDay
|
|-weather|SunnyDay|[upkeep]
|upkeep
|turn|37
|
|t:|1634361094
|move|p1a: Yveltal|Oblivion Wing|p2a: 메타몽
|-damage|p2a: 메타몽|17/100
|-heal|p1a: Yveltal|93/100|[from] drain|[of] p2a: 메타몽
|-damage|p1a: Yveltal|83/100|[from] item: Life Orb
|move|p2a: 메타몽|Max Airstream|p1a: Yveltal
|-damage|p1a: Yveltal|5/100
|-boost|p2a: 메타몽|spe|1
|
|-weather|SunnyDay|[upkeep]
|upkeep
|turn|38
|
|t:|1634361101
|move|p2a: 메타몽|Max Airstream|p1a: Yveltal
|-damage|p1a: Yveltal|0 fnt
|-boost|p2a: 메타몽|spe|1
|faint|p1a: Yveltal
|
|-weather|SunnyDay|[upkeep]
|-end|p2a: 메타몽|Dynamax
|-heal|p2a: 메타몽|17/100|[silent]
|upkeep
|
|t:|1634361103
|switch|p1a: Rayquaza|Rayquaza|100/100
|-ability|p1a: Rayquaza|Air Lock
|turn|39
|
|t:|1634361118
|switch|p2a: 루기아|Lugia|100/100
|switch|p1a: Groudon|Groudon|100/100
|detailschange|p1a: Groudon|Groudon-Primal
|-primal|p1a: Groudon
|-weather|DesolateLand|[from] ability: Desolate Land|[of] p1a: Groudon
|
|-weather|DesolateLand|[upkeep]
|upkeep
|turn|40
|
|t:|1634361123
|move|p2a: 루기아|Toxic|p1a: Groudon|[miss]
|-miss|p2a: 루기아|p1a: Groudon
|move|p1a: Groudon|Swords Dance|p1a: Groudon
|-boost|p1a: Groudon|atk|2
|
|-weather|DesolateLand|[upkeep]
|upkeep
|turn|41
|
|t:|1634361129
|move|p2a: 루기아|Toxic|p1a: Groudon
|-status|p1a: Groudon|tox
|move|p1a: Groudon|Stone Edge|p2a: 루기아
|-supereffective|p2a: 루기아
|-damage|p2a: 루기아|56/100
|
|-weather|DesolateLand|[upkeep]
|-damage|p1a: Groudon|94/100 tox|[from] psn
|upkeep
|turn|42
|
|t:|1634361136
|move|p2a: 루기아|Roost|p2a: 루기아
|-heal|p2a: 루기아|100/100
|-singleturn|p2a: 루기아|move: Roost
|move|p1a: Groudon|Swords Dance|p1a: Groudon
|-boost|p1a: Groudon|atk|2
|
|-weather|DesolateLand|[upkeep]
|-damage|p1a: Groudon|82/100 tox|[from] psn
|upkeep
|turn|43
|
|t:|1634361142
|move|p2a: 루기아|Aeroblast|p1a: Groudon
|-damage|p1a: Groudon|51/100 tox
|move|p1a: Groudon|Stone Edge|p2a: 루기아
|-supereffective|p2a: 루기아
|-damage|p2a: 루기아|28/100
|
|-weather|DesolateLand|[upkeep]
|-damage|p1a: Groudon|33/100 tox|[from] psn
|upkeep
|turn|44
|
|t:|1634361148
|move|p2a: 루기아|Roost|p2a: 루기아
|-heal|p2a: 루기아|78/100
|-singleturn|p2a: 루기아|move: Roost
|move|p1a: Groudon|Precipice Blades|p2a: 루기아
|-damage|p2a: 루기아|0 fnt
|faint|p2a: 루기아
|
|-weather|DesolateLand|[upkeep]
|-damage|p1a: Groudon|9/100 tox|[from] psn
|upkeep
|
|t:|1634361155
|switch|p2a: 메타몽|Ditto|17/100
|-transform|p2a: 메타몽|p1a: Groudon|[from] ability: Imposter
|turn|45
|
|t:|1634361164
|move|p2a: 메타몽|Stone Edge|p1a: Groudon
|-damage|p1a: Groudon|0 fnt
|faint|p1a: Groudon
|
|-weather|DesolateLand|[upkeep]
|upkeep
|
|t:|1634361168
|switch|p1a: Rayquaza|Rayquaza|100/100
|-ability|p1a: Rayquaza|Air Lock
|turn|46
|
|t:|1634361175
|detailschange|p1a: Rayquaza|Rayquaza-Mega
|-mega|p1a: Rayquaza|Rayquaza|
|-weather|DeltaStream|[from] ability: Delta Stream|[of] p1a: Rayquaza
|move|p1a: Rayquaza|Extreme Speed|p2a: 메타몽
|-damage|p2a: 메타몽|0 fnt
|faint|p2a: 메타몽
|-damage|p1a: Rayquaza|91/100|[from] item: Life Orb
|
|-weather|DeltaStream|[upkeep]
|upkeep
|
|t:|1634361180
|switch|p2a: 그란돈|Groudon-Primal|100/100
|-weather|DesolateLand|[from] ability: Desolate Land|[of] p2a: 그란돈
|turn|47
|
|t:|1634361185
|move|p1a: Rayquaza|Dragon Ascent|p2a: 그란돈
|-damage|p2a: 그란돈|40/100
|-unboost|p1a: Rayquaza|def|1
|-unboost|p1a: Rayquaza|spd|1
|-damage|p1a: Rayquaza|81/100|[from] item: Life Orb
|move|p2a: 그란돈|Rock Tomb|p1a: Rayquaza
|-supereffective|p1a: Rayquaza
|-damage|p1a: Rayquaza|0 fnt
|faint|p1a: Rayquaza
|
|-weather|DesolateLand|[upkeep]
|upkeep
|
|t:|1634361188
|switch|p1a: Zacian|Zacian-Crowned|19/100
|-ability|p1a: Zacian|Intrepid Sword|boost
|-boost|p1a: Zacian|atk|1
|turn|48
|
|t:|1634361189
|move|p1a: Zacian|Close Combat|p2a: 그란돈
|-damage|p2a: 그란돈|0 fnt
|-unboost|p1a: Zacian|def|1
|-unboost|p1a: Zacian|spd|1
|faint|p2a: 그란돈
|-weather|none
|
|win|dgg4lyfe
|raw|dgg4lyfe's rating: 1578 &rarr; <strong>1604</strong><br />(+26 for winning)
|raw|rajof's rating: 1695 &rarr; <strong>1669</strong><br />(-26 for losing)
|l|☆rajof
|c|☆dgg4lyfe|gg
