|j|☆CLEAR GEM清瑜
|j|☆defame TV
|t:|1662442978
|gametype|singles
|player|p1|CLEAR GEM清瑜|skierf|1850
|player|p2|defame TV|hilbert-wonderlauncher|1783
|teamsize|p1|6
|teamsize|p2|6
|gen|8
|tier|[Gen 8] National Dex AG
|rated|
|rule|HP Percentage Mod: HP is shown in percentages
|rule|Endless Battle Clause: Forcing endless battles is banned
|clearpoke
|poke|p1|Rayquaza|
|poke|p1|Groudon|
|poke|p1|Necrozma-Dusk-Mane|
|poke|p1|Arceus-*|
|poke|p1|Arceus-*|
|poke|p1|Arceus-*|
|poke|p2|Excadrill, M|
|poke|p2|Rayquaza|
|poke|p2|Yveltal|
|poke|p2|Arceus-*|
|poke|p2|Marshadow|
|poke|p2|Regieleki|
|teampreview
|inactive|Battle timer is ON: inactive players will automatically lose when time's up. (requested by CLEAR GEM清瑜)
|
|t:|1662442986
|start
|switch|p1a: 究极辅助|Arceus-Dark|100/100
|switch|p2a: Arceus|Arceus-Electric|100/100
|turn|1
|
|t:|1662442995
|move|p2a: Arceus|Toxic|p1a: 究极辅助
|-status|p1a: 究极辅助|tox
|move|p1a: 究极辅助|Roar|p2a: Arceus
|drag|p2a: Regieleki|Regieleki, shiny|100/100
|
|-damage|p1a: 究极辅助|94/100 tox|[from] psn
|upkeep
|turn|2
|
|t:|1662443003
|switch|p1a: 不会(?)|Groudon|100/100
|detailschange|p1a: 不会(?)|Groudon-Primal
|-primal|p1a: 不会(?)
|-weather|DesolateLand|[from] ability: Desolate Land|[of] p1a: 不会(?)
|move|p2a: Regieleki|Volt Switch|p1a: 不会(?)
|-immune|p1a: 不会(?)
|
|-weather|DesolateLand|[upkeep]
|upkeep
|turn|3
|
|t:|1662443011
|switch|p2a: Excadrill|Excadrill, M, shiny|100/100
|-ability|p2a: Excadrill|Mold Breaker
|move|p1a: 不会(?)|Stealth Rock|p2a: Excadrill
|-sidestart|p2: defame TV|move: Stealth Rock
|
|-weather|DesolateLand|[upkeep]
|upkeep
|turn|4
|
|t:|1662443021
|move|p2a: Excadrill|Earthquake|p1a: 不会(?)
|-supereffective|p1a: 不会(?)
|-damage|p1a: 不会(?)|41/100
|move|p1a: 不会(?)|Heat Crash|p2a: Excadrill
|-supereffective|p2a: Excadrill
|-crit|p2a: Excadrill
|-enditem|p2a: Excadrill|Focus Sash
|-damage|p2a: Excadrill|1/100
|
|-weather|DesolateLand|[upkeep]
|upkeep
|turn|5
|
|t:|1662443028
|move|p2a: Excadrill|Rapid Spin|p1a: 不会(?)
|-damage|p1a: 不会(?)|31/100
|-boost|p2a: Excadrill|spe|1
|-sideend|p2: defame TV|Stealth Rock|[from] move: Rapid Spin|[of] p2a: Excadrill
|move|p1a: 不会(?)|Stealth Rock|p2a: Excadrill
|-sidestart|p2: defame TV|move: Stealth Rock
|
|-weather|DesolateLand|[upkeep]
|upkeep
|turn|6
|
|t:|1662443034
|move|p2a: Excadrill|Rapid Spin|p1a: 不会(?)
|-damage|p1a: 不会(?)|20/100
|-boost|p2a: Excadrill|spe|1
|-sideend|p2: defame TV|Stealth Rock|[from] move: Rapid Spin|[of] p2a: Excadrill
|move|p1a: 不会(?)|Stealth Rock|p2a: Excadrill
|-sidestart|p2: defame TV|move: Stealth Rock
|
|-weather|DesolateLand|[upkeep]
|upkeep
|turn|7
|
|t:|1662443040
|move|p2a: Excadrill|Rapid Spin|p1a: 不会(?)
|-damage|p1a: 不会(?)|9/100
|-boost|p2a: Excadrill|spe|1
|-sideend|p2: defame TV|Stealth Rock|[from] move: Rapid Spin|[of] p2a: Excadrill
|move|p1a: 不会(?)|Stealth Rock|p2a: Excadrill
|-sidestart|p2: defame TV|move: Stealth Rock
|
|-weather|DesolateLand|[upkeep]
|upkeep
|turn|8
|
|t:|1662443046
|-weather|none
|switch|p1a: 究极辅助|Arceus-Dark|94/100 tox
|move|p2a: Excadrill|Rapid Spin|p1a: 究极辅助
|-damage|p1a: 究极辅助|83/100 tox
|-boost|p2a: Excadrill|spe|1
|-sideend|p2: defame TV|Stealth Rock|[from] move: Rapid Spin|[of] p2a: Excadrill
|
|-damage|p1a: 究极辅助|77/100 tox|[from] psn
|upkeep
|turn|9
|
|t:|1662443054
|move|p1a: 究极辅助|Magic Coat|p1a: 究极辅助
|-singleturn|p1a: 究极辅助|move: Magic Coat
|move|p2a: Excadrill|Stealth Rock|p1a: 究极辅助
|move|p1a: 究极辅助|Stealth Rock|p2a: Excadrill|[from]Magic Coat
|-sidestart|p2: defame TV|move: Stealth Rock
|
|-damage|p1a: 究极辅助|65/100 tox|[from] psn
|upkeep
|turn|10
|
|t:|1662443061
|move|p2a: Excadrill|Rapid Spin|p1a: 究极辅助
|-damage|p1a: 究极辅助|54/100 tox
|-boost|p2a: Excadrill|spe|1
|-sideend|p2: defame TV|Stealth Rock|[from] move: Rapid Spin|[of] p2a: Excadrill
|move|p1a: 究极辅助|Judgment|p2a: Excadrill
|-damage|p2a: Excadrill|0 fnt
|faint|p2a: Excadrill
|
|-damage|p1a: 究极辅助|35/100 tox|[from] psn
|upkeep
|
|t:|1662443073
|switch|p2a: Marshadow|Marshadow|100/100
|turn|11
|
|t:|1662443078
|switch|p1a: 不会(?)|Groudon-Primal|9/100
|-weather|DesolateLand|[from] ability: Desolate Land|[of] p1a: 不会(?)
|move|p2a: Marshadow|Close Combat|p1a: 不会(?)
|-damage|p1a: 不会(?)|0 fnt
|-unboost|p2a: Marshadow|def|1
|-unboost|p2a: Marshadow|spd|1
|faint|p1a: 不会(?)
|-weather|none
|
|upkeep
|
|t:|1662443083
|switch|p1a: 乱杀P固|Arceus-Ground|100/100
|turn|12
|
|t:|1662443101
|move|p2a: Marshadow|Close Combat|p1a: 乱杀P固
|-damage|p1a: 乱杀P固|56/100
|-unboost|p2a: Marshadow|def|1
|-unboost|p2a: Marshadow|spd|1
|move|p1a: 乱杀P固|Stealth Rock|p2a: Marshadow
|-sidestart|p2: defame TV|move: Stealth Rock
|
|upkeep
|turn|13
|
|t:|1662443108
|move|p2a: Marshadow|Close Combat|p1a: 乱杀P固
|-damage|p1a: 乱杀P固|13/100
|-unboost|p2a: Marshadow|def|1
|-unboost|p2a: Marshadow|spd|1
|move|p1a: 乱杀P固|Judgment|p2a: Marshadow
|-enditem|p2a: Marshadow|Focus Sash
|-damage|p2a: Marshadow|1/100
|
|upkeep
|turn|14
|
|t:|1662443116
|move|p2a: Marshadow|Spectral Thief|p1a: 乱杀P固
|-damage|p1a: 乱杀P固|0 fnt
|faint|p1a: 乱杀P固
|
|upkeep
|
|t:|1662443123
|switch|p1a: 烈龙无敌|Rayquaza|100/100
|-ability|p1a: 烈龙无敌|Air Lock
|turn|15
|
|t:|1662443126
|detailschange|p1a: 烈龙无敌|Rayquaza-Mega
|-mega|p1a: 烈龙无敌|Rayquaza|
|-weather|DeltaStream|[from] ability: Delta Stream|[of] p1a: 烈龙无敌
|move|p2a: Marshadow|Rock Tomb|p1a: 烈龙无敌
|-activate||deltastream
|-damage|p1a: 烈龙无敌|74/100
|-unboost|p1a: 烈龙无敌|spe|1
|move|p1a: 烈龙无敌|Dragon Dance|p1a: 烈龙无敌
|-boost|p1a: 烈龙无敌|atk|1
|-boost|p1a: 烈龙无敌|spe|1
|
|-weather|DeltaStream|[upkeep]
|upkeep
|turn|16
|
|t:|1662443141
|move|p2a: Marshadow|Spectral Thief||[still]
|-clearpositiveboost|p1a: 烈龙无敌|p2a: Marshadow|move: Spectral Thief
|-boost|p2a: Marshadow|atk|1
|-anim|p2a: Marshadow|Spectral Thief|p1a: 烈龙无敌
|-damage|p1a: 烈龙无敌|17/100
|move|p1a: 烈龙无敌|Earthquake|p2a: Marshadow
|-damage|p2a: Marshadow|0 fnt
|faint|p2a: Marshadow
|
|-weather|DeltaStream|[upkeep]
|upkeep
|inactive|defame TV has 120 seconds left.
|
|t:|1662443169
|switch|p2a: Regieleki|Regieleki, shiny|100/100
|-damage|p2a: Regieleki|88/100|[from] Stealth Rock
|turn|17
|
|t:|1662443179
|-start|p2a: Regieleki|Dynamax|
|-heal|p2a: Regieleki|88/100|[silent]
|move|p1a: 烈龙无敌|Extreme Speed|p2a: Regieleki
|-damage|p2a: Regieleki|53/100
|move|p2a: Regieleki|Max Lightning|p1a: 烈龙无敌
|-activate||deltastream
|-resisted|p1a: 烈龙无敌
|-damage|p1a: 烈龙无敌|0 fnt
|-fieldstart|move: Electric Terrain
|faint|p1a: 烈龙无敌
|-weather|none
|-damage|p2a: Regieleki|48/100|[from] item: Life Orb
|
|upkeep
|
|t:|1662443183
|switch|p1a: 究极辅助|Arceus-Dark|35/100 tox
|turn|18
|
|t:|1662443192
|move|p2a: Regieleki|Max Lightning|p1a: 究极辅助
|-damage|p1a: 究极辅助|0 fnt
|faint|p1a: 究极辅助
|-damage|p2a: Regieleki|43/100|[from] item: Life Orb
|
|upkeep
|
|t:|1662443194
|switch|p1a: 钢铁之躯|Necrozma-Dusk-Mane|100/100
|turn|19
|
|t:|1662443201
|detailschange|p1a: 钢铁之躯|Necrozma-Ultra
|-burst|p1a: 钢铁之躯|Necrozma|Ultranecrozium Z
|move|p2a: Regieleki|Max Lightning|p1a: 钢铁之躯
|-resisted|p1a: 钢铁之躯
|-damage|p1a: 钢铁之躯|26/100
|-damage|p2a: Regieleki|38/100|[from] item: Life Orb
|move|p1a: 钢铁之躯|Earthquake|p2a: Regieleki
|-supereffective|p2a: Regieleki
|-damage|p2a: Regieleki|0 fnt
|faint|p2a: Regieleki
|
|upkeep
|
|t:|1662443219
|switch|p2a: Rayquaza|Rayquaza|100/100
|-damage|p2a: Rayquaza|76/100|[from] Stealth Rock
|-ability|p2a: Rayquaza|Air Lock
|turn|20
|
|t:|1662443227
|detailschange|p2a: Rayquaza|Rayquaza-Mega
|-mega|p2a: Rayquaza|Rayquaza|
|-weather|DeltaStream|[from] ability: Delta Stream|[of] p2a: Rayquaza
|move|p2a: Rayquaza|Extreme Speed|p1a: 钢铁之躯
|-damage|p1a: 钢铁之躯|0 fnt
|faint|p1a: 钢铁之躯
|
|-weather|DeltaStream|[upkeep]
|upkeep
|
|t:|1662443229
|switch|p1a: 悬空羊驼|Arceus-Flying|100/100
|turn|21
|
|t:|1662443250
|-start|p1a: 悬空羊驼|Dynamax|
|-heal|p1a: 悬空羊驼|100/100|[silent]
|move|p2a: Rayquaza|Scale Shot|p1a: 悬空羊驼
|-damage|p1a: 悬空羊驼|95/100
|-damage|p1a: 悬空羊驼|90/100
|-damage|p1a: 悬空羊驼|84/100
|-damage|p1a: 悬空羊驼|79/100
|-hitcount|p1a: 悬空羊驼|4
|-unboost|p2a: Rayquaza|def|1
|-boost|p2a: Rayquaza|spe|1
|move|p1a: 悬空羊驼|Max Airstream|p2a: Rayquaza
|-damage|p2a: Rayquaza|0 fnt
|-boost|p1a: 悬空羊驼|spe|1
|faint|p2a: Rayquaza
|-weather|none
|
|-fieldend|move: Electric Terrain
|upkeep
|inactive|defame TV has 120 seconds left.
|
|t:|1662443268
|switch|p2a: Yveltal|Yveltal, shiny|100/100
|-damage|p2a: Yveltal|76/100|[from] Stealth Rock
|-ability|p2a: Yveltal|Dark Aura
|turn|22
|
|t:|1662443273
|move|p1a: 悬空羊驼|Max Airstream|p2a: Yveltal
|-damage|p2a: Yveltal|2/100
|-boost|p1a: 悬空羊驼|spe|1
|-zpower|p2a: Yveltal
|move|p2a: Yveltal|Black Hole Eclipse|p1a: 悬空羊驼|[zeffect]
|-damage|p1a: 悬空羊驼|41/100
|
|upkeep
|turn|23
|
|t:|1662443285
|move|p1a: 悬空羊驼|Max Airstream|p2a: Yveltal
|-damage|p2a: Yveltal|0 fnt
|-boost|p1a: 悬空羊驼|spe|1
|faint|p2a: Yveltal
|
|upkeep
|
|t:|1662443291
|switch|p2a: Arceus|Arceus-Electric|100/100
|-damage|p2a: Arceus|88/100|[from] Stealth Rock
|-end|p1a: 悬空羊驼|Dynamax
|-heal|p1a: 悬空羊驼|42/100|[silent]
|turn|24
|
|t:|1662443296
|move|p1a: 悬空羊驼|Calm Mind|p1a: 悬空羊驼
|-boost|p1a: 悬空羊驼|spa|1
|-boost|p1a: 悬空羊驼|spd|1
|move|p2a: Arceus|Judgment|p1a: 悬空羊驼
|-supereffective|p1a: 悬空羊驼
|-damage|p1a: 悬空羊驼|0 fnt
|faint|p1a: 悬空羊驼
|
|win|defame TV
|raw|CLEAR GEM清瑜's rating: 1850 &rarr; <strong>1826</strong><br />(-24 for losing)
|raw|defame TV's rating: 1783 &rarr; <strong>1807</strong><br />(+24 for winning)
