|j|☆BrixTrynaLuv
|j|☆Obito 2001
|t:|1666789658
|gametype|singles
|player|p1|BrixTrynaLuv|linebacker|1653
|player|p2|Obito 2001|teamrocket|1954
|teamsize|p1|6
|teamsize|p2|6
|gen|8
|tier|[Gen 8] National Dex AG
|rated|
|rule|HP Percentage Mod: HP is shown in percentages
|rule|Endless Battle Clause: Forcing endless battles is banned
|clearpoke
|poke|p1|Arceus-*|
|poke|p1|Yveltal|
|poke|p1|Calyrex-Shadow|
|poke|p1|Quagsire, F|
|poke|p1|Zygarde|
|poke|p1|Tyranitar, F|
|poke|p2|Necrozma-Dusk-Mane|
|poke|p2|Calyrex-Ice|
|poke|p2|Arceus-*|
|poke|p2|Ditto|
|poke|p2|Palkia|
|poke|p2|Arceus-*|
|teampreview
|inactive|Battle timer is ON: inactive players will automatically lose when time's up. (requested by Obito 2001)
|inactive|BrixTrynaLuv also wants the timer to be on.
|
|t:|1666789671
|start
|switch|p1a: Terr-One|Zygarde, shiny|100/100
|switch|p2a: Space Dragon 🌊|Palkia|100/100
|-ability|p2a: Space Dragon 🌊|Pressure
|turn|1
|
|t:|1666789678
|switch|p1a: Yvelat|Yveltal, shiny|100/100
|-ability|p1a: Yvelat|Dark Aura
|move|p2a: Space Dragon 🌊|Spacial Rend|p1a: Yvelat
|-damage|p1a: Yvelat|59/100
|
|upkeep
|turn|2
|
|t:|1666789684
|move|p1a: Yvelat|Dark Pulse|p2a: Space Dragon 🌊
|-crit|p2a: Space Dragon 🌊
|-damage|p2a: Space Dragon 🌊|35/100
|cant|p2a: Space Dragon 🌊|flinch
|
|upkeep
|turn|3
|
|t:|1666789690
|switch|p2a: Black🖤and white🤍|Arceus-Dark|100/100
|move|p1a: Yvelat|Oblivion Wing|p2a: Black🖤and white🤍
|-damage|p2a: Black🖤and white🤍|80/100
|-heal|p1a: Yvelat|76/100|[from] drain|[of] p2a: Black🖤and white🤍
|
|upkeep
|turn|4
|
|t:|1666789698
|move|p1a: Yvelat|Knock Off|p2a: Black🖤and white🤍
|-resisted|p2a: Black🖤and white🤍
|-damage|p2a: Black🖤and white🤍|70/100
|move|p2a: Black🖤and white🤍|Trick Room|p2a: Black🖤and white🤍
|-fieldstart|move: Trick Room|[of] p2a: Black🖤and white🤍
|
|upkeep
|turn|5
|
|t:|1666789705
|switch|p1a: Arceus|Arceus|100/100
|move|p2a: Black🖤and white🤍|Stone Edge|p1a: Arceus
|-damage|p1a: Arceus|82/100
|
|-heal|p1a: Arceus|88/100|[from] item: Leftovers
|upkeep
|turn|6
|
|t:|1666789713
|switch|p2a: 🦁❤️‍🔥|Necrozma-Dusk-Mane|100/100
|switch|p1a: Terr-One|Zygarde, shiny|100/100
|
|upkeep
|turn|7
|
|t:|1666789719
|move|p2a: 🦁❤️‍🔥|Swords Dance|p2a: 🦁❤️‍🔥
|-boost|p2a: 🦁❤️‍🔥|atk|2
|move|p1a: Terr-One|Substitute|p1a: Terr-One
|-start|p1a: Terr-One|Substitute
|-damage|p1a: Terr-One|75/100
|
|-heal|p1a: Terr-One|82/100|[from] item: Leftovers
|upkeep
|turn|8
|
|t:|1666789724
|move|p2a: 🦁❤️‍🔥|Earthquake|p1a: Terr-One
|-crit|p1a: Terr-One
|-end|p1a: Terr-One|Substitute
|move|p1a: Terr-One|Coil|p1a: Terr-One
|-boost|p1a: Terr-One|atk|1
|-boost|p1a: Terr-One|def|1
|-boost|p1a: Terr-One|accuracy|1
|
|-heal|p1a: Terr-One|88/100|[from] item: Leftovers
|-fieldend|move: Trick Room
|upkeep
|turn|9
|
|t:|1666789731
|move|p1a: Terr-One|Substitute|p1a: Terr-One
|-start|p1a: Terr-One|Substitute
|-damage|p1a: Terr-One|63/100
|move|p2a: 🦁❤️‍🔥|Sunsteel Strike|p1a: Terr-One
|-end|p1a: Terr-One|Substitute
|
|-heal|p1a: Terr-One|69/100|[from] item: Leftovers
|upkeep
|turn|10
|
|t:|1666789744
|move|p1a: Terr-One|Coil|p1a: Terr-One
|-boost|p1a: Terr-One|atk|1
|-boost|p1a: Terr-One|def|1
|-boost|p1a: Terr-One|accuracy|1
|move|p2a: 🦁❤️‍🔥|Sunsteel Strike|p1a: Terr-One
|-damage|p1a: Terr-One|36/100
|
|-heal|p1a: Terr-One|42/100|[from] item: Leftovers
|-activate|p1a: Terr-One|ability: Power Construct
|detailschange|p1a: Terr-One|Zygarde-Complete, shiny
|-heal|p1a: Terr-One|62/100|[silent]
|upkeep
|turn|11
|c|☆BrixTrynaLuv|that ditto looks scary
|
|t:|1666789752
|move|p1a: Terr-One|Coil|p1a: Terr-One
|-boost|p1a: Terr-One|atk|1
|-boost|p1a: Terr-One|def|1
|-boost|p1a: Terr-One|accuracy|1
|move|p2a: 🦁❤️‍🔥|Sunsteel Strike|p1a: Terr-One
|-damage|p1a: Terr-One|45/100
|
|-heal|p1a: Terr-One|51/100|[from] item: Leftovers
|upkeep
|turn|12
|
|t:|1666789763
|switch|p2a: Space Dragon 🌊|Palkia|35/100
|-ability|p2a: Space Dragon 🌊|Pressure
|move|p1a: Terr-One|Substitute|p1a: Terr-One
|-start|p1a: Terr-One|Substitute
|-damage|p1a: Terr-One|26/100
|
|-heal|p1a: Terr-One|32/100|[from] item: Leftovers
|upkeep
|turn|13
|
|t:|1666789767
|move|p1a: Terr-One|Thousand Arrows|p2a: Space Dragon 🌊
|-damage|p2a: Space Dragon 🌊|0 fnt
|faint|p2a: Space Dragon 🌊
|
|-heal|p1a: Terr-One|38/100|[from] item: Leftovers
|upkeep
|
|t:|1666789773
|switch|p2a: Black🖤and white🤍|Arceus-Dark|70/100
|turn|14
|
|t:|1666789775
|move|p2a: Black🖤and white🤍|Judgment|p1a: Terr-One
|-end|p1a: Terr-One|Substitute
|move|p1a: Terr-One|Coil|p1a: Terr-One
|-boost|p1a: Terr-One|atk|1
|-boost|p1a: Terr-One|def|1
|-boost|p1a: Terr-One|accuracy|1
|
|-heal|p1a: Terr-One|45/100|[from] item: Leftovers
|upkeep
|turn|15
|
|t:|1666789779
|-start|p1a: Terr-One|Dynamax|
|-heal|p1a: Terr-One|45/100|[silent]
|move|p2a: Black🖤and white🤍|Judgment|p1a: Terr-One
|-damage|p1a: Terr-One|32/100
|move|p1a: Terr-One|Max Quake|p2a: Black🖤and white🤍
|-damage|p2a: Black🖤and white🤍|0 fnt
|-boost|p1a: Terr-One|spd|1
|faint|p2a: Black🖤and white🤍
|
|-heal|p1a: Terr-One|35/100|[from] item: Leftovers
|upkeep
|
|t:|1666789785
|switch|p2a: Ice rider🧊🔮|Calyrex-Ice|100/100
|-ability|p2a: Ice rider🧊🔮|As One
|-ability|p2a: Ice rider🧊🔮|Unnerve
|turn|16
|
|t:|1666789789
|-start|p2a: Ice rider🧊🔮|Dynamax|
|-heal|p2a: Ice rider🧊🔮|100/100|[silent]
|move|p1a: Terr-One|Max Quake|p2a: Ice rider🧊🔮
|-damage|p2a: Ice rider🧊🔮|61/100
|-boost|p1a: Terr-One|spd|1
|move|p2a: Ice rider🧊🔮|Max Hailstorm|p1a: Terr-One
|-supereffective|p1a: Terr-One
|-damage|p1a: Terr-One|14/100
|-weather|Hail
|
|-weather|Hail|[upkeep]
|-damage|p1a: Terr-One|11/100|[from] Hail
|-heal|p1a: Terr-One|14/100|[from] item: Leftovers
|upkeep
|turn|17
|
|t:|1666789802
|move|p1a: Terr-One|Max Quake|p2a: Ice rider🧊🔮
|-damage|p2a: Ice rider🧊🔮|24/100
|-boost|p1a: Terr-One|spd|1
|move|p2a: Ice rider🧊🔮|Max Hailstorm|p1a: Terr-One
|-supereffective|p1a: Terr-One
|-damage|p1a: Terr-One|0 fnt
|faint|p1a: Terr-One
|-ability|p2a: Ice rider🧊🔮|Chilling Neigh|boost
|-boost|p2a: Ice rider🧊🔮|atk|1
|
|-weather|Hail|[upkeep]
|upkeep
|
|t:|1666789806
|switch|p1a: Cavaleiro Fantasma|Calyrex-Shadow|100/100
|-ability|p1a: Cavaleiro Fantasma|As One
|-ability|p1a: Cavaleiro Fantasma|Unnerve
|turn|18
|
|t:|1666789809
|-end|p2a: Ice rider🧊🔮|Dynamax
|-heal|p2a: Ice rider🧊🔮|24/100|[silent]
|switch|p2a: 👑|Arceus|100/100
|move|p1a: Cavaleiro Fantasma|Astral Barrage|p2a: 👑
|-immune|p2a: 👑
|
|-weather|Hail|[upkeep]
|-damage|p1a: Cavaleiro Fantasma|94/100|[from] Hail
|-damage|p2a: 👑|94/100|[from] Hail
|upkeep
|turn|19
|
|t:|1666789818
|switch|p1a: Quagsire|Quagsire, F, shiny|100/100
|switch|p2a: Ice rider🧊🔮|Calyrex-Ice|24/100
|-ability|p2a: Ice rider🧊🔮|As One
|-ability|p2a: Ice rider🧊🔮|Unnerve
|
|-weather|Hail|[upkeep]
|-damage|p1a: Quagsire|94/100|[from] Hail
|upkeep
|turn|20
|
|t:|1666789825
|move|p2a: Ice rider🧊🔮|Glacial Lance|p1a: Quagsire
|-damage|p1a: Quagsire|27/100
|move|p1a: Quagsire|Scald|p2a: Ice rider🧊🔮
|-damage|p2a: Ice rider🧊🔮|12/100
|
|-weather|none
|upkeep
|turn|21
|
|t:|1666789832
|switch|p1a: Arceus|Arceus|88/100
|move|p2a: Ice rider🧊🔮|Glacial Lance|p1a: Arceus
|-damage|p1a: Arceus|25/100
|
|-heal|p1a: Arceus|32/100|[from] item: Leftovers
|upkeep
|turn|22
|
|t:|1666789836
|switch|p2a: 🦁❤️‍🔥|Necrozma-Dusk-Mane|100/100
|move|p1a: Arceus|Earthquake|p2a: 🦁❤️‍🔥
|-supereffective|p2a: 🦁❤️‍🔥
|-damage|p2a: 🦁❤️‍🔥|63/100
|-enditem|p2a: 🦁❤️‍🔥|Weakness Policy
|-boost|p2a: 🦁❤️‍🔥|atk|2|[from] item: Weakness Policy
|-boost|p2a: 🦁❤️‍🔥|spa|2|[from] item: Weakness Policy
|
|-heal|p1a: Arceus|38/100|[from] item: Leftovers
|upkeep
|turn|23
|c|☆BrixTrynaLuv|hm
|
|t:|1666789847
|move|p1a: Arceus|Earthquake|p2a: 🦁❤️‍🔥
|-supereffective|p2a: 🦁❤️‍🔥
|-damage|p2a: 🦁❤️‍🔥|26/100
|move|p2a: 🦁❤️‍🔥|Sunsteel Strike|p1a: Arceus
|-damage|p1a: Arceus|0 fnt
|faint|p1a: Arceus
|
|upkeep
|
|t:|1666789855
|switch|p1a: Yvelat|Yveltal, shiny|76/100
|-ability|p1a: Yvelat|Dark Aura
|turn|24
|
|t:|1666789860
|move|p1a: Yvelat|Dark Pulse|p2a: 🦁❤️‍🔥
|-supereffective|p2a: 🦁❤️‍🔥
|-damage|p2a: 🦁❤️‍🔥|0 fnt
|faint|p2a: 🦁❤️‍🔥
|
|upkeep
|
|t:|1666789869
|switch|p2a: 👑|Arceus|94/100
|turn|25
|
|t:|1666789872
|move|p1a: Yvelat|Oblivion Wing|p2a: 👑
|-damage|p2a: 👑|66/100
|-heal|p1a: Yvelat|99/100|[from] drain|[of] p2a: 👑
|move|p2a: 👑|Swords Dance|p2a: 👑
|-boost|p2a: 👑|atk|2
|
|upkeep
|turn|26
|
|t:|1666789876
|move|p2a: 👑|Extreme Speed|p1a: Yvelat
|-damage|p1a: Yvelat|28/100
|move|p1a: Yvelat|Knock Off|p2a: 👑
|-damage|p2a: 👑|29/100
|-enditem|p2a: 👑|Lum Berry|[from] move: Knock Off|[of] p1a: Yvelat
|
|upkeep
|turn|27
|
|t:|1666789882
|move|p2a: 👑|Extreme Speed|p1a: Yvelat
|-damage|p1a: Yvelat|0 fnt
|faint|p1a: Yvelat
|
|upkeep
|
|t:|1666789886
|switch|p1a: Quagsire|Quagsire, F, shiny|27/100
|turn|28
|
|t:|1666789889
|move|p2a: 👑|Extreme Speed|p1a: Quagsire
|-damage|p1a: Quagsire|0 fnt
|-damage|p2a: 👑|13/100|[from] item: Rocky Helmet|[of] p1a: Quagsire
|faint|p1a: Quagsire
|
|upkeep
|
|t:|1666789891
|switch|p1a: Cavaleiro Fantasma|Calyrex-Shadow|94/100
|-ability|p1a: Cavaleiro Fantasma|As One
|-ability|p1a: Cavaleiro Fantasma|Unnerve
|turn|29
|
|t:|1666789896
|switch|p2a: Dittuuuu❤️‍🔥|Ditto, shiny|100/100
|-transform|p2a: Dittuuuu❤️‍🔥|p1a: Cavaleiro Fantasma|[from] ability: Imposter
|move|p1a: Cavaleiro Fantasma|Psyshock|p2a: Dittuuuu❤️‍🔥
|-resisted|p2a: Dittuuuu❤️‍🔥
|-damage|p2a: Dittuuuu❤️‍🔥|65/100
|
|upkeep
|turn|30
|
|t:|1666789910
|switch|p2a: 👑|Arceus|13/100
|switch|p1a: Ty-One|Tyranitar, F|100/100
|-weather|Sandstorm|[from] ability: Sand Stream|[of] p1a: Ty-One
|
|-weather|Sandstorm|[upkeep]
|-damage|p2a: 👑|7/100|[from] Sandstorm
|upkeep
|turn|31
|
|t:|1666789914
|move|p2a: 👑|Recover|p2a: 👑
|-heal|p2a: 👑|57/100
|move|p1a: Ty-One|Crunch|p2a: 👑
|-damage|p2a: 👑|23/100
|
|-weather|Sandstorm|[upkeep]
|-damage|p2a: 👑|17/100|[from] Sandstorm
|upkeep
|turn|32
|
|t:|1666789917
|move|p2a: 👑|Recover|p2a: 👑
|-heal|p2a: 👑|67/100
|move|p1a: Ty-One|Stone Edge|p2a: 👑
|-damage|p2a: 👑|30/100
|
|-weather|Sandstorm|[upkeep]
|-damage|p2a: 👑|24/100|[from] Sandstorm
|upkeep
|turn|33
|
|t:|1666789924
|move|p2a: 👑|Recover|p2a: 👑
|-heal|p2a: 👑|74/100
|move|p1a: Ty-One|Stone Edge|p2a: 👑
|-crit|p2a: 👑
|-damage|p2a: 👑|12/100
|
|-weather|Sandstorm|[upkeep]
|-damage|p2a: 👑|6/100|[from] Sandstorm
|upkeep
|turn|34
|
|t:|1666789931
|move|p2a: 👑|Recover|p2a: 👑
|-heal|p2a: 👑|56/100
|move|p1a: Ty-One|Stone Edge|p2a: 👑
|-damage|p2a: 👑|15/100
|
|-weather|none
|upkeep
|turn|35
|
|t:|1666789935
|move|p2a: 👑|Recover|p2a: 👑
|-heal|p2a: 👑|65/100
|move|p1a: Ty-One|Stone Edge|p2a: 👑
|-damage|p2a: 👑|27/100
|
|upkeep
|turn|36
|
|t:|1666789940
|move|p2a: 👑|Recover|p2a: 👑
|-heal|p2a: 👑|77/100
|move|p1a: Ty-One|Stone Edge|p2a: 👑
|-damage|p2a: 👑|39/100
|
|upkeep
|turn|37
|
|t:|1666789944
|move|p2a: 👑|Recover|p2a: 👑
|-heal|p2a: 👑|89/100
|move|p1a: Ty-One|Stone Edge|p2a: 👑
|-damage|p2a: 👑|49/100
|
|upkeep
|turn|38
|
|t:|1666789948
|move|p2a: 👑|Recover|p2a: 👑
|-heal|p2a: 👑|99/100
|move|p1a: Ty-One|Stone Edge|p2a: 👑
|-damage|p2a: 👑|60/100
|
|upkeep
|turn|39
|
|t:|1666789951
|move|p2a: 👑|Recover|p2a: 👑
|-heal|p2a: 👑|100/100
|move|p1a: Ty-One|Stone Edge|p2a: 👑
|-crit|p2a: 👑
|-damage|p2a: 👑|46/100
|
|upkeep
|turn|40
|
|t:|1666789954
|switch|p1a: Cavaleiro Fantasma|Calyrex-Shadow|94/100
|-ability|p1a: Cavaleiro Fantasma|As One
|-ability|p1a: Cavaleiro Fantasma|Unnerve
|move|p2a: 👑|Recover|p2a: 👑
|-heal|p2a: 👑|96/100
|
|upkeep
|turn|41
|
|t:|1666789958
|switch|p1a: Ty-One|Tyranitar, F|100/100
|-weather|Sandstorm|[from] ability: Sand Stream|[of] p1a: Ty-One
|move|p2a: 👑|Shadow Claw|p1a: Ty-One
|-resisted|p1a: Ty-One
|-damage|p1a: Ty-One|92/100
|
|-weather|Sandstorm|[upkeep]
|-damage|p2a: 👑|90/100|[from] Sandstorm
|upkeep
|turn|42
|
|t:|1666789963
|move|p2a: 👑|Swords Dance|p2a: 👑
|-boost|p2a: 👑|atk|2
|move|p1a: Ty-One|Crunch|p2a: 👑
|-damage|p2a: 👑|59/100
|-unboost|p2a: 👑|def|1
|
|-weather|Sandstorm|[upkeep]
|-damage|p2a: 👑|53/100|[from] Sandstorm
|upkeep
|turn|43
|
|t:|1666789965
|move|p2a: 👑|Recover|p2a: 👑
|-heal|p2a: 👑|100/100
|move|p1a: Ty-One|Crunch|p2a: 👑
|-crit|p2a: 👑
|-damage|p2a: 👑|29/100
|
|-weather|Sandstorm|[upkeep]
|-damage|p2a: 👑|23/100|[from] Sandstorm
|upkeep
|turn|44
|c|☆Obito 2001|How many crits omg
|
|t:|1666789978
|switch|p2a: Ice rider🧊🔮|Calyrex-Ice|12/100
|-ability|p2a: Ice rider🧊🔮|As One
|-ability|p2a: Ice rider🧊🔮|Unnerve
|move|p1a: Ty-One|Crunch|p2a: Ice rider🧊🔮
|-supereffective|p2a: Ice rider🧊🔮
|-damage|p2a: Ice rider🧊🔮|0 fnt
|faint|p2a: Ice rider🧊🔮
|
|-weather|Sandstorm|[upkeep]
|upkeep
|c|☆BrixTrynaLuv|lol
|
|t:|1666789983
|switch|p2a: 👑|Arceus|23/100
|turn|45
|
|t:|1666789987
|move|p2a: 👑|Recover|p2a: 👑
|-heal|p2a: 👑|73/100
|move|p1a: Ty-One|Crunch|p2a: 👑
|-crit|p2a: 👑
|-damage|p2a: 👑|26/100
|
|-weather|none
|upkeep
|turn|46
|c|☆BrixTrynaLuv|just die jesus
|
|t:|1666789992
|move|p2a: 👑|Recover|p2a: 👑
|-heal|p2a: 👑|76/100
|move|p1a: Ty-One|Crunch|p2a: 👑
|-damage|p2a: 👑|44/100
|
|upkeep
|turn|47
|
|t:|1666789994
|move|p2a: 👑|Recover|p2a: 👑
|-heal|p2a: 👑|94/100
|move|p1a: Ty-One|Crunch|p2a: 👑
|-damage|p2a: 👑|65/100
|-unboost|p2a: 👑|def|1
|
|upkeep
|turn|48
|
|t:|1666789997
|switch|p2a: Dittuuuu❤️‍🔥|Ditto, shiny|65/100
|-transform|p2a: Dittuuuu❤️‍🔥|p1a: Ty-One|[from] ability: Imposter
|-weather|Sandstorm|[from] ability: Sand Stream|[of] p2a: Dittuuuu❤️‍🔥
|move|p1a: Ty-One|Earthquake|p2a: Dittuuuu❤️‍🔥
|-supereffective|p2a: Dittuuuu❤️‍🔥
|-damage|p2a: Dittuuuu❤️‍🔥|0 fnt
|faint|p2a: Dittuuuu❤️‍🔥
|
|-weather|Sandstorm|[upkeep]
|upkeep
|
|t:|1666790000
|switch|p2a: 👑|Arceus|65/100
|turn|49
|
|t:|1666790005
|move|p2a: 👑|Swords Dance|p2a: 👑
|-boost|p2a: 👑|atk|2
|move|p1a: Ty-One|Crunch|p2a: 👑
|-damage|p2a: 👑|33/100
|
|-weather|Sandstorm|[upkeep]
|-damage|p2a: 👑|27/100|[from] Sandstorm
|upkeep
|turn|50
|
|t:|1666790007
|move|p2a: 👑|Recover|p2a: 👑
|-heal|p2a: 👑|77/100
|move|p1a: Ty-One|Crunch|p2a: 👑
|-damage|p2a: 👑|46/100
|
|-weather|Sandstorm|[upkeep]
|-damage|p2a: 👑|39/100|[from] Sandstorm
|upkeep
|turn|51
|
|t:|1666790010
|move|p2a: 👑|Recover|p2a: 👑
|-heal|p2a: 👑|89/100
|move|p1a: Ty-One|Crunch|p2a: 👑
|-damage|p2a: 👑|58/100
|
|-weather|Sandstorm|[upkeep]
|-damage|p2a: 👑|52/100|[from] Sandstorm
|upkeep
|turn|52
|
|t:|1666790013
|move|p2a: 👑|Extreme Speed|p1a: Ty-One
|-resisted|p1a: Ty-One
|-damage|p1a: Ty-One|59/100
|move|p1a: Ty-One|Crunch|p2a: 👑
|-damage|p2a: 👑|19/100
|
|-weather|none
|upkeep
|turn|53
|
|t:|1666790016
|move|p2a: 👑|Extreme Speed|p1a: Ty-One
|-resisted|p1a: Ty-One
|-damage|p1a: Ty-One|28/100
|move|p1a: Ty-One|Crunch|p2a: 👑
|-damage|p2a: 👑|0 fnt
|faint|p2a: 👑
|
|win|BrixTrynaLuv
|raw|BrixTrynaLuv's rating: 1653 &rarr; <strong>1687</strong><br />(+34 for winning)
|raw|Obito 2001's rating: 1954 &rarr; <strong>1920</strong><br />(-34 for losing)
|c|☆BrixTrynaLuv|gg
|c|☆BrixTrynaLuv|oh wow
|c|☆Obito 2001|Gg crit master
|l|☆Obito 2001
|player|p1|BrixTrynaLuv|linebacker
||Ladder isn't responding, score probably updated but might not have (Request timeout).
