|j|☆Log4j
|j|☆Pkmn3443
|t:|1618081142
|gametype|singles
|player|p1|Log4j|169|1736
|player|p2|Pkmn3443|2|1910
|teamsize|p1|6
|teamsize|p2|6
|gen|8
|tier|[Gen 8] National Dex AG
|rated|
|clearpoke
|poke|p1|Rayquaza|
|poke|p1|Zacian-Crowned|
|poke|p1|Yveltal|
|poke|p1|Calyrex-Shadow|
|poke|p1|Ho-Oh|
|poke|p1|Ditto|
|poke|p2|Zacian-Crowned|
|poke|p2|Necrozma-Dusk-Mane|
|poke|p2|Ditto|
|poke|p2|Ho-Oh|
|poke|p2|Rayquaza|
|poke|p2|Yveltal|
|rule|HP Percentage Mod: HP is shown in percentages
|rule|Endless Battle Clause: Forcing endless battles is banned
|teampreview
|
|t:|1618081165
|start
|switch|p1a: Calyrex|Calyrex-Shadow|100/100
|switch|p2a: Ho-Oh|Ho-Oh|100/100
|-ability|p1a: Calyrex|As One
|-ability|p1a: Calyrex|Unnerve
|turn|1
|
|t:|1618081175
|switch|p1a: Ho-Oh|Ho-Oh|100/100
|move|p2a: Ho-Oh|Sacred Fire|p1a: Ho-Oh
|-resisted|p1a: Ho-Oh
|-damage|p1a: Ho-Oh|87/100
|
|upkeep
|turn|2
|
|t:|1618081181
|move|p2a: Ho-Oh|Toxic|p1a: Ho-Oh
|-status|p1a: Ho-Oh|tox
|move|p1a: Ho-Oh|Toxic|p2a: Ho-Oh
|-status|p2a: Ho-Oh|tox
|
|-damage|p2a: Ho-Oh|94/100 tox|[from] psn
|-damage|p1a: Ho-Oh|81/100 tox|[from] psn
|upkeep
|turn|3
|
|t:|1618081185
|switch|p2a: Ditto|Ditto|100/100
|-transform|p2a: Ditto|p1a: Ho-Oh|[from] ability: Imposter
|move|p1a: Ho-Oh|Sacred Fire|p2a: Ditto
|-resisted|p2a: Ditto
|-damage|p2a: Ditto|79/100
|
|-damage|p1a: Ho-Oh|69/100 tox|[from] psn
|upkeep
|turn|4
|
|t:|1618081193
|switch|p2a: Ho-Oh|Ho-Oh|100/100 tox
|move|p1a: Ho-Oh|Toxic|p2a: Ho-Oh
|-fail|p2a: Ho-Oh|tox
|
|-damage|p1a: Ho-Oh|51/100 tox|[from] psn
|-damage|p2a: Ho-Oh|94/100 tox|[from] psn
|upkeep
|turn|5
|
|t:|1618081202
|move|p1a: Ho-Oh|Sacred Fire|p2a: Ho-Oh
|-resisted|p2a: Ho-Oh
|-damage|p2a: Ho-Oh|78/100 tox
|move|p2a: Ho-Oh|Toxic|p1a: Ho-Oh
|-fail|p1a: Ho-Oh|tox
|
|-damage|p1a: Ho-Oh|27/100 tox|[from] psn
|-damage|p2a: Ho-Oh|65/100 tox|[from] psn
|upkeep
|turn|6
|
|t:|1618081210
|switch|p1a: Ditto|Ditto|100/100
|-transform|p1a: Ditto|p2a: Ho-Oh|[from] ability: Imposter
|move|p2a: Ho-Oh|Sacred Fire|p1a: Ditto
|-resisted|p1a: Ditto
|-damage|p1a: Ditto|80/100
|
|-damage|p2a: Ho-Oh|47/100 tox|[from] psn
|upkeep
|turn|7
|
|t:|1618081217
|move|p1a: Ditto|Sacred Fire|p2a: Ho-Oh|[miss]
|-miss|p1a: Ditto|p2a: Ho-Oh
|move|p2a: Ho-Oh|Toxic|p1a: Ditto
|-status|p1a: Ditto|tox
|
|-damage|p1a: Ditto|74/100 tox|[from] psn
|-damage|p2a: Ho-Oh|22/100 tox|[from] psn
|upkeep
|turn|8
|j| Beatboxing_Phantom
|
|t:|1618081226
|switch|p2a: Necrozma|Necrozma-Dusk-Mane|100/100
|move|p1a: Ditto|Sacred Fire|p2a: Necrozma
|-supereffective|p2a: Necrozma
|-damage|p2a: Necrozma|65/100
|-status|p2a: Necrozma|brn
|
|-damage|p1a: Ditto|62/100 tox|[from] psn
|-damage|p2a: Necrozma|59/100 brn|[from] brn
|upkeep
|turn|9
|j| FaZe Fab1jas
|
|t:|1618081233
|switch|p1a: Ho-Oh|Ho-Oh|60/100 tox
|move|p2a: Necrozma|Morning Sun|p2a: Necrozma
|-heal|p2a: Necrozma|100/100 brn
|
|-damage|p1a: Ho-Oh|54/100 tox|[from] psn
|-damage|p2a: Necrozma|94/100 brn|[from] brn
|upkeep
|turn|10
|
|t:|1618081239
|switch|p1a: Yveltal|Yveltal|100/100
|-ability|p1a: Yveltal|Dark Aura
|move|p2a: Necrozma|Stealth Rock|p1a: Yveltal
|-sidestart|p1: Log4j|move: Stealth Rock
|
|-damage|p2a: Necrozma|88/100 brn|[from] brn
|upkeep
|turn|11
|
|t:|1618081248
|switch|p2a: Zacian|Zacian-Crowned|100/100
|-ability|p2a: Zacian|Intrepid Sword|boost
|-boost|p2a: Zacian|atk|1
|-start|p1a: Yveltal|Dynamax
|-heal|p1a: Yveltal|100/100|[silent]
|move|p1a: Yveltal|Max Airstream|p2a: Zacian
|-resisted|p2a: Zacian
|-damage|p2a: Zacian|59/100
|-boost|p1a: Yveltal|spe|1
|-damage|p1a: Yveltal|96/100|[from] item: Life Orb
|
|upkeep
|turn|12
|
|t:|1618081254
|move|p1a: Yveltal|Max Darkness|p2a: Zacian
|-resisted|p2a: Zacian
|-damage|p2a: Zacian|1/100
|-unboost|p2a: Zacian|spd|1
|-damage|p1a: Yveltal|91/100|[from] item: Life Orb
|move|p2a: Zacian|Behemoth Blade|p1a: Yveltal
|-crit|p1a: Yveltal
|-damage|p1a: Yveltal|0 fnt
|faint|p1a: Yveltal
|
|upkeep
|
|t:|1618081262
|switch|p1a: Ditto|Ditto|95/100 tox
|-damage|p1a: Ditto|83/100 tox|[from] Stealth Rock
|-transform|p1a: Ditto|p2a: Zacian|[from] ability: Imposter
|-ability|p1a: Ditto|Intrepid Sword|boost
|-boost|p1a: Ditto|atk|1
|turn|13
|
|t:|1618081270
|move|p1a: Ditto|Crunch|p2a: Zacian
|-resisted|p2a: Zacian
|-damage|p2a: Zacian|0 fnt
|faint|p2a: Zacian
|
|-damage|p1a: Ditto|77/100 tox|[from] psn
|upkeep
|
|t:|1618081279
|switch|p2a: Ho-Oh|Ho-Oh|55/100 tox
|turn|14
|
|t:|1618081283
|move|p1a: Ditto|Crunch|p2a: Ho-Oh
|-damage|p2a: Ho-Oh|2/100 tox
|move|p2a: Ho-Oh|Sacred Fire|p1a: Ditto|[miss]
|-miss|p2a: Ho-Oh|p1a: Ditto
|
|-damage|p1a: Ditto|65/100 tox|[from] psn
|-damage|p2a: Ho-Oh|0 fnt|[from] psn
|faint|p2a: Ho-Oh
|upkeep
|
|t:|1618081288
|switch|p2a: Rayquaza|Rayquaza|100/100
|-ability|p2a: Rayquaza|Air Lock
|turn|15
|
|t:|1618081296
|detailschange|p2a: Rayquaza|Rayquaza-Mega
|-mega|p2a: Rayquaza|Rayquaza|
|-weather|DeltaStream|[from] ability: Delta Stream|[of] p2a: Rayquaza
|move|p1a: Ditto|Crunch|p2a: Rayquaza
|-damage|p2a: Rayquaza|24/100
|move|p2a: Rayquaza|Dragon Ascent|p1a: Ditto
|-resisted|p1a: Ditto
|-damage|p1a: Ditto|12/100 tox
|-unboost|p2a: Rayquaza|def|1
|-unboost|p2a: Rayquaza|spd|1
|-damage|p2a: Rayquaza|14/100|[from] item: Life Orb
|
|-weather|DeltaStream|[upkeep]
|-damage|p1a: Ditto|0 fnt|[from] psn
|faint|p1a: Ditto
|upkeep
|
|t:|1618081303
|switch|p1a: Ho-Oh|Ho-Oh|87/100 tox
|turn|16
|
|t:|1618081308
|move|p2a: Rayquaza|Dragon Ascent|p1a: Ho-Oh
|-damage|p1a: Ho-Oh|15/100 tox
|-unboost|p2a: Rayquaza|def|1
|-unboost|p2a: Rayquaza|spd|1
|-damage|p2a: Rayquaza|4/100|[from] item: Life Orb
|move|p1a: Ho-Oh|Defog|p2a: Rayquaza
|-unboost|p2a: Rayquaza|evasion|1
|-sideend|p1: Log4j|Stealth Rock|[from] move: Defog|[of] p1a: Ho-Oh
|
|-weather|DeltaStream|[upkeep]
|-damage|p1a: Ho-Oh|9/100 tox|[from] psn
|upkeep
|turn|17
|
|t:|1618081325
|-weather|none
|switch|p2a: Necrozma|Necrozma-Dusk-Mane|88/100 brn
|move|p1a: Ho-Oh|Sacred Fire|p2a: Necrozma
|-supereffective|p2a: Necrozma
|-damage|p2a: Necrozma|54/100 brn
|
|-damage|p1a: Ho-Oh|0 fnt|[from] psn
|faint|p1a: Ho-Oh
|-damage|p2a: Necrozma|48/100 brn|[from] brn
|upkeep
|
|t:|1618081336
|switch|p1a: Rayquaza|Rayquaza|100/100
|-ability|p1a: Rayquaza|Air Lock
|turn|18
|
|t:|1618081347
|detailschange|p1a: Rayquaza|Rayquaza-Mega
|-mega|p1a: Rayquaza|Rayquaza|
|-weather|DeltaStream|[from] ability: Delta Stream|[of] p1a: Rayquaza
|move|p1a: Rayquaza|V-create|p2a: Necrozma
|-supereffective|p2a: Necrozma
|-damage|p2a: Necrozma|0 fnt
|-unboost|p1a: Rayquaza|spe|1
|-unboost|p1a: Rayquaza|def|1
|-unboost|p1a: Rayquaza|spd|1
|-damage|p1a: Rayquaza|84/100|[from] item: Rocky Helmet|[of] p2a: Necrozma
|faint|p2a: Necrozma
|
|-weather|DeltaStream|[upkeep]
|upkeep
|
|t:|1618081351
|switch|p2a: Ditto|Ditto|100/100
|-transform|p2a: Ditto|p1a: Rayquaza|[from] ability: Imposter
|turn|19
|
|t:|1618081361
|move|p1a: Rayquaza|Extreme Speed|p2a: Ditto
|-damage|p2a: Ditto|39/100
|move|p2a: Ditto|Dragon Ascent|p1a: Rayquaza
|-crit|p1a: Rayquaza
|-damage|p1a: Rayquaza|0 fnt
|-unboost|p2a: Ditto|def|1
|-unboost|p2a: Ditto|spd|1
|faint|p1a: Rayquaza
|
|-weather|DeltaStream|[upkeep]
|upkeep
|
|t:|1618081368
|switch|p1a: Zacian|Zacian-Crowned|100/100
|-ability|p1a: Zacian|Intrepid Sword|boost
|-boost|p1a: Zacian|atk|1
|turn|20
|
|t:|1618081384
|switch|p1a: Calyrex|Calyrex-Shadow|100/100
|-ability|p1a: Calyrex|As One
|-ability|p1a: Calyrex|Unnerve
|-weather|none
|switch|p2a: Rayquaza|Rayquaza-Mega|4/100
|-weather|DeltaStream|[from] ability: Delta Stream|[of] p2a: Rayquaza
|
|-weather|DeltaStream|[upkeep]
|upkeep
|turn|21
|
|t:|1618081396
|move|p1a: Calyrex|Astral Barrage|p2a: Rayquaza
|-damage|p2a: Rayquaza|0 fnt
|faint|p2a: Rayquaza
|-weather|none
|-ability|p1a: Calyrex|Grim Neigh|boost
|-boost|p1a: Calyrex|spa|1
|
|upkeep
|
|t:|1618081398
|switch|p2a: Yveltal|Yveltal|100/100
|-ability|p2a: Yveltal|Dark Aura
|turn|22
|
|t:|1618081403
|-start|p2a: Yveltal|Dynamax
|-heal|p2a: Yveltal|100/100|[silent]
|move|p1a: Calyrex|Draining Kiss|p2a: Yveltal
|-supereffective|p2a: Yveltal
|-damage|p2a: Yveltal|74/100
|move|p2a: Yveltal|Max Airstream|p1a: Calyrex
|-damage|p1a: Calyrex|8/100
|-boost|p2a: Yveltal|spe|1
|-damage|p2a: Yveltal|69/100|[from] item: Life Orb
|
|upkeep
|turn|23
|
|t:|1618081409
|move|p2a: Yveltal|Max Airstream|p1a: Calyrex
|-damage|p1a: Calyrex|0 fnt
|-boost|p2a: Yveltal|spe|1
|-damage|p2a: Yveltal|64/100|[from] item: Life Orb
|faint|p1a: Calyrex
|
|upkeep
|
|t:|1618081411
|switch|p1a: Zacian|Zacian-Crowned|100/100
|-ability|p1a: Zacian|Intrepid Sword|boost
|-boost|p1a: Zacian|atk|1
|turn|24
|
|t:|1618081414
|move|p2a: Yveltal|Max Flare|p1a: Zacian
|-supereffective|p1a: Zacian
|-damage|p1a: Zacian|0 fnt
|-weather|SunnyDay
|-damage|p2a: Yveltal|59/100|[from] item: Life Orb
|faint|p1a: Zacian
|
|win|Pkmn3443
|raw|Log4j's rating: 1736 &rarr; <strong>1725</strong><br />(-11 for losing)
|raw|Pkmn3443's rating: 1910 &rarr; <strong>1921</strong><br />(+11 for winning)
