|j|☆AInb
|j|☆rarh2
|t:|1643705689
|gametype|singles
|player|p1|AInb|pokemonrangerf-gen4|1483
|player|p2|rarh2|colress|1622
|teamsize|p1|6
|teamsize|p2|6
|gen|8
|tier|[Gen 8] National Dex AG
|rated|
|rule|HP Percentage Mod: HP is shown in percentages
|rule|Endless Battle Clause: Forcing endless battles is banned
|clearpoke
|poke|p1|Slurpuff, M|
|poke|p1|Groudon|
|poke|p1|Arceus-*|
|poke|p1|Rayquaza|
|poke|p1|Zacian-*|
|poke|p1|Yveltal|
|poke|p2|Calyrex-Shadow|
|poke|p2|Zacian-*|
|poke|p2|Ditto|
|poke|p2|Rayquaza|
|poke|p2|Xerneas-*|
|poke|p2|Smeargle, F|
|teampreview
|inactive|Battle timer is ON: inactive players will automatically lose when time's up. (requested by AInb)
|
|t:|1643705711
|start
|switch|p1a: Slurpuff|Slurpuff, M|100/100
|switch|p2a: Smeargle|Smeargle, F|100/100
|turn|1
|
|t:|1643705721
|move|p1a: Slurpuff|Magic Coat|p1a: Slurpuff
|-singleturn|p1a: Slurpuff|move: Magic Coat
|move|p2a: Smeargle|Nuzzle|p1a: Slurpuff
|-damage|p1a: Slurpuff|92/100
|-status|p1a: Slurpuff|par
|
|upkeep
|turn|2
|
|t:|1643705729
|move|p2a: Smeargle|Sticky Web|p1a: Slurpuff
|-sidestart|p1: AInb|move: Sticky Web
|move|p1a: Slurpuff|Sticky Web|p2a: Smeargle
|-sidestart|p2: rarh2|move: Sticky Web
|
|upkeep
|turn|3
|
|t:|1643705735
|move|p2a: Smeargle|Rapid Spin|p1a: Slurpuff
|-crit|p1a: Slurpuff
|-damage|p1a: Slurpuff|48/100 par
|-boost|p2a: Smeargle|spe|1
|-sideend|p2: rarh2|Sticky Web|[from] move: Rapid Spin|[of] p2a: Smeargle
|cant|p1a: Slurpuff|par
|
|upkeep
|turn|4
|
|t:|1643705743
|move|p2a: Smeargle|Stealth Rock|p1a: Slurpuff
|-sidestart|p1: AInb|move: Stealth Rock
|cant|p1a: Slurpuff|par
|
|upkeep
|turn|5
|
|t:|1643705750
|move|p2a: Smeargle|Rapid Spin|p1a: Slurpuff
|-damage|p1a: Slurpuff|19/100 par
|-boost|p2a: Smeargle|spe|1
|move|p1a: Slurpuff|Sticky Web|p2a: Smeargle
|-sidestart|p2: rarh2|move: Sticky Web
|
|upkeep
|turn|6
|
|t:|1643705756
|move|p2a: Smeargle|Rapid Spin|p1a: Slurpuff
|-damage|p1a: Slurpuff|0 fnt
|-boost|p2a: Smeargle|spe|1
|-sideend|p2: rarh2|Sticky Web|[from] move: Rapid Spin|[of] p2a: Smeargle
|faint|p1a: Slurpuff
|
|upkeep
|
|t:|1643705764
|switch|p1a: Groudon|Groudon|100/100
|-damage|p1a: Groudon|94/100|[from] Stealth Rock
|-activate|p1a: Groudon|move: Sticky Web
|-unboost|p1a: Groudon|spe|1
|detailschange|p1a: Groudon|Groudon-Primal
|-primal|p1a: Groudon
|-weather|DesolateLand|[from] ability: Desolate Land|[of] p1a: Groudon
|turn|7
|inactive|rarh2 has 120 seconds left.
|
|t:|1643705802
|move|p2a: Smeargle|Rapid Spin|p1a: Groudon
|-damage|p1a: Groudon|86/100
|-boost|p2a: Smeargle|spe|1
|move|p1a: Groudon|Swords Dance|p1a: Groudon
|-boost|p1a: Groudon|atk|2
|
|-weather|DesolateLand|[upkeep]
|upkeep
|turn|8
|
|t:|1643705810
|move|p2a: Smeargle|Rapid Spin|p1a: Groudon
|-damage|p1a: Groudon|77/100
|-boost|p2a: Smeargle|spe|1
|move|p1a: Groudon|Precipice Blades|p2a: Smeargle
|-enditem|p2a: Smeargle|Focus Sash
|-damage|p2a: Smeargle|1/100
|
|-weather|DesolateLand|[upkeep]
|upkeep
|turn|9
|
|t:|1643705819
|move|p2a: Smeargle|Rapid Spin|p1a: Groudon
|-damage|p1a: Groudon|66/100
|-boost|p2a: Smeargle|spe|1
|move|p1a: Groudon|Stealth Rock|p2a: Smeargle
|-sidestart|p2: rarh2|move: Stealth Rock
|
|-weather|DesolateLand|[upkeep]
|upkeep
|turn|10
|
|t:|1643705826
|move|p2a: Smeargle|Rapid Spin|p1a: Groudon
|-crit|p1a: Groudon
|-damage|p1a: Groudon|53/100
|-sideend|p2: rarh2|Stealth Rock|[from] move: Rapid Spin|[of] p2a: Smeargle
|move|p1a: Groudon|Precipice Blades|p2a: Smeargle|[miss]
|-miss|p1a: Groudon|p2a: Smeargle
|
|-weather|DesolateLand|[upkeep]
|upkeep
|turn|11
|
|t:|1643705833
|move|p2a: Smeargle|Rapid Spin|p1a: Groudon
|-damage|p1a: Groudon|44/100
|move|p1a: Groudon|Rock Tomb|p2a: Smeargle
|-damage|p2a: Smeargle|0 fnt
|faint|p2a: Smeargle
|
|-weather|DesolateLand|[upkeep]
|upkeep
|
|t:|1643705844
|switch|p2a: Ditto|Ditto|100/100
|-transform|p2a: Ditto|p1a: Groudon|[from] ability: Imposter
|turn|12
|
|t:|1643705857
|move|p2a: Ditto|Rock Tomb|p1a: Groudon
|-damage|p1a: Groudon|13/100
|-unboost|p1a: Groudon|spe|1
|move|p1a: Groudon|Stealth Rock|p2a: Ditto
|-sidestart|p2: rarh2|move: Stealth Rock
|
|-weather|DesolateLand|[upkeep]
|upkeep
|turn|13
|
|t:|1643705864
|move|p2a: Ditto|Rock Tomb|p1a: Groudon
|-damage|p1a: Groudon|0 fnt
|faint|p1a: Groudon
|
|-weather|DesolateLand|[upkeep]
|upkeep
|
|t:|1643705870
|switch|p1a: Arceus|Arceus|100/100
|-damage|p1a: Arceus|88/100|[from] Stealth Rock
|-activate|p1a: Arceus|move: Sticky Web
|-unboost|p1a: Arceus|spe|1
|turn|14
|
|t:|1643705877
|move|p2a: Ditto|Rock Tomb|p1a: Arceus
|-damage|p1a: Arceus|49/100
|-unboost|p1a: Arceus|spe|1
|move|p1a: Arceus|Swords Dance|p1a: Arceus
|-boost|p1a: Arceus|atk|2
|
|-weather|DesolateLand|[upkeep]
|upkeep
|turn|15
|
|t:|1643705888
|-weather|none
|switch|p2a: Zacian|Zacian-Crowned|100/100
|-damage|p2a: Zacian|94/100|[from] Stealth Rock
|-ability|p2a: Zacian|Intrepid Sword|boost
|-boost|p2a: Zacian|atk|1
|move|p1a: Arceus|Earthquake|p2a: Zacian
|-supereffective|p2a: Zacian
|-damage|p2a: Zacian|0 fnt
|faint|p2a: Zacian
|
|upkeep
|
|t:|1643705895
|switch|p2a: Ditto|Ditto|100/100
|-damage|p2a: Ditto|88/100|[from] Stealth Rock
|-transform|p2a: Ditto|p1a: Arceus|[from] ability: Imposter
|turn|16
|
|t:|1643705904
|move|p2a: Ditto|Extreme Speed|p1a: Arceus
|-damage|p1a: Arceus|0 fnt
|faint|p1a: Arceus
|
|upkeep
|
|t:|1643705915
|switch|p1a: Zacian|Zacian-Crowned|100/100
|-damage|p1a: Zacian|94/100|[from] Stealth Rock
|-activate|p1a: Zacian|move: Sticky Web
|-unboost|p1a: Zacian|spe|1
|-ability|p1a: Zacian|Intrepid Sword|boost
|-boost|p1a: Zacian|atk|1
|turn|17
|
|t:|1643705923
|switch|p2a: Rayquaza|Rayquaza|100/100
|-damage|p2a: Rayquaza|76/100|[from] Stealth Rock
|-ability|p2a: Rayquaza|Air Lock
|move|p1a: Zacian|Behemoth Blade|p2a: Rayquaza
|-damage|p2a: Rayquaza|0 fnt
|faint|p2a: Rayquaza
|
|upkeep
|
|t:|1643705927
|switch|p2a: Ditto|Ditto|88/100
|-damage|p2a: Ditto|76/100|[from] Stealth Rock
|-transform|p2a: Ditto|p1a: Zacian|[from] ability: Imposter
|-ability|p2a: Ditto|Intrepid Sword|boost
|-boost|p2a: Ditto|atk|1
|turn|18
|
|t:|1643705942
|move|p2a: Ditto|Behemoth Blade|p1a: Zacian
|-damage|p1a: Zacian|0 fnt
|faint|p1a: Zacian
|
|upkeep
|
|t:|1643705949
|switch|p1a: Rayquaza|Rayquaza|100/100
|-damage|p1a: Rayquaza|76/100|[from] Stealth Rock
|-ability|p1a: Rayquaza|Air Lock
|turn|19
|
|t:|1643705973
|detailschange|p1a: Rayquaza|Rayquaza-Mega
|-mega|p1a: Rayquaza|Rayquaza|
|-weather|DeltaStream|[from] ability: Delta Stream|[of] p1a: Rayquaza
|move|p1a: Rayquaza|Extreme Speed|p2a: Ditto
|-resisted|p2a: Ditto
|-damage|p2a: Ditto|55/100
|move|p2a: Ditto|Behemoth Blade|p1a: Rayquaza
|-damage|p1a: Rayquaza|0 fnt
|faint|p1a: Rayquaza
|-weather|none
|
|upkeep
|
|t:|1643705985
|switch|p1a: Yveltal|Yveltal|100/100
|-damage|p1a: Yveltal|76/100|[from] Stealth Rock
|-ability|p1a: Yveltal|Dark Aura
|turn|20
|
|t:|1643705997
|-start|p1a: Yveltal|Dynamax
|-heal|p1a: Yveltal|76/100|[silent]
|move|p2a: Ditto|Behemoth Blade|p1a: Yveltal
|-damage|p1a: Yveltal|0 fnt
|faint|p1a: Yveltal
|
|win|rarh2
|raw|AInb's rating: 1483 &rarr; <strong>1471</strong><br />(-12 for losing)
|raw|rarh2's rating: 1622 &rarr; <strong>1634</strong><br />(+12 for winning)
