|j|☆TwentyTwan
|j|☆Meloetta's_nut
|player|p1|TwentyTwan|2|
|player|p2|Meloetta's_nut|102|
|teamsize|p1|6
|teamsize|p2|6
|gametype|singles
|gen|8
|tier|[Gen 8] National Dex AG
|clearpoke
|poke|p1|Tyranitar, F|
|poke|p1|Magnezone|
|poke|p1|Amoonguss, F|
|poke|p1|Kartana|
|poke|p1|Coalossal, F|
|poke|p1|Crobat, F|
|poke|p2|Cinderace, M|
|poke|p2|Slowbro, F|
|poke|p2|Zeraora|
|poke|p2|Rhydon, F|
|poke|p2|Sceptile, F|
|poke|p2|Gardevoir, M|
|rule|HP Percentage Mod: HP is shown in percentages
|rule|Endless Battle Clause: Forcing endless battles is banned
|teampreview
|j| rvdpijl19887
|j| raiho_blackflame
|j| Tientje007
|c|☆TwentyTwan|GL
|j| Curseroy1990
|j| Rashka99
|j| piemelboer
|c|☆Meloetta's_nut|Gl Hf
|c| Curseroy1990|Gl hf
|
|start
|switch|p1a: Spored?|Amoonguss, F, shiny|100/100
|switch|p2a: Ronaldino|Cinderace, M, shiny|100/100
|turn|1
|
|switch|p1a: BurningPile|Coalossal, F|100/100
|move|p2a: Ronaldino|Pyro Ball|p1a: BurningPile
|-resisted|p1a: BurningPile
|-damage|p1a: BurningPile|91/100
|
|-heal|p1a: BurningPile|97/100|[from] item: Leftovers
|upkeep
|turn|2
|
|move|p2a: Ronaldino|U-turn|p1a: BurningPile
|-resisted|p1a: BurningPile
|-damage|p1a: BurningPile|89/100
|
|switch|p2a: Bruh :O|Slowbro, F, shiny|100/100|[from]move: U-turn
|move|p1a: BurningPile|Stealth Rock|p2a: Bruh :O
|-sidestart|p2: Meloetta's_nut|move: Stealth Rock
|
|-heal|p1a: BurningPile|95/100|[from] item: Leftovers
|upkeep
|turn|3
|
|switch|p1a: Steelbait|Magnezone|100/100
|move|p2a: Bruh :O|Toxic|p1a: Steelbait
|-immune|p1a: Steelbait
|
|upkeep
|turn|4
|
|switch|p2a: Fisting Fury|Zeraora|100/100
|-damage|p2a: Fisting Fury|88/100|[from] Stealth Rock
|move|p1a: Steelbait|Volt Switch|p2a: Fisting Fury
|-heal|p2a: Fisting Fury|100/100|[from] ability: Volt Absorb|[of] p1a: Steelbait
|
|upkeep
|turn|5
|
|switch|p1a: Spored?|Amoonguss, F, shiny|100/100
|move|p2a: Fisting Fury|Close Combat|p1a: Spored?
|-resisted|p1a: Spored?
|-damage|p1a: Spored?|81/100
|-unboost|p2a: Fisting Fury|def|1
|-unboost|p2a: Fisting Fury|spd|1
|
|-heal|p1a: Spored?|87/100|[from] item: Black Sludge
|upkeep
|turn|6
|
|move|p2a: Fisting Fury|Volt Switch|p1a: Spored?
|-resisted|p1a: Spored?
|-damage|p1a: Spored?|80/100
|
|switch|p2a: Ronaldino|Cinderace, M, shiny|100/100|[from]move: Volt Switch
|-damage|p2a: Ronaldino|76/100|[from] Stealth Rock
|move|p1a: Spored?|Spore|p2a: Ronaldino
|-status|p2a: Ronaldino|slp|[from] move: Spore
|
|-heal|p1a: Spored?|86/100|[from] item: Black Sludge
|upkeep
|turn|7
|
|cant|p2a: Ronaldino|slp
|move|p1a: Spored?|Sludge Bomb|p2a: Ronaldino
|-damage|p2a: Ronaldino|35/100 slp
|
|-heal|p1a: Spored?|92/100|[from] item: Black Sludge
|upkeep
|turn|8
|
|switch|p2a: Pike You|Sceptile, F, shiny|100/100
|-damage|p2a: Pike You|88/100|[from] Stealth Rock
|move|p1a: Spored?|Hidden Power|p2a: Pike You
|-supereffective|p2a: Pike You
|-crit|p2a: Pike You
|-damage|p2a: Pike You|35/100
|
|-heal|p1a: Spored?|98/100|[from] item: Black Sludge
|upkeep
|turn|9
|
|switch|p2a: Oppai|Gardevoir, M, shiny|100/100
|-damage|p2a: Oppai|88/100|[from] Stealth Rock
|-ability|p2a: Oppai|Regenerator|[from] ability: Trace|[of] p1a: Spored?
|move|p1a: Spored?|Hidden Power|p2a: Oppai
|-damage|p2a: Oppai|76/100
|
|-heal|p1a: Spored?|100/100|[from] item: Black Sludge
|upkeep
|turn|10
|
|move|p2a: Oppai|Shadow Ball|p1a: Spored?
|-damage|p1a: Spored?|81/100
|move|p1a: Spored?|Sludge Bomb|p2a: Oppai
|-supereffective|p2a: Oppai
|-damage|p2a: Oppai|17/100
|
|-heal|p1a: Spored?|87/100|[from] item: Black Sludge
|upkeep
|turn|11
|
|move|p2a: Oppai|Shadow Ball|p1a: Spored?
|-damage|p1a: Spored?|67/100
|move|p1a: Spored?|Sludge Bomb|p2a: Oppai
|-supereffective|p2a: Oppai
|-damage|p2a: Oppai|0 fnt
|faint|p2a: Oppai
|
|-heal|p1a: Spored?|73/100|[from] item: Black Sludge
|upkeep
|
|switch|p2a: Fisting Fury|Zeraora|100/100
|-damage|p2a: Fisting Fury|88/100|[from] Stealth Rock
|turn|12
|
|-zpower|p2a: Fisting Fury
|move|p2a: Fisting Fury|Gigavolt Havoc|p1a: Spored?|[zeffect]
|-resisted|p1a: Spored?
|-damage|p1a: Spored?|57/100
|move|p1a: Spored?|Sludge Bomb|p2a: Fisting Fury
|-damage|p2a: Fisting Fury|52/100
|-status|p2a: Fisting Fury|psn
|
|-heal|p1a: Spored?|63/100|[from] item: Black Sludge
|-damage|p2a: Fisting Fury|40/100 psn|[from] psn
|upkeep
|turn|13
|
|move|p2a: Fisting Fury|Close Combat|p1a: Spored?
|-resisted|p1a: Spored?
|-damage|p1a: Spored?|46/100
|-unboost|p2a: Fisting Fury|def|1
|-unboost|p2a: Fisting Fury|spd|1
|move|p1a: Spored?|Hidden Power|p2a: Fisting Fury
|-damage|p2a: Fisting Fury|18/100 psn
|
|-heal|p1a: Spored?|52/100|[from] item: Black Sludge
|-damage|p2a: Fisting Fury|5/100 psn|[from] psn
|upkeep
|turn|14
|
|move|p2a: Fisting Fury|Play Rough|p1a: Spored?
|-resisted|p1a: Spored?
|-damage|p1a: Spored?|37/100
|-unboost|p1a: Spored?|atk|1
|move|p1a: Spored?|Giga Drain|p2a: Fisting Fury
|-damage|p2a: Fisting Fury|0 fnt
|-heal|p1a: Spored?|39/100|[from] drain|[of] p2a: Fisting Fury
|faint|p2a: Fisting Fury
|
|-heal|p1a: Spored?|45/100|[from] item: Black Sludge
|upkeep
|
|switch|p2a: Bruh :O|Slowbro, F, shiny|100/100
|-damage|p2a: Bruh :O|88/100|[from] Stealth Rock
|turn|15
|
|move|p2a: Bruh :O|Ice Beam|p1a: Spored?
|-supereffective|p1a: Spored?
|-damage|p1a: Spored?|15/100
|move|p1a: Spored?|Giga Drain|p2a: Bruh :O
|-supereffective|p2a: Bruh :O
|-crit|p2a: Bruh :O
|-damage|p2a: Bruh :O|12/100
|-heal|p1a: Spored?|50/100|[from] drain|[of] p2a: Bruh :O
|
|-heal|p2a: Bruh :O|18/100|[from] item: Leftovers
|-heal|p1a: Spored?|56/100|[from] item: Black Sludge
|upkeep
|turn|16
|
|move|p2a: Bruh :O|Slack Off|p2a: Bruh :O
|-heal|p2a: Bruh :O|68/100
|move|p1a: Spored?|Giga Drain|p2a: Bruh :O
|-supereffective|p2a: Bruh :O
|-damage|p2a: Bruh :O|22/100
|-heal|p1a: Spored?|77/100|[from] drain|[of] p2a: Bruh :O
|
|-heal|p2a: Bruh :O|28/100|[from] item: Leftovers
|-heal|p1a: Spored?|83/100|[from] item: Black Sludge
|upkeep
|turn|17
|
|move|p2a: Bruh :O|Slack Off|p2a: Bruh :O
|-heal|p2a: Bruh :O|78/100
|move|p1a: Spored?|Giga Drain|p2a: Bruh :O
|-supereffective|p2a: Bruh :O
|-damage|p2a: Bruh :O|31/100
|-heal|p1a: Spored?|100/100|[from] drain|[of] p2a: Bruh :O
|
|-heal|p2a: Bruh :O|37/100|[from] item: Leftovers
|upkeep
|turn|18
|
|switch|p1a: Paperman|Kartana|100/100
|move|p2a: Bruh :O|Slack Off|p2a: Bruh :O
|-heal|p2a: Bruh :O|87/100
|
|-heal|p2a: Bruh :O|93/100|[from] item: Leftovers
|upkeep
|turn|19
|
|move|p1a: Paperman|Smart Strike|p2a: Bruh :O
|-resisted|p2a: Bruh :O
|-damage|p2a: Bruh :O|79/100
|move|p2a: Bruh :O|Ice Beam|p1a: Paperman
|-damage|p1a: Paperman|33/100
|
|-heal|p2a: Bruh :O|86/100|[from] item: Leftovers
|upkeep
|turn|20
|
|move|p1a: Paperman|Leaf Blade|p2a: Bruh :O
|-supereffective|p2a: Bruh :O
|-damage|p2a: Bruh :O|16/100
|move|p2a: Bruh :O|Ice Beam|p1a: Paperman
|-damage|p1a: Paperman|0 fnt
|faint|p1a: Paperman
|
|-heal|p2a: Bruh :O|23/100|[from] item: Leftovers
|upkeep
|
|switch|p1a: Steelbait|Magnezone|100/100
|turn|21
|
|switch|p2a: Bowser|Rhydon, F, shiny|100/100
|-damage|p2a: Bowser|94/100|[from] Stealth Rock
|move|p1a: Steelbait|Hidden Power|p2a: Bowser
|-resisted|p2a: Bowser
|-damage|p2a: Bowser|78/100
|
|upkeep
|turn|22
|
|switch|p1a: Spored?|Amoonguss, F, shiny|100/100
|move|p2a: Bowser|Drill Run|p1a: Spored?
|-damage|p1a: Spored?|57/100
|
|-heal|p1a: Spored?|63/100|[from] item: Black Sludge
|upkeep
|turn|23
|
|move|p2a: Bowser|Substitute|p2a: Bowser
|-start|p2a: Bowser|Substitute
|-damage|p2a: Bowser|53/100
|move|p1a: Spored?|Giga Drain|p2a: Bowser
|-supereffective|p2a: Bowser
|-end|p2a: Bowser|Substitute
|-heal|p1a: Spored?|75/100|[from] drain|[of] p2a: Bowser
|
|-heal|p1a: Spored?|81/100|[from] item: Black Sludge
|upkeep
|turn|24
|
|move|p2a: Bowser|Substitute|p2a: Bowser
|-start|p2a: Bowser|Substitute
|-damage|p2a: Bowser|29/100
|move|p1a: Spored?|Giga Drain|p2a: Bowser
|-supereffective|p2a: Bowser
|-end|p2a: Bowser|Substitute
|-heal|p1a: Spored?|94/100|[from] drain|[of] p2a: Bowser
|
|-heal|p1a: Spored?|99/100|[from] item: Black Sludge
|upkeep
|turn|25
|
|switch|p2a: Pike You|Sceptile, F, shiny|35/100
|-damage|p2a: Pike You|23/100|[from] Stealth Rock
|move|p1a: Spored?|Giga Drain|p2a: Pike You
|-resisted|p2a: Pike You
|-damage|p2a: Pike You|9/100
|-heal|p1a: Spored?|100/100|[from] drain|[of] p2a: Pike You
|
|upkeep
|turn|26
|
|detailschange|p2a: Pike You|Sceptile-Mega, F, shiny
|-mega|p2a: Pike You|Sceptile|Sceptilite
|move|p2a: Pike You|Giga Drain|p1a: Spored?
|-resisted|p1a: Spored?
|-damage|p1a: Spored?|94/100
|-heal|p2a: Pike You|14/100|[from] drain|[of] p1a: Spored?
|move|p1a: Spored?|Hidden Power|p2a: Pike You
|-damage|p2a: Pike You|0 fnt
|faint|p2a: Pike You
|
|-heal|p1a: Spored?|99/100|[from] item: Black Sludge
|upkeep
|
|switch|p2a: Ronaldino|Cinderace, M, shiny|35/100 slp
|-damage|p2a: Ronaldino|10/100 slp|[from] Stealth Rock
|turn|27
|
|cant|p2a: Ronaldino|slp
|move|p1a: Spored?|Sludge Bomb|p2a: Ronaldino
|-damage|p2a: Ronaldino|0 fnt
|faint|p2a: Ronaldino
|
|-heal|p1a: Spored?|100/100|[from] item: Black Sludge
|upkeep
|
|switch|p2a: Bruh :O|Slowbro, F, shiny|56/100
|-damage|p2a: Bruh :O|43/100|[from] Stealth Rock
|turn|28
|
|move|p2a: Bruh :O|Ice Beam|p1a: Spored?
|-supereffective|p1a: Spored?
|-damage|p1a: Spored?|71/100
|move|p1a: Spored?|Giga Drain|p2a: Bruh :O
|-supereffective|p2a: Bruh :O
|-damage|p2a: Bruh :O|0 fnt
|-heal|p1a: Spored?|91/100|[from] drain|[of] p2a: Bruh :O
|faint|p2a: Bruh :O
|
|-heal|p1a: Spored?|97/100|[from] item: Black Sludge
|upkeep
|
|switch|p2a: Bowser|Rhydon, F, shiny|29/100
|-damage|p2a: Bowser|22/100|[from] Stealth Rock
|turn|29
|
|move|p2a: Bowser|Stone Edge|p1a: Spored?
|-damage|p1a: Spored?|42/100
|move|p1a: Spored?|Giga Drain|p2a: Bowser
|-supereffective|p2a: Bowser
|-damage|p2a: Bowser|0 fnt
|-heal|p1a: Spored?|53/100|[from] drain|[of] p2a: Bowser
|faint|p2a: Bowser
|
|win|TwentyTwan
|c|☆Meloetta's_nut|gg
|c|☆TwentyTwan|gg
|c| Curseroy1990|gg
