|j|☆YeetedByGrandma
|j|☆Tahz
|t:|1668006698
|gametype|singles
|player|p1|YeetedByGrandma|veteranf|
|player|p2|Tahz|veteran|
|teamsize|p1|6
|teamsize|p2|6
|gen|8
|tier|[Gen 8] National Dex AG
|rule|HP Percentage Mod: HP is shown in percentages
|rule|Endless Battle Clause: Forcing endless battles is banned
|clearpoke
|poke|p1|Blaziken, M|
|poke|p1|Tapu Fini|
|poke|p1|Serperior, F|
|poke|p1|Darmanitan-Galar, M|
|poke|p1|Clefable, M|
|poke|p1|Ferrothorn, M|
|poke|p2|Pelipper, F|
|poke|p2|Swampert, F|
|poke|p2|Ferrothorn, M|
|poke|p2|Rotom-Wash|
|poke|p2|Greninja, M|
|poke|p2|Dracovish|
|teampreview
|inactive|Battle timer is ON: inactive players will automatically lose when time's up. (requested by Tahz)
|c|☆Tahz|gl
|
|t:|1668006708
|start
|switch|p1a: Snecc|Serperior, F|100/100
|switch|p2a: Pelipper|Pelipper, F|100/100
|-weather|RainDance|[from] ability: Drizzle|[of] p2a: Pelipper
|turn|1
|
|t:|1668006716
|switch|p2a: Ferrothorn|Ferrothorn, M|100/100
|move|p1a: Snecc|Glare|p2a: Ferrothorn
|-status|p2a: Ferrothorn|par
|
|-weather|RainDance|[upkeep]
|upkeep
|turn|2
|
|t:|1668006722
|move|p1a: Snecc|Substitute|p1a: Snecc
|-start|p1a: Snecc|Substitute
|-damage|p1a: Snecc|75/100
|cant|p2a: Ferrothorn|par
|
|-weather|RainDance|[upkeep]
|-heal|p1a: Snecc|82/100|[from] item: Leftovers
|upkeep
|turn|3
|
|t:|1668006733
|move|p1a: Snecc|Leaf Storm|p2a: Ferrothorn
|-resisted|p2a: Ferrothorn
|-damage|p2a: Ferrothorn|93/100 par
|-boost|p1a: Snecc|spa|2
|move|p2a: Ferrothorn|Knock Off|p1a: Snecc
|-end|p1a: Snecc|Substitute
|
|-weather|RainDance|[upkeep]
|-heal|p1a: Snecc|88/100|[from] item: Leftovers
|-heal|p2a: Ferrothorn|99/100 par|[from] item: Leftovers
|upkeep
|turn|4
|
|t:|1668006747
|switch|p1a: KFC’s revenge|Blaziken, M|100/100
|cant|p2a: Ferrothorn|par
|
|-weather|RainDance|[upkeep]
|-heal|p2a: Ferrothorn|100/100 par|[from] item: Leftovers
|upkeep
|turn|5
|
|t:|1668006754
|switch|p2a: Swampert|Swampert, F|100/100
|detailschange|p1a: KFC’s revenge|Blaziken-Mega, M
|-mega|p1a: KFC’s revenge|Blaziken|Blazikenite
|move|p1a: KFC’s revenge|Swords Dance|p1a: KFC’s revenge
|-boost|p1a: KFC’s revenge|atk|2
|
|-weather|none
|-ability|p1a: KFC’s revenge|Speed Boost|boost
|-boost|p1a: KFC’s revenge|spe|1
|upkeep
|turn|6
|
|t:|1668006761
|detailschange|p2a: Swampert|Swampert-Mega, F
|-mega|p2a: Swampert|Swampert|Swampertite
|move|p1a: KFC’s revenge|High Jump Kick|p2a: Swampert
|-damage|p2a: Swampert|0 fnt
|faint|p2a: Swampert
|
|-ability|p1a: KFC’s revenge|Speed Boost|boost
|-boost|p1a: KFC’s revenge|spe|1
|upkeep
|
|t:|1668006767
|switch|p2a: Greninja|Greninja, M|100/100
|turn|7
|
|t:|1668006777
|move|p2a: Greninja|Water Shuriken|p1a: KFC’s revenge
|-supereffective|p1a: KFC’s revenge
|-damage|p1a: KFC’s revenge|82/100
|-supereffective|p1a: KFC’s revenge
|-damage|p1a: KFC’s revenge|63/100
|-hitcount|p1a: KFC’s revenge|2
|move|p1a: KFC’s revenge|High Jump Kick|p2a: Greninja
|-supereffective|p2a: Greninja
|-damage|p2a: Greninja|0 fnt
|faint|p2a: Greninja
|
|-ability|p1a: KFC’s revenge|Speed Boost|boost
|-boost|p1a: KFC’s revenge|spe|1
|upkeep
|
|t:|1668006786
|switch|p2a: Pelipper|Pelipper, F|100/100
|-weather|RainDance|[from] ability: Drizzle|[of] p2a: Pelipper
|turn|8
|
|t:|1668006790
|move|p1a: KFC’s revenge|High Jump Kick|p2a: Pelipper
|-resisted|p2a: Pelipper
|-damage|p2a: Pelipper|39/100
|move|p2a: Pelipper|Scald|p1a: KFC’s revenge
|-supereffective|p1a: KFC’s revenge
|-damage|p1a: KFC’s revenge|0 fnt
|faint|p1a: KFC’s revenge
|
|-weather|RainDance|[upkeep]
|upkeep
|
|t:|1668006799
|switch|p1a: Snecc|Serperior, F|88/100
|turn|9
|
|t:|1668006809
|move|p1a: Snecc|Leaf Storm|p2a: Pelipper
|-damage|p2a: Pelipper|0 fnt
|-boost|p1a: Snecc|spa|2
|faint|p2a: Pelipper
|
|-weather|RainDance|[upkeep]
|-heal|p1a: Snecc|94/100|[from] item: Leftovers
|upkeep
|
|t:|1668006813
|switch|p2a: Dracovish|Dracovish|100/100
|turn|10
|
|t:|1668006816
|move|p2a: Dracovish|Ice Fang|p1a: Snecc
|-supereffective|p1a: Snecc
|-damage|p1a: Snecc|27/100
|move|p1a: Snecc|Glare|p2a: Dracovish
|-status|p2a: Dracovish|par
|
|-weather|RainDance|[upkeep]
|-heal|p1a: Snecc|33/100|[from] item: Leftovers
|upkeep
|turn|11
|
|t:|1668006823
|move|p1a: Snecc|Giga Drain|p2a: Dracovish
|-damage|p2a: Dracovish|36/100 par
|-heal|p1a: Snecc|69/100|[from] drain|[of] p2a: Dracovish
|move|p2a: Dracovish|Ice Fang|p1a: Snecc
|-supereffective|p1a: Snecc
|-damage|p1a: Snecc|0 fnt
|faint|p1a: Snecc
|
|-weather|RainDance|[upkeep]
|upkeep
|
|t:|1668006834
|switch|p1a: Cold DK|Darmanitan-Galar, M|100/100
|turn|12
|
|t:|1668006841
|move|p1a: Cold DK|Superpower|p2a: Dracovish
|-damage|p2a: Dracovish|0 fnt
|-unboost|p1a: Cold DK|atk|1
|-unboost|p1a: Cold DK|def|1
|faint|p2a: Dracovish
|
|-weather|none
|upkeep
|
|t:|1668006845
|switch|p2a: Rotom|Rotom-Wash|100/100
|turn|13
|
|t:|1668006851
|switch|p1a: Homophobe|Ferrothorn, M|100/100
|move|p2a: Rotom|Hydro Pump|p1a: Homophobe
|-resisted|p1a: Homophobe
|-damage|p1a: Homophobe|70/100
|
|-heal|p1a: Homophobe|76/100|[from] item: Leftovers
|upkeep
|turn|14
|
|t:|1668006863
|switch|p2a: Ferrothorn|Ferrothorn, M|100/100 par
|move|p1a: Homophobe|Knock Off|p2a: Ferrothorn
|-damage|p2a: Ferrothorn|84/100 par
|-damage|p1a: Homophobe|64/100|[from] ability: Iron Barbs|[of] p2a: Ferrothorn
|-enditem|p2a: Ferrothorn|Leftovers|[from] move: Knock Off|[of] p1a: Homophobe
|
|-heal|p1a: Homophobe|70/100|[from] item: Leftovers
|upkeep
|turn|15
|
|t:|1668006875
|switch|p1a: Silly little guy|Clefable, M|100/100
|move|p2a: Ferrothorn|Stealth Rock|p1a: Silly little guy
|-sidestart|p1: YeetedByGrandma|move: Stealth Rock
|
|upkeep
|turn|16
|
|t:|1668006881
|move|p1a: Silly little guy|Fire Blast|p2a: Ferrothorn
|-supereffective|p2a: Ferrothorn
|-damage|p2a: Ferrothorn|5/100 par
|move|p2a: Ferrothorn|Knock Off|p1a: Silly little guy
|-resisted|p1a: Silly little guy
|-damage|p1a: Silly little guy|90/100
|-enditem|p1a: Silly little guy|Leftovers|[from] move: Knock Off|[of] p2a: Ferrothorn
|
|upkeep
|turn|17
|
|t:|1668006888
|cant|p2a: Ferrothorn|par
|move|p1a: Silly little guy|Moonblast|p2a: Ferrothorn
|-resisted|p2a: Ferrothorn
|-damage|p2a: Ferrothorn|0 fnt
|faint|p2a: Ferrothorn
|
|upkeep
|
|t:|1668006892
|switch|p2a: Rotom|Rotom-Wash|100/100
|turn|18
|
|t:|1668006898
|move|p2a: Rotom|Trick|p1a: Silly little guy
|-activate|p2a: Rotom|move: Trick|[of] p1a: Silly little guy
|-item|p1a: Silly little guy|Choice Specs|[from] move: Trick
|-enditem|p2a: Rotom|Choice Specs|[silent]|[from] move: Trick
|move|p1a: Silly little guy|Moonblast|p2a: Rotom
|-damage|p2a: Rotom|19/100
|
|upkeep
|turn|19
|c|☆Tahz|gg
|c|☆YeetedByGrandma|gg
|
|t:|1668006912
|move|p2a: Rotom|Hydro Pump|p1a: Silly little guy|[miss]
|-miss|p2a: Rotom|p1a: Silly little guy
|move|p1a: Silly little guy|Moonblast|p2a: Rotom
|-crit|p2a: Rotom
|-damage|p2a: Rotom|0 fnt
|faint|p2a: Rotom
|
|win|YeetedByGrandma
|l|☆YeetedByGrandma
|j|☆YeetedByGrandma
|player|p1|YeetedByGrandma|veteranf
