|j|☆ThyKingCharles
|j|☆theCheeseVendor
|t:|1666622519
|gametype|singles
|player|p1|ThyKingCharles|diantha-masters|1832
|player|p2|theCheeseVendor|gentleman|1699
|teamsize|p1|6
|teamsize|p2|6
|gen|8
|tier|[Gen 8] National Dex AG
|rated|
|rule|HP Percentage Mod: HP is shown in percentages
|rule|Endless Battle Clause: Forcing endless battles is banned
|clearpoke
|poke|p1|Rayquaza|
|poke|p1|Arceus-*|
|poke|p1|Zacian-*|
|poke|p1|Necrozma-Dusk-Mane|
|poke|p1|Marshadow|
|poke|p1|Yveltal|
|poke|p2|Arceus-*|
|poke|p2|Necrozma-Dusk-Mane|
|poke|p2|Zacian-*|
|poke|p2|Ditto|
|poke|p2|Groudon|
|poke|p2|Zygarde|
|teampreview
|
|t:|1666622544
|start
|switch|p1a: Arceus|Arceus|100/100
|switch|p2a: Groudon|Groudon|100/100
|detailschange|p2a: Groudon|Groudon-Primal
|-primal|p2a: Groudon
|-weather|DesolateLand|[from] ability: Desolate Land|[of] p2a: Groudon
|turn|1
|
|t:|1666622549
|move|p1a: Arceus|Swords Dance|p1a: Arceus
|-boost|p1a: Arceus|atk|2
|move|p2a: Groudon|Heat Crash|p1a: Arceus
|-damage|p1a: Arceus|43/100
|
|-weather|DesolateLand|[upkeep]
|upkeep
|turn|2
|
|t:|1666622553
|move|p1a: Arceus|Earthquake|p2a: Groudon
|-supereffective|p2a: Groudon
|-damage|p2a: Groudon|13/100
|move|p2a: Groudon|Heat Crash|p1a: Arceus
|-damage|p1a: Arceus|0 fnt
|faint|p1a: Arceus
|
|-weather|DesolateLand|[upkeep]
|upkeep
|
|t:|1666622560
|switch|p1a: Rayquaza|Rayquaza|100/100
|-ability|p1a: Rayquaza|Air Lock
|turn|3
|c|☆theCheeseVendor|don't you just hate it when your zacian has iron head
|
|t:|1666622572
|detailschange|p1a: Rayquaza|Rayquaza-Mega
|-mega|p1a: Rayquaza|Rayquaza|
|-weather|DeltaStream|[from] ability: Delta Stream|[of] p1a: Rayquaza
|move|p1a: Rayquaza|Dragon Dance|p1a: Rayquaza
|-boost|p1a: Rayquaza|atk|1
|-boost|p1a: Rayquaza|spe|1
|move|p2a: Groudon|Dragon Tail|p1a: Rayquaza
|-supereffective|p1a: Rayquaza
|-damage|p1a: Rayquaza|42/100
|-weather|none
|drag|p1a: Marshadow|Marshadow|100/100
|
|upkeep
|turn|4
|c|☆ThyKingCharles|damn
|
|t:|1666622582
|move|p1a: Marshadow|Close Combat|p2a: Groudon
|-damage|p2a: Groudon|0 fnt
|-unboost|p1a: Marshadow|def|1
|-unboost|p1a: Marshadow|spd|1
|faint|p2a: Groudon
|
|upkeep
|c|☆theCheeseVendor|favorite groudon move ngl
|c|☆theCheeseVendor|i just love watching rayquazas think they get a free dd
|c|☆ThyKingCharles|yeah its common enough
|
|t:|1666622600
|switch|p2a: Arceus|Arceus-Ground, shiny|100/100
|turn|5
|c|☆ThyKingCharles|probably the worst when the 90% bites you though
|
|t:|1666622617
|switch|p1a: Rayquaza|Rayquaza-Mega|42/100
|-weather|DeltaStream|[from] ability: Delta Stream|[of] p1a: Rayquaza
|move|p2a: Arceus|Ice Beam|p1a: Rayquaza
|-activate||deltastream
|-supereffective|p1a: Rayquaza
|-damage|p1a: Rayquaza|0 fnt
|faint|p1a: Rayquaza
|-weather|none
|
|upkeep
|
|t:|1666622624
|switch|p1a: Zacian|Zacian-Crowned|100/100
|-ability|p1a: Zacian|Intrepid Sword|boost
|-boost|p1a: Zacian|atk|1
|turn|6
|
|t:|1666622627
|switch|p2a: Necrozma|Necrozma-Dusk-Mane, shiny|100/100
|move|p1a: Zacian|Behemoth Blade|p2a: Necrozma
|-resisted|p2a: Necrozma
|-damage|p2a: Necrozma|75/100
|-damage|p1a: Zacian|84/100|[from] item: Rocky Helmet|[of] p2a: Necrozma
|
|upkeep
|turn|7
|c|☆theCheeseVendor|oice bem
|
|t:|1666622633
|move|p1a: Zacian|Crunch|p2a: Necrozma
|-supereffective|p2a: Necrozma
|-damage|p2a: Necrozma|38/100
|-unboost|p2a: Necrozma|def|1
|-damage|p1a: Zacian|67/100|[from] item: Rocky Helmet|[of] p2a: Necrozma
|move|p2a: Necrozma|Knock Off|p1a: Zacian
|-resisted|p1a: Zacian
|-damage|p1a: Zacian|56/100
|
|upkeep
|turn|8
|
|t:|1666622641
|move|p1a: Zacian|Play Rough|p2a: Necrozma
|-resisted|p2a: Necrozma
|-damage|p2a: Necrozma|5/100
|-damage|p1a: Zacian|40/100|[from] item: Rocky Helmet|[of] p2a: Necrozma
|move|p2a: Necrozma|Morning Sun|p2a: Necrozma
|-heal|p2a: Necrozma|55/100
|
|upkeep
|turn|9
|
|t:|1666622645
|switch|p2a: Arceus|Arceus-Ground, shiny|100/100
|move|p1a: Zacian|Crunch|p2a: Arceus
|-damage|p2a: Arceus|78/100
|
|upkeep
|turn|10
|
|t:|1666622654
|move|p1a: Zacian|Behemoth Blade|p2a: Arceus
|-damage|p2a: Arceus|28/100
|move|p2a: Arceus|Ice Beam|p1a: Zacian
|-resisted|p1a: Zacian
|-damage|p1a: Zacian|28/100
|
|upkeep
|turn|11
|
|t:|1666622659
|move|p1a: Zacian|Crunch|p2a: Arceus
|-damage|p2a: Arceus|5/100
|move|p2a: Arceus|Recover|p2a: Arceus
|-heal|p2a: Arceus|55/100
|
|upkeep
|turn|12
|c|☆theCheeseVendor|lol
|
|t:|1666622666
|switch|p2a: Necrozma|Necrozma-Dusk-Mane, shiny|55/100
|move|p1a: Zacian|Behemoth Blade|p2a: Necrozma
|-resisted|p2a: Necrozma
|-damage|p2a: Necrozma|29/100
|-damage|p1a: Zacian|11/100|[from] item: Rocky Helmet|[of] p2a: Necrozma
|
|upkeep
|turn|13
|
|t:|1666622674
|move|p1a: Zacian|Close Combat|p2a: Necrozma
|-crit|p2a: Necrozma
|-damage|p2a: Necrozma|0 fnt
|-unboost|p1a: Zacian|def|1
|-unboost|p1a: Zacian|spd|1
|-damage|p1a: Zacian|0 fnt|[from] item: Rocky Helmet|[of] p2a: Necrozma
|faint|p2a: Necrozma
|faint|p1a: Zacian
|
|upkeep
|c|☆ThyKingCharles|doin too much predicting
|
|t:|1666622683
|switch|p1a: Necrozma|Necrozma-Dusk-Mane|100/100
|switch|p2a: Zacian|Zacian-Crowned|100/100
|-ability|p2a: Zacian|Intrepid Sword|boost
|-boost|p2a: Zacian|atk|1
|turn|14
|c|☆theCheeseVendor|that was kinda silly
|
|t:|1666622690
|switch|p2a: Zygarde|Zygarde|100/100
|move|p1a: Necrozma|Earthquake|p2a: Zygarde
|-damage|p2a: Zygarde|68/100
|
|-heal|p2a: Zygarde|74/100|[from] item: Leftovers
|upkeep
|turn|15
|
|t:|1666622696
|switch|p1a: Yveltal|Yveltal|100/100
|-ability|p1a: Yveltal|Dark Aura
|move|p2a: Zygarde|Substitute|p2a: Zygarde
|-start|p2a: Zygarde|Substitute
|-damage|p2a: Zygarde|49/100
|
|-heal|p2a: Zygarde|55/100|[from] item: Leftovers
|upkeep
|turn|16
|
|t:|1666622700
|move|p1a: Yveltal|Dark Pulse|p2a: Zygarde
|-end|p2a: Zygarde|Substitute
|move|p2a: Zygarde|Glare|p1a: Yveltal
|-status|p1a: Yveltal|par
|
|-heal|p2a: Zygarde|61/100|[from] item: Leftovers
|upkeep
|turn|17
|
|t:|1666622706
|switch|p2a: Arceus|Arceus-Ground, shiny|55/100
|cant|p1a: Yveltal|par
|
|upkeep
|turn|18
|
|t:|1666622711
|move|p2a: Arceus|Ice Beam|p1a: Yveltal
|-supereffective|p1a: Yveltal
|-damage|p1a: Yveltal|50/100 par
|cant|p1a: Yveltal|par
|
|upkeep
|turn|19
|c|☆theCheeseVendor|hm
|c|☆theCheeseVendor|yes
|c|☆theCheeseVendor|pok e mans
|
|t:|1666622721
|move|p2a: Arceus|Ice Beam|p1a: Yveltal
|-supereffective|p1a: Yveltal
|-damage|p1a: Yveltal|5/100 par
|cant|p1a: Yveltal|par
|
|upkeep
|turn|20
|c|☆theCheeseVendor|HM
|c|☆ThyKingCharles|hmmm yes
|c|☆ThyKingCharles|today i will get parad
|
|t:|1666622734
|cant|p1a: Yveltal|par
|move|p2a: Arceus|Ice Beam|p1a: Yveltal
|-supereffective|p1a: Yveltal
|-damage|p1a: Yveltal|0 fnt
|faint|p1a: Yveltal
|
|upkeep
|
|t:|1666622738
|switch|p1a: Necrozma|Necrozma-Dusk-Mane|100/100
|turn|21
|c|☆theCheeseVendor|man
|c|☆theCheeseVendor|that
|c|☆theCheeseVendor|sucks
|
|t:|1666622744
|detailschange|p1a: Necrozma|Necrozma-Ultra
|-burst|p1a: Necrozma|Necrozma|Ultranecrozium Z
|move|p1a: Necrozma|Dragon Dance|p1a: Necrozma
|-boost|p1a: Necrozma|atk|1
|-boost|p1a: Necrozma|spe|1
|move|p2a: Arceus|Judgment|p1a: Necrozma
|-damage|p1a: Necrozma|48/100
|
|upkeep
|turn|22
|
|t:|1666622749
|move|p1a: Necrozma|Photon Geyser|p2a: Arceus
|-damage|p2a: Arceus|4/100
|move|p2a: Arceus|Ice Beam|p1a: Necrozma
|-supereffective|p1a: Necrozma
|-damage|p1a: Necrozma|0 fnt
|faint|p1a: Necrozma
|
|upkeep
|
|t:|1666622753
|switch|p1a: Marshadow|Marshadow|100/100
|turn|23
|c|☆theCheeseVendor|and so does that :/
|
|t:|1666622759
|move|p1a: Marshadow|Shadow Sneak|p2a: Arceus
|-damage|p2a: Arceus|0 fnt
|faint|p2a: Arceus
|
|upkeep
|
|t:|1666622762
|switch|p2a: Zygarde|Zygarde|61/100
|turn|24
|c|☆ThyKingCharles|guess i should have Z moved
|
|t:|1666622770
|-start|p1a: Marshadow|Dynamax|
|-heal|p1a: Marshadow|100/100|[silent]
|move|p1a: Marshadow|Max Phantasm|p2a: Zygarde
|-damage|p2a: Zygarde|19/100
|-unboost|p2a: Zygarde|def|1
|move|p2a: Zygarde|Glare|p1a: Marshadow
|-status|p1a: Marshadow|par
|
|-heal|p2a: Zygarde|25/100|[from] item: Leftovers
|-activate|p2a: Zygarde|ability: Power Construct
|detailschange|p2a: Zygarde|Zygarde-Complete
|-heal|p2a: Zygarde|51/100|[silent]
|upkeep
|turn|25
|c|☆ThyKingCharles|was hoping to save the Z for zygarde
|c|☆theCheeseVendor|hey who wants to not play the game again
|
|t:|1666622790
|move|p2a: Zygarde|Coil|p2a: Zygarde
|-boost|p2a: Zygarde|atk|1
|-boost|p2a: Zygarde|def|1
|-boost|p2a: Zygarde|accuracy|1
|move|p1a: Marshadow|Max Phantasm|p2a: Zygarde
|-crit|p2a: Zygarde
|-damage|p2a: Zygarde|9/100
|-unboost|p2a: Zygarde|def|1
|
|-heal|p2a: Zygarde|16/100|[from] item: Leftovers
|upkeep
|turn|26
|c|☆ThyKingCharles|hahhaa
|
|t:|1666622796
|move|p2a: Zygarde|Thousand Arrows|p1a: Marshadow
|-damage|p1a: Marshadow|67/100 par
|cant|p1a: Marshadow|par
|
|-heal|p2a: Zygarde|22/100|[from] item: Leftovers
|upkeep
|-end|p1a: Marshadow|Dynamax
|-heal|p1a: Marshadow|67/100 par|[silent]
|turn|27
|c|☆theCheeseVendor|:)
|
|t:|1666622803
|move|p2a: Zygarde|Thousand Arrows|p1a: Marshadow
|-damage|p1a: Marshadow|0 fnt
|faint|p1a: Marshadow
|
|win|theCheeseVendor
|raw|ThyKingCharles's rating: 1832 &rarr; <strong>1805</strong><br />(-27 for losing)
|raw|theCheeseVendor's rating: 1699 &rarr; <strong>1726</strong><br />(+27 for winning)
|c|☆theCheeseVendor|rip dude
|c|☆theCheeseVendor|gg
|c|☆ThyKingCharles|gg
|c|☆theCheeseVendor|that rng was rough
