|j|☆PromisesBehold
|j|☆AnimeZZZZ5
|t:|1646037867
|gametype|singles
|player|p1|PromisesBehold|backpacker|1808
|player|p2|AnimeZZZZ5|2|1761
|teamsize|p1|6
|teamsize|p2|6
|gen|8
|tier|[Gen 8] National Dex AG
|rated|
|rule|HP Percentage Mod: HP is shown in percentages
|rule|Endless Battle Clause: Forcing endless battles is banned
|clearpoke
|poke|p1|Sableye, M|
|poke|p1|Quagsire, M|
|poke|p1|Chansey, F|
|poke|p1|Tyranitar, M|
|poke|p1|Lugia|
|poke|p1|Giratina|
|poke|p2|Zacian-*|
|poke|p2|Kyurem-Black|
|poke|p2|Arceus-*|
|poke|p2|Groudon|
|poke|p2|Yveltal|
|poke|p2|Arceus-*|
|teampreview
|inactive|Battle timer is ON: inactive players will automatically lose when time's up. (requested by PromisesBehold)
|
|t:|1646037879
|start
|switch|p1a: Sableye|Sableye, M|100/100
|switch|p2a: Groudon|Groudon|100/100
|detailschange|p2a: Groudon|Groudon-Primal
|-primal|p2a: Groudon
|-weather|DesolateLand|[from] ability: Desolate Land|[of] p2a: Groudon
|turn|1
|
|t:|1646037887
|detailschange|p1a: Sableye|Sableye-Mega, M
|-mega|p1a: Sableye|Sableye|Sablenite
|move|p1a: Sableye|Protect|p1a: Sableye
|-singleturn|p1a: Sableye|Protect
|move|p2a: Groudon|Precipice Blades|p1a: Sableye
|-activate|p1a: Sableye|move: Protect
|
|-weather|DesolateLand|[upkeep]
|upkeep
|turn|2
|
|t:|1646037893
|switch|p1a: Lugia|Lugia|100/100
|move|p2a: Groudon|Overheat|p1a: Lugia
|-damage|p1a: Lugia|75/100
|-unboost|p2a: Groudon|spa|2
|
|-weather|DesolateLand|[upkeep]
|-heal|p1a: Lugia|82/100|[from] item: Leftovers
|upkeep
|turn|3
|
|t:|1646037898
|switch|p1a: Sableye|Sableye-Mega, M|100/100
|-weather|none
|switch|p2a: Zacian|Zacian-Crowned|100/100
|-ability|p2a: Zacian|Intrepid Sword|boost
|-boost|p2a: Zacian|atk|1
|
|upkeep
|turn|4
|
|t:|1646037909
|switch|p2a: Groudon|Groudon-Primal|100/100
|-weather|DesolateLand|[from] ability: Desolate Land|[of] p2a: Groudon
|switch|p1a: Quagsire|Quagsire, M|100/100
|
|-weather|DesolateLand|[upkeep]
|upkeep
|turn|5
|
|t:|1646037916
|switch|p1a: Sableye|Sableye-Mega, M|100/100
|move|p2a: Groudon|Stealth Rock|p1a: Sableye
|move|p1a: Sableye|Stealth Rock|p2a: Groudon|[from]ability: Magic Bounce
|-sidestart|p2: AnimeZZZZ5|move: Stealth Rock
|
|-weather|DesolateLand|[upkeep]
|upkeep
|turn|6
|
|t:|1646037920
|-weather|none
|switch|p2a: Arceus|Arceus-Fairy|100/100
|-damage|p2a: Arceus|88/100|[from] Stealth Rock
|switch|p1a: Giratina|Giratina|100/100
|-ability|p1a: Giratina|Pressure
|
|upkeep
|turn|7
|
|t:|1646037923
|move|p2a: Arceus|Defog|p1a: Giratina
|-unboost|p1a: Giratina|evasion|1
|-sideend|p2: AnimeZZZZ5|Stealth Rock|[from] move: Defog|[of] p2a: Arceus
|move|p1a: Giratina|Toxic|p2a: Arceus
|-status|p2a: Arceus|tox
|
|-damage|p2a: Arceus|82/100 tox|[from] psn
|upkeep
|turn|8
|
|t:|1646037927
|switch|p1a: Chansey|Chansey, F|100/100
|move|p2a: Arceus|Judgment|p1a: Chansey
|-damage|p1a: Chansey|88/100
|
|-damage|p2a: Arceus|70/100 tox|[from] psn
|upkeep
|turn|9
|j| asdjmckx_Dji23xv
|
|t:|1646037934
|switch|p2a: Zacian|Zacian-Crowned|100/100
|-ability|p2a: Zacian|Intrepid Sword|boost
|-boost|p2a: Zacian|atk|1
|move|p1a: Chansey|Seismic Toss|p2a: Zacian
|-damage|p2a: Zacian|70/100
|
|upkeep
|turn|10
|
|t:|1646037959
|switch|p2a: Groudon|Groudon-Primal|100/100
|-weather|DesolateLand|[from] ability: Desolate Land|[of] p2a: Groudon
|switch|p1a: Quagsire|Quagsire, M|100/100
|
|-weather|DesolateLand|[upkeep]
|upkeep
|turn|11
|
|t:|1646037964
|move|p2a: Groudon|Stealth Rock|p1a: Quagsire
|-sidestart|p1: PromisesBehold|move: Stealth Rock
|move|p1a: Quagsire|Toxic|p2a: Groudon
|-status|p2a: Groudon|tox
|
|-weather|DesolateLand|[upkeep]
|-damage|p2a: Groudon|94/100 tox|[from] psn
|upkeep
|turn|12
|
|t:|1646037967
|switch|p1a: Giratina|Giratina|100/100
|-damage|p1a: Giratina|88/100|[from] Stealth Rock
|-ability|p1a: Giratina|Pressure
|move|p2a: Groudon|Toxic|p1a: Giratina
|-status|p1a: Giratina|tox
|
|-weather|DesolateLand|[upkeep]
|-heal|p1a: Giratina|94/100 tox|[from] item: Leftovers
|-damage|p2a: Groudon|82/100 tox|[from] psn
|-damage|p1a: Giratina|88/100 tox|[from] psn
|upkeep
|turn|13
|
|t:|1646037972
|move|p2a: Groudon|Precipice Blades|p1a: Giratina|[miss]
|-miss|p2a: Groudon|p1a: Giratina
|move|p1a: Giratina|Defog|p2a: Groudon
|-unboost|p2a: Groudon|evasion|1
|-sideend|p1: PromisesBehold|Stealth Rock|[from] move: Defog|[of] p1a: Giratina
|
|-weather|DesolateLand|[upkeep]
|-heal|p1a: Giratina|94/100 tox|[from] item: Leftovers
|-damage|p2a: Groudon|63/100 tox|[from] psn
|-damage|p1a: Giratina|82/100 tox|[from] psn
|upkeep
|turn|14
|
|t:|1646037975
|switch|p1a: Sableye|Sableye-Mega, M|100/100
|move|p2a: Groudon|Stealth Rock|p1a: Sableye
|move|p1a: Sableye|Stealth Rock|p2a: Groudon|[from]ability: Magic Bounce
|-sidestart|p2: AnimeZZZZ5|move: Stealth Rock
|
|-weather|DesolateLand|[upkeep]
|-damage|p2a: Groudon|39/100 tox|[from] psn
|upkeep
|turn|15
|
|t:|1646037978
|-weather|none
|switch|p2a: Arceus|Arceus-Fairy|70/100 tox
|-damage|p2a: Arceus|57/100 tox|[from] Stealth Rock
|move|p1a: Sableye|Protect||[still]
|-fail|p1a: Sableye
|
|-damage|p2a: Arceus|51/100 tox|[from] psn
|upkeep
|turn|16
|
|t:|1646037983
|switch|p1a: Chansey|Chansey, F|88/100
|move|p2a: Arceus|Defog|p1a: Chansey
|-unboost|p1a: Chansey|evasion|1
|-sideend|p2: AnimeZZZZ5|Stealth Rock|[from] move: Defog|[of] p2a: Arceus
|
|-damage|p2a: Arceus|39/100 tox|[from] psn
|upkeep
|turn|17
|
|t:|1646037985
|switch|p2a: Kyurem|Kyurem-Black|100/100
|-ability|p2a: Kyurem|Teravolt
|move|p1a: Chansey|Seismic Toss|p2a: Kyurem
|-damage|p2a: Kyurem|76/100
|
|upkeep
|turn|18
|
|t:|1646037989
|switch|p1a: Tyranitar|Tyranitar, M|100/100
|-weather|Sandstorm|[from] ability: Sand Stream|[of] p1a: Tyranitar
|move|p2a: Kyurem|Dragon Dance|p2a: Kyurem
|-boost|p2a: Kyurem|atk|1
|-boost|p2a: Kyurem|spe|1
|
|-weather|Sandstorm|[upkeep]
|-damage|p2a: Kyurem|70/100|[from] Sandstorm
|upkeep
|turn|19
|
|t:|1646037993
|switch|p2a: Zacian|Zacian-Crowned|70/100
|-ability|p2a: Zacian|Intrepid Sword|boost
|-boost|p2a: Zacian|atk|1
|-start|p1a: Tyranitar|Dynamax
|-heal|p1a: Tyranitar|100/100|[silent]
|move|p1a: Tyranitar|Max Guard||[still]
|-fail|p1a: Tyranitar
|
|-weather|Sandstorm|[upkeep]
|upkeep
|turn|20
|
|t:|1646037997
|-end|p1a: Tyranitar|Dynamax
|-heal|p1a: Tyranitar|100/100|[silent]
|switch|p1a: Quagsire|Quagsire, M|100/100
|move|p2a: Zacian|Behemoth Blade|p1a: Quagsire
|-resisted|p1a: Quagsire
|-damage|p1a: Quagsire|76/100
|-damage|p2a: Zacian|53/100|[from] item: Rocky Helmet|[of] p1a: Quagsire
|
|-weather|Sandstorm|[upkeep]
|upkeep
|turn|21
|
|t:|1646038002
|switch|p2a: Groudon|Groudon-Primal|39/100 tox
|-weather|DesolateLand|[from] ability: Desolate Land|[of] p2a: Groudon
|move|p1a: Quagsire|Recover|p1a: Quagsire
|-heal|p1a: Quagsire|100/100
|
|-weather|DesolateLand|[upkeep]
|-damage|p2a: Groudon|32/100 tox|[from] psn
|upkeep
|turn|22
|
|t:|1646038005
|switch|p1a: Sableye|Sableye-Mega, M|100/100
|move|p2a: Groudon|Overheat|p1a: Sableye|[miss]
|-miss|p2a: Groudon|p1a: Sableye
|
|-weather|DesolateLand|[upkeep]
|-damage|p2a: Groudon|20/100 tox|[from] psn
|upkeep
|turn|23
|
|t:|1646038010
|move|p1a: Sableye|Protect|p1a: Sableye
|-singleturn|p1a: Sableye|Protect
|move|p2a: Groudon|Overheat|p1a: Sableye
|-activate|p1a: Sableye|move: Protect
|
|-weather|DesolateLand|[upkeep]
|-damage|p2a: Groudon|1/100 tox|[from] psn
|upkeep
|turn|24
|
|t:|1646038013
|move|p2a: Groudon|Stealth Rock|p1a: Sableye
|move|p1a: Sableye|Stealth Rock|p2a: Groudon|[from]ability: Magic Bounce
|-sidestart|p2: AnimeZZZZ5|move: Stealth Rock
|move|p1a: Sableye|Recover||[still]
|-fail|p1a: Sableye|heal
|
|-weather|DesolateLand|[upkeep]
|-damage|p2a: Groudon|0 fnt|[from] psn
|faint|p2a: Groudon
|-weather|none
|upkeep
|
|t:|1646038015
|switch|p2a: Arceus|Arceus-Fairy|39/100 tox
|-damage|p2a: Arceus|27/100 tox|[from] Stealth Rock
|turn|25
|
|t:|1646038038
|switch|p1a: Lugia|Lugia|82/100
|move|p2a: Arceus|Defog|p1a: Lugia
|-unboost|p1a: Lugia|evasion|1
|-sideend|p2: AnimeZZZZ5|Stealth Rock|[from] move: Defog|[of] p2a: Arceus
|
|-heal|p1a: Lugia|88/100|[from] item: Leftovers
|-damage|p2a: Arceus|21/100 tox|[from] psn
|upkeep
|turn|26
|
|t:|1646038045
|move|p1a: Lugia|Substitute|p1a: Lugia
|-start|p1a: Lugia|Substitute
|-damage|p1a: Lugia|63/100
|move|p2a: Arceus|Recover|p2a: Arceus
|-heal|p2a: Arceus|71/100 tox
|
|-heal|p1a: Lugia|69/100|[from] item: Leftovers
|-damage|p2a: Arceus|59/100 tox|[from] psn
|upkeep
|turn|27
|
|t:|1646038047
|move|p1a: Lugia|Roost|p1a: Lugia
|-heal|p1a: Lugia|100/100
|-singleturn|p1a: Lugia|move: Roost
|move|p2a: Arceus|Judgment|p1a: Lugia
|-activate|p1a: Lugia|move: Substitute|[damage]
|
|-damage|p2a: Arceus|40/100 tox|[from] psn
|upkeep
|turn|28
|
|t:|1646038051
|switch|p2a: Zacian|Zacian-Crowned|53/100
|-ability|p2a: Zacian|Intrepid Sword|boost
|-boost|p2a: Zacian|atk|1
|move|p1a: Lugia|Whirlwind|p2a: Zacian
|drag|p2a: Yveltal|Yveltal|100/100
|-ability|p2a: Yveltal|Dark Aura
|
|upkeep
|turn|29
|
|t:|1646038057
|switch|p2a: Zacian|Zacian-Crowned|53/100
|-ability|p2a: Zacian|Intrepid Sword|boost
|-boost|p2a: Zacian|atk|1
|move|p1a: Lugia|Toxic|p2a: Zacian
|-immune|p2a: Zacian
|
|upkeep
|turn|30
|
|t:|1646038061
|switch|p1a: Quagsire|Quagsire, M|100/100
|move|p2a: Zacian|Swords Dance|p2a: Zacian
|-boost|p2a: Zacian|atk|2
|
|upkeep
|turn|31
|
|t:|1646038064
|switch|p2a: Arceus|Arceus-Poison|100/100
|move|p1a: Quagsire|Earthquake|p2a: Arceus
|-supereffective|p2a: Arceus
|-damage|p2a: Arceus|69/100
|
|upkeep
|turn|32
|
|t:|1646038068
|switch|p1a: Sableye|Sableye-Mega, M|100/100
|move|p2a: Arceus|Calm Mind|p2a: Arceus
|-boost|p2a: Arceus|spa|1
|-boost|p2a: Arceus|spd|1
|
|upkeep
|turn|33
|
|t:|1646038072
|move|p2a: Arceus|Calm Mind|p2a: Arceus
|-boost|p2a: Arceus|spa|1
|-boost|p2a: Arceus|spd|1
|move|p1a: Sableye|Will-O-Wisp|p2a: Arceus
|-status|p2a: Arceus|brn
|
|-damage|p2a: Arceus|63/100 brn|[from] brn
|upkeep
|turn|34
|
|t:|1646038076
|switch|p1a: Chansey|Chansey, F|88/100
|move|p2a: Arceus|Judgment|p1a: Chansey
|-damage|p1a: Chansey|65/100
|
|-damage|p2a: Arceus|57/100 brn|[from] brn
|upkeep
|turn|35
|
|t:|1646038080
|switch|p2a: Kyurem|Kyurem-Black|70/100
|-ability|p2a: Kyurem|Teravolt
|move|p1a: Chansey|Soft-Boiled|p1a: Chansey
|-heal|p1a: Chansey|100/100
|
|upkeep
|turn|36
|
|t:|1646038091
|switch|p1a: Lugia|Lugia|100/100
|move|p2a: Kyurem|Dragon Dance|p2a: Kyurem
|-boost|p2a: Kyurem|atk|1
|-boost|p2a: Kyurem|spe|1
|
|upkeep
|turn|37
|
|t:|1646038094
|-start|p2a: Kyurem|Dynamax
|-heal|p2a: Kyurem|70/100|[silent]
|move|p2a: Kyurem|Max Hailstorm|p1a: Lugia
|-supereffective|p1a: Lugia
|-damage|p1a: Lugia|0 fnt
|-weather|Hail
|faint|p1a: Lugia
|-damage|p2a: Kyurem|65/100|[from] item: Life Orb
|
|-weather|Hail|[upkeep]
|upkeep
|
|t:|1646038102
|switch|p1a: Tyranitar|Tyranitar, M|100/100
|-weather|Sandstorm|[from] ability: Sand Stream|[of] p1a: Tyranitar
|turn|38
|
|t:|1646038108
|move|p2a: Kyurem|Max Hailstorm|p1a: Tyranitar
|-damage|p1a: Tyranitar|0 fnt
|-weather|Hail
|faint|p1a: Tyranitar
|-damage|p2a: Kyurem|60/100|[from] item: Life Orb
|
|-weather|Hail|[upkeep]
|upkeep
|
|t:|1646038113
|switch|p1a: Quagsire|Quagsire, M|100/100
|turn|39
|
|t:|1646038115
|move|p2a: Kyurem|Max Hailstorm|p1a: Quagsire
|-damage|p1a: Quagsire|0 fnt
|faint|p1a: Quagsire
|-damage|p2a: Kyurem|55/100|[from] item: Life Orb
|
|-weather|Hail|[upkeep]
|-end|p2a: Kyurem|Dynamax
|-heal|p2a: Kyurem|55/100|[silent]
|upkeep
|
|t:|1646038119
|switch|p1a: Sableye|Sableye-Mega, M|100/100
|turn|40
|c|☆PromisesBehold|Why
|
|t:|1646038121
|move|p2a: Kyurem|Icicle Spear|p1a: Sableye
|-damage|p1a: Sableye|79/100
|-damage|p1a: Sableye|56/100
|-hitcount|p1a: Sableye|2
|-damage|p2a: Kyurem|45/100|[from] item: Life Orb
|move|p1a: Sableye|Will-O-Wisp|p2a: Kyurem
|-status|p2a: Kyurem|brn
|
|-weather|Hail|[upkeep]
|-damage|p1a: Sableye|50/100|[from] Hail
|-damage|p2a: Kyurem|39/100 brn|[from] brn
|upkeep
|turn|41
|c|☆PromisesBehold|Why
|c|☆PromisesBehold|Why
|c|☆PromisesBehold|Why
|c|☆PromisesBehold|Gira
|c|☆PromisesBehold|Does nothing
|c|☆PromisesBehold|Here
|c|☆PromisesBehold|Fuck this
|c|☆PromisesBehold|Why did u touch the game
|
|t:|1646038140
|move|p2a: Kyurem|Icicle Spear|p1a: Sableye
|-damage|p1a: Sableye|40/100
|-damage|p1a: Sableye|29/100
|-damage|p1a: Sableye|18/100
|-hitcount|p1a: Sableye|3
|-damage|p2a: Kyurem|30/100 brn|[from] item: Life Orb
|move|p1a: Sableye|Recover|p1a: Sableye
|-heal|p1a: Sableye|68/100
|
|-weather|Hail|[upkeep]
|-damage|p1a: Sableye|62/100|[from] Hail
|-damage|p2a: Kyurem|23/100 brn|[from] brn
|upkeep
|turn|42
|
|t:|1646038150
|switch|p2a: Yveltal|Yveltal|100/100
|-ability|p2a: Yveltal|Dark Aura
|move|p1a: Sableye|Recover|p1a: Sableye
|-heal|p1a: Sableye|100/100
|
|-weather|none
|upkeep
|turn|43
|c|☆PromisesBehold|Ok
|c|☆PromisesBehold|Im sorry aqua
|c|☆PromisesBehold|I really am
|-message|PromisesBehold forfeited.
|
|win|AnimeZZZZ5
|raw|PromisesBehold's rating: 1808 &rarr; <strong>1785</strong><br />(-23 for losing)
|raw|AnimeZZZZ5's rating: 1761 &rarr; <strong>1784</strong><br />(+23 for winning)
|c|☆PromisesBehold|The game
|c|☆PromisesBehold|Was free
|c|☆PromisesBehold|Like
|c|☆PromisesBehold|Free
|c|☆PromisesBehold|I had him
|c|☆PromisesBehold|The whole time
