|j|☆lese808
|j|☆Nobodi_Nowan
|t:|1663330556
|gametype|singles
|player|p1|lese808|nate|1687
|player|p2|Nobodi_Nowan|akari|1974
|teamsize|p1|6
|teamsize|p2|6
|gen|8
|tier|[Gen 8] National Dex AG
|rated|
|rule|HP Percentage Mod: HP is shown in percentages
|rule|Endless Battle Clause: Forcing endless battles is banned
|clearpoke
|poke|p1|Zacian-*|
|poke|p1|Ditto|
|poke|p1|Ferrothorn, F|
|poke|p1|Tyranitar, F|
|poke|p1|Quagsire, M|
|poke|p1|Rayquaza|
|poke|p2|Forretress, F|
|poke|p2|Arceus-*|
|poke|p2|Kyogre|
|poke|p2|Calyrex-Shadow|
|poke|p2|Zacian-*|
|poke|p2|Rayquaza|
|teampreview
|inactive|Battle timer is ON: inactive players will automatically lose when time's up. (requested by lese808)
|
|t:|1663330577
|start
|switch|p1a: Rayquaza|Rayquaza|100/100
|switch|p2a: Forretress|Forretress, F|100/100
|-ability|p1a: Rayquaza|Air Lock
|turn|1
|
|t:|1663330587
|detailschange|p1a: Rayquaza|Rayquaza-Mega
|-mega|p1a: Rayquaza|Rayquaza|
|-weather|DeltaStream|[from] ability: Delta Stream|[of] p1a: Rayquaza
|move|p1a: Rayquaza|Dragon Ascent|p2a: Forretress
|-damage|p2a: Forretress|37/100
|-unboost|p1a: Rayquaza|def|1
|-unboost|p1a: Rayquaza|spd|1
|-damage|p1a: Rayquaza|91/100|[from] item: Life Orb
|move|p2a: Forretress|Stealth Rock|p1a: Rayquaza
|-sidestart|p1: lese808|move: Stealth Rock
|
|-weather|DeltaStream|[upkeep]
|-heal|p2a: Forretress|43/100|[from] item: Leftovers
|upkeep
|turn|2
|
|t:|1663330597
|move|p1a: Rayquaza|Dragon Ascent|p2a: Forretress
|-damage|p2a: Forretress|0 fnt
|-unboost|p1a: Rayquaza|def|1
|-unboost|p1a: Rayquaza|spd|1
|faint|p2a: Forretress
|-damage|p1a: Rayquaza|81/100|[from] item: Life Orb
|
|-weather|DeltaStream|[upkeep]
|upkeep
|
|t:|1663330604
|switch|p2a: Calyrex|Calyrex-Shadow|100/100
|-ability|p2a: Calyrex|As One
|-ability|p2a: Calyrex|Unnerve
|turn|3
|
|t:|1663330610
|switch|p2a: Kyogre|Kyogre|100/100
|detailschange|p2a: Kyogre|Kyogre-Primal
|-primal|p2a: Kyogre
|-weather|PrimordialSea|[from] ability: Primordial Sea|[of] p2a: Kyogre
|switch|p1a: Tyranitar|Tyranitar, F|100/100
|-damage|p1a: Tyranitar|88/100|[from] Stealth Rock
|-ability|p1a: Tyranitar|Sand Stream|[from] primordialsea|[fail]
|
|-weather|PrimordialSea|[upkeep]
|-heal|p1a: Tyranitar|94/100|[from] item: Leftovers
|upkeep
|turn|4
|
|t:|1663330620
|switch|p1a: Ferrothorn|Ferrothorn, F|100/100
|-damage|p1a: Ferrothorn|94/100|[from] Stealth Rock
|move|p2a: Kyogre|Water Spout|p1a: Ferrothorn
|-resisted|p1a: Ferrothorn
|-damage|p1a: Ferrothorn|48/100
|
|-weather|PrimordialSea|[upkeep]
|-heal|p1a: Ferrothorn|54/100|[from] item: Leftovers
|upkeep
|turn|5
|
|t:|1663330628
|move|p2a: Kyogre|Water Spout|p1a: Ferrothorn
|-resisted|p1a: Ferrothorn
|-damage|p1a: Ferrothorn|8/100
|move|p1a: Ferrothorn|Leech Seed|p2a: Kyogre|[miss]
|-miss|p1a: Ferrothorn|p2a: Kyogre
|
|-weather|PrimordialSea|[upkeep]
|-heal|p1a: Ferrothorn|14/100|[from] item: Leftovers
|upkeep
|turn|6
|
|t:|1663330635
|switch|p1a: Rayquaza|Rayquaza-Mega|81/100
|-damage|p1a: Rayquaza|56/100|[from] Stealth Rock
|-weather|DeltaStream|[from] ability: Delta Stream|[of] p1a: Rayquaza
|move|p2a: Kyogre|Water Spout|p1a: Rayquaza
|-resisted|p1a: Rayquaza
|-damage|p1a: Rayquaza|8/100
|
|-weather|DeltaStream|[upkeep]
|upkeep
|turn|7
|
|t:|1663330650
|switch|p2a: Arceus|Arceus|100/100
|move|p1a: Rayquaza|V-create|p2a: Arceus
|-damage|p2a: Arceus|21/100
|-unboost|p1a: Rayquaza|spe|1
|-unboost|p1a: Rayquaza|def|1
|-unboost|p1a: Rayquaza|spd|1
|-damage|p1a: Rayquaza|0 fnt|[from] item: Life Orb
|faint|p1a: Rayquaza
|-weather|none
|
|upkeep
|
|t:|1663330655
|switch|p1a: Zacian|Zacian-Crowned|100/100
|-damage|p1a: Zacian|94/100|[from] Stealth Rock
|-ability|p1a: Zacian|Intrepid Sword|boost
|-boost|p1a: Zacian|atk|1
|turn|8
|
|t:|1663330664
|move|p2a: Arceus|Extreme Speed|p1a: Zacian
|-resisted|p1a: Zacian
|-damage|p1a: Zacian|75/100
|move|p1a: Zacian|Behemoth Blade|p2a: Arceus
|-damage|p2a: Arceus|0 fnt
|faint|p2a: Arceus
|
|upkeep
|
|t:|1663330677
|switch|p2a: Rayquaza|Rayquaza|100/100
|-ability|p2a: Rayquaza|Air Lock
|turn|9
|
|t:|1663330686
|switch|p1a: Quagsire|Quagsire, M|100/100
|-damage|p1a: Quagsire|94/100|[from] Stealth Rock
|detailschange|p2a: Rayquaza|Rayquaza-Mega
|-mega|p2a: Rayquaza|Rayquaza|
|-weather|DeltaStream|[from] ability: Delta Stream|[of] p2a: Rayquaza
|move|p2a: Rayquaza|Endure||[still]
|-fail|p2a: Rayquaza
|
|-weather|DeltaStream|[upkeep]
|upkeep
|turn|10
|
|t:|1663330694
|move|p2a: Rayquaza|Dragon Ascent|p1a: Quagsire
|-damage|p1a: Quagsire|32/100
|-unboost|p2a: Rayquaza|def|1
|-unboost|p2a: Rayquaza|spd|1
|-damage|p2a: Rayquaza|84/100|[from] item: Rocky Helmet|[of] p1a: Quagsire
|move|p1a: Quagsire|Yawn|p2a: Rayquaza
|-start|p2a: Rayquaza|move: Yawn|[of] p1a: Quagsire
|
|-weather|DeltaStream|[upkeep]
|upkeep
|turn|11
|
|t:|1663330711
|-weather|none
|switch|p2a: Kyogre|Kyogre-Primal|100/100
|-weather|PrimordialSea|[from] ability: Primordial Sea|[of] p2a: Kyogre
|move|p1a: Quagsire|Recover|p1a: Quagsire
|-heal|p1a: Quagsire|82/100
|
|-weather|PrimordialSea|[upkeep]
|upkeep
|turn|12
|
|t:|1663330719
|switch|p1a: Ferrothorn|Ferrothorn, F|14/100
|-damage|p1a: Ferrothorn|8/100|[from] Stealth Rock
|move|p2a: Kyogre|Water Spout|p1a: Ferrothorn
|-resisted|p1a: Ferrothorn
|-damage|p1a: Ferrothorn|0 fnt
|faint|p1a: Ferrothorn
|
|-weather|PrimordialSea|[upkeep]
|upkeep
|
|t:|1663330721
|switch|p1a: Zacian|Zacian-Crowned|75/100
|-damage|p1a: Zacian|69/100|[from] Stealth Rock
|-ability|p1a: Zacian|Intrepid Sword|boost
|-boost|p1a: Zacian|atk|1
|turn|13
|
|t:|1663330731
|-weather|none
|switch|p2a: Zacian|Zacian-Crowned, shiny|100/100
|-ability|p2a: Zacian|Intrepid Sword|boost
|-boost|p2a: Zacian|atk|1
|move|p1a: Zacian|Wild Charge|p2a: Zacian
|-damage|p2a: Zacian|41/100
|-damage|p1a: Zacian|54/100|[from] Recoil
|
|upkeep
|turn|14
|
|t:|1663330739
|switch|p1a: Quagsire|Quagsire, M|82/100
|-damage|p1a: Quagsire|76/100|[from] Stealth Rock
|move|p2a: Zacian|Close Combat|p1a: Quagsire
|-damage|p1a: Quagsire|39/100
|-unboost|p2a: Zacian|def|1
|-unboost|p2a: Zacian|spd|1
|-damage|p2a: Zacian|25/100|[from] item: Rocky Helmet|[of] p1a: Quagsire
|
|upkeep
|turn|15
|
|t:|1663330751
|switch|p2a: Kyogre|Kyogre-Primal|100/100
|-weather|PrimordialSea|[from] ability: Primordial Sea|[of] p2a: Kyogre
|move|p1a: Quagsire|Yawn|p2a: Kyogre
|-start|p2a: Kyogre|move: Yawn|[of] p1a: Quagsire
|
|-weather|PrimordialSea|[upkeep]
|upkeep
|turn|16
|
|t:|1663330757
|-weather|none
|switch|p2a: Zacian|Zacian-Crowned, shiny|25/100
|-ability|p2a: Zacian|Intrepid Sword|boost
|-boost|p2a: Zacian|atk|1
|move|p1a: Quagsire|Recover|p1a: Quagsire
|-heal|p1a: Quagsire|89/100
|
|upkeep
|turn|17
|
|t:|1663330764
|move|p2a: Zacian|Close Combat|p1a: Quagsire
|-damage|p1a: Quagsire|53/100
|-unboost|p2a: Zacian|def|1
|-unboost|p2a: Zacian|spd|1
|-damage|p2a: Zacian|8/100|[from] item: Rocky Helmet|[of] p1a: Quagsire
|move|p1a: Quagsire|Yawn|p2a: Zacian
|-start|p2a: Zacian|move: Yawn|[of] p1a: Quagsire
|
|upkeep
|turn|18
|
|t:|1663330773
|switch|p2a: Kyogre|Kyogre-Primal|100/100
|-weather|PrimordialSea|[from] ability: Primordial Sea|[of] p2a: Kyogre
|move|p1a: Quagsire|Yawn|p2a: Kyogre
|-start|p2a: Kyogre|move: Yawn|[of] p1a: Quagsire
|
|-weather|PrimordialSea|[upkeep]
|upkeep
|turn|19
|
|t:|1663330782
|-weather|none
|switch|p2a: Zacian|Zacian-Crowned, shiny|8/100
|-ability|p2a: Zacian|Intrepid Sword|boost
|-boost|p2a: Zacian|atk|1
|switch|p1a: Ditto|Ditto|100/100
|-damage|p1a: Ditto|88/100|[from] Stealth Rock
|-transform|p1a: Ditto|p2a: Zacian|[from] ability: Imposter
|-ability|p1a: Ditto|Intrepid Sword|boost
|-boost|p1a: Ditto|atk|1
|
|upkeep
|turn|20
|
|t:|1663330808
|move|p1a: Ditto|Behemoth Blade|p2a: Zacian
|-damage|p2a: Zacian|0 fnt
|faint|p2a: Zacian
|
|upkeep
|
|t:|1663330815
|switch|p2a: Rayquaza|Rayquaza-Mega|84/100
|-weather|DeltaStream|[from] ability: Delta Stream|[of] p2a: Rayquaza
|turn|21
|
|t:|1663330824
|move|p2a: Rayquaza|Endure|p2a: Rayquaza
|-singleturn|p2a: Rayquaza|move: Endure
|move|p1a: Ditto|Behemoth Blade|p2a: Rayquaza
|-activate|p2a: Rayquaza|move: Endure
|-damage|p2a: Rayquaza|1/100
|
|-weather|DeltaStream|[upkeep]
|upkeep
|turn|22
|-enditem|p2a: Rayquaza|Custap Berry|[eat]
|-activate|p2a: Rayquaza|item: Custap Berry|[consumed]
|
|t:|1663330838
|switch|p1a: Quagsire|Quagsire, M|53/100
|-damage|p1a: Quagsire|47/100|[from] Stealth Rock
|move|p2a: Rayquaza|V-create|p1a: Quagsire
|-resisted|p1a: Quagsire
|-damage|p1a: Quagsire|17/100
|-unboost|p2a: Rayquaza|spe|1
|-unboost|p2a: Rayquaza|def|1
|-unboost|p2a: Rayquaza|spd|1
|-damage|p2a: Rayquaza|0 fnt|[from] item: Rocky Helmet|[of] p1a: Quagsire
|faint|p2a: Rayquaza
|-weather|none
|
|upkeep
|
|t:|1663330855
|switch|p2a: Kyogre|Kyogre-Primal|100/100
|-weather|PrimordialSea|[from] ability: Primordial Sea|[of] p2a: Kyogre
|turn|23
|
|t:|1663330859
|move|p2a: Kyogre|Ice Beam|p1a: Quagsire
|-damage|p1a: Quagsire|0 fnt
|faint|p1a: Quagsire
|
|-weather|PrimordialSea|[upkeep]
|upkeep
|
|t:|1663330861
|switch|p1a: Zacian|Zacian-Crowned|54/100
|-damage|p1a: Zacian|48/100|[from] Stealth Rock
|-ability|p1a: Zacian|Intrepid Sword|boost
|-boost|p1a: Zacian|atk|1
|turn|24
|
|t:|1663330867
|move|p1a: Zacian|Wild Charge|p2a: Kyogre
|-supereffective|p2a: Kyogre
|-damage|p2a: Kyogre|0 fnt
|faint|p2a: Kyogre
|-weather|none
|-damage|p1a: Zacian|22/100|[from] Recoil
|
|upkeep
|
|t:|1663330873
|switch|p2a: Calyrex|Calyrex-Shadow|100/100
|-ability|p2a: Calyrex|As One
|-ability|p2a: Calyrex|Unnerve
|turn|25
|
|t:|1663330881
|switch|p1a: Tyranitar|Tyranitar, F|94/100
|-damage|p1a: Tyranitar|82/100|[from] Stealth Rock
|-weather|Sandstorm|[from] ability: Sand Stream|[of] p1a: Tyranitar
|-start|p2a: Calyrex|Dynamax|
|-heal|p2a: Calyrex|100/100|[silent]
|move|p2a: Calyrex|Max Starfall|p1a: Tyranitar
|-supereffective|p1a: Tyranitar
|-damage|p1a: Tyranitar|49/100
|-fieldstart|move: Misty Terrain
|
|-weather|Sandstorm|[upkeep]
|-damage|p2a: Calyrex|97/100|[from] Sandstorm
|-heal|p1a: Tyranitar|55/100|[from] item: Leftovers
|upkeep
|turn|26
|
|t:|1663330894
|-start|p1a: Tyranitar|Dynamax|
|-heal|p1a: Tyranitar|55/100|[silent]
|move|p1a: Tyranitar|Max Guard|p1a: Tyranitar
|-singleturn|p1a: Tyranitar|Max Guard
|move|p2a: Calyrex|Max Starfall|p1a: Tyranitar
|-activate|p1a: Tyranitar|move: Max Guard
|
|-weather|Sandstorm|[upkeep]
|-damage|p2a: Calyrex|94/100|[from] Sandstorm
|-heal|p1a: Tyranitar|58/100|[from] item: Leftovers
|upkeep
|turn|27
|
|t:|1663330903
|move|p2a: Calyrex|Max Starfall|p1a: Tyranitar
|-supereffective|p1a: Tyranitar
|-damage|p1a: Tyranitar|40/100
|move|p1a: Tyranitar|Max Darkness|p2a: Calyrex
|-supereffective|p2a: Calyrex
|-damage|p2a: Calyrex|0 fnt
|faint|p2a: Calyrex
|
|win|lese808
|raw|lese808's rating: 1687 &rarr; <strong>1721</strong><br />(+34 for winning)
|raw|Nobodi_Nowan's rating: 1974 &rarr; <strong>1940</strong><br />(-34 for losing)
|l|☆Nobodi_Nowan
||Ladder isn't responding, score probably updated but might not have (Request timeout).
