|j|☆JAY100064
|j|☆XaverStyx
|t:|1623182720
|gametype|singles
|player|p1|JAY100064|preschooler|1437
|player|p2|XaverStyx|grimsley-gen7|1427
|teamsize|p1|6
|teamsize|p2|6
|gen|8
|tier|[Gen 8] National Dex AG
|rated|
|rule|HP Percentage Mod: HP is shown in percentages
|rule|Endless Battle Clause: Forcing endless battles is banned
|clearpoke
|poke|p1|Arceus-*|
|poke|p1|Ferrothorn, M|
|poke|p1|Giratina|
|poke|p1|Sableye, F|
|poke|p1|Clefable, M|
|poke|p1|Ho-Oh|
|poke|p2|Polteageist|
|poke|p2|Jirachi|
|poke|p2|Ditto|
|poke|p2|Whimsicott, F|
|poke|p2|Porygon-Z|
|poke|p2|Kangaskhan, F|
|teampreview
|inactive|Battle timer is ON: inactive players will automatically lose when time's up. (requested by XaverStyx)
|c|☆JAY100064|i-
|
|t:|1623182729
|start
|switch|p1a: Sableye|Sableye, F, shiny|100/100
|switch|p2a: cottoneyeno|Whimsicott, F, shiny|100/100
|turn|1
|
|t:|1623182738
|detailschange|p1a: Sableye|Sableye-Mega, F, shiny
|-mega|p1a: Sableye|Sableye|Sablenite
|move|p1a: Sableye|Fake Out|p2a: cottoneyeno
|-crit|p2a: cottoneyeno
|-damage|p2a: cottoneyeno|91/100
|cant|p2a: cottoneyeno|flinch
|
|-heal|p2a: cottoneyeno|97/100|[from] item: Leftovers
|upkeep
|turn|2
|
|t:|1623182748
|move|p2a: cottoneyeno|Substitute|p2a: cottoneyeno
|-start|p2a: cottoneyeno|Substitute
|-damage|p2a: cottoneyeno|72/100
|move|p1a: Sableye|Will-O-Wisp||[still]
|-fail|p1a: Sableye
|
|-heal|p2a: cottoneyeno|78/100|[from] item: Leftovers
|upkeep
|turn|3
|
|t:|1623182757
|move|p2a: cottoneyeno|Moonblast|p1a: Sableye
|-supereffective|p1a: Sableye
|-damage|p1a: Sableye|43/100
|-unboost|p1a: Sableye|spa|1
|move|p1a: Sableye|Foul Play|p2a: cottoneyeno
|-resisted|p2a: cottoneyeno
|-activate|p2a: cottoneyeno|move: Substitute|[damage]
|
|-heal|p2a: cottoneyeno|84/100|[from] item: Leftovers
|upkeep
|turn|4
|c|☆XaverStyx|8)
|
|t:|1623182768
|switch|p1a: Ferrothorn|Ferrothorn, M|100/100
|move|p2a: cottoneyeno|Moonblast|p1a: Ferrothorn
|-resisted|p1a: Ferrothorn
|-damage|p1a: Ferrothorn|92/100
|
|-heal|p2a: cottoneyeno|90/100|[from] item: Leftovers
|-heal|p1a: Ferrothorn|98/100|[from] item: Leftovers
|upkeep
|turn|5
|
|t:|1623182779
|move|p2a: cottoneyeno|Moonblast|p1a: Ferrothorn
|-resisted|p1a: Ferrothorn
|-damage|p1a: Ferrothorn|89/100
|move|p1a: Ferrothorn|Gyro Ball|p2a: cottoneyeno
|-supereffective|p2a: cottoneyeno
|-end|p2a: cottoneyeno|Substitute
|
|-heal|p2a: cottoneyeno|96/100|[from] item: Leftovers
|-heal|p1a: Ferrothorn|95/100|[from] item: Leftovers
|upkeep
|turn|6
|
|t:|1623182794
|move|p2a: cottoneyeno|Substitute|p2a: cottoneyeno
|-start|p2a: cottoneyeno|Substitute
|-damage|p2a: cottoneyeno|71/100
|move|p1a: Ferrothorn|Gyro Ball|p2a: cottoneyeno
|-supereffective|p2a: cottoneyeno
|-end|p2a: cottoneyeno|Substitute
|
|-heal|p2a: cottoneyeno|78/100|[from] item: Leftovers
|-heal|p1a: Ferrothorn|100/100|[from] item: Leftovers
|upkeep
|turn|7
|
|t:|1623182803
|move|p2a: cottoneyeno|Encore|p1a: Ferrothorn
|-start|p1a: Ferrothorn|Encore
|move|p1a: Ferrothorn|Gyro Ball|p2a: cottoneyeno
|-supereffective|p2a: cottoneyeno
|-damage|p2a: cottoneyeno|0 fnt
|faint|p2a: cottoneyeno
|
|upkeep
|
|t:|1623182809
|switch|p2a: nö|Jirachi|100/100
|turn|8
|
|t:|1623182816
|switch|p1a: Sableye|Sableye-Mega, F, shiny|43/100
|move|p2a: nö|Fire Punch|p1a: Sableye
|-damage|p1a: Sableye|25/100
|
|upkeep
|turn|9
|
|t:|1623182835
|move|p2a: nö|Fire Punch|p1a: Sableye
|-crit|p1a: Sableye
|-damage|p1a: Sableye|0 fnt
|faint|p1a: Sableye
|
|upkeep
|
|t:|1623182844
|switch|p1a: Ho-Oh|Ho-Oh, shiny|100/100
|turn|10
|
|t:|1623182853
|switch|p2a: diedreistelüge|Ditto, shiny|100/100
|-transform|p2a: diedreistelüge|p1a: Ho-Oh|[from] ability: Imposter
|move|p1a: Ho-Oh|Sacred Fire|p2a: diedreistelüge
|-resisted|p2a: diedreistelüge
|-damage|p2a: diedreistelüge|79/100
|
|upkeep
|turn|11
|
|t:|1623182866
|move|p2a: diedreistelüge|Toxic|p1a: Ho-Oh
|-status|p1a: Ho-Oh|tox
|move|p1a: Ho-Oh|Toxic|p2a: diedreistelüge|[miss]
|-miss|p1a: Ho-Oh|p2a: diedreistelüge
|
|-damage|p1a: Ho-Oh|94/100 tox|[from] psn
|upkeep
|turn|12
|
|t:|1623182875
|switch|p2a: cheaterino|Porygon-Z, shiny|100/100
|-ability|p2a: cheaterino|Download|boost
|-boost|p2a: cheaterino|atk|1
|move|p1a: Ho-Oh|Sacred Fire|p2a: cheaterino
|-damage|p2a: cheaterino|33/100
|
|-heal|p1a: Ho-Oh|100/100 tox|[from] item: Leftovers
|-damage|p1a: Ho-Oh|88/100 tox|[from] psn
|upkeep
|turn|13
|
|t:|1623182886
|switch|p1a: Clefable|Clefable, M, shiny|100/100
|-zpower|p2a: cheaterino
|move|p2a: cheaterino|Z-Conversion|p2a: cheaterino|[anim]Conversion
|-boost|p2a: cheaterino|atk|1|[zeffect]
|-boost|p2a: cheaterino|def|1|[zeffect]
|-boost|p2a: cheaterino|spa|1|[zeffect]
|-boost|p2a: cheaterino|spd|1|[zeffect]
|-boost|p2a: cheaterino|spe|1|[zeffect]
|-start|p2a: cheaterino|typechange|Electric
|
|upkeep
|turn|14
|
|t:|1623182898
|move|p2a: cheaterino|Thunderbolt|p1a: Clefable
|-damage|p1a: Clefable|65/100
|move|p1a: Clefable|Heal Bell|p1a: Clefable
|-activate|p1a: Clefable|move: Heal Bell
|-curestatus|p1: Ho-Oh|tox|[msg]
|
|-heal|p1a: Clefable|71/100|[from] item: Leftovers
|upkeep
|turn|15
|
|t:|1623182908
|-start|p1a: Clefable|Dynamax
|-heal|p1a: Clefable|71/100|[silent]
|move|p2a: cheaterino|Thunderbolt|p1a: Clefable
|-damage|p1a: Clefable|53/100
|move|p1a: Clefable|Max Starfall|p2a: cheaterino
|-damage|p2a: cheaterino|0 fnt
|-fieldstart|move: Misty Terrain
|faint|p2a: cheaterino
|
|-heal|p1a: Clefable|56/100|[from] item: Leftovers
|upkeep
|
|t:|1623182914
|switch|p2a: nö|Jirachi|100/100
|turn|16
|
|t:|1623182923
|-end|p1a: Clefable|Dynamax
|-heal|p1a: Clefable|56/100|[silent]
|switch|p1a: Ho-Oh|Ho-Oh, shiny|100/100
|-start|p2a: nö|Dynamax
|-heal|p2a: nö|100/100|[silent]
|move|p2a: nö|Max Steelspike|p1a: Ho-Oh
|-resisted|p1a: Ho-Oh
|-damage|p1a: Ho-Oh|81/100
|-boost|p2a: nö|def|1
|
|-heal|p1a: Ho-Oh|87/100|[from] item: Leftovers
|upkeep
|turn|17
|
|t:|1623182938
|-end|p2a: nö|Dynamax
|-heal|p2a: nö|100/100|[silent]
|switch|p2a: diedreistelüge|Ditto, shiny|100/100
|-transform|p2a: diedreistelüge|p1a: Ho-Oh|[from] ability: Imposter
|move|p1a: Ho-Oh|Sacred Fire|p2a: diedreistelüge
|-resisted|p2a: diedreistelüge
|-damage|p2a: diedreistelüge|80/100
|
|-heal|p1a: Ho-Oh|93/100|[from] item: Leftovers
|upkeep
|turn|18
|
|t:|1623182952
|move|p2a: diedreistelüge|Brave Bird|p1a: Ho-Oh
|-damage|p1a: Ho-Oh|60/100
|-damage|p2a: diedreistelüge|65/100|[from] Recoil
|move|p1a: Ho-Oh|Toxic|p2a: diedreistelüge|[miss]
|-miss|p1a: Ho-Oh|p2a: diedreistelüge
|
|-heal|p1a: Ho-Oh|66/100|[from] item: Leftovers
|upkeep
|turn|19
|
|t:|1623182962
|switch|p2a: nö|Jirachi|100/100
|move|p1a: Ho-Oh|Recover|p1a: Ho-Oh
|-heal|p1a: Ho-Oh|100/100
|
|-fieldend|Misty Terrain
|upkeep
|turn|20
|c|☆JAY100064|oh
|
|t:|1623182971
|move|p2a: nö|Body Slam|p1a: Ho-Oh
|-damage|p1a: Ho-Oh|83/100
|-status|p1a: Ho-Oh|par
|move|p1a: Ho-Oh|Toxic|p2a: nö
|-immune|p2a: nö
|
|-heal|p1a: Ho-Oh|89/100 par|[from] item: Leftovers
|upkeep
|turn|21
|
|t:|1623182980
|switch|p2a: teedichspäter|Polteageist, shiny|100/100
|move|p1a: Ho-Oh|Toxic|p2a: teedichspäter
|-status|p2a: teedichspäter|tox
|
|-heal|p1a: Ho-Oh|95/100 par|[from] item: Leftovers
|-damage|p2a: teedichspäter|94/100 tox|[from] psn
|upkeep
|turn|22
|
|t:|1623182991
|switch|p1a: Clefable|Clefable, M, shiny|56/100
|move|p2a: teedichspäter|Shell Smash|p2a: teedichspäter
|-unboost|p2a: teedichspäter|def|1
|-unboost|p2a: teedichspäter|spd|1
|-boost|p2a: teedichspäter|atk|2
|-boost|p2a: teedichspäter|spa|2
|-boost|p2a: teedichspäter|spe|2
|-enditem|p2a: teedichspäter|White Herb
|-clearnegativeboost|p2a: teedichspäter|[silent]
|
|-heal|p1a: Clefable|62/100|[from] item: Leftovers
|-damage|p2a: teedichspäter|82/100 tox|[from] psn
|upkeep
|turn|23
|
|t:|1623183007
|move|p2a: teedichspäter|Stored Power|p1a: Clefable
|-damage|p1a: Clefable|29/100
|move|p1a: Clefable|Wish|p1a: Clefable
|
|-heal|p1a: Clefable|35/100|[from] item: Leftovers
|-damage|p2a: teedichspäter|64/100 tox|[from] psn
|upkeep
|turn|24
|
|t:|1623183031
|move|p1a: Clefable|Protect|p1a: Clefable
|-singleturn|p1a: Clefable|Protect
|move|p2a: teedichspäter|Shell Smash|p2a: teedichspäter
|-unboost|p2a: teedichspäter|def|1
|-unboost|p2a: teedichspäter|spd|1
|-boost|p2a: teedichspäter|atk|2
|-boost|p2a: teedichspäter|spa|2
|-boost|p2a: teedichspäter|spe|2
|
|-heal|p1a: Clefable|85/100|[from] move: Wish|[wisher] Clefable
|-heal|p1a: Clefable|91/100|[from] item: Leftovers
|-damage|p2a: teedichspäter|39/100 tox|[from] psn
|upkeep
|turn|25
|
|t:|1623183045
|move|p2a: teedichspäter|Giga Drain|p1a: Clefable
|-damage|p1a: Clefable|71/100
|-heal|p2a: teedichspäter|54/100 tox|[from] drain|[of] p1a: Clefable
|move|p1a: Clefable|Heal Bell|p1a: Clefable
|-activate|p1a: Clefable|move: Heal Bell
|-curestatus|p1: Ho-Oh|par|[msg]
|
|-heal|p1a: Clefable|77/100|[from] item: Leftovers
|-damage|p2a: teedichspäter|23/100 tox|[from] psn
|upkeep
|turn|26
|
|t:|1623183059
|move|p2a: teedichspäter|Stored Power|p1a: Clefable
|-damage|p1a: Clefable|15/100
|move|p1a: Clefable|Wish|p1a: Clefable
|
|-heal|p1a: Clefable|21/100|[from] item: Leftovers
|-damage|p2a: teedichspäter|0 fnt|[from] psn
|faint|p2a: teedichspäter
|upkeep
|
|t:|1623183065
|switch|p2a: totmutternjunge|Kangaskhan, F, shiny|100/100
|turn|27
|
|t:|1623183072
|detailschange|p2a: totmutternjunge|Kangaskhan-Mega, F, shiny
|-mega|p2a: totmutternjunge|Kangaskhan|Kangaskhanite
|move|p1a: Clefable|Protect|p1a: Clefable
|-singleturn|p1a: Clefable|Protect
|move|p2a: totmutternjunge|Power-Up Punch|p1a: Clefable
|-activate|p1a: Clefable|move: Protect
|
|-heal|p1a: Clefable|71/100|[from] move: Wish|[wisher] Clefable
|-heal|p1a: Clefable|77/100|[from] item: Leftovers
|upkeep
|turn|28
|j| and akp 906
|
|t:|1623183086
|switch|p1a: Giratina|Giratina, shiny|100/100
|-ability|p1a: Giratina|Pressure
|move|p2a: totmutternjunge|Power-Up Punch|p1a: Giratina
|-immune|p1a: Giratina
|
|upkeep
|turn|29
|
|t:|1623183097
|move|p2a: totmutternjunge|Sucker Punch||[still]
|-fail|p2a: totmutternjunge
|move|p1a: Giratina|Toxic|p2a: totmutternjunge
|-status|p2a: totmutternjunge|tox
|
|-damage|p2a: totmutternjunge|95/100 tox|[from] psn
|upkeep
|turn|30
|
|t:|1623183115
|switch|p2a: diedreistelüge|Ditto, shiny|98/100
|-transform|p2a: diedreistelüge|p1a: Giratina|[from] ability: Imposter
|-ability|p2a: diedreistelüge|Pressure
|move|p1a: Giratina|Toxic|p2a: diedreistelüge
|-status|p2a: diedreistelüge|tox
|
|-damage|p2a: diedreistelüge|92/100 tox|[from] psn
|upkeep
|turn|31
|
|t:|1623183131
|switch|p1a: Clefable|Clefable, M, shiny|77/100
|move|p2a: diedreistelüge|Dragon Tail|p1a: Clefable
|-immune|p1a: Clefable
|
|-heal|p1a: Clefable|83/100|[from] item: Leftovers
|-damage|p2a: diedreistelüge|80/100 tox|[from] psn
|upkeep
|turn|32
|-message|XaverStyx forfeited.
|
|win|JAY100064
|l|☆XaverStyx
|raw|JAY100064's rating: 1438 &rarr; <strong>1457</strong><br />(+19 for winning)
|raw|XaverStyx's rating: 1424 &rarr; <strong>1405</strong><br />(-19 for losing)
|c|☆JAY100064|lol
||Ladder isn't responding, score probably updated but might not have (Request timeout).
