|j|☆valtryek1111111
|j|☆JAY100064
|t:|1620314401
|gametype|singles
|player|p1|valtryek1111111|170|
|player|p2|JAY100064|preschooler|
|teamsize|p1|6
|teamsize|p2|6
|gen|8
|tier|[Gen 8] National Dex AG
|clearpoke
|poke|p1|Zacian-Crowned|
|poke|p1|Xerneas|
|poke|p1|Calyrex-Shadow|
|poke|p1|Rayquaza|
|poke|p1|Groudon|
|poke|p1|Kyogre|
|poke|p2|Aron, L1, M|
|poke|p2|Pineco, L1, M|
|poke|p2|Riolu, F|
|poke|p2|Skarmory, L1, F|
|poke|p2|Rattata-Alola, L1, M|
|poke|p2|Zacian-Crowned|
|rule|HP Percentage Mod: HP is shown in percentages
|rule|Endless Battle Clause: Forcing endless battles is banned
|teampreview
|inactive|Battle timer is ON: inactive players will automatically lose when time's up. (requested by valtryek1111111)
|
|t:|1620314413
|start
|switch|p1a: Calyrex|Calyrex-Shadow|100/100
|switch|p2a: Lol!|Zacian-Crowned|100/100
|-ability|p1a: Calyrex|As One
|-ability|p1a: Calyrex|Unnerve
|-ability|p2a: Lol!|Intrepid Sword|boost
|-boost|p2a: Lol!|atk|1
|turn|1
|
|t:|1620314425
|move|p1a: Calyrex|Trick||[still]
|-fail|p1a: Calyrex
|move|p2a: Lol!|Swords Dance|p2a: Lol!
|-boost|p2a: Lol!|atk|2
|
|upkeep
|turn|2
|
|t:|1620314435
|-start|p1a: Calyrex|Dynamax
|-heal|p1a: Calyrex|100/100|[silent]
|move|p1a: Calyrex|Max Mindstorm|p2a: Lol!
|-resisted|p2a: Lol!
|-damage|p2a: Lol!|61/100
|-fieldstart|move: Psychic Terrain
|move|p2a: Lol!|Swords Dance|p2a: Lol!
|-boost|p2a: Lol!|atk|2
|
|upkeep
|turn|3
|
|t:|1620314445
|move|p1a: Calyrex|Max Phantasm|p2a: Lol!
|-damage|p2a: Lol!|0 fnt
|faint|p2a: Lol!
|-ability|p1a: Calyrex|Grim Neigh|boost
|-boost|p1a: Calyrex|spa|1
|
|upkeep
|c|☆valtryek1111111|haahha
|c|☆valtryek1111111|got you
|
|t:|1620314463
|switch|p2a: :FEAR2:|Pineco, L1, M|100/100
|turn|4
|
|t:|1620314470
|move|p1a: Calyrex|Max Mindstorm|p2a: :FEAR2:
|-ability|p2a: :FEAR2:|Sturdy
|-damage|p2a: :FEAR2:|9/100
|-enditem|p2a: :FEAR2:|Berry Juice
|-heal|p2a: :FEAR2:|100/100|[from] item: Berry Juice
|move|p2a: :FEAR2:|Toxic Spikes|p1a: Calyrex
|-sidestart|p1: valtryek1111111|move: Toxic Spikes
|
|-end|p1a: Calyrex|Dynamax
|-heal|p1a: Calyrex|100/100|[silent]
|upkeep
|turn|5
|
|t:|1620314481
|move|p1a: Calyrex|Trick|p2a: :FEAR2:
|-activate|p1a: Calyrex|move: Trick|[of] p2a: :FEAR2:
|-item|p2a: :FEAR2:|Choice Specs|[from] move: Trick
|-enditem|p1a: Calyrex|Choice Specs|[silent]|[from] move: Trick
|move|p2a: :FEAR2:|Pain Split|p1a: Calyrex
|-sethp|p1a: Calyrex|52/100|[from] move: Pain Split|[silent]
|-sethp|p2a: :FEAR2:|100/100|[from] move: Pain Split
|
|upkeep
|turn|6
|
|t:|1620314490
|move|p1a: Calyrex|Astral Barrage|p2a: :FEAR2:
|-ability|p2a: :FEAR2:|Sturdy
|-damage|p2a: :FEAR2:|9/100
|move|p2a: :FEAR2:|Pain Split|p1a: Calyrex
|-sethp|p1a: Calyrex|27/100|[from] move: Pain Split|[silent]
|-sethp|p2a: :FEAR2:|100/100|[from] move: Pain Split
|
|-fieldend|move: Psychic Terrain
|upkeep
|turn|7
|
|t:|1620314502
|move|p1a: Calyrex|Psyshock|p2a: :FEAR2:
|-ability|p2a: :FEAR2:|Sturdy
|-damage|p2a: :FEAR2:|9/100
|move|p2a: :FEAR2:|Pain Split|p1a: Calyrex
|-sethp|p1a: Calyrex|14/100|[from] move: Pain Split|[silent]
|-sethp|p2a: :FEAR2:|100/100|[from] move: Pain Split
|
|upkeep
|turn|8
|c|☆JAY100064|you locked me in a move im supposed to spam
|c|☆valtryek1111111|lol
|
|t:|1620314524
|move|p1a: Calyrex|Psyshock|p2a: :FEAR2:
|-ability|p2a: :FEAR2:|Sturdy
|-damage|p2a: :FEAR2:|9/100
|move|p2a: :FEAR2:|Pain Split|p1a: Calyrex
|-sethp|p1a: Calyrex|7/100|[from] move: Pain Split|[silent]
|-sethp|p2a: :FEAR2:|100/100|[from] move: Pain Split
|
|upkeep
|turn|9
|c|☆valtryek1111111|XD that was intentional
|
|t:|1620314544
|move|p1a: Calyrex|Psyshock|p2a: :FEAR2:
|-ability|p2a: :FEAR2:|Sturdy
|-damage|p2a: :FEAR2:|9/100
|move|p2a: :FEAR2:|Pain Split|p1a: Calyrex
|-sethp|p1a: Calyrex|4/100|[from] move: Pain Split|[silent]
|-sethp|p2a: :FEAR2:|100/100|[from] move: Pain Split
|
|upkeep
|turn|10
|inactive|JAY100064 has 270 seconds left.
|c|☆JAY100064|omg
|c|☆valtryek1111111|what
|c|☆JAY100064|how long trick last
|c|☆valtryek1111111|forever
|c|☆valtryek1111111|MWUAHAHAHAHAHA
|inactive|JAY100064 has 240 seconds left.
|c|☆JAY100064|ok
|c|☆JAY100064|lemme just waste your pp
|
|t:|1620314604
|move|p1a: Calyrex|Psyshock|p2a: :FEAR2:
|-ability|p2a: :FEAR2:|Sturdy
|-damage|p2a: :FEAR2:|9/100
|move|p2a: :FEAR2:|Pain Split|p1a: Calyrex
|-sethp|p1a: Calyrex|2/100|[from] move: Pain Split|[silent]
|-sethp|p2a: :FEAR2:|50/100|[from] move: Pain Split
|
|upkeep
|turn|11
|
|t:|1620314616
|-start|p2a: :FEAR2:|Dynamax
|-heal|p2a: :FEAR2:|50/100|[silent]
|move|p2a: :FEAR2:|Max Guard|p2a: :FEAR2:
|-singleturn|p2a: :FEAR2:|Max Guard
|move|p1a: Calyrex|Psyshock|p2a: :FEAR2:
|-activate|p2a: :FEAR2:|move: Max Guard
|
|upkeep
|turn|12
|c|☆valtryek1111111|lol
|
|t:|1620314624
|move|p2a: :FEAR2:|Max Guard|p2a: :FEAR2:
|-singleturn|p2a: :FEAR2:|Max Guard
|move|p1a: Calyrex|Aromatherapy||[still]
|-activate|p1a: Calyrex|move: Aromatherapy
|-fail|p1a: Calyrex
|
|upkeep
|turn|13
|inactive|JAY100064 has 240 seconds left.
|
|t:|1620314635
|move|p2a: :FEAR2:|Max Guard||[still]
|-fail|p2a: :FEAR2:
|move|p1a: Calyrex|Aromatherapy||[still]
|-activate|p1a: Calyrex|move: Aromatherapy
|-fail|p1a: Calyrex
|
|-end|p2a: :FEAR2:|Dynamax
|-heal|p2a: :FEAR2:|50/100|[silent]
|upkeep
|turn|14
|inactive|JAY100064 has 240 seconds left.
|
|t:|1620314644
|move|p1a: Calyrex|Psyshock|p2a: :FEAR2:
|-damage|p2a: :FEAR2:|0 fnt
|faint|p2a: :FEAR2:
|-ability|p1a: Calyrex|Grim Neigh|boost
|-boost|p1a: Calyrex|spa|1
|
|upkeep
|inactive|JAY100064 has 240 seconds left.
|c|☆valtryek1111111|finally!
|
|t:|1620314655
|switch|p2a: :FEAR4:|Skarmory, L1, F|100/100
|turn|15
|
|t:|1620314659
|move|p1a: Calyrex|Astral Barrage|p2a: :FEAR4:
|-ability|p2a: :FEAR4:|Sturdy
|-damage|p2a: :FEAR4:|9/100
|move|p2a: :FEAR4:|Fly||[still]
|-prepare|p2a: :FEAR4:|Fly
|
|-damage|p2a: :FEAR4:|0 fnt|[from] item: Sticky Barb
|faint|p2a: :FEAR4:
|upkeep
|
|t:|1620314669
|switch|p2a: :FEAR3:|Riolu, F|100/100
|turn|16
|c|☆valtryek1111111|LOL
|
|t:|1620314676
|move|p2a: :FEAR3:|Copycat|p2a: :FEAR3:
|move|p2a: :FEAR3:|Fly||[from]move: Copycat|[still]
|-prepare|p2a: :FEAR3:|Fly
|move|p1a: Calyrex|Trick|p2a: :FEAR3:|[miss]
|-miss|p1a: Calyrex|p2a: :FEAR3:
|
|upkeep
|turn|17
|
|t:|1620314684
|move|p1a: Calyrex|Trick|p2a: :FEAR3:|[miss]
|-miss|p1a: Calyrex|p2a: :FEAR3:
|move|p2a: :FEAR3:|Fly|p1a: Calyrex|[from]lockedmove
|-damage|p1a: Calyrex|0 fnt
|faint|p1a: Calyrex
|
|upkeep
|
|t:|1620314688
|switch|p1a: Kyogre|Kyogre|100/100
|-status|p1a: Kyogre|psn
|detailschange|p1a: Kyogre|Kyogre-Primal
|-primal|p1a: Kyogre
|-weather|PrimordialSea|[from] ability: Primordial Sea|[of] p1a: Kyogre
|turn|18
|inactive|JAY100064 has 270 seconds left.
|
|t:|1620314704
|move|p2a: :FEAR3:|Substitute|p2a: :FEAR3:
|-start|p2a: :FEAR3:|Substitute
|-damage|p2a: :FEAR3:|76/100
|move|p1a: Kyogre|Thunder|p2a: :FEAR3:
|-crit|p2a: :FEAR3:
|-end|p2a: :FEAR3:|Substitute
|
|-weather|PrimordialSea|[upkeep]
|-damage|p1a: Kyogre|88/100 psn|[from] psn
|upkeep
|turn|19
|
|t:|1620314714
|move|p2a: :FEAR3:|Protect|p2a: :FEAR3:
|-singleturn|p2a: :FEAR3:|Protect
|move|p1a: Kyogre|Thunder Wave|p2a: :FEAR3:
|-activate|p2a: :FEAR3:|move: Protect
|
|-weather|PrimordialSea|[upkeep]
|-damage|p1a: Kyogre|76/100 psn|[from] psn
|upkeep
|turn|20
|inactive|JAY100064 has 270 seconds left.
|
|t:|1620314723
|move|p2a: :FEAR3:|Substitute|p2a: :FEAR3:
|-start|p2a: :FEAR3:|Substitute
|-damage|p2a: :FEAR3:|51/100
|move|p1a: Kyogre|Thunder Wave||[still]
|-fail|p1a: Kyogre
|
|-weather|PrimordialSea|[upkeep]
|-damage|p1a: Kyogre|64/100 psn|[from] psn
|upkeep
|turn|21
|
|t:|1620314732
|move|p2a: :FEAR3:|Protect|p2a: :FEAR3:
|-singleturn|p2a: :FEAR3:|Protect
|move|p1a: Kyogre|Thunder|p2a: :FEAR3:
|-activate|p2a: :FEAR3:|move: Protect
|
|-weather|PrimordialSea|[upkeep]
|-damage|p1a: Kyogre|51/100 psn|[from] psn
|upkeep
|turn|22
|
|t:|1620314741
|move|p2a: :FEAR3:|Copycat|p2a: :FEAR3:
|move|p2a: :FEAR3:|Thunder|p1a: Kyogre|[from]move: Copycat
|-supereffective|p1a: Kyogre
|-damage|p1a: Kyogre|37/100 psn
|move|p1a: Kyogre|Thunder|p2a: :FEAR3:
|-end|p2a: :FEAR3:|Substitute
|
|-weather|PrimordialSea|[upkeep]
|-damage|p1a: Kyogre|25/100 psn|[from] psn
|upkeep
|turn|23
|
|t:|1620314751
|move|p2a: :FEAR3:|Protect|p2a: :FEAR3:
|-singleturn|p2a: :FEAR3:|Protect
|move|p1a: Kyogre|Thunder|p2a: :FEAR3:
|-activate|p2a: :FEAR3:|move: Protect
|
|-weather|PrimordialSea|[upkeep]
|-damage|p1a: Kyogre|13/100 psn|[from] psn
|upkeep
|turn|24
|
|t:|1620314759
|move|p2a: :FEAR3:|Substitute|p2a: :FEAR3:
|-start|p2a: :FEAR3:|Substitute
|-damage|p2a: :FEAR3:|26/100
|move|p1a: Kyogre|Thunder|p2a: :FEAR3:
|-end|p2a: :FEAR3:|Substitute
|
|-weather|PrimordialSea|[upkeep]
|-damage|p1a: Kyogre|0 fnt|[from] psn
|faint|p1a: Kyogre
|-weather|none
|upkeep
|
|t:|1620314764
|switch|p1a: Xerneas|Xerneas|100/100
|-status|p1a: Xerneas|psn
|-ability|p1a: Xerneas|Fairy Aura
|turn|25
|
|t:|1620314776
|move|p2a: :FEAR3:|Substitute|p2a: :FEAR3:
|-start|p2a: :FEAR3:|Substitute
|-damage|p2a: :FEAR3:|1/100
|move|p1a: Xerneas|Defog|p2a: :FEAR3:
|-sideend|p1: valtryek1111111|Toxic Spikes|[from] move: Defog|[of] p1a: Xerneas
|
|-damage|p1a: Xerneas|88/100 psn|[from] psn
|upkeep
|turn|26
|
|t:|1620314786
|move|p2a: :FEAR3:|Protect|p2a: :FEAR3:
|-singleturn|p2a: :FEAR3:|Protect
|move|p1a: Xerneas|Geomancy||[still]
|-prepare|p1a: Xerneas|Geomancy
|-enditem|p1a: Xerneas|Power Herb
|-anim|p1a: Xerneas|Geomancy|p1a: Xerneas
|-boost|p1a: Xerneas|spa|2
|-boost|p1a: Xerneas|spd|2
|-boost|p1a: Xerneas|spe|2
|
|-damage|p1a: Xerneas|76/100 psn|[from] psn
|upkeep
|turn|27
|
|t:|1620314799
|move|p2a: :FEAR3:|Copycat|p2a: :FEAR3:
|move|p2a: :FEAR3:|Geomancy||[from]move: Copycat|[still]
|-prepare|p2a: :FEAR3:|Geomancy
|move|p1a: Xerneas|Moonblast|p2a: :FEAR3:
|-supereffective|p2a: :FEAR3:
|-end|p2a: :FEAR3:|Substitute
|
|-damage|p1a: Xerneas|63/100 psn|[from] psn
|upkeep
|turn|28
|
|t:|1620314813
|move|p2a: :FEAR3:|Geomancy|p2a: :FEAR3:|[from]lockedmove
|-boost|p2a: :FEAR3:|spa|2
|-boost|p2a: :FEAR3:|spd|2
|-boost|p2a: :FEAR3:|spe|2
|move|p1a: Xerneas|Moonblast|p2a: :FEAR3:
|-supereffective|p2a: :FEAR3:
|-damage|p2a: :FEAR3:|0 fnt
|faint|p2a: :FEAR3:
|
|-damage|p1a: Xerneas|51/100 psn|[from] psn
|upkeep
|c|☆valtryek1111111|LOL
|c|☆JAY100064|why
|c|☆JAY100064|did i copy
|c|☆valtryek1111111|hahahah
|
|t:|1620314834
|switch|p2a: :FEAR:|Aron, L1, M, shiny|100/100
|turn|29
|inactive|JAY100064 has 270 seconds left.
|
|t:|1620314871
|move|p1a: Xerneas|Moonblast|p2a: :FEAR:
|-resisted|p2a: :FEAR:
|-ability|p2a: :FEAR:|Sturdy
|-damage|p2a: :FEAR:|9/100
|move|p2a: :FEAR:|Endeavor|p1a: Xerneas
|-damage|p1a: Xerneas|1/100 psn
|-heal|p2a: :FEAR:|100/100|[from] item: Shell Bell|[of] p1a: Xerneas
|
|-damage|p1a: Xerneas|0 fnt|[from] psn
|faint|p1a: Xerneas
|upkeep
|c|☆JAY100064|Pls send zacian
|c|☆valtryek1111111|nope
|c|☆JAY100064|;3
|c|☆valtryek1111111|lol
|
|t:|1620314897
|switch|p1a: Rayquaza|Rayquaza|100/100
|-ability|p1a: Rayquaza|Air Lock
|turn|30
|
|t:|1620314906
|detailschange|p1a: Rayquaza|Rayquaza-Mega
|-mega|p1a: Rayquaza|Rayquaza|
|-weather|DeltaStream|[from] ability: Delta Stream|[of] p1a: Rayquaza
|move|p1a: Rayquaza|Extreme Speed|p2a: :FEAR:
|-resisted|p2a: :FEAR:
|-ability|p2a: :FEAR:|Sturdy
|-damage|p2a: :FEAR:|9/100
|move|p2a: :FEAR:|Endeavor|p1a: Rayquaza
|-damage|p1a: Rayquaza|1/100
|-heal|p2a: :FEAR:|100/100|[from] item: Shell Bell|[of] p1a: Rayquaza
|
|-weather|DeltaStream|[upkeep]
|upkeep
|turn|31
|
|t:|1620314928
|move|p2a: :FEAR:|Protect|p2a: :FEAR:
|-singleturn|p2a: :FEAR:|Protect
|move|p1a: Rayquaza|Extreme Speed|p2a: :FEAR:
|-activate|p2a: :FEAR:|move: Protect
|
|-weather|DeltaStream|[upkeep]
|upkeep
|turn|32
|inactive|JAY100064 has 240 seconds left.
|
|t:|1620314955
|move|p1a: Rayquaza|Extreme Speed|p2a: :FEAR:
|-resisted|p2a: :FEAR:
|-ability|p2a: :FEAR:|Sturdy
|-damage|p2a: :FEAR:|9/100
|move|p2a: :FEAR:|Toxic|p1a: Rayquaza
|-status|p1a: Rayquaza|tox
|
|-weather|DeltaStream|[upkeep]
|-damage|p1a: Rayquaza|0 fnt|[from] psn
|faint|p1a: Rayquaza
|-weather|none
|upkeep
|
|t:|1620314964
|switch|p1a: Groudon|Groudon, shiny|100/100
|detailschange|p1a: Groudon|Groudon-Primal, shiny
|-primal|p1a: Groudon
|-weather|DesolateLand|[from] ability: Desolate Land|[of] p1a: Groudon
|turn|33
|inactive|JAY100064 has 240 seconds left.
|
|t:|1620314978
|move|p2a: :FEAR:|Protect|p2a: :FEAR:
|-singleturn|p2a: :FEAR:|Protect
|move|p1a: Groudon|Earthquake|p2a: :FEAR:
|-activate|p2a: :FEAR:|move: Protect
|
|-weather|DesolateLand|[upkeep]
|upkeep
|turn|34
|inactive|JAY100064 has 240 seconds left.
|
|t:|1620314993
|move|p1a: Groudon|Earthquake|p2a: :FEAR:
|-supereffective|p2a: :FEAR:
|-damage|p2a: :FEAR:|0 fnt
|faint|p2a: :FEAR:
|
|-weather|DesolateLand|[upkeep]
|upkeep
|inactive|JAY100064 has 240 seconds left.
|c|☆JAY100064|:(
|
|t:|1620315003
|switch|p2a: :FEAR5:|Rattata-Alola, L1, M|100/100
|turn|35
|inactive|valtryek1111111 has 270 seconds left.
|c|☆valtryek1111111|im gonna beat you i swear
|
|t:|1620315055
|move|p1a: Groudon|Hammer Arm|p2a: :FEAR5:
|-supereffective|p2a: :FEAR5:
|-enditem|p2a: :FEAR5:|Focus Sash
|-damage|p2a: :FEAR5:|10/100
|-unboost|p1a: Groudon|spe|1
|move|p2a: :FEAR5:|Endeavor|p1a: Groudon
|-damage|p1a: Groudon|1/100
|
|-weather|DesolateLand|[upkeep]
|upkeep
|turn|36
|inactive|JAY100064 has 240 seconds left.
|c|☆JAY100064|each time you hit me your pokemon closer to dying
|c|☆JAY100064|lol
|
|t:|1620315086
|move|p2a: :FEAR5:|Quick Attack|p1a: Groudon
|-damage|p1a: Groudon|0 fnt
|faint|p1a: Groudon
|-weather|none
|
|upkeep
|c|☆valtryek1111111|yhea
|c|☆valtryek1111111|SHITTTT FUCK
|
|t:|1620315094
|switch|p1a: Zacian|Zacian-Crowned|100/100
|-ability|p1a: Zacian|Intrepid Sword|boost
|-boost|p1a: Zacian|atk|1
|turn|37
|
|t:|1620315099
|move|p1a: Zacian|Quick Attack|p2a: :FEAR5:
|-damage|p2a: :FEAR5:|0 fnt
|faint|p2a: :FEAR5:
|
|win|valtryek1111111
|c|☆JAY100064|gg
|c|☆valtryek1111111|YHEAAAAAAAAAAAAAAAAAAAAAAAAAAAAAAAAAAAAAAAAAAAAAAAAAAAAAAAAAAAAAA
|c|☆JAY100064|lol
|c|☆valtryek1111111|dammit i did it
|c|☆valtryek1111111|dude
|c|☆valtryek1111111|i
|c|☆valtryek1111111|swear
|c|☆valtryek1111111|you
|c|☆valtryek1111111|are
|c|☆valtryek1111111|the
|c|☆valtryek1111111|best
|c|☆valtryek1111111|ive
|c|☆valtryek1111111|ever
|c|☆valtryek1111111|seen
|c|☆JAY100064|lol
|c|☆valtryek1111111|omg
|c|☆JAY100064|ok bye now
|c|☆JAY100064|tc
|c|☆valtryek1111111|your welcome
