|j|☆TwentyTwan
|j|☆NickePick
|t:|1607799717
|player|p1|TwentyTwan|170|
|player|p2|NickePick|shadowtriad|
|teamsize|p1|6
|teamsize|p2|6
|gametype|singles
|gen|8
|tier|[Gen 8] National Dex AG
|clearpoke
|poke|p1|Garchomp, M|
|poke|p1|Diancie|
|poke|p1|Corviknight, M|
|poke|p1|Cinderace, M|
|poke|p1|Corsola-Galar, F|
|poke|p1|Amoonguss, F|
|poke|p2|Dusknoir, M|
|poke|p2|Latios, M|
|poke|p2|Medicham, F|
|poke|p2|Miltank, F|
|poke|p2|Rotom-Wash|
|poke|p2|Tornadus-Therian, M|
|rule|HP Percentage Mod: HP is shown in percentages
|rule|Endless Battle Clause: Forcing endless battles is banned
|teampreview
|j| Aerialbanana
|j| Raiho_blackflame
|c| Raiho_blackflame|gl hf
|j| Curseroy1990
|j| Lucartes
|
|t:|1607799887
|start
|switch|p1a: Garchomp|Garchomp, M|100/100
|switch|p2a: Ares|Tornadus-Therian, M|100/100
|turn|1
|
|t:|1607799903
|move|p1a: Garchomp|Stealth Rock|p2a: Ares
|-sidestart|p2: NickePick|move: Stealth Rock
|move|p2a: Ares|U-turn|p1a: Garchomp
|-damage|p1a: Garchomp|85/100
|-damage|p2a: Ares|88/100|[from] ability: Rough Skin|[of] p1a: Garchomp
|
|t:|1607799906
|switch|p2a: Poseidon|Rotom-Wash|100/100|[from]move: U-turn
|-damage|p2a: Poseidon|88/100|[from] Stealth Rock
|
|-heal|p2a: Poseidon|94/100|[from] item: Leftovers
|upkeep
|turn|2
|
|t:|1607799926
|switch|p1a: Amoonguss|Amoonguss, F, shiny|100/100
|move|p2a: Poseidon|Will-O-Wisp|p1a: Amoonguss
|-status|p1a: Amoonguss|brn
|
|-heal|p2a: Poseidon|99/100|[from] item: Leftovers
|-damage|p1a: Amoonguss|94/100 brn|[from] brn
|upkeep
|turn|3
|
|t:|1607799964
|move|p2a: Poseidon|Hidden Power|p1a: Amoonguss
|-supereffective|p1a: Amoonguss
|-damage|p1a: Amoonguss|55/100 brn
|move|p1a: Amoonguss|Sludge Bomb|p2a: Poseidon
|-damage|p2a: Poseidon|19/100
|-status|p2a: Poseidon|psn
|
|-heal|p2a: Poseidon|25/100 psn|[from] item: Leftovers
|-damage|p2a: Poseidon|13/100 psn|[from] psn
|-damage|p1a: Amoonguss|49/100 brn|[from] brn
|upkeep
|turn|4
|
|t:|1607799978
|switch|p1a: Corviknight|Corviknight, M|100/100
|move|p2a: Poseidon|Defog|p1a: Corviknight
|-ability|p1a: Corviknight|Mirror Armor
|-unboost|p2a: Poseidon|evasion|1
|-sideend|p2: NickePick|Stealth Rock|[from] move: Defog|[of] p2a: Poseidon
|
|-heal|p2a: Poseidon|19/100 psn|[from] item: Leftovers
|-damage|p2a: Poseidon|6/100 psn|[from] psn
|upkeep
|turn|5
|
|t:|1607799989
|move|p2a: Poseidon|Volt Switch|p1a: Corviknight
|-supereffective|p1a: Corviknight
|-damage|p1a: Corviknight|53/100
|
|t:|1607800000
|switch|p2a: Hera|Miltank, F|100/100|[from]move: Volt Switch
|move|p1a: Corviknight|Bulk Up|p1a: Corviknight
|-boost|p1a: Corviknight|atk|1
|-boost|p1a: Corviknight|def|1
|
|-heal|p1a: Corviknight|60/100|[from] item: Leftovers
|upkeep
|turn|6
|
|t:|1607800012
|move|p2a: Hera|Thunder Wave|p1a: Corviknight
|-status|p1a: Corviknight|par
|move|p1a: Corviknight|Bulk Up|p1a: Corviknight
|-boost|p1a: Corviknight|atk|1
|-boost|p1a: Corviknight|def|1
|
|-heal|p1a: Corviknight|66/100 par|[from] item: Leftovers
|upkeep
|turn|7
|
|t:|1607800088
|switch|p2a: Hermes|Dusknoir, M|100/100
|-item|p1a: Corviknight|Leftovers|[from] ability: Frisk|[of] p2a: Hermes|[identify]
|move|p1a: Corviknight|Roost|p1a: Corviknight
|-heal|p1a: Corviknight|100/100 par
|-singleturn|p1a: Corviknight|move: Roost
|
|upkeep
|turn|8
|
|t:|1607800098
|move|p2a: Hermes|Poltergeist|p1a: Corviknight
|-activate|p1a: Corviknight|move: Poltergeist|Leftovers
|-damage|p1a: Corviknight|70/100 par
|cant|p1a: Corviknight|par
|
|-heal|p1a: Corviknight|76/100 par|[from] item: Leftovers
|upkeep
|turn|9
|
|t:|1607800105
|move|p2a: Hermes|Poltergeist|p1a: Corviknight
|-activate|p1a: Corviknight|move: Poltergeist|Leftovers
|-damage|p1a: Corviknight|43/100 par
|move|p1a: Corviknight|Brave Bird|p2a: Hermes
|-damage|p2a: Hermes|36/100
|-damage|p1a: Corviknight|28/100 par|[from] Recoil
|
|-heal|p1a: Corviknight|34/100 par|[from] item: Leftovers
|upkeep
|turn|10
|
|t:|1607800119
|move|p2a: Hermes|Poltergeist|p1a: Corviknight|[miss]
|-miss|p2a: Hermes|p1a: Corviknight
|move|p1a: Corviknight|Roost|p1a: Corviknight
|-heal|p1a: Corviknight|84/100 par
|-singleturn|p1a: Corviknight|move: Roost
|
|-heal|p1a: Corviknight|90/100 par|[from] item: Leftovers
|upkeep
|turn|11
|
|t:|1607800127
|move|p2a: Hermes|Poltergeist|p1a: Corviknight
|-activate|p1a: Corviknight|move: Poltergeist|Leftovers
|-damage|p1a: Corviknight|60/100 par
|move|p1a: Corviknight|Bulk Up|p1a: Corviknight
|-boost|p1a: Corviknight|atk|1
|-boost|p1a: Corviknight|def|1
|
|-heal|p1a: Corviknight|67/100 par|[from] item: Leftovers
|upkeep
|turn|12
|
|t:|1607800136
|move|p2a: Hermes|Poltergeist|p1a: Corviknight
|-activate|p1a: Corviknight|move: Poltergeist|Leftovers
|-damage|p1a: Corviknight|42/100 par
|move|p1a: Corviknight|Roost|p1a: Corviknight
|-heal|p1a: Corviknight|92/100 par
|-singleturn|p1a: Corviknight|move: Roost
|
|-heal|p1a: Corviknight|98/100 par|[from] item: Leftovers
|upkeep
|turn|13
|
|t:|1607800145
|move|p2a: Hermes|Poltergeist|p1a: Corviknight|[miss]
|-miss|p2a: Hermes|p1a: Corviknight
|cant|p1a: Corviknight|par
|
|-heal|p1a: Corviknight|100/100 par|[from] item: Leftovers
|upkeep
|turn|14
|
|t:|1607800152
|move|p2a: Hermes|Poltergeist|p1a: Corviknight|[miss]
|-miss|p2a: Hermes|p1a: Corviknight
|cant|p1a: Corviknight|par
|
|upkeep
|turn|15
|
|t:|1607800166
|move|p2a: Hermes|Poltergeist|p1a: Corviknight
|-activate|p1a: Corviknight|move: Poltergeist|Leftovers
|-damage|p1a: Corviknight|74/100 par
|move|p1a: Corviknight|Bulk Up|p1a: Corviknight
|-boost|p1a: Corviknight|atk|1
|-boost|p1a: Corviknight|def|1
|
|-heal|p1a: Corviknight|80/100 par|[from] item: Leftovers
|upkeep
|turn|16
|
|t:|1607800190
|-activate|p2a: Hermes|move: Struggle
|move|p2a: Hermes|Struggle|p1a: Corviknight
|-damage|p1a: Corviknight|74/100 par
|-damage|p2a: Hermes|11/100|[from] recoil
|move|p1a: Corviknight|Bulk Up|p1a: Corviknight
|-boost|p1a: Corviknight|atk|1
|-boost|p1a: Corviknight|def|1
|
|-heal|p1a: Corviknight|80/100 par|[from] item: Leftovers
|upkeep
|turn|17
|
|t:|1607800219
|switch|p2a: Apollo|Latios, M|100/100
|move|p1a: Corviknight|Bulk Up|p1a: Corviknight
|-boost|p1a: Corviknight|atk|1
|-boost|p1a: Corviknight|def|1
|
|-heal|p1a: Corviknight|87/100 par|[from] item: Leftovers
|upkeep
|turn|18
|
|t:|1607800235
|move|p2a: Apollo|Psychic|p1a: Corviknight
|-resisted|p1a: Corviknight
|-damage|p1a: Corviknight|66/100 par
|-damage|p2a: Apollo|91/100|[from] item: Life Orb
|move|p1a: Corviknight|Body Slam|p2a: Apollo
|-damage|p2a: Apollo|0 fnt
|faint|p2a: Apollo
|
|-heal|p1a: Corviknight|72/100 par|[from] item: Leftovers
|upkeep
|
|t:|1607800241
|switch|p2a: Hermes|Dusknoir, M|11/100
|-item|p1a: Corviknight|Leftovers|[from] ability: Frisk|[of] p2a: Hermes|[identify]
|turn|19
|
|t:|1607800251
|move|p2a: Hermes|Haze|p2a: Hermes
|-clearallboost
|cant|p1a: Corviknight|par
|
|-heal|p1a: Corviknight|79/100 par|[from] item: Leftovers
|upkeep
|turn|20
|
|t:|1607800261
|switch|p2a: Hera|Miltank, F|100/100
|move|p1a: Corviknight|Bulk Up|p1a: Corviknight
|-boost|p1a: Corviknight|atk|1
|-boost|p1a: Corviknight|def|1
|
|-heal|p1a: Corviknight|85/100 par|[from] item: Leftovers
|upkeep
|turn|21
|
|t:|1607800269
|move|p2a: Hera|Ice Punch|p1a: Corviknight
|-damage|p1a: Corviknight|77/100 par
|move|p1a: Corviknight|Bulk Up|p1a: Corviknight
|-boost|p1a: Corviknight|atk|1
|-boost|p1a: Corviknight|def|1
|
|-heal|p1a: Corviknight|84/100 par|[from] item: Leftovers
|upkeep
|turn|22
|
|t:|1607800287
|switch|p2a: Ares|Tornadus-Therian, M|100/100
|move|p1a: Corviknight|Brave Bird|p2a: Ares
|-damage|p2a: Ares|13/100
|-damage|p1a: Corviknight|59/100 par|[from] Recoil
|
|-heal|p1a: Corviknight|65/100 par|[from] item: Leftovers
|upkeep
|turn|23
|
|t:|1607800299
|move|p2a: Ares|Knock Off|p1a: Corviknight
|-damage|p1a: Corviknight|57/100 par
|-enditem|p1a: Corviknight|Leftovers|[from] move: Knock Off|[of] p2a: Ares
|cant|p1a: Corviknight|par
|
|upkeep
|turn|24
|
|t:|1607800304
|move|p2a: Ares|U-turn|p1a: Corviknight
|-resisted|p1a: Corviknight
|-damage|p1a: Corviknight|55/100 par
|
|t:|1607800307
|switch|p2a: Hera|Miltank, F|100/100|[from]move: U-turn
|move|p1a: Corviknight|Body Slam|p2a: Hera
|-damage|p2a: Hera|79/100
|
|-heal|p2a: Hera|86/100|[from] item: Leftovers
|upkeep
|turn|25
|
|t:|1607800323
|move|p2a: Hera|Ice Punch|p1a: Corviknight
|-damage|p1a: Corviknight|49/100 par
|cant|p1a: Corviknight|par
|
|-heal|p2a: Hera|92/100|[from] item: Leftovers
|upkeep
|turn|26
|
|t:|1607800340
|switch|p2a: Hermes|Dusknoir, M|11/100
|move|p1a: Corviknight|Roost|p1a: Corviknight
|-heal|p1a: Corviknight|99/100 par
|-singleturn|p1a: Corviknight|move: Roost
|
|upkeep
|turn|27
|
|t:|1607800347
|move|p2a: Hermes|Haze|p2a: Hermes
|-clearallboost
|move|p1a: Corviknight|Brave Bird|p2a: Hermes
|-crit|p2a: Hermes
|-damage|p2a: Hermes|0 fnt
|-damage|p1a: Corviknight|96/100 par|[from] Recoil
|faint|p2a: Hermes
|
|upkeep
|
|t:|1607800351
|switch|p2a: Poseidon|Rotom-Wash|6/100 psn
|turn|28
|
|t:|1607800361
|switch|p1a: Garchomp|Garchomp, M|85/100
|move|p2a: Poseidon|Volt Switch|p1a: Garchomp
|-immune|p1a: Garchomp
|
|-heal|p2a: Poseidon|12/100 psn|[from] item: Leftovers
|-damage|p2a: Poseidon|0 fnt|[from] psn
|faint|p2a: Poseidon
|upkeep
|
|t:|1607800366
|switch|p2a: Hera|Miltank, F|92/100
|turn|29
|
|t:|1607800380
|move|p1a: Garchomp|Outrage|p2a: Hera
|-damage|p2a: Hera|47/100
|move|p2a: Hera|Ice Punch|p1a: Garchomp
|-supereffective|p1a: Garchomp
|-damage|p1a: Garchomp|25/100
|-damage|p2a: Hera|35/100|[from] ability: Rough Skin|[of] p1a: Garchomp
|
|-heal|p2a: Hera|41/100|[from] item: Leftovers
|upkeep
|turn|30
|
|t:|1607800389
|move|p1a: Garchomp|Outrage|p2a: Hera|[from]lockedmove
|-crit|p2a: Hera
|-damage|p2a: Hera|0 fnt
|faint|p2a: Hera
|
|upkeep
|
|t:|1607800398
|switch|p2a: Artemis|Medicham, F|100/100
|turn|31
|
|t:|1607800406
|detailschange|p2a: Artemis|Medicham-Mega, F
|-mega|p2a: Artemis|Medicham|Medichamite
|move|p2a: Artemis|Bullet Punch|p1a: Garchomp
|-damage|p1a: Garchomp|2/100
|-damage|p2a: Artemis|88/100|[from] ability: Rough Skin|[of] p1a: Garchomp
|move|p1a: Garchomp|Outrage|p2a: Artemis|[from]lockedmove
|-damage|p2a: Artemis|0 fnt
|-start|p1a: Garchomp|confusion|[fatigue]
|faint|p2a: Artemis
|
|upkeep
|
|t:|1607800408
|switch|p2a: Ares|Tornadus-Therian, M|46/100
|turn|32
|
|t:|1607800417
|-activate|p1a: Garchomp|confusion
|-damage|p1a: Garchomp|0 fnt|[from] confusion
|faint|p1a: Garchomp
|move|p2a: Ares|U-turn|p1: Garchomp|[notarget]
|-fail|p2a: Ares
|
|upkeep
|
|t:|1607800422
|switch|p1a: Cinderace|Cinderace, M|100/100
|turn|33
|
|t:|1607800426
|-zpower|p2a: Ares
|move|p2a: Ares|Supersonic Skystrike|p1a: Cinderace|[zeffect]
|-damage|p1a: Cinderace|0 fnt
|faint|p1a: Cinderace
|
|upkeep
|
|t:|1607800438
|switch|p1a: Diancie|Diancie|100/100
|turn|34
|l| Raiho_blackflame
|
|t:|1607800446
|detailschange|p1a: Diancie|Diancie-Mega
|-mega|p1a: Diancie|Diancie|Diancite
|move|p2a: Ares|Hurricane|p1a: Diancie
|-resisted|p1a: Diancie
|-damage|p1a: Diancie|71/100
|move|p1a: Diancie|Diamond Storm|p2a: Ares
|-supereffective|p2a: Ares
|-damage|p2a: Ares|0 fnt
|faint|p2a: Ares
|
|win|TwentyTwan
|c|☆NickePick|gg
