|j|☆Furret with a gun
|j|☆Ussolando
|t:|1654482855
|gametype|singles
|player|p1|Furret with a gun|lillie|1323
|player|p2|Ussolando|karen|1449
|teamsize|p1|6
|teamsize|p2|6
|gen|8
|tier|[Gen 8] National Dex AG
|rated|
|rule|HP Percentage Mod: HP is shown in percentages
|rule|Endless Battle Clause: Forcing endless battles is banned
|clearpoke
|poke|p1|Beedrill, F|
|poke|p1|Swirlix, M|
|poke|p1|Minior-Indigo|
|poke|p1|Breloom, F|
|poke|p1|Starmie|
|poke|p1|Golurk|
|poke|p2|Kyogre|
|poke|p2|Galvantula, M|
|poke|p2|Mawile, F|
|poke|p2|Arceus-*|
|poke|p2|Zacian-*|
|poke|p2|Lugia|
|teampreview
|inactive|Battle timer is ON: inactive players will automatically lose when time's up. (requested by Furret with a gun)
|
|t:|1654482864
|start
|switch|p1a: Swirlix|Swirlix, M|100/100
|switch|p2a: Galvantula|Galvantula, M, shiny|100/100
|turn|1
|
|t:|1654482868
|move|p1a: Swirlix|Magic Coat|p1a: Swirlix
|-singleturn|p1a: Swirlix|move: Magic Coat
|move|p2a: Galvantula|Sticky Web|p1a: Swirlix
|move|p1a: Swirlix|Sticky Web|p2a: Galvantula|[from]Magic Coat
|-sidestart|p2: Ussolando|move: Sticky Web
|
|upkeep
|turn|2
|
|t:|1654482874
|move|p2a: Galvantula|Thunder|p1a: Swirlix
|-damage|p1a: Swirlix|13/100
|move|p1a: Swirlix|Yawn|p2a: Galvantula
|-start|p2a: Galvantula|move: Yawn|[of] p1a: Swirlix
|
|upkeep
|turn|3
|
|t:|1654482881
|-start|p2a: Galvantula|Dynamax|
|-heal|p2a: Galvantula|100/100|[silent]
|move|p2a: Galvantula|Max Lightning|p1a: Swirlix
|-damage|p1a: Swirlix|0 fnt
|-fieldstart|move: Electric Terrain
|faint|p1a: Swirlix
|
|-end|p2a: Galvantula|move: Yawn|[silent]
|-activate|p2a: Galvantula|move: Electric Terrain
|upkeep
|
|t:|1654482895
|switch|p1a: Minior|Minior-Indigo|100/100
|-formechange|p1a: Minior|Minior-Meteor||[from] ability: Shields Down
|turn|4
|
|t:|1654482901
|switch|p1a: Golurk|Golurk|100/100
|move|p2a: Galvantula|Max Lightning|p1a: Golurk
|-immune|p1a: Golurk
|
|upkeep
|turn|5
|
|t:|1654482913
|move|p2a: Galvantula|Max Flutterby|p1a: Golurk
|-resisted|p1a: Golurk
|-damage|p1a: Golurk|64/100
|-unboost|p1a: Golurk|spa|1
|move|p1a: Golurk|Rock Polish|p1a: Golurk
|-boost|p1a: Golurk|spe|2
|
|upkeep
|-end|p2a: Galvantula|Dynamax
|-heal|p2a: Galvantula|100/100|[silent]
|turn|6
|
|t:|1654482921
|move|p1a: Golurk|Dynamic Punch|p2a: Galvantula
|-resisted|p2a: Galvantula
|-damage|p2a: Galvantula|57/100
|-start|p2a: Galvantula|confusion
|-damage|p1a: Golurk|55/100|[from] item: Life Orb
|-activate|p2a: Galvantula|confusion
|move|p2a: Galvantula|Energy Ball|p1a: Golurk
|-supereffective|p1a: Golurk
|-damage|p1a: Golurk|0 fnt
|faint|p1a: Golurk
|
|upkeep
|inactive|Furret with a gun has 120 seconds left.
|inactive|Furret with a gun has 90 seconds left.
|
|t:|1654482984
|switch|p1a: Beedrill|Beedrill, F|100/100
|turn|7
|
|t:|1654482993
|detailschange|p1a: Beedrill|Beedrill-Mega, F
|-mega|p1a: Beedrill|Beedrill|Beedrillite
|move|p1a: Beedrill|Fell Stinger|p2a: Galvantula
|-damage|p2a: Galvantula|0 fnt
|faint|p2a: Galvantula
|-boost|p1a: Beedrill|atk|3
|
|-fieldend|move: Electric Terrain
|upkeep
|
|t:|1654483014
|switch|p2a: Lugia|Lugia|100/100
|turn|8
|
|t:|1654483018
|move|p1a: Beedrill|Knock Off|p2a: Lugia
|-supereffective|p2a: Lugia
|-damage|p2a: Lugia|55/100
|-zpower|p2a: Lugia
|move|p2a: Lugia|Supersonic Skystrike|p1a: Beedrill|[zeffect]
|-supereffective|p1a: Beedrill
|-damage|p1a: Beedrill|0 fnt
|faint|p1a: Beedrill
|
|upkeep
|
|t:|1654483038
|switch|p1a: Breloom|Breloom, F|100/100
|turn|9
|
|t:|1654483047
|move|p1a: Breloom|Rock Tomb|p2a: Lugia
|-supereffective|p2a: Lugia
|-crit|p2a: Lugia
|-damage|p2a: Lugia|0 fnt
|faint|p2a: Lugia
|-damage|p1a: Breloom|91/100|[from] item: Life Orb
|
|upkeep
|
|t:|1654483058
|switch|p2a: Mawile|Mawile, F|100/100
|-activate|p2a: Mawile|move: Sticky Web
|-unboost|p2a: Mawile|spe|1
|turn|10
|
|t:|1654483064
|detailschange|p2a: Mawile|Mawile-Mega, F
|-mega|p2a: Mawile|Mawile|Mawilite
|move|p1a: Breloom|Swords Dance|p1a: Breloom
|-boost|p1a: Breloom|atk|2
|move|p2a: Mawile|Power-Up Punch|p1a: Breloom
|-damage|p1a: Breloom|45/100
|-boost|p2a: Mawile|atk|1
|
|upkeep
|turn|11
|
|t:|1654483073
|move|p1a: Breloom|Mach Punch|p2a: Mawile
|-damage|p2a: Mawile|16/100
|-damage|p1a: Breloom|35/100|[from] item: Life Orb
|move|p2a: Mawile|Sucker Punch||[still]
|-fail|p2a: Mawile
|
|upkeep
|turn|12
|
|t:|1654483084
|move|p1a: Breloom|Mach Punch|p2a: Mawile
|-damage|p2a: Mawile|0 fnt
|faint|p2a: Mawile
|-damage|p1a: Breloom|25/100|[from] item: Life Orb
|
|upkeep
|
|t:|1654483093
|switch|p2a: Arceus|Arceus-Fairy, shiny|100/100
|-activate|p2a: Arceus|move: Sticky Web
|-unboost|p2a: Arceus|spe|1
|turn|13
|
|t:|1654483099
|move|p1a: Breloom|Seed Bomb|p2a: Arceus
|-damage|p2a: Arceus|22/100
|-damage|p1a: Breloom|15/100|[from] item: Life Orb
|move|p2a: Arceus|Judgment|p1a: Breloom
|-supereffective|p1a: Breloom
|-damage|p1a: Breloom|0 fnt
|faint|p1a: Breloom
|
|upkeep
|
|t:|1654483110
|switch|p1a: Minior|Minior-Indigo|100/100
|-formechange|p1a: Minior|Minior-Meteor||[from] ability: Shields Down
|turn|14
|
|t:|1654483116
|move|p2a: Arceus|Recover|p2a: Arceus
|-heal|p2a: Arceus|72/100
|move|p1a: Minior|Shell Smash|p1a: Minior
|-unboost|p1a: Minior|def|1
|-unboost|p1a: Minior|spd|1
|-boost|p1a: Minior|atk|2
|-boost|p1a: Minior|spa|2
|-boost|p1a: Minior|spe|2
|-enditem|p1a: Minior|White Herb
|-clearnegativeboost|p1a: Minior|[silent]
|
|upkeep
|turn|15
|
|t:|1654483122
|-start|p1a: Minior|Dynamax|
|-heal|p1a: Minior|100/100|[silent]
|move|p1a: Minior|Max Rockfall|p2a: Arceus
|-damage|p2a: Arceus|0 fnt
|-weather|Sandstorm
|faint|p2a: Arceus
|
|-weather|Sandstorm|[upkeep]
|upkeep
|
|t:|1654483130
|switch|p2a: Kyogre|Kyogre, shiny|100/100
|-activate|p2a: Kyogre|move: Sticky Web
|-unboost|p2a: Kyogre|spe|1
|detailschange|p2a: Kyogre|Kyogre-Primal, shiny
|-primal|p2a: Kyogre
|-weather|PrimordialSea|[from] ability: Primordial Sea|[of] p2a: Kyogre
|turn|16
|
|t:|1654483135
|move|p1a: Minior|Max Rockfall|p2a: Kyogre
|-damage|p2a: Kyogre|0 fnt
|-weather|Sandstorm
|faint|p2a: Kyogre
|
|-weather|Sandstorm|[upkeep]
|upkeep
|-message|Ussolando forfeited.
|
|win|Furret with a gun
|raw|Furret with a gun's rating: 1323 &rarr; <strong>1350</strong><br />(+27 for winning)
|raw|Ussolando's rating: 1449 &rarr; <strong>1422</strong><br />(-27 for losing)
|l|☆Ussolando
|c|☆Furret with a gun|gg wp
|c|☆Furret with a gun|(ez)
||Ladder isn't responding, score probably updated but might not have (Request timeout).
