|j|☆NykterStein
|j|☆Bluex257
|t:|1665555404
|gametype|singles
|player|p1|NykterStein|aaron|1590
|player|p2|Bluex257|bellelba|1457
|teamsize|p1|6
|teamsize|p2|6
|gen|8
|tier|[Gen 8] National Dex AG
|rated|
|rule|HP Percentage Mod: HP is shown in percentages
|rule|Endless Battle Clause: Forcing endless battles is banned
|clearpoke
|poke|p1|Lunala|
|poke|p1|Gothitelle, F|
|poke|p1|Yveltal|
|poke|p1|Arceus-*|
|poke|p1|Necrozma-Dusk-Mane|
|poke|p1|Zacian-*|
|poke|p2|Marshadow|
|poke|p2|Yveltal|
|poke|p2|Ferrothorn, M|
|poke|p2|Gengar, M|
|poke|p2|Zacian-*|
|poke|p2|Kyogre|
|teampreview
|inactive|Battle timer is ON: inactive players will automatically lose when time's up. (requested by NykterStein)
|inactive|Bluex257 also wants the timer to be on.
|c|☆NykterStein|dou love long games?
|
|t:|1665555428
|start
|switch|p1a: sunny bitch|Necrozma-Dusk-Mane|100/100
|switch|p2a: Yveltal|Yveltal, shiny|100/100
|-ability|p2a: Yveltal|Dark Aura
|turn|1
|
|t:|1665555436
|move|p2a: Yveltal|Taunt|p1a: sunny bitch
|-start|p1a: sunny bitch|move: Taunt
|cant|p1a: sunny bitch|move: Taunt|Stealth Rock
|
|upkeep
|turn|2
|c|☆Bluex257|semi not really
|
|t:|1665555447
|switch|p1a: splashy bitch|Arceus-Water|100/100
|move|p2a: Yveltal|Dark Pulse|p1a: splashy bitch
|-damage|p1a: splashy bitch|56/100
|-damage|p2a: Yveltal|91/100|[from] item: Life Orb
|
|upkeep
|turn|3
|
|t:|1665555456
|switch|p2a: Ferrothorn|Ferrothorn, M, shiny|100/100
|move|p1a: splashy bitch|Toxic|p2a: Ferrothorn
|-immune|p2a: Ferrothorn
|
|upkeep
|turn|4
|
|t:|1665555466
|switch|p1a: bad bitch|Gothitelle, F|100/100
|move|p2a: Ferrothorn|Leech Seed|p1a: bad bitch
|-start|p1a: bad bitch|move: Leech Seed
|
|-damage|p1a: bad bitch|88/100|[from] Leech Seed|[of] p2a: Ferrothorn
|upkeep
|turn|5
|
|t:|1665555472
|move|p1a: bad bitch|Cosmic Power|p1a: bad bitch
|-boost|p1a: bad bitch|def|1
|-boost|p1a: bad bitch|spd|1
|move|p2a: Ferrothorn|Substitute|p2a: Ferrothorn
|-start|p2a: Ferrothorn|Substitute
|-damage|p2a: Ferrothorn|76/100
|
|-heal|p1a: bad bitch|94/100|[from] item: Leftovers
|-heal|p2a: Ferrothorn|82/100|[from] item: Leftovers
|-damage|p1a: bad bitch|82/100|[from] Leech Seed|[of] p2a: Ferrothorn
|-heal|p2a: Ferrothorn|97/100|[silent]
|upkeep
|turn|6
|
|t:|1665555482
|move|p1a: bad bitch|Taunt|p2a: Ferrothorn
|-start|p2a: Ferrothorn|move: Taunt
|move|p2a: Ferrothorn|Gyro Ball|p1a: bad bitch
|-damage|p1a: bad bitch|59/100
|
|-heal|p1a: bad bitch|65/100|[from] item: Leftovers
|-heal|p2a: Ferrothorn|100/100|[from] item: Leftovers
|-damage|p1a: bad bitch|53/100|[from] Leech Seed|[of] p2a: Ferrothorn
|upkeep
|turn|7
|
|t:|1665555492
|move|p1a: bad bitch|Cosmic Power|p1a: bad bitch
|-boost|p1a: bad bitch|def|1
|-boost|p1a: bad bitch|spd|1
|move|p2a: Ferrothorn|Gyro Ball|p1a: bad bitch
|-damage|p1a: bad bitch|35/100
|
|-heal|p1a: bad bitch|41/100|[from] item: Leftovers
|-damage|p1a: bad bitch|29/100|[from] Leech Seed|[of] p2a: Ferrothorn
|upkeep
|turn|8
|
|t:|1665555500
|move|p1a: bad bitch|Cosmic Power|p1a: bad bitch
|-boost|p1a: bad bitch|def|1
|-boost|p1a: bad bitch|spd|1
|move|p2a: Ferrothorn|Gyro Ball|p1a: bad bitch
|-crit|p1a: bad bitch
|-damage|p1a: bad bitch|0 fnt
|faint|p1a: bad bitch
|
|-end|p2a: Ferrothorn|move: Taunt
|upkeep
|c|☆Bluex257|yay a crit
|
|t:|1665555514
|switch|p1a: sunny bitch|Necrozma-Dusk-Mane|100/100
|turn|9
|
|t:|1665555518
|move|p1a: sunny bitch|Stealth Rock|p2a: Ferrothorn
|-sidestart|p2: Bluex257|move: Stealth Rock
|move|p2a: Ferrothorn|Leech Seed|p1a: sunny bitch
|-start|p1a: sunny bitch|move: Leech Seed
|
|-damage|p1a: sunny bitch|88/100|[from] Leech Seed|[of] p2a: Ferrothorn
|upkeep
|turn|10
|
|t:|1665555530
|move|p2a: Ferrothorn|Protect|p2a: Ferrothorn
|-singleturn|p2a: Ferrothorn|Protect
|move|p1a: sunny bitch|Knock Off|p2a: Ferrothorn
|-activate|p2a: Ferrothorn|move: Protect
|
|-damage|p1a: sunny bitch|76/100|[from] Leech Seed|[of] p2a: Ferrothorn
|upkeep
|turn|11
|
|t:|1665555538
|switch|p1a: lunar bitch|Lunala|100/100
|move|p2a: Ferrothorn|Substitute|p2a: Ferrothorn
|-fail|p2a: Ferrothorn|move: Substitute
|
|upkeep
|turn|12
|
|t:|1665555543
|move|p2a: Ferrothorn|Gyro Ball|p1a: lunar bitch
|-damage|p1a: lunar bitch|80/100
|move|p1a: lunar bitch|Teleport|p1a: lunar bitch
|
|t:|1665555548
|switch|p1a: splashy bitch|Arceus-Water|56/100|[from]move: Teleport
|
|upkeep
|turn|13
|
|t:|1665555551
|move|p1a: splashy bitch|Recover|p1a: splashy bitch
|-heal|p1a: splashy bitch|100/100
|move|p2a: Ferrothorn|Leech Seed|p1a: splashy bitch
|-start|p1a: splashy bitch|move: Leech Seed
|
|-damage|p1a: splashy bitch|88/100|[from] Leech Seed|[of] p2a: Ferrothorn
|upkeep
|turn|14
|
|t:|1665555560
|switch|p1a: sunny bitch|Necrozma-Dusk-Mane|76/100
|move|p2a: Ferrothorn|Leech Seed|p1a: sunny bitch
|-start|p1a: sunny bitch|move: Leech Seed
|
|-damage|p1a: sunny bitch|64/100|[from] Leech Seed|[of] p2a: Ferrothorn
|upkeep
|turn|15
|
|t:|1665555567
|switch|p2a: Gengar|Gengar, M|100/100
|-damage|p2a: Gengar|88/100|[from] Stealth Rock
|move|p1a: sunny bitch|Morning Sun|p1a: sunny bitch
|-heal|p1a: sunny bitch|100/100
|
|-damage|p1a: sunny bitch|88/100|[from] Leech Seed|[of] p2a: Gengar
|-heal|p2a: Gengar|100/100|[silent]
|upkeep
|turn|16
|
|t:|1665555576
|detailschange|p2a: Gengar|Gengar-Mega, M
|-mega|p2a: Gengar|Gengar|Gengarite
|move|p2a: Gengar|Perish Song|p2a: Gengar
|-start|p1a: sunny bitch|perish3|[silent]
|-start|p2a: Gengar|perish3|[silent]
|-fieldactivate|move: Perish Song
|move|p1a: sunny bitch|Knock Off|p2a: Gengar
|-supereffective|p2a: Gengar
|-crit|p2a: Gengar
|-damage|p2a: Gengar|18/100
|
|-damage|p1a: sunny bitch|76/100|[from] Leech Seed|[of] p2a: Gengar
|-heal|p2a: Gengar|33/100|[silent]
|-start|p2a: Gengar|perish3
|-start|p1a: sunny bitch|perish3
|upkeep
|turn|17
|
|t:|1665555586
|move|p2a: Gengar|Substitute|p2a: Gengar
|-start|p2a: Gengar|Substitute
|-damage|p2a: Gengar|8/100
|move|p1a: sunny bitch|Knock Off|p2a: Gengar
|-supereffective|p2a: Gengar
|-end|p2a: Gengar|Substitute
|
|-damage|p1a: sunny bitch|64/100|[from] Leech Seed|[of] p2a: Gengar
|-heal|p2a: Gengar|23/100|[silent]
|-start|p2a: Gengar|perish2
|-start|p1a: sunny bitch|perish2
|upkeep
|turn|18
|
|t:|1665555596
|move|p2a: Gengar|Protect|p2a: Gengar
|-singleturn|p2a: Gengar|Protect
|move|p1a: sunny bitch|Knock Off|p2a: Gengar
|-activate|p2a: Gengar|move: Protect
|
|-damage|p1a: sunny bitch|51/100|[from] Leech Seed|[of] p2a: Gengar
|-heal|p2a: Gengar|38/100|[silent]
|-start|p2a: Gengar|perish1
|-start|p1a: sunny bitch|perish1
|upkeep
|turn|19
|l|☆Bluex257
|inactive|Bluex257 disconnected and has a minute to reconnect!
|player|p2|
|j|☆Bluex257
|inactive|Bluex257 reconnected and has 140 seconds left.
|player|p2|Bluex257|bellelba
|
|t:|1665555619
|switch|p2a: Kyogre|Kyogre, shiny|100/100
|-damage|p2a: Kyogre|88/100|[from] Stealth Rock
|detailschange|p2a: Kyogre|Kyogre-Primal, shiny
|-primal|p2a: Kyogre
|-weather|PrimordialSea|[from] ability: Primordial Sea|[of] p2a: Kyogre
|move|p1a: sunny bitch|Knock Off|p2a: Kyogre
|-damage|p2a: Kyogre|66/100
|
|-weather|PrimordialSea|[upkeep]
|-damage|p1a: sunny bitch|39/100|[from] Leech Seed|[of] p2a: Kyogre
|-heal|p2a: Kyogre|80/100|[silent]
|-start|p1a: sunny bitch|perish0
|upkeep
|faint|p1a: sunny bitch
|
|t:|1665555630
|switch|p1a: puppy bitch|Zacian-Crowned|100/100
|-ability|p1a: puppy bitch|Intrepid Sword|boost
|-boost|p1a: puppy bitch|atk|1
|turn|20
|
|t:|1665555635
|move|p1a: puppy bitch|Wild Charge|p2a: Kyogre
|-supereffective|p2a: Kyogre
|-damage|p2a: Kyogre|0 fnt
|faint|p2a: Kyogre
|-weather|none
|-damage|p1a: puppy bitch|80/100|[from] Recoil
|
|upkeep
|
|t:|1665555640
|switch|p2a: Gengar|Gengar-Mega, M|38/100
|-damage|p2a: Gengar|26/100|[from] Stealth Rock
|turn|21
|
|t:|1665555645
|move|p1a: puppy bitch|Behemoth Blade|p2a: Gengar
|-damage|p2a: Gengar|0 fnt
|faint|p2a: Gengar
|
|upkeep
|
|t:|1665555654
|switch|p2a: Marshadow|Marshadow|100/100
|-damage|p2a: Marshadow|94/100|[from] Stealth Rock
|turn|22
|
|t:|1665555662
|switch|p1a: splashy bitch|Arceus-Water|88/100
|move|p2a: Marshadow|Shadow Sneak|p1a: splashy bitch
|-damage|p1a: splashy bitch|71/100
|
|upkeep
|turn|23
|
|t:|1665555668
|move|p2a: Marshadow|Close Combat|p1a: splashy bitch
|-damage|p1a: splashy bitch|38/100
|-unboost|p2a: Marshadow|def|1
|-unboost|p2a: Marshadow|spd|1
|move|p1a: splashy bitch|Toxic|p2a: Marshadow
|-status|p2a: Marshadow|tox
|
|-damage|p2a: Marshadow|88/100 tox|[from] psn
|upkeep
|turn|24
|
|t:|1665555677
|switch|p2a: Zacian|Zacian-Crowned|100/100
|-damage|p2a: Zacian|94/100|[from] Stealth Rock
|-ability|p2a: Zacian|Intrepid Sword|boost
|-boost|p2a: Zacian|atk|1
|switch|p1a: evil bitch|Yveltal|100/100
|-ability|p1a: evil bitch|Dark Aura
|
|upkeep
|turn|25
|
|t:|1665555689
|move|p2a: Zacian|Play Rough|p1a: evil bitch
|-supereffective|p1a: evil bitch
|-damage|p1a: evil bitch|0 fnt
|faint|p1a: evil bitch
|
|upkeep
|
|t:|1665555694
|switch|p1a: lunar bitch|Lunala|80/100
|turn|26
|
|t:|1665555703
|move|p2a: Zacian|Crunch|p1a: lunar bitch
|-supereffective|p1a: lunar bitch
|-damage|p1a: lunar bitch|0 fnt
|faint|p1a: lunar bitch
|
|upkeep
|
|t:|1665555708
|switch|p1a: splashy bitch|Arceus-Water|38/100
|turn|27
|
|t:|1665555712
|move|p2a: Zacian|Play Rough|p1a: splashy bitch|[miss]
|-miss|p2a: Zacian|p1a: splashy bitch
|move|p1a: splashy bitch|Recover|p1a: splashy bitch
|-heal|p1a: splashy bitch|88/100
|
|upkeep
|turn|28
|
|t:|1665555720
|move|p2a: Zacian|Crunch|p1a: splashy bitch
|-damage|p1a: splashy bitch|59/100
|move|p1a: splashy bitch|Recover|p1a: splashy bitch
|-heal|p1a: splashy bitch|100/100
|
|upkeep
|turn|29
|
|t:|1665555726
|move|p2a: Zacian|Crunch|p1a: splashy bitch
|-damage|p1a: splashy bitch|71/100
|move|p1a: splashy bitch|Ice Beam|p2a: Zacian
|-resisted|p2a: Zacian
|-damage|p2a: Zacian|83/100
|
|upkeep
|turn|30
|
|t:|1665555733
|switch|p2a: Ferrothorn|Ferrothorn, M, shiny|100/100
|-damage|p2a: Ferrothorn|94/100|[from] Stealth Rock
|move|p1a: splashy bitch|Ice Beam|p2a: Ferrothorn
|-damage|p2a: Ferrothorn|76/100
|
|-heal|p2a: Ferrothorn|82/100|[from] item: Leftovers
|upkeep
|turn|31
|
|t:|1665555742
|move|p1a: splashy bitch|Recover|p1a: splashy bitch
|-heal|p1a: splashy bitch|100/100
|move|p2a: Ferrothorn|Leech Seed|p1a: splashy bitch|[miss]
|-miss|p2a: Ferrothorn|p1a: splashy bitch
|
|-heal|p2a: Ferrothorn|88/100|[from] item: Leftovers
|upkeep
|turn|32
|
|t:|1665555749
|switch|p1a: puppy bitch|Zacian-Crowned|80/100
|-ability|p1a: puppy bitch|Intrepid Sword|boost
|-boost|p1a: puppy bitch|atk|1
|move|p2a: Ferrothorn|Leech Seed|p1a: puppy bitch
|-start|p1a: puppy bitch|move: Leech Seed
|
|-heal|p2a: Ferrothorn|94/100|[from] item: Leftovers
|-damage|p1a: puppy bitch|67/100|[from] Leech Seed|[of] p2a: Ferrothorn
|-heal|p2a: Ferrothorn|100/100|[silent]
|upkeep
|turn|33
|
|t:|1665555758
|move|p2a: Ferrothorn|Protect|p2a: Ferrothorn
|-singleturn|p2a: Ferrothorn|Protect
|move|p1a: puppy bitch|Close Combat|p2a: Ferrothorn
|-activate|p2a: Ferrothorn|move: Protect
|
|-damage|p1a: puppy bitch|55/100|[from] Leech Seed|[of] p2a: Ferrothorn
|upkeep
|turn|34
|
|t:|1665555765
|switch|p2a: Marshadow|Marshadow|88/100 tox
|-damage|p2a: Marshadow|82/100 tox|[from] Stealth Rock
|move|p1a: puppy bitch|Close Combat|p2a: Marshadow
|-immune|p2a: Marshadow
|
|-damage|p1a: puppy bitch|43/100|[from] Leech Seed|[of] p2a: Marshadow
|-heal|p2a: Marshadow|94/100 tox|[silent]
|-damage|p2a: Marshadow|88/100 tox|[from] psn
|upkeep
|turn|35
|
|t:|1665555774
|switch|p1a: splashy bitch|Arceus-Water|100/100
|move|p2a: Marshadow|Shadow Sneak|p1a: splashy bitch
|-damage|p1a: splashy bitch|85/100
|
|-damage|p2a: Marshadow|76/100 tox|[from] psn
|upkeep
|turn|36
|
|t:|1665555784
|switch|p2a: Ferrothorn|Ferrothorn, M, shiny|100/100
|-damage|p2a: Ferrothorn|94/100|[from] Stealth Rock
|move|p1a: splashy bitch|Recover|p1a: splashy bitch
|-heal|p1a: splashy bitch|100/100
|
|-heal|p2a: Ferrothorn|100/100|[from] item: Leftovers
|upkeep
|turn|37
|
|t:|1665555795
|-start|p1a: splashy bitch|Dynamax|
|-heal|p1a: splashy bitch|100/100|[silent]
|move|p1a: splashy bitch|Max Hailstorm|p2a: Ferrothorn
|-damage|p2a: Ferrothorn|72/100
|-weather|Hail
|move|p2a: Ferrothorn|Substitute|p2a: Ferrothorn
|-start|p2a: Ferrothorn|Substitute
|-damage|p2a: Ferrothorn|47/100
|
|-weather|Hail|[upkeep]
|-damage|p1a: splashy bitch|97/100|[from] Hail
|-damage|p2a: Ferrothorn|41/100|[from] Hail
|-heal|p2a: Ferrothorn|47/100|[from] item: Leftovers
|upkeep
|turn|38
|
|t:|1665555807
|move|p2a: Ferrothorn|Protect|p2a: Ferrothorn
|-singleturn|p2a: Ferrothorn|Protect
|move|p1a: splashy bitch|Max Hailstorm|p2a: Ferrothorn
|-zbroken|p2a: Ferrothorn
|-activate|p2a: Ferrothorn|move: Substitute|[damage]
|
|-weather|Hail|[upkeep]
|-damage|p1a: splashy bitch|94/100|[from] Hail
|-damage|p2a: Ferrothorn|41/100|[from] Hail
|-heal|p2a: Ferrothorn|47/100|[from] item: Leftovers
|upkeep
|turn|39
|
|t:|1665555817
|move|p1a: splashy bitch|Max Hailstorm|p2a: Ferrothorn
|-end|p2a: Ferrothorn|Substitute
|move|p2a: Ferrothorn|Substitute|p2a: Ferrothorn
|-start|p2a: Ferrothorn|Substitute
|-damage|p2a: Ferrothorn|22/100
|
|-weather|Hail|[upkeep]
|-damage|p1a: splashy bitch|91/100|[from] Hail
|-damage|p2a: Ferrothorn|16/100|[from] Hail
|-heal|p2a: Ferrothorn|22/100|[from] item: Leftovers
|upkeep
|-end|p1a: splashy bitch|Dynamax
|-heal|p1a: splashy bitch|91/100|[silent]
|turn|40
|
|t:|1665555829
|move|p1a: splashy bitch|Ice Beam|p2a: Ferrothorn
|-activate|p2a: Ferrothorn|move: Substitute|[damage]
|move|p2a: Ferrothorn|Leech Seed|p1a: splashy bitch
|-start|p1a: splashy bitch|move: Leech Seed
|
|-weather|Hail|[upkeep]
|-damage|p1a: splashy bitch|85/100|[from] Hail
|-damage|p2a: Ferrothorn|16/100|[from] Hail
|-heal|p2a: Ferrothorn|22/100|[from] item: Leftovers
|-damage|p1a: splashy bitch|73/100|[from] Leech Seed|[of] p2a: Ferrothorn
|-heal|p2a: Ferrothorn|41/100|[silent]
|upkeep
|turn|41
|
|t:|1665555842
|move|p2a: Ferrothorn|Protect|p2a: Ferrothorn
|-singleturn|p2a: Ferrothorn|Protect
|move|p1a: splashy bitch|Ice Beam|p2a: Ferrothorn
|-activate|p2a: Ferrothorn|move: Protect
|
|-weather|none
|-heal|p2a: Ferrothorn|47/100|[from] item: Leftovers
|-damage|p1a: splashy bitch|61/100|[from] Leech Seed|[of] p2a: Ferrothorn
|-heal|p2a: Ferrothorn|66/100|[silent]
|upkeep
|turn|42
|c|☆NykterStein|gg
|-message|NykterStein forfeited.
|
|win|Bluex257
|raw|NykterStein's rating: 1590 &rarr; <strong>1563</strong><br />(-27 for losing)
|raw|Bluex257's rating: 1457 &rarr; <strong>1484</strong><br />(+27 for winning)
|l|☆NykterStein
|c|☆Bluex257|gg
