|j|☆UnovaWorkersParty
|j|☆Troiscaracte
|inactive|Battle timer is ON: inactive players will automatically lose when time's up.
|t:|1661458200
|gametype|singles
|player|p1|UnovaWorkersParty|skierf|
|player|p2|Troiscaracte|siebold|
|teamsize|p1|6
|teamsize|p2|6
|gen|8
|tier|[Gen 8] National Dex AG
|rated|Tournament battle
|rule|HP Percentage Mod: HP is shown in percentages
|rule|Endless Battle Clause: Forcing endless battles is banned
|clearpoke
|poke|p1|Necrozma-Dusk-Mane|
|poke|p1|Groudon|
|poke|p1|Yveltal|
|poke|p1|Marshadow|
|poke|p1|Arceus-*|
|poke|p1|Eternatus|
|poke|p2|Rayquaza|
|poke|p2|Zacian-*|
|poke|p2|Yveltal|
|poke|p2|Necrozma-Dusk-Mane|
|poke|p2|Ditto|
|poke|p2|Eternatus|
|teampreview
|inactive|UnovaWorkersParty also wants the timer to be on.
|c|☆UnovaWorkersParty|glhf
|c|☆Troiscaracte|gl hf
|
|t:|1661458211
|start
|switch|p1a: Arceus|Arceus-Water|100/100
|switch|p2a: grrr|Rayquaza|100/100
|-ability|p2a: grrr|Air Lock
|turn|1
|
|t:|1661458222
|move|p2a: grrr|Draco Meteor|p1a: Arceus
|-damage|p1a: Arceus|55/100
|-unboost|p2a: grrr|spa|2
|move|p1a: Arceus|Ice Beam|p2a: grrr
|-supereffective|p2a: grrr
|-enditem|p2a: grrr|Focus Sash
|-damage|p2a: grrr|1/100
|
|upkeep
|turn|2
|
|t:|1661458231
|move|p2a: grrr|Dragon Ascent|p1a: Arceus
|-damage|p1a: Arceus|19/100
|-unboost|p2a: grrr|def|1
|-unboost|p2a: grrr|spd|1
|move|p1a: Arceus|Recover|p1a: Arceus
|-heal|p1a: Arceus|69/100
|
|upkeep
|turn|3
|j| smoolic alt
|c|☆Troiscaracte|wtf i can dynamax
|c|☆UnovaWorkersParty|no mega?
|c|☆Troiscaracte|i played 2 games without know it
|c|☆UnovaWorkersParty|lmao
|
|t:|1661458261
|detailschange|p2a: grrr|Rayquaza-Mega
|-mega|p2a: grrr|Rayquaza|
|-weather|DeltaStream|[from] ability: Delta Stream|[of] p2a: grrr
|move|p2a: grrr|Dragon Ascent|p1a: Arceus
|-damage|p1a: Arceus|28/100
|-unboost|p2a: grrr|def|1
|-unboost|p2a: grrr|spd|1
|move|p1a: Arceus|Ice Beam|p2a: grrr
|-activate||deltastream
|-supereffective|p2a: grrr
|-damage|p2a: grrr|0 fnt
|faint|p2a: grrr
|-weather|none
|
|upkeep
|inactive|Troiscaracte has 120 seconds left.
|
|t:|1661458277
|switch|p2a: furry|Zacian-Crowned|100/100
|-ability|p2a: furry|Intrepid Sword|boost
|-boost|p2a: furry|atk|1
|turn|4
|
|t:|1661458281
|switch|p1a: Necrozma|Necrozma-Dusk-Mane|100/100
|move|p2a: furry|Wild Charge|p1a: Necrozma
|-damage|p1a: Necrozma|70/100
|-damage|p2a: furry|84/100|[from] item: Rocky Helmet|[of] p1a: Necrozma
|-damage|p2a: furry|74/100|[from] Recoil
|
|upkeep
|turn|5
|
|t:|1661458288
|switch|p2a: emo|Yveltal|100/100
|-ability|p2a: emo|Dark Aura
|move|p1a: Necrozma|Morning Sun|p1a: Necrozma
|-heal|p1a: Necrozma|100/100
|
|upkeep
|turn|6
|
|t:|1661458299
|switch|p1a: Yveltal|Yveltal, shiny|100/100
|-ability|p1a: Yveltal|Dark Aura
|move|p2a: emo|Dark Pulse|p1a: Yveltal
|-resisted|p1a: Yveltal
|-damage|p1a: Yveltal|87/100
|
|upkeep
|turn|7
|
|t:|1661458307
|move|p1a: Yveltal|U-turn|p2a: emo
|-damage|p2a: emo|84/100
|
|t:|1661458314
|switch|p1a: Groudon|Groudon, shiny|100/100|[from]move: U-turn
|detailschange|p1a: Groudon|Groudon-Primal, shiny
|-primal|p1a: Groudon
|-weather|DesolateLand|[from] ability: Desolate Land|[of] p1a: Groudon
|move|p2a: emo|U-turn|p1a: Groudon
|-resisted|p1a: Groudon
|-damage|p1a: Groudon|96/100
|
|t:|1661458324
|switch|p2a: you but better|Ditto|100/100|[from]move: U-turn
|-transform|p2a: you but better|p1a: Groudon|[from] ability: Imposter
|
|-weather|DesolateLand|[upkeep]
|upkeep
|turn|8
|
|t:|1661458330
|switch|p1a: Yveltal|Yveltal, shiny|87/100
|-ability|p1a: Yveltal|Dark Aura
|move|p2a: you but better|Roar|p1a: Yveltal
|drag|p1a: Eternatus|Eternatus|100/100
|-ability|p1a: Eternatus|Pressure
|
|-weather|DesolateLand|[upkeep]
|upkeep
|turn|9
|
|t:|1661458344
|-weather|none
|switch|p2a: emo|Yveltal|84/100
|-ability|p2a: emo|Dark Aura
|move|p1a: Eternatus|Dynamax Cannon|p2a: emo
|-damage|p2a: emo|41/100
|-damage|p1a: Eternatus|91/100|[from] item: Life Orb
|
|upkeep
|turn|10
|
|t:|1661458354
|switch|p2a: furry|Zacian-Crowned|74/100
|-ability|p2a: furry|Intrepid Sword|boost
|-boost|p2a: furry|atk|1
|move|p1a: Eternatus|Dynamax Cannon|p2a: furry
|-immune|p2a: furry
|
|upkeep
|turn|11
|
|t:|1661458359
|switch|p1a: Necrozma|Necrozma-Dusk-Mane|100/100
|move|p2a: furry|Behemoth Blade|p1a: Necrozma
|-resisted|p1a: Necrozma
|-damage|p1a: Necrozma|70/100
|-damage|p2a: furry|58/100|[from] item: Rocky Helmet|[of] p1a: Necrozma
|
|upkeep
|turn|12
|
|t:|1661458373
|switch|p2a: si si paela|Eternatus|100/100
|-ability|p2a: si si paela|Pressure
|move|p1a: Necrozma|Knock Off|p2a: si si paela
|-damage|p2a: si si paela|77/100
|-enditem|p2a: si si paela|Black Sludge|[from] move: Knock Off|[of] p1a: Necrozma
|
|upkeep
|turn|13
|
|t:|1661458382
|switch|p1a: Groudon|Groudon-Primal, shiny|96/100
|-weather|DesolateLand|[from] ability: Desolate Land|[of] p1a: Groudon
|move|p2a: si si paela|Toxic|p1a: Groudon
|-status|p1a: Groudon|tox
|
|-weather|DesolateLand|[upkeep]
|-damage|p1a: Groudon|89/100 tox|[from] psn
|upkeep
|turn|14
|
|t:|1661458391
|switch|p2a: emo|Yveltal|41/100
|-ability|p2a: emo|Dark Aura
|move|p1a: Groudon|Stealth Rock|p2a: emo
|-sidestart|p2: Troiscaracte|move: Stealth Rock
|
|-weather|DesolateLand|[upkeep]
|-damage|p1a: Groudon|77/100 tox|[from] psn
|upkeep
|turn|15
|
|t:|1661458395
|move|p2a: emo|Defog|p1a: Groudon
|-unboost|p1a: Groudon|evasion|1
|-sideend|p2: Troiscaracte|Stealth Rock|[from] move: Defog|[of] p2a: emo
|move|p1a: Groudon|Rock Tomb|p2a: emo
|-supereffective|p2a: emo
|-crit|p2a: emo
|-damage|p2a: emo|0 fnt
|faint|p2a: emo
|
|-weather|DesolateLand|[upkeep]
|-damage|p1a: Groudon|58/100 tox|[from] psn
|upkeep
|
|t:|1661458400
|switch|p2a: you but better|Ditto|100/100
|-transform|p2a: you but better|p1a: Groudon|[from] ability: Imposter
|turn|16
|
|t:|1661458406
|switch|p1a: Yveltal|Yveltal, shiny|87/100
|-ability|p1a: Yveltal|Dark Aura
|move|p2a: you but better|Rock Tomb|p1a: Yveltal
|-supereffective|p1a: Yveltal
|-damage|p1a: Yveltal|49/100
|-unboost|p1a: Yveltal|spe|1
|
|-weather|DesolateLand|[upkeep]
|upkeep
|turn|17
|
|t:|1661458413
|switch|p1a: Necrozma|Necrozma-Dusk-Mane|70/100
|move|p2a: you but better|Rock Tomb|p1a: Necrozma
|-resisted|p1a: Necrozma
|-damage|p1a: Necrozma|64/100
|-unboost|p1a: Necrozma|spe|1
|
|-weather|DesolateLand|[upkeep]
|upkeep
|turn|18
|
|t:|1661458424
|-weather|none
|switch|p2a: si si paela|Eternatus|77/100
|-ability|p2a: si si paela|Pressure
|move|p1a: Necrozma|Morning Sun|p1a: Necrozma
|-heal|p1a: Necrozma|100/100
|
|upkeep
|turn|19
|
|t:|1661458429
|switch|p1a: Groudon|Groudon-Primal, shiny|58/100 tox
|-weather|DesolateLand|[from] ability: Desolate Land|[of] p1a: Groudon
|move|p2a: si si paela|Recover|p2a: si si paela
|-heal|p2a: si si paela|100/100
|
|-weather|DesolateLand|[upkeep]
|-damage|p1a: Groudon|52/100 tox|[from] psn
|upkeep
|turn|20
|
|t:|1661458437
|move|p2a: si si paela|Flamethrower|p1a: Groudon
|-resisted|p1a: Groudon
|-damage|p1a: Groudon|36/100 tox
|move|p1a: Groudon|Earthquake|p2a: si si paela
|-supereffective|p2a: si si paela
|-damage|p2a: si si paela|10/100
|
|-weather|DesolateLand|[upkeep]
|-damage|p1a: Groudon|23/100 tox|[from] psn
|upkeep
|turn|21
|
|t:|1661458446
|switch|p2a: you but better|Ditto|100/100
|-transform|p2a: you but better|p1a: Groudon|[from] ability: Imposter
|move|p1a: Groudon|Stealth Rock|p2a: you but better
|-sidestart|p2: Troiscaracte|move: Stealth Rock
|
|-weather|DesolateLand|[upkeep]
|-damage|p1a: Groudon|5/100 tox|[from] psn
|upkeep
|turn|22
|
|t:|1661458454
|move|p2a: you but better|Stealth Rock|p1a: Groudon
|-sidestart|p1: UnovaWorkersParty|move: Stealth Rock
|move|p1a: Groudon|Earthquake|p2a: you but better
|-supereffective|p2a: you but better
|-damage|p2a: you but better|16/100
|
|-weather|DesolateLand|[upkeep]
|-damage|p1a: Groudon|0 fnt|[from] psn
|faint|p1a: Groudon
|upkeep
|
|t:|1661458465
|switch|p1a: Yveltal|Yveltal, shiny|49/100
|-ability|p1a: Yveltal|Dark Aura
|turn|23
|
|t:|1661458473
|-weather|none
|switch|p2a: furry|Zacian-Crowned|58/100
|-damage|p2a: furry|52/100|[from] Stealth Rock
|-ability|p2a: furry|Intrepid Sword|boost
|-boost|p2a: furry|atk|1
|move|p1a: Yveltal|U-turn|p2a: furry
|-resisted|p2a: furry
|-damage|p2a: furry|47/100
|
|t:|1661458476
|switch|p1a: Necrozma|Necrozma-Dusk-Mane|100/100|[from]move: U-turn
|-damage|p1a: Necrozma|94/100|[from] Stealth Rock
|
|upkeep
|turn|24
|
|t:|1661458484
|move|p2a: furry|Protect|p2a: furry
|-singleturn|p2a: furry|Protect
|move|p1a: Necrozma|Sunsteel Strike|p2a: furry
|-activate|p2a: furry|move: Protect
|
|upkeep
|turn|25
|
|t:|1661458495
|switch|p2a: si si paela|Eternatus|10/100
|-damage|p2a: si si paela|0 fnt|[from] Stealth Rock
|faint|p2a: si si paela
|move|p1a: Necrozma|Knock Off|p2: si si paela|[notarget]
|-fail|p1a: Necrozma
|
|upkeep
|
|t:|1661458509
|switch|p2a: simba|Necrozma-Dusk-Mane|100/100
|-damage|p2a: simba|94/100|[from] Stealth Rock
|turn|26
|
|t:|1661458513
|switch|p1a: Yveltal|Yveltal, shiny|49/100
|-ability|p1a: Yveltal|Dark Aura
|move|p2a: simba|Sunsteel Strike|p1a: Yveltal
|-damage|p1a: Yveltal|10/100
|
|upkeep
|turn|27
|
|t:|1661458523
|move|p1a: Yveltal|Foul Play|p2a: simba
|-supereffective|p2a: simba
|-damage|p2a: simba|47/100
|-damage|p1a: Yveltal|0 fnt|[from] item: Rocky Helmet|[of] p2a: simba
|faint|p1a: Yveltal
|move|p2a: simba|Sunsteel Strike|p1: Yveltal|[notarget]
|-fail|p2a: simba
|
|upkeep
|
|t:|1661458527
|switch|p1a: Eternatus|Eternatus|91/100
|-damage|p1a: Eternatus|78/100|[from] Stealth Rock
|-ability|p1a: Eternatus|Pressure
|turn|28
|
|t:|1661458536
|-start|p2a: simba|Dynamax|
|-heal|p2a: simba|47/100|[silent]
|move|p1a: Eternatus|Flamethrower|p2a: simba
|-supereffective|p2a: simba
|-damage|p2a: simba|19/100
|-damage|p1a: Eternatus|68/100|[from] item: Life Orb
|move|p2a: simba|Max Steelspike|p1a: Eternatus
|-damage|p1a: Eternatus|15/100
|-boost|p2a: simba|def|1
|
|upkeep
|turn|29
|
|t:|1661458548
|move|p1a: Eternatus|Flamethrower|p2a: simba
|-supereffective|p2a: simba
|-damage|p2a: simba|0 fnt
|faint|p2a: simba
|-damage|p1a: Eternatus|5/100|[from] item: Life Orb
|
|upkeep
|c|☆Troiscaracte|gg
|
|t:|1661458552
|switch|p2a: you but better|Ditto|16/100
|-damage|p2a: you but better|4/100|[from] Stealth Rock
|-transform|p2a: you but better|p1a: Eternatus|[from] ability: Imposter
|-ability|p2a: you but better|Pressure
|turn|30
|c|☆UnovaWorkersParty|gg
|
|t:|1661458557
|move|p2a: you but better|Dynamax Cannon|p1a: Eternatus
|-supereffective|p1a: Eternatus
|-damage|p1a: Eternatus|0 fnt
|faint|p1a: Eternatus
|
|upkeep
|
|t:|1661458560
|switch|p1a: Marshadow|Marshadow|100/100
|-damage|p1a: Marshadow|94/100|[from] Stealth Rock
|turn|31
|
|t:|1661458563
|move|p1a: Marshadow|Shadow Sneak|p2a: you but better
|-damage|p2a: you but better|0 fnt
|faint|p2a: you but better
|
|upkeep
|
|t:|1661458566
|switch|p2a: furry|Zacian-Crowned|47/100
|-damage|p2a: furry|41/100|[from] Stealth Rock
|-ability|p2a: furry|Intrepid Sword|boost
|-boost|p2a: furry|atk|1
|turn|32
|
|t:|1661458570
|move|p1a: Marshadow|Shadow Sneak|p2a: furry
|-damage|p2a: furry|0 fnt
|faint|p2a: furry
|
|win|UnovaWorkersParty
|n|☆UnovaWorkersParty|unovaworkersparty
|n|☆Troiscaracte|troiscaracte
|n| smoolic alt|smoolicalt
