|j|☆Avalon B
|j|☆Eby Sobak
|t:|1634931358
|gametype|singles
|player|p1|Avalon B|ltsurge|1606
|player|p2|Eby Sobak|unknownf|1541
|teamsize|p1|6
|teamsize|p2|6
|gen|8
|tier|[Gen 8] National Dex AG
|rated|
|rule|HP Percentage Mod: HP is shown in percentages
|rule|Endless Battle Clause: Forcing endless battles is banned
|clearpoke
|poke|p1|Kartana|
|poke|p1|Gengar, M|
|poke|p1|Tyranitar, M|
|poke|p1|Landorus-Therian, M|
|poke|p1|Ho-Oh|
|poke|p1|Donphan, M|
|poke|p2|Zacian-*|
|poke|p2|Marshadow|
|poke|p2|Arceus-*|
|poke|p2|Arceus-*|
|poke|p2|Rayquaza|
|poke|p2|Groudon|
|teampreview
|inactive|Battle timer is ON: inactive players will automatically lose when time's up. (requested by Eby Sobak)
|
|t:|1634931372
|start
|switch|p1a: Landorus|Landorus-Therian, M|100/100
|switch|p2a: Groudon|Groudon|100/100
|-ability|p1a: Landorus|Intimidate|boost
|-unboost|p2a: Groudon|atk|1
|detailschange|p2a: Groudon|Groudon-Primal
|-primal|p2a: Groudon
|-weather|DesolateLand|[from] ability: Desolate Land|[of] p2a: Groudon
|turn|1
|
|t:|1634931383
|move|p1a: Landorus|Earthquake|p2a: Groudon
|-supereffective|p2a: Groudon
|-damage|p2a: Groudon|41/100
|move|p2a: Groudon|Stealth Rock|p1a: Landorus
|-sidestart|p1: Avalon B|move: Stealth Rock
|
|-weather|DesolateLand|[upkeep]
|upkeep
|turn|2
|
|t:|1634931386
|-weather|none
|switch|p2a: Rayquaza|Rayquaza|100/100
|-ability|p2a: Rayquaza|Air Lock
|move|p1a: Landorus|Earthquake|p2a: Rayquaza
|-immune|p2a: Rayquaza
|
|upkeep
|turn|3
|
|t:|1634931392
|switch|p1a: Tyranitar|Tyranitar, M|100/100
|-damage|p1a: Tyranitar|88/100|[from] Stealth Rock
|-weather|Sandstorm|[from] ability: Sand Stream|[of] p1a: Tyranitar
|detailschange|p2a: Rayquaza|Rayquaza-Mega
|-mega|p2a: Rayquaza|Rayquaza|
|-weather|DeltaStream|[from] ability: Delta Stream|[of] p2a: Rayquaza
|move|p2a: Rayquaza|Waterfall|p1a: Tyranitar
|-supereffective|p1a: Tyranitar
|-damage|p1a: Tyranitar|13/100
|-damage|p2a: Rayquaza|84/100|[from] item: Rocky Helmet|[of] p1a: Tyranitar
|-damage|p2a: Rayquaza|74/100|[from] item: Life Orb
|
|-weather|DeltaStream|[upkeep]
|upkeep
|turn|4
|
|t:|1634931399
|move|p2a: Rayquaza|Waterfall|p1a: Tyranitar
|-supereffective|p1a: Tyranitar
|-damage|p1a: Tyranitar|0 fnt
|-damage|p2a: Rayquaza|57/100|[from] item: Rocky Helmet|[of] p1a: Tyranitar
|faint|p1a: Tyranitar
|-damage|p2a: Rayquaza|48/100|[from] item: Life Orb
|
|-weather|DeltaStream|[upkeep]
|upkeep
|
|t:|1634931404
|switch|p1a: Ho-Oh|Ho-Oh|100/100
|turn|5
|
|t:|1634931416
|-weather|none
|switch|p2a: Arceus|Arceus-Dark|100/100
|move|p1a: Ho-Oh|Brave Bird|p2a: Arceus
|-damage|p2a: Arceus|54/100
|-damage|p1a: Ho-Oh|84/100|[from] Recoil
|
|upkeep
|turn|6
|
|t:|1634931423
|move|p2a: Arceus|Recover|p2a: Arceus
|-heal|p2a: Arceus|100/100
|move|p1a: Ho-Oh|Sacred Fire|p2a: Arceus|[miss]
|-miss|p1a: Ho-Oh|p2a: Arceus
|
|upkeep
|turn|7
|
|t:|1634931428
|switch|p2a: Arceus|Arceus-Electric|100/100
|move|p1a: Ho-Oh|Sacred Fire|p2a: Arceus
|-damage|p2a: Arceus|72/100
|-status|p2a: Arceus|brn
|
|-damage|p2a: Arceus|66/100 brn|[from] brn
|upkeep
|turn|8
|
|t:|1634931433
|switch|p1a: Landorus|Landorus-Therian, M|100/100
|-damage|p1a: Landorus|88/100|[from] Stealth Rock
|-ability|p1a: Landorus|Intimidate|boost
|-unboost|p2a: Arceus|atk|1
|move|p2a: Arceus|Toxic|p1a: Landorus
|-status|p1a: Landorus|tox
|
|-damage|p1a: Landorus|82/100 tox|[from] psn
|-damage|p2a: Arceus|60/100 brn|[from] brn
|upkeep
|turn|9
|
|t:|1634931438
|switch|p2a: Arceus|Arceus-Dark|100/100
|move|p1a: Landorus|U-turn|p2a: Arceus
|-supereffective|p2a: Arceus
|-damage|p2a: Arceus|67/100
|
|t:|1634931442
|switch|p1a: Donphan|Donphan, M|100/100|[from]move: U-turn
|
|upkeep
|turn|10
|
|t:|1634931446
|move|p2a: Arceus|Toxic|p1a: Donphan
|-status|p1a: Donphan|tox
|move|p1a: Donphan|Rapid Spin|p2a: Arceus
|-damage|p2a: Arceus|56/100
|-boost|p1a: Donphan|spe|1
|-sideend|p1: Avalon B|Stealth Rock|[from] move: Rapid Spin|[of] p1a: Donphan
|
|-damage|p1a: Donphan|94/100 tox|[from] psn
|upkeep
|turn|11
|
|t:|1634931452
|move|p2a: Arceus|Recover|p2a: Arceus
|-heal|p2a: Arceus|100/100
|move|p1a: Donphan|Rapid Spin|p2a: Arceus
|-damage|p2a: Arceus|89/100
|-boost|p1a: Donphan|spe|1
|
|-damage|p1a: Donphan|82/100 tox|[from] psn
|upkeep
|turn|12
|
|t:|1634931456
|move|p2a: Arceus|Judgment|p1a: Donphan
|-damage|p1a: Donphan|23/100 tox
|move|p1a: Donphan|Rapid Spin|p2a: Arceus
|-damage|p2a: Arceus|78/100
|-boost|p1a: Donphan|spe|1
|
|-damage|p1a: Donphan|5/100 tox|[from] psn
|upkeep
|turn|13
|
|t:|1634931463
|switch|p2a: Marshadow|Marshadow|100/100
|move|p1a: Donphan|Endeavor|p2a: Marshadow
|-immune|p2a: Marshadow
|
|-damage|p1a: Donphan|0 fnt|[from] psn
|faint|p1a: Donphan
|upkeep
|
|t:|1634931467
|switch|p1a: Landorus|Landorus-Therian, M|82/100 tox
|-ability|p1a: Landorus|Intimidate|boost
|-unboost|p2a: Marshadow|atk|1
|turn|14
|
|t:|1634931472
|move|p1a: Landorus|U-turn|p2a: Marshadow
|-resisted|p2a: Marshadow
|-damage|p2a: Marshadow|93/100
|
|t:|1634931477
|switch|p1a: Gengar|Gengar, M|100/100|[from]move: U-turn
|move|p2a: Marshadow|Ice Punch|p1a: Gengar
|-crit|p1a: Gengar
|-damage|p1a: Gengar|22/100
|-start|p2a: Marshadow|Disable|Ice Punch|[from] ability: Cursed Body|[of] p1a: Gengar
|
|upkeep
|turn|15
|
|t:|1634931485
|switch|p1a: Landorus|Landorus-Therian, M|82/100 tox
|-ability|p1a: Landorus|Intimidate|boost
|-unboost|p2a: Marshadow|atk|1
|move|p2a: Marshadow|Shadow Sneak|p1a: Landorus
|-damage|p1a: Landorus|64/100 tox
|
|-damage|p1a: Landorus|58/100 tox|[from] psn
|upkeep
|turn|16
|
|t:|1634931492
|switch|p2a: Rayquaza|Rayquaza-Mega|48/100
|-weather|DeltaStream|[from] ability: Delta Stream|[of] p2a: Rayquaza
|move|p1a: Landorus|Knock Off|p2a: Rayquaza
|-damage|p2a: Rayquaza|9/100
|-enditem|p2a: Rayquaza|Life Orb|[from] move: Knock Off|[of] p1a: Landorus
|
|-weather|DeltaStream|[upkeep]
|-damage|p1a: Landorus|47/100 tox|[from] psn
|upkeep
|turn|17
|
|t:|1634931501
|move|p2a: Rayquaza|Extreme Speed|p1a: Landorus
|-damage|p1a: Landorus|2/100 tox
|move|p1a: Landorus|Knock Off|p2a: Rayquaza
|-damage|p2a: Rayquaza|0 fnt
|faint|p2a: Rayquaza
|-weather|none
|
|-damage|p1a: Landorus|0 fnt|[from] psn
|faint|p1a: Landorus
|upkeep
|
|t:|1634931510
|switch|p2a: Groudon|Groudon-Primal|41/100
|switch|p1a: Gengar|Gengar, M|22/100
|-weather|DesolateLand|[from] ability: Desolate Land|[of] p2a: Groudon
|turn|18
|
|t:|1634931516
|detailschange|p1a: Gengar|Gengar-Mega, M
|-mega|p1a: Gengar|Gengar|Gengarite
|move|p1a: Gengar|Shadow Ball|p2a: Groudon
|-damage|p2a: Groudon|0 fnt
|faint|p2a: Groudon
|-weather|none
|
|upkeep
|
|t:|1634931524
|switch|p2a: Zacian|Zacian-Crowned|100/100
|-ability|p2a: Zacian|Intrepid Sword|boost
|-boost|p2a: Zacian|atk|1
|turn|19
|
|t:|1634931530
|move|p2a: Zacian|Wild Charge|p1a: Gengar
|-damage|p1a: Gengar|0 fnt
|faint|p1a: Gengar
|-damage|p2a: Zacian|96/100|[from] Recoil
|
|upkeep
|
|t:|1634931534
|switch|p1a: Kartana|Kartana|100/100
|turn|20
|
|t:|1634931538
|switch|p2a: Arceus|Arceus-Electric|60/100 brn
|-start|p1a: Kartana|Dynamax
|-heal|p1a: Kartana|100/100|[silent]
|move|p1a: Kartana|Max Airstream|p2a: Arceus
|-resisted|p2a: Arceus
|-damage|p2a: Arceus|47/100 brn
|-boost|p1a: Kartana|spe|1
|
|-damage|p2a: Arceus|41/100 brn|[from] brn
|upkeep
|turn|21
|
|t:|1634931542
|move|p1a: Kartana|Max Overgrowth|p2a: Arceus
|-damage|p2a: Arceus|0 fnt
|-fieldstart|move: Grassy Terrain
|faint|p2a: Arceus
|-ability|p1a: Kartana|Beast Boost|boost
|-boost|p1a: Kartana|atk|1
|
|upkeep
|
|t:|1634931553
|switch|p2a: Zacian|Zacian-Crowned|96/100
|-ability|p2a: Zacian|Intrepid Sword|boost
|-boost|p2a: Zacian|atk|1
|turn|22
|
|t:|1634931557
|move|p1a: Kartana|Max Steelspike|p2a: Zacian
|-damage|p2a: Zacian|0 fnt
|-boost|p1a: Kartana|def|1
|faint|p2a: Zacian
|-ability|p1a: Kartana|Beast Boost|boost
|-boost|p1a: Kartana|atk|1
|
|-end|p1a: Kartana|Dynamax
|-heal|p1a: Kartana|100/100|[silent]
|upkeep
|
|t:|1634931568
|switch|p2a: Marshadow|Marshadow|93/100
|turn|23
|
|t:|1634931572
|-start|p2a: Marshadow|Dynamax
|-heal|p2a: Marshadow|93/100|[silent]
|move|p1a: Kartana|Smart Strike|p2a: Marshadow
|-damage|p2a: Marshadow|29/100
|move|p2a: Marshadow|Max Knuckle|p1a: Kartana
|-supereffective|p1a: Kartana
|-damage|p1a: Kartana|28/100
|-boost|p2a: Marshadow|atk|1
|
|-heal|p1a: Kartana|34/100|[from] Grassy Terrain
|-heal|p2a: Marshadow|32/100|[from] Grassy Terrain
|upkeep
|turn|24
|
|t:|1634931582
|-end|p2a: Marshadow|Dynamax
|-heal|p2a: Marshadow|32/100|[silent]
|switch|p2a: Arceus|Arceus-Dark|78/100
|move|p1a: Kartana|Smart Strike|p2a: Arceus
|-damage|p2a: Arceus|16/100
|
|-heal|p1a: Kartana|40/100|[from] Grassy Terrain
|-heal|p2a: Arceus|22/100|[from] Grassy Terrain
|upkeep
|turn|25
|
|t:|1634931586
|move|p1a: Kartana|Smart Strike|p2a: Arceus
|-damage|p2a: Arceus|0 fnt
|faint|p2a: Arceus
|-ability|p1a: Kartana|Beast Boost|boost
|-boost|p1a: Kartana|atk|1
|
|-heal|p1a: Kartana|46/100|[from] Grassy Terrain
|-fieldend|move: Grassy Terrain
|upkeep
|
|t:|1634931588
|switch|p2a: Marshadow|Marshadow|32/100
|turn|26
|
|t:|1634931592
|move|p2a: Marshadow|Shadow Sneak|p1a: Kartana
|-damage|p1a: Kartana|24/100
|move|p1a: Kartana|Smart Strike|p2a: Marshadow
|-damage|p2a: Marshadow|0 fnt
|faint|p2a: Marshadow
|
|win|Avalon B
|raw|Avalon B's rating: 1606 &rarr; <strong>1622</strong><br />(+16 for winning)
|raw|Eby Sobak's rating: 1541 &rarr; <strong>1525</strong><br />(-16 for losing)
|l|☆Eby Sobak
|c|☆Avalon B|it was over I got chip on marshadow
||Ladder isn't responding, score probably updated but might not have (Request timeout).
