|j|☆Morale Booster
|j|☆OhLooord
|t:|1665271551
|gametype|singles
|player|p1|Morale Booster|266|1652
|player|p2|OhLooord|lucas|1817
|teamsize|p1|6
|teamsize|p2|6
|gen|8
|tier|[Gen 8] National Dex AG
|rated|
|rule|HP Percentage Mod: HP is shown in percentages
|rule|Endless Battle Clause: Forcing endless battles is banned
|clearpoke
|poke|p1|Marshadow|
|poke|p1|Smeargle, M|
|poke|p1|Diancie|
|poke|p1|Groudon|
|poke|p1|Xerneas-*|
|poke|p1|Lugia|
|poke|p2|Groudon|
|poke|p2|Rayquaza|
|poke|p2|Zygarde|
|poke|p2|Calyrex-Shadow|
|poke|p2|Arceus-*|
|poke|p2|Arceus-*|
|teampreview
|inactive|Battle timer is ON: inactive players will automatically lose when time's up. (requested by OhLooord)
|
|t:|1665271563
|start
|switch|p1a: Not Important|Xerneas|100/100
|switch|p2a: the gwoat|Rayquaza|100/100
|-ability|p2a: the gwoat|Air Lock
|-ability|p1a: Not Important|Fairy Aura
|turn|1
|
|t:|1665271575
|switch|p1a: Zacian-Counter|Lugia|100/100
|detailschange|p2a: the gwoat|Rayquaza-Mega
|-mega|p2a: the gwoat|Rayquaza|
|-weather|DeltaStream|[from] ability: Delta Stream|[of] p2a: the gwoat
|move|p2a: the gwoat|Dragon Ascent|p1a: Zacian-Counter
|-crit|p1a: Zacian-Counter
|-damage|p1a: Zacian-Counter|62/100
|-unboost|p2a: the gwoat|def|1
|-unboost|p2a: the gwoat|spd|1
|-damage|p2a: the gwoat|91/100|[from] item: Life Orb
|
|-weather|DeltaStream|[upkeep]
|-heal|p1a: Zacian-Counter|68/100|[from] item: Leftovers
|upkeep
|turn|2
|
|t:|1665271588
|move|p2a: the gwoat|Scale Shot|p1a: Zacian-Counter
|-crit|p1a: Zacian-Counter
|-damage|p1a: Zacian-Counter|51/100
|-damage|p1a: Zacian-Counter|41/100
|-damage|p1a: Zacian-Counter|28/100
|-hitcount|p1a: Zacian-Counter|3
|-unboost|p2a: the gwoat|def|1
|-boost|p2a: the gwoat|spe|1
|-damage|p2a: the gwoat|81/100|[from] item: Life Orb
|move|p1a: Zacian-Counter|Toxic|p2a: the gwoat
|-status|p2a: the gwoat|tox
|
|-weather|DeltaStream|[upkeep]
|-heal|p1a: Zacian-Counter|35/100|[from] item: Leftovers
|-damage|p2a: the gwoat|75/100 tox|[from] psn
|upkeep
|turn|3
|c|☆Morale Booster|2 crits
|
|t:|1665271603
|move|p2a: the gwoat|Dragon Ascent|p1a: Zacian-Counter
|-damage|p1a: Zacian-Counter|0 fnt
|-unboost|p2a: the gwoat|def|1
|-unboost|p2a: the gwoat|spd|1
|faint|p1a: Zacian-Counter
|-damage|p2a: the gwoat|65/100 tox|[from] item: Life Orb
|
|-weather|DeltaStream|[upkeep]
|-damage|p2a: the gwoat|53/100 tox|[from] psn
|upkeep
|c|☆OhLooord|out of 6 moves
|c|☆OhLooord|5
|
|t:|1665271618
|switch|p1a: Had Enough|Marshadow|100/100
|turn|4
|
|t:|1665271621
|-weather|none
|switch|p2a: the goat|Zygarde, shiny|100/100
|move|p1a: Had Enough|Protect||[still]
|-fail|p1a: Had Enough
|
|upkeep
|turn|5
|
|t:|1665271627
|switch|p1a: Staller-Diancie|Diancie, shiny|100/100
|move|p2a: the goat|Glare|p1a: Staller-Diancie
|-status|p1a: Staller-Diancie|par
|
|upkeep
|turn|6
|
|t:|1665271634
|detailschange|p1a: Staller-Diancie|Diancie-Mega, shiny
|-mega|p1a: Staller-Diancie|Diancie|Diancite
|move|p2a: the goat|Substitute|p2a: the goat
|-start|p2a: the goat|Substitute
|-damage|p2a: the goat|75/100
|move|p1a: Staller-Diancie|Heal Bell|p1a: Staller-Diancie
|-activate|p1a: Staller-Diancie|move: Heal Bell
|-curestatus|p1a: Staller-Diancie|par|[msg]
|
|-heal|p2a: the goat|82/100|[from] item: Leftovers
|upkeep
|turn|7
|
|t:|1665271643
|move|p1a: Staller-Diancie|Protect|p1a: Staller-Diancie
|-singleturn|p1a: Staller-Diancie|Protect
|move|p2a: the goat|Coil|p2a: the goat
|-boost|p2a: the goat|atk|1
|-boost|p2a: the goat|def|1
|-boost|p2a: the goat|accuracy|1
|
|-heal|p2a: the goat|88/100|[from] item: Leftovers
|upkeep
|turn|8
|
|t:|1665271653
|switch|p1a: Weak-Pokemon|Groudon|100/100
|detailschange|p1a: Weak-Pokemon|Groudon-Primal
|-primal|p1a: Weak-Pokemon
|-weather|DesolateLand|[from] ability: Desolate Land|[of] p1a: Weak-Pokemon
|move|p2a: the goat|Coil|p2a: the goat
|-boost|p2a: the goat|atk|1
|-boost|p2a: the goat|def|1
|-boost|p2a: the goat|accuracy|1
|
|-weather|DesolateLand|[upkeep]
|-heal|p2a: the goat|94/100|[from] item: Leftovers
|upkeep
|turn|9
|c|☆OhLooord|what ur plan here lol
|
|t:|1665271664
|move|p2a: the goat|Glare|p1a: Weak-Pokemon
|-status|p1a: Weak-Pokemon|par
|move|p1a: Weak-Pokemon|Roar|p2a: the goat
|drag|p2a: Calyrex|Calyrex-Shadow|100/100
|-ability|p2a: Calyrex|As One
|-ability|p2a: Calyrex|Unnerve
|
|-weather|DesolateLand|[upkeep]
|upkeep
|turn|10
|
|t:|1665271673
|-weather|none
|switch|p1a: Has had Enough|Smeargle, M|100/100
|move|p2a: Calyrex|Substitute|p2a: Calyrex
|-start|p2a: Calyrex|Substitute
|-damage|p2a: Calyrex|76/100
|
|-heal|p2a: Calyrex|82/100|[from] item: Leftovers
|upkeep
|turn|11
|
|t:|1665271681
|move|p2a: Calyrex|Leech Seed|p1a: Has had Enough
|-start|p1a: Has had Enough|move: Leech Seed
|move|p1a: Has had Enough|Shift Gear|p1a: Has had Enough
|-boost|p1a: Has had Enough|spe|2
|-boost|p1a: Has had Enough|atk|1
|
|-heal|p2a: Calyrex|88/100|[from] item: Leftovers
|-damage|p1a: Has had Enough|88/100|[from] Leech Seed|[of] p2a: Calyrex
|-heal|p2a: Calyrex|99/100|[silent]
|upkeep
|turn|12
|
|t:|1665271692
|move|p1a: Has had Enough|Spectral Thief|p2a: Calyrex
|-supereffective|p2a: Calyrex
|-damage|p2a: Calyrex|49/100
|move|p2a: Calyrex|Leech Seed||[still]
|-fail|p2a: Calyrex
|
|-heal|p2a: Calyrex|55/100|[from] item: Leftovers
|-damage|p1a: Has had Enough|76/100|[from] Leech Seed|[of] p2a: Calyrex
|-heal|p2a: Calyrex|67/100|[silent]
|upkeep
|turn|13
|
|t:|1665271702
|move|p1a: Has had Enough|Spectral Thief|p2a: Calyrex
|-supereffective|p2a: Calyrex
|-damage|p2a: Calyrex|17/100
|move|p2a: Calyrex|Draining Kiss|p1a: Has had Enough
|-damage|p1a: Has had Enough|30/100
|-heal|p2a: Calyrex|49/100|[from] drain|[of] p1a: Has had Enough
|
|-heal|p2a: Calyrex|55/100|[from] item: Leftovers
|-damage|p1a: Has had Enough|18/100|[from] Leech Seed|[of] p2a: Calyrex
|-heal|p2a: Calyrex|66/100|[silent]
|upkeep
|turn|14
|
|t:|1665271714
|move|p1a: Has had Enough|Baton Pass|p1a: Has had Enough
|
|t:|1665271722
|switch|p1a: Had Enough|Marshadow|100/100|[from]move: Baton Pass
|move|p2a: Calyrex|Draining Kiss|p1a: Had Enough
|-supereffective|p1a: Had Enough
|-damage|p1a: Had Enough|54/100
|-heal|p2a: Calyrex|99/100|[from] drain|[of] p1a: Had Enough
|
|-heal|p2a: Calyrex|100/100|[from] item: Leftovers
|-damage|p1a: Had Enough|41/100|[from] Leech Seed|[of] p2a: Calyrex
|upkeep
|turn|15
|
|t:|1665271732
|switch|p2a: Arceus|Arceus|100/100
|move|p1a: Had Enough|Spectral Thief|p2a: Arceus
|-immune|p2a: Arceus
|
|-damage|p1a: Had Enough|29/100|[from] Leech Seed|[of] p2a: Arceus
|upkeep
|turn|16
|
|t:|1665271741
|switch|p1a: Has had Enough|Smeargle, M|18/100
|switch|p2a: Calyrex|Calyrex-Shadow|100/100
|-ability|p2a: Calyrex|As One
|-ability|p2a: Calyrex|Unnerve
|
|upkeep
|turn|17
|
|t:|1665271750
|move|p2a: Calyrex|Draining Kiss|p1a: Has had Enough
|-damage|p1a: Has had Enough|0 fnt
|faint|p1a: Has had Enough
|-ability|p2a: Calyrex|Grim Neigh|boost
|-boost|p2a: Calyrex|spa|1
|
|upkeep
|
|t:|1665271755
|switch|p1a: Had Enough|Marshadow|29/100
|turn|18
|
|t:|1665271759
|switch|p2a: the goat|Zygarde, shiny|94/100
|move|p1a: Had Enough|Close Combat|p2a: the goat
|-crit|p2a: the goat
|-damage|p2a: the goat|43/100
|-unboost|p1a: Had Enough|def|1
|-unboost|p1a: Had Enough|spd|1
|
|-heal|p2a: the goat|50/100|[from] item: Leftovers
|-activate|p2a: the goat|ability: Power Construct
|detailschange|p2a: the goat|Zygarde-Complete, shiny
|-heal|p2a: the goat|67/100|[silent]
|upkeep
|turn|19
|c|☆OhLooord|ay ders ur crit
|
|t:|1665271771
|switch|p1a: Staller-Diancie|Diancie-Mega, shiny|100/100
|move|p2a: the goat|Thousand Arrows|p1a: Staller-Diancie
|-supereffective|p1a: Staller-Diancie
|-damage|p1a: Staller-Diancie|33/100
|
|-heal|p2a: the goat|73/100|[from] item: Leftovers
|upkeep
|turn|20
|
|t:|1665271780
|move|p1a: Staller-Diancie|Stealth Rock|p2a: the goat
|-sidestart|p2: OhLooord|move: Stealth Rock
|move|p2a: the goat|Thousand Arrows|p1a: Staller-Diancie
|-supereffective|p1a: Staller-Diancie
|-damage|p1a: Staller-Diancie|0 fnt
|faint|p1a: Staller-Diancie
|
|-heal|p2a: the goat|79/100|[from] item: Leftovers
|upkeep
|
|t:|1665271788
|switch|p1a: Had Enough|Marshadow|29/100
|turn|21
|
|t:|1665271792
|move|p1a: Had Enough|Close Combat|p2a: the goat
|-damage|p2a: the goat|58/100
|-unboost|p1a: Had Enough|def|1
|-unboost|p1a: Had Enough|spd|1
|move|p2a: the goat|Substitute|p2a: the goat
|-start|p2a: the goat|Substitute
|-damage|p2a: the goat|33/100
|
|-heal|p2a: the goat|39/100|[from] item: Leftovers
|upkeep
|turn|22
|
|t:|1665271801
|move|p1a: Had Enough|Spectral Thief|p2a: the goat
|-crit|p2a: the goat
|-damage|p2a: the goat|13/100
|move|p2a: the goat|Thousand Arrows|p1a: Had Enough
|-damage|p1a: Had Enough|0 fnt
|faint|p1a: Had Enough
|
|-heal|p2a: the goat|19/100|[from] item: Leftovers
|upkeep
|c|☆OhLooord|more then even now lol
|
|t:|1665271812
|switch|p1a: Weak-Pokemon|Groudon-Primal|100/100 par
|-weather|DesolateLand|[from] ability: Desolate Land|[of] p1a: Weak-Pokemon
|turn|23
|
|t:|1665271816
|move|p2a: the goat|Thousand Arrows|p1a: Weak-Pokemon
|-supereffective|p1a: Weak-Pokemon
|-damage|p1a: Weak-Pokemon|63/100 par
|cant|p1a: Weak-Pokemon|par
|
|-weather|DesolateLand|[upkeep]
|-heal|p2a: the goat|25/100|[from] item: Leftovers
|upkeep
|turn|24
|
|t:|1665271823
|move|p2a: the goat|Thousand Arrows|p1a: Weak-Pokemon
|-supereffective|p1a: Weak-Pokemon
|-damage|p1a: Weak-Pokemon|29/100 par
|move|p1a: Weak-Pokemon|Roar|p2a: the goat
|drag|p2a: the gwoat|Rayquaza-Mega|53/100 tox
|-damage|p2a: the gwoat|28/100 tox|[from] Stealth Rock
|-weather|DeltaStream|[from] ability: Delta Stream|[of] p2a: the gwoat
|
|-weather|DeltaStream|[upkeep]
|-damage|p2a: the gwoat|22/100 tox|[from] psn
|upkeep
|turn|25
|
|t:|1665271834
|move|p2a: the gwoat|Scale Shot|p1a: Weak-Pokemon
|-damage|p1a: Weak-Pokemon|14/100 par
|-damage|p1a: Weak-Pokemon|1/100 par
|-damage|p1a: Weak-Pokemon|0 fnt
|faint|p1a: Weak-Pokemon
|-hitcount|p1: Weak-Pokemon|3
|-unboost|p2a: the gwoat|def|1
|-boost|p2a: the gwoat|spe|1
|-damage|p2a: the gwoat|12/100 tox|[from] item: Life Orb
|
|-weather|DeltaStream|[upkeep]
|-damage|p2a: the gwoat|0 fnt|[from] psn
|faint|p2a: the gwoat
|-weather|none
|upkeep
|
|t:|1665271846
|switch|p2a: Arceus|Arceus-Fairy|100/100
|switch|p1a: Not Important|Xerneas|100/100
|-damage|p2a: Arceus|88/100|[from] Stealth Rock
|-ability|p1a: Not Important|Fairy Aura
|turn|26
|
|t:|1665271852
|move|p2a: Arceus|Perish Song|p2a: Arceus
|-start|p1a: Not Important|perish3|[silent]
|-start|p2a: Arceus|perish3|[silent]
|-fieldactivate|move: Perish Song
|move|p1a: Not Important|Geomancy||[still]
|-prepare|p1a: Not Important|Geomancy
|-enditem|p1a: Not Important|Power Herb
|-anim|p1a: Not Important|Geomancy|p1a: Not Important
|-boost|p1a: Not Important|spa|2
|-boost|p1a: Not Important|spd|2
|-boost|p1a: Not Important|spe|2
|
|-start|p1a: Not Important|perish3
|-start|p2a: Arceus|perish3
|upkeep
|turn|27
|c|☆OhLooord|aight gg
|
|t:|1665271862
|-start|p1a: Not Important|Dynamax|
|-heal|p1a: Not Important|100/100|[silent]
|-start|p2a: Arceus|Dynamax|
|-heal|p2a: Arceus|88/100|[silent]
|move|p2a: Arceus|Max Guard|p2a: Arceus
|-singleturn|p2a: Arceus|Max Guard
|move|p1a: Not Important|Max Starfall|p2a: Arceus
|-activate|p2a: Arceus|move: Max Guard
|
|-start|p1a: Not Important|perish2
|-start|p2a: Arceus|perish2
|upkeep
|turn|28
|
|t:|1665271874
|move|p2a: Arceus|Max Guard|p2a: Arceus
|-singleturn|p2a: Arceus|Max Guard
|move|p1a: Not Important|Max Starfall|p2a: Arceus
|-activate|p2a: Arceus|move: Max Guard
|
|-start|p1a: Not Important|perish1
|-start|p2a: Arceus|perish1
|upkeep
|turn|29
|-message|Morale Booster forfeited.
|
|win|OhLooord
|raw|Morale Booster's rating: 1652 &rarr; <strong>1641</strong><br />(-11 for losing)
|raw|OhLooord's rating: 1817 &rarr; <strong>1828</strong><br />(+11 for winning)
|l|☆Morale Booster
|c|☆OhLooord|lmao
||Ladder isn't responding, score probably updated but might not have (Request timeout).
