|j|☆The easy person
|j|☆TaxFraud094
|t:|1668635528
|gametype|singles
|player|p1|The easy person|gambler|
|player|p2|TaxFraud094|acetrainerf-gen4|
|teamsize|p1|6
|teamsize|p2|6
|gen|8
|tier|[Gen 8] National Dex AG
|rule|HP Percentage Mod: HP is shown in percentages
|rule|Endless Battle Clause: Forcing endless battles is banned
|clearpoke
|poke|p1|Cloyster, F|
|poke|p1|Polteageist|
|poke|p1|Blastoise, F|
|poke|p1|Carracosta, F|
|poke|p1|Barbaracle, F|
|poke|p1|Omastar, F|
|poke|p2|Necrozma-Dusk-Mane|
|poke|p2|Arceus-*|
|poke|p2|Arceus-*|
|poke|p2|Yveltal|
|poke|p2|Ditto|
|poke|p2|Zacian-*|
|teampreview
|inactive|Battle timer is ON: inactive players will automatically lose when time's up. (requested by The easy person)
|inactive|TaxFraud094 also wants the timer to be on.
|c|☆TaxFraud094|glhf
|c|☆The easy person|You to
|
|t:|1668635541
|start
|switch|p1a: Omastar|Omastar, F|100/100
|switch|p2a: Arceus|Arceus-Water|100/100
|turn|1
|
|t:|1668635544
|move|p2a: Arceus|Judgment|p1a: Omastar
|-damage|p1a: Omastar|20/100
|move|p1a: Omastar|Shell Smash|p1a: Omastar
|-unboost|p1a: Omastar|def|1
|-unboost|p1a: Omastar|spd|1
|-boost|p1a: Omastar|atk|2
|-boost|p1a: Omastar|spa|2
|-boost|p1a: Omastar|spe|2
|
|upkeep
|turn|2
|
|t:|1668635554
|move|p1a: Omastar|Ice Beam|p2a: Arceus
|-resisted|p2a: Arceus
|-damage|p2a: Arceus|80/100
|move|p2a: Arceus|Stealth Rock|p1a: Omastar
|-sidestart|p1: The easy person|move: Stealth Rock
|
|upkeep
|turn|3
|
|t:|1668635562
|move|p1a: Omastar|Earth Power|p2a: Arceus
|-damage|p2a: Arceus|40/100
|-unboost|p2a: Arceus|spd|1
|move|p2a: Arceus|Judgment|p1a: Omastar
|-damage|p1a: Omastar|0 fnt
|faint|p1a: Omastar
|
|upkeep
|
|t:|1668635570
|switch|p1a: Blastoise|Blastoise, F|100/100
|-damage|p1a: Blastoise|88/100|[from] Stealth Rock
|turn|4
|j| Smart looker
|
|t:|1668635597
|move|p2a: Arceus|Judgment|p1a: Blastoise
|-resisted|p1a: Blastoise
|-damage|p1a: Blastoise|64/100
|move|p1a: Blastoise|Shell Smash|p1a: Blastoise
|-unboost|p1a: Blastoise|def|1
|-unboost|p1a: Blastoise|spd|1
|-boost|p1a: Blastoise|atk|2
|-boost|p1a: Blastoise|spa|2
|-boost|p1a: Blastoise|spe|2
|-enditem|p1a: Blastoise|White Herb
|-clearnegativeboost|p1a: Blastoise|[silent]
|
|upkeep
|turn|5
|
|t:|1668635609
|move|p1a: Blastoise|Dark Pulse|p2a: Arceus
|-damage|p2a: Arceus|0 fnt
|faint|p2a: Arceus
|
|upkeep
|
|t:|1668635623
|switch|p2a: Ditto|Ditto|100/100
|-transform|p2a: Ditto|p1a: Blastoise|[from] ability: Imposter
|turn|6
|
|t:|1668635636
|switch|p2a: Yveltal|Yveltal|100/100
|-ability|p2a: Yveltal|Dark Aura
|-start|p1a: Blastoise|Dynamax|
|-heal|p1a: Blastoise|64/100|[silent]
|move|p1a: Blastoise|Max Darkness|p2a: Yveltal
|-resisted|p2a: Yveltal
|-damage|p2a: Yveltal|76/100
|-unboost|p2a: Yveltal|spd|1
|
|upkeep
|turn|7
|
|t:|1668635648
|switch|p2a: Arceus|Arceus-Ground|100/100
|move|p1a: Blastoise|Max Darkness|p2a: Arceus
|-damage|p2a: Arceus|43/100
|-unboost|p2a: Arceus|spd|1
|
|upkeep
|turn|8
|inactive|TaxFraud094 has 270 seconds left.
|
|t:|1668635686
|move|p1a: Blastoise|Max Geyser|p2a: Arceus
|-supereffective|p2a: Arceus
|-damage|p2a: Arceus|0 fnt
|-weather|RainDance
|faint|p2a: Arceus
|
|-weather|RainDance|[upkeep]
|upkeep
|
|t:|1668635694
|switch|p2a: Ditto|Ditto|100/100
|-transform|p2a: Ditto|p1a: Blastoise|[from] ability: Imposter
|-end|p1a: Blastoise|Dynamax
|-heal|p1a: Blastoise|64/100|[silent]
|turn|9
|
|t:|1668635698
|move|p2a: Ditto|Hydro Pump|p1a: Blastoise
|-resisted|p1a: Blastoise
|-damage|p1a: Blastoise|0 fnt
|faint|p1a: Blastoise
|
|-weather|RainDance|[upkeep]
|upkeep
|
|t:|1668635702
|switch|p1a: Polteageist|Polteageist|100/100
|-damage|p1a: Polteageist|88/100|[from] Stealth Rock
|turn|10
|inactive|TaxFraud094 has 270 seconds left.
|
|t:|1668635719
|-start|p2a: Ditto|Dynamax|
|-heal|p2a: Ditto|100/100|[silent]
|move|p2a: Ditto|Max Geyser|p1a: Polteageist
|-damage|p1a: Polteageist|0 fnt
|faint|p1a: Polteageist
|
|-weather|RainDance|[upkeep]
|upkeep
|
|t:|1668635728
|switch|p1a: Cloyster|Cloyster, F|100/100
|-damage|p1a: Cloyster|76/100|[from] Stealth Rock
|turn|11
|
|t:|1668635731
|move|p1a: Cloyster|Ice Shard|p2a: Ditto
|-resisted|p2a: Ditto
|-damage|p2a: Ditto|95/100
|move|p2a: Ditto|Max Darkness|p1a: Cloyster
|-damage|p1a: Cloyster|0 fnt
|faint|p1a: Cloyster
|
|-weather|RainDance|[upkeep]
|upkeep
|c| Smart looker|Taxfraud094 was that groundceus cm?
|
|t:|1668635741
|switch|p1a: Barbaracle|Barbaracle, F|100/100
|-damage|p1a: Barbaracle|88/100|[from] Stealth Rock
|turn|12
|c|☆TaxFraud094|yeah
|
|t:|1668635748
|move|p2a: Ditto|Max Geyser|p1a: Barbaracle
|-crit|p1a: Barbaracle
|-damage|p1a: Barbaracle|0 fnt
|faint|p1a: Barbaracle
|
|-weather|none
|upkeep
|
|t:|1668635751
|switch|p1a: Carracosta|Carracosta, F|100/100
|-damage|p1a: Carracosta|88/100|[from] Stealth Rock
|-end|p2a: Ditto|Dynamax
|-heal|p2a: Ditto|95/100|[silent]
|turn|13
|
|t:|1668635754
|move|p1a: Carracosta|Aqua Jet|p2a: Ditto
|-resisted|p2a: Ditto
|-damage|p2a: Ditto|84/100
|move|p2a: Ditto|Hydro Pump|p1a: Carracosta
|-damage|p1a: Carracosta|0 fnt
|faint|p1a: Carracosta
|
|win|TaxFraud094
|c| Smart looker|Also I didn’t rly look at ur sets well
|c|☆The easy person|Gg
|c| Smart looker|is cm hp or spa?
|c|☆TaxFraud094|SpA obv
|l|☆TaxFraud094
|c| Smart looker|Ah thats
|l|☆The easy person
|c| Smart looker|reassuring
