|j|☆zamazamaZentest
|j|☆license to uwu
|t:|1666667045
|gametype|singles
|player|p1|zamazamaZentest|266|1432
|player|p2|license to uwu|2|1480
|teamsize|p1|6
|teamsize|p2|6
|gen|8
|tier|[Gen 8] National Dex AG
|rated|
|rule|HP Percentage Mod: HP is shown in percentages
|rule|Endless Battle Clause: Forcing endless battles is banned
|clearpoke
|poke|p1|Sableye, F|
|poke|p1|Chansey, F|
|poke|p1|Necrozma-Dusk-Mane|
|poke|p1|Lugia|
|poke|p1|Giratina|
|poke|p1|Tyranitar, F|
|poke|p2|Lickilicky, M|
|poke|p2|Yveltal|
|poke|p2|Groudon|
|poke|p2|Ho-Oh|
|poke|p2|Stakataka|
|poke|p2|Arceus-*|
|teampreview
|inactive|Battle timer is ON: inactive players will automatically lose when time's up. (requested by license to uwu)
|c|☆license to uwu|glhf
|
|t:|1666667096
|start
|switch|p1a: Sableye|Sableye, F|100/100
|switch|p2a: Tell|Lickilicky, M|100/100
|-ability|p2a: Tell|Cloud Nine
|turn|1
|
|t:|1666667106
|detailschange|p1a: Sableye|Sableye-Mega, F
|-mega|p1a: Sableye|Sableye|Sablenite
|move|p1a: Sableye|Fake Out|p2a: Tell
|-damage|p2a: Tell|94/100
|cant|p2a: Tell|flinch
|
|upkeep
|turn|2
|
|t:|1666667116
|move|p2a: Tell|Fire Blast|p1a: Sableye
|-damage|p1a: Sableye|70/100
|move|p1a: Sableye|Will-O-Wisp|p2a: Tell|[miss]
|-miss|p1a: Sableye|p2a: Tell
|
|upkeep
|turn|3
|
|t:|1666667125
|switch|p1a: Giratina|Giratina|100/100
|-ability|p1a: Giratina|Pressure
|move|p2a: Tell|Fire Blast|p1a: Giratina
|-resisted|p1a: Giratina
|-damage|p1a: Giratina|92/100
|
|-heal|p1a: Giratina|98/100|[from] item: Leftovers
|upkeep
|turn|4
|
|t:|1666667134
|switch|p2a: That|Yveltal|100/100
|-ability|p2a: That|Dark Aura
|move|p1a: Giratina|Toxic|p2a: That
|-status|p2a: That|tox
|
|-heal|p1a: Giratina|100/100|[from] item: Leftovers
|-damage|p2a: That|94/100 tox|[from] psn
|upkeep
|turn|5
|
|t:|1666667149
|switch|p1a: Tyranitar|Tyranitar, F|100/100
|-weather|Sandstorm|[from] ability: Sand Stream|[of] p1a: Tyranitar
|move|p2a: That|Dark Pulse|p1a: Tyranitar
|-resisted|p1a: Tyranitar
|-damage|p1a: Tyranitar|87/100
|-damage|p2a: That|84/100 tox|[from] item: Life Orb
|
|-weather|Sandstorm|[upkeep]
|-damage|p2a: That|78/100 tox|[from] Sandstorm
|-heal|p1a: Tyranitar|93/100|[from] item: Leftovers
|-damage|p2a: That|66/100 tox|[from] psn
|upkeep
|turn|6
|
|t:|1666667163
|switch|p2a: Tell|Lickilicky, M|94/100
|-ability|p2a: Tell|Cloud Nine
|move|p1a: Tyranitar|Rock Tomb|p2a: Tell
|-damage|p2a: Tell|71/100
|-unboost|p2a: Tell|spe|1
|
|-weather|Sandstorm|[upkeep]
|-heal|p1a: Tyranitar|99/100|[from] item: Leftovers
|upkeep
|turn|7
|
|t:|1666667176
|switch|p1a: Giratina|Giratina|100/100
|-ability|p1a: Giratina|Pressure
|-zpower|p2a: Tell
|move|p2a: Tell|Hydro Vortex|p1a: Giratina|[zeffect]
|-resisted|p1a: Giratina
|-damage|p1a: Giratina|85/100
|
|-weather|Sandstorm|[upkeep]
|-heal|p1a: Giratina|91/100|[from] item: Leftovers
|upkeep
|turn|8
|
|t:|1666667197
|switch|p2a: Bread|Stakataka|100/100
|move|p1a: Giratina|Toxic|p2a: Bread
|-immune|p2a: Bread
|
|-weather|Sandstorm|[upkeep]
|-damage|p1a: Giratina|85/100|[from] Sandstorm
|-heal|p1a: Giratina|91/100|[from] item: Leftovers
|upkeep
|turn|9
|
|t:|1666667203
|move|p1a: Giratina|Will-O-Wisp|p2a: Bread
|-status|p2a: Bread|brn
|move|p2a: Bread|Trick Room|p2a: Bread
|-fieldstart|move: Trick Room|[of] p2a: Bread
|
|-weather|none
|-heal|p1a: Giratina|98/100|[from] item: Leftovers
|-damage|p2a: Bread|94/100 brn|[from] brn
|upkeep
|turn|10
|
|t:|1666667211
|switch|p1a: Necrozma|Necrozma-Dusk-Mane|100/100
|move|p2a: Bread|Gyro Ball|p1a: Necrozma
|-resisted|p1a: Necrozma
|-damage|p1a: Necrozma|90/100
|-damage|p2a: Bread|78/100 brn|[from] item: Rocky Helmet|[of] p1a: Necrozma
|
|-damage|p2a: Bread|72/100 brn|[from] brn
|upkeep
|turn|11
|
|t:|1666667222
|move|p2a: Bread|Earthquake|p1a: Necrozma
|-supereffective|p1a: Necrozma
|-damage|p1a: Necrozma|75/100
|move|p1a: Necrozma|Stealth Rock|p2a: Bread
|-sidestart|p2: license to uwu|move: Stealth Rock
|
|-damage|p2a: Bread|66/100 brn|[from] brn
|upkeep
|turn|12
|
|t:|1666667236
|move|p2a: Bread|Earthquake|p1a: Necrozma
|-supereffective|p1a: Necrozma
|-damage|p1a: Necrozma|59/100
|move|p1a: Necrozma|Moonlight|p1a: Necrozma
|-heal|p1a: Necrozma|100/100
|
|-damage|p2a: Bread|59/100 brn|[from] brn
|upkeep
|turn|13
|
|t:|1666667253
|switch|p2a: To|Groudon|100/100
|-damage|p2a: To|94/100|[from] Stealth Rock
|detailschange|p2a: To|Groudon-Primal
|-primal|p2a: To
|-weather|DesolateLand|[from] ability: Desolate Land|[of] p2a: To
|move|p1a: Necrozma|Knock Off|p2a: To
|-damage|p2a: To|82/100
|
|-weather|DesolateLand|[upkeep]
|-fieldend|move: Trick Room
|upkeep
|turn|14
|
|t:|1666667264
|switch|p1a: Giratina|Giratina|98/100
|-ability|p1a: Giratina|Pressure
|move|p2a: To|Precipice Blades|p1a: Giratina|[miss]
|-miss|p2a: To|p1a: Giratina
|
|-weather|DesolateLand|[upkeep]
|-heal|p1a: Giratina|100/100|[from] item: Leftovers
|upkeep
|turn|15
|c|☆license to uwu|broo
|
|t:|1666667271
|-weather|none
|switch|p2a: That|Yveltal|66/100 tox
|-damage|p2a: That|41/100 tox|[from] Stealth Rock
|-ability|p2a: That|Dark Aura
|move|p1a: Giratina|Toxic|p2a: That
|-fail|p2a: That|tox
|
|-damage|p2a: That|35/100 tox|[from] psn
|upkeep
|turn|16
|
|t:|1666667278
|switch|p1a: Tyranitar|Tyranitar, F|99/100
|-weather|Sandstorm|[from] ability: Sand Stream|[of] p1a: Tyranitar
|move|p2a: That|Focus Blast|p1a: Tyranitar
|-supereffective|p1a: Tyranitar
|-damage|p1a: Tyranitar|8/100
|-damage|p2a: That|25/100 tox|[from] item: Life Orb
|
|-weather|Sandstorm|[upkeep]
|-damage|p2a: That|19/100 tox|[from] Sandstorm
|-heal|p1a: Tyranitar|14/100|[from] item: Leftovers
|-damage|p2a: That|7/100 tox|[from] psn
|upkeep
|turn|17
|
|t:|1666667297
|switch|p2a: Bread|Stakataka|59/100 brn
|-damage|p2a: Bread|53/100 brn|[from] Stealth Rock
|switch|p1a: Chansey|Chansey, F|100/100
|
|-weather|Sandstorm|[upkeep]
|-damage|p1a: Chansey|94/100|[from] Sandstorm
|-damage|p2a: Bread|47/100 brn|[from] brn
|upkeep
|turn|18
|
|t:|1666667306
|switch|p1a: Necrozma|Necrozma-Dusk-Mane|100/100
|move|p2a: Bread|Stone Edge|p1a: Necrozma
|-resisted|p1a: Necrozma
|-damage|p1a: Necrozma|92/100
|
|-weather|Sandstorm|[upkeep]
|-damage|p2a: Bread|41/100 brn|[from] brn
|upkeep
|turn|19
|
|t:|1666667316
|switch|p2a: Ho-Oh|Ho-Oh|100/100
|move|p1a: Necrozma|Knock Off|p2a: Ho-Oh
|-damage|p2a: Ho-Oh|73/100
|-enditem|p2a: Ho-Oh|Heavy-Duty Boots|[from] move: Knock Off|[of] p1a: Necrozma
|
|-weather|Sandstorm|[upkeep]
|-damage|p2a: Ho-Oh|67/100|[from] Sandstorm
|upkeep
|turn|20
|
|t:|1666667325
|switch|p1a: Giratina|Giratina|100/100
|-ability|p1a: Giratina|Pressure
|move|p2a: Ho-Oh|Defog|p1a: Giratina
|-unboost|p1a: Giratina|evasion|1
|-sideend|p2: license to uwu|Stealth Rock|[from] move: Defog|[of] p2a: Ho-Oh
|
|-weather|none
|upkeep
|turn|21
|inactive|license to uwu has 120 seconds left.
|inactive|license to uwu has 90 seconds left.
|
|t:|1666667386
|switch|p2a: Bread|Stakataka|41/100 brn
|switch|p1a: Tyranitar|Tyranitar, F|14/100
|-weather|Sandstorm|[from] ability: Sand Stream|[of] p1a: Tyranitar
|
|-weather|Sandstorm|[upkeep]
|-heal|p1a: Tyranitar|20/100|[from] item: Leftovers
|-damage|p2a: Bread|35/100 brn|[from] brn
|upkeep
|turn|22
|
|t:|1666667398
|move|p1a: Tyranitar|Rest|p1a: Tyranitar
|-status|p1a: Tyranitar|slp|[from] move: Rest
|-heal|p1a: Tyranitar|100/100 slp|[silent]
|move|p2a: Bread|Earthquake|p1a: Tyranitar
|-supereffective|p1a: Tyranitar
|-damage|p1a: Tyranitar|70/100 slp
|
|-weather|Sandstorm|[upkeep]
|-heal|p1a: Tyranitar|76/100 slp|[from] item: Leftovers
|-damage|p2a: Bread|29/100 brn|[from] brn
|upkeep
|turn|23
|
|t:|1666667411
|switch|p1a: Necrozma|Necrozma-Dusk-Mane|92/100
|move|p2a: Bread|Earthquake|p1a: Necrozma
|-supereffective|p1a: Necrozma
|-damage|p1a: Necrozma|79/100
|
|-weather|Sandstorm|[upkeep]
|-damage|p2a: Bread|23/100 brn|[from] brn
|upkeep
|turn|24
|
|t:|1666667426
|move|p1a: Necrozma|Stealth Rock|p2a: Bread
|-sidestart|p2: license to uwu|move: Stealth Rock
|move|p2a: Bread|Earthquake|p1a: Necrozma
|-supereffective|p1a: Necrozma
|-damage|p1a: Necrozma|65/100
|
|-weather|Sandstorm|[upkeep]
|-damage|p2a: Bread|16/100 brn|[from] brn
|upkeep
|turn|25
|
|t:|1666667446
|move|p1a: Necrozma|Moonlight|p1a: Necrozma
|-heal|p1a: Necrozma|90/100
|move|p2a: Bread|Earthquake|p1a: Necrozma
|-supereffective|p1a: Necrozma
|-damage|p1a: Necrozma|74/100
|
|-weather|none
|-damage|p2a: Bread|10/100 brn|[from] brn
|upkeep
|turn|26
|
|t:|1666667472
|switch|p1a: Giratina|Giratina|100/100
|-ability|p1a: Giratina|Pressure
|move|p2a: Bread|Earthquake|p1a: Giratina
|-damage|p1a: Giratina|92/100
|
|-heal|p1a: Giratina|98/100|[from] item: Leftovers
|-damage|p2a: Bread|4/100 brn|[from] brn
|upkeep
|turn|27
|
|t:|1666667486
|move|p1a: Giratina|Toxic||[still]
|-fail|p1a: Giratina
|move|p2a: Bread|Earthquake|p1a: Giratina
|-damage|p1a: Giratina|89/100
|
|-heal|p1a: Giratina|95/100|[from] item: Leftovers
|-damage|p2a: Bread|0 fnt|[from] brn
|faint|p2a: Bread
|upkeep
|inactive|license to uwu has 90 seconds left.
|
|t:|1666667510
|switch|p2a: Ho-Oh|Ho-Oh|99/100
|-damage|p2a: Ho-Oh|50/100|[from] Stealth Rock
|turn|28
|
|t:|1666667518
|move|p2a: Ho-Oh|Defog|p1a: Giratina
|-unboost|p1a: Giratina|evasion|1
|-sideend|p2: license to uwu|Stealth Rock|[from] move: Defog|[of] p2a: Ho-Oh
|move|p1a: Giratina|Toxic|p2a: Ho-Oh|[miss]
|-miss|p1a: Giratina|p2a: Ho-Oh
|
|-heal|p1a: Giratina|100/100|[from] item: Leftovers
|upkeep
|turn|29
|
|t:|1666667529
|switch|p2a: Tell|Lickilicky, M|71/100
|-ability|p2a: Tell|Cloud Nine
|switch|p1a: Tyranitar|Tyranitar, F|76/100 slp
|-weather|Sandstorm|[from] ability: Sand Stream|[of] p1a: Tyranitar
|
|-weather|Sandstorm|[upkeep]
|-heal|p1a: Tyranitar|82/100 slp|[from] item: Leftovers
|upkeep
|turn|30
|
|t:|1666667535
|switch|p1a: Giratina|Giratina|100/100
|-ability|p1a: Giratina|Pressure
|move|p2a: Tell|Focus Blast|p1a: Giratina
|-immune|p1a: Giratina
|
|-weather|Sandstorm|[upkeep]
|upkeep
|turn|31
|
|t:|1666667542
|move|p1a: Giratina|Toxic|p2a: Tell
|-status|p2a: Tell|tox
|move|p2a: Tell|Ice Beam|p1a: Giratina
|-supereffective|p1a: Giratina
|-damage|p1a: Giratina|70/100
|
|-weather|Sandstorm|[upkeep]
|-heal|p1a: Giratina|76/100|[from] item: Leftovers
|-damage|p2a: Tell|65/100 tox|[from] psn
|upkeep
|turn|32
|inactive|license to uwu has 120 seconds left.
|
|t:|1666667553
|switch|p1a: Necrozma|Necrozma-Dusk-Mane|74/100
|move|p2a: Tell|Ice Beam|p1a: Necrozma
|-resisted|p1a: Necrozma
|-damage|p1a: Necrozma|65/100
|
|-weather|Sandstorm|[upkeep]
|-damage|p2a: Tell|52/100 tox|[from] psn
|upkeep
|turn|33
|
|t:|1666667560
|move|p1a: Necrozma|Stealth Rock|p2a: Tell
|-sidestart|p2: license to uwu|move: Stealth Rock
|move|p2a: Tell|Fire Blast|p1a: Necrozma
|-supereffective|p1a: Necrozma
|-damage|p1a: Necrozma|31/100
|
|-weather|none
|-damage|p2a: Tell|34/100 tox|[from] psn
|upkeep
|turn|34
|
|t:|1666667569
|move|p1a: Necrozma|Moonlight|p1a: Necrozma
|-heal|p1a: Necrozma|81/100
|move|p2a: Tell|Fire Blast|p1a: Necrozma
|-supereffective|p1a: Necrozma
|-damage|p1a: Necrozma|43/100
|
|-damage|p2a: Tell|9/100 tox|[from] psn
|upkeep
|turn|35
|
|t:|1666667578
|move|p1a: Necrozma|Moonlight|p1a: Necrozma
|-heal|p1a: Necrozma|93/100
|move|p2a: Tell|Fire Blast|p1a: Necrozma
|-supereffective|p1a: Necrozma
|-damage|p1a: Necrozma|56/100
|
|-damage|p2a: Tell|0 fnt|[from] psn
|faint|p2a: Tell
|upkeep
|
|t:|1666667583
|switch|p2a: To|Groudon-Primal|82/100
|-damage|p2a: To|69/100|[from] Stealth Rock
|-weather|DesolateLand|[from] ability: Desolate Land|[of] p2a: To
|turn|36
|
|t:|1666667593
|switch|p1a: Giratina|Giratina|76/100
|-ability|p1a: Giratina|Pressure
|move|p2a: To|Precipice Blades|p1a: Giratina
|-damage|p1a: Giratina|39/100
|
|-weather|DesolateLand|[upkeep]
|-heal|p1a: Giratina|46/100|[from] item: Leftovers
|upkeep
|turn|37
|
|t:|1666667608
|move|p2a: To|Precipice Blades|p1a: Giratina
|-damage|p1a: Giratina|7/100
|move|p1a: Giratina|Toxic|p2a: To|[miss]
|-miss|p1a: Giratina|p2a: To
|
|-weather|DesolateLand|[upkeep]
|-heal|p1a: Giratina|14/100|[from] item: Leftovers
|upkeep
|turn|38
|
|t:|1666667617
|switch|p1a: Lugia|Lugia|100/100
|move|p2a: To|Fire Punch|p1a: Lugia
|-damage|p1a: Lugia|79/100
|
|-weather|DesolateLand|[upkeep]
|upkeep
|turn|39
|
|t:|1666667625
|move|p1a: Lugia|Ice Beam|p2a: To
|-damage|p2a: To|50/100
|move|p2a: To|Fire Punch|p1a: Lugia
|-damage|p1a: Lugia|40/100
|-status|p1a: Lugia|brn
|
|-weather|DesolateLand|[upkeep]
|-damage|p1a: Lugia|34/100 brn|[from] brn
|upkeep
|turn|40
|
|t:|1666667632
|move|p1a: Lugia|Roost|p1a: Lugia
|-heal|p1a: Lugia|84/100 brn
|-singleturn|p1a: Lugia|move: Roost
|move|p2a: To|Fire Punch|p1a: Lugia
|-damage|p1a: Lugia|45/100 brn
|
|-weather|DesolateLand|[upkeep]
|-damage|p1a: Lugia|39/100 brn|[from] brn
|upkeep
|turn|41
|
|t:|1666667645
|-start|p1a: Lugia|Dynamax|
|-heal|p1a: Lugia|39/100 brn|[silent]
|move|p1a: Lugia|Max Hailstorm|p2a: To
|-damage|p2a: To|27/100
|move|p2a: To|Fire Punch|p1a: Lugia
|-damage|p1a: Lugia|20/100 brn
|
|-weather|DesolateLand|[upkeep]
|-damage|p1a: Lugia|17/100 brn|[from] brn
|upkeep
|turn|42
|
|t:|1666667655
|move|p1a: Lugia|Max Hailstorm|p2a: To
|-damage|p2a: To|0 fnt
|-weather|Hail
|faint|p2a: To
|
|-weather|Hail|[upkeep]
|-damage|p1a: Lugia|14/100 brn|[from] Hail
|-damage|p1a: Lugia|11/100 brn|[from] brn
|upkeep
|
|t:|1666667658
|switch|p2a: Line|Arceus|100/100
|-damage|p2a: Line|88/100|[from] Stealth Rock
|turn|43
|
|t:|1666667669
|-end|p1a: Lugia|Dynamax
|-heal|p1a: Lugia|11/100 brn|[silent]
|switch|p1a: Sableye|Sableye-Mega, F|70/100
|move|p2a: Line|Extreme Speed|p1a: Sableye
|-immune|p1a: Sableye
|
|-weather|Hail|[upkeep]
|-damage|p2a: Line|82/100|[from] Hail
|-damage|p1a: Sableye|63/100|[from] Hail
|upkeep
|turn|44
|
|t:|1666667683
|-start|p2a: Line|Dynamax|
|-heal|p2a: Line|82/100|[silent]
|move|p2a: Line|Max Phantasm|p1a: Sableye
|-crit|p1a: Sableye
|-damage|p1a: Sableye|16/100
|-unboost|p1a: Sableye|def|1
|move|p1a: Sableye|Will-O-Wisp|p2a: Line|[miss]
|-miss|p1a: Sableye|p2a: Line
|
|-weather|Hail|[upkeep]
|-damage|p2a: Line|79/100|[from] Hail
|-damage|p1a: Sableye|10/100|[from] Hail
|upkeep
|turn|45
|
|t:|1666667695
|switch|p1a: Lugia|Lugia|11/100 brn
|move|p2a: Line|Max Quake|p1a: Lugia
|-immune|p1a: Lugia
|
|-weather|Hail|[upkeep]
|-damage|p2a: Line|76/100|[from] Hail
|-damage|p1a: Lugia|5/100 brn|[from] Hail
|-damage|p1a: Lugia|0 fnt|[from] brn
|faint|p1a: Lugia
|upkeep
|
|t:|1666667712
|switch|p1a: Giratina|Giratina|14/100
|-ability|p1a: Giratina|Pressure
|turn|46
|
|t:|1666667719
|move|p2a: Line|Max Quake|p1a: Giratina
|-damage|p1a: Giratina|0 fnt
|-boost|p2a: Line|spd|1
|faint|p1a: Giratina
|
|-weather|none
|upkeep
|
|t:|1666667728
|switch|p1a: Necrozma|Necrozma-Dusk-Mane|56/100
|-end|p2a: Line|Dynamax
|-heal|p2a: Line|76/100|[silent]
|turn|47
|
|t:|1666667734
|move|p2a: Line|Earthquake|p1a: Necrozma
|-supereffective|p1a: Necrozma
|-damage|p1a: Necrozma|29/100
|move|p1a: Necrozma|Sunsteel Strike|p2a: Line
|-damage|p2a: Line|41/100
|
|upkeep
|turn|48
|
|t:|1666667746
|move|p2a: Line|Earthquake|p1a: Necrozma
|-supereffective|p1a: Necrozma
|-damage|p1a: Necrozma|0 fnt
|faint|p1a: Necrozma
|
|upkeep
|
|t:|1666667752
|switch|p1a: Sableye|Sableye-Mega, F|10/100
|turn|49
|
|t:|1666667755
|move|p1a: Sableye|Fake Out|p2a: Line
|-damage|p2a: Line|36/100
|cant|p2a: Line|flinch
|
|upkeep
|turn|50
|
|t:|1666667760
|move|p2a: Line|Earthquake|p1a: Sableye
|-damage|p1a: Sableye|0 fnt
|faint|p1a: Sableye
|
|upkeep
|
|t:|1666667764
|switch|p1a: Chansey|Chansey, F|94/100
|turn|51
|
|t:|1666667769
|move|p2a: Line|Brick Break|p1a: Chansey
|-supereffective|p1a: Chansey
|-damage|p1a: Chansey|53/100
|move|p1a: Chansey|Toxic|p2a: Line
|-status|p2a: Line|tox
|
|-damage|p2a: Line|30/100 tox|[from] psn
|upkeep
|turn|52
|
|t:|1666667774
|move|p2a: Line|Brick Break|p1a: Chansey
|-supereffective|p1a: Chansey
|-damage|p1a: Chansey|13/100
|move|p1a: Chansey|Soft-Boiled|p1a: Chansey
|-heal|p1a: Chansey|63/100
|
|-damage|p2a: Line|18/100 tox|[from] psn
|upkeep
|turn|53
|
|t:|1666667784
|move|p2a: Line|Brick Break|p1a: Chansey
|-supereffective|p1a: Chansey
|-damage|p1a: Chansey|21/100
|move|p1a: Chansey|Soft-Boiled|p1a: Chansey
|-heal|p1a: Chansey|71/100
|
|-damage|p2a: Line|0 fnt|[from] psn
|faint|p2a: Line
|upkeep
|
|t:|1666667787
|switch|p2a: Ho-Oh|Ho-Oh|83/100
|-damage|p2a: Ho-Oh|33/100|[from] Stealth Rock
|turn|54
|
|t:|1666667805
|switch|p1a: Tyranitar|Tyranitar, F|82/100 slp
|-weather|Sandstorm|[from] ability: Sand Stream|[of] p1a: Tyranitar
|move|p2a: Ho-Oh|Defog|p1a: Tyranitar
|-unboost|p1a: Tyranitar|evasion|1
|-sideend|p2: license to uwu|Stealth Rock|[from] move: Defog|[of] p2a: Ho-Oh
|
|-weather|Sandstorm|[upkeep]
|-damage|p2a: Ho-Oh|27/100|[from] Sandstorm
|-heal|p1a: Tyranitar|88/100 slp|[from] item: Leftovers
|upkeep
|turn|55
|
|t:|1666667812
|cant|p1a: Tyranitar|slp
|move|p2a: Ho-Oh|Roar|p1a: Tyranitar
|drag|p1a: Chansey|Chansey, F|71/100
|
|-weather|Sandstorm|[upkeep]
|-damage|p2a: Ho-Oh|21/100|[from] Sandstorm
|-damage|p1a: Chansey|64/100|[from] Sandstorm
|upkeep
|turn|56
|
|t:|1666667834
|switch|p1a: Tyranitar|Tyranitar, F|88/100 slp
|move|p2a: Ho-Oh|Will-O-Wisp||[still]
|-fail|p2a: Ho-Oh
|
|-weather|Sandstorm|[upkeep]
|-damage|p2a: Ho-Oh|15/100|[from] Sandstorm
|-heal|p1a: Tyranitar|95/100 slp|[from] item: Leftovers
|upkeep
|turn|57
|
|t:|1666667844
|cant|p1a: Tyranitar|slp
|move|p2a: Ho-Oh|Roar|p1a: Tyranitar
|drag|p1a: Chansey|Chansey, F|64/100
|
|-weather|Sandstorm|[upkeep]
|-damage|p2a: Ho-Oh|9/100|[from] Sandstorm
|-damage|p1a: Chansey|58/100|[from] Sandstorm
|upkeep
|turn|58
|
|t:|1666667864
|move|p1a: Chansey|Toxic|p2a: Ho-Oh
|-status|p2a: Ho-Oh|tox
|move|p2a: Ho-Oh|Roar|p1a: Chansey
|drag|p1a: Tyranitar|Tyranitar, F|95/100 slp
|
|-weather|none
|-heal|p1a: Tyranitar|100/100 slp|[from] item: Leftovers
|-damage|p2a: Ho-Oh|3/100 tox|[from] psn
|upkeep
|turn|59
|
|t:|1666667878
|-curestatus|p1a: Tyranitar|slp|[msg]
|move|p1a: Tyranitar|Pursuit|p2a: Ho-Oh
|-damage|p2a: Ho-Oh|0 fnt
|faint|p2a: Ho-Oh
|
|upkeep
|
|t:|1666667882
|switch|p2a: That|Yveltal|7/100 tox
|-ability|p2a: That|Dark Aura
|turn|60
|
|t:|1666667891
|move|p2a: That|Oblivion Wing|p1a: Tyranitar
|-resisted|p1a: Tyranitar
|-damage|p1a: Tyranitar|84/100
|-heal|p2a: That|20/100 tox|[from] drain|[of] p1a: Tyranitar
|-damage|p2a: That|10/100 tox|[from] item: Life Orb
|move|p1a: Tyranitar|Pursuit|p2a: That
|-resisted|p2a: That
|-damage|p2a: That|0 fnt
|faint|p2a: That
|
|win|zamazamaZentest
|raw|zamazamaZentest's rating: 1432 &rarr; <strong>1455</strong><br />(+23 for winning)
|raw|license to uwu's rating: 1480 &rarr; <strong>1457</strong><br />(-23 for losing)
|c|☆license to uwu|gg
|l|☆license to uwu
||Ladder isn't responding, score probably updated but might not have (Request timeout).
