|j|☆Purrglar
|j|☆saltshaker69
|t:|1657626785
|gametype|singles
|player|p1|Purrglar|petrel|1428
|player|p2|saltshaker69|rancher|1370
|teamsize|p1|6
|teamsize|p2|6
|gen|8
|tier|[Gen 8] National Dex AG
|rated|
|rule|HP Percentage Mod: HP is shown in percentages
|rule|Endless Battle Clause: Forcing endless battles is banned
|clearpoke
|poke|p1|Pelipper, M|
|poke|p1|Seismitoad, M|
|poke|p1|Arceus-*|
|poke|p1|Barraskewda, M|
|poke|p1|Cloyster, F|
|poke|p1|Blastoise, F|
|poke|p2|Rillaboom, F|
|poke|p2|Galvantula, M|
|poke|p2|Hitmonlee, M|
|poke|p2|Cloyster, M|
|poke|p2|Kingler, M|
|poke|p2|Kyurem|
|teampreview
|inactive|Battle timer is ON: inactive players will automatically lose when time's up. (requested by Purrglar)
|
|t:|1657626799
|start
|switch|p1a: Cloyster|Cloyster, F|100/100
|switch|p2a: Galvantula|Galvantula, M|100/100
|turn|1
|c|☆Purrglar|i respect the hitmonlee
|
|t:|1657626807
|move|p2a: Galvantula|Electroweb|p1a: Cloyster
|-supereffective|p1a: Cloyster
|-enditem|p1a: Cloyster|Focus Sash
|-damage|p1a: Cloyster|1/100
|-unboost|p1a: Cloyster|spe|1
|move|p1a: Cloyster|Shell Smash|p1a: Cloyster
|-unboost|p1a: Cloyster|def|1
|-unboost|p1a: Cloyster|spd|1
|-boost|p1a: Cloyster|atk|2
|-boost|p1a: Cloyster|spa|2
|-boost|p1a: Cloyster|spe|2
|
|upkeep
|turn|2
|
|t:|1657626817
|move|p1a: Cloyster|Icicle Spear|p2a: Galvantula
|-damage|p2a: Galvantula|69/100
|-damage|p2a: Galvantula|34/100
|-damage|p2a: Galvantula|0 fnt
|faint|p2a: Galvantula
|-hitcount|p2: Galvantula|3
|
|upkeep
|
|t:|1657626833
|switch|p2a: Kingler|Kingler, M|100/100
|turn|3
|
|t:|1657626836
|move|p1a: Cloyster|Rock Blast|p2a: Kingler
|-damage|p2a: Kingler|81/100
|-damage|p2a: Kingler|61/100
|-damage|p2a: Kingler|42/100
|-damage|p2a: Kingler|24/100
|-damage|p2a: Kingler|5/100
|-hitcount|p2a: Kingler|5
|move|p2a: Kingler|Knock Off|p1a: Cloyster
|-damage|p1a: Cloyster|0 fnt
|faint|p1a: Cloyster
|
|upkeep
|
|t:|1657626849
|switch|p1a: Pelipper|Pelipper, M|100/100
|-weather|RainDance|[from] ability: Drizzle|[of] p1a: Pelipper
|turn|4
|
|t:|1657626854
|move|p2a: Kingler|Knock Off|p1a: Pelipper
|-damage|p1a: Pelipper|57/100
|-enditem|p1a: Pelipper|Damp Rock|[from] move: Knock Off|[of] p2a: Kingler
|move|p1a: Pelipper|U-turn|p2a: Kingler
|-damage|p2a: Kingler|0 fnt
|faint|p2a: Kingler
|
|t:|1657626856
|switch|p1a: Blastoise|Blastoise, F|100/100|[from]move: U-turn
|
|-weather|RainDance|[upkeep]
|upkeep
|
|t:|1657626874
|switch|p2a: Rillaboom|Rillaboom, F|100/100
|-fieldstart|move: Grassy Terrain|[from] ability: Grassy Surge|[of] p2a: Rillaboom
|turn|5
|
|t:|1657626880
|move|p1a: Blastoise|Shell Smash|p1a: Blastoise
|-unboost|p1a: Blastoise|def|1
|-unboost|p1a: Blastoise|spd|1
|-boost|p1a: Blastoise|atk|2
|-boost|p1a: Blastoise|spa|2
|-boost|p1a: Blastoise|spe|2
|move|p2a: Rillaboom|Drum Beating|p1a: Blastoise
|-supereffective|p1a: Blastoise
|-damage|p1a: Blastoise|0 fnt
|faint|p1a: Blastoise
|
|-weather|RainDance|[upkeep]
|upkeep
|
|t:|1657626886
|switch|p1a: Barraskewda|Barraskewda, M|100/100
|turn|6
|
|t:|1657626901
|move|p1a: Barraskewda|Close Combat|p2a: Rillaboom
|-damage|p2a: Rillaboom|42/100
|-unboost|p1a: Barraskewda|def|1
|-unboost|p1a: Barraskewda|spd|1
|move|p2a: Rillaboom|Drum Beating|p1a: Barraskewda
|-supereffective|p1a: Barraskewda
|-damage|p1a: Barraskewda|0 fnt
|faint|p1a: Barraskewda
|
|-weather|RainDance|[upkeep]
|-heal|p2a: Rillaboom|48/100|[from] Grassy Terrain
|-heal|p2a: Rillaboom|54/100|[from] item: Leftovers
|upkeep
|
|t:|1657626909
|switch|p1a: Seismitoad|Seismitoad, M|100/100
|turn|7
|
|t:|1657626920
|switch|p2a: Kyurem|Kyurem|100/100
|-ability|p2a: Kyurem|Pressure
|move|p1a: Seismitoad|Focus Blast|p2a: Kyurem|[miss]
|-miss|p1a: Seismitoad|p2a: Kyurem
|
|-weather|RainDance|[upkeep]
|upkeep
|turn|8
|
|t:|1657626928
|move|p1a: Seismitoad|Focus Blast|p2a: Kyurem|[miss]
|-miss|p1a: Seismitoad|p2a: Kyurem
|move|p2a: Kyurem|Toxic|p1a: Seismitoad
|-status|p1a: Seismitoad|tox
|
|-weather|RainDance|[upkeep]
|-damage|p1a: Seismitoad|95/100 tox|[from] psn
|upkeep
|turn|9
|
|t:|1657626936
|move|p2a: Kyurem|Protect|p2a: Kyurem
|-singleturn|p2a: Kyurem|Protect
|move|p1a: Seismitoad|Focus Blast|p2a: Kyurem
|-activate|p2a: Kyurem|move: Protect
|
|-weather|RainDance|[upkeep]
|-heal|p1a: Seismitoad|100/100 tox|[from] Grassy Terrain
|-damage|p1a: Seismitoad|89/100 tox|[from] psn
|-fieldend|move: Grassy Terrain
|upkeep
|turn|10
|
|t:|1657626952
|move|p1a: Seismitoad|Focus Blast|p2a: Kyurem|[miss]
|-miss|p1a: Seismitoad|p2a: Kyurem
|move|p2a: Kyurem|Glaciate|p1a: Seismitoad
|-damage|p1a: Seismitoad|54/100 tox
|-unboost|p1a: Seismitoad|spe|1
|
|-weather|RainDance|[upkeep]
|-damage|p1a: Seismitoad|36/100 tox|[from] psn
|upkeep
|turn|11
|
|t:|1657626964
|switch|p2a: Hitmonlee|Hitmonlee, M|100/100
|move|p1a: Seismitoad|Stealth Rock|p2a: Hitmonlee
|-sidestart|p2: saltshaker69|move: Stealth Rock
|
|-weather|none
|-damage|p1a: Seismitoad|12/100 tox|[from] psn
|upkeep
|turn|12
|
|t:|1657626970
|switch|p1a: Pelipper|Pelipper, M|57/100
|-weather|RainDance|[from] ability: Drizzle|[of] p1a: Pelipper
|move|p2a: Hitmonlee|Bulk Up|p2a: Hitmonlee
|-boost|p2a: Hitmonlee|atk|1
|-boost|p2a: Hitmonlee|def|1
|
|-weather|RainDance|[upkeep]
|upkeep
|turn|13
|
|t:|1657626978
|move|p2a: Hitmonlee|Bulk Up|p2a: Hitmonlee
|-boost|p2a: Hitmonlee|atk|1
|-boost|p2a: Hitmonlee|def|1
|move|p1a: Pelipper|Hurricane|p2a: Hitmonlee
|-supereffective|p2a: Hitmonlee
|-damage|p2a: Hitmonlee|0 fnt
|faint|p2a: Hitmonlee
|
|-weather|RainDance|[upkeep]
|upkeep
|
|t:|1657626994
|switch|p2a: Kyurem|Kyurem|100/100
|-damage|p2a: Kyurem|76/100|[from] Stealth Rock
|-ability|p2a: Kyurem|Pressure
|turn|14
|
|t:|1657626999
|move|p1a: Pelipper|Hurricane|p2a: Kyurem
|-damage|p2a: Kyurem|36/100
|move|p2a: Kyurem|Glaciate|p1a: Pelipper|[miss]
|-miss|p2a: Kyurem|p1a: Pelipper
|
|-weather|RainDance|[upkeep]
|-heal|p2a: Kyurem|42/100|[from] item: Leftovers
|upkeep
|turn|15
|
|t:|1657627006
|move|p2a: Kyurem|Protect|p2a: Kyurem
|-singleturn|p2a: Kyurem|Protect
|move|p1a: Pelipper|Hurricane|p2a: Kyurem
|-activate|p2a: Kyurem|move: Protect
|
|-weather|RainDance|[upkeep]
|-heal|p2a: Kyurem|48/100|[from] item: Leftovers
|upkeep
|turn|16
|
|t:|1657627013
|move|p1a: Pelipper|Hurricane|p2a: Kyurem
|-damage|p2a: Kyurem|6/100
|-start|p2a: Kyurem|confusion
|-activate|p2a: Kyurem|confusion
|move|p2a: Kyurem|Roost|p2a: Kyurem
|-heal|p2a: Kyurem|56/100
|-singleturn|p2a: Kyurem|move: Roost
|
|-weather|none
|-heal|p2a: Kyurem|62/100|[from] item: Leftovers
|upkeep
|turn|17
|inactive|saltshaker69 has 120 seconds left.
|
|t:|1657627051
|move|p1a: Pelipper|U-turn|p2a: Kyurem
|-damage|p2a: Kyurem|57/100
|
|t:|1657627074
|switch|p1a: Arceus|Arceus-Water|100/100|[from]move: U-turn
|-activate|p2a: Kyurem|confusion
|move|p2a: Kyurem|Glaciate|p1a: Arceus|[miss]
|-miss|p2a: Kyurem|p1a: Arceus
|
|-heal|p2a: Kyurem|63/100|[from] item: Leftovers
|upkeep
|turn|18
|
|t:|1657627081
|move|p1a: Arceus|Swords Dance|p1a: Arceus
|-boost|p1a: Arceus|atk|2
|-activate|p2a: Kyurem|confusion
|-damage|p2a: Kyurem|58/100|[from] confusion
|
|-heal|p2a: Kyurem|64/100|[from] item: Leftovers
|upkeep
|turn|19
|
|t:|1657627087
|move|p1a: Arceus|Stone Edge|p2a: Kyurem
|-supereffective|p2a: Kyurem
|-damage|p2a: Kyurem|0 fnt
|faint|p2a: Kyurem
|
|upkeep
|
|t:|1657627091
|switch|p2a: Rillaboom|Rillaboom, F|54/100
|-damage|p2a: Rillaboom|42/100|[from] Stealth Rock
|-fieldstart|move: Grassy Terrain|[from] ability: Grassy Surge|[of] p2a: Rillaboom
|turn|20
|
|t:|1657627099
|-start|p2a: Rillaboom|Dynamax|
|-heal|p2a: Rillaboom|42/100|[silent]
|move|p1a: Arceus|Stone Edge|p2a: Rillaboom|[miss]
|-miss|p1a: Arceus|p2a: Rillaboom
|move|p2a: Rillaboom|Max Overgrowth|p1a: Arceus
|-supereffective|p1a: Arceus
|-damage|p1a: Arceus|0 fnt
|faint|p1a: Arceus
|
|-heal|p2a: Rillaboom|45/100|[from] Grassy Terrain
|-heal|p2a: Rillaboom|48/100|[from] item: Leftovers
|upkeep
|
|t:|1657627104
|switch|p1a: Pelipper|Pelipper, M|57/100
|-weather|RainDance|[from] ability: Drizzle|[of] p1a: Pelipper
|turn|21
|
|t:|1657627113
|-start|p1a: Pelipper|Dynamax|
|-heal|p1a: Pelipper|57/100|[silent]
|move|p1a: Pelipper|Max Airstream|p2a: Rillaboom
|-supereffective|p2a: Rillaboom
|-damage|p2a: Rillaboom|0 fnt
|-boost|p1a: Pelipper|spe|1
|faint|p2a: Rillaboom
|
|-weather|RainDance|[upkeep]
|upkeep
|-message|saltshaker69 forfeited.
|
|win|Purrglar
|raw|Purrglar's rating: 1428 &rarr; <strong>1445</strong><br />(+17 for winning)
|raw|saltshaker69's rating: 1370 &rarr; <strong>1353</strong><br />(-17 for losing)
|l|☆saltshaker69
||Ladder isn't responding, score probably updated but might not have (Request timeout).
|l|☆Purrglar
|j|☆Purrglar
|player|p1|Purrglar|petrel
