|j|☆IAmJklol
|j|☆llmmllmm
|t:|1662679867
|gametype|singles
|player|p1|IAmJklol|red|
|player|p2|llmmllmm|169|
|teamsize|p1|6
|teamsize|p2|6
|gen|8
|tier|[Gen 8] National Dex AG
|rule|HP Percentage Mod: HP is shown in percentages
|rule|Endless Battle Clause: Forcing endless battles is banned
|clearpoke
|poke|p1|Tyranitar, M|
|poke|p1|Ditto|
|poke|p1|Latias, F|
|poke|p1|Gothitelle, M|
|poke|p1|Quagsire, F|
|poke|p1|Zacian-*|
|poke|p2|Zacian-*|
|poke|p2|Kyogre|
|poke|p2|Eternatus|
|poke|p2|Necrozma-Dusk-Mane|
|poke|p2|Yveltal|
|poke|p2|Zekrom|
|teampreview
|inactive|Battle timer is ON: inactive players will automatically lose when time's up. (requested by IAmJklol)
|c|☆llmmllmm|not sure what this is
|c|☆IAmJklol|omg
|c|☆IAmJklol|what
|
|t:|1662679883
|start
|switch|p1a: Zacian|Zacian-Crowned|100/100
|switch|p2a: Zacian|Zacian-Crowned|100/100
|-ability|p1a: Zacian|Intrepid Sword|boost
|-boost|p1a: Zacian|atk|1
|-ability|p2a: Zacian|Intrepid Sword|boost
|-boost|p2a: Zacian|atk|1
|turn|1
|
|t:|1662679887
|switch|p1a: Quagsire|Quagsire, F|100/100
|switch|p2a: Necrozma|Necrozma-Dusk-Mane|100/100
|
|upkeep
|turn|2
|
|t:|1662679892
|switch|p1a: Tyranitar|Tyranitar, M|100/100
|-weather|Sandstorm|[from] ability: Sand Stream|[of] p1a: Tyranitar
|move|p2a: Necrozma|Toxic|p1a: Tyranitar
|-status|p1a: Tyranitar|tox
|
|-weather|Sandstorm|[upkeep]
|-damage|p1a: Tyranitar|94/100 tox|[from] psn
|upkeep
|turn|3
|c|☆IAmJklol|ooops
|
|t:|1662679896
|switch|p1a: Gothitelle|Gothitelle, M|100/100
|move|p2a: Necrozma|Stealth Rock|p1a: Gothitelle
|-sidestart|p1: IAmJklol|move: Stealth Rock
|
|-weather|Sandstorm|[upkeep]
|-damage|p1a: Gothitelle|94/100|[from] Sandstorm
|-heal|p1a: Gothitelle|100/100|[from] item: Leftovers
|upkeep
|turn|4
|c|☆llmmllmm|i forgot
|c|☆llmmllmm|that
|c|☆llmmllmm|existed
|
|t:|1662679904
|move|p1a: Gothitelle|Charm|p2a: Necrozma
|-unboost|p2a: Necrozma|atk|2
|move|p2a: Necrozma|Sunsteel Strike|p1a: Gothitelle
|-damage|p1a: Gothitelle|78/100
|
|-weather|Sandstorm|[upkeep]
|-damage|p1a: Gothitelle|72/100|[from] Sandstorm
|-heal|p1a: Gothitelle|78/100|[from] item: Leftovers
|upkeep
|turn|5
|
|t:|1662679907
|move|p1a: Gothitelle|Charm|p2a: Necrozma
|-unboost|p2a: Necrozma|atk|2
|move|p2a: Necrozma|Sunsteel Strike|p1a: Gothitelle
|-damage|p1a: Gothitelle|65/100
|
|-weather|Sandstorm|[upkeep]
|-damage|p1a: Gothitelle|59/100|[from] Sandstorm
|-heal|p1a: Gothitelle|65/100|[from] item: Leftovers
|upkeep
|turn|6
|
|t:|1662679911
|move|p1a: Gothitelle|Charm|p2a: Necrozma
|-unboost|p2a: Necrozma|atk|2
|move|p2a: Necrozma|Toxic|p1a: Gothitelle
|-status|p1a: Gothitelle|tox
|
|-weather|none
|-heal|p1a: Gothitelle|71/100 tox|[from] item: Leftovers
|-damage|p1a: Gothitelle|65/100 tox|[from] psn
|upkeep
|turn|7
|c|☆llmmllmm|this is idiotic
|
|t:|1662679918
|move|p2a: Necrozma|Sunsteel Strike|p1a: Gothitelle
|-damage|p1a: Gothitelle|55/100 tox
|move|p1a: Gothitelle|Rest|p1a: Gothitelle
|-status|p1a: Gothitelle|slp|[from] move: Rest
|-heal|p1a: Gothitelle|100/100 slp|[silent]
|
|upkeep
|turn|8
|
|t:|1662679921
|cant|p1a: Gothitelle|slp
|move|p2a: Necrozma|Stealth Rock||[still]
|-fail|p2a: Necrozma
|
|upkeep
|turn|9
|
|t:|1662679923
|cant|p1a: Gothitelle|slp
|move|p2a: Necrozma|Sunsteel Strike|p1a: Gothitelle
|-damage|p1a: Gothitelle|90/100 slp
|
|-heal|p1a: Gothitelle|96/100 slp|[from] item: Leftovers
|upkeep
|turn|10
|
|t:|1662679926
|-curestatus|p1a: Gothitelle|slp|[msg]
|move|p1a: Gothitelle|Cosmic Power|p1a: Gothitelle
|-boost|p1a: Gothitelle|def|1
|-boost|p1a: Gothitelle|spd|1
|move|p2a: Necrozma|Sunsteel Strike|p1a: Gothitelle
|-damage|p1a: Gothitelle|89/100
|
|-heal|p1a: Gothitelle|95/100|[from] item: Leftovers
|upkeep
|turn|11
|
|t:|1662679927
|move|p2a: Necrozma|Sunsteel Strike|p1a: Gothitelle
|-damage|p1a: Gothitelle|88/100
|move|p1a: Gothitelle|Cosmic Power|p1a: Gothitelle
|-boost|p1a: Gothitelle|def|1
|-boost|p1a: Gothitelle|spd|1
|
|-heal|p1a: Gothitelle|94/100|[from] item: Leftovers
|upkeep
|turn|12
|
|t:|1662679931
|move|p2a: Necrozma|Sunsteel Strike|p1a: Gothitelle
|-damage|p1a: Gothitelle|89/100
|move|p1a: Gothitelle|Taunt|p2a: Necrozma
|-start|p2a: Necrozma|move: Taunt
|
|-heal|p1a: Gothitelle|95/100|[from] item: Leftovers
|upkeep
|turn|13
|
|t:|1662679934
|move|p1a: Gothitelle|Cosmic Power|p1a: Gothitelle
|-boost|p1a: Gothitelle|def|1
|-boost|p1a: Gothitelle|spd|1
|move|p2a: Necrozma|Sunsteel Strike|p1a: Gothitelle
|-damage|p1a: Gothitelle|91/100
|
|-heal|p1a: Gothitelle|97/100|[from] item: Leftovers
|upkeep
|turn|14
|
|t:|1662679938
|-activate|p2a: Necrozma|move: Struggle
|move|p2a: Necrozma|Struggle|p1a: Gothitelle
|-damage|p1a: Gothitelle|95/100
|-damage|p2a: Necrozma|75/100|[from] recoil
|move|p1a: Gothitelle|Cosmic Power|p1a: Gothitelle
|-boost|p1a: Gothitelle|def|1
|-boost|p1a: Gothitelle|spd|1
|
|-heal|p1a: Gothitelle|100/100|[from] item: Leftovers
|upkeep
|turn|15
|
|t:|1662679940
|-activate|p2a: Necrozma|move: Struggle
|move|p2a: Necrozma|Struggle|p1a: Gothitelle
|-damage|p1a: Gothitelle|99/100
|-damage|p2a: Necrozma|50/100|[from] recoil
|move|p1a: Gothitelle|Taunt||[still]
|-fail|p1a: Gothitelle
|
|-heal|p1a: Gothitelle|100/100|[from] item: Leftovers
|-end|p2a: Necrozma|move: Taunt
|upkeep
|turn|16
|
|t:|1662679942
|move|p1a: Gothitelle|Taunt|p2a: Necrozma
|-start|p2a: Necrozma|move: Taunt
|cant|p2a: Necrozma|move: Taunt|Toxic
|
|upkeep
|turn|17
|
|t:|1662679944
|-activate|p2a: Necrozma|move: Struggle
|move|p2a: Necrozma|Struggle|p1a: Gothitelle
|-damage|p1a: Gothitelle|99/100
|-damage|p2a: Necrozma|25/100|[from] recoil
|move|p1a: Gothitelle|Cosmic Power|p1a: Gothitelle
|-boost|p1a: Gothitelle|def|1
|-boost|p1a: Gothitelle|spd|1
|
|-heal|p1a: Gothitelle|100/100|[from] item: Leftovers
|upkeep
|turn|18
|
|t:|1662679945
|-activate|p2a: Necrozma|move: Struggle
|move|p2a: Necrozma|Struggle|p1a: Gothitelle
|-damage|p1a: Gothitelle|99/100
|-damage|p2a: Necrozma|0 fnt|[from] recoil
|faint|p2a: Necrozma
|move|p1a: Gothitelle|Cosmic Power|p1a: Gothitelle
|-boost|p1a: Gothitelle|def|1
|-boost|p1a: Gothitelle|spd|1
|
|-heal|p1a: Gothitelle|100/100|[from] item: Leftovers
|upkeep
|c|☆llmmllmm|so
|c|☆IAmJklol|wee?
|c|☆llmmllmm|how do i kill it
|
|t:|1662679962
|switch|p2a: Yveltal|Yveltal|100/100
|-ability|p2a: Yveltal|Dark Aura
|turn|19
|
|t:|1662679967
|switch|p1a: Tyranitar|Tyranitar, M|94/100 tox
|-damage|p1a: Tyranitar|82/100 tox|[from] Stealth Rock
|-weather|Sandstorm|[from] ability: Sand Stream|[of] p1a: Tyranitar
|move|p2a: Yveltal|Foul Play|p1a: Tyranitar
|-resisted|p1a: Tyranitar
|-damage|p1a: Tyranitar|60/100 tox
|
|-weather|Sandstorm|[upkeep]
|-damage|p2a: Yveltal|94/100|[from] Sandstorm
|-heal|p1a: Tyranitar|66/100 tox|[from] item: Leftovers
|-damage|p1a: Tyranitar|60/100 tox|[from] psn
|upkeep
|turn|20
|
|t:|1662679973
|switch|p2a: Zacian|Zacian-Crowned|100/100
|-ability|p2a: Zacian|Intrepid Sword|boost
|-boost|p2a: Zacian|atk|1
|move|p1a: Tyranitar|Rock Blast|p2a: Zacian
|-resisted|p2a: Zacian
|-damage|p2a: Zacian|97/100
|-resisted|p2a: Zacian
|-damage|p2a: Zacian|93/100
|-hitcount|p2a: Zacian|2
|
|-weather|Sandstorm|[upkeep]
|-heal|p1a: Tyranitar|66/100 tox|[from] item: Leftovers
|-damage|p1a: Tyranitar|53/100 tox|[from] psn
|upkeep
|turn|21
|
|t:|1662679979
|switch|p1a: Quagsire|Quagsire, F|100/100
|-damage|p1a: Quagsire|94/100|[from] Stealth Rock
|move|p2a: Zacian|Assurance|p1a: Quagsire
|-damage|p1a: Quagsire|58/100
|-damage|p2a: Zacian|76/100|[from] item: Rocky Helmet|[of] p1a: Quagsire
|
|-weather|Sandstorm|[upkeep]
|upkeep
|turn|22
|c|☆llmmllmm|funny bunny?
|c|☆IAmJklol|omg so hurt
|c|☆llmmllmm|that iddn't do anyting why
|
|t:|1662679995
|switch|p2a: Eternatus|Eternatus|100/100
|-ability|p2a: Eternatus|Pressure
|move|p1a: Quagsire|Recover|p1a: Quagsire
|-heal|p1a: Quagsire|100/100
|
|-weather|Sandstorm|[upkeep]
|-damage|p2a: Eternatus|94/100|[from] Sandstorm
|upkeep
|turn|23
|
|t:|1662680006
|switch|p2a: Yveltal|Yveltal|94/100
|-ability|p2a: Yveltal|Dark Aura
|switch|p1a: Tyranitar|Tyranitar, M|53/100 tox
|-damage|p1a: Tyranitar|41/100 tox|[from] Stealth Rock
|
|-weather|none
|-heal|p1a: Tyranitar|47/100 tox|[from] item: Leftovers
|-damage|p1a: Tyranitar|41/100 tox|[from] psn
|upkeep
|turn|24
|c|☆llmmllmm|what
|
|t:|1662680014
|move|p2a: Yveltal|Roost|p2a: Yveltal
|-heal|p2a: Yveltal|100/100
|-singleturn|p2a: Yveltal|move: Roost
|move|p1a: Tyranitar|Stealth Rock|p2a: Yveltal
|-sidestart|p2: llmmllmm|move: Stealth Rock
|
|-heal|p1a: Tyranitar|47/100 tox|[from] item: Leftovers
|-damage|p1a: Tyranitar|35/100 tox|[from] psn
|upkeep
|turn|25
|
|t:|1662680017
|move|p2a: Yveltal|Defog|p1a: Tyranitar
|-unboost|p1a: Tyranitar|evasion|1
|-sideend|p1: IAmJklol|Stealth Rock|[from] move: Defog|[of] p2a: Yveltal
|-sideend|p2: llmmllmm|Stealth Rock|[from] move: Defog|[of] p2a: Yveltal
|move|p1a: Tyranitar|Rock Blast|p2a: Yveltal
|-supereffective|p2a: Yveltal
|-damage|p2a: Yveltal|82/100
|-supereffective|p2a: Yveltal
|-damage|p2a: Yveltal|66/100
|-hitcount|p2a: Yveltal|2
|
|-heal|p1a: Tyranitar|41/100 tox|[from] item: Leftovers
|-damage|p1a: Tyranitar|23/100 tox|[from] psn
|upkeep
|turn|26
|
|t:|1662680022
|switch|p1a: Zacian|Zacian-Crowned|100/100
|-ability|p1a: Zacian|Intrepid Sword|boost
|-boost|p1a: Zacian|atk|1
|move|p2a: Yveltal|Foul Play|p1a: Zacian
|-resisted|p1a: Zacian
|-damage|p1a: Zacian|40/100
|
|upkeep
|turn|27
|c|☆IAmJklol|no more rock
|c|☆llmmllmm|hehehea
|c|☆IAmJklol|but no more rock
|c|☆llmmllmm|where's my counter
|c|☆IAmJklol|I ate it
|
|t:|1662680043
|switch|p2a: Zacian|Zacian-Crowned|76/100
|-ability|p2a: Zacian|Intrepid Sword|boost
|-boost|p2a: Zacian|atk|1
|move|p1a: Zacian|Behemoth Blade|p2a: Zacian
|-damage|p2a: Zacian|3/100
|
|upkeep
|turn|28
|c|☆llmmllmm|i win
|
|t:|1662680049
|switch|p1a: Tyranitar|Tyranitar, M|23/100 tox
|-weather|Sandstorm|[from] ability: Sand Stream|[of] p1a: Tyranitar
|move|p2a: Zacian|Behemoth Blade|p1a: Tyranitar
|-supereffective|p1a: Tyranitar
|-damage|p1a: Tyranitar|0 fnt
|faint|p1a: Tyranitar
|
|-weather|Sandstorm|[upkeep]
|upkeep
|c|☆llmmllmm|speed tie
|
|t:|1662680051
|switch|p1a: Ditto|Ditto|100/100
|-transform|p1a: Ditto|p2a: Zacian|[from] ability: Imposter
|-ability|p1a: Ditto|Intrepid Sword|boost
|-boost|p1a: Ditto|atk|1
|turn|29
|c|☆llmmllmm|ok
|c|☆IAmJklol|ok but
|
|t:|1662680056
|move|p1a: Ditto|Behemoth Blade|p2a: Zacian
|-damage|p2a: Zacian|0 fnt
|faint|p2a: Zacian
|
|-weather|Sandstorm|[upkeep]
|upkeep
|
|t:|1662680059
|switch|p2a: Kyogre|Kyogre|100/100
|-weather|RainDance|[from] ability: Drizzle|[of] p2a: Kyogre
|turn|30
|c|☆IAmJklol|I have another
|
|t:|1662680067
|move|p1a: Ditto|Behemoth Blade|p2a: Kyogre
|-resisted|p2a: Kyogre
|-damage|p2a: Kyogre|40/100
|move|p2a: Kyogre|Origin Pulse|p1a: Ditto
|-damage|p1a: Ditto|0 fnt
|faint|p1a: Ditto
|
|-weather|RainDance|[upkeep]
|upkeep
|
|t:|1662680071
|switch|p1a: Latias|Latias, F|100/100
|turn|31
|c|☆llmmllmm|hack
|
|t:|1662680076
|detailschange|p1a: Latias|Latias-Mega, F
|-mega|p1a: Latias|Latias|Latiasite
|move|p2a: Kyogre|Ice Beam|p1a: Latias
|-supereffective|p1a: Latias
|-damage|p1a: Latias|65/100
|move|p1a: Latias|Toxic|p2a: Kyogre
|-status|p2a: Kyogre|tox
|-enditem|p2a: Kyogre|Lum Berry|[eat]
|-curestatus|p2a: Kyogre|tox|[msg]
|
|-weather|RainDance|[upkeep]
|upkeep
|turn|32
|c|☆llmmllmm|hack
|
|t:|1662680085
|switch|p2a: Eternatus|Eternatus|94/100
|-ability|p2a: Eternatus|Pressure
|move|p1a: Latias|Recover|p1a: Latias
|-heal|p1a: Latias|100/100
|
|-weather|RainDance|[upkeep]
|upkeep
|turn|33
|c|☆IAmJklol|I digress
|
|t:|1662680104
|switch|p1a: Gothitelle|Gothitelle, M|100/100
|move|p2a: Eternatus|Dynamax Cannon|p1a: Gothitelle
|-damage|p1a: Gothitelle|57/100
|
|-weather|RainDance|[upkeep]
|-heal|p1a: Gothitelle|63/100|[from] item: Leftovers
|upkeep
|turn|34
|c|☆llmmllmm|fuck
|
|t:|1662680114
|move|p2a: Eternatus|Dynamax Cannon|p1a: Gothitelle
|-damage|p1a: Gothitelle|23/100
|move|p1a: Gothitelle|Cosmic Power|p1a: Gothitelle
|-boost|p1a: Gothitelle|def|1
|-boost|p1a: Gothitelle|spd|1
|
|-weather|none
|-heal|p1a: Gothitelle|29/100|[from] item: Leftovers
|upkeep
|turn|35
|c|☆llmmllmm|HACKER
|c|☆llmmllmm|LEAVE
|c|☆IAmJklol|LIVE
|
|t:|1662680119
|move|p2a: Eternatus|Dynamax Cannon|p1a: Gothitelle
|-damage|p1a: Gothitelle|1/100
|move|p1a: Gothitelle|Rest|p1a: Gothitelle
|-status|p1a: Gothitelle|slp|[from] move: Rest
|-heal|p1a: Gothitelle|100/100 slp|[silent]
|
|upkeep
|turn|36
|c|☆llmmllmm|no
|c|☆llmmllmm|no
|c|☆llmmllmm|fuck
|c|☆IAmJklol|HA
|c|☆llmmllmm|fuck
|c|☆llmmllmm|fuck
|
|t:|1662680125
|move|p2a: Eternatus|Dynamax Cannon|p1a: Gothitelle
|-damage|p1a: Gothitelle|73/100 slp
|cant|p1a: Gothitelle|slp
|
|-heal|p1a: Gothitelle|80/100 slp|[from] item: Leftovers
|upkeep
|turn|37
|
|t:|1662680128
|move|p2a: Eternatus|Dynamax Cannon|p1a: Gothitelle
|-damage|p1a: Gothitelle|49/100 slp
|cant|p1a: Gothitelle|slp
|
|-heal|p1a: Gothitelle|55/100 slp|[from] item: Leftovers
|upkeep
|turn|38
|c|☆llmmllmm|CRIT
|
|t:|1662680131
|move|p2a: Eternatus|Dynamax Cannon|p1a: Gothitelle
|-damage|p1a: Gothitelle|25/100 slp
|-curestatus|p1a: Gothitelle|slp|[msg]
|move|p1a: Gothitelle|Cosmic Power|p1a: Gothitelle
|-boost|p1a: Gothitelle|def|1
|-boost|p1a: Gothitelle|spd|1
|
|-heal|p1a: Gothitelle|31/100|[from] item: Leftovers
|upkeep
|turn|39
|
|t:|1662680135
|move|p2a: Eternatus|Dynamax Cannon|p1a: Gothitelle
|-damage|p1a: Gothitelle|10/100
|move|p1a: Gothitelle|Rest|p1a: Gothitelle
|-status|p1a: Gothitelle|slp|[from] move: Rest
|-heal|p1a: Gothitelle|100/100 slp|[silent]
|
|upkeep
|turn|40
|c|☆llmmllmm|CI
|
|t:|1662680140
|move|p2a: Eternatus|Sludge Bomb|p1a: Gothitelle
|-damage|p1a: Gothitelle|80/100 slp
|cant|p1a: Gothitelle|slp
|
|-heal|p1a: Gothitelle|86/100 slp|[from] item: Leftovers
|upkeep
|turn|41
|
|t:|1662680145
|move|p2a: Eternatus|Sludge Bomb|p1a: Gothitelle
|-damage|p1a: Gothitelle|65/100 slp
|cant|p1a: Gothitelle|slp
|
|-heal|p1a: Gothitelle|71/100 slp|[from] item: Leftovers
|upkeep
|turn|42
|
|t:|1662680147
|move|p2a: Eternatus|Sludge Bomb|p1a: Gothitelle
|-damage|p1a: Gothitelle|51/100 slp
|-curestatus|p1a: Gothitelle|slp|[msg]
|move|p1a: Gothitelle|Cosmic Power|p1a: Gothitelle
|-boost|p1a: Gothitelle|def|1
|-boost|p1a: Gothitelle|spd|1
|
|-heal|p1a: Gothitelle|57/100|[from] item: Leftovers
|upkeep
|turn|43
|c|☆IAmJklol|I too sing amerca
|
|t:|1662680154
|move|p2a: Eternatus|Dynamax Cannon|p1a: Gothitelle
|-damage|p1a: Gothitelle|40/100
|move|p1a: Gothitelle|Cosmic Power|p1a: Gothitelle
|-boost|p1a: Gothitelle|def|1
|-boost|p1a: Gothitelle|spd|1
|
|-heal|p1a: Gothitelle|46/100|[from] item: Leftovers
|upkeep
|turn|44
|
|t:|1662680157
|move|p2a: Eternatus|Sludge Bomb|p1a: Gothitelle
|-damage|p1a: Gothitelle|33/100
|move|p1a: Gothitelle|Rest|p1a: Gothitelle
|-status|p1a: Gothitelle|slp|[from] move: Rest
|-heal|p1a: Gothitelle|100/100 slp|[silent]
|
|upkeep
|turn|45
|c|☆llmmllmm|no u
|
|t:|1662680161
|move|p2a: Eternatus|Sludge Bomb|p1a: Gothitelle
|-damage|p1a: Gothitelle|88/100 slp
|cant|p1a: Gothitelle|slp
|
|-heal|p1a: Gothitelle|94/100 slp|[from] item: Leftovers
|upkeep
|turn|46
|
|t:|1662680165
|move|p2a: Eternatus|Sludge Bomb|p1a: Gothitelle
|-damage|p1a: Gothitelle|82/100 slp
|cant|p1a: Gothitelle|slp
|
|-heal|p1a: Gothitelle|88/100 slp|[from] item: Leftovers
|upkeep
|turn|47
|
|t:|1662680167
|move|p2a: Eternatus|Sludge Bomb|p1a: Gothitelle
|-damage|p1a: Gothitelle|73/100 slp
|-curestatus|p1a: Gothitelle|slp|[msg]
|move|p1a: Gothitelle|Charm|p2a: Eternatus
|-unboost|p2a: Eternatus|atk|2
|
|-heal|p1a: Gothitelle|79/100|[from] item: Leftovers
|upkeep
|turn|48
|
|t:|1662680169
|move|p2a: Eternatus|Sludge Bomb|p1a: Gothitelle
|-damage|p1a: Gothitelle|65/100
|move|p1a: Gothitelle|Cosmic Power|p1a: Gothitelle
|-boost|p1a: Gothitelle|def|1
|-boost|p1a: Gothitelle|spd|1
|
|-heal|p1a: Gothitelle|71/100|[from] item: Leftovers
|upkeep
|turn|49
|
|t:|1662680172
|move|p2a: Eternatus|Sludge Bomb|p1a: Gothitelle
|-damage|p1a: Gothitelle|60/100
|-status|p1a: Gothitelle|psn
|move|p1a: Gothitelle|Cosmic Power|p1a: Gothitelle
|-boost|p1a: Gothitelle|def|1
|-boost|p1a: Gothitelle|spd|1
|
|-heal|p1a: Gothitelle|66/100 psn|[from] item: Leftovers
|-damage|p1a: Gothitelle|54/100 psn|[from] psn
|upkeep
|turn|50
|
|t:|1662680176
|move|p2a: Eternatus|Sludge Bomb|p1a: Gothitelle
|-damage|p1a: Gothitelle|44/100 psn
|move|p1a: Gothitelle|Rest|p1a: Gothitelle
|-status|p1a: Gothitelle|slp|[from] move: Rest
|-heal|p1a: Gothitelle|100/100 slp|[silent]
|
|upkeep
|turn|51
|c|☆llmmllmm|g
|
|t:|1662680179
|move|p2a: Eternatus|Sludge Bomb|p1a: Gothitelle
|-damage|p1a: Gothitelle|91/100 slp
|cant|p1a: Gothitelle|slp
|
|-heal|p1a: Gothitelle|97/100 slp|[from] item: Leftovers
|upkeep
|turn|52
|
|t:|1662680181
|move|p2a: Eternatus|Sludge Bomb|p1a: Gothitelle
|-damage|p1a: Gothitelle|87/100 slp
|cant|p1a: Gothitelle|slp
|
|-heal|p1a: Gothitelle|94/100 slp|[from] item: Leftovers
|upkeep
|turn|53
|
|t:|1662680183
|move|p2a: Eternatus|Sludge Bomb|p1a: Gothitelle
|-damage|p1a: Gothitelle|82/100 slp
|-curestatus|p1a: Gothitelle|slp|[msg]
|move|p1a: Gothitelle|Charm|p2a: Eternatus
|-unboost|p2a: Eternatus|atk|2
|
|-heal|p1a: Gothitelle|88/100|[from] item: Leftovers
|upkeep
|turn|54
|
|t:|1662680189
|move|p2a: Eternatus|Sludge Bomb|p1a: Gothitelle
|-damage|p1a: Gothitelle|78/100
|move|p1a: Gothitelle|Taunt|p2a: Eternatus
|-start|p2a: Eternatus|move: Taunt
|
|-heal|p1a: Gothitelle|84/100|[from] item: Leftovers
|upkeep
|turn|55
|
|t:|1662680193
|move|p2a: Eternatus|Sludge Bomb|p1a: Gothitelle
|-damage|p1a: Gothitelle|73/100
|move|p1a: Gothitelle|Charm|p2a: Eternatus
|-unboost|p2a: Eternatus|atk|2
|
|-heal|p1a: Gothitelle|79/100|[from] item: Leftovers
|upkeep
|turn|56
|
|t:|1662680198
|move|p2a: Eternatus|Sludge Bomb|p1a: Gothitelle
|-damage|p1a: Gothitelle|69/100
|move|p1a: Gothitelle|Charm|p2a: Eternatus
|-unboost|p2a: Eternatus|atk|0
|
|-heal|p1a: Gothitelle|75/100|[from] item: Leftovers
|upkeep
|turn|57
|
|t:|1662680203
|move|p2a: Eternatus|Mystical Fire|p1a: Gothitelle
|-damage|p1a: Gothitelle|70/100
|-unboost|p1a: Gothitelle|spa|1
|move|p1a: Gothitelle|Taunt||[still]
|-fail|p1a: Gothitelle
|
|-heal|p1a: Gothitelle|76/100|[from] item: Leftovers
|-end|p2a: Eternatus|move: Taunt
|upkeep
|turn|58
|
|t:|1662680207
|move|p2a: Eternatus|Mystical Fire|p1a: Gothitelle
|-crit|p1a: Gothitelle
|-damage|p1a: Gothitelle|44/100
|-unboost|p1a: Gothitelle|spa|1
|move|p1a: Gothitelle|Taunt|p2a: Eternatus
|-start|p2a: Eternatus|move: Taunt
|
|-heal|p1a: Gothitelle|50/100|[from] item: Leftovers
|upkeep
|turn|59
|
|t:|1662680210
|move|p2a: Eternatus|Mystical Fire|p1a: Gothitelle
|-damage|p1a: Gothitelle|44/100
|-unboost|p1a: Gothitelle|spa|1
|move|p1a: Gothitelle|Rest|p1a: Gothitelle
|-status|p1a: Gothitelle|slp|[from] move: Rest
|-heal|p1a: Gothitelle|100/100 slp|[silent]
|
|upkeep
|turn|60
|
|t:|1662680212
|move|p2a: Eternatus|Mystical Fire|p1a: Gothitelle
|-damage|p1a: Gothitelle|94/100 slp
|-unboost|p1a: Gothitelle|spa|1
|cant|p1a: Gothitelle|slp
|
|-heal|p1a: Gothitelle|100/100 slp|[from] item: Leftovers
|upkeep
|turn|61
|c|☆IAmJklol|nice crit
|
|t:|1662680218
|move|p2a: Eternatus|Mystical Fire|p1a: Gothitelle
|-damage|p1a: Gothitelle|95/100 slp
|-unboost|p1a: Gothitelle|spa|1
|cant|p1a: Gothitelle|slp
|
|-heal|p1a: Gothitelle|100/100 slp|[from] item: Leftovers
|-end|p2a: Eternatus|move: Taunt
|upkeep
|turn|62
|
|t:|1662680222
|move|p2a: Eternatus|Mystical Fire|p1a: Gothitelle
|-damage|p1a: Gothitelle|95/100 slp
|-unboost|p1a: Gothitelle|spa|1
|-curestatus|p1a: Gothitelle|slp|[msg]
|move|p1a: Gothitelle|Taunt|p2a: Eternatus
|-start|p2a: Eternatus|move: Taunt
|
|-heal|p1a: Gothitelle|100/100|[from] item: Leftovers
|upkeep
|turn|63
|c|☆llmmllmm|stop
|c|☆llmmllmm|healing
|
|t:|1662680228
|move|p2a: Eternatus|Mystical Fire|p1a: Gothitelle
|-damage|p1a: Gothitelle|95/100
|move|p1a: Gothitelle|Charm|p2a: Eternatus
|-unboost|p2a: Eternatus|atk|0
|
|-heal|p1a: Gothitelle|100/100|[from] item: Leftovers
|upkeep
|turn|64
|
|t:|1662680234
|move|p2a: Eternatus|Mystical Fire|p1a: Gothitelle
|-damage|p1a: Gothitelle|94/100
|move|p1a: Gothitelle|Charm|p2a: Eternatus
|-unboost|p2a: Eternatus|atk|0
|
|-heal|p1a: Gothitelle|100/100|[from] item: Leftovers
|upkeep
|turn|65
|
|t:|1662680238
|move|p2a: Eternatus|Mystical Fire|p1a: Gothitelle
|-damage|p1a: Gothitelle|95/100
|move|p1a: Gothitelle|Rest|p1a: Gothitelle
|-status|p1a: Gothitelle|slp|[from] move: Rest
|-heal|p1a: Gothitelle|100/100 slp|[silent]
|
|-end|p2a: Eternatus|move: Taunt
|upkeep
|turn|66
|
|t:|1662680241
|move|p2a: Eternatus|Mystical Fire|p1a: Gothitelle
|-damage|p1a: Gothitelle|95/100 slp
|cant|p1a: Gothitelle|slp
|
|-heal|p1a: Gothitelle|100/100 slp|[from] item: Leftovers
|upkeep
|turn|67
|
|t:|1662680244
|move|p2a: Eternatus|Mystical Fire|p1a: Gothitelle
|-damage|p1a: Gothitelle|95/100 slp
|cant|p1a: Gothitelle|slp
|
|-heal|p1a: Gothitelle|100/100 slp|[from] item: Leftovers
|upkeep
|turn|68
|
|t:|1662680249
|move|p2a: Eternatus|Mystical Fire|p1a: Gothitelle
|-crit|p1a: Gothitelle
|-damage|p1a: Gothitelle|70/100 slp
|-curestatus|p1a: Gothitelle|slp|[msg]
|move|p1a: Gothitelle|Rest|p1a: Gothitelle
|-status|p1a: Gothitelle|slp|[from] move: Rest
|-heal|p1a: Gothitelle|100/100 slp|[silent]
|
|upkeep
|turn|69
|
|t:|1662680251
|move|p2a: Eternatus|Mystical Fire|p1a: Gothitelle
|-damage|p1a: Gothitelle|95/100 slp
|cant|p1a: Gothitelle|slp
|
|-heal|p1a: Gothitelle|100/100 slp|[from] item: Leftovers
|upkeep
|turn|70
|
|t:|1662680253
|move|p2a: Eternatus|Mystical Fire|p1a: Gothitelle
|-damage|p1a: Gothitelle|94/100 slp
|cant|p1a: Gothitelle|slp
|
|-heal|p1a: Gothitelle|100/100 slp|[from] item: Leftovers
|upkeep
|turn|71
|
|t:|1662680256
|move|p2a: Eternatus|Mystical Fire|p1a: Gothitelle
|-damage|p1a: Gothitelle|94/100 slp
|-curestatus|p1a: Gothitelle|slp|[msg]
|move|p1a: Gothitelle|Taunt|p2a: Eternatus
|-start|p2a: Eternatus|move: Taunt
|
|-heal|p1a: Gothitelle|100/100|[from] item: Leftovers
|upkeep
|turn|72
|c|☆llmmllmm|hack
|
|t:|1662680262
|move|p2a: Eternatus|Mystical Fire|p1a: Gothitelle
|-damage|p1a: Gothitelle|95/100
|move|p1a: Gothitelle|Cosmic Power|p1a: Gothitelle
|-boost|p1a: Gothitelle|def|0
|-boost|p1a: Gothitelle|spd|0
|
|-heal|p1a: Gothitelle|100/100|[from] item: Leftovers
|upkeep
|turn|73
|
|t:|1662680265
|-activate|p2a: Eternatus|move: Struggle
|move|p2a: Eternatus|Struggle|p1a: Gothitelle
|-damage|p1a: Gothitelle|99/100
|-damage|p2a: Eternatus|69/100|[from] recoil
|move|p1a: Gothitelle|Taunt||[still]
|-fail|p1a: Gothitelle
|
|-heal|p1a: Gothitelle|100/100|[from] item: Leftovers
|upkeep
|turn|74
|
|t:|1662680273
|-activate|p2a: Eternatus|move: Struggle
|move|p2a: Eternatus|Struggle|p1a: Gothitelle
|-crit|p1a: Gothitelle
|-damage|p1a: Gothitelle|92/100
|-damage|p2a: Eternatus|44/100|[from] recoil
|move|p1a: Gothitelle|Cosmic Power|p1a: Gothitelle
|-boost|p1a: Gothitelle|def|0
|-boost|p1a: Gothitelle|spd|0
|
|-heal|p1a: Gothitelle|98/100|[from] item: Leftovers
|-end|p2a: Eternatus|move: Taunt
|upkeep
|turn|75
|
|t:|1662680276
|move|p2a: Eternatus|Recover|p2a: Eternatus
|-heal|p2a: Eternatus|94/100
|move|p1a: Gothitelle|Taunt|p2a: Eternatus
|-start|p2a: Eternatus|move: Taunt
|
|-heal|p1a: Gothitelle|100/100|[from] item: Leftovers
|upkeep
|turn|76
|c|☆IAmJklol|stop
|c|☆llmmllmm|ez
|
|t:|1662680282
|-activate|p2a: Eternatus|move: Struggle
|move|p2a: Eternatus|Struggle|p1a: Gothitelle
|-damage|p1a: Gothitelle|99/100
|-damage|p2a: Eternatus|69/100|[from] recoil
|move|p1a: Gothitelle|Cosmic Power|p1a: Gothitelle
|-boost|p1a: Gothitelle|def|0
|-boost|p1a: Gothitelle|spd|0
|
|-heal|p1a: Gothitelle|100/100|[from] item: Leftovers
|upkeep
|turn|77
|c|☆llmmllmm|crit
|
|t:|1662680285
|-activate|p2a: Eternatus|move: Struggle
|move|p2a: Eternatus|Struggle|p1a: Gothitelle
|-damage|p1a: Gothitelle|99/100
|-damage|p2a: Eternatus|44/100|[from] recoil
|move|p1a: Gothitelle|Cosmic Power|p1a: Gothitelle
|-boost|p1a: Gothitelle|def|0
|-boost|p1a: Gothitelle|spd|0
|
|-heal|p1a: Gothitelle|100/100|[from] item: Leftovers
|upkeep
|turn|78
|
|t:|1662680288
|-activate|p2a: Eternatus|move: Struggle
|move|p2a: Eternatus|Struggle|p1a: Gothitelle
|-damage|p1a: Gothitelle|99/100
|-damage|p2a: Eternatus|19/100|[from] recoil
|move|p1a: Gothitelle|Charm|p2a: Eternatus
|-unboost|p2a: Eternatus|atk|0
|
|-heal|p1a: Gothitelle|100/100|[from] item: Leftovers
|-end|p2a: Eternatus|move: Taunt
|upkeep
|turn|79
|
|t:|1662680291
|move|p2a: Eternatus|Recover|p2a: Eternatus
|-heal|p2a: Eternatus|69/100
|move|p1a: Gothitelle|Taunt|p2a: Eternatus
|-start|p2a: Eternatus|move: Taunt
|
|upkeep
|turn|80
|
|t:|1662680294
|-activate|p2a: Eternatus|move: Struggle
|move|p2a: Eternatus|Struggle|p1a: Gothitelle
|-damage|p1a: Gothitelle|99/100
|-damage|p2a: Eternatus|44/100|[from] recoil
|move|p1a: Gothitelle|Cosmic Power|p1a: Gothitelle
|-boost|p1a: Gothitelle|def|0
|-boost|p1a: Gothitelle|spd|0
|
|-heal|p1a: Gothitelle|100/100|[from] item: Leftovers
|upkeep
|turn|81
|c|☆IAmJklol|syop
|
|t:|1662680303
|-activate|p2a: Eternatus|move: Struggle
|move|p2a: Eternatus|Struggle|p1a: Gothitelle
|-damage|p1a: Gothitelle|99/100
|-damage|p2a: Eternatus|19/100|[from] recoil
|move|p1a: Gothitelle|Cosmic Power|p1a: Gothitelle
|-boost|p1a: Gothitelle|def|0
|-boost|p1a: Gothitelle|spd|0
|
|-heal|p1a: Gothitelle|100/100|[from] item: Leftovers
|upkeep
|turn|82
|c|☆llmmllmm|iy
|
|t:|1662680309
|-activate|p2a: Eternatus|move: Struggle
|move|p2a: Eternatus|Struggle|p1a: Gothitelle
|-damage|p1a: Gothitelle|99/100
|-damage|p2a: Eternatus|0 fnt|[from] recoil
|faint|p2a: Eternatus
|move|p1a: Gothitelle|Charm|p2: Eternatus|[notarget]
|-fail|p1a: Gothitelle
|
|-heal|p1a: Gothitelle|100/100|[from] item: Leftovers
|upkeep
|
|t:|1662680312
|switch|p2a: Yveltal|Yveltal|66/100
|-ability|p2a: Yveltal|Dark Aura
|turn|83
|
|t:|1662680318
|move|p2a: Yveltal|Roost|p2a: Yveltal
|-heal|p2a: Yveltal|100/100
|-singleturn|p2a: Yveltal|move: Roost
|move|p1a: Gothitelle|Taunt|p2a: Yveltal
|-start|p2a: Yveltal|move: Taunt
|
|upkeep
|turn|84
|c|☆llmmllmm|stop
|c|☆llmmllmm|stop it
|
|t:|1662680327
|move|p2a: Yveltal|Foul Play|p1a: Gothitelle
|-supereffective|p1a: Gothitelle
|-damage|p1a: Gothitelle|92/100
|move|p1a: Gothitelle|Rest|p1a: Gothitelle
|-status|p1a: Gothitelle|slp|[from] move: Rest
|-heal|p1a: Gothitelle|100/100 slp|[silent]
|
|upkeep
|turn|85
|
|t:|1662680331
|move|p2a: Yveltal|Foul Play|p1a: Gothitelle
|-supereffective|p1a: Gothitelle
|-crit|p1a: Gothitelle
|-damage|p1a: Gothitelle|52/100 slp
|cant|p1a: Gothitelle|slp
|
|-heal|p1a: Gothitelle|58/100 slp|[from] item: Leftovers
|upkeep
|turn|86
|
|t:|1662680334
|move|p2a: Yveltal|Foul Play|p1a: Gothitelle
|-supereffective|p1a: Gothitelle
|-damage|p1a: Gothitelle|50/100 slp
|cant|p1a: Gothitelle|slp
|
|-heal|p1a: Gothitelle|56/100 slp|[from] item: Leftovers
|-end|p2a: Yveltal|move: Taunt
|upkeep
|turn|87
|c|☆llmmllmm|ez
|
|t:|1662680338
|move|p2a: Yveltal|Foul Play|p1a: Gothitelle
|-supereffective|p1a: Gothitelle
|-damage|p1a: Gothitelle|48/100 slp
|-curestatus|p1a: Gothitelle|slp|[msg]
|move|p1a: Gothitelle|Taunt|p2a: Yveltal
|-start|p2a: Yveltal|move: Taunt
|
|-heal|p1a: Gothitelle|54/100|[from] item: Leftovers
|upkeep
|turn|88
|
|t:|1662680341
|move|p2a: Yveltal|Foul Play|p1a: Gothitelle
|-supereffective|p1a: Gothitelle
|-damage|p1a: Gothitelle|44/100
|move|p1a: Gothitelle|Rest|p1a: Gothitelle
|-status|p1a: Gothitelle|slp|[from] move: Rest
|-heal|p1a: Gothitelle|100/100 slp|[silent]
|
|upkeep
|turn|89
|
|t:|1662680345
|move|p2a: Yveltal|Foul Play|p1a: Gothitelle
|-supereffective|p1a: Gothitelle
|-damage|p1a: Gothitelle|92/100 slp
|cant|p1a: Gothitelle|slp
|
|-heal|p1a: Gothitelle|98/100 slp|[from] item: Leftovers
|upkeep
|turn|90
|
|t:|1662680349
|move|p2a: Yveltal|Foul Play|p1a: Gothitelle
|-supereffective|p1a: Gothitelle
|-damage|p1a: Gothitelle|89/100 slp
|cant|p1a: Gothitelle|slp
|
|-heal|p1a: Gothitelle|95/100 slp|[from] item: Leftovers
|-end|p2a: Yveltal|move: Taunt
|upkeep
|turn|91
|
|t:|1662680352
|move|p2a: Yveltal|Foul Play|p1a: Gothitelle
|-supereffective|p1a: Gothitelle
|-crit|p1a: Gothitelle
|-damage|p1a: Gothitelle|51/100 slp
|-curestatus|p1a: Gothitelle|slp|[msg]
|move|p1a: Gothitelle|Taunt|p2a: Yveltal
|-start|p2a: Yveltal|move: Taunt
|
|-heal|p1a: Gothitelle|57/100|[from] item: Leftovers
|upkeep
|turn|92
|-message|llmmllmm forfeited.
|
|win|IAmJklol
|l|☆llmmllmm
|l|☆IAmJklol
|j|☆IAmJklol
|player|p1|IAmJklol|red
|l|☆IAmJklol
|player|p1|
|j|☆IAmJklol
|player|p1|IAmJklol|red
