|j|‽NykterStein
|j|☆Desfghtr
|t:|1663834979
|gametype|singles
|player|p1|NykterStein|lady|1182
|player|p2|Desfghtr|169|1263
|teamsize|p1|6
|teamsize|p2|6
|gen|8
|tier|[Gen 8] National Dex AG
|rated|
|rule|HP Percentage Mod: HP is shown in percentages
|rule|Endless Battle Clause: Forcing endless battles is banned
|clearpoke
|poke|p1|Necrozma-Dusk-Mane|
|poke|p1|Groudon|
|poke|p1|Kyogre|
|poke|p1|Calyrex-Shadow|
|poke|p1|Eternatus|
|poke|p1|Entei|
|poke|p2|Marshadow|
|poke|p2|Mimikyu, M|
|poke|p2|Aegislash, F|
|poke|p2|Calyrex-Shadow|
|poke|p2|Muk-Alola, F|
|poke|p2|Dragapult, M|
|teampreview
|inactive|Battle timer is ON: inactive players will automatically lose when time's up. (requested by NykterStein)
|
|t:|1663834990
|start
|switch|p1a: Entei|Entei|100/100
|switch|p2a: Aegislash|Aegislash, F|100/100
|turn|1
|
|t:|1663835001
|move|p2a: Aegislash|King's Shield|p2a: Aegislash
|-singleturn|p2a: Aegislash|Protect
|move|p1a: Entei|Eruption|p2a: Aegislash
|-activate|p2a: Aegislash|move: Protect
|
|upkeep
|turn|2
|
|t:|1663835015
|-formechange|p2a: Aegislash|Aegislash-Blade||[from] ability: Stance Change
|move|p2a: Aegislash|Shadow Sneak|p1a: Entei
|-damage|p1a: Entei|82/100
|move|p1a: Entei|Eruption|p2a: Aegislash
|-supereffective|p2a: Aegislash
|-damage|p2a: Aegislash|0 fnt
|faint|p2a: Aegislash
|-damage|p1a: Entei|72/100|[from] item: Life Orb
|
|upkeep
|
|t:|1663835026
|switch|p2a: Dragapult|Dragapult, M|100/100
|turn|3
|
|t:|1663835035
|move|p2a: Dragapult|Protect|p2a: Dragapult
|-singleturn|p2a: Dragapult|Protect
|move|p1a: Entei|Sacred Fire|p2a: Dragapult
|-activate|p2a: Dragapult|move: Protect
|
|upkeep
|turn|4
|
|t:|1663835048
|move|p2a: Dragapult|Dragon Darts|p1a: Entei
|-damage|p1a: Entei|44/100
|-anim|p2a: Dragapult|Dragon Darts|p1a: Entei
|-damage|p1a: Entei|16/100
|move|p1a: Entei|Sacred Fire|p2a: Dragapult
|-resisted|p2a: Dragapult
|-damage|p2a: Dragapult|57/100
|-damage|p1a: Entei|6/100|[from] item: Life Orb
|
|upkeep
|turn|5
|
|t:|1663835057
|move|p2a: Dragapult|Dragon Darts|p1a: Entei
|-damage|p1a: Entei|0 fnt
|faint|p1a: Entei
|
|upkeep
|
|t:|1663835064
|switch|p1a: Necrozma|Necrozma-Dusk-Mane|100/100
|turn|6
|l|‽NykterStein
|inactive|NykterStein disconnected and has a minute to reconnect!
|player|p1|
|j|☆NykterStein
|inactive|NykterStein reconnected and has 130 seconds left.
|player|p1|NykterStein|lady
|n|‽NykterStein|nykterstein
|n|‽NykterStein|nykterstein
|n|‽NykterStein|nykterstein
|n|‽NykterStein|nykterstein
|n|‽NykterStein|nykterstein
|n|‽NykterStein|nykterstein
|n|‽NykterStein|nykterstein
|
|t:|1663835092
|move|p2a: Dragapult|Sucker Punch|p1a: Necrozma
|-supereffective|p1a: Necrozma
|-damage|p1a: Necrozma|78/100
|-enditem|p1a: Necrozma|Weakness Policy
|-boost|p1a: Necrozma|atk|2|[from] item: Weakness Policy
|-boost|p1a: Necrozma|spa|2|[from] item: Weakness Policy
|move|p1a: Necrozma|Sunsteel Strike|p2a: Dragapult
|-damage|p2a: Dragapult|0 fnt
|faint|p2a: Dragapult
|
|upkeep
|
|t:|1663835109
|switch|p2a: Muk|Muk-Alola, F|100/100
|turn|7
|
|t:|1663835115
|move|p1a: Necrozma|Photon Geyser|p2a: Muk
|-immune|p2a: Muk
|move|p2a: Muk|Knock Off|p1a: Necrozma
|-supereffective|p1a: Necrozma
|-damage|p1a: Necrozma|46/100
|
|upkeep
|turn|8
|
|t:|1663835126
|move|p1a: Necrozma|Sunsteel Strike|p2a: Muk
|-damage|p2a: Muk|0 fnt
|faint|p2a: Muk
|
|upkeep
|
|t:|1663835133
|switch|p2a: Mimikyu|Mimikyu, M|100/100
|turn|9
|
|t:|1663835144
|move|p2a: Mimikyu|Shadow Claw|p1a: Necrozma
|-supereffective|p1a: Necrozma
|-damage|p1a: Necrozma|14/100
|move|p1a: Necrozma|Sunsteel Strike|p2a: Mimikyu
|-supereffective|p2a: Mimikyu
|-damage|p2a: Mimikyu|0 fnt
|faint|p2a: Mimikyu
|
|upkeep
|inactive|Desfghtr has 120 seconds left.
|
|t:|1663835171
|switch|p2a: Calyrex|Calyrex-Shadow|100/100
|-ability|p2a: Calyrex|As One
|-ability|p2a: Calyrex|Unnerve
|turn|10
|inactive|Desfghtr has 120 seconds left.
|
|t:|1663835191
|switch|p1a: Groudon|Groudon|100/100
|detailschange|p1a: Groudon|Groudon-Primal
|-primal|p1a: Groudon
|-weather|DesolateLand|[from] ability: Desolate Land|[of] p1a: Groudon
|-start|p2a: Calyrex|Dynamax|
|-heal|p2a: Calyrex|100/100|[silent]
|move|p2a: Calyrex|Max Phantasm|p1a: Groudon
|-damage|p1a: Groudon|1/100
|-unboost|p1a: Groudon|def|1
|
|-weather|DesolateLand|[upkeep]
|upkeep
|turn|11
|
|t:|1663835209
|-weather|none
|switch|p1a: Kyogre|Kyogre|100/100
|detailschange|p1a: Kyogre|Kyogre-Primal
|-primal|p1a: Kyogre
|-weather|PrimordialSea|[from] ability: Primordial Sea|[of] p1a: Kyogre
|move|p2a: Calyrex|Max Phantasm|p1a: Kyogre
|-damage|p1a: Kyogre|45/100
|-unboost|p1a: Kyogre|def|1
|
|-weather|PrimordialSea|[upkeep]
|upkeep
|turn|12
|
|t:|1663835223
|-weather|none
|switch|p1a: Eternatus|Eternatus|100/100
|-ability|p1a: Eternatus|Pressure
|move|p2a: Calyrex|Max Phantasm|p1a: Eternatus
|-damage|p1a: Eternatus|31/100
|-unboost|p1a: Eternatus|def|1
|
|upkeep
|-end|p2a: Calyrex|Dynamax
|-heal|p2a: Calyrex|100/100|[silent]
|turn|13
|
|t:|1663835240
|move|p2a: Calyrex|Astral Barrage|p1a: Eternatus
|-damage|p1a: Eternatus|0 fnt
|faint|p1a: Eternatus
|-ability|p2a: Calyrex|Grim Neigh|boost
|-boost|p2a: Calyrex|spa|1
|
|upkeep
|
|t:|1663835247
|switch|p1a: Kyogre|Kyogre-Primal|45/100
|-weather|PrimordialSea|[from] ability: Primordial Sea|[of] p1a: Kyogre
|turn|14
|
|t:|1663835251
|move|p2a: Calyrex|Astral Barrage|p1a: Kyogre
|-damage|p1a: Kyogre|0 fnt
|faint|p1a: Kyogre
|-weather|none
|-ability|p2a: Calyrex|Grim Neigh|boost
|-boost|p2a: Calyrex|spa|1
|
|upkeep
|
|t:|1663835258
|switch|p1a: Calyrex|Calyrex-Shadow|100/100
|-ability|p1a: Calyrex|As One
|-ability|p1a: Calyrex|Unnerve
|turn|15
|
|t:|1663835265
|-start|p1a: Calyrex|Dynamax|
|-heal|p1a: Calyrex|100/100|[silent]
|move|p1a: Calyrex|Max Phantasm|p2a: Calyrex
|-supereffective|p2a: Calyrex
|-enditem|p2a: Calyrex|Focus Sash
|-damage|p2a: Calyrex|1/100
|-unboost|p2a: Calyrex|def|1
|move|p2a: Calyrex|Astral Barrage|p1a: Calyrex
|-supereffective|p1a: Calyrex
|-enditem|p1a: Calyrex|Focus Sash
|-damage|p1a: Calyrex|1/100
|
|upkeep
|turn|16
|
|t:|1663835286
|move|p2a: Calyrex|Psyshock|p1a: Calyrex
|-resisted|p1a: Calyrex
|-damage|p1a: Calyrex|0 fnt
|faint|p1a: Calyrex
|-ability|p2a: Calyrex|Grim Neigh|boost
|-boost|p2a: Calyrex|spa|1
|
|upkeep
|inactive|NykterStein has 120 seconds left.
|c|☆Desfghtr|fast fast
|inactive|NykterStein has 90 seconds left.
|inactive|NykterStein has 60 seconds left.
|inactive|NykterStein has 30 seconds left.
|inactive|NykterStein has 20 seconds left.
|inactive|NykterStein has 15 seconds left.
|inactive|NykterStein has 10 seconds left.
|inactive|NykterStein has 5 seconds left.
|-message|NykterStein lost due to inactivity.
|
|win|Desfghtr
|raw|NykterStein's rating: 1205 &rarr; <strong>1184</strong><br />(-21 for losing)
|raw|Desfghtr's rating: 1263 &rarr; <strong>1284</strong><br />(+21 for winning)
