|j|☆dasort
|j|☆Juggerton
|player|p1|dasort|marlon|
|player|p2|Juggerton|249|
|teamsize|p1|6
|teamsize|p2|6
|gametype|singles
|gen|8
|tier|[Gen 8] National Dex AG
|rated|Tournament battle
|clearpoke
|poke|p1|Zacian|
|poke|p1|Xerneas|
|poke|p1|Ditto|
|poke|p1|Arceus-*|
|poke|p1|Necrozma-Dusk-Mane|
|poke|p1|Zygarde|
|poke|p2|Kyogre|
|poke|p2|Giratina|
|poke|p2|Arceus-*|
|poke|p2|Ho-Oh|
|poke|p2|Quagsire, F|
|poke|p2|Gengar, M|
|rule|HP Percentage Mod: HP is shown in percentages
|rule|Endless Battle Clause: Forcing endless battles is banned
|teampreview
|j| NoBodyIsHere1
|inactive|Battle timer is ON: inactive players will automatically lose when time's up. (requested by dasort)
|j| Lord-Kyogre
|j| Devansh saraf
|j| ShadesTheMan
|j| Alihas2018
|c| NoBodyIsHere1|Let's get ready to rumbleeeeeeeeeeeeeeeeeeeee
|
|start
|switch|p1a: Zacian|Zacian|100/100
|switch|p2a: Ho-Oh|Ho-Oh|100/100
|-ability|p1a: Zacian|Intrepid Sword|boost
|-boost|p1a: Zacian|atk|1
|turn|1
|j| Lelkid23
|c| NoBodyIsHere1|dasort vs. Juggerton
|
|switch|p1a: Zygarde|Zygarde|100/100
|move|p2a: Ho-Oh|Sacred Fire|p1a: Zygarde
|-resisted|p1a: Zygarde
|-damage|p1a: Zygarde|90/100
|
|-heal|p1a: Zygarde|96/100|[from] item: Leftovers
|upkeep
|turn|2
|c| NoBodyIsHere1|FIGHT!
|
|switch|p2a: Giratina|Giratina|100/100
|-ability|p2a: Giratina|Pressure
|move|p1a: Zygarde|Glare|p2a: Giratina
|-status|p2a: Giratina|par
|
|-heal|p1a: Zygarde|100/100|[from] item: Leftovers
|upkeep
|turn|3
|
|switch|p1a: Arceus|Arceus-Ground|100/100
|move|p2a: Giratina|Roar|p1a: Arceus
|drag|p1a: Ditto|Ditto|100/100
|-transform|p1a: Ditto|p2a: Giratina|[from] ability: Imposter
|-ability|p1a: Ditto|Pressure
|
|upkeep
|turn|4
|c| Lelkid23|nice
|
|switch|p1a: Necrozma|Necrozma-Dusk-Mane|100/100
|move|p2a: Giratina|Will-O-Wisp|p1a: Necrozma|[miss]
|-miss|p2a: Giratina|p1a: Necrozma
|
|upkeep
|turn|5
|l| Devansh saraf
|c|☆Juggerton|wew
|
|move|p1a: Necrozma|Stealth Rock|p2a: Giratina
|-sidestart|p2: Juggerton|move: Stealth Rock
|move|p2a: Giratina|Will-O-Wisp|p1a: Necrozma
|-status|p1a: Necrozma|brn
|
|-damage|p1a: Necrozma|94/100 brn|[from] brn
|upkeep
|turn|6
|j| Devansh saraf
|
|move|p1a: Necrozma|Knock Off|p2a: Giratina
|-supereffective|p2a: Giratina
|-damage|p2a: Giratina|87/100 par
|-enditem|p2a: Giratina|Leftovers|[from] move: Knock Off|[of] p1a: Necrozma
|move|p2a: Giratina|Defog|p1a: Necrozma
|-unboost|p1a: Necrozma|evasion|1
|-sideend|p2: Juggerton|Stealth Rock|[from] move: Defog|[of] p2a: Giratina
|
|-heal|p1a: Necrozma|100/100 brn|[from] item: Leftovers
|-damage|p1a: Necrozma|94/100 brn|[from] brn
|upkeep
|turn|7
|j| coldgosling
|
|switch|p2a: Kyogre|Kyogre, shiny|100/100
|detailschange|p2a: Kyogre|Kyogre-Primal, shiny
|-primal|p2a: Kyogre
|-weather|PrimordialSea|[from] ability: Primordial Sea|[of] p2a: Kyogre
|move|p1a: Necrozma|Stealth Rock|p2a: Kyogre
|-sidestart|p2: Juggerton|move: Stealth Rock
|
|-weather|PrimordialSea|[upkeep]
|-heal|p1a: Necrozma|100/100 brn|[from] item: Leftovers
|-damage|p1a: Necrozma|94/100 brn|[from] brn
|upkeep
|turn|8
|j| Ruppie
|j| Infinitus X
|
|move|p2a: Kyogre|Scald|p1a: Necrozma
|-damage|p1a: Necrozma|46/100 brn
|move|p1a: Necrozma|Knock Off|p2a: Kyogre
|-damage|p2a: Kyogre|93/100
|
|-weather|PrimordialSea|[upkeep]
|-heal|p1a: Necrozma|52/100 brn|[from] item: Leftovers
|-damage|p1a: Necrozma|46/100 brn|[from] brn
|upkeep
|turn|9
|l| coldgosling
|j| arifgoku
|
|move|p2a: Kyogre|Scald|p1a: Necrozma
|-damage|p1a: Necrozma|1/100 brn
|move|p1a: Necrozma|Morning Sun|p1a: Necrozma
|-heal|p1a: Necrozma|26/100 brn
|
|-weather|PrimordialSea|[upkeep]
|-heal|p1a: Necrozma|32/100 brn|[from] item: Leftovers
|-damage|p1a: Necrozma|26/100 brn|[from] brn
|upkeep
|turn|10
|c|☆Juggerton|wew
|inactive|Juggerton has 120 seconds left.
|j| 21$avaage
|c| Lelkid23|hi
|c|☆Juggerton|I should really not play tourney when I need to hand in my assignments in 16 mins
|
|move|p2a: Kyogre|Scald|p1a: Necrozma
|-damage|p1a: Necrozma|0 fnt
|faint|p1a: Necrozma
|
|-weather|PrimordialSea|[upkeep]
|upkeep
|c| NoBodyIsHere1|hello
|c|☆dasort|F
|c| Lelkid23|lol'
|c| NoBodyIsHere1|f
|
|switch|p1a: Zacian|Zacian|100/100
|-ability|p1a: Zacian|Intrepid Sword|boost
|-boost|p1a: Zacian|atk|1
|turn|11
|c| NoBodyIsHere1|f indeed
|
|-weather|none
|switch|p2a: :)|Quagsire, F|100/100
|-damage|p2a: :)|94/100|[from] Stealth Rock
|move|p1a: Zacian|Swords Dance|p1a: Zacian
|-boost|p1a: Zacian|atk|2
|
|-heal|p2a: :)|100/100|[from] item: Leftovers
|upkeep
|turn|12
|l| arifgoku
|c| Ruppie|dasot can break ur team tho
|c| Lelkid23|it is school time isn't it
|
|switch|p1a: Xerneas|Xerneas|100/100
|-ability|p1a: Xerneas|Fairy Aura
|move|p2a: :)|Scald|p1a: Xerneas
|-crit|p1a: Xerneas
|-damage|p1a: Xerneas|75/100
|
|upkeep
|turn|13
|c| Ruppie|watch magic
|c|☆Juggerton|hidden power grass
|c|☆Juggerton|aw
|c| Ruppie|solar blade
|c|☆Juggerton|oh no
|c|☆Juggerton|i am ded
|c|☆Juggerton|rip
|
|switch|p2a: Ho-Oh|Ho-Oh|100/100
|move|p1a: Xerneas|Moonblast|p2a: Ho-Oh
|-resisted|p2a: Ho-Oh
|-damage|p2a: Ho-Oh|83/100
|
|upkeep
|turn|14
|c| NoBodyIsHere1|PREDICT
|c| Lelkid23|gtg
|
|move|p1a: Xerneas|Geomancy||[still]
|-prepare|p1a: Xerneas|Geomancy|p1a: Xerneas
|-enditem|p1a: Xerneas|Power Herb
|-anim|p1a: Xerneas|Geomancy|p1a: Xerneas
|-boost|p1a: Xerneas|spa|2
|-boost|p1a: Xerneas|spd|2
|-boost|p1a: Xerneas|spe|2
|move|p2a: Ho-Oh|Sacred Fire|p1a: Xerneas
|-damage|p1a: Xerneas|41/100
|
|upkeep
|turn|15
|l| Lelkid23
|
|-start|p1a: Xerneas|Dynamax
|-heal|p1a: Xerneas|41/100|[silent]
|-start|p2a: Ho-Oh|Dynamax
|-heal|p2a: Ho-Oh|83/100|[silent]
|move|p1a: Xerneas|Max Lightning|p2a: Ho-Oh
|-supereffective|p2a: Ho-Oh
|-damage|p2a: Ho-Oh|32/100
|-fieldstart|move: Electric Terrain
|move|p2a: Ho-Oh|Max Airstream|p1a: Xerneas
|-damage|p1a: Xerneas|15/100
|-boost|p2a: Ho-Oh|spe|1
|
|upkeep
|turn|16
|
|move|p2a: Ho-Oh|Max Guard|p2a: Ho-Oh
|-singleturn|p2a: Ho-Oh|Max Guard
|move|p1a: Xerneas|Max Lightning|p2a: Ho-Oh
|-activate|p2a: Ho-Oh|move: Max Guard
|
|upkeep
|turn|17
|l|ruppie
|
|move|p1a: Xerneas|Max Lightning|p2a: Ho-Oh
|-supereffective|p2a: Ho-Oh
|-damage|p2a: Ho-Oh|0 fnt
|faint|p2a: Ho-Oh
|
|-end|p1a: Xerneas|Dynamax
|-heal|p1a: Xerneas|15/100|[silent]
|upkeep
|
|switch|p2a: Kyogre|Kyogre-Primal, shiny|93/100
|-damage|p2a: Kyogre|80/100|[from] Stealth Rock
|-weather|PrimordialSea|[from] ability: Primordial Sea|[of] p2a: Kyogre
|turn|18
|
|move|p1a: Xerneas|Thunder|p2a: Kyogre
|-supereffective|p2a: Kyogre
|-damage|p2a: Kyogre|0 fnt
|faint|p2a: Kyogre
|-weather|none
|
|upkeep
|
|switch|p2a: Arceus|Arceus-Fairy|100/100
|-damage|p2a: Arceus|88/100|[from] Stealth Rock
|turn|19
|j| Pikachuyolo
|
|move|p1a: Xerneas|Moonblast|p2a: Arceus
|-damage|p2a: Arceus|0 fnt
|faint|p2a: Arceus
|
|-fieldend|move: Electric Terrain
|upkeep
|c|☆Juggerton|rip
|c| Infinitus X|Geo Xern is too strong
|-message|Juggerton forfeited.
|
|win|dasort
