|j|☆CLEAR GEM清瑜
|j|☆xLeonisx
|t:|1662003979
|gametype|singles
|player|p1|CLEAR GEM清瑜|skierf|1733
|player|p2|xLeonisx|1|1741
|teamsize|p1|6
|teamsize|p2|6
|gen|8
|tier|[Gen 8] National Dex AG
|rated|
|rule|HP Percentage Mod: HP is shown in percentages
|rule|Endless Battle Clause: Forcing endless battles is banned
|clearpoke
|poke|p1|Rayquaza|
|poke|p1|Groudon|
|poke|p1|Necrozma-Dusk-Mane|
|poke|p1|Arceus-*|
|poke|p1|Arceus-*|
|poke|p1|Arceus-*|
|poke|p2|Deoxys-Speed|
|poke|p2|Ditto|
|poke|p2|Kyogre|
|poke|p2|Calyrex-Shadow|
|poke|p2|Lugia|
|poke|p2|Zacian-*|
|teampreview
|j| Jeet21
|inactive|Battle timer is ON: inactive players will automatically lose when time's up. (requested by CLEAR GEM清瑜)
|l| Jeet21
|
|t:|1662003992
|start
|switch|p1a: 究极辅助|Arceus-Dark|100/100
|switch|p2a: Kyogre|Kyogre|100/100
|detailschange|p2a: Kyogre|Kyogre-Primal
|-primal|p2a: Kyogre
|-weather|PrimordialSea|[from] ability: Primordial Sea|[of] p2a: Kyogre
|turn|1
|
|t:|1662003996
|switch|p1a: 不会(?)|Groudon|100/100
|detailschange|p1a: 不会(?)|Groudon-Primal
|-primal|p1a: 不会(?)
|-weather|DesolateLand|[from] ability: Desolate Land|[of] p1a: 不会(?)
|move|p2a: Kyogre|Water Spout||[still]
|-fail|p2a: Kyogre|Water Spout|[from] Desolate Land
|
|-weather|DesolateLand|[upkeep]
|upkeep
|turn|2
|
|t:|1662003998
|switch|p2a: Lugia|Lugia|100/100
|move|p1a: 不会(?)|Stealth Rock|p2a: Lugia
|-sidestart|p2: xLeonisx|move: Stealth Rock
|
|-weather|DesolateLand|[upkeep]
|upkeep
|turn|3
|
|t:|1662004001
|move|p2a: Lugia|Toxic|p1a: 不会(?)
|-status|p1a: 不会(?)|tox
|move|p1a: 不会(?)|Roar|p2a: Lugia
|drag|p2a: Kyogre|Kyogre-Primal|100/100
|-damage|p2a: Kyogre|88/100|[from] Stealth Rock
|-weather|PrimordialSea|[from] ability: Primordial Sea|[of] p2a: Kyogre
|
|-weather|PrimordialSea|[upkeep]
|-damage|p1a: 不会(?)|94/100 tox|[from] psn
|upkeep
|turn|4
|
|t:|1662004003
|move|p2a: Kyogre|Water Spout|p1a: 不会(?)
|-supereffective|p1a: 不会(?)
|-damage|p1a: 不会(?)|0 fnt
|faint|p1a: 不会(?)
|
|-weather|PrimordialSea|[upkeep]
|upkeep
|
|t:|1662004008
|switch|p1a: 烈龙无敌|Rayquaza, shiny|100/100
|-ability|p1a: 烈龙无敌|Air Lock
|turn|5
|
|t:|1662004012
|-weather|none
|switch|p2a: Zacian|Zacian-Crowned|100/100
|-damage|p2a: Zacian|94/100|[from] Stealth Rock
|-ability|p2a: Zacian|Intrepid Sword|boost
|-boost|p2a: Zacian|atk|1
|detailschange|p1a: 烈龙无敌|Rayquaza-Mega, shiny
|-mega|p1a: 烈龙无敌|Rayquaza|
|-weather|DeltaStream|[from] ability: Delta Stream|[of] p1a: 烈龙无敌
|move|p1a: 烈龙无敌|Dragon Dance|p1a: 烈龙无敌
|-boost|p1a: 烈龙无敌|atk|1
|-boost|p1a: 烈龙无敌|spe|1
|
|-weather|DeltaStream|[upkeep]
|upkeep
|turn|6
|
|t:|1662004015
|move|p1a: 烈龙无敌|Earthquake|p2a: Zacian
|-supereffective|p2a: Zacian
|-damage|p2a: Zacian|0 fnt
|faint|p2a: Zacian
|
|-weather|DeltaStream|[upkeep]
|upkeep
|
|t:|1662004016
|switch|p2a: Lugia|Lugia|100/100
|turn|7
|
|t:|1662004018
|move|p1a: 烈龙无敌|Dragon Ascent|p2a: Lugia
|-damage|p2a: Lugia|59/100
|-unboost|p1a: 烈龙无敌|def|1
|-unboost|p1a: 烈龙无敌|spd|1
|move|p2a: Lugia|Defog|p1a: 烈龙无敌
|-unboost|p1a: 烈龙无敌|evasion|1
|-sideend|p2: xLeonisx|Stealth Rock|[from] move: Defog|[of] p2a: Lugia
|
|-weather|DeltaStream|[upkeep]
|upkeep
|turn|8
|
|t:|1662004020
|move|p1a: 烈龙无敌|Dragon Ascent|p2a: Lugia
|-damage|p2a: Lugia|0 fnt
|-unboost|p1a: 烈龙无敌|def|1
|-unboost|p1a: 烈龙无敌|spd|1
|faint|p2a: Lugia
|
|-weather|DeltaStream|[upkeep]
|upkeep
|
|t:|1662004023
|switch|p2a: Calyrex|Calyrex-Shadow|100/100
|-ability|p2a: Calyrex|As One
|-ability|p2a: Calyrex|Unnerve
|turn|9
|
|t:|1662004025
|move|p2a: Calyrex|Astral Barrage|p1a: 烈龙无敌
|-enditem|p1a: 烈龙无敌|Focus Sash
|-damage|p1a: 烈龙无敌|1/100
|move|p1a: 烈龙无敌|Dragon Ascent|p2a: Calyrex
|-damage|p2a: Calyrex|0 fnt
|-unboost|p1a: 烈龙无敌|def|1
|-unboost|p1a: 烈龙无敌|spd|1
|faint|p2a: Calyrex
|
|-weather|DeltaStream|[upkeep]
|upkeep
|
|t:|1662004029
|switch|p2a: Deoxys|Deoxys-Speed|100/100
|-ability|p2a: Deoxys|Pressure
|turn|10
|
|t:|1662004031
|move|p1a: 烈龙无敌|Extreme Speed|p2a: Deoxys
|-damage|p2a: Deoxys|10/100
|move|p2a: Deoxys|Stealth Rock|p1a: 烈龙无敌
|-sidestart|p1: CLEAR GEM清瑜|move: Stealth Rock
|
|-weather|DeltaStream|[upkeep]
|upkeep
|turn|11
|
|t:|1662004035
|move|p1a: 烈龙无敌|Extreme Speed|p2a: Deoxys
|-damage|p2a: Deoxys|0 fnt
|faint|p2a: Deoxys
|
|-weather|DeltaStream|[upkeep]
|upkeep
|
|t:|1662004036
|switch|p2a: Ditto|Ditto|100/100
|-transform|p2a: Ditto|p1a: 烈龙无敌|[from] ability: Imposter
|turn|12
|
|t:|1662004043
|move|p1a: 烈龙无敌|Extreme Speed|p2a: Ditto
|-damage|p2a: Ditto|0 fnt
|faint|p2a: Ditto
|
|-weather|DeltaStream|[upkeep]
|upkeep
|
|t:|1662004045
|switch|p2a: Kyogre|Kyogre-Primal|88/100
|-weather|PrimordialSea|[from] ability: Primordial Sea|[of] p2a: Kyogre
|turn|13
|j| v87
|
|t:|1662004048
|move|p1a: 烈龙无敌|Dragon Ascent|p2a: Kyogre
|-damage|p2a: Kyogre|0 fnt
|-unboost|p1a: 烈龙无敌|def|1
|-unboost|p1a: 烈龙无敌|spd|1
|faint|p2a: Kyogre
|-weather|none
|
|win|CLEAR GEM清瑜
|raw|CLEAR GEM清瑜's rating: 1733 &rarr; <strong>1753</strong><br />(+20 for winning)
|raw|xLeonisx's rating: 1741 &rarr; <strong>1721</strong><br />(-20 for losing)
|l|☆xLeonisx
||Ladder isn't responding, score probably updated but might not have (Request timeout).
