|j|☆DragonserpoAlt
|j|☆zamazamaZentest
|t:|1666846013
|gametype|singles
|player|p1|DragonserpoAlt|red|1368
|player|p2|zamazamaZentest|1|1502
|teamsize|p1|6
|teamsize|p2|6
|gen|8
|tier|[Gen 8] National Dex AG
|rated|
|rule|HP Percentage Mod: HP is shown in percentages
|rule|Endless Battle Clause: Forcing endless battles is banned
|clearpoke
|poke|p1|Yveltal|
|poke|p1|Skarmory, M|
|poke|p1|Necrozma-Dusk-Mane|
|poke|p1|Malamar, M|
|poke|p1|Kyogre|
|poke|p1|Marshadow|
|poke|p2|Necrozma-Dusk-Mane|
|poke|p2|Ho-Oh|
|poke|p2|Zygarde|
|poke|p2|Tyranitar, M|
|poke|p2|Zamazenta-*|
|poke|p2|Ferrothorn, F|
|teampreview
|inactive|Battle timer is ON: inactive players will automatically lose when time's up. (requested by DragonserpoAlt)
|
|t:|1666846025
|start
|switch|p1a: Yveltal|Yveltal|100/100
|switch|p2a: Ho-Oh|Ho-Oh|100/100
|-ability|p1a: Yveltal|Dark Aura
|turn|1
|
|t:|1666846030
|move|p1a: Yveltal|Dark Pulse|p2a: Ho-Oh
|-damage|p2a: Ho-Oh|70/100
|move|p2a: Ho-Oh|Toxic|p1a: Yveltal
|-status|p1a: Yveltal|tox
|
|-damage|p1a: Yveltal|94/100 tox|[from] psn
|upkeep
|turn|2
|
|t:|1666846036
|switch|p2a: Tyranitar|Tyranitar, M|100/100
|-weather|Sandstorm|[from] ability: Sand Stream|[of] p2a: Tyranitar
|move|p1a: Yveltal|Taunt|p2a: Tyranitar
|-start|p2a: Tyranitar|move: Taunt
|
|-weather|Sandstorm|[upkeep]
|-damage|p1a: Yveltal|88/100 tox|[from] Sandstorm
|-damage|p1a: Yveltal|76/100 tox|[from] psn
|upkeep
|turn|3
|
|t:|1666846046
|switch|p1a: Skarmory|Skarmory, M|100/100
|switch|p2a: Ferrothorn|Ferrothorn, F|100/100
|
|-weather|Sandstorm|[upkeep]
|upkeep
|turn|4
|
|t:|1666846056
|move|p1a: Skarmory|Body Press|p2a: Ferrothorn
|-supereffective|p2a: Ferrothorn
|-damage|p2a: Ferrothorn|47/100
|-damage|p1a: Skarmory|88/100|[from] ability: Iron Barbs|[of] p2a: Ferrothorn
|move|p2a: Ferrothorn|Spikes|p1a: Skarmory
|-sidestart|p1: DragonserpoAlt|Spikes
|
|-weather|Sandstorm|[upkeep]
|-heal|p2a: Ferrothorn|53/100|[from] item: Leftovers
|upkeep
|turn|5
|
|t:|1666846068
|switch|p2a: Necrozma|Necrozma-Dusk-Mane|100/100
|move|p1a: Skarmory|Body Press|p2a: Necrozma
|-damage|p2a: Necrozma|84/100
|-damage|p1a: Skarmory|72/100|[from] item: Rocky Helmet|[of] p2a: Necrozma
|
|-weather|Sandstorm|[upkeep]
|upkeep
|turn|6
|
|t:|1666846077
|move|p2a: Necrozma|Thunder Wave|p1a: Skarmory
|-status|p1a: Skarmory|par
|move|p1a: Skarmory|Stealth Rock|p2a: Necrozma
|-sidestart|p2: zamazamaZentest|move: Stealth Rock
|
|-weather|none
|upkeep
|turn|7
|
|t:|1666846082
|move|p2a: Necrozma|Stealth Rock|p1a: Skarmory
|-sidestart|p1: DragonserpoAlt|move: Stealth Rock
|move|p1a: Skarmory|Whirlwind|p2a: Necrozma
|drag|p2a: Zygarde|Zygarde|100/100
|-damage|p2a: Zygarde|94/100|[from] Stealth Rock
|
|-heal|p2a: Zygarde|100/100|[from] item: Leftovers
|upkeep
|turn|8
|
|t:|1666846090
|move|p2a: Zygarde|Thousand Arrows|p1a: Skarmory
|-damage|p1a: Skarmory|54/100 par
|-start|p1a: Skarmory|Smack Down
|-enditem|p1a: Skarmory|Red Card|[of] p2a: Zygarde
|drag|p2a: Ferrothorn|Ferrothorn, F|53/100
|-damage|p2a: Ferrothorn|47/100|[from] Stealth Rock
|move|p1a: Skarmory|Whirlwind|p2a: Ferrothorn
|drag|p2a: Necrozma|Necrozma-Dusk-Mane|84/100
|-damage|p2a: Necrozma|78/100|[from] Stealth Rock
|
|upkeep
|turn|9
|
|t:|1666846102
|move|p2a: Necrozma|Moonlight|p2a: Necrozma
|-heal|p2a: Necrozma|100/100
|move|p1a: Skarmory|Whirlwind|p2a: Necrozma
|drag|p2a: Ferrothorn|Ferrothorn, F|47/100
|-damage|p2a: Ferrothorn|41/100|[from] Stealth Rock
|
|-heal|p2a: Ferrothorn|47/100|[from] item: Leftovers
|upkeep
|turn|10
|
|t:|1666846112
|move|p1a: Skarmory|Body Press|p2a: Ferrothorn
|-supereffective|p2a: Ferrothorn
|-damage|p2a: Ferrothorn|2/100
|-damage|p1a: Skarmory|42/100 par|[from] ability: Iron Barbs|[of] p2a: Ferrothorn
|move|p2a: Ferrothorn|Leech Seed|p1a: Skarmory
|-start|p1a: Skarmory|move: Leech Seed
|
|-heal|p2a: Ferrothorn|8/100|[from] item: Leftovers
|-damage|p1a: Skarmory|29/100 par|[from] Leech Seed|[of] p2a: Ferrothorn
|-heal|p2a: Ferrothorn|20/100|[silent]
|upkeep
|turn|11
|
|t:|1666846124
|move|p2a: Ferrothorn|Protect|p2a: Ferrothorn
|-singleturn|p2a: Ferrothorn|Protect
|move|p1a: Skarmory|Body Press|p2a: Ferrothorn
|-activate|p2a: Ferrothorn|move: Protect
|
|-heal|p2a: Ferrothorn|26/100|[from] item: Leftovers
|-damage|p1a: Skarmory|17/100 par|[from] Leech Seed|[of] p2a: Ferrothorn
|-heal|p2a: Ferrothorn|38/100|[silent]
|upkeep
|turn|12
|
|t:|1666846150
|switch|p2a: Ho-Oh|Ho-Oh|100/100
|move|p1a: Skarmory|Body Press|p2a: Ho-Oh
|-resisted|p2a: Ho-Oh
|-damage|p2a: Ho-Oh|91/100
|
|-damage|p1a: Skarmory|5/100 par|[from] Leech Seed|[of] p2a: Ho-Oh
|-heal|p2a: Ho-Oh|100/100|[silent]
|upkeep
|turn|13
|
|t:|1666846164
|move|p2a: Ho-Oh|Sacred Fire|p1a: Skarmory
|-supereffective|p1a: Skarmory
|-damage|p1a: Skarmory|0 fnt
|faint|p1a: Skarmory
|
|upkeep
|
|t:|1666846170
|switch|p1a: Kyogre|Kyogre|100/100
|-damage|p1a: Kyogre|88/100|[from] Spikes
|-damage|p1a: Kyogre|76/100|[from] Stealth Rock
|detailschange|p1a: Kyogre|Kyogre-Primal
|-primal|p1a: Kyogre
|-weather|PrimordialSea|[from] ability: Primordial Sea|[of] p1a: Kyogre
|turn|14
|
|t:|1666846178
|move|p1a: Kyogre|Origin Pulse|p2a: Ho-Oh
|-supereffective|p2a: Ho-Oh
|-damage|p2a: Ho-Oh|0 fnt
|faint|p2a: Ho-Oh
|
|-weather|PrimordialSea|[upkeep]
|upkeep
|
|t:|1666846184
|switch|p2a: Ferrothorn|Ferrothorn, F|38/100
|-damage|p2a: Ferrothorn|32/100|[from] Stealth Rock
|turn|15
|
|t:|1666846192
|move|p2a: Ferrothorn|Protect|p2a: Ferrothorn
|-singleturn|p2a: Ferrothorn|Protect
|move|p1a: Kyogre|Origin Pulse|p2a: Ferrothorn
|-activate|p2a: Ferrothorn|move: Protect
|
|-weather|PrimordialSea|[upkeep]
|-heal|p2a: Ferrothorn|38/100|[from] item: Leftovers
|upkeep
|turn|16
|
|t:|1666846200
|move|p1a: Kyogre|Origin Pulse|p2a: Ferrothorn
|-resisted|p2a: Ferrothorn
|-damage|p2a: Ferrothorn|3/100
|move|p2a: Ferrothorn|Leech Seed|p1a: Kyogre
|-start|p1a: Kyogre|move: Leech Seed
|
|-weather|PrimordialSea|[upkeep]
|-heal|p2a: Ferrothorn|9/100|[from] item: Leftovers
|-damage|p1a: Kyogre|64/100|[from] Leech Seed|[of] p2a: Ferrothorn
|-heal|p2a: Ferrothorn|21/100|[silent]
|upkeep
|turn|17
|
|t:|1666846217
|move|p1a: Kyogre|Thunder|p2a: Ferrothorn
|-resisted|p2a: Ferrothorn
|-damage|p2a: Ferrothorn|5/100
|move|p2a: Ferrothorn|Leech Seed||[still]
|-fail|p2a: Ferrothorn
|
|-weather|PrimordialSea|[upkeep]
|-heal|p2a: Ferrothorn|11/100|[from] item: Leftovers
|-damage|p1a: Kyogre|51/100|[from] Leech Seed|[of] p2a: Ferrothorn
|-heal|p2a: Ferrothorn|23/100|[silent]
|upkeep
|turn|18
|
|t:|1666846226
|move|p2a: Ferrothorn|Protect|p2a: Ferrothorn
|-singleturn|p2a: Ferrothorn|Protect
|move|p1a: Kyogre|Thunder|p2a: Ferrothorn
|-activate|p2a: Ferrothorn|move: Protect
|
|-weather|PrimordialSea|[upkeep]
|-heal|p2a: Ferrothorn|29/100|[from] item: Leftovers
|-damage|p1a: Kyogre|39/100|[from] Leech Seed|[of] p2a: Ferrothorn
|-heal|p2a: Ferrothorn|41/100|[silent]
|upkeep
|turn|19
|
|t:|1666846236
|move|p1a: Kyogre|Thunder|p2a: Ferrothorn
|-resisted|p2a: Ferrothorn
|-damage|p2a: Ferrothorn|26/100
|move|p2a: Ferrothorn|Spikes|p1a: Kyogre
|-sidestart|p1: DragonserpoAlt|Spikes
|
|-weather|PrimordialSea|[upkeep]
|-heal|p2a: Ferrothorn|32/100|[from] item: Leftovers
|-damage|p1a: Kyogre|27/100|[from] Leech Seed|[of] p2a: Ferrothorn
|-heal|p2a: Ferrothorn|44/100|[silent]
|upkeep
|turn|20
|
|t:|1666846252
|move|p2a: Ferrothorn|Protect|p2a: Ferrothorn
|-singleturn|p2a: Ferrothorn|Protect
|move|p1a: Kyogre|Ice Beam|p2a: Ferrothorn
|-activate|p2a: Ferrothorn|move: Protect
|
|-weather|PrimordialSea|[upkeep]
|-heal|p2a: Ferrothorn|50/100|[from] item: Leftovers
|-damage|p1a: Kyogre|14/100|[from] Leech Seed|[of] p2a: Ferrothorn
|-heal|p2a: Ferrothorn|62/100|[silent]
|upkeep
|turn|21
|
|t:|1666846271
|move|p1a: Kyogre|Ice Beam|p2a: Ferrothorn
|-damage|p2a: Ferrothorn|39/100
|move|p2a: Ferrothorn|Spikes|p1a: Kyogre
|-sidestart|p1: DragonserpoAlt|Spikes
|
|-weather|PrimordialSea|[upkeep]
|-heal|p2a: Ferrothorn|45/100|[from] item: Leftovers
|-damage|p1a: Kyogre|2/100|[from] Leech Seed|[of] p2a: Ferrothorn
|-heal|p2a: Ferrothorn|57/100|[silent]
|upkeep
|turn|22
|
|t:|1666846283
|move|p2a: Ferrothorn|Protect|p2a: Ferrothorn
|-singleturn|p2a: Ferrothorn|Protect
|move|p1a: Kyogre|Thunder|p2a: Ferrothorn
|-activate|p2a: Ferrothorn|move: Protect
|
|-weather|PrimordialSea|[upkeep]
|-heal|p2a: Ferrothorn|63/100|[from] item: Leftovers
|-damage|p1a: Kyogre|0 fnt|[from] Leech Seed|[of] p2a: Ferrothorn
|-heal|p2a: Ferrothorn|64/100|[silent]
|faint|p1a: Kyogre
|-weather|none
|upkeep
|
|t:|1666846286
|switch|p1a: Marshadow|Marshadow|100/100
|-damage|p1a: Marshadow|76/100|[from] Spikes
|-damage|p1a: Marshadow|69/100|[from] Stealth Rock
|turn|23
|
|t:|1666846300
|switch|p2a: Zygarde|Zygarde|100/100
|-damage|p2a: Zygarde|94/100|[from] Stealth Rock
|-start|p1a: Marshadow|Dynamax|
|-heal|p1a: Marshadow|69/100|[silent]
|move|p1a: Marshadow|Max Knuckle|p2a: Zygarde
|-damage|p2a: Zygarde|70/100
|-boost|p1a: Marshadow|atk|1
|
|-heal|p2a: Zygarde|76/100|[from] item: Leftovers
|upkeep
|turn|24
|
|t:|1666846309
|move|p1a: Marshadow|Max Knuckle|p2a: Zygarde
|-damage|p2a: Zygarde|38/100
|-boost|p1a: Marshadow|atk|1
|move|p2a: Zygarde|Glare|p1a: Marshadow
|-status|p1a: Marshadow|par
|
|-heal|p2a: Zygarde|44/100|[from] item: Leftovers
|-activate|p2a: Zygarde|ability: Power Construct
|detailschange|p2a: Zygarde|Zygarde-Complete
|-heal|p2a: Zygarde|63/100|[silent]
|upkeep
|turn|25
|
|t:|1666846318
|move|p2a: Zygarde|Haze|p2a: Zygarde
|-clearallboost
|move|p1a: Marshadow|Max Knuckle|p2a: Zygarde
|-damage|p2a: Zygarde|48/100
|-boost|p1a: Marshadow|atk|1
|
|-heal|p2a: Zygarde|54/100|[from] item: Leftovers
|upkeep
|-end|p1a: Marshadow|Dynamax
|-heal|p1a: Marshadow|69/100 par|[silent]
|turn|26
|-message|DragonserpoAlt forfeited.
|
|win|zamazamaZentest
|raw|DragonserpoAlt's rating: 1368 &rarr; <strong>1355</strong><br />(-13 for losing)
|raw|zamazamaZentest's rating: 1502 &rarr; <strong>1515</strong><br />(+13 for winning)
|l|☆DragonserpoAlt
||Ladder isn't responding, score probably updated but might not have (Request timeout).
