|j|☆Alieseptim
|j|☆orange overhaul
|t:|1640519270
|gametype|singles
|player|p1|Alieseptim|guitarist|1461
|player|p2|orange overhaul|wallace|1444
|teamsize|p1|6
|teamsize|p2|6
|gen|8
|tier|[Gen 8] National Dex AG
|rated|
|rule|HP Percentage Mod: HP is shown in percentages
|rule|Endless Battle Clause: Forcing endless battles is banned
|clearpoke
|poke|p1|Xerneas-*|
|poke|p1|Melmetal|
|poke|p1|Cloyster, F|
|poke|p1|Dragonite, F|
|poke|p1|Buzzwole|
|poke|p1|Hippowdon, F|
|poke|p2|Groudon|
|poke|p2|Kartana|
|poke|p2|Dragapult, M|
|poke|p2|Heatran, F|
|poke|p2|Melmetal|
|poke|p2|Tapu Lele|
|teampreview
|inactive|Battle timer is ON: inactive players will automatically lose when time's up. (requested by orange overhaul)
|
|t:|1640519288
|start
|switch|p1a: Buzzwole|Buzzwole|100/100
|switch|p2a: Melmetal|Melmetal|100/100
|turn|1
|
|t:|1640519296
|switch|p2a: Dragapult|Dragapult, M, shiny|100/100
|move|p1a: Buzzwole|Close Combat|p2a: Dragapult
|-immune|p2a: Dragapult
|
|upkeep
|turn|2
|
|t:|1640519306
|switch|p1a: Hippowdon|Hippowdon, F, shiny|100/100
|-weather|Sandstorm|[from] ability: Sand Stream|[of] p1a: Hippowdon
|move|p2a: Dragapult|Shadow Ball|p1a: Hippowdon
|-damage|p1a: Hippowdon|45/100
|
|-weather|Sandstorm|[upkeep]
|-damage|p2a: Dragapult|95/100|[from] Sandstorm
|-heal|p1a: Hippowdon|51/100|[from] item: Leftovers
|upkeep
|turn|3
|
|t:|1640519320
|move|p2a: Dragapult|Shadow Ball|p1a: Hippowdon
|-damage|p1a: Hippowdon|0 fnt
|faint|p1a: Hippowdon
|
|-weather|Sandstorm|[upkeep]
|-damage|p2a: Dragapult|89/100|[from] Sandstorm
|upkeep
|
|t:|1640519338
|switch|p1a: Dragonite|Dragonite, F|100/100
|turn|4
|
|t:|1640519342
|move|p2a: Dragapult|Shadow Ball|p1a: Dragonite
|-damage|p1a: Dragonite|75/100
|-unboost|p1a: Dragonite|spd|1
|move|p1a: Dragonite|Dragon Tail|p2a: Dragapult
|-supereffective|p2a: Dragapult
|-damage|p2a: Dragapult|0 fnt
|faint|p2a: Dragapult
|
|-weather|Sandstorm|[upkeep]
|-damage|p1a: Dragonite|69/100|[from] Sandstorm
|upkeep
|
|t:|1640519357
|switch|p2a: Tapu Lele|Tapu Lele|100/100
|-fieldstart|move: Psychic Terrain|[from] ability: Psychic Surge|[of] p2a: Tapu Lele
|turn|5
|
|t:|1640519363
|switch|p1a: Melmetal|Melmetal|100/100
|move|p2a: Tapu Lele|Moonblast|p1a: Melmetal
|-resisted|p1a: Melmetal
|-damage|p1a: Melmetal|74/100
|-unboost|p1a: Melmetal|spa|1
|
|-weather|Sandstorm|[upkeep]
|-damage|p2a: Tapu Lele|94/100|[from] Sandstorm
|upkeep
|turn|6
|
|t:|1640519380
|switch|p2a: Groudon|Groudon|100/100
|detailschange|p2a: Groudon|Groudon-Primal
|-primal|p2a: Groudon
|-weather|DesolateLand|[from] ability: Desolate Land|[of] p2a: Groudon
|-start|p1a: Melmetal|Dynamax
|-formechange|p1a: Melmetal|Melmetal-Gmax
|-heal|p1a: Melmetal|74/100|[silent]
|move|p1a: Melmetal|Max Quake|p2a: Groudon
|-supereffective|p2a: Groudon
|-damage|p2a: Groudon|41/100
|-boost|p1a: Melmetal|spd|1
|
|-weather|DesolateLand|[upkeep]
|upkeep
|turn|7
|
|t:|1640519393
|move|p2a: Groudon|Lava Plume|p1a: Melmetal
|-supereffective|p1a: Melmetal
|-damage|p1a: Melmetal|48/100
|move|p1a: Melmetal|Max Quake|p2a: Groudon
|-supereffective|p2a: Groudon
|-damage|p2a: Groudon|0 fnt
|-boost|p1a: Melmetal|spd|1
|faint|p2a: Groudon
|-weather|none
|
|upkeep
|
|t:|1640519400
|switch|p2a: Melmetal|Melmetal|100/100
|turn|8
|
|t:|1640519406
|move|p2a: Melmetal|Superpower|p1a: Melmetal
|-supereffective|p1a: Melmetal
|-damage|p1a: Melmetal|21/100
|-unboost|p2a: Melmetal|atk|1
|-unboost|p2a: Melmetal|def|1
|move|p1a: Melmetal|Max Quake|p2a: Melmetal
|-supereffective|p2a: Melmetal
|-damage|p2a: Melmetal|4/100
|-boost|p1a: Melmetal|spd|1
|
|-end|p1a: Melmetal|Dynamax
|-formechange|p1a: Melmetal|Melmetal
|-heal|p1a: Melmetal|21/100|[silent]
|upkeep
|turn|9
|
|t:|1640519435
|move|p2a: Melmetal|Double Iron Bash|p1a: Melmetal
|-resisted|p1a: Melmetal
|-damage|p1a: Melmetal|14/100
|-resisted|p1a: Melmetal
|-damage|p1a: Melmetal|6/100
|-hitcount|p1a: Melmetal|2
|cant|p1a: Melmetal|flinch
|
|-fieldend|move: Psychic Terrain
|upkeep
|turn|10
|
|t:|1640519443
|move|p2a: Melmetal|Double Iron Bash|p1a: Melmetal
|-resisted|p1a: Melmetal
|-damage|p1a: Melmetal|0 fnt
|faint|p1a: Melmetal
|-hitcount|p1: Melmetal|1
|
|upkeep
|
|t:|1640519449
|switch|p1a: Dragonite|Dragonite, F|69/100
|turn|11
|
|t:|1640519453
|move|p1a: Dragonite|Extreme Speed|p2a: Melmetal
|-resisted|p2a: Melmetal
|-damage|p2a: Melmetal|0 fnt
|faint|p2a: Melmetal
|
|upkeep
|
|t:|1640519461
|switch|p2a: Tapu Lele|Tapu Lele|94/100
|-fieldstart|move: Psychic Terrain|[from] ability: Psychic Surge|[of] p2a: Tapu Lele
|turn|12
|
|t:|1640519490
|switch|p1a: Buzzwole|Buzzwole|100/100
|move|p2a: Tapu Lele|Moonblast|p1a: Buzzwole
|-supereffective|p1a: Buzzwole
|-damage|p1a: Buzzwole|0 fnt
|faint|p1a: Buzzwole
|
|upkeep
|
|t:|1640519499
|switch|p1a: Xerneas|Xerneas, shiny|100/100
|-ability|p1a: Xerneas|Fairy Aura
|turn|13
|
|t:|1640519505
|move|p2a: Tapu Lele|Moonblast|p1a: Xerneas
|-damage|p1a: Xerneas|14/100
|move|p1a: Xerneas|Geomancy||[still]
|-prepare|p1a: Xerneas|Geomancy
|-enditem|p1a: Xerneas|Power Herb
|-anim|p1a: Xerneas|Geomancy|p1a: Xerneas
|-boost|p1a: Xerneas|spa|2
|-boost|p1a: Xerneas|spd|2
|-boost|p1a: Xerneas|spe|2
|
|upkeep
|turn|14
|
|t:|1640519515
|move|p1a: Xerneas|Moonblast|p2a: Tapu Lele
|-damage|p2a: Tapu Lele|0 fnt
|faint|p2a: Tapu Lele
|
|upkeep
|
|t:|1640519534
|switch|p2a: Kartana|Kartana|100/100
|turn|15
|
|t:|1640519543
|move|p1a: Xerneas|Thunderbolt|p2a: Kartana
|-resisted|p2a: Kartana
|-damage|p2a: Kartana|0 fnt
|faint|p2a: Kartana
|
|upkeep
|
|t:|1640519547
|switch|p2a: Heatran|Heatran, F|100/100
|-item|p2a: Heatran|Air Balloon
|turn|16
|
|t:|1640519552
|move|p1a: Xerneas|Moonblast|p2a: Heatran
|-resisted|p2a: Heatran
|-damage|p2a: Heatran|68/100
|-enditem|p2a: Heatran|Air Balloon
|move|p2a: Heatran|Flash Cannon|p1a: Xerneas
|-supereffective|p1a: Xerneas
|-damage|p1a: Xerneas|0 fnt
|faint|p1a: Xerneas
|
|-fieldend|move: Psychic Terrain
|upkeep
|
|t:|1640519562
|switch|p1a: Dragonite|Dragonite, F|69/100
|turn|17
|
|t:|1640519566
|move|p1a: Dragonite|Earthquake|p2a: Heatran
|-supereffective|p2a: Heatran
|-damage|p2a: Heatran|0 fnt
|faint|p2a: Heatran
|
|win|Alieseptim
|raw|Alieseptim's rating: 1461 &rarr; <strong>1480</strong><br />(+19 for winning)
|raw|orange overhaul's rating: 1444 &rarr; <strong>1425</strong><br />(-19 for losing)
|c|☆orange overhaul|gg
|l|☆orange overhaul
