|j|☆cosmos dream
|j|☆Mimikium ZZ
|t:|1664006723
|gametype|singles
|player|p1|cosmos dream|1|1806
|player|p2|Mimikium ZZ|schoolboy|1904
|teamsize|p1|6
|teamsize|p2|6
|gen|8
|tier|[Gen 8] National Dex AG
|rated|
|rule|HP Percentage Mod: HP is shown in percentages
|rule|Endless Battle Clause: Forcing endless battles is banned
|clearpoke
|poke|p1|Grimmsnarl, M|
|poke|p1|Arceus-*|
|poke|p1|Arceus-*|
|poke|p1|Arceus-*|
|poke|p1|Arceus-*|
|poke|p1|Arceus-*|
|poke|p2|Necrozma-Dusk-Mane|
|poke|p2|Arceus-*|
|poke|p2|Arceus-*|
|poke|p2|Rayquaza|
|poke|p2|Ferrothorn, M|
|poke|p2|Yveltal|
|teampreview
|
|t:|1664006749
|start
|switch|p1a: Arceus|Arceus-Ghost|100/100
|switch|p2a: Ferrothorn|Ferrothorn, M|100/100
|turn|1
|
|t:|1664006772
|move|p1a: Arceus|Stealth Rock|p2a: Ferrothorn
|-sidestart|p2: Mimikium ZZ|move: Stealth Rock
|move|p2a: Ferrothorn|Curse|p2a: Ferrothorn
|-unboost|p2a: Ferrothorn|spe|1
|-boost|p2a: Ferrothorn|atk|1
|-boost|p2a: Ferrothorn|def|1
|
|upkeep
|turn|2
|
|t:|1664006777
|move|p1a: Arceus|Judgment|p2a: Ferrothorn
|-damage|p2a: Ferrothorn|47/100
|move|p2a: Ferrothorn|Gyro Ball|p1a: Arceus
|-damage|p1a: Arceus|28/100
|
|-heal|p2a: Ferrothorn|54/100|[from] item: Leftovers
|upkeep
|turn|3
|
|t:|1664006782
|move|p1a: Arceus|Judgment|p2a: Ferrothorn
|-damage|p2a: Ferrothorn|4/100
|move|p2a: Ferrothorn|Gyro Ball|p1a: Arceus
|-damage|p1a: Arceus|0 fnt
|faint|p1a: Arceus
|
|-heal|p2a: Ferrothorn|10/100|[from] item: Leftovers
|upkeep
|
|t:|1664006798
|switch|p1a: Arceus|Arceus-Fire|100/100
|turn|4
|
|t:|1664006808
|switch|p2a: Yveltal|Yveltal|100/100
|-ability|p2a: Yveltal|Dark Aura
|move|p1a: Arceus|Judgment|p2a: Yveltal
|-damage|p2a: Yveltal|64/100
|
|upkeep
|turn|5
|
|t:|1664006812
|move|p1a: Arceus|Calm Mind|p1a: Arceus
|-boost|p1a: Arceus|spa|1
|-boost|p1a: Arceus|spd|1
|move|p2a: Yveltal|Roost|p2a: Yveltal
|-heal|p2a: Yveltal|100/100
|-singleturn|p2a: Yveltal|move: Roost
|
|upkeep
|turn|6
|
|t:|1664006815
|move|p1a: Arceus|Ice Beam|p2a: Yveltal
|-supereffective|p2a: Yveltal
|-damage|p2a: Yveltal|46/100
|move|p2a: Yveltal|Toxic|p1a: Arceus
|-status|p1a: Arceus|tox
|
|-damage|p1a: Arceus|94/100 tox|[from] psn
|upkeep
|turn|7
|
|t:|1664006818
|switch|p2a: Ferrothorn|Ferrothorn, M|10/100
|-damage|p2a: Ferrothorn|4/100|[from] Stealth Rock
|move|p1a: Arceus|Judgment|p2a: Ferrothorn
|-supereffective|p2a: Ferrothorn
|-damage|p2a: Ferrothorn|0 fnt
|faint|p2a: Ferrothorn
|
|-damage|p1a: Arceus|82/100 tox|[from] psn
|upkeep
|j| shanehuang99
|
|t:|1664006829
|switch|p2a: Arceus|Arceus-Fairy|100/100
|-damage|p2a: Arceus|88/100|[from] Stealth Rock
|turn|8
|
|t:|1664006832
|move|p1a: Arceus|Judgment|p2a: Arceus
|-damage|p2a: Arceus|26/100
|move|p2a: Arceus|Recover|p2a: Arceus
|-heal|p2a: Arceus|77/100
|
|-damage|p1a: Arceus|64/100 tox|[from] psn
|upkeep
|turn|9
|
|t:|1664006842
|move|p1a: Arceus|Calm Mind|p1a: Arceus
|-boost|p1a: Arceus|spa|1
|-boost|p1a: Arceus|spd|1
|move|p2a: Arceus|Recover|p2a: Arceus
|-heal|p2a: Arceus|100/100
|
|-damage|p1a: Arceus|40/100 tox|[from] psn
|upkeep
|turn|10
|
|t:|1664006846
|switch|p2a: Rayquaza|Rayquaza|100/100
|-damage|p2a: Rayquaza|76/100|[from] Stealth Rock
|-ability|p2a: Rayquaza|Air Lock
|move|p1a: Arceus|Judgment|p2a: Rayquaza
|-resisted|p2a: Rayquaza
|-damage|p2a: Rayquaza|4/100
|
|-damage|p1a: Arceus|10/100 tox|[from] psn
|upkeep
|turn|11
|
|t:|1664006850
|detailschange|p2a: Rayquaza|Rayquaza-Mega
|-mega|p2a: Rayquaza|Rayquaza|
|-weather|DeltaStream|[from] ability: Delta Stream|[of] p2a: Rayquaza
|move|p2a: Rayquaza|Extreme Speed|p1a: Arceus
|-damage|p1a: Arceus|0 fnt
|faint|p1a: Arceus
|
|-weather|DeltaStream|[upkeep]
|upkeep
|
|t:|1664006859
|switch|p1a: Arceus|Arceus-Ground|100/100
|turn|12
|
|t:|1664006874
|-weather|none
|switch|p2a: Arceus|Arceus-Fairy|100/100
|-damage|p2a: Arceus|88/100|[from] Stealth Rock
|move|p1a: Arceus|Extreme Speed|p2a: Arceus
|-damage|p2a: Arceus|74/100
|
|upkeep
|turn|13
|
|t:|1664006878
|switch|p1a: Grimmsnarl|Grimmsnarl, M|100/100
|move|p2a: Arceus|Will-O-Wisp|p1a: Grimmsnarl
|-status|p1a: Grimmsnarl|brn
|
|-damage|p1a: Grimmsnarl|94/100 brn|[from] brn
|upkeep
|turn|14
|
|t:|1664006890
|switch|p2a: Yveltal|Yveltal|46/100
|-ability|p2a: Yveltal|Dark Aura
|move|p1a: Grimmsnarl|Light Screen|p1a: Grimmsnarl
|-sidestart|p1: cosmos dream|move: Light Screen
|
|-damage|p1a: Grimmsnarl|88/100 brn|[from] brn
|upkeep
|turn|15
|
|t:|1664006895
|move|p1a: Grimmsnarl|Reflect|p1a: Grimmsnarl
|-sidestart|p1: cosmos dream|Reflect
|move|p2a: Yveltal|Defog|p1a: Grimmsnarl
|-unboost|p1a: Grimmsnarl|evasion|1
|-sideend|p1: cosmos dream|Reflect
|-sideend|p1: cosmos dream|move: Light Screen
|-sideend|p2: Mimikium ZZ|Stealth Rock|[from] move: Defog|[of] p2a: Yveltal
|
|-damage|p1a: Grimmsnarl|82/100 brn|[from] brn
|upkeep
|turn|16
|
|t:|1664006909
|switch|p1a: Arceus|Arceus-Steel|100/100
|move|p2a: Yveltal|Roost|p2a: Yveltal
|-heal|p2a: Yveltal|96/100
|-singleturn|p2a: Yveltal|move: Roost
|
|upkeep
|turn|17
|l| shanehuang99
|
|t:|1664006954
|switch|p2a: Arceus|Arceus-Ground|100/100
|move|p1a: Arceus|Calm Mind|p1a: Arceus
|-boost|p1a: Arceus|spa|1
|-boost|p1a: Arceus|spd|1
|
|upkeep
|turn|18
|
|t:|1664006973
|-start|p2a: Arceus|Dynamax|
|-heal|p2a: Arceus|100/100|[silent]
|-start|p1a: Arceus|Dynamax|
|-heal|p1a: Arceus|100/100|[silent]
|move|p2a: Arceus|Max Quake|p1a: Arceus
|-supereffective|p1a: Arceus
|-damage|p1a: Arceus|63/100
|-boost|p2a: Arceus|spd|1
|move|p1a: Arceus|Max Steelspike|p2a: Arceus
|-damage|p2a: Arceus|80/100
|-boost|p1a: Arceus|def|1
|
|upkeep
|turn|19
|
|t:|1664006995
|move|p1a: Arceus|Max Guard|p1a: Arceus
|-singleturn|p1a: Arceus|Max Guard
|move|p2a: Arceus|Max Quake|p1a: Arceus
|-activate|p1a: Arceus|move: Max Guard
|
|upkeep
|turn|20
|
|t:|1664007003
|move|p2a: Arceus|Max Quake|p1a: Arceus
|-supereffective|p1a: Arceus
|-damage|p1a: Arceus|37/100
|-boost|p2a: Arceus|spd|1
|move|p1a: Arceus|Max Steelspike|p2a: Arceus
|-damage|p2a: Arceus|64/100
|-boost|p1a: Arceus|def|1
|
|upkeep
|-end|p2a: Arceus|Dynamax
|-heal|p2a: Arceus|65/100|[silent]
|-end|p1a: Arceus|Dynamax
|-heal|p1a: Arceus|37/100|[silent]
|turn|21
|
|t:|1664007022
|move|p2a: Arceus|Swords Dance|p2a: Arceus
|-boost|p2a: Arceus|atk|2
|move|p1a: Arceus|Recover|p1a: Arceus
|-heal|p1a: Arceus|87/100
|
|upkeep
|turn|22
|j| CommandoBruh ★㋛
|
|t:|1664007036
|move|p2a: Arceus|Recover|p2a: Arceus
|-heal|p2a: Arceus|100/100
|move|p1a: Arceus|Iron Defense|p1a: Arceus
|-boost|p1a: Arceus|def|2
|
|upkeep
|turn|23
|
|t:|1664007057
|move|p2a: Arceus|Earthquake|p1a: Arceus
|-supereffective|p1a: Arceus
|-damage|p1a: Arceus|52/100
|move|p1a: Arceus|Calm Mind|p1a: Arceus
|-boost|p1a: Arceus|spa|1
|-boost|p1a: Arceus|spd|1
|
|upkeep
|turn|24
|
|t:|1664007063
|move|p2a: Arceus|Swords Dance|p2a: Arceus
|-boost|p2a: Arceus|atk|2
|move|p1a: Arceus|Recover|p1a: Arceus
|-heal|p1a: Arceus|100/100
|
|upkeep
|turn|25
|
|t:|1664007070
|move|p2a: Arceus|Swords Dance|p2a: Arceus
|-boost|p2a: Arceus|atk|2
|move|p1a: Arceus|Iron Defense|p1a: Arceus
|-boost|p1a: Arceus|def|2
|
|upkeep
|turn|26
|
|t:|1664007084
|move|p2a: Arceus|Earthquake|p1a: Arceus
|-supereffective|p1a: Arceus
|-damage|p1a: Arceus|47/100
|move|p1a: Arceus|Judgment|p2a: Arceus
|-damage|p2a: Arceus|66/100
|
|upkeep
|turn|27
|
|t:|1664007104
|move|p2a: Arceus|Earthquake|p1a: Arceus
|-supereffective|p1a: Arceus
|-damage|p1a: Arceus|0 fnt
|faint|p1a: Arceus
|
|upkeep
|
|t:|1664007111
|switch|p1a: Grimmsnarl|Grimmsnarl, M|82/100 brn
|turn|28
|
|t:|1664007149
|move|p1a: Grimmsnarl|Reflect|p1a: Grimmsnarl
|-sidestart|p1: cosmos dream|Reflect
|move|p2a: Arceus|Earthquake|p1a: Grimmsnarl
|-damage|p1a: Grimmsnarl|0 fnt
|faint|p1a: Grimmsnarl
|
|upkeep
|
|t:|1664007157
|switch|p1a: Arceus|Arceus-Ground|100/100
|turn|29
|
|t:|1664007189
|move|p1a: Arceus|Swords Dance|p1a: Arceus
|-boost|p1a: Arceus|atk|2
|move|p2a: Arceus|Earthquake|p1a: Arceus
|-damage|p1a: Arceus|27/100
|
|upkeep
|turn|30
|
|t:|1664007191
|move|p1a: Arceus|Earthquake|p2a: Arceus
|-damage|p2a: Arceus|0 fnt
|faint|p2a: Arceus
|
|upkeep
|
|t:|1664007196
|switch|p2a: Rayquaza|Rayquaza-Mega|4/100
|-weather|DeltaStream|[from] ability: Delta Stream|[of] p2a: Rayquaza
|turn|31
|
|t:|1664007199
|-weather|none
|switch|p2a: Necrozma|Necrozma-Dusk-Mane|100/100
|move|p1a: Arceus|Extreme Speed|p2a: Necrozma
|-resisted|p2a: Necrozma
|-damage|p2a: Necrozma|86/100
|-damage|p1a: Arceus|11/100|[from] item: Rocky Helmet|[of] p2a: Necrozma
|
|upkeep
|turn|32
|
|t:|1664007221
|switch|p2a: Rayquaza|Rayquaza-Mega|4/100
|-weather|DeltaStream|[from] ability: Delta Stream|[of] p2a: Rayquaza
|move|p1a: Arceus|Stone Edge|p2a: Rayquaza
|-activate||deltastream
|-damage|p2a: Rayquaza|0 fnt
|faint|p2a: Rayquaza
|-weather|none
|
|upkeep
|
|t:|1664007224
|switch|p2a: Arceus|Arceus-Fairy|74/100
|turn|33
|
|t:|1664007226
|move|p1a: Arceus|Earthquake|p2a: Arceus
|-damage|p2a: Arceus|5/100
|move|p2a: Arceus|Judgment|p1a: Arceus
|-damage|p1a: Arceus|0 fnt
|faint|p1a: Arceus
|
|upkeep
|
|t:|1664007229
|switch|p1a: Arceus|Arceus-Dark|100/100
|turn|34
|
|t:|1664007232
|move|p1a: Arceus|Judgment|p2a: Arceus
|-resisted|p2a: Arceus
|-damage|p2a: Arceus|0 fnt
|faint|p2a: Arceus
|
|upkeep
|
|t:|1664007234
|switch|p2a: Yveltal|Yveltal|96/100
|-ability|p2a: Yveltal|Dark Aura
|turn|35
|
|t:|1664007239
|move|p1a: Arceus|Calm Mind|p1a: Arceus
|-boost|p1a: Arceus|spa|1
|-boost|p1a: Arceus|spd|1
|move|p2a: Yveltal|Toxic|p1a: Arceus
|-status|p1a: Arceus|tox
|
|-damage|p1a: Arceus|94/100 tox|[from] psn
|-sideend|p1: cosmos dream|Reflect
|upkeep
|turn|36
|
|t:|1664007250
|move|p1a: Arceus|Calm Mind|p1a: Arceus
|-boost|p1a: Arceus|spa|1
|-boost|p1a: Arceus|spd|1
|move|p2a: Yveltal|Foul Play|p1a: Arceus
|-resisted|p1a: Arceus
|-damage|p1a: Arceus|81/100 tox
|
|-damage|p1a: Arceus|69/100 tox|[from] psn
|upkeep
|turn|37
|
|t:|1664007253
|move|p1a: Arceus|Focus Blast|p2a: Yveltal
|-damage|p2a: Yveltal|51/100
|move|p2a: Yveltal|Foul Play|p1a: Arceus
|-resisted|p1a: Arceus
|-damage|p1a: Arceus|54/100 tox
|
|-damage|p1a: Arceus|35/100 tox|[from] psn
|upkeep
|turn|38
|
|t:|1664007274
|move|p1a: Arceus|Focus Blast|p2a: Yveltal
|-damage|p2a: Yveltal|0 fnt
|faint|p2a: Yveltal
|
|-damage|p1a: Arceus|11/100 tox|[from] psn
|upkeep
|
|t:|1664007278
|switch|p2a: Necrozma|Necrozma-Dusk-Mane|86/100
|turn|39
|
|t:|1664007280
|move|p1a: Arceus|Judgment|p2a: Necrozma
|-supereffective|p2a: Necrozma
|-damage|p2a: Necrozma|0 fnt
|faint|p2a: Necrozma
|
|win|cosmos dream
|raw|cosmos dream's rating: 1806 &rarr; <strong>1833</strong><br />(+27 for winning)
|raw|Mimikium ZZ's rating: 1927 &rarr; <strong>1900</strong><br />(-27 for losing)
|l|☆Mimikium ZZ
