|j|☆rajof
|j|☆Nobodi_Nowan
|t:|1662905497
|gametype|singles
|player|p1|rajof|youngster-gen4dp|1843
|player|p2|Nobodi_Nowan|akari|2061
|teamsize|p1|6
|teamsize|p2|6
|gen|8
|tier|[Gen 8] National Dex AG
|rated|
|rule|HP Percentage Mod: HP is shown in percentages
|rule|Endless Battle Clause: Forcing endless battles is banned
|clearpoke
|poke|p1|Arceus-*|
|poke|p1|Ditto|
|poke|p1|Chansey, F|
|poke|p1|Lugia|
|poke|p1|Groudon|
|poke|p1|Arceus-*|
|poke|p2|Forretress, M|
|poke|p2|Arceus-*|
|poke|p2|Kyogre|
|poke|p2|Calyrex-Shadow|
|poke|p2|Zacian-*|
|poke|p2|Rayquaza|
|teampreview
|
|t:|1662905509
|start
|switch|p1a: 그란돈|Groudon|100/100
|switch|p2a: Rayquaza|Rayquaza|100/100
|-ability|p2a: Rayquaza|Air Lock
|detailschange|p1a: 그란돈|Groudon-Primal
|-primal|p1a: 그란돈
|-weather|DesolateLand|[from] ability: Desolate Land|[of] p1a: 그란돈
|turn|1
|
|t:|1662905535
|-weather|none
|switch|p1a: 루기아|Lugia|100/100
|detailschange|p2a: Rayquaza|Rayquaza-Mega
|-mega|p2a: Rayquaza|Rayquaza|
|-weather|DeltaStream|[from] ability: Delta Stream|[of] p2a: Rayquaza
|move|p2a: Rayquaza|Surf|p1a: 루기아
|-damage|p1a: 루기아|91/100
|
|-weather|DeltaStream|[upkeep]
|upkeep
|turn|2
|
|t:|1662905543
|-weather|none
|switch|p2a: Forretress|Forretress, M|100/100
|move|p1a: 루기아|Roost|p1a: 루기아
|-heal|p1a: 루기아|100/100
|-singleturn|p1a: 루기아|move: Roost
|
|upkeep
|turn|3
|
|t:|1662905551
|move|p1a: 루기아|Aeroblast|p2a: Forretress
|-damage|p2a: Forretress|50/100
|move|p2a: Forretress|Toxic|p1a: 루기아
|-status|p1a: 루기아|tox
|
|-heal|p2a: Forretress|57/100|[from] item: Leftovers
|-damage|p1a: 루기아|94/100 tox|[from] psn
|upkeep
|turn|4
|
|t:|1662905558
|move|p1a: 루기아|Aeroblast|p2a: Forretress
|-crit|p2a: Forretress
|-damage|p2a: Forretress|0 fnt
|faint|p2a: Forretress
|
|-damage|p1a: 루기아|82/100 tox|[from] psn
|upkeep
|c|☆Nobodi_Nowan|extremely bad crit
|
|t:|1662905591
|switch|p2a: Zacian|Zacian-Crowned, shiny|100/100
|-ability|p2a: Zacian|Intrepid Sword|boost
|-boost|p2a: Zacian|atk|1
|turn|5
|
|t:|1662905595
|switch|p1a: 그란돈|Groudon-Primal|100/100
|-weather|DesolateLand|[from] ability: Desolate Land|[of] p1a: 그란돈
|move|p2a: Zacian|Substitute|p2a: Zacian
|-start|p2a: Zacian|Substitute
|-damage|p2a: Zacian|76/100
|
|-weather|DesolateLand|[upkeep]
|upkeep
|turn|6
|
|t:|1662905601
|move|p2a: Zacian|Close Combat|p1a: 그란돈
|-damage|p1a: 그란돈|58/100
|-unboost|p2a: Zacian|def|1
|-unboost|p2a: Zacian|spd|1
|move|p1a: 그란돈|Fire Punch|p2a: Zacian
|-supereffective|p2a: Zacian
|-end|p2a: Zacian|Substitute
|
|-weather|DesolateLand|[upkeep]
|upkeep
|turn|7
|j| Apprenti Buck
|
|t:|1662905610
|switch|p2a: Rayquaza|Rayquaza-Mega|100/100
|-weather|DeltaStream|[from] ability: Delta Stream|[of] p2a: Rayquaza
|move|p1a: 그란돈|Precipice Blades|p2a: Rayquaza
|-immune|p2a: Rayquaza
|
|-weather|DeltaStream|[upkeep]
|upkeep
|turn|8
|
|t:|1662905619
|switch|p1a: 루기아|Lugia|82/100 tox
|move|p2a: Rayquaza|Surf|p1a: 루기아
|-damage|p1a: 루기아|62/100 tox
|
|-weather|DeltaStream|[upkeep]
|-damage|p1a: 루기아|56/100 tox|[from] psn
|upkeep
|turn|9
|
|t:|1662905627
|move|p2a: Rayquaza|Dragon Ascent|p1a: 루기아
|-damage|p1a: 루기아|13/100 tox
|-unboost|p2a: Rayquaza|def|1
|-unboost|p2a: Rayquaza|spd|1
|-damage|p2a: Rayquaza|84/100|[from] item: Rocky Helmet|[of] p1a: 루기아
|move|p1a: 루기아|Roost|p1a: 루기아
|-heal|p1a: 루기아|63/100 tox
|-singleturn|p1a: 루기아|move: Roost
|
|-weather|DeltaStream|[upkeep]
|-damage|p1a: 루기아|51/100 tox|[from] psn
|upkeep
|turn|10
|
|t:|1662905642
|-weather|none
|switch|p2a: Zacian|Zacian-Crowned, shiny|76/100
|-ability|p2a: Zacian|Intrepid Sword|boost
|-boost|p2a: Zacian|atk|1
|move|p1a: 루기아|Roost|p1a: 루기아
|-heal|p1a: 루기아|100/100 tox
|-singleturn|p1a: 루기아|move: Roost
|
|-damage|p1a: 루기아|82/100 tox|[from] psn
|upkeep
|turn|11
|
|t:|1662905665
|switch|p1a: 아르세우스|Arceus-Fairy|100/100
|move|p2a: Zacian|Substitute|p2a: Zacian
|-start|p2a: Zacian|Substitute
|-damage|p2a: Zacian|51/100
|
|upkeep
|turn|12
|
|t:|1662905670
|move|p2a: Zacian|Behemoth Blade|p1a: 아르세우스
|-supereffective|p1a: 아르세우스
|-damage|p1a: 아르세우스|10/100
|move|p1a: 아르세우스|Earth Power|p2a: Zacian
|-supereffective|p2a: Zacian
|-end|p2a: Zacian|Substitute
|
|upkeep
|turn|13
|
|t:|1662905681
|switch|p2a: Arceus|Arceus|100/100
|move|p1a: 아르세우스|Earth Power|p2a: Arceus
|-damage|p2a: Arceus|85/100
|
|upkeep
|turn|14
|
|t:|1662905688
|switch|p1a: 루기아|Lugia|82/100 tox
|move|p2a: Arceus|Extreme Speed|p1a: 루기아
|-damage|p1a: 루기아|61/100 tox
|-damage|p2a: Arceus|68/100|[from] item: Rocky Helmet|[of] p1a: 루기아
|
|-damage|p1a: 루기아|55/100 tox|[from] psn
|upkeep
|turn|15
|
|t:|1662905698
|move|p2a: Arceus|Recover|p2a: Arceus
|-heal|p2a: Arceus|100/100
|move|p1a: 루기아|Toxic|p2a: Arceus
|-status|p2a: Arceus|tox
|-enditem|p2a: Arceus|Lum Berry|[eat]
|-curestatus|p2a: Arceus|tox|[msg]
|
|-damage|p1a: 루기아|42/100 tox|[from] psn
|upkeep
|turn|16
|
|t:|1662905707
|switch|p2a: Zacian|Zacian-Crowned, shiny|51/100
|-ability|p2a: Zacian|Intrepid Sword|boost
|-boost|p2a: Zacian|atk|1
|move|p1a: 루기아|Toxic|p2a: Zacian
|-immune|p2a: Zacian
|
|-damage|p1a: 루기아|23/100 tox|[from] psn
|upkeep
|turn|17
|
|t:|1662905715
|switch|p1a: 그란돈|Groudon-Primal|58/100
|-weather|DesolateLand|[from] ability: Desolate Land|[of] p1a: 그란돈
|move|p2a: Zacian|Substitute|p2a: Zacian
|-start|p2a: Zacian|Substitute
|-damage|p2a: Zacian|26/100
|
|-weather|DesolateLand|[upkeep]
|upkeep
|turn|18
|
|t:|1662905722
|move|p2a: Zacian|Close Combat|p1a: 그란돈
|-damage|p1a: 그란돈|14/100
|-unboost|p2a: Zacian|def|1
|-unboost|p2a: Zacian|spd|1
|move|p1a: 그란돈|Fire Punch|p2a: Zacian
|-supereffective|p2a: Zacian
|-crit|p2a: Zacian
|-end|p2a: Zacian|Substitute
|
|-weather|DesolateLand|[upkeep]
|upkeep
|turn|19
|j| ThisIsntHilarious
|l| ThisIsntHilarious
|
|t:|1662905736
|switch|p2a: Rayquaza|Rayquaza-Mega|84/100
|-weather|DeltaStream|[from] ability: Delta Stream|[of] p2a: Rayquaza
|move|p1a: 그란돈|Fire Punch|p2a: Rayquaza
|-resisted|p2a: Rayquaza
|-damage|p2a: Rayquaza|56/100
|
|-weather|DeltaStream|[upkeep]
|upkeep
|turn|20
|
|t:|1662905743
|move|p2a: Rayquaza|Surf|p1a: 그란돈
|-supereffective|p1a: 그란돈
|-damage|p1a: 그란돈|0 fnt
|faint|p1a: 그란돈
|
|-weather|DeltaStream|[upkeep]
|upkeep
|
|t:|1662905745
|switch|p1a: 악르세우스|Arceus-Dark|100/100
|turn|21
|
|t:|1662905754
|-weather|none
|switch|p2a: Zacian|Zacian-Crowned, shiny|26/100
|-ability|p2a: Zacian|Intrepid Sword|boost
|-boost|p2a: Zacian|atk|1
|move|p1a: 악르세우스|Judgment|p2a: Zacian
|-resisted|p2a: Zacian
|-damage|p2a: Zacian|4/100
|
|upkeep
|turn|22
|
|t:|1662905761
|switch|p1a: 루기아|Lugia|23/100 tox
|move|p2a: Zacian|Close Combat|p1a: 루기아
|-resisted|p1a: 루기아
|-damage|p1a: 루기아|13/100 tox
|-unboost|p2a: Zacian|def|1
|-unboost|p2a: Zacian|spd|1
|-damage|p2a: Zacian|0 fnt|[from] item: Rocky Helmet|[of] p1a: 루기아
|faint|p2a: Zacian
|
|-damage|p1a: 루기아|7/100 tox|[from] psn
|upkeep
|
|t:|1662905778
|switch|p2a: Kyogre|Kyogre|100/100
|detailschange|p2a: Kyogre|Kyogre-Primal
|-primal|p2a: Kyogre
|-weather|PrimordialSea|[from] ability: Primordial Sea|[of] p2a: Kyogre
|turn|23
|
|t:|1662905787
|move|p2a: Kyogre|Ice Beam|p1a: 루기아
|-supereffective|p1a: 루기아
|-damage|p1a: 루기아|0 fnt
|faint|p1a: 루기아
|
|-weather|PrimordialSea|[upkeep]
|upkeep
|
|t:|1662905788
|switch|p1a: 럭키|Chansey, F|100/100
|turn|24
|
|t:|1662905794
|-weather|none
|switch|p2a: Rayquaza|Rayquaza-Mega|56/100
|-weather|DeltaStream|[from] ability: Delta Stream|[of] p2a: Rayquaza
|move|p1a: 럭키|Toxic|p2a: Rayquaza
|-status|p2a: Rayquaza|tox
|
|-weather|DeltaStream|[upkeep]
|-damage|p2a: Rayquaza|50/100 tox|[from] psn
|upkeep
|turn|25
|c| Apprenti Buck|Rip
|
|t:|1662905802
|move|p2a: Rayquaza|Dragon Ascent|p1a: 럭키
|-crit|p1a: 럭키
|-damage|p1a: 럭키|15/100
|-unboost|p2a: Rayquaza|def|1
|-unboost|p2a: Rayquaza|spd|1
|move|p1a: 럭키|Wish|p1a: 럭키
|
|-weather|DeltaStream|[upkeep]
|-damage|p2a: Rayquaza|38/100 tox|[from] psn
|upkeep
|turn|26
|
|t:|1662905812
|-weather|none
|switch|p2a: Arceus|Arceus|100/100
|move|p1a: 럭키|Protect||[still]
|-fail|p1a: 럭키
|
|-heal|p1a: 럭키|65/100|[from] move: Wish|[wisher] 럭키
|upkeep
|turn|27
|
|t:|1662905821
|switch|p2a: Rayquaza|Rayquaza-Mega|38/100 tox
|-weather|DeltaStream|[from] ability: Delta Stream|[of] p2a: Rayquaza
|move|p1a: 럭키|Toxic|p2a: Rayquaza
|-fail|p2a: Rayquaza|tox
|
|-weather|DeltaStream|[upkeep]
|-damage|p2a: Rayquaza|32/100 tox|[from] psn
|upkeep
|turn|28
|
|t:|1662905828
|move|p1a: 럭키|Protect|p1a: 럭키
|-singleturn|p1a: 럭키|Protect
|move|p2a: Rayquaza|Dragon Ascent|p1a: 럭키
|-activate|p1a: 럭키|move: Protect
|
|-weather|DeltaStream|[upkeep]
|-damage|p2a: Rayquaza|20/100 tox|[from] psn
|upkeep
|turn|29
|-enditem|p2a: Rayquaza|Custap Berry|[eat]
|-activate|p2a: Rayquaza|item: Custap Berry|[consumed]
|
|t:|1662905837
|switch|p1a: 아르세우스|Arceus-Fairy|10/100
|move|p2a: Rayquaza|Dragon Ascent|p1a: 아르세우스
|-damage|p1a: 아르세우스|0 fnt
|-unboost|p2a: Rayquaza|def|1
|-unboost|p2a: Rayquaza|spd|1
|faint|p1a: 아르세우스
|
|-weather|DeltaStream|[upkeep]
|-damage|p2a: Rayquaza|2/100 tox|[from] psn
|upkeep
|c| Apprenti Buck|F
|
|t:|1662905846
|switch|p1a: 럭키|Chansey, F|65/100
|turn|30
|
|t:|1662905858
|move|p1a: 럭키|Protect|p1a: 럭키
|-singleturn|p1a: 럭키|Protect
|move|p2a: Rayquaza|Dragon Ascent|p1a: 럭키
|-activate|p1a: 럭키|move: Protect
|
|-weather|DeltaStream|[upkeep]
|-damage|p2a: Rayquaza|0 fnt|[from] psn
|faint|p2a: Rayquaza
|-weather|none
|upkeep
|
|t:|1662905870
|switch|p2a: Calyrex|Calyrex-Shadow|100/100
|-ability|p2a: Calyrex|As One
|-ability|p2a: Calyrex|Unnerve
|turn|31
|
|t:|1662905876
|switch|p2a: Kyogre|Kyogre-Primal|100/100
|-weather|PrimordialSea|[from] ability: Primordial Sea|[of] p2a: Kyogre
|move|p1a: 럭키|Toxic|p2a: Kyogre
|-status|p2a: Kyogre|tox
|
|-weather|PrimordialSea|[upkeep]
|-damage|p2a: Kyogre|94/100 tox|[from] psn
|upkeep
|turn|32
|
|t:|1662905888
|-weather|none
|switch|p2a: Arceus|Arceus|100/100
|move|p1a: 럭키|Wish|p1a: 럭키
|
|upkeep
|turn|33
|
|t:|1662905893
|move|p2a: Arceus|Swords Dance|p2a: Arceus
|-boost|p2a: Arceus|atk|2
|move|p1a: 럭키|Toxic|p2a: Arceus
|-status|p2a: Arceus|tox
|
|-heal|p1a: 럭키|100/100|[from] move: Wish|[wisher] 럭키
|-damage|p2a: Arceus|94/100 tox|[from] psn
|upkeep
|turn|34
|
|t:|1662905903
|move|p1a: 럭키|Protect|p1a: 럭키
|-singleturn|p1a: 럭키|Protect
|move|p2a: Arceus|Swords Dance|p2a: Arceus
|-boost|p2a: Arceus|atk|2
|
|-damage|p2a: Arceus|82/100 tox|[from] psn
|upkeep
|turn|35
|
|t:|1662905909
|-start|p2a: Arceus|Dynamax|
|-heal|p2a: Arceus|82/100 tox|[silent]
|move|p2a: Arceus|Max Strike|p1a: 럭키
|-damage|p1a: 럭키|0 fnt
|faint|p1a: 럭키
|
|-damage|p2a: Arceus|73/100 tox|[from] psn
|upkeep
|
|t:|1662905914
|switch|p1a: 메타몽|Ditto|100/100
|-transform|p1a: 메타몽|p2a: Arceus|[from] ability: Imposter
|turn|36
|
|t:|1662905921
|-start|p1a: 메타몽|Dynamax|
|-heal|p1a: 메타몽|100/100|[silent]
|move|p1a: 메타몽|Max Guard|p1a: 메타몽
|-singleturn|p1a: 메타몽|Max Guard
|move|p2a: Arceus|Max Strike|p1a: 메타몽
|-activate|p1a: 메타몽|move: Max Guard
|
|-damage|p2a: Arceus|61/100 tox|[from] psn
|upkeep
|turn|37
|
|t:|1662905928
|move|p1a: 메타몽|Max Strike|p2a: Arceus
|-damage|p2a: Arceus|0 fnt
|faint|p2a: Arceus
|
|upkeep
|c| Apprenti Buck|Cool
|
|t:|1662905946
|switch|p2a: Kyogre|Kyogre-Primal|94/100 tox
|-weather|PrimordialSea|[from] ability: Primordial Sea|[of] p2a: Kyogre
|turn|38
|
|t:|1662905954
|move|p2a: Kyogre|Ice Beam|p1a: 메타몽
|-damage|p1a: 메타몽|81/100
|move|p1a: 메타몽|Max Strike|p2a: Kyogre
|-damage|p2a: Kyogre|0 fnt
|faint|p2a: Kyogre
|-weather|none
|
|upkeep
|
|t:|1662905961
|switch|p2a: Calyrex|Calyrex-Shadow|100/100
|-ability|p2a: Calyrex|As One
|-ability|p2a: Calyrex|Unnerve
|-end|p1a: 메타몽|Dynamax
|-heal|p1a: 메타몽|81/100|[silent]
|turn|39
|
|t:|1662905968
|move|p2a: Calyrex|Draining Kiss|p1a: 메타몽
|-damage|p1a: 메타몽|61/100
|move|p1a: 메타몽|Shadow Claw|p2a: Calyrex
|-supereffective|p2a: Calyrex
|-crit|p2a: Calyrex
|-damage|p2a: Calyrex|0 fnt
|faint|p2a: Calyrex
|
|win|rajof
|raw|rajof's rating: 1843 &rarr; <strong>1874</strong><br />(+31 for winning)
|raw|Nobodi_Nowan's rating: 2061 &rarr; <strong>2030</strong><br />(-31 for losing)
||Ladder isn't responding, score probably updated but might not have (Request timeout).
