|j|☆orange overhaul
|j|☆Felpows
|t:|1632912313
|gametype|singles
|player|p1|orange overhaul|wallace|1329
|player|p2|Felpows|cyrus|1397
|teamsize|p1|6
|teamsize|p2|6
|gen|8
|tier|[Gen 8] National Dex AG
|rated|
|rule|HP Percentage Mod: HP is shown in percentages
|rule|Endless Battle Clause: Forcing endless battles is banned
|clearpoke
|poke|p1|Garchomp, F|
|poke|p1|Kartana|
|poke|p1|Dragapult, F|
|poke|p1|Heatran, F|
|poke|p1|Melmetal|
|poke|p1|Tapu Lele|
|poke|p2|Ditto|
|poke|p2|Rayquaza|
|poke|p2|Groudon|
|poke|p2|Espeon, F|
|poke|p2|Kyogre|
|poke|p2|Zeraora|
|teampreview
|inactive|Battle timer is ON: inactive players will automatically lose when time's up. (requested by orange overhaul)
|
|t:|1632912330
|start
|switch|p1a: Kartana|Kartana|100/100
|switch|p2a: Groudon|Groudon, shiny|100/100
|detailschange|p2a: Groudon|Groudon-Primal, shiny
|-primal|p2a: Groudon
|-weather|DesolateLand|[from] ability: Desolate Land|[of] p2a: Groudon
|turn|1
|
|t:|1632912344
|move|p1a: Kartana|Leaf Blade|p2a: Groudon
|-damage|p2a: Groudon|60/100
|move|p2a: Groudon|Stealth Rock|p1a: Kartana
|-sidestart|p1: orange overhaul|move: Stealth Rock
|
|-weather|DesolateLand|[upkeep]
|upkeep
|turn|2
|
|t:|1632912349
|move|p1a: Kartana|Leaf Blade|p2a: Groudon
|-crit|p2a: Groudon
|-damage|p2a: Groudon|0 fnt
|faint|p2a: Groudon
|-weather|none
|-ability|p1a: Kartana|Beast Boost|boost
|-boost|p1a: Kartana|atk|1
|
|upkeep
|inactive|Felpows has 120 seconds left.
|
|t:|1632912380
|switch|p2a: Zeraora|Zeraora, shiny|100/100
|turn|3
|
|t:|1632912386
|move|p1a: Kartana|Leaf Blade|p2a: Zeraora
|-damage|p2a: Zeraora|0 fnt
|faint|p2a: Zeraora
|-ability|p1a: Kartana|Beast Boost|boost
|-boost|p1a: Kartana|atk|1
|
|upkeep
|
|t:|1632912392
|switch|p2a: Ditto|Ditto, shiny|100/100
|-transform|p2a: Ditto|p1a: Kartana|[from] ability: Imposter
|turn|4
|
|t:|1632912403
|-start|p2a: Ditto|Dynamax
|-heal|p2a: Ditto|100/100|[silent]
|-start|p1a: Kartana|Dynamax
|-heal|p1a: Kartana|100/100|[silent]
|move|p1a: Kartana|Max Knuckle|p2a: Ditto
|-supereffective|p2a: Ditto
|-damage|p2a: Ditto|25/100
|-boost|p1a: Kartana|atk|1
|move|p2a: Ditto|Max Knuckle|p1a: Kartana
|-supereffective|p1a: Kartana
|-damage|p1a: Kartana|18/100
|-boost|p2a: Ditto|atk|1
|
|upkeep
|turn|5
|
|t:|1632912418
|move|p2a: Ditto|Max Knuckle|p1a: Kartana
|-supereffective|p1a: Kartana
|-damage|p1a: Kartana|0 fnt
|-boost|p2a: Ditto|atk|1
|faint|p1a: Kartana
|-ability|p2a: Ditto|Beast Boost|boost
|-boost|p2a: Ditto|atk|1
|
|upkeep
|inactive|orange overhaul has 120 seconds left.
|
|t:|1632912445
|switch|p1a: Heatran|Heatran, F|100/100
|-damage|p1a: Heatran|88/100|[from] Stealth Rock
|-item|p1a: Heatran|Air Balloon
|turn|6
|
|t:|1632912454
|move|p2a: Ditto|Max Knuckle|p1a: Heatran
|-supereffective|p1a: Heatran
|-damage|p1a: Heatran|0 fnt
|-boost|p2a: Ditto|atk|1
|-enditem|p1a: Heatran|Air Balloon
|faint|p1a: Heatran
|
|-end|p2a: Ditto|Dynamax
|-heal|p2a: Ditto|25/100|[silent]
|upkeep
|inactive|orange overhaul has 120 seconds left.
|
|t:|1632912465
|switch|p1a: Dragapult|Dragapult, F, shiny|100/100
|-damage|p1a: Dragapult|88/100|[from] Stealth Rock
|turn|7
|
|t:|1632912471
|move|p2a: Ditto|Knock Off|p1a: Dragapult
|-supereffective|p1a: Dragapult
|-crit|p1a: Dragapult
|-damage|p1a: Dragapult|0 fnt
|-enditem|p1a: Dragapult|Choice Specs|[from] move: Knock Off|[of] p2a: Ditto
|faint|p1a: Dragapult
|
|upkeep
|
|t:|1632912476
|switch|p1a: Garchomp|Garchomp, F|100/100
|-damage|p1a: Garchomp|94/100|[from] Stealth Rock
|turn|8
|
|t:|1632912482
|move|p2a: Ditto|Knock Off|p1a: Garchomp
|-damage|p1a: Garchomp|0 fnt
|-damage|p2a: Ditto|13/100|[from] ability: Rough Skin|[of] p1a: Garchomp
|-enditem|p1a: Garchomp|Leftovers|[from] move: Knock Off|[of] p2a: Ditto
|faint|p1a: Garchomp
|
|upkeep
|
|t:|1632912488
|switch|p1a: Melmetal|Melmetal|100/100
|-damage|p1a: Melmetal|94/100|[from] Stealth Rock
|turn|9
|
|t:|1632912492
|move|p2a: Ditto|Knock Off|p1a: Melmetal
|-damage|p1a: Melmetal|0 fnt
|-enditem|p1a: Melmetal|Protective Pads|[from] move: Knock Off|[of] p2a: Ditto
|faint|p1a: Melmetal
|
|upkeep
|
|t:|1632912496
|switch|p1a: Tapu Lele|Tapu Lele|100/100
|-damage|p1a: Tapu Lele|88/100|[from] Stealth Rock
|-fieldstart|move: Psychic Terrain|[from] ability: Psychic Surge|[of] p1a: Tapu Lele
|turn|10
|
|t:|1632912501
|move|p2a: Ditto|Knock Off|p1a: Tapu Lele
|-damage|p1a: Tapu Lele|0 fnt
|-enditem|p1a: Tapu Lele|Choice Specs|[from] move: Knock Off|[of] p2a: Ditto
|faint|p1a: Tapu Lele
|
|win|Felpows
|raw|orange overhaul's rating: 1329 &rarr; <strong>1313</strong><br />(-16 for losing)
|raw|Felpows's rating: 1397 &rarr; <strong>1413</strong><br />(+16 for winning)
|c|☆orange overhaul|gg
|c|☆Felpows|gg
|l|☆orange overhaul
