|j|☆CLEAR GEM清瑜
|j|☆rajof
|t:|1662811969
|gametype|singles
|player|p1|CLEAR GEM清瑜|skierf|1885
|player|p2|rajof|youngster-gen4|1951
|teamsize|p1|6
|teamsize|p2|6
|gen|8
|tier|[Gen 8] National Dex AG
|rated|
|rule|HP Percentage Mod: HP is shown in percentages
|rule|Endless Battle Clause: Forcing endless battles is banned
|clearpoke
|poke|p1|Rayquaza|
|poke|p1|Groudon|
|poke|p1|Necrozma-Dusk-Mane|
|poke|p1|Arceus-*|
|poke|p1|Zacian-*|
|poke|p1|Yveltal|
|poke|p2|Arceus-*|
|poke|p2|Ditto|
|poke|p2|Chansey, F|
|poke|p2|Lugia|
|poke|p2|Groudon|
|poke|p2|Arceus-*|
|teampreview
|inactive|Battle timer is ON: inactive players will automatically lose when time's up. (requested by CLEAR GEM清瑜)
|
|t:|1662811979
|start
|switch|p1a: 不会(?)|Groudon|100/100
|switch|p2a: 루기아|Lugia|100/100
|detailschange|p1a: 不会(?)|Groudon-Primal
|-primal|p1a: 不会(?)
|-weather|DesolateLand|[from] ability: Desolate Land|[of] p1a: 不会(?)
|turn|1
|
|t:|1662811984
|move|p2a: 루기아|Toxic|p1a: 不会(?)
|-status|p1a: 不会(?)|tox
|move|p1a: 不会(?)|Stealth Rock|p2a: 루기아
|-sidestart|p2: rajof|move: Stealth Rock
|
|-weather|DesolateLand|[upkeep]
|-damage|p1a: 不会(?)|94/100 tox|[from] psn
|upkeep
|turn|2
|
|t:|1662811991
|-weather|none
|switch|p1a: 钢铁之躯|Necrozma-Dusk-Mane|100/100
|move|p2a: 루기아|Defog|p1a: 钢铁之躯
|-unboost|p1a: 钢铁之躯|evasion|1
|-sideend|p2: rajof|Stealth Rock|[from] move: Defog|[of] p2a: 루기아
|
|upkeep
|turn|3
|
|t:|1662811995
|switch|p2a: 악르세우스|Arceus-Dark|100/100
|move|p1a: 钢铁之躯|Dragon Dance|p1a: 钢铁之躯
|-boost|p1a: 钢铁之躯|atk|1
|-boost|p1a: 钢铁之躯|spe|1
|
|upkeep
|turn|4
|
|t:|1662812004
|switch|p2a: 루기아|Lugia|100/100
|switch|p1a: Y鸟|Yveltal|100/100
|-ability|p1a: Y鸟|Dark Aura
|
|upkeep
|turn|5
|
|t:|1662812008
|move|p1a: Y鸟|Taunt|p2a: 루기아
|-start|p2a: 루기아|move: Taunt
|cant|p2a: 루기아|move: Taunt|Toxic
|
|upkeep
|turn|6
|
|t:|1662812013
|switch|p2a: 아르세우스|Arceus-Fairy|100/100
|move|p1a: Y鸟|Dark Pulse|p2a: 아르세우스
|-resisted|p2a: 아르세우스
|-damage|p2a: 아르세우스|74/100
|-damage|p1a: Y鸟|91/100|[from] item: Life Orb
|
|upkeep
|turn|7
|
|t:|1662812017
|switch|p1a: 不会(?)|Groudon-Primal|94/100 tox
|-weather|DesolateLand|[from] ability: Desolate Land|[of] p1a: 不会(?)
|move|p2a: 아르세우스|Judgment|p1a: 不会(?)
|-resisted|p1a: 不会(?)
|-damage|p1a: 不会(?)|73/100 tox
|
|-weather|DesolateLand|[upkeep]
|-damage|p1a: 不会(?)|67/100 tox|[from] psn
|upkeep
|turn|8
|
|t:|1662812021
|move|p2a: 아르세우스|Earth Power|p1a: 不会(?)
|-supereffective|p1a: 不会(?)
|-crit|p1a: 不会(?)
|-damage|p1a: 不会(?)|0 fnt
|faint|p1a: 不会(?)
|-weather|none
|
|upkeep
|
|t:|1662812034
|switch|p1a: 悬空羊驼|Arceus-Flying|100/100
|turn|9
|
|t:|1662812037
|switch|p2a: 루기아|Lugia|100/100
|move|p1a: 悬空羊驼|Calm Mind|p1a: 悬空羊驼
|-boost|p1a: 悬空羊驼|spa|1
|-boost|p1a: 悬空羊驼|spd|1
|
|upkeep
|turn|10
|
|t:|1662812041
|switch|p1a: 钢铁之躯|Necrozma-Dusk-Mane|100/100
|move|p2a: 루기아|Toxic|p1a: 钢铁之躯
|-immune|p1a: 钢铁之躯
|
|upkeep
|turn|11
|
|t:|1662812044
|switch|p2a: 악르세우스|Arceus-Dark|100/100
|move|p1a: 钢铁之躯|Earthquake|p2a: 악르세우스
|-damage|p2a: 악르세우스|70/100
|
|upkeep
|turn|12
|
|t:|1662812048
|switch|p1a: Y鸟|Yveltal|91/100
|-ability|p1a: Y鸟|Dark Aura
|move|p2a: 악르세우스|Judgment|p1a: Y鸟
|-resisted|p1a: Y鸟
|-damage|p1a: Y鸟|64/100
|
|upkeep
|turn|13
|
|t:|1662812054
|move|p2a: 악르세우스|Calm Mind|p2a: 악르세우스
|-boost|p2a: 악르세우스|spa|1
|-boost|p2a: 악르세우스|spd|1
|move|p1a: Y鸟|Taunt|p2a: 악르세우스
|-start|p2a: 악르세우스|move: Taunt
|
|upkeep
|turn|14
|
|t:|1662812057
|move|p2a: 악르세우스|Judgment|p1a: Y鸟
|-resisted|p1a: Y鸟
|-damage|p1a: Y鸟|22/100
|move|p1a: Y鸟|Oblivion Wing|p2a: 악르세우스
|-crit|p2a: 악르세우스
|-damage|p2a: 악르세우스|15/100
|-heal|p1a: Y鸟|69/100|[from] drain|[of] p2a: 악르세우스
|-damage|p1a: Y鸟|59/100|[from] item: Life Orb
|
|upkeep
|turn|15
|
|t:|1662812067
|switch|p2a: 아르세우스|Arceus-Fairy|74/100
|move|p1a: Y鸟|Oblivion Wing|p2a: 아르세우스
|-damage|p2a: 아르세우스|35/100
|-heal|p1a: Y鸟|92/100|[from] drain|[of] p2a: 아르세우스
|-damage|p1a: Y鸟|82/100|[from] item: Life Orb
|
|upkeep
|turn|16
|
|t:|1662812077
|switch|p1a: 嘉然小姐的狗|Zacian-Crowned|100/100
|-ability|p1a: 嘉然小姐的狗|Intrepid Sword|boost
|-boost|p1a: 嘉然小姐的狗|atk|1
|move|p2a: 아르세우스|Recover|p2a: 아르세우스
|-heal|p2a: 아르세우스|85/100
|
|upkeep
|turn|17
|
|t:|1662812083
|switch|p1a: Y鸟|Yveltal|82/100
|-ability|p1a: Y鸟|Dark Aura
|switch|p2a: 루기아|Lugia|100/100
|
|upkeep
|turn|18
|
|t:|1662812090
|move|p1a: Y鸟|Taunt|p2a: 루기아
|-start|p2a: 루기아|move: Taunt
|cant|p2a: 루기아|move: Taunt|Toxic
|
|upkeep
|turn|19
|
|t:|1662812094
|switch|p2a: 아르세우스|Arceus-Fairy|85/100
|move|p1a: Y鸟|Oblivion Wing|p2a: 아르세우스
|-damage|p2a: 아르세우스|43/100
|-heal|p1a: Y鸟|100/100|[from] drain|[of] p2a: 아르세우스
|-damage|p1a: Y鸟|91/100|[from] item: Life Orb
|
|upkeep
|turn|20
|
|t:|1662812100
|move|p1a: Y鸟|Oblivion Wing|p2a: 아르세우스
|-damage|p2a: 아르세우스|6/100
|-heal|p1a: Y鸟|100/100|[from] drain|[of] p2a: 아르세우스
|-damage|p1a: Y鸟|91/100|[from] item: Life Orb
|move|p2a: 아르세우스|Recover|p2a: 아르세우스
|-heal|p2a: 아르세우스|56/100
|
|upkeep
|turn|21
|
|t:|1662812111
|-start|p1a: Y鸟|Dynamax|
|-heal|p1a: Y鸟|91/100|[silent]
|move|p1a: Y鸟|Max Airstream|p2a: 아르세우스
|-damage|p2a: 아르세우스|0 fnt
|-boost|p1a: Y鸟|spe|1
|faint|p2a: 아르세우스
|-damage|p1a: Y鸟|86/100|[from] item: Life Orb
|
|upkeep
|
|t:|1662812115
|switch|p2a: 럭키|Chansey, F|100/100
|turn|22
|
|t:|1662812118
|-end|p1a: Y鸟|Dynamax
|-heal|p1a: Y鸟|86/100|[silent]
|switch|p1a: 嘉然小姐的狗|Zacian-Crowned|100/100
|-ability|p1a: 嘉然小姐的狗|Intrepid Sword|boost
|-boost|p1a: 嘉然小姐的狗|atk|1
|move|p2a: 럭키|Toxic|p1a: 嘉然小姐的狗|[miss]
|-miss|p2a: 럭키|p1a: 嘉然小姐的狗
|
|upkeep
|turn|23
|
|t:|1662812123
|switch|p1a: Y鸟|Yveltal|86/100
|-ability|p1a: Y鸟|Dark Aura
|switch|p2a: 루기아|Lugia|100/100
|
|upkeep
|turn|24
|
|t:|1662812135
|switch|p2a: 그란돈|Groudon|100/100
|detailschange|p2a: 그란돈|Groudon-Primal
|-primal|p2a: 그란돈
|-weather|DesolateLand|[from] ability: Desolate Land|[of] p2a: 그란돈
|move|p1a: Y鸟|Taunt|p2a: 그란돈
|-start|p2a: 그란돈|move: Taunt
|
|-weather|DesolateLand|[upkeep]
|upkeep
|turn|25
|
|t:|1662812138
|move|p1a: Y鸟|Dark Pulse|p2a: 그란돈
|-damage|p2a: 그란돈|30/100
|-damage|p1a: Y鸟|76/100|[from] item: Life Orb
|cant|p2a: 그란돈|flinch
|
|-weather|DesolateLand|[upkeep]
|upkeep
|turn|26
|
|t:|1662812143
|-weather|none
|switch|p2a: 럭키|Chansey, F|100/100
|move|p1a: Y鸟|Oblivion Wing|p2a: 럭키
|-damage|p2a: 럭키|83/100
|-heal|p1a: Y鸟|98/100|[from] drain|[of] p2a: 럭키
|-damage|p1a: Y鸟|88/100|[from] item: Life Orb
|
|upkeep
|turn|27
|
|t:|1662812147
|move|p1a: Y鸟|Taunt|p2a: 럭키
|-start|p2a: 럭키|move: Taunt
|move|p2a: 럭키|Seismic Toss|p1a: Y鸟
|-damage|p1a: Y鸟|63/100
|
|upkeep
|turn|28
|
|t:|1662812149
|switch|p1a: 钢铁之躯|Necrozma-Dusk-Mane|100/100
|move|p2a: 럭키|Seismic Toss|p1a: 钢铁之躯
|-damage|p1a: 钢铁之躯|75/100
|
|upkeep
|turn|29
|
|t:|1662812154
|switch|p2a: 루기아|Lugia|100/100
|move|p1a: 钢铁之躯|Stone Edge|p2a: 루기아|[miss]
|-miss|p1a: 钢铁之躯|p2a: 루기아
|
|upkeep
|turn|30
|
|t:|1662812160
|move|p2a: 루기아|Toxic|p1a: 钢铁之躯
|-immune|p1a: 钢铁之躯
|move|p1a: 钢铁之躯|Stone Edge|p2a: 루기아
|-supereffective|p2a: 루기아
|-damage|p2a: 루기아|77/100
|
|upkeep
|turn|31
|
|t:|1662812164
|move|p2a: 루기아|Roost|p2a: 루기아
|-heal|p2a: 루기아|100/100
|-singleturn|p2a: 루기아|move: Roost
|move|p1a: 钢铁之躯|Dragon Dance|p1a: 钢铁之躯
|-boost|p1a: 钢铁之躯|atk|1
|-boost|p1a: 钢铁之躯|spe|1
|
|upkeep
|turn|32
|
|t:|1662812170
|move|p1a: 钢铁之躯|Stone Edge|p2a: 루기아
|-supereffective|p2a: 루기아
|-damage|p2a: 루기아|66/100
|move|p2a: 루기아|Roost|p2a: 루기아
|-heal|p2a: 루기아|100/100
|-singleturn|p2a: 루기아|move: Roost
|
|upkeep
|turn|33
|
|t:|1662812175
|move|p1a: 钢铁之躯|Dragon Dance|p1a: 钢铁之躯
|-boost|p1a: 钢铁之躯|atk|1
|-boost|p1a: 钢铁之躯|spe|1
|move|p2a: 루기아|Roost||[still]
|-fail|p2a: 루기아|heal
|
|upkeep
|turn|34
|
|t:|1662812180
|move|p1a: 钢铁之躯|Stone Edge|p2a: 루기아
|-supereffective|p2a: 루기아
|-crit|p2a: 루기아
|-damage|p2a: 루기아|31/100
|move|p2a: 루기아|Roost|p2a: 루기아
|-heal|p2a: 루기아|81/100
|-singleturn|p2a: 루기아|move: Roost
|
|upkeep
|turn|35
|
|t:|1662812184
|move|p1a: 钢铁之躯|Stone Edge|p2a: 루기아|[miss]
|-miss|p1a: 钢铁之躯|p2a: 루기아
|move|p2a: 루기아|Roost|p2a: 루기아
|-heal|p2a: 루기아|100/100
|-singleturn|p2a: 루기아|move: Roost
|
|upkeep
|turn|36
|
|t:|1662812188
|move|p1a: 钢铁之躯|Dragon Dance|p1a: 钢铁之躯
|-boost|p1a: 钢铁之躯|atk|1
|-boost|p1a: 钢铁之躯|spe|1
|move|p2a: 루기아|Aeroblast|p1a: 钢铁之躯
|-resisted|p1a: 钢铁之躯
|-damage|p1a: 钢铁之躯|61/100
|
|upkeep
|turn|37
|
|t:|1662812193
|switch|p2a: 메타몽|Ditto|100/100
|-transform|p2a: 메타몽|p1a: 钢铁之躯|[from] ability: Imposter
|move|p1a: 钢铁之躯|Dragon Dance|p1a: 钢铁之躯
|-boost|p1a: 钢铁之躯|atk|1
|-boost|p1a: 钢铁之躯|spe|1
|
|upkeep
|turn|38
|
|t:|1662812216
|detailschange|p1a: 钢铁之躯|Necrozma-Ultra
|-burst|p1a: 钢铁之躯|Necrozma|Ultranecrozium Z
|move|p1a: 钢铁之躯|Earthquake|p2a: 메타몽
|-supereffective|p2a: 메타몽
|-damage|p2a: 메타몽|0 fnt
|faint|p2a: 메타몽
|
|upkeep
|-message|rajof forfeited.
|
|win|CLEAR GEM清瑜
|raw|CLEAR GEM清瑜's rating: 1885 &rarr; <strong>1909</strong><br />(+24 for winning)
|raw|rajof's rating: 1951 &rarr; <strong>1927</strong><br />(-24 for losing)
|l|☆rajof
