|j|☆Wyvern.xyz
|j|☆Billee
|t:|1653768682
|gametype|singles
|player|p1|Wyvern.xyz|shadowtriad|1682
|player|p2|Billee|elesa|1606
|teamsize|p1|6
|teamsize|p2|6
|gen|8
|tier|[Gen 8] National Dex AG
|rated|
|rule|HP Percentage Mod: HP is shown in percentages
|rule|Endless Battle Clause: Forcing endless battles is banned
|clearpoke
|poke|p1|Aerodactyl, F|
|poke|p1|Rayquaza|
|poke|p1|Groudon|
|poke|p1|Smeargle, F|
|poke|p1|Yveltal|
|poke|p1|Calyrex-Shadow|
|poke|p2|Excadrill, F|
|poke|p2|Kyogre|
|poke|p2|Nidoking, M|
|poke|p2|Marshadow|
|poke|p2|Zygarde|
|poke|p2|Rayquaza|
|teampreview
|
|t:|1653768686
|start
|switch|p1a: Aerodactyl|Aerodactyl, F|100/100
|switch|p2a: Zygarde|Zygarde|100/100
|-ability|p1a: Aerodactyl|Pressure
|turn|1
|
|t:|1653768688
|move|p1a: Aerodactyl|Rock Tomb|p2a: Zygarde
|-resisted|p2a: Zygarde
|-damage|p2a: Zygarde|91/100
|-unboost|p2a: Zygarde|spe|1
|move|p2a: Zygarde|Substitute|p2a: Zygarde
|-start|p2a: Zygarde|Substitute
|-damage|p2a: Zygarde|66/100
|
|-heal|p2a: Zygarde|73/100|[from] item: Leftovers
|upkeep
|turn|2
|
|t:|1653768692
|move|p1a: Aerodactyl|Rock Tomb|p2a: Zygarde
|-resisted|p2a: Zygarde
|-activate|p2a: Zygarde|move: Substitute|[damage]
|move|p2a: Zygarde|Dragon Dance|p2a: Zygarde
|-boost|p2a: Zygarde|atk|1
|-boost|p2a: Zygarde|spe|1
|
|-heal|p2a: Zygarde|79/100|[from] item: Leftovers
|upkeep
|turn|3
|
|t:|1653768694
|move|p1a: Aerodactyl|Rock Tomb|p2a: Zygarde
|-resisted|p2a: Zygarde
|-activate|p2a: Zygarde|move: Substitute|[damage]
|move|p2a: Zygarde|Dragon Dance|p2a: Zygarde
|-boost|p2a: Zygarde|atk|1
|-boost|p2a: Zygarde|spe|1
|
|-heal|p2a: Zygarde|85/100|[from] item: Leftovers
|upkeep
|turn|4
|
|t:|1653768696
|move|p2a: Zygarde|Thousand Arrows|p1a: Aerodactyl
|-enditem|p1a: Aerodactyl|Focus Sash
|-damage|p1a: Aerodactyl|1/100
|-start|p1a: Aerodactyl|Smack Down
|move|p1a: Aerodactyl|Rock Tomb|p2a: Zygarde
|-resisted|p2a: Zygarde
|-end|p2a: Zygarde|Substitute
|
|-heal|p2a: Zygarde|91/100|[from] item: Leftovers
|upkeep
|turn|5
|
|t:|1653768701
|move|p2a: Zygarde|Substitute|p2a: Zygarde
|-start|p2a: Zygarde|Substitute
|-damage|p2a: Zygarde|66/100
|move|p1a: Aerodactyl|Taunt|p2a: Zygarde
|-start|p2a: Zygarde|move: Taunt
|
|-heal|p2a: Zygarde|72/100|[from] item: Leftovers
|upkeep
|turn|6
|
|t:|1653768704
|move|p2a: Zygarde|Thousand Arrows|p1a: Aerodactyl
|-supereffective|p1a: Aerodactyl
|-damage|p1a: Aerodactyl|0 fnt
|faint|p1a: Aerodactyl
|
|-heal|p2a: Zygarde|78/100|[from] item: Leftovers
|upkeep
|j| vlarkdark
|
|t:|1653768706
|switch|p1a: Calyrex|Calyrex-Shadow|100/100
|-ability|p1a: Calyrex|As One
|-ability|p1a: Calyrex|Unnerve
|turn|7
|
|t:|1653768710
|move|p1a: Calyrex|Astral Barrage|p2a: Zygarde
|-end|p2a: Zygarde|Substitute
|move|p2a: Zygarde|Thousand Arrows|p1a: Calyrex
|-damage|p1a: Calyrex|9/100
|
|-heal|p2a: Zygarde|84/100|[from] item: Leftovers
|upkeep
|turn|8
|
|t:|1653768712
|move|p1a: Calyrex|Astral Barrage|p2a: Zygarde
|-damage|p2a: Zygarde|7/100
|move|p2a: Zygarde|Thousand Arrows|p1a: Calyrex
|-damage|p1a: Calyrex|0 fnt
|faint|p1a: Calyrex
|
|-heal|p2a: Zygarde|14/100|[from] item: Leftovers
|-end|p2a: Zygarde|move: Taunt
|-activate|p2a: Zygarde|ability: Power Construct
|detailschange|p2a: Zygarde|Zygarde-Complete
|-heal|p2a: Zygarde|46/100|[silent]
|upkeep
|l| vlarkdark
|
|t:|1653768717
|switch|p1a: Smeargle|Smeargle, F|100/100
|turn|9
|
|t:|1653768720
|move|p2a: Zygarde|Substitute|p2a: Zygarde
|-start|p2a: Zygarde|Substitute
|-damage|p2a: Zygarde|21/100
|move|p1a: Smeargle|Spore||[still]
|-fail|p1a: Smeargle
|
|-heal|p2a: Zygarde|27/100|[from] item: Leftovers
|-ability|p1a: Smeargle|Moody|boost
|-boost|p1a: Smeargle|spd|2
|-unboost|p1a: Smeargle|atk|1
|upkeep
|turn|10
|
|t:|1653768725
|move|p1a: Smeargle|Shell Smash|p1a: Smeargle
|-unboost|p1a: Smeargle|def|1
|-unboost|p1a: Smeargle|spd|1
|-boost|p1a: Smeargle|atk|2
|-boost|p1a: Smeargle|spa|2
|-boost|p1a: Smeargle|spe|2
|move|p2a: Zygarde|Dragon Tail|p1a: Smeargle
|-enditem|p1a: Smeargle|Focus Sash
|-damage|p1a: Smeargle|1/100
|drag|p1a: Yveltal|Yveltal|100/100
|-ability|p1a: Yveltal|Dark Aura
|
|-heal|p2a: Zygarde|34/100|[from] item: Leftovers
|upkeep
|turn|11
|
|t:|1653768729
|move|p2a: Zygarde|Thousand Arrows|p1a: Yveltal
|-damage|p1a: Yveltal|19/100
|-start|p1a: Yveltal|Smack Down
|move|p1a: Yveltal|Dark Pulse|p2a: Zygarde
|-end|p2a: Zygarde|Substitute
|-damage|p1a: Yveltal|9/100|[from] item: Life Orb
|
|-heal|p2a: Zygarde|40/100|[from] item: Leftovers
|upkeep
|turn|12
|-message|Wyvern.xyz forfeited.
|
|win|Billee
|raw|Wyvern.xyz's rating: 1682 &rarr; <strong>1658</strong><br />(-24 for losing)
|raw|Billee's rating: 1606 &rarr; <strong>1630</strong><br />(+24 for winning)
|l|☆Wyvern.xyz
