|j|☆C0ld as Ic3
|j|☆lemoncell0
|inactive|Battle timer is ON: inactive players will automatically lose when time's up.
|t:|1653968654
|gametype|singles
|player|p1|C0ld as Ic3|schoolkid-gen4dp|
|player|p2|lemoncell0|allister|
|teamsize|p1|6
|teamsize|p2|6
|gen|8
|tier|[Gen 8] National Dex AG
|rated|Tournament battle
|rule|HP Percentage Mod: HP is shown in percentages
|rule|Endless Battle Clause: Forcing endless battles is banned
|clearpoke
|poke|p1|Slurpuff, M|
|poke|p1|Necrozma-Dusk-Mane|
|poke|p1|Arceus-*|
|poke|p1|Yveltal|
|poke|p1|Rayquaza|
|poke|p1|Calyrex-Shadow|
|poke|p2|Latias, F|
|poke|p2|Tyranitar, M|
|poke|p2|Ditto|
|poke|p2|Quagsire, M|
|poke|p2|Zacian-*|
|poke|p2|Vivillon-Monsoon, F|
|teampreview
|inactive|C0ld as Ic3 also wants the timer to be on.
|
|t:|1653968659
|start
|switch|p1a: Rayquaza|Rayquaza|100/100
|switch|p2a: Vivillon|Vivillon-Monsoon, F|100/100
|-ability|p1a: Rayquaza|Air Lock
|turn|1
|j| icecake404
|
|t:|1653968665
|switch|p2a: Quagsire|Quagsire, M|100/100
|detailschange|p1a: Rayquaza|Rayquaza-Mega
|-mega|p1a: Rayquaza|Rayquaza|
|-weather|DeltaStream|[from] ability: Delta Stream|[of] p1a: Rayquaza
|move|p1a: Rayquaza|Dragon Ascent|p2a: Quagsire
|-damage|p2a: Quagsire|46/100
|-unboost|p1a: Rayquaza|def|1
|-unboost|p1a: Rayquaza|spd|1
|-damage|p1a: Rayquaza|84/100|[from] item: Rocky Helmet|[of] p2a: Quagsire
|
|-weather|DeltaStream|[upkeep]
|upkeep
|turn|2
|j| NoTollsNoRolls
|
|t:|1653968669
|move|p1a: Rayquaza|Dragon Ascent|p2a: Quagsire
|-damage|p2a: Quagsire|0 fnt
|-unboost|p1a: Rayquaza|def|1
|-unboost|p1a: Rayquaza|spd|1
|-damage|p1a: Rayquaza|67/100|[from] item: Rocky Helmet|[of] p2a: Quagsire
|faint|p2a: Quagsire
|
|-weather|DeltaStream|[upkeep]
|upkeep
|
|t:|1653968671
|switch|p2a: Zacian|Zacian-Crowned|100/100
|-ability|p2a: Zacian|Intrepid Sword|boost
|-boost|p2a: Zacian|atk|1
|turn|3
|j| Jamesman1222
|
|t:|1653968674
|switch|p2a: Vivillon|Vivillon-Monsoon, F|100/100
|-weather|none
|switch|p1a: Slurpuff|Slurpuff, M|100/100
|
|upkeep
|turn|4
|
|t:|1653968699
|move|p2a: Vivillon|Substitute|p2a: Vivillon
|-start|p2a: Vivillon|Substitute
|-damage|p2a: Vivillon|76/100
|move|p1a: Slurpuff|Misty Explosion|p2a: Vivillon
|-end|p2a: Vivillon|Substitute
|faint|p1a: Slurpuff
|
|-heal|p2a: Vivillon|82/100|[from] item: Leftovers
|upkeep
|
|t:|1653968710
|switch|p1a: Rayquaza|Rayquaza-Mega|67/100
|-weather|DeltaStream|[from] ability: Delta Stream|[of] p1a: Rayquaza
|turn|5
|
|t:|1653968726
|switch|p2a: Latias|Latias, F|100/100
|move|p1a: Rayquaza|Dragon Ascent|p2a: Latias
|-damage|p2a: Latias|19/100
|-unboost|p1a: Rayquaza|def|1
|-unboost|p1a: Rayquaza|spd|1
|
|-weather|DeltaStream|[upkeep]
|upkeep
|turn|6
|
|t:|1653968732
|detailschange|p2a: Latias|Latias-Mega, F
|-mega|p2a: Latias|Latias|Latiasite
|move|p1a: Rayquaza|Extreme Speed|p2a: Latias
|-damage|p2a: Latias|0 fnt
|faint|p2a: Latias
|
|-weather|DeltaStream|[upkeep]
|upkeep
|
|t:|1653968736
|switch|p2a: Zacian|Zacian-Crowned|100/100
|-ability|p2a: Zacian|Intrepid Sword|boost
|-boost|p2a: Zacian|atk|1
|turn|7
|
|t:|1653968744
|-weather|none
|switch|p1a: Necrozma|Necrozma-Dusk-Mane|100/100
|move|p2a: Zacian|Behemoth Blade|p1a: Necrozma
|-resisted|p1a: Necrozma
|-damage|p1a: Necrozma|61/100
|
|upkeep
|turn|8
|
|t:|1653968749
|move|p2a: Zacian|Close Combat|p1a: Necrozma
|-damage|p1a: Necrozma|0 fnt
|-unboost|p2a: Zacian|def|1
|-unboost|p2a: Zacian|spd|1
|faint|p1a: Necrozma
|
|upkeep
|
|t:|1653968754
|switch|p1a: Calyrex|Calyrex-Shadow|100/100
|-ability|p1a: Calyrex|As One
|-ability|p1a: Calyrex|Unnerve
|turn|9
|
|t:|1653968757
|switch|p2a: Tyranitar|Tyranitar, M|100/100
|-weather|Sandstorm|[from] ability: Sand Stream|[of] p2a: Tyranitar
|move|p1a: Calyrex|Substitute|p1a: Calyrex
|-start|p1a: Calyrex|Substitute
|-damage|p1a: Calyrex|76/100
|
|-weather|Sandstorm|[upkeep]
|-damage|p1a: Calyrex|69/100|[from] Sandstorm
|upkeep
|turn|10
|j| Paycard
|
|t:|1653968765
|-activate|p1a: Calyrex|move: Pursuit
|move|p2a: Tyranitar|Pursuit|p1a: Calyrex|[from]Pursuit
|-supereffective|p1a: Calyrex
|-end|p1a: Calyrex|Substitute
|switch|p1a: Rayquaza|Rayquaza-Mega|67/100
|-weather|DeltaStream|[from] ability: Delta Stream|[of] p1a: Rayquaza
|
|-weather|DeltaStream|[upkeep]
|upkeep
|turn|11
|
|t:|1653968773
|switch|p2a: Vivillon|Vivillon-Monsoon, F|82/100
|move|p1a: Rayquaza|Earthquake|p2a: Vivillon
|-immune|p2a: Vivillon
|
|-weather|DeltaStream|[upkeep]
|-heal|p2a: Vivillon|88/100|[from] item: Leftovers
|upkeep
|turn|12
|j| PHOTOREALISTIC
|
|t:|1653968775
|move|p1a: Rayquaza|Dragon Ascent|p2a: Vivillon
|-supereffective|p2a: Vivillon
|-damage|p2a: Vivillon|0 fnt
|-unboost|p1a: Rayquaza|def|1
|-unboost|p1a: Rayquaza|spd|1
|faint|p2a: Vivillon
|
|-weather|DeltaStream|[upkeep]
|upkeep
|
|t:|1653968777
|switch|p2a: Zacian|Zacian-Crowned|100/100
|-ability|p2a: Zacian|Intrepid Sword|boost
|-boost|p2a: Zacian|atk|1
|turn|13
|
|t:|1653968783
|move|p1a: Rayquaza|Extreme Speed|p2a: Zacian
|-resisted|p2a: Zacian
|-damage|p2a: Zacian|83/100
|move|p2a: Zacian|Behemoth Blade|p1a: Rayquaza
|-damage|p1a: Rayquaza|0 fnt
|faint|p1a: Rayquaza
|-weather|none
|
|upkeep
|
|t:|1653968790
|switch|p1a: Calyrex|Calyrex-Shadow|69/100
|-ability|p1a: Calyrex|As One
|-ability|p1a: Calyrex|Unnerve
|turn|14
|
|t:|1653968793
|move|p1a: Calyrex|Substitute|p1a: Calyrex
|-start|p1a: Calyrex|Substitute
|-damage|p1a: Calyrex|44/100
|move|p2a: Zacian|Behemoth Blade|p1a: Calyrex
|-end|p1a: Calyrex|Substitute
|
|upkeep
|turn|15
|
|t:|1653968797
|switch|p2a: Tyranitar|Tyranitar, M|100/100
|-weather|Sandstorm|[from] ability: Sand Stream|[of] p2a: Tyranitar
|move|p1a: Calyrex|Astral Barrage|p2a: Tyranitar
|-resisted|p2a: Tyranitar
|-damage|p2a: Tyranitar|80/100
|-damage|p1a: Calyrex|35/100|[from] item: Life Orb
|
|-weather|Sandstorm|[upkeep]
|-damage|p1a: Calyrex|28/100|[from] Sandstorm
|-heal|p2a: Tyranitar|86/100|[from] item: Leftovers
|upkeep
|turn|16
|
|t:|1653968801
|move|p1a: Calyrex|Draining Kiss|p2a: Tyranitar
|-supereffective|p2a: Tyranitar
|-crit|p2a: Tyranitar
|-damage|p2a: Tyranitar|50/100
|-heal|p1a: Calyrex|61/100|[from] drain|[of] p2a: Tyranitar
|-damage|p1a: Calyrex|51/100|[from] item: Life Orb
|move|p2a: Tyranitar|Pursuit|p1a: Calyrex
|-supereffective|p1a: Calyrex
|-damage|p1a: Calyrex|0 fnt
|faint|p1a: Calyrex
|
|-weather|Sandstorm|[upkeep]
|-heal|p2a: Tyranitar|56/100|[from] item: Leftovers
|upkeep
|
|t:|1653968809
|switch|p1a: Yveltal|Yveltal|100/100
|-ability|p1a: Yveltal|Dark Aura
|turn|17
|
|t:|1653968811
|move|p1a: Yveltal|Taunt|p2a: Tyranitar
|-start|p2a: Tyranitar|move: Taunt
|move|p2a: Tyranitar|Rock Tomb|p1a: Yveltal
|-supereffective|p1a: Yveltal
|-damage|p1a: Yveltal|53/100
|-unboost|p1a: Yveltal|spe|1
|
|-weather|Sandstorm|[upkeep]
|-damage|p1a: Yveltal|47/100|[from] Sandstorm
|-heal|p2a: Tyranitar|63/100|[from] item: Leftovers
|upkeep
|turn|18
|
|t:|1653968813
|move|p1a: Yveltal|Dark Pulse|p2a: Tyranitar
|-resisted|p2a: Tyranitar
|-damage|p2a: Tyranitar|45/100
|-damage|p1a: Yveltal|37/100|[from] item: Life Orb
|move|p2a: Tyranitar|Rock Tomb|p1a: Yveltal
|-supereffective|p1a: Yveltal
|-crit|p1a: Yveltal
|-damage|p1a: Yveltal|0 fnt
|faint|p1a: Yveltal
|
|-weather|Sandstorm|[upkeep]
|-heal|p2a: Tyranitar|51/100|[from] item: Leftovers
|upkeep
|
|t:|1653968816
|switch|p1a: Arceus|Arceus|100/100
|turn|19
|
|t:|1653968820
|move|p1a: Arceus|Swords Dance|p1a: Arceus
|-boost|p1a: Arceus|atk|2
|move|p2a: Tyranitar|Rock Tomb|p1a: Arceus
|-damage|p1a: Arceus|82/100
|-unboost|p1a: Arceus|spe|1
|
|-weather|none
|-heal|p2a: Tyranitar|58/100|[from] item: Leftovers
|-end|p2a: Tyranitar|move: Taunt
|upkeep
|turn|20
|
|t:|1653968823
|move|p1a: Arceus|Extreme Speed|p2a: Tyranitar
|-resisted|p2a: Tyranitar
|-damage|p2a: Tyranitar|14/100
|-damage|p1a: Arceus|72/100|[from] item: Life Orb
|move|p2a: Tyranitar|Rock Tomb|p1a: Arceus
|-damage|p1a: Arceus|56/100
|-unboost|p1a: Arceus|spe|1
|
|-heal|p2a: Tyranitar|21/100|[from] item: Leftovers
|upkeep
|turn|21
|
|t:|1653968826
|move|p1a: Arceus|Extreme Speed|p2a: Tyranitar
|-resisted|p2a: Tyranitar
|-damage|p2a: Tyranitar|0 fnt
|faint|p2a: Tyranitar
|-damage|p1a: Arceus|46/100|[from] item: Life Orb
|
|upkeep
|
|t:|1653968828
|switch|p2a: Zacian|Zacian-Crowned|83/100
|-ability|p2a: Zacian|Intrepid Sword|boost
|-boost|p2a: Zacian|atk|1
|turn|22
|l| icecake404
|
|t:|1653968831
|move|p1a: Arceus|Extreme Speed|p2a: Zacian
|-resisted|p2a: Zacian
|-damage|p2a: Zacian|34/100
|-damage|p1a: Arceus|36/100|[from] item: Life Orb
|move|p2a: Zacian|Behemoth Blade|p1a: Arceus
|-damage|p1a: Arceus|0 fnt
|faint|p1a: Arceus
|
|win|lemoncell0
|n|☆C0ld as Ic3|c0ldasic3
|n|☆lemoncell0|lemoncell0
|n| NoTollsNoRolls|notollsnorolls
|n| Jamesman1222|jamesman1222
|n| Paycard|paycard
|n| PHOTOREALISTIC|photorealistic
