|j|☆The Moyai Guy
|j|‽OhYessirWeGucci
|inactive|Battle timer is ON: inactive players will automatically lose when time's up.
|t:|1651688127
|gametype|singles
|player|p1|The Moyai Guy|volkner|
|player|p2|OhYessirWeGucci|schoolkidf-gen4|
|teamsize|p1|6
|teamsize|p2|6
|gen|8
|tier|[Gen 8] National Dex AG
|rated|Tournament battle
|rule|HP Percentage Mod: HP is shown in percentages
|rule|Endless Battle Clause: Forcing endless battles is banned
|clearpoke
|poke|p1|Arceus-*|
|poke|p1|Smeargle, F|
|poke|p1|Smeargle, M|
|poke|p1|Marshadow|
|poke|p1|Arceus-*|
|poke|p1|Xerneas-*|
|poke|p2|Arceus-*|
|poke|p2|Necrozma-Dusk-Mane|
|poke|p2|Yveltal|
|poke|p2|Rayquaza|
|poke|p2|Arceus-*|
|poke|p2|Tangrowth, M|
|teampreview
|inactive|OhYessirWeGucci also wants the timer to be on.
|c|☆The Moyai Guy|Hf
|
|t:|1651688139
|start
|switch|p1a: Hi Rayquaza|Arceus-Fairy|100/100
|switch|p2a: Tangrowth|Tangrowth, M|100/100
|turn|1
|
|t:|1651688146
|switch|p2a: Necrozma|Necrozma-Dusk-Mane|100/100
|move|p1a: Hi Rayquaza|Magic Coat|p1a: Hi Rayquaza
|-singleturn|p1a: Hi Rayquaza|move: Magic Coat
|
|upkeep
|turn|2
|
|t:|1651688152
|move|p1a: Hi Rayquaza|Stealth Rock|p2a: Necrozma
|-sidestart|p2: OhYessirWeGucci|move: Stealth Rock
|move|p2a: Necrozma|Sunsteel Strike|p1a: Hi Rayquaza
|-supereffective|p1a: Hi Rayquaza
|-damage|p1a: Hi Rayquaza|26/100
|
|upkeep
|turn|3
|
|t:|1651688155
|move|p1a: Hi Rayquaza|Magic Coat|p1a: Hi Rayquaza
|-singleturn|p1a: Hi Rayquaza|move: Magic Coat
|move|p2a: Necrozma|Stealth Rock|p1a: Hi Rayquaza
|move|p1a: Hi Rayquaza|Stealth Rock||[from]Magic Coat|[still]
|-fail|p1a: Hi Rayquaza
|
|upkeep
|turn|4
|
|t:|1651688159
|move|p1a: Hi Rayquaza|Magic Coat|p1a: Hi Rayquaza
|-singleturn|p1a: Hi Rayquaza|move: Magic Coat
|move|p2a: Necrozma|Sunsteel Strike|p1a: Hi Rayquaza
|-supereffective|p1a: Hi Rayquaza
|-damage|p1a: Hi Rayquaza|0 fnt
|faint|p1a: Hi Rayquaza
|
|upkeep
|
|t:|1651688164
|switch|p1a: Smeargle|Smeargle, F|100/100
|turn|5
|
|t:|1651688170
|switch|p2a: Tangrowth|Tangrowth, M|100/100
|-damage|p2a: Tangrowth|88/100|[from] Stealth Rock
|move|p1a: Smeargle|Shell Smash|p1a: Smeargle
|-unboost|p1a: Smeargle|def|1
|-unboost|p1a: Smeargle|spd|1
|-boost|p1a: Smeargle|atk|2
|-boost|p1a: Smeargle|spa|2
|-boost|p1a: Smeargle|spe|2
|
|-ability|p1a: Smeargle|Moody|boost
|-boost|p1a: Smeargle|spa|2
|-unboost|p1a: Smeargle|spe|1
|upkeep
|turn|6
|
|t:|1651688183
|move|p1a: Smeargle|Baton Pass|p1a: Smeargle
|j| asjklfjsdklfjsdfjl
|
|t:|1651688192
|switch|p1a: Hi Chansey|Xerneas|100/100|[from]move: Baton Pass
|-enditem|p1a: Hi Chansey|White Herb
|-clearnegativeboost|p1a: Hi Chansey|[silent]
|-ability|p1a: Hi Chansey|Fairy Aura
|move|p2a: Tangrowth|Knock Off|p1a: Hi Chansey
|-resisted|p1a: Hi Chansey
|-damage|p1a: Hi Chansey|94/100
|
|upkeep
|turn|7
|
|t:|1651688207
|move|p1a: Hi Chansey|Moonblast|p2a: Tangrowth
|-damage|p2a: Tangrowth|0 fnt
|faint|p2a: Tangrowth
|
|upkeep
|
|t:|1651688211
|switch|p2a: Necrozma|Necrozma-Dusk-Mane|100/100
|-damage|p2a: Necrozma|94/100|[from] Stealth Rock
|turn|8
|
|t:|1651688215
|-start|p1a: Hi Chansey|Dynamax|
|-heal|p1a: Hi Chansey|94/100|[silent]
|move|p1a: Hi Chansey|Max Flare|p2a: Necrozma
|-supereffective|p2a: Necrozma
|-crit|p2a: Necrozma
|-damage|p2a: Necrozma|0 fnt
|-weather|SunnyDay
|faint|p2a: Necrozma
|
|-weather|SunnyDay|[upkeep]
|upkeep
|-message|OhYessirWeGucci forfeited.
|
|win|The Moyai Guy
|n|☆The Moyai Guy|themoyaiguy
|n|‽OhYessirWeGucci|ohyessirwegucci
|n| asjklfjsdklfjsdfjl|asjklfjsdklfjsdfjl
|l|‽OhYessirWeGucci
|c|☆The Moyai Guy|Gg
