|j|☆Kate
|j|☆IAmJklol
|inactive|Battle timer is ON: inactive players will automatically lose when time's up.
|t:|1662610107
|gametype|singles
|player|p1|Kate|#scl2dynamos|
|player|p2|IAmJklol|red|
|teamsize|p1|6
|teamsize|p2|6
|gen|8
|tier|[Gen 8] National Dex AG
|rated|Tournament battle
|rule|HP Percentage Mod: HP is shown in percentages
|rule|Endless Battle Clause: Forcing endless battles is banned
|clearpoke
|poke|p1|Ferrothorn, M|
|poke|p1|Arceus-*|
|poke|p1|Necrozma-Dusk-Mane|
|poke|p1|Yveltal|
|poke|p1|Arceus-*|
|poke|p1|Arceus-*|
|poke|p2|Ho-Oh|
|poke|p2|Necrozma-Dusk-Mane|
|poke|p2|Zygarde|
|poke|p2|Rayquaza|
|poke|p2|Calyrex-Shadow|
|poke|p2|Arceus-*|
|teampreview
|inactive|IAmJklol also wants the timer to be on.
|j| lemoncell0
|j| Agofz4 Pokemh
|j| Qui Vitam
|j| AGCSR4 default0
|
|t:|1662610125
|start
|switch|p1a: Arceus|Arceus-Water|100/100
|switch|p2a: Rayquaza|Rayquaza|100/100
|-ability|p2a: Rayquaza|Air Lock
|turn|1
|j| Won't lose 1
|j| alt1445645
|
|t:|1662610131
|detailschange|p2a: Rayquaza|Rayquaza-Mega
|-mega|p2a: Rayquaza|Rayquaza|
|-weather|DeltaStream|[from] ability: Delta Stream|[of] p2a: Rayquaza
|move|p2a: Rayquaza|Dragon Ascent|p1a: Arceus
|-damage|p1a: Arceus|36/100
|-unboost|p2a: Rayquaza|def|1
|-unboost|p2a: Rayquaza|spd|1
|move|p1a: Arceus|Ice Beam|p2a: Rayquaza
|-activate||deltastream
|-supereffective|p2a: Rayquaza
|-damage|p2a: Rayquaza|30/100
|
|-weather|DeltaStream|[upkeep]
|upkeep
|turn|2
|j| High ladder bros
|j| JAY100064
|
|t:|1662610145
|-weather|none
|switch|p2a: Arceus|Arceus-Water|100/100
|switch|p1a: Necrozma|Necrozma-Dusk-Mane|100/100
|
|upkeep
|turn|3
|
|t:|1662610151
|move|p2a: Arceus|Substitute|p2a: Arceus
|-start|p2a: Arceus|Substitute
|-damage|p2a: Arceus|75/100
|move|p1a: Necrozma|Toxic||[still]
|-fail|p1a: Necrozma
|
|upkeep
|turn|4
|
|t:|1662610156
|switch|p1a: Ferrothorn|Ferrothorn, M|100/100
|move|p2a: Arceus|Calm Mind|p2a: Arceus
|-boost|p2a: Arceus|spa|1
|-boost|p2a: Arceus|spd|1
|
|upkeep
|turn|5
|
|t:|1662610161
|move|p2a: Arceus|Calm Mind|p2a: Arceus
|-boost|p2a: Arceus|spa|1
|-boost|p2a: Arceus|spd|1
|move|p1a: Ferrothorn|Iron Defense|p1a: Ferrothorn
|-boost|p1a: Ferrothorn|def|2
|
|upkeep
|turn|6
|
|t:|1662610167
|move|p2a: Arceus|Calm Mind|p2a: Arceus
|-boost|p2a: Arceus|spa|1
|-boost|p2a: Arceus|spd|1
|move|p1a: Ferrothorn|Body Press|p2a: Arceus
|-end|p2a: Arceus|Substitute
|
|upkeep
|turn|7
|j| TaxFraud094
|
|t:|1662610173
|move|p2a: Arceus|Substitute|p2a: Arceus
|-start|p2a: Arceus|Substitute
|-damage|p2a: Arceus|50/100
|move|p1a: Ferrothorn|Leech Seed||[still]
|-fail|p1a: Ferrothorn
|
|upkeep
|turn|8
|
|t:|1662610177
|move|p2a: Arceus|Recover|p2a: Arceus
|-heal|p2a: Arceus|100/100
|move|p1a: Ferrothorn|Body Press|p2a: Arceus
|-end|p2a: Arceus|Substitute
|
|upkeep
|turn|9
|l| JAY100064
|j|+Leafstorm121❤
|
|t:|1662610187
|move|p2a: Arceus|Substitute|p2a: Arceus
|-start|p2a: Arceus|Substitute
|-damage|p2a: Arceus|75/100
|move|p1a: Ferrothorn|Body Press|p2a: Arceus
|-end|p2a: Arceus|Substitute
|
|upkeep
|turn|10
|j| JAY100064
|
|t:|1662610192
|move|p2a: Arceus|Substitute|p2a: Arceus
|-start|p2a: Arceus|Substitute
|-damage|p2a: Arceus|50/100
|move|p1a: Ferrothorn|Body Press|p2a: Arceus
|-end|p2a: Arceus|Substitute
|
|upkeep
|turn|11
|
|t:|1662610195
|move|p2a: Arceus|Judgment|p1a: Ferrothorn
|-resisted|p1a: Ferrothorn
|-crit|p1a: Ferrothorn
|-damage|p1a: Ferrothorn|24/100
|move|p1a: Ferrothorn|Body Press|p2a: Arceus
|-damage|p2a: Arceus|21/100
|
|-heal|p1a: Ferrothorn|30/100|[from] item: Leftovers
|upkeep
|turn|12
|
|t:|1662610199
|move|p2a: Arceus|Recover|p2a: Arceus
|-heal|p2a: Arceus|71/100
|move|p1a: Ferrothorn|Leech Seed|p2a: Arceus
|-start|p2a: Arceus|move: Leech Seed
|
|-heal|p1a: Ferrothorn|37/100|[from] item: Leftovers
|-damage|p2a: Arceus|59/100|[from] Leech Seed|[of] p1a: Ferrothorn
|-heal|p1a: Ferrothorn|52/100|[silent]
|upkeep
|turn|13
|
|t:|1662610205
|move|p2a: Arceus|Judgment|p1a: Ferrothorn
|-resisted|p1a: Ferrothorn
|-damage|p1a: Ferrothorn|0 fnt
|faint|p1a: Ferrothorn
|
|upkeep
|
|t:|1662610207
|switch|p1a: Yveltal|Yveltal|100/100
|-ability|p1a: Yveltal|Dark Aura
|turn|14
|
|t:|1662610214
|-start|p2a: Arceus|Dynamax|
|-heal|p2a: Arceus|59/100|[silent]
|move|p2a: Arceus|Max Geyser|p1a: Yveltal
|-damage|p1a: Yveltal|8/100
|-weather|RainDance
|move|p1a: Yveltal|Roost|p1a: Yveltal
|-heal|p1a: Yveltal|58/100
|-singleturn|p1a: Yveltal|move: Roost
|
|-weather|RainDance|[upkeep]
|-damage|p2a: Arceus|53/100|[from] Leech Seed|[of] p1a: Yveltal
|-heal|p1a: Yveltal|70/100|[silent]
|upkeep
|turn|15
|
|t:|1662610219
|switch|p1a: Arceus|Arceus-Water|36/100
|move|p2a: Arceus|Max Geyser|p1a: Arceus
|-resisted|p1a: Arceus
|-damage|p1a: Arceus|0 fnt
|faint|p1a: Arceus
|
|-weather|RainDance|[upkeep]
|upkeep
|
|t:|1662610221
|switch|p1a: Arceus|Arceus|100/100
|turn|16
|
|t:|1662610225
|-start|p1a: Arceus|Dynamax|
|-heal|p1a: Arceus|100/100|[silent]
|move|p1a: Arceus|Max Guard|p1a: Arceus
|-singleturn|p1a: Arceus|Max Guard
|move|p2a: Arceus|Max Geyser|p1a: Arceus
|-activate|p1a: Arceus|move: Max Guard
|
|-weather|RainDance|[upkeep]
|-damage|p2a: Arceus|46/100|[from] Leech Seed|[of] p1a: Arceus
|upkeep
|-end|p2a: Arceus|Dynamax
|-heal|p2a: Arceus|46/100|[silent]
|turn|17
|
|t:|1662610231
|move|p1a: Arceus|Max Quake|p2a: Arceus
|-damage|p2a: Arceus|27/100
|-boost|p1a: Arceus|spd|1
|move|p2a: Arceus|Recover|p2a: Arceus
|-heal|p2a: Arceus|77/100
|
|-weather|RainDance|[upkeep]
|-damage|p2a: Arceus|64/100|[from] Leech Seed|[of] p1a: Arceus
|upkeep
|turn|18
|
|t:|1662610238
|move|p1a: Arceus|Max Quake|p2a: Arceus
|-damage|p2a: Arceus|42/100
|-boost|p1a: Arceus|spd|1
|move|p2a: Arceus|Recover|p2a: Arceus
|-heal|p2a: Arceus|92/100
|
|-weather|none
|-damage|p2a: Arceus|79/100|[from] Leech Seed|[of] p1a: Arceus
|upkeep
|-end|p1a: Arceus|Dynamax
|-heal|p1a: Arceus|100/100|[silent]
|turn|19
|
|t:|1662610242
|move|p1a: Arceus|Swords Dance|p1a: Arceus
|-boost|p1a: Arceus|atk|2
|move|p2a: Arceus|Judgment|p1a: Arceus
|-crit|p1a: Arceus
|-damage|p1a: Arceus|0 fnt
|faint|p1a: Arceus
|
|upkeep
|c|☆Kate|Bro
|c|☆IAmJklol|rip srry
|c|☆Kate|Lol
|-message|Kate forfeited.
|
|win|IAmJklol
|n|☆Kate|kate
|n|☆IAmJklol|iamjklol
|n| lemoncell0|lemoncell0
|n| Agofz4 Pokemh|agofz4pokemh
|n| Qui Vitam|quivitam
|n| AGCSR4 default0|agcsr4default0
|n| Won't lose 1|wontlose1
|n| alt1445645|alt1445645
|n| High ladder bros|highladderbros
|n| TaxFraud094|taxfraud094
|n| Leafstorm121❤|leafstorm121
|n| JAY100064|jay100064
