|j|☆XxYourSaltyxX
|j|☆Crocalors
|t:|1667789547
|gametype|singles
|player|p1|XxYourSaltyxX|caitlin|1538
|player|p2|Crocalors|youngster-gen4|1578
|teamsize|p1|6
|teamsize|p2|6
|gen|8
|tier|[Gen 8] National Dex AG
|rated|
|rule|HP Percentage Mod: HP is shown in percentages
|rule|Endless Battle Clause: Forcing endless battles is banned
|clearpoke
|poke|p1|Sableye, F|
|poke|p1|Yveltal|
|poke|p1|Zygarde|
|poke|p1|Ho-Oh|
|poke|p1|Zacian-*|
|poke|p1|Ditto|
|poke|p2|Zacian-*|
|poke|p2|Ho-Oh|
|poke|p2|Groudon|
|poke|p2|Rayquaza|
|poke|p2|Ditto|
|poke|p2|Yveltal|
|teampreview
|inactive|Battle timer is ON: inactive players will automatically lose when time's up. (requested by XxYourSaltyxX)
|j| pain1952000
|
|t:|1667789557
|start
|switch|p1a: Goblin|Sableye, F, shiny|100/100
|switch|p2a: Rayquaza|Rayquaza|100/100
|-ability|p2a: Rayquaza|Air Lock
|turn|1
|
|t:|1667789563
|switch|p2a: Groudon|Groudon|100/100
|detailschange|p2a: Groudon|Groudon-Primal
|-primal|p2a: Groudon
|-weather|DesolateLand|[from] ability: Desolate Land|[of] p2a: Groudon
|move|p1a: Goblin|Taunt|p2a: Groudon
|-start|p2a: Groudon|move: Taunt
|
|-weather|DesolateLand|[upkeep]
|upkeep
|turn|2
|
|t:|1667789580
|move|p2a: Groudon|Earthquake|p1a: Goblin
|-damage|p1a: Goblin|27/100
|move|p1a: Goblin|Foul Play|p2a: Groudon
|-damage|p2a: Groudon|63/100
|
|-weather|DesolateLand|[upkeep]
|upkeep
|turn|3
|
|t:|1667789589
|switch|p1a: Bird|Ho-Oh, shiny|100/100
|move|p2a: Groudon|Smack Down|p1a: Bird
|-supereffective|p1a: Bird
|-damage|p1a: Bird|4/100
|-start|p1a: Bird|Smack Down
|
|-weather|DesolateLand|[upkeep]
|-heal|p1a: Bird|11/100|[from] item: Leftovers
|-end|p2a: Groudon|move: Taunt
|upkeep
|turn|4
|
|t:|1667789604
|move|p2a: Groudon|Stealth Rock|p1a: Bird
|-sidestart|p1: XxYourSaltyxX|move: Stealth Rock
|move|p1a: Bird|Toxic|p2a: Groudon
|-status|p2a: Groudon|tox
|
|-weather|DesolateLand|[upkeep]
|-heal|p1a: Bird|17/100|[from] item: Leftovers
|-damage|p2a: Groudon|57/100 tox|[from] psn
|upkeep
|turn|5
|
|t:|1667789612
|move|p2a: Groudon|Earthquake|p1a: Bird
|-supereffective|p1a: Bird
|-damage|p1a: Bird|0 fnt
|faint|p1a: Bird
|
|-weather|DesolateLand|[upkeep]
|-damage|p2a: Groudon|45/100 tox|[from] psn
|upkeep
|
|t:|1667789622
|switch|p1a: Tyrone|Yveltal, shiny|100/100
|-damage|p1a: Tyrone|76/100|[from] Stealth Rock
|-ability|p1a: Tyrone|Dark Aura
|turn|6
|
|t:|1667789627
|-weather|none
|switch|p2a: Ho-Oh|Ho-Oh|100/100
|-start|p1a: Tyrone|Dynamax|
|-heal|p1a: Tyrone|76/100|[silent]
|move|p1a: Tyrone|Max Airstream|p2a: Ho-Oh
|-damage|p2a: Ho-Oh|61/100
|-boost|p1a: Tyrone|spe|1
|
|upkeep
|turn|7
|
|t:|1667789638
|switch|p2a: Zacian|Zacian-Crowned|100/100
|-ability|p2a: Zacian|Intrepid Sword|boost
|-boost|p2a: Zacian|atk|1
|move|p1a: Tyrone|Max Darkness|p2a: Zacian
|-resisted|p2a: Zacian
|-damage|p2a: Zacian|55/100
|-unboost|p2a: Zacian|spd|1
|
|upkeep
|turn|8
|
|t:|1667789650
|switch|p2a: Ho-Oh|Ho-Oh|95/100
|move|p1a: Tyrone|Max Flare|p2a: Ho-Oh
|-resisted|p2a: Ho-Oh
|-damage|p2a: Ho-Oh|82/100
|-weather|SunnyDay
|
|-weather|SunnyDay|[upkeep]
|upkeep
|-end|p1a: Tyrone|Dynamax
|-heal|p1a: Tyrone|76/100|[silent]
|turn|9
|
|t:|1667789660
|move|p1a: Tyrone|Oblivion Wing|p2a: Ho-Oh
|-damage|p2a: Ho-Oh|60/100
|-heal|p1a: Tyrone|91/100|[from] drain|[of] p2a: Ho-Oh
|move|p2a: Ho-Oh|Whirlwind|p1a: Tyrone
|drag|p1a: Copy|Ditto, shiny|100/100
|-damage|p1a: Copy|88/100|[from] Stealth Rock
|-transform|p1a: Copy|p2a: Ho-Oh|[from] ability: Imposter
|
|-weather|SunnyDay|[upkeep]
|upkeep
|turn|10
|
|t:|1667789674
|move|p1a: Copy|Toxic|p2a: Ho-Oh
|-status|p2a: Ho-Oh|tox
|move|p2a: Ho-Oh|Toxic|p1a: Copy
|-status|p1a: Copy|tox
|
|-weather|SunnyDay|[upkeep]
|-damage|p1a: Copy|82/100 tox|[from] psn
|-damage|p2a: Ho-Oh|54/100 tox|[from] psn
|upkeep
|turn|11
|
|t:|1667789682
|switch|p1a: Goblin|Sableye, F, shiny|27/100
|-damage|p1a: Goblin|15/100|[from] Stealth Rock
|switch|p2a: Groudon|Groudon-Primal|45/100 tox
|-weather|DesolateLand|[from] ability: Desolate Land|[of] p2a: Groudon
|
|-weather|DesolateLand|[upkeep]
|-damage|p2a: Groudon|39/100 tox|[from] psn
|upkeep
|turn|12
|
|t:|1667789690
|move|p1a: Goblin|Fake Out|p2a: Groudon
|-damage|p2a: Groudon|34/100 tox
|cant|p2a: Groudon|flinch
|
|-weather|DesolateLand|[upkeep]
|-damage|p2a: Groudon|22/100 tox|[from] psn
|upkeep
|turn|13
|
|t:|1667789698
|move|p2a: Groudon|Earthquake|p1a: Goblin
|-damage|p1a: Goblin|0 fnt
|faint|p1a: Goblin
|
|-weather|DesolateLand|[upkeep]
|-damage|p2a: Groudon|4/100 tox|[from] psn
|upkeep
|
|t:|1667789704
|switch|p1a: Snake|Zygarde, shiny|100/100
|-damage|p1a: Snake|94/100|[from] Stealth Rock
|turn|14
|
|t:|1667789708
|move|p1a: Snake|Dragon Dance|p1a: Snake
|-boost|p1a: Snake|atk|1
|-boost|p1a: Snake|spe|1
|move|p2a: Groudon|Toxic|p1a: Snake
|-status|p1a: Snake|tox
|
|-weather|DesolateLand|[upkeep]
|-damage|p1a: Snake|88/100 tox|[from] psn
|-damage|p2a: Groudon|0 fnt|[from] psn
|faint|p2a: Groudon
|-weather|none
|upkeep
|
|t:|1667789711
|switch|p2a: Yveltal|Yveltal|100/100
|-ability|p2a: Yveltal|Dark Aura
|turn|15
|
|t:|1667789718
|-start|p2a: Yveltal|Dynamax|
|-heal|p2a: Yveltal|100/100|[silent]
|move|p1a: Snake|Thousand Arrows|p2a: Yveltal
|-crit|p2a: Yveltal
|-damage|p2a: Yveltal|54/100
|-start|p2a: Yveltal|Smack Down
|move|p2a: Yveltal|Max Darkness|p1a: Snake
|-damage|p1a: Snake|0 fnt
|faint|p1a: Snake
|-damage|p2a: Yveltal|49/100|[from] item: Life Orb
|
|upkeep
|
|t:|1667789725
|switch|p1a: Dog|Zacian-Crowned, shiny|100/100
|-damage|p1a: Dog|94/100|[from] Stealth Rock
|-ability|p1a: Dog|Intrepid Sword|boost
|-boost|p1a: Dog|atk|1
|turn|16
|
|t:|1667789731
|move|p1a: Dog|Play Rough|p2a: Yveltal|[miss]
|-miss|p1a: Dog|p2a: Yveltal
|move|p2a: Yveltal|Max Darkness|p1a: Dog
|-resisted|p1a: Dog
|-damage|p1a: Dog|31/100
|-unboost|p1a: Dog|spd|1
|-damage|p2a: Yveltal|44/100|[from] item: Life Orb
|
|upkeep
|turn|17
|
|t:|1667789733
|move|p1a: Dog|Play Rough|p2a: Yveltal|[miss]
|-miss|p1a: Dog|p2a: Yveltal
|move|p2a: Yveltal|Max Darkness|p1a: Dog
|-resisted|p1a: Dog
|-damage|p1a: Dog|0 fnt
|faint|p1a: Dog
|-damage|p2a: Yveltal|39/100|[from] item: Life Orb
|
|upkeep
|
|t:|1667789738
|switch|p1a: Tyrone|Yveltal, shiny|91/100
|-damage|p1a: Tyrone|66/100|[from] Stealth Rock
|-ability|p1a: Tyrone|Dark Aura
|-end|p2a: Yveltal|Dynamax
|-heal|p2a: Yveltal|39/100|[silent]
|turn|18
|
|t:|1667789745
|move|p2a: Yveltal|Oblivion Wing|p1a: Tyrone
|-damage|p1a: Tyrone|35/100
|-heal|p2a: Yveltal|65/100|[from] drain|[of] p1a: Tyrone
|-damage|p2a: Yveltal|55/100|[from] item: Life Orb
|move|p1a: Tyrone|Oblivion Wing|p2a: Yveltal
|-damage|p2a: Yveltal|18/100
|-heal|p1a: Tyrone|59/100|[from] drain|[of] p2a: Yveltal
|
|upkeep
|turn|19
|
|t:|1667789757
|move|p2a: Yveltal|Sucker Punch|p1a: Tyrone
|-resisted|p1a: Tyrone
|-damage|p1a: Tyrone|40/100
|-damage|p2a: Yveltal|8/100|[from] item: Life Orb
|move|p1a: Tyrone|Oblivion Wing|p2a: Yveltal
|-damage|p2a: Yveltal|0 fnt
|-heal|p1a: Tyrone|45/100|[from] drain|[of] p2a: Yveltal
|faint|p2a: Yveltal
|
|upkeep
|
|t:|1667789761
|switch|p2a: Rayquaza|Rayquaza|100/100
|-ability|p2a: Rayquaza|Air Lock
|turn|20
|
|t:|1667789770
|detailschange|p2a: Rayquaza|Rayquaza-Mega
|-mega|p2a: Rayquaza|Rayquaza|
|-weather|DeltaStream|[from] ability: Delta Stream|[of] p2a: Rayquaza
|move|p2a: Rayquaza|Dragon Ascent|p1a: Tyrone
|-damage|p1a: Tyrone|0 fnt
|-unboost|p2a: Rayquaza|def|1
|-unboost|p2a: Rayquaza|spd|1
|faint|p1a: Tyrone
|
|-weather|DeltaStream|[upkeep]
|upkeep
|
|t:|1667789778
|switch|p1a: Copy|Ditto, shiny|100/100 tox
|-damage|p1a: Copy|88/100 tox|[from] Stealth Rock
|-transform|p1a: Copy|p2a: Rayquaza|[from] ability: Imposter
|turn|21
|
|t:|1667789785
|switch|p2a: Ditto|Ditto|100/100
|move|p1a: Copy|Dragon Ascent|p2a: Ditto
|-damage|p2a: Ditto|0 fnt
|-unboost|p1a: Copy|def|1
|-unboost|p1a: Copy|spd|1
|faint|p2a: Ditto
|
|-weather|DeltaStream|[upkeep]
|-damage|p1a: Copy|82/100 tox|[from] psn
|upkeep
|
|t:|1667789788
|switch|p2a: Rayquaza|Rayquaza-Mega|100/100
|turn|22
|
|t:|1667789792
|switch|p2a: Ho-Oh|Ho-Oh|87/100 tox
|move|p1a: Copy|Dragon Ascent|p2a: Ho-Oh
|-damage|p2a: Ho-Oh|30/100 tox
|-unboost|p1a: Copy|def|1
|-unboost|p1a: Copy|spd|1
|
|-weather|DeltaStream|[upkeep]
|-damage|p1a: Copy|70/100 tox|[from] psn
|-damage|p2a: Ho-Oh|24/100 tox|[from] psn
|upkeep
|turn|23
|
|t:|1667789797
|move|p1a: Copy|Dragon Ascent|p2a: Ho-Oh
|-damage|p2a: Ho-Oh|0 fnt
|-unboost|p1a: Copy|def|1
|-unboost|p1a: Copy|spd|1
|faint|p2a: Ho-Oh
|
|-weather|DeltaStream|[upkeep]
|-damage|p1a: Copy|52/100 tox|[from] psn
|upkeep
|
|t:|1667789800
|switch|p2a: Zacian|Zacian-Crowned|55/100
|-ability|p2a: Zacian|Intrepid Sword|boost
|-boost|p2a: Zacian|atk|1
|turn|24
|
|t:|1667789804
|move|p1a: Copy|Dragon Ascent|p2a: Zacian
|-resisted|p2a: Zacian
|-damage|p2a: Zacian|15/100
|-unboost|p1a: Copy|def|1
|-unboost|p1a: Copy|spd|1
|move|p2a: Zacian|Substitute|p2a: Zacian
|-fail|p2a: Zacian|move: Substitute|[weak]
|
|-weather|DeltaStream|[upkeep]
|-damage|p1a: Copy|28/100 tox|[from] psn
|upkeep
|turn|25
|
|t:|1667789808
|move|p1a: Copy|Dragon Ascent|p2a: Zacian
|-resisted|p2a: Zacian
|-damage|p2a: Zacian|0 fnt
|-unboost|p1a: Copy|def|1
|-unboost|p1a: Copy|spd|1
|faint|p2a: Zacian
|
|-weather|DeltaStream|[upkeep]
|-damage|p1a: Copy|0 fnt|[from] psn
|faint|p1a: Copy
|-weather|none
|
|win|Crocalors
|upkeep
|raw|XxYourSaltyxX's rating: 1538 &rarr; <strong>1520</strong><br />(-18 for losing)
|raw|Crocalors's rating: 1578 &rarr; <strong>1596</strong><br />(+18 for winning)
|l| pain1952000
||Ladder isn't responding, score probably updated but might not have (Request timeout).
