|j|☆MehicTUH_92
|j|☆ChunkyRat
|t:|1667083016
|gametype|singles
|player|p1|MehicTUH_92|yellow|1727
|player|p2|ChunkyRat|ninjaboy|1901
|teamsize|p1|6
|teamsize|p2|6
|gen|8
|tier|[Gen 8] National Dex AG
|rated|
|rule|HP Percentage Mod: HP is shown in percentages
|rule|Endless Battle Clause: Forcing endless battles is banned
|clearpoke
|poke|p1|Zacian-*|
|poke|p1|Arceus-*|
|poke|p1|Arceus-*|
|poke|p1|Necrozma-Dusk-Mane|
|poke|p1|Ho-Oh|
|poke|p1|Rayquaza|
|poke|p2|Rayquaza|
|poke|p2|Arceus-*|
|poke|p2|Lugia|
|poke|p2|Groudon|
|poke|p2|Arceus-*|
|poke|p2|Arceus-*|
|teampreview
|inactive|Battle timer is ON: inactive players will automatically lose when time's up. (requested by ChunkyRat)
|
|t:|1667083040
|start
|switch|p1a: Ho-Oh|Ho-Oh|100/100
|switch|p2a: Arceus|Arceus-Ground, shiny|100/100
|turn|1
|
|t:|1667083044
|switch|p2a: Groudon|Groudon, shiny|100/100
|detailschange|p2a: Groudon|Groudon-Primal, shiny
|-primal|p2a: Groudon
|-weather|DesolateLand|[from] ability: Desolate Land|[of] p2a: Groudon
|move|p1a: Ho-Oh|Toxic|p2a: Groudon
|-status|p2a: Groudon|tox
|
|-weather|DesolateLand|[upkeep]
|-damage|p2a: Groudon|94/100 tox|[from] psn
|upkeep
|turn|2
|
|t:|1667083053
|move|p2a: Groudon|Toxic|p1a: Ho-Oh
|-status|p1a: Ho-Oh|tox
|move|p1a: Ho-Oh|Sacred Fire|p2a: Groudon
|-resisted|p2a: Groudon
|-damage|p2a: Groudon|74/100 tox
|
|-weather|DesolateLand|[upkeep]
|-damage|p2a: Groudon|62/100 tox|[from] psn
|-damage|p1a: Ho-Oh|94/100 tox|[from] psn
|upkeep
|turn|3
|
|t:|1667083061
|switch|p1a: Arceus|Arceus-Ground|100/100
|move|p2a: Groudon|Stealth Rock|p1a: Arceus
|-sidestart|p1: MehicTUH_92|move: Stealth Rock
|
|-weather|DesolateLand|[upkeep]
|-damage|p2a: Groudon|43/100 tox|[from] psn
|upkeep
|turn|4
|
|t:|1667083068
|move|p2a: Groudon|Toxic|p1a: Arceus
|-status|p1a: Arceus|tox
|move|p1a: Arceus|Judgment|p2a: Groudon
|-supereffective|p2a: Groudon
|-damage|p2a: Groudon|0 fnt
|faint|p2a: Groudon
|-weather|none
|
|-damage|p1a: Arceus|94/100 tox|[from] psn
|upkeep
|
|t:|1667083071
|switch|p2a: Arceus|Arceus|100/100
|turn|5
|
|t:|1667083078
|switch|p1a: Necrozma|Necrozma-Dusk-Mane|100/100
|-damage|p1a: Necrozma|94/100|[from] Stealth Rock
|move|p2a: Arceus|Bullet Seed|p1a: Necrozma
|-resisted|p1a: Necrozma
|-damage|p1a: Necrozma|91/100
|-resisted|p1a: Necrozma
|-damage|p1a: Necrozma|88/100
|-resisted|p1a: Necrozma
|-damage|p1a: Necrozma|85/100
|-resisted|p1a: Necrozma
|-damage|p1a: Necrozma|82/100
|-resisted|p1a: Necrozma
|-damage|p1a: Necrozma|79/100
|-hitcount|p1a: Necrozma|5
|-damage|p2a: Arceus|91/100|[from] item: Life Orb
|
|upkeep
|turn|6
|
|t:|1667083084
|switch|p2a: Arceus|Arceus|100/100
|move|p1a: Necrozma|Stealth Rock|p2a: Arceus
|-sidestart|p2: ChunkyRat|move: Stealth Rock
|
|upkeep
|turn|7
|
|t:|1667083089
|move|p2a: Arceus|Swords Dance|p2a: Arceus
|-boost|p2a: Arceus|atk|2
|move|p1a: Necrozma|Sunsteel Strike|p2a: Arceus
|-damage|p2a: Arceus|67/100
|
|upkeep
|turn|8
|
|t:|1667083095
|-start|p2a: Arceus|Dynamax|
|-heal|p2a: Arceus|67/100|[silent]
|-start|p1a: Necrozma|Dynamax|
|-heal|p1a: Necrozma|79/100|[silent]
|move|p2a: Arceus|Max Airstream|p1a: Necrozma
|-resisted|p1a: Necrozma
|-damage|p1a: Necrozma|64/100
|-boost|p2a: Arceus|spe|1
|-damage|p2a: Arceus|62/100|[from] item: Life Orb
|move|p1a: Necrozma|Max Steelspike|p2a: Arceus
|-damage|p2a: Arceus|40/100
|-boost|p1a: Necrozma|def|1
|
|upkeep
|turn|9
|
|t:|1667083099
|move|p2a: Arceus|Max Quake|p1a: Necrozma
|-supereffective|p1a: Necrozma
|-damage|p1a: Necrozma|33/100
|-boost|p2a: Arceus|spd|1
|-damage|p2a: Arceus|35/100|[from] item: Life Orb
|move|p1a: Necrozma|Max Steelspike|p2a: Arceus
|-damage|p2a: Arceus|12/100
|-boost|p1a: Necrozma|def|1
|
|upkeep
|turn|10
|
|t:|1667083104
|move|p2a: Arceus|Max Quake|p1a: Necrozma
|-supereffective|p1a: Necrozma
|-damage|p1a: Necrozma|11/100
|-boost|p2a: Arceus|spd|1
|-damage|p2a: Arceus|7/100|[from] item: Life Orb
|move|p1a: Necrozma|Max Steelspike|p2a: Arceus
|-damage|p2a: Arceus|0 fnt
|-boost|p1a: Necrozma|def|1
|faint|p2a: Arceus
|
|upkeep
|
|t:|1667083108
|switch|p2a: Arceus|Arceus-Ground, shiny|100/100
|-damage|p2a: Arceus|94/100|[from] Stealth Rock
|-end|p1a: Necrozma|Dynamax
|-heal|p1a: Necrozma|11/100|[silent]
|turn|11
|
|t:|1667083115
|move|p2a: Arceus|Judgment|p1a: Necrozma
|-supereffective|p1a: Necrozma
|-damage|p1a: Necrozma|0 fnt
|faint|p1a: Necrozma
|
|upkeep
|
|t:|1667083135
|switch|p1a: Arceus|Arceus-Dark|100/100
|-damage|p1a: Arceus|88/100|[from] Stealth Rock
|turn|12
|
|t:|1667083136
|move|p1a: Arceus|Calm Mind|p1a: Arceus
|-boost|p1a: Arceus|spa|1
|-boost|p1a: Arceus|spd|1
|move|p2a: Arceus|Calm Mind|p2a: Arceus
|-boost|p2a: Arceus|spa|1
|-boost|p2a: Arceus|spd|1
|
|upkeep
|turn|13
|
|t:|1667083138
|move|p1a: Arceus|Calm Mind|p1a: Arceus
|-boost|p1a: Arceus|spa|1
|-boost|p1a: Arceus|spd|1
|move|p2a: Arceus|Calm Mind|p2a: Arceus
|-boost|p2a: Arceus|spa|1
|-boost|p2a: Arceus|spd|1
|
|upkeep
|turn|14
|
|t:|1667083139
|move|p1a: Arceus|Calm Mind|p1a: Arceus
|-boost|p1a: Arceus|spa|1
|-boost|p1a: Arceus|spd|1
|move|p2a: Arceus|Calm Mind|p2a: Arceus
|-boost|p2a: Arceus|spa|1
|-boost|p2a: Arceus|spd|1
|
|upkeep
|turn|15
|
|t:|1667083140
|move|p1a: Arceus|Calm Mind|p1a: Arceus
|-boost|p1a: Arceus|spa|1
|-boost|p1a: Arceus|spd|1
|move|p2a: Arceus|Calm Mind|p2a: Arceus
|-boost|p2a: Arceus|spa|1
|-boost|p2a: Arceus|spd|1
|
|upkeep
|turn|16
|
|t:|1667083141
|move|p1a: Arceus|Calm Mind|p1a: Arceus
|-boost|p1a: Arceus|spa|1
|-boost|p1a: Arceus|spd|1
|move|p2a: Arceus|Calm Mind|p2a: Arceus
|-boost|p2a: Arceus|spa|1
|-boost|p2a: Arceus|spd|1
|
|upkeep
|turn|17
|
|t:|1667083143
|move|p1a: Arceus|Calm Mind|p1a: Arceus
|-boost|p1a: Arceus|spa|1
|-boost|p1a: Arceus|spd|1
|move|p2a: Arceus|Calm Mind|p2a: Arceus
|-boost|p2a: Arceus|spa|1
|-boost|p2a: Arceus|spd|1
|
|upkeep
|turn|18
|
|t:|1667083144
|move|p1a: Arceus|Judgment|p2a: Arceus
|-damage|p2a: Arceus|64/100
|move|p2a: Arceus|Ice Beam|p1a: Arceus
|-damage|p1a: Arceus|72/100
|
|upkeep
|turn|19
|
|t:|1667083147
|move|p1a: Arceus|Judgment|p2a: Arceus
|-damage|p2a: Arceus|32/100
|move|p2a: Arceus|Recover|p2a: Arceus
|-heal|p2a: Arceus|82/100
|
|upkeep
|turn|20
|
|t:|1667083150
|move|p1a: Arceus|Judgment|p2a: Arceus
|-damage|p2a: Arceus|47/100
|move|p2a: Arceus|Ice Beam|p1a: Arceus
|-damage|p1a: Arceus|55/100
|
|upkeep
|turn|21
|
|t:|1667083152
|move|p1a: Arceus|Judgment|p2a: Arceus
|-damage|p2a: Arceus|16/100
|move|p2a: Arceus|Recover|p2a: Arceus
|-heal|p2a: Arceus|66/100
|
|upkeep
|turn|22
|
|t:|1667083157
|move|p1a: Arceus|Judgment|p2a: Arceus
|-damage|p2a: Arceus|35/100
|move|p2a: Arceus|Recover|p2a: Arceus
|-heal|p2a: Arceus|85/100
|
|upkeep
|turn|23
|
|t:|1667083166
|move|p1a: Arceus|Recover|p1a: Arceus
|-heal|p1a: Arceus|100/100
|move|p2a: Arceus|Ice Beam|p1a: Arceus
|-damage|p1a: Arceus|83/100
|
|upkeep
|turn|24
|
|t:|1667083170
|move|p1a: Arceus|Judgment|p2a: Arceus
|-damage|p2a: Arceus|55/100
|move|p2a: Arceus|Ice Beam|p1a: Arceus
|-damage|p1a: Arceus|67/100
|
|upkeep
|turn|25
|
|t:|1667083173
|move|p1a: Arceus|Judgment|p2a: Arceus
|-damage|p2a: Arceus|23/100
|move|p2a: Arceus|Recover|p2a: Arceus
|-heal|p2a: Arceus|73/100
|
|upkeep
|turn|26
|
|t:|1667083178
|move|p1a: Arceus|Recover|p1a: Arceus
|-heal|p1a: Arceus|100/100
|move|p2a: Arceus|Ice Beam|p1a: Arceus
|-damage|p1a: Arceus|86/100
|
|upkeep
|turn|27
|
|t:|1667083184
|move|p1a: Arceus|Refresh||[still]
|-fail|p1a: Arceus
|move|p2a: Arceus|Ice Beam|p1a: Arceus
|-damage|p1a: Arceus|70/100
|
|upkeep
|turn|28
|
|t:|1667083190
|move|p1a: Arceus|Refresh||[still]
|-fail|p1a: Arceus
|move|p2a: Arceus|Judgment|p1a: Arceus
|-damage|p1a: Arceus|36/100
|
|upkeep
|turn|29
|
|t:|1667083192
|move|p1a: Arceus|Recover|p1a: Arceus
|-heal|p1a: Arceus|87/100
|move|p2a: Arceus|Judgment|p1a: Arceus
|-damage|p1a: Arceus|53/100
|
|upkeep
|turn|30
|
|t:|1667083194
|move|p1a: Arceus|Recover|p1a: Arceus
|-heal|p1a: Arceus|100/100
|move|p2a: Arceus|Judgment|p1a: Arceus
|-damage|p1a: Arceus|66/100
|
|upkeep
|turn|31
|
|t:|1667083196
|move|p1a: Arceus|Recover|p1a: Arceus
|-heal|p1a: Arceus|100/100
|move|p2a: Arceus|Judgment|p1a: Arceus
|-damage|p1a: Arceus|71/100
|
|upkeep
|turn|32
|
|t:|1667083199
|move|p1a: Arceus|Judgment|p2a: Arceus
|-damage|p2a: Arceus|44/100
|move|p2a: Arceus|Judgment|p1a: Arceus
|-damage|p1a: Arceus|38/100
|
|upkeep
|turn|33
|
|t:|1667083203
|move|p1a: Arceus|Recover|p1a: Arceus
|-heal|p1a: Arceus|88/100
|move|p2a: Arceus|Recover|p2a: Arceus
|-heal|p2a: Arceus|94/100
|
|upkeep
|turn|34
|
|t:|1667083208
|move|p1a: Arceus|Judgment|p2a: Arceus
|-damage|p2a: Arceus|62/100
|move|p2a: Arceus|Ice Beam|p1a: Arceus
|-damage|p1a: Arceus|71/100
|-status|p1a: Arceus|frz
|
|upkeep
|turn|35
|
|t:|1667083211
|cant|p1a: Arceus|frz
|move|p2a: Arceus|Recover|p2a: Arceus
|-heal|p2a: Arceus|100/100
|
|upkeep
|turn|36
|
|t:|1667083213
|cant|p1a: Arceus|frz
|move|p2a: Arceus|Judgment|p1a: Arceus
|-damage|p1a: Arceus|42/100 frz
|
|upkeep
|turn|37
|
|t:|1667083214
|-curestatus|p1a: Arceus|frz|[msg]
|move|p1a: Arceus|Recover|p1a: Arceus
|-heal|p1a: Arceus|92/100
|move|p2a: Arceus|Judgment|p1a: Arceus
|-damage|p1a: Arceus|61/100
|
|upkeep
|turn|38
|
|t:|1667083216
|move|p1a: Arceus|Recover|p1a: Arceus
|-heal|p1a: Arceus|100/100
|move|p2a: Arceus|Ice Beam|p1a: Arceus
|-damage|p1a: Arceus|84/100
|
|upkeep
|turn|39
|
|t:|1667083222
|move|p1a: Arceus|Refresh||[still]
|-fail|p1a: Arceus
|move|p2a: Arceus|Ice Beam|p1a: Arceus
|-damage|p1a: Arceus|68/100
|
|upkeep
|turn|40
|
|t:|1667083223
|move|p1a: Arceus|Refresh||[still]
|-fail|p1a: Arceus
|move|p2a: Arceus|Ice Beam|p1a: Arceus
|-damage|p1a: Arceus|53/100
|
|upkeep
|turn|41
|
|t:|1667083225
|move|p1a: Arceus|Recover|p1a: Arceus
|-heal|p1a: Arceus|100/100
|move|p2a: Arceus|Ice Beam|p1a: Arceus
|-damage|p1a: Arceus|86/100
|
|upkeep
|turn|42
|
|t:|1667083228
|move|p1a: Arceus|Refresh||[still]
|-fail|p1a: Arceus
|move|p2a: Arceus|Ice Beam|p1a: Arceus
|-damage|p1a: Arceus|69/100
|
|upkeep
|turn|43
|
|t:|1667083230
|move|p1a: Arceus|Refresh||[still]
|-fail|p1a: Arceus
|move|p2a: Arceus|Judgment|p1a: Arceus
|-damage|p1a: Arceus|38/100
|
|upkeep
|turn|44
|
|t:|1667083232
|move|p1a: Arceus|Recover|p1a: Arceus
|-heal|p1a: Arceus|88/100
|move|p2a: Arceus|Judgment|p1a: Arceus
|-damage|p1a: Arceus|59/100
|
|upkeep
|turn|45
|
|t:|1667083234
|move|p1a: Arceus|Recover|p1a: Arceus
|-heal|p1a: Arceus|100/100
|move|p2a: Arceus|Judgment|p1a: Arceus
|-damage|p1a: Arceus|70/100
|
|upkeep
|turn|46
|
|t:|1667083246
|move|p1a: Arceus|Refresh||[still]
|-fail|p1a: Arceus
|move|p2a: Arceus|Judgment|p1a: Arceus
|-damage|p1a: Arceus|39/100
|
|upkeep
|turn|47
|
|t:|1667083249
|move|p1a: Arceus|Recover|p1a: Arceus
|-heal|p1a: Arceus|89/100
|move|p2a: Arceus|Judgment|p1a: Arceus
|-damage|p1a: Arceus|60/100
|
|upkeep
|turn|48
|
|t:|1667083255
|move|p1a: Arceus|Calm Mind|p1a: Arceus
|-boost|p1a: Arceus|spa|0
|-boost|p1a: Arceus|spd|0
|move|p2a: Arceus|Ice Beam|p1a: Arceus
|-damage|p1a: Arceus|43/100
|
|upkeep
|turn|49
|
|t:|1667083262
|move|p1a: Arceus|Recover|p1a: Arceus
|-heal|p1a: Arceus|93/100
|move|p2a: Arceus|Ice Beam|p1a: Arceus
|-damage|p1a: Arceus|77/100
|
|upkeep
|turn|50
|
|t:|1667083265
|move|p1a: Arceus|Refresh||[still]
|-fail|p1a: Arceus
|move|p2a: Arceus|Ice Beam|p1a: Arceus
|-damage|p1a: Arceus|61/100
|
|upkeep
|turn|51
|
|t:|1667083267
|move|p1a: Arceus|Refresh||[still]
|-fail|p1a: Arceus
|move|p2a: Arceus|Judgment|p1a: Arceus
|-damage|p1a: Arceus|27/100
|
|upkeep
|turn|52
|
|t:|1667083270
|move|p1a: Arceus|Recover|p1a: Arceus
|-heal|p1a: Arceus|77/100
|move|p2a: Arceus|Judgment|p1a: Arceus
|-damage|p1a: Arceus|44/100
|
|upkeep
|turn|53
|
|t:|1667083275
|move|p1a: Arceus|Recover|p1a: Arceus
|-heal|p1a: Arceus|94/100
|move|p2a: Arceus|Ice Beam|p1a: Arceus
|-damage|p1a: Arceus|77/100
|
|upkeep
|turn|54
|
|t:|1667083295
|move|p1a: Arceus|Judgment|p2a: Arceus
|-damage|p2a: Arceus|69/100
|move|p2a: Arceus|Judgment|p1a: Arceus
|-damage|p1a: Arceus|44/100
|
|upkeep
|turn|55
|
|t:|1667083298
|move|p1a: Arceus|Recover|p1a: Arceus
|-heal|p1a: Arceus|94/100
|move|p2a: Arceus|Recover|p2a: Arceus
|-heal|p2a: Arceus|100/100
|
|upkeep
|turn|56
|
|t:|1667083303
|move|p1a: Arceus|Refresh||[still]
|-fail|p1a: Arceus
|move|p2a: Arceus|Calm Mind|p2a: Arceus
|-boost|p2a: Arceus|spa|0
|-boost|p2a: Arceus|spd|0
|
|upkeep
|turn|57
|
|t:|1667083305
|move|p1a: Arceus|Refresh||[still]
|-fail|p1a: Arceus
|move|p2a: Arceus|Calm Mind|p2a: Arceus
|-boost|p2a: Arceus|spa|0
|-boost|p2a: Arceus|spd|0
|
|upkeep
|turn|58
|
|t:|1667083308
|move|p1a: Arceus|Refresh||[still]
|-fail|p1a: Arceus
|move|p2a: Arceus|Calm Mind|p2a: Arceus
|-boost|p2a: Arceus|spa|0
|-boost|p2a: Arceus|spd|0
|
|upkeep
|turn|59
|
|t:|1667083310
|move|p1a: Arceus|Refresh||[still]
|-fail|p1a: Arceus
|move|p2a: Arceus|Calm Mind|p2a: Arceus
|-boost|p2a: Arceus|spa|0
|-boost|p2a: Arceus|spd|0
|
|upkeep
|turn|60
|
|t:|1667083311
|move|p1a: Arceus|Refresh||[still]
|-fail|p1a: Arceus
|move|p2a: Arceus|Calm Mind|p2a: Arceus
|-boost|p2a: Arceus|spa|0
|-boost|p2a: Arceus|spd|0
|
|upkeep
|turn|61
|
|t:|1667083312
|move|p1a: Arceus|Refresh||[still]
|-fail|p1a: Arceus
|move|p2a: Arceus|Calm Mind|p2a: Arceus
|-boost|p2a: Arceus|spa|0
|-boost|p2a: Arceus|spd|0
|
|upkeep
|turn|62
|
|t:|1667083315
|move|p1a: Arceus|Refresh||[still]
|-fail|p1a: Arceus
|move|p2a: Arceus|Calm Mind|p2a: Arceus
|-boost|p2a: Arceus|spa|0
|-boost|p2a: Arceus|spd|0
|
|upkeep
|turn|63
|
|t:|1667083316
|move|p1a: Arceus|Calm Mind|p1a: Arceus
|-boost|p1a: Arceus|spa|0
|-boost|p1a: Arceus|spd|0
|move|p2a: Arceus|Calm Mind|p2a: Arceus
|-boost|p2a: Arceus|spa|0
|-boost|p2a: Arceus|spd|0
|
|upkeep
|turn|64
|
|t:|1667083321
|move|p1a: Arceus|Calm Mind|p1a: Arceus
|-boost|p1a: Arceus|spa|0
|-boost|p1a: Arceus|spd|0
|move|p2a: Arceus|Calm Mind|p2a: Arceus
|-boost|p2a: Arceus|spa|0
|-boost|p2a: Arceus|spd|0
|
|upkeep
|turn|65
|
|t:|1667083322
|move|p1a: Arceus|Calm Mind|p1a: Arceus
|-boost|p1a: Arceus|spa|0
|-boost|p1a: Arceus|spd|0
|move|p2a: Arceus|Calm Mind|p2a: Arceus
|-boost|p2a: Arceus|spa|0
|-boost|p2a: Arceus|spd|0
|
|upkeep
|turn|66
|
|t:|1667083324
|move|p1a: Arceus|Calm Mind|p1a: Arceus
|-boost|p1a: Arceus|spa|0
|-boost|p1a: Arceus|spd|0
|move|p2a: Arceus|Calm Mind|p2a: Arceus
|-boost|p2a: Arceus|spa|0
|-boost|p2a: Arceus|spd|0
|
|upkeep
|turn|67
|
|t:|1667083327
|move|p1a: Arceus|Calm Mind|p1a: Arceus
|-boost|p1a: Arceus|spa|0
|-boost|p1a: Arceus|spd|0
|move|p2a: Arceus|Calm Mind|p2a: Arceus
|-boost|p2a: Arceus|spa|0
|-boost|p2a: Arceus|spd|0
|
|upkeep
|turn|68
|
|t:|1667083329
|move|p1a: Arceus|Calm Mind|p1a: Arceus
|-boost|p1a: Arceus|spa|0
|-boost|p1a: Arceus|spd|0
|move|p2a: Arceus|Calm Mind|p2a: Arceus
|-boost|p2a: Arceus|spa|0
|-boost|p2a: Arceus|spd|0
|
|upkeep
|turn|69
|
|t:|1667083352
|switch|p2a: Lugia|Lugia, shiny|100/100
|move|p1a: Arceus|Judgment|p2a: Lugia
|-supereffective|p2a: Lugia
|-damage|p2a: Lugia|0 fnt
|faint|p2a: Lugia
|
|upkeep
|
|t:|1667083356
|switch|p2a: Arceus|Arceus|91/100
|-damage|p2a: Arceus|78/100|[from] Stealth Rock
|turn|70
|
|t:|1667083359
|move|p2a: Arceus|Extreme Speed|p1a: Arceus
|-damage|p1a: Arceus|65/100
|-damage|p2a: Arceus|68/100|[from] item: Life Orb
|move|p1a: Arceus|Judgment|p2a: Arceus
|-damage|p2a: Arceus|0 fnt
|faint|p2a: Arceus
|
|upkeep
|-message|ChunkyRat forfeited.
|
|win|MehicTUH_92
|raw|MehicTUH_92's rating: 1727 &rarr; <strong>1755</strong><br />(+28 for winning)
|raw|ChunkyRat's rating: 1870 &rarr; <strong>1842</strong><br />(-28 for losing)
|l|☆ChunkyRat
||Ladder isn't responding, score probably updated but might not have (Request timeout).
