|j|☆OnMaWa
|j|☆Aatron
|player|p1|OnMaWa|psychic-gen4|1724
|player|p2|Aatron|lance|1419
|teamsize|p1|6
|teamsize|p2|6
|gametype|singles
|gen|8
|tier|[Gen 8] National Dex AG
|rated|
|clearpoke
|poke|p1|Arceus-*|
|poke|p1|Xerneas|
|poke|p1|Lugia|
|poke|p1|Zacian-Crowned|
|poke|p1|Rayquaza|
|poke|p1|Necrozma-Dusk-Mane|
|poke|p2|Grimmsnarl, M|
|poke|p2|Blaziken, M|
|poke|p2|Aegislash, M|
|poke|p2|Cloyster, M|
|poke|p2|Excadrill, M|
|poke|p2|Gengar, M|
|rule|HP Percentage Mod: HP is shown in percentages
|rule|Endless Battle Clause: Forcing endless battles is banned
|teampreview
|inactive|Battle timer is ON: inactive players will automatically lose when time's up. (requested by Aatron)
|inactive|OnMaWa has 120 seconds left.
|
|start
|switch|p1a: Zacian|Zacian-Crowned|100/100
|switch|p2a: Excadrill|Excadrill, M|100/100
|-ability|p1a: Zacian|Intrepid Sword|boost
|-boost|p1a: Zacian|atk|1
|-ability|p2a: Excadrill|Mold Breaker
|turn|1
|
|move|p1a: Zacian|Behemoth Blade|p2a: Excadrill
|-resisted|p2a: Excadrill
|-damage|p2a: Excadrill|34/100
|move|p2a: Excadrill|Rapid Spin|p1a: Zacian
|-resisted|p1a: Zacian
|-damage|p1a: Zacian|91/100
|-boost|p2a: Excadrill|spe|1
|
|upkeep
|turn|2
|
|switch|p1a: Rayquaza|Rayquaza|100/100
|-ability|p1a: Rayquaza|Air Lock
|move|p2a: Excadrill|Earthquake|p1a: Rayquaza
|-immune|p1a: Rayquaza
|
|upkeep
|turn|3
|
|detailschange|p1a: Rayquaza|Rayquaza-Mega
|-mega|p1a: Rayquaza|Rayquaza|
|-weather|DeltaStream|[from] ability: Delta Stream|[of] p1a: Rayquaza
|move|p1a: Rayquaza|Extreme Speed|p2a: Excadrill
|-resisted|p2a: Excadrill
|-damage|p2a: Excadrill|0 fnt
|-damage|p1a: Rayquaza|91/100|[from] item: Life Orb
|faint|p2a: Excadrill
|
|-weather|DeltaStream|[upkeep]
|upkeep
|
|switch|p2a: Grimmsnarl|Grimmsnarl, M, shiny|100/100
|turn|4
|inactive|OnMaWa has 120 seconds left.
|
|-weather|none
|switch|p1a: Zacian|Zacian-Crowned|91/100
|-ability|p1a: Zacian|Intrepid Sword|boost
|-boost|p1a: Zacian|atk|1
|move|p2a: Grimmsnarl|Thunder Wave|p1a: Zacian
|-status|p1a: Zacian|par
|
|upkeep
|turn|5
|
|move|p2a: Grimmsnarl|Reflect|p2a: Grimmsnarl
|-sidestart|p2: Aatron|Reflect
|move|p1a: Zacian|Behemoth Blade|p2a: Grimmsnarl
|-supereffective|p2a: Grimmsnarl
|-damage|p2a: Grimmsnarl|5/100
|
|upkeep
|turn|6
|
|move|p2a: Grimmsnarl|Light Screen|p2a: Grimmsnarl
|-sidestart|p2: Aatron|move: Light Screen
|move|p1a: Zacian|Behemoth Blade|p2a: Grimmsnarl
|-supereffective|p2a: Grimmsnarl
|-damage|p2a: Grimmsnarl|0 fnt
|faint|p2a: Grimmsnarl
|
|upkeep
|
|switch|p2a: Blaziken|Blaziken, M|100/100
|turn|7
|
|detailschange|p2a: Blaziken|Blaziken-Mega, M
|-mega|p2a: Blaziken|Blaziken|Blazikenite
|move|p2a: Blaziken|Hone Claws|p2a: Blaziken
|-boost|p2a: Blaziken|atk|1
|-boost|p2a: Blaziken|accuracy|1
|move|p1a: Zacian|Behemoth Blade|p2a: Blaziken
|-resisted|p2a: Blaziken
|-damage|p2a: Blaziken|66/100
|
|-ability|p2a: Blaziken|Speed Boost|boost
|-boost|p2a: Blaziken|spe|1
|upkeep
|turn|8
|
|move|p2a: Blaziken|Blaze Kick|p1a: Zacian
|-supereffective|p1a: Zacian
|-damage|p1a: Zacian|0 fnt
|faint|p1a: Zacian
|
|-ability|p2a: Blaziken|Speed Boost|boost
|-boost|p2a: Blaziken|spe|1
|upkeep
|inactive|OnMaWa has 120 seconds left.
|
|switch|p1a: Lugia|Lugia|100/100
|turn|9
|
|move|p2a: Blaziken|Stone Edge|p1a: Lugia
|-supereffective|p1a: Lugia
|-damage|p1a: Lugia|70/100
|move|p1a: Lugia|Thunder Wave|p2a: Blaziken
|-status|p2a: Blaziken|par
|
|-ability|p2a: Blaziken|Speed Boost|boost
|-boost|p2a: Blaziken|spe|1
|upkeep
|turn|10
|
|move|p2a: Blaziken|Stone Edge|p1a: Lugia
|-supereffective|p1a: Lugia
|-damage|p1a: Lugia|9/100
|move|p1a: Lugia|Roost|p1a: Lugia
|-heal|p1a: Lugia|59/100
|-singleturn|p1a: Lugia|move: Roost
|
|-ability|p2a: Blaziken|Speed Boost|boost
|-boost|p2a: Blaziken|spe|1
|upkeep
|turn|11
|
|cant|p2a: Blaziken|par
|move|p1a: Lugia|Roost|p1a: Lugia
|-heal|p1a: Lugia|100/100
|-singleturn|p1a: Lugia|move: Roost
|
|-ability|p2a: Blaziken|Speed Boost|boost
|-boost|p2a: Blaziken|spe|1
|upkeep
|turn|12
|
|move|p2a: Blaziken|Hone Claws|p2a: Blaziken
|-boost|p2a: Blaziken|atk|1
|-boost|p2a: Blaziken|accuracy|1
|move|p1a: Lugia|Whirlwind|p2a: Blaziken
|drag|p2a: Cloyster|Cloyster, M, shiny|100/100
|
|-sideend|p2: Aatron|Reflect
|upkeep
|turn|13
|
|move|p1a: Lugia|Toxic|p2a: Cloyster|[miss]
|-miss|p1a: Lugia|p2a: Cloyster
|move|p2a: Cloyster|Shell Smash|p2a: Cloyster
|-unboost|p2a: Cloyster|def|1
|-unboost|p2a: Cloyster|spd|1
|-boost|p2a: Cloyster|atk|2
|-boost|p2a: Cloyster|spa|2
|-boost|p2a: Cloyster|spe|2
|
|-sideend|p2: Aatron|move: Light Screen
|upkeep
|turn|14
|
|move|p2a: Cloyster|Icicle Spear|p1a: Lugia
|-supereffective|p1a: Lugia
|-damage|p1a: Lugia|89/100
|-supereffective|p1a: Lugia
|-damage|p1a: Lugia|67/100
|-supereffective|p1a: Lugia
|-damage|p1a: Lugia|46/100
|-supereffective|p1a: Lugia
|-damage|p1a: Lugia|24/100
|-supereffective|p1a: Lugia
|-damage|p1a: Lugia|0 fnt
|-hitcount|p1a: Lugia|5
|faint|p1a: Lugia
|
|upkeep
|inactive|OnMaWa has 120 seconds left.
|
|switch|p1a: Xerneas|Xerneas, shiny|100/100
|-ability|p1a: Xerneas|Fairy Aura
|turn|15
|j| Gen8WasAMistake
|inactive|OnMaWa has 90 seconds left.
|
|-start|p1a: Xerneas|Dynamax
|-heal|p1a: Xerneas|100/100|[silent]
|move|p2a: Cloyster|Icicle Spear|p1a: Xerneas
|-damage|p1a: Xerneas|92/100
|-damage|p1a: Xerneas|82/100
|-damage|p1a: Xerneas|73/100
|-damage|p1a: Xerneas|64/100
|-crit|p1a: Xerneas
|-damage|p1a: Xerneas|48/100
|-hitcount|p1a: Xerneas|5
|move|p1a: Xerneas|Max Lightning|p2a: Cloyster
|-supereffective|p2a: Cloyster
|-crit|p2a: Cloyster
|-damage|p2a: Cloyster|0 fnt
|-fieldstart|move: Electric Terrain
|faint|p2a: Cloyster
|
|upkeep
|
|switch|p2a: Blaziken|Blaziken-Mega, M|66/100 par
|turn|16
|inactive|OnMaWa has 90 seconds left.
|c| Gen8WasAMistake|you have a whole aegislash
|c| Gen8WasAMistake|and gengar
|c| Gen8WasAMistake|>:(
|
|move|p1a: Xerneas|Max Starfall|p2a: Blaziken
|-damage|p2a: Blaziken|0 fnt
|-fieldstart|move: Misty Terrain
|faint|p2a: Blaziken
|
|upkeep
|
|switch|p2a: Aegislash|Aegislash, M, shiny|100/100
|turn|17
|inactive|OnMaWa has 90 seconds left.
|c|☆Aatron|Dude
|c|☆Aatron|Your team all legendary poke
|c|☆Aatron|Fck yu
|
|move|p1a: Xerneas|Max Starfall|p2a: Aegislash
|-resisted|p2a: Aegislash
|-damage|p2a: Aegislash|61/100
|move|p2a: Aegislash|Swords Dance|p2a: Aegislash
|-boost|p2a: Aegislash|atk|2
|
|-heal|p2a: Aegislash|67/100|[from] item: Leftovers
|-end|p1a: Xerneas|Dynamax
|-heal|p1a: Xerneas|48/100|[silent]
|upkeep
|turn|18
|c| Gen8WasAMistake|It's ag you idiot
|c| Gen8WasAMistake|what?
|c|☆Aatron|Ag I know
|c| Gen8WasAMistake|if you don't like legendaries, don't play the tier above ubers
|inactive|OnMaWa has 60 seconds left.
|
|move|p1a: Xerneas|Hidden Power|p2a: Aegislash
|-supereffective|p2a: Aegislash
|-damage|p2a: Aegislash|31/100
|move|p2a: Aegislash|Swords Dance|p2a: Aegislash
|-boost|p2a: Aegislash|atk|2
|
|-heal|p2a: Aegislash|37/100|[from] item: Leftovers
|upkeep
|turn|19
|c|☆Aatron|But ı cant use blaziken any format
|
|-formechange|p2a: Aegislash|Aegislash-Blade||[from] ability: Stance Change
|move|p2a: Aegislash|Shadow Sneak|p1a: Xerneas
|-damage|p1a: Xerneas|0 fnt
|faint|p1a: Xerneas
|
|-heal|p2a: Aegislash|43/100|[from] item: Leftovers
|upkeep
|c| Gen8WasAMistake|then stop complaining
|inactive|OnMaWa has 60 seconds left.
|c| Gen8WasAMistake|you're allowed to use legendaries
|
|switch|p1a: Arceus|Arceus|100/100
|turn|20
|inactive|OnMaWa has 60 seconds left.
|
|move|p1a: Arceus|Bullet Seed|p2a: Aegislash
|-resisted|p2a: Aegislash
|-damage|p2a: Aegislash|34/100
|-resisted|p2a: Aegislash
|-damage|p2a: Aegislash|26/100
|-resisted|p2a: Aegislash
|-damage|p2a: Aegislash|17/100
|-hitcount|p2a: Aegislash|3
|move|p2a: Aegislash|Sacred Sword|p1a: Arceus
|-supereffective|p1a: Arceus
|-damage|p1a: Arceus|0 fnt
|faint|p1a: Arceus
|
|-heal|p2a: Aegislash|24/100|[from] item: Leftovers
|-fieldend|Misty Terrain
|upkeep
|inactive|OnMaWa has 60 seconds left.
|c| Gen8WasAMistake|bullet seed arc
|
|switch|p1a: Necrozma|Necrozma-Dusk-Mane|100/100
|turn|21
|c| Gen8WasAMistake|the fuck does that even hit..?
|
|-formechange|p2a: Aegislash|Aegislash||[from] ability: Stance Change
|move|p2a: Aegislash|King's Shield|p2a: Aegislash
|-singleturn|p2a: Aegislash|Protect
|move|p1a: Necrozma|Earthquake|p2a: Aegislash
|-activate|p2a: Aegislash|move: Protect
|
|-heal|p2a: Aegislash|30/100|[from] item: Leftovers
|upkeep
|turn|22
|
|-formechange|p2a: Aegislash|Aegislash-Blade||[from] ability: Stance Change
|move|p2a: Aegislash|Shadow Sneak|p1a: Necrozma
|-supereffective|p1a: Necrozma
|-damage|p1a: Necrozma|17/100
|move|p1a: Necrozma|Earthquake|p2a: Aegislash
|-supereffective|p2a: Aegislash
|-damage|p2a: Aegislash|0 fnt
|faint|p2a: Aegislash
|
|upkeep
|
|switch|p2a: Gengar|Gengar, M|100/100
|turn|23
|c| Gen8WasAMistake|pls be sub gengar
|
|detailschange|p1a: Necrozma|Necrozma-Ultra
|-burst|p1a: Necrozma|Necrozma|Ultranecrozium Z
|move|p2a: Gengar|Shadow Ball|p1a: Necrozma
|-supereffective|p1a: Necrozma
|-damage|p1a: Necrozma|0 fnt
|faint|p1a: Necrozma
|
|upkeep
|
|switch|p1a: Rayquaza|Rayquaza-Mega|91/100
|-weather|DeltaStream|[from] ability: Delta Stream|[of] p1a: Rayquaza
|turn|24
|
|-start|p2a: Gengar|Dynamax
|-formechange|p2a: Gengar|Gengar-Gmax
|-heal|p2a: Gengar|100/100|[silent]
|move|p2a: Gengar|Max Ooze|p1a: Rayquaza
|-damage|p1a: Rayquaza|45/100
|-boost|p2a: Gengar|spa|1
|move|p1a: Rayquaza|Earthquake|p2a: Gengar
|-supereffective|p2a: Gengar
|-damage|p2a: Gengar|0 fnt
|-start|p1a: Rayquaza|Disable|Earthquake|[from] ability: Cursed Body|[of] p2a: Gengar
|-damage|p1a: Rayquaza|35/100|[from] item: Life Orb
|faint|p2a: Gengar
|
|win|OnMaWa
|c| Gen8WasAMistake|>:(
|raw|OnMaWa's rating: 1724 &rarr; <strong>1730</strong><br />(+6 for winning)
|raw|Aatron's rating: 1419 &rarr; <strong>1413</strong><br />(-6 for losing)
