|j|☆MiguelRRM
|j|☆Buck X
|t:|1661135931
|gametype|singles
|player|p1|MiguelRRM|2|1806
|player|p2|Buck X|ethan-masters|1815
|teamsize|p1|6
|teamsize|p2|6
|gen|8
|tier|[Gen 8] National Dex AG
|rated|
|rule|HP Percentage Mod: HP is shown in percentages
|rule|Endless Battle Clause: Forcing endless battles is banned
|clearpoke
|poke|p1|Yveltal|
|poke|p1|Ho-Oh|
|poke|p1|Rayquaza|
|poke|p1|Necrozma-Dusk-Mane|
|poke|p1|Calyrex-Shadow|
|poke|p1|Smeargle, F|
|poke|p2|Garchomp, M|
|poke|p2|Xerneas-*|
|poke|p2|Yveltal|
|poke|p2|Arceus-*|
|poke|p2|Calyrex-Shadow|
|poke|p2|Rayquaza|
|teampreview
|inactive|Battle timer is ON: inactive players will automatically lose when time's up. (requested by Buck X)
|
|t:|1661135940
|start
|switch|p1a: Ho-Oh|Ho-Oh|100/100
|switch|p2a: Garchomp|Garchomp, M|100/100
|turn|1
|
|t:|1661135945
|move|p2a: Garchomp|Rock Tomb|p1a: Ho-Oh
|-supereffective|p1a: Ho-Oh
|-damage|p1a: Ho-Oh|23/100
|-unboost|p1a: Ho-Oh|spe|1
|move|p1a: Ho-Oh|Sacred Fire|p2a: Garchomp
|-resisted|p2a: Garchomp
|-damage|p2a: Garchomp|78/100
|-status|p2a: Garchomp|brn
|
|-damage|p2a: Garchomp|72/100 brn|[from] brn
|upkeep
|turn|2
|
|t:|1661135948
|switch|p1a: Necrozma|Necrozma-Dusk-Mane|100/100
|move|p2a: Garchomp|Stealth Rock|p1a: Necrozma
|-sidestart|p1: MiguelRRM|move: Stealth Rock
|
|-damage|p2a: Garchomp|65/100 brn|[from] brn
|upkeep
|turn|3
|
|t:|1661135954
|switch|p2a: Calyrex|Calyrex-Shadow|100/100
|-ability|p2a: Calyrex|As One
|-ability|p2a: Calyrex|Unnerve
|move|p1a: Necrozma|Stealth Rock|p2a: Calyrex
|-sidestart|p2: Buck X|move: Stealth Rock
|
|upkeep
|turn|4
|
|t:|1661135959
|move|p2a: Calyrex|Substitute|p2a: Calyrex
|-start|p2a: Calyrex|Substitute
|-damage|p2a: Calyrex|76/100
|move|p1a: Necrozma|Knock Off|p2a: Calyrex
|-supereffective|p2a: Calyrex
|-end|p2a: Calyrex|Substitute
|
|upkeep
|turn|5
|
|t:|1661135963
|switch|p1a: Smeargle|Smeargle, F|100/100
|-damage|p1a: Smeargle|88/100|[from] Stealth Rock
|move|p2a: Calyrex|Substitute|p2a: Calyrex
|-start|p2a: Calyrex|Substitute
|-damage|p2a: Calyrex|51/100
|
|upkeep
|turn|6
|
|t:|1661135968
|move|p2a: Calyrex|Nasty Plot|p2a: Calyrex
|-boost|p2a: Calyrex|spa|2
|move|p1a: Smeargle|Encore|p2a: Calyrex
|-start|p2a: Calyrex|Encore
|
|upkeep
|turn|7
|
|t:|1661135973
|move|p2a: Calyrex|Nasty Plot|p2a: Calyrex
|-boost|p2a: Calyrex|spa|2
|move|p1a: Smeargle|Sticky Web|p2a: Calyrex
|-sidestart|p2: Buck X|move: Sticky Web
|
|upkeep
|turn|8
|
|t:|1661135978
|switch|p1a: Ho-Oh|Ho-Oh|57/100
|move|p2a: Calyrex|Nasty Plot|p2a: Calyrex
|-boost|p2a: Calyrex|spa|2
|
|upkeep
|turn|9
|
|t:|1661135983
|-zpower|p2a: Calyrex
|move|p2a: Calyrex|Never-Ending Nightmare|p1a: Ho-Oh|[zeffect]
|-damage|p1a: Ho-Oh|0 fnt
|faint|p1a: Ho-Oh
|
|-end|p2a: Calyrex|Encore
|upkeep
|
|t:|1661135986
|switch|p1a: Smeargle|Smeargle, F|88/100
|-damage|p1a: Smeargle|76/100|[from] Stealth Rock
|turn|10
|
|t:|1661135994
|switch|p1a: Yveltal|Yveltal|100/100
|-damage|p1a: Yveltal|76/100|[from] Stealth Rock
|-ability|p1a: Yveltal|Dark Aura
|move|p2a: Calyrex|Baton Pass|p2a: Calyrex
|
|t:|1661136003
|switch|p2a: Yveltal|Yveltal|100/100|[from]move: Baton Pass
|-damage|p2a: Yveltal|76/100|[from] Stealth Rock
|-ability|p2a: Yveltal|Dark Aura
|
|upkeep
|turn|11
|
|t:|1661136007
|-end|p2a: Yveltal|Substitute
|-start|p2a: Yveltal|Dynamax|
|-heal|p2a: Yveltal|76/100|[silent]
|move|p1a: Yveltal|Dual Wingbeat|p2a: Yveltal
|-damage|p2a: Yveltal|62/100
|-damage|p2a: Yveltal|47/100
|-hitcount|p2a: Yveltal|2
|-damage|p1a: Yveltal|66/100|[from] item: Life Orb
|move|p2a: Yveltal|Max Airstream|p1a: Yveltal
|-damage|p1a: Yveltal|0 fnt
|-boost|p2a: Yveltal|spe|1
|faint|p1a: Yveltal
|-damage|p2a: Yveltal|42/100|[from] item: Life Orb
|
|upkeep
|-message|MiguelRRM forfeited.
|
|win|Buck X
|raw|MiguelRRM's rating: 1806 &rarr; <strong>1787</strong><br />(-19 for losing)
|raw|Buck X's rating: 1815 &rarr; <strong>1834</strong><br />(+19 for winning)
|l|☆MiguelRRM
