|j|☆Master kushagra
|j|‽bestgen2
|t:|1650035448
|gametype|singles
|player|p1|Master kushagra|leon-tower|
|player|p2|bestgen2|ethan|
|teamsize|p1|6
|teamsize|p2|6
|gen|8
|tier|[Gen 8] National Dex AG
|rule|HP Percentage Mod: HP is shown in percentages
|rule|Endless Battle Clause: Forcing endless battles is banned
|clearpoke
|poke|p1|Zacian-*|
|poke|p1|Calyrex-Shadow|
|poke|p1|Eternatus|
|poke|p1|Cinderace, F|
|poke|p1|Inteleon, F|
|poke|p1|Dragapult, F|
|poke|p2|Lugia|
|poke|p2|Ho-Oh|
|poke|p2|Suicune|
|poke|p2|Raikou|
|poke|p2|Entei|
|poke|p2|Typhlosion, F|
|teampreview
|
|t:|1650035466
|start
|switch|p1a: Eternatus|Eternatus|100/100
|switch|p2a: Raikou|Raikou|100/100
|-ability|p1a: Eternatus|Pressure
|turn|1
|
|t:|1650035472
|move|p2a: Raikou|Thunderbolt|p1a: Eternatus
|-resisted|p1a: Eternatus
|-damage|p1a: Eternatus|86/100
|move|p1a: Eternatus|Cosmic Power|p1a: Eternatus
|-boost|p1a: Eternatus|def|1
|-boost|p1a: Eternatus|spd|1
|
|-heal|p1a: Eternatus|92/100|[from] item: Black Sludge
|upkeep
|turn|2
|
|t:|1650035479
|switch|p2a: Ho-Oh|Ho-Oh|100/100
|move|p1a: Eternatus|Dynamax Cannon|p2a: Ho-Oh
|-damage|p2a: Ho-Oh|68/100
|
|-heal|p2a: Ho-Oh|74/100|[from] item: Leftovers
|-heal|p1a: Eternatus|98/100|[from] item: Black Sludge
|upkeep
|turn|3
|
|t:|1650035486
|move|p2a: Ho-Oh|Earthquake|p1a: Eternatus
|-supereffective|p1a: Eternatus
|-damage|p1a: Eternatus|67/100
|move|p1a: Eternatus|Dragon Dance|p1a: Eternatus
|-boost|p1a: Eternatus|atk|1
|-boost|p1a: Eternatus|spe|1
|
|-heal|p1a: Eternatus|73/100|[from] item: Black Sludge
|-heal|p2a: Ho-Oh|81/100|[from] item: Leftovers
|upkeep
|turn|4
|
|t:|1650035492
|move|p1a: Eternatus|Cosmic Power|p1a: Eternatus
|-boost|p1a: Eternatus|def|1
|-boost|p1a: Eternatus|spd|1
|move|p2a: Ho-Oh|Earthquake|p1a: Eternatus
|-supereffective|p1a: Eternatus
|-damage|p1a: Eternatus|48/100
|
|-heal|p1a: Eternatus|55/100|[from] item: Black Sludge
|-heal|p2a: Ho-Oh|87/100|[from] item: Leftovers
|upkeep
|turn|5
|
|t:|1650035521
|move|p1a: Eternatus|Dragon Dance|p1a: Eternatus
|-boost|p1a: Eternatus|atk|1
|-boost|p1a: Eternatus|spe|1
|move|p2a: Ho-Oh|Earthquake|p1a: Eternatus
|-supereffective|p1a: Eternatus
|-damage|p1a: Eternatus|30/100
|
|-heal|p1a: Eternatus|36/100|[from] item: Black Sludge
|-heal|p2a: Ho-Oh|93/100|[from] item: Leftovers
|upkeep
|turn|6
|
|t:|1650035530
|move|p1a: Eternatus|Substitute|p1a: Eternatus
|-start|p1a: Eternatus|Substitute
|-damage|p1a: Eternatus|11/100
|move|p2a: Ho-Oh|Earthquake|p1a: Eternatus
|-supereffective|p1a: Eternatus
|-end|p1a: Eternatus|Substitute
|
|-heal|p1a: Eternatus|17/100|[from] item: Black Sludge
|-heal|p2a: Ho-Oh|99/100|[from] item: Leftovers
|upkeep
|turn|7
|
|t:|1650035532
|move|p1a: Eternatus|Dynamax Cannon|p2a: Ho-Oh
|-damage|p2a: Ho-Oh|66/100
|move|p2a: Ho-Oh|Earthquake|p1a: Eternatus
|-supereffective|p1a: Eternatus
|-damage|p1a: Eternatus|0 fnt
|faint|p1a: Eternatus
|
|-heal|p2a: Ho-Oh|72/100|[from] item: Leftovers
|upkeep
|
|t:|1650035540
|switch|p1a: Inteleon|Inteleon, F|100/100
|turn|8
|
|t:|1650035547
|move|p1a: Inteleon|Focus Energy|p1a: Inteleon
|-start|p1a: Inteleon|move: Focus Energy
|move|p2a: Ho-Oh|Toxic|p1a: Inteleon
|-status|p1a: Inteleon|tox
|
|-heal|p2a: Ho-Oh|78/100|[from] item: Leftovers
|-damage|p1a: Inteleon|94/100 tox|[from] psn
|upkeep
|turn|9
|
|t:|1650035572
|move|p1a: Inteleon|Snipe Shot|p2a: Ho-Oh
|-supereffective|p2a: Ho-Oh
|-crit|p2a: Ho-Oh
|-damage|p2a: Ho-Oh|0 fnt
|faint|p2a: Ho-Oh
|
|-damage|p1a: Inteleon|82/100 tox|[from] psn
|upkeep
|
|t:|1650035579
|switch|p2a: Suicune|Suicune|100/100
|turn|10
|
|t:|1650035609
|move|p2a: Suicune|Extreme Speed|p1a: Inteleon
|-damage|p1a: Inteleon|60/100 tox
|move|p1a: Inteleon|Baton Pass|p1a: Inteleon
|
|t:|1650035617
|switch|p1a: Dragapult|Dragapult, F|100/100|[from]move: Baton Pass
|
|upkeep
|turn|11
|
|t:|1650035629
|move|p1a: Dragapult|Dragon Dance|p1a: Dragapult
|-boost|p1a: Dragapult|atk|1
|-boost|p1a: Dragapult|spe|1
|move|p2a: Suicune|Ice Beam|p1a: Dragapult
|-supereffective|p1a: Dragapult
|-damage|p1a: Dragapult|28/100
|
|upkeep
|turn|12
|
|t:|1650035639
|move|p1a: Dragapult|Phantom Force||[still]
|-prepare|p1a: Dragapult|Phantom Force
|move|p2a: Suicune|Ice Beam|p1a: Dragapult|[miss]
|-miss|p2a: Suicune|p1a: Dragapult
|
|upkeep
|turn|13
|
|t:|1650035648
|move|p1a: Dragapult|Phantom Force|p2a: Suicune|[from]lockedmove
|-crit|p2a: Suicune
|-damage|p2a: Suicune|0 fnt
|-damage|p1a: Dragapult|12/100|[from] item: Rocky Helmet|[of] p2a: Suicune
|faint|p2a: Suicune
|-damage|p1a: Dragapult|2/100|[from] item: Life Orb
|
|upkeep
|
|t:|1650035652
|switch|p2a: Raikou|Raikou|100/100
|turn|14
|
|t:|1650035664
|move|p1a: Dragapult|Phantom Force||[still]
|-prepare|p1a: Dragapult|Phantom Force
|move|p2a: Raikou|Thunderbolt|p1a: Dragapult|[miss]
|-miss|p2a: Raikou|p1a: Dragapult
|
|upkeep
|turn|15
|
|t:|1650035676
|move|p1a: Dragapult|Phantom Force|p2a: Raikou|[from]lockedmove
|-crit|p2a: Raikou
|-damage|p2a: Raikou|0 fnt
|faint|p2a: Raikou
|-damage|p1a: Dragapult|0 fnt|[from] item: Life Orb
|faint|p1a: Dragapult
|
|upkeep
|
|t:|1650035693
|switch|p1a: Inteleon|Inteleon, F|60/100 tox
|switch|p2a: Lugia|Lugia|100/100
|turn|16
|
|t:|1650035700
|move|p2a: Lugia|Aeroblast|p1a: Inteleon
|-damage|p1a: Inteleon|0 fnt
|faint|p1a: Inteleon
|
|upkeep
|
|t:|1650035705
|switch|p1a: Cinderace|Cinderace, F|100/100
|turn|17
|
|t:|1650035711
|-start|p1a: Cinderace|Dynamax|Gmax
|-heal|p1a: Cinderace|100/100|[silent]
|move|p2a: Lugia|Psyshock|p1a: Cinderace
|-damage|p1a: Cinderace|77/100
|move|p1a: Cinderace|G-Max Fireball|p2a: Lugia
|-damage|p2a: Lugia|31/100
|
|-heal|p2a: Lugia|37/100|[from] item: Leftovers
|upkeep
|turn|18
|
|t:|1650035731
|-start|p2a: Lugia|Dynamax|
|-heal|p2a: Lugia|37/100|[silent]
|move|p2a: Lugia|Max Airstream|p1a: Cinderace
|-damage|p1a: Cinderace|40/100
|-boost|p2a: Lugia|spe|1
|move|p1a: Cinderace|G-Max Fireball|p2a: Lugia
|-damage|p2a: Lugia|1/100
|
|-heal|p2a: Lugia|4/100|[from] item: Leftovers
|upkeep
|turn|19
|c|☆Master kushagra|Cheating
|c|☆Master kushagra|U used dynamx
|
|t:|1650035802
|move|p2a: Lugia|Max Quake|p1a: Cinderace
|-supereffective|p1a: Cinderace
|-damage|p1a: Cinderace|0 fnt
|-boost|p2a: Lugia|spd|1
|faint|p1a: Cinderace
|
|-heal|p2a: Lugia|7/100|[from] item: Leftovers
|upkeep
|
|t:|1650035807
|switch|p1a: Calyrex|Calyrex-Shadow|100/100
|-ability|p1a: Calyrex|As One
|-ability|p1a: Calyrex|Unnerve
|turn|20
|
|t:|1650035818
|move|p2a: Lugia|Max Hailstorm|p1a: Calyrex
|-damage|p1a: Calyrex|66/100
|-weather|Hail
|move|p1a: Calyrex|Astral Barrage|p2a: Lugia
|-supereffective|p2a: Lugia
|-damage|p2a: Lugia|0 fnt
|faint|p2a: Lugia
|-ability|p1a: Calyrex|Grim Neigh|boost
|-boost|p1a: Calyrex|spa|1
|-damage|p1a: Calyrex|56/100|[from] item: Life Orb
|
|-weather|Hail|[upkeep]
|-damage|p1a: Calyrex|50/100|[from] Hail
|upkeep
|
|t:|1650035821
|switch|p2a: Entei|Entei|100/100
|-ability|p2a: Entei|Pressure
|turn|21
|
|t:|1650035843
|move|p1a: Calyrex|Substitute|p1a: Calyrex
|-start|p1a: Calyrex|Substitute
|-damage|p1a: Calyrex|25/100
|move|p2a: Entei|Crunch|p1a: Calyrex
|-supereffective|p1a: Calyrex
|-end|p1a: Calyrex|Substitute
|-damage|p2a: Entei|91/100|[from] item: Life Orb
|
|-weather|Hail|[upkeep]
|-damage|p1a: Calyrex|19/100|[from] Hail
|-damage|p2a: Entei|84/100|[from] Hail
|upkeep
|turn|22
|
|t:|1650035851
|move|p1a: Calyrex|Astral Barrage|p2a: Entei
|-damage|p2a: Entei|0 fnt
|faint|p2a: Entei
|-ability|p1a: Calyrex|Grim Neigh|boost
|-boost|p1a: Calyrex|spa|1
|-damage|p1a: Calyrex|9/100|[from] item: Life Orb
|
|-weather|Hail|[upkeep]
|-damage|p1a: Calyrex|3/100|[from] Hail
|upkeep
|
|t:|1650035855
|switch|p2a: Typhlosion|Typhlosion, F|100/100
|turn|23
|
|t:|1650035863
|move|p1a: Calyrex|Astral Barrage|p2a: Typhlosion
|-damage|p2a: Typhlosion|0 fnt
|faint|p2a: Typhlosion
|-damage|p1a: Calyrex|0 fnt|[from] item: Life Orb
|faint|p1a: Calyrex
|
|win|Master kushagra
|l|‽bestgen2
|l|☆Master kushagra
|j|☆Master kushagra
|player|p1|Master kushagra|leon-tower
