|j|‽hogwashimperial
|j|☆Crazybirdie1
|player|p1|hogwashimperial|swimmer-gen4|1370
|player|p2|Crazybirdie1|red-gen7|1311
|teamsize|p1|6
|teamsize|p2|6
|gametype|singles
|gen|8
|tier|[Gen 8] National Dex AG
|rated|
|clearpoke
|poke|p1|Rayquaza|
|poke|p1|Zacian-Crowned|
|poke|p1|Eternatus|
|poke|p1|Groudon|
|poke|p1|Smeargle, M|
|poke|p1|Necrozma-Dusk-Mane|
|poke|p2|Poliwrath, M|
|poke|p2|Gyarados, M|
|poke|p2|Wobbuffet, F|
|poke|p2|Wailord, F|
|poke|p2|Lopunny, F|
|poke|p2|Lunala|
|rule|HP Percentage Mod: HP is shown in percentages
|rule|Endless Battle Clause: Forcing endless battles is banned
|teampreview
|c|☆Crazybirdie1|Prepare to get destroyed
|inactive|Battle timer is ON: inactive players will automatically lose when time's up. (requested by Crazybirdie1)
|
|start
|switch|p1a: Groudon|Groudon|100/100
|switch|p2a: Lunala|Lunala|100/100
|detailschange|p1a: Groudon|Groudon-Primal
|-primal|p1a: Groudon
|-weather|DesolateLand|[from] ability: Desolate Land|[of] p1a: Groudon
|turn|1
|
|move|p2a: Lunala|Splash|p2a: Lunala
|-nothing
|move|p1a: Groudon|Thunder Wave|p2a: Lunala
|-status|p2a: Lunala|par
|
|-weather|DesolateLand|[upkeep]
|upkeep
|turn|2
|
|move|p1a: Groudon|Eruption|p2a: Lunala
|-damage|p2a: Lunala|55/100 par
|move|p2a: Lunala|Splash|p2a: Lunala
|-nothing
|
|-weather|DesolateLand|[upkeep]
|upkeep
|turn|3
|
|move|p1a: Groudon|Eruption|p2a: Lunala
|-damage|p2a: Lunala|0 fnt
|faint|p2a: Lunala
|
|-weather|DesolateLand|[upkeep]
|upkeep
|
|switch|p2a: Wailord|Wailord, F|100/100
|turn|4
|
|move|p1a: Groudon|Solar Beam||[still]
|-prepare|p1a: Groudon|Solar Beam|p2a: Wailord
|-anim|p1a: Groudon|Solar Beam|p2a: Wailord
|-supereffective|p2a: Wailord
|-damage|p2a: Wailord|16/100
|move|p2a: Wailord|Splash|p2a: Wailord
|-nothing
|
|-weather|DesolateLand|[upkeep]
|upkeep
|turn|5
|
|move|p1a: Groudon|Solar Beam||[still]
|-prepare|p1a: Groudon|Solar Beam|p2a: Wailord
|-anim|p1a: Groudon|Solar Beam|p2a: Wailord
|-supereffective|p2a: Wailord
|-damage|p2a: Wailord|0 fnt
|faint|p2a: Wailord
|
|-weather|DesolateLand|[upkeep]
|upkeep
|
|switch|p2a: Poliwrath|Poliwrath, M|100/100
|turn|6
|
|move|p1a: Groudon|Thunder Wave|p2a: Poliwrath
|-status|p2a: Poliwrath|par
|move|p2a: Poliwrath|Splash|p2a: Poliwrath
|-nothing
|
|-weather|DesolateLand|[upkeep]
|upkeep
|turn|7
|
|move|p1a: Groudon|Solar Beam||[still]
|-prepare|p1a: Groudon|Solar Beam|p2a: Poliwrath
|-anim|p1a: Groudon|Solar Beam|p2a: Poliwrath
|-supereffective|p2a: Poliwrath
|-damage|p2a: Poliwrath|8/100 par
|cant|p2a: Poliwrath|par
|
|-weather|DesolateLand|[upkeep]
|upkeep
|turn|8
|
|-start|p2a: Poliwrath|Dynamax
|-heal|p2a: Poliwrath|8/100 par|[silent]
|move|p2a: Poliwrath|Max Guard|p2a: Poliwrath
|-singleturn|p2a: Poliwrath|Max Guard
|move|p1a: Groudon|Solar Beam||[still]
|-prepare|p1a: Groudon|Solar Beam|p2a: Poliwrath
|-anim|p1a: Groudon|Solar Beam|p2a: Poliwrath
|-activate|p2a: Poliwrath|move: Max Guard
|
|-weather|DesolateLand|[upkeep]
|upkeep
|turn|9
|
|move|p2a: Poliwrath|Max Guard||[still]
|-fail|p2a: Poliwrath
|move|p1a: Groudon|Solar Beam||[still]
|-prepare|p1a: Groudon|Solar Beam|p2a: Poliwrath
|-anim|p1a: Groudon|Solar Beam|p2a: Poliwrath
|-supereffective|p2a: Poliwrath
|-damage|p2a: Poliwrath|0 fnt
|faint|p2a: Poliwrath
|
|-weather|DesolateLand|[upkeep]
|upkeep
|
|switch|p2a: Gyarados|Gyarados, M|100/100
|-ability|p2a: Gyarados|Intimidate|boost
|-unboost|p1a: Groudon|atk|1
|turn|10
|
|move|p1a: Groudon|Thunder Wave|p2a: Gyarados
|-status|p2a: Gyarados|par
|move|p2a: Gyarados|Splash|p2a: Gyarados
|-nothing
|
|-weather|DesolateLand|[upkeep]
|upkeep
|turn|11
|
|move|p1a: Groudon|Eruption|p2a: Gyarados
|-resisted|p2a: Gyarados
|-damage|p2a: Gyarados|39/100 par
|cant|p2a: Gyarados|par
|
|-weather|DesolateLand|[upkeep]
|upkeep
|turn|12
|
|detailschange|p2a: Gyarados|Gyarados-Mega, M
|-mega|p2a: Gyarados|Gyarados|Gyaradosite
|-ability|p2a: Gyarados|Mold Breaker
|move|p1a: Groudon|Eruption|p2a: Gyarados
|-resisted|p2a: Gyarados
|-damage|p2a: Gyarados|0 fnt
|faint|p2a: Gyarados
|
|-weather|DesolateLand|[upkeep]
|upkeep
|
|switch|p2a: Lopunny|Lopunny, F|100/100
|turn|13
|
|move|p2a: Lopunny|Splash|p2a: Lopunny
|-nothing
|move|p1a: Groudon|Thunder Wave|p2a: Lopunny
|-status|p2a: Lopunny|par
|
|-weather|DesolateLand|[upkeep]
|upkeep
|turn|14
|
|move|p1a: Groudon|Eruption|p2a: Lopunny
|-damage|p2a: Lopunny|0 fnt
|faint|p2a: Lopunny
|
|-weather|DesolateLand|[upkeep]
|upkeep
|
|switch|p2a: Wobbuffet|Wobbuffet, F|100/100
|turn|15
|
|move|p1a: Groudon|Thunder Wave|p2a: Wobbuffet
|-status|p2a: Wobbuffet|par
|cant|p2a: Wobbuffet|par
|
|-weather|DesolateLand|[upkeep]
|upkeep
|turn|16
|
|move|p1a: Groudon|Eruption|p2a: Wobbuffet
|-damage|p2a: Wobbuffet|0 fnt
|faint|p2a: Wobbuffet
|
|win|hogwashimperial
|c|☆Crazybirdie1|You got lucky
|l|☆Crazybirdie1
|raw|hogwashimperial's rating: 1383 &rarr; <strong>1398</strong><br />(+15 for winning)
|raw|Crazybirdie1's rating: 1311 &rarr; <strong>1295</strong><br />(-16 for losing)
