|j|☆BasakBooster2
|j|☆BrandNameTrainer
|t:|1664954329
|gametype|singles
|player|p1|BasakBooster2|lucas|1078
|player|p2|BrandNameTrainer|silver|1040
|teamsize|p1|6
|teamsize|p2|4
|gen|8
|tier|[Gen 8] National Dex AG
|rated|
|rule|HP Percentage Mod: HP is shown in percentages
|rule|Endless Battle Clause: Forcing endless battles is banned
|clearpoke
|poke|p1|Groudon|
|poke|p1|Rayquaza|
|poke|p1|Zygarde|
|poke|p1|Calyrex-Shadow|
|poke|p1|Arceus-*|
|poke|p1|Arceus-*|
|poke|p2|Galvantula, M|
|poke|p2|Regieleki|
|poke|p2|Smeargle, F|
|poke|p2|Vaporeon, F|
|teampreview
|inactive|Battle timer is ON: inactive players will automatically lose when time's up. (requested by BrandNameTrainer)
|
|t:|1664954333
|start
|switch|p1a: the gwoat|Rayquaza|100/100
|switch|p2a: bzzzzt|Regieleki|100/100
|-ability|p1a: the gwoat|Air Lock
|turn|1
|
|t:|1664954340
|detailschange|p1a: the gwoat|Rayquaza-Mega
|-mega|p1a: the gwoat|Rayquaza|
|-weather|DeltaStream|[from] ability: Delta Stream|[of] p1a: the gwoat
|move|p2a: bzzzzt|Reflect|p2a: bzzzzt
|-sidestart|p2: BrandNameTrainer|Reflect
|move|p1a: the gwoat|Scale Shot|p2a: bzzzzt
|-damage|p2a: bzzzzt|84/100
|-damage|p2a: bzzzzt|69/100
|-hitcount|p2a: bzzzzt|2
|-unboost|p1a: the gwoat|def|1
|-boost|p1a: the gwoat|spe|1
|-damage|p1a: the gwoat|91/100|[from] item: Life Orb
|
|-weather|DeltaStream|[upkeep]
|upkeep
|turn|2
|
|t:|1664954351
|move|p2a: bzzzzt|Light Screen|p2a: bzzzzt
|-sidestart|p2: BrandNameTrainer|move: Light Screen
|move|p1a: the gwoat|Earthquake|p2a: bzzzzt
|-supereffective|p2a: bzzzzt
|-damage|p2a: bzzzzt|0 fnt
|faint|p2a: bzzzzt
|-damage|p1a: the gwoat|81/100|[from] item: Life Orb
|
|-weather|DeltaStream|[upkeep]
|upkeep
|
|t:|1664954355
|switch|p2a: EYES|Galvantula, M, shiny|100/100
|turn|3
|
|t:|1664954361
|move|p1a: the gwoat|Earthquake|p2a: EYES
|-damage|p2a: EYES|41/100
|-damage|p1a: the gwoat|71/100|[from] item: Life Orb
|move|p2a: EYES|Sticky Web|p1a: the gwoat
|-sidestart|p1: BasakBooster2|move: Sticky Web
|
|-weather|DeltaStream|[upkeep]
|upkeep
|turn|4
|
|t:|1664954366
|move|p1a: the gwoat|Earthquake|p2a: EYES
|-damage|p2a: EYES|0 fnt
|faint|p2a: EYES
|-damage|p1a: the gwoat|61/100|[from] item: Life Orb
|
|-weather|DeltaStream|[upkeep]
|upkeep
|
|t:|1664954370
|switch|p2a: squooshie|Vaporeon, F, shiny|100/100
|turn|5
|
|t:|1664954380
|move|p1a: the gwoat|Scale Shot|p2a: squooshie
|-damage|p2a: squooshie|88/100
|-damage|p2a: squooshie|74/100
|-damage|p2a: squooshie|61/100
|-damage|p2a: squooshie|47/100
|-hitcount|p2a: squooshie|4
|-unboost|p1a: the gwoat|def|1
|-boost|p1a: the gwoat|spe|1
|-damage|p1a: the gwoat|51/100|[from] item: Life Orb
|move|p2a: squooshie|Last Resort||[still]
|-fail|p2a: squooshie
|
|-weather|DeltaStream|[upkeep]
|upkeep
|turn|6
|
|t:|1664954392
|move|p1a: the gwoat|Dragon Ascent|p2a: squooshie
|-damage|p2a: squooshie|0 fnt
|-unboost|p1a: the gwoat|def|1
|-unboost|p1a: the gwoat|spd|1
|faint|p2a: squooshie
|-damage|p1a: the gwoat|41/100|[from] item: Life Orb
|
|-weather|DeltaStream|[upkeep]
|upkeep
|
|t:|1664954395
|switch|p2a: Bob Ross|Smeargle, F, shiny|100/100
|turn|7
|c|☆BasakBooster2|i dont think this is gonna work out how u r expecting
|
|t:|1664954399
|move|p1a: the gwoat|Dragon Ascent|p2a: Bob Ross
|-enditem|p2a: Bob Ross|Focus Sash
|-damage|p2a: Bob Ross|1/100
|-unboost|p1a: the gwoat|def|1
|-unboost|p1a: the gwoat|spd|1
|-damage|p1a: the gwoat|31/100|[from] item: Life Orb
|move|p2a: Bob Ross|Spore|p1a: the gwoat
|-status|p1a: the gwoat|slp|[from] move: Spore
|
|-weather|DeltaStream|[upkeep]
|upkeep
|turn|8
|
|t:|1664954404
|-weather|none
|switch|p1a: Arceus|Arceus-Fairy|100/100
|-activate|p1a: Arceus|move: Sticky Web
|-unboost|p1a: Arceus|spe|1
|move|p2a: Bob Ross|Leech Seed|p1a: Arceus
|-start|p1a: Arceus|move: Leech Seed
|
|-damage|p1a: Arceus|88/100|[from] Leech Seed|[of] p2a: Bob Ross
|-heal|p2a: Bob Ross|18/100|[silent]
|-sideend|p2: BrandNameTrainer|Reflect
|upkeep
|turn|9
|
|t:|1664954408
|move|p2a: Bob Ross|Spore|p1a: Arceus
|-status|p1a: Arceus|slp|[from] move: Spore
|cant|p1a: Arceus|slp
|
|-damage|p1a: Arceus|76/100 slp|[from] Leech Seed|[of] p2a: Bob Ross
|-heal|p2a: Bob Ross|36/100|[silent]
|-sideend|p2: BrandNameTrainer|move: Light Screen
|upkeep
|turn|10
|
|t:|1664954413
|move|p2a: Bob Ross|Acupressure|p2a: Bob Ross
|-boost|p2a: Bob Ross|spa|2
|cant|p1a: Arceus|slp
|
|-damage|p1a: Arceus|63/100 slp|[from] Leech Seed|[of] p2a: Bob Ross
|-heal|p2a: Bob Ross|53/100|[silent]
|upkeep
|turn|11
|
|t:|1664954417
|move|p2a: Bob Ross|Acupressure|p2a: Bob Ross
|-boost|p2a: Bob Ross|spe|2
|-curestatus|p1a: Arceus|slp|[msg]
|move|p1a: Arceus|Perish Song|p1a: Arceus
|-start|p1a: Arceus|perish3|[silent]
|-start|p2a: Bob Ross|perish3|[silent]
|-fieldactivate|move: Perish Song
|
|-damage|p1a: Arceus|51/100|[from] Leech Seed|[of] p2a: Bob Ross
|-heal|p2a: Bob Ross|71/100|[silent]
|-start|p2a: Bob Ross|perish3
|-start|p1a: Arceus|perish3
|upkeep
|turn|12
|
|t:|1664954423
|move|p2a: Bob Ross|Spore|p1a: Arceus
|-status|p1a: Arceus|slp|[from] move: Spore
|cant|p1a: Arceus|slp
|
|-damage|p1a: Arceus|38/100 slp|[from] Leech Seed|[of] p2a: Bob Ross
|-heal|p2a: Bob Ross|88/100|[silent]
|-start|p2a: Bob Ross|perish2
|-start|p1a: Arceus|perish2
|upkeep
|turn|13
|
|t:|1664954426
|move|p2a: Bob Ross|Acupressure|p2a: Bob Ross
|-boost|p2a: Bob Ross|def|2
|cant|p1a: Arceus|slp
|
|-damage|p1a: Arceus|26/100 slp|[from] Leech Seed|[of] p2a: Bob Ross
|-heal|p2a: Bob Ross|100/100|[silent]
|-start|p2a: Bob Ross|perish1
|-start|p1a: Arceus|perish1
|upkeep
|turn|14
|
|t:|1664954428
|move|p2a: Bob Ross|Power Trip|p1a: Arceus
|-resisted|p1a: Arceus
|-damage|p1a: Arceus|22/100 slp
|cant|p1a: Arceus|slp
|
|-damage|p1a: Arceus|10/100 slp|[from] Leech Seed|[of] p2a: Bob Ross
|-start|p2a: Bob Ross|perish0
|-start|p1a: Arceus|perish0
|upkeep
|faint|p2a: Bob Ross
|faint|p1a: Arceus
|
|win|BasakBooster2
|raw|BasakBooster2's rating: 1078 &rarr; <strong>1103</strong><br />(+25 for winning)
|raw|BrandNameTrainer's rating: 1040 &rarr; <strong>1026</strong><br />(-14 for losing)
|l|☆BrandNameTrainer
