|j|☆Infinitus X
|j|☆Onoufrios
|player|p1|Infinitus X|ryuki|1550
|player|p2|Onoufrios|psychic-gen4|1763
|teamsize|p1|6
|teamsize|p2|6
|gametype|singles
|gen|8
|tier|[Gen 8] National Dex AG
|rated|
|clearpoke
|poke|p1|Marshadow|
|poke|p1|Ditto|
|poke|p1|Zacian-Crowned|
|poke|p1|Arceus-*|
|poke|p1|Necrozma-Dusk-Mane|
|poke|p1|Kyogre|
|poke|p2|Necrozma-Dusk-Mane|
|poke|p2|Arceus-*|
|poke|p2|Xerneas|
|poke|p2|Lugia|
|poke|p2|Zacian-Crowned|
|poke|p2|Kyogre|
|rule|HP Percentage Mod: HP is shown in percentages
|rule|Endless Battle Clause: Forcing endless battles is banned
|teampreview
|inactive|Battle timer is ON: inactive players will automatically lose when time's up. (requested by Infinitus X)
|inactive|Onoufrios has 120 seconds left.
|
|start
|switch|p1a: Kyogre|Kyogre|100/100
|switch|p2a: Lugia|Lugia|100/100
|-weather|RainDance|[from] ability: Drizzle|[of] p1a: Kyogre
|turn|1
|
|move|p1a: Kyogre|Water Spout|p2a: Lugia
|-damage|p2a: Lugia|62/100
|move|p2a: Lugia|Thunder Wave|p1a: Kyogre
|-status|p1a: Kyogre|par
|
|-weather|RainDance|[upkeep]
|upkeep
|turn|2
|
|move|p2a: Lugia|Light Screen|p2a: Lugia
|-sidestart|p2: Onoufrios|move: Light Screen
|move|p1a: Kyogre|Water Spout|p2a: Lugia
|-damage|p2a: Lugia|28/100
|
|-weather|RainDance|[upkeep]
|upkeep
|turn|3
|
|move|p2a: Lugia|Reflect|p2a: Lugia
|-sidestart|p2: Onoufrios|Reflect
|move|p1a: Kyogre|Water Spout|p2a: Lugia
|-damage|p2a: Lugia|0 fnt
|faint|p2a: Lugia
|
|-weather|RainDance|[upkeep]
|upkeep
|inactive|Onoufrios has 120 seconds left.
|
|switch|p2a: Necrozma|Necrozma-Dusk-Mane|100/100
|turn|4
|
|detailschange|p2a: Necrozma|Necrozma-Ultra
|-burst|p2a: Necrozma|Necrozma|Ultranecrozium Z
|move|p2a: Necrozma|Dragon Dance|p2a: Necrozma
|-boost|p2a: Necrozma|atk|1
|-boost|p2a: Necrozma|spe|1
|cant|p1a: Kyogre|par
|
|-weather|RainDance|[upkeep]
|upkeep
|turn|5
|
|move|p2a: Necrozma|Photon Geyser|p1a: Kyogre
|-damage|p1a: Kyogre|0 fnt
|faint|p1a: Kyogre
|
|-weather|none
|upkeep
|
|switch|p1a: Marshadow|Marshadow|100/100
|turn|6
|inactive|Onoufrios has 120 seconds left.
|
|switch|p2a: Xerneas|Xerneas|100/100
|-ability|p2a: Xerneas|Fairy Aura
|move|p1a: Marshadow|Spectral Thief|p2a: Xerneas
|-damage|p2a: Xerneas|83/100
|
|upkeep
|turn|7
|j| GDFK
|
|switch|p1a: Necrozma|Necrozma-Dusk-Mane|100/100
|move|p2a: Xerneas|Moonblast|p1a: Necrozma
|-resisted|p1a: Necrozma
|-damage|p1a: Necrozma|67/100
|-unboost|p1a: Necrozma|spa|1
|
|upkeep
|turn|8
|
|move|p2a: Xerneas|Geomancy||[still]
|-prepare|p2a: Xerneas|Geomancy|p2a: Xerneas
|-enditem|p2a: Xerneas|Power Herb
|-anim|p2a: Xerneas|Geomancy|p2a: Xerneas
|-boost|p2a: Xerneas|spa|2
|-boost|p2a: Xerneas|spd|2
|-boost|p2a: Xerneas|spe|2
|move|p1a: Necrozma|Dragon Dance|p1a: Necrozma
|-boost|p1a: Necrozma|atk|1
|-boost|p1a: Necrozma|spe|1
|
|upkeep
|turn|9
|inactive|Onoufrios has 90 seconds left.
|
|-start|p2a: Xerneas|Dynamax
|-heal|p2a: Xerneas|83/100|[silent]
|-start|p1a: Necrozma|Dynamax
|-heal|p1a: Necrozma|67/100|[silent]
|move|p2a: Xerneas|Max Flare|p1a: Necrozma|[from]Hidden Power
|-supereffective|p1a: Necrozma
|-damage|p1a: Necrozma|8/100
|-enditem|p1a: Necrozma|Weakness Policy
|-boost|p1a: Necrozma|atk|2|[from] item: Weakness Policy
|-boost|p1a: Necrozma|spa|2|[from] item: Weakness Policy
|-weather|SunnyDay
|move|p1a: Necrozma|Max Steelspike|p2a: Xerneas
|-supereffective|p2a: Xerneas
|-damage|p2a: Xerneas|3/100
|-boost|p1a: Necrozma|def|1
|
|-weather|SunnyDay|[upkeep]
|-sideend|p2: Onoufrios|move: Light Screen
|upkeep
|turn|10
|inactive|Onoufrios has 90 seconds left.
|
|move|p2a: Xerneas|Max Flare|p1a: Necrozma|[from]Hidden Power
|-supereffective|p1a: Necrozma
|-damage|p1a: Necrozma|0 fnt
|faint|p1a: Necrozma
|
|-weather|SunnyDay|[upkeep]
|-sideend|p2: Onoufrios|Reflect
|upkeep
|
|switch|p1a: Marshadow|Marshadow|100/100
|turn|11
|
|move|p1a: Marshadow|Shadow Sneak|p2a: Xerneas
|-damage|p2a: Xerneas|0 fnt
|faint|p2a: Xerneas
|
|-weather|SunnyDay|[upkeep]
|upkeep
|inactive|Onoufrios has 90 seconds left.
|l| GDFK
|j| Bobo joey
|
|switch|p2a: Necrozma|Necrozma-Ultra|100/100
|turn|12
|
|move|p1a: Marshadow|Spectral Thief|p2a: Necrozma
|-supereffective|p2a: Necrozma
|-damage|p2a: Necrozma|26/100
|move|p2a: Necrozma|Photon Geyser|p1a: Marshadow
|-supereffective|p1a: Marshadow
|-enditem|p1a: Marshadow|Focus Sash
|-damage|p1a: Marshadow|1/100
|
|-weather|SunnyDay|[upkeep]
|upkeep
|turn|13
|
|move|p1a: Marshadow|Shadow Sneak|p2a: Necrozma
|-supereffective|p2a: Necrozma
|-damage|p2a: Necrozma|0 fnt
|faint|p2a: Necrozma
|
|-weather|none
|upkeep
|
|switch|p2a: Kyogre|Kyogre|100/100
|-weather|RainDance|[from] ability: Drizzle|[of] p2a: Kyogre
|turn|14
|inactive|Onoufrios has 60 seconds left.
|
|move|p1a: Marshadow|Shadow Sneak|p2a: Kyogre
|-damage|p2a: Kyogre|66/100
|move|p2a: Kyogre|Thunder|p1a: Marshadow
|-damage|p1a: Marshadow|0 fnt
|faint|p1a: Marshadow
|
|-weather|RainDance|[upkeep]
|upkeep
|
|switch|p1a: Arceus|Arceus-Ground|100/100
|turn|15
|inactive|Onoufrios has 60 seconds left.
|
|switch|p2a: Arceus|Arceus|100/100
|move|p1a: Arceus|Judgment|p2a: Arceus
|-damage|p2a: Arceus|56/100
|
|-weather|RainDance|[upkeep]
|upkeep
|turn|16
|inactive|Onoufrios has 60 seconds left.
|
|move|p2a: Arceus|Extreme Speed|p1a: Arceus
|-damage|p1a: Arceus|69/100
|move|p1a: Arceus|Thunder|p2a: Arceus
|-damage|p2a: Arceus|27/100
|-status|p2a: Arceus|par
|
|-weather|RainDance|[upkeep]
|upkeep
|turn|17
|inactive|Onoufrios has 60 seconds left.
|
|cant|p2a: Arceus|par
|move|p1a: Arceus|Judgment|p2a: Arceus
|-damage|p2a: Arceus|0 fnt
|faint|p2a: Arceus
|
|-weather|RainDance|[upkeep]
|upkeep
|inactive|Onoufrios has 60 seconds left.
|
|switch|p2a: Kyogre|Kyogre|66/100
|turn|18
|inactive|Onoufrios has 60 seconds left.
|
|move|p2a: Kyogre|Origin Pulse|p1a: Arceus
|-supereffective|p1a: Arceus
|-damage|p1a: Arceus|0 fnt
|faint|p1a: Arceus
|
|-weather|none
|upkeep
|
|switch|p1a: Ditto|Ditto|100/100
|-transform|p1a: Ditto|p2a: Kyogre|[from] ability: Imposter
|-weather|RainDance|[from] ability: Drizzle|[of] p1a: Ditto
|turn|19
|inactive|Onoufrios has 60 seconds left.
|
|switch|p2a: Zacian|Zacian-Crowned|100/100
|-ability|p2a: Zacian|Intrepid Sword|boost
|-boost|p2a: Zacian|atk|1
|move|p1a: Ditto|Thunder|p2a: Zacian
|-damage|p2a: Zacian|60/100
|-status|p2a: Zacian|par
|
|-weather|RainDance|[upkeep]
|upkeep
|turn|20
|
|switch|p1a: Zacian|Zacian-Crowned|100/100
|-ability|p1a: Zacian|Intrepid Sword|boost
|-boost|p1a: Zacian|atk|1
|move|p2a: Zacian|Wild Charge|p1a: Zacian
|-damage|p1a: Zacian|41/100
|-damage|p2a: Zacian|45/100 par|[from] Recoil
|
|-weather|RainDance|[upkeep]
|upkeep
|turn|21
|
|move|p1a: Zacian|Wild Charge|p2a: Zacian
|-damage|p2a: Zacian|0 fnt
|-damage|p1a: Zacian|30/100|[from] Recoil
|faint|p2a: Zacian
|
|-weather|RainDance|[upkeep]
|upkeep
|
|switch|p2a: Kyogre|Kyogre|66/100
|turn|22
|
|move|p2a: Kyogre|Thunder|p1a: Zacian
|-damage|p1a: Zacian|0 fnt
|faint|p1a: Zacian
|
|-weather|RainDance|[upkeep]
|upkeep
|
|switch|p1a: Ditto|Ditto|100/100
|-transform|p1a: Ditto|p2a: Kyogre|[from] ability: Imposter
|turn|23
|
|move|p1a: Ditto|Thunder|p2a: Kyogre
|-supereffective|p2a: Kyogre
|-damage|p2a: Kyogre|9/100
|move|p2a: Kyogre|Thunder|p1a: Ditto
|-supereffective|p1a: Ditto
|-damage|p1a: Ditto|9/100
|
|-weather|none
|upkeep
|turn|24
|
|move|p2a: Kyogre|Thunder|p1a: Ditto|[miss]
|-miss|p2a: Kyogre|p1a: Ditto
|move|p1a: Ditto|Thunder|p2a: Kyogre
|-supereffective|p2a: Kyogre
|-damage|p2a: Kyogre|0 fnt
|faint|p2a: Kyogre
|
|win|Infinitus X
|raw|Infinitus X's rating: 1550 &rarr; <strong>1581</strong><br />(+31 for winning)
|raw|Onoufrios's rating: 1763 &rarr; <strong>1732</strong><br />(-31 for losing)
|c|☆Infinitus X|Oof gg
|l|☆Infinitus X
