|j|☆nokia 3650
|j|☆ReactJS3
|t:|1636264789
|gametype|singles
|player|p1|nokia 3650|steven|1593
|player|p2|ReactJS3|1|1846
|teamsize|p1|6
|teamsize|p2|6
|gen|8
|tier|[Gen 8] National Dex AG
|rated|
|rule|HP Percentage Mod: HP is shown in percentages
|rule|Endless Battle Clause: Forcing endless battles is banned
|clearpoke
|poke|p1|Necrozma-Dusk-Mane|
|poke|p1|Yveltal|
|poke|p1|Zacian-*|
|poke|p1|Rayquaza|
|poke|p1|Groudon|
|poke|p1|Ho-Oh|
|poke|p2|Rayquaza|
|poke|p2|Zacian-*|
|poke|p2|Yveltal|
|poke|p2|Groudon|
|poke|p2|Ho-Oh|
|poke|p2|Ditto|
|teampreview
|
|t:|1636264798
|start
|switch|p1a: Ho-Oh|Ho-Oh|100/100
|switch|p2a: Yveltal|Yveltal|100/100
|-ability|p2a: Yveltal|Dark Aura
|turn|1
|
|t:|1636264802
|switch|p2a: Ho-Oh|Ho-Oh|100/100
|move|p1a: Ho-Oh|Sacred Fire|p2a: Ho-Oh
|-resisted|p2a: Ho-Oh
|-damage|p2a: Ho-Oh|86/100
|
|upkeep
|turn|2
|inactive|Battle timer is ON: inactive players will automatically lose when time's up. (requested by ReactJS3)
|
|t:|1636264807
|move|p1a: Ho-Oh|Toxic|p2a: Ho-Oh
|-status|p2a: Ho-Oh|tox
|move|p2a: Ho-Oh|Toxic|p1a: Ho-Oh
|-status|p1a: Ho-Oh|tox
|
|-damage|p1a: Ho-Oh|94/100 tox|[from] psn
|-damage|p2a: Ho-Oh|80/100 tox|[from] psn
|upkeep
|turn|3
|
|t:|1636264812
|switch|p2a: Ditto|Ditto|100/100
|-transform|p2a: Ditto|p1a: Ho-Oh|[from] ability: Imposter
|move|p1a: Ho-Oh|Sacred Fire|p2a: Ditto
|-resisted|p2a: Ditto
|-damage|p2a: Ditto|80/100
|
|-damage|p1a: Ho-Oh|82/100 tox|[from] psn
|upkeep
|turn|4
|
|t:|1636264819
|switch|p2a: Ho-Oh|Ho-Oh|100/100 tox
|move|p1a: Ho-Oh|Toxic|p2a: Ho-Oh
|-fail|p2a: Ho-Oh|tox
|
|-damage|p1a: Ho-Oh|63/100 tox|[from] psn
|-damage|p2a: Ho-Oh|94/100 tox|[from] psn
|upkeep
|turn|5
|
|t:|1636264827
|switch|p1a: Groudon|Groudon|100/100
|detailschange|p1a: Groudon|Groudon-Primal
|-primal|p1a: Groudon
|-weather|DesolateLand|[from] ability: Desolate Land|[of] p1a: Groudon
|move|p2a: Ho-Oh|Toxic|p1a: Groudon
|-status|p1a: Groudon|tox
|
|-weather|DesolateLand|[upkeep]
|-damage|p1a: Groudon|94/100 tox|[from] psn
|-damage|p2a: Ho-Oh|82/100 tox|[from] psn
|upkeep
|turn|6
|
|t:|1636264833
|switch|p2a: Ditto|Ditto|100/100
|-transform|p2a: Ditto|p1a: Groudon|[from] ability: Imposter
|move|p1a: Groudon|Stealth Rock|p2a: Ditto
|-sidestart|p2: ReactJS3|move: Stealth Rock
|
|-weather|DesolateLand|[upkeep]
|-damage|p1a: Groudon|82/100 tox|[from] psn
|upkeep
|turn|7
|
|t:|1636264842
|move|p2a: Ditto|Earthquake|p1a: Groudon
|-supereffective|p1a: Groudon
|-damage|p1a: Groudon|20/100 tox
|move|p1a: Groudon|Rock Tomb|p2a: Ditto
|-damage|p2a: Ditto|84/100
|-unboost|p2a: Ditto|spe|1
|
|-weather|DesolateLand|[upkeep]
|-damage|p1a: Groudon|1/100 tox|[from] psn
|upkeep
|turn|8
|
|t:|1636264851
|switch|p2a: Ho-Oh|Ho-Oh|100/100 tox
|move|p1a: Groudon|Rock Tomb|p2a: Ho-Oh
|-supereffective|p2a: Ho-Oh
|-damage|p2a: Ho-Oh|37/100 tox
|-unboost|p2a: Ho-Oh|spe|1
|
|-weather|DesolateLand|[upkeep]
|-damage|p1a: Groudon|0 fnt|[from] psn
|faint|p1a: Groudon
|-weather|none
|-damage|p2a: Ho-Oh|31/100 tox|[from] psn
|upkeep
|
|t:|1636264855
|switch|p1a: Rayquaza|Rayquaza|100/100
|-ability|p1a: Rayquaza|Air Lock
|turn|9
|
|t:|1636264867
|switch|p2a: Zacian|Zacian-Crowned|100/100
|-damage|p2a: Zacian|94/100|[from] Stealth Rock
|-ability|p2a: Zacian|Intrepid Sword|boost
|-boost|p2a: Zacian|atk|1
|move|p1a: Rayquaza|Dragon Ascent|p2a: Zacian
|-resisted|p2a: Zacian
|-damage|p2a: Zacian|58/100
|-unboost|p1a: Rayquaza|def|1
|-unboost|p1a: Rayquaza|spd|1
|
|upkeep
|turn|10
|
|t:|1636264878
|switch|p1a: Ho-Oh|Ho-Oh|96/100 tox
|move|p2a: Zacian|Close Combat|p1a: Ho-Oh
|-resisted|p1a: Ho-Oh
|-damage|p1a: Ho-Oh|72/100 tox
|-unboost|p2a: Zacian|def|1
|-unboost|p2a: Zacian|spd|1
|
|-damage|p1a: Ho-Oh|65/100 tox|[from] psn
|upkeep
|turn|11
|
|t:|1636264887
|switch|p1a: Necrozma|Necrozma-Dusk-Mane|100/100
|move|p2a: Zacian|Wild Charge|p1a: Necrozma
|-damage|p1a: Necrozma|60/100
|-damage|p2a: Zacian|46/100|[from] Recoil
|
|upkeep
|turn|12
|
|t:|1636264896
|move|p2a: Zacian|Close Combat|p1a: Necrozma
|-damage|p1a: Necrozma|6/100
|-unboost|p2a: Zacian|def|1
|-unboost|p2a: Zacian|spd|1
|move|p1a: Necrozma|Sunsteel Strike|p2a: Zacian
|-damage|p2a: Zacian|0 fnt
|faint|p2a: Zacian
|
|upkeep
|
|t:|1636264904
|switch|p2a: Ditto|Ditto|84/100
|-damage|p2a: Ditto|72/100|[from] Stealth Rock
|-transform|p2a: Ditto|p1a: Necrozma|[from] ability: Imposter
|turn|13
|
|t:|1636264910
|move|p2a: Ditto|Stone Edge|p1a: Necrozma
|-resisted|p1a: Necrozma
|-damage|p1a: Necrozma|0 fnt
|faint|p1a: Necrozma
|
|upkeep
|
|t:|1636264915
|switch|p1a: Rayquaza|Rayquaza|100/100
|-ability|p1a: Rayquaza|Air Lock
|turn|14
|
|t:|1636264922
|switch|p2a: Groudon|Groudon|100/100
|-damage|p2a: Groudon|94/100|[from] Stealth Rock
|detailschange|p2a: Groudon|Groudon-Primal
|-primal|p2a: Groudon
|-weather|DesolateLand|[from] ability: Desolate Land|[of] p2a: Groudon
|detailschange|p1a: Rayquaza|Rayquaza-Mega
|-mega|p1a: Rayquaza|Rayquaza|
|-weather|DeltaStream|[from] ability: Delta Stream|[of] p1a: Rayquaza
|move|p1a: Rayquaza|Dragon Dance|p1a: Rayquaza
|-boost|p1a: Rayquaza|atk|1
|-boost|p1a: Rayquaza|spe|1
|
|-weather|DeltaStream|[upkeep]
|upkeep
|turn|15
|j| rowletroost
|
|t:|1636264926
|move|p1a: Rayquaza|Earthquake|p2a: Groudon
|-supereffective|p2a: Groudon
|-damage|p2a: Groudon|31/100
|move|p2a: Groudon|Toxic|p1a: Rayquaza
|-status|p1a: Rayquaza|tox
|-enditem|p1a: Rayquaza|Lum Berry|[eat]
|-curestatus|p1a: Rayquaza|tox|[msg]
|
|-weather|DeltaStream|[upkeep]
|upkeep
|turn|16
|
|t:|1636264937
|move|p1a: Rayquaza|Dragon Ascent|p2a: Groudon
|-damage|p2a: Groudon|0 fnt
|-unboost|p1a: Rayquaza|def|1
|-unboost|p1a: Rayquaza|spd|1
|faint|p2a: Groudon
|
|-weather|DeltaStream|[upkeep]
|upkeep
|
|t:|1636264945
|switch|p2a: Yveltal|Yveltal|100/100
|-damage|p2a: Yveltal|76/100|[from] Stealth Rock
|-ability|p2a: Yveltal|Dark Aura
|turn|17
|
|t:|1636264954
|move|p2a: Yveltal|Sucker Punch|p1a: Rayquaza
|-damage|p1a: Rayquaza|21/100
|-damage|p2a: Yveltal|66/100|[from] item: Life Orb
|move|p1a: Rayquaza|Dragon Ascent|p2a: Yveltal
|-damage|p2a: Yveltal|0 fnt
|-unboost|p1a: Rayquaza|def|1
|-unboost|p1a: Rayquaza|spd|1
|faint|p2a: Yveltal
|
|-weather|DeltaStream|[upkeep]
|upkeep
|
|t:|1636264959
|switch|p2a: Ditto|Ditto|72/100
|-damage|p2a: Ditto|59/100|[from] Stealth Rock
|-transform|p2a: Ditto|p1a: Rayquaza|[from] ability: Imposter
|turn|18
|
|t:|1636264965
|move|p2a: Ditto|Extreme Speed|p1a: Rayquaza
|-damage|p1a: Rayquaza|0 fnt
|faint|p1a: Rayquaza
|
|-weather|DeltaStream|[upkeep]
|upkeep
|
|t:|1636264978
|switch|p1a: Yveltal|Yveltal|100/100
|-ability|p1a: Yveltal|Dark Aura
|turn|19
|inactive|ReactJS3 has 120 seconds left.
|
|t:|1636265015
|-weather|none
|switch|p2a: Ho-Oh|Ho-Oh|64/100 tox
|-start|p1a: Yveltal|Dynamax
|-heal|p1a: Yveltal|100/100|[silent]
|move|p1a: Yveltal|Max Airstream|p2a: Ho-Oh
|-damage|p2a: Ho-Oh|3/100 tox
|-boost|p1a: Yveltal|spe|1
|-damage|p1a: Yveltal|96/100|[from] item: Life Orb
|
|-damage|p2a: Ho-Oh|0 fnt|[from] psn
|faint|p2a: Ho-Oh
|upkeep
|
|t:|1636265025
|switch|p2a: Rayquaza|Rayquaza|100/100
|-damage|p2a: Rayquaza|75/100|[from] Stealth Rock
|-ability|p2a: Rayquaza|Air Lock
|turn|20
|
|t:|1636265030
|detailschange|p2a: Rayquaza|Rayquaza-Mega
|-mega|p2a: Rayquaza|Rayquaza|
|-weather|DeltaStream|[from] ability: Delta Stream|[of] p2a: Rayquaza
|move|p2a: Rayquaza|Extreme Speed|p1a: Yveltal
|-damage|p1a: Yveltal|78/100
|move|p1a: Yveltal|Max Darkness|p2a: Rayquaza
|-damage|p2a: Rayquaza|0 fnt
|faint|p2a: Rayquaza
|-weather|none
|-damage|p1a: Yveltal|73/100|[from] item: Life Orb
|
|upkeep
|inactive|ReactJS3 has 120 seconds left.
|
|t:|1636265038
|switch|p2a: Ditto|Ditto|59/100
|-damage|p2a: Ditto|47/100|[from] Stealth Rock
|-transform|p2a: Ditto|p1a: Yveltal|[from] ability: Imposter
|-ability|p2a: Ditto|Dark Aura
|turn|21
|inactive|ReactJS3 has 120 seconds left.
|
|t:|1636265052
|-start|p2a: Ditto|Dynamax
|-heal|p2a: Ditto|47/100|[silent]
|move|p2a: Ditto|Max Airstream|p1a: Yveltal
|-damage|p1a: Yveltal|44/100
|-boost|p2a: Ditto|spe|1
|move|p1a: Yveltal|Max Airstream|p2a: Ditto
|-damage|p2a: Ditto|0 fnt
|-boost|p1a: Yveltal|spe|1
|faint|p2a: Ditto
|-damage|p1a: Yveltal|39/100|[from] item: Life Orb
|
|win|nokia 3650
|raw|nokia 3650's rating: 1593 &rarr; <strong>1625</strong><br />(+32 for winning)
|raw|ReactJS3's rating: 1846 &rarr; <strong>1814</strong><br />(-32 for losing)
|l|☆nokia 3650
|l|☆ReactJS3
