|j|☆Onoufrios
|j|☆Blahblahblahb
|player|p1|Onoufrios|169|1563
|player|p2|Blahblahblahb|cyrus|1461
|teamsize|p1|6
|teamsize|p2|6
|gametype|singles
|gen|8
|tier|[Gen 8] National Dex AG
|rated|
|clearpoke
|poke|p1|Lugia|
|poke|p1|Xerneas|
|poke|p1|Arceus-*|
|poke|p1|Necrozma-Dusk-Mane|
|poke|p1|Ditto|
|poke|p1|Kyogre|
|poke|p2|Gengar, M|
|poke|p2|Xerneas|
|poke|p2|Ho-Oh|
|poke|p2|Groudon|
|poke|p2|Zygarde|
|poke|p2|Necrozma-Dusk-Mane|
|rule|HP Percentage Mod: HP is shown in percentages
|rule|Endless Battle Clause: Forcing endless battles is banned
|teampreview
|inactive|Battle timer is ON: inactive players will automatically lose when time's up. (requested by Blahblahblahb)
|
|start
|switch|p1a: Necrozma|Necrozma-Dusk-Mane|100/100
|switch|p2a: Gengar|Gengar, M, shiny|100/100
|turn|1
|
|detailschange|p2a: Gengar|Gengar-Mega, M, shiny
|-mega|p2a: Gengar|Gengar|Gengarite
|detailschange|p1a: Necrozma|Necrozma-Ultra
|-burst|p1a: Necrozma|Necrozma|Ultranecrozium Z
|move|p2a: Gengar|Substitute|p2a: Gengar
|-start|p2a: Gengar|Substitute
|-damage|p2a: Gengar|76/100
|move|p1a: Necrozma|Photon Geyser|p2a: Gengar
|-supereffective|p2a: Gengar
|-end|p2a: Gengar|Substitute
|
|upkeep
|turn|2
|inactive|Onoufrios has 120 seconds left.
|
|switch|p2a: Necrozma|Necrozma-Dusk-Mane, shiny|100/100
|move|p1a: Necrozma|Dragon Dance|p1a: Necrozma
|-boost|p1a: Necrozma|atk|1
|-boost|p1a: Necrozma|spe|1
|
|upkeep
|turn|3
|inactive|Onoufrios has 120 seconds left.
|
|move|p1a: Necrozma|Earthquake|p2a: Necrozma
|-supereffective|p2a: Necrozma
|-damage|p2a: Necrozma|22/100
|move|p2a: Necrozma|Knock Off|p1a: Necrozma
|-supereffective|p1a: Necrozma
|-damage|p1a: Necrozma|60/100
|
|-heal|p2a: Necrozma|28/100|[from] item: Leftovers
|upkeep
|turn|4
|inactive|Onoufrios has 120 seconds left.
|
|switch|p2a: Zygarde|Zygarde, shiny|100/100
|move|p1a: Necrozma|Earthquake|p2a: Zygarde
|-damage|p2a: Zygarde|62/100
|
|-heal|p2a: Zygarde|69/100|[from] item: Leftovers
|upkeep
|turn|5
|inactive|Onoufrios has 120 seconds left.
|
|switch|p2a: Necrozma|Necrozma-Dusk-Mane, shiny|28/100
|-zpower|p1a: Necrozma
|move|p1a: Necrozma|Light That Burns the Sky|p2a: Necrozma|[zeffect]
|-resisted|p2a: Necrozma
|-damage|p2a: Necrozma|0 fnt
|faint|p2a: Necrozma
|
|upkeep
|
|switch|p2a: Zygarde|Zygarde, shiny|69/100
|turn|6
|inactive|Onoufrios has 120 seconds left.
|
|move|p1a: Necrozma|Photon Geyser|p2a: Zygarde
|-damage|p2a: Zygarde|18/100
|move|p2a: Zygarde|Glare|p1a: Necrozma
|-status|p1a: Necrozma|par
|
|-heal|p2a: Zygarde|25/100|[from] item: Leftovers
|-activate|p2a: Zygarde|ability: Power Construct
|detailschange|p2a: Zygarde|Zygarde-Complete, shiny
|-heal|p2a: Zygarde|50/100|[silent]
|upkeep
|turn|7
|inactive|Onoufrios has 120 seconds left.
|
|move|p1a: Necrozma|Dragon Dance|p1a: Necrozma
|-boost|p1a: Necrozma|atk|1
|-boost|p1a: Necrozma|spe|1
|move|p2a: Zygarde|Coil|p2a: Zygarde
|-boost|p2a: Zygarde|atk|1
|-boost|p2a: Zygarde|def|1
|-boost|p2a: Zygarde|accuracy|1
|
|-heal|p2a: Zygarde|56/100|[from] item: Leftovers
|upkeep
|turn|8
|inactive|Onoufrios has 120 seconds left.
|
|move|p1a: Necrozma|Photon Geyser|p2a: Zygarde
|-damage|p2a: Zygarde|23/100
|move|p2a: Zygarde|Coil|p2a: Zygarde
|-boost|p2a: Zygarde|atk|1
|-boost|p2a: Zygarde|def|1
|-boost|p2a: Zygarde|accuracy|1
|
|-heal|p2a: Zygarde|29/100|[from] item: Leftovers
|upkeep
|turn|9
|inactive|Onoufrios has 120 seconds left.
|
|move|p1a: Necrozma|Photon Geyser|p2a: Zygarde
|-damage|p2a: Zygarde|4/100
|move|p2a: Zygarde|Thousand Arrows|p1a: Necrozma
|-crit|p1a: Necrozma
|-damage|p1a: Necrozma|0 fnt
|faint|p1a: Necrozma
|
|-heal|p2a: Zygarde|10/100|[from] item: Leftovers
|upkeep
|
|switch|p1a: Ditto|Ditto|100/100
|-transform|p1a: Ditto|p2a: Zygarde|[from] ability: Imposter
|turn|10
|
|move|p1a: Ditto|Thousand Arrows|p2a: Zygarde
|-damage|p2a: Zygarde|0 fnt
|faint|p2a: Zygarde
|
|upkeep
|
|switch|p2a: Ho-Oh|Ho-Oh, shiny|100/100
|turn|11
|
|switch|p1a: Lugia|Lugia|100/100
|move|p2a: Ho-Oh|Toxic|p1a: Lugia
|-status|p1a: Lugia|tox
|
|-damage|p1a: Lugia|94/100 tox|[from] psn
|upkeep
|turn|12
|
|switch|p2a: Gengar|Gengar-Mega, M, shiny|76/100
|move|p1a: Lugia|Thunder Wave|p2a: Gengar
|-status|p2a: Gengar|par
|
|-damage|p1a: Lugia|82/100 tox|[from] psn
|upkeep
|turn|13
|
|move|p2a: Gengar|Perish Song|p2a: Gengar
|-start|p1a: Lugia|perish3|[silent]
|-start|p2a: Gengar|perish3|[silent]
|-fieldactivate|move: Perish Song
|move|p1a: Lugia|Whirlwind|p2a: Gengar
|drag|p2a: Xerneas|Xerneas|100/100
|-ability|p2a: Xerneas|Fairy Aura
|
|-damage|p1a: Lugia|63/100 tox|[from] psn
|-start|p1a: Lugia|perish3
|upkeep
|turn|14
|inactive|Onoufrios has 90 seconds left.
|
|switch|p2a: Gengar|Gengar-Mega, M, shiny|76/100 par
|move|p1a: Lugia|Thunder Wave|p2a: Gengar
|-fail|p2a: Gengar|par
|
|-damage|p1a: Lugia|38/100 tox|[from] psn
|-start|p1a: Lugia|perish2
|upkeep
|turn|15
|
|cant|p2a: Gengar|par
|move|p1a: Lugia|Whirlwind|p2a: Gengar
|drag|p2a: Xerneas|Xerneas|100/100
|-ability|p2a: Xerneas|Fairy Aura
|
|-damage|p1a: Lugia|7/100 tox|[from] psn
|-start|p1a: Lugia|perish1
|upkeep
|turn|16
|
|switch|p2a: Ho-Oh|Ho-Oh, shiny|100/100
|move|p1a: Lugia|Thunder Wave|p2a: Ho-Oh
|-status|p2a: Ho-Oh|par
|
|-damage|p1a: Lugia|0 fnt|[from] psn
|faint|p1a: Lugia
|upkeep
|inactive|Onoufrios has 60 seconds left.
|
|switch|p1a: Kyogre|Kyogre|100/100
|-weather|RainDance|[from] ability: Drizzle|[of] p1a: Kyogre
|turn|17
|l|☆Blahblahblahb
|inactive|Blahblahblahb disconnected and has a minute to reconnect!
|player|p2|
|j|☆Blahblahblahb
|inactive|Blahblahblahb reconnected and has 145 seconds left.
|player|p2|Blahblahblahb|cyrus
|
|switch|p2a: Groudon|Groudon, shiny|100/100
|detailschange|p2a: Groudon|Groudon-Primal, shiny
|-primal|p2a: Groudon
|-weather|DesolateLand|[from] ability: Desolate Land|[of] p2a: Groudon
|-start|p1a: Kyogre|Dynamax
|-heal|p1a: Kyogre|100/100|[silent]
|move|p1a: Kyogre|Max Hailstorm|p2a: Groudon
|-damage|p2a: Groudon|66/100
|
|-weather|DesolateLand|[upkeep]
|upkeep
|turn|18
|
|move|p1a: Kyogre|Max Hailstorm|p2a: Groudon
|-damage|p2a: Groudon|31/100
|move|p2a: Groudon|Stealth Rock|p1a: Kyogre
|-sidestart|p1: Onoufrios|move: Stealth Rock
|
|-weather|DesolateLand|[upkeep]
|upkeep
|turn|19
|
|-weather|none
|switch|p2a: Ho-Oh|Ho-Oh, shiny|100/100 par
|move|p1a: Kyogre|Max Hailstorm|p2a: Ho-Oh
|-damage|p2a: Ho-Oh|75/100 par
|-weather|Hail
|
|-weather|Hail|[upkeep]
|-damage|p1a: Kyogre|97/100|[from] Hail
|-damage|p2a: Ho-Oh|69/100 par|[from] Hail
|-end|p1a: Kyogre|Dynamax
|-heal|p1a: Kyogre|97/100|[silent]
|upkeep
|turn|20
|inactive|Onoufrios has 60 seconds left.
|
|switch|p2a: Groudon|Groudon-Primal, shiny|31/100
|-weather|DesolateLand|[from] ability: Desolate Land|[of] p2a: Groudon
|move|p1a: Kyogre|Water Spout||[still]
|-fail|p1a: Kyogre|Water Spout|[from] Desolate Land
|
|-weather|DesolateLand|[upkeep]
|upkeep
|turn|21
|inactive|Onoufrios has 30 seconds left.
|
|switch|p1a: Arceus|Arceus|100/100
|-damage|p1a: Arceus|88/100|[from] Stealth Rock
|move|p2a: Groudon|Precipice Blades|p1a: Arceus
|-damage|p1a: Arceus|45/100
|
|-weather|DesolateLand|[upkeep]
|upkeep
|turn|22
|inactive|Onoufrios has 30 seconds left.
|
|move|p1a: Arceus|Extreme Speed|p2a: Groudon
|-damage|p2a: Groudon|2/100
|-damage|p1a: Arceus|35/100|[from] item: Life Orb
|move|p2a: Groudon|Precipice Blades|p1a: Arceus
|-damage|p1a: Arceus|0 fnt
|faint|p1a: Arceus
|
|-weather|DesolateLand|[upkeep]
|upkeep
|inactive|Onoufrios has 30 seconds left this turn.
|inactive|Onoufrios has 20 seconds left.
|inactive|Onoufrios has 15 seconds left.
|inactive|Onoufrios has 10 seconds left.
|
|switch|p1a: Ditto|Ditto|100/100
|-damage|p1a: Ditto|88/100|[from] Stealth Rock
|-transform|p1a: Ditto|p2a: Groudon|[from] ability: Imposter
|turn|23
|inactive|Onoufrios has 20 seconds left this turn.
|inactive|Onoufrios has 15 seconds left.
|inactive|Onoufrios has 10 seconds left.
|
|move|p1a: Ditto|Stone Edge|p2a: Groudon
|-damage|p2a: Groudon|0 fnt
|faint|p2a: Groudon
|
|-weather|DesolateLand|[upkeep]
|upkeep
|inactive|Onoufrios has 15 seconds left this turn.
|
|switch|p2a: Gengar|Gengar-Mega, M, shiny|76/100 par
|turn|24
|inactive|Onoufrios has 25 seconds left this turn.
|inactive|Onoufrios has 20 seconds left.
|
|move|p1a: Ditto|Stone Edge|p2a: Gengar|[miss]
|-miss|p1a: Ditto|p2a: Gengar
|cant|p2a: Gengar|par
|
|-weather|DesolateLand|[upkeep]
|upkeep
|turn|25
|inactive|Onoufrios has 30 seconds left this turn.
|inactive|Onoufrios has 20 seconds left.
|
|move|p1a: Ditto|Stone Edge|p2a: Gengar|[miss]
|-miss|p1a: Ditto|p2a: Gengar
|move|p2a: Gengar|Destiny Bond|p2a: Gengar
|-singlemove|p2a: Gengar|Destiny Bond
|
|-weather|DesolateLand|[upkeep]
|upkeep
|turn|26
|inactive|Onoufrios has 30 seconds left this turn.
|
|move|p1a: Ditto|Stone Edge|p2a: Gengar
|-damage|p2a: Gengar|25/100 par
|move|p2a: Gengar|Substitute|p2a: Gengar
|-fail|p2a: Gengar|move: Substitute|[weak]
|
|-weather|DesolateLand|[upkeep]
|upkeep
|turn|27
|inactive|Onoufrios has 30 seconds left.
|
|switch|p2a: Ho-Oh|Ho-Oh, shiny|100/100 par
|move|p1a: Ditto|Stone Edge|p2a: Ho-Oh
|-supereffective|p2a: Ho-Oh
|-damage|p2a: Ho-Oh|4/100 par
|
|-weather|DesolateLand|[upkeep]
|upkeep
|turn|28
|inactive|Onoufrios has 30 seconds left.
|
|-weather|none
|switch|p1a: Kyogre|Kyogre|97/100
|-damage|p1a: Kyogre|85/100|[from] Stealth Rock
|-weather|RainDance|[from] ability: Drizzle|[of] p1a: Kyogre
|move|p2a: Ho-Oh|Toxic|p1a: Kyogre
|-status|p1a: Kyogre|tox
|
|-weather|RainDance|[upkeep]
|-damage|p1a: Kyogre|79/100 tox|[from] psn
|upkeep
|turn|29
|inactive|Onoufrios has 30 seconds left.
|inactive|Onoufrios has 20 seconds left.
|inactive|Onoufrios has 15 seconds left.
|inactive|Onoufrios has 10 seconds left.
|
|move|p1a: Kyogre|Water Spout|p2a: Ho-Oh
|-supereffective|p2a: Ho-Oh
|-damage|p2a: Ho-Oh|0 fnt
|faint|p2a: Ho-Oh
|
|-weather|RainDance|[upkeep]
|-damage|p1a: Kyogre|67/100 tox|[from] psn
|upkeep
|inactive|Onoufrios has 15 seconds left this turn.
|
|switch|p2a: Gengar|Gengar-Mega, M, shiny|25/100 par
|turn|30
|inactive|Onoufrios has 25 seconds left this turn.
|inactive|Onoufrios has 20 seconds left.
|inactive|Onoufrios has 15 seconds left.
|
|move|p1a: Kyogre|Water Spout|p2a: Gengar
|-damage|p2a: Gengar|0 fnt
|faint|p2a: Gengar
|
|-weather|RainDance|[upkeep]
|-damage|p1a: Kyogre|48/100 tox|[from] psn
|upkeep
|inactive|Onoufrios has 20 seconds left this turn.
|
|switch|p2a: Xerneas|Xerneas|100/100
|-ability|p2a: Xerneas|Fairy Aura
|turn|31
|inactive|Onoufrios has 30 seconds left this turn.
|
|move|p1a: Kyogre|Water Spout|p2a: Xerneas
|-damage|p2a: Xerneas|43/100
|move|p2a: Xerneas|Geomancy||[still]
|-prepare|p2a: Xerneas|Geomancy|p2a: Xerneas
|-enditem|p2a: Xerneas|Power Herb
|-anim|p2a: Xerneas|Geomancy|p2a: Xerneas
|-boost|p2a: Xerneas|spa|2
|-boost|p2a: Xerneas|spd|2
|-boost|p2a: Xerneas|spe|2
|
|-weather|RainDance|[upkeep]
|-damage|p1a: Kyogre|23/100 tox|[from] psn
|upkeep
|turn|32
|inactive|Onoufrios has 30 seconds left.
|
|move|p2a: Xerneas|Moonblast|p1a: Kyogre
|-damage|p1a: Kyogre|0 fnt
|faint|p1a: Kyogre
|
|-weather|none
|upkeep
|inactive|Onoufrios has 30 seconds left this turn.
|
|switch|p1a: Ditto|Ditto|88/100
|-damage|p1a: Ditto|76/100|[from] Stealth Rock
|-transform|p1a: Ditto|p2a: Xerneas|[from] ability: Imposter
|-ability|p1a: Ditto|Fairy Aura
|turn|33
|inactive|Onoufrios has 30 seconds left.
|inactive|Onoufrios has 20 seconds left.
|inactive|Onoufrios has 15 seconds left.
|inactive|Onoufrios has 10 seconds left.
|
|-start|p2a: Xerneas|Dynamax
|-heal|p2a: Xerneas|43/100|[silent]
|move|p1a: Ditto|Thunder|p2a: Xerneas|[miss]
|-miss|p1a: Ditto|p2a: Xerneas
|move|p2a: Xerneas|Max Starfall|p1a: Ditto
|-damage|p1a: Ditto|0 fnt
|-fieldstart|move: Misty Terrain
|faint|p1a: Ditto
|
|upkeep
|inactive|Onoufrios has 15 seconds left this turn.
|inactive|Onoufrios has 10 seconds left.
|inactive|Onoufrios has 5 seconds left.
|
|switch|p1a: Xerneas|Xerneas|100/100
|-damage|p1a: Xerneas|88/100|[from] Stealth Rock
|-ability|p1a: Xerneas|Fairy Aura
|turn|34
|inactive|Onoufrios has 15 seconds left this turn.
|inactive|Onoufrios has 10 seconds left.
|
|move|p2a: Xerneas|Max Starfall|p1a: Xerneas
|-damage|p1a: Xerneas|0 fnt
|faint|p1a: Xerneas
|
|win|Blahblahblahb
|inactive|Onoufrios has 15 seconds left this turn.
