|j|☆amnael1
|j|☆DarkboiJ
|t:|1664567048
|gametype|singles
|player|p1|amnael1|1|1849
|player|p2|DarkboiJ|blue-gen3two|1834
|teamsize|p1|6
|teamsize|p2|6
|gen|8
|tier|[Gen 8] National Dex AG
|rated|
|rule|HP Percentage Mod: HP is shown in percentages
|rule|Endless Battle Clause: Forcing endless battles is banned
|clearpoke
|poke|p1|Smeargle, M|
|poke|p1|Groudon|
|poke|p1|Espeon, M|
|poke|p1|Rayquaza|
|poke|p1|Xerneas-*|
|poke|p1|Zacian-*|
|poke|p2|Solgaleo|
|poke|p2|Tyranitar, M|
|poke|p2|Arceus-*|
|poke|p2|Ditto|
|poke|p2|Arceus-*|
|poke|p2|Dragapult, M|
|teampreview
|inactive|Battle timer is ON: inactive players will automatically lose when time's up. (requested by DarkboiJ)
|
|t:|1664567055
|start
|switch|p1a: Rayquaza|Rayquaza|100/100
|switch|p2a: DraGhost🐉|Dragapult, M|100/100
|-ability|p1a: Rayquaza|Air Lock
|turn|1
|
|t:|1664567059
|switch|p1a: Espeon|Espeon, M|100/100
|move|p2a: DraGhost🐉|Dragon Darts|p1a: Espeon
|-damage|p1a: Espeon|44/100
|-anim|p2a: DraGhost🐉|Dragon Darts|p1a: Espeon
|-damage|p1a: Espeon|0 fnt
|faint|p1a: Espeon
|-damage|p2a: DraGhost🐉|91/100|[from] item: Life Orb
|
|upkeep
|
|t:|1664567064
|switch|p1a: Zacian|Zacian-Crowned|100/100
|-ability|p1a: Zacian|Intrepid Sword|boost
|-boost|p1a: Zacian|atk|1
|turn|2
|
|t:|1664567072
|switch|p2a: Solgaleo|Solgaleo|100/100
|move|p1a: Zacian|Play Rough|p2a: Solgaleo
|-resisted|p2a: Solgaleo
|-damage|p2a: Solgaleo|65/100
|
|upkeep
|turn|3
|
|t:|1664567079
|switch|p1a: Groudon|Groudon|100/100
|detailschange|p1a: Groudon|Groudon-Primal
|-primal|p1a: Groudon
|-weather|DesolateLand|[from] ability: Desolate Land|[of] p1a: Groudon
|move|p2a: Solgaleo|Earthquake|p1a: Groudon
|-supereffective|p1a: Groudon
|-damage|p1a: Groudon|31/100
|
|-weather|DesolateLand|[upkeep]
|upkeep
|turn|4
|
|t:|1664567087
|switch|p2a: Arceus|Arceus-Ground|100/100
|move|p1a: Groudon|Stealth Rock|p2a: Arceus
|-sidestart|p2: DarkboiJ|move: Stealth Rock
|
|-weather|DesolateLand|[upkeep]
|upkeep
|turn|5
|
|t:|1664567090
|move|p2a: Arceus|Stealth Rock|p1a: Groudon
|-sidestart|p1: amnael1|move: Stealth Rock
|move|p1a: Groudon|Fire Punch|p2a: Arceus
|-damage|p2a: Arceus|40/100
|
|-weather|DesolateLand|[upkeep]
|upkeep
|turn|6
|
|t:|1664567093
|move|p2a: Arceus|Judgment|p1a: Groudon
|-supereffective|p1a: Groudon
|-damage|p1a: Groudon|0 fnt
|faint|p1a: Groudon
|-weather|none
|
|upkeep
|
|t:|1664567097
|switch|p1a: Rayquaza|Rayquaza|100/100
|-damage|p1a: Rayquaza|76/100|[from] Stealth Rock
|-ability|p1a: Rayquaza|Air Lock
|turn|7
|
|t:|1664567102
|detailschange|p1a: Rayquaza|Rayquaza-Mega
|-mega|p1a: Rayquaza|Rayquaza|
|-weather|DeltaStream|[from] ability: Delta Stream|[of] p1a: Rayquaza
|move|p2a: Arceus|Will-O-Wisp|p1a: Rayquaza
|-status|p1a: Rayquaza|brn
|move|p1a: Rayquaza|Dragon Dance|p1a: Rayquaza
|-boost|p1a: Rayquaza|atk|1
|-boost|p1a: Rayquaza|spe|1
|
|-weather|DeltaStream|[upkeep]
|-damage|p1a: Rayquaza|70/100 brn|[from] brn
|upkeep
|turn|8
|
|t:|1664567105
|move|p1a: Rayquaza|Dragon Ascent|p2a: Arceus
|-damage|p2a: Arceus|0 fnt
|-unboost|p1a: Rayquaza|def|1
|-unboost|p1a: Rayquaza|spd|1
|faint|p2a: Arceus
|
|-weather|DeltaStream|[upkeep]
|-damage|p1a: Rayquaza|64/100 brn|[from] brn
|upkeep
|
|t:|1664567112
|switch|p2a: Ditto|Ditto, shiny|100/100
|-damage|p2a: Ditto|88/100|[from] Stealth Rock
|-transform|p2a: Ditto|p1a: Rayquaza|[from] ability: Imposter
|turn|9
|
|t:|1664567115
|move|p1a: Rayquaza|Extreme Speed|p2a: Ditto
|-damage|p2a: Ditto|41/100
|move|p2a: Ditto|Dragon Ascent|p1a: Rayquaza
|-damage|p1a: Rayquaza|0 fnt
|-unboost|p2a: Ditto|def|1
|-unboost|p2a: Ditto|spd|1
|faint|p1a: Rayquaza
|
|-weather|DeltaStream|[upkeep]
|upkeep
|
|t:|1664567118
|switch|p1a: Smeargle|Smeargle, M|100/100
|-damage|p1a: Smeargle|88/100|[from] Stealth Rock
|turn|10
|
|t:|1664567126
|move|p1a: Smeargle|Spiky Shield|p1a: Smeargle
|-singleturn|p1a: Smeargle|move: Protect
|move|p2a: Ditto|Dragon Ascent|p1a: Smeargle
|-activate|p1a: Smeargle|move: Protect
|-damage|p2a: Ditto|28/100|[from] Spiky Shield|[of] p1a: Smeargle
|
|-weather|DeltaStream|[upkeep]
|-ability|p1a: Smeargle|Moody|boost
|-boost|p1a: Smeargle|atk|2
|-unboost|p1a: Smeargle|spd|1
|upkeep
|turn|11
|
|t:|1664567129
|switch|p1a: Zacian|Zacian-Crowned|100/100
|-damage|p1a: Zacian|94/100|[from] Stealth Rock
|-ability|p1a: Zacian|Intrepid Sword|boost
|-boost|p1a: Zacian|atk|1
|move|p2a: Ditto|Dragon Ascent|p1a: Zacian
|-resisted|p1a: Zacian
|-damage|p1a: Zacian|41/100
|-unboost|p2a: Ditto|def|1
|-unboost|p2a: Ditto|spd|1
|
|-weather|DeltaStream|[upkeep]
|upkeep
|turn|12
|
|t:|1664567132
|move|p2a: Ditto|Dragon Ascent|p1a: Zacian
|-resisted|p1a: Zacian
|-damage|p1a: Zacian|0 fnt
|-unboost|p2a: Ditto|def|1
|-unboost|p2a: Ditto|spd|1
|faint|p1a: Zacian
|
|-weather|DeltaStream|[upkeep]
|upkeep
|
|t:|1664567134
|switch|p1a: Smeargle|Smeargle, M|88/100
|-damage|p1a: Smeargle|76/100|[from] Stealth Rock
|turn|13
|
|t:|1664567139
|-weather|none
|switch|p2a: Arceus|Arceus|100/100
|-damage|p2a: Arceus|88/100|[from] Stealth Rock
|move|p1a: Smeargle|Spore|p2a: Arceus
|-status|p2a: Arceus|slp|[from] move: Spore
|-enditem|p2a: Arceus|Lum Berry|[eat]
|-curestatus|p2a: Arceus|slp|[msg]
|
|-ability|p1a: Smeargle|Moody|boost
|-boost|p1a: Smeargle|atk|2
|-unboost|p1a: Smeargle|spa|1
|upkeep
|turn|14
|
|t:|1664567146
|move|p2a: Arceus|Extreme Speed|p1a: Smeargle
|-damage|p1a: Smeargle|0 fnt
|faint|p1a: Smeargle
|
|upkeep
|
|t:|1664567148
|switch|p1a: Xerneas|Xerneas|100/100
|-damage|p1a: Xerneas|88/100|[from] Stealth Rock
|-ability|p1a: Xerneas|Fairy Aura
|turn|15
|
|t:|1664567151
|-start|p2a: Arceus|Dynamax|
|-heal|p2a: Arceus|88/100|[silent]
|move|p2a: Arceus|Max Strike|p1a: Xerneas
|-damage|p1a: Xerneas|35/100
|-unboost|p1a: Xerneas|spe|1
|move|p1a: Xerneas|Geomancy||[still]
|-prepare|p1a: Xerneas|Geomancy
|-enditem|p1a: Xerneas|Power Herb
|-anim|p1a: Xerneas|Geomancy|p1a: Xerneas
|-boost|p1a: Xerneas|spa|2
|-boost|p1a: Xerneas|spd|2
|-boost|p1a: Xerneas|spe|2
|
|upkeep
|turn|16
|
|t:|1664567154
|-start|p1a: Xerneas|Dynamax|
|-heal|p1a: Xerneas|35/100|[silent]
|move|p1a: Xerneas|Max Guard|p1a: Xerneas
|-singleturn|p1a: Xerneas|Max Guard
|move|p2a: Arceus|Max Strike|p1a: Xerneas
|-activate|p1a: Xerneas|move: Max Guard
|
|upkeep
|turn|17
|
|t:|1664567156
|move|p1a: Xerneas|Max Starfall|p2a: Arceus
|-damage|p2a: Arceus|33/100
|-fieldstart|move: Misty Terrain
|move|p2a: Arceus|Max Strike|p1a: Xerneas
|-damage|p1a: Xerneas|12/100
|-unboost|p1a: Xerneas|spe|1
|
|upkeep
|-end|p2a: Arceus|Dynamax
|-heal|p2a: Arceus|33/100|[silent]
|turn|18
|
|t:|1664567159
|move|p2a: Arceus|Extreme Speed|p1a: Xerneas
|-damage|p1a: Xerneas|0 fnt
|faint|p1a: Xerneas
|
|win|DarkboiJ
|raw|amnael1's rating: 1849 &rarr; <strong>1828</strong><br />(-21 for losing)
|raw|DarkboiJ's rating: 1834 &rarr; <strong>1855</strong><br />(+21 for winning)
|l|☆amnael1
