|j|☆rajof
|j|☆smoolic alt
|t:|1662898986
|gametype|singles
|player|p1|rajof|youngster-gen4dp|1856
|player|p2|smoolic alt|clemont|1805
|teamsize|p1|6
|teamsize|p2|6
|gen|8
|tier|[Gen 8] National Dex AG
|rated|
|rule|HP Percentage Mod: HP is shown in percentages
|rule|Endless Battle Clause: Forcing endless battles is banned
|clearpoke
|poke|p1|Groudon|
|poke|p1|Zygarde|
|poke|p1|Necrozma-Dusk-Mane|
|poke|p1|Chansey, F|
|poke|p1|Yveltal|
|poke|p1|Rayquaza|
|poke|p2|Kyogre|
|poke|p2|Zygarde|
|poke|p2|Necrozma-Dusk-Mane|
|poke|p2|Yveltal|
|poke|p2|Ferrothorn, M|
|poke|p2|Marshadow|
|teampreview
|inactive|Battle timer is ON: inactive players will automatically lose when time's up. (requested by smoolic alt)
|inactive|rajof has 120 seconds left.
|
|t:|1662899022
|start
|switch|p1a: 이벨타르|Yveltal|100/100
|switch|p2a: Zygarde|Zygarde|100/100
|-ability|p1a: 이벨타르|Dark Aura
|turn|1
|
|t:|1662899028
|move|p1a: 이벨타르|Taunt|p2a: Zygarde
|-start|p2a: Zygarde|move: Taunt
|cant|p2a: Zygarde|move: Taunt|Glare
|
|upkeep
|turn|2
|
|t:|1662899044
|switch|p2a: Yveltal|Yveltal|100/100
|-ability|p2a: Yveltal|Dark Aura
|move|p1a: 이벨타르|Dark Pulse|p2a: Yveltal
|-resisted|p2a: Yveltal
|-damage|p2a: Yveltal|80/100
|-damage|p1a: 이벨타르|91/100|[from] item: Life Orb
|
|upkeep
|turn|3
|
|t:|1662899052
|-start|p1a: 이벨타르|Dynamax|
|-heal|p1a: 이벨타르|91/100|[silent]
|move|p1a: 이벨타르|Max Airstream|p2a: Yveltal
|-crit|p2a: Yveltal
|-damage|p2a: Yveltal|9/100
|-boost|p1a: 이벨타르|spe|1
|-damage|p1a: 이벨타르|86/100|[from] item: Life Orb
|move|p2a: Yveltal|U-turn|p1a: 이벨타르
|-damage|p1a: 이벨타르|76/100
|
|t:|1662899057
|switch|p2a: Ferrothorn|Ferrothorn, M|100/100|[from]move: U-turn
|
|upkeep
|turn|4
|
|t:|1662899066
|move|p2a: Ferrothorn|Protect|p2a: Ferrothorn
|-singleturn|p2a: Ferrothorn|Protect
|move|p1a: 이벨타르|Max Darkness|p2a: Ferrothorn
|-zbroken|p2a: Ferrothorn
|-damage|p2a: Ferrothorn|81/100
|-unboost|p2a: Ferrothorn|spd|1
|-damage|p1a: 이벨타르|71/100|[from] item: Life Orb
|
|-heal|p2a: Ferrothorn|87/100|[from] item: Leftovers
|upkeep
|turn|5
|
|t:|1662899076
|switch|p2a: Yveltal|Yveltal|9/100
|-ability|p2a: Yveltal|Dark Aura
|move|p1a: 이벨타르|Max Darkness|p2a: Yveltal
|-resisted|p2a: Yveltal
|-damage|p2a: Yveltal|0 fnt
|faint|p2a: Yveltal
|-damage|p1a: 이벨타르|66/100|[from] item: Life Orb
|
|upkeep
|
|t:|1662899080
|switch|p2a: Kyogre|Kyogre|100/100
|detailschange|p2a: Kyogre|Kyogre-Primal
|-primal|p2a: Kyogre
|-weather|PrimordialSea|[from] ability: Primordial Sea|[of] p2a: Kyogre
|-end|p1a: 이벨타르|Dynamax
|-heal|p1a: 이벨타르|66/100|[silent]
|turn|6
|
|t:|1662899088
|switch|p1a: 그란돈|Groudon|100/100
|detailschange|p1a: 그란돈|Groudon-Primal
|-primal|p1a: 그란돈
|-weather|DesolateLand|[from] ability: Desolate Land|[of] p1a: 그란돈
|move|p2a: Kyogre|Scald||[still]
|-fail|p2a: Kyogre|Scald|[from] Desolate Land
|
|-weather|DesolateLand|[upkeep]
|upkeep
|turn|7
|
|t:|1662899096
|switch|p2a: Zygarde|Zygarde|100/100
|move|p1a: 그란돈|Swords Dance|p1a: 그란돈
|-boost|p1a: 그란돈|atk|2
|
|-weather|DesolateLand|[upkeep]
|upkeep
|turn|8
|
|t:|1662899105
|move|p2a: Zygarde|Glare|p1a: 그란돈
|-status|p1a: 그란돈|par
|move|p1a: 그란돈|Precipice Blades|p2a: Zygarde
|-damage|p2a: Zygarde|6/100
|
|-weather|DesolateLand|[upkeep]
|-heal|p2a: Zygarde|12/100|[from] item: Leftovers
|-activate|p2a: Zygarde|ability: Power Construct
|detailschange|p2a: Zygarde|Zygarde-Complete
|-heal|p2a: Zygarde|42/100|[silent]
|upkeep
|turn|9
|
|t:|1662899111
|move|p2a: Zygarde|Haze|p2a: Zygarde
|-clearallboost
|cant|p1a: 그란돈|par
|
|-weather|DesolateLand|[upkeep]
|-heal|p2a: Zygarde|48/100|[from] item: Leftovers
|upkeep
|turn|10
|j| dedaobudaode
|
|t:|1662899120
|switch|p2a: Kyogre|Kyogre-Primal|100/100
|-weather|PrimordialSea|[from] ability: Primordial Sea|[of] p2a: Kyogre
|switch|p1a: 네크로즈마|Necrozma-Dusk-Mane|100/100
|
|-weather|PrimordialSea|[upkeep]
|upkeep
|turn|11
|
|t:|1662899125
|move|p2a: Kyogre|Calm Mind|p2a: Kyogre
|-boost|p2a: Kyogre|spa|1
|-boost|p2a: Kyogre|spd|1
|move|p1a: 네크로즈마|Stealth Rock|p2a: Kyogre
|-sidestart|p2: smoolic alt|move: Stealth Rock
|
|-weather|PrimordialSea|[upkeep]
|upkeep
|turn|12
|
|t:|1662899128
|switch|p1a: 그란돈|Groudon-Primal|100/100 par
|-weather|DesolateLand|[from] ability: Desolate Land|[of] p1a: 그란돈
|move|p2a: Kyogre|Ice Beam|p1a: 그란돈
|-damage|p1a: 그란돈|56/100 par
|
|-weather|DesolateLand|[upkeep]
|upkeep
|turn|13
|
|t:|1662899132
|move|p2a: Kyogre|Ice Beam|p1a: 그란돈
|-damage|p1a: 그란돈|7/100 par
|move|p1a: 그란돈|Precipice Blades|p2a: Kyogre
|-damage|p2a: Kyogre|42/100
|
|-weather|DesolateLand|[upkeep]
|upkeep
|turn|14
|
|t:|1662899138
|-weather|none
|switch|p1a: 럭키|Chansey, F|100/100
|move|p2a: Kyogre|Ice Beam|p1a: 럭키
|-crit|p1a: 럭키
|-damage|p1a: 럭키|77/100
|
|upkeep
|turn|15
|
|t:|1662899143
|move|p2a: Kyogre|Scald|p1a: 럭키
|-damage|p1a: 럭키|58/100
|move|p1a: 럭키|Wish|p1a: 럭키
|
|upkeep
|turn|16
|
|t:|1662899148
|move|p2a: Kyogre|Ice Beam|p1a: 럭키
|-damage|p1a: 럭키|43/100
|move|p1a: 럭키|Toxic|p2a: Kyogre
|-status|p2a: Kyogre|tox
|
|-heal|p1a: 럭키|93/100|[from] move: Wish|[wisher] 럭키
|-damage|p2a: Kyogre|35/100 tox|[from] psn
|upkeep
|turn|17
|
|t:|1662899153
|move|p2a: Kyogre|Rest|p2a: Kyogre
|-status|p2a: Kyogre|slp|[from] move: Rest
|-heal|p2a: Kyogre|100/100 slp|[silent]
|move|p1a: 럭키|Wish|p1a: 럭키
|
|upkeep
|turn|18
|
|t:|1662899157
|switch|p2a: Zygarde|Zygarde-Complete|48/100
|-damage|p2a: Zygarde|42/100|[from] Stealth Rock
|switch|p1a: 그란돈|Groudon-Primal|7/100 par
|-weather|DesolateLand|[from] ability: Desolate Land|[of] p1a: 그란돈
|
|-weather|DesolateLand|[upkeep]
|-heal|p1a: 그란돈|92/100 par|[from] move: Wish|[wisher] 럭키
|-heal|p2a: Zygarde|48/100|[from] item: Leftovers
|upkeep
|turn|19
|
|t:|1662899169
|-weather|none
|switch|p1a: 지가르데|Zygarde|100/100
|move|p2a: Zygarde|Thousand Arrows|p1a: 지가르데
|-damage|p1a: 지가르데|78/100
|
|-heal|p1a: 지가르데|84/100|[from] item: Leftovers
|-heal|p2a: Zygarde|55/100|[from] item: Leftovers
|upkeep
|turn|20
|
|t:|1662899176
|move|p1a: 지가르데|Substitute|p1a: 지가르데
|-start|p1a: 지가르데|Substitute
|-damage|p1a: 지가르데|59/100
|move|p2a: Zygarde|Glare||[still]
|-fail|p2a: Zygarde
|
|-heal|p1a: 지가르데|65/100|[from] item: Leftovers
|-heal|p2a: Zygarde|61/100|[from] item: Leftovers
|upkeep
|turn|21
|
|t:|1662899178
|move|p1a: 지가르데|Glare|p2a: Zygarde
|-status|p2a: Zygarde|par
|move|p2a: Zygarde|Thousand Arrows|p1a: 지가르데
|-activate|p1a: 지가르데|move: Substitute|[damage]
|
|-heal|p1a: 지가르데|71/100|[from] item: Leftovers
|-heal|p2a: Zygarde|67/100 par|[from] item: Leftovers
|upkeep
|turn|22
|
|t:|1662899184
|move|p1a: 지가르데|Coil|p1a: 지가르데
|-boost|p1a: 지가르데|atk|1
|-boost|p1a: 지가르데|def|1
|-boost|p1a: 지가르데|accuracy|1
|move|p2a: Zygarde|Thousand Arrows|p1a: 지가르데
|-end|p1a: 지가르데|Substitute
|
|-heal|p1a: 지가르데|77/100|[from] item: Leftovers
|-heal|p2a: Zygarde|73/100 par|[from] item: Leftovers
|upkeep
|turn|23
|
|t:|1662899186
|switch|p2a: Kyogre|Kyogre-Primal|100/100 slp
|-damage|p2a: Kyogre|88/100 slp|[from] Stealth Rock
|-weather|PrimordialSea|[from] ability: Primordial Sea|[of] p2a: Kyogre
|move|p1a: 지가르데|Substitute|p1a: 지가르데
|-start|p1a: 지가르데|Substitute
|-damage|p1a: 지가르데|52/100
|
|-weather|PrimordialSea|[upkeep]
|-heal|p1a: 지가르데|59/100|[from] item: Leftovers
|upkeep
|turn|24
|
|t:|1662899189
|move|p1a: 지가르데|Thousand Arrows|p2a: Kyogre
|-damage|p2a: Kyogre|55/100 slp
|cant|p2a: Kyogre|slp
|
|-weather|PrimordialSea|[upkeep]
|-heal|p1a: 지가르데|65/100|[from] item: Leftovers
|upkeep
|turn|25
|
|t:|1662899197
|move|p1a: 지가르데|Thousand Arrows|p2a: Kyogre
|-damage|p2a: Kyogre|24/100 slp
|cant|p2a: Kyogre|slp
|
|-weather|PrimordialSea|[upkeep]
|-heal|p1a: 지가르데|71/100|[from] item: Leftovers
|upkeep
|turn|26
|
|t:|1662899199
|move|p1a: 지가르데|Thousand Arrows|p2a: Kyogre
|-damage|p2a: Kyogre|0 fnt
|faint|p2a: Kyogre
|-weather|none
|
|-heal|p1a: 지가르데|77/100|[from] item: Leftovers
|upkeep
|
|t:|1662899201
|switch|p2a: Marshadow|Marshadow|100/100
|-damage|p2a: Marshadow|94/100|[from] Stealth Rock
|turn|27
|
|t:|1662899205
|move|p2a: Marshadow|Ice Punch|p1a: 지가르데
|-supereffective|p1a: 지가르데
|-end|p1a: 지가르데|Substitute
|move|p1a: 지가르데|Glare|p2a: Marshadow
|-status|p2a: Marshadow|par
|
|-heal|p1a: 지가르데|83/100|[from] item: Leftovers
|upkeep
|turn|28
|
|t:|1662899209
|switch|p1a: 네크로즈마|Necrozma-Dusk-Mane|100/100
|move|p2a: Marshadow|Ice Punch|p1a: 네크로즈마
|-resisted|p1a: 네크로즈마
|-damage|p1a: 네크로즈마|90/100
|-damage|p2a: Marshadow|78/100 par|[from] item: Rocky Helmet|[of] p1a: 네크로즈마
|
|upkeep
|turn|29
|c|☆smoolic alt|gg
|-message|smoolic alt forfeited.
|
|win|rajof
|raw|rajof's rating: 1856 &rarr; <strong>1873</strong><br />(+17 for winning)
|raw|smoolic alt's rating: 1805 &rarr; <strong>1788</strong><br />(-17 for losing)
|l|☆smoolic alt
|l|☆rajof
||Ladder isn't responding, score probably updated but might not have (Request timeout).
