|j|☆GqdeSniper
|j|☆ReactJS3
|t:|1638031116
|gametype|singles
|player|p1|GqdeSniper|volkner|1743
|player|p2|ReactJS3|265|1975
|teamsize|p1|6
|teamsize|p2|6
|gen|8
|tier|[Gen 8] National Dex AG
|rated|
|rule|HP Percentage Mod: HP is shown in percentages
|rule|Endless Battle Clause: Forcing endless battles is banned
|clearpoke
|poke|p1|Zacian-*|
|poke|p1|Ditto|
|poke|p1|Yveltal|
|poke|p1|Rayquaza|
|poke|p1|Deoxys-Speed|
|poke|p1|Calyrex-Shadow|
|poke|p2|Rayquaza|
|poke|p2|Zacian-*|
|poke|p2|Yveltal|
|poke|p2|Groudon|
|poke|p2|Ho-Oh|
|poke|p2|Ditto|
|teampreview
|inactive|Battle timer is ON: inactive players will automatically lose when time's up. (requested by ReactJS3)
|
|t:|1638031132
|start
|switch|p1a: Deoxys|Deoxys-Speed|100/100
|switch|p2a: Rayquaza|Rayquaza|100/100
|-ability|p1a: Deoxys|Pressure
|-ability|p2a: Rayquaza|Air Lock
|turn|1
|c|☆GqdeSniper|wHAT IS YOUR RANK
|c|☆GqdeSniper|WTF
|inactive|GqdeSniper has 120 seconds left.
|j| BAMSPG
|
|t:|1638031176
|detailschange|p2a: Rayquaza|Rayquaza-Mega
|-mega|p2a: Rayquaza|Rayquaza|
|-weather|DeltaStream|[from] ability: Delta Stream|[of] p2a: Rayquaza
|move|p1a: Deoxys|Stealth Rock|p2a: Rayquaza
|-sidestart|p2: ReactJS3|move: Stealth Rock
|move|p2a: Rayquaza|Dragon Ascent|p1a: Deoxys
|-enditem|p1a: Deoxys|Focus Sash
|-damage|p1a: Deoxys|1/100
|-unboost|p2a: Rayquaza|def|1
|-unboost|p2a: Rayquaza|spd|1
|
|-weather|DeltaStream|[upkeep]
|upkeep
|turn|2
|c|☆ReactJS3|what is yours
|
|t:|1638031192
|move|p2a: Rayquaza|Extreme Speed|p1a: Deoxys
|-crit|p1a: Deoxys
|-damage|p1a: Deoxys|0 fnt
|faint|p1a: Deoxys
|
|-weather|DeltaStream|[upkeep]
|upkeep
|j| ticoolman
|
|t:|1638031202
|switch|p1a: Zacian|Zacian-Crowned|100/100
|-ability|p1a: Zacian|Intrepid Sword|boost
|-boost|p1a: Zacian|atk|1
|turn|3
|
|t:|1638031213
|switch|p1a: Rayquaza|Rayquaza|100/100
|-ability|p1a: Rayquaza|Air Lock
|-weather|none
|switch|p2a: Ho-Oh|Ho-Oh|100/100
|
|upkeep
|turn|4
|
|t:|1638031222
|detailschange|p1a: Rayquaza|Rayquaza-Mega
|-mega|p1a: Rayquaza|Rayquaza|
|-weather|DeltaStream|[from] ability: Delta Stream|[of] p1a: Rayquaza
|move|p1a: Rayquaza|Dragon Ascent|p2a: Ho-Oh
|-damage|p2a: Ho-Oh|19/100
|-unboost|p1a: Rayquaza|def|1
|-unboost|p1a: Rayquaza|spd|1
|move|p2a: Ho-Oh|Defog|p1a: Rayquaza
|-unboost|p1a: Rayquaza|evasion|1
|-sideend|p2: ReactJS3|Stealth Rock|[from] move: Defog|[of] p2a: Ho-Oh
|
|-weather|DeltaStream|[upkeep]
|upkeep
|turn|5
|j| BOTICE MEH SENPI
|
|t:|1638031241
|switch|p2a: Groudon|Groudon|100/100
|detailschange|p2a: Groudon|Groudon-Primal
|-primal|p2a: Groudon
|-weather|DesolateLand|[from] ability: Desolate Land|[of] p2a: Groudon
|move|p1a: Rayquaza|Dragon Ascent|p2a: Groudon
|-damage|p2a: Groudon|40/100
|-unboost|p1a: Rayquaza|def|1
|-unboost|p1a: Rayquaza|spd|1
|
|-weather|DesolateLand|[upkeep]
|upkeep
|turn|6
|j| Airen yeager
|
|t:|1638031253
|-weather|none
|switch|p2a: Zacian|Zacian-Crowned|100/100
|-ability|p2a: Zacian|Intrepid Sword|boost
|-boost|p2a: Zacian|atk|1
|move|p1a: Rayquaza|Dragon Ascent|p2a: Zacian
|-resisted|p2a: Zacian
|-damage|p2a: Zacian|43/100
|-unboost|p1a: Rayquaza|def|1
|-unboost|p1a: Rayquaza|spd|1
|
|upkeep
|turn|7
|c|☆ReactJS3|choice band?
|inactive|GqdeSniper has 90 seconds left.
|c|☆GqdeSniper|YES
|
|t:|1638031282
|switch|p1a: Zacian|Zacian-Crowned|100/100
|-ability|p1a: Zacian|Intrepid Sword|boost
|-boost|p1a: Zacian|atk|1
|move|p2a: Zacian|Behemoth Blade|p1a: Zacian
|-damage|p1a: Zacian|9/100
|
|upkeep
|turn|8
|inactive|GqdeSniper has 90 seconds left.
|
|t:|1638031295
|move|p1a: Zacian|Behemoth Blade|p2a: Zacian
|-damage|p2a: Zacian|0 fnt
|faint|p2a: Zacian
|
|upkeep
|
|t:|1638031298
|switch|p2a: Ditto|Ditto|100/100
|-transform|p2a: Ditto|p1a: Zacian|[from] ability: Imposter
|-ability|p2a: Ditto|Intrepid Sword|boost
|-boost|p2a: Ditto|atk|1
|turn|9
|inactive|GqdeSniper has 90 seconds left.
|
|t:|1638031320
|move|p2a: Ditto|Behemoth Blade|p1a: Zacian
|-damage|p1a: Zacian|0 fnt
|faint|p1a: Zacian
|
|upkeep
|
|t:|1638031325
|switch|p1a: Calyrex|Calyrex-Shadow|100/100
|-ability|p1a: Calyrex|As One
|-ability|p1a: Calyrex|Unnerve
|turn|10
|inactive|GqdeSniper has 90 seconds left.
|
|t:|1638031340
|move|p1a: Calyrex|Astral Barrage|p2a: Ditto
|-damage|p2a: Ditto|26/100
|move|p2a: Ditto|Behemoth Blade|p1a: Calyrex
|-damage|p1a: Calyrex|0 fnt
|faint|p1a: Calyrex
|
|upkeep
|
|t:|1638031349
|switch|p1a: Rayquaza|Rayquaza-Mega|100/100
|-weather|DeltaStream|[from] ability: Delta Stream|[of] p1a: Rayquaza
|turn|11
|inactive|GqdeSniper has 90 seconds left.
|
|t:|1638031356
|move|p1a: Rayquaza|Extreme Speed|p2a: Ditto
|-resisted|p2a: Ditto
|-damage|p2a: Ditto|0 fnt
|faint|p2a: Ditto
|
|-weather|DeltaStream|[upkeep]
|upkeep
|
|t:|1638031364
|switch|p2a: Rayquaza|Rayquaza-Mega|100/100
|turn|12
|
|t:|1638031371
|move|p1a: Rayquaza|Extreme Speed|p2a: Rayquaza
|-damage|p2a: Rayquaza|43/100
|move|p2a: Rayquaza|Dragon Dance|p2a: Rayquaza
|-boost|p2a: Rayquaza|atk|1
|-boost|p2a: Rayquaza|spe|1
|
|-weather|DeltaStream|[upkeep]
|upkeep
|turn|13
|
|t:|1638031381
|move|p2a: Rayquaza|Extreme Speed|p1a: Rayquaza
|-damage|p1a: Rayquaza|44/100
|move|p1a: Rayquaza|Extreme Speed|p2a: Rayquaza
|-damage|p2a: Rayquaza|0 fnt
|faint|p2a: Rayquaza
|
|-weather|DeltaStream|[upkeep]
|upkeep
|
|t:|1638031385
|switch|p2a: Ho-Oh|Ho-Oh|52/100
|turn|14
|
|t:|1638031391
|move|p1a: Rayquaza|Extreme Speed|p2a: Ho-Oh
|-damage|p2a: Ho-Oh|13/100
|move|p2a: Ho-Oh|Toxic|p1a: Rayquaza
|-status|p1a: Rayquaza|tox
|
|-weather|DeltaStream|[upkeep]
|-damage|p1a: Rayquaza|38/100 tox|[from] psn
|upkeep
|turn|15
|inactive|GqdeSniper has 120 seconds left.
|
|t:|1638031398
|switch|p2a: Groudon|Groudon-Primal|40/100
|-weather|DesolateLand|[from] ability: Desolate Land|[of] p2a: Groudon
|move|p1a: Rayquaza|Extreme Speed|p2a: Groudon
|-damage|p2a: Groudon|14/100
|
|-weather|DesolateLand|[upkeep]
|-damage|p1a: Rayquaza|26/100 tox|[from] psn
|upkeep
|turn|16
|
|t:|1638031406
|-weather|none
|switch|p2a: Ho-Oh|Ho-Oh|47/100
|move|p1a: Rayquaza|Extreme Speed|p2a: Ho-Oh
|-damage|p2a: Ho-Oh|9/100
|
|-damage|p1a: Rayquaza|8/100 tox|[from] psn
|upkeep
|turn|17
|
|t:|1638031415
|switch|p2a: Groudon|Groudon-Primal|14/100
|-weather|DesolateLand|[from] ability: Desolate Land|[of] p2a: Groudon
|move|p1a: Rayquaza|Extreme Speed|p2a: Groudon
|-damage|p2a: Groudon|0 fnt
|faint|p2a: Groudon
|-weather|none
|
|-damage|p1a: Rayquaza|0 fnt|[from] psn
|faint|p1a: Rayquaza
|upkeep
|c|☆ReactJS3|haha I was dumb
|c|☆ReactJS3|and throw away this game
|
|t:|1638031438
|switch|p1a: Yveltal|Yveltal|100/100
|switch|p2a: Ho-Oh|Ho-Oh|43/100
|-ability|p1a: Yveltal|Dark Aura
|turn|18
|c|☆GqdeSniper|No you are strong
|
|t:|1638031452
|switch|p2a: Yveltal|Yveltal|100/100
|-ability|p2a: Yveltal|Dark Aura
|-start|p1a: Yveltal|Dynamax
|-heal|p1a: Yveltal|100/100|[silent]
|move|p1a: Yveltal|Max Airstream|p2a: Yveltal
|-damage|p2a: Yveltal|7/100
|-boost|p1a: Yveltal|spe|1
|-damage|p1a: Yveltal|96/100|[from] item: Life Orb
|
|upkeep
|turn|19
|c|☆GqdeSniper|gg
|
|t:|1638031467
|move|p2a: Yveltal|Sucker Punch|p1a: Yveltal
|-resisted|p1a: Yveltal
|-damage|p1a: Yveltal|83/100
|-damage|p2a: Yveltal|0 fnt|[from] item: Life Orb
|faint|p2a: Yveltal
|move|p1a: Yveltal|Max Airstream|p2: Yveltal|[notarget]
|-fail|p1a: Yveltal
|
|upkeep
|
|t:|1638031474
|switch|p2a: Ho-Oh|Ho-Oh|76/100
|turn|20
|
|t:|1638031479
|-start|p2a: Ho-Oh|Dynamax
|-heal|p2a: Ho-Oh|76/100|[silent]
|move|p2a: Ho-Oh|Max Guard|p2a: Ho-Oh
|-singleturn|p2a: Ho-Oh|Max Guard
|move|p1a: Yveltal|Max Darkness|p2a: Ho-Oh
|-activate|p2a: Ho-Oh|move: Max Guard
|
|-end|p1a: Yveltal|Dynamax
|-heal|p1a: Yveltal|83/100|[silent]
|upkeep
|turn|21
|
|t:|1638031504
|move|p1a: Yveltal|Rock Slide|p2a: Ho-Oh
|-supereffective|p2a: Ho-Oh
|-damage|p2a: Ho-Oh|41/100
|-damage|p1a: Yveltal|74/100|[from] item: Life Orb
|move|p2a: Ho-Oh|Max Flare|p1a: Yveltal
|-damage|p1a: Yveltal|26/100
|-weather|SunnyDay
|
|-weather|SunnyDay|[upkeep]
|upkeep
|turn|22
|
|t:|1638031513
|move|p1a: Yveltal|Rock Slide|p2a: Ho-Oh
|-supereffective|p2a: Ho-Oh
|-damage|p2a: Ho-Oh|4/100
|-damage|p1a: Yveltal|16/100|[from] item: Life Orb
|move|p2a: Ho-Oh|Max Flare|p1a: Yveltal
|-damage|p1a: Yveltal|0 fnt
|faint|p1a: Yveltal
|
|-weather|SunnyDay|[upkeep]
|-end|p2a: Ho-Oh|Dynamax
|-heal|p2a: Ho-Oh|5/100|[silent]
|upkeep
|
|t:|1638031525
|switch|p1a: Ditto|Ditto|100/100
|-transform|p1a: Ditto|p2a: Ho-Oh|[from] ability: Imposter
|turn|23
|
|t:|1638031532
|move|p1a: Ditto|Sacred Fire|p2a: Ho-Oh|[miss]
|-miss|p1a: Ditto|p2a: Ho-Oh
|move|p2a: Ho-Oh|Toxic|p1a: Ditto
|-status|p1a: Ditto|tox
|
|-weather|SunnyDay|[upkeep]
|-damage|p1a: Ditto|94/100 tox|[from] psn
|upkeep
|turn|24
|c| BAMSPG|gg
|
|t:|1638031540
|move|p1a: Ditto|Sacred Fire|p2a: Ho-Oh|[miss]
|-miss|p1a: Ditto|p2a: Ho-Oh
|move|p2a: Ho-Oh|Sacred Fire|p1a: Ditto
|-resisted|p1a: Ditto
|-damage|p1a: Ditto|66/100 tox
|
|-weather|SunnyDay|[upkeep]
|-damage|p1a: Ditto|54/100 tox|[from] psn
|upkeep
|turn|25
|c| BAMSPG|wtf
|c| BAMSPG|wait
|c| BAMSPG|wait
|c| BAMSPG|omg
|c| ticoolman|wtf
|
|t:|1638031550
|move|p1a: Ditto|Sacred Fire|p2a: Ho-Oh
|-resisted|p2a: Ho-Oh
|-damage|p2a: Ho-Oh|0 fnt
|faint|p2a: Ho-Oh
|
|win|GqdeSniper
|raw|GqdeSniper's rating: 1743 &rarr; <strong>1775</strong><br />(+32 for winning)
|raw|ReactJS3's rating: 1975 &rarr; <strong>1943</strong><br />(-32 for losing)
|c| ticoolman|WTF
|c| BAMSPG|phew
|c|☆GqdeSniper|gg
|l|☆ReactJS3
|l| BOTICE MEH SENPI
|l| ticoolman
|l| BAMSPG
