|j|☆lemoncell0
|j|☆Puigson
|t:|1662414936
|gametype|singles
|player|p1|lemoncell0|allister|1920
|player|p2|Puigson|steven|1688
|teamsize|p1|6
|teamsize|p2|6
|gen|8
|tier|[Gen 8] National Dex AG
|rated|
|rule|HP Percentage Mod: HP is shown in percentages
|rule|Endless Battle Clause: Forcing endless battles is banned
|clearpoke
|poke|p1|Ferrothorn, F|
|poke|p1|Quagsire, F|
|poke|p1|Zacian-*|
|poke|p1|Diancie|
|poke|p1|Tyranitar, M|
|poke|p1|Ditto|
|poke|p2|Calyrex-Shadow|
|poke|p2|Zacian-*|
|poke|p2|Rayquaza|
|poke|p2|Necrozma-Dusk-Mane|
|poke|p2|Yveltal|
|poke|p2|Groudon|
|teampreview
|inactive|Battle timer is ON: inactive players will automatically lose when time's up. (requested by Puigson)
|
|t:|1662414948
|start
|switch|p1a: Diancie|Diancie|100/100
|switch|p2a: Necrozma|Necrozma-Dusk-Mane|100/100
|turn|1
|
|t:|1662414954
|switch|p1a: Ferrothorn|Ferrothorn, F|100/100
|move|p2a: Necrozma|Sunsteel Strike|p1a: Ferrothorn
|-resisted|p1a: Ferrothorn
|-damage|p1a: Ferrothorn|80/100
|-damage|p2a: Necrozma|88/100|[from] ability: Iron Barbs|[of] p1a: Ferrothorn
|
|-heal|p1a: Ferrothorn|86/100|[from] item: Leftovers
|upkeep
|turn|2
|
|t:|1662414961
|switch|p2a: Rayquaza|Rayquaza|100/100
|-ability|p2a: Rayquaza|Air Lock
|move|p1a: Ferrothorn|Leech Seed|p2a: Rayquaza
|-start|p2a: Rayquaza|move: Leech Seed
|
|-heal|p1a: Ferrothorn|93/100|[from] item: Leftovers
|-damage|p2a: Rayquaza|88/100|[from] Leech Seed|[of] p1a: Ferrothorn
|-heal|p1a: Ferrothorn|100/100|[silent]
|upkeep
|turn|3
|
|t:|1662414964
|switch|p1a: Diancie|Diancie|100/100
|detailschange|p2a: Rayquaza|Rayquaza-Mega
|-mega|p2a: Rayquaza|Rayquaza|
|-weather|DeltaStream|[from] ability: Delta Stream|[of] p2a: Rayquaza
|move|p2a: Rayquaza|Dragon Dance|p2a: Rayquaza
|-boost|p2a: Rayquaza|atk|1
|-boost|p2a: Rayquaza|spe|1
|
|-weather|DeltaStream|[upkeep]
|-damage|p2a: Rayquaza|76/100|[from] Leech Seed|[of] p1a: Diancie
|upkeep
|turn|4
|
|t:|1662414972
|switch|p1a: Quagsire|Quagsire, F|100/100
|move|p2a: Rayquaza|Dragon Ascent|p1a: Quagsire
|-damage|p1a: Quagsire|21/100
|-unboost|p2a: Rayquaza|def|1
|-unboost|p2a: Rayquaza|spd|1
|-damage|p2a: Rayquaza|59/100|[from] item: Rocky Helmet|[of] p1a: Quagsire
|-damage|p2a: Rayquaza|50/100|[from] item: Life Orb
|
|-weather|DeltaStream|[upkeep]
|-damage|p2a: Rayquaza|37/100|[from] Leech Seed|[of] p1a: Quagsire
|-heal|p1a: Quagsire|32/100|[silent]
|upkeep
|turn|5
|
|t:|1662414985
|switch|p1a: Diancie|Diancie|100/100
|move|p2a: Rayquaza|Dragon Ascent|p1a: Diancie
|-resisted|p1a: Diancie
|-damage|p1a: Diancie|32/100
|-unboost|p2a: Rayquaza|def|1
|-unboost|p2a: Rayquaza|spd|1
|-damage|p2a: Rayquaza|27/100|[from] item: Life Orb
|
|-weather|DeltaStream|[upkeep]
|-damage|p2a: Rayquaza|15/100|[from] Leech Seed|[of] p1a: Diancie
|-heal|p1a: Diancie|50/100|[silent]
|upkeep
|turn|6
|
|t:|1662414992
|-weather|none
|switch|p2a: Zacian|Zacian-Crowned|100/100
|-ability|p2a: Zacian|Intrepid Sword|boost
|-boost|p2a: Zacian|atk|1
|switch|p1a: Quagsire|Quagsire, F|32/100
|
|upkeep
|turn|7
|
|t:|1662414995
|move|p2a: Zacian|Close Combat|p1a: Quagsire
|-damage|p1a: Quagsire|0 fnt
|-unboost|p2a: Zacian|def|1
|-unboost|p2a: Zacian|spd|1
|-damage|p2a: Zacian|84/100|[from] item: Rocky Helmet|[of] p1a: Quagsire
|faint|p1a: Quagsire
|
|upkeep
|
|t:|1662414998
|switch|p1a: Ditto|Ditto|100/100
|-transform|p1a: Ditto|p2a: Zacian|[from] ability: Imposter
|-ability|p1a: Ditto|Intrepid Sword|boost
|-boost|p1a: Ditto|atk|1
|turn|8
|
|t:|1662415004
|switch|p2a: Necrozma|Necrozma-Dusk-Mane|88/100
|move|p1a: Ditto|Close Combat|p2a: Necrozma
|-damage|p2a: Necrozma|39/100
|-unboost|p1a: Ditto|def|1
|-unboost|p1a: Ditto|spd|1
|-damage|p1a: Ditto|84/100|[from] item: Rocky Helmet|[of] p2a: Necrozma
|
|upkeep
|turn|9
|
|t:|1662415007
|move|p1a: Ditto|Close Combat|p2a: Necrozma
|-damage|p2a: Necrozma|0 fnt
|-unboost|p1a: Ditto|def|1
|-unboost|p1a: Ditto|spd|1
|-damage|p1a: Ditto|67/100|[from] item: Rocky Helmet|[of] p2a: Necrozma
|faint|p2a: Necrozma
|
|upkeep
|
|t:|1662415013
|switch|p2a: Groudon|Groudon|100/100
|detailschange|p2a: Groudon|Groudon-Primal
|-primal|p2a: Groudon
|-weather|DesolateLand|[from] ability: Desolate Land|[of] p2a: Groudon
|turn|10
|
|t:|1662415027
|switch|p1a: Ferrothorn|Ferrothorn, F|100/100
|move|p2a: Groudon|Precipice Blades|p1a: Ferrothorn|[miss]
|-miss|p2a: Groudon|p1a: Ferrothorn
|
|-weather|DesolateLand|[upkeep]
|upkeep
|turn|11
|
|t:|1662415032
|move|p2a: Groudon|Stealth Rock|p1a: Ferrothorn
|-sidestart|p1: lemoncell0|move: Stealth Rock
|move|p1a: Ferrothorn|Leech Seed|p2a: Groudon
|-start|p2a: Groudon|move: Leech Seed
|
|-weather|DesolateLand|[upkeep]
|-damage|p2a: Groudon|88/100|[from] Leech Seed|[of] p1a: Ferrothorn
|upkeep
|turn|12
|
|t:|1662415034
|move|p1a: Ferrothorn|Leech Seed||[still]
|-fail|p1a: Ferrothorn
|move|p2a: Groudon|Roar|p1a: Ferrothorn
|drag|p1a: Tyranitar|Tyranitar, M|100/100
|-damage|p1a: Tyranitar|88/100|[from] Stealth Rock
|-ability|p1a: Tyranitar|Sand Stream|[from] desolateland|[fail]
|
|-weather|DesolateLand|[upkeep]
|-heal|p1a: Tyranitar|94/100|[from] item: Leftovers
|-damage|p2a: Groudon|76/100|[from] Leech Seed|[of] p1a: Tyranitar
|-heal|p1a: Tyranitar|100/100|[silent]
|upkeep
|turn|13
|
|t:|1662415038
|switch|p1a: Ferrothorn|Ferrothorn, F|100/100
|-damage|p1a: Ferrothorn|94/100|[from] Stealth Rock
|move|p2a: Groudon|Precipice Blades|p1a: Ferrothorn
|-damage|p1a: Ferrothorn|44/100
|
|-weather|DesolateLand|[upkeep]
|-heal|p1a: Ferrothorn|50/100|[from] item: Leftovers
|-damage|p2a: Groudon|63/100|[from] Leech Seed|[of] p1a: Ferrothorn
|-heal|p1a: Ferrothorn|64/100|[silent]
|upkeep
|turn|14
|
|t:|1662415041
|-weather|none
|switch|p2a: Rayquaza|Rayquaza-Mega|15/100
|-weather|DeltaStream|[from] ability: Delta Stream|[of] p2a: Rayquaza
|move|p1a: Ferrothorn|Spikes|p2a: Rayquaza
|-sidestart|p2: Puigson|Spikes
|
|-weather|DeltaStream|[upkeep]
|-heal|p1a: Ferrothorn|71/100|[from] item: Leftovers
|upkeep
|turn|15
|
|t:|1662415047
|move|p2a: Rayquaza|V-create|p1a: Ferrothorn
|-supereffective|p1a: Ferrothorn
|-damage|p1a: Ferrothorn|0 fnt
|-unboost|p2a: Rayquaza|spe|1
|-unboost|p2a: Rayquaza|def|1
|-unboost|p2a: Rayquaza|spd|1
|-damage|p2a: Rayquaza|3/100|[from] ability: Iron Barbs|[of] p1a: Ferrothorn
|faint|p1a: Ferrothorn
|-damage|p2a: Rayquaza|0 fnt|[from] item: Life Orb
|faint|p2a: Rayquaza
|-weather|none
|
|upkeep
|
|t:|1662415059
|switch|p2a: Zacian|Zacian-Crowned|84/100
|switch|p1a: Ditto|Ditto|67/100
|-damage|p2a: Zacian|72/100|[from] Spikes
|-ability|p2a: Zacian|Intrepid Sword|boost
|-boost|p2a: Zacian|atk|1
|-damage|p1a: Ditto|55/100|[from] Stealth Rock
|-transform|p1a: Ditto|p2a: Zacian|[from] ability: Imposter
|-ability|p1a: Ditto|Intrepid Sword|boost
|-boost|p1a: Ditto|atk|1
|turn|16
|
|t:|1662415071
|switch|p2a: Yveltal|Yveltal|100/100
|-ability|p2a: Yveltal|Dark Aura
|move|p1a: Ditto|Behemoth Blade|p2a: Yveltal
|-damage|p2a: Yveltal|0 fnt
|faint|p2a: Yveltal
|
|upkeep
|
|t:|1662415074
|switch|p2a: Calyrex|Calyrex-Shadow|100/100
|-ability|p2a: Calyrex|As One
|-ability|p2a: Calyrex|Unnerve
|-damage|p2a: Calyrex|88/100|[from] Spikes
|turn|17
|j| Eteracian
|
|t:|1662415078
|switch|p1a: Tyranitar|Tyranitar, M|100/100
|-damage|p1a: Tyranitar|88/100|[from] Stealth Rock
|-weather|Sandstorm|[from] ability: Sand Stream|[of] p1a: Tyranitar
|move|p2a: Calyrex|Astral Barrage|p1a: Tyranitar
|-resisted|p1a: Tyranitar
|-damage|p1a: Tyranitar|73/100
|
|-weather|Sandstorm|[upkeep]
|-damage|p2a: Calyrex|82/100|[from] Sandstorm
|-heal|p1a: Tyranitar|79/100|[from] item: Leftovers
|upkeep
|turn|18
|
|t:|1662415082
|-start|p2a: Calyrex|Dynamax|
|-heal|p2a: Calyrex|82/100|[silent]
|move|p2a: Calyrex|Max Phantasm|p1a: Tyranitar
|-resisted|p1a: Tyranitar
|-damage|p1a: Tyranitar|60/100
|-unboost|p1a: Tyranitar|def|1
|move|p1a: Tyranitar|Pursuit|p2a: Calyrex
|-supereffective|p2a: Calyrex
|-damage|p2a: Calyrex|38/100
|
|-weather|Sandstorm|[upkeep]
|-damage|p2a: Calyrex|35/100|[from] Sandstorm
|-heal|p1a: Tyranitar|66/100|[from] item: Leftovers
|upkeep
|turn|19
|
|t:|1662415085
|-start|p1a: Tyranitar|Dynamax|
|-heal|p1a: Tyranitar|66/100|[silent]
|move|p2a: Calyrex|Max Phantasm|p1a: Tyranitar
|-resisted|p1a: Tyranitar
|-damage|p1a: Tyranitar|57/100
|-unboost|p1a: Tyranitar|def|1
|move|p1a: Tyranitar|Max Darkness|p2a: Calyrex
|-supereffective|p2a: Calyrex
|-damage|p2a: Calyrex|0 fnt
|faint|p2a: Calyrex
|
|-weather|Sandstorm|[upkeep]
|-heal|p1a: Tyranitar|60/100|[from] item: Leftovers
|upkeep
|
|t:|1662415087
|switch|p2a: Zacian|Zacian-Crowned|72/100
|-damage|p2a: Zacian|59/100|[from] Spikes
|-ability|p2a: Zacian|Intrepid Sword|boost
|-boost|p2a: Zacian|atk|1
|turn|20
|
|t:|1662415089
|move|p2a: Zacian|Behemoth Blade|p1a: Tyranitar
|-supereffective|p1a: Tyranitar
|-damage|p1a: Tyranitar|0 fnt
|faint|p1a: Tyranitar
|
|-weather|Sandstorm|[upkeep]
|upkeep
|
|t:|1662415091
|switch|p1a: Ditto|Ditto|55/100
|-damage|p1a: Ditto|42/100|[from] Stealth Rock
|-transform|p1a: Ditto|p2a: Zacian|[from] ability: Imposter
|-ability|p1a: Ditto|Intrepid Sword|boost
|-boost|p1a: Ditto|atk|1
|turn|21
|
|t:|1662415094
|move|p1a: Ditto|Close Combat|p2a: Zacian
|-damage|p2a: Zacian|0 fnt
|-unboost|p1a: Ditto|def|1
|-unboost|p1a: Ditto|spd|1
|faint|p2a: Zacian
|
|-weather|none
|upkeep
|
|t:|1662415097
|switch|p2a: Groudon|Groudon-Primal|63/100
|-damage|p2a: Groudon|51/100|[from] Spikes
|-weather|DesolateLand|[from] ability: Desolate Land|[of] p2a: Groudon
|turn|22
|
|t:|1662415098
|move|p1a: Ditto|Close Combat|p2a: Groudon
|-damage|p2a: Groudon|0 fnt
|-unboost|p1a: Ditto|def|1
|-unboost|p1a: Ditto|spd|1
|faint|p2a: Groudon
|-weather|none
|
|win|lemoncell0
|raw|lemoncell0's rating: 1920 &rarr; <strong>1928</strong><br />(+8 for winning)
|raw|Puigson's rating: 1688 &rarr; <strong>1680</strong><br />(-8 for losing)
|l|☆lemoncell0
|l|☆Puigson
||Ladder isn't responding, score probably updated but might not have (Request timeout).
