|j|☆Naofumi_Bakugo_Jax
|j|☆MiguelRRM
|t:|1659500907
|gametype|singles
|player|p1|Naofumi_Bakugo_Jax|blue|1441
|player|p2|MiguelRRM|101|1695
|teamsize|p1|6
|teamsize|p2|6
|gen|8
|tier|[Gen 8] National Dex AG
|rated|
|rule|HP Percentage Mod: HP is shown in percentages
|rule|Endless Battle Clause: Forcing endless battles is banned
|clearpoke
|poke|p1|Kyogre|
|poke|p1|Swampert, M|
|poke|p1|Calyrex-Shadow|
|poke|p1|Yveltal|
|poke|p1|Zacian-*|
|poke|p1|Lunala|
|poke|p2|Yveltal|
|poke|p2|Groudon|
|poke|p2|Rayquaza|
|poke|p2|Arceus-*|
|poke|p2|Calyrex-Shadow|
|poke|p2|Smeargle, F|
|teampreview
|inactive|Battle timer is ON: inactive players will automatically lose when time's up. (requested by Naofumi_Bakugo_Jax)
|
|t:|1659500924
|start
|switch|p1a: Zacian|Zacian-Crowned|100/100
|switch|p2a: Groudon|Groudon|100/100
|-ability|p1a: Zacian|Intrepid Sword|boost
|-boost|p1a: Zacian|atk|1
|detailschange|p2a: Groudon|Groudon-Primal
|-primal|p2a: Groudon
|-weather|DesolateLand|[from] ability: Desolate Land|[of] p2a: Groudon
|turn|1
|
|t:|1659500943
|switch|p1a: Calyrex|Calyrex-Shadow|100/100
|-ability|p1a: Calyrex|As One
|-ability|p1a: Calyrex|Unnerve
|move|p2a: Groudon|Toxic|p1a: Calyrex
|-status|p1a: Calyrex|tox
|
|-weather|DesolateLand|[upkeep]
|-damage|p1a: Calyrex|94/100 tox|[from] psn
|upkeep
|turn|2
|
|t:|1659500955
|-weather|none
|switch|p2a: Smeargle|Smeargle, F|100/100
|move|p1a: Calyrex|Nasty Plot|p1a: Calyrex
|-boost|p1a: Calyrex|spa|2
|
|-damage|p1a: Calyrex|82/100 tox|[from] psn
|-ability|p2a: Smeargle|Moody|boost
|-boost|p2a: Smeargle|spd|2
|-unboost|p2a: Smeargle|spa|1
|upkeep
|turn|3
|
|t:|1659500964
|move|p2a: Smeargle|Spiky Shield|p2a: Smeargle
|-singleturn|p2a: Smeargle|move: Protect
|move|p1a: Calyrex|Taunt|p2a: Smeargle
|-activate|p2a: Smeargle|move: Protect
|
|-damage|p1a: Calyrex|64/100 tox|[from] psn
|-ability|p2a: Smeargle|Moody|boost
|-boost|p2a: Smeargle|spa|2
|-unboost|p2a: Smeargle|def|1
|upkeep
|turn|4
|
|t:|1659500973
|switch|p2a: Rayquaza|Rayquaza|100/100
|-ability|p2a: Rayquaza|Air Lock
|move|p1a: Calyrex|Taunt|p2a: Rayquaza
|-start|p2a: Rayquaza|move: Taunt
|
|-damage|p1a: Calyrex|39/100 tox|[from] psn
|upkeep
|turn|5
|
|t:|1659500993
|detailschange|p2a: Rayquaza|Rayquaza-Mega
|-mega|p2a: Rayquaza|Rayquaza|
|-weather|DeltaStream|[from] ability: Delta Stream|[of] p2a: Rayquaza
|move|p1a: Calyrex|Astral Barrage|p2a: Rayquaza
|-enditem|p2a: Rayquaza|Focus Sash
|-damage|p2a: Rayquaza|1/100
|move|p2a: Rayquaza|Scale Shot|p1a: Calyrex
|-damage|p1a: Calyrex|17/100 tox
|-damage|p1a: Calyrex|0 fnt
|faint|p1a: Calyrex
|-hitcount|p1: Calyrex|2
|-unboost|p2a: Rayquaza|def|1
|-boost|p2a: Rayquaza|spe|1
|
|-weather|DeltaStream|[upkeep]
|upkeep
|inactive|Naofumi_Bakugo_Jax has 120 seconds left.
|
|t:|1659501024
|switch|p1a: Lunala|Lunala|100/100
|turn|6
|
|t:|1659501032
|-weather|none
|switch|p2a: Yveltal|Yveltal|100/100
|-ability|p2a: Yveltal|Dark Aura
|move|p1a: Lunala|Tailwind|p1a: Lunala
|-sidestart|p1: Naofumi_Bakugo_Jax|move: Tailwind
|
|upkeep
|turn|7
|
|t:|1659501050
|-start|p1a: Lunala|Dynamax|
|-heal|p1a: Lunala|100/100|[silent]
|move|p1a: Lunala|Max Lightning|p2a: Yveltal
|-supereffective|p2a: Yveltal
|-damage|p2a: Yveltal|23/100
|-fieldstart|move: Electric Terrain
|move|p2a: Yveltal|U-turn|p1a: Lunala
|-damage|p1a: Lunala|96/100
|
|t:|1659501056
|switch|p2a: Arceus|Arceus-Ground|100/100|[from]move: U-turn
|
|upkeep
|turn|8
|
|t:|1659501077
|switch|p2a: Smeargle|Smeargle, F|100/100
|move|p1a: Lunala|Max Mindstorm|p2a: Smeargle
|-damage|p2a: Smeargle|0 fnt
|-fieldstart|move: Psychic Terrain
|faint|p2a: Smeargle
|
|upkeep
|
|t:|1659501092
|switch|p2a: Rayquaza|Rayquaza-Mega|1/100
|-weather|DeltaStream|[from] ability: Delta Stream|[of] p2a: Rayquaza
|turn|9
|
|t:|1659501106
|move|p1a: Lunala|Max Phantasm|p2a: Rayquaza
|-damage|p2a: Rayquaza|0 fnt
|faint|p2a: Rayquaza
|-weather|none
|
|-sideend|p1: Naofumi_Bakugo_Jax|move: Tailwind
|upkeep
|
|t:|1659501108
|switch|p2a: Calyrex|Calyrex-Shadow|100/100
|-ability|p2a: Calyrex|As One
|-ability|p2a: Calyrex|Unnerve
|-end|p1a: Lunala|Dynamax
|-heal|p1a: Lunala|96/100|[silent]
|turn|10
|
|t:|1659501128
|switch|p1a: Yveltal|Yveltal, shiny|100/100
|-ability|p1a: Yveltal|Dark Aura
|move|p2a: Calyrex|Substitute|p2a: Calyrex
|-start|p2a: Calyrex|Substitute
|-damage|p2a: Calyrex|75/100
|
|-heal|p2a: Calyrex|82/100|[from] item: Leftovers
|upkeep
|turn|11
|
|t:|1659501140
|move|p1a: Yveltal|Tailwind|p1a: Yveltal
|-sidestart|p1: Naofumi_Bakugo_Jax|move: Tailwind
|move|p2a: Calyrex|Leech Seed|p1a: Yveltal
|-start|p1a: Yveltal|move: Leech Seed
|
|-heal|p2a: Calyrex|88/100|[from] item: Leftovers
|-damage|p1a: Yveltal|88/100|[from] Leech Seed|[of] p2a: Calyrex
|-heal|p2a: Calyrex|99/100|[silent]
|upkeep
|turn|12
|
|t:|1659501163
|switch|p1a: Swampert|Swampert, M|100/100
|move|p2a: Calyrex|Substitute|p2a: Calyrex
|-fail|p2a: Calyrex|move: Substitute
|
|-heal|p2a: Calyrex|100/100|[from] item: Leftovers
|-fieldend|move: Psychic Terrain
|upkeep
|turn|13
|
|t:|1659501171
|detailschange|p1a: Swampert|Swampert-Mega, M
|-mega|p1a: Swampert|Swampert|Swampertite
|move|p1a: Swampert|Liquidation|p2a: Calyrex
|-end|p2a: Calyrex|Substitute
|move|p2a: Calyrex|Leech Seed|p1a: Swampert
|-start|p1a: Swampert|move: Leech Seed
|
|-damage|p1a: Swampert|88/100|[from] Leech Seed|[of] p2a: Calyrex
|upkeep
|turn|14
|
|t:|1659501184
|switch|p2a: Yveltal|Yveltal|23/100
|-ability|p2a: Yveltal|Dark Aura
|move|p1a: Swampert|Yawn|p2a: Yveltal
|-start|p2a: Yveltal|move: Yawn|[of] p1a: Swampert
|
|-damage|p1a: Swampert|76/100|[from] Leech Seed|[of] p2a: Yveltal
|-heal|p2a: Yveltal|32/100|[silent]
|-sideend|p1: Naofumi_Bakugo_Jax|move: Tailwind
|upkeep
|turn|15
|
|t:|1659501202
|switch|p1a: Kyogre|Kyogre|100/100
|-weather|RainDance|[from] ability: Drizzle|[of] p1a: Kyogre
|move|p2a: Yveltal|U-turn|p1a: Kyogre
|-damage|p1a: Kyogre|79/100
|
|t:|1659501205
|switch|p2a: Groudon|Groudon-Primal|100/100|[from]move: U-turn
|-weather|DesolateLand|[from] ability: Desolate Land|[of] p2a: Groudon
|
|-weather|DesolateLand|[upkeep]
|upkeep
|turn|16
|
|t:|1659501214
|move|p1a: Kyogre|Ice Beam|p2a: Groudon
|-damage|p2a: Groudon|64/100
|move|p2a: Groudon|Toxic|p1a: Kyogre|[miss]
|-miss|p2a: Groudon|p1a: Kyogre
|
|-weather|DesolateLand|[upkeep]
|upkeep
|turn|17
|
|t:|1659501220
|move|p1a: Kyogre|Ice Beam|p2a: Groudon
|-crit|p2a: Groudon
|-damage|p2a: Groudon|11/100
|move|p2a: Groudon|Rock Tomb|p1a: Kyogre
|-damage|p1a: Kyogre|52/100
|-unboost|p1a: Kyogre|spe|1
|
|-weather|DesolateLand|[upkeep]
|upkeep
|turn|18
|
|t:|1659501229
|move|p1a: Kyogre|Ice Beam|p2a: Groudon
|-damage|p2a: Groudon|0 fnt
|faint|p2a: Groudon
|-weather|none
|
|upkeep
|
|t:|1659501235
|switch|p2a: Arceus|Arceus-Ground|100/100
|turn|19
|inactive|Naofumi_Bakugo_Jax has 120 seconds left.
|
|t:|1659501254
|switch|p1a: Yveltal|Yveltal, shiny|88/100
|-ability|p1a: Yveltal|Dark Aura
|-start|p2a: Arceus|Dynamax|
|-heal|p2a: Arceus|100/100|[silent]
|move|p2a: Arceus|Max Quake|p1a: Yveltal
|-immune|p1a: Yveltal
|
|upkeep
|turn|20
|inactive|Naofumi_Bakugo_Jax has 120 seconds left.
|
|t:|1659501270
|move|p1a: Yveltal|Tailwind|p1a: Yveltal
|-sidestart|p1: Naofumi_Bakugo_Jax|move: Tailwind
|move|p2a: Arceus|Max Rockfall|p1a: Yveltal
|-supereffective|p1a: Yveltal
|-damage|p1a: Yveltal|42/100
|-weather|Sandstorm
|
|-weather|Sandstorm|[upkeep]
|-damage|p1a: Yveltal|36/100|[from] Sandstorm
|upkeep
|turn|21
|
|t:|1659501288
|switch|p1a: Kyogre|Kyogre|52/100
|-weather|RainDance|[from] ability: Drizzle|[of] p1a: Kyogre
|move|p2a: Arceus|Max Quake|p1a: Kyogre
|-damage|p1a: Kyogre|6/100
|-boost|p2a: Arceus|spd|1
|
|-weather|RainDance|[upkeep]
|upkeep
|-end|p2a: Arceus|Dynamax
|-heal|p2a: Arceus|100/100|[silent]
|turn|22
|
|t:|1659501297
|move|p1a: Kyogre|Scald|p2a: Arceus
|-supereffective|p2a: Arceus
|-damage|p2a: Arceus|34/100
|move|p2a: Arceus|Judgment|p1a: Kyogre
|-damage|p1a: Kyogre|0 fnt
|faint|p1a: Kyogre
|
|-weather|RainDance|[upkeep]
|upkeep
|
|t:|1659501308
|switch|p1a: Swampert|Swampert-Mega, M|76/100
|turn|23
|
|t:|1659501314
|move|p1a: Swampert|Liquidation|p2a: Arceus
|-supereffective|p2a: Arceus
|-damage|p2a: Arceus|0 fnt
|faint|p2a: Arceus
|
|-weather|RainDance|[upkeep]
|-sideend|p1: Naofumi_Bakugo_Jax|move: Tailwind
|upkeep
|
|t:|1659501316
|switch|p2a: Yveltal|Yveltal|32/100
|-ability|p2a: Yveltal|Dark Aura
|turn|24
|inactive|Naofumi_Bakugo_Jax has 120 seconds left.
|
|t:|1659501325
|move|p1a: Swampert|Liquidation|p2a: Yveltal
|-damage|p2a: Yveltal|0 fnt
|-damage|p1a: Swampert|59/100|[from] item: Rocky Helmet|[of] p2a: Yveltal
|faint|p2a: Yveltal
|
|-weather|RainDance|[upkeep]
|upkeep
|
|t:|1659501327
|switch|p2a: Calyrex|Calyrex-Shadow|100/100
|-ability|p2a: Calyrex|As One
|-ability|p2a: Calyrex|Unnerve
|turn|25
|inactive|Naofumi_Bakugo_Jax has 120 seconds left.
|
|t:|1659501349
|move|p1a: Swampert|Liquidation|p2a: Calyrex
|-damage|p2a: Calyrex|19/100
|move|p2a: Calyrex|Leech Seed|p1a: Swampert
|-start|p1a: Swampert|move: Leech Seed
|
|-weather|none
|-heal|p2a: Calyrex|25/100|[from] item: Leftovers
|-damage|p1a: Swampert|47/100|[from] Leech Seed|[of] p2a: Calyrex
|-heal|p2a: Calyrex|35/100|[silent]
|upkeep
|turn|26
|inactive|Naofumi_Bakugo_Jax has 120 seconds left.
|
|t:|1659501358
|move|p2a: Calyrex|Substitute|p2a: Calyrex
|-start|p2a: Calyrex|Substitute
|-damage|p2a: Calyrex|10/100
|move|p1a: Swampert|Yawn||[still]
|-fail|p1a: Swampert
|
|-heal|p2a: Calyrex|16/100|[from] item: Leftovers
|-damage|p1a: Swampert|35/100|[from] Leech Seed|[of] p2a: Calyrex
|-heal|p2a: Calyrex|27/100|[silent]
|upkeep
|turn|27
|
|t:|1659501361
|move|p2a: Calyrex|Astral Barrage|p1a: Swampert
|-damage|p1a: Swampert|0 fnt
|faint|p1a: Swampert
|-ability|p2a: Calyrex|Grim Neigh|boost
|-boost|p2a: Calyrex|spa|1
|
|-heal|p2a: Calyrex|33/100|[from] item: Leftovers
|upkeep
|
|t:|1659501370
|switch|p1a: Yveltal|Yveltal, shiny|36/100
|-ability|p1a: Yveltal|Dark Aura
|turn|28
|
|t:|1659501380
|move|p1a: Yveltal|Dark Pulse|p2a: Calyrex
|-supereffective|p2a: Calyrex
|-end|p2a: Calyrex|Substitute
|move|p2a: Calyrex|Astral Barrage|p1a: Yveltal
|-resisted|p1a: Yveltal
|-damage|p1a: Yveltal|0 fnt
|faint|p1a: Yveltal
|-ability|p2a: Calyrex|Grim Neigh|boost
|-boost|p2a: Calyrex|spa|1
|
|-heal|p2a: Calyrex|39/100|[from] item: Leftovers
|upkeep
|
|t:|1659501392
|switch|p1a: Lunala|Lunala|96/100
|turn|29
|
|t:|1659501399
|move|p1a: Lunala|Moongeist Beam|p2a: Calyrex
|-supereffective|p2a: Calyrex
|-damage|p2a: Calyrex|0 fnt
|faint|p2a: Calyrex
|
|win|Naofumi_Bakugo_Jax
|raw|Naofumi_Bakugo_Jax's rating: 1441 &rarr; <strong>1473</strong><br />(+32 for winning)
|raw|MiguelRRM's rating: 1695 &rarr; <strong>1663</strong><br />(-32 for losing)
