|j|☆arthurious
|j|☆EnA indeed
|t:|1618078520
|gametype|singles
|player|p1|arthurious|102|1415
|player|p2|EnA indeed|caitlin|1395
|teamsize|p1|6
|teamsize|p2|6
|gen|8
|tier|[Gen 8] National Dex AG
|rated|
|clearpoke
|poke|p1|Slowbro, M|
|poke|p1|Conkeldurr, M|
|poke|p1|Marowak-Alola, M|
|poke|p1|Magearna|
|poke|p1|Victini|
|poke|p1|Hatterene, F|
|poke|p2|Urshifu-*, M|
|poke|p2|Tapu Fini|
|poke|p2|Rillaboom, M|
|poke|p2|Heatran, M|
|poke|p2|Regieleki|
|poke|p2|Landorus-Therian, M|
|rule|HP Percentage Mod: HP is shown in percentages
|rule|Endless Battle Clause: Forcing endless battles is banned
|teampreview
|inactive|Battle timer is ON: inactive players will automatically lose when time's up. (requested by EnA indeed)
|
|t:|1618078528
|start
|switch|p1a: Slowbro|Slowbro, M, shiny|100/100
|switch|p2a: Landorus|Landorus-Therian, M|100/100
|-ability|p2a: Landorus|Intimidate|boost
|-unboost|p1a: Slowbro|atk|1
|turn|1
|
|t:|1618078536
|move|p2a: Landorus|U-turn|p1a: Slowbro
|-supereffective|p1a: Slowbro
|-damage|p1a: Slowbro|68/100
|
|t:|1618078540
|switch|p2a: Rillaboom|Rillaboom, M, shiny|100/100|[from]move: U-turn
|-fieldstart|move: Grassy Terrain|[from] ability: Grassy Surge|[of] p2a: Rillaboom
|move|p1a: Slowbro|Scald|p2a: Rillaboom
|-resisted|p2a: Rillaboom
|-damage|p2a: Rillaboom|85/100
|
|-heal|p2a: Rillaboom|91/100|[from] Grassy Terrain
|-heal|p1a: Slowbro|74/100|[from] Grassy Terrain
|-heal|p1a: Slowbro|80/100|[from] item: Leftovers
|upkeep
|turn|2
|
|t:|1618078552
|switch|p1a: Hatterene|Hatterene, F|100/100
|move|p2a: Rillaboom|Grassy Glide|p1a: Hatterene
|-damage|p1a: Hatterene|27/100
|
|-heal|p2a: Rillaboom|97/100|[from] Grassy Terrain
|-heal|p1a: Hatterene|33/100|[from] Grassy Terrain
|upkeep
|turn|3
|
|t:|1618078561
|move|p2a: Rillaboom|Grassy Glide|p1a: Hatterene
|-damage|p1a: Hatterene|0 fnt
|faint|p1a: Hatterene
|
|-heal|p2a: Rillaboom|100/100|[from] Grassy Terrain
|upkeep
|
|t:|1618078568
|switch|p1a: Magearna|Magearna|100/100
|turn|4
|
|t:|1618078573
|switch|p2a: Landorus|Landorus-Therian, M|100/100
|-ability|p2a: Landorus|Intimidate|boost
|-unboost|p1a: Magearna|atk|1
|move|p1a: Magearna|Trick Room|p1a: Magearna
|-fieldstart|move: Trick Room|[of] p1a: Magearna
|
|upkeep
|turn|5
|
|t:|1618078579
|move|p1a: Magearna|Ice Beam|p2a: Landorus
|-supereffective|p2a: Landorus
|-damage|p2a: Landorus|0 fnt
|faint|p2a: Landorus
|-ability|p1a: Magearna|Soul-Heart|boost
|-boost|p1a: Magearna|spa|1
|
|-fieldend|move: Grassy Terrain
|upkeep
|
|t:|1618078591
|switch|p2a: Heatran|Heatran, M|100/100
|-item|p2a: Heatran|Air Balloon
|turn|6
|
|t:|1618078600
|switch|p1a: Slowbro|Slowbro, M, shiny|100/100
|move|p2a: Heatran|Overheat|p1a: Slowbro
|-resisted|p1a: Slowbro
|-damage|p1a: Slowbro|66/100
|-unboost|p2a: Heatran|spa|2
|
|-heal|p1a: Slowbro|72/100|[from] item: Leftovers
|upkeep
|turn|7
|
|t:|1618078616
|switch|p2a: Rillaboom|Rillaboom, M, shiny|100/100
|-fieldstart|move: Grassy Terrain|[from] ability: Grassy Surge|[of] p2a: Rillaboom
|move|p1a: Slowbro|Scald|p2a: Rillaboom
|-resisted|p2a: Rillaboom
|-damage|p2a: Rillaboom|86/100
|-status|p2a: Rillaboom|brn
|
|-heal|p1a: Slowbro|78/100|[from] Grassy Terrain
|-heal|p1a: Slowbro|84/100|[from] item: Leftovers
|-heal|p2a: Rillaboom|92/100 brn|[from] Grassy Terrain
|-damage|p2a: Rillaboom|86/100 brn|[from] brn
|upkeep
|turn|8
|
|t:|1618078630
|switch|p1a: Marowak|Marowak-Alola, M, shiny|100/100
|move|p2a: Rillaboom|Grassy Glide|p1a: Marowak
|-resisted|p1a: Marowak
|-crit|p1a: Marowak
|-damage|p1a: Marowak|74/100
|
|-heal|p1a: Marowak|80/100|[from] Grassy Terrain
|-heal|p2a: Rillaboom|92/100 brn|[from] Grassy Terrain
|-damage|p2a: Rillaboom|86/100 brn|[from] brn
|-fieldend|move: Trick Room
|upkeep
|turn|9
|
|t:|1618078644
|switch|p2a: Tapu Fini|Tapu Fini|100/100
|-fieldstart|move: Misty Terrain|[from] ability: Misty Surge|[of] p2a: Tapu Fini
|move|p1a: Marowak|Flare Blitz|p2a: Tapu Fini
|-resisted|p2a: Tapu Fini
|-damage|p2a: Tapu Fini|61/100
|-damage|p1a: Marowak|68/100|[from] Recoil
|
|-heal|p2a: Tapu Fini|67/100|[from] item: Leftovers
|upkeep
|turn|10
|
|t:|1618078655
|switch|p1a: Slowbro|Slowbro, M, shiny|100/100
|move|p2a: Tapu Fini|Scald|p1a: Slowbro
|-resisted|p1a: Slowbro
|-damage|p1a: Slowbro|87/100
|
|-heal|p2a: Tapu Fini|73/100|[from] item: Leftovers
|-heal|p1a: Slowbro|93/100|[from] item: Leftovers
|upkeep
|turn|11
|
|t:|1618078667
|switch|p2a: Urshifu|Urshifu, M|100/100
|move|p1a: Slowbro|Trick Room|p1a: Slowbro
|-fieldstart|move: Trick Room|[of] p1a: Slowbro
|
|-heal|p1a: Slowbro|99/100|[from] item: Leftovers
|upkeep
|turn|12
|
|t:|1618078675
|move|p2a: Urshifu|Sucker Punch||[still]
|-fail|p2a: Urshifu
|move|p1a: Slowbro|Toxic|p2a: Urshifu
|-activate|p2a: Urshifu|move: Misty Terrain
|
|-heal|p1a: Slowbro|100/100|[from] item: Leftovers
|upkeep
|turn|13
|
|t:|1618078688
|move|p2a: Urshifu|Sucker Punch|p1a: Slowbro
|-supereffective|p1a: Slowbro
|-damage|p1a: Slowbro|39/100
|-damage|p2a: Urshifu|91/100|[from] item: Life Orb
|move|p1a: Slowbro|Scald|p2a: Urshifu
|-damage|p2a: Urshifu|52/100
|
|-heal|p1a: Slowbro|45/100|[from] item: Leftovers
|-fieldend|Misty Terrain
|upkeep
|turn|14
|
|t:|1618078698
|move|p2a: Urshifu|Sucker Punch||[still]
|-fail|p2a: Urshifu
|move|p1a: Slowbro|Slack Off|p1a: Slowbro
|-heal|p1a: Slowbro|95/100
|
|-heal|p1a: Slowbro|100/100|[from] item: Leftovers
|upkeep
|turn|15
|
|t:|1618078704
|move|p1a: Slowbro|Toxic|p2a: Urshifu
|-status|p2a: Urshifu|tox
|move|p2a: Urshifu|Wicked Blow|p1a: Slowbro
|-supereffective|p1a: Slowbro
|-crit|p1a: Slowbro
|-damage|p1a: Slowbro|0 fnt
|-damage|p2a: Urshifu|42/100 tox|[from] item: Life Orb
|faint|p1a: Slowbro
|
|-damage|p2a: Urshifu|36/100 tox|[from] psn
|-fieldend|move: Trick Room
|upkeep
|
|t:|1618078720
|switch|p1a: Magearna|Magearna|100/100
|turn|16
|
|t:|1618078726
|switch|p2a: Heatran|Heatran, M|100/100
|-item|p2a: Heatran|Air Balloon
|move|p1a: Magearna|Trick Room|p1a: Magearna
|-fieldstart|move: Trick Room|[of] p1a: Magearna
|
|upkeep
|turn|17
|
|t:|1618078739
|switch|p1a: Victini|Victini|100/100
|move|p2a: Heatran|Overheat|p1a: Victini
|-resisted|p1a: Victini
|-damage|p1a: Victini|61/100
|-unboost|p2a: Heatran|spa|2
|
|upkeep
|turn|18
|
|t:|1618078748
|switch|p2a: Tapu Fini|Tapu Fini|73/100
|-fieldstart|move: Misty Terrain|[from] ability: Misty Surge|[of] p2a: Tapu Fini
|move|p1a: Victini|Bolt Strike|p2a: Tapu Fini
|-supereffective|p2a: Tapu Fini
|-damage|p2a: Tapu Fini|3/100
|
|-heal|p2a: Tapu Fini|9/100|[from] item: Leftovers
|upkeep
|turn|19
|
|t:|1618078759
|switch|p1a: Magearna|Magearna|100/100
|move|p2a: Tapu Fini|Scald|p1a: Magearna
|-damage|p1a: Magearna|77/100
|
|-heal|p2a: Tapu Fini|15/100|[from] item: Leftovers
|upkeep
|turn|20
|
|t:|1618078769
|move|p1a: Magearna|Thunderbolt|p2a: Tapu Fini
|-supereffective|p2a: Tapu Fini
|-damage|p2a: Tapu Fini|0 fnt
|faint|p2a: Tapu Fini
|-ability|p1a: Magearna|Soul-Heart|boost
|-boost|p1a: Magearna|spa|1
|
|-fieldend|move: Trick Room
|upkeep
|
|t:|1618078779
|switch|p2a: Heatran|Heatran, M|100/100
|-item|p2a: Heatran|Air Balloon
|turn|21
|
|t:|1618078802
|switch|p1a: Conkeldurr|Conkeldurr, M|100/100
|move|p2a: Heatran|Scorching Sands|p1a: Conkeldurr
|-damage|p1a: Conkeldurr|67/100
|
|upkeep
|turn|22
|
|t:|1618078816
|switch|p2a: Urshifu|Urshifu, M|36/100 tox
|move|p1a: Conkeldurr|Mach Punch|p2a: Urshifu
|-supereffective|p2a: Urshifu
|-damage|p2a: Urshifu|0 fnt
|faint|p2a: Urshifu
|
|-fieldend|Misty Terrain
|-status|p1a: Conkeldurr|brn|[from] item: Flame Orb
|upkeep
|
|t:|1618078829
|switch|p2a: Regieleki|Regieleki|100/100
|turn|23
|
|t:|1618078834
|move|p1a: Conkeldurr|Mach Punch|p2a: Regieleki
|-damage|p2a: Regieleki|34/100
|move|p2a: Regieleki|Thunderbolt|p1a: Conkeldurr
|-damage|p1a: Conkeldurr|0 fnt
|faint|p1a: Conkeldurr
|
|upkeep
|
|t:|1618078843
|switch|p1a: Magearna|Magearna|77/100
|turn|24
|
|t:|1618078847
|move|p2a: Regieleki|Thunderbolt|p1a: Magearna
|-damage|p1a: Magearna|16/100
|move|p1a: Magearna|Trick Room|p1a: Magearna
|-fieldstart|move: Trick Room|[of] p1a: Magearna
|
|upkeep
|turn|25
|
|t:|1618078855
|move|p2a: Regieleki|Protect|p2a: Regieleki
|-singleturn|p2a: Regieleki|Protect
|move|p1a: Magearna|Ice Beam|p2a: Regieleki
|-activate|p2a: Regieleki|move: Protect
|
|upkeep
|turn|26
|
|t:|1618078860
|move|p1a: Magearna|Ice Beam|p2a: Regieleki
|-damage|p2a: Regieleki|0 fnt
|faint|p2a: Regieleki
|-ability|p1a: Magearna|Soul-Heart|boost
|-boost|p1a: Magearna|spa|1
|
|upkeep
|
|t:|1618078866
|switch|p2a: Rillaboom|Rillaboom, M, shiny|86/100 brn
|-fieldstart|move: Grassy Terrain|[from] ability: Grassy Surge|[of] p2a: Rillaboom
|turn|27
|
|t:|1618078885
|move|p2a: Rillaboom|Grassy Glide|p1a: Magearna
|-resisted|p1a: Magearna
|-damage|p1a: Magearna|0 fnt
|faint|p1a: Magearna
|
|-heal|p2a: Rillaboom|92/100 brn|[from] Grassy Terrain
|-damage|p2a: Rillaboom|86/100 brn|[from] brn
|upkeep
|
|t:|1618078892
|switch|p1a: Marowak|Marowak-Alola, M, shiny|68/100
|turn|28
|
|t:|1618078896
|move|p2a: Rillaboom|Grassy Glide|p1a: Marowak
|-resisted|p1a: Marowak
|-damage|p1a: Marowak|49/100
|move|p1a: Marowak|Flare Blitz|p2a: Rillaboom
|-supereffective|p2a: Rillaboom
|-damage|p2a: Rillaboom|0 fnt
|-damage|p1a: Marowak|14/100|[from] Recoil
|faint|p2a: Rillaboom
|
|-heal|p1a: Marowak|20/100|[from] Grassy Terrain
|-fieldend|move: Trick Room
|upkeep
|
|t:|1618078906
|switch|p2a: Heatran|Heatran, M|100/100
|-item|p2a: Heatran|Air Balloon
|turn|29
|
|t:|1618078910
|-start|p2a: Heatran|Dynamax
|-heal|p2a: Heatran|100/100|[silent]
|move|p2a: Heatran|Max Quake|p1a: Marowak
|-supereffective|p1a: Marowak
|-damage|p1a: Marowak|0 fnt
|-boost|p2a: Heatran|spd|1
|faint|p1a: Marowak
|
|upkeep
|
|t:|1618078920
|switch|p1a: Victini|Victini|61/100
|turn|30
|
|t:|1618078931
|-start|p1a: Victini|Dynamax
|-heal|p1a: Victini|61/100|[silent]
|move|p1a: Victini|Max Lightning|p2a: Heatran
|-damage|p2a: Heatran|80/100
|-fieldstart|move: Electric Terrain
|-enditem|p2a: Heatran|Air Balloon
|move|p2a: Heatran|Max Quake|p1a: Victini
|-supereffective|p1a: Victini
|-damage|p1a: Victini|10/100
|-boost|p2a: Heatran|spd|1
|
|upkeep
|turn|31
|
|t:|1618078943
|move|p1a: Victini|Max Knuckle|p2a: Heatran
|-supereffective|p2a: Heatran
|-damage|p2a: Heatran|71/100
|-boost|p1a: Victini|atk|1
|move|p2a: Heatran|Max Quake|p1a: Victini
|-supereffective|p1a: Victini
|-damage|p1a: Victini|0 fnt
|-boost|p2a: Heatran|spd|1
|faint|p1a: Victini
|
|win|EnA indeed
|raw|arthurious's rating: 1415 &rarr; <strong>1394</strong><br />(-21 for losing)
|raw|EnA indeed's rating: 1395 &rarr; <strong>1416</strong><br />(+21 for winning)
|c|☆EnA indeed|gg wp
|l|☆arthurious
