|j|☆God in A Tomato
|j|☆lemoncell0
|t:|1667168900
|gametype|singles
|player|p1|God in A Tomato|marley|1652
|player|p2|lemoncell0|allister|1807
|teamsize|p1|6
|teamsize|p2|6
|gen|8
|tier|[Gen 8] National Dex AG
|rated|
|rule|HP Percentage Mod: HP is shown in percentages
|rule|Endless Battle Clause: Forcing endless battles is banned
|clearpoke
|poke|p1|Arceus-*|
|poke|p1|Arceus-*|
|poke|p1|Rayquaza|
|poke|p1|Zygarde|
|poke|p1|Necrozma-Dusk-Mane|
|poke|p1|Arceus-*|
|poke|p2|Ferrothorn, M|
|poke|p2|Tyranitar, F|
|poke|p2|Quagsire, F|
|poke|p2|Zacian-*|
|poke|p2|Ditto|
|poke|p2|Salamence, F|
|teampreview
|
|t:|1667168937
|start
|switch|p1a: Arceus|Arceus-Ghost|100/100
|switch|p2a: Ferrothorn|Ferrothorn, M|100/100
|turn|1
|inactive|Battle timer is ON: inactive players will automatically lose when time's up. (requested by lemoncell0)
|
|t:|1667168943
|switch|p2a: Tyranitar|Tyranitar, F|100/100
|-weather|Sandstorm|[from] ability: Sand Stream|[of] p2a: Tyranitar
|move|p1a: Arceus|Magic Coat|p1a: Arceus
|-singleturn|p1a: Arceus|move: Magic Coat
|
|-weather|Sandstorm|[upkeep]
|-damage|p1a: Arceus|94/100|[from] Sandstorm
|upkeep
|turn|2
|
|t:|1667168946
|move|p1a: Arceus|Stealth Rock|p2a: Tyranitar
|-sidestart|p2: lemoncell0|move: Stealth Rock
|move|p2a: Tyranitar|Pursuit|p1a: Arceus
|-supereffective|p1a: Arceus
|-damage|p1a: Arceus|68/100
|
|-weather|Sandstorm|[upkeep]
|-damage|p1a: Arceus|62/100|[from] Sandstorm
|upkeep
|turn|3
|
|t:|1667168951
|move|p1a: Arceus|Magic Coat|p1a: Arceus
|-singleturn|p1a: Arceus|move: Magic Coat
|move|p2a: Tyranitar|Stealth Rock|p1a: Arceus
|move|p1a: Arceus|Stealth Rock||[from]Magic Coat|[still]
|-fail|p1a: Arceus
|
|-weather|Sandstorm|[upkeep]
|-damage|p1a: Arceus|56/100|[from] Sandstorm
|upkeep
|turn|4
|
|t:|1667168954
|move|p1a: Arceus|Magic Coat|p1a: Arceus
|-singleturn|p1a: Arceus|move: Magic Coat
|move|p2a: Tyranitar|Stealth Rock|p1a: Arceus
|move|p1a: Arceus|Stealth Rock||[from]Magic Coat|[still]
|-fail|p1a: Arceus
|
|-weather|Sandstorm|[upkeep]
|-damage|p1a: Arceus|50/100|[from] Sandstorm
|upkeep
|turn|5
|
|t:|1667168956
|move|p1a: Arceus|Magic Coat|p1a: Arceus
|-singleturn|p1a: Arceus|move: Magic Coat
|move|p2a: Tyranitar|Stealth Rock|p1a: Arceus
|move|p1a: Arceus|Stealth Rock||[from]Magic Coat|[still]
|-fail|p1a: Arceus
|
|-weather|none
|upkeep
|turn|6
|
|t:|1667168974
|move|p1a: Arceus|Magic Coat|p1a: Arceus
|-singleturn|p1a: Arceus|move: Magic Coat
|move|p2a: Tyranitar|Stealth Rock|p1a: Arceus
|move|p1a: Arceus|Stealth Rock||[from]Magic Coat|[still]
|-fail|p1a: Arceus
|
|upkeep
|turn|7
|
|t:|1667168983
|switch|p1a: Zygarde|Zygarde|100/100
|move|p2a: Tyranitar|Stealth Rock|p1a: Zygarde
|-sidestart|p1: God in A Tomato|move: Stealth Rock
|
|upkeep
|turn|8
|
|t:|1667168990
|switch|p2a: Ferrothorn|Ferrothorn, M|100/100
|-damage|p2a: Ferrothorn|94/100|[from] Stealth Rock
|move|p1a: Zygarde|Glare|p2a: Ferrothorn
|-status|p2a: Ferrothorn|par
|
|-heal|p2a: Ferrothorn|100/100 par|[from] item: Leftovers
|upkeep
|turn|9
|
|t:|1667168995
|move|p1a: Zygarde|Substitute|p1a: Zygarde
|-start|p1a: Zygarde|Substitute
|-damage|p1a: Zygarde|76/100
|move|p2a: Ferrothorn|Leech Seed||[still]
|-fail|p2a: Ferrothorn
|
|-heal|p1a: Zygarde|82/100|[from] item: Leftovers
|upkeep
|turn|10
|
|t:|1667168998
|switch|p2a: Quagsire|Quagsire, F|100/100
|-damage|p2a: Quagsire|94/100|[from] Stealth Rock
|move|p1a: Zygarde|Dragon Dance|p1a: Zygarde
|-boost|p1a: Zygarde|atk|1
|-boost|p1a: Zygarde|spe|1
|
|-heal|p1a: Zygarde|88/100|[from] item: Leftovers
|upkeep
|turn|11
|
|t:|1667169001
|move|p1a: Zygarde|Glare|p2a: Quagsire
|-status|p2a: Quagsire|par
|move|p2a: Quagsire|Earthquake|p1a: Zygarde
|-activate|p1a: Zygarde|move: Substitute|[damage]
|
|-heal|p1a: Zygarde|94/100|[from] item: Leftovers
|upkeep
|turn|12
|
|t:|1667169007
|move|p1a: Zygarde|Dragon Dance|p1a: Zygarde
|-boost|p1a: Zygarde|atk|1
|-boost|p1a: Zygarde|spe|1
|move|p2a: Quagsire|Recover|p2a: Quagsire
|-heal|p2a: Quagsire|100/100 par
|
|-heal|p1a: Zygarde|100/100|[from] item: Leftovers
|upkeep
|turn|13
|
|t:|1667169009
|move|p1a: Zygarde|Dragon Dance|p1a: Zygarde
|-boost|p1a: Zygarde|atk|1
|-boost|p1a: Zygarde|spe|1
|move|p2a: Quagsire|Earthquake|p1a: Zygarde
|-end|p1a: Zygarde|Substitute
|
|upkeep
|turn|14
|
|t:|1667169012
|move|p1a: Zygarde|Substitute|p1a: Zygarde
|-start|p1a: Zygarde|Substitute
|-damage|p1a: Zygarde|76/100
|move|p2a: Quagsire|Earthquake|p1a: Zygarde
|-activate|p1a: Zygarde|move: Substitute|[damage]
|
|-heal|p1a: Zygarde|82/100|[from] item: Leftovers
|upkeep
|turn|15
|
|t:|1667169016
|move|p1a: Zygarde|Thousand Arrows|p2a: Quagsire
|-damage|p2a: Quagsire|72/100 par
|cant|p2a: Quagsire|par
|
|-heal|p1a: Zygarde|88/100|[from] item: Leftovers
|upkeep
|turn|16
|
|t:|1667169019
|move|p1a: Zygarde|Thousand Arrows|p2a: Quagsire
|-damage|p2a: Quagsire|41/100 par
|cant|p2a: Quagsire|par
|
|-heal|p1a: Zygarde|94/100|[from] item: Leftovers
|upkeep
|turn|17
|
|t:|1667169022
|move|p1a: Zygarde|Thousand Arrows|p2a: Quagsire
|-damage|p2a: Quagsire|14/100 par
|cant|p2a: Quagsire|par
|
|-heal|p1a: Zygarde|100/100|[from] item: Leftovers
|upkeep
|turn|18
|
|t:|1667169025
|move|p1a: Zygarde|Thousand Arrows|p2a: Quagsire
|-damage|p2a: Quagsire|0 fnt
|faint|p2a: Quagsire
|
|upkeep
|-message|lemoncell0 forfeited.
|
|win|God in A Tomato
|raw|God in A Tomato's rating: 1652 &rarr; <strong>1680</strong><br />(+28 for winning)
|raw|lemoncell0's rating: 1807 &rarr; <strong>1779</strong><br />(-28 for losing)
|l|☆lemoncell0
||Ladder isn't responding, score probably updated but might not have (Request timeout).
