|j|☆LocalMetagross
|j|☆Vegeta Otsusuki
|t:|1665696778
|gametype|singles
|player|p1|LocalMetagross|akari|1759
|player|p2|Vegeta Otsusuki|blue-gen3two|2003
|teamsize|p1|6
|teamsize|p2|6
|gen|8
|tier|[Gen 8] National Dex AG
|rated|
|rule|HP Percentage Mod: HP is shown in percentages
|rule|Endless Battle Clause: Forcing endless battles is banned
|clearpoke
|poke|p1|Deoxys-Speed|
|poke|p1|Xerneas-*|
|poke|p1|Marshadow|
|poke|p1|Calyrex-Shadow|
|poke|p1|Yveltal|
|poke|p1|Zekrom|
|poke|p2|Rayquaza|
|poke|p2|Arceus-*|
|poke|p2|Ditto|
|poke|p2|Zacian-*|
|poke|p2|Muk-Alola, F|
|poke|p2|Groudon|
|teampreview
|inactive|Battle timer is ON: inactive players will automatically lose when time's up. (requested by LocalMetagross)
|inactive|Vegeta Otsusuki also wants the timer to be on.
|
|t:|1665696799
|start
|switch|p1a: Panama|Deoxys-Speed|100/100
|switch|p2a: Muk|Muk-Alola, F|100/100
|-ability|p1a: Panama|Pressure
|turn|1
|
|t:|1665696804
|move|p1a: Panama|Stealth Rock|p2a: Muk
|-sidestart|p2: Vegeta Otsusuki|move: Stealth Rock
|move|p2a: Muk|Knock Off|p1a: Panama
|-supereffective|p1a: Panama
|-damage|p1a: Panama|5/100
|-status|p1a: Panama|psn|[from] ability: Poison Touch|[of] p2a: Muk
|-enditem|p1a: Panama|Focus Sash|[from] move: Knock Off|[of] p2a: Muk
|
|-damage|p1a: Panama|0 fnt|[from] psn
|faint|p1a: Panama
|upkeep
|
|t:|1665696828
|switch|p1a: High Voltage|Zekrom|100/100
|-ability|p1a: High Voltage|Teravolt
|turn|2
|
|t:|1665696835
|switch|p2a: Groudon|Groudon|100/100
|-damage|p2a: Groudon|94/100|[from] Stealth Rock
|-weather|SunnyDay|[from] ability: Drought|[of] p2a: Groudon
|move|p1a: High Voltage|Substitute|p1a: High Voltage
|-start|p1a: High Voltage|Substitute
|-damage|p1a: High Voltage|76/100
|
|-weather|SunnyDay|[upkeep]
|-heal|p1a: High Voltage|82/100|[from] item: Leftovers
|-heal|p2a: Groudon|100/100|[from] item: Leftovers
|upkeep
|turn|3
|
|t:|1665696840
|move|p1a: High Voltage|Dragon Dance|p1a: High Voltage
|-boost|p1a: High Voltage|atk|1
|-boost|p1a: High Voltage|spe|1
|move|p2a: Groudon|Roar|p1a: High Voltage
|drag|p1a: Highway to Hell|Calyrex-Shadow|100/100
|-ability|p1a: Highway to Hell|As One
|-ability|p1a: Highway to Hell|Unnerve
|
|-weather|SunnyDay|[upkeep]
|upkeep
|turn|4
|
|t:|1665696844
|move|p1a: Highway to Hell|Taunt|p2a: Groudon
|-start|p2a: Groudon|move: Taunt
|cant|p2a: Groudon|move: Taunt|Stealth Rock
|
|-weather|SunnyDay|[upkeep]
|upkeep
|turn|5
|
|t:|1665696851
|switch|p1a: Back in Black|Yveltal|100/100
|-ability|p1a: Back in Black|Dark Aura
|switch|p2a: Muk|Muk-Alola, F|100/100
|-damage|p2a: Muk|88/100|[from] Stealth Rock
|
|-weather|SunnyDay|[upkeep]
|upkeep
|turn|6
|j| luisYR_b
|
|t:|1665696866
|-start|p1a: Back in Black|Dynamax|
|-heal|p1a: Back in Black|100/100|[silent]
|move|p1a: Back in Black|Max Airstream|p2a: Muk
|-crit|p2a: Muk
|-damage|p2a: Muk|29/100
|-boost|p1a: Back in Black|spe|1
|-damage|p1a: Back in Black|96/100|[from] item: Life Orb
|move|p2a: Muk|Poison Jab|p1a: Back in Black
|-damage|p1a: Back in Black|79/100
|-status|p1a: Back in Black|psn|[from] ability: Poison Touch|[of] p2a: Muk
|
|-weather|none
|-damage|p1a: Back in Black|73/100 psn|[from] psn
|upkeep
|turn|7
|c|☆LocalMetagross|!dt poisontouch
|raw|<ul class="utilichart"><li class="result"><span class="col namecol"><a href="https://dex.pokemonshowdown.com/abilities/poisontouch">Poison Touch</a></span> <span class="col abilitydesccol">This Pokemon's contact moves have a 30% chance of poisoning.</span> </li><li style="clear:both"></li></ul>
|raw|<font size="1"><font color="#686868">Gen:</font> 5</font>

|c|☆LocalMetagross|oh
|
|t:|1665696882
|move|p2a: Muk|Shadow Sneak|p1a: Back in Black
|-resisted|p1a: Back in Black
|-damage|p1a: Back in Black|71/100 psn
|move|p1a: Back in Black|Max Flare|p2a: Muk
|-damage|p2a: Muk|0 fnt
|-weather|SunnyDay
|faint|p2a: Muk
|-damage|p1a: Back in Black|66/100 psn|[from] item: Life Orb
|
|-weather|SunnyDay|[upkeep]
|-damage|p1a: Back in Black|59/100 psn|[from] psn
|upkeep
|
|t:|1665696888
|switch|p2a: Rayquaza|Rayquaza|100/100
|-damage|p2a: Rayquaza|76/100|[from] Stealth Rock
|-ability|p2a: Rayquaza|Air Lock
|turn|8
|
|t:|1665696892
|detailschange|p2a: Rayquaza|Rayquaza-Mega
|-mega|p2a: Rayquaza|Rayquaza|
|-weather|DeltaStream|[from] ability: Delta Stream|[of] p2a: Rayquaza
|move|p2a: Rayquaza|Extreme Speed|p1a: Back in Black
|-damage|p1a: Back in Black|39/100 psn
|-damage|p2a: Rayquaza|66/100|[from] item: Life Orb
|move|p1a: Back in Black|Max Darkness|p2a: Rayquaza
|-damage|p2a: Rayquaza|0 fnt
|faint|p2a: Rayquaza
|-weather|none
|-damage|p1a: Back in Black|34/100 psn|[from] item: Life Orb
|
|-damage|p1a: Back in Black|27/100 psn|[from] psn
|upkeep
|
|t:|1665696901
|switch|p2a: Arceus|Arceus|100/100
|-damage|p2a: Arceus|88/100|[from] Stealth Rock
|-end|p1a: Back in Black|Dynamax
|-heal|p1a: Back in Black|27/100 psn|[silent]
|turn|9
|
|t:|1665696904
|switch|p1a: Shoot to Thrill|Marshadow|100/100
|move|p2a: Arceus|Extreme Speed|p1a: Shoot to Thrill
|-immune|p1a: Shoot to Thrill
|
|upkeep
|turn|10
|
|t:|1665696909
|switch|p2a: Ditto|Ditto, shiny|100/100
|-damage|p2a: Ditto|88/100|[from] Stealth Rock
|-transform|p2a: Ditto|p1a: Shoot to Thrill|[from] ability: Imposter
|move|p1a: Shoot to Thrill|Low Kick|p2a: Ditto
|-immune|p2a: Ditto
|
|upkeep
|turn|11
|
|t:|1665696913
|switch|p2a: Groudon|Groudon|100/100
|-damage|p2a: Groudon|94/100|[from] Stealth Rock
|-weather|SunnyDay|[from] ability: Drought|[of] p2a: Groudon
|move|p1a: Shoot to Thrill|Shadow Sneak|p2a: Groudon
|-damage|p2a: Groudon|75/100
|-damage|p1a: Shoot to Thrill|91/100|[from] item: Life Orb
|
|-weather|SunnyDay|[upkeep]
|-heal|p2a: Groudon|81/100|[from] item: Leftovers
|upkeep
|turn|12
|
|t:|1665696916
|switch|p1a: High Voltage|Zekrom|82/100
|-ability|p1a: High Voltage|Teravolt
|move|p2a: Groudon|Thunder Wave|p1a: High Voltage
|-immune|p1a: High Voltage
|
|-weather|SunnyDay|[upkeep]
|-heal|p1a: High Voltage|88/100|[from] item: Leftovers
|-heal|p2a: Groudon|87/100|[from] item: Leftovers
|upkeep
|turn|13
|
|t:|1665696920
|move|p1a: High Voltage|Substitute|p1a: High Voltage
|-start|p1a: High Voltage|Substitute
|-damage|p1a: High Voltage|63/100
|move|p2a: Groudon|Stealth Rock|p1a: High Voltage
|-sidestart|p1: LocalMetagross|move: Stealth Rock
|
|-weather|SunnyDay|[upkeep]
|-heal|p1a: High Voltage|69/100|[from] item: Leftovers
|-heal|p2a: Groudon|94/100|[from] item: Leftovers
|upkeep
|turn|14
|
|t:|1665696925
|move|p1a: High Voltage|Dragon Claw|p2a: Groudon
|-damage|p2a: Groudon|73/100
|move|p2a: Groudon|Roar|p1a: High Voltage
|drag|p1a: Shoot to Thrill|Marshadow|91/100
|-damage|p1a: Shoot to Thrill|84/100|[from] Stealth Rock
|
|-weather|SunnyDay|[upkeep]
|-heal|p2a: Groudon|79/100|[from] item: Leftovers
|upkeep
|turn|15
|
|t:|1665696931
|move|p1a: Shoot to Thrill|Low Kick|p2a: Groudon
|-damage|p2a: Groudon|44/100
|-damage|p1a: Shoot to Thrill|74/100|[from] item: Life Orb
|move|p2a: Groudon|Earthquake|p1a: Shoot to Thrill
|-damage|p1a: Shoot to Thrill|16/100
|
|-weather|none
|-heal|p2a: Groudon|50/100|[from] item: Leftovers
|upkeep
|turn|16
|
|t:|1665696948
|switch|p1a: Back in Black|Yveltal|27/100 psn
|-damage|p1a: Back in Black|3/100 psn|[from] Stealth Rock
|-ability|p1a: Back in Black|Dark Aura
|move|p2a: Groudon|Thunder Wave||[still]
|-fail|p2a: Groudon
|
|-heal|p2a: Groudon|56/100|[from] item: Leftovers
|-damage|p1a: Back in Black|0 fnt|[from] psn
|faint|p1a: Back in Black
|upkeep
|
|t:|1665696951
|switch|p1a: Highway to Hell|Calyrex-Shadow|100/100
|-ability|p1a: Highway to Hell|As One
|-ability|p1a: Highway to Hell|Unnerve
|-damage|p1a: Highway to Hell|88/100|[from] Stealth Rock
|turn|17
|l| luisYR_b
|
|t:|1665696964
|move|p1a: Highway to Hell|Astral Barrage|p2a: Groudon
|-damage|p2a: Groudon|0 fnt
|faint|p2a: Groudon
|-ability|p1a: Highway to Hell|Grim Neigh|boost
|-boost|p1a: Highway to Hell|spa|1
|
|upkeep
|
|t:|1665696967
|switch|p2a: Ditto|Ditto, shiny|88/100
|-damage|p2a: Ditto|76/100|[from] Stealth Rock
|-transform|p2a: Ditto|p1a: Highway to Hell|[from] ability: Imposter
|turn|18
|
|t:|1665696970
|move|p2a: Ditto|Astral Barrage|p1a: Highway to Hell
|-supereffective|p1a: Highway to Hell
|-damage|p1a: Highway to Hell|0 fnt
|faint|p1a: Highway to Hell
|-ability|p2a: Ditto|Grim Neigh|boost
|-boost|p2a: Ditto|spa|1
|
|upkeep
|
|t:|1665696973
|switch|p1a: Shoot to Thrill|Marshadow|16/100
|-damage|p1a: Shoot to Thrill|10/100|[from] Stealth Rock
|turn|19
|
|t:|1665696980
|switch|p2a: Zacian|Zacian-Crowned, shiny|100/100
|-damage|p2a: Zacian|94/100|[from] Stealth Rock
|-ability|p2a: Zacian|Intrepid Sword|boost
|-boost|p2a: Zacian|atk|1
|move|p1a: Shoot to Thrill|Shadow Sneak|p2a: Zacian
|-damage|p2a: Zacian|62/100
|-damage|p1a: Shoot to Thrill|0 fnt|[from] item: Life Orb
|faint|p1a: Shoot to Thrill
|
|upkeep
|
|t:|1665696984
|switch|p1a: High Voltage|Zekrom|69/100
|-damage|p1a: High Voltage|57/100|[from] Stealth Rock
|-ability|p1a: High Voltage|Teravolt
|turn|20
|
|t:|1665696990
|switch|p2a: Ditto|Ditto, shiny|76/100
|-damage|p2a: Ditto|63/100|[from] Stealth Rock
|-transform|p2a: Ditto|p1a: High Voltage|[from] ability: Imposter
|-ability|p2a: Ditto|Teravolt
|move|p1a: High Voltage|Dragon Dance|p1a: High Voltage
|-boost|p1a: High Voltage|atk|1
|-boost|p1a: High Voltage|spe|1
|
|-heal|p1a: High Voltage|63/100|[from] item: Leftovers
|upkeep
|turn|21
|
|t:|1665696997
|switch|p2a: Zacian|Zacian-Crowned, shiny|62/100
|-damage|p2a: Zacian|56/100|[from] Stealth Rock
|-ability|p2a: Zacian|Intrepid Sword|boost
|-boost|p2a: Zacian|atk|1
|move|p1a: High Voltage|Dragon Claw|p2a: Zacian
|-immune|p2a: Zacian
|
|-heal|p1a: High Voltage|69/100|[from] item: Leftovers
|upkeep
|turn|22
|
|t:|1665697002
|move|p1a: High Voltage|Substitute|p1a: High Voltage
|-start|p1a: High Voltage|Substitute
|-damage|p1a: High Voltage|44/100
|move|p2a: Zacian|Sacred Sword|p1a: High Voltage
|-end|p1a: High Voltage|Substitute
|
|-heal|p1a: High Voltage|50/100|[from] item: Leftovers
|upkeep
|turn|23
|
|t:|1665697006
|move|p1a: High Voltage|Bolt Strike|p2a: Zacian
|-damage|p2a: Zacian|0 fnt
|faint|p2a: Zacian
|
|-heal|p1a: High Voltage|57/100|[from] item: Leftovers
|upkeep
|
|t:|1665697008
|switch|p2a: Ditto|Ditto, shiny|63/100
|-damage|p2a: Ditto|51/100|[from] Stealth Rock
|-transform|p2a: Ditto|p1a: High Voltage|[from] ability: Imposter
|-ability|p2a: Ditto|Teravolt
|turn|24
|
|t:|1665697014
|move|p2a: Ditto|Dragon Claw|p1a: High Voltage
|-supereffective|p1a: High Voltage
|-damage|p1a: High Voltage|0 fnt
|faint|p1a: High Voltage
|
|upkeep
|
|t:|1665697016
|switch|p1a: Holier Than Thou|Xerneas|100/100
|-damage|p1a: Holier Than Thou|88/100|[from] Stealth Rock
|-ability|p1a: Holier Than Thou|Fairy Aura
|turn|25
|
|t:|1665697019
|-start|p2a: Ditto|Dynamax|
|-heal|p2a: Ditto|51/100|[silent]
|move|p2a: Ditto|Max Lightning|p1a: Holier Than Thou
|-damage|p1a: Holier Than Thou|0 fnt
|-fieldstart|move: Electric Terrain
|faint|p1a: Holier Than Thou
|
|win|Vegeta Otsusuki
|raw|LocalMetagross's rating: 1759 &rarr; <strong>1751</strong><br />(-8 for losing)
|raw|Vegeta Otsusuki's rating: 2003 &rarr; <strong>2011</strong><br />(+8 for winning)
|l|☆LocalMetagross
