|j|☆orange overhaul
|j|☆WOHOOOO
|t:|1622820756
|gametype|singles
|player|p1|orange overhaul|colress|1064
|player|p2|WOHOOOO|rocketgruntf|1121
|teamsize|p1|6
|teamsize|p2|2
|gen|8
|tier|[Gen 8] National Dex AG
|rated|
|rule|HP Percentage Mod: HP is shown in percentages
|rule|Endless Battle Clause: Forcing endless battles is banned
|clearpoke
|poke|p1|Crustle, M|
|poke|p1|Crustle, F|
|poke|p1|Crustle, F|
|poke|p1|Crustle, F|
|poke|p1|Crustle, M|
|poke|p1|Crustle, M|
|poke|p2|Liepard, F|
|poke|p2|Tangrowth, M|
|teampreview
|inactive|Battle timer is ON: inactive players will automatically lose when time's up. (requested by orange overhaul)
|c|☆WOHOOOO|AAAAAAAAA
|
|t:|1622820762
|start
|switch|p1a: Crustle|Crustle, M|100/100
|switch|p2a: Liepard|Liepard, F, shiny|100/100
|turn|1
|
|t:|1622820769
|move|p2a: Liepard|Assist|p2a: Liepard
|move|p2a: Liepard|Sleep Powder|p1a: Crustle|[from]move: Assist
|-status|p1a: Crustle|slp|[from] move: Sleep Powder
|cant|p1a: Crustle|slp
|
|upkeep
|turn|2
|inactive|WOHOOOO has 120 seconds left.
|
|t:|1622820810
|move|p2a: Liepard|Throat Chop|p1a: Crustle
|-damage|p1a: Crustle|66/100 slp
|-start|p1a: Crustle|Throat Chop|[silent]
|cant|p1a: Crustle|slp
|
|upkeep
|turn|3
|
|t:|1622820814
|move|p2a: Liepard|Throat Chop|p1a: Crustle
|-damage|p1a: Crustle|32/100 slp
|cant|p1a: Crustle|slp
|
|-end|p1a: Crustle|Throat Chop|[silent]
|upkeep
|turn|4
|
|t:|1622820820
|move|p2a: Liepard|Throat Chop|p1a: Crustle
|-damage|p1a: Crustle|0 fnt
|faint|p1a: Crustle
|
|upkeep
|
|t:|1622820824
|switch|p1a: Crustle|Crustle, F|100/100
|turn|5
|
|t:|1622820826
|move|p2a: Liepard|Assist|p2a: Liepard
|move|p2a: Liepard|Sleep Powder|p1a: Crustle|[from]move: Assist
|-status|p1a: Crustle|slp|[from] move: Sleep Powder
|cant|p1a: Crustle|slp
|
|upkeep
|turn|6
|
|t:|1622820830
|move|p2a: Liepard|Throat Chop|p1a: Crustle
|-damage|p1a: Crustle|65/100 slp
|-start|p1a: Crustle|Throat Chop|[silent]
|cant|p1a: Crustle|slp
|
|upkeep
|turn|7
|
|t:|1622820833
|move|p2a: Liepard|Throat Chop|p1a: Crustle
|-damage|p1a: Crustle|31/100 slp
|cant|p1a: Crustle|slp
|
|-end|p1a: Crustle|Throat Chop|[silent]
|upkeep
|turn|8
|
|t:|1622820838
|move|p2a: Liepard|Throat Chop|p1a: Crustle
|-damage|p1a: Crustle|0 fnt
|faint|p1a: Crustle
|
|upkeep
|
|t:|1622820841
|switch|p1a: Crustle|Crustle, F|100/100
|turn|9
|
|t:|1622820844
|move|p2a: Liepard|Assist|p2a: Liepard
|move|p2a: Liepard|Sleep Powder|p1a: Crustle|[from]move: Assist
|-status|p1a: Crustle|slp|[from] move: Sleep Powder
|cant|p1a: Crustle|slp
|
|upkeep
|turn|10
|
|t:|1622820849
|move|p2a: Liepard|Throat Chop|p1a: Crustle
|-damage|p1a: Crustle|69/100 slp
|-start|p1a: Crustle|Throat Chop|[silent]
|cant|p1a: Crustle|slp
|
|upkeep
|turn|11
|
|t:|1622820853
|move|p2a: Liepard|Throat Chop|p1a: Crustle
|-damage|p1a: Crustle|39/100 slp
|-curestatus|p1a: Crustle|slp|[msg]
|move|p1a: Crustle|Shell Smash|p1a: Crustle
|-unboost|p1a: Crustle|def|1
|-unboost|p1a: Crustle|spd|1
|-boost|p1a: Crustle|atk|2
|-boost|p1a: Crustle|spa|2
|-boost|p1a: Crustle|spe|2
|
|-end|p1a: Crustle|Throat Chop|[silent]
|upkeep
|turn|12
|
|t:|1622820862
|move|p2a: Liepard|Assist|p2a: Liepard
|move|p2a: Liepard|Sleep Powder|p1a: Crustle|[from]move: Assist
|-status|p1a: Crustle|slp|[from] move: Sleep Powder
|cant|p1a: Crustle|slp
|
|upkeep
|turn|13
|
|t:|1622820868
|-curestatus|p1a: Crustle|slp|[msg]
|move|p1a: Crustle|X-Scissor|p2a: Liepard
|-supereffective|p2a: Liepard
|-damage|p2a: Liepard|0 fnt
|faint|p2a: Liepard
|
|upkeep
|
|t:|1622820872
|switch|p2a: Tangrowth|Tangrowth, M|100/100
|turn|14
|
|t:|1622820876
|move|p1a: Crustle|X-Scissor|p2a: Tangrowth
|-supereffective|p2a: Tangrowth
|-damage|p2a: Tangrowth|2/100
|move|p2a: Tangrowth|Sleep Powder|p1a: Crustle
|-status|p1a: Crustle|slp|[from] move: Sleep Powder
|
|-heal|p2a: Tangrowth|8/100|[from] item: Leftovers
|upkeep
|turn|15
|c|☆WOHOOOO|What
|
|t:|1622820884
|cant|p1a: Crustle|slp
|move|p2a: Tangrowth|Sleep Powder|p1a: Crustle
|-fail|p1a: Crustle|slp
|
|-heal|p2a: Tangrowth|14/100|[from] item: Leftovers
|upkeep
|turn|16
|
|t:|1622820890
|-curestatus|p1a: Crustle|slp|[msg]
|move|p1a: Crustle|X-Scissor|p2a: Tangrowth
|-supereffective|p2a: Tangrowth
|-damage|p2a: Tangrowth|0 fnt
|faint|p2a: Tangrowth
|
|win|orange overhaul
|raw|orange overhaul's rating: 1064 &rarr; <strong>1099</strong><br />(+35 for winning)
|raw|WOHOOOO's rating: 1121 &rarr; <strong>1092</strong><br />(-29 for losing)
|c|☆WOHOOOO|Gg
|c|☆orange overhaul|gg
