|j|☆AnRandomGuy
|j|☆Tahz
|t:|1668574710
|gametype|singles
|player|p1|AnRandomGuy|steven-masters2|1691
|player|p2|Tahz|veteran|1708
|teamsize|p1|6
|teamsize|p2|6
|gen|8
|tier|[Gen 8] National Dex AG
|rated|
|rule|HP Percentage Mod: HP is shown in percentages
|rule|Endless Battle Clause: Forcing endless battles is banned
|clearpoke
|poke|p1|Zacian-*|
|poke|p1|Salamence, M|
|poke|p1|Whimsicott, F|
|poke|p1|Zekrom|
|poke|p1|Ditto|
|poke|p1|Genesect|
|poke|p2|Arceus-*|
|poke|p2|Groudon|
|poke|p2|Yveltal|
|poke|p2|Arceus-*|
|poke|p2|Necrozma-Dusk-Mane|
|poke|p2|Ditto|
|teampreview
|inactive|Battle timer is ON: inactive players will automatically lose when time's up. (requested by Tahz)
|
|t:|1668574720
|start
|switch|p1a: Comedian|Salamence, M|100/100
|switch|p2a: Yveltal|Yveltal|100/100
|-ability|p2a: Yveltal|Dark Aura
|-ability|p1a: Comedian|Intimidate|boost
|-unboost|p2a: Yveltal|atk|1
|turn|1
|
|t:|1668574734
|detailschange|p1a: Comedian|Salamence-Mega, M
|-mega|p1a: Comedian|Salamence|Salamencite
|-start|p2a: Yveltal|Dynamax|
|-heal|p2a: Yveltal|100/100|[silent]
|move|p1a: Comedian|Dragon Dance|p1a: Comedian
|-boost|p1a: Comedian|atk|1
|-boost|p1a: Comedian|spe|1
|move|p2a: Yveltal|Max Airstream|p1a: Comedian
|-damage|p1a: Comedian|8/100
|-boost|p2a: Yveltal|spe|1
|-damage|p2a: Yveltal|96/100|[from] item: Life Orb
|
|upkeep
|turn|2
|
|t:|1668574748
|move|p1a: Comedian|Return|p2a: Yveltal
|-damage|p2a: Yveltal|49/100
|move|p2a: Yveltal|Max Airstream|p1a: Comedian
|-damage|p1a: Comedian|0 fnt
|-boost|p2a: Yveltal|spe|1
|faint|p1a: Comedian
|-damage|p2a: Yveltal|44/100|[from] item: Life Orb
|
|upkeep
|
|t:|1668574761
|switch|p1a: Cotton Girl|Whimsicott, F, shiny|100/100
|turn|3
|
|t:|1668574765
|move|p1a: Cotton Girl|Tailwind|p1a: Cotton Girl
|-sidestart|p1: AnRandomGuy|move: Tailwind
|move|p2a: Yveltal|Max Airstream|p1a: Cotton Girl
|-supereffective|p1a: Cotton Girl
|-enditem|p1a: Cotton Girl|Focus Sash
|-damage|p1a: Cotton Girl|1/100
|-boost|p2a: Yveltal|spe|1
|-damage|p2a: Yveltal|39/100|[from] item: Life Orb
|
|upkeep
|-end|p2a: Yveltal|Dynamax
|-heal|p2a: Yveltal|39/100|[silent]
|turn|4
|
|t:|1668574779
|switch|p1a: Lord Z|Zekrom|100/100
|-ability|p1a: Lord Z|Teravolt
|move|p2a: Yveltal|Oblivion Wing|p1a: Lord Z
|-resisted|p1a: Lord Z
|-damage|p1a: Lord Z|75/100
|-heal|p2a: Yveltal|55/100|[from] drain|[of] p1a: Lord Z
|-damage|p2a: Yveltal|45/100|[from] item: Life Orb
|
|upkeep
|turn|5
|
|t:|1668574792
|move|p2a: Yveltal|Dark Pulse|p1a: Lord Z
|-damage|p1a: Lord Z|7/100
|-damage|p2a: Yveltal|35/100|[from] item: Life Orb
|cant|p1a: Lord Z|flinch
|
|upkeep
|turn|6
|
|t:|1668574802
|switch|p1a: Johnny Sins|Ditto|100/100
|-transform|p1a: Johnny Sins|p2a: Yveltal|[from] ability: Imposter
|-ability|p1a: Johnny Sins|Dark Aura
|move|p2a: Yveltal|Oblivion Wing|p1a: Johnny Sins
|-damage|p1a: Johnny Sins|33/100
|-heal|p2a: Yveltal|72/100|[from] drain|[of] p1a: Johnny Sins
|-damage|p2a: Yveltal|63/100|[from] item: Life Orb
|
|-sideend|p1: AnRandomGuy|move: Tailwind
|upkeep
|turn|7
|
|t:|1668574819
|move|p1a: Johnny Sins|Oblivion Wing|p2a: Yveltal
|-damage|p2a: Yveltal|24/100
|-heal|p1a: Johnny Sins|72/100|[from] drain|[of] p2a: Yveltal
|move|p2a: Yveltal|Roost|p2a: Yveltal
|-heal|p2a: Yveltal|75/100
|-singleturn|p2a: Yveltal|move: Roost
|
|upkeep
|turn|8
|
|t:|1668574831
|move|p1a: Johnny Sins|Oblivion Wing|p2a: Yveltal
|-damage|p2a: Yveltal|37/100
|-heal|p1a: Johnny Sins|100/100|[from] drain|[of] p2a: Yveltal
|move|p2a: Yveltal|Roost|p2a: Yveltal
|-heal|p2a: Yveltal|87/100
|-singleturn|p2a: Yveltal|move: Roost
|
|upkeep
|turn|9
|inactive|Tahz has 120 seconds left.
|
|t:|1668574884
|-start|p1a: Johnny Sins|Dynamax|
|-heal|p1a: Johnny Sins|100/100|[silent]
|move|p1a: Johnny Sins|Max Airstream|p2a: Yveltal
|-damage|p2a: Yveltal|28/100
|-boost|p1a: Johnny Sins|spe|1
|move|p2a: Yveltal|Oblivion Wing|p1a: Johnny Sins
|-damage|p1a: Johnny Sins|68/100
|-heal|p2a: Yveltal|63/100|[from] drain|[of] p1a: Johnny Sins
|-damage|p2a: Yveltal|54/100|[from] item: Life Orb
|
|upkeep
|turn|10
|
|t:|1668574899
|move|p1a: Johnny Sins|Max Airstream|p2a: Yveltal
|-damage|p2a: Yveltal|0 fnt
|-boost|p1a: Johnny Sins|spe|1
|faint|p2a: Yveltal
|
|upkeep
|
|t:|1668574908
|switch|p2a: Arceus|Arceus-Dark|100/100
|turn|11
|
|t:|1668574912
|move|p1a: Johnny Sins|Max Airstream|p2a: Arceus
|-damage|p2a: Arceus|62/100
|-boost|p1a: Johnny Sins|spe|1
|move|p2a: Arceus|Recover|p2a: Arceus
|-heal|p2a: Arceus|100/100
|
|upkeep
|-end|p1a: Johnny Sins|Dynamax
|-heal|p1a: Johnny Sins|68/100|[silent]
|turn|12
|
|t:|1668574923
|move|p1a: Johnny Sins|Taunt|p2a: Arceus
|-start|p2a: Arceus|move: Taunt
|move|p2a: Arceus|Whirlpool|p1a: Johnny Sins|[miss]
|-miss|p2a: Arceus|p1a: Johnny Sins
|
|upkeep
|turn|13
|inactive|Tahz has 120 seconds left.
|
|t:|1668574963
|switch|p1a: Genesis|Genesect, shiny|100/100
|-ability|p1a: Genesis|Download|boost
|-boost|p1a: Genesis|atk|1
|move|p2a: Arceus|Whirlpool|p1a: Genesis
|-damage|p1a: Genesis|89/100
|-activate|p1a: Genesis|move: Whirlpool|[of] p2a: Arceus
|
|-damage|p1a: Genesis|77/100|[from] move: Whirlpool|[partiallytrapped]
|upkeep
|turn|14
|
|t:|1668574975
|switch|p2a: Groudon|Groudon|100/100
|detailschange|p2a: Groudon|Groudon-Primal
|-primal|p2a: Groudon
|-weather|DesolateLand|[from] ability: Desolate Land|[of] p2a: Groudon
|move|p1a: Genesis|Shift Gear|p1a: Genesis
|-boost|p1a: Genesis|spe|2
|-boost|p1a: Genesis|atk|1
|
|-weather|DesolateLand|[upkeep]
|-end|p1a: Genesis|Whirlpool|[partiallytrapped]|[silent]
|upkeep
|turn|15
|
|t:|1668574989
|move|p1a: Genesis|Iron Head|p2a: Groudon
|-resisted|p2a: Groudon
|-damage|p2a: Groudon|69/100
|-damage|p1a: Genesis|67/100|[from] item: Life Orb
|move|p2a: Groudon|Precipice Blades|p1a: Genesis|[miss]
|-miss|p2a: Groudon|p1a: Genesis
|
|-weather|DesolateLand|[upkeep]
|upkeep
|turn|16
|
|t:|1668574997
|move|p1a: Genesis|Iron Head|p2a: Groudon
|-resisted|p2a: Groudon
|-damage|p2a: Groudon|40/100
|-damage|p1a: Genesis|57/100|[from] item: Life Orb
|cant|p2a: Groudon|flinch
|
|-weather|DesolateLand|[upkeep]
|upkeep
|turn|17
|inactive|Tahz has 120 seconds left.
|
|t:|1668575009
|move|p1a: Genesis|Iron Head|p2a: Groudon
|-resisted|p2a: Groudon
|-damage|p2a: Groudon|9/100
|-damage|p1a: Genesis|47/100|[from] item: Life Orb
|move|p2a: Groudon|Precipice Blades|p1a: Genesis
|-damage|p1a: Genesis|0 fnt
|faint|p1a: Genesis
|
|-weather|DesolateLand|[upkeep]
|upkeep
|
|t:|1668575024
|switch|p1a: Dawg With a Sword|Zacian-Crowned, shiny|100/100
|-ability|p1a: Dawg With a Sword|Intrepid Sword|boost
|-boost|p1a: Dawg With a Sword|atk|1
|turn|18
|inactive|Tahz has 120 seconds left.
|
|t:|1668575046
|move|p1a: Dawg With a Sword|Close Combat|p2a: Groudon
|-damage|p2a: Groudon|0 fnt
|-unboost|p1a: Dawg With a Sword|def|1
|-unboost|p1a: Dawg With a Sword|spd|1
|faint|p2a: Groudon
|-weather|none
|
|upkeep
|
|t:|1668575049
|switch|p2a: Necrozma|Necrozma-Dusk-Mane|100/100
|turn|19
|
|t:|1668575057
|switch|p1a: Lord Z|Zekrom|7/100
|-ability|p1a: Lord Z|Teravolt
|move|p2a: Necrozma|Moonlight|p2a: Necrozma
|-fail|p2a: Necrozma|heal
|
|upkeep
|turn|20
|
|t:|1668575066
|move|p1a: Lord Z|Roost|p1a: Lord Z
|-heal|p1a: Lord Z|57/100
|-singleturn|p1a: Lord Z|move: Roost
|move|p2a: Necrozma|Earthquake|p1a: Lord Z
|-supereffective|p1a: Lord Z
|-damage|p1a: Lord Z|0 fnt
|faint|p1a: Lord Z
|
|upkeep
|
|t:|1668575076
|switch|p1a: Cotton Girl|Whimsicott, F, shiny|1/100
|turn|21
|
|t:|1668575080
|move|p1a: Cotton Girl|Encore|p2a: Necrozma
|-start|p2a: Necrozma|Encore
|move|p2a: Necrozma|Earthquake|p1a: Cotton Girl
|-resisted|p1a: Cotton Girl
|-damage|p1a: Cotton Girl|0 fnt
|faint|p1a: Cotton Girl
|
|upkeep
|c|☆Tahz|this legit just helped me
|c|☆AnRandomGuy|Miwplay
|inactive|AnRandomGuy has 120 seconds left.
|c|☆AnRandomGuy|Did a misplay
|
|t:|1668575118
|switch|p1a: Johnny Sins|Ditto|68/100
|-transform|p1a: Johnny Sins|p2a: Necrozma|[from] ability: Imposter
|turn|22
|inactive|AnRandomGuy has 120 seconds left.
|
|t:|1668575147
|move|p2a: Necrozma|Earthquake|p1a: Johnny Sins
|-supereffective|p1a: Johnny Sins
|-damage|p1a: Johnny Sins|32/100
|move|p1a: Johnny Sins|Earthquake|p2a: Necrozma
|-supereffective|p2a: Necrozma
|-damage|p2a: Necrozma|72/100
|
|upkeep
|turn|23
|
|t:|1668575155
|move|p1a: Johnny Sins|Moonlight|p1a: Johnny Sins
|-heal|p1a: Johnny Sins|82/100
|move|p2a: Necrozma|Earthquake|p1a: Johnny Sins
|-supereffective|p1a: Johnny Sins
|-damage|p1a: Johnny Sins|44/100
|
|-end|p2a: Necrozma|Encore
|upkeep
|turn|24
|
|t:|1668575175
|move|p1a: Johnny Sins|Moonlight|p1a: Johnny Sins
|-heal|p1a: Johnny Sins|93/100
|move|p2a: Necrozma|Earthquake|p1a: Johnny Sins
|-supereffective|p1a: Johnny Sins
|-damage|p1a: Johnny Sins|57/100
|
|upkeep
|turn|25
|
|t:|1668575187
|move|p1a: Johnny Sins|Earthquake|p2a: Necrozma
|-supereffective|p2a: Necrozma
|-damage|p2a: Necrozma|43/100
|move|p2a: Necrozma|Dragon Dance|p2a: Necrozma
|-boost|p2a: Necrozma|atk|1
|-boost|p2a: Necrozma|spe|1
|
|upkeep
|turn|26
|
|t:|1668575196
|move|p2a: Necrozma|Dragon Dance|p2a: Necrozma
|-boost|p2a: Necrozma|atk|1
|-boost|p2a: Necrozma|spe|1
|move|p1a: Johnny Sins|Dragon Dance|p1a: Johnny Sins
|-boost|p1a: Johnny Sins|atk|1
|-boost|p1a: Johnny Sins|spe|1
|
|upkeep
|turn|27
|
|t:|1668575203
|move|p2a: Necrozma|Earthquake|p1a: Johnny Sins
|-supereffective|p1a: Johnny Sins
|-crit|p1a: Johnny Sins
|-damage|p1a: Johnny Sins|0 fnt
|faint|p1a: Johnny Sins
|
|upkeep
|
|t:|1668575211
|switch|p1a: Dawg With a Sword|Zacian-Crowned, shiny|100/100
|-ability|p1a: Dawg With a Sword|Intrepid Sword|boost
|-boost|p1a: Dawg With a Sword|atk|1
|turn|28
|c|☆AnRandomGuy|Ultra necrozma?
|
|t:|1668575234
|move|p1a: Dawg With a Sword|Close Combat|p2a: Necrozma
|-damage|p2a: Necrozma|4/100
|-unboost|p1a: Dawg With a Sword|def|1
|-unboost|p1a: Dawg With a Sword|spd|1
|-damage|p1a: Dawg With a Sword|84/100|[from] item: Rocky Helmet|[of] p2a: Necrozma
|move|p2a: Necrozma|Earthquake|p1a: Dawg With a Sword
|-supereffective|p1a: Dawg With a Sword
|-damage|p1a: Dawg With a Sword|0 fnt
|faint|p1a: Dawg With a Sword
|
|win|Tahz
|raw|AnRandomGuy's rating: 1691 &rarr; <strong>1672</strong><br />(-19 for losing)
|raw|Tahz's rating: 1708 &rarr; <strong>1727</strong><br />(+19 for winning)
|c|☆Tahz|gg
|c|☆Tahz|no
|c|☆AnRandomGuy|Oh
|c|☆AnRandomGuy|Gg mate
|c|☆AnRandomGuy|Nice team tho
|c|☆Tahz|ty
|c|☆Tahz|tryna ladder back to 1800
|c|☆Tahz|tilted hard a few weeks ago
|c|☆AnRandomGuy|Good luck homie
|c|☆Tahz|u2
|c|☆Tahz|gl
|c|☆AnRandomGuy|Thanks
|c|☆Tahz|have a good day
|l|☆Tahz
|c|☆AnRandomGuy|You too
