|j|☆YeetedByGrandma
|j|☆Tahz
|t:|1668006929
|gametype|singles
|player|p1|YeetedByGrandma|veteranf|
|player|p2|Tahz|veteran|
|teamsize|p1|6
|teamsize|p2|6
|gen|8
|tier|[Gen 8] National Dex AG
|rule|HP Percentage Mod: HP is shown in percentages
|rule|Endless Battle Clause: Forcing endless battles is banned
|clearpoke
|poke|p1|Blaziken, F|
|poke|p1|Tapu Fini|
|poke|p1|Serperior, F|
|poke|p1|Darmanitan-Galar, F|
|poke|p1|Clefable, M|
|poke|p1|Ferrothorn, M|
|poke|p2|Pelipper, M|
|poke|p2|Swampert, M|
|poke|p2|Ferrothorn, F|
|poke|p2|Rotom-Wash|
|poke|p2|Greninja, M|
|poke|p2|Dracovish|
|teampreview
|inactive|Battle timer is ON: inactive players will automatically lose when time's up. (requested by Tahz)
|
|t:|1668006935
|start
|switch|p1a: Cold DK|Darmanitan-Galar, F|100/100
|switch|p2a: Dracovish|Dracovish|100/100
|turn|1
|
|t:|1668006952
|move|p1a: Cold DK|Icicle Crash|p2a: Dracovish
|-damage|p2a: Dracovish|29/100
|cant|p2a: Dracovish|flinch
|
|upkeep
|turn|2
|
|t:|1668006961
|switch|p2a: Pelipper|Pelipper, M|100/100
|-weather|RainDance|[from] ability: Drizzle|[of] p2a: Pelipper
|move|p1a: Cold DK|Icicle Crash|p2a: Pelipper
|-damage|p2a: Pelipper|51/100
|
|-weather|RainDance|[upkeep]
|upkeep
|turn|3
|c|☆YeetedByGrandma|gl
|
|t:|1668006970
|move|p1a: Cold DK|Icicle Crash|p2a: Pelipper
|-damage|p2a: Pelipper|0 fnt
|faint|p2a: Pelipper
|
|-weather|RainDance|[upkeep]
|upkeep
|c|☆Tahz|well i am dead
|
|t:|1668006975
|switch|p2a: Swampert|Swampert, M|100/100
|turn|4
|
|t:|1668006980
|switch|p1a: Homophobe|Ferrothorn, M|100/100
|detailschange|p2a: Swampert|Swampert-Mega, M
|-mega|p2a: Swampert|Swampert|Swampertite
|move|p2a: Swampert|Earthquake|p1a: Homophobe
|-crit|p1a: Homophobe
|-damage|p1a: Homophobe|49/100
|
|-weather|RainDance|[upkeep]
|-heal|p1a: Homophobe|55/100|[from] item: Leftovers
|upkeep
|turn|5
|
|t:|1668006990
|move|p2a: Swampert|Flip Turn|p1a: Homophobe
|-resisted|p1a: Homophobe
|-damage|p1a: Homophobe|39/100
|-damage|p2a: Swampert|88/100|[from] ability: Iron Barbs|[of] p1a: Homophobe
|
|t:|1668006997
|switch|p2a: Ferrothorn|Ferrothorn, F|100/100|[from]move: Flip Turn
|move|p1a: Homophobe|Leech Seed|p2a: Ferrothorn
|-immune|p2a: Ferrothorn
|
|-weather|RainDance|[upkeep]
|-heal|p1a: Homophobe|45/100|[from] item: Leftovers
|upkeep
|turn|6
|
|t:|1668007001
|move|p1a: Homophobe|Stealth Rock|p2a: Ferrothorn
|-sidestart|p2: Tahz|move: Stealth Rock
|move|p2a: Ferrothorn|Knock Off|p1a: Homophobe
|-damage|p1a: Homophobe|33/100
|-damage|p2a: Ferrothorn|88/100|[from] ability: Iron Barbs|[of] p1a: Homophobe
|-enditem|p1a: Homophobe|Leftovers|[from] move: Knock Off|[of] p2a: Ferrothorn
|
|-weather|none
|-heal|p2a: Ferrothorn|94/100|[from] item: Leftovers
|upkeep
|turn|7
|
|t:|1668007007
|move|p2a: Ferrothorn|Stealth Rock|p1a: Homophobe
|-sidestart|p1: YeetedByGrandma|move: Stealth Rock
|move|p1a: Homophobe|Knock Off|p2a: Ferrothorn
|-damage|p2a: Ferrothorn|79/100
|-damage|p1a: Homophobe|20/100|[from] ability: Iron Barbs|[of] p2a: Ferrothorn
|-enditem|p2a: Ferrothorn|Leftovers|[from] move: Knock Off|[of] p1a: Homophobe
|
|upkeep
|turn|8
|
|t:|1668007018
|switch|p1a: Cold DK|Darmanitan-Galar, F|100/100
|-damage|p1a: Cold DK|75/100|[from] Stealth Rock
|move|p2a: Ferrothorn|Leech Seed|p1a: Cold DK
|-start|p1a: Cold DK|move: Leech Seed
|
|-damage|p1a: Cold DK|63/100|[from] Leech Seed|[of] p2a: Ferrothorn
|-heal|p2a: Ferrothorn|91/100|[silent]
|upkeep
|turn|9
|
|t:|1668007025
|move|p2a: Ferrothorn|Protect|p2a: Ferrothorn
|-singleturn|p2a: Ferrothorn|Protect
|move|p1a: Cold DK|Superpower|p2a: Ferrothorn
|-activate|p2a: Ferrothorn|move: Protect
|
|-damage|p1a: Cold DK|50/100|[from] Leech Seed|[of] p2a: Ferrothorn
|-heal|p2a: Ferrothorn|100/100|[silent]
|upkeep
|turn|10
|
|t:|1668007047
|switch|p1a: Silly little guy|Clefable, M|100/100
|switch|p2a: Swampert|Swampert-Mega, M|88/100
|-damage|p2a: Swampert|82/100|[from] Stealth Rock
|
|upkeep
|turn|11
|
|t:|1668007054
|move|p2a: Swampert|Waterfall|p1a: Silly little guy
|-damage|p1a: Silly little guy|51/100
|move|p1a: Silly little guy|Moonblast|p2a: Swampert
|-damage|p2a: Swampert|43/100
|
|-heal|p1a: Silly little guy|57/100|[from] item: Leftovers
|upkeep
|turn|12
|
|t:|1668007063
|move|p2a: Swampert|Earthquake|p1a: Silly little guy
|-damage|p1a: Silly little guy|0 fnt
|faint|p1a: Silly little guy
|
|upkeep
|
|t:|1668007070
|switch|p1a: Snecc|Serperior, F|100/100
|-damage|p1a: Snecc|88/100|[from] Stealth Rock
|turn|13
|
|t:|1668007075
|move|p1a: Snecc|Substitute|p1a: Snecc
|-start|p1a: Snecc|Substitute
|-damage|p1a: Snecc|63/100
|move|p2a: Swampert|Ice Punch|p1a: Snecc
|-supereffective|p1a: Snecc
|-end|p1a: Snecc|Substitute
|
|-heal|p1a: Snecc|69/100|[from] item: Leftovers
|upkeep
|turn|14
|
|t:|1668007081
|move|p1a: Snecc|Giga Drain|p2a: Swampert
|-supereffective|p2a: Swampert
|-damage|p2a: Swampert|0 fnt
|-heal|p1a: Snecc|94/100|[from] drain|[of] p2a: Swampert
|faint|p2a: Swampert
|
|-heal|p1a: Snecc|100/100|[from] item: Leftovers
|upkeep
|
|t:|1668007087
|switch|p2a: Greninja|Greninja, M|100/100
|-damage|p2a: Greninja|88/100|[from] Stealth Rock
|turn|15
|
|t:|1668007091
|move|p2a: Greninja|Ice Beam|p1a: Snecc
|-supereffective|p1a: Snecc
|-crit|p1a: Snecc
|-damage|p1a: Snecc|4/100
|move|p1a: Snecc|Leaf Storm|p2a: Greninja
|-supereffective|p2a: Greninja
|-damage|p2a: Greninja|0 fnt
|-boost|p1a: Snecc|spa|2
|faint|p2a: Greninja
|
|-heal|p1a: Snecc|10/100|[from] item: Leftovers
|upkeep
|
|t:|1668007096
|switch|p2a: Dracovish|Dracovish|29/100
|-damage|p2a: Dracovish|17/100|[from] Stealth Rock
|turn|16
|
|t:|1668007102
|move|p2a: Dracovish|Fishious Rend|p1a: Snecc
|-resisted|p1a: Snecc
|-damage|p1a: Snecc|0 fnt
|faint|p1a: Snecc
|
|upkeep
|c|☆YeetedByGrandma|This rng is insane lol
|
|t:|1668007120
|switch|p1a: Mega Clamperl|Tapu Fini|100/100
|-fieldstart|move: Misty Terrain|[from] ability: Misty Surge|[of] p1a: Mega Clamperl
|turn|17
|
|t:|1668007125
|switch|p2a: Ferrothorn|Ferrothorn, F|100/100
|-damage|p2a: Ferrothorn|94/100|[from] Stealth Rock
|move|p1a: Mega Clamperl|Moonblast|p2a: Ferrothorn
|-resisted|p2a: Ferrothorn
|-crit|p2a: Ferrothorn
|-damage|p2a: Ferrothorn|72/100
|-unboost|p2a: Ferrothorn|spa|1
|
|upkeep
|turn|18
|
|t:|1668007137
|move|p1a: Mega Clamperl|Scald|p2a: Ferrothorn
|-resisted|p2a: Ferrothorn
|-damage|p2a: Ferrothorn|61/100
|move|p2a: Ferrothorn|Leech Seed|p1a: Mega Clamperl
|-start|p1a: Mega Clamperl|move: Leech Seed
|
|-damage|p1a: Mega Clamperl|88/100|[from] Leech Seed|[of] p2a: Ferrothorn
|-heal|p2a: Ferrothorn|74/100|[silent]
|upkeep
|turn|19
|
|t:|1668007144
|switch|p1a: Cold DK|Darmanitan-Galar, F|50/100
|-damage|p1a: Cold DK|25/100|[from] Stealth Rock
|move|p2a: Ferrothorn|Knock Off|p1a: Cold DK
|-damage|p1a: Cold DK|0 fnt
|-enditem|p1a: Cold DK|Choice Scarf|[from] move: Knock Off|[of] p2a: Ferrothorn
|faint|p1a: Cold DK
|
|upkeep
|
|t:|1668007151
|switch|p1a: KFC’s revenge|Blaziken, F|100/100
|-damage|p1a: KFC’s revenge|88/100|[from] Stealth Rock
|turn|20
|
|t:|1668007158
|switch|p2a: Dracovish|Dracovish|17/100
|-damage|p2a: Dracovish|5/100|[from] Stealth Rock
|detailschange|p1a: KFC’s revenge|Blaziken-Mega, F
|-mega|p1a: KFC’s revenge|Blaziken|Blazikenite
|move|p1a: KFC’s revenge|Swords Dance|p1a: KFC’s revenge
|-boost|p1a: KFC’s revenge|atk|2
|
|-ability|p1a: KFC’s revenge|Speed Boost|boost
|-boost|p1a: KFC’s revenge|spe|1
|upkeep
|turn|21
|
|t:|1668007167
|move|p1a: KFC’s revenge|Blaze Kick|p2a: Dracovish
|-resisted|p2a: Dracovish
|-crit|p2a: Dracovish
|-damage|p2a: Dracovish|0 fnt
|faint|p2a: Dracovish
|
|-fieldend|Misty Terrain
|-ability|p1a: KFC’s revenge|Speed Boost|boost
|-boost|p1a: KFC’s revenge|spe|1
|upkeep
|
|t:|1668007171
|switch|p2a: Rotom|Rotom-Wash|100/100
|-damage|p2a: Rotom|88/100|[from] Stealth Rock
|turn|22
|
|t:|1668007174
|-start|p2a: Rotom|Dynamax|
|-heal|p2a: Rotom|88/100|[silent]
|move|p1a: KFC’s revenge|High Jump Kick|p2a: Rotom
|-damage|p2a: Rotom|0 fnt
|faint|p2a: Rotom
|
|-ability|p1a: KFC’s revenge|Speed Boost|boost
|-boost|p1a: KFC’s revenge|spe|1
|upkeep
|c|☆Tahz|damn
|
|t:|1668007183
|switch|p2a: Ferrothorn|Ferrothorn, F|74/100
|-damage|p2a: Ferrothorn|67/100|[from] Stealth Rock
|turn|23
|c|☆YeetedByGrandma|gg
|
|t:|1668007190
|move|p2a: Ferrothorn|Protect|p2a: Ferrothorn
|-singleturn|p2a: Ferrothorn|Protect
|move|p1a: KFC’s revenge|Blaze Kick|p2a: Ferrothorn
|-activate|p2a: Ferrothorn|move: Protect
|
|-ability|p1a: KFC’s revenge|Speed Boost|boost
|-boost|p1a: KFC’s revenge|spe|1
|upkeep
|turn|24
|c|☆Tahz|gg
|
|t:|1668007195
|move|p1a: KFC’s revenge|Blaze Kick|p2a: Ferrothorn
|-supereffective|p2a: Ferrothorn
|-damage|p2a: Ferrothorn|0 fnt
|-damage|p1a: KFC’s revenge|76/100|[from] ability: Iron Barbs|[of] p2a: Ferrothorn
|faint|p2a: Ferrothorn
|
|win|YeetedByGrandma
