|j|☆Jojoestar belmont
|j|‽seravila
|t:|1652639821
|gametype|singles
|player|p1|Jojoestar belmont|waiter|1332
|player|p2|seravila|veteranf|1264
|teamsize|p1|6
|teamsize|p2|6
|gen|8
|tier|[Gen 8] National Dex AG
|rated|
|rule|HP Percentage Mod: HP is shown in percentages
|rule|Endless Battle Clause: Forcing endless battles is banned
|clearpoke
|poke|p1|Galvantula, M|
|poke|p1|Scizor, F|
|poke|p1|Landorus-Therian, M|
|poke|p1|Clefable, F|
|poke|p1|Komala, M|
|poke|p1|Kommo-o, F|
|poke|p2|Crobat, M|
|poke|p2|Clefable, M|
|poke|p2|Raichu-Alola, M|
|poke|p2|Blastoise, F|
|poke|p2|Cloyster, F|
|poke|p2|Butterfree, M|
|teampreview
|inactive|Battle timer is ON: inactive players will automatically lose when time's up. (requested by seravila)
|
|t:|1652639825
|start
|switch|p1a: Spectacular G|Galvantula, M|100/100
|switch|p2a: Butterfree|Butterfree, M|100/100
|turn|1
|
|t:|1652639832
|move|p1a: Spectacular G|Sticky Web|p2a: Butterfree
|-sidestart|p2: seravila|move: Sticky Web
|move|p2a: Butterfree|Sleep Powder|p1a: Spectacular G
|-status|p1a: Spectacular G|slp|[from] move: Sleep Powder
|
|upkeep
|turn|2
|
|t:|1652639838
|switch|p1a: I Intimidate|Landorus-Therian, M|100/100
|-ability|p1a: I Intimidate|Intimidate|boost
|-unboost|p2a: Butterfree|atk|1
|move|p2a: Butterfree|Quiver Dance|p2a: Butterfree
|-boost|p2a: Butterfree|spa|1
|-boost|p2a: Butterfree|spd|1
|-boost|p2a: Butterfree|spe|1
|
|upkeep
|turn|3
|
|t:|1652639846
|move|p2a: Butterfree|Sleep Powder|p1a: I Intimidate
|-status|p1a: I Intimidate|slp|[from] move: Sleep Powder
|cant|p1a: I Intimidate|slp
|
|upkeep
|turn|4
|
|t:|1652639853
|move|p2a: Butterfree|Quiver Dance|p2a: Butterfree
|-boost|p2a: Butterfree|spa|1
|-boost|p2a: Butterfree|spd|1
|-boost|p2a: Butterfree|spe|1
|cant|p1a: I Intimidate|slp
|
|upkeep
|turn|5
|
|t:|1652639859
|move|p2a: Butterfree|Substitute|p2a: Butterfree
|-start|p2a: Butterfree|Substitute
|-damage|p2a: Butterfree|76/100
|-curestatus|p1a: I Intimidate|slp|[msg]
|move|p1a: I Intimidate|Stealth Rock|p2a: Butterfree
|-sidestart|p2: seravila|move: Stealth Rock
|
|-heal|p2a: Butterfree|82/100|[from] item: Leftovers
|upkeep
|turn|6
|
|t:|1652639873
|move|p2a: Butterfree|Sleep Powder|p1a: I Intimidate
|-status|p1a: I Intimidate|slp|[from] move: Sleep Powder
|cant|p1a: I Intimidate|slp
|
|-heal|p2a: Butterfree|88/100|[from] item: Leftovers
|upkeep
|turn|7
|
|t:|1652639881
|switch|p1a: Satan|Clefable, F|100/100
|move|p2a: Butterfree|Quiver Dance|p2a: Butterfree
|-boost|p2a: Butterfree|spa|1
|-boost|p2a: Butterfree|spd|1
|-boost|p2a: Butterfree|spe|1
|
|-heal|p2a: Butterfree|94/100|[from] item: Leftovers
|upkeep
|turn|8
|
|t:|1652639890
|move|p2a: Butterfree|Sleep Powder|p1a: Satan
|-status|p1a: Satan|slp|[from] move: Sleep Powder
|cant|p1a: Satan|slp
|
|-heal|p2a: Butterfree|99/100|[from] item: Leftovers
|upkeep
|turn|9
|
|t:|1652639897
|move|p2a: Butterfree|Hurricane|p1a: Satan
|-damage|p1a: Satan|75/100 slp
|cant|p1a: Satan|slp
|
|-heal|p2a: Butterfree|100/100|[from] item: Leftovers
|-heal|p1a: Satan|81/100 slp|[from] item: Leftovers
|upkeep
|turn|10
|
|t:|1652639905
|move|p2a: Butterfree|Hurricane|p1a: Satan
|-damage|p1a: Satan|58/100 slp
|-start|p1a: Satan|confusion
|cant|p1a: Satan|slp
|
|-heal|p1a: Satan|64/100 slp|[from] item: Leftovers
|upkeep
|turn|11
|
|t:|1652639912
|move|p2a: Butterfree|Hurricane|p1a: Satan
|-crit|p1a: Satan
|-damage|p1a: Satan|25/100 slp
|-curestatus|p1a: Satan|slp|[msg]
|-activate|p1a: Satan|confusion
|move|p1a: Satan|Soft-Boiled|p1a: Satan
|-heal|p1a: Satan|75/100
|
|-heal|p1a: Satan|81/100|[from] item: Leftovers
|upkeep
|turn|12
|
|t:|1652639921
|move|p2a: Butterfree|Sleep Powder|p1a: Satan
|-status|p1a: Satan|slp|[from] move: Sleep Powder
|cant|p1a: Satan|slp
|
|-heal|p1a: Satan|87/100 slp|[from] item: Leftovers
|upkeep
|turn|13
|
|t:|1652639929
|move|p2a: Butterfree|Hurricane|p1a: Satan
|-damage|p1a: Satan|61/100 slp
|cant|p1a: Satan|slp
|
|-heal|p1a: Satan|67/100 slp|[from] item: Leftovers
|upkeep
|turn|14
|
|t:|1652639936
|move|p2a: Butterfree|Hurricane|p1a: Satan
|-damage|p1a: Satan|44/100 slp
|-curestatus|p1a: Satan|slp|[msg]
|-activate|p1a: Satan|confusion
|move|p1a: Satan|Cosmic Power|p1a: Satan
|-boost|p1a: Satan|def|1
|-boost|p1a: Satan|spd|1
|
|-heal|p1a: Satan|50/100|[from] item: Leftovers
|upkeep
|turn|15
|
|t:|1652639945
|move|p2a: Butterfree|Sleep Powder|p1a: Satan
|-status|p1a: Satan|slp|[from] move: Sleep Powder
|cant|p1a: Satan|slp
|
|-heal|p1a: Satan|56/100 slp|[from] item: Leftovers
|upkeep
|turn|16
|
|t:|1652639952
|move|p2a: Butterfree|Hurricane|p1a: Satan
|-damage|p1a: Satan|38/100 slp
|cant|p1a: Satan|slp
|
|-heal|p1a: Satan|44/100 slp|[from] item: Leftovers
|upkeep
|turn|17
|
|t:|1652639959
|move|p2a: Butterfree|Hurricane|p1a: Satan
|-damage|p1a: Satan|27/100 slp
|-curestatus|p1a: Satan|slp|[msg]
|-end|p1a: Satan|confusion
|move|p1a: Satan|Soft-Boiled|p1a: Satan
|-heal|p1a: Satan|77/100
|
|-heal|p1a: Satan|83/100|[from] item: Leftovers
|upkeep
|turn|18
|
|t:|1652639969
|move|p2a: Butterfree|Sleep Powder|p1a: Satan
|-status|p1a: Satan|slp|[from] move: Sleep Powder
|cant|p1a: Satan|slp
|
|-heal|p1a: Satan|89/100 slp|[from] item: Leftovers
|upkeep
|turn|19
|
|t:|1652639977
|move|p2a: Butterfree|Hurricane|p1a: Satan
|-damage|p1a: Satan|73/100 slp
|cant|p1a: Satan|slp
|
|-heal|p1a: Satan|79/100 slp|[from] item: Leftovers
|upkeep
|turn|20
|
|t:|1652639997
|move|p2a: Butterfree|Hurricane|p1a: Satan
|-damage|p1a: Satan|61/100 slp
|-start|p1a: Satan|confusion
|-curestatus|p1a: Satan|slp|[msg]
|-activate|p1a: Satan|confusion
|move|p1a: Satan|Cosmic Power|p1a: Satan
|-boost|p1a: Satan|def|1
|-boost|p1a: Satan|spd|1
|
|-heal|p1a: Satan|67/100|[from] item: Leftovers
|upkeep
|turn|21
|
|t:|1652640016
|move|p2a: Butterfree|Sleep Powder|p1a: Satan
|-status|p1a: Satan|slp|[from] move: Sleep Powder
|cant|p1a: Satan|slp
|
|-heal|p1a: Satan|73/100 slp|[from] item: Leftovers
|upkeep
|turn|22
|
|t:|1652640029
|switch|p2a: Clefable|Clefable, M|100/100
|-activate|p2a: Clefable|move: Sticky Web
|-unboost|p2a: Clefable|spe|1
|-damage|p2a: Clefable|88/100|[from] Stealth Rock
|cant|p1a: Satan|slp
|
|-heal|p1a: Satan|79/100 slp|[from] item: Leftovers
|upkeep
|turn|23
|
|t:|1652640037
|cant|p1a: Satan|slp
|move|p2a: Clefable|Cosmic Power|p2a: Clefable
|-boost|p2a: Clefable|def|1
|-boost|p2a: Clefable|spd|1
|
|-heal|p1a: Satan|86/100 slp|[from] item: Leftovers
|upkeep
|turn|24
|
|t:|1652640044
|-curestatus|p1a: Satan|slp|[msg]
|-activate|p1a: Satan|confusion
|-damage|p1a: Satan|82/100|[from] confusion
|move|p2a: Clefable|Cosmic Power|p2a: Clefable
|-boost|p2a: Clefable|def|1
|-boost|p2a: Clefable|spd|1
|
|-heal|p1a: Satan|89/100|[from] item: Leftovers
|upkeep
|turn|25
|
|t:|1652640053
|-activate|p1a: Satan|confusion
|move|p1a: Satan|Calm Mind|p1a: Satan
|-boost|p1a: Satan|spa|1
|-boost|p1a: Satan|spd|1
|move|p2a: Clefable|Cosmic Power|p2a: Clefable
|-boost|p2a: Clefable|def|1
|-boost|p2a: Clefable|spd|1
|
|-heal|p1a: Satan|95/100|[from] item: Leftovers
|upkeep
|turn|26
|
|t:|1652640062
|-activate|p1a: Satan|confusion
|move|p1a: Satan|Calm Mind|p1a: Satan
|-boost|p1a: Satan|spa|1
|-boost|p1a: Satan|spd|1
|move|p2a: Clefable|Cosmic Power|p2a: Clefable
|-boost|p2a: Clefable|def|1
|-boost|p2a: Clefable|spd|1
|
|-heal|p1a: Satan|100/100|[from] item: Leftovers
|upkeep
|turn|27
|
|t:|1652640071
|-end|p1a: Satan|confusion
|move|p1a: Satan|Calm Mind|p1a: Satan
|-boost|p1a: Satan|spa|1
|-boost|p1a: Satan|spd|1
|move|p2a: Clefable|Cosmic Power|p2a: Clefable
|-boost|p2a: Clefable|def|1
|-boost|p2a: Clefable|spd|1
|
|upkeep
|turn|28
|
|t:|1652640079
|move|p1a: Satan|Stored Power|p2a: Clefable
|-damage|p2a: Clefable|46/100
|move|p2a: Clefable|Cosmic Power|p2a: Clefable
|-boost|p2a: Clefable|def|1
|-boost|p2a: Clefable|spd|1
|
|upkeep
|turn|29
|
|t:|1652640086
|move|p1a: Satan|Stored Power|p2a: Clefable
|-damage|p2a: Clefable|4/100
|move|p2a: Clefable|Soft-Boiled|p2a: Clefable
|-heal|p2a: Clefable|54/100
|
|upkeep
|turn|30
|
|t:|1652640092
|move|p1a: Satan|Calm Mind|p1a: Satan
|-boost|p1a: Satan|spa|1
|-boost|p1a: Satan|spd|1
|move|p2a: Clefable|Soft-Boiled|p2a: Clefable
|-heal|p2a: Clefable|100/100
|
|upkeep
|turn|31
|
|t:|1652640099
|move|p1a: Satan|Calm Mind|p1a: Satan
|-boost|p1a: Satan|spa|1
|-boost|p1a: Satan|spd|0
|move|p2a: Clefable|Moonblast|p1a: Satan
|-damage|p1a: Satan|79/100
|-unboost|p1a: Satan|spa|1
|
|-heal|p1a: Satan|85/100|[from] item: Leftovers
|upkeep
|turn|32
|
|t:|1652640108
|move|p1a: Satan|Stored Power|p2a: Clefable
|-crit|p2a: Clefable
|-damage|p2a: Clefable|14/100
|move|p2a: Clefable|Moonblast|p1a: Satan
|-damage|p1a: Satan|65/100
|-unboost|p1a: Satan|spa|1
|
|-heal|p1a: Satan|71/100|[from] item: Leftovers
|upkeep
|turn|33
|
|t:|1652640121
|move|p1a: Satan|Stored Power|p2a: Clefable
|-damage|p2a: Clefable|0 fnt
|faint|p2a: Clefable
|
|-heal|p1a: Satan|77/100|[from] item: Leftovers
|upkeep
|
|t:|1652640136
|switch|p2a: Crobat|Crobat, M|100/100
|-damage|p2a: Crobat|75/100|[from] Stealth Rock
|turn|34
|
|t:|1652640145
|move|p2a: Crobat|Cross Poison|p1a: Satan
|-supereffective|p1a: Satan
|-crit|p1a: Satan
|-damage|p1a: Satan|0 fnt
|faint|p1a: Satan
|-damage|p2a: Crobat|66/100|[from] item: Life Orb
|
|upkeep
|
|t:|1652640152
|switch|p1a: Red patriot|Scizor, F|100/100
|turn|35
|
|t:|1652640167
|detailschange|p1a: Red patriot|Scizor-Mega, F
|-mega|p1a: Red patriot|Scizor|Scizorite
|move|p2a: Crobat|U-turn|p1a: Red patriot
|-resisted|p1a: Red patriot
|-damage|p1a: Red patriot|90/100
|-damage|p2a: Crobat|56/100|[from] item: Life Orb
|
|t:|1652640190
|switch|p2a: Butterfree|Butterfree, M|100/100|[from]move: U-turn
|-damage|p2a: Butterfree|51/100|[from] Stealth Rock
|move|p1a: Red patriot|Swords Dance|p1a: Red patriot
|-boost|p1a: Red patriot|atk|2
|
|-heal|p2a: Butterfree|57/100|[from] item: Leftovers
|upkeep
|turn|36
|
|t:|1652640207
|move|p1a: Red patriot|Bullet Punch|p2a: Butterfree
|-damage|p2a: Butterfree|0 fnt
|faint|p2a: Butterfree
|
|upkeep
|
|t:|1652640216
|switch|p2a: Cloyster|Cloyster, F|100/100
|-activate|p2a: Cloyster|move: Sticky Web
|-unboost|p2a: Cloyster|spe|1
|-damage|p2a: Cloyster|76/100|[from] Stealth Rock
|turn|37
|
|t:|1652640225
|move|p1a: Red patriot|Bullet Punch|p2a: Cloyster
|-damage|p2a: Cloyster|13/100
|move|p2a: Cloyster|Shell Smash|p2a: Cloyster
|-unboost|p2a: Cloyster|def|1
|-unboost|p2a: Cloyster|spd|1
|-boost|p2a: Cloyster|atk|2
|-boost|p2a: Cloyster|spa|2
|-boost|p2a: Cloyster|spe|2
|
|upkeep
|turn|38
|
|t:|1652640237
|move|p1a: Red patriot|Bullet Punch|p2a: Cloyster
|-damage|p2a: Cloyster|0 fnt
|faint|p2a: Cloyster
|
|upkeep
|
|t:|1652640244
|switch|p2a: Blastoise|Blastoise, F|100/100
|-damage|p2a: Blastoise|88/100|[from] Stealth Rock
|-activate|p2a: Blastoise|move: Sticky Web
|-unboost|p2a: Blastoise|spe|1
|turn|39
|
|t:|1652640251
|detailschange|p2a: Blastoise|Blastoise-Mega, F
|-mega|p2a: Blastoise|Blastoise|Blastoisinite
|move|p1a: Red patriot|Swords Dance|p1a: Red patriot
|-boost|p1a: Red patriot|atk|2
|move|p2a: Blastoise|Shell Smash|p2a: Blastoise
|-unboost|p2a: Blastoise|def|1
|-unboost|p2a: Blastoise|spd|1
|-boost|p2a: Blastoise|atk|2
|-boost|p2a: Blastoise|spa|2
|-boost|p2a: Blastoise|spe|2
|
|upkeep
|turn|40
|
|t:|1652640265
|move|p1a: Red patriot|Bullet Punch|p2a: Blastoise
|-resisted|p2a: Blastoise
|-damage|p2a: Blastoise|8/100
|move|p2a: Blastoise|Water Pulse|p1a: Red patriot
|-damage|p1a: Red patriot|0 fnt
|faint|p1a: Red patriot
|
|upkeep
|
|t:|1652640280
|switch|p1a: killer Coma|Komala, M, shiny|100/100
|-ability|p1a: killer Coma|Comatose
|turn|41
|
|t:|1652640290
|move|p2a: Blastoise|Water Pulse|p1a: killer Coma
|-damage|p1a: killer Coma|1/100
|move|p1a: killer Coma|Sleep Talk|p1a: killer Coma
|move|p1a: killer Coma|Last Resort|p2a: Blastoise|[from]move: Sleep Talk
|-damage|p2a: Blastoise|0 fnt
|faint|p2a: Blastoise
|
|upkeep
|
|t:|1652640297
|switch|p2a: Raichu|Raichu-Alola, M|100/100
|-damage|p2a: Raichu|88/100|[from] Stealth Rock
|-activate|p2a: Raichu|move: Sticky Web
|-unboost|p2a: Raichu|spe|1
|turn|42
|
|t:|1652640307
|move|p2a: Raichu|Electric Terrain|p2a: Raichu
|-fieldstart|move: Electric Terrain
|move|p1a: killer Coma|Sleep Talk|p1a: killer Coma
|move|p1a: killer Coma|Last Resort|p2a: Raichu|[from]move: Sleep Talk
|-damage|p2a: Raichu|0 fnt
|faint|p2a: Raichu
|
|upkeep
|
|t:|1652640312
|switch|p2a: Crobat|Crobat, M|56/100
|-damage|p2a: Crobat|31/100|[from] Stealth Rock
|turn|43
|
|t:|1652640320
|move|p2a: Crobat|Roost|p2a: Crobat
|-heal|p2a: Crobat|81/100
|-singleturn|p2a: Crobat|move: Roost
|move|p1a: killer Coma|Sleep Talk|p1a: killer Coma
|move|p1a: killer Coma|Last Resort|p2a: Crobat|[from]move: Sleep Talk
|-damage|p2a: Crobat|0 fnt
|faint|p2a: Crobat
|
|win|Jojoestar belmont
|raw|Jojoestar belmont's rating: 1332 &rarr; <strong>1348</strong><br />(+16 for winning)
|raw|seravila's rating: 1264 &rarr; <strong>1244</strong><br />(-20 for losing)
|l|‽seravila
||Ladder isn't responding, score probably updated but might not have (Request timeout).
