|j|☆CLEAR GEM清瑜
|j|☆Log4j
|t:|1663035396
|gametype|singles
|player|p1|CLEAR GEM清瑜|skierf|1903
|player|p2|Log4j|265|1941
|teamsize|p1|6
|teamsize|p2|6
|gen|8
|tier|[Gen 8] National Dex AG
|rated|
|rule|HP Percentage Mod: HP is shown in percentages
|rule|Endless Battle Clause: Forcing endless battles is banned
|clearpoke
|poke|p1|Rayquaza|
|poke|p1|Groudon|
|poke|p1|Necrozma-Dusk-Mane|
|poke|p1|Arceus-*|
|poke|p1|Zacian-*|
|poke|p1|Yveltal|
|poke|p2|Calyrex-Shadow|
|poke|p2|Groudon|
|poke|p2|Yveltal|
|poke|p2|Ho-Oh|
|poke|p2|Rayquaza|
|poke|p2|Arceus-*|
|teampreview
|inactive|Battle timer is ON: inactive players will automatically lose when time's up. (requested by CLEAR GEM清瑜)
|
|t:|1663035405
|start
|switch|p1a: Y鸟|Yveltal|100/100
|switch|p2a: Yveltal|Yveltal|100/100
|-ability|p2a: Yveltal|Dark Aura
|-ability|p1a: Y鸟|Dark Aura
|turn|1
|
|t:|1663035411
|switch|p2a: Arceus|Arceus-Fairy|100/100
|move|p1a: Y鸟|Taunt|p2a: Arceus
|-start|p2a: Arceus|move: Taunt
|
|upkeep
|turn|2
|
|t:|1663035418
|switch|p1a: 钢铁之躯|Necrozma-Dusk-Mane|100/100
|move|p2a: Arceus|Judgment|p1a: 钢铁之躯
|-resisted|p1a: 钢铁之躯
|-damage|p1a: 钢铁之躯|82/100
|
|upkeep
|turn|3
|
|t:|1663035422
|switch|p2a: Groudon|Groudon|100/100
|detailschange|p2a: Groudon|Groudon-Primal
|-primal|p2a: Groudon
|-weather|DesolateLand|[from] ability: Desolate Land|[of] p2a: Groudon
|move|p1a: 钢铁之躯|Dragon Dance|p1a: 钢铁之躯
|-boost|p1a: 钢铁之躯|atk|1
|-boost|p1a: 钢铁之躯|spe|1
|
|-weather|DesolateLand|[upkeep]
|upkeep
|turn|4
|
|t:|1663035433
|-weather|none
|switch|p2a: Yveltal|Yveltal|100/100
|-ability|p2a: Yveltal|Dark Aura
|detailschange|p1a: 钢铁之躯|Necrozma-Ultra
|-burst|p1a: 钢铁之躯|Necrozma|Ultranecrozium Z
|move|p1a: 钢铁之躯|Earthquake|p2a: Yveltal
|-immune|p2a: Yveltal
|
|upkeep
|turn|5
|
|t:|1663035441
|move|p2a: Yveltal|Sucker Punch|p1a: 钢铁之躯
|-supereffective|p1a: 钢铁之躯
|-damage|p1a: 钢铁之躯|0 fnt
|faint|p1a: 钢铁之躯
|-damage|p2a: Yveltal|91/100|[from] item: Life Orb
|
|upkeep
|
|t:|1663035446
|switch|p1a: 不会(?)|Groudon|100/100
|detailschange|p1a: 不会(?)|Groudon-Primal
|-primal|p1a: 不会(?)
|-weather|DesolateLand|[from] ability: Desolate Land|[of] p1a: 不会(?)
|turn|6
|
|t:|1663035452
|-start|p2a: Yveltal|Dynamax|
|-heal|p2a: Yveltal|91/100|[silent]
|move|p2a: Yveltal|Max Airstream|p1a: 不会(?)
|-damage|p1a: 不会(?)|6/100
|-boost|p2a: Yveltal|spe|1
|-damage|p2a: Yveltal|86/100|[from] item: Life Orb
|move|p1a: 不会(?)|Stealth Rock|p2a: Yveltal
|-sidestart|p2: Log4j|move: Stealth Rock
|
|-weather|DesolateLand|[upkeep]
|upkeep
|turn|7
|
|t:|1663035462
|move|p2a: Yveltal|Max Airstream|p1a: 不会(?)
|-damage|p1a: 不会(?)|0 fnt
|-boost|p2a: Yveltal|spe|1
|faint|p1a: 不会(?)
|-weather|none
|-damage|p2a: Yveltal|81/100|[from] item: Life Orb
|
|upkeep
|
|t:|1663035464
|switch|p1a: 嘉然小姐的狗|Zacian-Crowned|100/100
|-ability|p1a: 嘉然小姐的狗|Intrepid Sword|boost
|-boost|p1a: 嘉然小姐的狗|atk|1
|turn|8
|
|t:|1663035469
|move|p2a: Yveltal|Max Darkness|p1a: 嘉然小姐的狗
|-resisted|p1a: 嘉然小姐的狗
|-damage|p1a: 嘉然小姐的狗|59/100
|-unboost|p1a: 嘉然小姐的狗|spd|1
|-damage|p2a: Yveltal|76/100|[from] item: Life Orb
|move|p1a: 嘉然小姐的狗|Behemoth Blade|p2a: Yveltal
|-damage|p2a: Yveltal|0 fnt
|faint|p2a: Yveltal
|
|upkeep
|
|t:|1663035478
|switch|p2a: Ho-Oh|Ho-Oh|100/100
|turn|9
|
|t:|1663035480
|move|p1a: 嘉然小姐的狗|Wild Charge|p2a: Ho-Oh
|-supereffective|p2a: Ho-Oh
|-damage|p2a: Ho-Oh|24/100
|-damage|p1a: 嘉然小姐的狗|39/100|[from] Recoil
|move|p2a: Ho-Oh|Defog|p1a: 嘉然小姐的狗
|-unboost|p1a: 嘉然小姐的狗|evasion|1
|-sideend|p2: Log4j|Stealth Rock|[from] move: Defog|[of] p2a: Ho-Oh
|
|upkeep
|turn|10
|
|t:|1663035483
|switch|p2a: Groudon|Groudon-Primal|100/100
|-weather|DesolateLand|[from] ability: Desolate Land|[of] p2a: Groudon
|move|p1a: 嘉然小姐的狗|Wild Charge|p2a: Groudon
|-immune|p2a: Groudon
|
|-weather|DesolateLand|[upkeep]
|upkeep
|turn|11
|
|t:|1663035486
|move|p1a: 嘉然小姐的狗|Close Combat|p2a: Groudon
|-damage|p2a: Groudon|66/100
|-unboost|p1a: 嘉然小姐的狗|def|1
|-unboost|p1a: 嘉然小姐的狗|spd|1
|move|p2a: Groudon|Overheat|p1a: 嘉然小姐的狗
|-supereffective|p1a: 嘉然小姐的狗
|-damage|p1a: 嘉然小姐的狗|0 fnt
|-unboost|p2a: Groudon|spa|2
|faint|p1a: 嘉然小姐的狗
|
|-weather|DesolateLand|[upkeep]
|upkeep
|
|t:|1663035496
|switch|p1a: Y鸟|Yveltal|100/100
|-ability|p1a: Y鸟|Dark Aura
|turn|12
|
|t:|1663035502
|-weather|none
|switch|p2a: Arceus|Arceus-Fairy|100/100
|-start|p1a: Y鸟|Dynamax|
|-heal|p1a: Y鸟|100/100|[silent]
|move|p1a: Y鸟|Max Airstream|p2a: Arceus
|-damage|p2a: Arceus|50/100
|-boost|p1a: Y鸟|spe|1
|-damage|p1a: Y鸟|96/100|[from] item: Life Orb
|
|upkeep
|turn|13
|
|t:|1663035507
|switch|p2a: Groudon|Groudon-Primal|66/100
|-weather|DesolateLand|[from] ability: Desolate Land|[of] p2a: Groudon
|move|p1a: Y鸟|Max Airstream|p2a: Groudon
|-damage|p2a: Groudon|0 fnt
|-boost|p1a: Y鸟|spe|1
|faint|p2a: Groudon
|-weather|none
|-damage|p1a: Y鸟|91/100|[from] item: Life Orb
|
|upkeep
|
|t:|1663035520
|switch|p2a: Ho-Oh|Ho-Oh|57/100
|turn|14
|
|t:|1663035523
|move|p1a: Y鸟|Max Darkness|p2a: Ho-Oh
|-damage|p2a: Ho-Oh|0 fnt
|faint|p2a: Ho-Oh
|-damage|p1a: Y鸟|86/100|[from] item: Life Orb
|
|upkeep
|
|t:|1663035524
|switch|p2a: Arceus|Arceus-Fairy|50/100
|-end|p1a: Y鸟|Dynamax
|-heal|p1a: Y鸟|86/100|[silent]
|turn|15
|
|t:|1663035527
|move|p1a: Y鸟|Oblivion Wing|p2a: Arceus
|-damage|p2a: Arceus|19/100
|-heal|p1a: Y鸟|100/100|[from] drain|[of] p2a: Arceus
|-damage|p1a: Y鸟|91/100|[from] item: Life Orb
|move|p2a: Arceus|Recover|p2a: Arceus
|-heal|p2a: Arceus|69/100
|
|upkeep
|turn|16
|
|t:|1663035530
|move|p1a: Y鸟|Taunt|p2a: Arceus
|-start|p2a: Arceus|move: Taunt
|move|p2a: Arceus|Judgment|p1a: Y鸟
|-supereffective|p1a: Y鸟
|-damage|p1a: Y鸟|0 fnt
|faint|p1a: Y鸟
|
|upkeep
|
|t:|1663035533
|switch|p1a: 悬空羊驼|Arceus-Flying|100/100
|turn|17
|
|t:|1663035538
|move|p1a: 悬空羊驼|Calm Mind|p1a: 悬空羊驼
|-boost|p1a: 悬空羊驼|spa|1
|-boost|p1a: 悬空羊驼|spd|1
|move|p2a: Arceus|Judgment|p1a: 悬空羊驼
|-damage|p1a: 悬空羊驼|76/100
|
|upkeep
|turn|18
|
|t:|1663035543
|move|p1a: 悬空羊驼|Judgment|p2a: Arceus
|-damage|p2a: Arceus|22/100
|move|p2a: Arceus|Judgment|p1a: 悬空羊驼
|-damage|p1a: 悬空羊驼|54/100
|
|-end|p2a: Arceus|move: Taunt
|upkeep
|turn|19
|
|t:|1663035548
|move|p1a: 悬空羊驼|Recover|p1a: 悬空羊驼
|-heal|p1a: 悬空羊驼|100/100
|move|p2a: Arceus|Toxic|p1a: 悬空羊驼
|-status|p1a: 悬空羊驼|tox
|
|-damage|p1a: 悬空羊驼|94/100 tox|[from] psn
|upkeep
|turn|20
|
|t:|1663035554
|move|p1a: 悬空羊驼|Judgment|p2a: Arceus
|-crit|p2a: Arceus
|-damage|p2a: Arceus|0 fnt
|faint|p2a: Arceus
|
|-damage|p1a: 悬空羊驼|82/100 tox|[from] psn
|upkeep
|
|t:|1663035556
|switch|p2a: Rayquaza|Rayquaza|100/100
|-ability|p2a: Rayquaza|Air Lock
|turn|21
|
|t:|1663035558
|detailschange|p2a: Rayquaza|Rayquaza-Mega
|-mega|p2a: Rayquaza|Rayquaza|
|-weather|DeltaStream|[from] ability: Delta Stream|[of] p2a: Rayquaza
|move|p2a: Rayquaza|Dragon Dance|p2a: Rayquaza
|-boost|p2a: Rayquaza|atk|1
|-boost|p2a: Rayquaza|spe|1
|move|p1a: 悬空羊驼|Judgment|p2a: Rayquaza
|-damage|p2a: Rayquaza|10/100
|
|-weather|DeltaStream|[upkeep]
|-damage|p1a: 悬空羊驼|64/100 tox|[from] psn
|upkeep
|turn|22
|
|t:|1663035562
|move|p2a: Rayquaza|Dragon Ascent|p1a: 悬空羊驼
|-damage|p1a: 悬空羊驼|0 fnt
|-unboost|p2a: Rayquaza|def|1
|-unboost|p2a: Rayquaza|spd|1
|faint|p1a: 悬空羊驼
|
|-weather|DeltaStream|[upkeep]
|upkeep
|
|t:|1663035564
|switch|p1a: 老烈|Rayquaza, shiny|100/100
|-ability|p1a: 老烈|Air Lock
|turn|23
|
|t:|1663035567
|detailschange|p1a: 老烈|Rayquaza-Mega, shiny
|-mega|p1a: 老烈|Rayquaza|
|move|p2a: Rayquaza|Extreme Speed|p1a: 老烈
|-damage|p1a: 老烈|45/100
|move|p1a: 老烈|Dragon Dance|p1a: 老烈
|-boost|p1a: 老烈|atk|1
|-boost|p1a: 老烈|spe|1
|
|-weather|DeltaStream|[upkeep]
|upkeep
|turn|24
|
|t:|1663035572
|move|p2a: Rayquaza|Extreme Speed|p1a: 老烈
|-damage|p1a: 老烈|0 fnt
|faint|p1a: 老烈
|
|win|Log4j
|raw|CLEAR GEM清瑜's rating: 1903 &rarr; <strong>1885</strong><br />(-18 for losing)
|raw|Log4j's rating: 1941 &rarr; <strong>1959</strong><br />(+18 for winning)
