|j|☆KingLeonas
|j|‽hogwashimperial
|player|p1|KingLeonas|psychic-gen4|1416
|player|p2|hogwashimperial|swimmer-gen4|1472
|teamsize|p1|6
|teamsize|p2|6
|gametype|singles
|gen|8
|tier|[Gen 8] National Dex AG
|rated|
|clearpoke
|poke|p1|Togekiss, F|
|poke|p1|Quagsire, M|
|poke|p1|Mewtwo|
|poke|p1|Chansey, F|
|poke|p1|Dugtrio, M|
|poke|p1|Salamence, M|
|poke|p2|Rayquaza|
|poke|p2|Zacian-Crowned|
|poke|p2|Groudon|
|poke|p2|Smeargle, M|
|poke|p2|Necrozma-Dusk-Mane|
|poke|p2|Yveltal|
|rule|HP Percentage Mod: HP is shown in percentages
|rule|Endless Battle Clause: Forcing endless battles is banned
|teampreview
|
|start
|switch|p1a: Beatrice|Togekiss, F|100/100
|switch|p2a: Groudon|Groudon|100/100
|detailschange|p2a: Groudon|Groudon-Primal
|-primal|p2a: Groudon
|-weather|DesolateLand|[from] ability: Desolate Land|[of] p2a: Groudon
|turn|1
|inactive|Battle timer is ON: inactive players will automatically lose when time's up. (requested by KingLeonas)
|
|move|p1a: Beatrice|Nasty Plot|p1a: Beatrice
|-boost|p1a: Beatrice|spa|2
|move|p2a: Groudon|Stealth Rock|p1a: Beatrice
|-sidestart|p1: KingLeonas|move: Stealth Rock
|
|-weather|DesolateLand|[upkeep]
|upkeep
|turn|2
|
|move|p1a: Beatrice|Air Slash|p2a: Groudon
|-damage|p2a: Groudon|31/100
|cant|p2a: Groudon|flinch
|
|-weather|DesolateLand|[upkeep]
|upkeep
|turn|3
|
|-start|p1a: Beatrice|Dynamax
|-heal|p1a: Beatrice|100/100|[silent]
|move|p1a: Beatrice|Max Airstream|p2a: Groudon
|-crit|p2a: Groudon
|-damage|p2a: Groudon|0 fnt
|-boost|p1a: Beatrice|spe|1
|faint|p2a: Groudon
|-weather|none
|
|upkeep
|
|switch|p2a: Necrozma|Necrozma-Dusk-Mane|100/100
|turn|4
|
|move|p1a: Beatrice|Max Flare|p2a: Necrozma
|-supereffective|p2a: Necrozma
|-damage|p2a: Necrozma|0 fnt
|-weather|SunnyDay
|faint|p2a: Necrozma
|
|-weather|SunnyDay|[upkeep]
|upkeep
|
|switch|p2a: Smeargle|Smeargle, M|100/100
|turn|5
|
|move|p1a: Beatrice|Max Airstream|p2a: Smeargle
|-crit|p2a: Smeargle
|-enditem|p2a: Smeargle|Focus Sash
|-damage|p2a: Smeargle|1/100
|-boost|p1a: Beatrice|spe|1
|move|p2a: Smeargle|Spore|p1a: Beatrice
|-status|p1a: Beatrice|slp|[from] move: Spore
|
|-weather|SunnyDay|[upkeep]
|-ability|p2a: Smeargle|Moody|boost
|-boost|p2a: Smeargle|spe|2
|-unboost|p2a: Smeargle|atk|1
|-end|p1a: Beatrice|Dynamax
|-heal|p1a: Beatrice|100/100 slp|[silent]
|upkeep
|turn|6
|inactive|KingLeonas has 120 seconds left.
|
|cant|p1a: Beatrice|slp
|move|p2a: Smeargle|Shell Smash|p2a: Smeargle
|-unboost|p2a: Smeargle|def|1
|-unboost|p2a: Smeargle|spd|1
|-boost|p2a: Smeargle|atk|2
|-boost|p2a: Smeargle|spa|2
|-boost|p2a: Smeargle|spe|2
|
|-weather|SunnyDay|[upkeep]
|-ability|p2a: Smeargle|Moody|boost
|-boost|p2a: Smeargle|def|2
|-unboost|p2a: Smeargle|spd|1
|upkeep
|turn|7
|inactive|KingLeonas has 120 seconds left.
|
|move|p2a: Smeargle|Baton Pass|p2a: Smeargle
|
|switch|p2a: Yveltal|Yveltal|100/100|[from]move: Baton Pass
|-ability|p2a: Yveltal|Dark Aura
|-curestatus|p1a: Beatrice|slp|[msg]
|move|p1a: Beatrice|Flamethrower|p2a: Yveltal
|-damage|p2a: Yveltal|0 fnt
|faint|p2a: Yveltal
|
|-weather|SunnyDay|[upkeep]
|upkeep
|
|switch|p2a: Rayquaza|Rayquaza|100/100
|-ability|p2a: Rayquaza|Air Lock
|turn|8
|inactive|KingLeonas has 120 seconds left.
|
|detailschange|p2a: Rayquaza|Rayquaza-Mega
|-mega|p2a: Rayquaza|Rayquaza|
|-weather|DeltaStream|[from] ability: Delta Stream|[of] p2a: Rayquaza
|move|p1a: Beatrice|Air Slash|p2a: Rayquaza
|-crit|p2a: Rayquaza
|-damage|p2a: Rayquaza|0 fnt
|faint|p2a: Rayquaza
|-weather|none
|
|upkeep
|
|switch|p2a: Zacian|Zacian-Crowned|100/100
|-ability|p2a: Zacian|Intrepid Sword|boost
|-boost|p2a: Zacian|atk|1
|turn|9
|inactive|KingLeonas has 120 seconds left.
|
|move|p1a: Beatrice|Flamethrower|p2a: Zacian
|-supereffective|p2a: Zacian
|-damage|p2a: Zacian|0 fnt
|faint|p2a: Zacian
|
|upkeep
|-message|hogwashimperial forfeited.
|
|win|KingLeonas
|l|‽hogwashimperial
|raw|KingLeonas's rating: 1439 &rarr; <strong>1461</strong><br />(+22 for winning)
|raw|hogwashimperial's rating: 1472 &rarr; <strong>1450</strong><br />(-22 for losing)
