|j|☆shisky
|j|☆AweBanx
|t:|1661497273
|gametype|singles
|player|p1|shisky|102|1489
|player|p2|AweBanx|bugcatcher-gen4dp|1496
|teamsize|p1|6
|teamsize|p2|6
|gen|8
|tier|[Gen 8] National Dex AG
|rated|
|rule|HP Percentage Mod: HP is shown in percentages
|rule|Endless Battle Clause: Forcing endless battles is banned
|clearpoke
|poke|p1|Arceus-*|
|poke|p1|Arceus-*|
|poke|p1|Arceus-*|
|poke|p1|Rayquaza|
|poke|p1|Ditto|
|poke|p1|Arceus-*|
|poke|p2|Ditto|
|poke|p2|Zygarde|
|poke|p2|Kyogre|
|poke|p2|Zacian-*|
|poke|p2|Ho-Oh|
|poke|p2|Chansey, F|
|teampreview
|inactive|Battle timer is ON: inactive players will automatically lose when time's up. (requested by shisky)
|
|t:|1661497311
|start
|switch|p1a: Arceus|Arceus-Electric|100/100
|switch|p2a: Ditto|Ditto|100/100
|-transform|p2a: Ditto|p1a: Arceus|[from] ability: Imposter
|turn|1
|
|t:|1661497322
|-start|p1a: Arceus|Dynamax|
|-heal|p1a: Arceus|100/100|[silent]
|move|p2a: Ditto|Earth Power|p1a: Arceus
|-supereffective|p1a: Arceus
|-damage|p1a: Arceus|80/100
|move|p1a: Arceus|Max Quake|p2a: Ditto
|-supereffective|p2a: Ditto
|-damage|p2a: Ditto|18/100
|-boost|p1a: Arceus|spd|1
|
|upkeep
|turn|2
|
|t:|1661497334
|switch|p2a: Chansey|Chansey, F|100/100
|move|p1a: Arceus|Max Lightning|p2a: Chansey
|-damage|p2a: Chansey|77/100
|-fieldstart|move: Electric Terrain
|
|upkeep
|turn|3
|
|t:|1661497342
|move|p1a: Arceus|Max Lightning|p2a: Chansey
|-crit|p2a: Chansey
|-damage|p2a: Chansey|36/100
|move|p2a: Chansey|Seismic Toss|p1a: Arceus
|-damage|p1a: Arceus|67/100
|
|upkeep
|-end|p1a: Arceus|Dynamax
|-heal|p1a: Arceus|67/100|[silent]
|turn|4
|
|t:|1661497353
|move|p1a: Arceus|Calm Mind|p1a: Arceus
|-boost|p1a: Arceus|spa|1
|-boost|p1a: Arceus|spd|1
|move|p2a: Chansey|Soft-Boiled|p2a: Chansey
|-heal|p2a: Chansey|86/100
|
|upkeep
|turn|5
|
|t:|1661497361
|move|p1a: Arceus|Calm Mind|p1a: Arceus
|-boost|p1a: Arceus|spa|1
|-boost|p1a: Arceus|spd|1
|move|p2a: Chansey|Teleport|p2a: Chansey
|
|t:|1661497366
|switch|p2a: Zacian|Zacian-Crowned|100/100|[from]move: Teleport
|-ability|p2a: Zacian|Intrepid Sword|boost
|-boost|p2a: Zacian|atk|1
|
|upkeep
|turn|6
|
|t:|1661497372
|move|p2a: Zacian|Play Rough|p1a: Arceus
|-damage|p1a: Arceus|1/100
|move|p1a: Arceus|Judgment|p2a: Zacian
|-damage|p2a: Zacian|0 fnt
|faint|p2a: Zacian
|
|-fieldend|move: Electric Terrain
|upkeep
|
|t:|1661497382
|switch|p2a: Ditto|Ditto|18/100
|-transform|p2a: Ditto|p1a: Arceus|[from] ability: Imposter
|turn|7
|
|t:|1661497399
|move|p2a: Ditto|Ice Beam|p1a: Arceus
|-damage|p1a: Arceus|0 fnt
|faint|p1a: Arceus
|
|upkeep
|
|t:|1661497405
|switch|p1a: Rayquaza|Rayquaza|100/100
|-ability|p1a: Rayquaza|Air Lock
|turn|8
|
|t:|1661497411
|switch|p2a: Ho-Oh|Ho-Oh|100/100
|detailschange|p1a: Rayquaza|Rayquaza-Mega
|-mega|p1a: Rayquaza|Rayquaza|
|-weather|DeltaStream|[from] ability: Delta Stream|[of] p1a: Rayquaza
|move|p1a: Rayquaza|Extreme Speed|p2a: Ho-Oh
|-damage|p2a: Ho-Oh|68/100
|-damage|p1a: Rayquaza|91/100|[from] item: Life Orb
|
|-weather|DeltaStream|[upkeep]
|upkeep
|turn|9
|
|t:|1661497422
|-start|p2a: Ho-Oh|Dynamax|
|-heal|p2a: Ho-Oh|68/100|[silent]
|move|p1a: Rayquaza|Dragon Ascent|p2a: Ho-Oh
|-damage|p2a: Ho-Oh|31/100
|-unboost|p1a: Rayquaza|def|1
|-unboost|p1a: Rayquaza|spd|1
|-damage|p1a: Rayquaza|81/100|[from] item: Life Orb
|move|p2a: Ho-Oh|Max Airstream|p1a: Rayquaza
|-damage|p1a: Rayquaza|0 fnt
|-boost|p2a: Ho-Oh|spe|1
|faint|p1a: Rayquaza
|-weather|none
|
|upkeep
|
|t:|1661497440
|switch|p1a: Ditto|Ditto|100/100
|-transform|p1a: Ditto|p2a: Ho-Oh|[from] ability: Imposter
|turn|10
|
|t:|1661497452
|move|p2a: Ho-Oh|Max Guard|p2a: Ho-Oh
|-singleturn|p2a: Ho-Oh|Max Guard
|move|p1a: Ditto|Brave Bird|p2a: Ho-Oh
|-activate|p2a: Ho-Oh|move: Max Guard
|
|upkeep
|turn|11
|
|t:|1661497459
|switch|p1a: Arceus|Arceus-Fairy|100/100
|move|p2a: Ho-Oh|Max Airstream|p1a: Arceus
|-damage|p1a: Arceus|56/100
|-boost|p2a: Ho-Oh|spe|1
|
|upkeep
|-end|p2a: Ho-Oh|Dynamax
|-heal|p2a: Ho-Oh|31/100|[silent]
|turn|12
|
|t:|1661497473
|move|p2a: Ho-Oh|Roost|p2a: Ho-Oh
|-heal|p2a: Ho-Oh|81/100
|-singleturn|p2a: Ho-Oh|move: Roost
|move|p1a: Arceus|Stealth Rock|p2a: Ho-Oh
|-sidestart|p2: AweBanx|move: Stealth Rock
|
|upkeep
|turn|13
|
|t:|1661497481
|switch|p1a: Arceus|Arceus-Ground|100/100
|move|p2a: Ho-Oh|Sacred Fire|p1a: Arceus|[miss]
|-miss|p2a: Ho-Oh|p1a: Arceus
|
|upkeep
|turn|14
|
|t:|1661497488
|move|p2a: Ho-Oh|Sacred Fire|p1a: Arceus
|-damage|p1a: Arceus|66/100
|move|p1a: Arceus|Stone Edge|p2a: Ho-Oh
|-supereffective|p2a: Ho-Oh
|-damage|p2a: Ho-Oh|0 fnt
|faint|p2a: Ho-Oh
|
|upkeep
|
|t:|1661497496
|switch|p2a: Kyogre|Kyogre|100/100
|-damage|p2a: Kyogre|88/100|[from] Stealth Rock
|-weather|RainDance|[from] ability: Drizzle|[of] p2a: Kyogre
|turn|15
|
|t:|1661497510
|switch|p1a: Arceus|Arceus-Fairy|56/100
|move|p2a: Kyogre|Water Spout|p1a: Arceus
|-damage|p1a: Arceus|0 fnt
|faint|p1a: Arceus
|
|-weather|RainDance|[upkeep]
|upkeep
|
|t:|1661497525
|switch|p1a: Arceus|Arceus-Grass|100/100
|turn|16
|
|t:|1661497533
|switch|p2a: Chansey|Chansey, F|86/100
|-damage|p2a: Chansey|73/100|[from] Stealth Rock
|move|p1a: Arceus|Bullet Seed|p2a: Chansey
|-damage|p2a: Chansey|63/100
|-damage|p2a: Chansey|52/100
|-hitcount|p2a: Chansey|2
|
|-weather|RainDance|[upkeep]
|upkeep
|turn|17
|
|t:|1661497543
|move|p1a: Arceus|Swords Dance|p1a: Arceus
|-boost|p1a: Arceus|atk|2
|move|p2a: Chansey|Thunder Wave|p1a: Arceus
|-status|p1a: Arceus|par
|
|-weather|RainDance|[upkeep]
|upkeep
|turn|18
|
|t:|1661497551
|move|p1a: Arceus|Bullet Seed|p2a: Chansey
|-damage|p2a: Chansey|30/100
|-crit|p2a: Chansey
|-damage|p2a: Chansey|0 fnt
|faint|p2a: Chansey
|-hitcount|p2: Chansey|2
|
|-weather|RainDance|[upkeep]
|upkeep
|
|t:|1661497555
|switch|p2a: Kyogre|Kyogre|88/100
|-damage|p2a: Kyogre|76/100|[from] Stealth Rock
|turn|19
|
|t:|1661497564
|switch|p1a: Ditto|Ditto|100/100
|-transform|p1a: Ditto|p2a: Kyogre|[from] ability: Imposter
|move|p2a: Kyogre|Ice Beam|p1a: Ditto
|-resisted|p1a: Ditto
|-damage|p1a: Ditto|86/100
|
|-weather|none
|upkeep
|turn|20
|
|t:|1661497578
|switch|p2a: Zygarde|Zygarde|100/100
|-damage|p2a: Zygarde|94/100|[from] Stealth Rock
|move|p1a: Ditto|Water Spout|p2a: Zygarde
|-damage|p2a: Zygarde|36/100
|
|-heal|p2a: Zygarde|42/100|[from] item: Leftovers
|-activate|p2a: Zygarde|ability: Power Construct
|detailschange|p2a: Zygarde|Zygarde-Complete
|-heal|p2a: Zygarde|62/100|[silent]
|upkeep
|turn|21
|
|t:|1661497593
|move|p1a: Ditto|Water Spout|p2a: Zygarde
|-damage|p2a: Zygarde|22/100
|move|p2a: Zygarde|Glare|p1a: Ditto
|-status|p1a: Ditto|par
|
|-heal|p2a: Zygarde|28/100|[from] item: Leftovers
|upkeep
|turn|22
|
|t:|1661497603
|move|p1a: Ditto|Water Spout|p2a: Zygarde
|-damage|p2a: Zygarde|0 fnt
|faint|p2a: Zygarde
|
|upkeep
|
|t:|1661497607
|switch|p2a: Kyogre|Kyogre|76/100
|-damage|p2a: Kyogre|64/100|[from] Stealth Rock
|-weather|RainDance|[from] ability: Drizzle|[of] p2a: Kyogre
|turn|23
|
|t:|1661497622
|switch|p1a: Arceus|Arceus-Ground|66/100
|move|p2a: Kyogre|Origin Pulse|p1a: Arceus|[miss]
|-miss|p2a: Kyogre|p1a: Arceus
|
|-weather|RainDance|[upkeep]
|upkeep
|turn|24
|
|t:|1661497632
|switch|p1a: Ditto|Ditto|86/100 par
|-transform|p1a: Ditto|p2a: Kyogre|[from] ability: Imposter
|move|p2a: Kyogre|Origin Pulse|p1a: Ditto
|-resisted|p1a: Ditto
|-damage|p1a: Ditto|45/100 par
|
|-weather|RainDance|[upkeep]
|upkeep
|turn|25
|
|t:|1661497642
|move|p2a: Kyogre|Origin Pulse|p1a: Ditto|[miss]
|-miss|p2a: Kyogre|p1a: Ditto
|cant|p1a: Ditto|par
|
|-weather|RainDance|[upkeep]
|upkeep
|turn|26
|
|t:|1661497649
|move|p2a: Kyogre|Origin Pulse|p1a: Ditto
|-resisted|p1a: Ditto
|-damage|p1a: Ditto|6/100 par
|move|p1a: Ditto|Thunder|p2a: Kyogre
|-supereffective|p2a: Kyogre
|-damage|p2a: Kyogre|5/100
|-status|p2a: Kyogre|par
|
|-weather|RainDance|[upkeep]
|upkeep
|turn|27
|
|t:|1661497658
|move|p2a: Kyogre|Origin Pulse|p1a: Ditto
|-resisted|p1a: Ditto
|-damage|p1a: Ditto|0 fnt
|faint|p1a: Ditto
|
|-weather|none
|upkeep
|
|t:|1661497666
|switch|p1a: Arceus|Arceus-Ground|66/100
|turn|28
|
|t:|1661497673
|move|p1a: Arceus|Earthquake|p2a: Kyogre
|-damage|p2a: Kyogre|0 fnt
|faint|p2a: Kyogre
|
|upkeep
|
|t:|1661497675
|switch|p2a: Ditto|Ditto|18/100
|-damage|p2a: Ditto|5/100|[from] Stealth Rock
|-transform|p2a: Ditto|p1a: Arceus|[from] ability: Imposter
|turn|29
|
|t:|1661497683
|move|p2a: Ditto|Bullet Seed|p1a: Arceus
|-supereffective|p1a: Arceus
|-damage|p1a: Arceus|52/100
|-supereffective|p1a: Arceus
|-damage|p1a: Arceus|40/100
|-supereffective|p1a: Arceus
|-damage|p1a: Arceus|27/100
|-supereffective|p1a: Arceus
|-damage|p1a: Arceus|14/100
|-hitcount|p1a: Arceus|4
|-zpower|p1a: Arceus
|move|p1a: Arceus|Tectonic Rage|p2a: Ditto|[zeffect]
|-damage|p2a: Ditto|0 fnt
|faint|p2a: Ditto
|
|win|shisky
|raw|shisky's rating: 1489 &rarr; <strong>1509</strong><br />(+20 for winning)
|raw|AweBanx's rating: 1496 &rarr; <strong>1476</strong><br />(-20 for losing)
|l|☆AweBanx
