|j|☆cllout
|j|☆C0ld as Ice
|t:|1667948722
|gametype|singles
|player|p1|cllout|misty-lgpe|1707
|player|p2|C0ld as Ice|schoolkid-gen4dp|1911
|teamsize|p1|6
|teamsize|p2|6
|gen|8
|tier|[Gen 8] National Dex AG
|rated|
|rule|HP Percentage Mod: HP is shown in percentages
|rule|Endless Battle Clause: Forcing endless battles is banned
|clearpoke
|poke|p1|Rayquaza|
|poke|p1|Calyrex-Shadow|
|poke|p1|Necrozma-Dusk-Mane|
|poke|p1|Xerneas-*|
|poke|p1|Yveltal|
|poke|p1|Shaymin-Sky|
|poke|p2|Yveltal|
|poke|p2|Rayquaza|
|poke|p2|Arceus-*|
|poke|p2|Calyrex-Shadow|
|poke|p2|Donphan, M|
|poke|p2|Marshadow|
|teampreview
|inactive|Battle timer is ON: inactive players will automatically lose when time's up. (requested by cllout)
|inactive|C0ld as Ice also wants the timer to be on.
|
|t:|1667948735
|start
|switch|p1a: Yveltal|Yveltal, shiny|100/100
|switch|p2a: Calyrex|Calyrex-Shadow|100/100
|-ability|p2a: Calyrex|As One
|-ability|p2a: Calyrex|Unnerve
|-ability|p1a: Yveltal|Dark Aura
|turn|1
|
|t:|1667948747
|switch|p2a: Donphan|Donphan, M|100/100
|move|p1a: Yveltal|Knock Off|p2a: Donphan
|-damage|p2a: Donphan|58/100
|-enditem|p2a: Donphan|Custap Berry|[from] move: Knock Off|[of] p1a: Yveltal
|
|upkeep
|turn|2
|
|t:|1667948754
|move|p1a: Yveltal|Taunt|p2a: Donphan
|-start|p2a: Donphan|move: Taunt
|cant|p2a: Donphan|move: Taunt|Stealth Rock
|
|upkeep
|turn|3
|
|t:|1667948775
|move|p1a: Yveltal|Knock Off|p2a: Donphan
|-damage|p2a: Donphan|30/100
|move|p2a: Donphan|Endeavor|p1a: Yveltal
|-damage|p1a: Yveltal|27/100
|
|upkeep
|turn|4
|inactive|cllout has 120 seconds left.
|
|t:|1667948807
|move|p1a: Yveltal|Knock Off|p2a: Donphan
|-damage|p2a: Donphan|5/100
|move|p2a: Donphan|Rapid Spin|p1a: Yveltal
|-damage|p1a: Yveltal|14/100
|-boost|p2a: Donphan|spe|1
|
|-end|p2a: Donphan|move: Taunt
|upkeep
|turn|5
|inactive|cllout has 120 seconds left.
|inactive|C0ld as Ice has 120 seconds left.
|
|t:|1667948845
|move|p1a: Yveltal|Taunt|p2a: Donphan
|-start|p2a: Donphan|move: Taunt
|cant|p2a: Donphan|move: Taunt|Stealth Rock
|
|upkeep
|turn|6
|
|t:|1667948852
|move|p1a: Yveltal|Knock Off|p2a: Donphan
|-damage|p2a: Donphan|0 fnt
|faint|p2a: Donphan
|
|upkeep
|inactive|C0ld as Ice has 120 seconds left.
|inactive|C0ld as Ice has 90 seconds left.
|inactive|C0ld as Ice has 60 seconds left.
|
|t:|1667948923
|switch|p2a: Rayquaza|Rayquaza|100/100
|-ability|p2a: Rayquaza|Air Lock
|turn|7
|inactive|cllout has 120 seconds left.
|
|t:|1667948969
|detailschange|p2a: Rayquaza|Rayquaza-Mega
|-mega|p2a: Rayquaza|Rayquaza|
|-weather|DeltaStream|[from] ability: Delta Stream|[of] p2a: Rayquaza
|move|p2a: Rayquaza|Extreme Speed|p1a: Yveltal
|-damage|p1a: Yveltal|0 fnt
|faint|p1a: Yveltal
|-damage|p2a: Rayquaza|91/100|[from] item: Life Orb
|
|-weather|DeltaStream|[upkeep]
|upkeep
|
|t:|1667948976
|switch|p1a: Necrozma|Necrozma-Dusk-Mane|100/100
|turn|8
|
|t:|1667948982
|move|p2a: Rayquaza|Dragon Dance|p2a: Rayquaza
|-boost|p2a: Rayquaza|atk|1
|-boost|p2a: Rayquaza|spe|1
|move|p1a: Necrozma|Stealth Rock|p2a: Rayquaza
|-sidestart|p2: C0ld as Ice|move: Stealth Rock
|
|-weather|DeltaStream|[upkeep]
|upkeep
|turn|9
|
|t:|1667948988
|move|p2a: Rayquaza|V-create|p1a: Necrozma
|-supereffective|p1a: Necrozma
|-damage|p1a: Necrozma|0 fnt
|-unboost|p2a: Rayquaza|spe|1
|-unboost|p2a: Rayquaza|def|1
|-unboost|p2a: Rayquaza|spd|1
|-damage|p2a: Rayquaza|74/100|[from] item: Rocky Helmet|[of] p1a: Necrozma
|faint|p1a: Necrozma
|-damage|p2a: Rayquaza|64/100|[from] item: Life Orb
|
|-weather|DeltaStream|[upkeep]
|upkeep
|
|t:|1667949004
|switch|p1a: Calyrex|Calyrex-Shadow|100/100
|-ability|p1a: Calyrex|As One
|-ability|p1a: Calyrex|Unnerve
|turn|10
|
|t:|1667949010
|-weather|none
|switch|p2a: Arceus|Arceus|100/100
|-damage|p2a: Arceus|88/100|[from] Stealth Rock
|move|p1a: Calyrex|Astral Barrage|p2a: Arceus
|-immune|p2a: Arceus
|
|upkeep
|turn|11
|inactive|C0ld as Ice has 90 seconds left.
|
|t:|1667949033
|move|p1a: Calyrex|Taunt|p2a: Arceus
|-start|p2a: Arceus|move: Taunt
|move|p2a: Arceus|Shadow Claw|p1a: Calyrex
|-supereffective|p1a: Calyrex
|-enditem|p1a: Calyrex|Focus Sash
|-damage|p1a: Calyrex|1/100
|
|upkeep
|turn|12
|
|t:|1667949050
|switch|p1a: Xerneas|Xerneas|100/100
|-ability|p1a: Xerneas|Fairy Aura
|move|p2a: Arceus|Shadow Claw|p1a: Xerneas
|-damage|p1a: Xerneas|78/100
|
|upkeep
|turn|13
|inactive|C0ld as Ice has 90 seconds left.
|j| rowletroost
|
|t:|1667949079
|-start|p2a: Arceus|Dynamax|
|-heal|p2a: Arceus|88/100|[silent]
|move|p2a: Arceus|Max Strike|p1a: Xerneas
|-damage|p1a: Xerneas|11/100
|-unboost|p1a: Xerneas|spe|1
|move|p1a: Xerneas|Geomancy||[still]
|-prepare|p1a: Xerneas|Geomancy
|-enditem|p1a: Xerneas|Power Herb
|-anim|p1a: Xerneas|Geomancy|p1a: Xerneas
|-boost|p1a: Xerneas|spa|2
|-boost|p1a: Xerneas|spd|2
|-boost|p1a: Xerneas|spe|2
|
|-end|p2a: Arceus|move: Taunt
|upkeep
|turn|14
|inactive|C0ld as Ice has 90 seconds left.
|
|t:|1667949106
|-end|p2a: Arceus|Dynamax
|-heal|p2a: Arceus|88/100|[silent]
|switch|p2a: Calyrex|Calyrex-Shadow|100/100
|-ability|p2a: Calyrex|As One
|-ability|p2a: Calyrex|Unnerve
|-damage|p2a: Calyrex|88/100|[from] Stealth Rock
|move|p1a: Xerneas|Moonblast|p2a: Calyrex
|-damage|p2a: Calyrex|0 fnt
|faint|p2a: Calyrex
|
|upkeep
|inactive|C0ld as Ice has 60 seconds left.
|
|t:|1667949131
|switch|p2a: Marshadow|Marshadow|100/100
|-damage|p2a: Marshadow|94/100|[from] Stealth Rock
|turn|15
|inactive|cllout has 90 seconds left.
|
|t:|1667949153
|move|p2a: Marshadow|Shadow Sneak|p1a: Xerneas
|-damage|p1a: Xerneas|0 fnt
|faint|p1a: Xerneas
|-damage|p2a: Marshadow|84/100|[from] item: Life Orb
|
|upkeep
|inactive|cllout has 90 seconds left.
|
|t:|1667949160
|switch|p1a: Rayquaza|Rayquaza|100/100
|-ability|p1a: Rayquaza|Air Lock
|turn|16
|inactive|cllout has 90 seconds left.
|
|t:|1667949178
|switch|p2a: Rayquaza|Rayquaza-Mega|64/100
|-damage|p2a: Rayquaza|39/100|[from] Stealth Rock
|-weather|DeltaStream|[from] ability: Delta Stream|[of] p2a: Rayquaza
|detailschange|p1a: Rayquaza|Rayquaza-Mega
|-mega|p1a: Rayquaza|Rayquaza|
|move|p1a: Rayquaza|Dragon Dance|p1a: Rayquaza
|-boost|p1a: Rayquaza|atk|1
|-boost|p1a: Rayquaza|spe|1
|
|-weather|DeltaStream|[upkeep]
|upkeep
|turn|17
|
|t:|1667949182
|move|p1a: Rayquaza|Extreme Speed|p2a: Rayquaza
|-damage|p2a: Rayquaza|0 fnt
|faint|p2a: Rayquaza
|-damage|p1a: Rayquaza|91/100|[from] item: Life Orb
|
|-weather|DeltaStream|[upkeep]
|upkeep
|
|t:|1667949201
|switch|p2a: Yveltal|Yveltal|100/100
|-damage|p2a: Yveltal|76/100|[from] Stealth Rock
|-ability|p2a: Yveltal|Dark Aura
|turn|18
|
|t:|1667949215
|move|p1a: Rayquaza|Dragon Ascent|p2a: Yveltal
|-damage|p2a: Yveltal|0 fnt
|-unboost|p1a: Rayquaza|def|1
|-unboost|p1a: Rayquaza|spd|1
|faint|p2a: Yveltal
|-damage|p1a: Rayquaza|81/100|[from] item: Life Orb
|
|-weather|DeltaStream|[upkeep]
|upkeep
|
|t:|1667949228
|switch|p2a: Marshadow|Marshadow|84/100
|-damage|p2a: Marshadow|78/100|[from] Stealth Rock
|turn|19
|
|t:|1667949235
|move|p2a: Marshadow|Shadow Sneak|p1a: Rayquaza
|-damage|p1a: Rayquaza|20/100
|-damage|p2a: Marshadow|68/100|[from] item: Life Orb
|move|p1a: Rayquaza|Earthquake|p2a: Marshadow
|-damage|p2a: Marshadow|0 fnt
|faint|p2a: Marshadow
|-damage|p1a: Rayquaza|10/100|[from] item: Life Orb
|
|-weather|DeltaStream|[upkeep]
|upkeep
|
|t:|1667949238
|switch|p2a: Arceus|Arceus|88/100
|-damage|p2a: Arceus|76/100|[from] Stealth Rock
|turn|20
|
|t:|1667949246
|move|p1a: Rayquaza|Extreme Speed|p2a: Arceus
|-damage|p2a: Arceus|18/100
|-damage|p1a: Rayquaza|0 fnt|[from] item: Life Orb
|faint|p1a: Rayquaza
|-weather|none
|move|p2a: Arceus|Swords Dance|p2a: Arceus
|-boost|p2a: Arceus|atk|2
|
|upkeep
|inactive|cllout has 120 seconds left.
|
|t:|1667949274
|switch|p1a: Calyrex|Calyrex-Shadow|1/100
|-ability|p1a: Calyrex|As One
|-ability|p1a: Calyrex|Unnerve
|turn|21
|inactive|C0ld as Ice has 90 seconds left.
|
|t:|1667949317
|-start|p1a: Calyrex|Dynamax|
|-heal|p1a: Calyrex|1/100|[silent]
|move|p1a: Calyrex|Max Starfall|p2a: Arceus
|-damage|p2a: Arceus|0 fnt
|-fieldstart|move: Misty Terrain
|faint|p2a: Arceus
|
|win|cllout
|raw|cllout's rating: 1707 &rarr; <strong>1738</strong><br />(+31 for winning)
|raw|C0ld as Ice's rating: 1925 &rarr; <strong>1894</strong><br />(-31 for losing)
||Ladder isn't responding, score probably updated but might not have (Request timeout).
