|j|☆dividing by 0
|j|☆flygoner818
|t:|1662507871
|gametype|singles
|player|p1|dividing by 0|pokemaniac|1687
|player|p2|flygoner818|richboy|1565
|teamsize|p1|6
|teamsize|p2|6
|gen|8
|tier|[Gen 8] National Dex AG
|rated|
|rule|HP Percentage Mod: HP is shown in percentages
|rule|Endless Battle Clause: Forcing endless battles is banned
|clearpoke
|poke|p1|Arceus-*|
|poke|p1|Giratina|
|poke|p1|Chansey, F|
|poke|p1|Lugia|
|poke|p1|Sableye, F|
|poke|p1|Quagsire, M|
|poke|p2|Arceus-*|
|poke|p2|Arceus-*|
|poke|p2|Arceus-*|
|poke|p2|Arceus-*|
|poke|p2|Arceus-*|
|poke|p2|Arceus-*|
|teampreview
|
|t:|1662507883
|start
|switch|p1a: Sableye|Sableye, F|100/100
|switch|p2a: Pure in Heart|Arceus|100/100
|turn|1
|
|t:|1662507892
|detailschange|p1a: Sableye|Sableye-Mega, F
|-mega|p1a: Sableye|Sableye|Sablenite
|move|p1a: Sableye|Fake Out|p2a: Pure in Heart
|-damage|p2a: Pure in Heart|94/100
|cant|p2a: Pure in Heart|flinch
|
|upkeep
|turn|2
|
|t:|1662507896
|move|p2a: Pure in Heart|Swords Dance|p2a: Pure in Heart
|-boost|p2a: Pure in Heart|atk|2
|move|p1a: Sableye|Toxic|p2a: Pure in Heart
|-status|p2a: Pure in Heart|tox
|
|-damage|p2a: Pure in Heart|88/100 tox|[from] psn
|upkeep
|turn|3
|
|t:|1662507901
|switch|p1a: Quagsire|Quagsire, M|100/100
|move|p2a: Pure in Heart|Earthquake|p1a: Quagsire
|-damage|p1a: Quagsire|74/100
|
|-damage|p2a: Pure in Heart|76/100 tox|[from] psn
|upkeep
|turn|4
|
|t:|1662507904
|-zpower|p2a: Pure in Heart
|move|p2a: Pure in Heart|Breakneck Blitz|p1a: Quagsire|[zeffect]
|-damage|p1a: Quagsire|2/100
|move|p1a: Quagsire|Recover|p1a: Quagsire
|-heal|p1a: Quagsire|52/100
|
|-damage|p2a: Pure in Heart|58/100 tox|[from] psn
|upkeep
|turn|5
|
|t:|1662507909
|move|p2a: Pure in Heart|Extreme Speed|p1a: Quagsire
|-damage|p1a: Quagsire|24/100
|-damage|p2a: Pure in Heart|42/100 tox|[from] item: Rocky Helmet|[of] p1a: Quagsire
|move|p1a: Quagsire|Recover|p1a: Quagsire
|-heal|p1a: Quagsire|74/100
|
|-damage|p2a: Pure in Heart|17/100 tox|[from] psn
|upkeep
|turn|6
|
|t:|1662507911
|move|p2a: Pure in Heart|Last Resort|p1a: Quagsire
|-damage|p1a: Quagsire|17/100
|-damage|p2a: Pure in Heart|1/100 tox|[from] item: Rocky Helmet|[of] p1a: Quagsire
|move|p1a: Quagsire|Recover|p1a: Quagsire
|-heal|p1a: Quagsire|67/100
|
|-damage|p2a: Pure in Heart|0 fnt|[from] psn
|faint|p2a: Pure in Heart
|upkeep
|
|t:|1662507921
|switch|p2a: Poor in Spirit|Arceus|100/100
|turn|7
|
|t:|1662507924
|move|p2a: Poor in Spirit|Trick|p1a: Quagsire
|-activate|p2a: Poor in Spirit|move: Trick|[of] p1a: Quagsire
|-item|p1a: Quagsire|Choice Scarf|[from] move: Trick
|-item|p2a: Poor in Spirit|Rocky Helmet|[from] move: Trick
|move|p1a: Quagsire|Recover|p1a: Quagsire
|-heal|p1a: Quagsire|100/100
|
|upkeep
|turn|8
|
|t:|1662507933
|switch|p1a: Giratina|Giratina|100/100
|-ability|p1a: Giratina|Pressure
|move|p2a: Poor in Spirit|Swords Dance|p2a: Poor in Spirit
|-boost|p2a: Poor in Spirit|atk|2
|
|upkeep
|turn|9
|
|t:|1662507940
|-start|p2a: Poor in Spirit|Dynamax|
|-heal|p2a: Poor in Spirit|100/100|[silent]
|move|p2a: Poor in Spirit|Max Phantasm|p1a: Giratina
|-supereffective|p1a: Giratina
|-damage|p1a: Giratina|4/100
|-unboost|p1a: Giratina|def|1
|move|p1a: Giratina|Will-O-Wisp|p2a: Poor in Spirit
|-status|p2a: Poor in Spirit|brn
|
|-heal|p1a: Giratina|11/100|[from] item: Leftovers
|-damage|p2a: Poor in Spirit|97/100 brn|[from] brn
|upkeep
|turn|10
|
|t:|1662507946
|switch|p1a: Quagsire|Quagsire, M|100/100
|move|p2a: Poor in Spirit|Max Strike|p1a: Quagsire
|-damage|p1a: Quagsire|76/100
|-unboost|p1a: Quagsire|spe|1
|
|-damage|p2a: Poor in Spirit|94/100 brn|[from] brn
|upkeep
|turn|11
|
|t:|1662507950
|move|p2a: Poor in Spirit|Max Strike|p1a: Quagsire
|-damage|p1a: Quagsire|50/100
|-unboost|p1a: Quagsire|spe|1
|move|p1a: Quagsire|Recover|p1a: Quagsire
|-heal|p1a: Quagsire|99/100
|
|-damage|p2a: Poor in Spirit|91/100 brn|[from] brn
|upkeep
|-end|p2a: Poor in Spirit|Dynamax
|-heal|p2a: Poor in Spirit|91/100 brn|[silent]
|turn|12
|
|t:|1662507961
|switch|p1a: Sableye|Sableye-Mega, F|100/100
|move|p2a: Poor in Spirit|Shadow Force||[still]
|-prepare|p2a: Poor in Spirit|Shadow Force
|
|-damage|p2a: Poor in Spirit|85/100 brn|[from] brn
|upkeep
|turn|13
|
|t:|1662507970
|switch|p1a: Chansey|Chansey, F|100/100
|move|p2a: Poor in Spirit|Shadow Force|p1a: Chansey|[from]lockedmove
|-immune|p1a: Chansey
|
|-damage|p2a: Poor in Spirit|79/100 brn|[from] brn
|upkeep
|turn|14
|
|t:|1662507979
|switch|p1a: Quagsire|Quagsire, M|99/100
|move|p2a: Poor in Spirit|Swords Dance|p2a: Poor in Spirit
|-boost|p2a: Poor in Spirit|atk|2
|
|-damage|p2a: Poor in Spirit|73/100 brn|[from] brn
|upkeep
|turn|15
|
|t:|1662507984
|move|p2a: Poor in Spirit|Extreme Speed|p1a: Quagsire
|-damage|p1a: Quagsire|85/100
|move|p1a: Quagsire|Haze|p1a: Quagsire
|-clearallboost
|
|-damage|p2a: Poor in Spirit|67/100 brn|[from] brn
|upkeep
|turn|16
|
|t:|1662507990
|switch|p1a: Sableye|Sableye-Mega, F|100/100
|move|p2a: Poor in Spirit|Extreme Speed|p1a: Sableye
|-immune|p1a: Sableye
|
|-damage|p2a: Poor in Spirit|61/100 brn|[from] brn
|upkeep
|turn|17
|
|t:|1662507997
|move|p1a: Sableye|Fake Out|p2a: Poor in Spirit
|-damage|p2a: Poor in Spirit|55/100 brn
|-damage|p1a: Sableye|84/100|[from] item: Rocky Helmet|[of] p2a: Poor in Spirit
|cant|p2a: Poor in Spirit|flinch
|
|-damage|p2a: Poor in Spirit|49/100 brn|[from] brn
|upkeep
|turn|18
|
|t:|1662508002
|move|p2a: Poor in Spirit|Swords Dance|p2a: Poor in Spirit
|-boost|p2a: Poor in Spirit|atk|2
|move|p1a: Sableye|Recover|p1a: Sableye
|-heal|p1a: Sableye|100/100
|
|-damage|p2a: Poor in Spirit|43/100 brn|[from] brn
|upkeep
|turn|19
|
|t:|1662508008
|move|p2a: Poor in Spirit|Swords Dance|p2a: Poor in Spirit
|-boost|p2a: Poor in Spirit|atk|2
|move|p1a: Sableye|Foul Play|p2a: Poor in Spirit
|-damage|p2a: Poor in Spirit|0 fnt
|-damage|p1a: Sableye|84/100|[from] item: Rocky Helmet|[of] p2a: Poor in Spirit
|faint|p2a: Poor in Spirit
|
|upkeep
|
|t:|1662508018
|switch|p2a: Meek|Arceus|100/100
|turn|20
|
|t:|1662508022
|switch|p1a: Giratina|Giratina|11/100
|-ability|p1a: Giratina|Pressure
|move|p2a: Meek|Substitute|p2a: Meek
|-start|p2a: Meek|Substitute
|-damage|p2a: Meek|76/100
|
|-heal|p2a: Meek|82/100|[from] item: Leftovers
|-heal|p1a: Giratina|17/100|[from] item: Leftovers
|upkeep
|turn|21
|
|t:|1662508033
|switch|p1a: Lugia|Lugia|100/100
|move|p2a: Meek|Swords Dance|p2a: Meek
|-boost|p2a: Meek|atk|2
|
|-heal|p2a: Meek|88/100|[from] item: Leftovers
|upkeep
|turn|22
|
|t:|1662508061
|move|p2a: Meek|Extreme Speed|p1a: Lugia
|-damage|p1a: Lugia|80/100
|move|p1a: Lugia|Whirlwind|p2a: Meek
|drag|p2a: Hunger & Thirst|Arceus|100/100
|
|upkeep
|turn|23
|
|t:|1662508074
|move|p2a: Hunger & Thirst|Stealth Rock|p1a: Lugia
|-sidestart|p1: dividing by 0|move: Stealth Rock
|move|p1a: Lugia|Roost|p1a: Lugia
|-heal|p1a: Lugia|100/100
|-singleturn|p1a: Lugia|move: Roost
|
|upkeep
|turn|24
|
|t:|1662508078
|switch|p1a: Giratina|Giratina|17/100
|-damage|p1a: Giratina|4/100|[from] Stealth Rock
|-ability|p1a: Giratina|Pressure
|move|p2a: Hunger & Thirst|Swords Dance|p2a: Hunger & Thirst
|-boost|p2a: Hunger & Thirst|atk|2
|
|-heal|p1a: Giratina|10/100|[from] item: Leftovers
|upkeep
|turn|25
|
|t:|1662508080
|move|p2a: Hunger & Thirst|Earthquake|p1a: Giratina
|-damage|p1a: Giratina|0 fnt
|faint|p1a: Giratina
|
|upkeep
|
|t:|1662508090
|switch|p1a: Quagsire|Quagsire, M|85/100
|-damage|p1a: Quagsire|79/100|[from] Stealth Rock
|turn|26
|
|t:|1662508096
|move|p2a: Hunger & Thirst|Swords Dance|p2a: Hunger & Thirst
|-boost|p2a: Hunger & Thirst|atk|2
|move|p1a: Quagsire|Toxic|p2a: Hunger & Thirst
|-status|p2a: Hunger & Thirst|tox
|
|-damage|p2a: Hunger & Thirst|94/100 tox|[from] psn
|upkeep
|turn|27
|
|t:|1662508102
|switch|p1a: Lugia|Lugia|100/100
|move|p2a: Hunger & Thirst|Extreme Speed|p1a: Lugia
|-damage|p1a: Lugia|70/100
|
|-damage|p2a: Hunger & Thirst|82/100 tox|[from] psn
|upkeep
|turn|28
|
|t:|1662508108
|switch|p1a: Quagsire|Quagsire, M|79/100
|-damage|p1a: Quagsire|73/100|[from] Stealth Rock
|move|p2a: Hunger & Thirst|Extreme Speed|p1a: Quagsire
|-damage|p1a: Quagsire|40/100
|
|-damage|p2a: Hunger & Thirst|64/100 tox|[from] psn
|upkeep
|turn|29
|
|t:|1662508119
|switch|p2a: Meek|Arceus|88/100
|move|p1a: Quagsire|Recover|p1a: Quagsire
|-heal|p1a: Quagsire|90/100
|
|-heal|p2a: Meek|94/100|[from] item: Leftovers
|upkeep
|turn|30
|
|t:|1662508123
|switch|p1a: Lugia|Lugia|70/100
|move|p2a: Meek|Substitute|p2a: Meek
|-start|p2a: Meek|Substitute
|-damage|p2a: Meek|69/100
|
|-heal|p2a: Meek|75/100|[from] item: Leftovers
|upkeep
|turn|31
|
|t:|1662508126
|move|p2a: Meek|Shadow Force||[still]
|-prepare|p2a: Meek|Shadow Force
|move|p1a: Lugia|Roost|p1a: Lugia
|-heal|p1a: Lugia|100/100
|-singleturn|p1a: Lugia|move: Roost
|
|-heal|p2a: Meek|81/100|[from] item: Leftovers
|upkeep
|turn|32
|
|t:|1662508133
|switch|p1a: Arceus|Arceus-Dark|100/100
|-damage|p1a: Arceus|88/100|[from] Stealth Rock
|move|p2a: Meek|Shadow Force|p1a: Arceus|[from]lockedmove
|-resisted|p1a: Arceus
|-damage|p1a: Arceus|77/100
|
|-heal|p2a: Meek|87/100|[from] item: Leftovers
|upkeep
|turn|33
|
|t:|1662508137
|move|p1a: Arceus|Judgment|p2a: Meek
|-end|p2a: Meek|Substitute
|move|p2a: Meek|Swords Dance|p2a: Meek
|-boost|p2a: Meek|atk|2
|
|-heal|p2a: Meek|93/100|[from] item: Leftovers
|upkeep
|turn|34
|
|t:|1662508146
|switch|p1a: Lugia|Lugia|100/100
|move|p2a: Meek|Extreme Speed|p1a: Lugia
|-damage|p1a: Lugia|80/100
|
|-heal|p2a: Meek|99/100|[from] item: Leftovers
|upkeep
|turn|35
|
|t:|1662508150
|move|p2a: Meek|Extreme Speed|p1a: Lugia
|-damage|p1a: Lugia|35/100
|move|p1a: Lugia|Toxic|p2a: Meek
|-status|p2a: Meek|tox
|
|-heal|p2a: Meek|100/100 tox|[from] item: Leftovers
|-damage|p2a: Meek|94/100 tox|[from] psn
|upkeep
|turn|36
|j| Jelly cookie
|
|t:|1662508156
|switch|p1a: Quagsire|Quagsire, M|90/100
|-damage|p1a: Quagsire|84/100|[from] Stealth Rock
|move|p2a: Meek|Extreme Speed|p1a: Quagsire
|-damage|p1a: Quagsire|54/100
|
|-heal|p2a: Meek|100/100 tox|[from] item: Leftovers
|-damage|p2a: Meek|88/100 tox|[from] psn
|upkeep
|turn|37
|c|☆flygoner818|did i beat you earlier today?
|c|☆dividing by 0|nah
|c|☆flygoner818|ok
|c|☆flygoner818|played a similar team then
|
|t:|1662508191
|move|p2a: Meek|Extreme Speed|p1a: Quagsire
|-damage|p1a: Quagsire|22/100
|move|p1a: Quagsire|Recover|p1a: Quagsire
|-heal|p1a: Quagsire|72/100
|
|-heal|p2a: Meek|94/100 tox|[from] item: Leftovers
|-damage|p2a: Meek|76/100 tox|[from] psn
|upkeep
|turn|38
|
|t:|1662508195
|switch|p2a: Those Who Mourn|Arceus|100/100
|move|p1a: Quagsire|Recover|p1a: Quagsire
|-heal|p1a: Quagsire|100/100
|
|upkeep
|turn|39
|c|☆dividing by 0|there are only so many ag stall mons
|
|t:|1662508203
|switch|p1a: Sableye|Sableye-Mega, F|84/100
|-damage|p1a: Sableye|72/100|[from] Stealth Rock
|move|p2a: Those Who Mourn|Swords Dance|p2a: Those Who Mourn
|-boost|p2a: Those Who Mourn|atk|2
|
|upkeep
|turn|40
|
|t:|1662508211
|move|p1a: Sableye|Fake Out|p2a: Those Who Mourn
|-damage|p2a: Those Who Mourn|95/100
|cant|p2a: Those Who Mourn|flinch
|
|upkeep
|turn|41
|
|t:|1662508214
|move|p2a: Those Who Mourn|Earthquake|p1a: Sableye
|-damage|p1a: Sableye|23/100
|move|p1a: Sableye|Foul Play|p2a: Those Who Mourn
|-damage|p2a: Those Who Mourn|22/100
|
|upkeep
|turn|42
|
|t:|1662508227
|switch|p1a: Lugia|Lugia|35/100
|move|p2a: Those Who Mourn|Earthquake|p1a: Lugia
|-immune|p1a: Lugia
|
|upkeep
|turn|43
|
|t:|1662508231
|move|p2a: Those Who Mourn|Extreme Speed|p1a: Lugia
|-damage|p1a: Lugia|0 fnt
|faint|p1a: Lugia
|
|upkeep
|
|t:|1662508236
|switch|p1a: Sableye|Sableye-Mega, F|23/100
|-damage|p1a: Sableye|10/100|[from] Stealth Rock
|turn|44
|
|t:|1662508240
|move|p1a: Sableye|Fake Out|p2a: Those Who Mourn
|-damage|p2a: Those Who Mourn|16/100
|cant|p2a: Those Who Mourn|flinch
|
|upkeep
|turn|45
|
|t:|1662508245
|switch|p1a: Quagsire|Quagsire, M|100/100
|-damage|p1a: Quagsire|94/100|[from] Stealth Rock
|move|p2a: Those Who Mourn|Extreme Speed|p1a: Quagsire
|-damage|p1a: Quagsire|63/100
|
|upkeep
|turn|46
|
|t:|1662508258
|move|p2a: Those Who Mourn|Perish Song|p2a: Those Who Mourn
|-start|p1a: Quagsire|perish3|[silent]
|-start|p2a: Those Who Mourn|perish3|[silent]
|-fieldactivate|move: Perish Song
|move|p1a: Quagsire|Toxic|p2a: Those Who Mourn
|-status|p2a: Those Who Mourn|tox
|
|-damage|p2a: Those Who Mourn|10/100 tox|[from] psn
|-start|p2a: Those Who Mourn|perish3
|-start|p1a: Quagsire|perish3
|upkeep
|turn|47
|
|t:|1662508266
|switch|p1a: Sableye|Sableye-Mega, F|10/100
|-damage|p1a: Sableye|0 fnt|[from] Stealth Rock
|faint|p1a: Sableye
|move|p2a: Those Who Mourn|Perish Song||[still]
|-fail|p2a: Those Who Mourn
|
|-damage|p2a: Those Who Mourn|0 fnt|[from] psn
|faint|p2a: Those Who Mourn
|upkeep
|
|t:|1662508276
|switch|p2a: Merciful|Arceus|100/100
|switch|p1a: Arceus|Arceus-Dark|77/100
|-damage|p1a: Arceus|65/100|[from] Stealth Rock
|turn|48
|
|t:|1662508279
|move|p1a: Arceus|Whirlpool|p2a: Merciful|[miss]
|-miss|p1a: Arceus|p2a: Merciful
|move|p2a: Merciful|Swords Dance|p2a: Merciful
|-boost|p2a: Merciful|atk|2
|
|upkeep
|turn|49
|
|t:|1662508285
|move|p2a: Merciful|Extreme Speed|p1a: Arceus
|-damage|p1a: Arceus|17/100
|move|p1a: Arceus|Perish Song|p1a: Arceus
|-start|p1a: Arceus|perish3|[silent]
|-start|p2a: Merciful|perish3|[silent]
|-fieldactivate|move: Perish Song
|
|-start|p1a: Arceus|perish3
|-start|p2a: Merciful|perish3
|upkeep
|turn|50
|
|t:|1662508290
|switch|p1a: Quagsire|Quagsire, M|63/100
|-damage|p1a: Quagsire|57/100|[from] Stealth Rock
|move|p2a: Merciful|Extreme Speed|p1a: Quagsire
|-damage|p1a: Quagsire|27/100
|
|-start|p2a: Merciful|perish2
|upkeep
|turn|51
|
|t:|1662508293
|move|p2a: Merciful|Extreme Speed|p1a: Quagsire
|-damage|p1a: Quagsire|0 fnt
|faint|p1a: Quagsire
|
|-start|p2a: Merciful|perish1
|upkeep
|
|t:|1662508297
|switch|p1a: Chansey|Chansey, F|100/100
|-damage|p1a: Chansey|88/100|[from] Stealth Rock
|turn|52
|
|t:|1662508303
|switch|p2a: Hunger & Thirst|Arceus|64/100 tox
|move|p1a: Chansey|Teleport|p1a: Chansey
|
|t:|1662508306
|switch|p1a: Arceus|Arceus-Dark|17/100|[from]move: Teleport
|-damage|p1a: Arceus|4/100|[from] Stealth Rock
|
|-damage|p2a: Hunger & Thirst|58/100 tox|[from] psn
|upkeep
|turn|53
|
|t:|1662508309
|move|p2a: Hunger & Thirst|Extreme Speed|p1a: Arceus
|-damage|p1a: Arceus|0 fnt
|faint|p1a: Arceus
|
|-damage|p2a: Hunger & Thirst|45/100 tox|[from] psn
|upkeep
|-message|dividing by 0 forfeited.
|
|win|flygoner818
|raw|dividing by 0's rating: 1687 &rarr; <strong>1660</strong><br />(-27 for losing)
|raw|flygoner818's rating: 1565 &rarr; <strong>1592</strong><br />(+27 for winning)
|l|☆dividing by 0
|l| Jelly cookie
