|j|☆eXe Phantomz
|j|☆Kenesitto
|t:|1631629278
|gametype|singles
|player|p1|eXe Phantomz|101|1369
|player|p2|Kenesitto|red|1415
|teamsize|p1|6
|teamsize|p2|6
|gen|8
|tier|[Gen 8] National Dex AG
|rated|
|rule|HP Percentage Mod: HP is shown in percentages
|rule|Endless Battle Clause: Forcing endless battles is banned
|clearpoke
|poke|p1|Rayquaza|
|poke|p1|Zacian-*|
|poke|p1|Kyogre|
|poke|p1|Blaziken, F|
|poke|p1|Arceus-*|
|poke|p1|Ferrothorn, F|
|poke|p2|Necrozma-Dawn-Wings|
|poke|p2|Marshadow|
|poke|p2|Arceus-*|
|poke|p2|Calyrex-Shadow|
|poke|p2|Eternatus|
|poke|p2|Zacian-*|
|teampreview
|
|t:|1631629285
|start
|switch|p1a: Arceus|Arceus-Ghost|100/100
|switch|p2a: Bidóof|Arceus-Ground|100/100
|turn|1
|
|t:|1631629292
|move|p1a: Arceus|Swords Dance|p1a: Arceus
|-boost|p1a: Arceus|atk|2
|move|p2a: Bidóof|Judgment|p1a: Arceus
|-damage|p1a: Arceus|54/100
|
|upkeep
|turn|2
|
|t:|1631629308
|move|p1a: Arceus|Extreme Speed|p2a: Bidóof
|-damage|p2a: Bidóof|66/100
|move|p2a: Bidóof|Stealth Rock|p1a: Arceus
|-sidestart|p1: eXe Phantomz|move: Stealth Rock
|
|upkeep
|turn|3
|
|t:|1631629316
|-start|p1a: Arceus|Dynamax
|-heal|p1a: Arceus|54/100|[silent]
|move|p1a: Arceus|Max Phantasm|p2a: Bidóof
|-damage|p2a: Bidóof|0 fnt
|faint|p2a: Bidóof
|
|upkeep
|
|t:|1631629322
|switch|p2a: Sweep?|Calyrex-Shadow|100/100
|-ability|p2a: Sweep?|As One
|-ability|p2a: Sweep?|Unnerve
|turn|4
|
|t:|1631629330
|move|p2a: Sweep?|Astral Barrage|p1a: Arceus
|-supereffective|p1a: Arceus
|-damage|p1a: Arceus|1/100
|move|p1a: Arceus|Max Phantasm|p2a: Sweep?
|-supereffective|p2a: Sweep?
|-enditem|p2a: Sweep?|Focus Sash
|-damage|p2a: Sweep?|1/100
|-unboost|p2a: Sweep?|def|1
|
|upkeep
|turn|5
|
|t:|1631629341
|move|p1a: Arceus|Max Guard|p1a: Arceus
|-singleturn|p1a: Arceus|Max Guard
|move|p2a: Sweep?|Astral Barrage|p1a: Arceus
|-activate|p1a: Arceus|move: Max Guard
|
|-end|p1a: Arceus|Dynamax
|-heal|p1a: Arceus|1/100|[silent]
|upkeep
|turn|6
|
|t:|1631629349
|move|p2a: Sweep?|Astral Barrage|p1a: Arceus
|-supereffective|p1a: Arceus
|-damage|p1a: Arceus|0 fnt
|faint|p1a: Arceus
|-ability|p2a: Sweep?|Grim Neigh|boost
|-boost|p2a: Sweep?|spa|1
|
|upkeep
|
|t:|1631629359
|switch|p1a: Zacian|Zacian-Crowned|100/100
|-damage|p1a: Zacian|94/100|[from] Stealth Rock
|-ability|p1a: Zacian|Intrepid Sword|boost
|-boost|p1a: Zacian|atk|1
|turn|7
|
|t:|1631629372
|move|p2a: Sweep?|Astral Barrage|p1a: Zacian
|-damage|p1a: Zacian|0 fnt
|faint|p1a: Zacian
|-ability|p2a: Sweep?|Grim Neigh|boost
|-boost|p2a: Sweep?|spa|1
|
|upkeep
|-message|eXe Phantomz forfeited.
|
|win|Kenesitto
|raw|eXe Phantomz's rating: 1369 &rarr; <strong>1352</strong><br />(-17 for losing)
|raw|Kenesitto's rating: 1415 &rarr; <strong>1432</strong><br />(+17 for winning)
|l|☆eXe Phantomz
