|j|☆Pikaslayer2001
|j|☆cotesmcgotes
|t:|1667343278
|gametype|singles
|player|p1|Pikaslayer2001|brendan-contest|1825
|player|p2|cotesmcgotes|brendan|1700
|teamsize|p1|6
|teamsize|p2|6
|gen|8
|tier|[Gen 8] National Dex AG
|rated|
|rule|HP Percentage Mod: HP is shown in percentages
|rule|Endless Battle Clause: Forcing endless battles is banned
|clearpoke
|poke|p1|Arceus-*|
|poke|p1|Groudon|
|poke|p1|Necrozma-Dusk-Mane|
|poke|p1|Yveltal|
|poke|p1|Rayquaza|
|poke|p1|Marshadow|
|poke|p2|Quagsire, F|
|poke|p2|Breloom, M|
|poke|p2|Kangaskhan, F|
|poke|p2|Rayquaza|
|poke|p2|Ninjask, F|
|poke|p2|Zacian-*|
|teampreview
|j| Hayer
|inactive|Battle timer is ON: inactive players will automatically lose when time's up. (requested by cotesmcgotes)
|
|t:|1667343291
|start
|switch|p1a: Marshadow|Marshadow|100/100
|switch|p2a: Rayquaza|Rayquaza, shiny|100/100
|-ability|p2a: Rayquaza|Air Lock
|turn|1
|l| Hayer
|inactive|Pikaslayer2001 has 120 seconds left.
|
|t:|1667343323
|switch|p1a: Rayquaza|Rayquaza|100/100
|-ability|p1a: Rayquaza|Air Lock
|switch|p2a: Quagsire|Quagsire, F, shiny|100/100
|
|upkeep
|turn|2
|inactive|Pikaslayer2001 has 120 seconds left.
|
|t:|1667343338
|detailschange|p1a: Rayquaza|Rayquaza-Mega
|-mega|p1a: Rayquaza|Rayquaza|
|-weather|DeltaStream|[from] ability: Delta Stream|[of] p1a: Rayquaza
|move|p1a: Rayquaza|Dragon Ascent|p2a: Quagsire
|-damage|p2a: Quagsire|16/100
|-unboost|p1a: Rayquaza|def|1
|-unboost|p1a: Rayquaza|spd|1
|-damage|p1a: Rayquaza|84/100|[from] item: Rocky Helmet|[of] p2a: Quagsire
|move|p2a: Quagsire|Counter|p1a: Rayquaza
|-damage|p1a: Rayquaza|0 fnt
|faint|p1a: Rayquaza
|-weather|none
|
|upkeep
|j| Hayer
|
|t:|1667343349
|switch|p1a: Arceus|Arceus-Ground|100/100
|turn|3
|
|t:|1667343352
|switch|p2a: Ninjask|Ninjask, F, shiny|100/100
|move|p1a: Arceus|Ice Beam|p2a: Ninjask
|-supereffective|p2a: Ninjask
|-damage|p2a: Ninjask|0 fnt
|faint|p2a: Ninjask
|
|upkeep
|
|t:|1667343364
|switch|p2a: Kangaskhan|Kangaskhan, F, shiny|100/100
|turn|4
|inactive|Pikaslayer2001 has 120 seconds left.
|
|t:|1667343381
|switch|p1a: Necrozma|Necrozma-Dusk-Mane|100/100
|detailschange|p2a: Kangaskhan|Kangaskhan-Mega, F, shiny
|-mega|p2a: Kangaskhan|Kangaskhan|Kangaskhanite
|move|p2a: Kangaskhan|Fake Out|p1a: Necrozma
|-resisted|p1a: Necrozma
|-damage|p1a: Necrozma|95/100
|-damage|p2a: Kangaskhan|84/100|[from] item: Rocky Helmet|[of] p1a: Necrozma
|-resisted|p1a: Necrozma
|-damage|p1a: Necrozma|94/100
|-damage|p2a: Kangaskhan|67/100|[from] item: Rocky Helmet|[of] p1a: Necrozma
|-hitcount|p1a: Necrozma|2
|
|upkeep
|turn|5
|j| Lance's Time
|inactive|Pikaslayer2001 has 120 seconds left.
|
|t:|1667343396
|move|p2a: Kangaskhan|Crunch|p1a: Necrozma
|-supereffective|p1a: Necrozma
|-damage|p1a: Necrozma|72/100
|-damage|p2a: Kangaskhan|51/100|[from] item: Rocky Helmet|[of] p1a: Necrozma
|-supereffective|p1a: Necrozma
|-damage|p1a: Necrozma|67/100
|-damage|p2a: Kangaskhan|34/100|[from] item: Rocky Helmet|[of] p1a: Necrozma
|-hitcount|p1a: Necrozma|2
|move|p1a: Necrozma|Stealth Rock|p2a: Kangaskhan
|-sidestart|p2: cotesmcgotes|move: Stealth Rock
|
|upkeep
|turn|6
|inactive|Pikaslayer2001 has 120 seconds left.
|
|t:|1667343408
|switch|p2a: Rayquaza|Rayquaza, shiny|100/100
|-ability|p2a: Rayquaza|Air Lock
|move|p1a: Necrozma|Morning Sun|p1a: Necrozma
|-heal|p1a: Necrozma|100/100
|
|upkeep
|turn|7
|inactive|Pikaslayer2001 has 120 seconds left.
|
|t:|1667343415
|move|p2a: Rayquaza|Defog|p1a: Necrozma
|-unboost|p1a: Necrozma|evasion|1
|-sideend|p2: cotesmcgotes|Stealth Rock|[from] move: Defog|[of] p2a: Rayquaza
|move|p1a: Necrozma|Toxic|p2a: Rayquaza
|-status|p2a: Rayquaza|tox
|
|-damage|p2a: Rayquaza|95/100 tox|[from] psn
|upkeep
|turn|8
|
|t:|1667343424
|switch|p2a: Zacian|Zacian-Crowned|100/100
|-ability|p2a: Zacian|Intrepid Sword|boost
|-boost|p2a: Zacian|atk|1
|move|p1a: Necrozma|Stealth Rock|p2a: Zacian
|-sidestart|p2: cotesmcgotes|move: Stealth Rock
|
|upkeep
|turn|9
|
|t:|1667343429
|move|p2a: Zacian|Fire Fang|p1a: Necrozma
|-supereffective|p1a: Necrozma
|-damage|p1a: Necrozma|66/100
|-damage|p2a: Zacian|84/100|[from] item: Rocky Helmet|[of] p1a: Necrozma
|move|p1a: Necrozma|Sunsteel Strike|p2a: Zacian
|-damage|p2a: Zacian|39/100
|
|upkeep
|turn|10
|
|t:|1667343440
|move|p2a: Zacian|Close Combat|p1a: Necrozma
|-damage|p1a: Necrozma|22/100
|-unboost|p2a: Zacian|def|1
|-unboost|p2a: Zacian|spd|1
|-damage|p2a: Zacian|23/100|[from] item: Rocky Helmet|[of] p1a: Necrozma
|move|p1a: Necrozma|Morning Sun|p1a: Necrozma
|-heal|p1a: Necrozma|72/100
|
|upkeep
|turn|11
|
|t:|1667343450
|move|p2a: Zacian|Close Combat|p1a: Necrozma
|-damage|p1a: Necrozma|31/100
|-unboost|p2a: Zacian|def|1
|-unboost|p2a: Zacian|spd|1
|-damage|p2a: Zacian|6/100|[from] item: Rocky Helmet|[of] p1a: Necrozma
|move|p1a: Necrozma|Morning Sun|p1a: Necrozma
|-heal|p1a: Necrozma|81/100
|
|upkeep
|turn|12
|
|t:|1667343462
|switch|p1a: Marshadow|Marshadow|100/100
|move|p2a: Zacian|Close Combat|p1a: Marshadow
|-immune|p1a: Marshadow
|
|upkeep
|turn|13
|
|t:|1667343468
|move|p1a: Marshadow|Shadow Sneak|p2a: Zacian
|-damage|p2a: Zacian|0 fnt
|faint|p2a: Zacian
|-damage|p1a: Marshadow|91/100|[from] item: Life Orb
|
|upkeep
|
|t:|1667343472
|switch|p2a: Breloom|Breloom, M, shiny|100/100
|-damage|p2a: Breloom|94/100|[from] Stealth Rock
|turn|14
|
|t:|1667343481
|move|p1a: Marshadow|Close Combat|p2a: Breloom
|-damage|p2a: Breloom|21/100
|-unboost|p1a: Marshadow|def|1
|-unboost|p1a: Marshadow|spd|1
|-damage|p1a: Marshadow|81/100|[from] item: Life Orb
|move|p2a: Breloom|Spore|p1a: Marshadow
|-status|p1a: Marshadow|slp|[from] move: Spore
|
|-status|p2a: Breloom|tox|[from] item: Toxic Orb
|upkeep
|turn|15
|
|t:|1667343492
|switch|p1a: Arceus|Arceus-Ground|100/100
|move|p2a: Breloom|Leech Seed|p1a: Arceus
|-start|p1a: Arceus|move: Leech Seed
|
|-damage|p1a: Arceus|88/100|[from] Leech Seed|[of] p2a: Breloom
|-heal|p2a: Breloom|35/100 tox|[silent]
|-heal|p2a: Breloom|48/100 tox|[from] ability: Poison Heal
|upkeep
|turn|16
|
|t:|1667343509
|switch|p2a: Quagsire|Quagsire, F, shiny|16/100
|-damage|p2a: Quagsire|10/100|[from] Stealth Rock
|move|p1a: Arceus|Ice Beam|p2a: Quagsire
|-damage|p2a: Quagsire|0 fnt
|faint|p2a: Quagsire
|
|upkeep
|
|t:|1667343523
|switch|p2a: Kangaskhan|Kangaskhan-Mega, F, shiny|34/100
|-damage|p2a: Kangaskhan|22/100|[from] Stealth Rock
|turn|17
|
|t:|1667343537
|-start|p1a: Arceus|Dynamax|
|-heal|p1a: Arceus|88/100|[silent]
|move|p2a: Kangaskhan|Fake Out|p1a: Arceus
|-damage|p1a: Arceus|80/100
|-damage|p1a: Arceus|78/100
|-hitcount|p1a: Arceus|2
|move|p1a: Arceus|Max Quake|p2a: Kangaskhan
|-damage|p2a: Kangaskhan|0 fnt
|-boost|p1a: Arceus|spd|1
|faint|p2a: Kangaskhan
|
|upkeep
|l| Hayer
|
|t:|1667343545
|switch|p2a: Breloom|Breloom, M, shiny|48/100 tox
|-damage|p2a: Breloom|41/100 tox|[from] Stealth Rock
|turn|18
|
|t:|1667343548
|-start|p2a: Breloom|Dynamax|
|-heal|p2a: Breloom|41/100 tox|[silent]
|move|p2a: Breloom|Max Guard|p2a: Breloom
|-singleturn|p2a: Breloom|Max Guard
|move|p1a: Arceus|Max Hailstorm|p2a: Breloom
|-activate|p2a: Breloom|move: Max Guard
|
|-damage|p1a: Arceus|72/100|[from] Leech Seed|[of] p2a: Breloom
|-heal|p2a: Breloom|49/100 tox|[silent]
|-heal|p2a: Breloom|55/100 tox|[from] ability: Poison Heal
|upkeep
|turn|19
|
|t:|1667343559
|move|p1a: Arceus|Max Hailstorm|p2a: Breloom
|-supereffective|p2a: Breloom
|-damage|p2a: Breloom|0 fnt
|-weather|Hail
|faint|p2a: Breloom
|
|-weather|Hail|[upkeep]
|-damage|p1a: Arceus|69/100|[from] Hail
|upkeep
|
|t:|1667343571
|switch|p2a: Rayquaza|Rayquaza, shiny|95/100 tox
|-ability|p2a: Rayquaza|Air Lock
|-end|p1a: Arceus|Dynamax
|-heal|p1a: Arceus|69/100|[silent]
|turn|20
|j| Hayer
|
|t:|1667343582
|move|p1a: Arceus|Ice Beam|p2a: Rayquaza
|-supereffective|p2a: Rayquaza
|-damage|p2a: Rayquaza|0 fnt
|faint|p2a: Rayquaza
|
|win|Pikaslayer2001
|raw|Pikaslayer2001's rating: 1825 &rarr; <strong>1838</strong><br />(+13 for winning)
|raw|cotesmcgotes's rating: 1700 &rarr; <strong>1687</strong><br />(-13 for losing)
|l|☆cotesmcgotes
||Ladder isn't responding, score probably updated but might not have (Request timeout).
|l| Hayer
