|j|☆Gboss3
|j|☆Matsui_Miyako
|t:|1662055126
|gametype|singles
|player|p1|Gboss3|170|1409
|player|p2|Matsui_Miyako|allister|1525
|teamsize|p1|6
|teamsize|p2|6
|gen|8
|tier|[Gen 8] National Dex AG
|rated|
|rule|HP Percentage Mod: HP is shown in percentages
|rule|Endless Battle Clause: Forcing endless battles is banned
|clearpoke
|poke|p1|Kyogre|
|poke|p1|Scizor, M|
|poke|p1|Darmanitan-Galar, F|
|poke|p1|Marshadow|
|poke|p1|Blaziken, F|
|poke|p1|Excadrill, M|
|poke|p2|Arceus-*|
|poke|p2|Kyogre|
|poke|p2|Groudon|
|poke|p2|Victini|
|poke|p2|Calyrex-Shadow|
|poke|p2|Yveltal|
|teampreview
|
|t:|1662055143
|start
|switch|p1a: Blaziken|Blaziken, F, shiny|100/100
|switch|p2a: Victini|Victini|100/100
|turn|1
|
|t:|1662055148
|move|p2a: Victini|Final Gambit|p1a: Blaziken
|-enditem|p1a: Blaziken|Focus Sash
|-damage|p1a: Blaziken|1/100
|faint|p2a: Victini
|move|p1a: Blaziken|Swords Dance|p1a: Blaziken
|-boost|p1a: Blaziken|atk|2
|
|-ability|p1a: Blaziken|Speed Boost|boost
|-boost|p1a: Blaziken|spe|1
|upkeep
|
|t:|1662055162
|switch|p2a: Groudon|Groudon|100/100
|detailschange|p2a: Groudon|Groudon-Primal
|-primal|p2a: Groudon
|-weather|DesolateLand|[from] ability: Desolate Land|[of] p2a: Groudon
|turn|2
|
|t:|1662055171
|move|p1a: Blaziken|Baton Pass|p1a: Blaziken
|
|t:|1662055178
|switch|p1a: Marshadow|Marshadow|100/100|[from]move: Baton Pass
|move|p2a: Groudon|Stealth Rock|p1a: Marshadow
|-sidestart|p1: Gboss3|move: Stealth Rock
|
|-weather|DesolateLand|[upkeep]
|upkeep
|turn|3
|
|t:|1662055188
|move|p1a: Marshadow|Spectral Thief|p2a: Groudon
|-crit|p2a: Groudon
|-damage|p2a: Groudon|27/100
|move|p2a: Groudon|Heat Crash|p1a: Marshadow
|-enditem|p1a: Marshadow|Focus Sash
|-damage|p1a: Marshadow|1/100
|
|-weather|DesolateLand|[upkeep]
|upkeep
|turn|4
|
|t:|1662055197
|move|p1a: Marshadow|Shadow Sneak|p2a: Groudon
|-damage|p2a: Groudon|0 fnt
|faint|p2a: Groudon
|-weather|none
|
|upkeep
|
|t:|1662055204
|switch|p2a: Calyrex|Calyrex-Shadow|100/100
|-ability|p2a: Calyrex|As One
|-ability|p2a: Calyrex|Unnerve
|turn|5
|
|t:|1662055209
|-start|p2a: Calyrex|Dynamax|
|-heal|p2a: Calyrex|100/100|[silent]
|move|p1a: Marshadow|Shadow Sneak|p2a: Calyrex
|-supereffective|p2a: Calyrex
|-enditem|p2a: Calyrex|Focus Sash
|-damage|p2a: Calyrex|1/100
|move|p2a: Calyrex|Max Mindstorm|p1a: Marshadow
|-supereffective|p1a: Marshadow
|-damage|p1a: Marshadow|0 fnt
|-fieldstart|move: Psychic Terrain
|faint|p1a: Marshadow
|-ability|p2a: Calyrex|Grim Neigh|boost
|-boost|p2a: Calyrex|spa|1
|
|upkeep
|inactive|Battle timer is ON: inactive players will automatically lose when time's up. (requested by Matsui_Miyako)
|
|t:|1662055216
|switch|p1a: Scizor|Scizor, M, shiny|100/100
|-damage|p1a: Scizor|88/100|[from] Stealth Rock
|turn|6
|
|t:|1662055219
|detailschange|p1a: Scizor|Scizor-Mega, M, shiny
|-mega|p1a: Scizor|Scizor|Scizorite
|move|p1a: Scizor|Bullet Punch|p2a: Calyrex
|-activate|p2a: Calyrex|move: Psychic Terrain
|move|p2a: Calyrex|Max Phantasm|p1a: Scizor
|-damage|p1a: Scizor|0 fnt
|faint|p1a: Scizor
|-ability|p2a: Calyrex|Grim Neigh|boost
|-boost|p2a: Calyrex|spa|1
|
|upkeep
|c|☆Matsui_Miyako|ez predict
|c|☆Gboss3|nice
|
|t:|1662055237
|switch|p1a: Excadrill|Excadrill, M, shiny|100/100
|-damage|p1a: Excadrill|97/100|[from] Stealth Rock
|-ability|p1a: Excadrill|Mold Breaker
|turn|7
|
|t:|1662055241
|move|p2a: Calyrex|Max Phantasm|p1a: Excadrill
|-damage|p1a: Excadrill|0 fnt
|faint|p1a: Excadrill
|-ability|p2a: Calyrex|Grim Neigh|boost
|-boost|p2a: Calyrex|spa|1
|
|upkeep
|c|☆Matsui_Miyako|ggs
|
|t:|1662055258
|switch|p1a: Kyogre|Kyogre, shiny|100/100
|-damage|p1a: Kyogre|88/100|[from] Stealth Rock
|-weather|RainDance|[from] ability: Drizzle|[of] p1a: Kyogre
|-end|p2a: Calyrex|Dynamax
|-heal|p2a: Calyrex|1/100|[silent]
|turn|8
|
|t:|1662055277
|move|p1a: Kyogre|Origin Pulse|p2a: Calyrex
|-damage|p2a: Calyrex|0 fnt
|faint|p2a: Calyrex
|
|-weather|RainDance|[upkeep]
|upkeep
|inactive|Matsui_Miyako has 120 seconds left.
|
|t:|1662055319
|switch|p2a: Kyogre|Kyogre|100/100
|turn|9
|
|t:|1662055324
|-start|p1a: Kyogre|Dynamax|
|-heal|p1a: Kyogre|88/100|[silent]
|move|p2a: Kyogre|Thunder|p1a: Kyogre
|-supereffective|p1a: Kyogre
|-damage|p1a: Kyogre|55/100
|move|p1a: Kyogre|Max Lightning|p2a: Kyogre
|-supereffective|p2a: Kyogre
|-damage|p2a: Kyogre|21/100
|-fieldstart|move: Electric Terrain
|
|-weather|RainDance|[upkeep]
|upkeep
|turn|10
|
|t:|1662055335
|move|p2a: Kyogre|Thunder|p1a: Kyogre
|-supereffective|p1a: Kyogre
|-damage|p1a: Kyogre|10/100
|-status|p1a: Kyogre|par
|move|p1a: Kyogre|Max Lightning|p2a: Kyogre
|-supereffective|p2a: Kyogre
|-damage|p2a: Kyogre|0 fnt
|faint|p2a: Kyogre
|
|-weather|RainDance|[upkeep]
|upkeep
|
|t:|1662055342
|switch|p2a: no speed...|Arceus|100/100
|turn|11
|
|t:|1662055346
|move|p2a: no speed...|Swords Dance|p2a: no speed...
|-boost|p2a: no speed...|atk|2
|move|p1a: Kyogre|Max Geyser|p2a: no speed...
|-damage|p2a: no speed...|0 fnt
|faint|p2a: no speed...
|
|-weather|RainDance|[upkeep]
|upkeep
|
|t:|1662055352
|switch|p2a: Yveltal|Yveltal|100/100
|-ability|p2a: Yveltal|Dark Aura
|-end|p1a: Kyogre|Dynamax
|-heal|p1a: Kyogre|10/100 par|[silent]
|turn|12
|
|t:|1662055357
|move|p2a: Yveltal|Knock Off|p1a: Kyogre
|-damage|p1a: Kyogre|0 fnt
|-enditem|p1a: Kyogre|Choice Scarf|[from] move: Knock Off|[of] p2a: Yveltal
|faint|p1a: Kyogre
|
|-weather|none
|upkeep
|
|t:|1662055363
|switch|p1a: Blaziken|Blaziken, F, shiny|1/100
|-damage|p1a: Blaziken|0 fnt|[from] Stealth Rock
|faint|p1a: Blaziken
|
|t:|1662055364
|switch|p1a: Darmanitan|Darmanitan-Galar, F, shiny|100/100
|-damage|p1a: Darmanitan|75/100|[from] Stealth Rock
|turn|13
|
|t:|1662055375
|move|p2a: Yveltal|Knock Off|p1a: Darmanitan
|-damage|p1a: Darmanitan|0 fnt
|-enditem|p1a: Darmanitan|Choice Band|[from] move: Knock Off|[of] p2a: Yveltal
|faint|p1a: Darmanitan
|
|win|Matsui_Miyako
|raw|Gboss3's rating: 1409 &rarr; <strong>1395</strong><br />(-14 for losing)
|raw|Matsui_Miyako's rating: 1525 &rarr; <strong>1539</strong><br />(+14 for winning)
|c|☆Gboss3|gg
|l|☆Gboss3
||Ladder isn't responding, score probably updated but might not have (Request timeout).
