|j|☆Apprenti Buck
|j|☆lemoncell0
|t:|1662795522
|gametype|singles
|player|p1|Apprenti Buck|ethan|1928
|player|p2|lemoncell0|allister|1842
|teamsize|p1|6
|teamsize|p2|6
|gen|8
|tier|[Gen 8] National Dex AG
|rated|
|rule|HP Percentage Mod: HP is shown in percentages
|rule|Endless Battle Clause: Forcing endless battles is banned
|clearpoke
|poke|p1|Groudon|
|poke|p1|Rayquaza|
|poke|p1|Calyrex-Shadow|
|poke|p1|Arceus-*|
|poke|p1|Yveltal|
|poke|p1|Marshadow|
|poke|p2|Gothitelle, M|
|poke|p2|Diancie|
|poke|p2|Zacian-*|
|poke|p2|Quagsire, M|
|poke|p2|Tyranitar, M|
|poke|p2|Ferrothorn, F|
|teampreview
|inactive|Battle timer is ON: inactive players will automatically lose when time's up. (requested by Apprenti Buck)
|
|t:|1662795539
|start
|switch|p1a: Groudon|Groudon|100/100
|switch|p2a: Diancie|Diancie|100/100
|detailschange|p1a: Groudon|Groudon-Primal
|-primal|p1a: Groudon
|-weather|DesolateLand|[from] ability: Desolate Land|[of] p1a: Groudon
|turn|1
|
|t:|1662795543
|-weather|none
|switch|p1a: Rayquaza|Rayquaza|100/100
|-ability|p1a: Rayquaza|Air Lock
|detailschange|p2a: Diancie|Diancie-Mega
|-mega|p2a: Diancie|Diancie|Diancite
|move|p2a: Diancie|Magnet Rise|p2a: Diancie
|-start|p2a: Diancie|Magnet Rise
|
|upkeep
|turn|2
|
|t:|1662795562
|switch|p1a: Calyrex|Calyrex-Shadow|100/100
|-ability|p1a: Calyrex|As One
|-ability|p1a: Calyrex|Unnerve
|move|p2a: Diancie|Moonblast|p1a: Calyrex
|-damage|p1a: Calyrex|54/100
|
|upkeep
|turn|3
|
|t:|1662795566
|switch|p2a: Tyranitar|Tyranitar, M|100/100
|-weather|Sandstorm|[from] ability: Sand Stream|[of] p2a: Tyranitar
|move|p1a: Calyrex|Substitute|p1a: Calyrex
|-start|p1a: Calyrex|Substitute
|-damage|p1a: Calyrex|29/100
|
|-weather|Sandstorm|[upkeep]
|-damage|p1a: Calyrex|23/100|[from] Sandstorm
|upkeep
|turn|4
|
|t:|1662795577
|move|p1a: Calyrex|Baton Pass|p1a: Calyrex
|
|t:|1662795578
|switch|p1a: Marshadow|Marshadow|100/100|[from]move: Baton Pass
|move|p2a: Tyranitar|Rock Blast|p1a: Marshadow
|-resisted|p1a: Marshadow
|-activate|p1a: Marshadow|move: Substitute|[damage]
|-resisted|p1a: Marshadow
|-activate|p1a: Marshadow|move: Substitute|[damage]
|-resisted|p1a: Marshadow
|-activate|p1a: Marshadow|move: Substitute|[damage]
|-hitcount|p1a: Marshadow|3
|
|-weather|Sandstorm|[upkeep]
|-damage|p1a: Marshadow|94/100|[from] Sandstorm
|upkeep
|turn|5
|inactive|lemoncell0 has 120 seconds left.
|inactive|lemoncell0 has 90 seconds left.
|
|t:|1662795640
|switch|p2a: Gothitelle|Gothitelle, M|100/100
|move|p1a: Marshadow|Close Combat|p2a: Gothitelle
|-resisted|p2a: Gothitelle
|-damage|p2a: Gothitelle|66/100
|-unboost|p1a: Marshadow|def|1
|-unboost|p1a: Marshadow|spd|1
|-damage|p1a: Marshadow|84/100|[from] item: Life Orb
|
|-weather|Sandstorm|[upkeep]
|-damage|p1a: Marshadow|78/100|[from] Sandstorm
|-damage|p2a: Gothitelle|60/100|[from] Sandstorm
|upkeep
|turn|6
|
|t:|1662795645
|move|p1a: Marshadow|Poltergeist|p2a: Gothitelle|[miss]
|-miss|p1a: Marshadow|p2a: Gothitelle
|-zpower|p2a: Gothitelle
|move|p2a: Gothitelle|Z-Charm||[anim]Charm|[still]
|-boost|p2a: Gothitelle|def|1|[zeffect]
|-fail|p2a: Gothitelle
|
|-weather|Sandstorm|[upkeep]
|-damage|p1a: Marshadow|72/100|[from] Sandstorm
|-damage|p2a: Gothitelle|54/100|[from] Sandstorm
|upkeep
|turn|7
|
|t:|1662795650
|move|p1a: Marshadow|Poltergeist|p2a: Gothitelle
|-activate|p2a: Gothitelle|move: Poltergeist|Fairium Z
|-supereffective|p2a: Gothitelle
|-damage|p2a: Gothitelle|0 fnt
|faint|p2a: Gothitelle
|-damage|p1a: Marshadow|62/100|[from] item: Life Orb
|
|-weather|none
|upkeep
|
|t:|1662795653
|switch|p2a: Quagsire|Quagsire, M|100/100
|turn|8
|
|t:|1662795655
|move|p1a: Marshadow|Close Combat|p2a: Quagsire
|-damage|p2a: Quagsire|42/100
|-unboost|p1a: Marshadow|def|1
|-unboost|p1a: Marshadow|spd|1
|-damage|p1a: Marshadow|45/100|[from] item: Rocky Helmet|[of] p2a: Quagsire
|-damage|p1a: Marshadow|35/100|[from] item: Life Orb
|move|p2a: Quagsire|Earthquake|p1a: Marshadow
|-end|p1a: Marshadow|Substitute
|
|upkeep
|turn|9
|
|t:|1662795667
|-start|p2a: Quagsire|Dynamax|
|-heal|p2a: Quagsire|42/100|[silent]
|move|p1a: Marshadow|Close Combat|p2a: Quagsire
|-damage|p2a: Quagsire|13/100
|-unboost|p1a: Marshadow|def|1
|-unboost|p1a: Marshadow|spd|1
|-damage|p1a: Marshadow|19/100|[from] item: Rocky Helmet|[of] p2a: Quagsire
|-damage|p1a: Marshadow|9/100|[from] item: Life Orb
|move|p2a: Quagsire|Max Quake|p1a: Marshadow
|-damage|p1a: Marshadow|0 fnt
|-boost|p2a: Quagsire|spd|1
|faint|p1a: Marshadow
|
|upkeep
|
|t:|1662795676
|switch|p1a: Groudon|Groudon-Primal|100/100
|-weather|DesolateLand|[from] ability: Desolate Land|[of] p1a: Groudon
|turn|10
|
|t:|1662795689
|move|p1a: Groudon|Precipice Blades|p2a: Quagsire
|-damage|p2a: Quagsire|0 fnt
|faint|p2a: Quagsire
|
|-weather|DesolateLand|[upkeep]
|upkeep
|
|t:|1662795690
|switch|p2a: Diancie|Diancie-Mega|100/100
|turn|11
|
|t:|1662795694
|move|p2a: Diancie|Earth Power|p1a: Groudon
|-supereffective|p1a: Groudon
|-damage|p1a: Groudon|34/100
|move|p1a: Groudon|Rock Tomb|p2a: Diancie
|-damage|p2a: Diancie|74/100
|-unboost|p2a: Diancie|spe|1
|
|-weather|DesolateLand|[upkeep]
|upkeep
|turn|12
|
|t:|1662795700
|move|p1a: Groudon|Precipice Blades|p2a: Diancie
|-supereffective|p2a: Diancie
|-damage|p2a: Diancie|0 fnt
|faint|p2a: Diancie
|
|-weather|DesolateLand|[upkeep]
|upkeep
|
|t:|1662795702
|switch|p2a: Zacian|Zacian-Crowned|100/100
|-ability|p2a: Zacian|Intrepid Sword|boost
|-boost|p2a: Zacian|atk|1
|turn|13
|
|t:|1662795726
|-weather|none
|switch|p1a: Yveltal|Yveltal|100/100
|-ability|p1a: Yveltal|Dark Aura
|move|p2a: Zacian|Close Combat|p1a: Yveltal
|-damage|p1a: Yveltal|30/100
|-unboost|p2a: Zacian|def|1
|-unboost|p2a: Zacian|spd|1
|
|upkeep
|turn|14
|
|t:|1662795729
|move|p2a: Zacian|Behemoth Blade|p1a: Yveltal
|-damage|p1a: Yveltal|0 fnt
|faint|p1a: Yveltal
|
|upkeep
|
|t:|1662795735
|switch|p1a: Calyrex|Calyrex-Shadow|23/100
|-ability|p1a: Calyrex|As One
|-ability|p1a: Calyrex|Unnerve
|turn|15
|
|t:|1662795746
|switch|p2a: Tyranitar|Tyranitar, M|100/100
|-weather|Sandstorm|[from] ability: Sand Stream|[of] p2a: Tyranitar
|move|p1a: Calyrex|Astral Barrage|p2a: Tyranitar
|-resisted|p2a: Tyranitar
|-damage|p2a: Tyranitar|85/100
|
|-weather|Sandstorm|[upkeep]
|-damage|p1a: Calyrex|17/100|[from] Sandstorm
|-heal|p2a: Tyranitar|92/100|[from] item: Leftovers
|upkeep
|turn|16
|
|t:|1662795755
|switch|p1a: Groudon|Groudon-Primal|34/100
|-weather|DesolateLand|[from] ability: Desolate Land|[of] p1a: Groudon
|move|p2a: Tyranitar|Roar|p1a: Groudon
|-weather|none
|drag|p1a: Rayquaza|Rayquaza|100/100
|-ability|p1a: Rayquaza|Air Lock
|
|-heal|p2a: Tyranitar|98/100|[from] item: Leftovers
|upkeep
|turn|17
|inactive|lemoncell0 has 120 seconds left.
|
|t:|1662795803
|detailschange|p1a: Rayquaza|Rayquaza-Mega
|-mega|p1a: Rayquaza|Rayquaza|
|-weather|DeltaStream|[from] ability: Delta Stream|[of] p1a: Rayquaza
|move|p1a: Rayquaza|Dragon Dance|p1a: Rayquaza
|-boost|p1a: Rayquaza|atk|1
|-boost|p1a: Rayquaza|spe|1
|move|p2a: Tyranitar|Rock Blast|p1a: Rayquaza
|-activate||deltastream
|-damage|p1a: Rayquaza|90/100
|-activate||deltastream
|-damage|p1a: Rayquaza|78/100
|-hitcount|p1a: Rayquaza|2
|
|-weather|DeltaStream|[upkeep]
|-heal|p2a: Tyranitar|100/100|[from] item: Leftovers
|upkeep
|turn|18
|
|t:|1662795807
|move|p1a: Rayquaza|Earthquake|p2a: Tyranitar
|-supereffective|p2a: Tyranitar
|-damage|p2a: Tyranitar|0 fnt
|faint|p2a: Tyranitar
|-damage|p1a: Rayquaza|68/100|[from] item: Life Orb
|
|-weather|DeltaStream|[upkeep]
|upkeep
|
|t:|1662795811
|switch|p2a: Ferrothorn|Ferrothorn, F|100/100
|turn|19
|c|☆Apprenti Buck|Ggwp
|
|t:|1662795815
|move|p1a: Rayquaza|Dragon Ascent|p2a: Ferrothorn
|-damage|p2a: Ferrothorn|0 fnt
|-unboost|p1a: Rayquaza|def|1
|-unboost|p1a: Rayquaza|spd|1
|-damage|p1a: Rayquaza|56/100|[from] ability: Iron Barbs|[of] p2a: Ferrothorn
|faint|p2a: Ferrothorn
|-damage|p1a: Rayquaza|46/100|[from] item: Life Orb
|
|-weather|DeltaStream|[upkeep]
|upkeep
|c|☆lemoncell0|u2u2
|
|t:|1662795821
|switch|p2a: Zacian|Zacian-Crowned|100/100
|-ability|p2a: Zacian|Intrepid Sword|boost
|-boost|p2a: Zacian|atk|1
|turn|20
|
|t:|1662795824
|move|p1a: Rayquaza|Dragon Ascent|p2a: Zacian
|-resisted|p2a: Zacian
|-damage|p2a: Zacian|26/100
|-unboost|p1a: Rayquaza|def|1
|-unboost|p1a: Rayquaza|spd|1
|-damage|p1a: Rayquaza|36/100|[from] item: Life Orb
|move|p2a: Zacian|Behemoth Blade|p1a: Rayquaza
|-damage|p1a: Rayquaza|0 fnt
|faint|p1a: Rayquaza
|-weather|none
|
|upkeep
|
|t:|1662795827
|switch|p1a: Calyrex|Calyrex-Shadow|17/100
|-ability|p1a: Calyrex|As One
|-ability|p1a: Calyrex|Unnerve
|turn|21
|
|t:|1662795829
|-zpower|p1a: Calyrex
|move|p1a: Calyrex|Never-Ending Nightmare|p2a: Zacian|[zeffect]
|-damage|p2a: Zacian|0 fnt
|faint|p2a: Zacian
|
|win|Apprenti Buck
|raw|Apprenti Buck's rating: 1928 &rarr; <strong>1943</strong><br />(+15 for winning)
|raw|lemoncell0's rating: 1842 &rarr; <strong>1827</strong><br />(-15 for losing)
|l|☆lemoncell0
