|j|☆ThenoJSZ
|j|☆S-oooorrry
|t:|1663756934
|gametype|singles
|player|p1|ThenoJSZ|red|1746
|player|p2|S-oooorrry|cheren|1910
|teamsize|p1|6
|teamsize|p2|6
|gen|8
|tier|[Gen 8] National Dex AG
|rated|
|rule|HP Percentage Mod: HP is shown in percentages
|rule|Endless Battle Clause: Forcing endless battles is banned
|clearpoke
|poke|p1|Rayquaza|
|poke|p1|Zacian-*|
|poke|p1|Arceus-*|
|poke|p1|Kyogre|
|poke|p1|Calyrex-Shadow|
|poke|p1|Ditto|
|poke|p2|Kyogre|
|poke|p2|Rayquaza|
|poke|p2|Arceus-*|
|poke|p2|Arceus-*|
|poke|p2|Yveltal|
|poke|p2|Arceus-*|
|teampreview
|inactive|Battle timer is ON: inactive players will automatically lose when time's up. (requested by S-oooorrry)
|inactive|ThenoJSZ also wants the timer to be on.
|
|t:|1663756958
|start
|switch|p1a: Rayquaza|Rayquaza|100/100
|switch|p2a: Arceus|Arceus-Water|100/100
|-ability|p1a: Rayquaza|Air Lock
|turn|1
|inactive|S-oooorrry has 120 seconds left.
|
|t:|1663756996
|detailschange|p1a: Rayquaza|Rayquaza-Mega
|-mega|p1a: Rayquaza|Rayquaza|
|-weather|DeltaStream|[from] ability: Delta Stream|[of] p1a: Rayquaza
|move|p1a: Rayquaza|Dragon Ascent|p2a: Arceus
|-damage|p2a: Arceus|35/100
|-unboost|p1a: Rayquaza|def|1
|-unboost|p1a: Rayquaza|spd|1
|move|p2a: Arceus|Will-O-Wisp|p1a: Rayquaza
|-status|p1a: Rayquaza|brn
|
|-weather|DeltaStream|[upkeep]
|-damage|p1a: Rayquaza|94/100 brn|[from] brn
|upkeep
|turn|2
|
|t:|1663757007
|move|p1a: Rayquaza|Dragon Ascent|p2a: Arceus
|-damage|p2a: Arceus|0 fnt
|-unboost|p1a: Rayquaza|def|1
|-unboost|p1a: Rayquaza|spd|1
|faint|p2a: Arceus
|
|-weather|DeltaStream|[upkeep]
|-damage|p1a: Rayquaza|88/100 brn|[from] brn
|upkeep
|inactive|S-oooorrry has 120 seconds left.
|
|t:|1663757029
|switch|p2a: Rayquaza|Rayquaza|100/100
|-ability|p2a: Rayquaza|Air Lock
|turn|3
|
|t:|1663757035
|-weather|none
|switch|p1a: Arceus|Arceus-Electric|100/100
|detailschange|p2a: Rayquaza|Rayquaza-Mega
|-mega|p2a: Rayquaza|Rayquaza|
|-weather|DeltaStream|[from] ability: Delta Stream|[of] p2a: Rayquaza
|move|p2a: Rayquaza|Extreme Speed|p1a: Arceus
|-damage|p1a: Arceus|75/100
|-damage|p2a: Rayquaza|91/100|[from] item: Life Orb
|
|-weather|DeltaStream|[upkeep]
|upkeep
|turn|4
|inactive|S-oooorrry has 120 seconds left.
|
|t:|1663757049
|-weather|none
|switch|p2a: Arceus|Arceus|100/100
|move|p1a: Arceus|Will-O-Wisp|p2a: Arceus
|-status|p2a: Arceus|brn
|
|-damage|p2a: Arceus|94/100 brn|[from] brn
|upkeep
|turn|5
|
|t:|1663757054
|move|p1a: Arceus|Stealth Rock|p2a: Arceus
|-sidestart|p2: S-oooorrry|move: Stealth Rock
|move|p2a: Arceus|Swords Dance|p2a: Arceus
|-boost|p2a: Arceus|atk|2
|
|-damage|p2a: Arceus|88/100 brn|[from] brn
|upkeep
|turn|6
|inactive|S-oooorrry has 120 seconds left.
|
|t:|1663757084
|move|p1a: Arceus|Judgment|p2a: Arceus
|-damage|p2a: Arceus|53/100 brn
|move|p2a: Arceus|Facade|p1a: Arceus
|-damage|p1a: Arceus|0 fnt
|faint|p1a: Arceus
|
|-damage|p2a: Arceus|47/100 brn|[from] brn
|upkeep
|
|t:|1663757093
|switch|p1a: Zacian|Zacian-Crowned|100/100
|-ability|p1a: Zacian|Intrepid Sword|boost
|-boost|p1a: Zacian|atk|1
|turn|7
|inactive|S-oooorrry has 120 seconds left.
|
|t:|1663757106
|switch|p2a: Arceus|Arceus-Electric|100/100
|-damage|p2a: Arceus|88/100|[from] Stealth Rock
|move|p1a: Zacian|Behemoth Blade|p2a: Arceus
|-resisted|p2a: Arceus
|-damage|p2a: Arceus|65/100
|
|upkeep
|turn|8
|
|t:|1663757116
|move|p1a: Zacian|Play Rough|p2a: Arceus
|-damage|p2a: Arceus|24/100
|move|p2a: Arceus|Recover|p2a: Arceus
|-heal|p2a: Arceus|74/100
|
|upkeep
|turn|9
|
|t:|1663757129
|move|p1a: Zacian|Play Rough|p2a: Arceus
|-damage|p2a: Arceus|29/100
|-unboost|p2a: Arceus|atk|1
|move|p2a: Arceus|Recover|p2a: Arceus
|-heal|p2a: Arceus|79/100
|
|upkeep
|turn|10
|
|t:|1663757135
|move|p1a: Zacian|Swords Dance|p1a: Zacian
|-boost|p1a: Zacian|atk|2
|move|p2a: Arceus|Recover|p2a: Arceus
|-heal|p2a: Arceus|100/100
|
|upkeep
|turn|11
|
|t:|1663757140
|-start|p2a: Arceus|Dynamax|
|-heal|p2a: Arceus|100/100|[silent]
|move|p1a: Zacian|Play Rough|p2a: Arceus
|-damage|p2a: Arceus|68/100
|move|p2a: Arceus|Max Lightning|p1a: Zacian
|-damage|p1a: Zacian|47/100
|-fieldstart|move: Electric Terrain
|
|upkeep
|turn|12
|
|t:|1663757149
|move|p1a: Zacian|Behemoth Blade|p2a: Arceus
|-resisted|p2a: Arceus
|-damage|p2a: Arceus|26/100
|move|p2a: Arceus|Max Lightning|p1a: Zacian
|-damage|p1a: Zacian|0 fnt
|faint|p1a: Zacian
|
|upkeep
|
|t:|1663757155
|switch|p1a: Calyrex|Calyrex-Shadow|100/100
|-ability|p1a: Calyrex|As One
|-ability|p1a: Calyrex|Unnerve
|turn|13
|
|t:|1663757169
|-end|p2a: Arceus|Dynamax
|-heal|p2a: Arceus|26/100|[silent]
|switch|p2a: Yveltal|Yveltal|100/100
|-ability|p2a: Yveltal|Dark Aura
|move|p1a: Calyrex|Astral Barrage|p2a: Yveltal
|-resisted|p2a: Yveltal
|-damage|p2a: Yveltal|64/100
|
|upkeep
|turn|14
|
|t:|1663757182
|switch|p1a: Kyogre|Kyogre|100/100
|detailschange|p1a: Kyogre|Kyogre-Primal
|-primal|p1a: Kyogre
|-weather|PrimordialSea|[from] ability: Primordial Sea|[of] p1a: Kyogre
|move|p2a: Yveltal|Roost|p2a: Yveltal
|-heal|p2a: Yveltal|100/100
|-singleturn|p2a: Yveltal|move: Roost
|
|-weather|PrimordialSea|[upkeep]
|upkeep
|turn|15
|
|t:|1663757189
|switch|p2a: Arceus|Arceus-Electric|26/100
|-damage|p2a: Arceus|14/100|[from] Stealth Rock
|move|p1a: Kyogre|Water Spout|p2a: Arceus
|-damage|p2a: Arceus|0 fnt
|faint|p2a: Arceus
|
|-weather|PrimordialSea|[upkeep]
|-fieldend|move: Electric Terrain
|upkeep
|
|t:|1663757192
|switch|p2a: Rayquaza|Rayquaza-Mega|91/100
|-damage|p2a: Rayquaza|66/100|[from] Stealth Rock
|-weather|DeltaStream|[from] ability: Delta Stream|[of] p2a: Rayquaza
|turn|16
|
|t:|1663757198
|switch|p1a: Rayquaza|Rayquaza-Mega|88/100 brn
|move|p2a: Rayquaza|Dragon Ascent|p1a: Rayquaza
|-damage|p1a: Rayquaza|0 fnt
|-unboost|p2a: Rayquaza|def|1
|-unboost|p2a: Rayquaza|spd|1
|faint|p1a: Rayquaza
|-damage|p2a: Rayquaza|56/100|[from] item: Life Orb
|
|-weather|DeltaStream|[upkeep]
|upkeep
|
|t:|1663757206
|switch|p1a: Calyrex|Calyrex-Shadow|100/100
|-ability|p1a: Calyrex|As One
|-ability|p1a: Calyrex|Unnerve
|turn|17
|
|t:|1663757212
|-weather|none
|switch|p2a: Arceus|Arceus|47/100 brn
|-damage|p2a: Arceus|35/100 brn|[from] Stealth Rock
|-start|p1a: Calyrex|Dynamax|
|-heal|p1a: Calyrex|100/100|[silent]
|move|p1a: Calyrex|Max Starfall|p2a: Arceus
|-damage|p2a: Arceus|7/100 brn
|-fieldstart|move: Misty Terrain
|
|-damage|p2a: Arceus|1/100 brn|[from] brn
|upkeep
|turn|18
|
|t:|1663757221
|switch|p2a: Kyogre|Kyogre, shiny|100/100
|-damage|p2a: Kyogre|88/100|[from] Stealth Rock
|detailschange|p2a: Kyogre|Kyogre-Primal, shiny
|-primal|p2a: Kyogre
|-weather|PrimordialSea|[from] ability: Primordial Sea|[of] p2a: Kyogre
|move|p1a: Calyrex|Max Starfall|p2a: Kyogre
|-damage|p2a: Kyogre|64/100
|
|-weather|PrimordialSea|[upkeep]
|upkeep
|turn|19
|
|t:|1663757228
|-weather|none
|switch|p2a: Arceus|Arceus|1/100 brn
|-damage|p2a: Arceus|0 fnt|[from] Stealth Rock
|faint|p2a: Arceus
|move|p1a: Calyrex|Max Phantasm|p2: Arceus|[notarget]
|-fail|p1a: Calyrex
|
|upkeep
|
|t:|1663757231
|switch|p2a: Yveltal|Yveltal|100/100
|-ability|p2a: Yveltal|Dark Aura
|-end|p1a: Calyrex|Dynamax
|-heal|p1a: Calyrex|100/100|[silent]
|turn|20
|
|t:|1663757236
|switch|p1a: Kyogre|Kyogre-Primal|100/100
|-weather|PrimordialSea|[from] ability: Primordial Sea|[of] p1a: Kyogre
|move|p2a: Yveltal|Defog|p1a: Kyogre
|-unboost|p1a: Kyogre|evasion|1
|-sideend|p2: S-oooorrry|Stealth Rock|[from] move: Defog|[of] p2a: Yveltal
|-fieldend|Misty Terrain
|
|-weather|PrimordialSea|[upkeep]
|upkeep
|turn|21
|
|t:|1663757243
|switch|p2a: Kyogre|Kyogre-Primal, shiny|64/100
|move|p1a: Kyogre|Water Spout|p2a: Kyogre
|-resisted|p2a: Kyogre
|-crit|p2a: Kyogre
|-damage|p2a: Kyogre|0 fnt
|faint|p2a: Kyogre
|
|-weather|PrimordialSea|[upkeep]
|upkeep
|
|t:|1663757245
|switch|p2a: Rayquaza|Rayquaza-Mega|56/100
|-weather|DeltaStream|[from] ability: Delta Stream|[of] p2a: Rayquaza
|turn|22
|
|t:|1663757257
|move|p2a: Rayquaza|Dragon Ascent|p1a: Kyogre
|-damage|p1a: Kyogre|0 fnt
|-unboost|p2a: Rayquaza|def|1
|-unboost|p2a: Rayquaza|spd|1
|faint|p1a: Kyogre
|-damage|p2a: Rayquaza|46/100|[from] item: Life Orb
|
|-weather|DeltaStream|[upkeep]
|upkeep
|
|t:|1663757262
|switch|p1a: Ditto|Ditto|100/100
|-transform|p1a: Ditto|p2a: Rayquaza|[from] ability: Imposter
|turn|23
|
|t:|1663757269
|move|p2a: Rayquaza|Extreme Speed|p1a: Ditto
|-damage|p1a: Ditto|19/100
|-damage|p2a: Rayquaza|36/100|[from] item: Life Orb
|move|p1a: Ditto|Dragon Ascent|p2a: Rayquaza
|-damage|p2a: Rayquaza|0 fnt
|-unboost|p1a: Ditto|def|1
|-unboost|p1a: Ditto|spd|1
|faint|p2a: Rayquaza
|
|-weather|DeltaStream|[upkeep]
|upkeep
|
|t:|1663757272
|switch|p2a: Yveltal|Yveltal|100/100
|-ability|p2a: Yveltal|Dark Aura
|turn|24
|
|t:|1663757275
|move|p1a: Ditto|Dragon Ascent|p2a: Yveltal
|-damage|p2a: Yveltal|40/100
|-unboost|p1a: Ditto|def|1
|-unboost|p1a: Ditto|spd|1
|move|p2a: Yveltal|Roost|p2a: Yveltal
|-heal|p2a: Yveltal|90/100
|-singleturn|p2a: Yveltal|move: Roost
|
|-weather|DeltaStream|[upkeep]
|upkeep
|turn|25
|
|t:|1663757281
|move|p1a: Ditto|Dragon Ascent|p2a: Yveltal
|-crit|p2a: Yveltal
|-damage|p2a: Yveltal|0 fnt
|-unboost|p1a: Ditto|def|1
|-unboost|p1a: Ditto|spd|1
|faint|p2a: Yveltal
|
|win|ThenoJSZ
|raw|ThenoJSZ's rating: 1746 &rarr; <strong>1776</strong><br />(+30 for winning)
|raw|S-oooorrry's rating: 1931 &rarr; <strong>1901</strong><br />(-30 for losing)
|l|☆S-oooorrry
|l|☆ThenoJSZ
