|j|☆IamHrrimann
|j|☆Tamas01
|t:|1630247743
|gametype|singles
|player|p1|IamHrrimann|169|
|player|p2|Tamas01|veteran|
|teamsize|p1|6
|teamsize|p2|6
|gen|8
|tier|[Gen 8] National Dex AG
|rule|HP Percentage Mod: HP is shown in percentages
|rule|Endless Battle Clause: Forcing endless battles is banned
|clearpoke
|poke|p1|Ferrothorn, M|
|poke|p1|Slowbro, F|
|poke|p1|Toxapex, M|
|poke|p1|Ho-Oh|
|poke|p1|Blaziken, F|
|poke|p1|Naganadel|
|poke|p2|Butterfree, M|
|poke|p2|Naganadel|
|poke|p2|Blastoise, M|
|poke|p2|Groudon|
|poke|p2|Deoxys-Defense|
|poke|p2|Donphan, F|
|teampreview
|j| Mr Sap
|j| Dstricker
|j| Greninja kun 56
|c|☆IamHrrimann|Start korbo?
|j| zizboybolt
|l| Greninja kun 56
|c| Mr Sap|yesss
|c| Mr Sap|koro
|
|t:|1630247821
|start
|switch|p1a: Naganadel|Naganadel, shiny|100/100
|switch|p2a: Naganadel|Naganadel|100/100
|turn|1
|c| Dstricker|ha strt kore de
|
|t:|1630247840
|switch|p1a: Ho-Oh|Ho-Oh, shiny|100/100
|move|p2a: Naganadel|Dragon Pulse|p1a: Ho-Oh
|-damage|p1a: Ho-Oh|76/100
|
|upkeep
|turn|2
|
|t:|1630247864
|move|p2a: Naganadel|Sludge Wave|p1a: Ho-Oh
|-damage|p1a: Ho-Oh|45/100
|move|p1a: Ho-Oh|Brave Bird|p2a: Naganadel
|-damage|p2a: Naganadel|0 fnt
|faint|p2a: Naganadel
|-damage|p1a: Ho-Oh|22/100|[from] Recoil
|
|upkeep
|
|t:|1630247873
|switch|p2a: Butterfree|Butterfree, M|100/100
|turn|3
|
|t:|1630247877
|switch|p1a: Naganadel|Naganadel, shiny|100/100
|move|p2a: Butterfree|Sleep Powder|p1a: Naganadel
|-activate|p1a: Naganadel|item: Safety Goggles|Sleep Powder
|
|upkeep
|turn|4
|
|t:|1630247913
|move|p1a: Naganadel|Nasty Plot|p1a: Naganadel
|-boost|p1a: Naganadel|spa|2
|move|p2a: Butterfree|Quiver Dance|p2a: Butterfree
|-boost|p2a: Butterfree|spa|1
|-boost|p2a: Butterfree|spd|1
|-boost|p2a: Butterfree|spe|1
|
|upkeep
|turn|5
|
|t:|1630247923
|-start|p1a: Naganadel|Dynamax
|-heal|p1a: Naganadel|100/100|[silent]
|move|p1a: Naganadel|Max Airstream|p2a: Butterfree
|-supereffective|p2a: Butterfree
|-enditem|p2a: Butterfree|Focus Sash
|-damage|p2a: Butterfree|1/100
|-boost|p1a: Naganadel|spe|1
|move|p2a: Butterfree|Quiver Dance|p2a: Butterfree
|-boost|p2a: Butterfree|spa|1
|-boost|p2a: Butterfree|spd|1
|-boost|p2a: Butterfree|spe|1
|
|upkeep
|turn|6
|
|t:|1630247939
|move|p1a: Naganadel|Max Airstream|p2a: Butterfree
|-supereffective|p2a: Butterfree
|-damage|p2a: Butterfree|0 fnt
|-boost|p1a: Naganadel|spe|1
|faint|p2a: Butterfree
|-ability|p1a: Naganadel|Beast Boost|boost
|-boost|p1a: Naganadel|spe|1
|
|upkeep
|
|t:|1630247949
|switch|p2a: Deoxys|Deoxys-Defense|100/100
|-ability|p2a: Deoxys|Pressure
|turn|7
|
|t:|1630247962
|move|p1a: Naganadel|Max Wyrmwind|p2a: Deoxys
|-damage|p2a: Deoxys|25/100
|-unboost|p2a: Deoxys|atk|1
|move|p2a: Deoxys|Recover|p2a: Deoxys
|-heal|p2a: Deoxys|75/100
|
|-heal|p2a: Deoxys|81/100|[from] item: Leftovers
|-end|p1a: Naganadel|Dynamax
|-heal|p1a: Naganadel|100/100|[silent]
|upkeep
|turn|8
|
|t:|1630247975
|move|p1a: Naganadel|Nasty Plot|p1a: Naganadel
|-boost|p1a: Naganadel|spa|2
|move|p2a: Deoxys|Cosmic Power|p2a: Deoxys
|-boost|p2a: Deoxys|def|1
|-boost|p2a: Deoxys|spd|1
|
|-heal|p2a: Deoxys|88/100|[from] item: Leftovers
|upkeep
|turn|9
|
|t:|1630247989
|move|p1a: Naganadel|Dragon Pulse|p2a: Deoxys
|-damage|p2a: Deoxys|38/100
|move|p2a: Deoxys|Cosmic Power|p2a: Deoxys
|-boost|p2a: Deoxys|def|1
|-boost|p2a: Deoxys|spd|1
|
|-heal|p2a: Deoxys|44/100|[from] item: Leftovers
|upkeep
|turn|10
|
|t:|1630247999
|move|p1a: Naganadel|Nasty Plot|p1a: Naganadel
|-boost|p1a: Naganadel|spa|2
|move|p2a: Deoxys|Recover|p2a: Deoxys
|-heal|p2a: Deoxys|94/100
|
|-heal|p2a: Deoxys|100/100|[from] item: Leftovers
|upkeep
|turn|11
|
|t:|1630248010
|move|p1a: Naganadel|Sludge Wave|p2a: Deoxys
|-damage|p2a: Deoxys|43/100
|move|p2a: Deoxys|Cosmic Power|p2a: Deoxys
|-boost|p2a: Deoxys|def|1
|-boost|p2a: Deoxys|spd|1
|
|-heal|p2a: Deoxys|49/100|[from] item: Leftovers
|upkeep
|turn|12
|
|t:|1630248019
|move|p1a: Naganadel|Air Slash|p2a: Deoxys
|-damage|p2a: Deoxys|24/100
|move|p2a: Deoxys|Recover|p2a: Deoxys
|-heal|p2a: Deoxys|74/100
|
|-heal|p2a: Deoxys|80/100|[from] item: Leftovers
|upkeep
|turn|13
|
|t:|1630248035
|move|p1a: Naganadel|Sludge Wave|p2a: Deoxys
|-damage|p2a: Deoxys|34/100
|move|p2a: Deoxys|Recover|p2a: Deoxys
|-heal|p2a: Deoxys|84/100
|
|-heal|p2a: Deoxys|90/100|[from] item: Leftovers
|upkeep
|turn|14
|j| Swagata2004
|
|t:|1630248044
|move|p1a: Naganadel|Air Slash|p2a: Deoxys
|-damage|p2a: Deoxys|68/100
|cant|p2a: Deoxys|flinch
|
|-heal|p2a: Deoxys|74/100|[from] item: Leftovers
|upkeep
|turn|15
|
|t:|1630248054
|move|p1a: Naganadel|Sludge Wave|p2a: Deoxys
|-damage|p2a: Deoxys|29/100
|move|p2a: Deoxys|Cosmic Power|p2a: Deoxys
|-boost|p2a: Deoxys|def|1
|-boost|p2a: Deoxys|spd|1
|
|-heal|p2a: Deoxys|36/100|[from] item: Leftovers
|upkeep
|turn|16
|
|t:|1630248066
|move|p1a: Naganadel|Sludge Wave|p2a: Deoxys
|-damage|p2a: Deoxys|0 fnt
|faint|p2a: Deoxys
|-ability|p1a: Naganadel|Beast Boost|boost
|-boost|p1a: Naganadel|spe|1
|
|upkeep
|
|t:|1630248072
|switch|p2a: Donphan|Donphan, F|100/100
|turn|17
|
|t:|1630248081
|move|p1a: Naganadel|Air Slash|p2a: Donphan
|-ability|p2a: Donphan|Sturdy
|-damage|p2a: Donphan|1/100
|cant|p2a: Donphan|flinch
|
|upkeep
|turn|18
|
|t:|1630248095
|move|p2a: Donphan|Ice Shard|p1a: Naganadel
|-supereffective|p1a: Naganadel
|-damage|p1a: Naganadel|50/100
|move|p1a: Naganadel|Dragon Pulse|p2a: Donphan
|-damage|p2a: Donphan|0 fnt
|faint|p2a: Donphan
|-ability|p1a: Naganadel|Beast Boost|boost
|-boost|p1a: Naganadel|spe|1
|
|upkeep
|c| Dstricker|gg
|
|t:|1630248107
|switch|p2a: Groudon|Groudon|100/100
|detailschange|p2a: Groudon|Groudon-Primal
|-primal|p2a: Groudon
|-weather|DesolateLand|[from] ability: Desolate Land|[of] p2a: Groudon
|turn|19
|
|t:|1630248120
|move|p1a: Naganadel|Dragon Pulse|p2a: Groudon
|-damage|p2a: Groudon|0 fnt
|faint|p2a: Groudon
|-weather|none
|-ability|p1a: Naganadel|Beast Boost|boost
|-boost|p1a: Naganadel|spe|1
|
|upkeep
|
|t:|1630248126
|switch|p2a: Blastoise|Blastoise, M|100/100
|turn|20
|
|t:|1630248132
|detailschange|p2a: Blastoise|Blastoise-Mega, M
|-mega|p2a: Blastoise|Blastoise|Blastoisinite
|move|p1a: Naganadel|Sludge Wave|p2a: Blastoise
|-damage|p2a: Blastoise|0 fnt
|faint|p2a: Blastoise
|
|win|IamHrrimann
|c|☆IamHrrimann|Gg
|c| Dstricker|gg
