|j|☆thicsucttv
|j|☆DarkmasterDX
|t:|1668672699
|gametype|singles
|player|p1|thicsucttv|101|1769
|player|p2|DarkmasterDX|koga-lgpe|1892
|teamsize|p1|6
|teamsize|p2|6
|gen|8
|tier|[Gen 8] National Dex AG
|rated|
|rule|HP Percentage Mod: HP is shown in percentages
|rule|Endless Battle Clause: Forcing endless battles is banned
|clearpoke
|poke|p1|Smeargle, M|
|poke|p1|Marshadow|
|poke|p1|Yveltal|
|poke|p1|Necrozma-Dusk-Mane|
|poke|p1|Ditto|
|poke|p1|Lucario, M|
|poke|p2|Rayquaza|
|poke|p2|Calyrex-Shadow|
|poke|p2|Yveltal|
|poke|p2|Zacian-*|
|poke|p2|Groudon|
|poke|p2|Necrozma-Dusk-Mane|
|teampreview
|inactive|Battle timer is ON: inactive players will automatically lose when time's up. (requested by DarkmasterDX)
|
|t:|1668672709
|start
|switch|p1a: Lucario|Lucario, M|100/100
|switch|p2a: Rayquaza|Rayquaza|100/100
|-ability|p2a: Rayquaza|Air Lock
|turn|1
|
|t:|1668672721
|switch|p1a: Necrozma|Necrozma-Dusk-Mane|100/100
|switch|p2a: Necrozma|Necrozma-Dusk-Mane|100/100
|
|upkeep
|turn|2
|
|t:|1668672730
|detailschange|p1a: Necrozma|Necrozma-Ultra
|-burst|p1a: Necrozma|Necrozma|Ultranecrozium Z
|move|p1a: Necrozma|Earth Power|p2a: Necrozma
|-supereffective|p2a: Necrozma
|-damage|p2a: Necrozma|45/100
|move|p2a: Necrozma|Thunder Wave|p1a: Necrozma
|-status|p1a: Necrozma|par
|
|upkeep
|turn|3
|
|t:|1668672744
|move|p1a: Necrozma|Earth Power|p2a: Necrozma
|-supereffective|p2a: Necrozma
|-damage|p2a: Necrozma|0 fnt
|faint|p2a: Necrozma
|
|upkeep
|
|t:|1668672746
|switch|p2a: Calyrex|Calyrex-Shadow|100/100
|-ability|p2a: Calyrex|As One
|-ability|p2a: Calyrex|Unnerve
|turn|4
|
|t:|1668672758
|move|p2a: Calyrex|Substitute|p2a: Calyrex
|-start|p2a: Calyrex|Substitute
|-damage|p2a: Calyrex|76/100
|-zpower|p1a: Necrozma
|move|p1a: Necrozma|Light That Burns the Sky|p2a: Calyrex|[zeffect]
|-resisted|p2a: Calyrex
|-end|p2a: Calyrex|Substitute
|
|-heal|p2a: Calyrex|82/100|[from] item: Leftovers
|upkeep
|turn|5
|
|t:|1668672777
|move|p2a: Calyrex|Substitute|p2a: Calyrex
|-start|p2a: Calyrex|Substitute
|-damage|p2a: Calyrex|57/100
|move|p1a: Necrozma|Dragon Pulse|p2a: Calyrex
|-end|p2a: Calyrex|Substitute
|
|-heal|p2a: Calyrex|63/100|[from] item: Leftovers
|upkeep
|turn|6
|
|t:|1668672786
|move|p2a: Calyrex|Substitute|p2a: Calyrex
|-start|p2a: Calyrex|Substitute
|-damage|p2a: Calyrex|38/100
|move|p1a: Necrozma|Dragon Pulse|p2a: Calyrex
|-end|p2a: Calyrex|Substitute
|
|-heal|p2a: Calyrex|44/100|[from] item: Leftovers
|upkeep
|turn|7
|
|t:|1668672796
|move|p2a: Calyrex|Substitute|p2a: Calyrex
|-start|p2a: Calyrex|Substitute
|-damage|p2a: Calyrex|19/100
|cant|p1a: Necrozma|par
|
|-heal|p2a: Calyrex|25/100|[from] item: Leftovers
|upkeep
|turn|8
|
|t:|1668672804
|move|p2a: Calyrex|Astral Barrage|p1a: Necrozma
|-supereffective|p1a: Necrozma
|-damage|p1a: Necrozma|0 fnt
|faint|p1a: Necrozma
|-ability|p2a: Calyrex|Grim Neigh|boost
|-boost|p2a: Calyrex|spa|1
|
|-heal|p2a: Calyrex|32/100|[from] item: Leftovers
|upkeep
|
|t:|1668672816
|switch|p1a: Yveltal|Yveltal|100/100
|-ability|p1a: Yveltal|Dark Aura
|turn|9
|
|t:|1668672827
|-start|p1a: Yveltal|Dynamax|
|-heal|p1a: Yveltal|100/100|[silent]
|move|p2a: Calyrex|Baton Pass|p2a: Calyrex
|
|t:|1668672829
|switch|p2a: Yveltal|Yveltal|100/100|[from]move: Baton Pass
|-ability|p2a: Yveltal|Dark Aura
|move|p1a: Yveltal|Max Airstream|p2a: Yveltal
|-end|p2a: Yveltal|Substitute
|-boost|p1a: Yveltal|spe|1
|-damage|p1a: Yveltal|96/100|[from] item: Life Orb
|
|upkeep
|turn|10
|
|t:|1668672842
|-start|p2a: Yveltal|Dynamax|
|-heal|p2a: Yveltal|100/100|[silent]
|move|p1a: Yveltal|Max Airstream|p2a: Yveltal
|-damage|p2a: Yveltal|57/100
|-boost|p1a: Yveltal|spe|1
|-damage|p1a: Yveltal|91/100|[from] item: Life Orb
|move|p2a: Yveltal|Max Airstream|p1a: Yveltal
|-damage|p1a: Yveltal|38/100
|-boost|p2a: Yveltal|spe|1
|
|upkeep
|turn|11
|
|t:|1668672857
|move|p1a: Yveltal|Max Airstream|p2a: Yveltal
|-damage|p2a: Yveltal|13/100
|-boost|p1a: Yveltal|spe|1
|-damage|p1a: Yveltal|33/100|[from] item: Life Orb
|move|p2a: Yveltal|Max Airstream|p1a: Yveltal
|-damage|p1a: Yveltal|0 fnt
|-boost|p2a: Yveltal|spe|1
|faint|p1a: Yveltal
|
|upkeep
|inactive|thicsucttv has 120 seconds left.
|
|t:|1668672911
|switch|p1a: Ditto|Ditto|100/100
|-transform|p1a: Ditto|p2a: Yveltal|[from] ability: Imposter
|-ability|p1a: Ditto|Dark Aura
|turn|12
|
|t:|1668672921
|move|p1a: Ditto|Oblivion Wing|p2a: Yveltal
|-damage|p2a: Yveltal|0 fnt
|faint|p2a: Yveltal
|
|upkeep
|
|t:|1668672928
|switch|p2a: Zacian|Zacian-Crowned, shiny|100/100
|-ability|p2a: Zacian|Intrepid Sword|boost
|-boost|p2a: Zacian|atk|1
|turn|13
|
|t:|1668672945
|switch|p1a: Marshadow|Marshadow|100/100
|move|p2a: Zacian|Behemoth Blade|p1a: Marshadow
|-crit|p1a: Marshadow
|-damage|p1a: Marshadow|0 fnt
|faint|p1a: Marshadow
|
|upkeep
|
|t:|1668672953
|switch|p1a: Ditto|Ditto|100/100
|-transform|p1a: Ditto|p2a: Zacian|[from] ability: Imposter
|-ability|p1a: Ditto|Intrepid Sword|boost
|-boost|p1a: Ditto|atk|1
|turn|14
|
|t:|1668672964
|switch|p2a: Calyrex|Calyrex-Shadow|32/100
|-ability|p2a: Calyrex|As One
|-ability|p2a: Calyrex|Unnerve
|move|p1a: Ditto|Behemoth Blade|p2a: Calyrex
|-damage|p2a: Calyrex|0 fnt
|faint|p2a: Calyrex
|
|upkeep
|
|t:|1668672967
|switch|p2a: Groudon|Groudon, shiny|100/100
|detailschange|p2a: Groudon|Groudon-Primal, shiny
|-primal|p2a: Groudon
|-weather|DesolateLand|[from] ability: Desolate Land|[of] p2a: Groudon
|turn|15
|
|t:|1668672982
|move|p1a: Ditto|Behemoth Blade|p2a: Groudon
|-resisted|p2a: Groudon
|-damage|p2a: Groudon|60/100
|move|p2a: Groudon|Fire Punch|p1a: Ditto
|-supereffective|p1a: Ditto
|-damage|p1a: Ditto|0 fnt
|faint|p1a: Ditto
|
|-weather|DesolateLand|[upkeep]
|upkeep
|
|t:|1668672991
|switch|p1a: Lucario|Lucario, M|100/100
|turn|16
|inactive|thicsucttv has 90 seconds left.
|
|t:|1668673021
|detailschange|p1a: Lucario|Lucario-Mega, M
|-mega|p1a: Lucario|Lucario|Lucarionite
|move|p1a: Lucario|Rock Tomb|p2a: Groudon
|-damage|p2a: Groudon|48/100
|-unboost|p2a: Groudon|spe|1
|move|p2a: Groudon|Fire Punch|p1a: Lucario
|-supereffective|p1a: Lucario
|-damage|p1a: Lucario|0 fnt
|faint|p1a: Lucario
|
|-weather|DesolateLand|[upkeep]
|upkeep
|
|t:|1668673032
|switch|p1a: Smeargle|Smeargle, M|100/100
|turn|17
|
|t:|1668673036
|move|p1a: Smeargle|Spore|p2a: Groudon
|-status|p2a: Groudon|slp|[from] move: Spore
|cant|p2a: Groudon|slp
|
|-weather|DesolateLand|[upkeep]
|-ability|p1a: Smeargle|Moody|boost
|-boost|p1a: Smeargle|spd|2
|-unboost|p1a: Smeargle|atk|1
|upkeep
|turn|18
|
|t:|1668673045
|-weather|none
|switch|p2a: Rayquaza|Rayquaza|100/100
|-ability|p2a: Rayquaza|Air Lock
|move|p1a: Smeargle|Substitute|p1a: Smeargle
|-start|p1a: Smeargle|Substitute
|-damage|p1a: Smeargle|75/100
|
|-heal|p1a: Smeargle|81/100|[from] item: Leftovers
|-ability|p1a: Smeargle|Moody|boost
|-boost|p1a: Smeargle|spa|2
|-unboost|p1a: Smeargle|spe|1
|upkeep
|turn|19
|
|t:|1668673059
|detailschange|p2a: Rayquaza|Rayquaza-Mega
|-mega|p2a: Rayquaza|Rayquaza|
|-weather|DeltaStream|[from] ability: Delta Stream|[of] p2a: Rayquaza
|move|p2a: Rayquaza|Scale Shot|p1a: Smeargle
|-end|p1a: Smeargle|Substitute
|-damage|p1a: Smeargle|6/100
|-hitcount|p1a: Smeargle|2
|-unboost|p2a: Rayquaza|def|1
|-boost|p2a: Rayquaza|spe|1
|-damage|p2a: Rayquaza|91/100|[from] item: Life Orb
|move|p1a: Smeargle|Spore|p2a: Rayquaza
|-status|p2a: Rayquaza|slp|[from] move: Spore
|
|-weather|DeltaStream|[upkeep]
|-heal|p1a: Smeargle|12/100|[from] item: Leftovers
|-ability|p1a: Smeargle|Moody|boost
|-boost|p1a: Smeargle|def|2
|-unboost|p1a: Smeargle|atk|1
|upkeep
|turn|20
|inactive|thicsucttv has 90 seconds left.
|
|t:|1668673077
|cant|p2a: Rayquaza|slp
|move|p1a: Smeargle|Shell Smash|p1a: Smeargle
|-unboost|p1a: Smeargle|def|1
|-unboost|p1a: Smeargle|spd|1
|-boost|p1a: Smeargle|atk|2
|-boost|p1a: Smeargle|spa|2
|-boost|p1a: Smeargle|spe|2
|
|-weather|DeltaStream|[upkeep]
|-heal|p1a: Smeargle|18/100|[from] item: Leftovers
|-ability|p1a: Smeargle|Moody|boost
|-boost|p1a: Smeargle|atk|2
|-unboost|p1a: Smeargle|spd|1
|upkeep
|turn|21
|inactive|thicsucttv has 90 seconds left.
|
|t:|1668673118
|cant|p2a: Rayquaza|slp
|move|p1a: Smeargle|Shell Smash|p1a: Smeargle
|-unboost|p1a: Smeargle|def|1
|-unboost|p1a: Smeargle|spd|1
|-boost|p1a: Smeargle|atk|2
|-boost|p1a: Smeargle|spa|2
|-boost|p1a: Smeargle|spe|2
|
|-weather|DeltaStream|[upkeep]
|-heal|p1a: Smeargle|24/100|[from] item: Leftovers
|-ability|p1a: Smeargle|Moody|boost
|-boost|p1a: Smeargle|def|2
|-unboost|p1a: Smeargle|spa|1
|upkeep
|turn|22
|
|t:|1668673135
|move|p1a: Smeargle|Power Trip|p2a: Rayquaza
|-damage|p2a: Rayquaza|0 fnt
|faint|p2a: Rayquaza
|-weather|none
|
|-heal|p1a: Smeargle|29/100|[from] item: Leftovers
|-ability|p1a: Smeargle|Moody|boost
|-boost|p1a: Smeargle|spe|2
|-unboost|p1a: Smeargle|spa|1
|upkeep
|
|t:|1668673137
|switch|p2a: Zacian|Zacian-Crowned, shiny|100/100
|-ability|p2a: Zacian|Intrepid Sword|boost
|-boost|p2a: Zacian|atk|1
|turn|23
|
|t:|1668673148
|move|p1a: Smeargle|Spore|p2a: Zacian
|-status|p2a: Zacian|slp|[from] move: Spore
|cant|p2a: Zacian|slp
|
|-heal|p1a: Smeargle|35/100|[from] item: Leftovers
|-ability|p1a: Smeargle|Moody|boost
|-boost|p1a: Smeargle|spd|2
|-unboost|p1a: Smeargle|atk|1
|upkeep
|turn|24
|
|t:|1668673166
|move|p1a: Smeargle|Substitute|p1a: Smeargle
|-start|p1a: Smeargle|Substitute
|-damage|p1a: Smeargle|10/100
|cant|p2a: Zacian|slp
|
|-heal|p1a: Smeargle|16/100|[from] item: Leftovers
|-ability|p1a: Smeargle|Moody|boost
|-boost|p1a: Smeargle|spd|2
|-unboost|p1a: Smeargle|atk|1
|upkeep
|turn|25
|inactive|thicsucttv has 60 seconds left.
|
|t:|1668673187
|move|p1a: Smeargle|Power Trip|p2a: Zacian
|-resisted|p2a: Zacian
|-damage|p2a: Zacian|62/100 slp
|cant|p2a: Zacian|slp
|
|-heal|p1a: Smeargle|22/100|[from] item: Leftovers
|-ability|p1a: Smeargle|Moody|boost
|-boost|p1a: Smeargle|spe|1
|-unboost|p1a: Smeargle|spd|1
|upkeep
|turn|26
|inactive|thicsucttv has 60 seconds left.
|
|t:|1668673200
|move|p1a: Smeargle|Shell Smash|p1a: Smeargle
|-unboost|p1a: Smeargle|def|1
|-unboost|p1a: Smeargle|spd|1
|-boost|p1a: Smeargle|atk|2
|-boost|p1a: Smeargle|spa|2
|-boost|p1a: Smeargle|spe|0
|-curestatus|p2a: Zacian|slp|[msg]
|move|p2a: Zacian|Behemoth Blade|p1a: Smeargle
|-end|p1a: Smeargle|Substitute
|
|-heal|p1a: Smeargle|28/100|[from] item: Leftovers
|-ability|p1a: Smeargle|Moody|boost
|-boost|p1a: Smeargle|atk|2
|-unboost|p1a: Smeargle|def|1
|upkeep
|turn|27
|inactive|thicsucttv has 60 seconds left.
|inactive|DarkmasterDX has 120 seconds left.
|c|☆DarkmasterDX|man it's a shame you wasted all your luck on fucking pokemon showdown lmao
|
|t:|1668673233
|move|p1a: Smeargle|Spore|p2a: Zacian
|-status|p2a: Zacian|slp|[from] move: Spore
|cant|p2a: Zacian|slp
|
|-heal|p1a: Smeargle|34/100|[from] item: Leftovers
|-ability|p1a: Smeargle|Moody|boost
|-boost|p1a: Smeargle|spd|2
|-unboost|p1a: Smeargle|def|1
|upkeep
|turn|28
|inactive|thicsucttv has 60 seconds left.
|
|t:|1668673244
|move|p1a: Smeargle|Substitute|p1a: Smeargle
|-start|p1a: Smeargle|Substitute
|-damage|p1a: Smeargle|9/100
|cant|p2a: Zacian|slp
|
|-heal|p1a: Smeargle|15/100|[from] item: Leftovers
|-ability|p1a: Smeargle|Moody|boost
|-boost|p1a: Smeargle|spd|2
|-unboost|p1a: Smeargle|atk|1
|upkeep
|turn|29
|inactive|thicsucttv has 60 seconds left.
|
|t:|1668673254
|move|p1a: Smeargle|Power Trip|p2a: Zacian
|-resisted|p2a: Zacian
|-damage|p2a: Zacian|0 fnt
|faint|p2a: Zacian
|
|-heal|p1a: Smeargle|21/100|[from] item: Leftovers
|-ability|p1a: Smeargle|Moody|boost
|-boost|p1a: Smeargle|spd|1
|-unboost|p1a: Smeargle|spa|1
|upkeep
|
|t:|1668673258
|switch|p2a: Groudon|Groudon-Primal, shiny|48/100 slp
|-weather|DesolateLand|[from] ability: Desolate Land|[of] p2a: Groudon
|turn|30
|c|☆thicsucttv|Gg
|inactive|thicsucttv has 60 seconds left.
|c|☆thicsucttv|Close game
|c|☆DarkmasterDX|not really
|
|t:|1668673271
|move|p1a: Smeargle|Power Trip|p2a: Groudon
|-damage|p2a: Groudon|0 fnt
|faint|p2a: Groudon
|-weather|none
|
|win|thicsucttv
|raw|thicsucttv's rating: 1769 &rarr; <strong>1796</strong><br />(+27 for winning)
|raw|DarkmasterDX's rating: 1905 &rarr; <strong>1878</strong><br />(-27 for losing)
|c|☆DarkmasterDX|you got really lucky
|c|☆thicsucttv|Why
|c|☆thicsucttv|When
|c|☆DarkmasterDX|scale shot only 2 hits
|c|☆thicsucttv|You were lucky
|c|☆DarkmasterDX|25% chance
