|j|☆Ult4pdr Bunrphenix
|j|☆Truthankamon
|inactive|Battle timer is ON: inactive players will automatically lose when time's up.
|t:|1654429672
|gametype|singles
|player|p1|Ult4pdr Bunrphenix|hilda-wonderlauncher|
|player|p2|Truthankamon|1|
|teamsize|p1|6
|teamsize|p2|6
|gen|8
|tier|[Gen 8] National Dex AG
|rated|Tournament battle
|rule|HP Percentage Mod: HP is shown in percentages
|rule|Endless Battle Clause: Forcing endless battles is banned
|clearpoke
|poke|p1|Rayquaza|
|poke|p1|Xerneas-*|
|poke|p1|Yveltal|
|poke|p1|Marshadow|
|poke|p1|Necrozma-Dusk-Mane|
|poke|p1|Arceus-*|
|poke|p2|Ho-Oh|
|poke|p2|Necrozma-Dusk-Mane|
|poke|p2|Ditto|
|poke|p2|Zacian-*|
|poke|p2|Rayquaza|
|poke|p2|Tyranitar, M|
|teampreview
|j| kizi22122
|j| Pr3ssur3
|
|t:|1654429701
|start
|switch|p1a: Arceus|Arceus-Ground|100/100
|switch|p2a: Rayquaza|Rayquaza|100/100
|-ability|p2a: Rayquaza|Air Lock
|turn|1
|
|t:|1654429711
|detailschange|p2a: Rayquaza|Rayquaza-Mega
|-mega|p2a: Rayquaza|Rayquaza|
|-weather|DeltaStream|[from] ability: Delta Stream|[of] p2a: Rayquaza
|move|p2a: Rayquaza|Draco Meteor|p1a: Arceus
|-damage|p1a: Arceus|35/100
|-unboost|p2a: Rayquaza|spa|2
|-damage|p2a: Rayquaza|91/100|[from] item: Life Orb
|move|p1a: Arceus|Recover|p1a: Arceus
|-heal|p1a: Arceus|85/100
|
|-weather|DeltaStream|[upkeep]
|upkeep
|turn|2
|j| Seraphim light
|l| Seraphim light
|
|t:|1654429722
|move|p2a: Rayquaza|Dragon Ascent|p1a: Arceus
|-damage|p1a: Arceus|30/100
|-unboost|p2a: Rayquaza|def|1
|-unboost|p2a: Rayquaza|spd|1
|-damage|p2a: Rayquaza|81/100|[from] item: Life Orb
|move|p1a: Arceus|Ice Beam|p2a: Rayquaza
|-activate||deltastream
|-supereffective|p2a: Rayquaza
|-damage|p2a: Rayquaza|5/100
|-status|p2a: Rayquaza|frz
|
|-weather|DeltaStream|[upkeep]
|upkeep
|turn|3
|c| kizi22122|mixed ray
|c| kizi22122|F
|
|t:|1654429733
|cant|p2a: Rayquaza|frz
|move|p1a: Arceus|Recover|p1a: Arceus
|-heal|p1a: Arceus|80/100
|
|-weather|DeltaStream|[upkeep]
|upkeep
|turn|4
|c| kizi22122|rip
|c|☆Truthankamon|Gg
|
|t:|1654429741
|-curestatus|p2a: Rayquaza|frz|[msg]
|move|p2a: Rayquaza|Dragon Ascent|p1a: Arceus
|-damage|p1a: Arceus|25/100
|-unboost|p2a: Rayquaza|def|1
|-unboost|p2a: Rayquaza|spd|1
|-damage|p2a: Rayquaza|0 fnt|[from] item: Life Orb
|faint|p2a: Rayquaza
|-weather|none
|move|p1a: Arceus|Recover|p1a: Arceus
|-heal|p1a: Arceus|75/100
|
|upkeep
|
|t:|1654429761
|switch|p2a: Ho-Oh|Ho-Oh|100/100
|turn|5
|
|t:|1654429765
|switch|p1a: Yveltal|Yveltal|100/100
|-ability|p1a: Yveltal|Dark Aura
|move|p2a: Ho-Oh|Toxic|p1a: Yveltal
|-status|p1a: Yveltal|tox
|
|-damage|p1a: Yveltal|94/100 tox|[from] psn
|upkeep
|turn|6
|
|t:|1654429770
|move|p1a: Yveltal|U-turn|p2a: Ho-Oh
|-resisted|p2a: Ho-Oh
|-damage|p2a: Ho-Oh|98/100
|
|t:|1654429772
|switch|p1a: Arceus|Arceus-Ground|75/100|[from]move: U-turn
|move|p2a: Ho-Oh|Sacred Fire|p1a: Arceus
|-damage|p1a: Arceus|54/100
|
|upkeep
|turn|7
|
|t:|1654429782
|switch|p1a: Yveltal|Yveltal|94/100 tox
|-ability|p1a: Yveltal|Dark Aura
|move|p2a: Ho-Oh|Toxic|p1a: Yveltal
|-fail|p1a: Yveltal|tox
|
|-damage|p1a: Yveltal|88/100 tox|[from] psn
|upkeep
|turn|8
|
|t:|1654429790
|move|p1a: Yveltal|U-turn|p2a: Ho-Oh
|-resisted|p2a: Ho-Oh
|-damage|p2a: Ho-Oh|94/100
|
|t:|1654429792
|switch|p1a: Arceus|Arceus-Ground|54/100|[from]move: U-turn
|move|p2a: Ho-Oh|Toxic|p1a: Arceus
|-status|p1a: Arceus|tox
|
|-damage|p1a: Arceus|48/100 tox|[from] psn
|upkeep
|turn|9
|
|t:|1654429801
|move|p1a: Arceus|Recover|p1a: Arceus
|-heal|p1a: Arceus|98/100 tox
|move|p2a: Ho-Oh|Sacred Fire|p1a: Arceus
|-damage|p1a: Arceus|78/100 tox
|
|-damage|p1a: Arceus|66/100 tox|[from] psn
|upkeep
|turn|10
|j| Blair but funnier?
|
|t:|1654429823
|switch|p1a: Yveltal|Yveltal|88/100 tox
|-ability|p1a: Yveltal|Dark Aura
|move|p2a: Ho-Oh|Defog|p1a: Yveltal
|-unboost|p1a: Yveltal|evasion|1
|
|-damage|p1a: Yveltal|82/100 tox|[from] psn
|upkeep
|turn|11
|j| Pikaslayer2001
|
|t:|1654429839
|move|p1a: Yveltal|Toxic|p2a: Ho-Oh
|-status|p2a: Ho-Oh|tox
|move|p2a: Ho-Oh|Defog|p1a: Yveltal
|-unboost|p1a: Yveltal|evasion|1
|
|-damage|p1a: Yveltal|70/100 tox|[from] psn
|-damage|p2a: Ho-Oh|88/100 tox|[from] psn
|upkeep
|turn|12
|
|t:|1654429843
|switch|p2a: Tyranitar|Tyranitar, M|100/100
|-weather|Sandstorm|[from] ability: Sand Stream|[of] p2a: Tyranitar
|move|p1a: Yveltal|U-turn|p2a: Tyranitar
|-supereffective|p2a: Tyranitar
|-damage|p2a: Tyranitar|69/100
|
|t:|1654429852
|switch|p1a: Marshadow|Marshadow|100/100|[from]move: U-turn
|
|-weather|Sandstorm|[upkeep]
|-damage|p1a: Marshadow|94/100|[from] Sandstorm
|-heal|p2a: Tyranitar|75/100|[from] item: Leftovers
|upkeep
|turn|13
|
|t:|1654429864
|switch|p2a: Necrozma|Necrozma-Dusk-Mane|100/100
|move|p1a: Marshadow|Close Combat|p2a: Necrozma
|-damage|p2a: Necrozma|67/100
|-unboost|p1a: Marshadow|def|1
|-unboost|p1a: Marshadow|spd|1
|-damage|p1a: Marshadow|78/100|[from] item: Rocky Helmet|[of] p2a: Necrozma
|
|-weather|Sandstorm|[upkeep]
|-damage|p1a: Marshadow|72/100|[from] Sandstorm
|upkeep
|turn|14
|
|t:|1654429868
|-zpower|p1a: Marshadow
|move|p1a: Marshadow|Soul-Stealing 7-Star Strike|p2a: Necrozma|[zeffect]
|-supereffective|p2a: Necrozma
|-damage|p2a: Necrozma|0 fnt
|-damage|p1a: Marshadow|55/100|[from] item: Rocky Helmet|[of] p2a: Necrozma
|faint|p2a: Necrozma
|
|-weather|Sandstorm|[upkeep]
|-damage|p1a: Marshadow|49/100|[from] Sandstorm
|upkeep
|j| ashfqwer5
|l| ashfqwer5
|
|t:|1654429886
|switch|p2a: Zacian|Zacian-Crowned|100/100
|-ability|p2a: Zacian|Intrepid Sword|boost
|-boost|p2a: Zacian|atk|1
|turn|15
|j| ashfqwer5
|
|t:|1654429891
|switch|p1a: Yveltal|Yveltal|70/100 tox
|-ability|p1a: Yveltal|Dark Aura
|move|p2a: Zacian|Close Combat|p1a: Yveltal
|-damage|p1a: Yveltal|6/100 tox
|-unboost|p2a: Zacian|def|1
|-unboost|p2a: Zacian|spd|1
|
|-weather|Sandstorm|[upkeep]
|-damage|p1a: Yveltal|0 fnt|[from] Sandstorm
|faint|p1a: Yveltal
|upkeep
|
|t:|1654429895
|switch|p1a: Arceus|Arceus-Ground|66/100 tox
|turn|16
|j| Apprenti Buck
|j| pok3m0n_123
|
|t:|1654429920
|move|p2a: Zacian|Behemoth Blade|p1a: Arceus
|-crit|p1a: Arceus
|-damage|p1a: Arceus|0 fnt
|faint|p1a: Arceus
|
|-weather|none
|upkeep
|l| ashfqwer5
|
|t:|1654429927
|switch|p1a: Necrozma|Necrozma-Dusk-Mane|100/100
|turn|17
|
|t:|1654429930
|switch|p2a: Ho-Oh|Ho-Oh|100/100 tox
|move|p1a: Necrozma|Trick Room|p1a: Necrozma
|-fieldstart|move: Trick Room|[of] p1a: Necrozma
|
|-damage|p2a: Ho-Oh|94/100 tox|[from] psn
|upkeep
|turn|18
|j| Seraphim light
|j| Spectral∞Godz9
|c| Apprenti Buck|Go truth
|inactive|Ult4pdr Bunrphenix has 120 seconds left.
|c|☆Truthankamon|I lost lol
|c| Spectral∞Godz9|Ult4pdr Bunrphenix wins this
|
|t:|1654429976
|move|p1a: Necrozma|Swords Dance|p1a: Necrozma
|-boost|p1a: Necrozma|atk|2
|move|p2a: Ho-Oh|Sacred Fire|p1a: Necrozma
|-supereffective|p1a: Necrozma
|-damage|p1a: Necrozma|54/100
|-status|p1a: Necrozma|brn
|-enditem|p1a: Necrozma|Weakness Policy
|-boost|p1a: Necrozma|atk|2|[from] item: Weakness Policy
|-boost|p1a: Necrozma|spa|2|[from] item: Weakness Policy
|
|-damage|p2a: Ho-Oh|82/100 tox|[from] psn
|-damage|p1a: Necrozma|48/100 brn|[from] brn
|upkeep
|turn|19
|l| Seraphim light
|c|☆Truthankamon|My mray get frozen turn 4
|c|☆Truthankamon|OH NO
|
|t:|1654429995
|move|p1a: Necrozma|Sunsteel Strike|p2a: Ho-Oh
|-resisted|p2a: Ho-Oh
|-damage|p2a: Ho-Oh|50/100 tox
|move|p2a: Ho-Oh|Whirlwind|p1a: Necrozma
|drag|p1a: Rayquaza|Rayquaza|100/100
|-ability|p1a: Rayquaza|Air Lock
|
|-damage|p2a: Ho-Oh|32/100 tox|[from] psn
|upkeep
|turn|20
|
|t:|1654430007
|detailschange|p1a: Rayquaza|Rayquaza-Mega
|-mega|p1a: Rayquaza|Rayquaza|
|-weather|DeltaStream|[from] ability: Delta Stream|[of] p1a: Rayquaza
|move|p1a: Rayquaza|Extreme Speed|p2a: Ho-Oh
|-damage|p2a: Ho-Oh|0 fnt
|faint|p2a: Ho-Oh
|-damage|p1a: Rayquaza|91/100|[from] item: Life Orb
|
|-weather|DeltaStream|[upkeep]
|upkeep
|c| kizi22122|welp your deff losing
|
|t:|1654430011
|switch|p2a: Tyranitar|Tyranitar, M|75/100
|-ability|p2a: Tyranitar|Sand Stream|[from] deltastream|[fail]
|turn|21
|c| kizi22122|unless
|
|t:|1654430040
|move|p2a: Tyranitar|Rock Blast|p1a: Rayquaza
|-activate||deltastream
|-damage|p1a: Rayquaza|81/100
|-activate||deltastream
|-damage|p1a: Rayquaza|69/100
|-activate||deltastream
|-damage|p1a: Rayquaza|57/100
|-activate||deltastream
|-damage|p1a: Rayquaza|47/100
|-activate||deltastream
|-damage|p1a: Rayquaza|37/100
|-hitcount|p1a: Rayquaza|5
|move|p1a: Rayquaza|Dragon Dance|p1a: Rayquaza
|-boost|p1a: Rayquaza|atk|1
|-boost|p1a: Rayquaza|spe|1
|
|-weather|DeltaStream|[upkeep]
|-heal|p2a: Tyranitar|82/100|[from] item: Leftovers
|-fieldend|move: Trick Room
|upkeep
|turn|22
|
|t:|1654430050
|move|p1a: Rayquaza|Earthquake|p2a: Tyranitar
|-supereffective|p2a: Tyranitar
|-damage|p2a: Tyranitar|0 fnt
|faint|p2a: Tyranitar
|-damage|p1a: Rayquaza|27/100|[from] item: Life Orb
|
|-weather|DeltaStream|[upkeep]
|upkeep
|c| kizi22122|go ditto
|c| kizi22122|idk
|
|t:|1654430073
|switch|p2a: Ditto|Ditto|100/100
|-transform|p2a: Ditto|p1a: Rayquaza|[from] ability: Imposter
|turn|23
|c| Apprenti Buck|You can still win
|inactive|Truthankamon has 120 seconds left.
|c|☆Truthankamon|No i can't
|c| kizi22122|click eq : )
|c|☆Truthankamon|I just need to rely on my opponent's choice
|
|t:|1654430118
|switch|p2a: Zacian|Zacian-Crowned|100/100
|-ability|p2a: Zacian|Intrepid Sword|boost
|-boost|p2a: Zacian|atk|1
|-weather|none
|switch|p1a: Marshadow|Marshadow|49/100
|
|upkeep
|turn|24
|c|☆Truthankamon|YES
|c|☆Truthankamon|BIG BRAIN
|c| kizi22122|that would of been game
|inactive|Ult4pdr Bunrphenix has 120 seconds left.
|c| Apprenti Buck|GREAT
|c| kizi22122|if you clicked eq
|inactive|Truthankamon has 90 seconds left.
|
|t:|1654430151
|move|p2a: Zacian|Behemoth Blade|p1a: Marshadow
|-damage|p1a: Marshadow|0 fnt
|faint|p1a: Marshadow
|
|upkeep
|
|t:|1654430153
|switch|p1a: Necrozma|Necrozma-Dusk-Mane|48/100 brn
|turn|25
|c| Apprenti Buck|Told ya truth
|c| kizi22122|how did Ult4p4dr lose this
|inactive|Ult4pdr Bunrphenix has 90 seconds left.
|c|☆Truthankamon|He did a little mistake
|
|t:|1654430191
|-start|p1a: Necrozma|Dynamax|
|-heal|p1a: Necrozma|48/100 brn|[silent]
|move|p2a: Zacian|Close Combat|p1a: Necrozma
|-damage|p1a: Necrozma|17/100 brn
|-unboost|p2a: Zacian|def|1
|-unboost|p2a: Zacian|spd|1
|move|p1a: Necrozma|Max Quake|p2a: Zacian
|-supereffective|p2a: Zacian
|-damage|p2a: Zacian|23/100
|-boost|p1a: Necrozma|spd|1
|
|-damage|p1a: Necrozma|14/100 brn|[from] brn
|upkeep
|turn|26
|c|☆Truthankamon|Also it's not end yet
|c| Apprenti Buck|It is
|inactive|Truthankamon has 90 seconds left.
|c| kizi22122|save zacian
|c| kizi22122|for game
|c| kizi22122|zacian lives a e-speed
|inactive|Truthankamon has 60 seconds left.
|
|t:|1654430262
|move|p2a: Zacian|Close Combat|p1a: Necrozma
|-damage|p1a: Necrozma|0 fnt
|-unboost|p2a: Zacian|def|1
|-unboost|p2a: Zacian|spd|1
|faint|p1a: Necrozma
|
|upkeep
|
|t:|1654430265
|switch|p1a: Rayquaza|Rayquaza-Mega|27/100
|-weather|DeltaStream|[from] ability: Delta Stream|[of] p1a: Rayquaza
|turn|27
|c| kizi22122|sack ditto
|
|t:|1654430278
|switch|p2a: Ditto|Ditto|100/100
|-transform|p2a: Ditto|p1a: Rayquaza|[from] ability: Imposter
|move|p1a: Rayquaza|Extreme Speed|p2a: Ditto
|-damage|p2a: Ditto|43/100
|-damage|p1a: Rayquaza|17/100|[from] item: Life Orb
|
|-weather|DeltaStream|[upkeep]
|upkeep
|turn|28
|
|t:|1654430291
|move|p2a: Ditto|Extreme Speed|p1a: Rayquaza
|-damage|p1a: Rayquaza|0 fnt
|faint|p1a: Rayquaza
|
|-weather|DeltaStream|[upkeep]
|upkeep
|
|t:|1654430293
|switch|p1a: Xerneas|Xerneas|100/100
|-ability|p1a: Xerneas|Fairy Aura
|turn|29
|
|t:|1654430296
|move|p2a: Ditto|Extreme Speed|p1a: Xerneas
|-damage|p1a: Xerneas|67/100
|move|p1a: Xerneas|Geomancy||[still]
|-prepare|p1a: Xerneas|Geomancy
|-enditem|p1a: Xerneas|Power Herb
|-anim|p1a: Xerneas|Geomancy|p1a: Xerneas
|-boost|p1a: Xerneas|spa|2
|-boost|p1a: Xerneas|spd|2
|-boost|p1a: Xerneas|spe|2
|
|-weather|DeltaStream|[upkeep]
|upkeep
|turn|30
|c| Apprenti Buck|Switch
|
|t:|1654430303
|-weather|none
|switch|p2a: Zacian|Zacian-Crowned|23/100
|-ability|p2a: Zacian|Intrepid Sword|boost
|-boost|p2a: Zacian|atk|1
|move|p1a: Xerneas|Moonblast|p2a: Zacian
|-resisted|p2a: Zacian
|-damage|p2a: Zacian|0 fnt
|faint|p2a: Zacian
|
|upkeep
|
|t:|1654430305
|switch|p2a: Ditto|Ditto|43/100
|-transform|p2a: Ditto|p1a: Xerneas|[from] ability: Imposter
|-ability|p2a: Ditto|Fairy Aura
|turn|31
|c| Apprenti Buck|Gg
|j| Pika sup
|c|☆Truthankamon|Guys
|c| Apprenti Buck|wp both of you
|c| kizi22122|go funny deer
|c|☆Truthankamon|Stop saying what i should do
|inactive|Truthankamon has 60 seconds left.
|c| Apprenti Buck|Sorry
|c| Apprenti Buck|but it was obvious you had switched
|c|☆Truthankamon|!dt ditto
|raw|<div class="message"><ul class="utilichart"><li class="result"><span class="col numcol">132</span> <span class="col iconcol"><psicon pokemon="ditto"/></span> <span class="col pokemonnamecol" style="white-space:nowrap"><a href="https://dex.pokemonshowdown.com/pokemon/ditto" target="_blank">Ditto</a></span> <span class="col typecol"><img src="https://play.pokemonshowdown.com/sprites/types/Normal.png" alt="Normal" height="14" width="32"></span> <span style="float:left;min-height:26px"><span class="col abilitycol">Limber</span><span class="col abilitycol"><em>Imposter</em></span></span><span style="float:left;min-height:26px"><span class="col statcol"><em>HP</em><br />48</span> <span class="col statcol"><em>Atk</em><br />48</span> <span class="col statcol"><em>Def</em><br />48</span> <span class="col statcol"><em>SpA</em><br />48</span> <span class="col statcol"><em>SpD</em><br />48</span> <span class="col statcol"><em>Spe</em><br />48</span> <span class="col bstcol"><em>BST<br />288</em></span> </span></li><li style="clear:both"></li></ul></div>
|raw|<font size="1"><font color="#686868">Dex#:</font> 132&nbsp;|&ThickSpace;<font color="#686868">Gen:</font> 1&nbsp;|&ThickSpace;<font color="#686868">Height:</font> 0.3 m&nbsp;|&ThickSpace;<font color="#686868">Weight:</font> 4 kg <em>(20 BP)</em>&nbsp;|&ThickSpace;<font color="#686868">Dex Colour:</font> Purple&nbsp;|&ThickSpace;<font color="#686868">Egg Group(s):</font> Ditto&nbsp;|&ThickSpace;<font color="#686868">Does Not Evolve</font></font>

|inactive|Truthankamon has 30 seconds left.
|c|☆Ult4pdr Bunrphenix|Honestly this game is fun, with all people who want to give advice etc
|inactive|Truthankamon has 20 seconds left.
|inactive|Truthankamon has 15 seconds left.
|c| Apprenti Buck|Dynamax bro
|inactive|Truthankamon has 10 seconds left.
|
|t:|1654430384
|-start|p2a: Ditto|Dynamax|
|-heal|p2a: Ditto|43/100|[silent]
|move|p1a: Xerneas|Moonblast|p2a: Ditto
|-crit|p2a: Ditto
|-damage|p2a: Ditto|0 fnt
|faint|p2a: Ditto
|
|win|Ult4pdr Bunrphenix
|inactive|Truthankamon has 15 seconds left this turn.
|n|☆Ult4pdr Bunrphenix|ult4pdrbunrphenix
|n|☆Truthankamon|truthankamon
|n| kizi22122|kizi22122
|n| Pr3ssur3|pr3ssur3
|n| Blair but funnier?|blairbutfunnier
|n| Pikaslayer2001|pikaslayer2001
|n| Apprenti Buck|apprentibuck
|n| pok3m0n_123|pok3m0n123
|n| Spectral∞Godz9|spectralgodz9
|n| Pika sup|pikasup
