|j|☆ReactJS3
|j|☆ShadesTheMan
|t:|1650864253
|gametype|singles
|player|p1|ReactJS3|102|1935
|player|p2|ShadesTheMan|backpacker|1703
|teamsize|p1|6
|teamsize|p2|6
|gen|8
|tier|[Gen 8] National Dex AG
|rated|
|rule|HP Percentage Mod: HP is shown in percentages
|rule|Endless Battle Clause: Forcing endless battles is banned
|clearpoke
|poke|p1|Rayquaza|
|poke|p1|Zacian-*|
|poke|p1|Yveltal|
|poke|p1|Groudon|
|poke|p1|Ho-Oh|
|poke|p1|Ditto|
|poke|p2|Groudon|
|poke|p2|Rayquaza|
|poke|p2|Ho-Oh|
|poke|p2|Necrozma-Dusk-Mane|
|poke|p2|Yveltal|
|poke|p2|Regieleki|
|teampreview
|inactive|Battle timer is ON: inactive players will automatically lose when time's up. (requested by ShadesTheMan)
|
|t:|1650864274
|start
|switch|p1a: Yveltal|Yveltal|100/100
|switch|p2a: Smiter|Groudon|100/100
|-ability|p1a: Yveltal|Dark Aura
|detailschange|p2a: Smiter|Groudon-Primal
|-primal|p2a: Smiter
|-weather|DesolateLand|[from] ability: Desolate Land|[of] p2a: Smiter
|turn|1
|
|t:|1650864286
|-start|p1a: Yveltal|Dynamax|
|-heal|p1a: Yveltal|100/100|[silent]
|move|p2a: Smiter|Stealth Rock|p1a: Yveltal
|-sidestart|p1: ReactJS3|move: Stealth Rock
|move|p1a: Yveltal|Max Darkness|p2a: Smiter
|-crit|p2a: Smiter
|-damage|p2a: Smiter|0 fnt
|faint|p2a: Smiter
|-weather|none
|-damage|p1a: Yveltal|96/100|[from] item: Life Orb
|
|upkeep
|inactive|ShadesTheMan has 120 seconds left.
|inactive|ShadesTheMan has 90 seconds left.
|inactive|ShadesTheMan has 60 seconds left.
|
|t:|1650864392
|switch|p2a: Regieleki|Regieleki|100/100
|turn|2
|
|t:|1650864412
|move|p2a: Regieleki|Volt Switch|p1a: Yveltal
|-supereffective|p1a: Yveltal
|-damage|p1a: Yveltal|32/100
|inactive|ShadesTheMan has 30 seconds left.
|
|t:|1650864426
|switch|p2a: Flappy Boi|Ho-Oh|100/100|[from]move: Volt Switch
|move|p1a: Yveltal|Max Darkness|p2a: Flappy Boi
|-damage|p2a: Flappy Boi|34/100
|-unboost|p2a: Flappy Boi|spd|1
|-damage|p1a: Yveltal|27/100|[from] item: Life Orb
|
|upkeep
|turn|3
|inactive|ShadesTheMan has 30 seconds left.
|inactive|ShadesTheMan has 20 seconds left.
|
|t:|1650864447
|switch|p2a: Hound|Necrozma-Dusk-Mane|100/100
|move|p1a: Yveltal|Max Airstream|p2a: Hound
|-resisted|p2a: Hound
|-damage|p2a: Hound|71/100
|-boost|p1a: Yveltal|spe|1
|-damage|p1a: Yveltal|22/100|[from] item: Life Orb
|
|-heal|p2a: Hound|77/100|[from] item: Leftovers
|-end|p1a: Yveltal|Dynamax
|-heal|p1a: Yveltal|23/100|[silent]
|upkeep
|turn|4
|inactive|ShadesTheMan has 30 seconds left this turn.
|
|t:|1650864455
|move|p1a: Yveltal|Dark Pulse|p2a: Hound
|-supereffective|p2a: Hound
|-damage|p2a: Hound|9/100
|-damage|p1a: Yveltal|13/100|[from] item: Life Orb
|move|p2a: Hound|Sunsteel Strike|p1a: Yveltal
|-damage|p1a: Yveltal|0 fnt
|faint|p1a: Yveltal
|
|-heal|p2a: Hound|15/100|[from] item: Leftovers
|upkeep
|
|t:|1650864463
|switch|p1a: Ho-Oh|Ho-Oh|100/100
|turn|5
|
|t:|1650864469
|move|p1a: Ho-Oh|Defog|p2a: Hound
|-unboost|p2a: Hound|evasion|1
|-sideend|p1: ReactJS3|Stealth Rock|[from] move: Defog|[of] p1a: Ho-Oh
|move|p2a: Hound|Toxic|p1a: Ho-Oh
|-status|p1a: Ho-Oh|tox
|
|-heal|p2a: Hound|21/100|[from] item: Leftovers
|-damage|p1a: Ho-Oh|94/100 tox|[from] psn
|upkeep
|turn|6
|
|t:|1650864475
|switch|p2a: Flappy Boi|Ho-Oh|67/100
|move|p1a: Ho-Oh|Sacred Fire|p2a: Flappy Boi
|-resisted|p2a: Flappy Boi
|-damage|p2a: Flappy Boi|52/100
|
|-damage|p1a: Ho-Oh|82/100 tox|[from] psn
|upkeep
|turn|7
|
|t:|1650864487
|switch|p2a: Hound|Necrozma-Dusk-Mane|21/100
|move|p1a: Ho-Oh|Toxic|p2a: Hound
|-immune|p2a: Hound
|
|-heal|p2a: Hound|27/100|[from] item: Leftovers
|-damage|p1a: Ho-Oh|64/100 tox|[from] psn
|upkeep
|turn|8
|
|t:|1650864492
|move|p1a: Ho-Oh|Sacred Fire|p2a: Hound
|-supereffective|p2a: Hound
|-damage|p2a: Hound|0 fnt
|faint|p2a: Hound
|
|-damage|p1a: Ho-Oh|40/100 tox|[from] psn
|upkeep
|
|t:|1650864495
|switch|p2a: Dominance|Yveltal|100/100
|-ability|p2a: Dominance|Dark Aura
|turn|9
|
|t:|1650864500
|switch|p1a: Zacian|Zacian-Crowned|100/100
|-ability|p1a: Zacian|Intrepid Sword|boost
|-boost|p1a: Zacian|atk|1
|-start|p2a: Dominance|Dynamax|
|-heal|p2a: Dominance|100/100|[silent]
|move|p2a: Dominance|Max Airstream|p1a: Zacian
|-resisted|p1a: Zacian
|-damage|p1a: Zacian|54/100
|-boost|p2a: Dominance|spe|1
|-damage|p2a: Dominance|96/100|[from] item: Life Orb
|
|upkeep
|turn|10
|
|t:|1650864509
|switch|p1a: Ho-Oh|Ho-Oh|74/100 tox
|move|p2a: Dominance|Max Flare|p1a: Ho-Oh
|-resisted|p1a: Ho-Oh
|-damage|p1a: Ho-Oh|54/100 tox
|-weather|SunnyDay
|-damage|p2a: Dominance|91/100|[from] item: Life Orb
|
|-weather|SunnyDay|[upkeep]
|-damage|p1a: Ho-Oh|48/100 tox|[from] psn
|upkeep
|turn|11
|
|t:|1650864518
|switch|p1a: Zacian|Zacian-Crowned|54/100
|-ability|p1a: Zacian|Intrepid Sword|boost
|-boost|p1a: Zacian|atk|1
|move|p2a: Dominance|Max Flare|p1a: Zacian
|-supereffective|p1a: Zacian
|-damage|p1a: Zacian|0 fnt
|faint|p1a: Zacian
|-damage|p2a: Dominance|86/100|[from] item: Life Orb
|
|-weather|SunnyDay|[upkeep]
|-end|p2a: Dominance|Dynamax
|-heal|p2a: Dominance|86/100|[silent]
|upkeep
|
|t:|1650864520
|switch|p1a: Ho-Oh|Ho-Oh|82/100 tox
|turn|12
|
|t:|1650864524
|move|p2a: Dominance|Dark Pulse|p1a: Ho-Oh
|-damage|p1a: Ho-Oh|40/100 tox
|-damage|p2a: Dominance|76/100|[from] item: Life Orb
|cant|p1a: Ho-Oh|flinch
|
|-weather|SunnyDay|[upkeep]
|-damage|p1a: Ho-Oh|34/100 tox|[from] psn
|upkeep
|turn|13
|
|t:|1650864539
|move|p2a: Dominance|Dark Pulse|p1a: Ho-Oh
|-damage|p1a: Ho-Oh|0 fnt
|faint|p1a: Ho-Oh
|-damage|p2a: Dominance|66/100|[from] item: Life Orb
|
|-weather|SunnyDay|[upkeep]
|upkeep
|
|t:|1650864544
|switch|p1a: Rayquaza|Rayquaza|100/100
|-ability|p1a: Rayquaza|Air Lock
|turn|14
|
|t:|1650864548
|detailschange|p1a: Rayquaza|Rayquaza-Mega
|-mega|p1a: Rayquaza|Rayquaza|
|-weather|DeltaStream|[from] ability: Delta Stream|[of] p1a: Rayquaza
|move|p2a: Dominance|Dark Pulse|p1a: Rayquaza
|-damage|p1a: Rayquaza|27/100
|-damage|p2a: Dominance|56/100|[from] item: Life Orb
|cant|p1a: Rayquaza|flinch
|
|-weather|DeltaStream|[upkeep]
|upkeep
|turn|15
|inactive|ShadesTheMan has 120 seconds left.
|
|t:|1650864555
|move|p2a: Dominance|Dark Pulse|p1a: Rayquaza
|-damage|p1a: Rayquaza|0 fnt
|faint|p1a: Rayquaza
|-weather|none
|-damage|p2a: Dominance|46/100|[from] item: Life Orb
|
|upkeep
|
|t:|1650864566
|switch|p1a: Ditto|Ditto|100/100
|-transform|p1a: Ditto|p2a: Dominance|[from] ability: Imposter
|-ability|p1a: Ditto|Dark Aura
|turn|16
|-message|ReactJS3 forfeited.
|
|win|ShadesTheMan
|raw|ReactJS3's rating: 1935 &rarr; <strong>1903</strong><br />(-32 for losing)
|raw|ShadesTheMan's rating: 1703 &rarr; <strong>1735</strong><br />(+32 for winning)
|l|☆ReactJS3
|c|☆ShadesTheMan|cool
|j| darcing55
