|j|☆Ahuehuehue
|j|☆ClickForVictory
|t:|1662924451
|gametype|singles
|player|p1|Ahuehuehue|101|1725
|player|p2|ClickForVictory|furisodegirl-black|1649
|teamsize|p1|6
|teamsize|p2|6
|gen|8
|tier|[Gen 8] National Dex AG
|rated|
|rule|HP Percentage Mod: HP is shown in percentages
|rule|Endless Battle Clause: Forcing endless battles is banned
|clearpoke
|poke|p1|Ho-Oh|
|poke|p1|Groudon|
|poke|p1|Arceus-*|
|poke|p1|Rayquaza|
|poke|p1|Calyrex-Shadow|
|poke|p1|Magearna|
|poke|p2|Zacian-*|
|poke|p2|Arceus-*|
|poke|p2|Groudon|
|poke|p2|Yveltal|
|poke|p2|Clefable, F|
|poke|p2|Rayquaza|
|teampreview
|c|☆ClickForVictory|have fun!
|c|☆Ahuehuehue|u2 g
|
|t:|1662924470
|start
|switch|p1a: MY LIL PONY|Calyrex-Shadow|100/100
|switch|p2a: Eww|Zacian-Crowned|100/100
|-ability|p1a: MY LIL PONY|As One
|-ability|p1a: MY LIL PONY|Unnerve
|-ability|p2a: Eww|Intrepid Sword|boost
|-boost|p2a: Eww|atk|1
|turn|1
|
|t:|1662924482
|move|p1a: MY LIL PONY|Nasty Plot|p1a: MY LIL PONY
|-boost|p1a: MY LIL PONY|spa|2
|move|p2a: Eww|Behemoth Blade|p1a: MY LIL PONY
|-enditem|p1a: MY LIL PONY|Focus Sash
|-damage|p1a: MY LIL PONY|1/100
|
|upkeep
|turn|2
|
|t:|1662924490
|switch|p2a: Dear Leader|Arceus|100/100
|move|p1a: MY LIL PONY|Astral Barrage|p2a: Dear Leader
|-immune|p2a: Dear Leader
|
|upkeep
|turn|3
|
|t:|1662924497
|switch|p2a: Angst Birb|Yveltal|100/100
|-ability|p2a: Angst Birb|Dark Aura
|move|p1a: MY LIL PONY|Baton Pass|p1a: MY LIL PONY
|
|t:|1662924502
|switch|p1a: GOD OR DOG|Arceus-Ground|100/100|[from]move: Baton Pass
|
|upkeep
|turn|4
|
|t:|1662924516
|-start|p2a: Angst Birb|Dynamax|
|-heal|p2a: Angst Birb|100/100|[silent]
|move|p2a: Angst Birb|Max Airstream|p1a: GOD OR DOG
|-damage|p1a: GOD OR DOG|33/100
|-boost|p2a: Angst Birb|spe|1
|-damage|p2a: Angst Birb|96/100|[from] item: Life Orb
|move|p1a: GOD OR DOG|Ice Beam|p2a: Angst Birb
|-supereffective|p2a: Angst Birb
|-crit|p2a: Angst Birb
|-damage|p2a: Angst Birb|33/100
|
|upkeep
|turn|5
|
|t:|1662924530
|switch|p1a: IMMORTAL PHOENIX|Ho-Oh, shiny|100/100
|move|p2a: Angst Birb|Max Airstream|p1a: IMMORTAL PHOENIX
|-damage|p1a: IMMORTAL PHOENIX|56/100
|-boost|p2a: Angst Birb|spe|1
|-damage|p2a: Angst Birb|28/100|[from] item: Life Orb
|
|upkeep
|turn|6
|
|t:|1662924539
|switch|p1a: GOD OR DOG|Arceus-Ground|33/100
|move|p2a: Angst Birb|Max Ooze|p1a: GOD OR DOG
|-resisted|p1a: GOD OR DOG
|-damage|p1a: GOD OR DOG|16/100
|-boost|p2a: Angst Birb|spa|1
|-damage|p2a: Angst Birb|23/100|[from] item: Life Orb
|
|upkeep
|-end|p2a: Angst Birb|Dynamax
|-heal|p2a: Angst Birb|23/100|[silent]
|turn|7
|
|t:|1662924543
|move|p2a: Angst Birb|Oblivion Wing|p1a: GOD OR DOG
|-damage|p1a: GOD OR DOG|0 fnt
|-heal|p2a: Angst Birb|36/100|[from] drain|[of] p1a: GOD OR DOG
|faint|p1a: GOD OR DOG
|-damage|p2a: Angst Birb|26/100|[from] item: Life Orb
|
|upkeep
|
|t:|1662924546
|switch|p1a: COVID|Rayquaza|100/100
|-ability|p1a: COVID|Air Lock
|turn|8
|
|t:|1662924552
|switch|p2a: Eww|Zacian-Crowned|100/100
|-ability|p2a: Eww|Intrepid Sword|boost
|-boost|p2a: Eww|atk|1
|detailschange|p1a: COVID|Rayquaza-Mega
|-mega|p1a: COVID|Rayquaza|
|-weather|DeltaStream|[from] ability: Delta Stream|[of] p1a: COVID
|move|p1a: COVID|Extreme Speed|p2a: Eww
|-resisted|p2a: Eww
|-damage|p2a: Eww|78/100
|-damage|p1a: COVID|91/100|[from] item: Life Orb
|
|-weather|DeltaStream|[upkeep]
|upkeep
|turn|9
|
|t:|1662924558
|-weather|none
|switch|p1a: IMMORTAL PHOENIX|Ho-Oh, shiny|89/100
|move|p2a: Eww|Close Combat|p1a: IMMORTAL PHOENIX
|-resisted|p1a: IMMORTAL PHOENIX
|-damage|p1a: IMMORTAL PHOENIX|55/100
|-unboost|p2a: Eww|def|1
|-unboost|p2a: Eww|spd|1
|
|upkeep
|turn|10
|
|t:|1662924564
|move|p2a: Eww|Wild Charge|p1a: IMMORTAL PHOENIX
|-supereffective|p1a: IMMORTAL PHOENIX
|-damage|p1a: IMMORTAL PHOENIX|0 fnt
|faint|p1a: IMMORTAL PHOENIX
|-damage|p2a: Eww|61/100|[from] Recoil
|
|upkeep
|
|t:|1662924567
|switch|p1a: MY LIL PONY|Calyrex-Shadow|1/100
|-ability|p1a: MY LIL PONY|As One
|-ability|p1a: MY LIL PONY|Unnerve
|turn|11
|
|t:|1662924574
|move|p1a: MY LIL PONY|Nasty Plot|p1a: MY LIL PONY
|-boost|p1a: MY LIL PONY|spa|2
|move|p2a: Eww|Behemoth Blade|p1a: MY LIL PONY
|-damage|p1a: MY LIL PONY|0 fnt
|faint|p1a: MY LIL PONY
|
|upkeep
|
|t:|1662924607
|switch|p1a: Magearna|Magearna|100/100
|turn|12
|
|t:|1662924612
|move|p2a: Eww|Behemoth Blade|p1a: Magearna
|-damage|p1a: Magearna|28/100
|-enditem|p1a: Magearna|Red Card|[of] p2a: Eww
|drag|p2a: Dear Leader|Arceus|100/100
|move|p1a: Magearna|Shift Gear|p1a: Magearna
|-boost|p1a: Magearna|spe|2
|-boost|p1a: Magearna|atk|1
|
|upkeep
|turn|13
|
|t:|1662924622
|move|p2a: Dear Leader|Earthquake|p1a: Magearna
|-supereffective|p1a: Magearna
|-damage|p1a: Magearna|0 fnt
|faint|p1a: Magearna
|
|upkeep
|-message|Ahuehuehue forfeited.
|
|win|ClickForVictory
|raw|Ahuehuehue's rating: 1725 &rarr; <strong>1701</strong><br />(-24 for losing)
|raw|ClickForVictory's rating: 1649 &rarr; <strong>1673</strong><br />(+24 for winning)
|l|☆Ahuehuehue
|c|☆ClickForVictory|gg
