|j|☆Mybrodeletemyname
|j|☆IWSK
|t:|1633583904
|gametype|singles
|player|p1|Mybrodeletemyname|lucas|1576
|player|p2|IWSK|acetrainer-gen4dp|1720
|teamsize|p1|6
|teamsize|p2|6
|gen|8
|tier|[Gen 8] National Dex AG
|rated|
|rule|HP Percentage Mod: HP is shown in percentages
|rule|Endless Battle Clause: Forcing endless battles is banned
|clearpoke
|poke|p1|Marshadow|
|poke|p1|Kyogre|
|poke|p1|Necrozma-Dusk-Mane|
|poke|p1|Calyrex-Shadow|
|poke|p1|Charizard, F|
|poke|p1|Arceus-*|
|poke|p2|Arceus-*|
|poke|p2|Necrozma-Dusk-Mane|
|poke|p2|Gengar, M|
|poke|p2|Ho-Oh|
|poke|p2|Gliscor, M|
|poke|p2|Yveltal|
|teampreview
|inactive|Battle timer is ON: inactive players will automatically lose when time's up. (requested by IWSK)
|
|t:|1633583912
|start
|switch|p1a: Necrozma|Necrozma-Dusk-Mane|100/100
|switch|p2a: Arceus|Arceus-Water|100/100
|turn|1
|
|t:|1633583916
|move|p2a: Arceus|Judgment|p1a: Necrozma
|-crit|p1a: Necrozma
|-damage|p1a: Necrozma|38/100
|move|p1a: Necrozma|Stealth Rock|p2a: Arceus
|-sidestart|p2: IWSK|move: Stealth Rock
|
|upkeep
|turn|2
|
|t:|1633583921
|switch|p1a: Kyogre|Kyogre|100/100
|-weather|RainDance|[from] ability: Drizzle|[of] p1a: Kyogre
|move|p2a: Arceus|Judgment|p1a: Kyogre
|-resisted|p1a: Kyogre
|-damage|p1a: Kyogre|71/100
|
|-weather|RainDance|[upkeep]
|upkeep
|turn|3
|
|t:|1633583929
|move|p1a: Kyogre|Ice Beam|p2a: Arceus
|-resisted|p2a: Arceus
|-damage|p2a: Arceus|89/100
|move|p2a: Arceus|Toxic|p1a: Kyogre
|-status|p1a: Kyogre|tox
|
|-weather|RainDance|[upkeep]
|-damage|p1a: Kyogre|64/100 tox|[from] psn
|upkeep
|turn|4
|
|t:|1633583937
|switch|p1a: Necrozma|Necrozma-Dusk-Mane|38/100
|move|p2a: Arceus|Judgment|p1a: Necrozma
|-damage|p1a: Necrozma|0 fnt
|faint|p1a: Necrozma
|
|-weather|RainDance|[upkeep]
|upkeep
|
|t:|1633583940
|switch|p1a: Kyogre|Kyogre|64/100 tox
|turn|5
|
|t:|1633583946
|move|p1a: Kyogre|Thunder|p2a: Arceus
|-supereffective|p2a: Arceus
|-damage|p2a: Arceus|32/100
|move|p2a: Arceus|Recover|p2a: Arceus
|-heal|p2a: Arceus|82/100
|
|-weather|RainDance|[upkeep]
|-damage|p1a: Kyogre|58/100 tox|[from] psn
|upkeep
|turn|6
|
|t:|1633583954
|switch|p1a: Marshadow|Marshadow|100/100
|switch|p2a: Gliscor|Gliscor, M|100/100
|-damage|p2a: Gliscor|88/100|[from] Stealth Rock
|
|-weather|none
|-status|p2a: Gliscor|tox|[from] item: Toxic Orb
|upkeep
|turn|7
|
|t:|1633583964
|move|p1a: Marshadow|Spectral Thief|p2a: Gliscor
|-damage|p2a: Gliscor|51/100 tox
|move|p2a: Gliscor|Toxic|p1a: Marshadow|[miss]
|-miss|p2a: Gliscor|p1a: Marshadow
|
|-heal|p2a: Gliscor|64/100 tox|[from] ability: Poison Heal
|upkeep
|turn|8
|
|t:|1633583972
|move|p1a: Marshadow|Ice Punch|p2a: Gliscor
|-supereffective|p2a: Gliscor
|-damage|p2a: Gliscor|0 fnt
|faint|p2a: Gliscor
|
|upkeep
|
|t:|1633583978
|switch|p2a: Ho-Oh|Ho-Oh|100/100
|turn|9
|
|t:|1633583984
|move|p1a: Marshadow|Spectral Thief|p2a: Ho-Oh
|-damage|p2a: Ho-Oh|61/100
|move|p2a: Ho-Oh|Defog|p1a: Marshadow
|-unboost|p1a: Marshadow|evasion|1
|-sideend|p2: IWSK|Stealth Rock|[from] move: Defog|[of] p2a: Ho-Oh
|
|upkeep
|turn|10
|
|t:|1633583993
|move|p1a: Marshadow|Ice Punch|p2a: Ho-Oh
|-damage|p2a: Ho-Oh|36/100
|move|p2a: Ho-Oh|Sacred Fire|p1a: Marshadow
|-damage|p1a: Marshadow|46/100
|-status|p1a: Marshadow|brn
|
|-damage|p1a: Marshadow|40/100 brn|[from] brn
|upkeep
|turn|11
|
|t:|1633584002
|switch|p2a: Arceus|Arceus-Water|82/100
|move|p1a: Marshadow|Spectral Thief|p2a: Arceus
|-crit|p2a: Arceus
|-damage|p2a: Arceus|64/100
|
|-damage|p1a: Marshadow|34/100 brn|[from] brn
|upkeep
|turn|12
|
|t:|1633584011
|switch|p1a: Kyogre|Kyogre|58/100 tox
|-weather|RainDance|[from] ability: Drizzle|[of] p1a: Kyogre
|move|p2a: Arceus|Recover|p2a: Arceus
|-heal|p2a: Arceus|100/100
|
|-weather|RainDance|[upkeep]
|-damage|p1a: Kyogre|52/100 tox|[from] psn
|upkeep
|turn|13
|
|t:|1633584021
|move|p1a: Kyogre|Thunder|p2a: Arceus
|-supereffective|p2a: Arceus
|-damage|p2a: Arceus|38/100
|move|p2a: Arceus|Judgment|p1a: Kyogre
|-resisted|p1a: Kyogre
|-damage|p1a: Kyogre|22/100 tox
|
|-weather|RainDance|[upkeep]
|-damage|p1a: Kyogre|10/100 tox|[from] psn
|upkeep
|turn|14
|
|t:|1633584030
|move|p1a: Kyogre|Thunder|p2a: Arceus
|-supereffective|p2a: Arceus
|-damage|p2a: Arceus|0 fnt
|faint|p2a: Arceus
|
|-weather|RainDance|[upkeep]
|-damage|p1a: Kyogre|0 fnt|[from] psn
|faint|p1a: Kyogre
|upkeep
|
|t:|1633584042
|switch|p1a: Marshadow|Marshadow|34/100 brn
|switch|p2a: Ho-Oh|Ho-Oh|69/100
|turn|15
|
|t:|1633584047
|move|p1a: Marshadow|Spectral Thief|p2a: Ho-Oh
|-damage|p2a: Ho-Oh|47/100
|move|p2a: Ho-Oh|Brave Bird|p1a: Marshadow
|-supereffective|p1a: Marshadow
|-damage|p1a: Marshadow|0 fnt
|faint|p1a: Marshadow
|-damage|p2a: Ho-Oh|39/100|[from] Recoil
|
|-weather|RainDance|[upkeep]
|upkeep
|
|t:|1633584052
|switch|p1a: Charizard|Charizard, F|100/100
|turn|16
|
|t:|1633584073
|detailschange|p1a: Charizard|Charizard-Mega-X, F
|-mega|p1a: Charizard|Charizard|Charizardite X
|move|p1a: Charizard|Dragon Dance|p1a: Charizard
|-boost|p1a: Charizard|atk|1
|-boost|p1a: Charizard|spe|1
|move|p2a: Ho-Oh|Brave Bird|p1a: Charizard
|-damage|p1a: Charizard|48/100
|-damage|p2a: Ho-Oh|27/100|[from] Recoil
|
|-weather|none
|upkeep
|turn|17
|
|t:|1633584082
|switch|p2a: Necrozma|Necrozma-Dusk-Mane|100/100
|move|p1a: Charizard|Thunder Punch|p2a: Necrozma
|-damage|p2a: Necrozma|72/100
|-damage|p1a: Charizard|31/100|[from] item: Rocky Helmet|[of] p2a: Necrozma
|
|upkeep
|turn|18
|
|t:|1633584095
|move|p1a: Charizard|Flare Blitz|p2a: Necrozma
|-supereffective|p2a: Necrozma
|-damage|p2a: Necrozma|0 fnt
|-damage|p1a: Charizard|15/100|[from] item: Rocky Helmet|[of] p2a: Necrozma
|faint|p2a: Necrozma
|-damage|p1a: Charizard|0 fnt|[from] Recoil
|faint|p1a: Charizard
|
|upkeep
|
|t:|1633584106
|switch|p1a: Arceus|Arceus|100/100
|switch|p2a: Gengar|Gengar, M|100/100
|turn|19
|
|t:|1633584117
|detailschange|p2a: Gengar|Gengar-Mega, M
|-mega|p2a: Gengar|Gengar|Gengarite
|move|p2a: Gengar|Substitute|p2a: Gengar
|-start|p2a: Gengar|Substitute
|-damage|p2a: Gengar|76/100
|move|p1a: Arceus|Shadow Claw|p2a: Gengar
|-supereffective|p2a: Gengar
|-end|p2a: Gengar|Substitute
|
|upkeep
|turn|20
|
|t:|1633584125
|move|p2a: Gengar|Disable|p1a: Arceus
|-start|p1a: Arceus|Disable|Shadow Claw
|cant|p1a: Arceus|Disable|Shadow Claw
|
|upkeep
|turn|21
|
|t:|1633584130
|-start|p1a: Arceus|Dynamax
|-heal|p1a: Arceus|100/100|[silent]
|move|p2a: Gengar|Perish Song|p2a: Gengar
|-start|p1a: Arceus|perish3|[silent]
|-start|p2a: Gengar|perish3|[silent]
|-fieldactivate|move: Perish Song
|move|p1a: Arceus|Max Phantasm|p2a: Gengar
|-supereffective|p2a: Gengar
|-damage|p2a: Gengar|0 fnt
|faint|p2a: Gengar
|
|-start|p1a: Arceus|perish3
|upkeep
|
|t:|1633584141
|switch|p2a: Ho-Oh|Ho-Oh|60/100
|turn|22
|
|t:|1633584144
|move|p1a: Arceus|Max Strike|p2a: Ho-Oh
|-damage|p2a: Ho-Oh|0 fnt
|faint|p2a: Ho-Oh
|
|-start|p1a: Arceus|perish2
|upkeep
|
|t:|1633584149
|switch|p2a: Yveltal|Yveltal|100/100
|-ability|p2a: Yveltal|Dark Aura
|turn|23
|
|t:|1633584154
|-start|p2a: Yveltal|Dynamax
|-heal|p2a: Yveltal|100/100|[silent]
|move|p1a: Arceus|Max Strike|p2a: Yveltal
|-damage|p2a: Yveltal|73/100
|-unboost|p2a: Yveltal|spe|1
|move|p2a: Yveltal|Max Airstream|p1a: Arceus
|-damage|p1a: Arceus|77/100
|-boost|p2a: Yveltal|spe|1
|
|-heal|p1a: Arceus|80/100|[from] item: Leftovers
|-end|p1a: Arceus|Disable
|-start|p1a: Arceus|perish1
|-end|p1a: Arceus|Dynamax
|-heal|p1a: Arceus|80/100|[silent]
|upkeep
|turn|24
|
|t:|1633584170
|switch|p1a: Calyrex|Calyrex-Shadow|100/100
|-ability|p1a: Calyrex|As One
|-ability|p1a: Calyrex|Unnerve
|move|p2a: Yveltal|Max Ooze|p1a: Calyrex
|-resisted|p1a: Calyrex
|-damage|p1a: Calyrex|80/100
|-boost|p2a: Yveltal|spa|1
|
|upkeep
|turn|25
|
|t:|1633584181
|move|p1a: Calyrex|Trick|p2a: Yveltal
|-activate|p1a: Calyrex|move: Trick|[of] p2a: Yveltal
|-item|p2a: Yveltal|Choice Scarf|[from] move: Trick
|-item|p1a: Calyrex|Assault Vest|[from] move: Trick
|move|p2a: Yveltal|Max Airstream|p1a: Calyrex
|-damage|p1a: Calyrex|4/100
|-boost|p2a: Yveltal|spe|1
|
|-end|p2a: Yveltal|Dynamax
|-heal|p2a: Yveltal|73/100|[silent]
|upkeep
|turn|26
|
|t:|1633584192
|move|p2a: Yveltal|Dark Pulse|p1a: Calyrex
|-supereffective|p1a: Calyrex
|-damage|p1a: Calyrex|0 fnt
|faint|p1a: Calyrex
|
|upkeep
|
|t:|1633584195
|switch|p1a: Arceus|Arceus|80/100
|turn|27
|
|t:|1633584198
|move|p1a: Arceus|Extreme Speed|p2a: Yveltal
|-damage|p2a: Yveltal|36/100
|move|p2a: Yveltal|Dark Pulse|p1a: Arceus
|-damage|p1a: Arceus|21/100
|
|-heal|p1a: Arceus|27/100|[from] item: Leftovers
|upkeep
|turn|28
|
|t:|1633584205
|move|p1a: Arceus|Extreme Speed|p2a: Yveltal
|-crit|p2a: Yveltal
|-damage|p2a: Yveltal|0 fnt
|faint|p2a: Yveltal
|
|win|Mybrodeletemyname
|raw|Mybrodeletemyname's rating: 1576 &rarr; <strong>1604</strong><br />(+28 for winning)
|raw|IWSK's rating: 1720 &rarr; <strong>1692</strong><br />(-28 for losing)
|c|☆Mybrodeletemyname|GG
|l|☆IWSK
