|j|☆niun
|j|☆rowletroost
|t:|1620209166
|gametype|singles
|player|p1|niun|policeman-gen4|1459
|player|p2|rowletroost|misty-gen1rb|1572
|teamsize|p1|6
|teamsize|p2|6
|gen|8
|tier|[Gen 8] National Dex AG
|rated|
|clearpoke
|poke|p1|Ditto|
|poke|p1|Ditto|
|poke|p1|Ditto|
|poke|p1|Ditto|
|poke|p1|Ditto|
|poke|p1|Ditto|
|poke|p2|Arceus-*|
|poke|p2|Xerneas|
|poke|p2|Zacian-Crowned|
|poke|p2|Marshadow|
|poke|p2|Ribombee, F|
|poke|p2|Vivillon-Sun, F|
|rule|HP Percentage Mod: HP is shown in percentages
|rule|Endless Battle Clause: Forcing endless battles is banned
|teampreview
|inactive|Battle timer is ON: inactive players will automatically lose when time's up. (requested by niun)
|c|☆rowletroost|honestly fuck u
|inactive|rowletroost has 120 seconds left.
|inactive|rowletroost has 90 seconds left.
|
|t:|1620209238
|start
|switch|p1a: Ditto|Ditto|100/100
|switch|p2a: Marshadow|Marshadow|100/100
|-transform|p1a: Ditto|p2a: Marshadow|[from] ability: Imposter
|turn|1
|
|t:|1620209248
|move|p2a: Marshadow|Shadow Sneak|p1a: Ditto
|-supereffective|p1a: Ditto
|-damage|p1a: Ditto|28/100
|move|p1a: Ditto|Rock Tomb|p2a: Marshadow
|-resisted|p2a: Marshadow
|-damage|p2a: Marshadow|84/100
|-unboost|p2a: Marshadow|spe|1
|
|upkeep
|turn|2
|
|t:|1620209255
|move|p1a: Ditto|Shadow Sneak|p2a: Marshadow
|-supereffective|p2a: Marshadow
|-damage|p2a: Marshadow|13/100
|move|p2a: Marshadow|Shadow Sneak|p1a: Ditto
|-supereffective|p1a: Ditto
|-damage|p1a: Ditto|0 fnt
|faint|p1a: Ditto
|
|upkeep
|
|t:|1620209262
|switch|p1a: Ditto|Ditto|100/100
|-transform|p1a: Ditto|p2a: Marshadow|[from] ability: Imposter
|turn|3
|
|t:|1620209267
|switch|p2a: Arceus|Arceus-Ground|100/100
|move|p1a: Ditto|Shadow Sneak|p2a: Arceus
|-damage|p2a: Arceus|87/100
|
|upkeep
|turn|4
|
|t:|1620209274
|switch|p1a: Ditto|Ditto|100/100
|-transform|p1a: Ditto|p2a: Arceus|[from] ability: Imposter
|move|p2a: Arceus|Judgment|p1a: Ditto
|-damage|p1a: Ditto|53/100
|
|upkeep
|turn|5
|
|t:|1620209281
|move|p2a: Arceus|Ice Beam|p1a: Ditto
|-supereffective|p1a: Ditto
|-damage|p1a: Ditto|3/100
|move|p1a: Ditto|Recover|p1a: Ditto
|-heal|p1a: Ditto|53/100
|
|upkeep
|turn|6
|
|t:|1620209288
|move|p2a: Arceus|Ice Beam|p1a: Ditto
|-supereffective|p1a: Ditto
|-damage|p1a: Ditto|7/100
|move|p1a: Ditto|Recover|p1a: Ditto
|-heal|p1a: Ditto|57/100
|
|upkeep
|turn|7
|
|t:|1620209293
|move|p2a: Arceus|Ice Beam|p1a: Ditto
|-supereffective|p1a: Ditto
|-damage|p1a: Ditto|10/100
|move|p1a: Ditto|Ice Beam|p2a: Arceus
|-supereffective|p2a: Arceus
|-damage|p2a: Arceus|55/100
|-status|p2a: Arceus|frz
|
|upkeep
|turn|8
|
|t:|1620209301
|move|p1a: Ditto|Recover|p1a: Ditto
|-heal|p1a: Ditto|60/100
|cant|p2a: Arceus|frz
|
|upkeep
|turn|9
|
|t:|1620209305
|cant|p2a: Arceus|frz
|move|p1a: Ditto|Recover|p1a: Ditto
|-heal|p1a: Ditto|100/100
|
|upkeep
|turn|10
|
|t:|1620209310
|move|p1a: Ditto|Ice Beam|p2a: Arceus
|-supereffective|p2a: Arceus
|-damage|p2a: Arceus|24/100 frz
|cant|p2a: Arceus|frz
|
|upkeep
|turn|11
|
|t:|1620209315
|cant|p2a: Arceus|frz
|move|p1a: Ditto|Judgment|p2a: Arceus
|-crit|p2a: Arceus
|-damage|p2a: Arceus|0 fnt
|faint|p2a: Arceus
|
|upkeep
|
|t:|1620209323
|switch|p2a: Vivillon|Vivillon-Sun, F|100/100
|turn|12
|
|t:|1620209329
|move|p2a: Vivillon|Sleep Powder|p1a: Ditto
|-status|p1a: Ditto|slp|[from] move: Sleep Powder
|cant|p1a: Ditto|slp
|
|upkeep
|turn|13
|
|t:|1620209333
|move|p2a: Vivillon|Substitute|p2a: Vivillon
|-start|p2a: Vivillon|Substitute
|-damage|p2a: Vivillon|76/100
|cant|p1a: Ditto|slp
|
|-heal|p2a: Vivillon|82/100|[from] item: Leftovers
|upkeep
|turn|14
|-message|niun forfeited.
|
|win|rowletroost
|raw|niun's rating: 1459 &rarr; <strong>1445</strong><br />(-14 for losing)
|raw|rowletroost's rating: 1572 &rarr; <strong>1586</strong><br />(+14 for winning)
|l|☆niun
