|j|☆ElitetoN
|j|☆Ford Prefect
|t:|1660920571
|gametype|singles
|player|p1|ElitetoN|sabrina-masters|1429
|player|p2|Ford Prefect|170|1516
|teamsize|p1|6
|teamsize|p2|6
|gen|8
|tier|[Gen 8] National Dex AG
|rated|
|rule|HP Percentage Mod: HP is shown in percentages
|rule|Endless Battle Clause: Forcing endless battles is banned
|clearpoke
|poke|p1|Rayquaza|
|poke|p1|Tyranitar, M|
|poke|p1|Ferrothorn, M|
|poke|p1|Victini|
|poke|p1|Kyurem-White|
|poke|p1|Kyogre|
|poke|p2|Rayquaza|
|poke|p2|Groudon|
|poke|p2|Kyogre|
|poke|p2|Necrozma-Dawn-Wings|
|poke|p2|Arceus-*|
|poke|p2|Zacian-*|
|teampreview
|
|t:|1660920578
|start
|switch|p1a: Rayquaza|Rayquaza|100/100
|switch|p2a: Groudon|Groudon|100/100
|-ability|p1a: Rayquaza|Air Lock
|detailschange|p2a: Groudon|Groudon-Primal
|-primal|p2a: Groudon
|-weather|DesolateLand|[from] ability: Desolate Land|[of] p2a: Groudon
|turn|1
|inactive|Battle timer is ON: inactive players will automatically lose when time's up. (requested by ElitetoN)
|
|t:|1660920586
|detailschange|p1a: Rayquaza|Rayquaza-Mega
|-mega|p1a: Rayquaza|Rayquaza|
|-weather|DeltaStream|[from] ability: Delta Stream|[of] p1a: Rayquaza
|move|p1a: Rayquaza|Dragon Dance|p1a: Rayquaza
|-boost|p1a: Rayquaza|atk|1
|-boost|p1a: Rayquaza|spe|1
|move|p2a: Groudon|Stealth Rock|p1a: Rayquaza
|-sidestart|p1: ElitetoN|move: Stealth Rock
|
|-weather|DeltaStream|[upkeep]
|upkeep
|turn|2
|
|t:|1660920594
|move|p1a: Rayquaza|Dragon Dance|p1a: Rayquaza
|-boost|p1a: Rayquaza|atk|1
|-boost|p1a: Rayquaza|spe|1
|move|p2a: Groudon|Heavy Slam|p1a: Rayquaza
|-damage|p1a: Rayquaza|75/100
|
|-weather|DeltaStream|[upkeep]
|upkeep
|turn|3
|
|t:|1660920600
|move|p1a: Rayquaza|Dragon Ascent|p2a: Groudon
|-damage|p2a: Groudon|0 fnt
|-unboost|p1a: Rayquaza|def|1
|-unboost|p1a: Rayquaza|spd|1
|faint|p2a: Groudon
|-damage|p1a: Rayquaza|65/100|[from] item: Life Orb
|
|-weather|DeltaStream|[upkeep]
|upkeep
|
|t:|1660920606
|switch|p2a: Arceus|Arceus|100/100
|turn|4
|
|t:|1660920610
|move|p1a: Rayquaza|Extreme Speed|p2a: Arceus
|-damage|p2a: Arceus|36/100
|-damage|p1a: Rayquaza|55/100|[from] item: Life Orb
|move|p2a: Arceus|Extreme Speed|p1a: Rayquaza
|-damage|p1a: Rayquaza|0 fnt
|faint|p1a: Rayquaza
|-weather|none
|
|upkeep
|
|t:|1660920616
|switch|p1a: Victini|Victini|100/100
|-damage|p1a: Victini|76/100|[from] Stealth Rock
|turn|5
|
|t:|1660920621
|switch|p2a: Kyogre|Kyogre|100/100
|detailschange|p2a: Kyogre|Kyogre-Primal
|-primal|p2a: Kyogre
|-weather|PrimordialSea|[from] ability: Primordial Sea|[of] p2a: Kyogre
|move|p1a: Victini|V-create||[still]
|-fail|p1a: Victini|V-create|[from] Primordial Sea
|
|-weather|PrimordialSea|[upkeep]
|upkeep
|turn|6
|
|t:|1660920630
|switch|p1a: Kyurem|Kyurem-White|100/100
|-damage|p1a: Kyurem|76/100|[from] Stealth Rock
|-ability|p1a: Kyurem|Turboblaze
|move|p2a: Kyogre|Thunder|p1a: Kyurem
|-resisted|p1a: Kyurem
|-damage|p1a: Kyurem|55/100
|
|-weather|PrimordialSea|[upkeep]
|upkeep
|turn|7
|
|t:|1660920643
|-weather|none
|switch|p2a: Zacian|Zacian-Crowned|100/100
|-ability|p2a: Zacian|Intrepid Sword|boost
|-boost|p2a: Zacian|atk|1
|move|p1a: Kyurem|Freeze-Dry|p2a: Zacian
|-resisted|p2a: Zacian
|-crit|p2a: Zacian
|-damage|p2a: Zacian|68/100
|
|upkeep
|turn|8
|
|t:|1660920657
|switch|p1a: Ferrothorn|Ferrothorn, M|100/100
|-damage|p1a: Ferrothorn|94/100|[from] Stealth Rock
|move|p2a: Zacian|Close Combat|p1a: Ferrothorn
|-supereffective|p1a: Ferrothorn
|-damage|p1a: Ferrothorn|0 fnt
|-unboost|p2a: Zacian|def|1
|-unboost|p2a: Zacian|spd|1
|-damage|p2a: Zacian|56/100|[from] ability: Iron Barbs|[of] p1a: Ferrothorn
|-damage|p2a: Zacian|39/100|[from] item: Rocky Helmet|[of] p1a: Ferrothorn
|faint|p1a: Ferrothorn
|
|upkeep
|
|t:|1660920660
|switch|p1a: Victini|Victini|76/100
|-damage|p1a: Victini|51/100|[from] Stealth Rock
|turn|9
|
|t:|1660920674
|switch|p2a: Necrozma|Necrozma-Dawn-Wings|100/100
|move|p1a: Victini|Bolt Strike|p2a: Necrozma
|-damage|p2a: Necrozma|60/100
|
|upkeep
|turn|10
|
|t:|1660920680
|switch|p1a: Tyranitar|Tyranitar, M|100/100
|-damage|p1a: Tyranitar|88/100|[from] Stealth Rock
|-weather|Sandstorm|[from] ability: Sand Stream|[of] p1a: Tyranitar
|detailschange|p2a: Necrozma|Necrozma-Ultra
|-burst|p2a: Necrozma|Necrozma|Ultranecrozium Z
|move|p2a: Necrozma|Moongeist Beam|p1a: Tyranitar
|-resisted|p1a: Tyranitar
|-damage|p1a: Tyranitar|79/100
|
|-weather|Sandstorm|[upkeep]
|-damage|p2a: Necrozma|53/100|[from] Sandstorm
|-heal|p1a: Tyranitar|86/100|[from] item: Leftovers
|upkeep
|turn|11
|
|t:|1660920697
|-activate|p2a: Necrozma|move: Pursuit
|move|p1a: Tyranitar|Pursuit|p2a: Necrozma|[from]Pursuit
|-supereffective|p2a: Necrozma
|-damage|p2a: Necrozma|0 fnt
|faint|p2a: Necrozma
|-hint|A Pokemon can't switch between when it runs out of HP and when it faints
|
|-weather|Sandstorm|[upkeep]
|-heal|p1a: Tyranitar|92/100|[from] item: Leftovers
|upkeep
|
|t:|1660920706
|switch|p2a: Kyogre|Kyogre-Primal|100/100
|-weather|PrimordialSea|[from] ability: Primordial Sea|[of] p2a: Kyogre
|turn|12
|
|t:|1660920712
|move|p2a: Kyogre|Ice Beam|p1a: Tyranitar
|-damage|p1a: Tyranitar|69/100
|move|p1a: Tyranitar|Rock Blast|p2a: Kyogre
|-damage|p2a: Kyogre|89/100
|-damage|p2a: Kyogre|76/100
|-damage|p2a: Kyogre|64/100
|-damage|p2a: Kyogre|53/100
|-damage|p2a: Kyogre|41/100
|-hitcount|p2a: Kyogre|5
|
|-weather|PrimordialSea|[upkeep]
|-heal|p1a: Tyranitar|75/100|[from] item: Leftovers
|upkeep
|turn|13
|
|t:|1660920724
|move|p2a: Kyogre|Surf|p1a: Tyranitar
|-supereffective|p1a: Tyranitar
|-damage|p1a: Tyranitar|0 fnt
|faint|p1a: Tyranitar
|
|-weather|PrimordialSea|[upkeep]
|upkeep
|
|t:|1660920731
|switch|p1a: Victini|Victini|51/100
|-damage|p1a: Victini|26/100|[from] Stealth Rock
|turn|14
|
|t:|1660920735
|-weather|none
|switch|p2a: Rayquaza|Rayquaza|100/100
|-ability|p2a: Rayquaza|Air Lock
|move|p1a: Victini|Bolt Strike|p2a: Rayquaza
|-damage|p2a: Rayquaza|54/100
|
|upkeep
|turn|15
|
|t:|1660920745
|switch|p1a: Kyurem|Kyurem-White|55/100
|-damage|p1a: Kyurem|30/100|[from] Stealth Rock
|-ability|p1a: Kyurem|Turboblaze
|move|p2a: Rayquaza|Dragon Ascent|p1a: Kyurem
|-damage|p1a: Kyurem|0 fnt
|-unboost|p2a: Rayquaza|def|1
|-unboost|p2a: Rayquaza|spd|1
|faint|p1a: Kyurem
|
|upkeep
|
|t:|1660920749
|switch|p1a: Kyogre|Kyogre|100/100
|-damage|p1a: Kyogre|88/100|[from] Stealth Rock
|-weather|RainDance|[from] ability: Drizzle|[of] p1a: Kyogre
|turn|16
|
|t:|1660920759
|detailschange|p2a: Rayquaza|Rayquaza-Mega
|-mega|p2a: Rayquaza|Rayquaza|
|-weather|DeltaStream|[from] ability: Delta Stream|[of] p2a: Rayquaza
|move|p1a: Kyogre|Ice Beam|p2a: Rayquaza
|-activate||deltastream
|-supereffective|p2a: Rayquaza
|-damage|p2a: Rayquaza|0 fnt
|faint|p2a: Rayquaza
|-weather|none
|
|upkeep
|
|t:|1660920767
|switch|p2a: Kyogre|Kyogre-Primal|41/100
|-weather|PrimordialSea|[from] ability: Primordial Sea|[of] p2a: Kyogre
|turn|17
|
|t:|1660920779
|-start|p1a: Kyogre|Dynamax|
|-heal|p1a: Kyogre|88/100|[silent]
|move|p2a: Kyogre|Thunder|p1a: Kyogre
|-supereffective|p1a: Kyogre
|-damage|p1a: Kyogre|55/100
|-status|p1a: Kyogre|par
|cant|p1a: Kyogre|par
|
|-weather|PrimordialSea|[upkeep]
|upkeep
|turn|18
|
|t:|1660920789
|move|p2a: Kyogre|Thunder|p1a: Kyogre
|-supereffective|p1a: Kyogre
|-damage|p1a: Kyogre|23/100 par
|move|p1a: Kyogre|Max Lightning|p2a: Kyogre
|-supereffective|p2a: Kyogre
|-damage|p2a: Kyogre|0 fnt
|-fieldstart|move: Electric Terrain
|faint|p2a: Kyogre
|-weather|none
|
|upkeep
|
|t:|1660920797
|switch|p2a: Zacian|Zacian-Crowned|39/100
|-ability|p2a: Zacian|Intrepid Sword|boost
|-boost|p2a: Zacian|atk|1
|turn|19
|
|t:|1660920803
|move|p2a: Zacian|Play Rough|p1a: Kyogre
|-damage|p1a: Kyogre|0 fnt
|faint|p1a: Kyogre
|
|upkeep
|
|t:|1660920805
|switch|p1a: Victini|Victini|26/100
|-damage|p1a: Victini|1/100|[from] Stealth Rock
|turn|20
|
|t:|1660920810
|move|p1a: Victini|V-create|p2a: Zacian
|-supereffective|p2a: Zacian
|-damage|p2a: Zacian|0 fnt
|-unboost|p1a: Victini|spe|1
|-unboost|p1a: Victini|def|1
|-unboost|p1a: Victini|spd|1
|faint|p2a: Zacian
|
|upkeep
|
|t:|1660920816
|switch|p2a: Arceus|Arceus|36/100
|turn|21
|
|t:|1660920819
|move|p2a: Arceus|Extreme Speed|p1a: Victini
|-damage|p1a: Victini|0 fnt
|faint|p1a: Victini
|
|win|Ford Prefect
|raw|ElitetoN's rating: 1429 &rarr; <strong>1414</strong><br />(-15 for losing)
|raw|Ford Prefect's rating: 1516 &rarr; <strong>1531</strong><br />(+15 for winning)
|l|☆ElitetoN
