|j|☆coolthingdude
|j|☆DarkboiJ
|t:|1665681766
|gametype|singles
|player|p1|coolthingdude|byron|1803
|player|p2|DarkboiJ|blue-gen3two|1837
|teamsize|p1|6
|teamsize|p2|6
|gen|8
|tier|[Gen 8] National Dex AG
|rated|
|rule|HP Percentage Mod: HP is shown in percentages
|rule|Endless Battle Clause: Forcing endless battles is banned
|clearpoke
|poke|p1|Xerneas-*|
|poke|p1|Zygarde|
|poke|p1|Dialga|
|poke|p1|Zacian-*|
|poke|p1|Groudon|
|poke|p1|Ditto|
|poke|p2|Arceus-*|
|poke|p2|Ditto|
|poke|p2|Necrozma-Dusk-Mane|
|poke|p2|Solgaleo|
|poke|p2|Groudon|
|poke|p2|Ho-Oh|
|teampreview
|inactive|Battle timer is ON: inactive players will automatically lose when time's up. (requested by DarkboiJ)
|
|t:|1665681795
|start
|switch|p1a: Bork|Dialga|100/100
|switch|p2a: 💥|Groudon|100/100
|-ability|p1a: Bork|Pressure
|detailschange|p2a: 💥|Groudon-Primal
|-primal|p2a: 💥
|-weather|DesolateLand|[from] ability: Desolate Land|[of] p2a: 💥
|turn|1
|inactive|coolthingdude has 120 seconds left.
|
|t:|1665681836
|move|p2a: 💥|Precipice Blades|p1a: Bork
|-supereffective|p1a: Bork
|-crit|p1a: Bork
|-damage|p1a: Bork|0 fnt
|faint|p1a: Bork
|
|-weather|DesolateLand|[upkeep]
|upkeep
|
|t:|1665681841
|switch|p1a: Zygarde|Zygarde|100/100
|turn|2
|
|t:|1665681846
|move|p1a: Zygarde|Glare|p2a: 💥
|-status|p2a: 💥|par
|move|p2a: 💥|Stealth Rock|p1a: Zygarde
|-sidestart|p1: coolthingdude|move: Stealth Rock
|
|-weather|DesolateLand|[upkeep]
|upkeep
|turn|3
|
|t:|1665681854
|move|p1a: Zygarde|Substitute|p1a: Zygarde
|-start|p1a: Zygarde|Substitute
|-damage|p1a: Zygarde|75/100
|move|p2a: 💥|Dragon Tail|p1a: Zygarde
|-supereffective|p1a: Zygarde
|-end|p1a: Zygarde|Substitute
|
|-weather|DesolateLand|[upkeep]
|-heal|p1a: Zygarde|82/100|[from] item: Leftovers
|upkeep
|turn|4
|
|t:|1665681859
|-weather|none
|switch|p2a: 🌈|Ho-Oh|100/100
|move|p1a: Zygarde|Substitute|p1a: Zygarde
|-start|p1a: Zygarde|Substitute
|-damage|p1a: Zygarde|57/100
|
|-heal|p1a: Zygarde|63/100|[from] item: Leftovers
|upkeep
|turn|5
|
|t:|1665681862
|move|p1a: Zygarde|Glare|p2a: 🌈
|-status|p2a: 🌈|par
|cant|p2a: 🌈|par
|
|-heal|p1a: Zygarde|69/100|[from] item: Leftovers
|upkeep
|turn|6
|
|t:|1665681865
|move|p1a: Zygarde|Coil|p1a: Zygarde
|-boost|p1a: Zygarde|atk|1
|-boost|p1a: Zygarde|def|1
|-boost|p1a: Zygarde|accuracy|1
|move|p2a: 🌈|Whirlwind|p1a: Zygarde
|drag|p1a: imposter|Ditto|100/100
|-damage|p1a: imposter|88/100|[from] Stealth Rock
|-transform|p1a: imposter|p2a: 🌈|[from] ability: Imposter
|
|upkeep
|turn|7
|
|t:|1665681875
|switch|p1a: Zygarde|Zygarde|69/100
|-damage|p1a: Zygarde|63/100|[from] Stealth Rock
|move|p2a: 🌈|Toxic|p1a: Zygarde
|-status|p1a: Zygarde|tox
|
|-heal|p1a: Zygarde|69/100 tox|[from] item: Leftovers
|-damage|p1a: Zygarde|63/100 tox|[from] psn
|upkeep
|turn|8
|
|t:|1665681879
|move|p1a: Zygarde|Thousand Arrows|p2a: 🌈
|-damage|p2a: 🌈|65/100 par
|-start|p2a: 🌈|Smack Down
|move|p2a: 🌈|Whirlwind|p1a: Zygarde
|drag|p1a: Primail|Groudon|100/100
|-damage|p1a: Primail|94/100|[from] Stealth Rock
|detailschange|p1a: Primail|Groudon-Primal
|-primal|p1a: Primail
|-weather|DesolateLand|[from] ability: Desolate Land|[of] p1a: Primail
|
|-weather|DesolateLand|[upkeep]
|upkeep
|turn|9
|
|t:|1665681885
|switch|p2a: 💥|Groudon-Primal|100/100 par
|move|p1a: Primail|Earth Power|p2a: 💥
|-supereffective|p2a: 💥
|-damage|p2a: 💥|3/100 par
|
|-weather|DesolateLand|[upkeep]
|upkeep
|turn|10
|
|t:|1665681890
|move|p1a: Primail|Lava Plume|p2a: 💥
|-resisted|p2a: 💥
|-damage|p2a: 💥|0 fnt
|faint|p2a: 💥
|
|-weather|DesolateLand|[upkeep]
|upkeep
|
|t:|1665681893
|switch|p2a: Kriti Sanon💋|Ditto|100/100
|-transform|p2a: Kriti Sanon💋|p1a: Primail|[from] ability: Imposter
|turn|11
|
|t:|1665681898
|switch|p1a: Zygarde|Zygarde|63/100 tox
|-damage|p1a: Zygarde|57/100 tox|[from] Stealth Rock
|move|p2a: Kriti Sanon💋|Earth Power|p1a: Zygarde
|-damage|p1a: Zygarde|11/100 tox
|
|-weather|DesolateLand|[upkeep]
|-heal|p1a: Zygarde|17/100 tox|[from] item: Leftovers
|-damage|p1a: Zygarde|11/100 tox|[from] psn
|-activate|p1a: Zygarde|ability: Power Construct
|detailschange|p1a: Zygarde|Zygarde-Complete
|-heal|p1a: Zygarde|41/100 tox|[silent]
|upkeep
|turn|12
|
|t:|1665681907
|-weather|none
|switch|p2a: 🌈|Ho-Oh|98/100 par
|move|p1a: Zygarde|Thousand Arrows|p2a: 🌈
|-damage|p2a: 🌈|67/100 par
|-start|p2a: 🌈|Smack Down
|
|-heal|p1a: Zygarde|47/100 tox|[from] item: Leftovers
|-damage|p1a: Zygarde|35/100 tox|[from] psn
|upkeep
|turn|13
|
|t:|1665681922
|move|p1a: Zygarde|Thousand Arrows|p2a: 🌈
|-supereffective|p2a: 🌈
|-damage|p2a: 🌈|0 fnt
|faint|p2a: 🌈
|
|-heal|p1a: Zygarde|41/100 tox|[from] item: Leftovers
|-damage|p1a: Zygarde|23/100 tox|[from] psn
|upkeep
|
|t:|1665681932
|switch|p2a: 👑|Arceus|100/100
|turn|14
|
|t:|1665681936
|move|p2a: 👑|Swords Dance|p2a: 👑
|-boost|p2a: 👑|atk|2
|move|p1a: Zygarde|Thousand Arrows|p2a: 👑
|-damage|p2a: 👑|78/100
|
|-heal|p1a: Zygarde|29/100 tox|[from] item: Leftovers
|-damage|p1a: Zygarde|4/100 tox|[from] psn
|upkeep
|turn|15
|
|t:|1665681941
|move|p2a: 👑|Extreme Speed|p1a: Zygarde
|-damage|p1a: Zygarde|0 fnt
|faint|p1a: Zygarde
|
|upkeep
|
|t:|1665681944
|switch|p1a: imposter|Ditto|100/100
|-damage|p1a: imposter|88/100|[from] Stealth Rock
|-transform|p1a: imposter|p2a: 👑|[from] ability: Imposter
|turn|16
|
|t:|1665681953
|move|p1a: imposter|Extreme Speed|p2a: 👑
|-damage|p2a: 👑|22/100
|move|p2a: 👑|Extreme Speed|p1a: imposter
|-damage|p1a: imposter|4/100
|
|upkeep
|turn|17
|
|t:|1665681959
|switch|p2a: 🦁👑|Solgaleo, shiny|100/100
|move|p1a: imposter|Extreme Speed|p2a: 🦁👑
|-resisted|p2a: 🦁👑
|-damage|p2a: 🦁👑|68/100
|
|upkeep
|turn|18
|
|t:|1665681964
|-start|p1a: imposter|Dynamax|
|-heal|p1a: imposter|4/100|[silent]
|move|p2a: 🦁👑|Earthquake|p1a: imposter
|-crit|p1a: imposter
|-damage|p1a: imposter|0 fnt
|faint|p1a: imposter
|
|upkeep
|
|t:|1665681974
|switch|p1a: FAT|Xerneas|100/100
|-damage|p1a: FAT|88/100|[from] Stealth Rock
|-ability|p1a: FAT|Fairy Aura
|turn|19
|
|t:|1665681981
|switch|p2a: 🦁|Necrozma-Dusk-Mane|100/100
|move|p1a: FAT|Geomancy||[still]
|-prepare|p1a: FAT|Geomancy
|-enditem|p1a: FAT|Power Herb
|-anim|p1a: FAT|Geomancy|p1a: FAT
|-boost|p1a: FAT|spa|2
|-boost|p1a: FAT|spd|2
|-boost|p1a: FAT|spe|2
|
|upkeep
|turn|20
|
|t:|1665681984
|-start|p2a: 🦁|Dynamax|
|-heal|p2a: 🦁|100/100|[silent]
|move|p1a: FAT|Hidden Power|p2a: 🦁
|-supereffective|p2a: 🦁
|-damage|p2a: 🦁|80/100
|-enditem|p2a: 🦁|Weakness Policy
|-boost|p2a: 🦁|atk|2|[from] item: Weakness Policy
|-boost|p2a: 🦁|spa|2|[from] item: Weakness Policy
|move|p2a: 🦁|Max Steelspike|p1a: FAT
|-supereffective|p1a: FAT
|-damage|p1a: FAT|0 fnt
|-boost|p2a: 🦁|def|1
|faint|p1a: FAT
|
|upkeep
|
|t:|1665681993
|switch|p1a: Primail|Groudon-Primal|94/100
|-damage|p1a: Primail|82/100|[from] Stealth Rock
|-weather|DesolateLand|[from] ability: Desolate Land|[of] p1a: Primail
|turn|21
|
|t:|1665681996
|move|p1a: Primail|Lava Plume|p2a: 🦁
|-supereffective|p2a: 🦁
|-damage|p2a: 🦁|50/100
|move|p2a: 🦁|Max Quake|p1a: Primail
|-supereffective|p1a: Primail
|-damage|p1a: Primail|0 fnt
|-boost|p2a: 🦁|spd|1
|faint|p1a: Primail
|-weather|none
|
|upkeep
|-message|coolthingdude forfeited.
|
|win|DarkboiJ
|raw|coolthingdude's rating: 1803 &rarr; <strong>1785</strong><br />(-18 for losing)
|raw|DarkboiJ's rating: 1837 &rarr; <strong>1855</strong><br />(+18 for winning)
|l|☆coolthingdude
|j| sadasdasdsad
