|j|☆Traapcardactivated
|j|☆DragoniteSW
|t:|1667702195
|gametype|singles
|player|p1|Traapcardactivated|benga|1539
|player|p2|DragoniteSW|steven|1826
|teamsize|p1|6
|teamsize|p2|6
|gen|8
|tier|[Gen 8] National Dex AG
|rated|
|rule|HP Percentage Mod: HP is shown in percentages
|rule|Endless Battle Clause: Forcing endless battles is banned
|clearpoke
|poke|p1|Clefable, F|
|poke|p1|Clefable, F|
|poke|p1|Pyukumuku, M|
|poke|p1|Pyukumuku, M|
|poke|p1|Clefable, F|
|poke|p1|Bellossom, M|
|poke|p2|Arceus-*|
|poke|p2|Arceus-*|
|poke|p2|Arceus-*|
|poke|p2|Arceus-*|
|poke|p2|Arceus-*|
|poke|p2|Arceus-*|
|teampreview
|inactive|Battle timer is ON: inactive players will automatically lose when time's up. (requested by DragoniteSW)
|
|t:|1667702200
|start
|switch|p1a: Pyukumuku|Pyukumuku, M|100/100
|switch|p2a: Sky|Arceus-Flying|100/100
|turn|1
|
|t:|1667702203
|move|p2a: Sky|Substitute|p2a: Sky
|-start|p2a: Sky|Substitute
|-damage|p2a: Sky|76/100
|move|p1a: Pyukumuku|Substitute|p1a: Pyukumuku
|-start|p1a: Pyukumuku|Substitute
|-damage|p1a: Pyukumuku|76/100
|
|-heal|p1a: Pyukumuku|82/100|[from] item: Leftovers
|upkeep
|turn|2
|
|t:|1667702212
|move|p2a: Sky|Judgment|p1a: Pyukumuku
|-end|p1a: Pyukumuku|Substitute
|move|p1a: Pyukumuku|Double Team|p1a: Pyukumuku
|-boost|p1a: Pyukumuku|evasion|1
|
|-heal|p1a: Pyukumuku|88/100|[from] item: Leftovers
|upkeep
|turn|3
|
|t:|1667702224
|switch|p2a: Ground|Arceus-Ground|100/100
|move|p1a: Pyukumuku|Substitute|p1a: Pyukumuku
|-start|p1a: Pyukumuku|Substitute
|-damage|p1a: Pyukumuku|63/100
|
|-heal|p1a: Pyukumuku|69/100|[from] item: Leftovers
|upkeep
|turn|4
|
|t:|1667702229
|move|p1a: Pyukumuku|Double Team|p1a: Pyukumuku
|-boost|p1a: Pyukumuku|evasion|1
|move|p2a: Ground|Roar|p1a: Pyukumuku
|drag|p1a: Pyukumuku|Pyukumuku, M|100/100
|
|upkeep
|turn|5
|
|t:|1667702235
|move|p2a: Ground|Judgment|p1a: Pyukumuku
|-damage|p1a: Pyukumuku|64/100
|move|p1a: Pyukumuku|Reflect|p1a: Pyukumuku
|-sidestart|p1: Traapcardactivated|Reflect
|
|upkeep
|turn|6
|
|t:|1667702241
|move|p2a: Ground|Stealth Rock|p1a: Pyukumuku
|-sidestart|p1: Traapcardactivated|move: Stealth Rock
|move|p1a: Pyukumuku|Light Screen|p1a: Pyukumuku
|-sidestart|p1: Traapcardactivated|move: Light Screen
|
|upkeep
|turn|7
|
|t:|1667702247
|move|p2a: Ground|Defog|p1a: Pyukumuku
|-unboost|p1a: Pyukumuku|evasion|1
|-sideend|p1: Traapcardactivated|Reflect
|-sideend|p1: Traapcardactivated|move: Light Screen
|-sideend|p1: Traapcardactivated|Stealth Rock|[from] move: Defog|[of] p2a: Ground
|move|p1a: Pyukumuku|Recover|p1a: Pyukumuku
|-heal|p1a: Pyukumuku|100/100
|
|upkeep
|turn|8
|
|t:|1667702255
|move|p2a: Ground|Stealth Rock|p1a: Pyukumuku
|-sidestart|p1: Traapcardactivated|move: Stealth Rock
|move|p1a: Pyukumuku|Light Screen|p1a: Pyukumuku
|-sidestart|p1: Traapcardactivated|move: Light Screen
|
|upkeep
|turn|9
|
|t:|1667702259
|move|p1a: Pyukumuku|Reflect|p1a: Pyukumuku
|-sidestart|p1: Traapcardactivated|Reflect
|move|p2a: Ground|Roar|p1a: Pyukumuku
|drag|p1a: Clefable|Clefable, F|100/100
|-damage|p1a: Clefable|88/100|[from] Stealth Rock
|
|-heal|p1a: Clefable|94/100|[from] item: Leftovers
|upkeep
|turn|10
|
|t:|1667702267
|move|p1a: Clefable|Cosmic Power|p1a: Clefable
|-boost|p1a: Clefable|def|1
|-boost|p1a: Clefable|spd|1
|move|p2a: Ground|Roar|p1a: Clefable
|drag|p1a: Pyukumuku|Pyukumuku, M|100/100
|-damage|p1a: Pyukumuku|88/100|[from] Stealth Rock
|
|upkeep
|turn|11
|
|t:|1667702273
|move|p2a: Ground|Judgment|p1a: Pyukumuku
|-damage|p1a: Pyukumuku|72/100
|move|p1a: Pyukumuku|Recover|p1a: Pyukumuku
|-heal|p1a: Pyukumuku|100/100
|
|upkeep
|turn|12
|
|t:|1667702289
|move|p2a: Ground|Defog|p1a: Pyukumuku
|-unboost|p1a: Pyukumuku|evasion|1
|-sideend|p1: Traapcardactivated|Reflect
|-sideend|p1: Traapcardactivated|move: Light Screen
|-sideend|p1: Traapcardactivated|Stealth Rock|[from] move: Defog|[of] p2a: Ground
|move|p1a: Pyukumuku|Recover||[still]
|-fail|p1a: Pyukumuku|heal
|
|upkeep
|turn|13
|
|t:|1667702296
|move|p2a: Ground|Stealth Rock|p1a: Pyukumuku
|-sidestart|p1: Traapcardactivated|move: Stealth Rock
|move|p1a: Pyukumuku|Light Screen|p1a: Pyukumuku
|-sidestart|p1: Traapcardactivated|move: Light Screen
|
|upkeep
|turn|14
|
|t:|1667702313
|switch|p2a: Arceus|Arceus|100/100
|move|p1a: Pyukumuku|Reflect|p1a: Pyukumuku
|-sidestart|p1: Traapcardactivated|Reflect
|
|upkeep
|turn|15
|inactive|DragoniteSW has 120 seconds left.
|
|t:|1667702360
|move|p2a: Arceus|Swords Dance|p2a: Arceus
|-boost|p2a: Arceus|atk|2
|move|p1a: Pyukumuku|Baton Pass|p1a: Pyukumuku
|
|t:|1667702367
|switch|p1a: Bellossom|Bellossom, M|100/100|[from]move: Baton Pass
|-damage|p1a: Bellossom|88/100|[from] Stealth Rock
|
|-heal|p1a: Bellossom|94/100|[from] item: Leftovers
|upkeep
|turn|16
|
|t:|1667702376
|move|p2a: Arceus|Swords Dance|p2a: Arceus
|-boost|p2a: Arceus|atk|2
|move|p1a: Bellossom|Ingrain|p1a: Bellossom
|-start|p1a: Bellossom|move: Ingrain
|
|-heal|p1a: Bellossom|100/100|[from] item: Leftovers
|upkeep
|turn|17
|
|t:|1667702384
|move|p2a: Arceus|Swords Dance|p2a: Arceus
|-boost|p2a: Arceus|atk|2
|move|p1a: Bellossom|Baton Pass|p1a: Bellossom
|
|t:|1667702392
|switch|p1a: Pyukumuku|Pyukumuku, M|100/100|[from]move: Baton Pass
|-damage|p1a: Pyukumuku|88/100|[from] Stealth Rock
|
|-heal|p1a: Pyukumuku|94/100|[from] Ingrain
|upkeep
|turn|18
|c|☆DragoniteSW|What u doing man
|
|t:|1667702401
|move|p2a: Arceus|Shadow Claw|p1a: Pyukumuku
|-damage|p1a: Pyukumuku|80/100
|-damage|p2a: Arceus|91/100|[from] item: Life Orb
|move|p1a: Pyukumuku|Light Screen||[still]
|-fail|p1a: Pyukumuku
|
|-heal|p1a: Pyukumuku|86/100|[from] Ingrain
|upkeep
|turn|19
|
|t:|1667702412
|move|p2a: Arceus|Shadow Claw|p1a: Pyukumuku
|-damage|p1a: Pyukumuku|71/100
|-damage|p2a: Arceus|81/100|[from] item: Life Orb
|move|p1a: Pyukumuku|Reflect||[still]
|-fail|p1a: Pyukumuku
|
|-heal|p1a: Pyukumuku|77/100|[from] Ingrain
|upkeep
|turn|20
|
|t:|1667702420
|move|p2a: Arceus|Shadow Claw|p1a: Pyukumuku
|-damage|p1a: Pyukumuku|62/100
|-damage|p2a: Arceus|71/100|[from] item: Life Orb
|move|p1a: Pyukumuku|Light Screen||[still]
|-fail|p1a: Pyukumuku
|
|-heal|p1a: Pyukumuku|68/100|[from] Ingrain
|-sideend|p1: Traapcardactivated|move: Light Screen
|upkeep
|turn|21
|inactive|DragoniteSW has 120 seconds left.
|
|t:|1667702444
|move|p2a: Arceus|Shadow Claw|p1a: Pyukumuku
|-damage|p1a: Pyukumuku|55/100
|-damage|p2a: Arceus|61/100|[from] item: Life Orb
|move|p1a: Pyukumuku|Light Screen|p1a: Pyukumuku
|-sidestart|p1: Traapcardactivated|move: Light Screen
|
|-heal|p1a: Pyukumuku|61/100|[from] Ingrain
|-sideend|p1: Traapcardactivated|Reflect
|upkeep
|turn|22
|inactive|DragoniteSW has 120 seconds left.
|
|t:|1667702468
|move|p2a: Arceus|Extreme Speed|p1a: Pyukumuku
|-damage|p1a: Pyukumuku|12/100
|-damage|p2a: Arceus|51/100|[from] item: Life Orb
|move|p1a: Pyukumuku|Reflect|p1a: Pyukumuku
|-sidestart|p1: Traapcardactivated|Reflect
|
|-heal|p1a: Pyukumuku|18/100|[from] Ingrain
|upkeep
|turn|23
|
|t:|1667702479
|-start|p1a: Pyukumuku|Dynamax|
|-heal|p1a: Pyukumuku|18/100|[silent]
|move|p1a: Pyukumuku|Max Guard|p1a: Pyukumuku
|-singleturn|p1a: Pyukumuku|Max Guard
|move|p2a: Arceus|Extreme Speed|p1a: Pyukumuku
|-activate|p1a: Pyukumuku|move: Max Guard
|
|-heal|p1a: Pyukumuku|21/100|[from] Ingrain
|upkeep
|turn|24
|
|t:|1667702485
|move|p1a: Pyukumuku|Max Guard||[still]
|-fail|p1a: Pyukumuku
|move|p2a: Arceus|Recover|p2a: Arceus
|-heal|p2a: Arceus|100/100
|
|-heal|p1a: Pyukumuku|24/100|[from] Ingrain
|upkeep
|turn|25
|inactive|DragoniteSW has 120 seconds left.
|
|t:|1667702492
|move|p1a: Pyukumuku|Max Guard|p1a: Pyukumuku
|-singleturn|p1a: Pyukumuku|Max Guard
|move|p2a: Arceus|Shadow Claw|p1a: Pyukumuku
|-activate|p1a: Pyukumuku|move: Max Guard
|
|-heal|p1a: Pyukumuku|27/100|[from] Ingrain
|upkeep
|-end|p1a: Pyukumuku|Dynamax
|-heal|p1a: Pyukumuku|27/100|[silent]
|turn|26
|
|t:|1667702499
|move|p2a: Arceus|Shadow Claw|p1a: Pyukumuku
|-damage|p1a: Pyukumuku|12/100
|-damage|p2a: Arceus|91/100|[from] item: Life Orb
|move|p1a: Pyukumuku|Recover|p1a: Pyukumuku
|-heal|p1a: Pyukumuku|62/100
|
|-heal|p1a: Pyukumuku|68/100|[from] Ingrain
|upkeep
|turn|27
|
|t:|1667702507
|move|p2a: Arceus|Shadow Claw|p1a: Pyukumuku
|-damage|p1a: Pyukumuku|52/100
|-damage|p2a: Arceus|81/100|[from] item: Life Orb
|move|p1a: Pyukumuku|Recover|p1a: Pyukumuku
|-heal|p1a: Pyukumuku|100/100
|
|upkeep
|turn|28
|
|t:|1667702515
|move|p2a: Arceus|Shadow Claw|p1a: Pyukumuku
|-crit|p1a: Pyukumuku
|-damage|p1a: Pyukumuku|59/100
|-damage|p2a: Arceus|71/100|[from] item: Life Orb
|move|p1a: Pyukumuku|Baton Pass|p1a: Pyukumuku
|
|t:|1667702521
|switch|p1a: Pyukumuku|Pyukumuku, M|69/100|[from]move: Baton Pass
|-damage|p1a: Pyukumuku|56/100|[from] Stealth Rock
|
|-heal|p1a: Pyukumuku|62/100|[from] item: Leftovers
|-heal|p1a: Pyukumuku|69/100|[from] Ingrain
|-sideend|p1: Traapcardactivated|move: Light Screen
|upkeep
|turn|29
|
|t:|1667702533
|move|p2a: Arceus|Shadow Claw|p1a: Pyukumuku
|-damage|p1a: Pyukumuku|57/100
|-damage|p2a: Arceus|61/100|[from] item: Life Orb
|move|p1a: Pyukumuku|Recover|p1a: Pyukumuku
|-heal|p1a: Pyukumuku|100/100
|
|-sideend|p1: Traapcardactivated|Reflect
|upkeep
|turn|30
|
|t:|1667702544
|-start|p2a: Arceus|Dynamax|
|-heal|p2a: Arceus|61/100|[silent]
|move|p2a: Arceus|Max Phantasm|p1a: Pyukumuku
|-crit|p1a: Pyukumuku
|-damage|p1a: Pyukumuku|48/100
|-unboost|p1a: Pyukumuku|def|1
|-damage|p2a: Arceus|56/100|[from] item: Life Orb
|move|p1a: Pyukumuku|Substitute|p1a: Pyukumuku
|-start|p1a: Pyukumuku|Substitute
|-damage|p1a: Pyukumuku|23/100
|
|-heal|p1a: Pyukumuku|29/100|[from] item: Leftovers
|-heal|p1a: Pyukumuku|35/100|[from] Ingrain
|upkeep
|turn|31
|
|t:|1667702557
|move|p2a: Arceus|Max Phantasm|p1a: Pyukumuku
|-end|p1a: Pyukumuku|Substitute
|-unboost|p1a: Pyukumuku|def|1
|-damage|p2a: Arceus|51/100|[from] item: Life Orb
|move|p1a: Pyukumuku|Recover|p1a: Pyukumuku
|-heal|p1a: Pyukumuku|85/100
|
|-heal|p1a: Pyukumuku|92/100|[from] item: Leftovers
|-heal|p1a: Pyukumuku|98/100|[from] Ingrain
|upkeep
|turn|32
|
|t:|1667702565
|move|p2a: Arceus|Max Strike|p1a: Pyukumuku
|-damage|p1a: Pyukumuku|0 fnt
|faint|p1a: Pyukumuku
|-damage|p2a: Arceus|46/100|[from] item: Life Orb
|
|upkeep
|
|t:|1667702583
|switch|p1a: Pyukumuku|Pyukumuku, M|59/100
|-damage|p1a: Pyukumuku|47/100|[from] Stealth Rock
|-end|p2a: Arceus|Dynamax
|-heal|p2a: Arceus|46/100|[silent]
|turn|33
|
|t:|1667702587
|move|p2a: Arceus|Extreme Speed|p1a: Pyukumuku
|-damage|p1a: Pyukumuku|0 fnt
|faint|p1a: Pyukumuku
|-damage|p2a: Arceus|36/100|[from] item: Life Orb
|
|upkeep
|
|t:|1667702590
|switch|p1a: Clefable|Clefable, F|94/100
|-damage|p1a: Clefable|82/100|[from] Stealth Rock
|turn|34
|c|☆DragoniteSW|Gg lol
|
|t:|1667702595
|move|p2a: Arceus|Shadow Claw|p1a: Clefable
|-damage|p1a: Clefable|58/100
|-damage|p2a: Arceus|26/100|[from] item: Life Orb
|move|p1a: Clefable|Cosmic Power|p1a: Clefable
|-boost|p1a: Clefable|def|1
|-boost|p1a: Clefable|spd|1
|
|-heal|p1a: Clefable|64/100|[from] item: Leftovers
|upkeep
|turn|35
|
|t:|1667702602
|move|p2a: Arceus|Extreme Speed|p1a: Clefable
|-damage|p1a: Clefable|37/100
|-damage|p2a: Arceus|16/100|[from] item: Life Orb
|move|p1a: Clefable|Cosmic Power|p1a: Clefable
|-boost|p1a: Clefable|def|1
|-boost|p1a: Clefable|spd|1
|
|-heal|p1a: Clefable|43/100|[from] item: Leftovers
|upkeep
|turn|36
|
|t:|1667702610
|switch|p2a: Ground|Arceus-Ground|100/100
|move|p1a: Clefable|Soft-Boiled|p1a: Clefable
|-heal|p1a: Clefable|93/100
|
|-heal|p1a: Clefable|99/100|[from] item: Leftovers
|upkeep
|turn|37
|
|t:|1667702614
|move|p1a: Clefable|Baton Pass|p1a: Clefable
|
|t:|1667702617
|switch|p1a: Bellossom|Bellossom, M|100/100|[from]move: Baton Pass
|-damage|p1a: Bellossom|88/100|[from] Stealth Rock
|move|p2a: Ground|Roar|p1a: Bellossom
|drag|p1a: Clefable|Clefable, F|99/100
|-damage|p1a: Clefable|87/100|[from] Stealth Rock
|
|-heal|p1a: Clefable|93/100|[from] item: Leftovers
|upkeep
|turn|38
|
|t:|1667702634
|switch|p2a: Special|Arceus-Dark|100/100
|move|p1a: Clefable|Minimize|p1a: Clefable
|-boost|p1a: Clefable|evasion|2
|
|-heal|p1a: Clefable|99/100|[from] item: Leftovers
|upkeep
|turn|39
|
|t:|1667702641
|move|p2a: Special|Thunder Wave|p1a: Clefable
|-status|p1a: Clefable|par
|move|p1a: Clefable|Cosmic Power|p1a: Clefable
|-boost|p1a: Clefable|def|1
|-boost|p1a: Clefable|spd|1
|
|-heal|p1a: Clefable|100/100 par|[from] item: Leftovers
|upkeep
|turn|40
|
|t:|1667702651
|switch|p2a: Ground|Arceus-Ground|100/100
|cant|p1a: Clefable|par
|
|upkeep
|turn|41
|
|t:|1667702657
|move|p1a: Clefable|Baton Pass|p1a: Clefable
|
|t:|1667702660
|switch|p1a: Clefable|Clefable, F|100/100|[from]move: Baton Pass
|-damage|p1a: Clefable|88/100|[from] Stealth Rock
|move|p2a: Ground|Roar|p1a: Clefable
|drag|p1a: Clefable|Clefable, F|100/100
|-damage|p1a: Clefable|88/100|[from] Stealth Rock
|
|upkeep
|turn|42
|
|t:|1667702666
|switch|p2a: Special|Arceus-Dark|100/100
|move|p1a: Clefable|Baton Pass|p1a: Clefable
|
|t:|1667702674
|switch|p1a: Clefable|Clefable, F|100/100 par|[from]move: Baton Pass
|-damage|p1a: Clefable|88/100 par|[from] Stealth Rock
|
|-heal|p1a: Clefable|94/100 par|[from] item: Leftovers
|upkeep
|turn|43
|
|t:|1667702680
|switch|p2a: Arceus|Arceus|16/100
|move|p1a: Clefable|Cosmic Power|p1a: Clefable
|-boost|p1a: Clefable|def|1
|-boost|p1a: Clefable|spd|1
|
|-heal|p1a: Clefable|99/100 par|[from] item: Leftovers
|upkeep
|turn|44
|
|t:|1667702685
|move|p2a: Arceus|Recover|p2a: Arceus
|-heal|p2a: Arceus|66/100
|move|p1a: Clefable|Minimize|p1a: Clefable
|-boost|p1a: Clefable|evasion|2
|
|-heal|p1a: Clefable|100/100 par|[from] item: Leftovers
|upkeep
|turn|45
|c|☆DragoniteSW|Lol
|
|t:|1667702694
|switch|p2a: Special|Arceus-Dark|100/100
|move|p1a: Clefable|Baton Pass|p1a: Clefable
|
|t:|1667702697
|switch|p1a: Bellossom|Bellossom, M|88/100|[from]move: Baton Pass
|-damage|p1a: Bellossom|76/100|[from] Stealth Rock
|
|-heal|p1a: Bellossom|82/100|[from] item: Leftovers
|upkeep
|turn|46
|
|t:|1667702706
|move|p2a: Special|Thunder Wave|p1a: Bellossom|[miss]
|-miss|p2a: Special|p1a: Bellossom
|move|p1a: Bellossom|Ingrain|p1a: Bellossom
|-start|p1a: Bellossom|move: Ingrain
|
|-heal|p1a: Bellossom|88/100|[from] item: Leftovers
|-heal|p1a: Bellossom|94/100|[from] Ingrain
|upkeep
|turn|47
|
|t:|1667702720
|switch|p2a: Ground|Arceus-Ground|100/100
|move|p1a: Bellossom|Baton Pass|p1a: Bellossom
|
|t:|1667702725
|switch|p1a: Clefable|Clefable, F|100/100 par|[from]move: Baton Pass
|-damage|p1a: Clefable|88/100 par|[from] Stealth Rock
|
|-heal|p1a: Clefable|94/100 par|[from] item: Leftovers
|-heal|p1a: Clefable|99/100 par|[from] Ingrain
|upkeep
|turn|48
|
|t:|1667702729
|cant|p1a: Clefable|par
|move|p2a: Ground|Roar|p1a: Clefable
|-activate|p1a: Clefable|move: Ingrain
|
|-heal|p1a: Clefable|100/100 par|[from] item: Leftovers
|upkeep
|turn|49
|inactive|DragoniteSW has 120 seconds left.
|
|t:|1667702773
|switch|p2a: Special|Arceus-Dark|100/100
|move|p1a: Clefable|Minimize|p1a: Clefable
|-boost|p1a: Clefable|evasion|2
|
|upkeep
|turn|50
|
|t:|1667702779
|move|p2a: Special|Flamethrower|p1a: Clefable|[miss]
|-miss|p2a: Special|p1a: Clefable
|move|p1a: Clefable|Minimize|p1a: Clefable
|-boost|p1a: Clefable|evasion|2
|
|upkeep
|turn|51
|
|t:|1667702783
|move|p2a: Special|Flamethrower|p1a: Clefable|[miss]
|-miss|p2a: Special|p1a: Clefable
|move|p1a: Clefable|Cosmic Power|p1a: Clefable
|-boost|p1a: Clefable|def|1
|-boost|p1a: Clefable|spd|1
|
|upkeep
|turn|52
|
|t:|1667702787
|move|p2a: Special|Flamethrower|p1a: Clefable|[miss]
|-miss|p2a: Special|p1a: Clefable
|move|p1a: Clefable|Cosmic Power|p1a: Clefable
|-boost|p1a: Clefable|def|1
|-boost|p1a: Clefable|spd|1
|
|upkeep
|turn|53
|
|t:|1667702792
|move|p2a: Special|Flamethrower|p1a: Clefable|[miss]
|-miss|p2a: Special|p1a: Clefable
|move|p1a: Clefable|Cosmic Power|p1a: Clefable
|-boost|p1a: Clefable|def|1
|-boost|p1a: Clefable|spd|1
|
|upkeep
|turn|54
|
|t:|1667702794
|move|p2a: Special|Flamethrower|p1a: Clefable|[miss]
|-miss|p2a: Special|p1a: Clefable
|move|p1a: Clefable|Cosmic Power|p1a: Clefable
|-boost|p1a: Clefable|def|1
|-boost|p1a: Clefable|spd|1
|
|upkeep
|turn|55
|
|t:|1667702796
|move|p2a: Special|Flamethrower|p1a: Clefable|[miss]
|-miss|p2a: Special|p1a: Clefable
|move|p1a: Clefable|Cosmic Power|p1a: Clefable
|-boost|p1a: Clefable|def|1
|-boost|p1a: Clefable|spd|1
|
|upkeep
|turn|56
|
|t:|1667702799
|move|p2a: Special|Flamethrower|p1a: Clefable|[miss]
|-miss|p2a: Special|p1a: Clefable
|move|p1a: Clefable|Baton Pass|p1a: Clefable
|
|t:|1667702804
|switch|p1a: Clefable|Clefable, F|88/100|[from]move: Baton Pass
|-damage|p1a: Clefable|76/100|[from] Stealth Rock
|
|-heal|p1a: Clefable|82/100|[from] item: Leftovers
|-heal|p1a: Clefable|88/100|[from] Ingrain
|upkeep
|turn|57
|
|t:|1667702809
|move|p2a: Special|Thunder Wave|p1a: Clefable
|-status|p1a: Clefable|par
|move|p1a: Clefable|Heal Bell|p1a: Clefable
|-activate|p1a: Clefable|move: Heal Bell
|-curestatus|p1a: Clefable|par|[msg]
|-curestatus|p1: Clefable|par|[msg]
|
|-heal|p1a: Clefable|94/100|[from] item: Leftovers
|-heal|p1a: Clefable|99/100|[from] Ingrain
|upkeep
|turn|58
|
|t:|1667702817
|move|p2a: Special|Flamethrower|p1a: Clefable
|-damage|p1a: Clefable|96/100
|-status|p1a: Clefable|brn
|move|p1a: Clefable|Lucky Chant|p1a: Clefable
|-sidestart|p1: Traapcardactivated|move: Lucky Chant
|
|-heal|p1a: Clefable|100/100 brn|[from] item: Leftovers
|-damage|p1a: Clefable|94/100 brn|[from] brn
|upkeep
|turn|59
|
|t:|1667702838
|move|p2a: Special|Flamethrower|p1a: Clefable
|-damage|p1a: Clefable|90/100 brn
|move|p1a: Clefable|Baton Pass|p1a: Clefable
|
|t:|1667702842
|switch|p1a: Bellossom|Bellossom, M|94/100|[from]move: Baton Pass
|-damage|p1a: Bellossom|82/100|[from] Stealth Rock
|
|-heal|p1a: Bellossom|88/100|[from] item: Leftovers
|-heal|p1a: Bellossom|94/100|[from] Ingrain
|upkeep
|turn|60
|
|t:|1667702846
|move|p2a: Special|Flamethrower|p1a: Bellossom|[miss]
|-miss|p2a: Special|p1a: Bellossom
|move|p1a: Bellossom|Quiver Dance|p1a: Bellossom
|-boost|p1a: Bellossom|spa|1
|-boost|p1a: Bellossom|spd|0
|-boost|p1a: Bellossom|spe|1
|
|-heal|p1a: Bellossom|100/100|[from] item: Leftovers
|upkeep
|turn|61
|
|t:|1667702864
|switch|p2a: Sky|Arceus-Flying|76/100
|move|p1a: Bellossom|Quiver Dance|p1a: Bellossom
|-boost|p1a: Bellossom|spa|1
|-boost|p1a: Bellossom|spd|0
|-boost|p1a: Bellossom|spe|1
|
|upkeep
|turn|62
|
|t:|1667702868
|move|p2a: Sky|Calm Mind|p2a: Sky
|-boost|p2a: Sky|spa|1
|-boost|p2a: Sky|spd|1
|move|p1a: Bellossom|Quiver Dance|p1a: Bellossom
|-boost|p1a: Bellossom|spa|1
|-boost|p1a: Bellossom|spd|0
|-boost|p1a: Bellossom|spe|1
|
|-sideend|p1: Traapcardactivated|move: Lucky Chant
|upkeep
|turn|63
|
|t:|1667702873
|move|p1a: Bellossom|Baton Pass|p1a: Bellossom
|
|t:|1667702878
|switch|p1a: Clefable|Clefable, F|90/100 brn|[from]move: Baton Pass
|-damage|p1a: Clefable|78/100 brn|[from] Stealth Rock
|move|p2a: Sky|Calm Mind|p2a: Sky
|-boost|p2a: Sky|spa|1
|-boost|p2a: Sky|spd|1
|
|-heal|p1a: Clefable|84/100 brn|[from] item: Leftovers
|-heal|p1a: Clefable|90/100 brn|[from] Ingrain
|-damage|p1a: Clefable|84/100 brn|[from] brn
|upkeep
|turn|64
|
|t:|1667702893
|move|p1a: Clefable|Lucky Chant|p1a: Clefable
|-sidestart|p1: Traapcardactivated|move: Lucky Chant
|move|p2a: Sky|Earth Power|p1a: Clefable|[miss]
|-miss|p2a: Sky|p1a: Clefable
|
|-heal|p1a: Clefable|90/100 brn|[from] item: Leftovers
|-heal|p1a: Clefable|96/100 brn|[from] Ingrain
|-damage|p1a: Clefable|90/100 brn|[from] brn
|upkeep
|turn|65
|
|t:|1667702898
|move|p1a: Clefable|Baton Pass|p1a: Clefable
|
|t:|1667702901
|switch|p1a: Clefable|Clefable, F|88/100|[from]move: Baton Pass
|-damage|p1a: Clefable|76/100|[from] Stealth Rock
|move|p2a: Sky|Earth Power|p1a: Clefable
|-damage|p1a: Clefable|67/100
|
|-heal|p1a: Clefable|73/100|[from] Ingrain
|upkeep
|turn|66
|
|t:|1667702907
|move|p1a: Clefable|Stored Power|p2a: Sky
|-damage|p2a: Sky|0 fnt
|faint|p2a: Sky
|-damage|p1a: Clefable|63/100|[from] item: Life Orb
|
|-heal|p1a: Clefable|69/100|[from] Ingrain
|upkeep
|
|t:|1667702912
|switch|p2a: Special|Arceus-Dark|100/100
|turn|67
|
|t:|1667702915
|move|p1a: Clefable|Moonblast|p2a: Special
|-supereffective|p2a: Special
|-damage|p2a: Special|0 fnt
|faint|p2a: Special
|-damage|p1a: Clefable|60/100|[from] item: Life Orb
|
|-heal|p1a: Clefable|66/100|[from] Ingrain
|upkeep
|c|☆Traapcardactivated|seems like my pokemons are just stronger than yours
|c|☆Traapcardactivated|shit game
|
|t:|1667702944
|switch|p2a: Physical|Arceus-Ground|100/100
|turn|68
|
|t:|1667702947
|move|p1a: Clefable|Stored Power|p2a: Physical
|-damage|p2a: Physical|0 fnt
|faint|p2a: Physical
|-damage|p1a: Clefable|56/100|[from] item: Life Orb
|
|-heal|p1a: Clefable|62/100|[from] Ingrain
|-sideend|p1: Traapcardactivated|move: Lucky Chant
|upkeep
|
|t:|1667702952
|switch|p2a: Arceus|Arceus|66/100
|turn|69
|
|t:|1667702954
|move|p2a: Arceus|Extreme Speed|p1a: Clefable
|-damage|p1a: Clefable|46/100
|-damage|p2a: Arceus|56/100|[from] item: Life Orb
|move|p1a: Clefable|Stored Power|p2a: Arceus
|-damage|p2a: Arceus|0 fnt
|faint|p2a: Arceus
|-damage|p1a: Clefable|36/100|[from] item: Life Orb
|
|-heal|p1a: Clefable|42/100|[from] Ingrain
|upkeep
|
|t:|1667702962
|switch|p2a: Waterif|Arceus-Water|100/100
|turn|70
|
|t:|1667702965
|move|p1a: Clefable|Stored Power|p2a: Waterif
|-damage|p2a: Waterif|0 fnt
|faint|p2a: Waterif
|-damage|p1a: Clefable|32/100|[from] item: Life Orb
|
|-heal|p1a: Clefable|38/100|[from] Ingrain
|upkeep
|
|t:|1667702967
|switch|p2a: Ground|Arceus-Ground|100/100
|turn|71
|
|t:|1667702969
|move|p1a: Clefable|Stored Power|p2a: Ground
|-damage|p2a: Ground|0 fnt
|faint|p2a: Ground
|-damage|p1a: Clefable|28/100|[from] item: Life Orb
|
|win|Traapcardactivated
|raw|Traapcardactivated's rating: 1539 &rarr; <strong>1573</strong><br />(+34 for winning)
|raw|DragoniteSW's rating: 1826 &rarr; <strong>1792</strong><br />(-34 for losing)
|l|☆DragoniteSW
||Ladder isn't responding, score probably updated but might not have (Request timeout).
