|j|☆Emorawr79
|j|☆Ryan15football
|t:|1606679146
|player|p1|Emorawr79|266|1380
|player|p2|Ryan15football|brawly|1447
|teamsize|p1|6
|teamsize|p2|6
|gametype|singles
|gen|8
|tier|[Gen 8] National Dex AG
|rated|
|clearpoke
|poke|p1|Liepard, M|
|poke|p1|Amoonguss, F|
|poke|p1|Wobbuffet, F|
|poke|p1|Ditto|
|poke|p1|Giratina|
|poke|p1|Giratina-Origin|
|poke|p2|Charizard, M|
|poke|p2|Garchomp, M|
|poke|p2|Scizor, M|
|poke|p2|Alakazam, M|
|poke|p2|Swampert, M|
|poke|p2|Magnezone|
|rule|HP Percentage Mod: HP is shown in percentages
|rule|Endless Battle Clause: Forcing endless battles is banned
|teampreview
|inactive|Battle timer is ON: inactive players will automatically lose when time's up. (requested by Emorawr79)
|
|t:|1606679153
|start
|switch|p1a: Liepard|Liepard, M|100/100
|switch|p2a: Ion|Magnezone, shiny|100/100
|-item|p2a: Ion|Air Balloon
|turn|1
|
|t:|1606679160
|move|p2a: Ion|Magic Coat|p2a: Ion
|-singleturn|p2a: Ion|move: Magic Coat
|move|p1a: Liepard|Assist|p1a: Liepard
|move|p1a: Liepard|Spore|p2a: Ion|[from]move: Assist
|move|p2a: Ion|Spore|p1a: Liepard|[from]Magic Coat
|-status|p1a: Liepard|slp|[from] move: Spore
|
|upkeep
|turn|2
|
|t:|1606679172
|cant|p1a: Liepard|slp
|move|p2a: Ion|Thunderbolt|p1a: Liepard
|-damage|p1a: Liepard|0 fnt
|faint|p1a: Liepard
|
|upkeep
|c|☆Emorawr79|Didn't even know he got that. Lol cool
|
|t:|1606679191
|switch|p1a: Giratina|Giratina-Origin|100/100
|turn|3
|c|☆Ryan15football|:)
|
|t:|1606679199
|move|p1a: Giratina|Shadow Force||[still]
|-prepare|p1a: Giratina|Shadow Force
|move|p2a: Ion|Hidden Power|p1a: Giratina|[miss]
|-miss|p2a: Ion|p1a: Giratina
|
|upkeep
|turn|4
|
|t:|1606679220
|move|p1a: Giratina|Shadow Force|p2a: Ion|[from]lockedmove
|-damage|p2a: Ion|26/100
|-enditem|p2a: Ion|Air Balloon
|move|p2a: Ion|Flash Cannon|p1a: Giratina
|-crit|p1a: Giratina
|-damage|p1a: Giratina|53/100
|
|upkeep
|turn|5
|
|t:|1606679238
|move|p2a: Ion|Hidden Power|p1a: Giratina
|-supereffective|p1a: Giratina
|-damage|p1a: Giratina|22/100
|move|p1a: Giratina|Dragon Tail|p2a: Ion
|-resisted|p2a: Ion
|-damage|p2a: Ion|7/100
|drag|p2a: Helios|Charizard, M|100/100
|
|upkeep
|turn|6
|
|t:|1606679252
|detailschange|p2a: Helios|Charizard-Mega-Y, M
|-mega|p2a: Helios|Charizard|Charizardite Y
|-weather|SunnyDay|[from] ability: Drought|[of] p2a: Helios
|move|p2a: Helios|Air Slash|p1a: Giratina
|-damage|p1a: Giratina|0 fnt
|faint|p1a: Giratina
|
|-weather|SunnyDay|[upkeep]
|upkeep
|
|t:|1606679258
|switch|p1a: Giratina|Giratina|100/100
|-ability|p1a: Giratina|Pressure
|turn|7
|
|t:|1606679267
|switch|p2a: Ion|Magnezone, shiny|7/100
|-start|p1a: Giratina|Dynamax
|-heal|p1a: Giratina|100/100|[silent]
|move|p1a: Giratina|Max Airstream|p2a: Ion
|-resisted|p2a: Ion
|-damage|p2a: Ion|0 fnt
|-boost|p1a: Giratina|spe|1
|faint|p2a: Ion
|
|-weather|SunnyDay|[upkeep]
|upkeep
|
|t:|1606679293
|switch|p2a: Oracle|Alakazam, M|100/100
|turn|8
|inactive|Ryan15football has 120 seconds left.
|
|t:|1606679321
|switch|p2a: Newt|Swampert, M|100/100
|move|p1a: Giratina|Max Airstream|p2a: Newt
|-damage|p2a: Newt|62/100
|-boost|p1a: Giratina|spe|1
|
|-weather|SunnyDay|[upkeep]
|-heal|p2a: Newt|68/100|[from] item: Leftovers
|upkeep
|turn|9
|inactive|Ryan15football has 120 seconds left.
|
|t:|1606679334
|move|p1a: Giratina|Max Phantasm|p2a: Newt
|-damage|p2a: Newt|10/100
|-unboost|p2a: Newt|def|1
|move|p2a: Newt|Stealth Rock|p1a: Giratina
|-sidestart|p1: Emorawr79|move: Stealth Rock
|
|-weather|SunnyDay|[upkeep]
|-heal|p2a: Newt|16/100|[from] item: Leftovers
|-end|p1a: Giratina|Dynamax
|-heal|p1a: Giratina|100/100|[silent]
|upkeep
|turn|10
|inactive|Ryan15football has 120 seconds left.
|
|t:|1606679354
|move|p1a: Giratina|Fly||[still]
|-prepare|p1a: Giratina|Fly
|move|p2a: Newt|Ice Punch|p1a: Giratina|[miss]
|-miss|p2a: Newt|p1a: Giratina
|
|-weather|none
|-heal|p2a: Newt|22/100|[from] item: Leftovers
|upkeep
|turn|11
|
|t:|1606679363
|move|p1a: Giratina|Fly|p2a: Newt|[from]lockedmove
|-damage|p2a: Newt|0 fnt
|faint|p2a: Newt
|
|upkeep
|
|t:|1606679375
|switch|p2a: Paladin|Scizor, M, shiny|100/100
|turn|12
|
|t:|1606679378
|move|p1a: Giratina|Shadow Force||[still]
|-prepare|p1a: Giratina|Shadow Force
|move|p2a: Paladin|Swords Dance|p2a: Paladin
|-boost|p2a: Paladin|atk|2
|
|upkeep
|turn|13
|inactive|Ryan15football has 120 seconds left.
|-activate|p2a: Paladin|item: Quick Claw
|
|t:|1606679384
|move|p2a: Paladin|Swords Dance|p2a: Paladin
|-boost|p2a: Paladin|atk|2
|move|p1a: Giratina|Shadow Force|p2a: Paladin|[from]lockedmove
|-damage|p2a: Paladin|39/100
|
|upkeep
|turn|14
|inactive|Ryan15football has 120 seconds left.
|-activate|p2a: Paladin|item: Quick Claw
|
|t:|1606679394
|-start|p2a: Paladin|Dynamax
|-heal|p2a: Paladin|39/100|[silent]
|move|p2a: Paladin|Max Steelspike|p1a: Giratina
|-damage|p1a: Giratina|7/100
|-boost|p2a: Paladin|def|1
|move|p1a: Giratina|Destiny Bond|p1a: Giratina
|-singlemove|p1a: Giratina|Destiny Bond
|
|upkeep
|turn|15
|inactive|Ryan15football has 120 seconds left.
|
|t:|1606679407
|move|p2a: Paladin|Max Guard|p2a: Paladin
|-singleturn|p2a: Paladin|Max Guard
|move|p1a: Giratina|Shadow Force||[still]
|-prepare|p1a: Giratina|Shadow Force
|
|upkeep
|turn|16
|
|t:|1606679413
|move|p2a: Paladin|Max Guard||[still]
|-fail|p2a: Paladin
|move|p1a: Giratina|Shadow Force|p2a: Paladin|[from]lockedmove
|-damage|p2a: Paladin|19/100
|
|-end|p2a: Paladin|Dynamax
|-heal|p2a: Paladin|19/100|[silent]
|upkeep
|turn|17
|
|t:|1606679422
|move|p2a: Paladin|Bullet Punch|p1a: Giratina
|-damage|p1a: Giratina|0 fnt
|faint|p1a: Giratina
|
|upkeep
|
|t:|1606679424
|switch|p1a: Ditto|Ditto|100/100
|-damage|p1a: Ditto|88/100|[from] Stealth Rock
|-transform|p1a: Ditto|p2a: Paladin|[from] ability: Imposter
|turn|18
|-activate|p2a: Paladin|item: Quick Claw
|
|t:|1606679439
|move|p1a: Ditto|Bullet Punch|p2a: Paladin
|-resisted|p2a: Paladin
|-damage|p2a: Paladin|0 fnt
|faint|p2a: Paladin
|
|upkeep
|
|t:|1606679446
|switch|p2a: Helios|Charizard-Mega-Y, M|100/100
|-weather|SunnyDay|[from] ability: Drought|[of] p2a: Helios
|turn|19
|
|t:|1606679451
|move|p1a: Ditto|Bullet Punch|p2a: Helios
|-resisted|p2a: Helios
|-damage|p2a: Helios|30/100
|move|p2a: Helios|Flamethrower|p1a: Ditto
|-supereffective|p1a: Ditto
|-damage|p1a: Ditto|0 fnt
|faint|p1a: Ditto
|
|-weather|SunnyDay|[upkeep]
|upkeep
|
|t:|1606679456
|switch|p1a: Wobbuffet|Wobbuffet, F|100/100
|-damage|p1a: Wobbuffet|88/100|[from] Stealth Rock
|turn|20
|
|t:|1606679466
|move|p2a: Helios|Roost|p2a: Helios
|-heal|p2a: Helios|80/100
|-singleturn|p2a: Helios|move: Roost
|move|p1a: Wobbuffet|Mirror Coat||[still]
|-fail|p1a: Wobbuffet
|
|-weather|SunnyDay|[upkeep]
|upkeep
|turn|21
|-message|Emorawr79 forfeited.
|
|win|Ryan15football
|l|☆Emorawr79
