|j|☆yiyi yizi
|j|☆diemond35472
|t:|1641166759
|gametype|singles
|player|p1|yiyi yizi|hilbert|1579
|player|p2|diemond35472|170|1641
|teamsize|p1|6
|teamsize|p2|6
|gen|8
|tier|[Gen 8] National Dex AG
|rated|
|rule|HP Percentage Mod: HP is shown in percentages
|rule|Endless Battle Clause: Forcing endless battles is banned
|clearpoke
|poke|p1|Tentacruel, M|
|poke|p1|Whimsicott, F|
|poke|p1|Gliscor, M|
|poke|p1|Salazzle, F|
|poke|p1|Corsola-Galar, M|
|poke|p1|Lugia|
|poke|p2|Necrozma-Dusk-Mane|
|poke|p2|Rayquaza|
|poke|p2|Ditto|
|poke|p2|Arceus-*|
|poke|p2|Calyrex-Shadow|
|poke|p2|Zacian-*|
|teampreview
|inactive|Battle timer is ON: inactive players will automatically lose when time's up. (requested by yiyi yizi)
|
|t:|1641166774
|start
|switch|p1a: Tentacruel|Tentacruel, M|100/100
|switch|p2a: Calyrex|Calyrex-Shadow|100/100
|-ability|p2a: Calyrex|As One
|-ability|p2a: Calyrex|Unnerve
|turn|1
|
|t:|1641166778
|move|p2a: Calyrex|Psyshock|p1a: Tentacruel
|-supereffective|p1a: Tentacruel
|-damage|p1a: Tentacruel|0 fnt
|faint|p1a: Tentacruel
|-ability|p2a: Calyrex|Grim Neigh|boost
|-boost|p2a: Calyrex|spa|1
|
|upkeep
|inactive|yiyi yizi has 120 seconds left.
|
|t:|1641166818
|switch|p1a: Salazzle|Salazzle, F, shiny|100/100
|turn|2
|
|t:|1641166824
|move|p2a: Calyrex|Psyshock|p1a: Salazzle
|-supereffective|p1a: Salazzle
|-enditem|p1a: Salazzle|Focus Sash
|-damage|p1a: Salazzle|1/100
|move|p1a: Salazzle|Toxic|p2a: Calyrex
|-status|p2a: Calyrex|tox
|
|-damage|p2a: Calyrex|94/100 tox|[from] psn
|upkeep
|turn|3
|
|t:|1641166828
|move|p1a: Salazzle|Protect|p1a: Salazzle
|-singleturn|p1a: Salazzle|Protect
|move|p2a: Calyrex|Psyshock|p1a: Salazzle
|-activate|p1a: Salazzle|move: Protect
|
|-damage|p2a: Calyrex|82/100 tox|[from] psn
|upkeep
|turn|4
|j| Makihiro
|l| Makihiro
|j| Makihiro
|l| Makihiro
|
|t:|1641166846
|switch|p1a: Lugia|Lugia|100/100
|move|p2a: Calyrex|Psyshock|p1a: Lugia
|-resisted|p1a: Lugia
|-damage|p1a: Lugia|87/100
|
|-heal|p1a: Lugia|94/100|[from] item: Leftovers
|-damage|p2a: Calyrex|64/100 tox|[from] psn
|upkeep
|turn|5
|
|t:|1641166858
|switch|p2a: Necrozma|Necrozma-Dusk-Mane|100/100
|move|p1a: Lugia|Protect||[still]
|-fail|p1a: Lugia
|
|-heal|p1a: Lugia|99/100|[from] item: Leftovers
|upkeep
|turn|6
|
|t:|1641166868
|switch|p1a: Gliscor|Gliscor, M|100/100
|move|p2a: Necrozma|Thunder Wave|p1a: Gliscor
|-immune|p1a: Gliscor
|
|-status|p1a: Gliscor|tox|[from] item: Toxic Orb
|upkeep
|turn|7
|
|t:|1641166872
|move|p1a: Gliscor|Substitute|p1a: Gliscor
|-start|p1a: Gliscor|Substitute
|-damage|p1a: Gliscor|76/100 tox
|move|p2a: Necrozma|Stealth Rock|p1a: Gliscor
|-sidestart|p1: yiyi yizi|move: Stealth Rock
|
|-heal|p1a: Gliscor|88/100 tox|[from] ability: Poison Heal
|upkeep
|turn|8
|
|t:|1641166876
|move|p1a: Gliscor|Earthquake|p2a: Necrozma
|-supereffective|p2a: Necrozma
|-damage|p2a: Necrozma|76/100
|move|p2a: Necrozma|Sunsteel Strike|p1a: Gliscor
|-end|p1a: Gliscor|Substitute
|
|-heal|p1a: Gliscor|100/100 tox|[from] ability: Poison Heal
|upkeep
|turn|9
|
|t:|1641166881
|move|p1a: Gliscor|Substitute|p1a: Gliscor
|-start|p1a: Gliscor|Substitute
|-damage|p1a: Gliscor|76/100 tox
|move|p2a: Necrozma|Sunsteel Strike|p1a: Gliscor
|-end|p1a: Gliscor|Substitute
|
|-heal|p1a: Gliscor|88/100 tox|[from] ability: Poison Heal
|upkeep
|turn|10
|
|t:|1641166884
|move|p1a: Gliscor|Substitute|p1a: Gliscor
|-start|p1a: Gliscor|Substitute
|-damage|p1a: Gliscor|63/100 tox
|move|p2a: Necrozma|Sunsteel Strike|p1a: Gliscor
|-end|p1a: Gliscor|Substitute
|
|-heal|p1a: Gliscor|76/100 tox|[from] ability: Poison Heal
|upkeep
|turn|11
|
|t:|1641166886
|move|p1a: Gliscor|Protect|p1a: Gliscor
|-singleturn|p1a: Gliscor|Protect
|move|p2a: Necrozma|Sunsteel Strike|p1a: Gliscor
|-activate|p1a: Gliscor|move: Protect
|
|-heal|p1a: Gliscor|88/100 tox|[from] ability: Poison Heal
|upkeep
|turn|12
|
|t:|1641166890
|switch|p2a: Ditto|Ditto|100/100
|-transform|p2a: Ditto|p1a: Gliscor|[from] ability: Imposter
|move|p1a: Gliscor|Substitute|p1a: Gliscor
|-start|p1a: Gliscor|Substitute
|-damage|p1a: Gliscor|63/100 tox
|
|-heal|p1a: Gliscor|76/100 tox|[from] ability: Poison Heal
|upkeep
|turn|13
|
|t:|1641166900
|move|p2a: Ditto|Earthquake|p1a: Gliscor
|-immune|p1a: Gliscor
|move|p1a: Gliscor|Toxic|p2a: Ditto|[miss]
|-miss|p1a: Gliscor|p2a: Ditto
|
|-heal|p1a: Gliscor|88/100 tox|[from] ability: Poison Heal
|upkeep
|turn|14
|
|t:|1641166905
|switch|p2a: Necrozma|Necrozma-Dusk-Mane|76/100
|move|p1a: Gliscor|Toxic|p2a: Necrozma
|-immune|p2a: Necrozma
|
|-heal|p1a: Gliscor|100/100 tox|[from] ability: Poison Heal
|upkeep
|turn|15
|
|t:|1641166916
|move|p1a: Gliscor|Earthquake|p2a: Necrozma
|-supereffective|p2a: Necrozma
|-damage|p2a: Necrozma|52/100
|move|p2a: Necrozma|Sunsteel Strike|p1a: Gliscor
|-crit|p1a: Gliscor
|-end|p1a: Gliscor|Substitute
|
|upkeep
|turn|16
|
|t:|1641166922
|move|p1a: Gliscor|Substitute|p1a: Gliscor
|-start|p1a: Gliscor|Substitute
|-damage|p1a: Gliscor|76/100 tox
|move|p2a: Necrozma|Sunsteel Strike|p1a: Gliscor
|-end|p1a: Gliscor|Substitute
|
|-heal|p1a: Gliscor|88/100 tox|[from] ability: Poison Heal
|upkeep
|turn|17
|
|t:|1641166927
|move|p1a: Gliscor|Substitute|p1a: Gliscor
|-start|p1a: Gliscor|Substitute
|-damage|p1a: Gliscor|63/100 tox
|move|p2a: Necrozma|Sunsteel Strike|p1a: Gliscor
|-end|p1a: Gliscor|Substitute
|
|-heal|p1a: Gliscor|76/100 tox|[from] ability: Poison Heal
|upkeep
|turn|18
|
|t:|1641166929
|move|p1a: Gliscor|Protect|p1a: Gliscor
|-singleturn|p1a: Gliscor|Protect
|move|p2a: Necrozma|Morning Sun|p2a: Necrozma
|-heal|p2a: Necrozma|100/100
|
|-heal|p1a: Gliscor|88/100 tox|[from] ability: Poison Heal
|upkeep
|turn|19
|
|t:|1641166944
|switch|p2a: Calyrex|Calyrex-Shadow|64/100 tox
|-ability|p2a: Calyrex|As One
|-ability|p2a: Calyrex|Unnerve
|move|p1a: Gliscor|Substitute|p1a: Gliscor
|-start|p1a: Gliscor|Substitute
|-damage|p1a: Gliscor|63/100 tox
|
|-damage|p2a: Calyrex|57/100 tox|[from] psn
|-heal|p1a: Gliscor|76/100 tox|[from] ability: Poison Heal
|upkeep
|turn|20
|
|t:|1641166946
|move|p1a: Gliscor|Protect|p1a: Gliscor
|-singleturn|p1a: Gliscor|Protect
|move|p2a: Calyrex|Aromatherapy|p2a: Calyrex
|-activate|p2a: Calyrex|move: Aromatherapy
|-curestatus|p2a: Calyrex|tox|[msg]
|
|-heal|p1a: Gliscor|88/100 tox|[from] ability: Poison Heal
|upkeep
|turn|21
|
|t:|1641166964
|switch|p2a: Rayquaza|Rayquaza|100/100
|-ability|p2a: Rayquaza|Air Lock
|move|p1a: Gliscor|Earthquake|p2a: Rayquaza
|-immune|p2a: Rayquaza
|
|-heal|p1a: Gliscor|100/100 tox|[from] ability: Poison Heal
|upkeep
|turn|22
|
|t:|1641166993
|detailschange|p2a: Rayquaza|Rayquaza-Mega
|-mega|p2a: Rayquaza|Rayquaza|
|-weather|DeltaStream|[from] ability: Delta Stream|[of] p2a: Rayquaza
|move|p2a: Rayquaza|Dragon Ascent|p1a: Gliscor
|-end|p1a: Gliscor|Substitute
|-unboost|p2a: Rayquaza|def|1
|-unboost|p2a: Rayquaza|spd|1
|-damage|p2a: Rayquaza|91/100|[from] item: Life Orb
|move|p1a: Gliscor|Toxic|p2a: Rayquaza
|-status|p2a: Rayquaza|tox
|
|-weather|DeltaStream|[upkeep]
|-damage|p2a: Rayquaza|85/100 tox|[from] psn
|upkeep
|turn|23
|
|t:|1641167005
|move|p1a: Gliscor|Protect|p1a: Gliscor
|-singleturn|p1a: Gliscor|Protect
|move|p2a: Rayquaza|Dragon Ascent|p1a: Gliscor
|-activate|p1a: Gliscor|move: Protect
|
|-weather|DeltaStream|[upkeep]
|-damage|p2a: Rayquaza|73/100 tox|[from] psn
|upkeep
|turn|24
|
|t:|1641167024
|move|p2a: Rayquaza|Dragon Ascent|p1a: Gliscor
|-damage|p1a: Gliscor|5/100 tox
|-unboost|p2a: Rayquaza|def|1
|-unboost|p2a: Rayquaza|spd|1
|-damage|p2a: Rayquaza|63/100 tox|[from] item: Life Orb
|move|p1a: Gliscor|Substitute|p1a: Gliscor
|-fail|p1a: Gliscor|move: Substitute|[weak]
|
|-weather|DeltaStream|[upkeep]
|-damage|p2a: Rayquaza|45/100 tox|[from] psn
|-heal|p1a: Gliscor|18/100 tox|[from] ability: Poison Heal
|upkeep
|turn|25
|
|t:|1641167030
|move|p1a: Gliscor|Protect|p1a: Gliscor
|-singleturn|p1a: Gliscor|Protect
|move|p2a: Rayquaza|Dragon Dance|p2a: Rayquaza
|-boost|p2a: Rayquaza|atk|1
|-boost|p2a: Rayquaza|spe|1
|
|-weather|DeltaStream|[upkeep]
|-damage|p2a: Rayquaza|21/100 tox|[from] psn
|-heal|p1a: Gliscor|30/100 tox|[from] ability: Poison Heal
|upkeep
|turn|26
|
|t:|1641167034
|switch|p1a: Salazzle|Salazzle, F, shiny|1/100
|-damage|p1a: Salazzle|0 fnt|[from] Stealth Rock
|faint|p1a: Salazzle
|move|p2a: Rayquaza|Dragon Ascent|p1: Salazzle|[notarget]
|-fail|p2a: Rayquaza
|
|-weather|DeltaStream|[upkeep]
|-damage|p2a: Rayquaza|0 fnt|[from] psn
|faint|p2a: Rayquaza
|-weather|none
|upkeep
|inactive|yiyi yizi has 120 seconds left.
|
|t:|1641167065
|switch|p1a: Whimsicott|Whimsicott, F, shiny|100/100
|switch|p2a: Calyrex|Calyrex-Shadow|57/100
|-ability|p2a: Calyrex|As One
|-ability|p2a: Calyrex|Unnerve
|-damage|p1a: Whimsicott|88/100|[from] Stealth Rock
|turn|27
|
|t:|1641167070
|move|p1a: Whimsicott|Protect|p1a: Whimsicott
|-singleturn|p1a: Whimsicott|Protect
|move|p2a: Calyrex|Astral Barrage|p1a: Whimsicott
|-activate|p1a: Whimsicott|move: Protect
|
|-heal|p1a: Whimsicott|94/100|[from] item: Leftovers
|upkeep
|turn|28
|
|t:|1641167075
|move|p1a: Whimsicott|Substitute|p1a: Whimsicott
|-start|p1a: Whimsicott|Substitute
|-damage|p1a: Whimsicott|69/100
|move|p2a: Calyrex|Astral Barrage|p1a: Whimsicott
|-end|p1a: Whimsicott|Substitute
|
|-heal|p1a: Whimsicott|75/100|[from] item: Leftovers
|upkeep
|turn|29
|
|t:|1641167078
|move|p1a: Whimsicott|Protect|p1a: Whimsicott
|-singleturn|p1a: Whimsicott|Protect
|move|p2a: Calyrex|Astral Barrage|p1a: Whimsicott
|-activate|p1a: Whimsicott|move: Protect
|
|-heal|p1a: Whimsicott|82/100|[from] item: Leftovers
|upkeep
|turn|30
|
|t:|1641167081
|switch|p2a: Ditto|Ditto|100/100
|-transform|p2a: Ditto|p1a: Whimsicott|[from] ability: Imposter
|move|p1a: Whimsicott|Substitute|p1a: Whimsicott
|-start|p1a: Whimsicott|Substitute
|-damage|p1a: Whimsicott|57/100
|
|-heal|p1a: Whimsicott|63/100|[from] item: Leftovers
|upkeep
|turn|31
|
|t:|1641167093
|move|p1a: Whimsicott|Protect|p1a: Whimsicott
|-singleturn|p1a: Whimsicott|Protect
|move|p2a: Ditto|Encore|p1a: Whimsicott
|-activate|p1a: Whimsicott|move: Protect
|
|-heal|p1a: Whimsicott|69/100|[from] item: Leftovers
|upkeep
|turn|32
|
|t:|1641167099
|switch|p1a: Lugia|Lugia|99/100
|-damage|p1a: Lugia|75/100|[from] Stealth Rock
|move|p2a: Ditto|Encore||[still]
|-fail|p2a: Ditto
|
|-heal|p1a: Lugia|81/100|[from] item: Leftovers
|upkeep
|turn|33
|
|t:|1641167103
|switch|p2a: Arceus|Arceus-Dark|100/100
|move|p1a: Lugia|Substitute|p1a: Lugia
|-start|p1a: Lugia|Substitute
|-damage|p1a: Lugia|56/100
|
|-heal|p1a: Lugia|62/100|[from] item: Leftovers
|upkeep
|turn|34
|
|t:|1641167106
|move|p1a: Lugia|Protect|p1a: Lugia
|-singleturn|p1a: Lugia|Protect
|move|p2a: Arceus|Judgment|p1a: Lugia
|-activate|p1a: Lugia|move: Protect
|
|-heal|p1a: Lugia|69/100|[from] item: Leftovers
|upkeep
|turn|35
|
|t:|1641167108
|move|p2a: Arceus|Calm Mind|p2a: Arceus
|-boost|p2a: Arceus|spa|1
|-boost|p2a: Arceus|spd|1
|move|p1a: Lugia|Roost|p1a: Lugia
|-heal|p1a: Lugia|100/100
|-singleturn|p1a: Lugia|move: Roost
|
|upkeep
|turn|36
|
|t:|1641167112
|move|p2a: Arceus|Judgment|p1a: Lugia
|-supereffective|p1a: Lugia
|-end|p1a: Lugia|Substitute
|move|p1a: Lugia|Toxic|p2a: Arceus
|-status|p2a: Arceus|tox
|
|-damage|p2a: Arceus|94/100 tox|[from] psn
|upkeep
|turn|37
|
|t:|1641167116
|move|p2a: Arceus|Judgment|p1a: Lugia
|-supereffective|p1a: Lugia
|-damage|p1a: Lugia|71/100
|move|p1a: Lugia|Substitute|p1a: Lugia
|-start|p1a: Lugia|Substitute
|-damage|p1a: Lugia|46/100
|
|-heal|p1a: Lugia|53/100|[from] item: Leftovers
|-damage|p2a: Arceus|82/100 tox|[from] psn
|upkeep
|turn|38
|
|t:|1641167120
|move|p2a: Arceus|Refresh|p2a: Arceus
|-curestatus|p2a: Arceus|tox|[msg]
|move|p1a: Lugia|Roost|p1a: Lugia
|-heal|p1a: Lugia|100/100
|-singleturn|p1a: Lugia|move: Roost
|
|upkeep
|turn|39
|inactive|yiyi yizi has 120 seconds left.
|inactive|yiyi yizi has 90 seconds left.
|-message|yiyi yizi forfeited.
|
|win|diemond35472
|raw|yiyi yizi's rating: 1579 &rarr; <strong>1563</strong><br />(-16 for losing)
|raw|diemond35472's rating: 1641 &rarr; <strong>1657</strong><br />(+16 for winning)
