|j|☆Ahuehuehue
|j|☆Dr Rup
|player|p1|Ahuehuehue|170|1443
|player|p2|Dr Rup|doctor|1586
|teamsize|p1|6
|teamsize|p2|6
|gametype|singles
|gen|8
|tier|[Gen 8] National Dex AG
|rated|
|clearpoke
|poke|p1|Deoxys-Attack|
|poke|p1|Necrozma-Dusk-Mane|
|poke|p1|Zacian|
|poke|p1|Mewtwo|
|poke|p1|Groudon|
|poke|p1|Zamazenta-Crowned|
|poke|p2|Arceus-*|
|poke|p2|Smeargle, F|
|poke|p2|Arceus-*|
|poke|p2|Ditto|
|poke|p2|Melmetal|
|poke|p2|Rayquaza|
|rule|HP Percentage Mod: HP is shown in percentages
|rule|Endless Battle Clause: Forcing endless battles is banned
|teampreview
|
|start
|switch|p1a: Zacian|Zacian|100/100
|switch|p2a: Sometimes|Arceus-Ground|100/100
|-ability|p1a: Zacian|Intrepid Sword|boost
|-boost|p1a: Zacian|atk|1
|turn|1
|inactive|Battle timer is ON: inactive players will automatically lose when time's up. (requested by Dr Rup)
|
|move|p1a: Zacian|Play Rough|p2a: Sometimes
|-damage|p2a: Sometimes|47/100
|move|p2a: Sometimes|Stealth Rock|p1a: Zacian
|-sidestart|p1: Ahuehuehue|move: Stealth Rock
|
|upkeep
|turn|2
|
|move|p1a: Zacian|Play Rough|p2a: Sometimes|[miss]
|-miss|p1a: Zacian|p2a: Sometimes
|move|p2a: Sometimes|Judgment|p1a: Zacian
|-damage|p1a: Zacian|56/100
|
|upkeep
|turn|3
|
|move|p1a: Zacian|Play Rough|p2a: Sometimes
|-damage|p2a: Sometimes|0 fnt
|faint|p2a: Sometimes
|
|upkeep
|
|switch|p2a: Option|Smeargle, F|100/100
|turn|4
|
|move|p1a: Zacian|Play Rough|p2a: Option
|-enditem|p2a: Option|Focus Sash
|-damage|p2a: Option|1/100
|move|p2a: Option|Shell Smash|p2a: Option
|-unboost|p2a: Option|def|1
|-unboost|p2a: Option|spd|1
|-boost|p2a: Option|atk|2
|-boost|p2a: Option|spa|2
|-boost|p2a: Option|spe|2
|
|upkeep
|turn|5
|
|move|p2a: Option|Spore|p1a: Zacian
|-status|p1a: Zacian|slp|[from] move: Spore
|cant|p1a: Zacian|slp
|
|upkeep
|turn|6
|
|move|p2a: Option|Baton Pass|p2a: Option
|
|switch|p2a: World Greatest|Rayquaza|100/100|[from]move: Baton Pass
|-ability|p2a: World Greatest|Air Lock
|-curestatus|p1a: Zacian|slp|[msg]
|move|p1a: Zacian|Play Rough|p2a: World Greatest|[miss]
|-miss|p1a: Zacian|p2a: World Greatest
|
|upkeep
|turn|7
|
|detailschange|p2a: World Greatest|Rayquaza-Mega
|-mega|p2a: World Greatest|Rayquaza|
|-weather|DeltaStream|[from] ability: Delta Stream|[of] p2a: World Greatest
|move|p2a: World Greatest|Dragon Ascent|p1a: Zacian
|-damage|p1a: Zacian|0 fnt
|-unboost|p2a: World Greatest|def|1
|-unboost|p2a: World Greatest|spd|1
|faint|p1a: Zacian
|
|-weather|DeltaStream|[upkeep]
|upkeep
|
|switch|p1a: Zamazenta|Zamazenta-Crowned|100/100
|-damage|p1a: Zamazenta|97/100|[from] Stealth Rock
|-ability|p1a: Zamazenta|Dauntless Shield|boost
|-boost|p1a: Zamazenta|def|1
|turn|8
|
|move|p2a: World Greatest|Earthquake|p1a: Zamazenta
|-supereffective|p1a: Zamazenta
|-damage|p1a: Zamazenta|31/100
|move|p1a: Zamazenta|Behemoth Bash|p2a: World Greatest
|-damage|p2a: World Greatest|19/100
|
|-weather|DeltaStream|[upkeep]
|upkeep
|turn|9
|j| mixing dat beat
|
|move|p2a: World Greatest|Earthquake|p1a: Zamazenta
|-supereffective|p1a: Zamazenta
|-damage|p1a: Zamazenta|0 fnt
|faint|p1a: Zamazenta
|
|-weather|DeltaStream|[upkeep]
|upkeep
|
|switch|p1a: Necrozma|Necrozma-Dusk-Mane|100/100
|-damage|p1a: Necrozma|94/100|[from] Stealth Rock
|turn|10
|
|move|p2a: World Greatest|Earthquake|p1a: Necrozma
|-supereffective|p1a: Necrozma
|-damage|p1a: Necrozma|0 fnt
|faint|p1a: Necrozma
|
|-weather|DeltaStream|[upkeep]
|upkeep
|-message|Ahuehuehue forfeited.
|
|win|Dr Rup
|l|☆Ahuehuehue
|raw|Ahuehuehue's rating: 1443 &rarr; <strong>1431</strong><br />(-12 for losing)
|raw|Dr Rup's rating: 1594 &rarr; <strong>1606</strong><br />(+12 for winning)
