|j|‽CLEAR GEM清瑜
|j|☆Skottles
|t:|1623468640
|gametype|singles
|player|p1|CLEAR GEM清瑜|skierf|1673
|player|p2|Skottles|youngster-gen4|1635
|teamsize|p1|6
|teamsize|p2|6
|gen|8
|tier|[Gen 8] National Dex AG
|rated|
|rule|HP Percentage Mod: HP is shown in percentages
|rule|Endless Battle Clause: Forcing endless battles is banned
|clearpoke
|poke|p1|Rayquaza|
|poke|p1|Groudon|
|poke|p1|Necrozma-Dusk-Mane|
|poke|p1|Arceus-*|
|poke|p1|Arceus-*|
|poke|p1|Marshadow|
|poke|p2|Xerneas-*|
|poke|p2|Groudon|
|poke|p2|Ditto|
|poke|p2|Yveltal|
|poke|p2|Necrozma-Dusk-Mane|
|poke|p2|Rayquaza|
|teampreview
|inactive|Battle timer is ON: inactive players will automatically lose when time's up. (requested by CLEAR GEM清瑜)
|j| LovyDaffy
|
|t:|1623468648
|start
|switch|p1a: Arceus|Arceus-Dark|100/100
|switch|p2a: Groudon|Groudon|100/100
|detailschange|p2a: Groudon|Groudon-Primal
|-primal|p2a: Groudon
|-weather|DesolateLand|[from] ability: Desolate Land|[of] p2a: Groudon
|turn|1
|
|t:|1623468653
|move|p1a: Arceus|Judgment|p2a: Groudon
|-crit|p2a: Groudon
|-damage|p2a: Groudon|11/100
|move|p2a: Groudon|Stealth Rock|p1a: Arceus
|-sidestart|p1: CLEAR GEM清瑜|move: Stealth Rock
|
|-weather|DesolateLand|[upkeep]
|upkeep
|turn|2
|
|t:|1623468658
|move|p1a: Arceus|Defog|p2a: Groudon
|-unboost|p2a: Groudon|evasion|1
|-sideend|p1: CLEAR GEM清瑜|Stealth Rock|[from] move: Defog|[of] p1a: Arceus
|move|p2a: Groudon|Toxic|p1a: Arceus
|-status|p1a: Arceus|tox
|
|-weather|DesolateLand|[upkeep]
|-damage|p1a: Arceus|94/100 tox|[from] psn
|upkeep
|turn|3
|
|t:|1623468663
|-weather|none
|switch|p2a: Yveltal|Yveltal|100/100
|-ability|p2a: Yveltal|Dark Aura
|move|p1a: Arceus|Stealth Rock|p2a: Yveltal
|-sidestart|p2: Skottles|move: Stealth Rock
|
|-damage|p1a: Arceus|82/100 tox|[from] psn
|upkeep
|turn|4
|
|t:|1623468666
|move|p2a: Yveltal|Oblivion Wing|p1a: Arceus
|-damage|p1a: Arceus|45/100 tox
|-damage|p2a: Yveltal|91/100|[from] item: Life Orb
|move|p1a: Arceus|Will-O-Wisp|p2a: Yveltal
|-status|p2a: Yveltal|brn
|
|-damage|p1a: Arceus|27/100 tox|[from] psn
|-damage|p2a: Yveltal|84/100 brn|[from] brn
|upkeep
|turn|5
|
|t:|1623468673
|move|p2a: Yveltal|Oblivion Wing|p1a: Arceus
|-damage|p1a: Arceus|0 fnt
|-heal|p2a: Yveltal|100/100 brn|[from] drain|[of] p1a: Arceus
|faint|p1a: Arceus
|-damage|p2a: Yveltal|91/100 brn|[from] item: Life Orb
|
|-damage|p2a: Yveltal|84/100 brn|[from] brn
|upkeep
|
|t:|1623468679
|switch|p1a: Arceus|Arceus|100/100
|turn|6
|
|t:|1623468684
|-start|p2a: Yveltal|Dynamax
|-heal|p2a: Yveltal|84/100 brn|[silent]
|move|p1a: Arceus|Swords Dance|p1a: Arceus
|-boost|p1a: Arceus|atk|2
|move|p2a: Yveltal|Max Airstream|p1a: Arceus
|-damage|p1a: Arceus|29/100
|-boost|p2a: Yveltal|spe|1
|-damage|p2a: Yveltal|80/100 brn|[from] item: Life Orb
|
|-damage|p2a: Yveltal|76/100 brn|[from] brn
|upkeep
|turn|7
|
|t:|1623468693
|move|p1a: Arceus|Extreme Speed|p2a: Yveltal
|-damage|p2a: Yveltal|38/100 brn
|move|p2a: Yveltal|Max Airstream|p1a: Arceus
|-damage|p1a: Arceus|0 fnt
|-boost|p2a: Yveltal|spe|1
|faint|p1a: Arceus
|-damage|p2a: Yveltal|33/100 brn|[from] item: Life Orb
|
|-damage|p2a: Yveltal|30/100 brn|[from] brn
|upkeep
|
|t:|1623468700
|switch|p1a: Marshadow|Marshadow|100/100
|turn|8
|
|t:|1623468702
|move|p2a: Yveltal|Max Airstream|p1a: Marshadow
|-supereffective|p1a: Marshadow
|-enditem|p1a: Marshadow|Focus Sash
|-damage|p1a: Marshadow|1/100
|-boost|p2a: Yveltal|spe|1
|-damage|p2a: Yveltal|25/100 brn|[from] item: Life Orb
|move|p1a: Marshadow|Endeavor|p2a: Yveltal
|-damage|p2a: Yveltal|13/100 brn
|
|-damage|p2a: Yveltal|10/100 brn|[from] brn
|-end|p2a: Yveltal|Dynamax
|-heal|p2a: Yveltal|10/100 brn|[silent]
|upkeep
|turn|9
|
|t:|1623468707
|move|p1a: Marshadow|Shadow Sneak|p2a: Yveltal
|-resisted|p2a: Yveltal
|-damage|p2a: Yveltal|0 fnt
|faint|p2a: Yveltal
|
|upkeep
|
|t:|1623468710
|switch|p2a: Ditto|Ditto|100/100
|-damage|p2a: Ditto|88/100|[from] Stealth Rock
|-transform|p2a: Ditto|p1a: Marshadow|[from] ability: Imposter
|turn|10
|
|t:|1623468714
|move|p2a: Ditto|Shadow Sneak|p1a: Marshadow
|-supereffective|p1a: Marshadow
|-damage|p1a: Marshadow|0 fnt
|faint|p1a: Marshadow
|
|upkeep
|
|t:|1623468716
|switch|p1a: Necrozma|Necrozma-Dusk-Mane|100/100
|turn|11
|
|t:|1623468720
|switch|p2a: Groudon|Groudon-Primal|11/100
|-damage|p2a: Groudon|0 fnt|[from] Stealth Rock
|faint|p2a: Groudon
|move|p1a: Necrozma|Dragon Dance|p1a: Necrozma
|-boost|p1a: Necrozma|atk|1
|-boost|p1a: Necrozma|spe|1
|
|upkeep
|
|t:|1623468722
|switch|p2a: Necrozma|Necrozma-Dusk-Mane|100/100
|-damage|p2a: Necrozma|95/100|[from] Stealth Rock
|turn|12
|
|t:|1623468726
|detailschange|p1a: Necrozma|Necrozma-Ultra
|-burst|p1a: Necrozma|Necrozma|Ultranecrozium Z
|move|p1a: Necrozma|Earthquake|p2a: Necrozma
|-supereffective|p2a: Necrozma
|-crit|p2a: Necrozma
|-enditem|p2a: Necrozma|Shuca Berry|[eat]
|-enditem|p2a: Necrozma|Shuca Berry|[weaken]
|-damage|p2a: Necrozma|8/100
|move|p2a: Necrozma|Dragon Dance|p2a: Necrozma
|-boost|p2a: Necrozma|atk|1
|-boost|p2a: Necrozma|spe|1
|
|upkeep
|turn|13
|
|t:|1623468729
|move|p1a: Necrozma|Earthquake|p2a: Necrozma
|-supereffective|p2a: Necrozma
|-damage|p2a: Necrozma|0 fnt
|faint|p2a: Necrozma
|
|upkeep
|
|t:|1623468733
|switch|p2a: Rayquaza|Rayquaza|100/100
|-damage|p2a: Rayquaza|76/100|[from] Stealth Rock
|-ability|p2a: Rayquaza|Air Lock
|turn|14
|
|t:|1623468736
|detailschange|p2a: Rayquaza|Rayquaza-Mega
|-mega|p2a: Rayquaza|Rayquaza|
|-weather|DeltaStream|[from] ability: Delta Stream|[of] p2a: Rayquaza
|move|p2a: Rayquaza|Extreme Speed|p1a: Necrozma
|-damage|p1a: Necrozma|56/100
|-damage|p2a: Rayquaza|66/100|[from] item: Life Orb
|move|p1a: Necrozma|Dragon Dance|p1a: Necrozma
|-boost|p1a: Necrozma|atk|1
|-boost|p1a: Necrozma|spe|1
|
|-weather|DeltaStream|[upkeep]
|upkeep
|turn|15
|
|t:|1623468740
|move|p2a: Rayquaza|Extreme Speed|p1a: Necrozma
|-damage|p1a: Necrozma|17/100
|-damage|p2a: Rayquaza|56/100|[from] item: Life Orb
|move|p1a: Necrozma|Photon Geyser|p2a: Rayquaza
|-damage|p2a: Rayquaza|0 fnt
|faint|p2a: Rayquaza
|-weather|none
|
|upkeep
|
|t:|1623468742
|switch|p2a: Ditto|Ditto|88/100
|-damage|p2a: Ditto|76/100|[from] Stealth Rock
|-transform|p2a: Ditto|p1a: Necrozma|[from] ability: Imposter
|turn|16
|
|t:|1623468746
|move|p2a: Ditto|Photon Geyser|p1a: Necrozma
|-resisted|p1a: Necrozma
|-damage|p1a: Necrozma|0 fnt
|faint|p1a: Necrozma
|
|upkeep
|
|t:|1623468748
|switch|p1a: Rayquaza|Rayquaza|100/100
|-ability|p1a: Rayquaza|Air Lock
|turn|17
|
|t:|1623468754
|detailschange|p1a: Rayquaza|Rayquaza-Mega
|-mega|p1a: Rayquaza|Rayquaza|
|-weather|DeltaStream|[from] ability: Delta Stream|[of] p1a: Rayquaza
|move|p2a: Ditto|Photon Geyser|p1a: Rayquaza
|-enditem|p1a: Rayquaza|Focus Sash
|-damage|p1a: Rayquaza|1/100
|move|p1a: Rayquaza|Dragon Ascent|p2a: Ditto
|-damage|p2a: Ditto|0 fnt
|-unboost|p1a: Rayquaza|def|1
|-unboost|p1a: Rayquaza|spd|1
|faint|p2a: Ditto
|
|-weather|DeltaStream|[upkeep]
|upkeep
|
|t:|1623468759
|switch|p2a: Xerneas|Xerneas|100/100
|-damage|p2a: Xerneas|88/100|[from] Stealth Rock
|-ability|p2a: Xerneas|Fairy Aura
|turn|18
|
|t:|1623468770
|move|p2a: Xerneas|Moonblast|p1a: Rayquaza
|-supereffective|p1a: Rayquaza
|-damage|p1a: Rayquaza|0 fnt
|faint|p1a: Rayquaza
|-weather|none
|
|upkeep
|
|t:|1623468772
|switch|p1a: Groudon|Groudon|100/100
|detailschange|p1a: Groudon|Groudon-Primal
|-primal|p1a: Groudon
|-weather|DesolateLand|[from] ability: Desolate Land|[of] p1a: Groudon
|turn|19
|
|t:|1623468777
|move|p2a: Xerneas|Geomancy||[still]
|-prepare|p2a: Xerneas|Geomancy
|-enditem|p2a: Xerneas|Power Herb
|-anim|p2a: Xerneas|Geomancy|p2a: Xerneas
|-boost|p2a: Xerneas|spa|2
|-boost|p2a: Xerneas|spd|2
|-boost|p2a: Xerneas|spe|2
|move|p1a: Groudon|Precipice Blades|p2a: Xerneas
|-damage|p2a: Xerneas|5/100
|
|-weather|DesolateLand|[upkeep]
|upkeep
|turn|20
|
|t:|1623468789
|move|p2a: Xerneas|Moonblast|p1a: Groudon
|-resisted|p1a: Groudon
|-damage|p1a: Groudon|36/100
|move|p1a: Groudon|Heat Crash|p2a: Xerneas
|-damage|p2a: Xerneas|0 fnt
|faint|p2a: Xerneas
|
|win|CLEAR GEM清瑜
|raw|CLEAR GEM清瑜's rating: 1673 &rarr; <strong>1691</strong><br />(+18 for winning)
|raw|Skottles's rating: 1635 &rarr; <strong>1617</strong><br />(-18 for losing)
