|j|☆1337RedGlitchFox
|j|☆Goku Uchiha 2001
|t:|1665131778
|gametype|singles
|player|p1|1337RedGlitchFox|red|1683
|player|p2|Goku Uchiha 2001|lance-gen2|1965
|teamsize|p1|6
|teamsize|p2|6
|gen|8
|tier|[Gen 8] National Dex AG
|rated|
|rule|HP Percentage Mod: HP is shown in percentages
|rule|Endless Battle Clause: Forcing endless battles is banned
|clearpoke
|poke|p1|Rayquaza|
|poke|p1|Arceus-*|
|poke|p1|Necrozma-Dusk-Mane|
|poke|p1|Mewtwo|
|poke|p1|Ho-Oh|
|poke|p1|Zygarde|
|poke|p2|Arceus-*|
|poke|p2|Ditto|
|poke|p2|Necrozma-Dusk-Mane|
|poke|p2|Kartana|
|poke|p2|Zygarde|
|poke|p2|Arceus-*|
|teampreview
|inactive|Battle timer is ON: inactive players will automatically lose when time's up. (requested by 1337RedGlitchFox)
|inactive|Goku Uchiha 2001 also wants the timer to be on.
|
|t:|1665131790
|start
|switch|p1a: Mewtwo|Mewtwo|100/100
|switch|p2a: Ditto|Ditto, shiny|100/100
|-ability|p1a: Mewtwo|Pressure
|-transform|p2a: Ditto|p1a: Mewtwo|[from] ability: Imposter
|-ability|p2a: Ditto|Pressure
|turn|1
|
|t:|1665131797
|switch|p1a: Ho-Oh|Ho-Oh|100/100
|move|p2a: Ditto|Taunt|p1a: Ho-Oh
|-start|p1a: Ho-Oh|move: Taunt
|
|upkeep
|turn|2
|
|t:|1665131800
|switch|p2a: Zygarde|Zygarde, shiny|100/100
|switch|p1a: Mewtwo|Mewtwo|100/100
|-ability|p1a: Mewtwo|Pressure
|
|upkeep
|turn|3
|
|t:|1665131809
|switch|p2a: Arceus|Arceus-Fairy|100/100
|move|p1a: Mewtwo|Will-O-Wisp|p2a: Arceus
|-status|p2a: Arceus|brn
|
|-damage|p2a: Arceus|94/100 brn|[from] brn
|upkeep
|turn|4
|
|t:|1665131812
|move|p1a: Mewtwo|Taunt|p2a: Arceus
|-start|p2a: Arceus|move: Taunt
|move|p2a: Arceus|Judgment|p1a: Mewtwo
|-damage|p1a: Mewtwo|56/100
|
|-heal|p1a: Mewtwo|62/100|[from] item: Leftovers
|-damage|p2a: Arceus|88/100 brn|[from] brn
|upkeep
|turn|5
|
|t:|1665131815
|move|p1a: Mewtwo|Recover|p1a: Mewtwo
|-heal|p1a: Mewtwo|100/100
|move|p2a: Arceus|Judgment|p1a: Mewtwo
|-damage|p1a: Mewtwo|54/100
|
|-heal|p1a: Mewtwo|60/100|[from] item: Leftovers
|-damage|p2a: Arceus|82/100 brn|[from] brn
|upkeep
|turn|6
|
|t:|1665131822
|switch|p2a: Arceus|Arceus|100/100
|move|p1a: Mewtwo|Recover|p1a: Mewtwo
|-heal|p1a: Mewtwo|100/100
|
|upkeep
|turn|7
|j| trisew
|
|t:|1665131827
|move|p1a: Mewtwo|Taunt|p2a: Arceus
|-start|p2a: Arceus|move: Taunt
|move|p2a: Arceus|Shadow Claw|p1a: Mewtwo
|-supereffective|p1a: Mewtwo
|-damage|p1a: Mewtwo|60/100
|
|-heal|p1a: Mewtwo|67/100|[from] item: Leftovers
|upkeep
|turn|8
|
|t:|1665131831
|move|p1a: Mewtwo|Will-O-Wisp|p2a: Arceus|[miss]
|-miss|p1a: Mewtwo|p2a: Arceus
|move|p2a: Arceus|Shadow Claw|p1a: Mewtwo
|-supereffective|p1a: Mewtwo
|-damage|p1a: Mewtwo|24/100
|
|-heal|p1a: Mewtwo|30/100|[from] item: Leftovers
|upkeep
|turn|9
|
|t:|1665131834
|move|p2a: Arceus|Extreme Speed|p1a: Mewtwo
|-damage|p1a: Mewtwo|0 fnt
|faint|p1a: Mewtwo
|
|-end|p2a: Arceus|move: Taunt
|upkeep
|
|t:|1665131838
|switch|p1a: Zygarde|Zygarde|100/100
|turn|10
|
|t:|1665131842
|switch|p2a: Arceus|Arceus-Fairy|82/100 brn
|move|p1a: Zygarde|Glare||[still]
|-fail|p1a: Zygarde
|
|-damage|p2a: Arceus|76/100 brn|[from] brn
|upkeep
|turn|11
|
|t:|1665131846
|switch|p1a: Ho-Oh|Ho-Oh|100/100
|move|p2a: Arceus|Stealth Rock|p1a: Ho-Oh
|-sidestart|p1: 1337RedGlitchFox|move: Stealth Rock
|
|-damage|p2a: Arceus|70/100 brn|[from] brn
|upkeep
|turn|12
|
|t:|1665131848
|move|p2a: Arceus|Toxic|p1a: Ho-Oh
|-status|p1a: Ho-Oh|tox
|move|p1a: Ho-Oh|Defog|p2a: Arceus
|-unboost|p2a: Arceus|evasion|1
|-sideend|p1: 1337RedGlitchFox|Stealth Rock|[from] move: Defog|[of] p1a: Ho-Oh
|
|-damage|p1a: Ho-Oh|94/100 tox|[from] psn
|-damage|p2a: Arceus|64/100 brn|[from] brn
|upkeep
|turn|13
|
|t:|1665131851
|move|p2a: Arceus|Stealth Rock|p1a: Ho-Oh
|-sidestart|p1: 1337RedGlitchFox|move: Stealth Rock
|move|p1a: Ho-Oh|Sacred Fire|p2a: Arceus
|-damage|p2a: Arceus|34/100 brn
|
|-damage|p1a: Ho-Oh|82/100 tox|[from] psn
|-damage|p2a: Arceus|28/100 brn|[from] brn
|upkeep
|turn|14
|
|t:|1665131853
|move|p2a: Arceus|Recover|p2a: Arceus
|-heal|p2a: Arceus|78/100 brn
|move|p1a: Ho-Oh|Defog|p2a: Arceus
|-unboost|p2a: Arceus|evasion|1
|-sideend|p1: 1337RedGlitchFox|Stealth Rock|[from] move: Defog|[of] p1a: Ho-Oh
|
|-damage|p1a: Ho-Oh|63/100 tox|[from] psn
|-damage|p2a: Arceus|72/100 brn|[from] brn
|upkeep
|turn|15
|
|t:|1665131861
|switch|p1a: Necrozma|Necrozma-Dusk-Mane|100/100
|move|p2a: Arceus|Stealth Rock|p1a: Necrozma
|-sidestart|p1: 1337RedGlitchFox|move: Stealth Rock
|
|-damage|p2a: Arceus|66/100 brn|[from] brn
|upkeep
|turn|16
|
|t:|1665131864
|switch|p2a: Zygarde|Zygarde, shiny|100/100
|move|p1a: Necrozma|Dragon Dance|p1a: Necrozma
|-boost|p1a: Necrozma|atk|1
|-boost|p1a: Necrozma|spe|1
|
|upkeep
|turn|17
|
|t:|1665131875
|move|p1a: Necrozma|Sunsteel Strike|p2a: Zygarde
|-damage|p2a: Zygarde|53/100
|move|p2a: Zygarde|Glare|p1a: Necrozma
|-status|p1a: Necrozma|par
|
|-heal|p2a: Zygarde|60/100|[from] item: Leftovers
|upkeep
|turn|18
|
|t:|1665131882
|switch|p1a: Ho-Oh|Ho-Oh|97/100 tox
|move|p2a: Zygarde|Haze|p2a: Zygarde
|-clearallboost
|
|-heal|p2a: Zygarde|66/100|[from] item: Leftovers
|-damage|p1a: Ho-Oh|90/100 tox|[from] psn
|upkeep
|turn|19
|
|t:|1665131886
|switch|p2a: Arceus|Arceus-Fairy|66/100 brn
|move|p1a: Ho-Oh|Sacred Fire|p2a: Arceus
|-damage|p2a: Arceus|40/100 brn
|
|-damage|p1a: Ho-Oh|78/100 tox|[from] psn
|-damage|p2a: Arceus|34/100 brn|[from] brn
|upkeep
|turn|20
|
|t:|1665131888
|move|p2a: Arceus|Recover|p2a: Arceus
|-heal|p2a: Arceus|84/100 brn
|move|p1a: Ho-Oh|Defog|p2a: Arceus
|-unboost|p2a: Arceus|evasion|1
|-sideend|p1: 1337RedGlitchFox|Stealth Rock|[from] move: Defog|[of] p1a: Ho-Oh
|
|-damage|p1a: Ho-Oh|60/100 tox|[from] psn
|-damage|p2a: Arceus|78/100 brn|[from] brn
|upkeep
|turn|21
|
|t:|1665131894
|switch|p1a: Rayquaza|Rayquaza|100/100
|-ability|p1a: Rayquaza|Air Lock
|move|p2a: Arceus|Stealth Rock|p1a: Rayquaza
|-sidestart|p1: 1337RedGlitchFox|move: Stealth Rock
|
|-damage|p2a: Arceus|71/100 brn|[from] brn
|upkeep
|turn|22
|
|t:|1665131898
|detailschange|p1a: Rayquaza|Rayquaza-Mega
|-mega|p1a: Rayquaza|Rayquaza|
|-weather|DeltaStream|[from] ability: Delta Stream|[of] p1a: Rayquaza
|move|p1a: Rayquaza|V-create|p2a: Arceus
|-damage|p2a: Arceus|0 fnt
|-unboost|p1a: Rayquaza|spe|1
|-unboost|p1a: Rayquaza|def|1
|-unboost|p1a: Rayquaza|spd|1
|faint|p2a: Arceus
|
|-weather|DeltaStream|[upkeep]
|upkeep
|
|t:|1665131917
|switch|p2a: Arceus|Arceus|100/100
|turn|23
|
|t:|1665131923
|-weather|none
|switch|p1a: Zygarde|Zygarde|100/100
|-damage|p1a: Zygarde|94/100|[from] Stealth Rock
|move|p2a: Arceus|Shadow Claw|p1a: Zygarde
|-damage|p1a: Zygarde|77/100
|
|upkeep
|turn|24
|
|t:|1665131928
|switch|p2a: Zygarde|Zygarde, shiny|66/100
|move|p1a: Zygarde|Glare|p2a: Zygarde
|-status|p2a: Zygarde|par
|
|-heal|p2a: Zygarde|72/100 par|[from] item: Leftovers
|upkeep
|turn|25
|
|t:|1665131931
|switch|p1a: Ho-Oh|Ho-Oh|93/100 tox
|move|p2a: Zygarde|Glare||[still]
|-fail|p2a: Zygarde
|
|-heal|p2a: Zygarde|78/100 par|[from] item: Leftovers
|-damage|p1a: Ho-Oh|87/100 tox|[from] psn
|upkeep
|turn|26
|
|t:|1665131937
|switch|p2a: Arceus|Arceus|100/100
|move|p1a: Ho-Oh|Defog|p2a: Arceus
|-unboost|p2a: Arceus|evasion|1
|-sideend|p1: 1337RedGlitchFox|Stealth Rock|[from] move: Defog|[of] p1a: Ho-Oh
|
|-damage|p1a: Ho-Oh|74/100 tox|[from] psn
|upkeep
|turn|27
|
|t:|1665131940
|move|p2a: Arceus|Swords Dance|p2a: Arceus
|-boost|p2a: Arceus|atk|2
|move|p1a: Ho-Oh|Sacred Fire|p2a: Arceus
|-damage|p2a: Arceus|74/100
|-status|p2a: Arceus|brn
|-enditem|p2a: Arceus|Lum Berry|[eat]
|-curestatus|p2a: Arceus|brn|[msg]
|
|-damage|p1a: Ho-Oh|56/100 tox|[from] psn
|upkeep
|turn|28
|
|t:|1665131945
|-start|p2a: Arceus|Dynamax|
|-heal|p2a: Arceus|74/100|[silent]
|move|p2a: Arceus|Max Strike|p1a: Ho-Oh
|-damage|p1a: Ho-Oh|0 fnt
|faint|p1a: Ho-Oh
|
|upkeep
|
|t:|1665131952
|switch|p1a: Zygarde|Zygarde|77/100
|turn|29
|
|t:|1665131954
|move|p2a: Arceus|Max Strike|p1a: Zygarde
|-damage|p1a: Zygarde|0 fnt
|faint|p1a: Zygarde
|
|upkeep
|
|t:|1665131958
|switch|p1a: Necrozma|Necrozma-Dusk-Mane|100/100 par
|turn|30
|
|t:|1665131961
|switch|p1a: Rayquaza|Rayquaza-Mega|100/100
|-weather|DeltaStream|[from] ability: Delta Stream|[of] p1a: Rayquaza
|move|p2a: Arceus|Max Phantasm|p1a: Rayquaza
|-damage|p1a: Rayquaza|18/100
|-unboost|p1a: Rayquaza|def|1
|
|-weather|DeltaStream|[upkeep]
|upkeep
|-end|p2a: Arceus|Dynamax
|-heal|p2a: Arceus|74/100|[silent]
|turn|31
|
|t:|1665131967
|move|p2a: Arceus|Extreme Speed|p1a: Rayquaza
|-damage|p1a: Rayquaza|0 fnt
|faint|p1a: Rayquaza
|-weather|none
|
|upkeep
|
|t:|1665131968
|switch|p1a: Arceus|Arceus|100/100
|turn|32
|
|t:|1665131972
|-start|p1a: Arceus|Dynamax|
|-heal|p1a: Arceus|100/100|[silent]
|move|p2a: Arceus|Extreme Speed|p1a: Arceus
|-damage|p1a: Arceus|68/100
|move|p1a: Arceus|Max Strike|p2a: Arceus
|-damage|p2a: Arceus|30/100
|-unboost|p2a: Arceus|spe|1
|
|upkeep
|turn|33
|
|t:|1665131976
|switch|p2a: Zygarde|Zygarde, shiny|78/100 par
|move|p1a: Arceus|Max Strike|p2a: Zygarde
|-damage|p2a: Zygarde|42/100 par
|-unboost|p2a: Zygarde|spe|1
|
|-heal|p2a: Zygarde|48/100 par|[from] item: Leftovers
|-activate|p2a: Zygarde|ability: Power Construct
|detailschange|p2a: Zygarde|Zygarde-Complete, shiny
|-heal|p2a: Zygarde|66/100 par|[silent]
|upkeep
|turn|34
|
|t:|1665131981
|-end|p1a: Arceus|Dynamax
|-heal|p1a: Arceus|68/100|[silent]
|switch|p1a: Necrozma|Necrozma-Dusk-Mane|100/100 par
|move|p2a: Zygarde|Haze|p2a: Zygarde
|-clearallboost
|
|-heal|p2a: Zygarde|72/100 par|[from] item: Leftovers
|upkeep
|turn|35
|
|t:|1665131986
|cant|p1a: Necrozma|par
|move|p2a: Zygarde|Rest|p2a: Zygarde
|-status|p2a: Zygarde|slp|[from] move: Rest
|-heal|p2a: Zygarde|100/100 slp|[silent]
|
|upkeep
|turn|36
|
|t:|1665131989
|cant|p2a: Zygarde|slp
|cant|p1a: Necrozma|par
|
|upkeep
|turn|37
|
|t:|1665131991
|cant|p2a: Zygarde|slp
|move|p1a: Necrozma|Dragon Dance|p1a: Necrozma
|-boost|p1a: Necrozma|atk|1
|-boost|p1a: Necrozma|spe|1
|
|upkeep
|turn|38
|
|t:|1665131994
|detailschange|p1a: Necrozma|Necrozma-Ultra
|-burst|p1a: Necrozma|Necrozma|Ultranecrozium Z
|cant|p1a: Necrozma|par
|-curestatus|p2a: Zygarde|slp|[msg]
|move|p2a: Zygarde|Haze|p2a: Zygarde
|-clearallboost
|
|upkeep
|turn|39
|
|t:|1665131999
|move|p2a: Zygarde|Thousand Arrows|p1a: Necrozma
|-damage|p1a: Necrozma|69/100 par
|cant|p1a: Necrozma|par
|
|upkeep
|turn|40
|
|t:|1665132005
|move|p2a: Zygarde|Thousand Arrows|p1a: Necrozma
|-damage|p1a: Necrozma|38/100 par
|move|p1a: Necrozma|Dragon Dance|p1a: Necrozma
|-boost|p1a: Necrozma|atk|1
|-boost|p1a: Necrozma|spe|1
|
|upkeep
|turn|41
|-message|1337RedGlitchFox forfeited.
|
|win|Goku Uchiha 2001
|raw|1337RedGlitchFox's rating: 1683 &rarr; <strong>1676</strong><br />(-7 for losing)
|raw|Goku Uchiha 2001's rating: 1965 &rarr; <strong>1972</strong><br />(+7 for winning)
|l|☆1337RedGlitchFox
