|j|☆Maruf_Abbasi
|j|☆Diancie_hhh
|t:|1664537173
|gametype|singles
|player|p1|Maruf_Abbasi|clown|1653
|player|p2|Diancie_hhh|marnie|1862
|teamsize|p1|6
|teamsize|p2|6
|gen|8
|tier|[Gen 8] National Dex AG
|rated|
|rule|HP Percentage Mod: HP is shown in percentages
|rule|Endless Battle Clause: Forcing endless battles is banned
|clearpoke
|poke|p1|Groudon|
|poke|p1|Yveltal|
|poke|p1|Calyrex-Shadow|
|poke|p1|Necrozma-Dusk-Mane|
|poke|p1|Kyogre|
|poke|p1|Zacian-*|
|poke|p2|Arceus-*|
|poke|p2|Zacian-*|
|poke|p2|Groudon|
|poke|p2|Ho-Oh|
|poke|p2|Zygarde|
|poke|p2|Weavile, F|
|teampreview
|
|t:|1664537181
|start
|switch|p1a: Zacian|Zacian-Crowned|100/100
|switch|p2a: Zygarde|Zygarde, shiny|100/100
|-ability|p1a: Zacian|Intrepid Sword|boost
|-boost|p1a: Zacian|atk|1
|turn|1
|
|t:|1664537189
|switch|p2a: Ho-Oh|Ho-Oh|100/100
|move|p1a: Zacian|Swords Dance|p1a: Zacian
|-boost|p1a: Zacian|atk|2
|
|upkeep
|turn|2
|
|t:|1664537201
|switch|p1a: Kyogre|Kyogre|100/100
|-weather|RainDance|[from] ability: Drizzle|[of] p1a: Kyogre
|switch|p2a: 大地之神|Groudon, shiny|100/100
|detailschange|p2a: 大地之神|Groudon-Primal, shiny
|-primal|p2a: 大地之神
|-weather|DesolateLand|[from] ability: Desolate Land|[of] p2a: 大地之神
|
|-weather|DesolateLand|[upkeep]
|upkeep
|turn|3
|
|t:|1664537214
|switch|p1a: Yveltal|Yveltal|100/100
|-ability|p1a: Yveltal|Dark Aura
|move|p2a: 大地之神|Stealth Rock|p1a: Yveltal
|-sidestart|p1: Maruf_Abbasi|move: Stealth Rock
|
|-weather|DesolateLand|[upkeep]
|upkeep
|turn|4
|j| Ryan.Lu.
|
|t:|1664537221
|move|p2a: 大地之神|Fire Punch|p1a: Yveltal
|-damage|p1a: Yveltal|41/100
|move|p1a: Yveltal|Defog|p2a: 大地之神
|-unboost|p2a: 大地之神|evasion|1
|-sideend|p1: Maruf_Abbasi|Stealth Rock|[from] move: Defog|[of] p1a: Yveltal
|
|-weather|DesolateLand|[upkeep]
|upkeep
|turn|5
|
|t:|1664537228
|switch|p1a: Groudon|Groudon|100/100
|detailschange|p1a: Groudon|Groudon-Primal
|-primal|p1a: Groudon
|move|p2a: 大地之神|Stealth Rock|p1a: Groudon
|-sidestart|p1: Maruf_Abbasi|move: Stealth Rock
|
|-weather|DesolateLand|[upkeep]
|upkeep
|turn|6
|
|t:|1664537236
|move|p2a: 大地之神|Earthquake|p1a: Groudon
|-supereffective|p1a: Groudon
|-damage|p1a: Groudon|35/100
|move|p1a: Groudon|Stealth Rock|p2a: 大地之神
|-sidestart|p2: Diancie_hhh|move: Stealth Rock
|
|-weather|DesolateLand|[upkeep]
|upkeep
|turn|7
|
|t:|1664537246
|move|p2a: 大地之神|Earthquake|p1a: Groudon
|-supereffective|p1a: Groudon
|-damage|p1a: Groudon|0 fnt
|faint|p1a: Groudon
|
|-weather|DesolateLand|[upkeep]
|upkeep
|
|t:|1664537256
|switch|p1a: Yveltal|Yveltal|41/100
|-damage|p1a: Yveltal|16/100|[from] Stealth Rock
|-ability|p1a: Yveltal|Dark Aura
|turn|8
|
|t:|1664537262
|move|p1a: Yveltal|Sucker Punch|p2a: 大地之神
|-damage|p2a: 大地之神|74/100
|move|p2a: 大地之神|Fire Punch|p1a: Yveltal
|-damage|p1a: Yveltal|0 fnt
|faint|p1a: Yveltal
|
|-weather|DesolateLand|[upkeep]
|upkeep
|
|t:|1664537271
|switch|p1a: Calyrex|Calyrex-Shadow|100/100
|-ability|p1a: Calyrex|As One
|-ability|p1a: Calyrex|Unnerve
|-damage|p1a: Calyrex|88/100|[from] Stealth Rock
|turn|9
|
|t:|1664537290
|move|p1a: Calyrex|Astral Barrage|p2a: 大地之神
|-damage|p2a: 大地之神|3/100
|move|p2a: 大地之神|Fire Punch|p1a: Calyrex
|-damage|p1a: Calyrex|0 fnt
|faint|p1a: Calyrex
|
|-weather|DesolateLand|[upkeep]
|upkeep
|
|t:|1664537306
|switch|p1a: Zacian|Zacian-Crowned|100/100
|-damage|p1a: Zacian|94/100|[from] Stealth Rock
|-ability|p1a: Zacian|Intrepid Sword|boost
|-boost|p1a: Zacian|atk|1
|turn|10
|
|t:|1664537312
|move|p1a: Zacian|Behemoth Blade|p2a: 大地之神
|-resisted|p2a: 大地之神
|-damage|p2a: 大地之神|0 fnt
|faint|p2a: 大地之神
|-weather|none
|
|upkeep
|
|t:|1664537321
|switch|p2a: Zacian|Zacian-Crowned|100/100
|-damage|p2a: Zacian|94/100|[from] Stealth Rock
|-ability|p2a: Zacian|Intrepid Sword|boost
|-boost|p2a: Zacian|atk|1
|turn|11
|
|t:|1664537326
|move|p2a: Zacian|Behemoth Blade|p1a: Zacian
|-damage|p1a: Zacian|0 fnt
|faint|p1a: Zacian
|
|upkeep
|
|t:|1664537334
|switch|p1a: Kyogre|Kyogre|100/100
|-damage|p1a: Kyogre|88/100|[from] Stealth Rock
|-weather|RainDance|[from] ability: Drizzle|[of] p1a: Kyogre
|turn|12
|
|t:|1664537341
|switch|p2a: Zygarde|Zygarde, shiny|100/100
|-damage|p2a: Zygarde|94/100|[from] Stealth Rock
|move|p1a: Kyogre|Water Spout|p2a: Zygarde
|-damage|p2a: Zygarde|1/100
|
|-weather|RainDance|[upkeep]
|-activate|p2a: Zygarde|ability: Power Construct
|detailschange|p2a: Zygarde|Zygarde-Complete, shiny
|-heal|p2a: Zygarde|35/100|[silent]
|upkeep
|turn|13
|
|t:|1664537390
|move|p1a: Kyogre|Water Spout|p2a: Zygarde
|-damage|p2a: Zygarde|0 fnt
|faint|p2a: Zygarde
|
|-weather|RainDance|[upkeep]
|upkeep
|
|t:|1664537393
|switch|p2a: Arceus|Arceus, shiny|100/100
|-damage|p2a: Arceus|88/100|[from] Stealth Rock
|turn|14
|inactive|Battle timer is ON: inactive players will automatically lose when time's up. (requested by Maruf_Abbasi)
|
|t:|1664537400
|move|p2a: Arceus|Extreme Speed|p1a: Kyogre
|-crit|p1a: Kyogre
|-damage|p1a: Kyogre|0 fnt
|faint|p1a: Kyogre
|-damage|p2a: Arceus|78/100|[from] item: Life Orb
|
|-weather|RainDance|[upkeep]
|upkeep
|
|t:|1664537408
|switch|p1a: Necrozma|Necrozma-Dusk-Mane|100/100
|-damage|p1a: Necrozma|94/100|[from] Stealth Rock
|turn|15
|
|t:|1664537413
|move|p2a: Arceus|Swords Dance|p2a: Arceus
|-boost|p2a: Arceus|atk|2
|move|p1a: Necrozma|Calm Mind|p1a: Necrozma
|-boost|p1a: Necrozma|spa|1
|-boost|p1a: Necrozma|spd|1
|
|-weather|RainDance|[upkeep]
|-heal|p1a: Necrozma|100/100|[from] item: Leftovers
|upkeep
|turn|16
|
|t:|1664537422
|-start|p2a: Arceus|Dynamax|
|-heal|p2a: Arceus|78/100|[silent]
|move|p2a: Arceus|Max Strike|p1a: Necrozma
|-resisted|p1a: Necrozma
|-damage|p1a: Necrozma|51/100
|-unboost|p1a: Necrozma|spe|1
|-damage|p2a: Arceus|73/100|[from] item: Life Orb
|move|p1a: Necrozma|Calm Mind|p1a: Necrozma
|-boost|p1a: Necrozma|spa|1
|-boost|p1a: Necrozma|spd|1
|
|-weather|none
|-heal|p1a: Necrozma|57/100|[from] item: Leftovers
|upkeep
|turn|17
|
|t:|1664537436
|move|p2a: Arceus|Max Strike|p1a: Necrozma
|-resisted|p1a: Necrozma
|-damage|p1a: Necrozma|7/100
|-unboost|p1a: Necrozma|spe|1
|-damage|p2a: Arceus|68/100|[from] item: Life Orb
|move|p1a: Necrozma|Morning Sun|p1a: Necrozma
|-heal|p1a: Necrozma|57/100
|
|-heal|p1a: Necrozma|63/100|[from] item: Leftovers
|upkeep
|turn|18
|
|t:|1664537447
|move|p2a: Arceus|Max Strike|p1a: Necrozma
|-resisted|p1a: Necrozma
|-damage|p1a: Necrozma|18/100
|-unboost|p1a: Necrozma|spe|1
|-damage|p2a: Arceus|63/100|[from] item: Life Orb
|move|p1a: Necrozma|Morning Sun|p1a: Necrozma
|-heal|p1a: Necrozma|68/100
|
|-heal|p1a: Necrozma|74/100|[from] item: Leftovers
|upkeep
|-end|p2a: Arceus|Dynamax
|-heal|p2a: Arceus|63/100|[silent]
|turn|19
|
|t:|1664537461
|move|p2a: Arceus|Swords Dance|p2a: Arceus
|-boost|p2a: Arceus|atk|2
|move|p1a: Necrozma|Morning Sun|p1a: Necrozma
|-heal|p1a: Necrozma|100/100
|
|upkeep
|turn|20
|
|t:|1664537471
|-start|p1a: Necrozma|Dynamax|
|-heal|p1a: Necrozma|100/100|[silent]
|move|p2a: Arceus|Extreme Speed|p1a: Necrozma
|-resisted|p1a: Necrozma
|-damage|p1a: Necrozma|78/100
|-damage|p2a: Arceus|53/100|[from] item: Life Orb
|move|p1a: Necrozma|Max Steelspike|p2a: Arceus
|-damage|p2a: Arceus|0 fnt
|-boost|p1a: Necrozma|def|1
|faint|p2a: Arceus
|
|-heal|p1a: Necrozma|81/100|[from] item: Leftovers
|upkeep
|
|t:|1664537492
|switch|p2a: Ho-Oh|Ho-Oh|100/100
|turn|21
|
|t:|1664537496
|move|p2a: Ho-Oh|Sacred Fire|p1a: Necrozma
|-supereffective|p1a: Necrozma
|-damage|p1a: Necrozma|68/100
|move|p1a: Necrozma|Max Steelspike|p2a: Ho-Oh
|-resisted|p2a: Ho-Oh
|-damage|p2a: Ho-Oh|76/100
|-boost|p1a: Necrozma|def|1
|
|-heal|p1a: Necrozma|71/100|[from] item: Leftovers
|upkeep
|turn|22
|
|t:|1664537507
|move|p2a: Ho-Oh|Sacred Fire|p1a: Necrozma
|-supereffective|p1a: Necrozma
|-damage|p1a: Necrozma|62/100
|-status|p1a: Necrozma|brn
|move|p1a: Necrozma|Max Mindstorm|p2a: Ho-Oh
|-damage|p2a: Ho-Oh|26/100
|-fieldstart|move: Psychic Terrain
|
|-heal|p1a: Necrozma|65/100 brn|[from] item: Leftovers
|-damage|p1a: Necrozma|62/100 brn|[from] brn
|upkeep
|-end|p1a: Necrozma|Dynamax
|-heal|p1a: Necrozma|62/100 brn|[silent]
|turn|23
|
|t:|1664537523
|move|p2a: Ho-Oh|Roost|p2a: Ho-Oh
|-heal|p2a: Ho-Oh|76/100
|-singleturn|p2a: Ho-Oh|move: Roost
|move|p1a: Necrozma|Morning Sun|p1a: Necrozma
|-heal|p1a: Necrozma|100/100 brn
|
|-damage|p1a: Necrozma|94/100 brn|[from] brn
|upkeep
|turn|24
|
|t:|1664537534
|move|p2a: Ho-Oh|Defog|p1a: Necrozma
|-unboost|p1a: Necrozma|evasion|1
|-sideend|p1: Maruf_Abbasi|Stealth Rock|[from] move: Defog|[of] p2a: Ho-Oh
|-sideend|p2: Diancie_hhh|Stealth Rock|[from] move: Defog|[of] p2a: Ho-Oh
|-fieldend|move: Psychic Terrain
|move|p1a: Necrozma|Calm Mind|p1a: Necrozma
|-boost|p1a: Necrozma|spa|1
|-boost|p1a: Necrozma|spd|1
|
|-heal|p1a: Necrozma|100/100 brn|[from] item: Leftovers
|-damage|p1a: Necrozma|94/100 brn|[from] brn
|upkeep
|turn|25
|
|t:|1664537551
|move|p2a: Ho-Oh|Sacred Fire|p1a: Necrozma
|-supereffective|p1a: Necrozma
|-damage|p1a: Necrozma|73/100 brn
|move|p1a: Necrozma|Stored Power|p2a: Ho-Oh
|-damage|p2a: Ho-Oh|0 fnt
|faint|p2a: Ho-Oh
|
|-heal|p1a: Necrozma|79/100 brn|[from] item: Leftovers
|-damage|p1a: Necrozma|73/100 brn|[from] brn
|upkeep
|
|t:|1664537566
|switch|p2a: Weavile|Weavile, F, shiny|100/100
|-ability|p2a: Weavile|Pressure
|turn|26
|
|t:|1664537573
|move|p2a: Weavile|Knock Off|p1a: Necrozma
|-supereffective|p1a: Necrozma
|-damage|p1a: Necrozma|51/100 brn
|-enditem|p1a: Necrozma|Leftovers|[from] move: Knock Off|[of] p2a: Weavile
|move|p1a: Necrozma|Morning Sun|p1a: Necrozma
|-heal|p1a: Necrozma|100/100 brn
|
|-damage|p1a: Necrozma|94/100 brn|[from] brn
|upkeep
|turn|27
|
|t:|1664537583
|switch|p2a: Zacian|Zacian-Crowned|94/100
|-ability|p2a: Zacian|Intrepid Sword|boost
|-boost|p2a: Zacian|atk|1
|move|p1a: Necrozma|Flash Cannon|p2a: Zacian
|-damage|p2a: Zacian|25/100
|
|-damage|p1a: Necrozma|88/100 brn|[from] brn
|upkeep
|turn|28
|
|t:|1664537594
|move|p2a: Zacian|Behemoth Blade|p1a: Necrozma
|-resisted|p1a: Necrozma
|-damage|p1a: Necrozma|77/100 brn
|move|p1a: Necrozma|Flash Cannon|p2a: Zacian
|-crit|p2a: Zacian
|-damage|p2a: Zacian|0 fnt
|faint|p2a: Zacian
|
|-damage|p1a: Necrozma|71/100 brn|[from] brn
|upkeep
|
|t:|1664537601
|switch|p2a: Weavile|Weavile, F, shiny|100/100
|-ability|p2a: Weavile|Pressure
|turn|29
|c|☆Maruf_Abbasi|Gg
|c|☆Diancie_hhh|gg
|
|t:|1664537610
|move|p2a: Weavile|Knock Off|p1a: Necrozma
|-supereffective|p1a: Necrozma
|-damage|p1a: Necrozma|57/100 brn
|move|p1a: Necrozma|Flash Cannon|p2a: Weavile
|-supereffective|p2a: Weavile
|-damage|p2a: Weavile|0 fnt
|faint|p2a: Weavile
|
|win|Maruf_Abbasi
|raw|Maruf_Abbasi's rating: 1653 &rarr; <strong>1684</strong><br />(+31 for winning)
|raw|Diancie_hhh's rating: 1862 &rarr; <strong>1831</strong><br />(-31 for losing)
