|j|☆JAlt1
|j|☆Jackmatica
|inactive|Battle timer is ON: inactive players will automatically lose when time's up.
|t:|1666808127
|gametype|singles
|player|p1|JAlt1|pokemonbreederf-gen4|
|player|p2|Jackmatica|cynthia-gen4|
|teamsize|p1|6
|teamsize|p2|6
|gen|8
|tier|[Gen 8] National Dex AG
|rated|Tournament battle
|rule|HP Percentage Mod: HP is shown in percentages
|rule|Endless Battle Clause: Forcing endless battles is banned
|clearpoke
|poke|p1|Zacian-*|
|poke|p1|Zygarde|
|poke|p1|Groudon|
|poke|p1|Necrozma-Dusk-Mane|
|poke|p1|Yveltal|
|poke|p1|Gengar, M|
|poke|p2|Ditto|
|poke|p2|Ditto|
|poke|p2|Ditto|
|poke|p2|Ditto|
|poke|p2|Ditto|
|poke|p2|Ditto|
|teampreview
|inactive|Jackmatica also wants the timer to be on.
|j| LocalMetagross
|inactive|JAlt1 has 120 seconds left.
|
|t:|1666808170
|start
|switch|p1a: Gengar|Gengar, M, shiny|100/100
|switch|p2a: Ditto|Ditto|100/100
|-transform|p2a: Ditto|p1a: Gengar|[from] ability: Imposter
|turn|1
|
|t:|1666808189
|detailschange|p1a: Gengar|Gengar-Mega, M, shiny
|-mega|p1a: Gengar|Gengar|Gengarite
|move|p2a: Ditto|Sludge Bomb|p1a: Gengar
|-resisted|p1a: Gengar
|-damage|p1a: Gengar|89/100
|move|p1a: Gengar|Substitute|p1a: Gengar
|-start|p1a: Gengar|Substitute
|-damage|p1a: Gengar|64/100
|
|upkeep
|turn|2
|
|t:|1666808208
|move|p2a: Ditto|Sludge Bomb|p1a: Gengar
|-resisted|p1a: Gengar
|-crit|p1a: Gengar
|-activate|p1a: Gengar|move: Substitute|[damage]
|move|p1a: Gengar|Encore|p2a: Ditto
|-start|p2a: Ditto|Encore
|
|upkeep
|turn|3
|
|t:|1666808218
|move|p2a: Ditto|Sludge Bomb|p1a: Gengar
|-resisted|p1a: Gengar
|-end|p1a: Gengar|Substitute
|move|p1a: Gengar|Nasty Plot|p1a: Gengar
|-boost|p1a: Gengar|spa|2
|
|upkeep
|turn|4
|
|t:|1666808231
|switch|p2a: Ditto|Ditto|100/100
|-transform|p2a: Ditto|p1a: Gengar|[from] ability: Imposter
|move|p1a: Gengar|Substitute|p1a: Gengar
|-start|p1a: Gengar|Substitute
|-damage|p1a: Gengar|39/100
|
|upkeep
|turn|5
|
|t:|1666808241
|move|p2a: Ditto|Substitute|p2a: Ditto
|-start|p2a: Ditto|Substitute
|-damage|p2a: Ditto|75/100
|move|p1a: Gengar|Sludge Bomb|p2a: Ditto
|-resisted|p2a: Ditto
|-end|p2a: Ditto|Substitute
|
|-heal|p2a: Ditto|81/100|[from] item: Leftovers
|upkeep
|turn|6
|inactive|JAlt1 has 120 seconds left.
|l|☆JAlt1
|inactive|JAlt1 disconnected and has a minute to reconnect!
|player|p1|
|j|☆JAlt1
|inactive|JAlt1 reconnected and has 100 seconds left.
|player|p1|JAlt1|pokemonbreederf-gen4
|inactive|JAlt1 has 90 seconds left.
|
|t:|1666808305
|move|p2a: Ditto|Sludge Bomb|p1a: Gengar
|-resisted|p1a: Gengar
|-end|p1a: Gengar|Substitute
|move|p1a: Gengar|Encore|p2a: Ditto
|-start|p2a: Ditto|Encore
|
|-heal|p2a: Ditto|87/100|[from] item: Leftovers
|upkeep
|turn|7
|inactive|JAlt1 has 90 seconds left.
|inactive|Jackmatica has 120 seconds left.
|
|t:|1666808363
|switch|p1a: Necrozma|Necrozma-Dusk-Mane|100/100
|move|p2a: Ditto|Sludge Bomb|p1a: Necrozma
|-immune|p1a: Necrozma
|
|-heal|p2a: Ditto|93/100|[from] item: Leftovers
|upkeep
|turn|8
|inactive|JAlt1 has 90 seconds left.
|
|t:|1666808377
|switch|p2a: Ditto|Ditto|100/100
|-transform|p2a: Ditto|p1a: Necrozma|[from] ability: Imposter
|move|p1a: Necrozma|Earthquake|p2a: Ditto
|-supereffective|p2a: Ditto
|-damage|p2a: Ditto|68/100
|
|-heal|p2a: Ditto|74/100|[from] item: Leftovers
|upkeep
|turn|9
|inactive|JAlt1 has 90 seconds left.
|
|t:|1666808396
|switch|p1a: Yveltal|Yveltal, shiny|100/100
|-ability|p1a: Yveltal|Dark Aura
|move|p2a: Ditto|Stealth Rock|p1a: Yveltal
|-sidestart|p1: JAlt1|move: Stealth Rock
|
|-heal|p2a: Ditto|80/100|[from] item: Leftovers
|upkeep
|turn|10
|inactive|JAlt1 has 90 seconds left.
|inactive|Jackmatica has 90 seconds left.
|
|t:|1666808421
|move|p1a: Yveltal|Defog|p2a: Ditto
|-unboost|p2a: Ditto|evasion|1
|-sideend|p1: JAlt1|Stealth Rock|[from] move: Defog|[of] p1a: Yveltal
|move|p2a: Ditto|Sunsteel Strike|p1a: Yveltal
|-damage|p1a: Yveltal|58/100
|
|-heal|p2a: Ditto|86/100|[from] item: Leftovers
|upkeep
|turn|11
|inactive|JAlt1 has 90 seconds left.
|inactive|Jackmatica has 90 seconds left.
|
|t:|1666808436
|move|p1a: Yveltal|Roost|p1a: Yveltal
|-heal|p1a: Yveltal|100/100
|-singleturn|p1a: Yveltal|move: Roost
|move|p2a: Ditto|Stealth Rock|p1a: Yveltal
|-sidestart|p1: JAlt1|move: Stealth Rock
|
|-heal|p2a: Ditto|92/100|[from] item: Leftovers
|upkeep
|turn|12
|inactive|JAlt1 has 90 seconds left.
|inactive|Jackmatica has 90 seconds left.
|
|t:|1666808451
|move|p1a: Yveltal|Defog|p2a: Ditto
|-unboost|p2a: Ditto|evasion|1
|-sideend|p1: JAlt1|Stealth Rock|[from] move: Defog|[of] p1a: Yveltal
|move|p2a: Ditto|Sunsteel Strike|p1a: Yveltal
|-damage|p1a: Yveltal|60/100
|
|-heal|p2a: Ditto|98/100|[from] item: Leftovers
|upkeep
|turn|13
|inactive|JAlt1 has 90 seconds left.
|inactive|Jackmatica has 90 seconds left.
|
|t:|1666808462
|switch|p1a: Gengar|Gengar-Mega, M, shiny|39/100
|switch|p2a: Ditto|Ditto|93/100
|-transform|p2a: Ditto|p1a: Gengar|[from] ability: Imposter
|
|-heal|p2a: Ditto|99/100|[from] item: Leftovers
|upkeep
|turn|14
|inactive|JAlt1 has 90 seconds left.
|inactive|Jackmatica has 90 seconds left.
|
|t:|1666808476
|switch|p1a: Yveltal|Yveltal, shiny|60/100
|-ability|p1a: Yveltal|Dark Aura
|move|p2a: Ditto|Nasty Plot|p2a: Ditto
|-boost|p2a: Ditto|spa|2
|
|-heal|p2a: Ditto|100/100|[from] item: Leftovers
|upkeep
|turn|15
|inactive|JAlt1 has 90 seconds left.
|inactive|Jackmatica has 90 seconds left.
|
|t:|1666808495
|-start|p1a: Yveltal|Dynamax|
|-heal|p1a: Yveltal|60/100|[silent]
|move|p2a: Ditto|Substitute|p2a: Ditto
|-start|p2a: Ditto|Substitute
|-damage|p2a: Ditto|75/100
|move|p1a: Yveltal|Max Darkness|p2a: Ditto
|-supereffective|p2a: Ditto
|-end|p2a: Ditto|Substitute
|-unboost|p2a: Ditto|spd|1
|
|-heal|p2a: Ditto|81/100|[from] item: Leftovers
|upkeep
|turn|16
|inactive|Jackmatica has 90 seconds left.
|
|t:|1666808515
|move|p2a: Ditto|Substitute|p2a: Ditto
|-start|p2a: Ditto|Substitute
|-damage|p2a: Ditto|57/100
|move|p1a: Yveltal|Max Darkness|p2a: Ditto
|-supereffective|p2a: Ditto
|-end|p2a: Ditto|Substitute
|-unboost|p2a: Ditto|spd|1
|
|-heal|p2a: Ditto|62/100|[from] item: Leftovers
|upkeep
|turn|17
|inactive|Jackmatica has 90 seconds left.
|
|t:|1666808535
|move|p2a: Ditto|Substitute|p2a: Ditto
|-start|p2a: Ditto|Substitute
|-damage|p2a: Ditto|37/100
|move|p1a: Yveltal|Max Darkness|p2a: Ditto
|-supereffective|p2a: Ditto
|-end|p2a: Ditto|Substitute
|-unboost|p2a: Ditto|spd|1
|
|-heal|p2a: Ditto|43/100|[from] item: Leftovers
|upkeep
|-end|p1a: Yveltal|Dynamax
|-heal|p1a: Yveltal|60/100|[silent]
|turn|18
|
|t:|1666808545
|move|p2a: Ditto|Sludge Bomb|p1a: Yveltal
|-damage|p1a: Yveltal|4/100
|-status|p1a: Yveltal|psn
|move|p1a: Yveltal|Snarl|p2a: Ditto
|-supereffective|p2a: Ditto
|-damage|p2a: Ditto|0 fnt
|faint|p2a: Ditto
|
|-damage|p1a: Yveltal|0 fnt|[from] psn
|faint|p1a: Yveltal
|upkeep
|inactive|JAlt1 has 60 seconds left.
|
|t:|1666808576
|switch|p1a: Necrozma|Necrozma-Dusk-Mane|100/100
|switch|p2a: Ditto|Ditto|98/100
|-transform|p2a: Ditto|p1a: Necrozma|[from] ability: Imposter
|turn|19
|inactive|Jackmatica has 90 seconds left.
|inactive|JAlt1 has 60 seconds left.
|
|t:|1666808598
|switch|p1a: Gengar|Gengar-Mega, M, shiny|39/100
|move|p2a: Ditto|Stealth Rock|p1a: Gengar
|-sidestart|p1: JAlt1|move: Stealth Rock
|
|-heal|p2a: Ditto|100/100|[from] item: Leftovers
|upkeep
|turn|20
|inactive|JAlt1 has 60 seconds left.
|
|t:|1666808606
|move|p1a: Gengar|Encore|p2a: Ditto
|-start|p2a: Ditto|Encore
|move|p2a: Ditto|Stealth Rock||[still]
|-fail|p2a: Ditto
|
|upkeep
|turn|21
|inactive|Jackmatica has 90 seconds left.
|inactive|JAlt1 has 60 seconds left.
|
|t:|1666808622
|-start|p2a: Ditto|Dynamax|
|-heal|p2a: Ditto|100/100|[silent]
|move|p1a: Gengar|Substitute|p1a: Gengar
|-start|p1a: Gengar|Substitute
|-damage|p1a: Gengar|14/100
|move|p2a: Ditto|Max Steelspike|p1a: Gengar
|-end|p1a: Gengar|Substitute
|-boost|p2a: Ditto|def|1
|
|upkeep
|turn|22
|inactive|JAlt1 has 60 seconds left.
|
|t:|1666808643
|switch|p1a: Zygarde|Zygarde, shiny|100/100
|-damage|p1a: Zygarde|94/100|[from] Stealth Rock
|move|p2a: Ditto|Max Quake|p1a: Zygarde
|-damage|p1a: Zygarde|70/100
|-boost|p2a: Ditto|spd|1
|
|-end|p2a: Ditto|Encore
|upkeep
|turn|23
|inactive|Jackmatica has 90 seconds left.
|
|t:|1666808656
|move|p1a: Zygarde|Glare|p2a: Ditto
|-status|p2a: Ditto|par
|move|p2a: Ditto|Max Steelspike|p1a: Zygarde
|-damage|p1a: Zygarde|37/100
|-boost|p2a: Ditto|def|1
|
|-activate|p1a: Zygarde|ability: Power Construct
|detailschange|p1a: Zygarde|Zygarde-Complete, shiny
|-heal|p1a: Zygarde|59/100|[silent]
|upkeep
|-end|p2a: Ditto|Dynamax
|-heal|p2a: Ditto|100/100 par|[silent]
|turn|24
|inactive|Jackmatica has 90 seconds left.
|
|t:|1666808676
|switch|p1a: Gengar|Gengar-Mega, M, shiny|14/100
|-damage|p1a: Gengar|2/100|[from] Stealth Rock
|move|p2a: Ditto|Sunsteel Strike|p1a: Gengar
|-damage|p1a: Gengar|0 fnt
|faint|p1a: Gengar
|
|upkeep
|
|t:|1666808691
|switch|p1a: Groudon|Groudon, shiny|100/100
|-damage|p1a: Groudon|94/100|[from] Stealth Rock
|detailschange|p1a: Groudon|Groudon-Primal, shiny
|-primal|p1a: Groudon
|-weather|DesolateLand|[from] ability: Desolate Land|[of] p1a: Groudon
|turn|25
|inactive|Jackmatica has 90 seconds left.
|
|t:|1666808726
|move|p1a: Groudon|Precipice Blades|p2a: Ditto
|-supereffective|p2a: Ditto
|-damage|p2a: Ditto|62/100 par
|move|p2a: Ditto|Earthquake|p1a: Groudon
|-supereffective|p1a: Groudon
|-damage|p1a: Groudon|52/100
|
|-weather|DesolateLand|[upkeep]
|-heal|p2a: Ditto|68/100 par|[from] item: Leftovers
|upkeep
|turn|26
|
|t:|1666808739
|move|p1a: Groudon|Eruption|p2a: Ditto
|-supereffective|p2a: Ditto
|-damage|p2a: Ditto|0 fnt
|faint|p2a: Ditto
|
|-weather|DesolateLand|[upkeep]
|upkeep
|
|t:|1666808746
|switch|p2a: Ditto|Ditto|100/100
|-transform|p2a: Ditto|p1a: Groudon|[from] ability: Imposter
|turn|27
|
|t:|1666808758
|switch|p1a: Zygarde|Zygarde-Complete, shiny|59/100
|-damage|p1a: Zygarde|53/100|[from] Stealth Rock
|move|p2a: Ditto|Precipice Blades|p1a: Zygarde
|-damage|p1a: Zygarde|27/100
|
|-weather|DesolateLand|[upkeep]
|upkeep
|turn|28
|
|t:|1666808766
|move|p2a: Ditto|Precipice Blades|p1a: Zygarde
|-damage|p1a: Zygarde|6/100
|move|p1a: Zygarde|Rest|p1a: Zygarde
|-status|p1a: Zygarde|slp|[from] move: Rest
|-heal|p1a: Zygarde|100/100 slp|[silent]
|
|-weather|DesolateLand|[upkeep]
|upkeep
|turn|29
|inactive|JAlt1 has 60 seconds left.
|
|t:|1666808776
|-weather|none
|switch|p2a: Ditto|Ditto|100/100
|-transform|p2a: Ditto|p1a: Zygarde|[from] ability: Imposter
|cant|p1a: Zygarde|slp
|
|upkeep
|turn|30
|
|t:|1666808791
|move|p2a: Ditto|Thousand Arrows|p1a: Zygarde
|-damage|p1a: Zygarde|90/100 slp
|cant|p1a: Zygarde|slp
|
|upkeep
|turn|31
|
|t:|1666808797
|move|p2a: Ditto|Thousand Arrows|p1a: Zygarde
|-damage|p1a: Zygarde|80/100 slp
|-curestatus|p1a: Zygarde|slp|[msg]
|move|p1a: Zygarde|Glare|p2a: Ditto
|-status|p2a: Ditto|par
|
|upkeep
|turn|32
|
|t:|1666808807
|switch|p1a: Necrozma|Necrozma-Dusk-Mane|100/100
|-damage|p1a: Necrozma|94/100|[from] Stealth Rock
|switch|p2a: Ditto|Ditto|100/100
|-transform|p2a: Ditto|p1a: Necrozma|[from] ability: Imposter
|
|upkeep
|turn|33
|inactive|Jackmatica has 90 seconds left.
|
|t:|1666808817
|switch|p2a: Ditto|Ditto|100/100 par
|-transform|p2a: Ditto|p1a: Necrozma|[from] ability: Imposter
|move|p1a: Necrozma|Stealth Rock|p2a: Ditto
|-sidestart|p2: Jackmatica|move: Stealth Rock
|
|upkeep
|turn|34
|
|t:|1666808828
|switch|p1a: Groudon|Groudon-Primal, shiny|52/100
|-damage|p1a: Groudon|40/100|[from] Stealth Rock
|-weather|DesolateLand|[from] ability: Desolate Land|[of] p1a: Groudon
|cant|p2a: Ditto|par
|
|-weather|DesolateLand|[upkeep]
|upkeep
|turn|35
|
|t:|1666808839
|move|p1a: Groudon|Precipice Blades|p2a: Ditto
|-supereffective|p2a: Ditto
|-damage|p2a: Ditto|33/100 par
|move|p2a: Ditto|Earthquake|p1a: Groudon
|-supereffective|p1a: Groudon
|-crit|p1a: Groudon
|-damage|p1a: Groudon|0 fnt
|faint|p1a: Groudon
|-weather|none
|
|upkeep
|
|t:|1666808850
|switch|p1a: Necrozma|Necrozma-Dusk-Mane|94/100
|-damage|p1a: Necrozma|88/100|[from] Stealth Rock
|turn|36
|
|t:|1666808855
|move|p1a: Necrozma|Earthquake|p2a: Ditto
|-supereffective|p2a: Ditto
|-damage|p2a: Ditto|0 fnt
|faint|p2a: Ditto
|
|upkeep
|
|t:|1666808864
|switch|p2a: Ditto|Ditto|100/100
|-damage|p2a: Ditto|88/100|[from] Stealth Rock
|-transform|p2a: Ditto|p1a: Necrozma|[from] ability: Imposter
|turn|37
|
|t:|1666808870
|move|p2a: Ditto|Earthquake|p1a: Necrozma
|-supereffective|p1a: Necrozma
|-crit|p1a: Necrozma
|-damage|p1a: Necrozma|48/100
|move|p1a: Necrozma|Earthquake|p2a: Ditto
|-supereffective|p2a: Ditto
|-damage|p2a: Ditto|55/100
|
|upkeep
|turn|38
|
|t:|1666808878
|move|p2a: Ditto|Earthquake|p1a: Necrozma
|-supereffective|p1a: Necrozma
|-damage|p1a: Necrozma|21/100
|move|p1a: Necrozma|Moonlight|p1a: Necrozma
|-heal|p1a: Necrozma|71/100
|
|upkeep
|turn|39
|
|t:|1666808887
|move|p2a: Ditto|Earthquake|p1a: Necrozma
|-supereffective|p1a: Necrozma
|-damage|p1a: Necrozma|45/100
|move|p1a: Necrozma|Moonlight|p1a: Necrozma
|-heal|p1a: Necrozma|95/100
|
|upkeep
|turn|40
|
|t:|1666808915
|switch|p1a: Zygarde|Zygarde-Complete, shiny|80/100
|-damage|p1a: Zygarde|74/100|[from] Stealth Rock
|move|p2a: Ditto|Earthquake|p1a: Zygarde
|-crit|p1a: Zygarde
|-damage|p1a: Zygarde|56/100
|
|upkeep
|turn|41
|
|t:|1666808924
|switch|p2a: Ditto|Ditto|100/100
|-damage|p2a: Ditto|88/100|[from] Stealth Rock
|-transform|p2a: Ditto|p1a: Zygarde|[from] ability: Imposter
|move|p1a: Zygarde|Glare|p2a: Ditto
|-status|p2a: Ditto|par
|
|-heal|p2a: Ditto|94/100 par|[from] item: Leftovers
|upkeep
|turn|42
|inactive|JAlt1 has 120 seconds left.
|
|t:|1666808935
|move|p1a: Zygarde|Thousand Arrows|p2a: Ditto
|-damage|p2a: Ditto|70/100 par
|cant|p2a: Ditto|par
|
|-heal|p2a: Ditto|76/100 par|[from] item: Leftovers
|upkeep
|turn|43
|inactive|JAlt1 has 120 seconds left.
|
|t:|1666808944
|move|p1a: Zygarde|Thousand Arrows|p2a: Ditto
|-damage|p2a: Ditto|52/100 par
|move|p2a: Ditto|Glare|p1a: Zygarde
|-status|p1a: Zygarde|par
|
|-heal|p2a: Ditto|58/100 par|[from] item: Leftovers
|upkeep
|turn|44
|
|t:|1666808955
|move|p1a: Zygarde|Thousand Arrows|p2a: Ditto
|-damage|p2a: Ditto|35/100 par
|cant|p2a: Ditto|par
|
|-heal|p2a: Ditto|41/100 par|[from] item: Leftovers
|upkeep
|turn|45
|
|t:|1666808963
|move|p1a: Zygarde|Thousand Arrows|p2a: Ditto
|-damage|p2a: Ditto|19/100 par
|move|p2a: Ditto|Rest|p2a: Ditto
|-status|p2a: Ditto|slp|[from] move: Rest
|-heal|p2a: Ditto|100/100 slp|[silent]
|
|upkeep
|turn|46
|
|t:|1666808972
|cant|p2a: Ditto|slp
|move|p1a: Zygarde|Glare||[still]
|-fail|p1a: Zygarde
|
|upkeep
|turn|47
|
|t:|1666808979
|cant|p2a: Ditto|slp
|move|p1a: Zygarde|Glare||[still]
|-fail|p1a: Zygarde
|
|upkeep
|turn|48
|j| Tarah204
|
|t:|1666808987
|-curestatus|p2a: Ditto|slp|[msg]
|move|p2a: Ditto|Thousand Arrows|p1a: Zygarde
|-damage|p1a: Zygarde|44/100 par
|move|p1a: Zygarde|Glare|p2a: Ditto
|-status|p2a: Ditto|par
|
|upkeep
|turn|49
|
|t:|1666808996
|move|p2a: Ditto|Thousand Arrows|p1a: Zygarde
|-damage|p1a: Zygarde|34/100 par
|cant|p1a: Zygarde|par
|
|upkeep
|turn|50
|
|t:|1666809003
|move|p1a: Zygarde|Rest|p1a: Zygarde
|-status|p1a: Zygarde|slp|[from] move: Rest
|-heal|p1a: Zygarde|100/100 slp|[silent]
|cant|p2a: Ditto|par
|
|upkeep
|turn|51
|
|t:|1666809013
|switch|p1a: Necrozma|Necrozma-Dusk-Mane|95/100
|-damage|p1a: Necrozma|89/100|[from] Stealth Rock
|move|p2a: Ditto|Thousand Arrows|p1a: Necrozma
|-supereffective|p1a: Necrozma
|-damage|p1a: Necrozma|62/100
|
|upkeep
|turn|52
|
|t:|1666809026
|switch|p1a: Zygarde|Zygarde-Complete, shiny|100/100 slp
|-damage|p1a: Zygarde|94/100 slp|[from] Stealth Rock
|move|p2a: Ditto|Glare||[still]
|-fail|p2a: Ditto
|
|upkeep
|turn|53
|
|t:|1666809039
|cant|p1a: Zygarde|slp
|move|p2a: Ditto|Haze|p2a: Ditto
|-clearallboost
|
|upkeep
|turn|54
|
|t:|1666809044
|cant|p1a: Zygarde|slp
|cant|p2a: Ditto|par
|
|upkeep
|turn|55
|
|t:|1666809056
|-curestatus|p1a: Zygarde|slp|[msg]
|move|p1a: Zygarde|Haze|p1a: Zygarde
|-clearallboost
|move|p2a: Ditto|Glare|p1a: Zygarde
|-status|p1a: Zygarde|par
|
|upkeep
|turn|56
|
|t:|1666809068
|move|p1a: Zygarde|Haze|p1a: Zygarde
|-clearallboost
|move|p2a: Ditto|Haze|p2a: Ditto
|-clearallboost
|
|upkeep
|turn|57
|
|t:|1666809082
|move|p2a: Ditto|Haze|p2a: Ditto
|-clearallboost
|move|p1a: Zygarde|Haze|p1a: Zygarde
|-clearallboost
|
|upkeep
|turn|58
|
|t:|1666809094
|switch|p2a: Ditto|Ditto|55/100
|-damage|p2a: Ditto|42/100|[from] Stealth Rock
|-transform|p2a: Ditto|p1a: Zygarde|[from] ability: Imposter
|cant|p1a: Zygarde|par
|
|upkeep
|turn|59
|
|t:|1666809104
|move|p2a: Ditto|Rest|p2a: Ditto
|-status|p2a: Ditto|slp|[from] move: Rest
|-heal|p2a: Ditto|100/100 slp|[silent]
|cant|p1a: Zygarde|par
|
|upkeep
|turn|60
|
|t:|1666809111
|cant|p2a: Ditto|slp
|cant|p1a: Zygarde|par
|
|upkeep
|turn|61
|
|t:|1666809116
|cant|p2a: Ditto|slp
|move|p1a: Zygarde|Glare||[still]
|-fail|p1a: Zygarde
|
|upkeep
|turn|62
|
|t:|1666809123
|-curestatus|p2a: Ditto|slp|[msg]
|move|p2a: Ditto|Rest|p2a: Ditto
|-fail|p2a: Ditto|heal
|move|p1a: Zygarde|Glare|p2a: Ditto
|-status|p2a: Ditto|par
|
|upkeep
|turn|63
|
|t:|1666809149
|move|p2a: Ditto|Rest|p2a: Ditto
|-fail|p2a: Ditto|heal
|move|p1a: Zygarde|Glare|p2a: Ditto
|-fail|p2a: Ditto|par
|
|upkeep
|turn|64
|
|t:|1666809158
|switch|p2a: Ditto|Ditto|100/100 par
|-damage|p2a: Ditto|88/100 par|[from] Stealth Rock
|-transform|p2a: Ditto|p1a: Zygarde|[from] ability: Imposter
|move|p1a: Zygarde|Glare|p2a: Ditto
|-fail|p2a: Ditto|par
|
|-heal|p2a: Ditto|94/100 par|[from] item: Leftovers
|upkeep
|turn|65
|
|t:|1666809177
|switch|p1a: Necrozma|Necrozma-Dusk-Mane|62/100
|-damage|p1a: Necrozma|56/100|[from] Stealth Rock
|cant|p2a: Ditto|par
|
|-heal|p2a: Ditto|99/100 par|[from] item: Leftovers
|upkeep
|turn|66
|c| Tarah204|i hope ditto wins
|l| LocalMetagross
|
|t:|1666809191
|switch|p1a: Zygarde|Zygarde-Complete, shiny|94/100 par
|-damage|p1a: Zygarde|88/100 par|[from] Stealth Rock
|cant|p2a: Ditto|par
|
|-heal|p2a: Ditto|100/100 par|[from] item: Leftovers
|upkeep
|turn|67
|
|t:|1666809200
|switch|p2a: Ditto|Ditto|100/100 par
|-damage|p2a: Ditto|88/100 par|[from] Stealth Rock
|-transform|p2a: Ditto|p1a: Zygarde|[from] ability: Imposter
|cant|p1a: Zygarde|par
|
|upkeep
|turn|68
|
|t:|1666809208
|cant|p2a: Ditto|par
|move|p1a: Zygarde|Thousand Arrows|p2a: Ditto
|-damage|p2a: Ditto|67/100 par
|
|upkeep
|turn|69
|
|t:|1666809233
|switch|p1a: Necrozma|Necrozma-Dusk-Mane|56/100
|-damage|p1a: Necrozma|50/100|[from] Stealth Rock
|move|p2a: Ditto|Rest|p2a: Ditto
|-status|p2a: Ditto|slp|[from] move: Rest
|-heal|p2a: Ditto|100/100 slp|[silent]
|
|upkeep
|turn|70
|
|t:|1666809246
|cant|p2a: Ditto|slp
|move|p1a: Necrozma|Moonlight|p1a: Necrozma
|-heal|p1a: Necrozma|99/100
|
|upkeep
|turn|71
|
|t:|1666809253
|switch|p1a: Zygarde|Zygarde-Complete, shiny|88/100 par
|-damage|p1a: Zygarde|82/100 par|[from] Stealth Rock
|cant|p2a: Ditto|slp
|
|upkeep
|turn|72
|
|t:|1666809261
|switch|p2a: Ditto|Ditto|100/100 par
|-damage|p2a: Ditto|88/100 par|[from] Stealth Rock
|-transform|p2a: Ditto|p1a: Zygarde|[from] ability: Imposter
|cant|p1a: Zygarde|par
|
|-heal|p2a: Ditto|94/100 par|[from] item: Leftovers
|upkeep
|turn|73
|
|t:|1666809284
|move|p1a: Zygarde|Haze|p1a: Zygarde
|-clearallboost
|move|p2a: Ditto|Rest|p2a: Ditto
|-status|p2a: Ditto|slp|[from] move: Rest
|-heal|p2a: Ditto|100/100 slp|[silent]
|
|upkeep
|turn|74
|inactive|Jackmatica has 120 seconds left.
|
|t:|1666809324
|switch|p2a: Ditto|Ditto|100/100 slp
|-damage|p2a: Ditto|88/100 slp|[from] Stealth Rock
|-transform|p2a: Ditto|p1a: Zygarde|[from] ability: Imposter
|move|p1a: Zygarde|Glare||[still]
|-fail|p1a: Zygarde
|
|upkeep
|turn|75
|
|t:|1666809343
|-curestatus|p2a: Ditto|slp|[msg]
|move|p2a: Ditto|Thousand Arrows|p1a: Zygarde
|-damage|p1a: Zygarde|71/100 par
|move|p1a: Zygarde|Glare|p2a: Ditto
|-status|p2a: Ditto|par
|
|upkeep
|turn|76
|
|t:|1666809355
|switch|p2a: Ditto|Ditto|100/100 slp
|-damage|p2a: Ditto|88/100 slp|[from] Stealth Rock
|-transform|p2a: Ditto|p1a: Zygarde|[from] ability: Imposter
|move|p1a: Zygarde|Glare||[still]
|-fail|p1a: Zygarde
|
|-heal|p2a: Ditto|94/100 slp|[from] item: Leftovers
|upkeep
|turn|77
|
|t:|1666809368
|switch|p2a: Ditto|Ditto|88/100 par
|-damage|p2a: Ditto|76/100 par|[from] Stealth Rock
|-transform|p2a: Ditto|p1a: Zygarde|[from] ability: Imposter
|move|p1a: Zygarde|Glare|p2a: Ditto
|-fail|p2a: Ditto|par
|
|upkeep
|turn|78
|inactive|Jackmatica has 120 seconds left.
|
|t:|1666809380
|move|p2a: Ditto|Rest|p2a: Ditto
|-status|p2a: Ditto|slp|[from] move: Rest
|-heal|p2a: Ditto|100/100 slp|[silent]
|move|p1a: Zygarde|Thousand Arrows|p2a: Ditto
|-damage|p2a: Ditto|80/100 slp
|
|upkeep
|turn|79
|inactive|Jackmatica has 120 seconds left.
|
|t:|1666809391
|cant|p2a: Ditto|slp
|move|p1a: Zygarde|Thousand Arrows|p2a: Ditto
|-damage|p2a: Ditto|58/100 slp
|
|upkeep
|turn|80
|
|t:|1666809397
|cant|p2a: Ditto|slp
|move|p1a: Zygarde|Thousand Arrows|p2a: Ditto
|-damage|p2a: Ditto|35/100 slp
|
|upkeep
|turn|81
|
|t:|1666809404
|-curestatus|p2a: Ditto|slp|[msg]
|move|p2a: Ditto|Rest|p2a: Ditto
|-status|p2a: Ditto|slp|[from] move: Rest
|-heal|p2a: Ditto|100/100 slp|[silent]
|move|p1a: Zygarde|Thousand Arrows|p2a: Ditto
|-damage|p2a: Ditto|80/100 slp
|
|upkeep
|turn|82
|
|t:|1666809415
|switch|p1a: Necrozma|Necrozma-Dusk-Mane|99/100
|-damage|p1a: Necrozma|94/100|[from] Stealth Rock
|cant|p2a: Ditto|slp
|
|upkeep
|turn|83
|
|t:|1666809425
|cant|p2a: Ditto|slp
|move|p1a: Necrozma|Sunsteel Strike|p2a: Ditto
|-damage|p2a: Ditto|44/100 slp
|
|upkeep
|turn|84
|
|t:|1666809434
|switch|p1a: Zygarde|Zygarde-Complete, shiny|71/100 par
|-damage|p1a: Zygarde|65/100 par|[from] Stealth Rock
|-curestatus|p2a: Ditto|slp|[msg]
|move|p2a: Ditto|Rest|p2a: Ditto
|-status|p2a: Ditto|slp|[from] move: Rest
|-heal|p2a: Ditto|100/100 slp|[silent]
|
|upkeep
|turn|85
|
|t:|1666809446
|cant|p2a: Ditto|slp
|move|p1a: Zygarde|Glare||[still]
|-fail|p1a: Zygarde
|
|upkeep
|turn|86
|
|t:|1666809457
|cant|p2a: Ditto|slp
|cant|p1a: Zygarde|par
|
|upkeep
|turn|87
|
|t:|1666809464
|-curestatus|p2a: Ditto|slp|[msg]
|move|p2a: Ditto|Rest|p2a: Ditto
|-fail|p2a: Ditto|heal
|move|p1a: Zygarde|Glare|p2a: Ditto
|-status|p2a: Ditto|par
|
|upkeep
|turn|88
|
|t:|1666809473
|switch|p2a: Ditto|Ditto|94/100 slp
|-damage|p2a: Ditto|82/100 slp|[from] Stealth Rock
|-transform|p2a: Ditto|p1a: Zygarde|[from] ability: Imposter
|move|p1a: Zygarde|Thousand Arrows|p2a: Ditto
|-damage|p2a: Ditto|58/100 slp
|
|-heal|p2a: Ditto|64/100 slp|[from] item: Leftovers
|upkeep
|turn|89
|
|t:|1666809487
|switch|p1a: Zacian|Zacian-Crowned, shiny|100/100
|-damage|p1a: Zacian|95/100|[from] Stealth Rock
|-ability|p1a: Zacian|Intrepid Sword|boost
|-boost|p1a: Zacian|atk|1
|cant|p2a: Ditto|slp
|
|-heal|p2a: Ditto|70/100 slp|[from] item: Leftovers
|upkeep
|turn|90
|
|t:|1666809500
|switch|p1a: Necrozma|Necrozma-Dusk-Mane|94/100
|-damage|p1a: Necrozma|88/100|[from] Stealth Rock
|switch|p2a: Ditto|Ditto|100/100 par
|-damage|p2a: Ditto|88/100 par|[from] Stealth Rock
|-transform|p2a: Ditto|p1a: Necrozma|[from] ability: Imposter
|
|upkeep
|turn|91
|
|t:|1666809511
|move|p1a: Necrozma|Earthquake|p2a: Ditto
|-supereffective|p2a: Ditto
|-damage|p2a: Ditto|50/100 par
|move|p2a: Ditto|Earthquake|p1a: Necrozma
|-supereffective|p1a: Necrozma
|-damage|p1a: Necrozma|62/100
|
|upkeep
|turn|92
|
|t:|1666809540
|move|p1a: Necrozma|Moonlight|p1a: Necrozma
|-heal|p1a: Necrozma|100/100
|cant|p2a: Ditto|par
|
|upkeep
|turn|93
|
|t:|1666809546
|move|p1a: Necrozma|Earthquake|p2a: Ditto
|-supereffective|p2a: Ditto
|-damage|p2a: Ditto|17/100 par
|move|p2a: Ditto|Earthquake|p1a: Necrozma
|-supereffective|p1a: Necrozma
|-damage|p1a: Necrozma|76/100
|
|upkeep
|turn|94
|
|t:|1666809553
|move|p1a: Necrozma|Earthquake|p2a: Ditto
|-supereffective|p2a: Ditto
|-damage|p2a: Ditto|0 fnt
|faint|p2a: Ditto
|
|upkeep
|inactive|Jackmatica has 120 seconds left.
|
|t:|1666809575
|switch|p2a: Ditto|Ditto|70/100 slp
|-damage|p2a: Ditto|58/100 slp|[from] Stealth Rock
|-transform|p2a: Ditto|p1a: Necrozma|[from] ability: Imposter
|turn|95
|inactive|Jackmatica has 120 seconds left.
|
|t:|1666809587
|move|p1a: Necrozma|Earthquake|p2a: Ditto
|-supereffective|p2a: Ditto
|-damage|p2a: Ditto|20/100 slp
|cant|p2a: Ditto|slp
|
|-heal|p2a: Ditto|26/100 slp|[from] item: Leftovers
|upkeep
|turn|96
|
|t:|1666809596
|-curestatus|p2a: Ditto|slp|[msg]
|move|p2a: Ditto|Moonlight|p2a: Ditto
|-heal|p2a: Ditto|76/100
|move|p1a: Necrozma|Earthquake|p2a: Ditto
|-supereffective|p2a: Ditto
|-damage|p2a: Ditto|37/100
|
|-heal|p2a: Ditto|43/100|[from] item: Leftovers
|upkeep
|turn|97
|
|t:|1666809609
|switch|p1a: Zygarde|Zygarde-Complete, shiny|65/100 par
|-damage|p1a: Zygarde|59/100 par|[from] Stealth Rock
|move|p2a: Ditto|Moonlight|p2a: Ditto
|-heal|p2a: Ditto|93/100
|
|-heal|p2a: Ditto|99/100|[from] item: Leftovers
|upkeep
|turn|98
|
|t:|1666809621
|move|p2a: Ditto|Sunsteel Strike|p1a: Zygarde
|-crit|p1a: Zygarde
|-damage|p1a: Zygarde|35/100 par
|move|p1a: Zygarde|Glare|p2a: Ditto
|-status|p2a: Ditto|par
|
|-heal|p2a: Ditto|100/100 par|[from] item: Leftovers
|upkeep
|turn|99
|l| Tarah204
|j| Wrathoftheleopard
|
|t:|1666809635
|move|p1a: Zygarde|Rest|p1a: Zygarde
|-status|p1a: Zygarde|slp|[from] move: Rest
|-heal|p1a: Zygarde|100/100 slp|[silent]
|move|p2a: Ditto|Sunsteel Strike|p1a: Zygarde
|-damage|p1a: Zygarde|83/100 slp
|
|upkeep
|turn|100
|
|t:|1666809645
|switch|p1a: Necrozma|Necrozma-Dusk-Mane|76/100
|-damage|p1a: Necrozma|70/100|[from] Stealth Rock
|switch|p2a: Ditto|Ditto|100/100
|-damage|p2a: Ditto|88/100|[from] Stealth Rock
|-transform|p2a: Ditto|p1a: Necrozma|[from] ability: Imposter
|
|upkeep
|turn|101
|l| Wrathoftheleopard
|inactive|JAlt1 has 120 seconds left.
|
|t:|1666809667
|switch|p2a: Ditto|Ditto|100/100 par
|-damage|p2a: Ditto|88/100 par|[from] Stealth Rock
|-transform|p2a: Ditto|p1a: Necrozma|[from] ability: Imposter
|switch|p1a: Zygarde|Zygarde-Complete, shiny|83/100 slp
|-damage|p1a: Zygarde|77/100 slp|[from] Stealth Rock
|
|-heal|p2a: Ditto|94/100 par|[from] item: Leftovers
|upkeep
|turn|102
|
|t:|1666809679
|switch|p1a: Necrozma|Necrozma-Dusk-Mane|70/100
|-damage|p1a: Necrozma|64/100|[from] Stealth Rock
|switch|p2a: Ditto|Ditto|88/100
|-damage|p2a: Ditto|76/100|[from] Stealth Rock
|-transform|p2a: Ditto|p1a: Necrozma|[from] ability: Imposter
|
|upkeep
|turn|103
|inactive|Jackmatica has 90 seconds left.
|
|t:|1666809704
|switch|p2a: Ditto|Ditto|94/100 par
|-damage|p2a: Ditto|82/100 par|[from] Stealth Rock
|-transform|p2a: Ditto|p1a: Necrozma|[from] ability: Imposter
|move|p1a: Necrozma|Moonlight|p1a: Necrozma
|-heal|p1a: Necrozma|100/100
|
|-heal|p2a: Ditto|88/100 par|[from] item: Leftovers
|upkeep
|turn|104
|
|t:|1666809715
|move|p1a: Necrozma|Earthquake|p2a: Ditto
|-supereffective|p2a: Ditto
|-damage|p2a: Ditto|51/100 par
|move|p2a: Ditto|Moonlight|p2a: Ditto
|-heal|p2a: Ditto|100/100 par
|
|upkeep
|turn|105
|inactive|Jackmatica has 60 seconds left.
|
|t:|1666809740
|move|p1a: Necrozma|Earthquake|p2a: Ditto
|-supereffective|p2a: Ditto
|-damage|p2a: Ditto|63/100 par
|cant|p2a: Ditto|par
|
|-heal|p2a: Ditto|69/100 par|[from] item: Leftovers
|upkeep
|turn|106
|inactive|Jackmatica has 60 seconds left.
|
|t:|1666809748
|move|p1a: Necrozma|Earthquake|p2a: Ditto
|-supereffective|p2a: Ditto
|-damage|p2a: Ditto|32/100 par
|move|p2a: Ditto|Moonlight|p2a: Ditto
|-heal|p2a: Ditto|82/100 par
|
|-heal|p2a: Ditto|88/100 par|[from] item: Leftovers
|upkeep
|turn|107
|inactive|Jackmatica has 60 seconds left.
|
|t:|1666809758
|move|p1a: Necrozma|Earthquake|p2a: Ditto
|-supereffective|p2a: Ditto
|-damage|p2a: Ditto|54/100 par
|move|p2a: Ditto|Moonlight|p2a: Ditto
|-heal|p2a: Ditto|100/100 par
|
|upkeep
|turn|108
|
|t:|1666809770
|switch|p1a: Zygarde|Zygarde-Complete, shiny|77/100 slp
|-damage|p1a: Zygarde|71/100 slp|[from] Stealth Rock
|switch|p2a: Ditto|Ditto|76/100
|-damage|p2a: Ditto|63/100|[from] Stealth Rock
|-transform|p2a: Ditto|p1a: Zygarde|[from] ability: Imposter
|
|upkeep
|turn|109
|
|t:|1666809781
|move|p2a: Ditto|Rest|p2a: Ditto
|-status|p2a: Ditto|slp|[from] move: Rest
|-heal|p2a: Ditto|100/100 slp|[silent]
|cant|p1a: Zygarde|slp
|
|upkeep
|turn|110
|
|t:|1666809791
|cant|p2a: Ditto|slp
|cant|p1a: Zygarde|slp
|
|upkeep
|turn|111
|inactive|Jackmatica has 30 seconds left.
|inactive|Jackmatica has 20 seconds left.
|inactive|Jackmatica has 15 seconds left.
|inactive|Jackmatica has 10 seconds left.
|
|t:|1666809834
|cant|p2a: Ditto|slp
|-curestatus|p1a: Zygarde|slp|[msg]
|move|p1a: Zygarde|Haze|p1a: Zygarde
|-clearallboost
|
|upkeep
|turn|112
|inactive|Jackmatica has 15 seconds left this turn.
|
|t:|1666809842
|switch|p2a: Ditto|Ditto|100/100 par
|-damage|p2a: Ditto|88/100 par|[from] Stealth Rock
|-transform|p2a: Ditto|p1a: Zygarde|[from] ability: Imposter
|move|p1a: Zygarde|Glare|p2a: Ditto
|-fail|p2a: Ditto|par
|
|-heal|p2a: Ditto|94/100 par|[from] item: Leftovers
|upkeep
|turn|113
|inactive|Jackmatica has 20 seconds left this turn.
|inactive|Jackmatica has 15 seconds left.
|j| FightingStorm
|inactive|JAlt1 has 90 seconds left.
|
|t:|1666809857
|switch|p1a: Zacian|Zacian-Crowned, shiny|95/100
|-damage|p1a: Zacian|89/100|[from] Stealth Rock
|-ability|p1a: Zacian|Intrepid Sword|boost
|-boost|p1a: Zacian|atk|1
|move|p2a: Ditto|Rest|p2a: Ditto
|-status|p2a: Ditto|slp|[from] move: Rest
|-heal|p2a: Ditto|100/100 slp|[silent]
|
|upkeep
|turn|114
|inactive|Jackmatica has 20 seconds left this turn.
|j| kizi22122
|inactive|JAlt1 has 90 seconds left.
|inactive|Jackmatica has 15 seconds left.
|
|t:|1666809867
|move|p1a: Zacian|Behemoth Blade|p2a: Ditto
|-crit|p2a: Ditto
|-damage|p2a: Ditto|0 fnt
|faint|p2a: Ditto
|
|upkeep
|inactive|Jackmatica has 20 seconds left this turn.
|
|t:|1666809871
|switch|p2a: Ditto|Ditto|100/100 slp
|-damage|p2a: Ditto|88/100 slp|[from] Stealth Rock
|-transform|p2a: Ditto|p1a: Zacian|[from] ability: Imposter
|-ability|p2a: Ditto|Intrepid Sword|boost
|-boost|p2a: Ditto|atk|1
|turn|115
|inactive|Jackmatica has 25 seconds left this turn.
|inactive|JAlt1 has 90 seconds left.
|
|t:|1666809879
|-curestatus|p2a: Ditto|slp|[msg]
|move|p2a: Ditto|Behemoth Blade|p1a: Zacian
|-damage|p1a: Zacian|0 fnt
|faint|p1a: Zacian
|
|upkeep
|inactive|Jackmatica has 30 seconds left this turn.
|inactive|JAlt1 has 90 seconds left.
|
|t:|1666809887
|switch|p1a: Zygarde|Zygarde-Complete, shiny|71/100
|-damage|p1a: Zygarde|64/100|[from] Stealth Rock
|turn|116
|inactive|JAlt1 has 90 seconds left.
|
|t:|1666809892
|move|p2a: Ditto|Behemoth Blade|p1a: Zygarde
|-crit|p1a: Zygarde
|-damage|p1a: Zygarde|0 fnt
|faint|p1a: Zygarde
|
|upkeep
|inactive|JAlt1 has 90 seconds left.
|
|t:|1666809899
|switch|p1a: Necrozma|Necrozma-Dusk-Mane|100/100
|-damage|p1a: Necrozma|94/100|[from] Stealth Rock
|turn|117
|
|t:|1666809904
|move|p2a: Ditto|Behemoth Blade|p1a: Necrozma
|-resisted|p1a: Necrozma
|-damage|p1a: Necrozma|60/100
|-damage|p2a: Ditto|71/100|[from] item: Rocky Helmet|[of] p1a: Necrozma
|move|p1a: Necrozma|Moonlight|p1a: Necrozma
|-heal|p1a: Necrozma|100/100
|
|upkeep
|turn|118
|c| kizi22122|F
|
|t:|1666809913
|move|p2a: Ditto|Behemoth Blade|p1a: Necrozma
|-resisted|p1a: Necrozma
|-damage|p1a: Necrozma|65/100
|-damage|p2a: Ditto|55/100|[from] item: Rocky Helmet|[of] p1a: Necrozma
|move|p1a: Necrozma|Moonlight|p1a: Necrozma
|-heal|p1a: Necrozma|100/100
|
|upkeep
|turn|119
|c|☆Jackmatica|gg
|
|t:|1666809921
|move|p2a: Ditto|Behemoth Blade|p1a: Necrozma
|-resisted|p1a: Necrozma
|-damage|p1a: Necrozma|62/100
|-damage|p2a: Ditto|38/100|[from] item: Rocky Helmet|[of] p1a: Necrozma
|move|p1a: Necrozma|Moonlight|p1a: Necrozma
|-heal|p1a: Necrozma|100/100
|
|upkeep
|turn|120
|l| FightingStorm
|inactive|JAlt1 has 90 seconds left.
|
|t:|1666809932
|-activate|p2a: Ditto|move: Struggle
|move|p2a: Ditto|Struggle|p1a: Necrozma
|-damage|p1a: Necrozma|76/100
|-damage|p2a: Ditto|21/100|[from] item: Rocky Helmet|[of] p1a: Necrozma
|-damage|p2a: Ditto|0 fnt|[from] recoil
|faint|p2a: Ditto
|
|win|JAlt1
|n|☆Jackmatica|jackmatica
|n|☆JAlt1|jalt1
|n| kizi22122|kizi22122
|l| kizi22122
|l|☆JAlt1
