|j|☆Batman Magic
|j|☆DarkboiJ
|t:|1668679475
|gametype|singles
|player|p1|Batman Magic|morgan|1789
|player|p2|DarkboiJ|blue-gen3two|2066
|teamsize|p1|6
|teamsize|p2|6
|gen|8
|tier|[Gen 8] National Dex AG
|rated|
|rule|HP Percentage Mod: HP is shown in percentages
|rule|Endless Battle Clause: Forcing endless battles is banned
|clearpoke
|poke|p1|Gengar, F|
|poke|p1|Arceus-*|
|poke|p1|Arceus-*|
|poke|p1|Groudon|
|poke|p1|Arceus-*|
|poke|p1|Kyogre|
|poke|p2|Darkrai|
|poke|p2|Arceus-*|
|poke|p2|Kyogre|
|poke|p2|Ditto|
|poke|p2|Zapdos|
|poke|p2|Arceus-*|
|teampreview
|inactive|Battle timer is ON: inactive players will automatically lose when time's up. (requested by DarkboiJ)
|inactive|Batman Magic has 120 seconds left.
|
|t:|1668679507
|start
|switch|p1a: Gengar|Gengar, F, shiny|100/100
|switch|p2a: Zapdos|Zapdos|100/100
|turn|1
|
|t:|1668679516
|detailschange|p1a: Gengar|Gengar-Mega, F, shiny
|-mega|p1a: Gengar|Gengar|Gengarite
|move|p1a: Gengar|Substitute|p1a: Gengar
|-start|p1a: Gengar|Substitute
|-damage|p1a: Gengar|76/100
|move|p2a: Zapdos|Volt Switch|p1a: Gengar
|-end|p1a: Gengar|Substitute
|
|t:|1668679522
|switch|p2a: Ditto|Ditto, shiny|100/100|[from]move: Volt Switch
|-transform|p2a: Ditto|p1a: Gengar|[from] ability: Imposter
|
|upkeep
|turn|2
|
|t:|1668679532
|switch|p2a: Zapdos|Zapdos|100/100
|switch|p1a: Arceus|Arceus-Dark|100/100
|
|upkeep
|turn|3
|
|t:|1668679548
|move|p1a: Arceus|Whirlpool|p2a: Zapdos
|-damage|p2a: Zapdos|92/100
|-activate|p2a: Zapdos|move: Whirlpool|[of] p1a: Arceus
|move|p2a: Zapdos|Toxic|p1a: Arceus
|-status|p1a: Arceus|tox
|
|-damage|p1a: Arceus|94/100 tox|[from] psn
|-damage|p2a: Zapdos|79/100|[from] move: Whirlpool|[partiallytrapped]
|upkeep
|turn|4
|
|t:|1668679551
|move|p1a: Arceus|Judgment|p2a: Zapdos
|-damage|p2a: Zapdos|33/100
|move|p2a: Zapdos|Volt Switch|p1a: Arceus
|-damage|p1a: Arceus|81/100 tox
|
|t:|1668679557
|switch|p2a: Arceus|Arceus-Fairy|100/100|[from]move: Volt Switch
|
|-damage|p1a: Arceus|69/100 tox|[from] psn
|upkeep
|turn|5
|
|t:|1668679580
|switch|p1a: Arceus|Arceus-Ground|100/100
|move|p2a: Arceus|Judgment|p1a: Arceus
|-damage|p1a: Arceus|66/100
|
|upkeep
|turn|6
|
|t:|1668679585
|move|p2a: Arceus|Toxic|p1a: Arceus
|-status|p1a: Arceus|tox
|-zpower|p1a: Arceus
|move|p1a: Arceus|Tectonic Rage|p2a: Arceus|[zeffect]
|-damage|p2a: Arceus|52/100
|
|-damage|p1a: Arceus|60/100 tox|[from] psn
|upkeep
|turn|7
|
|t:|1668679615
|switch|p2a: Zapdos|Zapdos|33/100
|move|p1a: Arceus|Thunder Wave|p2a: Zapdos|[miss]
|-miss|p1a: Arceus|p2a: Zapdos
|
|-damage|p1a: Arceus|48/100 tox|[from] psn
|upkeep
|turn|8
|
|t:|1668679627
|switch|p2a: Arceus|Arceus-Fairy|52/100
|move|p1a: Arceus|Perish Song|p1a: Arceus
|-start|p1a: Arceus|perish3|[silent]
|-start|p2a: Arceus|perish3|[silent]
|-fieldactivate|move: Perish Song
|
|-damage|p1a: Arceus|30/100 tox|[from] psn
|-start|p2a: Arceus|perish3
|-start|p1a: Arceus|perish3
|upkeep
|turn|9
|inactive|Batman Magic has 120 seconds left.
|
|t:|1668679654
|switch|p2a: Zapdos|Zapdos|33/100
|move|p1a: Arceus|Thunder Wave|p2a: Zapdos
|-immune|p2a: Zapdos
|
|-damage|p1a: Arceus|5/100 tox|[from] psn
|-start|p1a: Arceus|perish2
|upkeep
|turn|10
|
|t:|1668679658
|move|p1a: Arceus|Perish Song|p1a: Arceus
|-start|p2a: Zapdos|perish3|[silent]
|-fieldactivate|move: Perish Song
|move|p2a: Zapdos|Roost|p2a: Zapdos
|-heal|p2a: Zapdos|83/100
|-singleturn|p2a: Zapdos|move: Roost
|
|-damage|p1a: Arceus|0 fnt|[from] psn
|faint|p1a: Arceus
|-start|p2a: Zapdos|perish3
|upkeep
|
|t:|1668679663
|switch|p1a: Groudon|Groudon, shiny|100/100
|detailschange|p1a: Groudon|Groudon-Primal, shiny
|-primal|p1a: Groudon
|-weather|DesolateLand|[from] ability: Desolate Land|[of] p1a: Groudon
|turn|11
|
|t:|1668679668
|move|p2a: Zapdos|Toxic|p1a: Groudon
|-status|p1a: Groudon|tox
|move|p1a: Groudon|Rock Tomb|p2a: Zapdos
|-supereffective|p2a: Zapdos
|-damage|p2a: Zapdos|42/100
|-unboost|p2a: Zapdos|spe|1
|
|-weather|DesolateLand|[upkeep]
|-damage|p1a: Groudon|94/100 tox|[from] psn
|-start|p2a: Zapdos|perish2
|upkeep
|turn|12
|
|t:|1668679674
|switch|p2a: Kyogre|Kyogre|100/100
|detailschange|p2a: Kyogre|Kyogre-Primal
|-primal|p2a: Kyogre
|-weather|PrimordialSea|[from] ability: Primordial Sea|[of] p2a: Kyogre
|move|p1a: Groudon|Stealth Rock|p2a: Kyogre
|-sidestart|p2: DarkboiJ|move: Stealth Rock
|
|-weather|PrimordialSea|[upkeep]
|-damage|p1a: Groudon|82/100 tox|[from] psn
|upkeep
|turn|13
|
|t:|1668679679
|switch|p1a: Kyogre|Kyogre|100/100
|-ability|p1a: Kyogre|Drizzle|[from] primordialsea|[fail]
|move|p2a: Kyogre|Water Spout|p1a: Kyogre
|-resisted|p1a: Kyogre
|-damage|p1a: Kyogre|45/100
|
|-weather|PrimordialSea|[upkeep]
|upkeep
|turn|14
|
|t:|1668679684
|-weather|none
|switch|p2a: Arceus|Arceus-Fairy|52/100
|-damage|p2a: Arceus|39/100|[from] Stealth Rock
|move|p1a: Kyogre|Thunder|p2a: Arceus
|-damage|p2a: Arceus|20/100
|
|upkeep
|turn|15
|
|t:|1668679688
|move|p1a: Kyogre|Thunder|p2a: Arceus
|-damage|p2a: Arceus|0 fnt
|faint|p2a: Arceus
|
|upkeep
|
|t:|1668679694
|switch|p2a: Arceus|Arceus|100/100
|-damage|p2a: Arceus|88/100|[from] Stealth Rock
|turn|16
|
|t:|1668679698
|switch|p1a: Gengar|Gengar-Mega, F, shiny|76/100
|move|p2a: Arceus|Swords Dance|p2a: Arceus
|-boost|p2a: Arceus|atk|2
|
|upkeep
|turn|17
|
|t:|1668679702
|-start|p2a: Arceus|Dynamax|
|-heal|p2a: Arceus|88/100|[silent]
|move|p1a: Gengar|Encore||[still]
|-fail|p1a: Gengar
|move|p2a: Arceus|Max Phantasm|p1a: Gengar
|-supereffective|p1a: Gengar
|-damage|p1a: Gengar|0 fnt
|faint|p1a: Gengar
|
|upkeep
|
|t:|1668679710
|switch|p1a: Groudon|Groudon-Primal, shiny|82/100 tox
|-weather|DesolateLand|[from] ability: Desolate Land|[of] p1a: Groudon
|turn|18
|
|t:|1668679713
|move|p2a: Arceus|Max Strike|p1a: Groudon
|-damage|p1a: Groudon|6/100 tox
|-unboost|p1a: Groudon|spe|1
|move|p1a: Groudon|Thunder Wave|p2a: Arceus
|-status|p2a: Arceus|par
|-enditem|p2a: Arceus|Lum Berry|[eat]
|-curestatus|p2a: Arceus|par|[msg]
|
|-weather|DesolateLand|[upkeep]
|-damage|p1a: Groudon|0 fnt|[from] psn
|faint|p1a: Groudon
|-weather|none
|upkeep
|
|t:|1668679723
|switch|p1a: Arceus|Arceus-Flying|100/100
|turn|19
|
|t:|1668679727
|-start|p1a: Arceus|Dynamax|
|-heal|p1a: Arceus|100/100|[silent]
|move|p1a: Arceus|Max Guard|p1a: Arceus
|-singleturn|p1a: Arceus|Max Guard
|move|p2a: Arceus|Max Strike|p1a: Arceus
|-activate|p1a: Arceus|move: Max Guard
|
|upkeep
|-end|p2a: Arceus|Dynamax
|-heal|p2a: Arceus|88/100|[silent]
|turn|20
|
|t:|1668679741
|move|p1a: Arceus|Max Airstream|p2a: Arceus
|-damage|p2a: Arceus|37/100
|-boost|p1a: Arceus|spe|1
|move|p2a: Arceus|Recover|p2a: Arceus
|-heal|p2a: Arceus|87/100
|
|upkeep
|turn|21
|
|t:|1668679750
|move|p1a: Arceus|Max Quake|p2a: Arceus
|-damage|p2a: Arceus|57/100
|-boost|p1a: Arceus|spd|1
|move|p2a: Arceus|Recover|p2a: Arceus
|-heal|p2a: Arceus|100/100
|
|upkeep
|-end|p1a: Arceus|Dynamax
|-heal|p1a: Arceus|100/100|[silent]
|turn|22
|
|t:|1668679757
|move|p2a: Arceus|Extreme Speed|p1a: Arceus
|-damage|p1a: Arceus|30/100
|move|p1a: Arceus|Judgment|p2a: Arceus
|-damage|p2a: Arceus|60/100
|
|upkeep
|turn|23
|
|t:|1668679762
|move|p2a: Arceus|Extreme Speed|p1a: Arceus
|-damage|p1a: Arceus|0 fnt
|faint|p1a: Arceus
|
|upkeep
|-message|Batman Magic forfeited.
|
|win|DarkboiJ
|raw|Batman Magic's rating: 1789 &rarr; <strong>1782</strong><br />(-7 for losing)
|raw|DarkboiJ's rating: 2066 &rarr; <strong>2073</strong><br />(+7 for winning)
|l|☆Batman Magic
