|j|☆ZeroTheHero77
|j|‽James2341
|t:|1663881043
|gametype|singles
|player|p1|ZeroTheHero77|n|1317
|player|p2|James2341|266|1258
|teamsize|p1|6
|teamsize|p2|6
|gen|8
|tier|[Gen 8] National Dex AG
|rated|
|rule|HP Percentage Mod: HP is shown in percentages
|rule|Endless Battle Clause: Forcing endless battles is banned
|clearpoke
|poke|p1|Kommo-o, M|
|poke|p1|Hitmonlee, M|
|poke|p1|Incineroar, M|
|poke|p1|Gyarados, M|
|poke|p1|Pidgeot, M|
|poke|p1|Grimmsnarl, M|
|poke|p2|Sunflora, F|
|poke|p2|Scolipede, F|
|poke|p2|Smeargle, M|
|poke|p2|Magearna|
|poke|p2|Diancie|
|poke|p2|Espeon, F|
|teampreview
|inactive|Battle timer is ON: inactive players will automatically lose when time's up. (requested by James2341)
|
|t:|1663881051
|start
|switch|p1a: Majima|Grimmsnarl, M|100/100
|switch|p2a: Smeargle|Smeargle, M|100/100
|turn|1
|
|t:|1663881060
|move|p1a: Majima|Taunt|p2a: Smeargle
|-start|p2a: Smeargle|move: Taunt
|cant|p2a: Smeargle|move: Taunt|Spore
|
|-ability|p2a: Smeargle|Moody|boost
|-boost|p2a: Smeargle|spe|2
|-unboost|p2a: Smeargle|spd|1
|upkeep
|turn|2
|
|t:|1663881072
|switch|p2a: Scolipede|Scolipede, F|100/100
|move|p1a: Majima|Nasty Plot|p1a: Majima
|-boost|p1a: Majima|spa|2
|
|upkeep
|turn|3
|
|t:|1663881080
|move|p2a: Scolipede|Protect|p2a: Scolipede
|-singleturn|p2a: Scolipede|Protect
|move|p1a: Majima|Thunder Wave|p2a: Scolipede
|-activate|p2a: Scolipede|move: Protect
|
|-ability|p2a: Scolipede|Speed Boost|boost
|-boost|p2a: Scolipede|spe|1
|upkeep
|turn|4
|
|t:|1663881089
|move|p1a: Majima|Thunder Wave|p2a: Scolipede
|-status|p2a: Scolipede|par
|move|p2a: Scolipede|Swords Dance|p2a: Scolipede
|-boost|p2a: Scolipede|atk|2
|
|-ability|p2a: Scolipede|Speed Boost|boost
|-boost|p2a: Scolipede|spe|1
|upkeep
|turn|5
|
|t:|1663881098
|move|p1a: Majima|Taunt|p2a: Scolipede
|-start|p2a: Scolipede|move: Taunt
|cant|p2a: Scolipede|par
|
|-ability|p2a: Scolipede|Speed Boost|boost
|-boost|p2a: Scolipede|spe|1
|upkeep
|turn|6
|
|t:|1663881106
|move|p2a: Scolipede|Poison Jab|p1a: Majima
|-supereffective|p1a: Majima
|-damage|p1a: Majima|0 fnt
|faint|p1a: Majima
|
|-ability|p2a: Scolipede|Speed Boost|boost
|-boost|p2a: Scolipede|spe|1
|upkeep
|
|t:|1663881117
|switch|p1a: Saejima|Incineroar, M|100/100
|-ability|p1a: Saejima|Intimidate|boost
|-unboost|p2a: Scolipede|atk|1
|turn|7
|
|t:|1663881128
|switch|p2a: Smeargle|Smeargle, M|100/100
|move|p1a: Saejima|Fake Out|p2a: Smeargle
|-damage|p2a: Smeargle|66/100
|
|-ability|p2a: Smeargle|Moody|boost
|-boost|p2a: Smeargle|spe|2
|-unboost|p2a: Smeargle|spd|1
|upkeep
|turn|8
|
|t:|1663881141
|switch|p1a: Kiryu|Kommo-o, M|100/100
|move|p2a: Smeargle|Spore|p1a: Kiryu
|-immune|p1a: Kiryu|[from] ability: Overcoat
|
|-ability|p2a: Smeargle|Moody|boost
|-boost|p2a: Smeargle|spa|2
|-unboost|p2a: Smeargle|spd|1
|upkeep
|turn|9
|
|t:|1663881152
|move|p2a: Smeargle|Substitute|p2a: Smeargle
|-start|p2a: Smeargle|Substitute
|-damage|p2a: Smeargle|41/100
|move|p1a: Kiryu|Drain Punch|p2a: Smeargle
|-supereffective|p2a: Smeargle
|-end|p2a: Smeargle|Substitute
|
|-ability|p2a: Smeargle|Moody|boost
|-boost|p2a: Smeargle|spa|2
|-unboost|p2a: Smeargle|def|1
|upkeep
|turn|10
|
|t:|1663881163
|move|p2a: Smeargle|Baton Pass|p2a: Smeargle
|
|t:|1663881169
|switch|p2a: Magearna|Magearna|100/100|[from]move: Baton Pass
|move|p1a: Kiryu|Drain Punch|p2a: Magearna
|-damage|p2a: Magearna|63/100
|
|-heal|p2a: Magearna|69/100|[from] item: Leftovers
|upkeep
|turn|11
|
|t:|1663881181
|switch|p1a: Saejima|Incineroar, M|100/100
|-ability|p1a: Saejima|Intimidate|boost
|-unboost|p2a: Magearna|atk|1
|move|p2a: Magearna|Iron Defense|p2a: Magearna
|-boost|p2a: Magearna|def|2
|
|-heal|p2a: Magearna|75/100|[from] item: Leftovers
|upkeep
|turn|12
|
|t:|1663881192
|move|p2a: Magearna|Baton Pass|p2a: Magearna
|
|t:|1663881196
|switch|p2a: Diancie|Diancie|100/100|[from]move: Baton Pass
|move|p1a: Saejima|Flare Blitz|p2a: Diancie
|-resisted|p2a: Diancie
|-damage|p2a: Diancie|87/100
|-damage|p1a: Saejima|97/100|[from] Recoil
|
|-heal|p1a: Saejima|100/100|[from] item: Leftovers
|upkeep
|turn|13
|
|t:|1663881207
|move|p2a: Diancie|Substitute|p2a: Diancie
|-start|p2a: Diancie|Substitute
|-damage|p2a: Diancie|62/100
|move|p1a: Saejima|Flare Blitz|p2a: Diancie
|-resisted|p2a: Diancie
|-activate|p2a: Diancie|move: Substitute|[damage]
|-damage|p1a: Saejima|97/100|[from] Recoil|[of] p2a: Diancie
|
|-heal|p1a: Saejima|100/100|[from] item: Leftovers
|upkeep
|turn|14
|
|t:|1663881219
|move|p2a: Diancie|Amnesia|p2a: Diancie
|-boost|p2a: Diancie|spd|2
|move|p1a: Saejima|Brick Break|p2a: Diancie
|-activate|p2a: Diancie|move: Substitute|[damage]
|
|upkeep
|turn|15
|
|t:|1663881226
|move|p2a: Diancie|Amnesia|p2a: Diancie
|-boost|p2a: Diancie|spd|2
|move|p1a: Saejima|Brick Break|p2a: Diancie
|-end|p2a: Diancie|Substitute
|
|upkeep
|turn|16
|
|t:|1663881251
|move|p2a: Diancie|Substitute|p2a: Diancie
|-start|p2a: Diancie|Substitute
|-damage|p2a: Diancie|37/100
|move|p1a: Saejima|Brick Break|p2a: Diancie
|-activate|p2a: Diancie|move: Substitute|[damage]
|
|upkeep
|turn|17
|
|t:|1663881258
|move|p2a: Diancie|Baton Pass|p2a: Diancie
|
|t:|1663881261
|switch|p2a: Sunflora|Sunflora, F, shiny|100/100|[from]move: Baton Pass
|move|p1a: Saejima|Brick Break|p2a: Sunflora
|-end|p2a: Sunflora|Substitute
|
|upkeep
|turn|18
|
|t:|1663881272
|move|p2a: Sunflora|Earth Power|p1a: Saejima
|-supereffective|p1a: Saejima
|-damage|p1a: Saejima|0 fnt
|faint|p1a: Saejima
|
|upkeep
|
|t:|1663881287
|switch|p1a: Tanimura|Pidgeot, M|100/100
|turn|19
|
|t:|1663881294
|detailschange|p1a: Tanimura|Pidgeot-Mega, M
|-mega|p1a: Tanimura|Pidgeot|Pidgeotite
|-start|p2a: Sunflora|Dynamax|
|-heal|p2a: Sunflora|100/100|[silent]
|move|p1a: Tanimura|Hurricane|p2a: Sunflora
|-supereffective|p2a: Sunflora
|-damage|p2a: Sunflora|67/100
|-start|p2a: Sunflora|confusion
|-activate|p2a: Sunflora|confusion
|move|p2a: Sunflora|Max Overgrowth|p1a: Tanimura
|-resisted|p1a: Tanimura
|-damage|p1a: Tanimura|0 fnt
|-fieldstart|move: Grassy Terrain
|faint|p1a: Tanimura
|
|-heal|p2a: Sunflora|70/100|[from] Grassy Terrain
|upkeep
|
|t:|1663881315
|switch|p1a: Akiyama|Hitmonlee, M|100/100
|turn|20
|
|t:|1663881322
|move|p1a: Akiyama|Endure|p1a: Akiyama
|-singleturn|p1a: Akiyama|move: Endure
|-activate|p2a: Sunflora|confusion
|move|p2a: Sunflora|Max Overgrowth|p1a: Akiyama
|-activate|p1a: Akiyama|move: Endure
|-damage|p1a: Akiyama|1/100
|-enditem|p1a: Akiyama|Liechi Berry|[eat]
|-boost|p1a: Akiyama|atk|1|[from] item: Liechi Berry
|
|-heal|p1a: Akiyama|7/100|[from] Grassy Terrain
|-heal|p2a: Sunflora|73/100|[from] Grassy Terrain
|upkeep
|turn|21
|
|t:|1663881334
|move|p1a: Akiyama|Reversal|p2a: Sunflora
|-damage|p2a: Sunflora|8/100
|-end|p2a: Sunflora|confusion
|move|p2a: Sunflora|Max Overgrowth|p1a: Akiyama
|-damage|p1a: Akiyama|0 fnt
|faint|p1a: Akiyama
|
|-heal|p2a: Sunflora|11/100|[from] Grassy Terrain
|upkeep
|
|t:|1663881342
|switch|p1a: Kiryu|Kommo-o, M|100/100
|-end|p2a: Sunflora|Dynamax
|-heal|p2a: Sunflora|11/100|[silent]
|turn|22
|
|t:|1663881352
|move|p1a: Kiryu|Poison Jab|p2a: Sunflora
|-supereffective|p2a: Sunflora
|-damage|p2a: Sunflora|0 fnt
|faint|p2a: Sunflora
|
|upkeep
|
|t:|1663881375
|switch|p2a: Espeon|Espeon, F|100/100
|turn|23
|
|t:|1663881381
|move|p1a: Kiryu|Poison Jab|p2a: Espeon
|-damage|p2a: Espeon|77/100
|-status|p2a: Espeon|psn
|-activate|p2a: Espeon|ability: Synchronize
|-status|p1a: Kiryu|psn
|move|p2a: Espeon|Dazzling Gleam|p1a: Kiryu
|-supereffective|p1a: Kiryu
|-damage|p1a: Kiryu|0 fnt
|faint|p1a: Kiryu
|
|-heal|p2a: Espeon|83/100 psn|[from] Grassy Terrain
|-heal|p2a: Espeon|89/100 psn|[from] item: Leftovers
|-damage|p2a: Espeon|77/100 psn|[from] psn
|-fieldend|move: Grassy Terrain
|upkeep
|
|t:|1663881384
|switch|p1a: Nishiki|Gyarados, M, shiny|100/100
|-ability|p1a: Nishiki|Intimidate|boost
|-unboost|p2a: Espeon|atk|1
|turn|24
|
|t:|1663881401
|move|p1a: Nishiki|Dragon Dance|p1a: Nishiki
|-boost|p1a: Nishiki|atk|1
|-boost|p1a: Nishiki|spe|1
|move|p2a: Espeon|Dazzling Gleam|p1a: Nishiki
|-damage|p1a: Nishiki|75/100
|
|-heal|p1a: Nishiki|81/100|[from] item: Leftovers
|-heal|p2a: Espeon|83/100 psn|[from] item: Leftovers
|-damage|p2a: Espeon|71/100 psn|[from] psn
|upkeep
|turn|25
|
|t:|1663881415
|move|p1a: Nishiki|Waterfall|p2a: Espeon
|-damage|p2a: Espeon|8/100 psn
|cant|p2a: Espeon|flinch
|
|-heal|p1a: Nishiki|87/100|[from] item: Leftovers
|-heal|p2a: Espeon|14/100 psn|[from] item: Leftovers
|-damage|p2a: Espeon|2/100 psn|[from] psn
|upkeep
|turn|26
|
|t:|1663881425
|move|p1a: Nishiki|Dragon Dance|p1a: Nishiki
|-boost|p1a: Nishiki|atk|1
|-boost|p1a: Nishiki|spe|1
|move|p2a: Espeon|Dazzling Gleam|p1a: Nishiki
|-damage|p1a: Nishiki|62/100
|
|-heal|p1a: Nishiki|68/100|[from] item: Leftovers
|-heal|p2a: Espeon|8/100 psn|[from] item: Leftovers
|-damage|p2a: Espeon|0 fnt|[from] psn
|faint|p2a: Espeon
|upkeep
|
|t:|1663881443
|switch|p2a: Magearna|Magearna|75/100
|turn|27
|
|t:|1663881449
|-start|p1a: Nishiki|Dynamax|
|-heal|p1a: Nishiki|68/100|[silent]
|move|p1a: Nishiki|Max Geyser|p2a: Magearna
|-damage|p2a: Magearna|0 fnt
|-weather|RainDance
|faint|p2a: Magearna
|
|-weather|RainDance|[upkeep]
|-heal|p1a: Nishiki|71/100|[from] item: Leftovers
|upkeep
|-message|James2341 forfeited.
|
|win|ZeroTheHero77
|raw|ZeroTheHero77's rating: 1317 &rarr; <strong>1334</strong><br />(+17 for winning)
|raw|James2341's rating: 1258 &rarr; <strong>1237</strong><br />(-21 for losing)
|l|‽James2341
