|j|☆spicyntegral
|j|☆Glaliegoesboom ❤
|t:|1641335967
|gametype|singles
|player|p1|spicyntegral|n|1710
|player|p2|Glaliegoesboom ❤|wulfric|1766
|teamsize|p1|6
|teamsize|p2|6
|gen|8
|tier|[Gen 8] National Dex AG
|rated|
|rule|HP Percentage Mod: HP is shown in percentages
|rule|Endless Battle Clause: Forcing endless battles is banned
|clearpoke
|poke|p1|Kyogre|
|poke|p1|Smeargle, F|
|poke|p1|Tyranitar, M|
|poke|p1|Groudon|
|poke|p1|Xerneas-*|
|poke|p1|Necrozma-Dusk-Mane|
|poke|p2|Zygarde|
|poke|p2|Necrozma-Dusk-Mane|
|poke|p2|Chansey, F|
|poke|p2|Marshadow|
|poke|p2|Yveltal|
|poke|p2|Arceus-*|
|teampreview
|inactive|Battle timer is ON: inactive players will automatically lose when time's up. (requested by Glaliegoesboom ❤)
|
|t:|1641335984
|start
|switch|p1a: Smeargle|Smeargle, F|100/100
|switch|p2a: Zygarde|Zygarde, shiny|100/100
|turn|1
|inactive|spicyntegral has 120 seconds left.
|
|t:|1641336034
|move|p1a: Smeargle|Taunt|p2a: Zygarde
|-start|p2a: Zygarde|move: Taunt
|move|p2a: Zygarde|Thousand Arrows|p1a: Smeargle
|-damage|p1a: Smeargle|39/100
|
|upkeep
|turn|2
|
|t:|1641336041
|move|p1a: Smeargle|Sticky Web|p2a: Zygarde
|-sidestart|p2: Glaliegoesboom ❤|move: Sticky Web
|move|p2a: Zygarde|Thousand Arrows|p1a: Smeargle
|-damage|p1a: Smeargle|0 fnt
|faint|p1a: Smeargle
|
|upkeep
|
|t:|1641336061
|switch|p1a: Kyogre|Kyogre|100/100
|-weather|RainDance|[from] ability: Drizzle|[of] p1a: Kyogre
|turn|3
|
|t:|1641336069
|switch|p2a: Chansey|Chansey, F|100/100
|-activate|p2a: Chansey|move: Sticky Web
|-unboost|p2a: Chansey|spe|1
|move|p1a: Kyogre|Water Spout|p2a: Chansey
|-damage|p2a: Chansey|60/100
|
|-weather|RainDance|[upkeep]
|upkeep
|turn|4
|
|t:|1641336079
|switch|p1a: Tyranitar|Tyranitar, M|100/100
|-weather|Sandstorm|[from] ability: Sand Stream|[of] p1a: Tyranitar
|move|p2a: Chansey|Wish|p2a: Chansey
|
|-weather|Sandstorm|[upkeep]
|-damage|p2a: Chansey|54/100|[from] Sandstorm
|upkeep
|turn|5
|
|t:|1641336095
|detailschange|p1a: Tyranitar|Tyranitar-Mega, M
|-mega|p1a: Tyranitar|Tyranitar|Tyranitarite
|move|p2a: Chansey|Protect|p2a: Chansey
|-singleturn|p2a: Chansey|Protect
|move|p1a: Tyranitar|Pursuit|p2a: Chansey
|-activate|p2a: Chansey|move: Protect
|
|-weather|Sandstorm|[upkeep]
|-damage|p2a: Chansey|47/100|[from] Sandstorm
|-heal|p2a: Chansey|97/100|[from] move: Wish|[wisher] Chansey
|upkeep
|turn|6
|
|t:|1641336107
|switch|p2a: Necrozma|Necrozma-Dusk-Mane|100/100
|move|p1a: Tyranitar|Rock Tomb|p2a: Necrozma
|-resisted|p2a: Necrozma
|-damage|p2a: Necrozma|92/100
|-unboost|p2a: Necrozma|spe|1
|
|-weather|Sandstorm|[upkeep]
|upkeep
|turn|7
|
|t:|1641336122
|move|p1a: Tyranitar|Foul Play|p2a: Necrozma
|-supereffective|p2a: Necrozma
|-damage|p2a: Necrozma|57/100
|move|p2a: Necrozma|Stealth Rock|p1a: Tyranitar
|-sidestart|p1: spicyntegral|move: Stealth Rock
|
|-weather|Sandstorm|[upkeep]
|upkeep
|turn|8
|
|t:|1641336131
|move|p1a: Tyranitar|Foul Play|p2a: Necrozma
|-supereffective|p2a: Necrozma
|-damage|p2a: Necrozma|15/100
|move|p2a: Necrozma|Morning Sun|p2a: Necrozma
|-heal|p2a: Necrozma|40/100
|
|-weather|none
|upkeep
|turn|9
|
|t:|1641336140
|move|p1a: Tyranitar|Foul Play|p2a: Necrozma
|-supereffective|p2a: Necrozma
|-damage|p2a: Necrozma|1/100
|move|p2a: Necrozma|Morning Sun|p2a: Necrozma
|-heal|p2a: Necrozma|51/100
|
|upkeep
|turn|10
|
|t:|1641336156
|move|p1a: Tyranitar|Pursuit|p2a: Necrozma
|-supereffective|p2a: Necrozma
|-damage|p2a: Necrozma|35/100
|move|p2a: Necrozma|Morning Sun|p2a: Necrozma
|-heal|p2a: Necrozma|85/100
|
|upkeep
|turn|11
|
|t:|1641336176
|switch|p1a: Groudon|Groudon|100/100
|-damage|p1a: Groudon|94/100|[from] Stealth Rock
|detailschange|p1a: Groudon|Groudon-Primal
|-primal|p1a: Groudon
|-weather|DesolateLand|[from] ability: Desolate Land|[of] p1a: Groudon
|move|p2a: Necrozma|Sunsteel Strike|p1a: Groudon
|-resisted|p1a: Groudon
|-crit|p1a: Groudon
|-damage|p1a: Groudon|75/100
|
|-weather|DesolateLand|[upkeep]
|upkeep
|turn|12
|
|t:|1641336189
|switch|p2a: Zygarde|Zygarde, shiny|100/100
|-activate|p2a: Zygarde|move: Sticky Web
|-unboost|p2a: Zygarde|spe|1
|move|p1a: Groudon|Swords Dance|p1a: Groudon
|-boost|p1a: Groudon|atk|2
|
|-weather|DesolateLand|[upkeep]
|upkeep
|turn|13
|
|t:|1641336198
|move|p1a: Groudon|Precipice Blades|p2a: Zygarde
|-damage|p2a: Zygarde|16/100
|move|p2a: Zygarde|Glare|p1a: Groudon
|-status|p1a: Groudon|par
|
|-weather|DesolateLand|[upkeep]
|-activate|p2a: Zygarde|ability: Power Construct
|detailschange|p2a: Zygarde|Zygarde-Complete, shiny
|-heal|p2a: Zygarde|45/100|[silent]
|upkeep
|turn|14
|
|t:|1641336212
|move|p2a: Zygarde|Haze|p2a: Zygarde
|-clearallboost
|move|p1a: Groudon|Precipice Blades|p2a: Zygarde
|-damage|p2a: Zygarde|18/100
|
|-weather|DesolateLand|[upkeep]
|upkeep
|turn|15
|
|t:|1641336221
|move|p2a: Zygarde|Rest|p2a: Zygarde
|-status|p2a: Zygarde|slp|[from] move: Rest
|-heal|p2a: Zygarde|100/100 slp|[silent]
|move|p1a: Groudon|Stealth Rock|p2a: Zygarde
|-sidestart|p2: Glaliegoesboom ❤|move: Stealth Rock
|
|-weather|DesolateLand|[upkeep]
|upkeep
|turn|16
|
|t:|1641336241
|-weather|none
|switch|p1a: Kyogre|Kyogre|100/100
|-damage|p1a: Kyogre|88/100|[from] Stealth Rock
|-weather|RainDance|[from] ability: Drizzle|[of] p1a: Kyogre
|cant|p2a: Zygarde|slp
|
|-weather|RainDance|[upkeep]
|upkeep
|turn|17
|inactive|spicyntegral has 90 seconds left.
|
|t:|1641336276
|switch|p2a: Chansey|Chansey, F|97/100
|-damage|p2a: Chansey|85/100|[from] Stealth Rock
|-activate|p2a: Chansey|move: Sticky Web
|-unboost|p2a: Chansey|spe|1
|move|p1a: Kyogre|Water Spout|p2a: Chansey
|-damage|p2a: Chansey|50/100
|
|-weather|RainDance|[upkeep]
|upkeep
|turn|18
|
|t:|1641336288
|move|p1a: Kyogre|Water Spout|p2a: Chansey
|-damage|p2a: Chansey|12/100
|move|p2a: Chansey|Wish|p2a: Chansey
|
|-weather|RainDance|[upkeep]
|upkeep
|turn|19
|
|t:|1641336299
|switch|p1a: Tyranitar|Tyranitar-Mega, M|100/100
|-damage|p1a: Tyranitar|88/100|[from] Stealth Rock
|-weather|Sandstorm|[from] ability: Sand Stream|[of] p1a: Tyranitar
|move|p2a: Chansey|Protect||[still]
|-fail|p2a: Chansey
|
|-weather|Sandstorm|[upkeep]
|-damage|p2a: Chansey|5/100|[from] Sandstorm
|-heal|p2a: Chansey|55/100|[from] move: Wish|[wisher] Chansey
|upkeep
|turn|20
|inactive|spicyntegral has 90 seconds left.
|
|t:|1641336315
|move|p1a: Tyranitar|Rock Tomb|p2a: Chansey
|-damage|p2a: Chansey|2/100
|-unboost|p2a: Chansey|spe|1
|move|p2a: Chansey|Wish|p2a: Chansey
|
|-weather|Sandstorm|[upkeep]
|-damage|p2a: Chansey|0 fnt|[from] Sandstorm
|faint|p2a: Chansey
|upkeep
|
|t:|1641336318
|switch|p2a: Yveltal|Yveltal|100/100
|-ability|p2a: Yveltal|Dark Aura
|turn|21
|inactive|spicyntegral has 90 seconds left.
|
|t:|1641336329
|move|p2a: Yveltal|Defog|p1a: Tyranitar
|-unboost|p1a: Tyranitar|evasion|1
|-sideend|p1: spicyntegral|Stealth Rock|[from] move: Defog|[of] p2a: Yveltal
|-sideend|p2: Glaliegoesboom ❤|Stealth Rock|[from] move: Defog|[of] p2a: Yveltal
|-sideend|p2: Glaliegoesboom ❤|Sticky Web|[from] move: Defog|[of] p2a: Yveltal
|move|p1a: Tyranitar|Rock Tomb|p2a: Yveltal
|-supereffective|p2a: Yveltal
|-damage|p2a: Yveltal|47/100
|-unboost|p2a: Yveltal|spe|1
|
|-weather|Sandstorm|[upkeep]
|-damage|p2a: Yveltal|40/100|[from] Sandstorm
|-heal|p2a: Yveltal|100/100|[from] move: Wish|[wisher] Chansey
|upkeep
|turn|22
|inactive|spicyntegral has 90 seconds left.
|
|t:|1641336343
|move|p1a: Tyranitar|Rock Tomb|p2a: Yveltal
|-supereffective|p2a: Yveltal
|-damage|p2a: Yveltal|51/100
|-unboost|p2a: Yveltal|spe|1
|move|p2a: Yveltal|U-turn|p1a: Tyranitar
|-supereffective|p1a: Tyranitar
|-damage|p1a: Tyranitar|63/100
|
|t:|1641336346
|switch|p2a: Marshadow|Marshadow|100/100|[from]move: U-turn
|
|-weather|Sandstorm|[upkeep]
|-damage|p2a: Marshadow|94/100|[from] Sandstorm
|upkeep
|turn|23
|inactive|spicyntegral has 90 seconds left.
|
|t:|1641336357
|switch|p1a: Necrozma|Necrozma-Dusk-Mane|100/100
|-start|p2a: Marshadow|Dynamax
|-heal|p2a: Marshadow|94/100|[silent]
|move|p2a: Marshadow|Max Knuckle|p1a: Necrozma
|-damage|p1a: Necrozma|74/100
|-boost|p2a: Marshadow|atk|1
|
|-weather|none
|upkeep
|turn|24
|inactive|spicyntegral has 90 seconds left.
|inactive|spicyntegral has 60 seconds left.
|
|t:|1641336406
|-start|p1a: Necrozma|Dynamax
|-heal|p1a: Necrozma|74/100|[silent]
|move|p1a: Necrozma|Max Guard|p1a: Necrozma
|-singleturn|p1a: Necrozma|Max Guard
|move|p2a: Marshadow|Max Phantasm|p1a: Necrozma
|-activate|p1a: Necrozma|move: Max Guard
|
|upkeep
|turn|25
|inactive|spicyntegral has 60 seconds left.
|
|t:|1641336415
|move|p2a: Marshadow|Max Phantasm|p1a: Necrozma
|-supereffective|p1a: Necrozma
|-damage|p1a: Necrozma|39/100
|-unboost|p1a: Necrozma|def|1
|move|p1a: Necrozma|Max Steelspike|p2a: Marshadow
|-damage|p2a: Marshadow|55/100
|-boost|p1a: Necrozma|def|1
|
|-end|p2a: Marshadow|Dynamax
|-heal|p2a: Marshadow|55/100|[silent]
|upkeep
|turn|26
|inactive|spicyntegral has 60 seconds left.
|
|t:|1641336428
|move|p2a: Marshadow|Close Combat|p1a: Necrozma
|-damage|p1a: Necrozma|5/100
|-unboost|p2a: Marshadow|def|1
|-unboost|p2a: Marshadow|spd|1
|-damage|p2a: Marshadow|39/100|[from] item: Rocky Helmet|[of] p1a: Necrozma
|move|p1a: Necrozma|Max Steelspike|p2a: Marshadow
|-damage|p2a: Marshadow|0 fnt
|-boost|p1a: Necrozma|def|1
|faint|p2a: Marshadow
|
|-end|p1a: Necrozma|Dynamax
|-heal|p1a: Necrozma|6/100|[silent]
|upkeep
|
|t:|1641336442
|switch|p2a: Arceus|Arceus-Fairy|100/100
|turn|27
|
|t:|1641336448
|move|p2a: Arceus|Judgment|p1a: Necrozma
|-resisted|p1a: Necrozma
|-damage|p1a: Necrozma|0 fnt
|faint|p1a: Necrozma
|
|upkeep
|
|t:|1641336460
|switch|p1a: Kyogre|Kyogre|88/100
|-weather|RainDance|[from] ability: Drizzle|[of] p1a: Kyogre
|turn|28
|
|t:|1641336464
|move|p1a: Kyogre|Water Spout|p2a: Arceus
|-damage|p2a: Arceus|12/100
|move|p2a: Arceus|Judgment|p1a: Kyogre
|-damage|p1a: Kyogre|50/100
|
|-weather|RainDance|[upkeep]
|upkeep
|turn|29
|
|t:|1641336478
|switch|p2a: Yveltal|Yveltal|51/100
|-ability|p2a: Yveltal|Dark Aura
|move|p1a: Kyogre|Water Spout|p2a: Yveltal
|-crit|p2a: Yveltal
|-damage|p2a: Yveltal|0 fnt
|faint|p2a: Yveltal
|
|-weather|RainDance|[upkeep]
|upkeep
|
|t:|1641336481
|switch|p2a: Zygarde|Zygarde-Complete, shiny|100/100 slp
|turn|30
|inactive|spicyntegral has 90 seconds left.
|
|t:|1641336493
|move|p1a: Kyogre|Water Spout|p2a: Zygarde
|-damage|p2a: Zygarde|45/100 slp
|cant|p2a: Zygarde|slp
|
|-weather|RainDance|[upkeep]
|upkeep
|turn|31
|inactive|spicyntegral has 90 seconds left.
|
|t:|1641336504
|move|p1a: Kyogre|Water Spout|p2a: Zygarde
|-damage|p2a: Zygarde|0 fnt
|faint|p2a: Zygarde
|
|-weather|RainDance|[upkeep]
|upkeep
|-message|Glaliegoesboom ❤ forfeited.
|
|win|spicyntegral
|raw|spicyntegral's rating: 1710 &rarr; <strong>1733</strong><br />(+23 for winning)
|raw|Glaliegoesboom ❤'s rating: 1766 &rarr; <strong>1743</strong><br />(-23 for losing)
|l|☆Glaliegoesboom ❤
|l|☆spicyntegral
||Ladder isn't responding, score probably updated but might not have (Request timeout).
