|j|‽DarkboiJ
|j|☆lemoncell0
|t:|1665860519
|gametype|singles
|player|p1|DarkboiJ|blue-gen3two|1878
|player|p2|lemoncell0|allister|1959
|teamsize|p1|6
|teamsize|p2|6
|gen|8
|tier|[Gen 8] National Dex AG
|rated|
|rule|HP Percentage Mod: HP is shown in percentages
|rule|Endless Battle Clause: Forcing endless battles is banned
|clearpoke
|poke|p1|Groudon|
|poke|p1|Arceus-*|
|poke|p1|Zamazenta-*|
|poke|p1|Ditto|
|poke|p1|Rayquaza|
|poke|p1|Arceus-*|
|poke|p2|Ferrothorn, M|
|poke|p2|Tyranitar, M|
|poke|p2|Quagsire, M|
|poke|p2|Zacian-*|
|poke|p2|Ditto|
|poke|p2|Salamence, F|
|teampreview
|inactive|Battle timer is ON: inactive players will automatically lose when time's up. (requested by DarkboiJ)
|
|t:|1665860535
|start
|switch|p1a: Arceus|Arceus-Fairy|100/100
|switch|p2a: Salamence|Salamence, F|100/100
|-ability|p2a: Salamence|Intimidate|boost
|-unboost|p1a: Arceus|atk|1
|turn|1
|
|t:|1665860539
|switch|p2a: Ferrothorn|Ferrothorn, M|100/100
|move|p1a: Arceus|Stealth Rock|p2a: Ferrothorn
|-sidestart|p2: lemoncell0|move: Stealth Rock
|
|upkeep
|turn|2
|
|t:|1665860542
|switch|p1a: Groudon|Groudon|100/100
|detailschange|p1a: Groudon|Groudon-Primal
|-primal|p1a: Groudon
|-weather|DesolateLand|[from] ability: Desolate Land|[of] p1a: Groudon
|move|p2a: Ferrothorn|Spikes|p1a: Groudon
|-sidestart|p1: DarkboiJ|Spikes
|
|-weather|DesolateLand|[upkeep]
|upkeep
|turn|3
|
|t:|1665860549
|switch|p2a: Salamence|Salamence, F|100/100
|-damage|p2a: Salamence|76/100|[from] Stealth Rock
|-ability|p2a: Salamence|Intimidate|boost
|-unboost|p1a: Groudon|atk|1
|move|p1a: Groudon|Eruption|p2a: Salamence
|-resisted|p2a: Salamence
|-damage|p2a: Salamence|10/100
|
|-weather|DesolateLand|[upkeep]
|upkeep
|turn|4
|
|t:|1665860560
|-weather|none
|switch|p1a: Arceus|Arceus-Fairy|100/100
|-damage|p1a: Arceus|88/100|[from] Spikes
|detailschange|p2a: Salamence|Salamence-Mega, F
|-mega|p2a: Salamence|Salamence|Salamencite
|move|p2a: Salamence|Roost|p2a: Salamence
|-heal|p2a: Salamence|61/100
|-singleturn|p2a: Salamence|move: Roost
|
|upkeep
|turn|5
|
|t:|1665860563
|switch|p2a: Ferrothorn|Ferrothorn, M|100/100
|-damage|p2a: Ferrothorn|94/100|[from] Stealth Rock
|move|p1a: Arceus|Judgment|p2a: Ferrothorn
|-resisted|p2a: Ferrothorn
|-damage|p2a: Ferrothorn|78/100
|
|-heal|p2a: Ferrothorn|84/100|[from] item: Leftovers
|upkeep
|turn|6
|
|t:|1665860569
|switch|p1a: Ditto|Ditto, shiny|100/100
|-damage|p1a: Ditto|88/100|[from] Spikes
|-transform|p1a: Ditto|p2a: Ferrothorn|[from] ability: Imposter
|move|p2a: Ferrothorn|Leech Seed|p1a: Ditto
|-immune|p1a: Ditto
|
|-heal|p2a: Ferrothorn|91/100|[from] item: Leftovers
|upkeep
|turn|7
|
|t:|1665860574
|switch|p1a: Groudon|Groudon-Primal|100/100
|-damage|p1a: Groudon|88/100|[from] Spikes
|-weather|DesolateLand|[from] ability: Desolate Land|[of] p1a: Groudon
|move|p2a: Ferrothorn|Spikes|p1a: Groudon
|-sidestart|p1: DarkboiJ|Spikes
|
|-weather|DesolateLand|[upkeep]
|-heal|p2a: Ferrothorn|97/100|[from] item: Leftovers
|upkeep
|turn|8
|
|t:|1665860578
|switch|p2a: Salamence|Salamence-Mega, F|61/100
|-damage|p2a: Salamence|36/100|[from] Stealth Rock
|move|p1a: Groudon|Eruption|p2a: Salamence
|-resisted|p2a: Salamence
|-damage|p2a: Salamence|0 fnt
|faint|p2a: Salamence
|
|-weather|DesolateLand|[upkeep]
|upkeep
|
|t:|1665860580
|switch|p2a: Ditto|Ditto|100/100
|-damage|p2a: Ditto|88/100|[from] Stealth Rock
|-transform|p2a: Ditto|p1a: Groudon|[from] ability: Imposter
|turn|9
|
|t:|1665860586
|move|p2a: Ditto|Eruption|p1a: Groudon
|-resisted|p1a: Groudon
|-damage|p1a: Groudon|36/100
|move|p1a: Groudon|Earthquake|p2a: Ditto
|-supereffective|p2a: Ditto
|-damage|p2a: Ditto|0 fnt
|faint|p2a: Ditto
|
|-weather|DesolateLand|[upkeep]
|upkeep
|
|t:|1665860591
|switch|p2a: Zacian|Zacian-Crowned|100/100
|-damage|p2a: Zacian|94/100|[from] Stealth Rock
|-ability|p2a: Zacian|Intrepid Sword|boost
|-boost|p2a: Zacian|atk|1
|turn|10
|
|t:|1665860595
|move|p2a: Zacian|Close Combat|p1a: Groudon
|-damage|p1a: Groudon|0 fnt
|-unboost|p2a: Zacian|def|1
|-unboost|p2a: Zacian|spd|1
|faint|p1a: Groudon
|-weather|none
|
|upkeep
|
|t:|1665860602
|switch|p1a: Ditto|Ditto, shiny|88/100
|-damage|p1a: Ditto|72/100|[from] Spikes
|-transform|p1a: Ditto|p2a: Zacian|[from] ability: Imposter
|-ability|p1a: Ditto|Intrepid Sword|boost
|-boost|p1a: Ditto|atk|1
|turn|11
|
|t:|1665860606
|switch|p1a: Rayquaza|Rayquaza, shiny|100/100
|-ability|p1a: Rayquaza|Air Lock
|switch|p2a: Quagsire|Quagsire, M|100/100
|-damage|p2a: Quagsire|94/100|[from] Stealth Rock
|
|upkeep
|turn|12
|
|t:|1665860614
|switch|p2a: Tyranitar|Tyranitar, M|100/100
|-damage|p2a: Tyranitar|88/100|[from] Stealth Rock
|-weather|Sandstorm|[from] ability: Sand Stream|[of] p2a: Tyranitar
|detailschange|p1a: Rayquaza|Rayquaza-Mega, shiny
|-mega|p1a: Rayquaza|Rayquaza|
|-weather|DeltaStream|[from] ability: Delta Stream|[of] p1a: Rayquaza
|move|p1a: Rayquaza|Earthquake|p2a: Tyranitar
|-supereffective|p2a: Tyranitar
|-damage|p2a: Tyranitar|3/100
|-damage|p1a: Rayquaza|91/100|[from] item: Life Orb
|
|-weather|DeltaStream|[upkeep]
|-heal|p2a: Tyranitar|9/100|[from] item: Leftovers
|upkeep
|turn|13
|
|t:|1665860618
|move|p1a: Rayquaza|Earthquake|p2a: Tyranitar
|-supereffective|p2a: Tyranitar
|-damage|p2a: Tyranitar|0 fnt
|faint|p2a: Tyranitar
|-damage|p1a: Rayquaza|81/100|[from] item: Life Orb
|
|-weather|DeltaStream|[upkeep]
|upkeep
|
|t:|1665860620
|switch|p2a: Zacian|Zacian-Crowned|94/100
|-damage|p2a: Zacian|88/100|[from] Stealth Rock
|-ability|p2a: Zacian|Intrepid Sword|boost
|-boost|p2a: Zacian|atk|1
|turn|14
|
|t:|1665860623
|-weather|none
|switch|p1a: Zamazenta|Zamazenta-Crowned|100/100
|-damage|p1a: Zamazenta|84/100|[from] Spikes
|-ability|p1a: Zamazenta|Dauntless Shield|boost
|-boost|p1a: Zamazenta|def|1
|move|p2a: Zacian|Behemoth Blade|p1a: Zamazenta
|-resisted|p1a: Zamazenta
|-damage|p1a: Zamazenta|56/100
|
|upkeep
|turn|15
|
|t:|1665860629
|move|p2a: Zacian|Close Combat|p1a: Zamazenta
|-supereffective|p1a: Zamazenta
|-damage|p1a: Zamazenta|0 fnt
|-unboost|p2a: Zacian|def|1
|-unboost|p2a: Zacian|spd|1
|faint|p1a: Zamazenta
|
|upkeep
|
|t:|1665860634
|switch|p1a: Ditto|Ditto, shiny|72/100
|-damage|p1a: Ditto|55/100|[from] Spikes
|-transform|p1a: Ditto|p2a: Zacian|[from] ability: Imposter
|-ability|p1a: Ditto|Intrepid Sword|boost
|-boost|p1a: Ditto|atk|1
|turn|16
|
|t:|1665860636
|switch|p2a: Quagsire|Quagsire, M|94/100
|-damage|p2a: Quagsire|88/100|[from] Stealth Rock
|move|p1a: Ditto|Close Combat|p2a: Quagsire
|-damage|p2a: Quagsire|47/100
|-unboost|p1a: Ditto|def|1
|-unboost|p1a: Ditto|spd|1
|-damage|p1a: Ditto|39/100|[from] item: Rocky Helmet|[of] p2a: Quagsire
|
|upkeep
|turn|17
|
|t:|1665860642
|switch|p1a: Rayquaza|Rayquaza-Mega, shiny|81/100
|-weather|DeltaStream|[from] ability: Delta Stream|[of] p1a: Rayquaza
|move|p2a: Quagsire|Recover|p2a: Quagsire
|-heal|p2a: Quagsire|97/100
|
|-weather|DeltaStream|[upkeep]
|upkeep
|turn|18
|
|t:|1665860646
|move|p1a: Rayquaza|Draco Meteor|p2a: Quagsire
|-damage|p2a: Quagsire|0 fnt
|-unboost|p1a: Rayquaza|spa|2
|faint|p2a: Quagsire
|-damage|p1a: Rayquaza|71/100|[from] item: Life Orb
|
|-weather|DeltaStream|[upkeep]
|upkeep
|-message|lemoncell0 forfeited.
|
|win|DarkboiJ
|raw|DarkboiJ's rating: 1878 &rarr; <strong>1903</strong><br />(+25 for winning)
|raw|lemoncell0's rating: 1959 &rarr; <strong>1934</strong><br />(-25 for losing)
|l|☆lemoncell0
