|j|☆Ussolando
|j|☆Danie2294
|t:|1663988641
|gametype|singles
|player|p1|Ussolando|karen|1421
|player|p2|Danie2294|veteran|1344
|teamsize|p1|6
|teamsize|p2|6
|gen|8
|tier|[Gen 8] National Dex AG
|rated|
|rule|HP Percentage Mod: HP is shown in percentages
|rule|Endless Battle Clause: Forcing endless battles is banned
|clearpoke
|poke|p1|Kyogre|
|poke|p1|Galvantula, M|
|poke|p1|Greninja, M|
|poke|p1|Ditto|
|poke|p1|Jirachi|
|poke|p1|Clefable, F|
|poke|p2|Dugtrio, M|
|poke|p2|Buzzwole|
|poke|p2|Lugia|
|poke|p2|Quagsire, F|
|poke|p2|Toxapex, M|
|poke|p2|Blissey, F|
|teampreview
|inactive|Battle timer is ON: inactive players will automatically lose when time's up. (requested by Danie2294)
|
|t:|1663988664
|start
|switch|p1a: Clefable|Clefable, F, shiny|100/100
|switch|p2a: Dugtrio|Dugtrio, M|100/100
|turn|1
|
|t:|1663988670
|move|p2a: Dugtrio|Stealth Rock|p1a: Clefable
|-sidestart|p1: Ussolando|move: Stealth Rock
|move|p1a: Clefable|Minimize|p1a: Clefable
|-boost|p1a: Clefable|evasion|2
|
|upkeep
|turn|2
|
|t:|1663988678
|switch|p2a: Toxapex|Toxapex, M|100/100
|move|p1a: Clefable|Cosmic Power|p1a: Clefable
|-boost|p1a: Clefable|def|1
|-boost|p1a: Clefable|spd|1
|
|upkeep
|turn|3
|
|t:|1663988687
|move|p1a: Clefable|Moonblast|p2a: Toxapex
|-resisted|p2a: Toxapex
|-damage|p2a: Toxapex|88/100
|-unboost|p2a: Toxapex|spa|1
|move|p2a: Toxapex|Haze|p2a: Toxapex
|-clearallboost
|
|upkeep
|turn|4
|
|t:|1663988698
|move|p1a: Clefable|Baton Pass|p1a: Clefable
|
|t:|1663988701
|switch|p1a: Galvantula|Galvantula, M, shiny|100/100|[from]move: Baton Pass
|-damage|p1a: Galvantula|76/100|[from] Stealth Rock
|move|p2a: Toxapex|Gunk Shot|p1a: Galvantula
|-damage|p1a: Galvantula|0 fnt
|faint|p1a: Galvantula
|-damage|p2a: Toxapex|78/100|[from] item: Life Orb
|
|upkeep
|
|t:|1663988721
|switch|p1a: Jirachi|Jirachi, shiny|100/100
|-damage|p1a: Jirachi|94/100|[from] Stealth Rock
|turn|5
|
|t:|1663988733
|switch|p2a: Quagsire|Quagsire, F|100/100
|-start|p1a: Jirachi|Dynamax|
|-heal|p1a: Jirachi|94/100|[silent]
|move|p1a: Jirachi|Max Rockfall|p2a: Quagsire
|-resisted|p2a: Quagsire
|-damage|p2a: Quagsire|87/100
|-weather|Sandstorm
|
|-weather|Sandstorm|[upkeep]
|-heal|p1a: Jirachi|97/100|[from] item: Leftovers
|upkeep
|turn|6
|
|t:|1663988747
|move|p1a: Jirachi|Max Steelspike|p2a: Quagsire
|-resisted|p2a: Quagsire
|-damage|p2a: Quagsire|58/100
|-boost|p1a: Jirachi|def|1
|move|p2a: Quagsire|Earthquake|p1a: Jirachi
|-supereffective|p1a: Jirachi
|-damage|p1a: Jirachi|38/100
|
|-weather|Sandstorm|[upkeep]
|-heal|p1a: Jirachi|42/100|[from] item: Leftovers
|upkeep
|turn|7
|
|t:|1663988761
|move|p1a: Jirachi|Max Steelspike|p2a: Quagsire
|-resisted|p2a: Quagsire
|-damage|p2a: Quagsire|25/100
|-boost|p1a: Jirachi|def|1
|move|p2a: Quagsire|Earthquake|p1a: Jirachi
|-supereffective|p1a: Jirachi
|-damage|p1a: Jirachi|0 fnt
|faint|p1a: Jirachi
|
|-weather|Sandstorm|[upkeep]
|upkeep
|
|t:|1663988772
|switch|p1a: Greninja|Greninja, M|100/100
|-damage|p1a: Greninja|88/100|[from] Stealth Rock
|turn|8
|
|t:|1663988794
|switch|p2a: Blissey|Blissey, F|100/100
|move|p1a: Greninja|Dark Pulse|p2a: Blissey
|-damage|p2a: Blissey|86/100
|
|-weather|Sandstorm|[upkeep]
|-damage|p1a: Greninja|82/100|[from] Sandstorm
|-damage|p2a: Blissey|80/100|[from] Sandstorm
|upkeep
|turn|9
|
|t:|1663988813
|switch|p1a: Clefable|Clefable, F, shiny|100/100
|move|p2a: Blissey|Thunder|p1a: Clefable|[miss]
|-miss|p2a: Blissey|p1a: Clefable
|
|-weather|none
|upkeep
|turn|10
|
|t:|1663988833
|switch|p2a: Toxapex|Toxapex, M|78/100
|move|p1a: Clefable|Minimize|p1a: Clefable
|-boost|p1a: Clefable|evasion|2
|
|upkeep
|turn|11
|
|t:|1663988838
|move|p1a: Clefable|Moonblast|p2a: Toxapex
|-resisted|p2a: Toxapex
|-damage|p2a: Toxapex|65/100
|move|p2a: Toxapex|Haze|p2a: Toxapex
|-clearallboost
|
|upkeep
|turn|12
|
|t:|1663988845
|move|p1a: Clefable|Moonblast|p2a: Toxapex
|-resisted|p2a: Toxapex
|-damage|p2a: Toxapex|52/100
|move|p2a: Toxapex|Gunk Shot|p1a: Clefable
|-supereffective|p1a: Clefable
|-damage|p1a: Clefable|0 fnt
|faint|p1a: Clefable
|-damage|p2a: Toxapex|43/100|[from] item: Life Orb
|
|upkeep
|
|t:|1663988855
|switch|p1a: Greninja|Greninja, M|82/100
|-damage|p1a: Greninja|70/100|[from] Stealth Rock
|turn|13
|
|t:|1663988861
|move|p2a: Toxapex|Baneful Bunker|p2a: Toxapex
|-singleturn|p2a: Toxapex|move: Protect
|move|p1a: Greninja|Extrasensory|p2a: Toxapex
|-activate|p2a: Toxapex|move: Protect
|
|upkeep
|turn|14
|
|t:|1663988868
|switch|p2a: Blissey|Blissey, F|80/100
|move|p1a: Greninja|Extrasensory|p2a: Blissey
|-damage|p2a: Blissey|69/100
|
|upkeep
|turn|15
|
|t:|1663988875
|move|p1a: Greninja|Dark Pulse|p2a: Blissey
|-damage|p2a: Blissey|54/100
|cant|p2a: Blissey|flinch
|
|upkeep
|turn|16
|
|t:|1663988880
|move|p1a: Greninja|Dark Pulse|p2a: Blissey
|-damage|p2a: Blissey|41/100
|cant|p2a: Blissey|flinch
|
|upkeep
|turn|17
|
|t:|1663988887
|move|p1a: Greninja|Dark Pulse|p2a: Blissey
|-damage|p2a: Blissey|27/100
|move|p2a: Blissey|Tri Attack|p1a: Greninja
|-damage|p1a: Greninja|0 fnt
|faint|p1a: Greninja
|
|upkeep
|
|t:|1663988895
|switch|p1a: Kyogre|Kyogre, shiny|100/100
|-damage|p1a: Kyogre|88/100|[from] Stealth Rock
|detailschange|p1a: Kyogre|Kyogre-Primal, shiny
|-primal|p1a: Kyogre
|-weather|PrimordialSea|[from] ability: Primordial Sea|[of] p1a: Kyogre
|turn|18
|
|t:|1663988905
|switch|p2a: Toxapex|Toxapex, M|43/100
|move|p1a: Kyogre|Water Spout|p2a: Toxapex
|-resisted|p2a: Toxapex
|-damage|p2a: Toxapex|0 fnt
|faint|p2a: Toxapex
|
|-weather|PrimordialSea|[upkeep]
|upkeep
|
|t:|1663988921
|switch|p2a: Dugtrio|Dugtrio, M|100/100
|turn|19
|
|t:|1663988926
|move|p2a: Dugtrio|Earthquake|p1a: Kyogre
|-damage|p1a: Kyogre|38/100
|move|p1a: Kyogre|Surf|p2a: Dugtrio
|-supereffective|p2a: Dugtrio
|-enditem|p2a: Dugtrio|Focus Sash
|-damage|p2a: Dugtrio|1/100
|
|-weather|PrimordialSea|[upkeep]
|upkeep
|turn|20
|
|t:|1663988934
|move|p2a: Dugtrio|Earthquake|p1a: Kyogre
|-damage|p1a: Kyogre|0 fnt
|faint|p1a: Kyogre
|-weather|none
|
|upkeep
|
|t:|1663988938
|switch|p1a: Ditto|Ditto, shiny|100/100
|-damage|p1a: Ditto|88/100|[from] Stealth Rock
|-transform|p1a: Ditto|p2a: Dugtrio|[from] ability: Imposter
|turn|21
|
|t:|1663988948
|move|p2a: Dugtrio|Sucker Punch|p1a: Ditto
|-damage|p1a: Ditto|33/100
|move|p1a: Ditto|Reversal|p2a: Dugtrio
|-damage|p2a: Dugtrio|0 fnt
|faint|p2a: Dugtrio
|
|upkeep
|
|t:|1663988956
|switch|p2a: Quagsire|Quagsire, F|25/100
|turn|22
|
|t:|1663988958
|move|p1a: Ditto|Reversal|p2a: Quagsire
|-damage|p2a: Quagsire|2/100
|move|p2a: Quagsire|Liquidation|p1a: Ditto
|-supereffective|p1a: Ditto
|-damage|p1a: Ditto|0 fnt
|faint|p1a: Ditto
|
|win|Danie2294
|raw|Ussolando's rating: 1421 &rarr; <strong>1397</strong><br />(-24 for losing)
|raw|Danie2294's rating: 1344 &rarr; <strong>1368</strong><br />(+24 for winning)
|l|☆Ussolando
