|j|☆None.void
|j|☆Master kushagra
|t:|1650017936
|gametype|singles
|player|p1|None.void|ash-kalos|
|player|p2|Master kushagra|leon-tower|
|teamsize|p1|6
|teamsize|p2|6
|gen|8
|tier|[Gen 8] National Dex AG
|rule|HP Percentage Mod: HP is shown in percentages
|rule|Endless Battle Clause: Forcing endless battles is banned
|clearpoke
|poke|p1|Groudon|
|poke|p1|Calyrex-Shadow|
|poke|p1|Smeargle, M|
|poke|p1|Ditto|
|poke|p1|Kyogre|
|poke|p1|Yveltal|
|poke|p2|Necrozma-Dusk-Mane|
|poke|p2|Arceus-*|
|poke|p2|Ditto|
|poke|p2|Arceus-*|
|poke|p2|Xerneas-*|
|poke|p2|Marshadow|
|teampreview
|inactive|Battle timer is ON: inactive players will automatically lose when time's up. (requested by None.void)
|
|t:|1650017943
|start
|switch|p1a: Groudon|Groudon, shiny|100/100
|switch|p2a: Arceus|Arceus-Ground|100/100
|detailschange|p1a: Groudon|Groudon-Primal, shiny
|-primal|p1a: Groudon
|-weather|DesolateLand|[from] ability: Desolate Land|[of] p1a: Groudon
|turn|1
|
|t:|1650017950
|switch|p2a: Thor|Arceus-Electric|100/100
|-weather|none
|switch|p1a: Yveltal|Yveltal|100/100
|-ability|p1a: Yveltal|Dark Aura
|
|upkeep
|turn|2
|
|t:|1650017958
|switch|p1a: Groudon|Groudon-Primal, shiny|100/100
|-weather|DesolateLand|[from] ability: Desolate Land|[of] p1a: Groudon
|move|p2a: Thor|Judgment|p1a: Groudon
|-immune|p1a: Groudon
|
|-weather|DesolateLand|[upkeep]
|upkeep
|turn|3
|
|t:|1650017967
|switch|p2a: Arceus|Arceus-Ground|100/100
|move|p1a: Groudon|Stealth Rock|p2a: Arceus
|-sidestart|p2: Master kushagra|move: Stealth Rock
|
|-weather|DesolateLand|[upkeep]
|upkeep
|turn|4
|
|t:|1650017986
|-weather|none
|switch|p1a: Yveltal|Yveltal|100/100
|-ability|p1a: Yveltal|Dark Aura
|-zpower|p2a: Arceus
|move|p2a: Arceus|Tectonic Rage|p1a: Yveltal|[zeffect]
|-immune|p1a: Yveltal
|
|upkeep
|turn|5
|c|☆None.void|tricky sweeps
|c|☆None.void|lol
|
|t:|1650018011
|move|p1a: Yveltal|Toxic|p2a: Arceus
|-status|p2a: Arceus|tox
|move|p2a: Arceus|Stone Edge|p1a: Yveltal|[miss]
|-miss|p2a: Arceus|p1a: Yveltal
|
|-damage|p2a: Arceus|94/100 tox|[from] psn
|upkeep
|turn|6
|inactive|None.void has 270 seconds left.
|
|t:|1650018038
|move|p1a: Yveltal|Foul Play|p2a: Arceus
|-damage|p2a: Arceus|45/100 tox
|move|p2a: Arceus|Stealth Rock|p1a: Yveltal
|-sidestart|p1: None.void|move: Stealth Rock
|
|-damage|p2a: Arceus|33/100 tox|[from] psn
|upkeep
|turn|7
|
|t:|1650018051
|switch|p2a: Xerneas|Xerneas, shiny|100/100
|-damage|p2a: Xerneas|88/100|[from] Stealth Rock
|-ability|p2a: Xerneas|Fairy Aura
|move|p1a: Yveltal|Foul Play|p2a: Xerneas
|-resisted|p2a: Xerneas
|-damage|p2a: Xerneas|70/100
|
|upkeep
|turn|8
|
|t:|1650018059
|move|p1a: Yveltal|Toxic|p2a: Xerneas
|-status|p2a: Xerneas|tox
|move|p2a: Xerneas|Geomancy||[still]
|-prepare|p2a: Xerneas|Geomancy
|-enditem|p2a: Xerneas|Power Herb
|-anim|p2a: Xerneas|Geomancy|p2a: Xerneas
|-boost|p2a: Xerneas|spa|2
|-boost|p2a: Xerneas|spd|2
|-boost|p2a: Xerneas|spe|2
|
|-damage|p2a: Xerneas|64/100 tox|[from] psn
|upkeep
|turn|9
|c|☆None.void|lol
|inactive|None.void has 270 seconds left.
|c|☆None.void|xerneus is nothing
|
|t:|1650018085
|move|p1a: Yveltal|Sucker Punch|p2a: Xerneas
|-resisted|p2a: Xerneas
|-damage|p2a: Xerneas|49/100 tox
|move|p2a: Xerneas|Moonblast|p1a: Yveltal
|-supereffective|p1a: Yveltal
|-damage|p1a: Yveltal|0 fnt
|faint|p1a: Yveltal
|
|-damage|p2a: Xerneas|37/100 tox|[from] psn
|upkeep
|
|t:|1650018092
|switch|p1a: Ditto|Ditto, shiny|100/100
|-damage|p1a: Ditto|88/100|[from] Stealth Rock
|-transform|p1a: Ditto|p2a: Xerneas|[from] ability: Imposter
|-ability|p1a: Ditto|Fairy Aura
|turn|10
|c|☆None.void|face the bestone
|
|t:|1650018106
|move|p1a: Ditto|Moonblast|p2a: Xerneas
|-damage|p2a: Xerneas|0 fnt
|faint|p2a: Xerneas
|
|upkeep
|
|t:|1650018109
|switch|p2a: zacian destroyer|Necrozma-Dusk-Mane|100/100
|-damage|p2a: zacian destroyer|94/100|[from] Stealth Rock
|turn|11
|
|t:|1650018115
|switch|p1a: Groudon|Groudon-Primal, shiny|100/100
|-damage|p1a: Groudon|88/100|[from] Stealth Rock
|-weather|DesolateLand|[from] ability: Desolate Land|[of] p1a: Groudon
|-start|p2a: zacian destroyer|Dynamax|
|-heal|p2a: zacian destroyer|94/100|[silent]
|move|p2a: zacian destroyer|Max Steelspike|p1a: Groudon
|-resisted|p1a: Groudon
|-damage|p1a: Groudon|65/100
|-boost|p2a: zacian destroyer|def|1
|
|-weather|DesolateLand|[upkeep]
|upkeep
|turn|12
|
|t:|1650018127
|move|p1a: Groudon|Precipice Blades|p2a: zacian destroyer
|-supereffective|p2a: zacian destroyer
|-damage|p2a: zacian destroyer|70/100
|-enditem|p2a: zacian destroyer|Weakness Policy
|-boost|p2a: zacian destroyer|atk|2|[from] item: Weakness Policy
|-boost|p2a: zacian destroyer|spa|2|[from] item: Weakness Policy
|move|p2a: zacian destroyer|Max Quake|p1a: Groudon
|-supereffective|p1a: Groudon
|-damage|p1a: Groudon|0 fnt
|-boost|p2a: zacian destroyer|spd|1
|faint|p1a: Groudon
|-weather|none
|
|upkeep
|inactive|None.void has 240 seconds left.
|
|t:|1650018163
|switch|p1a: Ditto|Ditto, shiny|88/100
|-damage|p1a: Ditto|76/100|[from] Stealth Rock
|-transform|p1a: Ditto|p2a: zacian destroyer|[from] ability: Imposter
|turn|13
|inactive|None.void has 240 seconds left.
|
|t:|1650018195
|-start|p1a: Ditto|Dynamax|
|-heal|p1a: Ditto|76/100|[silent]
|move|p2a: zacian destroyer|Max Quake|p1a: Ditto
|-supereffective|p1a: Ditto
|-damage|p1a: Ditto|39/100
|-boost|p2a: zacian destroyer|spd|1
|move|p1a: Ditto|Max Quake|p2a: zacian destroyer
|-supereffective|p2a: zacian destroyer
|-damage|p2a: zacian destroyer|46/100
|-boost|p1a: Ditto|spd|1
|
|-end|p2a: zacian destroyer|Dynamax
|-heal|p2a: zacian destroyer|46/100|[silent]
|upkeep
|turn|14
|
|t:|1650018208
|move|p2a: zacian destroyer|Morning Sun|p2a: zacian destroyer
|-heal|p2a: zacian destroyer|96/100
|move|p1a: Ditto|Max Quake|p2a: zacian destroyer
|-supereffective|p2a: zacian destroyer
|-damage|p2a: zacian destroyer|44/100
|-boost|p1a: Ditto|spd|1
|
|upkeep
|turn|15
|
|t:|1650018215
|move|p2a: zacian destroyer|Morning Sun|p2a: zacian destroyer
|-heal|p2a: zacian destroyer|94/100
|move|p1a: Ditto|Max Quake|p2a: zacian destroyer
|-supereffective|p2a: zacian destroyer
|-damage|p2a: zacian destroyer|44/100
|-boost|p1a: Ditto|spd|1
|
|-end|p1a: Ditto|Dynamax
|-heal|p1a: Ditto|39/100|[silent]
|upkeep
|turn|16
|inactive|None.void has 240 seconds left.
|
|t:|1650018222
|move|p1a: Ditto|Earthquake|p2a: zacian destroyer
|-supereffective|p2a: zacian destroyer
|-crit|p2a: zacian destroyer
|-damage|p2a: zacian destroyer|0 fnt
|faint|p2a: zacian destroyer
|
|upkeep
|c|☆Master kushagra|Crit
|
|t:|1650018231
|switch|p2a: Marshadow|Marshadow|100/100
|-damage|p2a: Marshadow|94/100|[from] Stealth Rock
|turn|17
|
|t:|1650018235
|switch|p1a: Smeargle|Smeargle, M|100/100
|-damage|p1a: Smeargle|88/100|[from] Stealth Rock
|move|p2a: Marshadow|Spectral Thief|p1a: Smeargle
|-immune|p1a: Smeargle
|
|-ability|p1a: Smeargle|Moody|boost
|-boost|p1a: Smeargle|spa|2
|-unboost|p1a: Smeargle|atk|1
|upkeep
|turn|18
|
|t:|1650018241
|move|p1a: Smeargle|Baneful Bunker|p1a: Smeargle
|-singleturn|p1a: Smeargle|move: Protect
|move|p2a: Marshadow|Close Combat|p1a: Smeargle
|-activate|p1a: Smeargle|move: Protect
|-status|p2a: Marshadow|psn
|
|-damage|p2a: Marshadow|82/100 psn|[from] psn
|-ability|p1a: Smeargle|Moody|boost
|-boost|p1a: Smeargle|atk|2
|-unboost|p1a: Smeargle|spd|1
|upkeep
|turn|19
|
|t:|1650018254
|switch|p1a: Ditto|Ditto, shiny|39/100
|-damage|p1a: Ditto|27/100|[from] Stealth Rock
|-transform|p1a: Ditto|p2a: Marshadow|[from] ability: Imposter
|move|p2a: Marshadow|Close Combat|p1a: Ditto
|-immune|p1a: Ditto
|
|-damage|p2a: Marshadow|69/100 psn|[from] psn
|upkeep
|turn|20
|
|t:|1650018262
|move|p1a: Ditto|Shadow Sneak|p2a: Marshadow
|-supereffective|p2a: Marshadow
|-damage|p2a: Marshadow|0 fnt
|faint|p2a: Marshadow
|
|upkeep
|
|t:|1650018264
|switch|p2a: Ditto is ditto|Ditto|100/100
|-damage|p2a: Ditto is ditto|88/100|[from] Stealth Rock
|turn|21
|
|t:|1650018270
|switch|p1a: Smeargle|Smeargle, M|88/100
|-damage|p1a: Smeargle|76/100|[from] Stealth Rock
|move|p2a: Ditto is ditto|Transform|p1a: Smeargle
|-transform|p2a: Ditto is ditto|p1a: Smeargle
|
|-ability|p2a: Ditto is ditto|Moody|boost
|-boost|p2a: Ditto is ditto|def|2
|-unboost|p2a: Ditto is ditto|spe|1
|-ability|p1a: Smeargle|Moody|boost
|-boost|p1a: Smeargle|spd|2
|-unboost|p1a: Smeargle|atk|1
|upkeep
|turn|22
|
|t:|1650018284
|move|p1a: Smeargle|Baneful Bunker|p1a: Smeargle
|-singleturn|p1a: Smeargle|move: Protect
|move|p2a: Ditto is ditto|Spore|p1a: Smeargle
|-activate|p1a: Smeargle|move: Protect
|
|-ability|p1a: Smeargle|Moody|boost
|-boost|p1a: Smeargle|def|2
|-unboost|p1a: Smeargle|spe|1
|-ability|p2a: Ditto is ditto|Moody|boost
|-boost|p2a: Ditto is ditto|def|2
|-unboost|p2a: Ditto is ditto|atk|1
|upkeep
|turn|23
|
|t:|1650018290
|switch|p1a: Ditto|Ditto, shiny|27/100
|-damage|p1a: Ditto|15/100|[from] Stealth Rock
|move|p2a: Ditto is ditto|Spore|p1a: Ditto
|-status|p1a: Ditto|slp|[from] move: Spore
|
|-ability|p2a: Ditto is ditto|Moody|boost
|-boost|p2a: Ditto is ditto|spe|2
|-unboost|p2a: Ditto is ditto|spa|1
|upkeep
|turn|24
|
|t:|1650018298
|switch|p2a: Arceus|Arceus-Ground|33/100 tox
|-damage|p2a: Arceus|27/100 tox|[from] Stealth Rock
|switch|p1a: Smeargle|Smeargle, M|76/100
|-damage|p1a: Smeargle|63/100|[from] Stealth Rock
|
|-damage|p2a: Arceus|21/100 tox|[from] psn
|-ability|p1a: Smeargle|Moody|boost
|-boost|p1a: Smeargle|atk|2
|-unboost|p1a: Smeargle|def|1
|upkeep
|turn|25
|
|t:|1650018305
|move|p1a: Smeargle|Baneful Bunker|p1a: Smeargle
|-singleturn|p1a: Smeargle|move: Protect
|move|p2a: Arceus|Earthquake|p1a: Smeargle
|-activate|p1a: Smeargle|move: Protect
|
|-damage|p2a: Arceus|9/100 tox|[from] psn
|-ability|p1a: Smeargle|Moody|boost
|-boost|p1a: Smeargle|spe|2
|-unboost|p1a: Smeargle|spa|1
|upkeep
|turn|26
|
|t:|1650018319
|move|p1a: Smeargle|Spore||[still]
|-fail|p1a: Smeargle
|move|p2a: Arceus|Earthquake|p1a: Smeargle
|-damage|p1a: Smeargle|0 fnt
|faint|p1a: Smeargle
|
|-damage|p2a: Arceus|0 fnt|[from] psn
|faint|p2a: Arceus
|upkeep
|
|t:|1650018329
|switch|p2a: Thor|Arceus-Electric|100/100
|switch|p1a: Ditto|Ditto, shiny|15/100 slp
|-damage|p2a: Thor|88/100|[from] Stealth Rock
|-damage|p1a: Ditto|2/100 slp|[from] Stealth Rock
|-transform|p1a: Ditto|p2a: Thor|[from] ability: Imposter
|turn|27
|
|t:|1650018336
|cant|p1a: Ditto|slp
|move|p2a: Thor|Calm Mind|p2a: Thor
|-boost|p2a: Thor|spa|1
|-boost|p2a: Thor|spd|1
|
|upkeep
|turn|28
|
|t:|1650018346
|cant|p1a: Ditto|slp
|move|p2a: Thor|Calm Mind|p2a: Thor
|-boost|p2a: Thor|spa|1
|-boost|p2a: Thor|spd|1
|
|upkeep
|turn|29
|
|t:|1650018351
|cant|p1a: Ditto|slp
|move|p2a: Thor|Calm Mind|p2a: Thor
|-boost|p2a: Thor|spa|1
|-boost|p2a: Thor|spd|1
|
|upkeep
|turn|30
|
|t:|1650018353
|-curestatus|p1a: Ditto|slp|[msg]
|move|p1a: Ditto|Judgment|p2a: Thor
|-damage|p2a: Thor|78/100
|move|p2a: Thor|Calm Mind|p2a: Thor
|-boost|p2a: Thor|spa|1
|-boost|p2a: Thor|spd|1
|
|upkeep
|turn|31
|
|t:|1650018358
|move|p1a: Ditto|Judgment|p2a: Thor
|-damage|p2a: Thor|70/100
|move|p2a: Thor|Recover|p2a: Thor
|-heal|p2a: Thor|100/100
|
|upkeep
|turn|32
|
|t:|1650018362
|switch|p1a: Kyogre|Kyogre|100/100
|-damage|p1a: Kyogre|88/100|[from] Stealth Rock
|detailschange|p1a: Kyogre|Kyogre-Primal
|-primal|p1a: Kyogre
|-weather|PrimordialSea|[from] ability: Primordial Sea|[of] p1a: Kyogre
|move|p2a: Thor|Calm Mind|p2a: Thor
|-boost|p2a: Thor|spa|1
|-boost|p2a: Thor|spd|1
|
|-weather|PrimordialSea|[upkeep]
|upkeep
|turn|33
|
|t:|1650018368
|move|p2a: Thor|Judgment|p1a: Kyogre
|-supereffective|p1a: Kyogre
|-damage|p1a: Kyogre|0 fnt
|faint|p1a: Kyogre
|-weather|none
|
|upkeep
|
|t:|1650018371
|switch|p1a: Calyrex|Calyrex-Shadow|100/100
|-ability|p1a: Calyrex|As One
|-ability|p1a: Calyrex|Unnerve
|-damage|p1a: Calyrex|88/100|[from] Stealth Rock
|turn|34
|
|t:|1650018375
|move|p1a: Calyrex|Astral Barrage|p2a: Thor
|-damage|p2a: Thor|84/100
|move|p2a: Thor|Judgment|p1a: Calyrex
|-damage|p1a: Calyrex|0 fnt
|faint|p1a: Calyrex
|
|upkeep
|
|t:|1650018378
|switch|p1a: Ditto|Ditto, shiny|2/100
|-damage|p1a: Ditto|0 fnt|[from] Stealth Rock
|faint|p1a: Ditto
|
|win|Master kushagra
|c|☆None.void|re match
|c|☆Master kushagra|Gg
|c|☆Master kushagra|No
|c|☆Master kushagra|I win
|c|☆None.void|..
|c|☆Master kushagra|2 times
|c|☆None.void|champion can be challange
|c|☆None.void|1 time bruh
|c|☆Master kushagra|No
|c|☆None.void|you answerred me wrong 1st time
|c|☆None.void|...
|c|☆Master kushagra|No
|l|☆None.void
