|j|☆MrPassTheSalt
|j|☆jlsdfhpjksdhfni
|t:|1666893595
|gametype|singles
|player|p1|MrPassTheSalt|169|1696
|player|p2|jlsdfhpjksdhfni|1|1773
|teamsize|p1|6
|teamsize|p2|6
|gen|8
|tier|[Gen 8] National Dex AG
|rated|
|rule|HP Percentage Mod: HP is shown in percentages
|rule|Endless Battle Clause: Forcing endless battles is banned
|clearpoke
|poke|p1|Arceus-*|
|poke|p1|Calyrex-Shadow|
|poke|p1|Yveltal|
|poke|p1|Rayquaza|
|poke|p1|Ditto|
|poke|p1|Ho-Oh|
|poke|p2|Eternatus|
|poke|p2|Necrozma-Dusk-Mane|
|poke|p2|Ho-Oh|
|poke|p2|Arceus-*|
|poke|p2|Gengar, F|
|poke|p2|Arceus-*|
|teampreview
|
|t:|1666893626
|start
|switch|p1a: rexy|Calyrex-Shadow|100/100
|switch|p2a: Arceus|Arceus-Dragon|100/100
|-ability|p1a: rexy|As One
|-ability|p1a: rexy|Unnerve
|turn|1
|inactive|Battle timer is ON: inactive players will automatically lose when time's up. (requested by MrPassTheSalt)
|
|t:|1666893634
|move|p1a: rexy|Nasty Plot|p1a: rexy
|-boost|p1a: rexy|spa|2
|move|p2a: Arceus|Judgment|p1a: rexy
|-damage|p1a: rexy|50/100
|
|upkeep
|turn|2
|
|t:|1666893640
|move|p1a: rexy|Astral Barrage|p2a: Arceus
|-damage|p2a: Arceus|3/100
|move|p2a: Arceus|Toxic|p1a: rexy
|-status|p1a: rexy|tox
|
|-damage|p1a: rexy|44/100 tox|[from] psn
|upkeep
|turn|3
|
|t:|1666893657
|move|p1a: rexy|Psyshock|p2a: Arceus
|-damage|p2a: Arceus|0 fnt
|faint|p2a: Arceus
|-ability|p1a: rexy|Grim Neigh|boost
|-boost|p1a: rexy|spa|1
|
|-damage|p1a: rexy|32/100 tox|[from] psn
|upkeep
|
|t:|1666893668
|switch|p2a: Arceus|Arceus-Dark|100/100
|turn|4
|
|t:|1666893673
|move|p1a: rexy|Baton Pass|p1a: rexy
|
|t:|1666893675
|switch|p1a: angela|Arceus-Fairy|100/100|[from]move: Baton Pass
|move|p2a: Arceus|Calm Mind|p2a: Arceus
|-boost|p2a: Arceus|spa|1
|-boost|p2a: Arceus|spd|1
|
|upkeep
|turn|5
|
|t:|1666893697
|switch|p2a: Ho-Oh|Ho-Oh|100/100
|-start|p1a: angela|Dynamax|
|-heal|p1a: angela|100/100|[silent]
|move|p1a: angela|Max Starfall|p2a: Ho-Oh
|-resisted|p2a: Ho-Oh
|-damage|p2a: Ho-Oh|52/100
|-fieldstart|move: Misty Terrain
|
|upkeep
|turn|6
|
|t:|1666893704
|switch|p2a: Necrozma|Necrozma-Dusk-Mane|100/100
|move|p1a: angela|Max Starfall|p2a: Necrozma
|-resisted|p2a: Necrozma
|-damage|p2a: Necrozma|31/100
|
|upkeep
|turn|7
|
|t:|1666893709
|switch|p2a: Ho-Oh|Ho-Oh|85/100
|move|p1a: angela|Max Starfall|p2a: Ho-Oh
|-resisted|p2a: Ho-Oh
|-damage|p2a: Ho-Oh|31/100
|
|upkeep
|-end|p1a: angela|Dynamax
|-heal|p1a: angela|100/100|[silent]
|turn|8
|
|t:|1666893728
|switch|p2a: Necrozma|Necrozma-Dusk-Mane|31/100
|move|p1a: angela|Judgment|p2a: Necrozma
|-resisted|p2a: Necrozma
|-damage|p2a: Necrozma|0 fnt
|faint|p2a: Necrozma
|
|upkeep
|
|t:|1666893730
|switch|p2a: Gengar|Gengar, F|100/100
|turn|9
|
|t:|1666893739
|detailschange|p2a: Gengar|Gengar-Mega, F
|-mega|p2a: Gengar|Gengar|Gengarite
|move|p2a: Gengar|Substitute|p2a: Gengar
|-start|p2a: Gengar|Substitute
|-damage|p2a: Gengar|76/100
|move|p1a: angela|Earth Power|p2a: Gengar
|-supereffective|p2a: Gengar
|-end|p2a: Gengar|Substitute
|
|-fieldend|Misty Terrain
|upkeep
|turn|10
|
|t:|1666893743
|move|p2a: Gengar|Destiny Bond|p2a: Gengar
|-singlemove|p2a: Gengar|Destiny Bond
|move|p1a: angela|Earth Power|p2a: Gengar
|-supereffective|p2a: Gengar
|-damage|p2a: Gengar|0 fnt
|faint|p2a: Gengar
|-activate|p2a: Gengar|move: Destiny Bond
|faint|p1a: angela
|
|upkeep
|
|t:|1666893752
|switch|p2a: Eternatus|Eternatus|100/100
|switch|p1a: rexy|Calyrex-Shadow|32/100 tox
|-ability|p1a: rexy|As One
|-ability|p1a: rexy|Unnerve
|-ability|p2a: Eternatus|Pressure
|turn|11
|
|t:|1666893762
|move|p1a: rexy|Psyshock|p2a: Eternatus
|-supereffective|p2a: Eternatus
|-damage|p2a: Eternatus|24/100
|move|p2a: Eternatus|Dynamax Cannon|p1a: rexy
|-damage|p1a: rexy|0 fnt
|faint|p1a: rexy
|
|-heal|p2a: Eternatus|30/100|[from] item: Black Sludge
|upkeep
|
|t:|1666893774
|switch|p1a: kevin|Yveltal|100/100
|-ability|p1a: kevin|Dark Aura
|turn|12
|
|t:|1666893778
|move|p2a: Eternatus|Recover|p2a: Eternatus
|-heal|p2a: Eternatus|80/100
|move|p1a: kevin|Taunt|p2a: Eternatus
|-start|p2a: Eternatus|move: Taunt
|
|-heal|p2a: Eternatus|87/100|[from] item: Black Sludge
|upkeep
|turn|13
|
|t:|1666893783
|move|p2a: Eternatus|Dynamax Cannon|p1a: kevin
|-damage|p1a: kevin|61/100
|move|p1a: kevin|Dark Pulse|p2a: Eternatus
|-crit|p2a: Eternatus
|-damage|p2a: Eternatus|37/100
|
|-heal|p2a: Eternatus|43/100|[from] item: Black Sludge
|upkeep
|turn|14
|
|t:|1666893787
|move|p2a: Eternatus|Dynamax Cannon|p1a: kevin
|-damage|p1a: kevin|19/100
|move|p1a: kevin|Dark Pulse|p2a: Eternatus
|-damage|p2a: Eternatus|12/100
|
|-heal|p2a: Eternatus|18/100|[from] item: Black Sludge
|upkeep
|turn|15
|
|t:|1666893792
|move|p2a: Eternatus|Dynamax Cannon|p1a: kevin
|-damage|p1a: kevin|0 fnt
|faint|p1a: kevin
|
|-heal|p2a: Eternatus|24/100|[from] item: Black Sludge
|-end|p2a: Eternatus|move: Taunt
|upkeep
|
|t:|1666893796
|switch|p1a: karen|Ho-Oh|100/100
|turn|16
|j| RRRRRRRRRRRRRex
|
|t:|1666893802
|move|p2a: Eternatus|Recover|p2a: Eternatus
|-heal|p2a: Eternatus|74/100
|move|p1a: karen|Brave Bird|p2a: Eternatus
|-damage|p2a: Eternatus|33/100
|-damage|p1a: karen|85/100|[from] Recoil
|
|-heal|p2a: Eternatus|39/100|[from] item: Black Sludge
|upkeep
|turn|17
|
|t:|1666893806
|move|p2a: Eternatus|Recover|p2a: Eternatus
|-heal|p2a: Eternatus|89/100
|move|p1a: karen|Thunder Wave|p2a: Eternatus
|-status|p2a: Eternatus|par
|
|-heal|p2a: Eternatus|95/100 par|[from] item: Black Sludge
|upkeep
|turn|18
|
|t:|1666893814
|switch|p2a: Ho-Oh|Ho-Oh|65/100
|move|p1a: karen|Brave Bird|p2a: Ho-Oh
|-damage|p2a: Ho-Oh|31/100
|-damage|p1a: karen|74/100|[from] Recoil
|
|upkeep
|turn|19
|
|t:|1666893823
|switch|p2a: Eternatus|Eternatus|95/100 par
|-ability|p2a: Eternatus|Pressure
|move|p1a: karen|Brave Bird|p2a: Eternatus
|-damage|p2a: Eternatus|56/100 par
|-damage|p1a: karen|60/100|[from] Recoil
|
|-heal|p2a: Eternatus|62/100 par|[from] item: Black Sludge
|upkeep
|turn|20
|
|t:|1666893827
|move|p1a: karen|Brave Bird|p2a: Eternatus
|-damage|p2a: Eternatus|20/100 par
|-damage|p1a: karen|45/100|[from] Recoil
|cant|p2a: Eternatus|par
|
|-heal|p2a: Eternatus|26/100 par|[from] item: Black Sludge
|upkeep
|turn|21
|
|t:|1666893833
|switch|p2a: Arceus|Arceus-Dark|100/100
|move|p1a: karen|Brave Bird|p2a: Arceus
|-damage|p2a: Arceus|68/100
|-damage|p1a: karen|33/100|[from] Recoil
|
|upkeep
|turn|22
|
|t:|1666893839
|switch|p1a: bruno|Rayquaza|100/100
|-ability|p1a: bruno|Air Lock
|move|p2a: Arceus|Judgment|p1a: bruno
|-damage|p1a: bruno|50/100
|
|upkeep
|turn|23
|
|t:|1666893844
|detailschange|p1a: bruno|Rayquaza-Mega
|-mega|p1a: bruno|Rayquaza|
|-weather|DeltaStream|[from] ability: Delta Stream|[of] p1a: bruno
|-start|p2a: Arceus|Dynamax|
|-heal|p2a: Arceus|68/100|[silent]
|move|p1a: bruno|Dragon Dance|p1a: bruno
|-boost|p1a: bruno|atk|1
|-boost|p1a: bruno|spe|1
|move|p2a: Arceus|Max Darkness|p1a: bruno
|-damage|p1a: bruno|0 fnt
|faint|p1a: bruno
|-weather|none
|
|upkeep
|
|t:|1666893847
|switch|p1a: karen|Ho-Oh|67/100
|turn|24
|
|t:|1666893853
|move|p2a: Arceus|Max Darkness|p1a: karen
|-damage|p1a: karen|28/100
|-unboost|p1a: karen|spd|1
|move|p1a: karen|Brave Bird|p2a: Arceus
|-crit|p2a: Arceus
|-damage|p2a: Arceus|45/100
|-damage|p1a: karen|12/100|[from] Recoil
|
|upkeep
|turn|25
|
|t:|1666893858
|move|p2a: Arceus|Max Darkness|p1a: karen
|-damage|p1a: karen|0 fnt
|faint|p1a: karen
|
|upkeep
|
|t:|1666893860
|switch|p1a: steve|Ditto|100/100
|-transform|p1a: steve|p2a: Arceus|[from] ability: Imposter
|-end|p2a: Arceus|Dynamax
|-heal|p2a: Arceus|45/100|[silent]
|turn|26
|
|t:|1666893863
|move|p1a: steve|Judgment|p2a: Arceus
|-damage|p2a: Arceus|27/100
|move|p2a: Arceus|Recover|p2a: Arceus
|-heal|p2a: Arceus|77/100
|
|upkeep
|turn|27
|-message|MrPassTheSalt forfeited.
|
|win|jlsdfhpjksdhfni
|raw|MrPassTheSalt's rating: 1696 &rarr; <strong>1680</strong><br />(-16 for losing)
|raw|jlsdfhpjksdhfni's rating: 1773 &rarr; <strong>1789</strong><br />(+16 for winning)
|l|☆MrPassTheSalt
|l|☆jlsdfhpjksdhfni
||Ladder isn't responding, score probably updated but might not have (Request timeout).
