|j|☆Lucas Ranger~
|j|☆kerrozxl-
|t:|1659782382
|gametype|singles
|player|p1|Lucas Ranger~|rei|1381
|player|p2|kerrozxl-|unknownf|1612
|teamsize|p1|6
|teamsize|p2|6
|gen|8
|tier|[Gen 8] National Dex AG
|rated|
|rule|HP Percentage Mod: HP is shown in percentages
|rule|Endless Battle Clause: Forcing endless battles is banned
|clearpoke
|poke|p1|Moltres-Galar|
|poke|p1|Naganadel|
|poke|p1|Slowbro-Galar, F|
|poke|p1|Buzzwole|
|poke|p1|Garchomp, M|
|poke|p1|Swampert, F|
|poke|p2|Rayquaza|
|poke|p2|Groudon|
|poke|p2|Necrozma-Dusk-Mane|
|poke|p2|Marshadow|
|poke|p2|Yveltal|
|poke|p2|Xerneas-*|
|teampreview
|inactive|Battle timer is ON: inactive players will automatically lose when time's up. (requested by Lucas Ranger~)
|inactive|kerrozxl- has 120 seconds left.
|
|t:|1659782423
|start
|switch|p1a: Garchomp|Garchomp, M|100/100
|switch|p2a: Rayquaza|Rayquaza, shiny|100/100
|-ability|p2a: Rayquaza|Air Lock
|turn|1
|
|t:|1659782444
|detailschange|p2a: Rayquaza|Rayquaza-Mega, shiny
|-mega|p2a: Rayquaza|Rayquaza|
|-weather|DeltaStream|[from] ability: Delta Stream|[of] p2a: Rayquaza
|move|p1a: Garchomp|Swords Dance|p1a: Garchomp
|-boost|p1a: Garchomp|atk|2
|move|p2a: Rayquaza|Dragon Ascent|p1a: Garchomp
|-damage|p1a: Garchomp|0 fnt
|-unboost|p2a: Rayquaza|def|1
|-unboost|p2a: Rayquaza|spd|1
|faint|p1a: Garchomp
|
|-weather|DeltaStream|[upkeep]
|upkeep
|
|t:|1659782459
|switch|p1a: Swampert|Swampert, F|100/100
|turn|2
|
|t:|1659782476
|detailschange|p1a: Swampert|Swampert-Mega, F
|-mega|p1a: Swampert|Swampert|Swampertite
|move|p2a: Rayquaza|Dragon Ascent|p1a: Swampert
|-damage|p1a: Swampert|0 fnt
|-unboost|p2a: Rayquaza|def|1
|-unboost|p2a: Rayquaza|spd|1
|faint|p1a: Swampert
|
|-weather|DeltaStream|[upkeep]
|upkeep
|
|t:|1659782492
|switch|p1a: Naganadel|Naganadel, shiny|100/100
|turn|3
|
|t:|1659782496
|-start|p1a: Naganadel|Dynamax|
|-heal|p1a: Naganadel|100/100|[silent]
|move|p1a: Naganadel|Max Airstream|p2a: Rayquaza
|-damage|p2a: Rayquaza|3/100
|-boost|p1a: Naganadel|spe|1
|move|p2a: Rayquaza|Dragon Ascent|p1a: Naganadel
|-damage|p1a: Naganadel|4/100
|-unboost|p2a: Rayquaza|def|1
|-unboost|p2a: Rayquaza|spd|1
|
|-weather|DeltaStream|[upkeep]
|-heal|p1a: Naganadel|7/100|[from] item: Black Sludge
|upkeep
|turn|4
|
|t:|1659782504
|move|p1a: Naganadel|Max Ooze|p2a: Rayquaza
|-damage|p2a: Rayquaza|0 fnt
|-boost|p1a: Naganadel|spa|1
|faint|p2a: Rayquaza
|-weather|none
|-ability|p1a: Naganadel|Beast Boost|boost
|-boost|p1a: Naganadel|spa|1
|
|-heal|p1a: Naganadel|10/100|[from] item: Black Sludge
|upkeep
|
|t:|1659782506
|switch|p2a: Marshadow|Marshadow|100/100
|turn|5
|
|t:|1659782518
|-end|p1a: Naganadel|Dynamax
|-heal|p1a: Naganadel|10/100|[silent]
|switch|p1a: Moltres|Moltres-Galar|100/100
|move|p2a: Marshadow|Shadow Sneak|p1a: Moltres
|-resisted|p1a: Moltres
|-damage|p1a: Moltres|84/100
|
|upkeep
|turn|6
|
|t:|1659782536
|move|p2a: Marshadow|Close Combat|p1a: Moltres
|-damage|p1a: Moltres|30/100
|-unboost|p2a: Marshadow|def|1
|-unboost|p2a: Marshadow|spd|1
|-ability|p1a: Moltres|Berserk|boost
|-boost|p1a: Moltres|spa|1
|move|p1a: Moltres|Fiery Wrath|p2a: Marshadow
|-crit|p2a: Marshadow
|-enditem|p2a: Marshadow|Focus Sash
|-damage|p2a: Marshadow|1/100
|
|upkeep
|turn|7
|
|t:|1659782548
|move|p2a: Marshadow|Rock Tomb|p1a: Moltres
|-supereffective|p1a: Moltres
|-damage|p1a: Moltres|0 fnt
|faint|p1a: Moltres
|
|upkeep
|
|t:|1659782553
|switch|p1a: Slowbro|Slowbro-Galar, F|100/100
|turn|8
|
|t:|1659782561
|move|p2a: Marshadow|Spectral Thief|p1a: Slowbro
|-supereffective|p1a: Slowbro
|-damage|p1a: Slowbro|24/100
|move|p1a: Slowbro|Shell Side Arm|p2a: Marshadow|[anim] Shell Side Arm Special
|-resisted|p2a: Marshadow
|-damage|p2a: Marshadow|0 fnt
|-hint|Special Shell Side Arm
|faint|p2a: Marshadow
|
|-heal|p1a: Slowbro|30/100|[from] item: Black Sludge
|upkeep
|
|t:|1659782562
|switch|p2a: Yveltal|Yveltal|100/100
|-ability|p2a: Yveltal|Dark Aura
|turn|9
|-message|Lucas Ranger~ forfeited.
|
|win|kerrozxl-
|raw|Lucas Ranger~'s rating: 1381 &rarr; <strong>1373</strong><br />(-8 for losing)
|raw|kerrozxl-'s rating: 1612 &rarr; <strong>1620</strong><br />(+8 for winning)
|l|☆Lucas Ranger~
