|j|☆Snakethey
|j|☆Trizegard
|t:|1651174778
|gametype|singles
|player|p1|Snakethey|flint|1229
|player|p2|Trizegard|169|1322
|teamsize|p1|6
|teamsize|p2|6
|gen|8
|tier|[Gen 8] National Dex AG
|rated|
|rule|HP Percentage Mod: HP is shown in percentages
|rule|Endless Battle Clause: Forcing endless battles is banned
|clearpoke
|poke|p1|Kangaskhan, F|
|poke|p1|Serperior, M|
|poke|p1|Darmanitan-Galar, M|
|poke|p1|Xurkitree|
|poke|p1|Gyarados, F|
|poke|p1|Quagsire, M|
|poke|p2|Beedrill, M|
|poke|p2|Nidoking, M|
|poke|p2|Greninja, M|
|poke|p2|Eevee, M|
|poke|p2|Gliscor, M|
|poke|p2|Breloom, F|
|teampreview
|
|t:|1651174790
|start
|switch|p1a: Kangaskhan|Kangaskhan, F|100/100
|switch|p2a: Breloom|Breloom, F|100/100
|turn|1
|
|t:|1651174796
|switch|p2a: Gliscor|Gliscor, M|100/100
|detailschange|p1a: Kangaskhan|Kangaskhan-Mega, F
|-mega|p1a: Kangaskhan|Kangaskhan|Kangaskhanite
|move|p1a: Kangaskhan|Fake Out|p2a: Gliscor
|-damage|p2a: Gliscor|79/100
|-damage|p2a: Gliscor|74/100
|-hitcount|p2a: Gliscor|2
|
|-status|p2a: Gliscor|tox|[from] item: Toxic Orb
|upkeep
|turn|2
|
|t:|1651174808
|move|p1a: Kangaskhan|Return|p2a: Gliscor
|-damage|p2a: Gliscor|27/100 tox
|-damage|p2a: Gliscor|15/100 tox
|-hitcount|p2a: Gliscor|2
|move|p2a: Gliscor|Earthquake|p1a: Kangaskhan
|-damage|p1a: Kangaskhan|61/100
|
|-heal|p2a: Gliscor|27/100 tox|[from] ability: Poison Heal
|upkeep
|turn|3
|
|t:|1651174829
|switch|p2a: Eevee|Eevee, M|100/100
|-ability|p2a: Eevee|Anticipation
|move|p1a: Kangaskhan|Return|p2a: Eevee
|-damage|p2a: Eevee|9/100
|-damage|p2a: Eevee|0 fnt
|faint|p2a: Eevee
|-hitcount|p2: Eevee|2
|
|upkeep
|
|t:|1651174838
|switch|p2a: Breloom|Breloom, F|100/100
|turn|4
|
|t:|1651174843
|move|p2a: Breloom|Spore|p1a: Kangaskhan
|-status|p1a: Kangaskhan|slp|[from] move: Spore
|cant|p1a: Kangaskhan|slp
|
|upkeep
|turn|5
|
|t:|1651174861
|cant|p1a: Kangaskhan|slp
|move|p2a: Breloom|Power-Up Punch|p1a: Kangaskhan
|-supereffective|p1a: Kangaskhan
|-damage|p1a: Kangaskhan|4/100 slp
|-boost|p2a: Breloom|atk|1
|
|upkeep
|turn|6
|
|t:|1651174868
|-curestatus|p1a: Kangaskhan|slp|[msg]
|move|p1a: Kangaskhan|Aerial Ace|p2a: Breloom
|-supereffective|p2a: Breloom
|-enditem|p2a: Breloom|Focus Sash
|-damage|p2a: Breloom|1/100
|-supereffective|p2a: Breloom
|-damage|p2a: Breloom|0 fnt
|faint|p2a: Breloom
|-hitcount|p2: Breloom|2
|
|upkeep
|
|t:|1651174876
|switch|p2a: Beedrill|Beedrill, M|100/100
|turn|7
|
|t:|1651174881
|detailschange|p2a: Beedrill|Beedrill-Mega, M
|-mega|p2a: Beedrill|Beedrill|Beedrillite
|move|p2a: Beedrill|Fell Stinger|p1a: Kangaskhan
|-damage|p1a: Kangaskhan|0 fnt
|faint|p1a: Kangaskhan
|-boost|p2a: Beedrill|atk|3
|
|upkeep
|
|t:|1651174891
|switch|p1a: Quagsire|Quagsire, M|100/100
|turn|8
|
|t:|1651174899
|move|p2a: Beedrill|U-turn|p1a: Quagsire
|-damage|p1a: Quagsire|50/100
|-enditem|p1a: Quagsire|Sitrus Berry|[eat]
|-heal|p1a: Quagsire|75/100|[from] item: Sitrus Berry
|
|t:|1651174907
|switch|p2a: Gliscor|Gliscor, M|27/100 tox|[from]move: U-turn
|move|p1a: Quagsire|Curse|p1a: Quagsire
|-unboost|p1a: Quagsire|spe|1
|-boost|p1a: Quagsire|atk|1
|-boost|p1a: Quagsire|def|1
|
|-heal|p2a: Gliscor|39/100 tox|[from] ability: Poison Heal
|upkeep
|turn|9
|
|t:|1651174916
|move|p2a: Gliscor|Fling|p1a: Quagsire
|-damage|p1a: Quagsire|69/100
|-status|p1a: Quagsire|tox
|-enditem|p2a: Gliscor|Toxic Orb|[from] move: Fling
|move|p1a: Quagsire|Waterfall|p2a: Gliscor
|-supereffective|p2a: Gliscor
|-damage|p2a: Gliscor|0 fnt
|faint|p2a: Gliscor
|
|-damage|p1a: Quagsire|63/100 tox|[from] psn
|upkeep
|
|t:|1651174926
|switch|p2a: Nidoking|Nidoking, M|100/100
|turn|10
|
|t:|1651174932
|move|p2a: Nidoking|Earth Power|p1a: Quagsire
|-damage|p1a: Quagsire|0 fnt
|faint|p1a: Quagsire
|
|upkeep
|
|t:|1651174938
|switch|p1a: Darmanitan|Darmanitan-Galar, M|100/100
|turn|11
|
|t:|1651174945
|move|p1a: Darmanitan|Substitute|p1a: Darmanitan
|-start|p1a: Darmanitan|Substitute
|-damage|p1a: Darmanitan|75/100
|move|p2a: Nidoking|Sludge Wave|p1a: Darmanitan
|-end|p1a: Darmanitan|Substitute
|
|upkeep
|turn|12
|
|t:|1651174953
|move|p1a: Darmanitan|Substitute|p1a: Darmanitan
|-start|p1a: Darmanitan|Substitute
|-damage|p1a: Darmanitan|50/100
|move|p2a: Nidoking|Sludge Wave|p1a: Darmanitan
|-end|p1a: Darmanitan|Substitute
|
|-formechange|p1a: Darmanitan|Darmanitan-Galar-Zen|
|upkeep
|turn|13
|
|t:|1651174964
|move|p1a: Darmanitan|Substitute|p1a: Darmanitan
|-start|p1a: Darmanitan|Substitute
|-damage|p1a: Darmanitan|25/100
|-enditem|p1a: Darmanitan|Salac Berry|[eat]
|-boost|p1a: Darmanitan|spe|1|[from] item: Salac Berry
|move|p2a: Nidoking|Earth Power|p1a: Darmanitan
|-supereffective|p1a: Darmanitan
|-end|p1a: Darmanitan|Substitute
|
|upkeep
|turn|14
|
|t:|1651174972
|move|p1a: Darmanitan|Icicle Crash|p2a: Nidoking|[miss]
|-miss|p1a: Darmanitan|p2a: Nidoking
|move|p2a: Nidoking|Earth Power|p1a: Darmanitan
|-supereffective|p1a: Darmanitan
|-damage|p1a: Darmanitan|0 fnt
|faint|p1a: Darmanitan
|
|upkeep
|c|☆Snakethey|Bruh
|
|t:|1651174989
|switch|p1a: Gyarados|Gyarados, F|100/100
|-ability|p1a: Gyarados|Intimidate|boost
|-unboost|p2a: Nidoking|atk|1
|turn|15
|
|t:|1651174993
|move|p1a: Gyarados|Aqua Tail|p2a: Nidoking|[miss]
|-miss|p1a: Gyarados|p2a: Nidoking
|move|p2a: Nidoking|Thunder|p1a: Gyarados
|-supereffective|p1a: Gyarados
|-damage|p1a: Gyarados|0 fnt
|faint|p1a: Gyarados
|
|upkeep
|c|☆Snakethey|Bruh
|c|☆Trizegard|Lmao
|
|t:|1651175007
|switch|p1a: Xurkitree|Xurkitree|100/100
|turn|16
|
|t:|1651175011
|-zpower|p1a: Xurkitree
|move|p1a: Xurkitree|Z-Hypnosis|p2a: Nidoking|[anim]Hypnosis|[miss]
|-boost|p1a: Xurkitree|spe|1|[zeffect]
|-miss|p1a: Xurkitree|p2a: Nidoking
|move|p2a: Nidoking|Earth Power|p1a: Xurkitree
|-supereffective|p1a: Xurkitree
|-damage|p1a: Xurkitree|0 fnt
|faint|p1a: Xurkitree
|
|upkeep
|c|☆Snakethey|Bruh
|
|t:|1651175026
|switch|p1a: Serperior|Serperior, M|100/100
|turn|17
|c|☆Trizegard|Bruh how the fuck is this happening
|
|t:|1651175034
|move|p1a: Serperior|Leaf Storm|p2a: Nidoking
|-damage|p2a: Nidoking|36/100
|-boost|p1a: Serperior|spa|2
|move|p2a: Nidoking|Sludge Wave|p1a: Serperior
|-supereffective|p1a: Serperior
|-damage|p1a: Serperior|13/100
|
|upkeep
|turn|18
|
|t:|1651175042
|move|p1a: Serperior|Leaf Storm|p2a: Nidoking
|-damage|p2a: Nidoking|0 fnt
|-boost|p1a: Serperior|spa|2
|faint|p2a: Nidoking
|
|upkeep
|c|☆Trizegard|finally something happened
|
|t:|1651175050
|switch|p2a: Beedrill|Beedrill-Mega, M|100/100
|turn|19
|c|☆Snakethey|I have lost gg.
|c|☆Trizegard|gg
|c|☆Snakethey|I think
|inactive|Battle timer is ON: inactive players will automatically lose when time's up. (requested by Trizegard)
|c|☆Trizegard|i mean probably
|c|☆Trizegard|i should be faster unless you're scarfed
|c|☆Snakethey|Lol
|inactive|Snakethey has 120 seconds left.
|c|☆Snakethey|All those misses
|
|t:|1651175129
|-start|p1a: Serperior|Dynamax|
|-heal|p1a: Serperior|13/100|[silent]
|move|p2a: Beedrill|Poison Jab|p1a: Serperior
|-supereffective|p1a: Serperior
|-damage|p1a: Serperior|0 fnt
|faint|p1a: Serperior
|
|win|Trizegard
|raw|Snakethey's rating: 1229 &rarr; <strong>1211</strong><br />(-18 for losing)
|raw|Trizegard's rating: 1322 &rarr; <strong>1337</strong><br />(+15 for winning)
|c|☆Trizegard|nidoking just became a real king
|c|☆Snakethey|Gg
|c|☆Trizegard|gg dude
|l|☆Snakethey
