|j|☆GranAutismo1
|j|☆RUiNtheExtinct
|t:|1640699377
|gametype|singles
|player|p1|GranAutismo1|youngster-gen4dp|1600
|player|p2|RUiNtheExtinct|red-gen7|1754
|teamsize|p1|6
|teamsize|p2|6
|gen|8
|tier|[Gen 8] National Dex AG
|rated|
|rule|HP Percentage Mod: HP is shown in percentages
|rule|Endless Battle Clause: Forcing endless battles is banned
|clearpoke
|poke|p1|Deoxys-Speed|
|poke|p1|Scolipede, M|
|poke|p1|Smeargle, F|
|poke|p1|Clefable, F|
|poke|p1|Liepard, M|
|poke|p1|Arceus-*|
|poke|p2|Deoxys-Speed|
|poke|p2|Ditto|
|poke|p2|Yveltal|
|poke|p2|Arceus-*|
|poke|p2|Groudon|
|poke|p2|Arceus-*|
|teampreview
|j| pokemasterbrendan
|c| pokemasterbrendan|gl
|c|☆RUiNtheExtinct|u2
|c|☆GranAutismo1|thats not me
|
|t:|1640699395
|start
|switch|p1a: DNAeezNuts|Deoxys-Speed|100/100
|switch|p2a: Deoxys|Deoxys-Speed|100/100
|-ability|p1a: DNAeezNuts|Pressure
|-ability|p2a: Deoxys|Pressure
|turn|1
|inactive|Battle timer is ON: inactive players will automatically lose when time's up. (requested by GranAutismo1)
|
|t:|1640699403
|move|p1a: DNAeezNuts|Magic Coat|p1a: DNAeezNuts
|-singleturn|p1a: DNAeezNuts|move: Magic Coat
|move|p2a: Deoxys|Knock Off|p1a: DNAeezNuts
|-supereffective|p1a: DNAeezNuts
|-damage|p1a: DNAeezNuts|38/100
|-enditem|p1a: DNAeezNuts|Focus Sash|[from] move: Knock Off|[of] p2a: Deoxys
|
|upkeep
|turn|2
|
|t:|1640699408
|move|p1a: DNAeezNuts|Knock Off|p2a: Deoxys
|-supereffective|p2a: Deoxys
|-damage|p2a: Deoxys|37/100
|-enditem|p2a: Deoxys|Focus Sash|[from] move: Knock Off|[of] p1a: DNAeezNuts
|move|p2a: Deoxys|Knock Off|p1a: DNAeezNuts
|-supereffective|p1a: DNAeezNuts
|-damage|p1a: DNAeezNuts|0 fnt
|faint|p1a: DNAeezNuts
|
|upkeep
|
|t:|1640699416
|switch|p1a: SpeedGlitch|Scolipede, M, shiny|100/100
|turn|3
|
|t:|1640699419
|move|p1a: SpeedGlitch|Protect|p1a: SpeedGlitch
|-singleturn|p1a: SpeedGlitch|Protect
|move|p2a: Deoxys|Stealth Rock|p1a: SpeedGlitch
|-sidestart|p1: GranAutismo1|move: Stealth Rock
|
|-ability|p1a: SpeedGlitch|Speed Boost|boost
|-boost|p1a: SpeedGlitch|spe|1
|upkeep
|turn|4
|
|t:|1640699425
|move|p1a: SpeedGlitch|Substitute|p1a: SpeedGlitch
|-start|p1a: SpeedGlitch|Substitute
|-damage|p1a: SpeedGlitch|76/100
|move|p2a: Deoxys|Knock Off|p1a: SpeedGlitch
|-end|p1a: SpeedGlitch|Substitute
|
|-heal|p1a: SpeedGlitch|82/100|[from] item: Black Sludge
|-ability|p1a: SpeedGlitch|Speed Boost|boost
|-boost|p1a: SpeedGlitch|spe|1
|upkeep
|turn|5
|
|t:|1640699433
|move|p1a: SpeedGlitch|Protect|p1a: SpeedGlitch
|-singleturn|p1a: SpeedGlitch|Protect
|move|p2a: Deoxys|Knock Off|p1a: SpeedGlitch
|-activate|p1a: SpeedGlitch|move: Protect
|
|-heal|p1a: SpeedGlitch|88/100|[from] item: Black Sludge
|-ability|p1a: SpeedGlitch|Speed Boost|boost
|-boost|p1a: SpeedGlitch|spe|1
|upkeep
|turn|6
|
|t:|1640699448
|move|p1a: SpeedGlitch|Substitute|p1a: SpeedGlitch
|-start|p1a: SpeedGlitch|Substitute
|-damage|p1a: SpeedGlitch|63/100
|move|p2a: Deoxys|Knock Off|p1a: SpeedGlitch
|-end|p1a: SpeedGlitch|Substitute
|
|-heal|p1a: SpeedGlitch|70/100|[from] item: Black Sludge
|-ability|p1a: SpeedGlitch|Speed Boost|boost
|-boost|p1a: SpeedGlitch|spe|1
|upkeep
|turn|7
|
|t:|1640699456
|move|p1a: SpeedGlitch|Protect|p1a: SpeedGlitch
|-singleturn|p1a: SpeedGlitch|Protect
|move|p2a: Deoxys|Knock Off|p1a: SpeedGlitch
|-activate|p1a: SpeedGlitch|move: Protect
|
|-heal|p1a: SpeedGlitch|76/100|[from] item: Black Sludge
|-ability|p1a: SpeedGlitch|Speed Boost|boost
|-boost|p1a: SpeedGlitch|spe|1
|upkeep
|turn|8
|
|t:|1640699466
|move|p1a: SpeedGlitch|Iron Defense|p1a: SpeedGlitch
|-boost|p1a: SpeedGlitch|def|2
|move|p2a: Deoxys|Knock Off|p1a: SpeedGlitch
|-damage|p1a: SpeedGlitch|59/100
|-enditem|p1a: SpeedGlitch|Black Sludge|[from] move: Knock Off|[of] p2a: Deoxys
|
|-ability|p1a: SpeedGlitch|Speed Boost|boost
|-boost|p1a: SpeedGlitch|spe|1
|upkeep
|turn|9
|
|t:|1640699473
|move|p1a: SpeedGlitch|Substitute|p1a: SpeedGlitch
|-start|p1a: SpeedGlitch|Substitute
|-damage|p1a: SpeedGlitch|35/100
|move|p2a: Deoxys|Knock Off|p1a: SpeedGlitch
|-activate|p1a: SpeedGlitch|move: Substitute|[damage]
|
|upkeep
|turn|10
|
|t:|1640699479
|move|p1a: SpeedGlitch|Iron Defense|p1a: SpeedGlitch
|-boost|p1a: SpeedGlitch|def|2
|move|p2a: Deoxys|Knock Off|p1a: SpeedGlitch
|-activate|p1a: SpeedGlitch|move: Substitute|[damage]
|
|upkeep
|turn|11
|
|t:|1640699484
|move|p1a: SpeedGlitch|Iron Defense|p1a: SpeedGlitch
|-boost|p1a: SpeedGlitch|def|2
|move|p2a: Deoxys|Knock Off|p1a: SpeedGlitch
|-activate|p1a: SpeedGlitch|move: Substitute|[damage]
|
|upkeep
|turn|12
|
|t:|1640699497
|move|p1a: SpeedGlitch|Protect|p1a: SpeedGlitch
|-singleturn|p1a: SpeedGlitch|Protect
|move|p2a: Deoxys|Knock Off|p1a: SpeedGlitch
|-activate|p1a: SpeedGlitch|move: Protect
|
|upkeep
|turn|13
|
|t:|1640699504
|move|p1a: SpeedGlitch|Baton Pass|p1a: SpeedGlitch
|
|t:|1640699509
|switch|p1a: A(u/r)tist|Smeargle, F|100/100|[from]move: Baton Pass
|-damage|p1a: A(u/r)tist|88/100|[from] Stealth Rock
|move|p2a: Deoxys|Knock Off|p1a: A(u/r)tist
|-end|p1a: A(u/r)tist|Substitute
|
|-ability|p1a: A(u/r)tist|Moody|boost
|-boost|p1a: A(u/r)tist|spa|2
|-unboost|p1a: A(u/r)tist|spe|1
|upkeep
|turn|14
|
|t:|1640699521
|move|p2a: Deoxys|Magic Coat|p2a: Deoxys
|-singleturn|p2a: Deoxys|move: Magic Coat
|move|p1a: A(u/r)tist|Spore|p2a: Deoxys
|move|p2a: Deoxys|Spore|p1a: A(u/r)tist|[from]Magic Coat
|-status|p1a: A(u/r)tist|slp|[from] move: Spore
|
|-ability|p1a: A(u/r)tist|Moody|boost
|-boost|p1a: A(u/r)tist|spa|2
|-unboost|p1a: A(u/r)tist|def|1
|upkeep
|turn|15
|
|t:|1640699530
|switch|p2a: Ditto|Ditto|100/100
|-transform|p2a: Ditto|p1a: A(u/r)tist|[from] ability: Imposter
|cant|p1a: A(u/r)tist|slp
|
|-ability|p2a: Ditto|Moody|boost
|-boost|p2a: Ditto|spe|1
|-unboost|p2a: Ditto|def|1
|-ability|p1a: A(u/r)tist|Moody|boost
|-boost|p1a: A(u/r)tist|spa|2
|-unboost|p1a: A(u/r)tist|def|1
|upkeep
|turn|16
|
|t:|1640699545
|move|p2a: Ditto|Baton Pass|p2a: Ditto
|
|t:|1640699546
|switch|p2a: Yveltal|Yveltal|100/100|[from]move: Baton Pass
|-ability|p2a: Yveltal|Dark Aura
|-curestatus|p1a: A(u/r)tist|slp|[msg]
|move|p1a: A(u/r)tist|Spectral Thief||[still]
|-clearpositiveboost|p2a: Yveltal|p1a: A(u/r)tist|move: Spectral Thief
|-boost|p1a: A(u/r)tist|def|2
|-boost|p1a: A(u/r)tist|spa|0
|-boost|p1a: A(u/r)tist|spe|1
|-anim|p1a: A(u/r)tist|Spectral Thief|p2a: Yveltal
|-resisted|p2a: Yveltal
|-damage|p2a: Yveltal|97/100
|
|-ability|p1a: A(u/r)tist|Moody|boost
|-boost|p1a: A(u/r)tist|spd|2
|-unboost|p1a: A(u/r)tist|spa|1
|upkeep
|turn|17
|c|☆RUiNtheExtinct|f
|c|☆GranAutismo1|dang man
|c|☆GranAutismo1|thats tough
|c|☆RUiNtheExtinct|ffff
|
|t:|1640699570
|move|p1a: A(u/r)tist|Spore|p2a: Yveltal
|-status|p2a: Yveltal|slp|[from] move: Spore
|cant|p2a: Yveltal|slp
|
|-ability|p1a: A(u/r)tist|Moody|boost
|-boost|p1a: A(u/r)tist|atk|2
|-unboost|p1a: A(u/r)tist|spa|1
|upkeep
|turn|18
|
|t:|1640699578
|switch|p2a: Ditto|Ditto|100/100
|-transform|p2a: Ditto|p1a: A(u/r)tist|[from] ability: Imposter
|move|p1a: A(u/r)tist|Spore|p2a: Ditto
|-status|p2a: Ditto|slp|[from] move: Spore
|
|-ability|p2a: Ditto|Moody|boost
|-boost|p2a: Ditto|spd|2
|-unboost|p2a: Ditto|def|1
|-ability|p1a: A(u/r)tist|Moody|boost
|-boost|p1a: A(u/r)tist|atk|2
|-unboost|p1a: A(u/r)tist|spa|1
|upkeep
|turn|19
|c| pokemasterbrendan|god predicts
|
|t:|1640699591
|cant|p2a: Ditto|slp
|move|p1a: A(u/r)tist|Ingrain|p1a: A(u/r)tist
|-start|p1a: A(u/r)tist|move: Ingrain
|
|-heal|p1a: A(u/r)tist|94/100|[from] Ingrain
|-ability|p2a: Ditto|Moody|boost
|-boost|p2a: Ditto|spd|2
|-unboost|p2a: Ditto|atk|1
|-ability|p1a: A(u/r)tist|Moody|boost
|-boost|p1a: A(u/r)tist|spa|2
|-unboost|p1a: A(u/r)tist|atk|1
|upkeep
|turn|20
|c|☆GranAutismo1|mm
|
|t:|1640699607
|cant|p2a: Ditto|slp
|move|p1a: A(u/r)tist|Baton Pass|p1a: A(u/r)tist
|
|t:|1640699611
|switch|p1a: CantTouchThis|Clefable, F|100/100|[from]move: Baton Pass
|-damage|p1a: CantTouchThis|88/100|[from] Stealth Rock
|
|-heal|p1a: CantTouchThis|94/100|[from] item: Leftovers
|-heal|p1a: CantTouchThis|99/100|[from] Ingrain
|-ability|p2a: Ditto|Moody|boost
|-boost|p2a: Ditto|atk|2
|-unboost|p2a: Ditto|spd|1
|upkeep
|turn|21
|
|t:|1640699622
|-curestatus|p2a: Ditto|slp|[msg]
|move|p2a: Ditto|Baton Pass|p2a: Ditto
|
|t:|1640699631
|switch|p2a: Yveltal|Yveltal|97/100 slp|[from]move: Baton Pass
|-ability|p2a: Yveltal|Dark Aura
|move|p1a: CantTouchThis|Substitute|p1a: CantTouchThis
|-start|p1a: CantTouchThis|Substitute
|-damage|p1a: CantTouchThis|75/100
|
|-heal|p1a: CantTouchThis|81/100|[from] item: Leftovers
|-heal|p1a: CantTouchThis|88/100|[from] Ingrain
|upkeep
|turn|22
|
|t:|1640699641
|-curestatus|p2a: Yveltal|slp|[msg]
|move|p2a: Yveltal|Dark Pulse|p1a: CantTouchThis
|-resisted|p1a: CantTouchThis
|-activate|p1a: CantTouchThis|move: Substitute|[damage]
|-damage|p2a: Yveltal|88/100|[from] item: Life Orb
|move|p1a: CantTouchThis|Minimize|p1a: CantTouchThis
|-boost|p1a: CantTouchThis|evasion|2
|
|-heal|p1a: CantTouchThis|94/100|[from] item: Leftovers
|-heal|p1a: CantTouchThis|99/100|[from] Ingrain
|upkeep
|turn|23
|
|t:|1640699653
|-start|p2a: Yveltal|Dynamax
|-heal|p2a: Yveltal|88/100|[silent]
|move|p2a: Yveltal|Max Airstream|p1a: CantTouchThis
|-end|p1a: CantTouchThis|Substitute
|-boost|p2a: Yveltal|spe|0
|-damage|p2a: Yveltal|83/100|[from] item: Life Orb
|move|p1a: CantTouchThis|Amnesia|p1a: CantTouchThis
|-boost|p1a: CantTouchThis|spd|2
|
|-heal|p1a: CantTouchThis|100/100|[from] item: Leftovers
|upkeep
|turn|24
|
|t:|1640699666
|move|p2a: Yveltal|Max Airstream|p1a: CantTouchThis
|-damage|p1a: CantTouchThis|80/100
|-boost|p2a: Yveltal|spe|0
|-damage|p2a: Yveltal|78/100|[from] item: Life Orb
|move|p1a: CantTouchThis|Substitute|p1a: CantTouchThis
|-start|p1a: CantTouchThis|Substitute
|-damage|p1a: CantTouchThis|55/100
|
|-heal|p1a: CantTouchThis|61/100|[from] item: Leftovers
|-heal|p1a: CantTouchThis|67/100|[from] Ingrain
|upkeep
|turn|25
|
|t:|1640699677
|move|p2a: Yveltal|Max Airstream|p1a: CantTouchThis
|-activate|p1a: CantTouchThis|move: Substitute|[damage]
|-boost|p2a: Yveltal|spe|0
|-damage|p2a: Yveltal|73/100|[from] item: Life Orb
|move|p1a: CantTouchThis|Amnesia|p1a: CantTouchThis
|-boost|p1a: CantTouchThis|spd|2
|
|-heal|p1a: CantTouchThis|73/100|[from] item: Leftovers
|-heal|p1a: CantTouchThis|79/100|[from] Ingrain
|-end|p2a: Yveltal|Dynamax
|-heal|p2a: Yveltal|73/100|[silent]
|upkeep
|turn|26
|c|☆RUiNtheExtinct|f
|c|☆RUiNtheExtinct|gg
|c| pokemasterbrendan|ah censored word , here we go again
|
|t:|1640699691
|move|p2a: Yveltal|Knock Off|p1a: CantTouchThis
|-resisted|p1a: CantTouchThis
|-end|p1a: CantTouchThis|Substitute
|-damage|p2a: Yveltal|63/100|[from] item: Life Orb
|move|p1a: CantTouchThis|Minimize|p1a: CantTouchThis
|-boost|p1a: CantTouchThis|evasion|2
|
|-heal|p1a: CantTouchThis|85/100|[from] item: Leftovers
|-heal|p1a: CantTouchThis|91/100|[from] Ingrain
|upkeep
|turn|27
|
|t:|1640699703
|switch|p2a: Ditto|Ditto|100/100
|-transform|p2a: Ditto|p1a: CantTouchThis|[from] ability: Imposter
|move|p1a: CantTouchThis|Substitute|p1a: CantTouchThis
|-start|p1a: CantTouchThis|Substitute
|-damage|p1a: CantTouchThis|66/100
|
|-heal|p1a: CantTouchThis|73/100|[from] item: Leftovers
|-heal|p1a: CantTouchThis|79/100|[from] Ingrain
|upkeep
|turn|28
|
|t:|1640699714
|move|p2a: Ditto|Baton Pass|p2a: Ditto
|
|t:|1640699721
|switch|p2a: Arceus|Arceus|100/100|[from]move: Baton Pass
|move|p1a: CantTouchThis|Baton Pass|p1a: CantTouchThis
|c|☆GranAutismo1|fuck sake
|c| pokemasterbrendan|lol
|inactive|GranAutismo1 has 120 seconds left.
|
|t:|1640699756
|switch|p1a: Bidoof.|Arceus|100/100|[from]move: Baton Pass
|-damage|p1a: Bidoof.|88/100|[from] Stealth Rock
|
|-heal|p1a: Bidoof.|94/100|[from] item: Leftovers
|-heal|p1a: Bidoof.|99/100|[from] Ingrain
|upkeep
|turn|29
|
|t:|1640699764
|move|p2a: Arceus|Extreme Speed|p1a: Bidoof.
|-activate|p1a: Bidoof.|move: Substitute|[damage]
|move|p1a: Bidoof.|Swords Dance|p1a: Bidoof.
|-boost|p1a: Bidoof.|atk|2
|
|-heal|p1a: Bidoof.|100/100|[from] item: Leftovers
|upkeep
|turn|30
|
|t:|1640699772
|move|p2a: Arceus|Swords Dance|p2a: Arceus
|-boost|p2a: Arceus|atk|2
|move|p1a: Bidoof.|Swords Dance|p1a: Bidoof.
|-boost|p1a: Bidoof.|atk|1
|
|upkeep
|turn|31
|
|t:|1640699780
|move|p1a: Bidoof.|Extreme Speed|p2a: Arceus
|-damage|p2a: Arceus|71/100
|move|p2a: Arceus|Recover|p2a: Arceus
|-heal|p2a: Arceus|100/100
|
|upkeep
|turn|32
|
|t:|1640699787
|-end|p1a: Bidoof.|Substitute
|-start|p1a: Bidoof.|Dynamax
|-heal|p1a: Bidoof.|100/100|[silent]
|move|p2a: Arceus|Swords Dance|p2a: Arceus
|-boost|p2a: Arceus|atk|1
|move|p1a: Bidoof.|Max Strike|p2a: Arceus
|-damage|p2a: Arceus|50/100
|-unboost|p2a: Arceus|spe|1
|
|upkeep
|turn|33
|
|t:|1640699797
|move|p1a: Bidoof.|Max Strike|p2a: Arceus
|-damage|p2a: Arceus|6/100
|-unboost|p2a: Arceus|spe|1
|move|p2a: Arceus|Recover|p2a: Arceus
|-heal|p2a: Arceus|56/100
|
|upkeep
|turn|34
|c|☆GranAutismo1|nah
|c| pokemasterbrendan|he became too big for substitute
|c|☆GranAutismo1|u cant vary 6% like that
|c|☆RUiNtheExtinct|this the exact opposite of fun
|
|t:|1640699821
|move|p1a: Bidoof.|Max Strike|p2a: Arceus
|-damage|p2a: Arceus|12/100
|-unboost|p2a: Arceus|spe|1
|move|p2a: Arceus|Recover|p2a: Arceus
|-heal|p2a: Arceus|62/100
|
|-end|p1a: Bidoof.|Dynamax
|-heal|p1a: Bidoof.|100/100|[silent]
|upkeep
|turn|35
|
|t:|1640699830
|move|p1a: Bidoof.|Substitute|p1a: Bidoof.
|-start|p1a: Bidoof.|Substitute
|-damage|p1a: Bidoof.|76/100
|move|p2a: Arceus|Recover|p2a: Arceus
|-heal|p2a: Arceus|100/100
|
|-heal|p1a: Bidoof.|82/100|[from] item: Leftovers
|-heal|p1a: Bidoof.|88/100|[from] Ingrain
|upkeep
|turn|36
|
|t:|1640699842
|move|p2a: Arceus|Extreme Speed|p1a: Bidoof.|[miss]
|-miss|p2a: Arceus|p1a: Bidoof.
|move|p1a: Bidoof.|Swords Dance|p1a: Bidoof.
|-boost|p1a: Bidoof.|atk|0
|
|-heal|p1a: Bidoof.|94/100|[from] item: Leftovers
|-heal|p1a: Bidoof.|99/100|[from] Ingrain
|upkeep
|turn|37
|
|t:|1640699851
|move|p1a: Bidoof.|Swords Dance|p1a: Bidoof.
|-boost|p1a: Bidoof.|atk|0
|move|p2a: Arceus|Earthquake|p1a: Bidoof.|[miss]
|-miss|p2a: Arceus|p1a: Bidoof.
|
|-heal|p1a: Bidoof.|100/100|[from] item: Leftovers
|upkeep
|turn|38
|
|t:|1640699859
|move|p1a: Bidoof.|Swords Dance|p1a: Bidoof.
|-boost|p1a: Bidoof.|atk|0
|move|p2a: Arceus|Earthquake|p1a: Bidoof.|[miss]
|-miss|p2a: Arceus|p1a: Bidoof.
|
|upkeep
|turn|39
|c| pokemasterbrendan|i can wait
|
|t:|1640699866
|move|p1a: Bidoof.|Swords Dance|p1a: Bidoof.
|-boost|p1a: Bidoof.|atk|0
|move|p2a: Arceus|Earthquake|p1a: Bidoof.|[miss]
|-miss|p2a: Arceus|p1a: Bidoof.
|
|upkeep
|turn|40
|c|☆RUiNtheExtinct|get help
|
|t:|1640699873
|move|p1a: Bidoof.|Swords Dance|p1a: Bidoof.
|-boost|p1a: Bidoof.|atk|0
|move|p2a: Arceus|Swords Dance|p2a: Arceus
|-boost|p2a: Arceus|atk|0
|
|upkeep
|turn|41
|c| pokemasterbrendan|lolll
|
|t:|1640699889
|move|p1a: Bidoof.|Shadow Claw|p2a: Arceus
|-immune|p2a: Arceus
|move|p2a: Arceus|Swords Dance|p2a: Arceus
|-boost|p2a: Arceus|atk|0
|
|upkeep
|turn|42
|c| pokemasterbrendan|200 turns ??
|
|t:|1640699901
|move|p1a: Bidoof.|Shadow Claw|p2a: Arceus
|-immune|p2a: Arceus
|move|p2a: Arceus|Swords Dance|p2a: Arceus
|-boost|p2a: Arceus|atk|0
|
|upkeep
|turn|43
|
|t:|1640699913
|move|p1a: Bidoof.|Shadow Claw|p2a: Arceus
|-immune|p2a: Arceus
|move|p2a: Arceus|Swords Dance|p2a: Arceus
|-boost|p2a: Arceus|atk|0
|
|upkeep
|turn|44
|c| pokemasterbrendan|i am at least expecting 100 turns
|c|☆GranAutismo1|my only possible win route is pp stall
|
|t:|1640699923
|move|p1a: Bidoof.|Shadow Claw|p2a: Arceus
|-immune|p2a: Arceus
|move|p2a: Arceus|Swords Dance|p2a: Arceus
|-boost|p2a: Arceus|atk|0
|
|upkeep
|turn|45
|c| pokemasterbrendan|ya
|
|t:|1640699930
|move|p1a: Bidoof.|Shadow Claw|p2a: Arceus
|-immune|p2a: Arceus
|move|p2a: Arceus|Swords Dance|p2a: Arceus
|-boost|p2a: Arceus|atk|0
|
|upkeep
|turn|46
|c|☆GranAutismo1|RUiN you caused this pain yourself when you used ditto
|
|t:|1640699946
|move|p1a: Bidoof.|Shadow Claw|p2a: Arceus
|-immune|p2a: Arceus
|move|p2a: Arceus|Swords Dance|p2a: Arceus
|-boost|p2a: Arceus|atk|0
|
|upkeep
|turn|47
|c|☆RUiNtheExtinct|you shouln't have gone the old baton pass route
|
|t:|1640699965
|move|p1a: Bidoof.|Shadow Claw|p2a: Arceus
|-immune|p2a: Arceus
|move|p2a: Arceus|Earthquake|p1a: Bidoof.
|-crit|p1a: Bidoof.
|-end|p1a: Bidoof.|Substitute
|
|upkeep
|turn|48
|c|☆GranAutismo1|baton is fine but ditto crosses the line
|c|☆RUiNtheExtinct|no
|c|☆RUiNtheExtinct|its not fine
|
|t:|1640699986
|move|p1a: Bidoof.|Substitute|p1a: Bidoof.
|-start|p1a: Bidoof.|Substitute
|-damage|p1a: Bidoof.|76/100
|move|p2a: Arceus|Swords Dance|p2a: Arceus
|-boost|p2a: Arceus|atk|0
|
|-heal|p1a: Bidoof.|82/100|[from] item: Leftovers
|-heal|p1a: Bidoof.|88/100|[from] Ingrain
|upkeep
|turn|49
|c|☆GranAutismo1|it is
|c|☆RUiNtheExtinct|no its not
|
|t:|1640699998
|move|p1a: Bidoof.|Swords Dance|p1a: Bidoof.
|-boost|p1a: Bidoof.|atk|0
|move|p2a: Arceus|Swords Dance|p2a: Arceus
|-boost|p2a: Arceus|atk|0
|
|-heal|p1a: Bidoof.|94/100|[from] item: Leftovers
|-heal|p1a: Bidoof.|99/100|[from] Ingrain
|upkeep
|turn|50
|c|☆GranAutismo1|it is
|c|☆RUiNtheExtinct|no its not
|c|☆GranAutismo1|it is
|inactive|RUiNtheExtinct has 120 seconds left.
|c|☆RUiNtheExtinct|no
|
|t:|1640700016
|move|p1a: Bidoof.|Swords Dance|p1a: Bidoof.
|-boost|p1a: Bidoof.|atk|0
|move|p2a: Arceus|Swords Dance|p2a: Arceus
|-boost|p2a: Arceus|atk|0
|
|-heal|p1a: Bidoof.|100/100|[from] item: Leftovers
|upkeep
|turn|51
|c|☆GranAutismo1|yes
|c| pokemasterbrendan|report each other for endless battles ???????????????????????????????????????????????
|c|☆RUiNtheExtinct|no
|inactive|RUiNtheExtinct has 120 seconds left.
|c|☆GranAutismo1|its not endless
|
|t:|1640700027
|move|p1a: Bidoof.|Swords Dance|p1a: Bidoof.
|-boost|p1a: Bidoof.|atk|0
|move|p2a: Arceus|Swords Dance|p2a: Arceus
|-boost|p2a: Arceus|atk|0
|
|upkeep
|turn|52
|c|☆GranAutismo1|yes
|c|☆RUiNtheExtinct|niet
|inactive|RUiNtheExtinct has 120 seconds left.
|
|t:|1640700038
|move|p1a: Bidoof.|Swords Dance|p1a: Bidoof.
|-boost|p1a: Bidoof.|atk|0
|move|p2a: Arceus|Swords Dance|p2a: Arceus
|-boost|p2a: Arceus|atk|0
|
|upkeep
|turn|53
|c|☆GranAutismo1|si
|
|t:|1640700047
|move|p1a: Bidoof.|Swords Dance|p1a: Bidoof.
|-boost|p1a: Bidoof.|atk|0
|move|p2a: Arceus|Earthquake|p1a: Bidoof.|[miss]
|-miss|p2a: Arceus|p1a: Bidoof.
|
|upkeep
|turn|54
|c|☆RUiNtheExtinct|nah
|
|t:|1640700053
|move|p1a: Bidoof.|Swords Dance|p1a: Bidoof.
|-boost|p1a: Bidoof.|atk|0
|move|p2a: Arceus|Swords Dance|p2a: Arceus
|-boost|p2a: Arceus|atk|0
|
|upkeep
|turn|55
|
|t:|1640700061
|move|p1a: Bidoof.|Swords Dance|p1a: Bidoof.
|-boost|p1a: Bidoof.|atk|0
|move|p2a: Arceus|Swords Dance|p2a: Arceus
|-boost|p2a: Arceus|atk|0
|
|upkeep
|turn|56
|
|t:|1640700090
|move|p1a: Bidoof.|Swords Dance|p1a: Bidoof.
|-boost|p1a: Bidoof.|atk|0
|move|p2a: Arceus|Swords Dance|p2a: Arceus
|-boost|p2a: Arceus|atk|0
|
|upkeep
|turn|57
|
|t:|1640700096
|move|p1a: Bidoof.|Swords Dance|p1a: Bidoof.
|-boost|p1a: Bidoof.|atk|0
|move|p2a: Arceus|Swords Dance|p2a: Arceus
|-boost|p2a: Arceus|atk|0
|
|upkeep
|turn|58
|
|t:|1640700099
|move|p1a: Bidoof.|Swords Dance|p1a: Bidoof.
|-boost|p1a: Bidoof.|atk|0
|move|p2a: Arceus|Swords Dance|p2a: Arceus
|-boost|p2a: Arceus|atk|0
|
|upkeep
|turn|59
|
|t:|1640700102
|move|p1a: Bidoof.|Swords Dance|p1a: Bidoof.
|-boost|p1a: Bidoof.|atk|0
|move|p2a: Arceus|Swords Dance|p2a: Arceus
|-boost|p2a: Arceus|atk|0
|
|upkeep
|turn|60
|c| pokemasterbrendan|i am gonna listen to some ncs music in back
|c|☆RUiNtheExtinct|i already am
|
|t:|1640700115
|move|p1a: Bidoof.|Swords Dance|p1a: Bidoof.
|-boost|p1a: Bidoof.|atk|0
|move|p2a: Arceus|Swords Dance|p2a: Arceus
|-boost|p2a: Arceus|atk|0
|
|upkeep
|turn|61
|
|t:|1640700122
|move|p1a: Bidoof.|Swords Dance|p1a: Bidoof.
|-boost|p1a: Bidoof.|atk|0
|move|p2a: Arceus|Swords Dance|p2a: Arceus
|-boost|p2a: Arceus|atk|0
|
|upkeep
|turn|62
|
|t:|1640700128
|move|p1a: Bidoof.|Swords Dance|p1a: Bidoof.
|-boost|p1a: Bidoof.|atk|0
|move|p2a: Arceus|Swords Dance|p2a: Arceus
|-boost|p2a: Arceus|atk|0
|
|upkeep
|turn|63
|c|☆GranAutismo1|whats ncs
|
|t:|1640700134
|move|p1a: Bidoof.|Swords Dance|p1a: Bidoof.
|-boost|p1a: Bidoof.|atk|0
|move|p2a: Arceus|Swords Dance|p2a: Arceus
|-boost|p2a: Arceus|atk|0
|
|upkeep
|turn|64
|c| pokemasterbrendan|no copyright sonds
|c| pokemasterbrendan|sounds
|
|t:|1640700141
|move|p1a: Bidoof.|Swords Dance|p1a: Bidoof.
|-boost|p1a: Bidoof.|atk|0
|move|p2a: Arceus|Swords Dance|p2a: Arceus
|-boost|p2a: Arceus|atk|0
|
|upkeep
|turn|65
|c|☆GranAutismo1|why not listen to normal spotify
|
|t:|1640700150
|move|p1a: Bidoof.|Swords Dance|p1a: Bidoof.
|-boost|p1a: Bidoof.|atk|0
|move|p2a: Arceus|Swords Dance|p2a: Arceus
|-boost|p2a: Arceus|atk|0
|
|upkeep
|turn|66
|
|t:|1640700157
|move|p1a: Bidoof.|Swords Dance|p1a: Bidoof.
|-boost|p1a: Bidoof.|atk|0
|move|p2a: Arceus|Swords Dance|p2a: Arceus
|-boost|p2a: Arceus|atk|0
|
|upkeep
|turn|67
|c|☆RUiNtheExtinct|just put youtube on another tab
|
|t:|1640700175
|move|p1a: Bidoof.|Swords Dance|p1a: Bidoof.
|-boost|p1a: Bidoof.|atk|0
|move|p2a: Arceus|Swords Dance|p2a: Arceus
|-boost|p2a: Arceus|atk|0
|
|upkeep
|turn|68
|j| Kunwarstein
|
|t:|1640700182
|move|p1a: Bidoof.|Swords Dance|p1a: Bidoof.
|-boost|p1a: Bidoof.|atk|0
|move|p2a: Arceus|Swords Dance|p2a: Arceus
|-boost|p2a: Arceus|atk|0
|
|upkeep
|turn|69
|c|☆GranAutismo1|or that ig
|
|t:|1640700189
|move|p1a: Bidoof.|Swords Dance|p1a: Bidoof.
|-boost|p1a: Bidoof.|atk|0
|move|p2a: Arceus|Swords Dance|p2a: Arceus
|-boost|p2a: Arceus|atk|0
|
|upkeep
|turn|70
|
|t:|1640700195
|move|p1a: Bidoof.|Swords Dance|p1a: Bidoof.
|-boost|p1a: Bidoof.|atk|0
|move|p2a: Arceus|Swords Dance|p2a: Arceus
|-boost|p2a: Arceus|atk|0
|
|upkeep
|turn|71
|
|t:|1640700198
|move|p1a: Bidoof.|Swords Dance|p1a: Bidoof.
|-boost|p1a: Bidoof.|atk|0
|move|p2a: Arceus|Swords Dance|p2a: Arceus
|-boost|p2a: Arceus|atk|0
|
|upkeep
|turn|72
|
|t:|1640700203
|move|p1a: Bidoof.|Swords Dance|p1a: Bidoof.
|-boost|p1a: Bidoof.|atk|0
|move|p2a: Arceus|Earthquake|p1a: Bidoof.|[miss]
|-miss|p2a: Arceus|p1a: Bidoof.
|
|upkeep
|turn|73
|
|t:|1640700207
|move|p1a: Bidoof.|Swords Dance|p1a: Bidoof.
|-boost|p1a: Bidoof.|atk|0
|move|p2a: Arceus|Earthquake|p1a: Bidoof.|[miss]
|-miss|p2a: Arceus|p1a: Bidoof.
|
|upkeep
|turn|74
|
|t:|1640700210
|move|p1a: Bidoof.|Shadow Claw|p2a: Arceus
|-immune|p2a: Arceus
|move|p2a: Arceus|Earthquake|p1a: Bidoof.|[miss]
|-miss|p2a: Arceus|p1a: Bidoof.
|
|upkeep
|turn|75
|
|t:|1640700214
|move|p1a: Bidoof.|Shadow Claw|p2a: Arceus
|-immune|p2a: Arceus
|move|p2a: Arceus|Recover||[still]
|-fail|p2a: Arceus|heal
|
|upkeep
|turn|76
|
|t:|1640700230
|move|p1a: Bidoof.|Shadow Claw|p2a: Arceus
|-immune|p2a: Arceus
|move|p2a: Arceus|Earthquake|p1a: Bidoof.|[miss]
|-miss|p2a: Arceus|p1a: Bidoof.
|
|upkeep
|turn|77
|
|t:|1640700238
|move|p1a: Bidoof.|Shadow Claw|p2a: Arceus
|-immune|p2a: Arceus
|move|p2a: Arceus|Earthquake|p1a: Bidoof.|[miss]
|-miss|p2a: Arceus|p1a: Bidoof.
|
|upkeep
|turn|78
|
|t:|1640700245
|move|p1a: Bidoof.|Shadow Claw|p2a: Arceus
|-immune|p2a: Arceus
|move|p2a: Arceus|Recover||[still]
|-fail|p2a: Arceus|heal
|
|upkeep
|turn|79
|
|t:|1640700265
|move|p1a: Bidoof.|Substitute|p1a: Bidoof.
|-fail|p1a: Bidoof.|move: Substitute
|move|p2a: Arceus|Recover||[still]
|-fail|p2a: Arceus|heal
|
|upkeep
|turn|80
|
|t:|1640700271
|move|p1a: Bidoof.|Shadow Claw|p2a: Arceus
|-immune|p2a: Arceus
|move|p2a: Arceus|Recover||[still]
|-fail|p2a: Arceus|heal
|
|upkeep
|turn|81
|
|t:|1640700273
|move|p1a: Bidoof.|Shadow Claw|p2a: Arceus
|-immune|p2a: Arceus
|move|p2a: Arceus|Recover||[still]
|-fail|p2a: Arceus|heal
|
|upkeep
|turn|82
|
|t:|1640700277
|move|p1a: Bidoof.|Shadow Claw|p2a: Arceus
|-immune|p2a: Arceus
|move|p2a: Arceus|Recover||[still]
|-fail|p2a: Arceus|heal
|
|upkeep
|turn|83
|
|t:|1640700283
|move|p1a: Bidoof.|Substitute|p1a: Bidoof.
|-fail|p1a: Bidoof.|move: Substitute
|move|p2a: Arceus|Earthquake|p1a: Bidoof.|[miss]
|-miss|p2a: Arceus|p1a: Bidoof.
|
|upkeep
|turn|84
|
|t:|1640700286
|move|p1a: Bidoof.|Substitute|p1a: Bidoof.
|-fail|p1a: Bidoof.|move: Substitute
|move|p2a: Arceus|Earthquake|p1a: Bidoof.
|-end|p1a: Bidoof.|Substitute
|
|upkeep
|turn|85
|
|t:|1640700293
|move|p1a: Bidoof.|Substitute|p1a: Bidoof.
|-start|p1a: Bidoof.|Substitute
|-damage|p1a: Bidoof.|76/100
|move|p2a: Arceus|Earthquake|p1a: Bidoof.
|-end|p1a: Bidoof.|Substitute
|
|-heal|p1a: Bidoof.|82/100|[from] item: Leftovers
|-heal|p1a: Bidoof.|88/100|[from] Ingrain
|upkeep
|turn|86
|
|t:|1640700302
|move|p2a: Arceus|Extreme Speed|p1a: Bidoof.
|-damage|p1a: Bidoof.|59/100
|move|p1a: Bidoof.|Substitute|p1a: Bidoof.
|-start|p1a: Bidoof.|Substitute
|-damage|p1a: Bidoof.|34/100
|
|-heal|p1a: Bidoof.|40/100|[from] item: Leftovers
|-heal|p1a: Bidoof.|46/100|[from] Ingrain
|upkeep
|turn|87
|
|t:|1640700307
|move|p1a: Bidoof.|Shadow Claw|p2a: Arceus
|-immune|p2a: Arceus
|move|p2a: Arceus|Earthquake|p1a: Bidoof.
|-end|p1a: Bidoof.|Substitute
|
|-heal|p1a: Bidoof.|52/100|[from] item: Leftovers
|-heal|p1a: Bidoof.|58/100|[from] Ingrain
|upkeep
|turn|88
|
|t:|1640700312
|move|p2a: Arceus|Extreme Speed|p1a: Bidoof.|[miss]
|-miss|p2a: Arceus|p1a: Bidoof.
|move|p1a: Bidoof.|Substitute|p1a: Bidoof.
|-start|p1a: Bidoof.|Substitute
|-damage|p1a: Bidoof.|33/100
|
|-heal|p1a: Bidoof.|39/100|[from] item: Leftovers
|-heal|p1a: Bidoof.|45/100|[from] Ingrain
|upkeep
|turn|89
|
|t:|1640700316
|move|p1a: Bidoof.|Shadow Claw|p2a: Arceus
|-immune|p2a: Arceus
|move|p2a: Arceus|Earthquake|p1a: Bidoof.|[miss]
|-miss|p2a: Arceus|p1a: Bidoof.
|
|-heal|p1a: Bidoof.|52/100|[from] item: Leftovers
|-heal|p1a: Bidoof.|58/100|[from] Ingrain
|upkeep
|turn|90
|c| pokemasterbrendan|i dont hav spotify acc lol
|c|☆RUiNtheExtinct|same
|c| pokemasterbrendan|ik i am late
|
|t:|1640700330
|move|p1a: Bidoof.|Shadow Claw|p2a: Arceus
|-immune|p2a: Arceus
|move|p2a: Arceus|Earthquake|p1a: Bidoof.|[miss]
|-miss|p2a: Arceus|p1a: Bidoof.
|
|-heal|p1a: Bidoof.|64/100|[from] item: Leftovers
|-heal|p1a: Bidoof.|70/100|[from] Ingrain
|upkeep
|turn|91
|
|t:|1640700335
|move|p1a: Bidoof.|Shadow Claw|p2a: Arceus
|-immune|p2a: Arceus
|move|p2a: Arceus|Recover||[still]
|-fail|p2a: Arceus|heal
|
|-heal|p1a: Bidoof.|76/100|[from] item: Leftovers
|-heal|p1a: Bidoof.|82/100|[from] Ingrain
|upkeep
|turn|92
|
|t:|1640700346
|move|p2a: Arceus|Extreme Speed|p1a: Bidoof.|[miss]
|-miss|p2a: Arceus|p1a: Bidoof.
|move|p1a: Bidoof.|Substitute|p1a: Bidoof.
|-fail|p1a: Bidoof.|move: Substitute
|
|-heal|p1a: Bidoof.|88/100|[from] item: Leftovers
|-heal|p1a: Bidoof.|94/100|[from] Ingrain
|upkeep
|turn|93
|
|t:|1640700354
|move|p1a: Bidoof.|Substitute|p1a: Bidoof.
|-fail|p1a: Bidoof.|move: Substitute
|move|p2a: Arceus|Recover||[still]
|-fail|p2a: Arceus|heal
|
|-heal|p1a: Bidoof.|99/100|[from] item: Leftovers
|-heal|p1a: Bidoof.|100/100|[from] Ingrain
|upkeep
|turn|94
|
|t:|1640700362
|move|p1a: Bidoof.|Substitute|p1a: Bidoof.
|-fail|p1a: Bidoof.|move: Substitute
|move|p2a: Arceus|Recover||[still]
|-fail|p2a: Arceus|heal
|
|upkeep
|turn|95
|
|t:|1640700366
|move|p1a: Bidoof.|Substitute|p1a: Bidoof.
|-fail|p1a: Bidoof.|move: Substitute
|move|p2a: Arceus|Recover||[still]
|-fail|p2a: Arceus|heal
|
|upkeep
|turn|96
|
|t:|1640700374
|move|p1a: Bidoof.|Substitute|p1a: Bidoof.
|-fail|p1a: Bidoof.|move: Substitute
|move|p2a: Arceus|Recover||[still]
|-fail|p2a: Arceus|heal
|
|upkeep
|turn|97
|
|t:|1640700376
|move|p1a: Bidoof.|Shadow Claw|p2a: Arceus
|-immune|p2a: Arceus
|move|p2a: Arceus|Recover||[still]
|-fail|p2a: Arceus|heal
|
|upkeep
|turn|98
|
|t:|1640700379
|move|p2a: Arceus|Extreme Speed|p1a: Bidoof.
|-end|p1a: Bidoof.|Substitute
|move|p1a: Bidoof.|Shadow Claw|p2a: Arceus
|-immune|p2a: Arceus
|
|upkeep
|turn|99
|
|t:|1640700383
|move|p2a: Arceus|Extreme Speed|p1a: Bidoof.
|-damage|p1a: Bidoof.|74/100
|move|p1a: Bidoof.|Substitute|p1a: Bidoof.
|-start|p1a: Bidoof.|Substitute
|-damage|p1a: Bidoof.|49/100
|
|-heal|p1a: Bidoof.|55/100|[from] item: Leftovers
|-heal|p1a: Bidoof.|61/100|[from] Ingrain
|upkeep
|turn|100
|
|t:|1640700392
|move|p2a: Arceus|Extreme Speed|p1a: Bidoof.|[miss]
|-miss|p2a: Arceus|p1a: Bidoof.
|move|p1a: Bidoof.|Substitute|p1a: Bidoof.
|-fail|p1a: Bidoof.|move: Substitute
|
|-heal|p1a: Bidoof.|68/100|[from] item: Leftovers
|-heal|p1a: Bidoof.|74/100|[from] Ingrain
|upkeep
|turn|101
|
|t:|1640700403
|move|p1a: Bidoof.|Extreme Speed|p2a: Arceus|[miss]
|-miss|p1a: Bidoof.|p2a: Arceus
|-activate|p2a: Arceus|move: Struggle
|move|p2a: Arceus|Struggle|p1a: Bidoof.
|-activate|p1a: Bidoof.|move: Substitute|[damage]
|-damage|p2a: Arceus|75/100|[from] recoil
|
|-heal|p1a: Bidoof.|80/100|[from] item: Leftovers
|-heal|p1a: Bidoof.|86/100|[from] Ingrain
|upkeep
|turn|102
|c| pokemasterbrendan|100 ...
|c|☆GranAutismo1|I actually dunno if I can even win
|c| pokemasterbrendan|ya
|
|t:|1640700427
|move|p1a: Bidoof.|Extreme Speed|p2a: Arceus
|-damage|p2a: Arceus|47/100
|-activate|p2a: Arceus|move: Struggle
|move|p2a: Arceus|Struggle|p1a: Bidoof.
|-activate|p1a: Bidoof.|move: Substitute|[damage]
|-damage|p2a: Arceus|22/100|[from] recoil
|
|-heal|p1a: Bidoof.|92/100|[from] item: Leftovers
|-heal|p1a: Bidoof.|98/100|[from] Ingrain
|upkeep
|turn|103
|inactive|GranAutismo1 has 120 seconds left.
|
|t:|1640700457
|move|p1a: Bidoof.|Substitute|p1a: Bidoof.
|-fail|p1a: Bidoof.|move: Substitute
|-activate|p2a: Arceus|move: Struggle
|move|p2a: Arceus|Struggle|p1a: Bidoof.
|-end|p1a: Bidoof.|Substitute
|-damage|p2a: Arceus|0 fnt|[from] recoil
|faint|p2a: Arceus
|
|-heal|p1a: Bidoof.|100/100|[from] item: Leftovers
|upkeep
|c| pokemasterbrendan|just msg me when the match about to end
|c|☆GranAutismo1|welp thats gg
|
|t:|1640700466
|switch|p2a: Ditto|Ditto|100/100
|-transform|p2a: Ditto|p1a: Bidoof.|[from] ability: Imposter
|turn|104
|c|☆GranAutismo1|only way I could win is if that sub wasnt popped
|
|t:|1640700475
|move|p2a: Ditto|Extreme Speed|p1a: Bidoof.
|-damage|p1a: Bidoof.|73/100
|move|p1a: Bidoof.|Extreme Speed|p2a: Ditto|[miss]
|-miss|p1a: Bidoof.|p2a: Ditto
|
|-heal|p1a: Bidoof.|79/100|[from] item: Leftovers
|-heal|p1a: Bidoof.|85/100|[from] Ingrain
|upkeep
|turn|105
|
|t:|1640700485
|move|p2a: Ditto|Extreme Speed|p1a: Bidoof.|[miss]
|-miss|p2a: Ditto|p1a: Bidoof.
|move|p1a: Bidoof.|Extreme Speed|p2a: Ditto|[miss]
|-miss|p1a: Bidoof.|p2a: Ditto
|
|-heal|p1a: Bidoof.|91/100|[from] item: Leftovers
|-heal|p1a: Bidoof.|97/100|[from] Ingrain
|upkeep
|turn|106
|c|☆GranAutismo1|I hope you're happy with yourself ruin
|c| pokemasterbrendan|lol
|c|☆RUiNtheExtinct|very
|inactive|RUiNtheExtinct has 120 seconds left.
|c|☆GranAutismo1|ditto users
|c|☆RUiNtheExtinct|baton pass users
|c|☆GranAutismo1|terrible
|inactive|GranAutismo1 has 90 seconds left.
|c|☆RUiNtheExtinct|disgustinfg
|c| pokemasterbrendan|https://www.youtube.com/watch?v=h7MYJghRWt0&list=RDCMUC8CX0LD98EDXl4UYX1MDCXg&start_radio=1 - just listening to this
|inactive|GranAutismo1 has 60 seconds left.
|c|☆RUiNtheExtinct|seems nice
|inactive|GranAutismo1 has 30 seconds left.
|inactive|GranAutismo1 has 20 seconds left.
|inactive|GranAutismo1 has 15 seconds left.
|inactive|GranAutismo1 has 10 seconds left.
|c| pokemasterbrendan|gggggggggggggggggggggggggggggggggggggggggggggggggggggggggggggggggggggggggggggggggggggggggggggggggggggggggg
|c|☆RUiNtheExtinct|well that was fun
|inactive|GranAutismo1 has 5 seconds left.
|c| pokemasterbrendan|ya
|c|☆RUiNtheExtinct|GG man
|-message|GranAutismo1 lost due to inactivity.
|
|win|RUiNtheExtinct
|raw|GranAutismo1's rating: 1600 &rarr; <strong>1588</strong><br />(-12 for losing)
|raw|RUiNtheExtinct's rating: 1754 &rarr; <strong>1766</strong><br />(+12 for winning)
