|j|‽Pokeashbattle
|j|☆BiggestTaste
|t:|1641394491
|gametype|singles
|player|p1|Pokeashbattle|ethan|1178
|player|p2|BiggestTaste|blue|1131
|teamsize|p1|6
|teamsize|p2|6
|gen|8
|tier|[Gen 8] National Dex AG
|rated|
|rule|HP Percentage Mod: HP is shown in percentages
|rule|Endless Battle Clause: Forcing endless battles is banned
|clearpoke
|poke|p1|Ninjask, M|
|poke|p1|Drifblim, F|
|poke|p1|Hatterene, F|
|poke|p1|Bellossom, M|
|poke|p1|Dubwool, M|
|poke|p1|Weedle, M|
|poke|p2|Electrode|
|poke|p2|Machamp, M|
|poke|p2|Cinderace, M|
|poke|p2|Mew|
|poke|p2|Blastoise, F|
|poke|p2|Calyrex-Shadow|
|teampreview
|inactive|Battle timer is ON: inactive players will automatically lose when time's up. (requested by BiggestTaste)
|inactive|Pokeashbattle also wants the timer to be on.
|
|t:|1641394499
|start
|switch|p1a: Ninjask|Ninjask, M|100/100
|switch|p2a: Electrode|Electrode|100/100
|turn|1
|
|t:|1641394505
|move|p1a: Ninjask|Substitute|p1a: Ninjask
|-start|p1a: Ninjask|Substitute
|-damage|p1a: Ninjask|76/100
|move|p2a: Electrode|Taunt|p1a: Ninjask
|-start|p1a: Ninjask|move: Taunt
|
|-heal|p1a: Ninjask|82/100|[from] item: Leftovers
|-ability|p1a: Ninjask|Speed Boost|boost
|-boost|p1a: Ninjask|spe|1
|upkeep
|turn|2
|
|t:|1641394511
|-activate|p1a: Ninjask|move: Struggle
|move|p1a: Ninjask|Struggle|p2a: Electrode
|-damage|p2a: Electrode|89/100
|-damage|p1a: Ninjask|57/100|[from] recoil
|move|p2a: Electrode|Reflect|p2a: Electrode
|-sidestart|p2: BiggestTaste|Reflect
|
|-heal|p1a: Ninjask|63/100|[from] item: Leftovers
|-ability|p1a: Ninjask|Speed Boost|boost
|-boost|p1a: Ninjask|spe|1
|upkeep
|turn|3
|
|t:|1641394521
|switch|p1a: Hatterene|Hatterene, F|100/100
|move|p2a: Electrode|Light Screen|p2a: Electrode
|-sidestart|p2: BiggestTaste|move: Light Screen
|
|upkeep
|turn|4
|
|t:|1641394528
|move|p2a: Electrode|Explosion|p1a: Hatterene
|-damage|p1a: Hatterene|75/100
|faint|p2a: Electrode
|move|p1a: Hatterene|Substitute|p1a: Hatterene
|-start|p1a: Hatterene|Substitute
|-damage|p1a: Hatterene|50/100
|
|-heal|p1a: Hatterene|56/100|[from] item: Leftovers
|upkeep
|
|t:|1641394539
|switch|p2a: Blastoise|Blastoise, F|100/100
|turn|5
|
|t:|1641394545
|detailschange|p2a: Blastoise|Blastoise-Mega, F
|-mega|p2a: Blastoise|Blastoise|Blastoisinite
|move|p2a: Blastoise|Shell Smash|p2a: Blastoise
|-unboost|p2a: Blastoise|def|1
|-unboost|p2a: Blastoise|spd|1
|-boost|p2a: Blastoise|atk|2
|-boost|p2a: Blastoise|spa|2
|-boost|p2a: Blastoise|spe|2
|move|p1a: Hatterene|Calm Mind|p1a: Hatterene
|-boost|p1a: Hatterene|spa|1
|-boost|p1a: Hatterene|spd|1
|
|-heal|p1a: Hatterene|62/100|[from] item: Leftovers
|upkeep
|turn|6
|
|t:|1641394556
|move|p2a: Blastoise|Surf|p1a: Hatterene
|-end|p1a: Hatterene|Substitute
|move|p1a: Hatterene|Thunder Wave|p2a: Blastoise
|-status|p2a: Blastoise|par
|
|-heal|p1a: Hatterene|68/100|[from] item: Leftovers
|upkeep
|turn|7
|
|t:|1641394563
|move|p2a: Blastoise|Surf|p1a: Hatterene
|-damage|p1a: Hatterene|0 fnt
|faint|p1a: Hatterene
|
|upkeep
|
|t:|1641394571
|switch|p1a: Ninjask|Ninjask, M|63/100
|turn|8
|
|t:|1641394598
|move|p1a: Ninjask|Protect|p1a: Ninjask
|-singleturn|p1a: Ninjask|Protect
|move|p2a: Blastoise|Shell Smash|p2a: Blastoise
|-unboost|p2a: Blastoise|def|1
|-unboost|p2a: Blastoise|spd|1
|-boost|p2a: Blastoise|atk|2
|-boost|p2a: Blastoise|spa|2
|-boost|p2a: Blastoise|spe|2
|
|-heal|p1a: Ninjask|69/100|[from] item: Leftovers
|-ability|p1a: Ninjask|Speed Boost|boost
|-boost|p1a: Ninjask|spe|1
|upkeep
|turn|9
|
|t:|1641394606
|move|p1a: Ninjask|Substitute|p1a: Ninjask
|-start|p1a: Ninjask|Substitute
|-damage|p1a: Ninjask|44/100
|move|p2a: Blastoise|Ice Beam|p1a: Ninjask
|-supereffective|p1a: Ninjask
|-end|p1a: Ninjask|Substitute
|
|-heal|p1a: Ninjask|50/100|[from] item: Leftovers
|-sideend|p2: BiggestTaste|Reflect
|-ability|p1a: Ninjask|Speed Boost|boost
|-boost|p1a: Ninjask|spe|1
|upkeep
|turn|10
|
|t:|1641394613
|move|p1a: Ninjask|Substitute|p1a: Ninjask
|-start|p1a: Ninjask|Substitute
|-damage|p1a: Ninjask|25/100
|cant|p2a: Blastoise|par
|
|-heal|p1a: Ninjask|31/100|[from] item: Leftovers
|-sideend|p2: BiggestTaste|move: Light Screen
|-ability|p1a: Ninjask|Speed Boost|boost
|-boost|p1a: Ninjask|spe|1
|upkeep
|turn|11
|
|t:|1641394620
|move|p1a: Ninjask|Protect|p1a: Ninjask
|-singleturn|p1a: Ninjask|Protect
|move|p2a: Blastoise|Ice Beam|p1a: Ninjask
|-activate|p1a: Ninjask|move: Protect
|
|-heal|p1a: Ninjask|38/100|[from] item: Leftovers
|-ability|p1a: Ninjask|Speed Boost|boost
|-boost|p1a: Ninjask|spe|1
|upkeep
|turn|12
|
|t:|1641394629
|move|p1a: Ninjask|Baton Pass|p1a: Ninjask
|
|t:|1641394632
|switch|p1a: Drifblim|Drifblim, F|100/100|[from]move: Baton Pass
|cant|p2a: Blastoise|par
|
|upkeep
|turn|13
|
|t:|1641394639
|move|p1a: Drifblim|Minimize|p1a: Drifblim
|-boost|p1a: Drifblim|evasion|2
|move|p2a: Blastoise|Ice Beam|p1a: Drifblim
|-supereffective|p1a: Drifblim
|-end|p1a: Drifblim|Substitute
|
|upkeep
|turn|14
|
|t:|1641394646
|move|p1a: Drifblim|Substitute|p1a: Drifblim
|-start|p1a: Drifblim|Substitute
|-damage|p1a: Drifblim|75/100
|cant|p2a: Blastoise|par
|
|upkeep
|turn|15
|
|t:|1641394651
|move|p1a: Drifblim|Minimize|p1a: Drifblim
|-boost|p1a: Drifblim|evasion|2
|move|p2a: Blastoise|Shell Smash|p2a: Blastoise
|-unboost|p2a: Blastoise|def|1
|-unboost|p2a: Blastoise|spd|1
|-boost|p2a: Blastoise|atk|2
|-boost|p2a: Blastoise|spa|2
|-boost|p2a: Blastoise|spe|2
|
|upkeep
|turn|16
|
|t:|1641394660
|move|p1a: Drifblim|Minimize|p1a: Drifblim
|-boost|p1a: Drifblim|evasion|2
|move|p2a: Blastoise|Ice Beam|p1a: Drifblim|[miss]
|-miss|p2a: Blastoise|p1a: Drifblim
|
|upkeep
|turn|17
|l|‽Pokeashbattle
|inactive|Pokeashbattle disconnected and has a minute to reconnect!
|player|p1|
|inactive|Pokeashbattle has 30 seconds to reconnect!
|j|☆Pokeashbattle
|inactive|Pokeashbattle reconnected and has 110 seconds left.
|player|p1|Pokeashbattle|ethan
|n|‽Pokeashbattle|pokeashbattle
|n|‽Pokeashbattle|pokeashbattle
|n|‽Pokeashbattle|pokeashbattle
|n|‽Pokeashbattle|pokeashbattle
|n|‽Pokeashbattle|pokeashbattle
|n|‽Pokeashbattle|pokeashbattle
|n|‽Pokeashbattle|pokeashbattle
|
|t:|1641394706
|move|p1a: Drifblim|Baton Pass|p1a: Drifblim
|
|t:|1641394709
|switch|p1a: Bellossom|Bellossom, M|100/100|[from]move: Baton Pass
|move|p2a: Blastoise|Ice Beam|p1a: Bellossom
|-supereffective|p1a: Bellossom
|-end|p1a: Bellossom|Substitute
|
|upkeep
|turn|18
|
|t:|1641394716
|move|p1a: Bellossom|Substitute|p1a: Bellossom
|-start|p1a: Bellossom|Substitute
|-damage|p1a: Bellossom|76/100
|cant|p2a: Blastoise|par
|
|-heal|p1a: Bellossom|82/100|[from] item: Leftovers
|upkeep
|turn|19
|inactive|Pokeashbattle has 120 seconds left.
|
|t:|1641394722
|move|p1a: Bellossom|Ingrain|p1a: Bellossom
|-start|p1a: Bellossom|move: Ingrain
|move|p2a: Blastoise|Dragon Pulse|p1a: Bellossom|[miss]
|-miss|p2a: Blastoise|p1a: Bellossom
|
|-heal|p1a: Bellossom|88/100|[from] item: Leftovers
|-heal|p1a: Bellossom|94/100|[from] Ingrain
|upkeep
|turn|20
|
|t:|1641394728
|move|p1a: Bellossom|Quiver Dance|p1a: Bellossom
|-boost|p1a: Bellossom|spa|1
|-boost|p1a: Bellossom|spd|1
|-boost|p1a: Bellossom|spe|1
|move|p2a: Blastoise|Dragon Pulse|p1a: Bellossom
|-end|p1a: Bellossom|Substitute
|
|-heal|p1a: Bellossom|100/100|[from] item: Leftovers
|upkeep
|turn|21
|inactive|Pokeashbattle has 120 seconds left.
|
|t:|1641394757
|move|p1a: Bellossom|Substitute|p1a: Bellossom
|-start|p1a: Bellossom|Substitute
|-damage|p1a: Bellossom|76/100
|cant|p2a: Blastoise|par
|
|-heal|p1a: Bellossom|82/100|[from] item: Leftovers
|-heal|p1a: Bellossom|88/100|[from] Ingrain
|upkeep
|turn|22
|
|t:|1641394762
|move|p1a: Bellossom|Quiver Dance|p1a: Bellossom
|-boost|p1a: Bellossom|spa|1
|-boost|p1a: Bellossom|spd|1
|-boost|p1a: Bellossom|spe|1
|move|p2a: Blastoise|Surf|p1a: Bellossom|[miss]
|-miss|p2a: Blastoise|p1a: Bellossom
|
|-heal|p1a: Bellossom|94/100|[from] item: Leftovers
|-heal|p1a: Bellossom|100/100|[from] Ingrain
|upkeep
|turn|23
|
|t:|1641394765
|move|p1a: Bellossom|Quiver Dance|p1a: Bellossom
|-boost|p1a: Bellossom|spa|1
|-boost|p1a: Bellossom|spd|1
|-boost|p1a: Bellossom|spe|0
|move|p2a: Blastoise|Dragon Pulse|p1a: Bellossom|[miss]
|-miss|p2a: Blastoise|p1a: Bellossom
|
|upkeep
|turn|24
|
|t:|1641394767
|move|p1a: Bellossom|Quiver Dance|p1a: Bellossom
|-boost|p1a: Bellossom|spa|1
|-boost|p1a: Bellossom|spd|1
|-boost|p1a: Bellossom|spe|0
|cant|p2a: Blastoise|par
|
|upkeep
|turn|25
|
|t:|1641394771
|move|p1a: Bellossom|Quiver Dance|p1a: Bellossom
|-boost|p1a: Bellossom|spa|1
|-boost|p1a: Bellossom|spd|1
|-boost|p1a: Bellossom|spe|0
|move|p2a: Blastoise|Dragon Pulse|p1a: Bellossom
|-end|p1a: Bellossom|Substitute
|
|upkeep
|turn|26
|
|t:|1641394773
|move|p1a: Bellossom|Quiver Dance|p1a: Bellossom
|-boost|p1a: Bellossom|spa|1
|-boost|p1a: Bellossom|spd|1
|-boost|p1a: Bellossom|spe|0
|move|p2a: Blastoise|Dragon Pulse|p1a: Bellossom
|-damage|p1a: Bellossom|52/100
|
|-heal|p1a: Bellossom|58/100|[from] item: Leftovers
|-heal|p1a: Bellossom|64/100|[from] Ingrain
|upkeep
|turn|27
|
|t:|1641394776
|move|p1a: Bellossom|Substitute|p1a: Bellossom
|-start|p1a: Bellossom|Substitute
|-damage|p1a: Bellossom|39/100
|move|p2a: Blastoise|Ice Beam|p1a: Bellossom|[miss]
|-miss|p2a: Blastoise|p1a: Bellossom
|
|-heal|p1a: Bellossom|46/100|[from] item: Leftovers
|-heal|p1a: Bellossom|52/100|[from] Ingrain
|upkeep
|turn|28
|
|t:|1641394794
|switch|p2a: Machamp|Machamp, M|100/100
|move|p1a: Bellossom|Baton Pass|p1a: Bellossom
|
|t:|1641394799
|switch|p1a: Dubwool|Dubwool, M|100/100|[from]move: Baton Pass
|
|upkeep
|turn|29
|
|t:|1641394804
|move|p1a: Dubwool|Cotton Guard|p1a: Dubwool
|-boost|p1a: Dubwool|def|3
|move|p2a: Machamp|Dynamic Punch|p1a: Dubwool
|-supereffective|p1a: Dubwool
|-activate|p1a: Dubwool|move: Substitute|[damage]
|
|upkeep
|turn|30
|
|t:|1641394810
|move|p1a: Dubwool|Cotton Guard|p1a: Dubwool
|-boost|p1a: Dubwool|def|3
|move|p2a: Machamp|Dynamic Punch|p1a: Dubwool
|-supereffective|p1a: Dubwool
|-end|p1a: Dubwool|Substitute
|
|upkeep
|turn|31
|
|t:|1641394817
|move|p1a: Dubwool|Substitute|p1a: Dubwool
|-start|p1a: Dubwool|Substitute
|-damage|p1a: Dubwool|76/100
|move|p2a: Machamp|Dynamic Punch|p1a: Dubwool
|-supereffective|p1a: Dubwool
|-activate|p1a: Dubwool|move: Substitute|[damage]
|
|-heal|p1a: Dubwool|82/100|[from] item: Leftovers
|-heal|p1a: Dubwool|88/100|[from] Ingrain
|upkeep
|turn|32
|
|t:|1641394828
|move|p1a: Dubwool|Protect|p1a: Dubwool
|-singleturn|p1a: Dubwool|Protect
|move|p2a: Machamp|Knock Off|p1a: Dubwool
|-activate|p1a: Dubwool|move: Protect
|
|-heal|p1a: Dubwool|94/100|[from] item: Leftovers
|-heal|p1a: Dubwool|99/100|[from] Ingrain
|upkeep
|turn|33
|
|t:|1641394831
|move|p1a: Dubwool|Baton Pass|p1a: Dubwool
|
|t:|1641394833
|switch|p1a: Ninjask|Ninjask, M|38/100|[from]move: Baton Pass
|move|p2a: Machamp|Heavy Slam|p1a: Ninjask
|-end|p1a: Ninjask|Substitute
|
|-heal|p1a: Ninjask|44/100|[from] item: Leftovers
|-heal|p1a: Ninjask|50/100|[from] Ingrain
|upkeep
|turn|34
|
|t:|1641394841
|move|p1a: Ninjask|Protect|p1a: Ninjask
|-singleturn|p1a: Ninjask|Protect
|move|p2a: Machamp|Heavy Slam|p1a: Ninjask
|-activate|p1a: Ninjask|move: Protect
|
|-heal|p1a: Ninjask|56/100|[from] item: Leftovers
|-heal|p1a: Ninjask|62/100|[from] Ingrain
|upkeep
|turn|35
|
|t:|1641394847
|move|p1a: Ninjask|Substitute|p1a: Ninjask
|-start|p1a: Ninjask|Substitute
|-damage|p1a: Ninjask|37/100
|move|p2a: Machamp|Heavy Slam|p1a: Ninjask
|-activate|p1a: Ninjask|move: Substitute|[damage]
|
|-heal|p1a: Ninjask|43/100|[from] item: Leftovers
|-heal|p1a: Ninjask|50/100|[from] Ingrain
|upkeep
|turn|36
|
|t:|1641394856
|move|p1a: Ninjask|Swords Dance|p1a: Ninjask
|-boost|p1a: Ninjask|atk|2
|move|p2a: Machamp|Heavy Slam|p1a: Ninjask
|-end|p1a: Ninjask|Substitute
|
|-heal|p1a: Ninjask|56/100|[from] item: Leftovers
|-heal|p1a: Ninjask|62/100|[from] Ingrain
|upkeep
|turn|37
|
|t:|1641394863
|move|p1a: Ninjask|Protect|p1a: Ninjask
|-singleturn|p1a: Ninjask|Protect
|move|p2a: Machamp|Heavy Slam|p1a: Ninjask
|-activate|p1a: Ninjask|move: Protect
|
|-heal|p1a: Ninjask|68/100|[from] item: Leftovers
|-heal|p1a: Ninjask|74/100|[from] Ingrain
|upkeep
|turn|38
|
|t:|1641394888
|move|p1a: Ninjask|Substitute|p1a: Ninjask
|-start|p1a: Ninjask|Substitute
|-damage|p1a: Ninjask|49/100
|move|p2a: Machamp|Heavy Slam|p1a: Ninjask
|-activate|p1a: Ninjask|move: Substitute|[damage]
|
|-heal|p1a: Ninjask|55/100|[from] item: Leftovers
|-heal|p1a: Ninjask|62/100|[from] Ingrain
|upkeep
|turn|39
|
|t:|1641394898
|move|p1a: Ninjask|Swords Dance|p1a: Ninjask
|-boost|p1a: Ninjask|atk|2
|move|p2a: Machamp|Heavy Slam|p1a: Ninjask
|-end|p1a: Ninjask|Substitute
|
|-heal|p1a: Ninjask|68/100|[from] item: Leftovers
|-heal|p1a: Ninjask|74/100|[from] Ingrain
|upkeep
|turn|40
|
|t:|1641394905
|move|p1a: Ninjask|Protect|p1a: Ninjask
|-singleturn|p1a: Ninjask|Protect
|move|p2a: Machamp|Heavy Slam|p1a: Ninjask
|-activate|p1a: Ninjask|move: Protect
|
|-heal|p1a: Ninjask|80/100|[from] item: Leftovers
|-heal|p1a: Ninjask|86/100|[from] Ingrain
|upkeep
|turn|41
|
|t:|1641394925
|move|p1a: Ninjask|Swords Dance|p1a: Ninjask
|-boost|p1a: Ninjask|atk|2
|move|p2a: Machamp|Heavy Slam|p1a: Ninjask
|-damage|p1a: Ninjask|63/100
|
|-heal|p1a: Ninjask|69/100|[from] item: Leftovers
|-heal|p1a: Ninjask|75/100|[from] Ingrain
|upkeep
|turn|42
|
|t:|1641394931
|move|p1a: Ninjask|Substitute|p1a: Ninjask
|-start|p1a: Ninjask|Substitute
|-damage|p1a: Ninjask|50/100
|move|p2a: Machamp|Heavy Slam|p1a: Ninjask
|-activate|p1a: Ninjask|move: Substitute|[damage]
|
|-heal|p1a: Ninjask|57/100|[from] item: Leftovers
|-heal|p1a: Ninjask|63/100|[from] Ingrain
|upkeep
|turn|43
|
|t:|1641394936
|move|p1a: Ninjask|Protect|p1a: Ninjask
|-singleturn|p1a: Ninjask|Protect
|move|p2a: Machamp|Knock Off|p1a: Ninjask
|-activate|p1a: Ninjask|move: Protect
|
|-heal|p1a: Ninjask|69/100|[from] item: Leftovers
|-heal|p1a: Ninjask|75/100|[from] Ingrain
|upkeep
|turn|44
|inactive|Pokeashbattle has 120 seconds left.
|inactive|Pokeashbattle has 90 seconds left.
|
|t:|1641395011
|switch|p2a: Cinderace|Cinderace, M|100/100
|move|p1a: Ninjask|Swords Dance|p1a: Ninjask
|-boost|p1a: Ninjask|atk|0
|
|-heal|p1a: Ninjask|81/100|[from] item: Leftovers
|-heal|p1a: Ninjask|87/100|[from] Ingrain
|upkeep
|turn|45
|
|t:|1641395018
|move|p2a: Cinderace|Sucker Punch||[still]
|-fail|p2a: Cinderace
|move|p1a: Ninjask|Baton Pass|p1a: Ninjask
|
|t:|1641395023
|switch|p1a: Weedle|Weedle, M|100/100|[from]move: Baton Pass
|
|upkeep
|turn|46
|
|t:|1641395031
|move|p1a: Weedle|String Shot|p2a: Cinderace
|-unboost|p2a: Cinderace|spe|2
|move|p2a: Cinderace|Pyro Ball|p1a: Weedle|[miss]
|-miss|p2a: Cinderace|p1a: Weedle
|
|upkeep
|turn|47
|
|t:|1641395040
|switch|p2a: Machamp|Machamp, M|100/100
|move|p1a: Weedle|Electroweb|p2a: Machamp
|-damage|p2a: Machamp|85/100
|-unboost|p2a: Machamp|spe|1
|-damage|p1a: Weedle|91/100|[from] item: Life Orb
|
|-heal|p1a: Weedle|96/100|[from] Ingrain
|upkeep
|turn|48
|
|t:|1641395049
|move|p1a: Weedle|Bug Bite|p2a: Machamp
|-resisted|p2a: Machamp
|-damage|p2a: Machamp|36/100
|-damage|p1a: Weedle|86/100|[from] item: Life Orb
|move|p2a: Machamp|Heavy Slam|p1a: Weedle
|-end|p1a: Weedle|Substitute
|
|-heal|p1a: Weedle|92/100|[from] Ingrain
|upkeep
|turn|49
|
|t:|1641395057
|move|p1a: Weedle|Bug Bite|p2a: Machamp
|-resisted|p2a: Machamp
|-crit|p2a: Machamp
|-damage|p2a: Machamp|0 fnt
|faint|p2a: Machamp
|-damage|p1a: Weedle|82/100|[from] item: Life Orb
|
|-heal|p1a: Weedle|88/100|[from] Ingrain
|upkeep
|
|t:|1641395061
|switch|p2a: Calyrex|Calyrex-Shadow|100/100
|-ability|p2a: Calyrex|As One
|-ability|p2a: Calyrex|Unnerve
|turn|50
|inactive|Pokeashbattle has 120 seconds left.
|
|t:|1641395083
|-start|p1a: Weedle|Dynamax
|-heal|p1a: Weedle|88/100|[silent]
|-start|p2a: Calyrex|Dynamax
|-heal|p2a: Calyrex|100/100|[silent]
|move|p1a: Weedle|Max Flutterby|p2a: Calyrex
|-damage|p2a: Calyrex|15/100
|-unboost|p2a: Calyrex|spa|1
|-damage|p1a: Weedle|83/100|[from] item: Life Orb
|move|p2a: Calyrex|Max Phantasm|p1a: Weedle
|-damage|p1a: Weedle|47/100
|-unboost|p1a: Weedle|def|1
|
|-heal|p1a: Weedle|50/100|[from] Ingrain
|upkeep
|turn|51
|
|t:|1641395100
|move|p1a: Weedle|Max Flutterby|p2a: Calyrex
|-damage|p2a: Calyrex|0 fnt
|faint|p2a: Calyrex
|-damage|p1a: Weedle|45/100|[from] item: Life Orb
|
|-heal|p1a: Weedle|48/100|[from] Ingrain
|upkeep
|
|t:|1641395106
|switch|p2a: Cinderace|Cinderace, M|100/100
|turn|52
|
|t:|1641395115
|move|p1a: Weedle|Max Flutterby|p2a: Cinderace
|-resisted|p2a: Cinderace
|-damage|p2a: Cinderace|0 fnt
|faint|p2a: Cinderace
|-damage|p1a: Weedle|43/100|[from] item: Life Orb
|
|-heal|p1a: Weedle|46/100|[from] Ingrain
|-end|p1a: Weedle|Dynamax
|-heal|p1a: Weedle|46/100|[silent]
|upkeep
|
|t:|1641395119
|switch|p2a: Blastoise|Blastoise-Mega, F|100/100 par
|turn|53
|inactive|Pokeashbattle has 120 seconds left.
|
|t:|1641395143
|move|p1a: Weedle|Bug Bite|p2a: Blastoise
|-damage|p2a: Blastoise|21/100 par
|-damage|p1a: Weedle|36/100|[from] item: Life Orb
|move|p2a: Blastoise|Shell Smash|p2a: Blastoise
|-unboost|p2a: Blastoise|def|1
|-unboost|p2a: Blastoise|spd|1
|-boost|p2a: Blastoise|atk|2
|-boost|p2a: Blastoise|spa|2
|-boost|p2a: Blastoise|spe|2
|
|-heal|p1a: Weedle|42/100|[from] Ingrain
|upkeep
|turn|54
|
|t:|1641395153
|move|p1a: Weedle|Electroweb|p2a: Blastoise
|-supereffective|p2a: Blastoise
|-damage|p2a: Blastoise|0 fnt
|faint|p2a: Blastoise
|-damage|p1a: Weedle|32/100|[from] item: Life Orb
|
|-heal|p1a: Weedle|38/100|[from] Ingrain
|upkeep
|
|t:|1641395155
|switch|p2a: Mew|Mew|100/100
|turn|55
|inactive|Pokeashbattle has 120 seconds left.
|
|t:|1641395164
|move|p1a: Weedle|Bug Bite|p2a: Mew
|-supereffective|p2a: Mew
|-damage|p2a: Mew|0 fnt
|faint|p2a: Mew
|-damage|p1a: Weedle|28/100|[from] item: Life Orb
|
|win|Pokeashbattle
|raw|Pokeashbattle's rating: 1178 &rarr; <strong>1200</strong><br />(+22 for winning)
|raw|BiggestTaste's rating: 1131 &rarr; <strong>1109</strong><br />(-22 for losing)
|l|☆BiggestTaste
||Ladder isn't responding, score probably updated but might not have (Request timeout).
