|j|☆Chemist90
|j|☆bomerman160
|t:|1643046675
|gametype|singles
|player|p1|Chemist90|lucas|1167
|player|p2|bomerman160|265|1245
|teamsize|p1|6
|teamsize|p2|6
|gen|8
|tier|[Gen 8] National Dex AG
|rated|
|rule|HP Percentage Mod: HP is shown in percentages
|rule|Endless Battle Clause: Forcing endless battles is banned
|clearpoke
|poke|p1|Jirachi|
|poke|p1|Cottonee, L1, M|
|poke|p1|Vivillon-Pokeball, M|
|poke|p1|Ferrothorn, M|
|poke|p1|Quagsire, M|
|poke|p1|Kangaskhan, F|
|poke|p2|Landorus-Therian, M|
|poke|p2|Ferrothorn, F|
|poke|p2|Seismitoad, F|
|poke|p2|Clefable, M|
|poke|p2|Blastoise, M|
|poke|p2|Regieleki|
|teampreview
|inactive|Battle timer is ON: inactive players will automatically lose when time's up. (requested by bomerman160)
|
|t:|1643046719
|start
|switch|p1a: Entry thorns|Ferrothorn, M|100/100
|switch|p2a: Landorus|Landorus-Therian, M|100/100
|-ability|p2a: Landorus|Intimidate|boost
|-unboost|p1a: Entry thorns|atk|1
|turn|1
|
|t:|1643046737
|move|p2a: Landorus|Stealth Rock|p1a: Entry thorns
|-sidestart|p1: Chemist90|move: Stealth Rock
|move|p1a: Entry thorns|Stealth Rock|p2a: Landorus
|-sidestart|p2: bomerman160|move: Stealth Rock
|
|upkeep
|turn|2
|
|t:|1643046748
|switch|p2a: Ferrothorn|Ferrothorn, F|100/100
|-damage|p2a: Ferrothorn|95/100|[from] Stealth Rock
|move|p1a: Entry thorns|Leech Seed|p2a: Ferrothorn
|-immune|p2a: Ferrothorn
|
|upkeep
|turn|3
|
|t:|1643046763
|switch|p1a: Mother of family|Kangaskhan, F|100/100
|-damage|p1a: Mother of family|88/100|[from] Stealth Rock
|move|p2a: Ferrothorn|Spikes|p1a: Mother of family
|-sidestart|p1: Chemist90|Spikes
|
|upkeep
|turn|4
|
|t:|1643046779
|detailschange|p1a: Mother of family|Kangaskhan-Mega, F
|-mega|p1a: Mother of family|Kangaskhan|Kangaskhanite
|move|p1a: Mother of family|Seismic Toss|p2a: Ferrothorn
|-damage|p2a: Ferrothorn|66/100
|-damage|p1a: Mother of family|76/100|[from] ability: Iron Barbs|[of] p2a: Ferrothorn
|-damage|p1a: Mother of family|59/100|[from] item: Rocky Helmet|[of] p2a: Ferrothorn
|-damage|p2a: Ferrothorn|38/100
|-damage|p1a: Mother of family|47/100|[from] ability: Iron Barbs|[of] p2a: Ferrothorn
|-damage|p1a: Mother of family|30/100|[from] item: Rocky Helmet|[of] p2a: Ferrothorn
|-hitcount|p2a: Ferrothorn|2
|move|p2a: Ferrothorn|Knock Off|p1a: Mother of family
|-damage|p1a: Mother of family|18/100
|
|upkeep
|turn|5
|
|t:|1643046802
|move|p1a: Mother of family|Seismic Toss|p2a: Ferrothorn
|-damage|p2a: Ferrothorn|9/100
|-damage|p1a: Mother of family|5/100|[from] ability: Iron Barbs|[of] p2a: Ferrothorn
|-damage|p1a: Mother of family|0 fnt|[from] item: Rocky Helmet|[of] p2a: Ferrothorn
|faint|p1a: Mother of family
|-hitcount|p2a: Ferrothorn|1
|move|p2a: Ferrothorn|Spikes|p1: Mother of family
|-sidestart|p1: Chemist90|Spikes
|
|upkeep
|
|t:|1643046814
|switch|p1a: Another butterfly|Vivillon-Pokeball, M|100/100
|turn|6
|
|t:|1643046823
|switch|p2a: Blastoise|Blastoise, M|100/100
|-damage|p2a: Blastoise|88/100|[from] Stealth Rock
|move|p1a: Another butterfly|Quiver Dance|p1a: Another butterfly
|-boost|p1a: Another butterfly|spa|1
|-boost|p1a: Another butterfly|spd|1
|-boost|p1a: Another butterfly|spe|1
|
|upkeep
|turn|7
|
|t:|1643046835
|detailschange|p2a: Blastoise|Blastoise-Mega, M
|-mega|p2a: Blastoise|Blastoise|Blastoisinite
|move|p1a: Another butterfly|Sleep Powder|p2a: Blastoise
|-status|p2a: Blastoise|slp|[from] move: Sleep Powder
|cant|p2a: Blastoise|slp
|
|upkeep
|turn|8
|
|t:|1643046843
|move|p1a: Another butterfly|Quiver Dance|p1a: Another butterfly
|-boost|p1a: Another butterfly|spa|1
|-boost|p1a: Another butterfly|spd|1
|-boost|p1a: Another butterfly|spe|1
|cant|p2a: Blastoise|slp
|
|upkeep
|turn|9
|
|t:|1643046851
|move|p1a: Another butterfly|Energy Ball|p2a: Blastoise
|-supereffective|p2a: Blastoise
|-damage|p2a: Blastoise|0 fnt
|faint|p2a: Blastoise
|
|upkeep
|
|t:|1643046861
|switch|p2a: Landorus|Landorus-Therian, M|100/100
|-damage|p2a: Landorus|88/100|[from] Stealth Rock
|-ability|p2a: Landorus|Intimidate|boost
|-unboost|p1a: Another butterfly|atk|1
|turn|10
|inactive|Chemist90 has 120 seconds left.
|
|t:|1643046893
|move|p1a: Another butterfly|Sleep Powder|p2a: Landorus
|-status|p2a: Landorus|slp|[from] move: Sleep Powder
|cant|p2a: Landorus|slp
|
|upkeep
|turn|11
|
|t:|1643046909
|move|p1a: Another butterfly|Quiver Dance|p1a: Another butterfly
|-boost|p1a: Another butterfly|spa|1
|-boost|p1a: Another butterfly|spd|1
|-boost|p1a: Another butterfly|spe|1
|cant|p2a: Landorus|slp
|
|upkeep
|turn|12
|
|t:|1643046918
|move|p1a: Another butterfly|Hurricane|p2a: Landorus
|-damage|p2a: Landorus|0 fnt
|faint|p2a: Landorus
|
|upkeep
|
|t:|1643046935
|switch|p2a: Regieleki|Regieleki|100/100
|-damage|p2a: Regieleki|88/100|[from] Stealth Rock
|turn|13
|
|t:|1643046944
|move|p1a: Another butterfly|Sleep Powder|p2a: Regieleki
|-status|p2a: Regieleki|slp|[from] move: Sleep Powder
|cant|p2a: Regieleki|slp
|
|upkeep
|turn|14
|
|t:|1643046950
|move|p1a: Another butterfly|Quiver Dance|p1a: Another butterfly
|-boost|p1a: Another butterfly|spa|1
|-boost|p1a: Another butterfly|spd|1
|-boost|p1a: Another butterfly|spe|1
|-curestatus|p2a: Regieleki|slp|[msg]
|move|p2a: Regieleki|Volt Switch|p1a: Another butterfly
|-supereffective|p1a: Another butterfly
|-damage|p1a: Another butterfly|45/100
|
|t:|1643046963
|switch|p2a: Ferrothorn|Ferrothorn, F|9/100|[from]move: Volt Switch
|-damage|p2a: Ferrothorn|3/100|[from] Stealth Rock
|
|upkeep
|turn|15
|
|t:|1643046972
|move|p1a: Another butterfly|Energy Ball|p2a: Ferrothorn
|-resisted|p2a: Ferrothorn
|-damage|p2a: Ferrothorn|0 fnt
|faint|p2a: Ferrothorn
|
|upkeep
|
|t:|1643046979
|switch|p2a: Regieleki|Regieleki|88/100
|-damage|p2a: Regieleki|76/100|[from] Stealth Rock
|turn|16
|
|t:|1643046990
|-start|p1a: Another butterfly|Dynamax
|-heal|p1a: Another butterfly|45/100|[silent]
|move|p1a: Another butterfly|Max Overgrowth|p2a: Regieleki
|-damage|p2a: Regieleki|0 fnt
|-fieldstart|move: Grassy Terrain
|faint|p2a: Regieleki
|
|upkeep
|-message|bomerman160 forfeited.
|
|win|Chemist90
|raw|Chemist90's rating: 1167 &rarr; <strong>1198</strong><br />(+31 for winning)
|raw|bomerman160's rating: 1245 &rarr; <strong>1214</strong><br />(-31 for losing)
|l|☆bomerman160
||Ladder isn't responding, score probably updated but might not have (Request timeout).
