|j|☆rowletroost
|j|☆Horseradisk
|t:|1636252837
|gametype|singles
|player|p1|rowletroost|wallace|1641
|player|p2|Horseradisk|87|1798
|teamsize|p1|6
|teamsize|p2|6
|gen|8
|tier|[Gen 8] National Dex AG
|rated|
|rule|HP Percentage Mod: HP is shown in percentages
|rule|Endless Battle Clause: Forcing endless battles is banned
|clearpoke
|poke|p1|Arceus-*|
|poke|p1|Xerneas-*|
|poke|p1|Kyogre|
|poke|p1|Marshadow|
|poke|p1|Ribombee, F|
|poke|p1|Vivillon-Savanna, M|
|poke|p2|Groudon|
|poke|p2|Necrozma-Dusk-Mane|
|poke|p2|Yveltal|
|poke|p2|Rayquaza|
|poke|p2|Yveltal|
|poke|p2|Zacian-*|
|teampreview
|inactive|Battle timer is ON: inactive players will automatically lose when time's up. (requested by rowletroost)
|
|t:|1636252845
|start
|switch|p1a: Arceus|Arceus-Ground|100/100
|switch|p2a: Rayquaza|Rayquaza|100/100
|-ability|p2a: Rayquaza|Air Lock
|turn|1
|
|t:|1636252849
|switch|p2a: Yveltal|Yveltal|100/100
|-ability|p2a: Yveltal|Dark Aura
|move|p1a: Arceus|Ice Beam|p2a: Yveltal
|-supereffective|p2a: Yveltal
|-damage|p2a: Yveltal|72/100
|
|upkeep
|turn|2
|
|t:|1636252854
|switch|p1a: Kyogre|Kyogre, shiny|100/100
|detailschange|p1a: Kyogre|Kyogre-Primal, shiny
|-primal|p1a: Kyogre
|-weather|PrimordialSea|[from] ability: Primordial Sea|[of] p1a: Kyogre
|move|p2a: Yveltal|Toxic|p1a: Kyogre
|-status|p1a: Kyogre|tox
|
|-weather|PrimordialSea|[upkeep]
|-damage|p1a: Kyogre|94/100 tox|[from] psn
|upkeep
|turn|3
|
|t:|1636252861
|move|p2a: Yveltal|Snarl|p1a: Kyogre
|-damage|p1a: Kyogre|75/100 tox
|-unboost|p1a: Kyogre|spa|1
|move|p1a: Kyogre|Ice Beam|p2a: Yveltal
|-supereffective|p2a: Yveltal
|-damage|p2a: Yveltal|42/100
|
|-weather|PrimordialSea|[upkeep]
|-damage|p1a: Kyogre|63/100 tox|[from] psn
|upkeep
|turn|4
|
|t:|1636252865
|-weather|none
|switch|p1a: Ribombee|Ribombee, F, shiny|100/100
|move|p2a: Yveltal|Roost|p2a: Yveltal
|-heal|p2a: Yveltal|92/100
|-singleturn|p2a: Yveltal|move: Roost
|
|upkeep
|turn|5
|
|t:|1636252870
|move|p1a: Ribombee|Sticky Web|p2a: Yveltal
|-sidestart|p2: Horseradisk|move: Sticky Web
|move|p2a: Yveltal|Toxic|p1a: Ribombee
|-status|p1a: Ribombee|tox
|
|-damage|p1a: Ribombee|94/100 tox|[from] psn
|upkeep
|turn|6
|
|t:|1636252876
|move|p1a: Ribombee|Aromatherapy|p1a: Ribombee
|-activate|p1a: Ribombee|move: Aromatherapy
|-curestatus|p1a: Ribombee|tox|[msg]
|-curestatus|p1: Kyogre|tox|[msg]
|move|p2a: Yveltal|Defog|p1a: Ribombee
|-unboost|p1a: Ribombee|evasion|1
|-sideend|p2: Horseradisk|Sticky Web|[from] move: Defog|[of] p2a: Yveltal
|
|upkeep
|turn|7
|
|t:|1636252883
|switch|p2a: Zacian|Zacian-Crowned|100/100
|-ability|p2a: Zacian|Intrepid Sword|boost
|-boost|p2a: Zacian|atk|1
|move|p1a: Ribombee|Sticky Web|p2a: Zacian
|-sidestart|p2: Horseradisk|move: Sticky Web
|
|upkeep
|turn|8
|
|t:|1636252891
|switch|p1a: Arceus|Arceus-Ground|100/100
|move|p2a: Zacian|Behemoth Blade|p1a: Arceus
|-damage|p1a: Arceus|54/100
|
|upkeep
|turn|9
|j| iWatchU⊙_⊙
|
|t:|1636252895
|switch|p2a: Yveltal|Yveltal|92/100
|-ability|p2a: Yveltal|Dark Aura
|move|p1a: Arceus|Judgment|p2a: Yveltal
|-immune|p2a: Yveltal
|
|upkeep
|turn|10
|
|t:|1636252899
|switch|p1a: Vivillon|Vivillon-Savanna, M|100/100
|move|p2a: Yveltal|Defog|p1a: Vivillon
|-unboost|p1a: Vivillon|evasion|1
|-sideend|p2: Horseradisk|Sticky Web|[from] move: Defog|[of] p2a: Yveltal
|
|upkeep
|turn|11
|
|t:|1636252904
|switch|p2a: Rayquaza|Rayquaza|100/100
|-ability|p2a: Rayquaza|Air Lock
|move|p1a: Vivillon|Sleep Powder|p2a: Rayquaza
|-status|p2a: Rayquaza|slp|[from] move: Sleep Powder
|-enditem|p2a: Rayquaza|Lum Berry|[eat]
|-curestatus|p2a: Rayquaza|slp|[msg]
|
|upkeep
|turn|12
|inactive|rowletroost has 120 seconds left.
|
|t:|1636252957
|switch|p1a: Kyogre|Kyogre-Primal, shiny|63/100
|-weather|PrimordialSea|[from] ability: Primordial Sea|[of] p1a: Kyogre
|detailschange|p2a: Rayquaza|Rayquaza-Mega
|-mega|p2a: Rayquaza|Rayquaza|
|-weather|DeltaStream|[from] ability: Delta Stream|[of] p2a: Rayquaza
|move|p2a: Rayquaza|Dragon Ascent|p1a: Kyogre
|-damage|p1a: Kyogre|0 fnt
|-unboost|p2a: Rayquaza|def|1
|-unboost|p2a: Rayquaza|spd|1
|faint|p1a: Kyogre
|
|-weather|DeltaStream|[upkeep]
|upkeep
|
|t:|1636252965
|switch|p1a: Arceus|Arceus-Ground|54/100
|turn|13
|
|t:|1636252977
|-weather|none
|switch|p2a: Yveltal|Yveltal|92/100
|-ability|p2a: Yveltal|Dark Aura
|move|p1a: Arceus|Ice Beam|p2a: Yveltal
|-supereffective|p2a: Yveltal
|-damage|p2a: Yveltal|68/100
|
|upkeep
|turn|14
|
|t:|1636252991
|move|p1a: Arceus|Recover|p1a: Arceus
|-heal|p1a: Arceus|100/100
|move|p2a: Yveltal|Toxic|p1a: Arceus
|-status|p1a: Arceus|tox
|
|-damage|p1a: Arceus|94/100 tox|[from] psn
|upkeep
|turn|15
|
|t:|1636252998
|switch|p1a: Ribombee|Ribombee, F, shiny|94/100
|move|p2a: Yveltal|Snarl|p1a: Ribombee
|-resisted|p1a: Ribombee
|-damage|p1a: Ribombee|68/100
|-unboost|p1a: Ribombee|spa|1
|
|upkeep
|turn|16
|
|t:|1636253006
|switch|p2a: Rayquaza|Rayquaza-Mega|100/100
|-weather|DeltaStream|[from] ability: Delta Stream|[of] p2a: Rayquaza
|move|p1a: Ribombee|Sticky Web|p2a: Rayquaza
|-sidestart|p2: Horseradisk|move: Sticky Web
|
|-weather|DeltaStream|[upkeep]
|upkeep
|turn|17
|
|t:|1636253016
|switch|p1a: Marshadow|Marshadow|100/100
|move|p2a: Rayquaza|Dragon Ascent|p1a: Marshadow
|-supereffective|p1a: Marshadow
|-enditem|p1a: Marshadow|Focus Sash
|-damage|p1a: Marshadow|1/100
|-unboost|p2a: Rayquaza|def|1
|-unboost|p2a: Rayquaza|spd|1
|
|-weather|DeltaStream|[upkeep]
|upkeep
|turn|18
|
|t:|1636253043
|-weather|none
|switch|p2a: Necrozma|Necrozma-Dusk-Mane|100/100
|-activate|p2a: Necrozma|move: Sticky Web
|-unboost|p2a: Necrozma|spe|1
|move|p1a: Marshadow|Spectral Thief|p2a: Necrozma
|-supereffective|p2a: Necrozma
|-damage|p2a: Necrozma|61/100
|-damage|p1a: Marshadow|0 fnt|[from] item: Rocky Helmet|[of] p2a: Necrozma
|faint|p1a: Marshadow
|
|upkeep
|
|t:|1636253046
|switch|p1a: Vivillon|Vivillon-Savanna, M|100/100
|turn|19
|
|t:|1636253056
|move|p1a: Vivillon|Sleep Powder|p2a: Necrozma
|-status|p2a: Necrozma|slp|[from] move: Sleep Powder
|cant|p2a: Necrozma|slp
|
|upkeep
|turn|20
|
|t:|1636253058
|switch|p2a: Rayquaza|Rayquaza-Mega|100/100
|-weather|DeltaStream|[from] ability: Delta Stream|[of] p2a: Rayquaza
|move|p1a: Vivillon|Substitute|p1a: Vivillon
|-start|p1a: Vivillon|Substitute
|-damage|p1a: Vivillon|76/100
|
|-weather|DeltaStream|[upkeep]
|-heal|p1a: Vivillon|82/100|[from] item: Leftovers
|upkeep
|turn|21
|
|t:|1636253063
|move|p2a: Rayquaza|Dragon Ascent|p1a: Vivillon
|-supereffective|p1a: Vivillon
|-end|p1a: Vivillon|Substitute
|-unboost|p2a: Rayquaza|def|1
|-unboost|p2a: Rayquaza|spd|1
|move|p1a: Vivillon|Sleep Powder|p2a: Rayquaza
|-status|p2a: Rayquaza|slp|[from] move: Sleep Powder
|
|-weather|DeltaStream|[upkeep]
|-heal|p1a: Vivillon|88/100|[from] item: Leftovers
|upkeep
|turn|22
|
|t:|1636253067
|cant|p2a: Rayquaza|slp
|move|p1a: Vivillon|Hurricane|p2a: Rayquaza
|-damage|p2a: Rayquaza|40/100 slp
|
|-weather|DeltaStream|[upkeep]
|-heal|p1a: Vivillon|94/100|[from] item: Leftovers
|upkeep
|turn|23
|
|t:|1636253082
|switch|p1a: Arceus|Arceus-Ground|94/100 tox
|cant|p2a: Rayquaza|slp
|
|-weather|DeltaStream|[upkeep]
|-damage|p1a: Arceus|88/100 tox|[from] psn
|upkeep
|turn|24
|
|t:|1636253092
|-weather|none
|switch|p2a: Yveltal|Yveltal|68/100
|-ability|p2a: Yveltal|Dark Aura
|move|p1a: Arceus|Ice Beam|p2a: Yveltal
|-supereffective|p2a: Yveltal
|-damage|p2a: Yveltal|41/100
|
|-damage|p1a: Arceus|76/100 tox|[from] psn
|upkeep
|turn|25
|
|t:|1636253097
|switch|p1a: Ribombee|Ribombee, F, shiny|68/100
|move|p2a: Yveltal|Roost|p2a: Yveltal
|-heal|p2a: Yveltal|91/100
|-singleturn|p2a: Yveltal|move: Roost
|
|upkeep
|turn|26
|
|t:|1636253100
|move|p1a: Ribombee|Moonblast|p2a: Yveltal
|-supereffective|p2a: Yveltal
|-damage|p2a: Yveltal|50/100
|move|p2a: Yveltal|Defog|p1a: Ribombee
|-unboost|p1a: Ribombee|evasion|1
|-sideend|p2: Horseradisk|Sticky Web|[from] move: Defog|[of] p2a: Yveltal
|
|upkeep
|turn|27
|
|t:|1636253106
|move|p1a: Ribombee|Sticky Web|p2a: Yveltal
|-sidestart|p2: Horseradisk|move: Sticky Web
|move|p2a: Yveltal|Roost|p2a: Yveltal
|-heal|p2a: Yveltal|99/100
|-singleturn|p2a: Yveltal|move: Roost
|
|upkeep
|turn|28
|
|t:|1636253115
|move|p1a: Ribombee|Moonblast|p2a: Yveltal
|-supereffective|p2a: Yveltal
|-damage|p2a: Yveltal|54/100
|-unboost|p2a: Yveltal|spa|1
|move|p2a: Yveltal|Defog|p1a: Ribombee
|-unboost|p1a: Ribombee|evasion|1
|-sideend|p2: Horseradisk|Sticky Web|[from] move: Defog|[of] p2a: Yveltal
|
|upkeep
|turn|29
|
|t:|1636253122
|move|p1a: Ribombee|Moonblast|p2a: Yveltal
|-supereffective|p2a: Yveltal
|-damage|p2a: Yveltal|13/100
|move|p2a: Yveltal|Toxic|p1a: Ribombee
|-status|p1a: Ribombee|tox
|
|-damage|p1a: Ribombee|62/100 tox|[from] psn
|upkeep
|turn|30
|
|t:|1636253127
|move|p1a: Ribombee|Aromatherapy|p1a: Ribombee
|-activate|p1a: Ribombee|move: Aromatherapy
|-curestatus|p1a: Ribombee|tox|[msg]
|-curestatus|p1: Arceus|tox|[msg]
|move|p2a: Yveltal|Roost|p2a: Yveltal
|-heal|p2a: Yveltal|63/100
|-singleturn|p2a: Yveltal|move: Roost
|
|upkeep
|turn|31
|
|t:|1636253131
|move|p1a: Ribombee|Sticky Web|p2a: Yveltal
|-sidestart|p2: Horseradisk|move: Sticky Web
|move|p2a: Yveltal|Roost|p2a: Yveltal
|-heal|p2a: Yveltal|100/100
|-singleturn|p2a: Yveltal|move: Roost
|
|upkeep
|turn|32
|
|t:|1636253137
|move|p1a: Ribombee|Moonblast|p2a: Yveltal
|-supereffective|p2a: Yveltal
|-damage|p2a: Yveltal|53/100
|-unboost|p2a: Yveltal|spa|1
|move|p2a: Yveltal|Toxic|p1a: Ribombee
|-status|p1a: Ribombee|tox
|
|-damage|p1a: Ribombee|56/100 tox|[from] psn
|upkeep
|turn|33
|
|t:|1636253147
|switch|p1a: Vivillon|Vivillon-Savanna, M|94/100
|move|p2a: Yveltal|Roost|p2a: Yveltal
|-heal|p2a: Yveltal|100/100
|-singleturn|p2a: Yveltal|move: Roost
|
|-heal|p1a: Vivillon|99/100|[from] item: Leftovers
|upkeep
|turn|34
|
|t:|1636253151
|move|p1a: Vivillon|Sleep Powder|p2a: Yveltal
|-status|p2a: Yveltal|slp|[from] move: Sleep Powder
|cant|p2a: Yveltal|slp
|
|-heal|p1a: Vivillon|100/100|[from] item: Leftovers
|upkeep
|turn|35
|
|t:|1636253154
|switch|p2a: Rayquaza|Rayquaza-Mega|40/100 slp
|-weather|DeltaStream|[from] ability: Delta Stream|[of] p2a: Rayquaza
|move|p1a: Vivillon|Substitute|p1a: Vivillon
|-start|p1a: Vivillon|Substitute
|-damage|p1a: Vivillon|76/100
|
|-weather|DeltaStream|[upkeep]
|-heal|p1a: Vivillon|82/100|[from] item: Leftovers
|upkeep
|turn|36
|
|t:|1636253160
|-curestatus|p2a: Rayquaza|slp|[msg]
|move|p2a: Rayquaza|Extreme Speed|p1a: Vivillon
|-end|p1a: Vivillon|Substitute
|move|p1a: Vivillon|Hurricane|p2a: Rayquaza
|-damage|p2a: Rayquaza|0 fnt
|faint|p2a: Rayquaza
|-weather|none
|
|-heal|p1a: Vivillon|88/100|[from] item: Leftovers
|upkeep
|
|t:|1636253166
|switch|p2a: Yveltal|Yveltal|100/100
|-ability|p2a: Yveltal|Dark Aura
|turn|37
|
|t:|1636253180
|switch|p1a: Ribombee|Ribombee, F, shiny|56/100 tox
|move|p2a: Yveltal|Oblivion Wing|p1a: Ribombee
|-supereffective|p1a: Ribombee
|-damage|p1a: Ribombee|0 fnt
|faint|p1a: Ribombee
|-damage|p2a: Yveltal|91/100|[from] item: Life Orb
|
|upkeep
|
|t:|1636253181
|switch|p1a: Xerneas|Xerneas, shiny|100/100
|-ability|p1a: Xerneas|Fairy Aura
|turn|38
|
|t:|1636253187
|move|p2a: Yveltal|Knock Off|p1a: Xerneas
|-resisted|p1a: Xerneas
|-damage|p1a: Xerneas|71/100
|-enditem|p1a: Xerneas|Power Herb|[from] move: Knock Off|[of] p2a: Yveltal
|-damage|p2a: Yveltal|81/100|[from] item: Life Orb
|move|p1a: Xerneas|Geomancy||[still]
|-prepare|p1a: Xerneas|Geomancy
|
|upkeep
|turn|39
|
|t:|1636253198
|switch|p2a: Zacian|Zacian-Crowned|100/100
|-activate|p2a: Zacian|move: Sticky Web
|-unboost|p2a: Zacian|spe|1
|-ability|p2a: Zacian|Intrepid Sword|boost
|-boost|p2a: Zacian|atk|1
|move|p1a: Xerneas|Geomancy|p1a: Xerneas|[from]lockedmove
|-boost|p1a: Xerneas|spa|2
|-boost|p1a: Xerneas|spd|2
|-boost|p1a: Xerneas|spe|2
|
|upkeep
|turn|40
|
|t:|1636253200
|-start|p1a: Xerneas|Dynamax
|-heal|p1a: Xerneas|71/100|[silent]
|move|p1a: Xerneas|Max Flare|p2a: Zacian
|-supereffective|p2a: Zacian
|-damage|p2a: Zacian|0 fnt
|-weather|SunnyDay
|faint|p2a: Zacian
|
|-weather|SunnyDay|[upkeep]
|upkeep
|
|t:|1636253210
|switch|p2a: Yveltal|Yveltal|100/100 slp
|-ability|p2a: Yveltal|Dark Aura
|turn|41
|
|t:|1636253214
|switch|p2a: Necrozma|Necrozma-Dusk-Mane|61/100 slp
|-activate|p2a: Necrozma|move: Sticky Web
|-unboost|p2a: Necrozma|spe|1
|move|p1a: Xerneas|Max Starfall|p2a: Necrozma
|-resisted|p2a: Necrozma
|-damage|p2a: Necrozma|0 fnt
|-fieldstart|move: Misty Terrain
|faint|p2a: Necrozma
|
|-weather|SunnyDay|[upkeep]
|upkeep
|
|t:|1636253228
|switch|p2a: Groudon|Groudon|100/100
|-activate|p2a: Groudon|move: Sticky Web
|-unboost|p2a: Groudon|spe|1
|turn|42
|
|t:|1636253230
|move|p1a: Xerneas|Max Mindstorm|p2a: Groudon
|-damage|p2a: Groudon|1/100
|-fieldstart|move: Psychic Terrain
|move|p2a: Groudon|Precipice Blades|p1a: Xerneas
|-damage|p1a: Xerneas|35/100
|-damage|p2a: Groudon|0 fnt|[from] item: Life Orb
|faint|p2a: Groudon
|
|-weather|SunnyDay|[upkeep]
|-end|p1a: Xerneas|Dynamax
|-heal|p1a: Xerneas|35/100|[silent]
|upkeep
|
|t:|1636253238
|switch|p2a: Yveltal|Yveltal|81/100
|-ability|p2a: Yveltal|Dark Aura
|turn|43
|
|t:|1636253249
|-start|p2a: Yveltal|Dynamax
|-heal|p2a: Yveltal|81/100|[silent]
|move|p1a: Xerneas|Moonblast|p2a: Yveltal
|-supereffective|p2a: Yveltal
|-damage|p2a: Yveltal|0 fnt
|faint|p2a: Yveltal
|
|-weather|SunnyDay|[upkeep]
|upkeep
|c|☆rowletroost|gg
|c|☆Horseradisk|Gg
|-message|Horseradisk forfeited.
|
|win|rowletroost
|raw|rowletroost's rating: 1641 &rarr; <strong>1669</strong><br />(+28 for winning)
|raw|Horseradisk's rating: 1798 &rarr; <strong>1770</strong><br />(-28 for losing)
|l|☆Horseradisk
