|j|☆Kids5
|j|☆iHaveAsthma
|t:|1663016900
|gametype|singles
|player|p1|Kids5|unknown|1653
|player|p2|iHaveAsthma|doctor|1963
|teamsize|p1|6
|teamsize|p2|6
|gen|8
|tier|[Gen 8] National Dex AG
|rated|
|rule|HP Percentage Mod: HP is shown in percentages
|rule|Endless Battle Clause: Forcing endless battles is banned
|clearpoke
|poke|p1|Forretress, F|
|poke|p1|Marshadow|
|poke|p1|Xerneas-*|
|poke|p1|Arceus-*|
|poke|p1|Calyrex-Shadow|
|poke|p1|Urshifu-*, M|
|poke|p2|Rayquaza|
|poke|p2|Groudon|
|poke|p2|Arceus-*|
|poke|p2|Lugia|
|poke|p2|Arceus-*|
|poke|p2|Tyranitar, M|
|teampreview
|inactive|Battle timer is ON: inactive players will automatically lose when time's up. (requested by Kids5)
|inactive|iHaveAsthma has 120 seconds left.
|
|t:|1663016957
|start
|switch|p1a: Forretress|Forretress, F|100/100
|switch|p2a: Rayquaza|Rayquaza|100/100
|-ability|p2a: Rayquaza|Air Lock
|turn|1
|
|t:|1663016972
|detailschange|p2a: Rayquaza|Rayquaza-Mega
|-mega|p2a: Rayquaza|Rayquaza|
|-weather|DeltaStream|[from] ability: Delta Stream|[of] p2a: Rayquaza
|move|p2a: Rayquaza|Earthquake|p1a: Forretress
|-damage|p1a: Forretress|74/100
|move|p1a: Forretress|Toxic Spikes|p2a: Rayquaza
|-sidestart|p2: iHaveAsthma|move: Toxic Spikes
|
|-weather|DeltaStream|[upkeep]
|upkeep
|turn|2
|
|t:|1663016981
|-weather|none
|switch|p2a: Groudon|Groudon|100/100
|-status|p2a: Groudon|psn
|detailschange|p2a: Groudon|Groudon-Primal
|-primal|p2a: Groudon
|-weather|DesolateLand|[from] ability: Desolate Land|[of] p2a: Groudon
|move|p1a: Forretress|Toxic Spikes|p2a: Groudon
|-sidestart|p2: iHaveAsthma|move: Toxic Spikes
|
|-weather|DesolateLand|[upkeep]
|-damage|p2a: Groudon|88/100 psn|[from] psn
|upkeep
|turn|3
|
|t:|1663016990
|move|p2a: Groudon|Eruption|p1a: Forretress
|-supereffective|p1a: Forretress
|-damage|p1a: Forretress|0 fnt
|faint|p1a: Forretress
|
|-weather|DesolateLand|[upkeep]
|-damage|p2a: Groudon|76/100 psn|[from] psn
|upkeep
|
|t:|1663016996
|switch|p1a: Wanted|Xerneas|100/100
|-ability|p1a: Wanted|Fairy Aura
|turn|4
|
|t:|1663017000
|move|p2a: Groudon|Toxic|p1a: Wanted
|-status|p1a: Wanted|tox
|move|p1a: Wanted|Geomancy||[still]
|-prepare|p1a: Wanted|Geomancy
|-enditem|p1a: Wanted|Power Herb
|-anim|p1a: Wanted|Geomancy|p1a: Wanted
|-boost|p1a: Wanted|spa|2
|-boost|p1a: Wanted|spd|2
|-boost|p1a: Wanted|spe|2
|
|-weather|DesolateLand|[upkeep]
|-damage|p1a: Wanted|94/100 tox|[from] psn
|-damage|p2a: Groudon|64/100 psn|[from] psn
|upkeep
|turn|5
|
|t:|1663017004
|move|p1a: Wanted|Moonblast|p2a: Groudon
|-resisted|p2a: Groudon
|-damage|p2a: Groudon|0 fnt
|faint|p2a: Groudon
|-weather|none
|
|-damage|p1a: Wanted|82/100 tox|[from] psn
|upkeep
|
|t:|1663017006
|switch|p2a: Lugia|Lugia|100/100
|turn|6
|
|t:|1663017011
|move|p1a: Wanted|Thunderbolt|p2a: Lugia
|-supereffective|p2a: Lugia
|-damage|p2a: Lugia|67/100
|move|p2a: Lugia|Defog|p1a: Wanted
|-unboost|p1a: Wanted|evasion|1
|-sideend|p2: iHaveAsthma|Toxic Spikes|[from] move: Defog|[of] p2a: Lugia
|
|-damage|p1a: Wanted|64/100 tox|[from] psn
|upkeep
|turn|7
|
|t:|1663017014
|move|p1a: Wanted|Thunderbolt|p2a: Lugia
|-supereffective|p2a: Lugia
|-damage|p2a: Lugia|0 fnt
|faint|p2a: Lugia
|
|-damage|p1a: Wanted|39/100 tox|[from] psn
|upkeep
|
|t:|1663017019
|switch|p2a: Rayquaza|Rayquaza-Mega|100/100
|-weather|DeltaStream|[from] ability: Delta Stream|[of] p2a: Rayquaza
|turn|8
|
|t:|1663017023
|move|p2a: Rayquaza|Extreme Speed|p1a: Wanted
|-damage|p1a: Wanted|5/100 tox
|move|p1a: Wanted|Moonblast|p2a: Rayquaza
|-supereffective|p2a: Rayquaza
|-enditem|p2a: Rayquaza|Focus Sash
|-damage|p2a: Rayquaza|1/100
|-unboost|p2a: Rayquaza|spa|1
|
|-weather|DeltaStream|[upkeep]
|-damage|p1a: Wanted|0 fnt|[from] psn
|faint|p1a: Wanted
|upkeep
|
|t:|1663017028
|switch|p1a: Copy cat|Marshadow|100/100
|turn|9
|
|t:|1663017035
|move|p1a: Copy cat|Pursuit|p2a: Rayquaza
|-damage|p2a: Rayquaza|0 fnt
|faint|p2a: Rayquaza
|-weather|none
|
|upkeep
|
|t:|1663017040
|switch|p2a: Arceus|Arceus-Ground|100/100
|turn|10
|
|t:|1663017048
|move|p1a: Copy cat|Close Combat|p2a: Arceus
|-damage|p2a: Arceus|71/100
|-unboost|p1a: Copy cat|def|1
|-unboost|p1a: Copy cat|spd|1
|move|p2a: Arceus|Judgment|p1a: Copy cat
|-damage|p1a: Copy cat|16/100
|
|upkeep
|turn|11
|
|t:|1663017062
|move|p1a: Copy cat|Close Combat|p2a: Arceus
|-crit|p2a: Arceus
|-damage|p2a: Arceus|29/100
|-unboost|p1a: Copy cat|def|1
|-unboost|p1a: Copy cat|spd|1
|move|p2a: Arceus|Recover|p2a: Arceus
|-heal|p2a: Arceus|79/100
|
|upkeep
|turn|12
|
|t:|1663017068
|move|p1a: Copy cat|Close Combat|p2a: Arceus
|-damage|p2a: Arceus|52/100
|-unboost|p1a: Copy cat|def|1
|-unboost|p1a: Copy cat|spd|1
|move|p2a: Arceus|Recover|p2a: Arceus
|-heal|p2a: Arceus|100/100
|
|upkeep
|turn|13
|
|t:|1663017071
|move|p1a: Copy cat|Spectral Thief|p2a: Arceus
|-damage|p2a: Arceus|77/100
|move|p2a: Arceus|Judgment|p1a: Copy cat
|-damage|p1a: Copy cat|0 fnt
|faint|p1a: Copy cat
|
|upkeep
|
|t:|1663017075
|switch|p1a: Arceus|Arceus-Ground|100/100
|turn|14
|
|t:|1663017077
|move|p1a: Arceus|Ice Beam|p2a: Arceus
|-supereffective|p2a: Arceus
|-damage|p2a: Arceus|38/100
|move|p2a: Arceus|Calm Mind|p2a: Arceus
|-boost|p2a: Arceus|spa|1
|-boost|p2a: Arceus|spd|1
|
|upkeep
|turn|15
|
|t:|1663017080
|move|p1a: Arceus|Ice Beam|p2a: Arceus
|-supereffective|p2a: Arceus
|-damage|p2a: Arceus|11/100
|move|p2a: Arceus|Recover|p2a: Arceus
|-heal|p2a: Arceus|61/100
|
|upkeep
|turn|16
|
|t:|1663017084
|switch|p1a: Urshifu-Rapid-slap|Urshifu-Rapid-Strike, M|100/100
|move|p2a: Arceus|Recover|p2a: Arceus
|-heal|p2a: Arceus|100/100
|
|upkeep
|turn|17
|
|t:|1663017090
|move|p1a: Urshifu-Rapid-slap|Surging Strikes|p2a: Arceus
|-supereffective|p2a: Arceus
|-crit|p2a: Arceus
|-damage|p2a: Arceus|73/100
|-supereffective|p2a: Arceus
|-crit|p2a: Arceus
|-damage|p2a: Arceus|44/100
|-supereffective|p2a: Arceus
|-crit|p2a: Arceus
|-damage|p2a: Arceus|16/100
|-hitcount|p2a: Arceus|3
|move|p2a: Arceus|Judgment|p1a: Urshifu-Rapid-slap
|-damage|p1a: Urshifu-Rapid-slap|0 fnt
|faint|p1a: Urshifu-Rapid-slap
|
|upkeep
|
|t:|1663017100
|switch|p1a: Calyrex|Calyrex-Shadow|100/100
|-ability|p1a: Calyrex|As One
|-ability|p1a: Calyrex|Unnerve
|turn|18
|c|☆iHaveAsthma|gg wp
|
|t:|1663017104
|switch|p1a: Arceus|Arceus-Ground|100/100
|switch|p2a: Tyranitar|Tyranitar, M|100/100
|-weather|Sandstorm|[from] ability: Sand Stream|[of] p2a: Tyranitar
|
|-weather|Sandstorm|[upkeep]
|upkeep
|turn|19
|
|t:|1663017110
|switch|p2a: Arceus|Arceus-Ground|16/100
|move|p1a: Arceus|Judgment|p2a: Arceus
|-damage|p2a: Arceus|0 fnt
|faint|p2a: Arceus
|
|-weather|Sandstorm|[upkeep]
|upkeep
|c|☆Kids5|gg
|c|☆Kids5|i lose
|
|t:|1663017122
|switch|p2a: Arceus|Arceus-Flying|100/100
|turn|20
|
|t:|1663017127
|-start|p1a: Arceus|Dynamax|
|-heal|p1a: Arceus|100/100|[silent]
|move|p1a: Arceus|Max Hailstorm|p2a: Arceus
|-supereffective|p2a: Arceus
|-damage|p2a: Arceus|36/100
|-weather|Hail
|move|p2a: Arceus|Swords Dance|p2a: Arceus
|-boost|p2a: Arceus|atk|2
|
|-weather|Hail|[upkeep]
|-damage|p1a: Arceus|97/100|[from] Hail
|-damage|p2a: Arceus|30/100|[from] Hail
|upkeep
|turn|21
|j| TaxFraud094
|
|t:|1663017146
|-start|p2a: Arceus|Dynamax|
|-heal|p2a: Arceus|30/100|[silent]
|move|p2a: Arceus|Max Guard|p2a: Arceus
|-singleturn|p2a: Arceus|Max Guard
|move|p1a: Arceus|Max Hailstorm|p2a: Arceus
|-activate|p2a: Arceus|move: Max Guard
|
|-weather|Hail|[upkeep]
|-damage|p1a: Arceus|94/100|[from] Hail
|-damage|p2a: Arceus|27/100|[from] Hail
|upkeep
|turn|22
|
|t:|1663017153
|move|p1a: Arceus|Max Hailstorm|p2a: Arceus
|-supereffective|p2a: Arceus
|-damage|p2a: Arceus|0 fnt
|faint|p2a: Arceus
|
|-weather|Hail|[upkeep]
|-damage|p1a: Arceus|91/100|[from] Hail
|upkeep
|-message|iHaveAsthma forfeited.
|
|win|Kids5
|raw|Kids5's rating: 1653 &rarr; <strong>1687</strong><br />(+34 for winning)
|raw|iHaveAsthma's rating: 1963 &rarr; <strong>1929</strong><br />(-34 for losing)
|l|☆iHaveAsthma
|l| TaxFraud094
|c|☆Kids5|...
