|j|☆chopforce8
|j|☆Blind paralysis
|t:|1637556957
|gametype|singles
|player|p1|chopforce8|red|1773
|player|p2|Blind paralysis|1|1761
|teamsize|p1|6
|teamsize|p2|6
|gen|8
|tier|[Gen 8] National Dex AG
|rated|
|rule|HP Percentage Mod: HP is shown in percentages
|rule|Endless Battle Clause: Forcing endless battles is banned
|clearpoke
|poke|p1|Yveltal|
|poke|p1|Diancie|
|poke|p1|Calyrex-Shadow|
|poke|p1|Zacian-*|
|poke|p1|Ditto|
|poke|p1|Arceus-*|
|poke|p2|Sableye, F|
|poke|p2|Chansey, F|
|poke|p2|Necrozma-Dusk-Mane|
|poke|p2|Zygarde|
|poke|p2|Tyranitar, F|
|poke|p2|Ho-Oh|
|teampreview
|
|t:|1637556969
|start
|switch|p1a: Harry Potter|Diancie|100/100
|switch|p2a: Sableye|Sableye, F|100/100
|turn|1
|
|t:|1637556980
|detailschange|p1a: Harry Potter|Diancie-Mega
|-mega|p1a: Harry Potter|Diancie|Diancite
|detailschange|p2a: Sableye|Sableye-Mega, F
|-mega|p2a: Sableye|Sableye|Sablenite
|move|p2a: Sableye|Fake Out|p1a: Harry Potter
|-resisted|p1a: Harry Potter
|-damage|p1a: Harry Potter|96/100
|cant|p1a: Harry Potter|flinch
|
|upkeep
|turn|2
|
|t:|1637556993
|switch|p2a: Necrozma|Necrozma-Dusk-Mane|100/100
|move|p1a: Harry Potter|Stealth Rock|p2a: Necrozma
|-sidestart|p2: Blind paralysis|move: Stealth Rock
|
|upkeep
|turn|3
|
|t:|1637557002
|move|p1a: Harry Potter|Earth Power|p2a: Necrozma
|-supereffective|p2a: Necrozma
|-damage|p2a: Necrozma|58/100
|move|p2a: Necrozma|Sunsteel Strike|p1a: Harry Potter
|-supereffective|p1a: Harry Potter
|-damage|p1a: Harry Potter|0 fnt
|faint|p1a: Harry Potter
|
|upkeep
|
|t:|1637557012
|switch|p1a: Voldemort|Yveltal|100/100
|-ability|p1a: Voldemort|Dark Aura
|turn|4
|
|t:|1637557017
|switch|p1a: Professorquirrel|Calyrex-Shadow|100/100
|-ability|p1a: Professorquirrel|As One
|-ability|p1a: Professorquirrel|Unnerve
|switch|p2a: Tyranitar|Tyranitar, F|100/100
|-damage|p2a: Tyranitar|88/100|[from] Stealth Rock
|-weather|Sandstorm|[from] ability: Sand Stream|[of] p2a: Tyranitar
|
|-weather|Sandstorm|[upkeep]
|-damage|p1a: Professorquirrel|94/100|[from] Sandstorm
|-heal|p2a: Tyranitar|94/100|[from] item: Leftovers
|upkeep
|turn|5
|
|t:|1637557035
|switch|p1a: Fluffy|Zacian-Crowned|100/100
|-ability|p1a: Fluffy|Intrepid Sword|boost
|-boost|p1a: Fluffy|atk|1
|move|p2a: Tyranitar|Thunder Wave|p1a: Fluffy
|-status|p1a: Fluffy|par
|
|-weather|Sandstorm|[upkeep]
|-heal|p2a: Tyranitar|100/100|[from] item: Leftovers
|upkeep
|turn|6
|
|t:|1637557046
|switch|p1a: Professorquirrel|Calyrex-Shadow|94/100
|-ability|p1a: Professorquirrel|As One
|-ability|p1a: Professorquirrel|Unnerve
|switch|p2a: Ho-Oh|Ho-Oh|100/100
|
|-weather|Sandstorm|[upkeep]
|-damage|p1a: Professorquirrel|88/100|[from] Sandstorm
|-damage|p2a: Ho-Oh|94/100|[from] Sandstorm
|upkeep
|turn|7
|
|t:|1637557058
|move|p1a: Professorquirrel|Nasty Plot|p1a: Professorquirrel
|-boost|p1a: Professorquirrel|spa|2
|move|p2a: Ho-Oh|Sacred Fire|p1a: Professorquirrel
|-damage|p1a: Professorquirrel|41/100
|
|-weather|Sandstorm|[upkeep]
|-damage|p1a: Professorquirrel|35/100|[from] Sandstorm
|-damage|p2a: Ho-Oh|88/100|[from] Sandstorm
|upkeep
|turn|8
|
|t:|1637557067
|move|p1a: Professorquirrel|Baton Pass|p1a: Professorquirrel
|
|t:|1637557068
|switch|p1a: Voldemort|Yveltal|100/100|[from]move: Baton Pass
|-ability|p1a: Voldemort|Dark Aura
|move|p2a: Ho-Oh|Whirlwind|p1a: Voldemort
|drag|p1a: MirrorofErised|Ditto|100/100
|-transform|p1a: MirrorofErised|p2a: Ho-Oh|[from] ability: Imposter
|
|-weather|none
|upkeep
|turn|9
|
|t:|1637557080
|switch|p2a: Sableye|Sableye-Mega, F|100/100
|-damage|p2a: Sableye|88/100|[from] Stealth Rock
|move|p1a: MirrorofErised|Toxic|p2a: Sableye
|move|p2a: Sableye|Toxic|p1a: MirrorofErised|[from]ability: Magic Bounce
|-status|p1a: MirrorofErised|tox
|
|-damage|p1a: MirrorofErised|94/100 tox|[from] psn
|upkeep
|turn|10
|
|t:|1637557092
|switch|p1a: Fluffy|Zacian-Crowned|100/100 par
|-ability|p1a: Fluffy|Intrepid Sword|boost
|-boost|p1a: Fluffy|atk|1
|move|p2a: Sableye|Knock Off|p1a: Fluffy
|-resisted|p1a: Fluffy
|-damage|p1a: Fluffy|92/100 par
|
|upkeep
|turn|11
|
|t:|1637557110
|switch|p1a: Voldemort|Yveltal|100/100
|-ability|p1a: Voldemort|Dark Aura
|switch|p2a: Necrozma|Necrozma-Dusk-Mane|58/100
|-damage|p2a: Necrozma|52/100|[from] Stealth Rock
|
|upkeep
|turn|12
|
|t:|1637557119
|switch|p2a: Tyranitar|Tyranitar, F|100/100
|-damage|p2a: Tyranitar|88/100|[from] Stealth Rock
|-weather|Sandstorm|[from] ability: Sand Stream|[of] p2a: Tyranitar
|move|p1a: Voldemort|Dark Pulse|p2a: Tyranitar
|-resisted|p2a: Tyranitar
|-damage|p2a: Tyranitar|72/100
|-damage|p1a: Voldemort|91/100|[from] item: Life Orb
|
|-weather|Sandstorm|[upkeep]
|-damage|p1a: Voldemort|84/100|[from] Sandstorm
|-heal|p2a: Tyranitar|78/100|[from] item: Leftovers
|upkeep
|turn|13
|
|t:|1637557133
|switch|p1a: Fluffy|Zacian-Crowned|92/100 par
|-ability|p1a: Fluffy|Intrepid Sword|boost
|-boost|p1a: Fluffy|atk|1
|move|p2a: Tyranitar|Rock Tomb|p1a: Fluffy|[miss]
|-miss|p2a: Tyranitar|p1a: Fluffy
|
|-weather|Sandstorm|[upkeep]
|-heal|p2a: Tyranitar|84/100|[from] item: Leftovers
|upkeep
|turn|14
|
|t:|1637557182
|switch|p2a: Ho-Oh|Ho-Oh|100/100
|move|p1a: Fluffy|Behemoth Blade|p2a: Ho-Oh
|-resisted|p2a: Ho-Oh
|-crit|p2a: Ho-Oh
|-damage|p2a: Ho-Oh|54/100
|
|-weather|Sandstorm|[upkeep]
|-damage|p2a: Ho-Oh|48/100|[from] Sandstorm
|upkeep
|turn|15
|
|t:|1637557192
|switch|p2a: Zygarde|Zygarde|100/100
|-damage|p2a: Zygarde|94/100|[from] Stealth Rock
|move|p1a: Fluffy|Behemoth Blade|p2a: Zygarde
|-damage|p2a: Zygarde|44/100
|
|-weather|Sandstorm|[upkeep]
|-heal|p2a: Zygarde|50/100|[from] item: Leftovers
|-activate|p2a: Zygarde|ability: Power Construct
|detailschange|p2a: Zygarde|Zygarde-Complete
|-heal|p2a: Zygarde|67/100|[silent]
|upkeep
|turn|16
|
|t:|1637557205
|move|p1a: Fluffy|Swords Dance|p1a: Fluffy
|-boost|p1a: Fluffy|atk|2
|move|p2a: Zygarde|Thousand Arrows|p1a: Fluffy
|-supereffective|p1a: Fluffy
|-damage|p1a: Fluffy|32/100 par
|
|-weather|none
|-heal|p2a: Zygarde|73/100|[from] item: Leftovers
|upkeep
|turn|17
|
|t:|1637557216
|move|p1a: Fluffy|Behemoth Blade|p2a: Zygarde
|-damage|p2a: Zygarde|20/100
|move|p2a: Zygarde|Thousand Arrows|p1a: Fluffy
|-supereffective|p1a: Fluffy
|-damage|p1a: Fluffy|0 fnt
|faint|p1a: Fluffy
|
|-heal|p2a: Zygarde|26/100|[from] item: Leftovers
|upkeep
|
|t:|1637557228
|switch|p1a: Professorquirrel|Calyrex-Shadow|35/100
|-ability|p1a: Professorquirrel|As One
|-ability|p1a: Professorquirrel|Unnerve
|turn|18
|
|t:|1637557237
|move|p1a: Professorquirrel|Substitute|p1a: Professorquirrel
|-start|p1a: Professorquirrel|Substitute
|-damage|p1a: Professorquirrel|10/100
|move|p2a: Zygarde|Glare||[still]
|-fail|p2a: Zygarde
|
|-heal|p2a: Zygarde|32/100|[from] item: Leftovers
|upkeep
|turn|19
|j| TX369
|
|t:|1637557244
|switch|p2a: Tyranitar|Tyranitar, F|84/100
|-damage|p2a: Tyranitar|72/100|[from] Stealth Rock
|-weather|Sandstorm|[from] ability: Sand Stream|[of] p2a: Tyranitar
|move|p1a: Professorquirrel|Nasty Plot|p1a: Professorquirrel
|-boost|p1a: Professorquirrel|spa|2
|
|-weather|Sandstorm|[upkeep]
|-damage|p1a: Professorquirrel|4/100|[from] Sandstorm
|-heal|p2a: Tyranitar|78/100|[from] item: Leftovers
|upkeep
|turn|20
|
|t:|1637557258
|move|p1a: Professorquirrel|Baton Pass|p1a: Professorquirrel
|
|t:|1637557267
|switch|p1a: Chess Wizard|Arceus-Flying|100/100|[from]move: Baton Pass
|move|p2a: Tyranitar|Rock Tomb|p1a: Chess Wizard
|-supereffective|p1a: Chess Wizard
|-end|p1a: Chess Wizard|Substitute
|
|-weather|Sandstorm|[upkeep]
|-damage|p1a: Chess Wizard|94/100|[from] Sandstorm
|-heal|p2a: Tyranitar|84/100|[from] item: Leftovers
|upkeep
|turn|21
|j| luciii⚝god
|
|t:|1637557284
|-start|p1a: Chess Wizard|Dynamax
|-heal|p1a: Chess Wizard|94/100|[silent]
|move|p1a: Chess Wizard|Max Airstream|p2a: Tyranitar
|-resisted|p2a: Tyranitar
|-damage|p2a: Tyranitar|59/100
|-boost|p1a: Chess Wizard|spe|1
|move|p2a: Tyranitar|Thunder Wave|p1a: Chess Wizard
|-status|p1a: Chess Wizard|par
|
|-weather|Sandstorm|[upkeep]
|-damage|p1a: Chess Wizard|91/100 par|[from] Sandstorm
|-heal|p2a: Tyranitar|65/100|[from] item: Leftovers
|upkeep
|turn|22
|
|t:|1637557303
|switch|p2a: Chansey|Chansey, F|100/100
|-damage|p2a: Chansey|88/100|[from] Stealth Rock
|move|p1a: Chess Wizard|Max Airstream|p2a: Chansey
|-damage|p2a: Chansey|59/100
|-boost|p1a: Chess Wizard|spe|1
|
|-weather|Sandstorm|[upkeep]
|-damage|p1a: Chess Wizard|88/100 par|[from] Sandstorm
|-damage|p2a: Chansey|53/100|[from] Sandstorm
|upkeep
|turn|23
|
|t:|1637557315
|move|p1a: Chess Wizard|Max Airstream|p2a: Chansey
|-damage|p2a: Chansey|23/100
|-boost|p1a: Chess Wizard|spe|1
|move|p2a: Chansey|Soft-Boiled|p2a: Chansey
|-heal|p2a: Chansey|73/100
|
|-weather|none
|-end|p1a: Chess Wizard|Dynamax
|-heal|p1a: Chess Wizard|88/100 par|[silent]
|upkeep
|turn|24
|
|t:|1637557335
|move|p1a: Chess Wizard|Calm Mind|p1a: Chess Wizard
|-boost|p1a: Chess Wizard|spa|1
|-boost|p1a: Chess Wizard|spd|1
|move|p2a: Chansey|Confide|p1a: Chess Wizard
|-unboost|p1a: Chess Wizard|spa|1
|
|upkeep
|turn|25
|
|t:|1637557343
|move|p1a: Chess Wizard|Calm Mind|p1a: Chess Wizard
|-boost|p1a: Chess Wizard|spa|1
|-boost|p1a: Chess Wizard|spd|1
|move|p2a: Chansey|Confide|p1a: Chess Wizard
|-unboost|p1a: Chess Wizard|spa|1
|
|upkeep
|turn|26
|
|t:|1637557348
|move|p1a: Chess Wizard|Calm Mind|p1a: Chess Wizard
|-boost|p1a: Chess Wizard|spa|1
|-boost|p1a: Chess Wizard|spd|1
|move|p2a: Chansey|Confide|p1a: Chess Wizard
|-unboost|p1a: Chess Wizard|spa|1
|
|upkeep
|turn|27
|
|t:|1637557356
|cant|p1a: Chess Wizard|par
|move|p2a: Chansey|Confide|p1a: Chess Wizard
|-unboost|p1a: Chess Wizard|spa|1
|
|upkeep
|turn|28
|
|t:|1637557363
|move|p1a: Chess Wizard|Calm Mind|p1a: Chess Wizard
|-boost|p1a: Chess Wizard|spa|1
|-boost|p1a: Chess Wizard|spd|1
|move|p2a: Chansey|Confide|p1a: Chess Wizard
|-unboost|p1a: Chess Wizard|spa|1
|
|upkeep
|turn|29
|
|t:|1637557372
|move|p1a: Chess Wizard|Calm Mind|p1a: Chess Wizard
|-boost|p1a: Chess Wizard|spa|1
|-boost|p1a: Chess Wizard|spd|1
|move|p2a: Chansey|Confide|p1a: Chess Wizard
|-unboost|p1a: Chess Wizard|spa|1
|
|upkeep
|turn|30
|
|t:|1637557381
|switch|p1a: MirrorofErised|Ditto|100/100 tox
|-transform|p1a: MirrorofErised|p2a: Chansey|[from] ability: Imposter
|move|p2a: Chansey|Confide|p1a: MirrorofErised
|-unboost|p1a: MirrorofErised|spa|1
|
|-damage|p1a: MirrorofErised|94/100 tox|[from] psn
|upkeep
|turn|31
|
|t:|1637557390
|switch|p2a: Necrozma|Necrozma-Dusk-Mane|52/100
|-damage|p2a: Necrozma|46/100|[from] Stealth Rock
|move|p1a: MirrorofErised|Aromatherapy|p1a: MirrorofErised
|-activate|p1a: MirrorofErised|move: Aromatherapy
|-curestatus|p1a: MirrorofErised|tox|[msg]
|-curestatus|p1: Chess Wizard|par|[msg]
|
|upkeep
|turn|32
|
|t:|1637557399
|switch|p1a: Professorquirrel|Calyrex-Shadow|4/100
|-ability|p1a: Professorquirrel|As One
|-ability|p1a: Professorquirrel|Unnerve
|move|p2a: Necrozma|Stealth Rock|p1a: Professorquirrel
|-sidestart|p1: chopforce8|move: Stealth Rock
|
|upkeep
|turn|33
|
|t:|1637557406
|switch|p2a: Tyranitar|Tyranitar, F|65/100
|-damage|p2a: Tyranitar|53/100|[from] Stealth Rock
|-weather|Sandstorm|[from] ability: Sand Stream|[of] p2a: Tyranitar
|move|p1a: Professorquirrel|Nasty Plot|p1a: Professorquirrel
|-boost|p1a: Professorquirrel|spa|2
|
|-weather|Sandstorm|[upkeep]
|-damage|p1a: Professorquirrel|0 fnt|[from] Sandstorm
|faint|p1a: Professorquirrel
|-heal|p2a: Tyranitar|59/100|[from] item: Leftovers
|upkeep
|
|t:|1637557419
|switch|p1a: MirrorofErised|Ditto|94/100
|-damage|p1a: MirrorofErised|82/100|[from] Stealth Rock
|-transform|p1a: MirrorofErised|p2a: Tyranitar|[from] ability: Imposter
|turn|34
|
|t:|1637557427
|switch|p2a: Sableye|Sableye-Mega, F|88/100
|-damage|p2a: Sableye|75/100|[from] Stealth Rock
|move|p1a: MirrorofErised|Rock Tomb|p2a: Sableye|[miss]
|-miss|p1a: MirrorofErised|p2a: Sableye
|
|-weather|Sandstorm|[upkeep]
|-damage|p2a: Sableye|69/100|[from] Sandstorm
|upkeep
|turn|35
|
|t:|1637557444
|switch|p1a: Voldemort|Yveltal|84/100
|-damage|p1a: Voldemort|60/100|[from] Stealth Rock
|-ability|p1a: Voldemort|Dark Aura
|switch|p2a: Zygarde|Zygarde-Complete|32/100
|-damage|p2a: Zygarde|26/100|[from] Stealth Rock
|
|-weather|Sandstorm|[upkeep]
|-damage|p1a: Voldemort|53/100|[from] Sandstorm
|-heal|p2a: Zygarde|32/100|[from] item: Leftovers
|upkeep
|turn|36
|
|t:|1637557458
|switch|p2a: Ho-Oh|Ho-Oh|81/100
|move|p1a: Voldemort|Oblivion Wing|p2a: Ho-Oh
|-damage|p2a: Ho-Oh|50/100
|-heal|p1a: Voldemort|78/100|[from] drain|[of] p2a: Ho-Oh
|-damage|p1a: Voldemort|68/100|[from] item: Life Orb
|
|-weather|Sandstorm|[upkeep]
|-damage|p1a: Voldemort|62/100|[from] Sandstorm
|-damage|p2a: Ho-Oh|44/100|[from] Sandstorm
|upkeep
|turn|37
|
|t:|1637557469
|switch|p2a: Chansey|Chansey, F|73/100
|-damage|p2a: Chansey|61/100|[from] Stealth Rock
|move|p1a: Voldemort|Oblivion Wing|p2a: Chansey
|-damage|p2a: Chansey|46/100
|-heal|p1a: Voldemort|80/100|[from] drain|[of] p2a: Chansey
|-damage|p1a: Voldemort|70/100|[from] item: Life Orb
|
|-weather|none
|upkeep
|turn|38
|
|t:|1637557480
|switch|p1a: MirrorofErised|Ditto|82/100
|-damage|p1a: MirrorofErised|70/100|[from] Stealth Rock
|-transform|p1a: MirrorofErised|p2a: Chansey|[from] ability: Imposter
|switch|p2a: Tyranitar|Tyranitar, F|59/100
|-damage|p2a: Tyranitar|47/100|[from] Stealth Rock
|-weather|Sandstorm|[from] ability: Sand Stream|[of] p2a: Tyranitar
|
|-weather|Sandstorm|[upkeep]
|-damage|p1a: MirrorofErised|64/100|[from] Sandstorm
|-heal|p2a: Tyranitar|53/100|[from] item: Leftovers
|upkeep
|turn|39
|
|t:|1637557500
|switch|p2a: Sableye|Sableye-Mega, F|69/100
|-damage|p2a: Sableye|57/100|[from] Stealth Rock
|move|p1a: MirrorofErised|Toxic|p2a: Sableye
|move|p2a: Sableye|Toxic|p1a: MirrorofErised|[from]ability: Magic Bounce|[miss]
|-miss|p2a: Sableye|p1a: MirrorofErised
|
|-weather|Sandstorm|[upkeep]
|-damage|p1a: MirrorofErised|58/100|[from] Sandstorm
|-damage|p2a: Sableye|50/100|[from] Sandstorm
|upkeep
|turn|40
|
|t:|1637557514
|switch|p1a: Chess Wizard|Arceus-Flying|88/100
|-damage|p1a: Chess Wizard|63/100|[from] Stealth Rock
|move|p2a: Sableye|Recover|p2a: Sableye
|-heal|p2a: Sableye|100/100
|
|-weather|Sandstorm|[upkeep]
|-damage|p1a: Chess Wizard|57/100|[from] Sandstorm
|-damage|p2a: Sableye|94/100|[from] Sandstorm
|upkeep
|turn|41
|
|t:|1637557524
|switch|p2a: Chansey|Chansey, F|46/100
|-damage|p2a: Chansey|34/100|[from] Stealth Rock
|move|p1a: Chess Wizard|Recover|p1a: Chess Wizard
|-heal|p1a: Chess Wizard|100/100
|
|-weather|Sandstorm|[upkeep]
|-damage|p1a: Chess Wizard|94/100|[from] Sandstorm
|-damage|p2a: Chansey|28/100|[from] Sandstorm
|upkeep
|turn|42
|
|t:|1637557539
|move|p1a: Chess Wizard|Judgment|p2a: Chansey
|-damage|p2a: Chansey|16/100
|move|p2a: Chansey|Toxic|p1a: Chess Wizard
|-status|p1a: Chess Wizard|tox
|
|-weather|none
|-damage|p1a: Chess Wizard|88/100 tox|[from] psn
|upkeep
|turn|43
|l| TX369
|
|t:|1637557546
|switch|p1a: MirrorofErised|Ditto|58/100
|-damage|p1a: MirrorofErised|45/100|[from] Stealth Rock
|-transform|p1a: MirrorofErised|p2a: Chansey|[from] ability: Imposter
|move|p2a: Chansey|Soft-Boiled|p2a: Chansey
|-heal|p2a: Chansey|66/100
|
|upkeep
|turn|44
|
|t:|1637557559
|switch|p2a: Necrozma|Necrozma-Dusk-Mane|46/100
|-damage|p2a: Necrozma|40/100|[from] Stealth Rock
|move|p1a: MirrorofErised|Aromatherapy|p1a: MirrorofErised
|-activate|p1a: MirrorofErised|move: Aromatherapy
|-curestatus|p1: Chess Wizard|tox|[msg]
|
|upkeep
|turn|45
|
|t:|1637557573
|switch|p1a: Voldemort|Yveltal|70/100
|-damage|p1a: Voldemort|45/100|[from] Stealth Rock
|-ability|p1a: Voldemort|Dark Aura
|move|p2a: Necrozma|Sunsteel Strike|p1a: Voldemort
|-damage|p1a: Voldemort|0 fnt
|faint|p1a: Voldemort
|
|upkeep
|
|t:|1637557584
|switch|p1a: Chess Wizard|Arceus-Flying|88/100
|-damage|p1a: Chess Wizard|63/100|[from] Stealth Rock
|turn|46
|
|t:|1637557592
|switch|p2a: Tyranitar|Tyranitar, F|53/100
|-damage|p2a: Tyranitar|40/100|[from] Stealth Rock
|-weather|Sandstorm|[from] ability: Sand Stream|[of] p2a: Tyranitar
|move|p1a: Chess Wizard|Calm Mind|p1a: Chess Wizard
|-boost|p1a: Chess Wizard|spa|1
|-boost|p1a: Chess Wizard|spd|1
|
|-weather|Sandstorm|[upkeep]
|-damage|p1a: Chess Wizard|57/100|[from] Sandstorm
|-heal|p2a: Tyranitar|47/100|[from] item: Leftovers
|upkeep
|turn|47
|
|t:|1637557604
|move|p1a: Chess Wizard|Recover|p1a: Chess Wizard
|-heal|p1a: Chess Wizard|100/100
|move|p2a: Tyranitar|Thunder Wave|p1a: Chess Wizard
|-status|p1a: Chess Wizard|par
|
|-weather|Sandstorm|[upkeep]
|-damage|p1a: Chess Wizard|94/100 par|[from] Sandstorm
|-heal|p2a: Tyranitar|53/100|[from] item: Leftovers
|upkeep
|turn|48
|
|t:|1637557614
|switch|p1a: MirrorofErised|Ditto|45/100
|-damage|p1a: MirrorofErised|33/100|[from] Stealth Rock
|-transform|p1a: MirrorofErised|p2a: Tyranitar|[from] ability: Imposter
|move|p2a: Tyranitar|Rock Tomb|p1a: MirrorofErised
|-damage|p1a: MirrorofErised|3/100
|-unboost|p1a: MirrorofErised|spe|1
|
|-weather|Sandstorm|[upkeep]
|-heal|p2a: Tyranitar|59/100|[from] item: Leftovers
|upkeep
|turn|49
|
|t:|1637557627
|switch|p2a: Necrozma|Necrozma-Dusk-Mane|40/100
|-damage|p2a: Necrozma|34/100|[from] Stealth Rock
|move|p1a: MirrorofErised|Rest|p1a: MirrorofErised
|-status|p1a: MirrorofErised|slp|[from] move: Rest
|-heal|p1a: MirrorofErised|100/100 slp|[silent]
|
|-weather|Sandstorm|[upkeep]
|upkeep
|turn|50
|
|t:|1637557636
|switch|p1a: Chess Wizard|Arceus-Flying|94/100 par
|-damage|p1a: Chess Wizard|70/100 par|[from] Stealth Rock
|move|p2a: Necrozma|Sunsteel Strike|p1a: Chess Wizard
|-damage|p1a: Chess Wizard|37/100 par
|
|-weather|none
|upkeep
|turn|51
|
|t:|1637557646
|move|p2a: Necrozma|Sunsteel Strike|p1a: Chess Wizard
|-damage|p1a: Chess Wizard|2/100 par
|move|p1a: Chess Wizard|Recover|p1a: Chess Wizard
|-heal|p1a: Chess Wizard|52/100 par
|
|upkeep
|turn|52
|
|t:|1637557652
|move|p2a: Necrozma|Sunsteel Strike|p1a: Chess Wizard
|-crit|p1a: Chess Wizard
|-damage|p1a: Chess Wizard|0 fnt
|faint|p1a: Chess Wizard
|
|upkeep
|
|t:|1637557657
|switch|p1a: MirrorofErised|Ditto|100/100 slp
|-damage|p1a: MirrorofErised|88/100 slp|[from] Stealth Rock
|-transform|p1a: MirrorofErised|p2a: Necrozma|[from] ability: Imposter
|turn|53
|
|t:|1637557667
|switch|p2a: Ho-Oh|Ho-Oh|78/100
|cant|p1a: MirrorofErised|slp
|
|upkeep
|turn|54
|
|t:|1637557672
|cant|p1a: MirrorofErised|slp
|move|p2a: Ho-Oh|Defog|p1a: MirrorofErised
|-unboost|p1a: MirrorofErised|evasion|1
|-sideend|p1: chopforce8|Stealth Rock|[from] move: Defog|[of] p2a: Ho-Oh
|-sideend|p2: Blind paralysis|Stealth Rock|[from] move: Defog|[of] p2a: Ho-Oh
|
|upkeep
|turn|55
|l| luciii⚝god
|
|t:|1637557677
|switch|p2a: Sableye|Sableye-Mega, F|94/100
|-curestatus|p1a: MirrorofErised|slp|[msg]
|move|p1a: MirrorofErised|Sunsteel Strike|p2a: Sableye
|-damage|p2a: Sableye|62/100
|
|upkeep
|turn|56
|
|t:|1637557686
|move|p1a: MirrorofErised|Sunsteel Strike|p2a: Sableye
|-damage|p2a: Sableye|25/100
|move|p2a: Sableye|Recover|p2a: Sableye
|-heal|p2a: Sableye|75/100
|
|upkeep
|turn|57
|
|t:|1637557695
|move|p1a: MirrorofErised|Sunsteel Strike|p2a: Sableye
|-damage|p2a: Sableye|37/100
|move|p2a: Sableye|Will-O-Wisp|p1a: MirrorofErised
|-status|p1a: MirrorofErised|brn
|
|-damage|p1a: MirrorofErised|82/100 brn|[from] brn
|upkeep
|turn|58
|
|t:|1637557704
|move|p1a: MirrorofErised|Sunsteel Strike|p2a: Sableye
|-damage|p2a: Sableye|19/100
|move|p2a: Sableye|Recover|p2a: Sableye
|-heal|p2a: Sableye|69/100
|
|-damage|p1a: MirrorofErised|76/100 brn|[from] brn
|upkeep
|turn|59
|
|t:|1637557712
|switch|p2a: Necrozma|Necrozma-Dusk-Mane|34/100
|move|p1a: MirrorofErised|Sunsteel Strike|p2a: Necrozma
|-resisted|p2a: Necrozma
|-damage|p2a: Necrozma|28/100
|-damage|p1a: MirrorofErised|60/100 brn|[from] item: Rocky Helmet|[of] p2a: Necrozma
|
|-damage|p1a: MirrorofErised|54/100 brn|[from] brn
|upkeep
|turn|60
|
|t:|1637557723
|-activate|p1a: MirrorofErised|move: Struggle
|move|p1a: MirrorofErised|Struggle|p2a: Necrozma
|-damage|p2a: Necrozma|23/100
|-damage|p1a: MirrorofErised|37/100 brn|[from] item: Rocky Helmet|[of] p2a: Necrozma
|-damage|p1a: MirrorofErised|12/100 brn|[from] recoil
|move|p2a: Necrozma|Moonlight|p2a: Necrozma
|-heal|p2a: Necrozma|73/100
|
|-damage|p1a: MirrorofErised|6/100 brn|[from] brn
|upkeep
|turn|61
|
|t:|1637557735
|-activate|p1a: MirrorofErised|move: Struggle
|move|p1a: MirrorofErised|Struggle|p2a: Necrozma
|-damage|p2a: Necrozma|69/100
|-damage|p1a: MirrorofErised|0 fnt|[from] item: Rocky Helmet|[of] p2a: Necrozma
|faint|p1a: MirrorofErised
|
|win|Blind paralysis
|raw|chopforce8's rating: 1773 &rarr; <strong>1752</strong><br />(-21 for losing)
|raw|Blind paralysis's rating: 1761 &rarr; <strong>1782</strong><br />(+21 for winning)
|c|☆chopforce8|gg
|l|☆chopforce8
