|j|☆Master of Pyroars
|j|☆rowletroost
|t:|1641928895
|gametype|singles
|player|p1|Master of Pyroars|1|1609
|player|p2|rowletroost|lance|1793
|teamsize|p1|6
|teamsize|p2|6
|gen|8
|tier|[Gen 8] National Dex AG
|rated|
|rule|HP Percentage Mod: HP is shown in percentages
|rule|Endless Battle Clause: Forcing endless battles is banned
|clearpoke
|poke|p1|Zekrom|
|poke|p1|Necrozma-Dusk-Mane|
|poke|p1|Tyranitar, M|
|poke|p1|Ho-Oh|
|poke|p1|Zygarde|
|poke|p1|Arceus-*|
|poke|p2|Arceus-*|
|poke|p2|Xerneas-*|
|poke|p2|Kyogre|
|poke|p2|Marshadow|
|poke|p2|Ribombee, M|
|poke|p2|Vivillon-Savanna, M|
|teampreview
|inactive|Battle timer is ON: inactive players will automatically lose when time's up. (requested by rowletroost)
|
|t:|1641928924
|start
|switch|p1a: Arceus|Arceus-Water|100/100
|switch|p2a: Kyogre|Kyogre, shiny|100/100
|detailschange|p2a: Kyogre|Kyogre-Primal, shiny
|-primal|p2a: Kyogre
|-weather|PrimordialSea|[from] ability: Primordial Sea|[of] p2a: Kyogre
|turn|1
|
|t:|1641928932
|move|p1a: Arceus|Thunder|p2a: Kyogre
|-supereffective|p2a: Kyogre
|-damage|p2a: Kyogre|69/100
|move|p2a: Kyogre|Thunder|p1a: Arceus
|-supereffective|p1a: Arceus
|-damage|p1a: Arceus|34/100
|
|-weather|PrimordialSea|[upkeep]
|upkeep
|turn|2
|
|t:|1641928942
|move|p1a: Arceus|Recover|p1a: Arceus
|-heal|p1a: Arceus|84/100
|move|p2a: Kyogre|Origin Pulse|p1a: Arceus
|-resisted|p1a: Arceus
|-damage|p1a: Arceus|50/100
|
|-weather|PrimordialSea|[upkeep]
|upkeep
|turn|3
|
|t:|1641928949
|move|p1a: Arceus|Recover|p1a: Arceus
|-heal|p1a: Arceus|99/100
|move|p2a: Kyogre|Thunder|p1a: Arceus
|-supereffective|p1a: Arceus
|-damage|p1a: Arceus|35/100
|
|-weather|PrimordialSea|[upkeep]
|upkeep
|turn|4
|
|t:|1641928956
|move|p1a: Arceus|Thunder|p2a: Kyogre
|-supereffective|p2a: Kyogre
|-damage|p2a: Kyogre|38/100
|move|p2a: Kyogre|Thunder|p1a: Arceus
|-supereffective|p1a: Arceus
|-damage|p1a: Arceus|0 fnt
|faint|p1a: Arceus
|
|-weather|PrimordialSea|[upkeep]
|upkeep
|
|t:|1641928974
|switch|p1a: Zekrom|Zekrom|100/100
|-ability|p1a: Zekrom|Teravolt
|turn|5
|
|t:|1641928979
|-weather|none
|switch|p2a: Arceus|Arceus-Ground|100/100
|move|p1a: Zekrom|Substitute|p1a: Zekrom
|-start|p1a: Zekrom|Substitute
|-damage|p1a: Zekrom|76/100
|
|-heal|p1a: Zekrom|82/100|[from] item: Leftovers
|upkeep
|turn|6
|
|t:|1641928988
|move|p1a: Zekrom|Dragon Dance|p1a: Zekrom
|-boost|p1a: Zekrom|atk|1
|-boost|p1a: Zekrom|spe|1
|move|p2a: Arceus|Judgment|p1a: Zekrom
|-supereffective|p1a: Zekrom
|-end|p1a: Zekrom|Substitute
|
|-heal|p1a: Zekrom|88/100|[from] item: Leftovers
|upkeep
|turn|7
|
|t:|1641928997
|-start|p1a: Zekrom|Dynamax
|-heal|p1a: Zekrom|88/100|[silent]
|move|p1a: Zekrom|Max Wyrmwind|p2a: Arceus
|-damage|p2a: Arceus|45/100
|-unboost|p2a: Arceus|atk|1
|move|p2a: Arceus|Judgment|p1a: Zekrom
|-supereffective|p1a: Zekrom
|-damage|p1a: Zekrom|37/100
|
|-heal|p1a: Zekrom|40/100|[from] item: Leftovers
|upkeep
|turn|8
|
|t:|1641929012
|switch|p2a: Ribombee|Ribombee, M, shiny|100/100
|move|p1a: Zekrom|Max Lightning|p2a: Ribombee
|-crit|p2a: Ribombee
|-enditem|p2a: Ribombee|Focus Sash
|-damage|p2a: Ribombee|1/100
|-fieldstart|move: Electric Terrain
|
|-heal|p1a: Zekrom|43/100|[from] item: Leftovers
|upkeep
|turn|9
|
|t:|1641929022
|move|p1a: Zekrom|Max Lightning|p2a: Ribombee
|-damage|p2a: Ribombee|0 fnt
|faint|p2a: Ribombee
|
|-heal|p1a: Zekrom|46/100|[from] item: Leftovers
|-end|p1a: Zekrom|Dynamax
|-heal|p1a: Zekrom|46/100|[silent]
|upkeep
|
|t:|1641929027
|switch|p2a: Marshadow|Marshadow|100/100
|turn|10
|
|t:|1641929034
|move|p1a: Zekrom|Bolt Strike|p2a: Marshadow
|-enditem|p2a: Marshadow|Focus Sash
|-damage|p2a: Marshadow|1/100
|move|p2a: Marshadow|Spectral Thief||[still]
|-clearpositiveboost|p1a: Zekrom|p2a: Marshadow|move: Spectral Thief
|-boost|p2a: Marshadow|atk|1
|-boost|p2a: Marshadow|spe|1
|-anim|p2a: Marshadow|Spectral Thief|p1a: Zekrom
|-damage|p1a: Zekrom|0 fnt
|faint|p1a: Zekrom
|
|upkeep
|
|t:|1641929043
|switch|p1a: Zygarde|Zygarde|100/100
|turn|11
|
|t:|1641929052
|move|p2a: Marshadow|Close Combat|p1a: Zygarde
|-damage|p1a: Zygarde|53/100
|-unboost|p2a: Marshadow|def|1
|-unboost|p2a: Marshadow|spd|1
|move|p1a: Zygarde|Glare|p2a: Marshadow
|-status|p2a: Marshadow|par
|
|-heal|p1a: Zygarde|60/100|[from] item: Leftovers
|upkeep
|turn|12
|
|t:|1641929056
|move|p2a: Marshadow|Close Combat|p1a: Zygarde
|-damage|p1a: Zygarde|13/100
|-unboost|p2a: Marshadow|def|1
|-unboost|p2a: Marshadow|spd|1
|move|p1a: Zygarde|Thousand Arrows|p2a: Marshadow
|-damage|p2a: Marshadow|0 fnt
|faint|p2a: Marshadow
|
|-heal|p1a: Zygarde|19/100|[from] item: Leftovers
|-fieldend|move: Electric Terrain
|-activate|p1a: Zygarde|ability: Power Construct
|detailschange|p1a: Zygarde|Zygarde-Complete
|-heal|p1a: Zygarde|47/100|[silent]
|upkeep
|
|t:|1641929069
|switch|p2a: Arceus|Arceus-Ground|45/100
|turn|13
|
|t:|1641929076
|switch|p2a: Kyogre|Kyogre-Primal, shiny|38/100
|-weather|PrimordialSea|[from] ability: Primordial Sea|[of] p2a: Kyogre
|switch|p1a: Ho-Oh|Ho-Oh|100/100
|
|-weather|PrimordialSea|[upkeep]
|upkeep
|turn|14
|
|t:|1641929083
|move|p1a: Ho-Oh|Toxic|p2a: Kyogre
|-status|p2a: Kyogre|tox
|move|p2a: Kyogre|Origin Pulse|p1a: Ho-Oh
|-supereffective|p1a: Ho-Oh
|-damage|p1a: Ho-Oh|0 fnt
|faint|p1a: Ho-Oh
|
|-weather|PrimordialSea|[upkeep]
|-damage|p2a: Kyogre|31/100 tox|[from] psn
|upkeep
|
|t:|1641929102
|switch|p1a: Zygarde|Zygarde-Complete|47/100
|turn|15
|
|t:|1641929108
|move|p2a: Kyogre|Ice Beam|p1a: Zygarde
|-supereffective|p1a: Zygarde
|-damage|p1a: Zygarde|0 fnt
|faint|p1a: Zygarde
|
|-weather|PrimordialSea|[upkeep]
|-damage|p2a: Kyogre|19/100 tox|[from] psn
|upkeep
|-message|Master of Pyroars forfeited.
|
|win|rowletroost
|raw|Master of Pyroars's rating: 1609 &rarr; <strong>1599</strong><br />(-10 for losing)
|raw|rowletroost's rating: 1793 &rarr; <strong>1803</strong><br />(+10 for winning)
|l|☆Master of Pyroars
||Ladder isn't responding, score probably updated but might not have (Request timeout).
