|j|☆High ladder bros
|j|☆Mr_kraft_
|t:|1663532647
|gametype|singles
|player|p1|High ladder bros|adaman|1882
|player|p2|Mr_kraft_|265|1745
|teamsize|p1|6
|teamsize|p2|6
|gen|8
|tier|[Gen 8] National Dex AG
|rated|
|rule|HP Percentage Mod: HP is shown in percentages
|rule|Endless Battle Clause: Forcing endless battles is banned
|clearpoke
|poke|p1|Rayquaza|
|poke|p1|Arceus-*|
|poke|p1|Arceus-*|
|poke|p1|Tyranitar, F|
|poke|p1|Ho-Oh|
|poke|p1|Necrozma-Dusk-Mane|
|poke|p2|Groudon|
|poke|p2|Marshadow|
|poke|p2|Zacian-*|
|poke|p2|Ditto|
|poke|p2|Kyurem-Black|
|poke|p2|Yveltal|
|teampreview
|inactive|Battle timer is ON: inactive players will automatically lose when time's up. (requested by High ladder bros)
|
|t:|1663532663
|start
|switch|p1a: 1|Rayquaza|100/100
|switch|p2a: Groudon|Groudon|100/100
|-ability|p1a: 1|Air Lock
|detailschange|p2a: Groudon|Groudon-Primal
|-primal|p2a: Groudon
|-weather|DesolateLand|[from] ability: Desolate Land|[of] p2a: Groudon
|turn|1
|
|t:|1663532666
|-weather|none
|switch|p2a: Kyurem|Kyurem-Black|100/100
|-ability|p2a: Kyurem|Teravolt
|detailschange|p1a: 1|Rayquaza-Mega
|-mega|p1a: 1|Rayquaza|
|-weather|DeltaStream|[from] ability: Delta Stream|[of] p1a: 1
|move|p1a: 1|Waterfall|p2a: Kyurem
|-resisted|p2a: Kyurem
|-damage|p2a: Kyurem|76/100
|
|-weather|DeltaStream|[upkeep]
|upkeep
|turn|2
|
|t:|1663532673
|-weather|none
|switch|p1a: Arceus|Arceus-Water, shiny|100/100
|move|p2a: Kyurem|Icicle Spear|p1a: Arceus
|-resisted|p1a: Arceus
|-damage|p1a: Arceus|96/100
|-resisted|p1a: Arceus
|-damage|p1a: Arceus|92/100
|-resisted|p1a: Arceus
|-damage|p1a: Arceus|88/100
|-resisted|p1a: Arceus
|-crit|p1a: Arceus
|-damage|p1a: Arceus|82/100
|-resisted|p1a: Arceus
|-damage|p1a: Arceus|78/100
|-hitcount|p1a: Arceus|5
|
|upkeep
|turn|3
|
|t:|1663532677
|switch|p2a: Groudon|Groudon-Primal|100/100
|-weather|DesolateLand|[from] ability: Desolate Land|[of] p2a: Groudon
|move|p1a: Arceus|Will-O-Wisp|p2a: Groudon
|-immune|p2a: Groudon
|
|-weather|DesolateLand|[upkeep]
|upkeep
|turn|4
|
|t:|1663532681
|switch|p1a: 1|Rayquaza-Mega|100/100
|-weather|DeltaStream|[from] ability: Delta Stream|[of] p1a: 1
|move|p2a: Groudon|Precipice Blades|p1a: 1
|-immune|p1a: 1
|
|-weather|DeltaStream|[upkeep]
|upkeep
|turn|5
|
|t:|1663532685
|switch|p2a: Kyurem|Kyurem-Black|76/100
|-ability|p2a: Kyurem|Teravolt
|move|p1a: 1|Dragon Ascent|p2a: Kyurem
|-damage|p2a: Kyurem|0 fnt
|-unboost|p1a: 1|def|1
|-unboost|p1a: 1|spd|1
|faint|p2a: Kyurem
|
|-weather|DeltaStream|[upkeep]
|upkeep
|
|t:|1663532691
|switch|p2a: Marshadow|Marshadow|100/100
|turn|6
|
|t:|1663532697
|move|p2a: Marshadow|Ice Punch|p1a: 1
|-activate||deltastream
|-supereffective|p1a: 1
|-damage|p1a: 1|31/100
|move|p1a: 1|Dragon Ascent|p2a: Marshadow
|-supereffective|p2a: Marshadow
|-enditem|p2a: Marshadow|Focus Sash
|-damage|p2a: Marshadow|1/100
|-unboost|p1a: 1|def|1
|-unboost|p1a: 1|spd|1
|
|-weather|DeltaStream|[upkeep]
|upkeep
|turn|7
|
|t:|1663532709
|-weather|none
|switch|p1a: Necrozma|Necrozma-Dusk-Mane, shiny|100/100
|move|p2a: Marshadow|Close Combat|p1a: Necrozma
|-damage|p1a: Necrozma|69/100
|-unboost|p2a: Marshadow|def|1
|-unboost|p2a: Marshadow|spd|1
|-damage|p2a: Marshadow|0 fnt|[from] item: Rocky Helmet|[of] p1a: Necrozma
|faint|p2a: Marshadow
|
|upkeep
|
|t:|1663532717
|switch|p2a: Groudon|Groudon-Primal|100/100
|-weather|DesolateLand|[from] ability: Desolate Land|[of] p2a: Groudon
|turn|8
|
|t:|1663532720
|switch|p1a: 1|Rayquaza-Mega|31/100
|-weather|DeltaStream|[from] ability: Delta Stream|[of] p1a: 1
|move|p2a: Groudon|Heat Crash|p1a: 1
|-resisted|p1a: 1
|-damage|p1a: 1|10/100
|
|-weather|DeltaStream|[upkeep]
|upkeep
|turn|9
|
|t:|1663532730
|switch|p2a: Ditto|Ditto|100/100
|-transform|p2a: Ditto|p1a: 1|[from] ability: Imposter
|move|p1a: 1|Waterfall|p2a: Ditto
|-resisted|p2a: Ditto
|-damage|p2a: Ditto|67/100
|
|-weather|DeltaStream|[upkeep]
|upkeep
|turn|10
|
|t:|1663532741
|switch|p1a: Ho-Oh|Ho-Oh, shiny|100/100
|move|p2a: Ditto|V-create|p1a: Ho-Oh
|-resisted|p1a: Ho-Oh
|-damage|p1a: Ho-Oh|64/100
|-unboost|p2a: Ditto|spe|1
|-unboost|p2a: Ditto|def|1
|-unboost|p2a: Ditto|spd|1
|
|-weather|DeltaStream|[upkeep]
|upkeep
|turn|11
|
|t:|1663532752
|-weather|none
|switch|p2a: Groudon|Groudon-Primal|100/100
|-weather|DesolateLand|[from] ability: Desolate Land|[of] p2a: Groudon
|move|p1a: Ho-Oh|Toxic|p2a: Groudon
|-status|p2a: Groudon|tox
|
|-weather|DesolateLand|[upkeep]
|-damage|p2a: Groudon|94/100 tox|[from] psn
|upkeep
|turn|12
|
|t:|1663532756
|switch|p1a: 1|Rayquaza-Mega|10/100
|-weather|DeltaStream|[from] ability: Delta Stream|[of] p1a: 1
|move|p2a: Groudon|Heat Crash|p1a: 1
|-resisted|p1a: 1
|-damage|p1a: 1|0 fnt
|faint|p1a: 1
|-weather|none
|
|-damage|p2a: Groudon|82/100 tox|[from] psn
|upkeep
|
|t:|1663532759
|switch|p1a: Arceus|Arceus-Ground, shiny|100/100
|turn|13
|
|t:|1663532767
|switch|p2a: Yveltal|Yveltal|100/100
|-ability|p2a: Yveltal|Dark Aura
|move|p1a: Arceus|Judgment|p2a: Yveltal
|-immune|p2a: Yveltal
|
|upkeep
|turn|14
|
|t:|1663532771
|-start|p1a: Arceus|Dynamax|
|-heal|p1a: Arceus|100/100|[silent]
|move|p1a: Arceus|Max Hailstorm|p2a: Yveltal
|-supereffective|p2a: Yveltal
|-damage|p2a: Yveltal|30/100
|-weather|Hail
|move|p2a: Yveltal|Dark Pulse|p1a: Arceus
|-damage|p1a: Arceus|74/100
|-damage|p2a: Yveltal|20/100|[from] item: Life Orb
|
|-weather|Hail|[upkeep]
|-damage|p1a: Arceus|71/100|[from] Hail
|-damage|p2a: Yveltal|14/100|[from] Hail
|upkeep
|turn|15
|
|t:|1663532781
|move|p1a: Arceus|Max Hailstorm|p2a: Yveltal
|-supereffective|p2a: Yveltal
|-damage|p2a: Yveltal|0 fnt
|faint|p2a: Yveltal
|
|-weather|Hail|[upkeep]
|-damage|p1a: Arceus|68/100|[from] Hail
|upkeep
|
|t:|1663532784
|switch|p2a: Ditto|Ditto|67/100
|-transform|p2a: Ditto|p1a: Arceus|[from] ability: Imposter
|turn|16
|
|t:|1663532788
|-start|p2a: Ditto|Dynamax|
|-heal|p2a: Ditto|67/100|[silent]
|move|p2a: Ditto|Max Hailstorm|p1a: Arceus
|-supereffective|p1a: Arceus
|-damage|p1a: Arceus|37/100
|move|p1a: Arceus|Max Quake|p2a: Ditto
|-damage|p2a: Ditto|30/100
|-boost|p1a: Arceus|spd|1
|
|-weather|Hail|[upkeep]
|-damage|p1a: Arceus|34/100|[from] Hail
|-damage|p2a: Ditto|27/100|[from] Hail
|upkeep
|-end|p1a: Arceus|Dynamax
|-heal|p1a: Arceus|35/100|[silent]
|turn|17
|
|t:|1663532794
|move|p2a: Ditto|Max Hailstorm|p1a: Arceus
|-supereffective|p1a: Arceus
|-damage|p1a: Arceus|0 fnt
|faint|p1a: Arceus
|
|-weather|Hail|[upkeep]
|-damage|p2a: Ditto|24/100|[from] Hail
|upkeep
|
|t:|1663532806
|switch|p1a: Ho-Oh|Ho-Oh, shiny|97/100
|turn|18
|
|t:|1663532814
|move|p2a: Ditto|Max Strike|p1a: Ho-Oh
|-damage|p1a: Ho-Oh|77/100
|-unboost|p1a: Ho-Oh|spe|1
|move|p1a: Ho-Oh|Sacred Fire|p2a: Ditto
|-damage|p2a: Ditto|2/100
|
|-weather|none
|upkeep
|-end|p2a: Ditto|Dynamax
|-heal|p2a: Ditto|2/100|[silent]
|turn|19
|
|t:|1663532828
|switch|p1a: Arceus|Arceus-Water, shiny|78/100
|move|p2a: Ditto|Recover|p2a: Ditto
|-heal|p2a: Ditto|52/100
|
|upkeep
|turn|20
|
|t:|1663532833
|switch|p2a: Groudon|Groudon-Primal|82/100 tox
|-weather|DesolateLand|[from] ability: Desolate Land|[of] p2a: Groudon
|move|p1a: Arceus|Recover|p1a: Arceus
|-heal|p1a: Arceus|100/100
|
|-weather|DesolateLand|[upkeep]
|-damage|p2a: Groudon|76/100 tox|[from] psn
|upkeep
|turn|21
|
|t:|1663532837
|move|p1a: Arceus|Ice Beam|p2a: Groudon
|-damage|p2a: Groudon|55/100 tox
|move|p2a: Groudon|Rest|p2a: Groudon
|-status|p2a: Groudon|slp|[from] move: Rest
|-heal|p2a: Groudon|100/100 slp|[silent]
|
|-weather|DesolateLand|[upkeep]
|upkeep
|turn|22
|
|t:|1663532851
|move|p1a: Arceus|Ice Beam|p2a: Groudon
|-crit|p2a: Groudon
|-damage|p2a: Groudon|68/100 slp
|cant|p2a: Groudon|slp
|move|p2a: Groudon|Sleep Talk|p2a: Groudon
|move|p2a: Groudon|Precipice Blades|p1a: Arceus|[from]move: Sleep Talk
|-damage|p1a: Arceus|60/100
|
|-weather|DesolateLand|[upkeep]
|upkeep
|turn|23
|
|t:|1663532858
|move|p1a: Arceus|Recover|p1a: Arceus
|-heal|p1a: Arceus|100/100
|cant|p2a: Groudon|slp
|move|p2a: Groudon|Sleep Talk|p2a: Groudon
|move|p2a: Groudon|Heat Crash|p1a: Arceus|[from]move: Sleep Talk
|-resisted|p1a: Arceus
|-damage|p1a: Arceus|79/100
|
|-weather|DesolateLand|[upkeep]
|upkeep
|turn|24
|
|t:|1663532863
|move|p1a: Arceus|Ice Beam|p2a: Groudon
|-damage|p2a: Groudon|46/100 slp
|-curestatus|p2a: Groudon|slp|[msg]
|move|p2a: Groudon|Sleep Talk||[still]
|-fail|p2a: Groudon
|
|-weather|DesolateLand|[upkeep]
|upkeep
|turn|25
|
|t:|1663532867
|move|p1a: Arceus|Ice Beam|p2a: Groudon
|-damage|p2a: Groudon|24/100
|move|p2a: Groudon|Rest|p2a: Groudon
|-status|p2a: Groudon|slp|[from] move: Rest
|-heal|p2a: Groudon|100/100 slp|[silent]
|
|-weather|DesolateLand|[upkeep]
|upkeep
|turn|26
|
|t:|1663532875
|move|p1a: Arceus|Recover|p1a: Arceus
|-heal|p1a: Arceus|100/100
|cant|p2a: Groudon|slp
|move|p2a: Groudon|Sleep Talk|p2a: Groudon
|move|p2a: Groudon|Rest||[from]move: Sleep Talk|[still]
|-fail|p2a: Groudon
|
|-weather|DesolateLand|[upkeep]
|upkeep
|turn|27
|
|t:|1663532880
|switch|p1a: Ho-Oh|Ho-Oh, shiny|100/100
|cant|p2a: Groudon|slp
|move|p2a: Groudon|Sleep Talk|p2a: Groudon
|move|p2a: Groudon|Rest||[from]move: Sleep Talk|[still]
|-fail|p2a: Groudon
|
|-weather|DesolateLand|[upkeep]
|upkeep
|turn|28
|
|t:|1663532886
|-curestatus|p2a: Groudon|slp|[msg]
|move|p2a: Groudon|Heat Crash|p1a: Ho-Oh
|-resisted|p1a: Ho-Oh
|-damage|p1a: Ho-Oh|42/100
|move|p1a: Ho-Oh|Whirlwind|p2a: Groudon
|-weather|none
|drag|p2a: Ditto|Ditto|52/100
|-transform|p2a: Ditto|p1a: Ho-Oh|[from] ability: Imposter
|
|upkeep
|turn|29
|j| Apprenti Buck
|
|t:|1663532896
|move|p2a: Ditto|Toxic|p1a: Ho-Oh
|-status|p1a: Ho-Oh|tox
|move|p1a: Ho-Oh|Toxic|p2a: Ditto
|-status|p2a: Ditto|tox
|
|-damage|p2a: Ditto|46/100 tox|[from] psn
|-damage|p1a: Ho-Oh|36/100 tox|[from] psn
|upkeep
|turn|30
|
|t:|1663532901
|switch|p2a: Groudon|Groudon-Primal|100/100
|-weather|DesolateLand|[from] ability: Desolate Land|[of] p2a: Groudon
|switch|p1a: Arceus|Arceus-Water, shiny|100/100
|
|-weather|DesolateLand|[upkeep]
|upkeep
|turn|31
|
|t:|1663532926
|switch|p1a: Ho-Oh|Ho-Oh, shiny|69/100 tox
|move|p2a: Groudon|Precipice Blades|p1a: Ho-Oh
|-immune|p1a: Ho-Oh
|
|-weather|DesolateLand|[upkeep]
|-damage|p1a: Ho-Oh|63/100 tox|[from] psn
|upkeep
|turn|32
|
|t:|1663532932
|switch|p1a: Arceus|Arceus-Water, shiny|100/100
|move|p2a: Groudon|Heat Crash|p1a: Arceus
|-resisted|p1a: Arceus
|-damage|p1a: Arceus|79/100
|
|-weather|DesolateLand|[upkeep]
|upkeep
|turn|33
|
|t:|1663532940
|switch|p1a: Ho-Oh|Ho-Oh, shiny|97/100 tox
|move|p2a: Groudon|Heat Crash|p1a: Ho-Oh
|-resisted|p1a: Ho-Oh
|-damage|p1a: Ho-Oh|36/100 tox
|
|-weather|DesolateLand|[upkeep]
|-damage|p1a: Ho-Oh|30/100 tox|[from] psn
|upkeep
|turn|34
|
|t:|1663532946
|switch|p1a: Arceus|Arceus-Water, shiny|79/100
|move|p2a: Groudon|Heat Crash|p1a: Arceus
|-resisted|p1a: Arceus
|-damage|p1a: Arceus|58/100
|
|-weather|DesolateLand|[upkeep]
|upkeep
|turn|35
|
|t:|1663532951
|-weather|none
|switch|p2a: Zacian|Zacian-Crowned|100/100
|-ability|p2a: Zacian|Intrepid Sword|boost
|-boost|p2a: Zacian|atk|1
|move|p1a: Arceus|Recover|p1a: Arceus
|-heal|p1a: Arceus|100/100
|
|upkeep
|turn|36
|
|t:|1663532954
|move|p2a: Zacian|Wild Charge|p1a: Arceus
|-supereffective|p1a: Arceus
|-damage|p1a: Arceus|48/100
|-damage|p2a: Zacian|82/100|[from] Recoil
|move|p1a: Arceus|Will-O-Wisp|p2a: Zacian
|-status|p2a: Zacian|brn
|
|-damage|p2a: Zacian|76/100 brn|[from] brn
|upkeep
|turn|37
|
|t:|1663532957
|move|p2a: Zacian|Wild Charge|p1a: Arceus
|-supereffective|p1a: Arceus
|-damage|p1a: Arceus|21/100
|-damage|p2a: Zacian|67/100 brn|[from] Recoil
|move|p1a: Arceus|Recover|p1a: Arceus
|-heal|p1a: Arceus|71/100
|
|-damage|p2a: Zacian|61/100 brn|[from] brn
|upkeep
|turn|38
|
|t:|1663532961
|move|p2a: Zacian|Wild Charge|p1a: Arceus
|-supereffective|p1a: Arceus
|-crit|p1a: Arceus
|-damage|p1a: Arceus|30/100
|-damage|p2a: Zacian|47/100 brn|[from] Recoil
|move|p1a: Arceus|Judgment|p2a: Zacian
|-crit|p2a: Zacian
|-damage|p2a: Zacian|0 fnt
|faint|p2a: Zacian
|
|upkeep
|
|t:|1663532970
|switch|p2a: Groudon|Groudon-Primal|100/100
|-weather|DesolateLand|[from] ability: Desolate Land|[of] p2a: Groudon
|turn|39
|
|t:|1663532973
|move|p1a: Arceus|Recover|p1a: Arceus
|-heal|p1a: Arceus|80/100
|move|p2a: Groudon|Precipice Blades|p1a: Arceus
|-damage|p1a: Arceus|36/100
|
|-weather|DesolateLand|[upkeep]
|upkeep
|turn|40
|
|t:|1663532978
|move|p1a: Arceus|Recover|p1a: Arceus
|-heal|p1a: Arceus|86/100
|move|p2a: Groudon|Precipice Blades|p1a: Arceus
|-damage|p1a: Arceus|46/100
|
|-weather|DesolateLand|[upkeep]
|upkeep
|turn|41
|
|t:|1663532984
|move|p1a: Arceus|Recover|p1a: Arceus
|-heal|p1a: Arceus|96/100
|move|p2a: Groudon|Precipice Blades|p1a: Arceus
|-damage|p1a: Arceus|50/100
|
|-weather|DesolateLand|[upkeep]
|upkeep
|turn|42
|
|t:|1663532992
|switch|p1a: Ho-Oh|Ho-Oh, shiny|63/100 tox
|move|p2a: Groudon|Precipice Blades|p1a: Ho-Oh
|-immune|p1a: Ho-Oh
|
|-weather|DesolateLand|[upkeep]
|-damage|p1a: Ho-Oh|57/100 tox|[from] psn
|upkeep
|turn|43
|
|t:|1663533008
|move|p1a: Ho-Oh|Toxic|p2a: Groudon
|-status|p2a: Groudon|tox
|move|p2a: Groudon|Precipice Blades|p1a: Ho-Oh
|-immune|p1a: Ho-Oh
|
|-weather|DesolateLand|[upkeep]
|-damage|p1a: Ho-Oh|45/100 tox|[from] psn
|-damage|p2a: Groudon|94/100 tox|[from] psn
|upkeep
|turn|44
|inactive|High ladder bros has 120 seconds left.
|
|t:|1663533046
|move|p2a: Groudon|Precipice Blades|p1a: Ho-Oh
|-immune|p1a: Ho-Oh
|move|p1a: Ho-Oh|Whirlwind|p2a: Groudon
|-weather|none
|drag|p2a: Ditto|Ditto|79/100 tox
|-transform|p2a: Ditto|p1a: Ho-Oh|[from] ability: Imposter
|
|-damage|p2a: Ditto|73/100 tox|[from] psn
|-damage|p1a: Ho-Oh|27/100 tox|[from] psn
|upkeep
|turn|45
|
|t:|1663533063
|switch|p2a: Groudon|Groudon-Primal|94/100 tox
|-weather|DesolateLand|[from] ability: Desolate Land|[of] p2a: Groudon
|switch|p1a: Arceus|Arceus-Water, shiny|50/100
|
|-weather|DesolateLand|[upkeep]
|-damage|p2a: Groudon|88/100 tox|[from] psn
|upkeep
|turn|46
|
|t:|1663533074
|move|p1a: Arceus|Recover|p1a: Arceus
|-heal|p1a: Arceus|99/100
|move|p2a: Groudon|Precipice Blades|p1a: Arceus|[miss]
|-miss|p2a: Groudon|p1a: Arceus
|
|-weather|DesolateLand|[upkeep]
|-damage|p2a: Groudon|76/100 tox|[from] psn
|upkeep
|turn|47
|
|t:|1663533077
|switch|p1a: Ho-Oh|Ho-Oh, shiny|60/100 tox
|move|p2a: Groudon|Rest|p2a: Groudon
|-status|p2a: Groudon|slp|[from] move: Rest
|-heal|p2a: Groudon|100/100 slp|[silent]
|
|-weather|DesolateLand|[upkeep]
|-damage|p1a: Ho-Oh|54/100 tox|[from] psn
|upkeep
|turn|48
|
|t:|1663533085
|switch|p1a: Arceus|Arceus-Water, shiny|99/100
|cant|p2a: Groudon|slp
|move|p2a: Groudon|Sleep Talk|p2a: Groudon
|move|p2a: Groudon|Rest||[from]move: Sleep Talk|[still]
|-fail|p2a: Groudon
|
|-weather|DesolateLand|[upkeep]
|upkeep
|turn|49
|
|t:|1663533096
|switch|p1a: Ho-Oh|Ho-Oh, shiny|87/100 tox
|cant|p2a: Groudon|slp
|move|p2a: Groudon|Sleep Talk|p2a: Groudon
|move|p2a: Groudon|Heat Crash|p1a: Ho-Oh|[from]move: Sleep Talk
|-resisted|p1a: Ho-Oh
|-damage|p1a: Ho-Oh|27/100 tox
|
|-weather|DesolateLand|[upkeep]
|-damage|p1a: Ho-Oh|21/100 tox|[from] psn
|upkeep
|turn|50
|
|t:|1663533105
|switch|p1a: Arceus|Arceus-Water, shiny|99/100
|-curestatus|p2a: Groudon|slp|[msg]
|move|p2a: Groudon|Precipice Blades|p1a: Arceus|[miss]
|-miss|p2a: Groudon|p1a: Arceus
|
|-weather|DesolateLand|[upkeep]
|upkeep
|turn|51
|
|t:|1663533112
|move|p1a: Arceus|Ice Beam|p2a: Groudon
|-damage|p2a: Groudon|79/100
|move|p2a: Groudon|Heat Crash|p1a: Arceus
|-resisted|p1a: Arceus
|-damage|p1a: Arceus|79/100
|
|-weather|DesolateLand|[upkeep]
|upkeep
|turn|52
|
|t:|1663533118
|switch|p1a: Ho-Oh|Ho-Oh, shiny|55/100 tox
|move|p2a: Groudon|Heat Crash|p1a: Ho-Oh
|-resisted|p1a: Ho-Oh
|-damage|p1a: Ho-Oh|0 fnt
|faint|p1a: Ho-Oh
|
|-weather|DesolateLand|[upkeep]
|upkeep
|
|t:|1663533127
|switch|p1a: Tyranitar|Tyranitar, F, shiny|100/100
|-ability|p1a: Tyranitar|Sand Stream|[from] desolateland|[fail]
|turn|53
|
|t:|1663533130
|move|p2a: Groudon|Precipice Blades|p1a: Tyranitar
|-supereffective|p1a: Tyranitar
|-damage|p1a: Tyranitar|0 fnt
|faint|p1a: Tyranitar
|
|-weather|DesolateLand|[upkeep]
|upkeep
|
|t:|1663533143
|switch|p1a: Arceus|Arceus-Water, shiny|79/100
|turn|54
|
|t:|1663533164
|move|p1a: Arceus|Ice Beam|p2a: Groudon
|-damage|p2a: Groudon|56/100
|move|p2a: Groudon|Precipice Blades|p1a: Arceus
|-damage|p1a: Arceus|35/100
|
|-weather|DesolateLand|[upkeep]
|upkeep
|turn|55
|c| Apprenti Buck|Are u dumb?
|c| Apprenti Buck|why are u sacking mond
|c| Apprenti Buck|mons
|
|t:|1663533182
|move|p1a: Arceus|Recover|p1a: Arceus
|-heal|p1a: Arceus|85/100
|move|p2a: Groudon|Precipice Blades|p1a: Arceus
|-damage|p1a: Arceus|43/100
|
|-weather|DesolateLand|[upkeep]
|upkeep
|turn|56
|j| luisYR_a
|l| luisYR_a
|c|☆High ladder bros|Shut up let me concentrate I wasn't expecting rest don
|inactive|High ladder bros has 120 seconds left.
|
|t:|1663533217
|move|p1a: Arceus|Recover|p1a: Arceus
|-heal|p1a: Arceus|93/100
|move|p2a: Groudon|Rest|p2a: Groudon
|-status|p2a: Groudon|slp|[from] move: Rest
|-heal|p2a: Groudon|100/100 slp|[silent]
|
|-weather|DesolateLand|[upkeep]
|upkeep
|turn|57
|inactive|High ladder bros has 120 seconds left.
|c| Apprenti Buck|It’s not about “expecting” bro
|
|t:|1663533237
|move|p1a: Arceus|Judgment||[still]
|-fail|p1a: Arceus|Judgment|[from] Desolate Land
|cant|p2a: Groudon|slp
|move|p2a: Groudon|Sleep Talk|p2a: Groudon
|move|p2a: Groudon|Rest||[from]move: Sleep Talk|[still]
|-fail|p2a: Groudon
|
|-weather|DesolateLand|[upkeep]
|upkeep
|turn|58
|c| Apprenti Buck|if thats ur mindset then ur rly wrong about the game
|c|☆High ladder bros|It is tho
|
|t:|1663533261
|move|p1a: Arceus|Judgment||[still]
|-fail|p1a: Arceus|Judgment|[from] Desolate Land
|cant|p2a: Groudon|slp
|move|p2a: Groudon|Sleep Talk|p2a: Groudon
|move|p2a: Groudon|Precipice Blades|p1a: Arceus|[from]move: Sleep Talk|[miss]
|-miss|p2a: Groudon|p1a: Arceus
|
|-weather|DesolateLand|[upkeep]
|upkeep
|turn|59
|c| Apprenti Buck|No
|
|t:|1663533273
|move|p1a: Arceus|Judgment||[still]
|-fail|p1a: Arceus|Judgment|[from] Desolate Land
|-curestatus|p2a: Groudon|slp|[msg]
|move|p2a: Groudon|Precipice Blades|p1a: Arceus
|-damage|p1a: Arceus|50/100
|
|-weather|DesolateLand|[upkeep]
|upkeep
|turn|60
|c| Apprenti Buck|its about prep counterplays and making good choices
|
|t:|1663533283
|move|p1a: Arceus|Recover|p1a: Arceus
|-heal|p1a: Arceus|100/100
|move|p2a: Groudon|Heat Crash|p1a: Arceus
|-resisted|p1a: Arceus
|-damage|p1a: Arceus|77/100
|
|-weather|DesolateLand|[upkeep]
|upkeep
|turn|61
|c| Apprenti Buck|u played very badly
|c| Apprenti Buck|Tho u had advantage
|inactive|High ladder bros has 90 seconds left.
|
|t:|1663533309
|-weather|none
|switch|p2a: Ditto|Ditto|100/100 tox
|-transform|p2a: Ditto|p1a: Arceus|[from] ability: Imposter
|move|p1a: Arceus|Judgment|p2a: Ditto
|-resisted|p2a: Ditto
|-damage|p2a: Ditto|77/100 tox
|
|-damage|p2a: Ditto|71/100 tox|[from] psn
|upkeep
|turn|62
|
|t:|1663533315
|switch|p1a: Necrozma|Necrozma-Dusk-Mane, shiny|69/100
|move|p2a: Ditto|Will-O-Wisp|p1a: Necrozma
|-status|p1a: Necrozma|brn
|
|-damage|p2a: Ditto|59/100 tox|[from] psn
|-damage|p1a: Necrozma|63/100 brn|[from] brn
|upkeep
|turn|63
|
|t:|1663533319
|switch|p2a: Groudon|Groudon-Primal|100/100
|-weather|DesolateLand|[from] ability: Desolate Land|[of] p2a: Groudon
|move|p1a: Necrozma|Morning Sun|p1a: Necrozma
|-heal|p1a: Necrozma|100/100 brn
|
|-weather|DesolateLand|[upkeep]
|-damage|p1a: Necrozma|94/100 brn|[from] brn
|upkeep
|turn|64
|
|t:|1663533332
|switch|p1a: Arceus|Arceus-Water, shiny|77/100
|move|p2a: Groudon|Heat Crash|p1a: Arceus
|-resisted|p1a: Arceus
|-damage|p1a: Arceus|56/100
|
|-weather|DesolateLand|[upkeep]
|upkeep
|turn|65
|
|t:|1663533350
|move|p1a: Arceus|Recover|p1a: Arceus
|-heal|p1a: Arceus|100/100
|move|p2a: Groudon|Precipice Blades|p1a: Arceus
|-damage|p1a: Arceus|56/100
|
|-weather|DesolateLand|[upkeep]
|upkeep
|turn|66
|
|t:|1663533359
|-weather|none
|switch|p2a: Ditto|Ditto|59/100 tox
|-transform|p2a: Ditto|p1a: Arceus|[from] ability: Imposter
|move|p1a: Arceus|Recover|p1a: Arceus
|-heal|p1a: Arceus|100/100
|
|-damage|p2a: Ditto|53/100 tox|[from] psn
|upkeep
|turn|67
|inactive|High ladder bros has 120 seconds left.
|
|t:|1663533374
|switch|p1a: Necrozma|Necrozma-Dusk-Mane, shiny|94/100 brn
|move|p2a: Ditto|Judgment|p1a: Necrozma
|-resisted|p1a: Necrozma
|-damage|p1a: Necrozma|83/100 brn
|
|-damage|p2a: Ditto|41/100 tox|[from] psn
|-damage|p1a: Necrozma|77/100 brn|[from] brn
|upkeep
|turn|68
|
|t:|1663533394
|switch|p2a: Groudon|Groudon-Primal|100/100
|-weather|DesolateLand|[from] ability: Desolate Land|[of] p2a: Groudon
|move|p1a: Necrozma|Morning Sun|p1a: Necrozma
|-heal|p1a: Necrozma|100/100 brn
|
|-weather|DesolateLand|[upkeep]
|-damage|p1a: Necrozma|94/100 brn|[from] brn
|upkeep
|turn|69
|
|t:|1663533404
|move|p2a: Groudon|Heat Crash|p1a: Necrozma
|-supereffective|p1a: Necrozma
|-damage|p1a: Necrozma|39/100 brn
|-damage|p2a: Groudon|84/100|[from] item: Rocky Helmet|[of] p1a: Necrozma
|move|p1a: Necrozma|Morning Sun|p1a: Necrozma
|-heal|p1a: Necrozma|100/100 brn
|
|-weather|DesolateLand|[upkeep]
|-damage|p1a: Necrozma|94/100 brn|[from] brn
|upkeep
|turn|70
|inactive|High ladder bros has 120 seconds left.
|
|t:|1663533411
|move|p2a: Groudon|Precipice Blades|p1a: Necrozma
|-supereffective|p1a: Necrozma
|-damage|p1a: Necrozma|26/100 brn
|move|p1a: Necrozma|Morning Sun|p1a: Necrozma
|-heal|p1a: Necrozma|92/100 brn
|
|-weather|DesolateLand|[upkeep]
|-damage|p1a: Necrozma|86/100 brn|[from] brn
|upkeep
|turn|71
|inactive|High ladder bros has 120 seconds left.
|
|t:|1663533430
|-weather|none
|switch|p2a: Ditto|Ditto|41/100 tox
|-transform|p2a: Ditto|p1a: Necrozma|[from] ability: Imposter
|switch|p1a: Arceus|Arceus-Water, shiny|100/100
|
|-damage|p2a: Ditto|35/100 tox|[from] psn
|upkeep
|turn|72
|inactive|High ladder bros has 120 seconds left.
|
|t:|1663533437
|move|p2a: Ditto|Stone Edge|p1a: Arceus
|-damage|p1a: Arceus|84/100
|move|p1a: Arceus|Ice Beam|p2a: Ditto
|-resisted|p2a: Ditto
|-damage|p2a: Ditto|23/100 tox
|
|-damage|p2a: Ditto|11/100 tox|[from] psn
|upkeep
|turn|73
|
|t:|1663533440
|move|p2a: Ditto|Stone Edge|p1a: Arceus|[miss]
|-miss|p2a: Ditto|p1a: Arceus
|move|p1a: Arceus|Judgment|p2a: Ditto
|-damage|p2a: Ditto|0 fnt
|faint|p2a: Ditto
|
|upkeep
|
|t:|1663533442
|switch|p2a: Groudon|Groudon-Primal|84/100
|-weather|DesolateLand|[from] ability: Desolate Land|[of] p2a: Groudon
|turn|74
|
|t:|1663533450
|move|p1a: Arceus|Ice Beam|p2a: Groudon
|-damage|p2a: Groudon|62/100
|move|p2a: Groudon|Rest|p2a: Groudon
|-status|p2a: Groudon|slp|[from] move: Rest
|-heal|p2a: Groudon|100/100 slp|[silent]
|
|-weather|DesolateLand|[upkeep]
|upkeep
|turn|75
|
|t:|1663533457
|move|p1a: Arceus|Will-O-Wisp||[still]
|-fail|p1a: Arceus
|cant|p2a: Groudon|slp
|move|p2a: Groudon|Sleep Talk|p2a: Groudon
|move|p2a: Groudon|Precipice Blades|p1a: Arceus|[from]move: Sleep Talk
|-damage|p1a: Arceus|42/100
|
|-weather|DesolateLand|[upkeep]
|upkeep
|turn|76
|c| Apprenti Buck|Seems like ur opp is worse
|j| luisYR_a
|l| luisYR_a
|c|☆High ladder bros|Indeed
|c|☆High ladder bros|I was playing bad anyway
|c| Apprenti Buck|Bro stop using sleep talk
|inactive|High ladder bros has 120 seconds left.
|c| Apprenti Buck|ur wasting pps
|c|☆High ladder bros|Ayo why you helping lmao
|c| Apprenti Buck|and it’s rly all wut it’s about
|
|t:|1663533509
|move|p1a: Arceus|Will-O-Wisp||[still]
|-fail|p1a: Arceus
|cant|p2a: Groudon|slp
|move|p2a: Groudon|Sleep Talk|p2a: Groudon
|move|p2a: Groudon|Precipice Blades|p1a: Arceus|[from]move: Sleep Talk
|-damage|p1a: Arceus|2/100
|
|-weather|DesolateLand|[upkeep]
|upkeep
|turn|77
|c| Apprenti Buck|because it makes me sick
|
|t:|1663533516
|move|p1a: Arceus|Recover|p1a: Arceus
|-heal|p1a: Arceus|52/100
|-curestatus|p2a: Groudon|slp|[msg]
|move|p2a: Groudon|Heat Crash|p1a: Arceus
|-resisted|p1a: Arceus
|-damage|p1a: Arceus|29/100
|
|-weather|DesolateLand|[upkeep]
|upkeep
|turn|78
|c| Apprenti Buck|to see people playing so badly
|
|t:|1663533524
|move|p1a: Arceus|Recover|p1a: Arceus
|-heal|p1a: Arceus|79/100
|move|p2a: Groudon|Heat Crash|p1a: Arceus
|-resisted|p1a: Arceus
|-damage|p1a: Arceus|59/100
|
|-weather|DesolateLand|[upkeep]
|upkeep
|turn|79
|inactive|High ladder bros has 120 seconds left.
|inactive|High ladder bros has 90 seconds left.
|
|t:|1663533563
|move|p1a: Arceus|Ice Beam|p2a: Groudon
|-damage|p2a: Groudon|80/100
|move|p2a: Groudon|Heat Crash|p1a: Arceus
|-resisted|p1a: Arceus
|-damage|p1a: Arceus|36/100
|
|-weather|DesolateLand|[upkeep]
|upkeep
|turn|80
|c| Apprenti Buck|All those sleep talk pp wasted
|j| luisYR_a
|l| luisYR_a
|
|t:|1663533571
|move|p1a: Arceus|Ice Beam|p2a: Groudon
|-damage|p2a: Groudon|57/100
|move|p2a: Groudon|Heat Crash|p1a: Arceus
|-resisted|p1a: Arceus
|-damage|p1a: Arceus|14/100
|
|-weather|DesolateLand|[upkeep]
|upkeep
|turn|81
|
|t:|1663533576
|move|p1a: Arceus|Ice Beam|p2a: Groudon
|-damage|p2a: Groudon|35/100
|move|p2a: Groudon|Rest|p2a: Groudon
|-status|p2a: Groudon|slp|[from] move: Rest
|-heal|p2a: Groudon|100/100 slp|[silent]
|
|-weather|DesolateLand|[upkeep]
|upkeep
|turn|82
|c| Apprenti Buck|Dont attack him
|c| Apprenti Buck|Hlb
|
|t:|1663533591
|switch|p1a: Necrozma|Necrozma-Dusk-Mane, shiny|86/100 brn
|cant|p2a: Groudon|slp
|move|p2a: Groudon|Sleep Talk|p2a: Groudon
|move|p2a: Groudon|Rest||[from]move: Sleep Talk|[still]
|-fail|p2a: Groudon
|
|-weather|DesolateLand|[upkeep]
|-damage|p1a: Necrozma|80/100 brn|[from] brn
|upkeep
|turn|83
|j| Skarfonic
|c| Apprenti Buck|Man just blindly using sleep talk
|inactive|High ladder bros has 90 seconds left.
|
|t:|1663533617
|switch|p1a: Arceus|Arceus-Water, shiny|14/100
|cant|p2a: Groudon|slp
|move|p2a: Groudon|Sleep Talk|p2a: Groudon
|move|p2a: Groudon|Precipice Blades|p1a: Arceus|[from]move: Sleep Talk
|-damage|p1a: Arceus|0 fnt
|faint|p1a: Arceus
|
|-weather|DesolateLand|[upkeep]
|upkeep
|inactive|High ladder bros has 90 seconds left.
|c| Apprenti Buck|There we go
|inactive|High ladder bros has 60 seconds left.
|c|☆High ladder bros|Bruh I'm seeing 0 preci left wtf
|
|t:|1663533662
|switch|p1a: Necrozma|Necrozma-Dusk-Mane, shiny|80/100 brn
|turn|84
|
|t:|1663533667
|-curestatus|p2a: Groudon|slp|[msg]
|move|p2a: Groudon|Heat Crash|p1a: Necrozma
|-supereffective|p1a: Necrozma
|-crit|p1a: Necrozma
|-damage|p1a: Necrozma|2/100 brn
|-damage|p2a: Groudon|84/100|[from] item: Rocky Helmet|[of] p1a: Necrozma
|move|p1a: Necrozma|Morning Sun|p1a: Necrozma
|-heal|p1a: Necrozma|68/100 brn
|
|-weather|DesolateLand|[upkeep]
|-damage|p1a: Necrozma|62/100 brn|[from] brn
|upkeep
|turn|85
|inactive|High ladder bros has 60 seconds left.
|
|t:|1663533679
|move|p2a: Groudon|Rest|p2a: Groudon
|-status|p2a: Groudon|slp|[from] move: Rest
|-heal|p2a: Groudon|100/100 slp|[silent]
|move|p1a: Necrozma|Morning Sun|p1a: Necrozma
|-heal|p1a: Necrozma|100/100 brn
|
|-weather|DesolateLand|[upkeep]
|-damage|p1a: Necrozma|94/100 brn|[from] brn
|upkeep
|turn|86
|
|t:|1663533683
|cant|p2a: Groudon|slp
|move|p2a: Groudon|Sleep Talk|p2a: Groudon
|move|p2a: Groudon|Precipice Blades|p1a: Necrozma|[from]move: Sleep Talk
|-supereffective|p1a: Necrozma
|-damage|p1a: Necrozma|25/100 brn
|move|p1a: Necrozma|Iron Head|p2a: Groudon
|-resisted|p2a: Groudon
|-damage|p2a: Groudon|95/100 slp
|
|-weather|DesolateLand|[upkeep]
|-damage|p1a: Necrozma|19/100 brn|[from] brn
|upkeep
|turn|87
|inactive|High ladder bros has 60 seconds left.
|-message|High ladder bros forfeited.
|
|win|Mr_kraft_
|raw|High ladder bros's rating: 1882 &rarr; <strong>1854</strong><br />(-28 for losing)
|raw|Mr_kraft_'s rating: 1745 &rarr; <strong>1773</strong><br />(+28 for winning)
|l|☆High ladder bros
|c|☆Mr_kraft_|gg
|l| Skarfonic
|l| Apprenti Buck
||Ladder isn't responding, score probably updated but might not have (Request timeout).
