|j|☆t3m9o
|j|☆Chompychipper
|t:|1666494503
|gametype|singles
|player|p1|t3m9o|265|1482
|player|p2|Chompychipper|maxie-gen6|1755
|teamsize|p1|6
|teamsize|p2|6
|gen|8
|tier|[Gen 8] National Dex AG
|rated|
|rule|HP Percentage Mod: HP is shown in percentages
|rule|Endless Battle Clause: Forcing endless battles is banned
|clearpoke
|poke|p1|Azelf|
|poke|p1|Darkrai|
|poke|p1|Arceus-*|
|poke|p1|Kyogre|
|poke|p1|Greninja, M|
|poke|p1|Zacian-*|
|poke|p2|Groudon|
|poke|p2|Groudon|
|poke|p2|Groudon|
|poke|p2|Groudon|
|poke|p2|Groudon|
|poke|p2|Groudon|
|teampreview
|c|☆t3m9o|ok
|
|t:|1666494527
|start
|switch|p1a: Azelf|Azelf|100/100
|switch|p2a: Groudon|Groudon|100/100
|-weather|SunnyDay|[from] ability: Drought|[of] p2a: Groudon
|turn|1
|
|t:|1666494532
|move|p1a: Azelf|Taunt|p2a: Groudon
|-start|p2a: Groudon|move: Taunt
|move|p2a: Groudon|Fire Punch|p1a: Azelf
|-damage|p1a: Azelf|36/100
|
|-weather|SunnyDay|[upkeep]
|upkeep
|turn|2
|
|t:|1666494534
|move|p1a: Azelf|Stealth Rock|p2a: Groudon
|-sidestart|p2: Chompychipper|move: Stealth Rock
|move|p2a: Groudon|Fire Punch|p1a: Azelf
|-damage|p1a: Azelf|0 fnt
|faint|p1a: Azelf
|
|-weather|SunnyDay|[upkeep]
|upkeep
|
|t:|1666494538
|switch|p1a: Kyogre|Kyogre|100/100
|-weather|RainDance|[from] ability: Drizzle|[of] p1a: Kyogre
|turn|3
|
|t:|1666494554
|switch|p2a: Groudon|Groudon|100/100
|-damage|p2a: Groudon|94/100|[from] Stealth Rock
|detailschange|p2a: Groudon|Groudon-Primal
|-primal|p2a: Groudon
|-weather|DesolateLand|[from] ability: Desolate Land|[of] p2a: Groudon
|move|p1a: Kyogre|Ice Beam|p2a: Groudon
|-damage|p2a: Groudon|60/100
|
|-weather|DesolateLand|[upkeep]
|upkeep
|turn|4
|
|t:|1666494565
|switch|p1a: Arceus|Arceus|100/100
|move|p2a: Groudon|Precipice Blades|p1a: Arceus
|-damage|p1a: Arceus|54/100
|
|-weather|DesolateLand|[upkeep]
|-heal|p1a: Arceus|60/100|[from] item: Leftovers
|upkeep
|turn|5
|
|t:|1666494573
|move|p1a: Arceus|Swords Dance|p1a: Arceus
|-boost|p1a: Arceus|atk|2
|move|p2a: Groudon|Precipice Blades|p1a: Arceus|[miss]
|-miss|p2a: Groudon|p1a: Arceus
|
|-weather|DesolateLand|[upkeep]
|-heal|p1a: Arceus|66/100|[from] item: Leftovers
|upkeep
|turn|6
|
|t:|1666494577
|move|p1a: Arceus|Earthquake|p2a: Groudon
|-supereffective|p2a: Groudon
|-damage|p2a: Groudon|0 fnt
|faint|p2a: Groudon
|-weather|none
|
|-heal|p1a: Arceus|72/100|[from] item: Leftovers
|upkeep
|
|t:|1666494590
|switch|p2a: Groudon|Groudon|100/100
|-damage|p2a: Groudon|94/100|[from] Stealth Rock
|-weather|SunnyDay|[from] ability: Drought|[of] p2a: Groudon
|turn|7
|
|t:|1666494593
|-start|p2a: Groudon|Dynamax|
|-heal|p2a: Groudon|94/100|[silent]
|move|p1a: Arceus|Extreme Speed|p2a: Groudon
|-damage|p2a: Groudon|60/100
|move|p2a: Groudon|Max Airstream|p1a: Arceus
|-damage|p1a: Arceus|44/100
|-boost|p2a: Groudon|spe|1
|
|-weather|SunnyDay|[upkeep]
|-heal|p1a: Arceus|50/100|[from] item: Leftovers
|upkeep
|turn|8
|
|t:|1666494599
|move|p1a: Arceus|Extreme Speed|p2a: Groudon
|-damage|p2a: Groudon|25/100
|move|p2a: Groudon|Max Quake|p1a: Arceus
|-damage|p1a: Arceus|0 fnt
|-boost|p2a: Groudon|spd|1
|faint|p1a: Arceus
|
|-weather|SunnyDay|[upkeep]
|upkeep
|
|t:|1666494605
|switch|p1a: Darkrai|Darkrai|100/100
|turn|9
|
|t:|1666494608
|move|p1a: Darkrai|Ice Beam|p2a: Groudon
|-supereffective|p2a: Groudon
|-damage|p2a: Groudon|0 fnt
|faint|p2a: Groudon
|
|-weather|SunnyDay|[upkeep]
|upkeep
|
|t:|1666494623
|switch|p2a: Groudon|Groudon|100/100
|-damage|p2a: Groudon|94/100|[from] Stealth Rock
|detailschange|p2a: Groudon|Groudon-Primal
|-primal|p2a: Groudon
|-weather|DesolateLand|[from] ability: Desolate Land|[of] p2a: Groudon
|turn|10
|
|t:|1666494625
|move|p1a: Darkrai|Ice Beam|p2a: Groudon
|-damage|p2a: Groudon|57/100
|move|p2a: Groudon|Eruption|p1a: Darkrai
|-damage|p1a: Darkrai|11/100
|
|-weather|DesolateLand|[upkeep]
|upkeep
|turn|11
|
|t:|1666494632
|move|p1a: Darkrai|Ice Beam|p2a: Groudon
|-damage|p2a: Groudon|19/100
|move|p2a: Groudon|Eruption|p1a: Darkrai
|-damage|p1a: Darkrai|0 fnt
|faint|p1a: Darkrai
|
|-weather|DesolateLand|[upkeep]
|upkeep
|
|t:|1666494639
|switch|p1a: Greninja|Greninja, M|100/100
|turn|12
|
|t:|1666494642
|move|p1a: Greninja|Low Kick|p2a: Groudon
|-damage|p2a: Groudon|0 fnt
|faint|p2a: Groudon
|-weather|none
|-activate|p1a: Greninja|ability: Battle Bond
|detailschange|p1a: Greninja|Greninja-Ash, M
|-damage|p1a: Greninja|91/100|[from] item: Life Orb
|
|upkeep
|
|t:|1666494656
|switch|p2a: Groudon|Groudon|100/100
|-damage|p2a: Groudon|94/100|[from] Stealth Rock
|-weather|SunnyDay|[from] ability: Drought|[of] p2a: Groudon
|turn|13
|
|t:|1666494663
|move|p2a: Groudon|Precipice Blades|p1a: Greninja
|-damage|p1a: Greninja|0 fnt
|faint|p1a: Greninja
|
|-weather|SunnyDay|[upkeep]
|upkeep
|
|t:|1666494668
|switch|p1a: Kyogre|Kyogre|100/100
|-weather|RainDance|[from] ability: Drizzle|[of] p1a: Kyogre
|turn|14
|
|t:|1666494684
|-start|p1a: Kyogre|Dynamax|
|-heal|p1a: Kyogre|100/100|[silent]
|move|p2a: Groudon|Precipice Blades|p1a: Kyogre
|-damage|p1a: Kyogre|61/100
|move|p1a: Kyogre|Max Hailstorm|p2a: Groudon
|-supereffective|p2a: Groudon
|-damage|p2a: Groudon|0 fnt
|-weather|Hail
|faint|p2a: Groudon
|
|-weather|Hail|[upkeep]
|-damage|p1a: Kyogre|58/100|[from] Hail
|upkeep
|
|t:|1666494697
|switch|p2a: Groudon|Groudon|100/100
|-damage|p2a: Groudon|94/100|[from] Stealth Rock
|-weather|SunnyDay|[from] ability: Drought|[of] p2a: Groudon
|turn|15
|
|t:|1666494702
|move|p1a: Kyogre|Max Hailstorm|p2a: Groudon
|-supereffective|p2a: Groudon
|-damage|p2a: Groudon|2/100
|-weather|Hail
|move|p2a: Groudon|Earthquake|p1a: Kyogre
|-damage|p1a: Kyogre|20/100
|
|-weather|Hail|[upkeep]
|-damage|p1a: Kyogre|17/100|[from] Hail
|upkeep
|turn|16
|
|t:|1666494717
|move|p1a: Kyogre|Max Geyser|p2a: Groudon
|-supereffective|p2a: Groudon
|-damage|p2a: Groudon|0 fnt
|-weather|RainDance
|faint|p2a: Groudon
|
|-weather|RainDance|[upkeep]
|upkeep
|
|t:|1666494721
|switch|p2a: Groudon|Groudon|100/100
|-damage|p2a: Groudon|94/100|[from] Stealth Rock
|detailschange|p2a: Groudon|Groudon-Primal
|-primal|p2a: Groudon
|-weather|DesolateLand|[from] ability: Desolate Land|[of] p2a: Groudon
|-end|p1a: Kyogre|Dynamax
|-heal|p1a: Kyogre|17/100|[silent]
|turn|17
|
|t:|1666494726
|move|p1a: Kyogre|Ice Beam|p2a: Groudon
|-damage|p2a: Groudon|44/100
|move|p2a: Groudon|Earthquake|p1a: Kyogre
|-crit|p1a: Kyogre
|-damage|p1a: Kyogre|0 fnt
|faint|p1a: Kyogre
|
|-weather|DesolateLand|[upkeep]
|upkeep
|
|t:|1666494729
|switch|p1a: Zacian|Zacian-Crowned|100/100
|-ability|p1a: Zacian|Intrepid Sword|boost
|-boost|p1a: Zacian|atk|1
|turn|18
|
|t:|1666494734
|move|p1a: Zacian|Close Combat|p2a: Groudon
|-damage|p2a: Groudon|8/100
|-unboost|p1a: Zacian|def|1
|-unboost|p1a: Zacian|spd|1
|move|p2a: Groudon|Fire Punch|p1a: Zacian
|-supereffective|p1a: Zacian
|-damage|p1a: Zacian|0 fnt
|faint|p1a: Zacian
|
|win|Chompychipper
|raw|t3m9o's rating: 1482 &rarr; <strong>1475</strong><br />(-7 for losing)
|raw|Chompychipper's rating: 1755 &rarr; <strong>1762</strong><br />(+7 for winning)
|l|☆t3m9o
|c|☆Chompychipper|gg
||Ladder isn't responding, score probably updated but might not have (Request timeout).
