|j|☆aseeasase
|j|☆207238gscs.ca
|t:|1657067896
|gametype|singles
|player|p1|aseeasase|2|1773
|player|p2|207238gscs.ca|101|1734
|teamsize|p1|6
|teamsize|p2|6
|gen|8
|tier|[Gen 8] National Dex AG
|rated|
|rule|HP Percentage Mod: HP is shown in percentages
|rule|Endless Battle Clause: Forcing endless battles is banned
|clearpoke
|poke|p1|Infernape, F|
|poke|p1|Calyrex-Shadow|
|poke|p1|Lunala|
|poke|p1|Tyranitar, M|
|poke|p1|Ditto|
|poke|p1|Zekrom|
|poke|p2|Calyrex-Shadow|
|poke|p2|Zacian-*|
|poke|p2|Necrozma-Dusk-Mane|
|poke|p2|Xerneas-*|
|poke|p2|Yveltal|
|poke|p2|Groudon|
|teampreview
|
|t:|1657067903
|start
|switch|p1a: Infernape|Infernape, F|100/100
|switch|p2a: Groudon|Groudon, shiny|100/100
|detailschange|p2a: Groudon|Groudon-Primal, shiny
|-primal|p2a: Groudon
|-weather|DesolateLand|[from] ability: Desolate Land|[of] p2a: Groudon
|turn|1
|
|t:|1657067912
|move|p1a: Infernape|Taunt|p2a: Groudon
|-start|p2a: Groudon|move: Taunt
|cant|p2a: Groudon|move: Taunt|Stealth Rock
|
|-weather|DesolateLand|[upkeep]
|upkeep
|turn|2
|
|t:|1657067917
|move|p1a: Infernape|Stealth Rock|p2a: Groudon
|-sidestart|p2: 207238gscs.ca|move: Stealth Rock
|move|p2a: Groudon|Dragon Tail|p1a: Infernape
|-damage|p1a: Infernape|64/100
|drag|p1a: Tyranitar|Tyranitar, M|100/100
|-ability|p1a: Tyranitar|Sand Stream|[from] desolateland|[fail]
|
|-weather|DesolateLand|[upkeep]
|upkeep
|turn|3
|
|t:|1657067930
|switch|p1a: Infernape|Infernape, F|64/100
|move|p2a: Groudon|Precipice Blades|p1a: Infernape
|-supereffective|p1a: Infernape
|-damage|p1a: Infernape|0 fnt
|faint|p1a: Infernape
|
|-weather|DesolateLand|[upkeep]
|-end|p2a: Groudon|move: Taunt
|upkeep
|
|t:|1657067958
|switch|p1a: Lunala|Lunala|100/100
|turn|4
|
|t:|1657067971
|move|p1a: Lunala|Calm Mind|p1a: Lunala
|-boost|p1a: Lunala|spa|1
|-boost|p1a: Lunala|spd|1
|move|p2a: Groudon|Stealth Rock|p1a: Lunala
|-sidestart|p1: aseeasase|move: Stealth Rock
|
|-weather|DesolateLand|[upkeep]
|upkeep
|turn|5
|
|t:|1657067978
|-zpower|p1a: Lunala
|move|p1a: Lunala|Menacing Moonraze Maelstrom|p2a: Groudon|[zeffect]
|-damage|p2a: Groudon|0 fnt
|faint|p2a: Groudon
|-weather|none
|
|upkeep
|
|t:|1657067989
|switch|p2a: Yveltal|Yveltal|100/100
|-ability|p2a: Yveltal|Dark Aura
|turn|6
|
|t:|1657067998
|move|p1a: Lunala|Ice Beam|p2a: Yveltal
|-supereffective|p2a: Yveltal
|-damage|p2a: Yveltal|31/100
|move|p2a: Yveltal|Dark Pulse|p1a: Lunala
|-supereffective|p1a: Lunala
|-damage|p1a: Lunala|50/100
|
|upkeep
|turn|7
|
|t:|1657068009
|move|p1a: Lunala|Ice Beam|p2a: Yveltal
|-supereffective|p2a: Yveltal
|-damage|p2a: Yveltal|0 fnt
|faint|p2a: Yveltal
|
|upkeep
|
|t:|1657068012
|switch|p2a: Calyrex|Calyrex-Shadow|100/100
|-ability|p2a: Calyrex|As One
|-ability|p2a: Calyrex|Unnerve
|-damage|p2a: Calyrex|88/100|[from] Stealth Rock
|turn|8
|
|t:|1657068021
|switch|p1a: Tyranitar|Tyranitar, M|100/100
|-damage|p1a: Tyranitar|88/100|[from] Stealth Rock
|-weather|Sandstorm|[from] ability: Sand Stream|[of] p1a: Tyranitar
|move|p2a: Calyrex|Astral Barrage|p1a: Tyranitar
|-resisted|p1a: Tyranitar
|-damage|p1a: Tyranitar|67/100
|
|-weather|Sandstorm|[upkeep]
|-damage|p2a: Calyrex|82/100|[from] Sandstorm
|upkeep
|turn|9
|
|t:|1657068034
|detailschange|p1a: Tyranitar|Tyranitar-Mega, M
|-mega|p1a: Tyranitar|Tyranitar|Tyranitarite
|move|p2a: Calyrex|Draining Kiss|p1a: Tyranitar
|-supereffective|p1a: Tyranitar
|-damage|p1a: Tyranitar|48/100
|-heal|p2a: Calyrex|99/100|[from] drain|[of] p1a: Tyranitar
|move|p1a: Tyranitar|Pursuit|p2a: Calyrex
|-supereffective|p2a: Calyrex
|-damage|p2a: Calyrex|0 fnt
|faint|p2a: Calyrex
|
|-weather|Sandstorm|[upkeep]
|upkeep
|
|t:|1657068044
|switch|p2a: Xerneas|Xerneas|100/100
|-damage|p2a: Xerneas|88/100|[from] Stealth Rock
|-ability|p2a: Xerneas|Fairy Aura
|turn|10
|inactive|Battle timer is ON: inactive players will automatically lose when time's up. (requested by 207238gscs.ca)
|
|t:|1657068055
|move|p2a: Xerneas|Geomancy||[still]
|-prepare|p2a: Xerneas|Geomancy
|-enditem|p2a: Xerneas|Power Herb
|-anim|p2a: Xerneas|Geomancy|p2a: Xerneas
|-boost|p2a: Xerneas|spa|2
|-boost|p2a: Xerneas|spd|2
|-boost|p2a: Xerneas|spe|2
|move|p1a: Tyranitar|Thunder Wave|p2a: Xerneas
|-status|p2a: Xerneas|par
|
|-weather|Sandstorm|[upkeep]
|-damage|p2a: Xerneas|82/100 par|[from] Sandstorm
|upkeep
|turn|11
|
|t:|1657068067
|move|p2a: Xerneas|Moonblast|p1a: Tyranitar
|-supereffective|p1a: Tyranitar
|-damage|p1a: Tyranitar|0 fnt
|faint|p1a: Tyranitar
|
|-weather|Sandstorm|[upkeep]
|-damage|p2a: Xerneas|76/100 par|[from] Sandstorm
|upkeep
|
|t:|1657068081
|switch|p1a: Calyrex|Calyrex-Shadow|100/100
|-ability|p1a: Calyrex|As One
|-ability|p1a: Calyrex|Unnerve
|-damage|p1a: Calyrex|88/100|[from] Stealth Rock
|turn|12
|
|t:|1657068089
|move|p1a: Calyrex|Substitute|p1a: Calyrex
|-start|p1a: Calyrex|Substitute
|-damage|p1a: Calyrex|63/100
|move|p2a: Xerneas|Moonblast|p1a: Calyrex
|-end|p1a: Calyrex|Substitute
|
|-weather|none
|-heal|p1a: Calyrex|69/100|[from] item: Leftovers
|upkeep
|turn|13
|
|t:|1657068099
|move|p1a: Calyrex|Substitute|p1a: Calyrex
|-start|p1a: Calyrex|Substitute
|-damage|p1a: Calyrex|44/100
|cant|p2a: Xerneas|par
|
|-heal|p1a: Calyrex|51/100|[from] item: Leftovers
|upkeep
|turn|14
|
|t:|1657068107
|move|p1a: Calyrex|Leech Seed|p2a: Xerneas
|-start|p2a: Xerneas|move: Leech Seed
|move|p2a: Xerneas|Moonblast|p1a: Calyrex
|-end|p1a: Calyrex|Substitute
|
|-heal|p1a: Calyrex|57/100|[from] item: Leftovers
|-damage|p2a: Xerneas|64/100 par|[from] Leech Seed|[of] p1a: Calyrex
|-heal|p1a: Calyrex|73/100|[silent]
|upkeep
|turn|15
|
|t:|1657068119
|move|p1a: Calyrex|Substitute|p1a: Calyrex
|-start|p1a: Calyrex|Substitute
|-damage|p1a: Calyrex|48/100
|cant|p2a: Xerneas|par
|
|-heal|p1a: Calyrex|54/100|[from] item: Leftovers
|-damage|p2a: Xerneas|51/100 par|[from] Leech Seed|[of] p1a: Calyrex
|-heal|p1a: Calyrex|71/100|[silent]
|upkeep
|turn|16
|j| PSaddict123
|
|t:|1657068145
|move|p1a: Calyrex|Astral Barrage|p2a: Xerneas
|-damage|p2a: Xerneas|25/100 par
|move|p2a: Xerneas|Moonblast|p1a: Calyrex
|-end|p1a: Calyrex|Substitute
|
|-heal|p1a: Calyrex|77/100|[from] item: Leftovers
|-damage|p2a: Xerneas|13/100 par|[from] Leech Seed|[of] p1a: Calyrex
|-heal|p1a: Calyrex|93/100|[silent]
|upkeep
|turn|17
|
|t:|1657068157
|move|p1a: Calyrex|Substitute|p1a: Calyrex
|-start|p1a: Calyrex|Substitute
|-damage|p1a: Calyrex|69/100
|move|p2a: Xerneas|Moonblast|p1a: Calyrex
|-end|p1a: Calyrex|Substitute
|
|-heal|p1a: Calyrex|75/100|[from] item: Leftovers
|-damage|p2a: Xerneas|0 fnt|[from] Leech Seed|[of] p1a: Calyrex
|-heal|p1a: Calyrex|91/100|[silent]
|faint|p2a: Xerneas
|upkeep
|
|t:|1657068159
|switch|p2a: Necrozma|Necrozma-Dusk-Mane|100/100
|-damage|p2a: Necrozma|94/100|[from] Stealth Rock
|turn|18
|
|t:|1657068175
|move|p1a: Calyrex|Substitute|p1a: Calyrex
|-start|p1a: Calyrex|Substitute
|-damage|p1a: Calyrex|66/100
|move|p2a: Necrozma|Sunsteel Strike|p1a: Calyrex
|-end|p1a: Calyrex|Substitute
|
|-heal|p1a: Calyrex|72/100|[from] item: Leftovers
|-heal|p2a: Necrozma|100/100|[from] item: Leftovers
|upkeep
|turn|19
|inactive|aseeasase has 120 seconds left.
|
|t:|1657068198
|-start|p1a: Calyrex|Dynamax|
|-heal|p1a: Calyrex|72/100|[silent]
|move|p1a: Calyrex|Max Phantasm|p2a: Necrozma
|-supereffective|p2a: Necrozma
|-damage|p2a: Necrozma|3/100
|-unboost|p2a: Necrozma|def|1
|move|p2a: Necrozma|Sunsteel Strike|p1a: Calyrex
|-damage|p1a: Calyrex|40/100
|
|-heal|p1a: Calyrex|43/100|[from] item: Leftovers
|-heal|p2a: Necrozma|9/100|[from] item: Leftovers
|upkeep
|turn|20
|inactive|aseeasase has 120 seconds left.
|
|t:|1657068226
|move|p1a: Calyrex|Max Phantasm|p2a: Necrozma
|-supereffective|p2a: Necrozma
|-damage|p2a: Necrozma|0 fnt
|faint|p2a: Necrozma
|-ability|p1a: Calyrex|Grim Neigh|boost
|-boost|p1a: Calyrex|spa|1
|
|-heal|p1a: Calyrex|46/100|[from] item: Leftovers
|upkeep
|
|t:|1657068233
|switch|p2a: Zacian|Zacian-Crowned|100/100
|-damage|p2a: Zacian|94/100|[from] Stealth Rock
|-ability|p2a: Zacian|Intrepid Sword|boost
|-boost|p2a: Zacian|atk|1
|turn|21
|
|t:|1657068241
|move|p1a: Calyrex|Max Phantasm|p2a: Zacian
|-damage|p2a: Zacian|0 fnt
|faint|p2a: Zacian
|
|win|aseeasase
|raw|aseeasase's rating: 1773 &rarr; <strong>1791</strong><br />(+18 for winning)
|raw|207238gscs.ca's rating: 1734 &rarr; <strong>1716</strong><br />(-18 for losing)
|l|☆207238gscs.ca
||Ladder isn't responding, score probably updated but might not have (Request timeout).
