|j|☆xLogical
|j|☆cheziqua
|t:|1645863635
|gametype|singles
|player|p1|xLogical|pokekid|1351
|player|p2|cheziqua|2|1273
|teamsize|p1|6
|teamsize|p2|6
|gen|8
|tier|[Gen 8] National Dex AG
|rated|
|rule|HP Percentage Mod: HP is shown in percentages
|rule|Endless Battle Clause: Forcing endless battles is banned
|clearpoke
|poke|p1|Slurpuff, M|
|poke|p1|Calyrex-Shadow|
|poke|p1|Quagsire, F|
|poke|p1|Heracross, F|
|poke|p1|Rotom-Wash|
|poke|p1|Altaria, M|
|poke|p2|Ditto|
|poke|p2|Blaziken, M|
|poke|p2|Smeargle, F|
|poke|p2|Marshadow|
|poke|p2|Lucario, M|
|poke|p2|Cinderace, M|
|teampreview
|
|t:|1645863639
|start
|switch|p1a: Slurpuff|Slurpuff, M|100/100
|switch|p2a: Smeargle|Smeargle, F|100/100
|turn|1
|inactive|Battle timer is ON: inactive players will automatically lose when time's up. (requested by xLogical)
|
|t:|1645863645
|move|p1a: Slurpuff|Magic Coat|p1a: Slurpuff
|-singleturn|p1a: Slurpuff|move: Magic Coat
|move|p2a: Smeargle|Spore|p1a: Slurpuff
|move|p1a: Slurpuff|Spore|p2a: Smeargle|[from]Magic Coat
|-status|p2a: Smeargle|slp|[from] move: Spore
|
|-ability|p2a: Smeargle|Moody|boost
|-boost|p2a: Smeargle|def|2
|-unboost|p2a: Smeargle|atk|1
|upkeep
|turn|2
|
|t:|1645863653
|cant|p2a: Smeargle|slp
|move|p1a: Slurpuff|Sticky Web|p2a: Smeargle
|-sidestart|p2: cheziqua|move: Sticky Web
|
|-ability|p2a: Smeargle|Moody|boost
|-boost|p2a: Smeargle|spe|2
|-unboost|p2a: Smeargle|atk|1
|upkeep
|turn|3
|
|t:|1645863660
|cant|p2a: Smeargle|slp
|move|p1a: Slurpuff|Misty Explosion|p2a: Smeargle
|-damage|p2a: Smeargle|21/100 slp
|faint|p1a: Slurpuff
|
|-ability|p2a: Smeargle|Moody|boost
|-boost|p2a: Smeargle|spa|2
|-unboost|p2a: Smeargle|atk|1
|upkeep
|
|t:|1645863671
|switch|p1a: Altaria|Altaria, M|100/100
|turn|4
|
|t:|1645863676
|detailschange|p1a: Altaria|Altaria-Mega, M
|-mega|p1a: Altaria|Altaria|Altarianite
|cant|p2a: Smeargle|slp
|move|p1a: Altaria|Dragon Dance|p1a: Altaria
|-boost|p1a: Altaria|atk|1
|-boost|p1a: Altaria|spe|1
|
|-ability|p2a: Smeargle|Moody|boost
|-boost|p2a: Smeargle|def|2
|-unboost|p2a: Smeargle|spd|1
|upkeep
|turn|5
|
|t:|1645863689
|-curestatus|p2a: Smeargle|slp|[msg]
|move|p2a: Smeargle|Spore|p1a: Altaria
|-status|p1a: Altaria|slp|[from] move: Spore
|cant|p1a: Altaria|slp
|
|-ability|p2a: Smeargle|Moody|boost
|-boost|p2a: Smeargle|atk|2
|-unboost|p2a: Smeargle|spe|1
|upkeep
|turn|6
|
|t:|1645863701
|move|p2a: Smeargle|Cosmic Power|p2a: Smeargle
|-boost|p2a: Smeargle|def|1
|-boost|p2a: Smeargle|spd|1
|-curestatus|p1a: Altaria|slp|[msg]
|move|p1a: Altaria|Return|p2a: Smeargle
|-damage|p2a: Smeargle|0 fnt
|faint|p2a: Smeargle
|
|upkeep
|
|t:|1645863708
|switch|p2a: Ditto|Ditto|100/100
|-activate|p2a: Ditto|move: Sticky Web
|-unboost|p2a: Ditto|spe|1
|-transform|p2a: Ditto|p1a: Altaria|[from] ability: Imposter
|turn|7
|
|t:|1645863715
|move|p2a: Ditto|Dragon Claw|p1a: Altaria
|-immune|p1a: Altaria
|move|p1a: Altaria|Return|p2a: Ditto
|-supereffective|p2a: Ditto
|-damage|p2a: Ditto|0 fnt
|faint|p2a: Ditto
|
|upkeep
|-message|cheziqua forfeited.
|
|win|xLogical
|raw|xLogical's rating: 1351 &rarr; <strong>1367</strong><br />(+16 for winning)
|raw|cheziqua's rating: 1273 &rarr; <strong>1254</strong><br />(-19 for losing)
|l|☆cheziqua
