|j|☆Chompychipper
|j|☆Runoisch
|t:|1644670843
|gametype|singles
|player|p1|Chompychipper|170|1463
|player|p2|Runoisch|acetrainer-gen3|1506
|teamsize|p1|6
|teamsize|p2|6
|gen|8
|tier|[Gen 8] National Dex AG
|rated|
|rule|HP Percentage Mod: HP is shown in percentages
|rule|Endless Battle Clause: Forcing endless battles is banned
|clearpoke
|poke|p1|Groudon|
|poke|p1|Groudon|
|poke|p1|Groudon|
|poke|p1|Groudon|
|poke|p1|Groudon|
|poke|p1|Groudon|
|poke|p2|Marshadow|
|poke|p2|Rayquaza|
|poke|p2|Genesect|
|poke|p2|Darkrai|
|poke|p2|Groudon|
|poke|p2|Shuckle, F|
|teampreview
|inactive|Battle timer is ON: inactive players will automatically lose when time's up. (requested by Runoisch)
|
|t:|1644670863
|start
|switch|p1a: Groudon|Groudon|100/100
|switch|p2a: Bill Cosby|Darkrai|100/100
|detailschange|p1a: Groudon|Groudon-Primal
|-primal|p1a: Groudon
|-weather|DesolateLand|[from] ability: Desolate Land|[of] p1a: Groudon
|turn|1
|
|t:|1644670871
|-zpower|p2a: Bill Cosby
|move|p2a: Bill Cosby|Z-Hypnosis|p1a: Groudon|[anim]Hypnosis
|-boost|p2a: Bill Cosby|spe|1|[zeffect]
|-status|p1a: Groudon|slp|[from] move: Hypnosis
|cant|p1a: Groudon|slp
|
|-weather|DesolateLand|[upkeep]
|-damage|p1a: Groudon|88/100 slp|[from] ability: Bad Dreams|[of] p2a: Bill Cosby
|upkeep
|turn|2
|
|t:|1644670891
|-weather|none
|switch|p1a: Groudon|Groudon|100/100
|-weather|SunnyDay|[from] ability: Drought|[of] p1a: Groudon
|move|p2a: Bill Cosby|Nasty Plot|p2a: Bill Cosby
|-boost|p2a: Bill Cosby|spa|2
|
|-weather|SunnyDay|[upkeep]
|upkeep
|turn|3
|
|t:|1644670903
|move|p2a: Bill Cosby|Hypnosis|p1a: Groudon
|-status|p1a: Groudon|slp|[from] move: Hypnosis
|cant|p1a: Groudon|slp
|
|-weather|SunnyDay|[upkeep]
|-damage|p1a: Groudon|88/100 slp|[from] ability: Bad Dreams|[of] p2a: Bill Cosby
|upkeep
|turn|4
|
|t:|1644670913
|move|p2a: Bill Cosby|Dark Pulse|p1a: Groudon
|-damage|p1a: Groudon|13/100 slp
|-curestatus|p1a: Groudon|slp|[msg]
|move|p1a: Groudon|Roar|p2a: Bill Cosby
|drag|p2a: Rayquaza|Rayquaza|100/100
|-ability|p2a: Rayquaza|Air Lock
|
|-weather|SunnyDay|[upkeep]
|upkeep
|turn|5
|
|t:|1644670923
|detailschange|p2a: Rayquaza|Rayquaza-Mega
|-mega|p2a: Rayquaza|Rayquaza|
|-weather|DeltaStream|[from] ability: Delta Stream|[of] p2a: Rayquaza
|move|p2a: Rayquaza|Extreme Speed|p1a: Groudon
|-damage|p1a: Groudon|0 fnt
|faint|p1a: Groudon
|
|-weather|DeltaStream|[upkeep]
|upkeep
|
|t:|1644670929
|switch|p1a: Groudon|Groudon|100/100
|-ability|p1a: Groudon|Drought|[from] deltastream|[fail]
|turn|6
|
|t:|1644670934
|-start|p1a: Groudon|Dynamax
|-heal|p1a: Groudon|100/100|[silent]
|move|p2a: Rayquaza|Dragon Dance|p2a: Rayquaza
|-boost|p2a: Rayquaza|atk|1
|-boost|p2a: Rayquaza|spe|1
|move|p1a: Groudon|Max Airstream|p2a: Rayquaza
|-damage|p2a: Rayquaza|51/100
|-boost|p1a: Groudon|spe|1
|-damage|p1a: Groudon|96/100|[from] item: Life Orb
|
|-weather|DeltaStream|[upkeep]
|upkeep
|turn|7
|
|t:|1644670945
|move|p2a: Rayquaza|Dragon Dance|p2a: Rayquaza
|-boost|p2a: Rayquaza|atk|1
|-boost|p2a: Rayquaza|spe|1
|move|p1a: Groudon|Max Rockfall|p2a: Rayquaza
|-activate||deltastream
|-damage|p2a: Rayquaza|0 fnt
|-weather|Sandstorm
|faint|p2a: Rayquaza
|-damage|p1a: Groudon|91/100|[from] item: Life Orb
|
|-weather|Sandstorm|[upkeep]
|upkeep
|
|t:|1644670950
|switch|p2a: ShuckleGaming|Shuckle, F|100/100
|turn|8
|
|t:|1644670965
|move|p1a: Groudon|Max Rockfall|p2a: ShuckleGaming
|-supereffective|p2a: ShuckleGaming
|-damage|p2a: ShuckleGaming|13/100
|-damage|p1a: Groudon|86/100|[from] item: Life Orb
|move|p2a: ShuckleGaming|Sticky Web|p1a: Groudon
|-sidestart|p1: Chompychipper|move: Sticky Web
|
|-weather|Sandstorm|[upkeep]
|-end|p1a: Groudon|Dynamax
|-heal|p1a: Groudon|86/100|[silent]
|upkeep
|turn|9
|
|t:|1644670975
|move|p1a: Groudon|Swords Dance|p1a: Groudon
|-boost|p1a: Groudon|atk|2
|move|p2a: ShuckleGaming|String Shot|p1a: Groudon
|-unboost|p1a: Groudon|spe|2
|
|-weather|Sandstorm|[upkeep]
|upkeep
|turn|10
|
|t:|1644670981
|move|p1a: Groudon|Aerial Ace|p2a: ShuckleGaming
|-damage|p2a: ShuckleGaming|0 fnt
|faint|p2a: ShuckleGaming
|-damage|p1a: Groudon|76/100|[from] item: Life Orb
|
|-weather|Sandstorm|[upkeep]
|upkeep
|
|t:|1644670986
|switch|p2a: 🤨|Marshadow|100/100
|turn|11
|
|t:|1644670992
|move|p2a: 🤨|Spectral Thief||[still]
|-clearpositiveboost|p1a: Groudon|p2a: 🤨|move: Spectral Thief
|-boost|p2a: 🤨|atk|2
|-anim|p2a: 🤨|Spectral Thief|p1a: Groudon
|-damage|p1a: Groudon|0 fnt
|faint|p1a: Groudon
|
|-weather|none
|upkeep
|
|t:|1644671006
|switch|p1a: Groudon|Groudon|100/100
|-activate|p1a: Groudon|move: Sticky Web
|-unboost|p1a: Groudon|spe|1
|detailschange|p1a: Groudon|Groudon-Primal
|-primal|p1a: Groudon
|-weather|DesolateLand|[from] ability: Desolate Land|[of] p1a: Groudon
|turn|12
|c|☆Runoisch|wait you can have multiple legally
|inactive|Runoisch has 120 seconds left.
|
|t:|1644671038
|move|p2a: 🤨|Spectral Thief|p1a: Groudon
|-damage|p1a: Groudon|44/100
|move|p1a: Groudon|Precipice Blades|p2a: 🤨
|-damage|p2a: 🤨|7/100
|
|-weather|DesolateLand|[upkeep]
|upkeep
|turn|13
|
|t:|1644671057
|move|p2a: 🤨|Reversal|p1a: Groudon
|-damage|p1a: Groudon|0 fnt
|faint|p1a: Groudon
|-weather|none
|
|upkeep
|
|t:|1644671062
|switch|p1a: Groudon|Groudon|100/100
|-activate|p1a: Groudon|move: Sticky Web
|-unboost|p1a: Groudon|spe|1
|detailschange|p1a: Groudon|Groudon-Primal
|-primal|p1a: Groudon
|-weather|DesolateLand|[from] ability: Desolate Land|[of] p1a: Groudon
|turn|14
|
|t:|1644671071
|move|p2a: 🤨|Reversal|p1a: Groudon
|-damage|p1a: Groudon|14/100
|move|p1a: Groudon|Hidden Power|p2a: 🤨
|-damage|p2a: 🤨|0 fnt
|faint|p2a: 🤨
|
|-weather|DesolateLand|[upkeep]
|upkeep
|
|t:|1644671081
|switch|p2a: Bill Cosby|Darkrai|100/100
|turn|15
|
|t:|1644671095
|-weather|none
|switch|p1a: Groudon|Groudon-Primal|88/100 slp
|-activate|p1a: Groudon|move: Sticky Web
|-unboost|p1a: Groudon|spe|1
|-weather|DesolateLand|[from] ability: Desolate Land|[of] p1a: Groudon
|move|p2a: Bill Cosby|Dark Pulse|p1a: Groudon
|-damage|p1a: Groudon|39/100 slp
|
|-weather|DesolateLand|[upkeep]
|-damage|p1a: Groudon|27/100 slp|[from] ability: Bad Dreams|[of] p2a: Bill Cosby
|upkeep
|turn|16
|
|t:|1644671100
|move|p2a: Bill Cosby|Nasty Plot|p2a: Bill Cosby
|-boost|p2a: Bill Cosby|spa|2
|cant|p1a: Groudon|slp
|
|-weather|DesolateLand|[upkeep]
|-damage|p1a: Groudon|14/100 slp|[from] ability: Bad Dreams|[of] p2a: Bill Cosby
|upkeep
|turn|17
|
|t:|1644671104
|move|p2a: Bill Cosby|Dark Pulse|p1a: Groudon
|-damage|p1a: Groudon|0 fnt
|faint|p1a: Groudon
|-weather|none
|
|upkeep
|
|t:|1644671108
|switch|p1a: Groudon|Groudon|100/100
|-activate|p1a: Groudon|move: Sticky Web
|-unboost|p1a: Groudon|spe|1
|-weather|SunnyDay|[from] ability: Drought|[of] p1a: Groudon
|turn|18
|
|t:|1644671117
|move|p2a: Bill Cosby|Hypnosis|p1a: Groudon
|-status|p1a: Groudon|slp|[from] move: Hypnosis
|cant|p1a: Groudon|slp
|
|-weather|SunnyDay|[upkeep]
|-damage|p1a: Groudon|88/100 slp|[from] ability: Bad Dreams|[of] p2a: Bill Cosby
|upkeep
|turn|19
|
|t:|1644671119
|move|p2a: Bill Cosby|Dream Eater|p1a: Groudon
|-damage|p1a: Groudon|24/100 slp
|cant|p1a: Groudon|slp
|
|-weather|SunnyDay|[upkeep]
|-damage|p1a: Groudon|11/100 slp|[from] ability: Bad Dreams|[of] p2a: Bill Cosby
|upkeep
|turn|20
|
|t:|1644671124
|move|p2a: Bill Cosby|Dark Pulse|p1a: Groudon
|-damage|p1a: Groudon|0 fnt
|faint|p1a: Groudon
|
|-weather|SunnyDay|[upkeep]
|upkeep
|
|t:|1644671126
|switch|p1a: Groudon|Groudon-Primal|14/100
|-activate|p1a: Groudon|move: Sticky Web
|-unboost|p1a: Groudon|spe|1
|-weather|DesolateLand|[from] ability: Desolate Land|[of] p1a: Groudon
|turn|21
|c|☆Chompychipper|gg
|c|☆Runoisch|gg mate
|
|t:|1644671134
|move|p2a: Bill Cosby|Dark Pulse|p1a: Groudon
|-damage|p1a: Groudon|0 fnt
|faint|p1a: Groudon
|-weather|none
|
|win|Runoisch
|raw|Chompychipper's rating: 1463 &rarr; <strong>1445</strong><br />(-18 for losing)
|raw|Runoisch's rating: 1506 &rarr; <strong>1524</strong><br />(+18 for winning)
|l|☆Chompychipper
|l|☆Runoisch
|j|☆Runoisch
|player|p2|Runoisch|acetrainer-gen3
