|j|☆NATALlE
|j|☆Defensive0
|t:|1666893246
|gametype|singles
|player|p1|NATALlE|clair|1725
|player|p2|Defensive0|riley|1900
|teamsize|p1|6
|teamsize|p2|6
|gen|8
|tier|[Gen 8] National Dex AG
|rated|
|rule|HP Percentage Mod: HP is shown in percentages
|rule|Endless Battle Clause: Forcing endless battles is banned
|clearpoke
|poke|p1|Xerneas-*|
|poke|p1|Rayquaza|
|poke|p1|Zekrom|
|poke|p1|Arceus-*|
|poke|p1|Deoxys-Speed|
|poke|p1|Yveltal|
|poke|p2|Mewtwo|
|poke|p2|Tapu Lele|
|poke|p2|Calyrex-Shadow|
|poke|p2|Necrozma-Dusk-Mane|
|poke|p2|Necrozma-Dawn-Wings|
|poke|p2|Deoxys-Speed|
|teampreview
|inactive|Battle timer is ON: inactive players will automatically lose when time's up. (requested by Defensive0)
|inactive|NATALlE also wants the timer to be on.
|inactive|Defensive0 has 120 seconds left.
|
|t:|1666893281
|start
|switch|p1a: Deoxys|Deoxys-Speed|100/100
|switch|p2a: Tapu Lele|Tapu Lele, shiny|100/100
|-ability|p1a: Deoxys|Pressure
|-fieldstart|move: Psychic Terrain|[from] ability: Psychic Surge|[of] p2a: Tapu Lele
|turn|1
|
|t:|1666893296
|switch|p2a: Deoxys|Deoxys-Speed, shiny|100/100
|-ability|p2a: Deoxys|Pressure
|move|p1a: Deoxys|Spikes|p2a: Deoxys
|-sidestart|p2: Defensive0|Spikes
|
|upkeep
|turn|2
|
|t:|1666893301
|move|p1a: Deoxys|Stealth Rock|p2a: Deoxys
|-sidestart|p2: Defensive0|move: Stealth Rock
|move|p2a: Deoxys|Stealth Rock|p1a: Deoxys
|-sidestart|p1: NATALlE|move: Stealth Rock
|
|upkeep
|turn|3
|
|t:|1666893307
|move|p2a: Deoxys|Taunt|p1a: Deoxys
|-start|p1a: Deoxys|move: Taunt
|cant|p1a: Deoxys|move: Taunt|Taunt
|
|upkeep
|turn|4
|
|t:|1666893310
|switch|p1a: Arceus|Arceus-Dark|100/100
|-damage|p1a: Arceus|88/100|[from] Stealth Rock
|move|p2a: Deoxys|Spikes|p1a: Arceus
|-sidestart|p1: NATALlE|Spikes
|
|upkeep
|turn|5
|
|t:|1666893316
|move|p2a: Deoxys|Spikes|p1a: Arceus
|-sidestart|p1: NATALlE|Spikes
|move|p1a: Arceus|Judgment|p2a: Deoxys
|-supereffective|p2a: Deoxys
|-enditem|p2a: Deoxys|Focus Sash
|-damage|p2a: Deoxys|1/100
|
|-fieldend|move: Psychic Terrain
|upkeep
|turn|6
|
|t:|1666893332
|move|p2a: Deoxys|Thunder Wave|p1a: Arceus
|-status|p1a: Arceus|par
|move|p1a: Arceus|Perish Song|p1a: Arceus
|-start|p1a: Arceus|perish3|[silent]
|-start|p2a: Deoxys|perish3|[silent]
|-fieldactivate|move: Perish Song
|
|-start|p2a: Deoxys|perish3
|-start|p1a: Arceus|perish3
|upkeep
|turn|7
|
|t:|1666893342
|move|p2a: Deoxys|Spikes|p1a: Arceus
|-sidestart|p1: NATALlE|Spikes
|move|p1a: Arceus|Judgment|p2a: Deoxys
|-supereffective|p2a: Deoxys
|-damage|p2a: Deoxys|0 fnt
|faint|p2a: Deoxys
|
|-start|p1a: Arceus|perish2
|upkeep
|
|t:|1666893350
|switch|p2a: Tapu Lele|Tapu Lele, shiny|100/100
|-damage|p2a: Tapu Lele|88/100|[from] Spikes
|-damage|p2a: Tapu Lele|76/100|[from] Stealth Rock
|-fieldstart|move: Psychic Terrain|[from] ability: Psychic Surge|[of] p2a: Tapu Lele
|turn|8
|
|t:|1666893355
|switch|p1a: Deoxys|Deoxys-Speed|100/100
|-damage|p1a: Deoxys|88/100|[from] Stealth Rock
|-damage|p1a: Deoxys|64/100|[from] Spikes
|-ability|p1a: Deoxys|Pressure
|move|p2a: Tapu Lele|Moonblast|p1a: Deoxys
|-damage|p1a: Deoxys|0 fnt
|faint|p1a: Deoxys
|
|upkeep
|
|t:|1666893363
|switch|p1a: Xerneas|Xerneas|100/100
|-damage|p1a: Xerneas|88/100|[from] Stealth Rock
|-damage|p1a: Xerneas|63/100|[from] Spikes
|-ability|p1a: Xerneas|Fairy Aura
|turn|9
|
|t:|1666893371
|move|p2a: Tapu Lele|Moonblast|p1a: Xerneas
|-damage|p1a: Xerneas|9/100
|move|p1a: Xerneas|Geomancy||[still]
|-prepare|p1a: Xerneas|Geomancy
|-enditem|p1a: Xerneas|Power Herb
|-anim|p1a: Xerneas|Geomancy|p1a: Xerneas
|-boost|p1a: Xerneas|spa|2
|-boost|p1a: Xerneas|spd|2
|-boost|p1a: Xerneas|spe|2
|
|upkeep
|turn|10
|
|t:|1666893380
|move|p1a: Xerneas|Moonblast|p2a: Tapu Lele
|-damage|p2a: Tapu Lele|0 fnt
|faint|p2a: Tapu Lele
|
|upkeep
|
|t:|1666893395
|switch|p2a: Necrozma|Necrozma-Dusk-Mane|100/100
|-damage|p2a: Necrozma|88/100|[from] Spikes
|-damage|p2a: Necrozma|82/100|[from] Stealth Rock
|turn|11
|
|t:|1666893402
|-start|p2a: Necrozma|Dynamax|
|-heal|p2a: Necrozma|82/100|[silent]
|move|p1a: Xerneas|Moonblast|p2a: Necrozma
|-resisted|p2a: Necrozma
|-damage|p2a: Necrozma|50/100
|move|p2a: Necrozma|Max Steelspike|p1a: Xerneas
|-supereffective|p1a: Xerneas
|-damage|p1a: Xerneas|0 fnt
|-boost|p2a: Necrozma|def|1
|faint|p1a: Xerneas
|
|upkeep
|
|t:|1666893408
|switch|p1a: Rayquaza|Rayquaza|100/100
|-damage|p1a: Rayquaza|76/100|[from] Stealth Rock
|-ability|p1a: Rayquaza|Air Lock
|turn|12
|
|t:|1666893411
|detailschange|p1a: Rayquaza|Rayquaza-Mega
|-mega|p1a: Rayquaza|Rayquaza|
|-weather|DeltaStream|[from] ability: Delta Stream|[of] p1a: Rayquaza
|move|p1a: Rayquaza|Substitute|p1a: Rayquaza
|-start|p1a: Rayquaza|Substitute
|-damage|p1a: Rayquaza|51/100
|move|p2a: Necrozma|Max Steelspike|p1a: Rayquaza
|-end|p1a: Rayquaza|Substitute
|-boost|p2a: Necrozma|def|1
|
|-weather|DeltaStream|[upkeep]
|-fieldend|move: Psychic Terrain
|upkeep
|turn|13
|
|t:|1666893423
|move|p1a: Rayquaza|Substitute|p1a: Rayquaza
|-start|p1a: Rayquaza|Substitute
|-damage|p1a: Rayquaza|26/100
|move|p2a: Necrozma|Max Steelspike|p1a: Rayquaza
|-end|p1a: Rayquaza|Substitute
|-boost|p2a: Necrozma|def|1
|
|-weather|DeltaStream|[upkeep]
|upkeep
|-end|p2a: Necrozma|Dynamax
|-heal|p2a: Necrozma|51/100|[silent]
|turn|14
|
|t:|1666893426
|move|p1a: Rayquaza|Swords Dance|p1a: Rayquaza
|-boost|p1a: Rayquaza|atk|2
|move|p2a: Necrozma|Morning Sun|p2a: Necrozma
|-heal|p2a: Necrozma|100/100
|
|-weather|DeltaStream|[upkeep]
|upkeep
|turn|15
|
|t:|1666893429
|move|p1a: Rayquaza|Dragon Ascent|p2a: Necrozma
|-resisted|p2a: Necrozma
|-damage|p2a: Necrozma|69/100
|-unboost|p1a: Rayquaza|def|1
|-unboost|p1a: Rayquaza|spd|1
|-damage|p1a: Rayquaza|16/100|[from] item: Life Orb
|move|p2a: Necrozma|Sunsteel Strike|p1a: Rayquaza
|-damage|p1a: Rayquaza|0 fnt
|faint|p1a: Rayquaza
|-weather|none
|
|upkeep
|
|t:|1666893431
|switch|p1a: Yveltal|Yveltal|100/100
|-damage|p1a: Yveltal|76/100|[from] Stealth Rock
|-ability|p1a: Yveltal|Dark Aura
|turn|16
|
|t:|1666893436
|-start|p1a: Yveltal|Dynamax|
|-heal|p1a: Yveltal|76/100|[silent]
|move|p1a: Yveltal|Max Darkness|p2a: Necrozma
|-supereffective|p2a: Necrozma
|-damage|p2a: Necrozma|20/100
|-unboost|p2a: Necrozma|spd|1
|-enditem|p2a: Necrozma|Weakness Policy
|-boost|p2a: Necrozma|atk|2|[from] item: Weakness Policy
|-boost|p2a: Necrozma|spa|2|[from] item: Weakness Policy
|-damage|p1a: Yveltal|71/100|[from] item: Life Orb
|move|p2a: Necrozma|Sunsteel Strike|p1a: Yveltal
|-damage|p1a: Yveltal|15/100
|
|upkeep
|turn|17
|
|t:|1666893449
|move|p1a: Yveltal|Max Airstream|p2a: Necrozma
|-resisted|p2a: Necrozma
|-damage|p2a: Necrozma|0 fnt
|-boost|p1a: Yveltal|spe|1
|faint|p2a: Necrozma
|-damage|p1a: Yveltal|11/100|[from] item: Life Orb
|
|upkeep
|
|t:|1666893455
|switch|p2a: Calyrex|Calyrex-Shadow|100/100
|-ability|p2a: Calyrex|As One
|-ability|p2a: Calyrex|Unnerve
|-damage|p2a: Calyrex|88/100|[from] Spikes
|-damage|p2a: Calyrex|76/100|[from] Stealth Rock
|turn|18
|
|t:|1666893458
|move|p2a: Calyrex|Draining Kiss|p1a: Yveltal
|-supereffective|p1a: Yveltal
|-damage|p1a: Yveltal|0 fnt
|-heal|p2a: Calyrex|93/100|[from] drain|[of] p1a: Yveltal
|faint|p1a: Yveltal
|-ability|p2a: Calyrex|Grim Neigh|boost
|-boost|p2a: Calyrex|spa|1
|
|upkeep
|
|t:|1666893463
|switch|p1a: Zekrom|Zekrom|100/100
|-damage|p1a: Zekrom|88/100|[from] Stealth Rock
|-damage|p1a: Zekrom|63/100|[from] Spikes
|-ability|p1a: Zekrom|Teravolt
|turn|19
|
|t:|1666893465
|move|p2a: Calyrex|Draining Kiss|p1a: Zekrom
|-supereffective|p1a: Zekrom
|-damage|p1a: Zekrom|0 fnt
|-heal|p2a: Calyrex|100/100|[from] drain|[of] p1a: Zekrom
|faint|p1a: Zekrom
|-ability|p2a: Calyrex|Grim Neigh|boost
|-boost|p2a: Calyrex|spa|1
|
|upkeep
|
|t:|1666893467
|switch|p1a: Arceus|Arceus-Dark|88/100 par
|-damage|p1a: Arceus|76/100 par|[from] Stealth Rock
|-damage|p1a: Arceus|51/100 par|[from] Spikes
|turn|20
|
|t:|1666893469
|move|p2a: Calyrex|Draining Kiss|p1a: Arceus
|-supereffective|p1a: Arceus
|-damage|p1a: Arceus|0 fnt
|faint|p1a: Arceus
|
|win|Defensive0
|raw|NATALlE's rating: 1725 &rarr; <strong>1714</strong><br />(-11 for losing)
|raw|Defensive0's rating: 1900 &rarr; <strong>1911</strong><br />(+11 for winning)
|l|☆NATALlE
