|j|☆Jumbomomoo
|j|☆JAY100064
|t:|1623331824
|gametype|singles
|player|p1|Jumbomomoo|sailor|1436
|player|p2|JAY100064|preschooler|1410
|teamsize|p1|6
|teamsize|p2|6
|gen|8
|tier|[Gen 8] National Dex AG
|rated|
|rule|HP Percentage Mod: HP is shown in percentages
|rule|Endless Battle Clause: Forcing endless battles is banned
|clearpoke
|poke|p1|Rayquaza|
|poke|p1|Arceus-*|
|poke|p1|Ho-Oh|
|poke|p1|Necrozma-Dusk-Mane|
|poke|p1|Zacian-*|
|poke|p1|Arceus-*|
|poke|p2|Arceus-*|
|poke|p2|Ferrothorn, F|
|poke|p2|Giratina|
|poke|p2|Sableye, M|
|poke|p2|Clefable, M|
|poke|p2|Ho-Oh|
|teampreview
|inactive|Battle timer is ON: inactive players will automatically lose when time's up. (requested by JAY100064)
|
|t:|1623331852
|start
|switch|p1a: Arceus|Arceus-Fairy|100/100
|switch|p2a: Sableye|Sableye, M, shiny|100/100
|turn|1
|
|t:|1623331861
|move|p2a: Sableye|Fake Out|p1a: Arceus
|-damage|p1a: Arceus|97/100
|cant|p1a: Arceus|flinch
|
|upkeep
|turn|2
|
|t:|1623331868
|switch|p1a: Ho-Oh|Ho-Oh|100/100
|switch|p2a: Ferrothorn|Ferrothorn, F|100/100
|
|upkeep
|turn|3
|
|t:|1623331878
|move|p2a: Ferrothorn|Protect|p2a: Ferrothorn
|-singleturn|p2a: Ferrothorn|Protect
|move|p1a: Ho-Oh|Sacred Fire|p2a: Ferrothorn
|-activate|p2a: Ferrothorn|move: Protect
|
|upkeep
|turn|4
|
|t:|1623331888
|switch|p2a: Arceus|Arceus-Ground, shiny|100/100
|move|p1a: Ho-Oh|Thunder Wave|p2a: Arceus
|-immune|p2a: Arceus
|
|upkeep
|turn|5
|
|t:|1623331899
|switch|p1a: Green worm|Rayquaza|100/100
|-ability|p1a: Green worm|Air Lock
|move|p2a: Arceus|Stealth Rock|p1a: Green worm
|-sidestart|p1: Jumbomomoo|move: Stealth Rock
|
|upkeep
|turn|6
|
|t:|1623331908
|detailschange|p1a: Green worm|Rayquaza-Mega
|-mega|p1a: Green worm|Rayquaza|
|-weather|DeltaStream|[from] ability: Delta Stream|[of] p1a: Green worm
|-start|p2a: Arceus|Dynamax
|-heal|p2a: Arceus|100/100|[silent]
|move|p1a: Green worm|Dragon Dance|p1a: Green worm
|-boost|p1a: Green worm|atk|1
|-boost|p1a: Green worm|spe|1
|move|p2a: Arceus|Max Hailstorm|p1a: Green worm
|-activate||deltastream
|-supereffective|p1a: Green worm
|-damage|p1a: Green worm|35/100
|
|-weather|DeltaStream|[upkeep]
|upkeep
|turn|7
|
|t:|1623331925
|move|p1a: Green worm|Waterfall|p2a: Arceus
|-supereffective|p2a: Arceus
|-damage|p2a: Arceus|51/100
|-damage|p1a: Green worm|25/100|[from] item: Life Orb
|move|p2a: Arceus|Max Hailstorm|p1a: Green worm
|-activate||deltastream
|-supereffective|p1a: Green worm
|-damage|p1a: Green worm|0 fnt
|faint|p1a: Green worm
|-weather|none
|
|upkeep
|
|t:|1623331937
|switch|p1a: Ho-Oh|Ho-Oh|100/100
|turn|8
|
|t:|1623331954
|move|p2a: Arceus|Max Guard|p2a: Arceus
|-singleturn|p2a: Arceus|Max Guard
|move|p1a: Ho-Oh|Defog|p2a: Arceus
|-activate|p2a: Arceus|move: Max Guard
|
|-end|p2a: Arceus|Dynamax
|-heal|p2a: Arceus|51/100|[silent]
|upkeep
|turn|9
|
|t:|1623331965
|move|p2a: Arceus|Recover|p2a: Arceus
|-heal|p2a: Arceus|100/100
|move|p1a: Ho-Oh|Defog|p2a: Arceus
|-unboost|p2a: Arceus|evasion|1
|-sideend|p1: Jumbomomoo|Stealth Rock|[from] move: Defog|[of] p1a: Ho-Oh
|
|upkeep
|turn|10
|
|t:|1623331977
|move|p2a: Arceus|Stealth Rock|p1a: Ho-Oh
|-sidestart|p1: Jumbomomoo|move: Stealth Rock
|move|p1a: Ho-Oh|Sacred Fire|p2a: Arceus
|-damage|p2a: Arceus|73/100
|-status|p2a: Arceus|brn
|
|-damage|p2a: Arceus|67/100 brn|[from] brn
|upkeep
|turn|11
|
|t:|1623331989
|move|p2a: Arceus|Recover|p2a: Arceus
|-heal|p2a: Arceus|100/100 brn
|move|p1a: Ho-Oh|Defog|p2a: Arceus
|-unboost|p2a: Arceus|evasion|1
|-sideend|p1: Jumbomomoo|Stealth Rock|[from] move: Defog|[of] p1a: Ho-Oh
|
|-damage|p2a: Arceus|94/100 brn|[from] brn
|upkeep
|turn|12
|
|t:|1623331999
|switch|p1a: Arceus|Arceus-Dark|100/100
|move|p2a: Arceus|Stealth Rock|p1a: Arceus
|-sidestart|p1: Jumbomomoo|move: Stealth Rock
|
|-damage|p2a: Arceus|88/100 brn|[from] brn
|upkeep
|turn|13
|
|t:|1623332011
|switch|p2a: Clefable|Clefable, M, shiny|100/100
|move|p1a: Arceus|Calm Mind|p1a: Arceus
|-boost|p1a: Arceus|spa|1
|-boost|p1a: Arceus|spd|1
|
|upkeep
|turn|14
|
|t:|1623332018
|switch|p1a: Necrozma|Necrozma-Dusk-Mane|100/100
|-damage|p1a: Necrozma|94/100|[from] Stealth Rock
|move|p2a: Clefable|Heal Bell|p2a: Clefable
|-activate|p2a: Clefable|move: Heal Bell
|-curestatus|p2: Arceus|brn|[msg]
|
|-heal|p1a: Necrozma|100/100|[from] item: Leftovers
|upkeep
|turn|15
|
|t:|1623332031
|switch|p1a: Ho-Oh|Ho-Oh|100/100
|switch|p2a: Ho-Oh|Ho-Oh, shiny|100/100
|
|upkeep
|turn|16
|
|t:|1623332039
|move|p2a: Ho-Oh|Toxic|p1a: Ho-Oh
|-status|p1a: Ho-Oh|tox
|move|p1a: Ho-Oh|Defog|p2a: Ho-Oh
|-unboost|p2a: Ho-Oh|evasion|1
|-sideend|p1: Jumbomomoo|Stealth Rock|[from] move: Defog|[of] p1a: Ho-Oh
|
|-damage|p1a: Ho-Oh|94/100 tox|[from] psn
|upkeep
|turn|17
|
|t:|1623332051
|switch|p2a: Arceus|Arceus-Ground, shiny|88/100
|move|p1a: Ho-Oh|Thunder Wave|p2a: Arceus
|-immune|p2a: Arceus
|
|-damage|p1a: Ho-Oh|82/100 tox|[from] psn
|upkeep
|turn|18
|
|t:|1623332060
|switch|p1a: Arceus|Arceus-Dark|100/100
|move|p2a: Arceus|Stealth Rock|p1a: Arceus
|-sidestart|p1: Jumbomomoo|move: Stealth Rock
|
|upkeep
|turn|19
|
|t:|1623332073
|move|p2a: Arceus|Judgment|p1a: Arceus
|-damage|p1a: Arceus|78/100
|move|p1a: Arceus|Calm Mind|p1a: Arceus
|-boost|p1a: Arceus|spa|1
|-boost|p1a: Arceus|spd|1
|
|upkeep
|turn|20
|
|t:|1623332080
|switch|p2a: Clefable|Clefable, M, shiny|100/100
|move|p1a: Arceus|Calm Mind|p1a: Arceus
|-boost|p1a: Arceus|spa|1
|-boost|p1a: Arceus|spd|1
|
|upkeep
|turn|21
|
|t:|1623332087
|move|p1a: Arceus|Calm Mind|p1a: Arceus
|-boost|p1a: Arceus|spa|1
|-boost|p1a: Arceus|spd|1
|move|p2a: Clefable|Moonblast|p1a: Arceus
|-supereffective|p1a: Arceus
|-damage|p1a: Arceus|46/100
|
|upkeep
|turn|22
|
|t:|1623332095
|move|p1a: Arceus|Recover|p1a: Arceus
|-heal|p1a: Arceus|96/100
|move|p2a: Clefable|Moonblast|p1a: Arceus
|-supereffective|p1a: Arceus
|-damage|p1a: Arceus|68/100
|
|upkeep
|turn|23
|
|t:|1623332102
|move|p1a: Arceus|Calm Mind|p1a: Arceus
|-boost|p1a: Arceus|spa|1
|-boost|p1a: Arceus|spd|1
|move|p2a: Clefable|Moonblast|p1a: Arceus
|-supereffective|p1a: Arceus
|-damage|p1a: Arceus|38/100
|
|upkeep
|turn|24
|
|t:|1623332109
|move|p1a: Arceus|Recover|p1a: Arceus
|-heal|p1a: Arceus|88/100
|move|p2a: Clefable|Moonblast|p1a: Arceus
|-supereffective|p1a: Arceus
|-damage|p1a: Arceus|54/100
|
|upkeep
|turn|25
|
|t:|1623332116
|move|p1a: Arceus|Calm Mind|p1a: Arceus
|-boost|p1a: Arceus|spa|1
|-boost|p1a: Arceus|spd|1
|move|p2a: Clefable|Moonblast|p1a: Arceus
|-supereffective|p1a: Arceus
|-damage|p1a: Arceus|24/100
|
|upkeep
|turn|26
|
|t:|1623332123
|move|p1a: Arceus|Recover|p1a: Arceus
|-heal|p1a: Arceus|74/100
|move|p2a: Clefable|Moonblast|p1a: Arceus
|-supereffective|p1a: Arceus
|-damage|p1a: Arceus|44/100
|-unboost|p1a: Arceus|spa|1
|
|upkeep
|turn|27
|
|t:|1623332132
|move|p1a: Arceus|Recover|p1a: Arceus
|-heal|p1a: Arceus|94/100
|move|p2a: Clefable|Moonblast|p1a: Arceus
|-supereffective|p1a: Arceus
|-damage|p1a: Arceus|65/100
|
|upkeep
|turn|28
|
|t:|1623332139
|move|p1a: Arceus|Calm Mind|p1a: Arceus
|-boost|p1a: Arceus|spa|1
|-boost|p1a: Arceus|spd|1
|move|p2a: Clefable|Moonblast|p1a: Arceus
|-supereffective|p1a: Arceus
|-damage|p1a: Arceus|34/100
|
|upkeep
|turn|29
|
|t:|1623332149
|move|p1a: Arceus|Recover|p1a: Arceus
|-heal|p1a: Arceus|84/100
|move|p2a: Clefable|Moonblast|p1a: Arceus
|-supereffective|p1a: Arceus
|-damage|p1a: Arceus|53/100
|-unboost|p1a: Arceus|spa|1
|
|upkeep
|turn|30
|
|t:|1623332165
|switch|p2a: Ferrothorn|Ferrothorn, F|100/100
|move|p1a: Arceus|Calm Mind|p1a: Arceus
|-boost|p1a: Arceus|spa|1
|-boost|p1a: Arceus|spd|0
|
|upkeep
|turn|31
|
|t:|1623332172
|move|p1a: Arceus|Judgment|p2a: Ferrothorn
|-damage|p2a: Ferrothorn|0 fnt
|faint|p2a: Ferrothorn
|
|upkeep
|
|t:|1623332178
|switch|p2a: Clefable|Clefable, M, shiny|100/100
|turn|32
|
|t:|1623332183
|move|p1a: Arceus|Recover|p1a: Arceus
|-heal|p1a: Arceus|100/100
|move|p2a: Clefable|Moonblast|p1a: Arceus
|-supereffective|p1a: Arceus
|-damage|p1a: Arceus|69/100
|-unboost|p1a: Arceus|spa|1
|
|upkeep
|turn|33
|
|t:|1623332191
|move|p1a: Arceus|Calm Mind|p1a: Arceus
|-boost|p1a: Arceus|spa|1
|-boost|p1a: Arceus|spd|0
|move|p2a: Clefable|Moonblast|p1a: Arceus
|-supereffective|p1a: Arceus
|-damage|p1a: Arceus|38/100
|
|upkeep
|turn|34
|
|t:|1623332199
|move|p1a: Arceus|Recover|p1a: Arceus
|-heal|p1a: Arceus|88/100
|move|p2a: Clefable|Moonblast|p1a: Arceus
|-supereffective|p1a: Arceus
|-damage|p1a: Arceus|60/100
|
|upkeep
|turn|35
|
|t:|1623332206
|move|p1a: Arceus|Calm Mind|p1a: Arceus
|-boost|p1a: Arceus|spa|1
|-boost|p1a: Arceus|spd|0
|move|p2a: Clefable|Moonblast|p1a: Arceus
|-supereffective|p1a: Arceus
|-damage|p1a: Arceus|28/100
|
|upkeep
|turn|36
|
|t:|1623332216
|move|p1a: Arceus|Recover|p1a: Arceus
|-heal|p1a: Arceus|78/100
|move|p2a: Clefable|Moonblast|p1a: Arceus
|-supereffective|p1a: Arceus
|-damage|p1a: Arceus|46/100
|-unboost|p1a: Arceus|spa|1
|
|upkeep
|turn|37
|
|t:|1623332224
|move|p1a: Arceus|Judgment|p2a: Clefable
|-resisted|p2a: Clefable
|-damage|p2a: Clefable|84/100
|move|p2a: Clefable|Moonblast|p1a: Arceus
|-supereffective|p1a: Arceus
|-damage|p1a: Arceus|16/100
|
|-heal|p2a: Clefable|90/100|[from] item: Leftovers
|upkeep
|turn|38
|
|t:|1623332246
|move|p2a: Clefable|Protect|p2a: Clefable
|-singleturn|p2a: Clefable|Protect
|move|p1a: Arceus|Recover|p1a: Arceus
|-heal|p1a: Arceus|66/100
|
|-heal|p2a: Clefable|96/100|[from] item: Leftovers
|upkeep
|turn|39
|
|t:|1623332258
|move|p1a: Arceus|Calm Mind|p1a: Arceus
|-boost|p1a: Arceus|spa|1
|-boost|p1a: Arceus|spd|0
|move|p2a: Clefable|Moonblast|p1a: Arceus
|-supereffective|p1a: Arceus
|-damage|p1a: Arceus|37/100
|
|-heal|p2a: Clefable|100/100|[from] item: Leftovers
|upkeep
|turn|40
|
|t:|1623332272
|move|p2a: Clefable|Protect|p2a: Clefable
|-singleturn|p2a: Clefable|Protect
|move|p1a: Arceus|Recover|p1a: Arceus
|-heal|p1a: Arceus|87/100
|
|upkeep
|turn|41
|
|t:|1623332286
|move|p1a: Arceus|Judgment|p2a: Clefable
|-resisted|p2a: Clefable
|-damage|p2a: Clefable|84/100
|move|p2a: Clefable|Moonblast|p1a: Arceus
|-supereffective|p1a: Arceus
|-damage|p1a: Arceus|59/100
|-unboost|p1a: Arceus|spa|1
|
|-heal|p2a: Clefable|91/100|[from] item: Leftovers
|upkeep
|turn|42
|
|t:|1623332298
|move|p2a: Clefable|Protect|p2a: Clefable
|-singleturn|p2a: Clefable|Protect
|move|p1a: Arceus|Calm Mind|p1a: Arceus
|-boost|p1a: Arceus|spa|1
|-boost|p1a: Arceus|spd|0
|
|-heal|p2a: Clefable|97/100|[from] item: Leftovers
|upkeep
|turn|43
|
|t:|1623332310
|move|p2a: Clefable|Protect||[still]
|-fail|p2a: Clefable
|move|p1a: Arceus|Refresh||[still]
|-fail|p1a: Arceus
|
|-heal|p2a: Clefable|100/100|[from] item: Leftovers
|upkeep
|turn|44
|
|t:|1623332321
|move|p2a: Clefable|Protect|p2a: Clefable
|-singleturn|p2a: Clefable|Protect
|move|p1a: Arceus|Refresh||[still]
|-fail|p1a: Arceus
|
|upkeep
|turn|45
|
|t:|1623332331
|move|p1a: Arceus|Refresh||[still]
|-fail|p1a: Arceus
|move|p2a: Clefable|Moonblast|p1a: Arceus
|-supereffective|p1a: Arceus
|-damage|p1a: Arceus|28/100
|
|upkeep
|turn|46
|
|t:|1623332339
|move|p2a: Clefable|Protect|p2a: Clefable
|-singleturn|p2a: Clefable|Protect
|move|p1a: Arceus|Recover|p1a: Arceus
|-heal|p1a: Arceus|78/100
|
|upkeep
|turn|47
|
|t:|1623332369
|move|p2a: Clefable|Protect||[still]
|-fail|p2a: Clefable
|move|p1a: Arceus|Refresh||[still]
|-fail|p1a: Arceus
|
|upkeep
|turn|48
|
|t:|1623332376
|move|p2a: Clefable|Protect|p2a: Clefable
|-singleturn|p2a: Clefable|Protect
|move|p1a: Arceus|Refresh||[still]
|-fail|p1a: Arceus
|
|upkeep
|turn|49
|
|t:|1623332384
|move|p2a: Clefable|Protect|p2a: Clefable
|-singleturn|p2a: Clefable|Protect
|move|p1a: Arceus|Refresh||[still]
|-fail|p1a: Arceus
|
|upkeep
|turn|50
|
|t:|1623332392
|move|p2a: Clefable|Protect||[still]
|-fail|p2a: Clefable
|move|p1a: Arceus|Refresh||[still]
|-fail|p1a: Arceus
|
|upkeep
|turn|51
|
|t:|1623332399
|move|p2a: Clefable|Protect|p2a: Clefable
|-singleturn|p2a: Clefable|Protect
|move|p1a: Arceus|Refresh||[still]
|-fail|p1a: Arceus
|
|upkeep
|turn|52
|
|t:|1623332409
|move|p2a: Clefable|Protect|p2a: Clefable
|-singleturn|p2a: Clefable|Protect
|move|p1a: Arceus|Refresh||[still]
|-fail|p1a: Arceus
|
|upkeep
|turn|53
|
|t:|1623332418
|move|p2a: Clefable|Protect||[still]
|-fail|p2a: Clefable
|move|p1a: Arceus|Refresh||[still]
|-fail|p1a: Arceus
|
|upkeep
|turn|54
|
|t:|1623332431
|move|p2a: Clefable|Protect|p2a: Clefable
|-singleturn|p2a: Clefable|Protect
|move|p1a: Arceus|Refresh||[still]
|-fail|p1a: Arceus
|
|upkeep
|turn|55
|
|t:|1623332438
|move|p2a: Clefable|Protect||[still]
|-fail|p2a: Clefable
|move|p1a: Arceus|Refresh||[still]
|-fail|p1a: Arceus
|
|upkeep
|turn|56
|
|t:|1623332444
|move|p2a: Clefable|Protect|p2a: Clefable
|-singleturn|p2a: Clefable|Protect
|move|p1a: Arceus|Refresh||[still]
|-fail|p1a: Arceus
|
|upkeep
|turn|57
|
|t:|1623332453
|move|p1a: Arceus|Refresh||[still]
|-fail|p1a: Arceus
|move|p2a: Clefable|Wish|p2a: Clefable
|
|upkeep
|turn|58
|
|t:|1623332462
|move|p1a: Arceus|Refresh||[still]
|-fail|p1a: Arceus
|move|p2a: Clefable|Wish||[still]
|-fail|p2a: Clefable
|
|upkeep
|turn|59
|
|t:|1623332469
|move|p1a: Arceus|Refresh||[still]
|-fail|p1a: Arceus
|move|p2a: Clefable|Wish|p2a: Clefable
|
|upkeep
|turn|60
|
|t:|1623332477
|move|p1a: Arceus|Refresh||[still]
|-fail|p1a: Arceus
|move|p2a: Clefable|Wish||[still]
|-fail|p2a: Clefable
|
|upkeep
|turn|61
|
|t:|1623332484
|move|p1a: Arceus|Refresh||[still]
|-fail|p1a: Arceus
|move|p2a: Clefable|Wish|p2a: Clefable
|
|upkeep
|turn|62
|
|t:|1623332489
|move|p1a: Arceus|Refresh||[still]
|-fail|p1a: Arceus
|move|p2a: Clefable|Wish||[still]
|-fail|p2a: Clefable
|
|upkeep
|turn|63
|
|t:|1623332497
|move|p1a: Arceus|Refresh||[still]
|-fail|p1a: Arceus
|move|p2a: Clefable|Wish|p2a: Clefable
|
|upkeep
|turn|64
|
|t:|1623332503
|switch|p2a: Giratina|Giratina, shiny|100/100
|-ability|p2a: Giratina|Pressure
|move|p1a: Arceus|Refresh||[still]
|-fail|p1a: Arceus
|
|upkeep
|turn|65
|
|t:|1623332510
|switch|p2a: Clefable|Clefable, M, shiny|100/100
|move|p1a: Arceus|Judgment|p2a: Clefable
|-resisted|p2a: Clefable
|-damage|p2a: Clefable|85/100
|
|-heal|p2a: Clefable|92/100|[from] item: Leftovers
|upkeep
|turn|66
|
|t:|1623332520
|move|p1a: Arceus|Judgment|p2a: Clefable
|-resisted|p2a: Clefable
|-damage|p2a: Clefable|76/100
|move|p2a: Clefable|Wish|p2a: Clefable
|
|-heal|p2a: Clefable|82/100|[from] item: Leftovers
|upkeep
|turn|67
|
|t:|1623332529
|move|p1a: Arceus|Refresh||[still]
|-fail|p1a: Arceus
|move|p2a: Clefable|Wish||[still]
|-fail|p2a: Clefable
|
|-heal|p2a: Clefable|100/100|[from] move: Wish|[wisher] Clefable
|upkeep
|turn|68
|
|t:|1623332538
|move|p1a: Arceus|Calm Mind|p1a: Arceus
|-boost|p1a: Arceus|spa|0
|-boost|p1a: Arceus|spd|0
|move|p2a: Clefable|Wish|p2a: Clefable
|
|upkeep
|turn|69
|
|t:|1623332549
|move|p1a: Arceus|Calm Mind|p1a: Arceus
|-boost|p1a: Arceus|spa|0
|-boost|p1a: Arceus|spd|0
|move|p2a: Clefable|Wish||[still]
|-fail|p2a: Clefable
|
|upkeep
|turn|70
|
|t:|1623332558
|move|p1a: Arceus|Calm Mind|p1a: Arceus
|-boost|p1a: Arceus|spa|0
|-boost|p1a: Arceus|spd|0
|move|p2a: Clefable|Wish|p2a: Clefable
|
|upkeep
|turn|71
|
|t:|1623332564
|switch|p2a: Arceus|Arceus-Ground, shiny|88/100
|move|p1a: Arceus|Calm Mind|p1a: Arceus
|-boost|p1a: Arceus|spa|0
|-boost|p1a: Arceus|spd|0
|
|-heal|p2a: Arceus|100/100|[from] move: Wish|[wisher] Clefable
|upkeep
|turn|72
|
|t:|1623332574
|switch|p2a: Clefable|Clefable, M, shiny|100/100
|move|p1a: Arceus|Calm Mind|p1a: Arceus
|-boost|p1a: Arceus|spa|0
|-boost|p1a: Arceus|spd|0
|
|upkeep
|turn|73
|
|t:|1623332586
|move|p1a: Arceus|Calm Mind|p1a: Arceus
|-boost|p1a: Arceus|spa|0
|-boost|p1a: Arceus|spd|0
|move|p2a: Clefable|Wish|p2a: Clefable
|
|upkeep
|turn|74
|
|t:|1623332595
|move|p1a: Arceus|Judgment|p2a: Clefable
|-resisted|p2a: Clefable
|-damage|p2a: Clefable|85/100
|move|p2a: Clefable|Heal Bell||[still]
|-activate|p2a: Clefable|move: Heal Bell
|-fail|p2a: Clefable
|
|-heal|p2a: Clefable|100/100|[from] move: Wish|[wisher] Clefable
|upkeep
|turn|75
|
|t:|1623332605
|move|p1a: Arceus|Judgment|p2a: Clefable
|-resisted|p2a: Clefable
|-damage|p2a: Clefable|85/100
|move|p2a: Clefable|Wish|p2a: Clefable
|
|-heal|p2a: Clefable|92/100|[from] item: Leftovers
|upkeep
|turn|76
|
|t:|1623332614
|move|p1a: Arceus|Calm Mind|p1a: Arceus
|-boost|p1a: Arceus|spa|0
|-boost|p1a: Arceus|spd|0
|move|p2a: Clefable|Heal Bell||[still]
|-activate|p2a: Clefable|move: Heal Bell
|-fail|p2a: Clefable
|
|-heal|p2a: Clefable|100/100|[from] move: Wish|[wisher] Clefable
|upkeep
|turn|77
|
|t:|1623332627
|move|p1a: Arceus|Calm Mind|p1a: Arceus
|-boost|p1a: Arceus|spa|0
|-boost|p1a: Arceus|spd|0
|move|p2a: Clefable|Wish|p2a: Clefable
|
|upkeep
|turn|78
|
|t:|1623332640
|move|p1a: Arceus|Judgment|p2a: Clefable
|-resisted|p2a: Clefable
|-damage|p2a: Clefable|85/100
|move|p2a: Clefable|Heal Bell||[still]
|-activate|p2a: Clefable|move: Heal Bell
|-fail|p2a: Clefable
|
|-heal|p2a: Clefable|100/100|[from] move: Wish|[wisher] Clefable
|upkeep
|turn|79
|
|t:|1623332650
|move|p1a: Arceus|Calm Mind|p1a: Arceus
|-boost|p1a: Arceus|spa|0
|-boost|p1a: Arceus|spd|0
|move|p2a: Clefable|Heal Bell||[still]
|-activate|p2a: Clefable|move: Heal Bell
|-fail|p2a: Clefable
|
|upkeep
|turn|80
|
|t:|1623332659
|move|p1a: Arceus|Calm Mind|p1a: Arceus
|-boost|p1a: Arceus|spa|0
|-boost|p1a: Arceus|spd|0
|move|p2a: Clefable|Heal Bell||[still]
|-activate|p2a: Clefable|move: Heal Bell
|-fail|p2a: Clefable
|
|upkeep
|turn|81
|
|t:|1623332670
|move|p1a: Arceus|Refresh||[still]
|-fail|p1a: Arceus
|move|p2a: Clefable|Heal Bell||[still]
|-activate|p2a: Clefable|move: Heal Bell
|-fail|p2a: Clefable
|
|upkeep
|turn|82
|
|t:|1623332678
|move|p1a: Arceus|Judgment|p2a: Clefable
|-resisted|p2a: Clefable
|-crit|p2a: Clefable
|-damage|p2a: Clefable|78/100
|move|p2a: Clefable|Heal Bell||[still]
|-activate|p2a: Clefable|move: Heal Bell
|-fail|p2a: Clefable
|
|-heal|p2a: Clefable|84/100|[from] item: Leftovers
|upkeep
|turn|83
|
|t:|1623332690
|move|p1a: Arceus|Judgment|p2a: Clefable
|-resisted|p2a: Clefable
|-damage|p2a: Clefable|68/100
|move|p2a: Clefable|Wish|p2a: Clefable
|
|-heal|p2a: Clefable|75/100|[from] item: Leftovers
|upkeep
|turn|84
|
|t:|1623332699
|move|p1a: Arceus|Calm Mind|p1a: Arceus
|-boost|p1a: Arceus|spa|0
|-boost|p1a: Arceus|spd|0
|move|p2a: Clefable|Moonblast|p1a: Arceus
|-supereffective|p1a: Arceus
|-damage|p1a: Arceus|47/100
|
|-heal|p2a: Clefable|100/100|[from] move: Wish|[wisher] Clefable
|upkeep
|turn|85
|
|t:|1623332710
|switch|p2a: Arceus|Arceus-Ground, shiny|100/100
|move|p1a: Arceus|Refresh||[still]
|-fail|p1a: Arceus
|
|upkeep
|turn|86
|
|t:|1623332723
|switch|p2a: Clefable|Clefable, M, shiny|100/100
|move|p1a: Arceus|Recover|p1a: Arceus
|-heal|p1a: Arceus|97/100
|
|upkeep
|turn|87
|
|t:|1623332731
|move|p1a: Arceus|Refresh||[still]
|-fail|p1a: Arceus
|move|p2a: Clefable|Moonblast|p1a: Arceus
|-supereffective|p1a: Arceus
|-damage|p1a: Arceus|64/100
|
|upkeep
|turn|88
|
|t:|1623332740
|move|p1a: Arceus|Refresh||[still]
|-fail|p1a: Arceus
|move|p2a: Clefable|Moonblast|p1a: Arceus
|-supereffective|p1a: Arceus
|-damage|p1a: Arceus|32/100
|
|upkeep
|turn|89
|
|t:|1623332754
|move|p1a: Arceus|Recover|p1a: Arceus
|-heal|p1a: Arceus|82/100
|move|p2a: Clefable|Moonblast|p1a: Arceus
|-supereffective|p1a: Arceus
|-damage|p1a: Arceus|49/100
|
|upkeep
|turn|90
|
|t:|1623332763
|move|p1a: Arceus|Refresh||[still]
|-fail|p1a: Arceus
|move|p2a: Clefable|Moonblast|p1a: Arceus
|-supereffective|p1a: Arceus
|-damage|p1a: Arceus|18/100
|
|upkeep
|turn|91
|
|t:|1623332769
|switch|p2a: Sableye|Sableye, M, shiny|100/100
|move|p1a: Arceus|Recover|p1a: Arceus
|-heal|p1a: Arceus|68/100
|
|upkeep
|turn|92
|
|t:|1623332777
|move|p2a: Sableye|Fake Out|p1a: Arceus
|-damage|p1a: Arceus|63/100
|cant|p1a: Arceus|flinch
|
|upkeep
|turn|93
|
|t:|1623332784
|switch|p2a: Clefable|Clefable, M, shiny|100/100
|move|p1a: Arceus|Judgment|p2a: Clefable
|-resisted|p2a: Clefable
|-damage|p2a: Clefable|85/100
|
|-heal|p2a: Clefable|91/100|[from] item: Leftovers
|upkeep
|turn|94
|
|t:|1623332794
|move|p1a: Arceus|Calm Mind|p1a: Arceus
|-boost|p1a: Arceus|spa|0
|-boost|p1a: Arceus|spd|0
|move|p2a: Clefable|Moonblast|p1a: Arceus
|-supereffective|p1a: Arceus
|-damage|p1a: Arceus|29/100
|
|-heal|p2a: Clefable|97/100|[from] item: Leftovers
|upkeep
|turn|95
|
|t:|1623332806
|move|p1a: Arceus|Recover|p1a: Arceus
|-heal|p1a: Arceus|79/100
|-activate|p2a: Clefable|move: Struggle
|move|p2a: Clefable|Struggle|p1a: Arceus
|-damage|p1a: Arceus|74/100
|-damage|p2a: Clefable|73/100|[from] recoil
|
|-heal|p2a: Clefable|79/100|[from] item: Leftovers
|upkeep
|turn|96
|
|t:|1623332821
|switch|p2a: Ho-Oh|Ho-Oh, shiny|100/100
|move|p1a: Arceus|Refresh||[still]
|-fail|p1a: Arceus
|
|upkeep
|turn|97
|
|t:|1623332834
|move|p1a: Arceus|Judgment|p2a: Ho-Oh
|-damage|p2a: Ho-Oh|0 fnt
|faint|p2a: Ho-Oh
|
|upkeep
|
|t:|1623332839
|switch|p2a: Sableye|Sableye, M, shiny|100/100
|turn|98
|
|t:|1623332844
|move|p2a: Sableye|Fake Out|p1a: Arceus
|-damage|p1a: Arceus|70/100
|cant|p1a: Arceus|flinch
|
|upkeep
|turn|99
|
|t:|1623332855
|switch|p2a: Clefable|Clefable, M, shiny|79/100
|move|p1a: Arceus|Refresh||[still]
|-fail|p1a: Arceus
|
|-heal|p2a: Clefable|85/100|[from] item: Leftovers
|upkeep
|turn|100
|
|t:|1623332870
|switch|p2a: Giratina|Giratina, shiny|100/100
|-ability|p2a: Giratina|Pressure
|move|p1a: Arceus|Refresh||[still]
|-fail|p1a: Arceus
|
|upkeep
|turn|101
|
|t:|1623332880
|switch|p2a: Clefable|Clefable, M, shiny|85/100
|move|p1a: Arceus|Calm Mind|p1a: Arceus
|-boost|p1a: Arceus|spa|0
|-boost|p1a: Arceus|spd|0
|
|-heal|p2a: Clefable|91/100|[from] item: Leftovers
|upkeep
|turn|102
|
|t:|1623332893
|move|p1a: Arceus|Refresh||[still]
|-fail|p1a: Arceus
|-activate|p2a: Clefable|move: Struggle
|move|p2a: Clefable|Struggle|p1a: Arceus
|-damage|p1a: Arceus|66/100
|-damage|p2a: Clefable|66/100|[from] recoil
|
|-heal|p2a: Clefable|72/100|[from] item: Leftovers
|upkeep
|turn|103
|
|t:|1623332905
|switch|p2a: Giratina|Giratina, shiny|100/100
|-ability|p2a: Giratina|Pressure
|move|p1a: Arceus|Judgment|p2a: Giratina
|-supereffective|p2a: Giratina
|-damage|p2a: Giratina|0 fnt
|faint|p2a: Giratina
|
|upkeep
|
|t:|1623332914
|switch|p2a: Clefable|Clefable, M, shiny|72/100
|turn|104
|
|t:|1623332919
|move|p1a: Arceus|Refresh||[still]
|-fail|p1a: Arceus
|-activate|p2a: Clefable|move: Struggle
|move|p2a: Clefable|Struggle|p1a: Arceus
|-damage|p1a: Arceus|61/100
|-damage|p2a: Clefable|47/100|[from] recoil
|
|-heal|p2a: Clefable|53/100|[from] item: Leftovers
|upkeep
|turn|105
|
|t:|1623332930
|switch|p2a: Arceus|Arceus-Ground, shiny|100/100
|move|p1a: Arceus|Calm Mind|p1a: Arceus
|-boost|p1a: Arceus|spa|0
|-boost|p1a: Arceus|spd|0
|
|upkeep
|turn|106
|
|t:|1623332938
|switch|p2a: Clefable|Clefable, M, shiny|53/100
|move|p1a: Arceus|Judgment|p2a: Clefable
|-resisted|p2a: Clefable
|-damage|p2a: Clefable|38/100
|
|-heal|p2a: Clefable|44/100|[from] item: Leftovers
|upkeep
|turn|107
|
|t:|1623332949
|switch|p2a: Arceus|Arceus-Ground, shiny|100/100
|move|p1a: Arceus|Calm Mind|p1a: Arceus
|-boost|p1a: Arceus|spa|0
|-boost|p1a: Arceus|spd|0
|
|upkeep
|turn|108
|inactive|JAY100064 has 120 seconds left.
|
|t:|1623332960
|move|p2a: Arceus|Ice Beam|p1a: Arceus
|-damage|p1a: Arceus|58/100
|move|p1a: Arceus|Calm Mind|p1a: Arceus
|-boost|p1a: Arceus|spa|0
|-boost|p1a: Arceus|spd|0
|
|upkeep
|turn|109
|inactive|JAY100064 has 120 seconds left.
|
|t:|1623332974
|move|p2a: Arceus|Ice Beam|p1a: Arceus
|-damage|p1a: Arceus|55/100
|move|p1a: Arceus|Calm Mind|p1a: Arceus
|-boost|p1a: Arceus|spa|0
|-boost|p1a: Arceus|spd|0
|
|upkeep
|turn|110
|
|t:|1623332981
|move|p2a: Arceus|Ice Beam|p1a: Arceus
|-damage|p1a: Arceus|52/100
|move|p1a: Arceus|Judgment|p2a: Arceus
|-damage|p2a: Arceus|0 fnt
|faint|p2a: Arceus
|
|upkeep
|
|t:|1623332989
|switch|p2a: Sableye|Sableye, M, shiny|100/100
|turn|111
|
|t:|1623332995
|move|p2a: Sableye|Fake Out|p1a: Arceus
|-crit|p1a: Arceus
|-damage|p1a: Arceus|44/100
|cant|p1a: Arceus|flinch
|
|upkeep
|turn|112
|inactive|JAY100064 has 120 seconds left.
|
|t:|1623333001
|move|p2a: Sableye|Will-O-Wisp|p1a: Arceus
|-hint|Since gen 7, Dark is immune to Prankster moves.
|-immune|p1a: Arceus
|move|p1a: Arceus|Recover|p1a: Arceus
|-heal|p1a: Arceus|94/100
|
|upkeep
|turn|113
|inactive|JAY100064 has 120 seconds left.
|-message|JAY100064 forfeited.
|
|win|Jumbomomoo
|raw|Jumbomomoo's rating: 1436 &rarr; <strong>1455</strong><br />(+19 for winning)
|raw|JAY100064's rating: 1410 &rarr; <strong>1391</strong><br />(-19 for losing)
|c|☆JAY100064|lol gg
|c|☆Jumbomomoo|lol
|c|☆Jumbomomoo|haha
|c|☆Jumbomomoo|gg bro
|c|☆Jumbomomoo|wait
|c|☆JAY100064|why is it immune
|c|☆JAY100064|...
|c|☆Jumbomomoo|all this for just 14 points?
|c|☆Jumbomomoo|lmaooooooooo
|c|☆JAY100064|lol
|c|☆Jumbomomoo|dark against darks
||Ladder isn't responding, score probably updated but might not have (Request timeout).
|c|☆JAY100064|oh
|c|☆JAY100064|well gg
|c|☆Jumbomomoo|you definitely are a high level player
|c|☆Jumbomomoo|gg bro
|c|☆Jumbomomoo|have a great day
|c|☆JAY100064|lol u too
|l|☆JAY100064
|c|☆Jumbomomoo|Alfaz999
