|j|☆Chromastone.OMX
|j|☆Naofumi_Bakugo_Jax
|t:|1664935990
|gametype|singles
|player|p1|Chromastone.OMX|kiawe|1654
|player|p2|Naofumi_Bakugo_Jax|blue|1681
|teamsize|p1|6
|teamsize|p2|6
|gen|8
|tier|[Gen 8] National Dex AG
|rated|
|rule|HP Percentage Mod: HP is shown in percentages
|rule|Endless Battle Clause: Forcing endless battles is banned
|clearpoke
|poke|p1|Shuckle, F|
|poke|p1|Diancie|
|poke|p1|Kyogre|
|poke|p1|Eternatus|
|poke|p1|Necrozma-Dusk-Mane|
|poke|p1|Yveltal|
|poke|p2|Zacian-*|
|poke|p2|Calyrex-Shadow|
|poke|p2|Yveltal|
|poke|p2|Arceus-*|
|poke|p2|Swampert, M|
|poke|p2|Kyogre|
|teampreview
|
|t:|1664936004
|start
|switch|p1a: Diancie|Diancie|100/100
|switch|p2a: Arceus|Arceus, shiny|100/100
|turn|1
|inactive|Battle timer is ON: inactive players will automatically lose when time's up. (requested by Chromastone.OMX)
|
|t:|1664936014
|detailschange|p1a: Diancie|Diancie-Mega
|-mega|p1a: Diancie|Diancie|Diancite
|move|p2a: Arceus|Magic Coat|p2a: Arceus
|-singleturn|p2a: Arceus|move: Magic Coat
|move|p1a: Diancie|Diamond Storm|p2a: Arceus
|-damage|p2a: Arceus|67/100
|-boost|p1a: Diancie|def|2
|
|upkeep
|turn|2
|
|t:|1664936026
|move|p1a: Diancie|Calm Mind|p1a: Diancie
|-boost|p1a: Diancie|spa|1
|-boost|p1a: Diancie|spd|1
|move|p2a: Arceus|Reflect|p2a: Arceus
|-sidestart|p2: Naofumi_Bakugo_Jax|Reflect
|
|upkeep
|turn|3
|
|t:|1664936029
|move|p1a: Diancie|Calm Mind|p1a: Diancie
|-boost|p1a: Diancie|spa|1
|-boost|p1a: Diancie|spd|1
|move|p2a: Arceus|Tailwind|p2a: Arceus
|-sidestart|p2: Naofumi_Bakugo_Jax|move: Tailwind
|
|upkeep
|turn|4
|
|t:|1664936049
|switch|p2a: Zacian|Zacian-Crowned|100/100
|-ability|p2a: Zacian|Intrepid Sword|boost
|-boost|p2a: Zacian|atk|1
|move|p1a: Diancie|Diamond Storm|p2a: Zacian
|-resisted|p2a: Zacian
|-damage|p2a: Zacian|89/100
|
|upkeep
|turn|5
|
|t:|1664936053
|move|p2a: Zacian|Behemoth Blade|p1a: Diancie
|-supereffective|p1a: Diancie
|-damage|p1a: Diancie|0 fnt
|faint|p1a: Diancie
|
|upkeep
|
|t:|1664936061
|switch|p1a: Shuckle|Shuckle, F|100/100
|turn|6
|
|t:|1664936077
|move|p2a: Zacian|Behemoth Blade|p1a: Shuckle
|-supereffective|p1a: Shuckle
|-ability|p1a: Shuckle|Sturdy
|-damage|p1a: Shuckle|1/100
|move|p1a: Shuckle|Sticky Web|p2a: Zacian
|-sidestart|p2: Naofumi_Bakugo_Jax|move: Sticky Web
|
|-heal|p1a: Shuckle|7/100|[from] item: Leftovers
|-sideend|p2: Naofumi_Bakugo_Jax|move: Tailwind
|upkeep
|turn|7
|
|t:|1664936089
|move|p2a: Zacian|Behemoth Blade|p1a: Shuckle
|-supereffective|p1a: Shuckle
|-damage|p1a: Shuckle|0 fnt
|faint|p1a: Shuckle
|
|upkeep
|
|t:|1664936092
|switch|p1a: Necrozma|Necrozma-Dusk-Mane|100/100
|turn|8
|
|t:|1664936111
|switch|p2a: Calyrex|Calyrex-Shadow|100/100
|-ability|p2a: Calyrex|As One
|-ability|p2a: Calyrex|Unnerve
|-activate|p2a: Calyrex|move: Sticky Web
|-unboost|p2a: Calyrex|spe|1
|move|p1a: Necrozma|Dragon Dance|p1a: Necrozma
|-boost|p1a: Necrozma|atk|1
|-boost|p1a: Necrozma|spe|1
|
|upkeep
|turn|9
|
|t:|1664936123
|detailschange|p1a: Necrozma|Necrozma-Ultra
|-burst|p1a: Necrozma|Necrozma|Ultranecrozium Z
|move|p1a: Necrozma|Earthquake|p2a: Calyrex
|-damage|p2a: Calyrex|56/100
|move|p2a: Calyrex|Astral Barrage|p1a: Necrozma
|-supereffective|p1a: Necrozma
|-damage|p1a: Necrozma|0 fnt
|faint|p1a: Necrozma
|-ability|p2a: Calyrex|Grim Neigh|boost
|-boost|p2a: Calyrex|spa|1
|
|-sideend|p2: Naofumi_Bakugo_Jax|Reflect
|upkeep
|
|t:|1664936137
|switch|p1a: Yveltal|Yveltal|100/100
|-ability|p1a: Yveltal|Dark Aura
|turn|10
|
|t:|1664936142
|move|p1a: Yveltal|Sucker Punch||[still]
|-fail|p1a: Yveltal
|move|p2a: Calyrex|Baton Pass|p2a: Calyrex
|
|t:|1664936145
|switch|p2a: Yveltal|Yveltal, shiny|100/100|[from]move: Baton Pass
|-ability|p2a: Yveltal|Dark Aura
|
|upkeep
|turn|11
|
|t:|1664936154
|-start|p1a: Yveltal|Dynamax|
|-heal|p1a: Yveltal|100/100|[silent]
|move|p1a: Yveltal|Max Airstream|p2a: Yveltal
|-damage|p2a: Yveltal|44/100
|-boost|p1a: Yveltal|spe|1
|move|p2a: Yveltal|Tailwind|p2a: Yveltal
|-sidestart|p2: Naofumi_Bakugo_Jax|move: Tailwind
|
|upkeep
|turn|12
|
|t:|1664936173
|-start|p2a: Yveltal|Dynamax|
|-heal|p2a: Yveltal|44/100|[silent]
|move|p2a: Yveltal|Max Guard|p2a: Yveltal
|-singleturn|p2a: Yveltal|Max Guard
|move|p1a: Yveltal|Max Airstream|p2a: Yveltal
|-activate|p2a: Yveltal|move: Max Guard
|
|upkeep
|turn|13
|
|t:|1664936182
|move|p1a: Yveltal|Max Airstream|p2a: Yveltal
|-damage|p2a: Yveltal|14/100
|-boost|p1a: Yveltal|spe|1
|move|p2a: Yveltal|Max Airstream|p1a: Yveltal
|-damage|p1a: Yveltal|50/100
|-boost|p2a: Yveltal|spe|1
|
|upkeep
|-end|p1a: Yveltal|Dynamax
|-heal|p1a: Yveltal|50/100|[silent]
|turn|14
|
|t:|1664936200
|move|p2a: Yveltal|Max Guard|p2a: Yveltal
|-singleturn|p2a: Yveltal|Max Guard
|move|p1a: Yveltal|Dual Wingbeat|p2a: Yveltal
|-activate|p2a: Yveltal|move: Max Guard
|
|-sideend|p2: Naofumi_Bakugo_Jax|move: Tailwind
|upkeep
|-end|p2a: Yveltal|Dynamax
|-heal|p2a: Yveltal|14/100|[silent]
|turn|15
|
|t:|1664936206
|move|p1a: Yveltal|Sucker Punch||[still]
|-fail|p1a: Yveltal
|move|p2a: Yveltal|Tailwind|p2a: Yveltal
|-sidestart|p2: Naofumi_Bakugo_Jax|move: Tailwind
|
|upkeep
|turn|16
|inactive|Naofumi_Bakugo_Jax has 120 seconds left.
|
|t:|1664936241
|switch|p2a: Zacian|Zacian-Crowned|89/100
|-activate|p2a: Zacian|move: Sticky Web
|-unboost|p2a: Zacian|spe|1
|-ability|p2a: Zacian|Intrepid Sword|boost
|-boost|p2a: Zacian|atk|1
|move|p1a: Yveltal|Dual Wingbeat|p2a: Zacian
|-resisted|p2a: Zacian
|-damage|p2a: Zacian|79/100
|-resisted|p2a: Zacian
|-damage|p2a: Zacian|69/100
|-hitcount|p2a: Zacian|2
|
|upkeep
|turn|17
|inactive|Naofumi_Bakugo_Jax has 120 seconds left.
|
|t:|1664936252
|move|p1a: Yveltal|Heat Wave|p2a: Zacian
|-supereffective|p2a: Zacian
|-damage|p2a: Zacian|20/100
|move|p2a: Zacian|Behemoth Blade|p1a: Yveltal
|-damage|p1a: Yveltal|0 fnt
|faint|p1a: Yveltal
|
|upkeep
|
|t:|1664936256
|switch|p1a: Eternatus|Eternatus|100/100
|-ability|p1a: Eternatus|Pressure
|turn|18
|
|t:|1664936260
|move|p2a: Zacian|Psychic Fangs|p1a: Eternatus
|-supereffective|p1a: Eternatus
|-damage|p1a: Eternatus|12/100
|move|p1a: Eternatus|Cosmic Power|p1a: Eternatus
|-boost|p1a: Eternatus|def|1
|-boost|p1a: Eternatus|spd|1
|
|-heal|p1a: Eternatus|19/100|[from] item: Black Sludge
|-sideend|p2: Naofumi_Bakugo_Jax|move: Tailwind
|upkeep
|turn|19
|
|t:|1664936274
|move|p2a: Zacian|Quick Attack|p1a: Eternatus
|-damage|p1a: Eternatus|6/100
|move|p1a: Eternatus|Shadow Ball|p2a: Zacian
|-damage|p2a: Zacian|2/100
|
|-heal|p1a: Eternatus|12/100|[from] item: Black Sludge
|upkeep
|turn|20
|
|t:|1664936283
|move|p2a: Zacian|Quick Attack|p1a: Eternatus
|-damage|p1a: Eternatus|0 fnt
|faint|p1a: Eternatus
|
|upkeep
|
|t:|1664936285
|switch|p1a: Kyogre|Kyogre|100/100
|-weather|RainDance|[from] ability: Drizzle|[of] p1a: Kyogre
|turn|21
|
|t:|1664936290
|move|p2a: Zacian|Quick Attack|p1a: Kyogre
|-damage|p1a: Kyogre|71/100
|move|p1a: Kyogre|Water Spout|p2a: Zacian
|-damage|p2a: Zacian|0 fnt
|faint|p2a: Zacian
|
|-weather|RainDance|[upkeep]
|upkeep
|
|t:|1664936314
|switch|p2a: Kyogre|Kyogre|100/100
|-activate|p2a: Kyogre|move: Sticky Web
|-unboost|p2a: Kyogre|spe|1
|turn|22
|
|t:|1664936318
|move|p1a: Kyogre|Water Spout|p2a: Kyogre
|-resisted|p2a: Kyogre
|-damage|p2a: Kyogre|68/100
|move|p2a: Kyogre|Thunder Wave|p1a: Kyogre
|-status|p1a: Kyogre|par
|
|-weather|RainDance|[upkeep]
|upkeep
|turn|23
|-message|Chromastone.OMX forfeited.
|
|win|Naofumi_Bakugo_Jax
|raw|Chromastone.OMX's rating: 1654 &rarr; <strong>1636</strong><br />(-18 for losing)
|raw|Naofumi_Bakugo_Jax's rating: 1681 &rarr; <strong>1699</strong><br />(+18 for winning)
|l|☆Chromastone.OMX
||Ladder isn't responding, score probably updated but might not have (Request timeout).
