|j|☆But_ok#0174
|j|☆frostcrush
|t:|1659061518
|gametype|singles
|player|p1|But_ok#0174|dawn-gen4pt|1448
|player|p2|frostcrush|265|1434
|teamsize|p1|6
|teamsize|p2|6
|gen|8
|tier|[Gen 8] National Dex AG
|rated|
|rule|HP Percentage Mod: HP is shown in percentages
|rule|Endless Battle Clause: Forcing endless battles is banned
|clearpoke
|poke|p1|Zacian-*|
|poke|p1|Rayquaza|
|poke|p1|Xerneas-*|
|poke|p1|Calyrex-Shadow|
|poke|p1|Galvantula, F|
|poke|p1|Groudon|
|poke|p2|Pyukumuku, M|
|poke|p2|Magnemite, L1|
|poke|p2|Lugia|
|poke|p2|Gloom, M|
|poke|p2|Manectric, F|
|poke|p2|Alomomola, M|
|teampreview
|inactive|Battle timer is ON: inactive players will automatically lose when time's up. (requested by frostcrush)
|
|t:|1659061553
|start
|switch|p1a: Wait wha-|Galvantula, F|100/100
|switch|p2a: Manectric|Manectric, F|100/100
|turn|1
|
|t:|1659061572
|move|p1a: Wait wha-|Sticky Web|p2a: Manectric
|-sidestart|p2: frostcrush|move: Sticky Web
|move|p2a: Manectric|Flamethrower|p1a: Wait wha-
|-supereffective|p1a: Wait wha-
|-damage|p1a: Wait wha-|7/100
|
|upkeep
|turn|2
|
|t:|1659061580
|switch|p1a: Fatass|Groudon|100/100
|detailschange|p1a: Fatass|Groudon-Primal
|-primal|p1a: Fatass
|-weather|DesolateLand|[from] ability: Desolate Land|[of] p1a: Fatass
|move|p2a: Manectric|Volt Switch|p1a: Fatass
|-immune|p1a: Fatass
|
|-weather|DesolateLand|[upkeep]
|upkeep
|turn|3
|
|t:|1659061589
|switch|p2a: Lugia|Lugia|100/100
|-ability|p2a: Lugia|Pressure
|move|p1a: Fatass|Stealth Rock|p2a: Lugia
|-sidestart|p2: frostcrush|move: Stealth Rock
|
|-weather|DesolateLand|[upkeep]
|upkeep
|turn|4
|
|t:|1659061596
|move|p2a: Lugia|Defog|p1a: Fatass
|-unboost|p1a: Fatass|evasion|1
|-sideend|p2: frostcrush|Stealth Rock|[from] move: Defog|[of] p2a: Lugia
|-sideend|p2: frostcrush|Sticky Web|[from] move: Defog|[of] p2a: Lugia
|move|p1a: Fatass|Thunder Wave|p2a: Lugia
|-status|p2a: Lugia|par
|
|-weather|DesolateLand|[upkeep]
|upkeep
|turn|5
|
|t:|1659061603
|switch|p2a: Pyukumuku|Pyukumuku, M|100/100
|move|p1a: Fatass|Heat Crash|p2a: Pyukumuku
|-resisted|p2a: Pyukumuku
|-damage|p2a: Pyukumuku|56/100
|
|-weather|DesolateLand|[upkeep]
|-heal|p2a: Pyukumuku|62/100|[from] item: Leftovers
|upkeep
|turn|6
|
|t:|1659061611
|-weather|none
|switch|p1a: Furry?|Zacian-Crowned|100/100
|-ability|p1a: Furry?|Intrepid Sword|boost
|-boost|p1a: Furry?|atk|1
|move|p2a: Pyukumuku|Recover|p2a: Pyukumuku
|-heal|p2a: Pyukumuku|100/100
|
|upkeep
|turn|7
|
|t:|1659061620
|move|p1a: Furry?|Swords Dance|p1a: Furry?
|-boost|p1a: Furry?|atk|2
|move|p2a: Pyukumuku|Counter||[still]
|-fail|p2a: Pyukumuku
|
|upkeep
|turn|8
|
|t:|1659061631
|switch|p1a: Wait wha-|Galvantula, F|7/100
|move|p2a: Pyukumuku|Counter||[still]
|-fail|p2a: Pyukumuku
|
|upkeep
|turn|9
|
|t:|1659061637
|switch|p2a: Manectric|Manectric, F|100/100
|move|p1a: Wait wha-|Thunder Wave|p2a: Manectric
|-immune|p2a: Manectric
|
|upkeep
|turn|10
|
|t:|1659061645
|detailschange|p2a: Manectric|Manectric-Mega, F
|-mega|p2a: Manectric|Manectric|Manectite
|-ability|p2a: Manectric|Intimidate|boost
|-unboost|p1a: Wait wha-|atk|1
|move|p2a: Manectric|Flamethrower|p1a: Wait wha-
|-supereffective|p1a: Wait wha-
|-damage|p1a: Wait wha-|0 fnt
|faint|p1a: Wait wha-
|
|upkeep
|
|t:|1659061655
|switch|p1a: Fatass|Groudon-Primal|100/100
|-weather|DesolateLand|[from] ability: Desolate Land|[of] p1a: Fatass
|turn|11
|
|t:|1659061660
|switch|p2a: Lugia|Lugia|100/100 par
|-ability|p2a: Lugia|Pressure
|move|p1a: Fatass|Heat Crash|p2a: Lugia
|-damage|p2a: Lugia|47/100 par
|
|-weather|DesolateLand|[upkeep]
|-heal|p2a: Lugia|54/100 par|[from] item: Leftovers
|upkeep
|turn|12
|
|t:|1659061668
|move|p1a: Fatass|Thunder Wave|p2a: Lugia
|-fail|p2a: Lugia|par
|move|p2a: Lugia|Roost|p2a: Lugia
|-heal|p2a: Lugia|100/100 par
|-singleturn|p2a: Lugia|move: Roost
|
|-weather|DesolateLand|[upkeep]
|upkeep
|turn|13
|
|t:|1659061678
|move|p1a: Fatass|Heat Crash|p2a: Lugia
|-damage|p2a: Lugia|40/100 par
|move|p2a: Lugia|Aeroblast|p1a: Fatass
|-damage|p1a: Fatass|74/100
|
|-weather|DesolateLand|[upkeep]
|-heal|p2a: Lugia|46/100 par|[from] item: Leftovers
|upkeep
|turn|14
|
|t:|1659061685
|switch|p2a: Pyukumuku|Pyukumuku, M|100/100
|move|p1a: Fatass|Heat Crash|p2a: Pyukumuku
|-resisted|p2a: Pyukumuku
|-damage|p2a: Pyukumuku|58/100
|
|-weather|DesolateLand|[upkeep]
|-heal|p2a: Pyukumuku|65/100|[from] item: Leftovers
|upkeep
|turn|15
|
|t:|1659061694
|move|p1a: Fatass|Thunder Wave|p2a: Pyukumuku
|-status|p2a: Pyukumuku|par
|move|p2a: Pyukumuku|Recover|p2a: Pyukumuku
|-heal|p2a: Pyukumuku|100/100 par
|
|-weather|DesolateLand|[upkeep]
|upkeep
|turn|16
|
|t:|1659061701
|move|p1a: Fatass|Heat Crash|p2a: Pyukumuku
|-resisted|p2a: Pyukumuku
|-damage|p2a: Pyukumuku|53/100 par
|move|p2a: Pyukumuku|Toxic|p1a: Fatass
|-status|p1a: Fatass|tox
|
|-weather|DesolateLand|[upkeep]
|-heal|p2a: Pyukumuku|59/100 par|[from] item: Leftovers
|-damage|p1a: Fatass|67/100 tox|[from] psn
|upkeep
|turn|17
|
|t:|1659061711
|move|p1a: Fatass|Precipice Blades|p2a: Pyukumuku
|-damage|p2a: Pyukumuku|0 fnt
|faint|p2a: Pyukumuku
|
|-weather|DesolateLand|[upkeep]
|-damage|p1a: Fatass|55/100 tox|[from] psn
|upkeep
|
|t:|1659061720
|switch|p2a: Lugia|Lugia|46/100 par
|-ability|p2a: Lugia|Pressure
|turn|18
|
|t:|1659061725
|switch|p2a: Alomomola|Alomomola, M|100/100
|move|p1a: Fatass|Heat Crash|p2a: Alomomola
|-resisted|p2a: Alomomola
|-damage|p2a: Alomomola|72/100
|
|-weather|DesolateLand|[upkeep]
|-heal|p2a: Alomomola|78/100|[from] item: Leftovers
|-damage|p1a: Fatass|36/100 tox|[from] psn
|upkeep
|turn|19
|
|t:|1659061733
|move|p2a: Alomomola|Protect|p2a: Alomomola
|-singleturn|p2a: Alomomola|Protect
|move|p1a: Fatass|Precipice Blades|p2a: Alomomola
|-activate|p2a: Alomomola|move: Protect
|
|-weather|DesolateLand|[upkeep]
|-heal|p2a: Alomomola|84/100|[from] item: Leftovers
|-damage|p1a: Fatass|12/100 tox|[from] psn
|upkeep
|turn|20
|
|t:|1659061741
|switch|p2a: Lugia|Lugia|46/100 par
|-ability|p2a: Lugia|Pressure
|move|p1a: Fatass|Thunder Wave|p2a: Lugia
|-fail|p2a: Lugia|par
|
|-weather|DesolateLand|[upkeep]
|-heal|p2a: Lugia|52/100 par|[from] item: Leftovers
|-damage|p1a: Fatass|0 fnt|[from] psn
|faint|p1a: Fatass
|-weather|none
|upkeep
|
|t:|1659061758
|switch|p1a: Somewhat good|Xerneas|100/100
|-ability|p1a: Somewhat good|Fairy Aura
|turn|21
|
|t:|1659061762
|move|p1a: Somewhat good|Geomancy||[still]
|-prepare|p1a: Somewhat good|Geomancy
|-enditem|p1a: Somewhat good|Power Herb
|-anim|p1a: Somewhat good|Geomancy|p1a: Somewhat good
|-boost|p1a: Somewhat good|spa|2
|-boost|p1a: Somewhat good|spd|2
|-boost|p1a: Somewhat good|spe|2
|move|p2a: Lugia|Aeroblast|p1a: Somewhat good
|-damage|p1a: Somewhat good|86/100
|
|-heal|p2a: Lugia|58/100 par|[from] item: Leftovers
|upkeep
|turn|22
|
|t:|1659061788
|-start|p1a: Somewhat good|Dynamax|
|-heal|p1a: Somewhat good|86/100|[silent]
|move|p1a: Somewhat good|Max Lightning|p2a: Lugia
|-supereffective|p2a: Lugia
|-damage|p2a: Lugia|0 fnt
|-fieldstart|move: Electric Terrain
|faint|p2a: Lugia
|
|upkeep
|
|t:|1659061796
|switch|p2a: Magnemite|Magnemite, L1|100/100
|turn|23
|
|t:|1659061807
|-end|p1a: Somewhat good|Dynamax
|-heal|p1a: Somewhat good|86/100|[silent]
|switch|p1a: Kinda op|Calyrex-Shadow|100/100
|-ability|p1a: Kinda op|As One
|-ability|p1a: Kinda op|Unnerve
|move|p2a: Magnemite|Toxic|p1a: Kinda op
|-status|p1a: Kinda op|tox
|
|-damage|p1a: Kinda op|94/100 tox|[from] psn
|upkeep
|turn|24
|
|t:|1659061819
|switch|p2a: Manectric|Manectric-Mega, F|100/100
|-ability|p2a: Manectric|Intimidate|boost
|-unboost|p1a: Kinda op|atk|1
|move|p1a: Kinda op|Trick||[still]
|-fail|p1a: Kinda op
|
|-damage|p1a: Kinda op|82/100 tox|[from] psn
|upkeep
|turn|25
|-message|But_ok#0174 forfeited.
|
|win|frostcrush
|raw|But_ok#0174's rating: 1448 &rarr; <strong>1427</strong><br />(-21 for losing)
|raw|frostcrush's rating: 1434 &rarr; <strong>1455</strong><br />(+21 for winning)
|l|☆But_ok#0174
||Ladder isn't responding, score probably updated but might not have (Request timeout).
