|j|☆idontlikethemods
|j|☆rajof
|t:|1662519514
|gametype|singles
|player|p1|idontlikethemods|102|1692
|player|p2|rajof|youngster-gen4|1879
|teamsize|p1|6
|teamsize|p2|6
|gen|8
|tier|[Gen 8] National Dex AG
|rated|
|rule|HP Percentage Mod: HP is shown in percentages
|rule|Endless Battle Clause: Forcing endless battles is banned
|clearpoke
|poke|p1|Rayquaza|
|poke|p1|Xerneas-*|
|poke|p1|Deoxys-Speed|
|poke|p1|Necrozma-Dusk-Mane|
|poke|p1|Dracovish|
|poke|p1|Marshadow|
|poke|p2|Arceus-*|
|poke|p2|Ditto|
|poke|p2|Chansey, F|
|poke|p2|Lugia|
|poke|p2|Groudon|
|poke|p2|Arceus-*|
|teampreview
|inactive|Battle timer is ON: inactive players will automatically lose when time's up. (requested by idontlikethemods)
|
|t:|1662519523
|start
|switch|p1a: Deoxys|Deoxys-Speed|100/100
|switch|p2a: 메타몽|Ditto|100/100
|-ability|p1a: Deoxys|Pressure
|-transform|p2a: 메타몽|p1a: Deoxys|[from] ability: Imposter
|-ability|p2a: 메타몽|Pressure
|turn|1
|
|t:|1662519539
|switch|p2a: 루기아|Lugia|100/100
|move|p1a: Deoxys|Magic Coat|p1a: Deoxys
|-singleturn|p1a: Deoxys|move: Magic Coat
|
|upkeep
|turn|2
|
|t:|1662519544
|move|p1a: Deoxys|Stealth Rock|p2a: 루기아
|-sidestart|p2: rajof|move: Stealth Rock
|move|p2a: 루기아|Aeroblast|p1a: Deoxys
|-damage|p1a: Deoxys|51/100
|
|upkeep
|turn|3
|
|t:|1662519550
|move|p1a: Deoxys|Spikes|p2a: 루기아
|-sidestart|p2: rajof|Spikes
|move|p2a: 루기아|Aeroblast|p1a: Deoxys
|-damage|p1a: Deoxys|3/100
|
|upkeep
|turn|4
|
|t:|1662519554
|move|p1a: Deoxys|Spikes|p2a: 루기아
|-sidestart|p2: rajof|Spikes
|move|p2a: 루기아|Defog|p1a: Deoxys
|-unboost|p1a: Deoxys|evasion|1
|-sideend|p2: rajof|Spikes|[from] move: Defog|[of] p2a: 루기아
|-sideend|p2: rajof|Stealth Rock|[from] move: Defog|[of] p2a: 루기아
|
|upkeep
|turn|5
|
|t:|1662519558
|move|p1a: Deoxys|Stealth Rock|p2a: 루기아
|-sidestart|p2: rajof|move: Stealth Rock
|move|p2a: 루기아|Defog|p1a: Deoxys
|-unboost|p1a: Deoxys|evasion|1
|-sideend|p2: rajof|Stealth Rock|[from] move: Defog|[of] p2a: 루기아
|
|upkeep
|turn|6
|
|t:|1662519561
|move|p1a: Deoxys|Stealth Rock|p2a: 루기아
|-sidestart|p2: rajof|move: Stealth Rock
|move|p2a: 루기아|Defog|p1a: Deoxys
|-unboost|p1a: Deoxys|evasion|1
|-sideend|p2: rajof|Stealth Rock|[from] move: Defog|[of] p2a: 루기아
|
|upkeep
|turn|7
|
|t:|1662519563
|move|p1a: Deoxys|Stealth Rock|p2a: 루기아
|-sidestart|p2: rajof|move: Stealth Rock
|move|p2a: 루기아|Aeroblast|p1a: Deoxys
|-crit|p1a: Deoxys
|-damage|p1a: Deoxys|0 fnt
|faint|p1a: Deoxys
|
|upkeep
|
|t:|1662519566
|switch|p1a: Xerneas|Xerneas|100/100
|-ability|p1a: Xerneas|Fairy Aura
|turn|8
|
|t:|1662519571
|move|p2a: 루기아|Toxic|p1a: Xerneas
|-status|p1a: Xerneas|tox
|move|p1a: Xerneas|Geomancy||[still]
|-prepare|p1a: Xerneas|Geomancy
|-enditem|p1a: Xerneas|Power Herb
|-anim|p1a: Xerneas|Geomancy|p1a: Xerneas
|-boost|p1a: Xerneas|spa|2
|-boost|p1a: Xerneas|spd|2
|-boost|p1a: Xerneas|spe|2
|
|-damage|p1a: Xerneas|94/100 tox|[from] psn
|upkeep
|turn|9
|
|t:|1662519575
|-start|p1a: Xerneas|Dynamax|
|-heal|p1a: Xerneas|94/100 tox|[silent]
|move|p1a: Xerneas|Max Starfall|p2a: 루기아
|-damage|p2a: 루기아|43/100
|-fieldstart|move: Misty Terrain
|move|p2a: 루기아|Roost|p2a: 루기아
|-heal|p2a: 루기아|93/100
|-singleturn|p2a: 루기아|move: Roost
|
|-damage|p1a: Xerneas|88/100 tox|[from] psn
|upkeep
|turn|10
|
|t:|1662519582
|switch|p2a: 럭키|Chansey, F|100/100
|-damage|p2a: 럭키|88/100|[from] Stealth Rock
|move|p1a: Xerneas|Max Starfall|p2a: 럭키
|-damage|p2a: 럭키|33/100
|
|-damage|p1a: Xerneas|79/100 tox|[from] psn
|upkeep
|turn|11
|
|t:|1662519588
|move|p2a: 럭키|Protect|p2a: 럭키
|-singleturn|p2a: 럭키|Protect
|move|p1a: Xerneas|Max Steelspike|p2a: 럭키
|-zbroken|p2a: 럭키
|-damage|p2a: 럭키|26/100
|-boost|p1a: Xerneas|def|1
|
|-damage|p1a: Xerneas|67/100 tox|[from] psn
|upkeep
|-end|p1a: Xerneas|Dynamax
|-heal|p1a: Xerneas|67/100 tox|[silent]
|turn|12
|j| Mskskskksks
|
|t:|1662519594
|move|p1a: Xerneas|Moonblast|p2a: 럭키
|-damage|p2a: 럭키|0 fnt
|faint|p2a: 럭키
|
|-damage|p1a: Xerneas|36/100 tox|[from] psn
|upkeep
|
|t:|1662519597
|switch|p2a: 메타몽|Ditto|100/100
|-damage|p2a: 메타몽|88/100|[from] Stealth Rock
|-transform|p2a: 메타몽|p1a: Xerneas|[from] ability: Imposter
|-ability|p2a: 메타몽|Fairy Aura
|turn|13
|
|t:|1662519600
|move|p2a: 메타몽|Moonblast|p1a: Xerneas
|-damage|p1a: Xerneas|0 fnt
|faint|p1a: Xerneas
|
|-fieldend|Misty Terrain
|upkeep
|
|t:|1662519607
|switch|p1a: Marshadow|Marshadow|100/100
|turn|14
|
|t:|1662519611
|switch|p2a: 아르세우스|Arceus-Fairy|100/100
|-damage|p2a: 아르세우스|88/100|[from] Stealth Rock
|switch|p1a: Necrozma|Necrozma-Dusk-Mane|100/100
|
|upkeep
|turn|15
|
|t:|1662519617
|switch|p2a: 루기아|Lugia|93/100
|-damage|p2a: 루기아|68/100|[from] Stealth Rock
|move|p1a: Necrozma|Dragon Dance|p1a: Necrozma
|-boost|p1a: Necrozma|atk|1
|-boost|p1a: Necrozma|spe|1
|
|upkeep
|turn|16
|
|t:|1662519623
|move|p1a: Necrozma|Sunsteel Strike|p2a: 루기아
|-crit|p2a: 루기아
|-damage|p2a: 루기아|12/100
|-damage|p1a: Necrozma|84/100|[from] item: Rocky Helmet|[of] p2a: 루기아
|move|p2a: 루기아|Roost|p2a: 루기아
|-heal|p2a: 루기아|62/100
|-singleturn|p2a: 루기아|move: Roost
|
|upkeep
|turn|17
|
|t:|1662519630
|move|p1a: Necrozma|Dragon Dance|p1a: Necrozma
|-boost|p1a: Necrozma|atk|1
|-boost|p1a: Necrozma|spe|1
|move|p2a: 루기아|Roost|p2a: 루기아
|-heal|p2a: 루기아|100/100
|-singleturn|p2a: 루기아|move: Roost
|
|upkeep
|turn|18
|
|t:|1662519635
|move|p1a: Necrozma|Dragon Dance|p1a: Necrozma
|-boost|p1a: Necrozma|atk|1
|-boost|p1a: Necrozma|spe|1
|move|p2a: 루기아|Roost||[still]
|-fail|p2a: 루기아|heal
|
|upkeep
|turn|19
|
|t:|1662519637
|move|p1a: Necrozma|Dragon Dance|p1a: Necrozma
|-boost|p1a: Necrozma|atk|1
|-boost|p1a: Necrozma|spe|1
|move|p2a: 루기아|Defog|p1a: Necrozma
|-unboost|p1a: Necrozma|evasion|1
|-sideend|p2: rajof|Stealth Rock|[from] move: Defog|[of] p2a: 루기아
|
|upkeep
|turn|20
|
|t:|1662519644
|move|p1a: Necrozma|Sunsteel Strike|p2a: 루기아
|-damage|p2a: 루기아|27/100
|-damage|p1a: Necrozma|67/100|[from] item: Rocky Helmet|[of] p2a: 루기아
|move|p2a: 루기아|Roost|p2a: 루기아
|-heal|p2a: 루기아|77/100
|-singleturn|p2a: 루기아|move: Roost
|
|upkeep
|turn|21
|
|t:|1662519648
|move|p1a: Necrozma|Sunsteel Strike|p2a: 루기아
|-damage|p2a: 루기아|0 fnt
|-damage|p1a: Necrozma|51/100|[from] item: Rocky Helmet|[of] p2a: 루기아
|faint|p2a: 루기아
|
|upkeep
|
|t:|1662519651
|switch|p2a: 메타몽|Ditto|88/100
|-transform|p2a: 메타몽|p1a: Necrozma|[from] ability: Imposter
|turn|22
|
|t:|1662519660
|move|p2a: 메타몽|Sunsteel Strike|p1a: Necrozma
|-resisted|p1a: Necrozma
|-damage|p1a: Necrozma|12/100
|-damage|p2a: 메타몽|71/100|[from] item: Rocky Helmet|[of] p1a: Necrozma
|move|p1a: Necrozma|Morning Sun|p1a: Necrozma
|-heal|p1a: Necrozma|62/100
|
|upkeep
|turn|23
|c| Mskskskksks|Lmao
|
|t:|1662519673
|switch|p2a: 그란돈|Groudon|100/100
|detailschange|p2a: 그란돈|Groudon-Primal
|-primal|p2a: 그란돈
|-weather|DesolateLand|[from] ability: Desolate Land|[of] p2a: 그란돈
|move|p1a: Necrozma|Morning Sun|p1a: Necrozma
|-heal|p1a: Necrozma|100/100
|
|-weather|DesolateLand|[upkeep]
|upkeep
|turn|24
|c| Mskskskksks|eat shit stall user
|inactive|idontlikethemods has 120 seconds left.
|c| Mskskskksks|Aint no way your monosteel
|c| Mskskskksks|bruh
|
|t:|1662519714
|move|p1a: Necrozma|Sunsteel Strike|p2a: 그란돈
|-resisted|p2a: 그란돈
|-damage|p2a: 그란돈|56/100
|move|p2a: 그란돈|Fire Punch|p1a: Necrozma
|-supereffective|p1a: Necrozma
|-damage|p1a: Necrozma|32/100
|-damage|p2a: 그란돈|39/100|[from] item: Rocky Helmet|[of] p1a: Necrozma
|
|-weather|DesolateLand|[upkeep]
|upkeep
|turn|25
|
|t:|1662519722
|move|p1a: Necrozma|Sunsteel Strike|p2a: 그란돈
|-resisted|p2a: 그란돈
|-damage|p2a: 그란돈|0 fnt
|faint|p2a: 그란돈
|-weather|none
|
|upkeep
|
|t:|1662519734
|switch|p2a: 메타몽|Ditto|71/100
|-transform|p2a: 메타몽|p1a: Necrozma|[from] ability: Imposter
|turn|26
|
|t:|1662519738
|move|p2a: 메타몽|Sunsteel Strike|p1a: Necrozma
|-resisted|p1a: Necrozma
|-damage|p1a: Necrozma|0 fnt
|-damage|p2a: 메타몽|55/100|[from] item: Rocky Helmet|[of] p1a: Necrozma
|faint|p1a: Necrozma
|
|upkeep
|
|t:|1662519746
|switch|p1a: Marshadow|Marshadow|100/100
|turn|27
|
|t:|1662519749
|switch|p2a: 아르세우스|Arceus-Fairy|88/100
|move|p1a: Marshadow|Spectral Thief|p2a: 아르세우스
|-crit|p2a: 아르세우스
|-damage|p2a: 아르세우스|51/100
|
|upkeep
|turn|28
|
|t:|1662519756
|move|p1a: Marshadow|Poison Jab|p2a: 아르세우스
|-supereffective|p2a: 아르세우스
|-damage|p2a: 아르세우스|22/100
|-status|p2a: 아르세우스|psn
|move|p2a: 아르세우스|Recover|p2a: 아르세우스
|-heal|p2a: 아르세우스|72/100 psn
|
|-damage|p2a: 아르세우스|60/100 psn|[from] psn
|upkeep
|turn|29
|
|t:|1662519772
|switch|p1a: Rayquaza|Rayquaza|100/100
|-ability|p1a: Rayquaza|Air Lock
|move|p2a: 아르세우스|Recover|p2a: 아르세우스
|-heal|p2a: 아르세우스|100/100 psn
|
|-damage|p2a: 아르세우스|88/100 psn|[from] psn
|upkeep
|turn|30
|
|t:|1662519786
|switch|p1a: Dracovish|Dracovish|100/100
|-start|p2a: 아르세우스|Dynamax|
|-heal|p2a: 아르세우스|88/100 psn|[silent]
|move|p2a: 아르세우스|Max Starfall|p1a: Dracovish
|-supereffective|p1a: Dracovish
|-damage|p1a: Dracovish|0 fnt
|-fieldstart|move: Misty Terrain
|faint|p1a: Dracovish
|
|-damage|p2a: 아르세우스|82/100 psn|[from] psn
|upkeep
|
|t:|1662519798
|switch|p1a: Rayquaza|Rayquaza|100/100
|-ability|p1a: Rayquaza|Air Lock
|turn|31
|
|t:|1662519807
|detailschange|p1a: Rayquaza|Rayquaza-Mega
|-mega|p1a: Rayquaza|Rayquaza|
|-weather|DeltaStream|[from] ability: Delta Stream|[of] p1a: Rayquaza
|move|p1a: Rayquaza|Dragon Ascent|p2a: 아르세우스
|-damage|p2a: 아르세우스|61/100 psn
|-unboost|p1a: Rayquaza|def|1
|-unboost|p1a: Rayquaza|spd|1
|move|p2a: 아르세우스|Max Starfall|p1a: Rayquaza
|-supereffective|p1a: Rayquaza
|-damage|p1a: Rayquaza|0 fnt
|faint|p1a: Rayquaza
|-weather|none
|
|-damage|p2a: 아르세우스|55/100 psn|[from] psn
|upkeep
|l| Mskskskksks
|
|t:|1662519819
|switch|p1a: Marshadow|Marshadow|100/100
|turn|32
|
|t:|1662519826
|move|p1a: Marshadow|Spectral Thief|p2a: 아르세우스
|-damage|p2a: 아르세우스|43/100 psn
|move|p2a: 아르세우스|Max Starfall|p1a: Marshadow
|-supereffective|p1a: Marshadow
|-enditem|p1a: Marshadow|Focus Sash
|-damage|p1a: Marshadow|1/100
|
|-damage|p2a: 아르세우스|37/100 psn|[from] psn
|upkeep
|-end|p2a: 아르세우스|Dynamax
|-heal|p2a: 아르세우스|37/100 psn|[silent]
|turn|33
|c|☆idontlikethemods|how are u taking like no damage
|c|☆idontlikethemods|by poison?
|
|t:|1662519848
|move|p1a: Marshadow|Shadow Sneak|p2a: 아르세우스
|-damage|p2a: 아르세우스|21/100 psn
|move|p2a: 아르세우스|Judgment|p1a: Marshadow
|-supereffective|p1a: Marshadow
|-damage|p1a: Marshadow|0 fnt
|faint|p1a: Marshadow
|
|win|rajof
|raw|idontlikethemods's rating: 1692 &rarr; <strong>1682</strong><br />(-10 for losing)
|raw|rajof's rating: 1879 &rarr; <strong>1889</strong><br />(+10 for winning)
|c|☆idontlikethemods|i dont
|c|☆idontlikethemods|understand
|c|☆idontlikethemods|gg
|l|☆idontlikethemods
||Ladder isn't responding, score probably updated but might not have (Request timeout).
