|j|☆Hikhanh123
|j|☆151 to go
|t:|1611690443
|player|p1|Hikhanh123|red|1678
|player|p2|151 to go|ethan|1755
|teamsize|p1|6
|teamsize|p2|6
|gametype|singles
|gen|8
|tier|[Gen 8] National Dex AG
|rated|
|clearpoke
|poke|p1|Zacian-Crowned|
|poke|p1|Kyogre|
|poke|p1|Marshadow|
|poke|p1|Calyrex-Shadow|
|poke|p1|Necrozma-Dusk-Mane|
|poke|p1|Yveltal|
|poke|p2|Zacian-Crowned|
|poke|p2|Eternatus|
|poke|p2|Groudon|
|poke|p2|Ditto|
|poke|p2|Yveltal|
|poke|p2|Calyrex-Shadow|
|rule|HP Percentage Mod: HP is shown in percentages
|rule|Endless Battle Clause: Forcing endless battles is banned
|teampreview
|inactive|Battle timer is ON: inactive players will automatically lose when time's up. (requested by Hikhanh123)
|
|t:|1611690447
|start
|switch|p1a: Yveltal|Yveltal|100/100
|switch|p2a: Yveltal|Yveltal|100/100
|-ability|p1a: Yveltal|Dark Aura
|-ability|p2a: Yveltal|Dark Aura
|turn|1
|
|t:|1611690460
|-start|p2a: Yveltal|Dynamax
|-heal|p2a: Yveltal|100/100|[silent]
|move|p2a: Yveltal|Max Airstream|p1a: Yveltal
|-damage|p1a: Yveltal|25/100
|-boost|p2a: Yveltal|spe|1
|-damage|p2a: Yveltal|96/100|[from] item: Life Orb
|move|p1a: Yveltal|Heat Wave|p2a: Yveltal
|-damage|p2a: Yveltal|77/100
|-damage|p1a: Yveltal|15/100|[from] item: Life Orb
|
|upkeep
|turn|2
|
|t:|1611690475
|switch|p1a: Necrozma|Necrozma-Dusk-Mane|100/100
|move|p2a: Yveltal|Max Airstream|p1a: Necrozma
|-resisted|p1a: Necrozma
|-damage|p1a: Necrozma|58/100
|-boost|p2a: Yveltal|spe|1
|-damage|p2a: Yveltal|72/100|[from] item: Life Orb
|
|upkeep
|turn|3
|
|t:|1611690480
|switch|p1a: Yveltal|Yveltal|15/100
|-ability|p1a: Yveltal|Dark Aura
|move|p2a: Yveltal|Max Darkness|p1a: Yveltal
|-resisted|p1a: Yveltal
|-damage|p1a: Yveltal|0 fnt
|-damage|p2a: Yveltal|67/100|[from] item: Life Orb
|faint|p1a: Yveltal
|
|-end|p2a: Yveltal|Dynamax
|-heal|p2a: Yveltal|67/100|[silent]
|upkeep
|
|t:|1611690486
|switch|p1a: Marshadow|Marshadow|100/100
|turn|4
|
|t:|1611690495
|move|p2a: Yveltal|Oblivion Wing|p1a: Marshadow
|-supereffective|p1a: Marshadow
|-enditem|p1a: Marshadow|Focus Sash
|-damage|p1a: Marshadow|1/100
|-heal|p2a: Yveltal|100/100|[from] drain|[of] p1a: Marshadow
|-damage|p2a: Yveltal|91/100|[from] item: Life Orb
|move|p1a: Marshadow|Spectral Thief||[still]
|-clearpositiveboost|p2a: Yveltal|p1a: Marshadow|move: Spectral Thief
|-boost|p1a: Marshadow|spe|2
|-anim|p1a: Marshadow|Spectral Thief|p2a: Yveltal
|-resisted|p2a: Yveltal
|-damage|p2a: Yveltal|71/100
|
|upkeep
|turn|5
|
|t:|1611690502
|move|p1a: Marshadow|Stone Edge|p2a: Yveltal
|-supereffective|p2a: Yveltal
|-damage|p2a: Yveltal|6/100
|move|p2a: Yveltal|Oblivion Wing|p1a: Marshadow
|-supereffective|p1a: Marshadow
|-damage|p1a: Marshadow|0 fnt
|-heal|p2a: Yveltal|6/100|[from] drain|[of] p1a: Marshadow
|-damage|p2a: Yveltal|0 fnt|[from] item: Life Orb
|faint|p1a: Marshadow
|faint|p2a: Yveltal
|
|upkeep
|
|t:|1611690509
|switch|p1a: Kyogre|Kyogre|100/100
|switch|p2a: Calyrex|Calyrex-Shadow|100/100
|-ability|p2a: Calyrex|As One
|-ability|p2a: Calyrex|Unnerve|p1: Hikhanh123
|-weather|RainDance|[from] ability: Drizzle|[of] p1a: Kyogre
|turn|6
|
|t:|1611690512
|switch|p2a: Groudon|Groudon|100/100
|detailschange|p2a: Groudon|Groudon-Primal
|-primal|p2a: Groudon
|-weather|DesolateLand|[from] ability: Desolate Land|[of] p2a: Groudon
|move|p1a: Kyogre|Water Spout||[still]
|-fail|p1a: Kyogre|Water Spout|[from] Desolate Land
|
|-weather|DesolateLand|[upkeep]
|upkeep
|turn|7
|
|t:|1611690515
|switch|p1a: Necrozma|Necrozma-Dusk-Mane|58/100
|move|p2a: Groudon|Thunder Wave|p1a: Necrozma
|-status|p1a: Necrozma|par
|
|-weather|DesolateLand|[upkeep]
|upkeep
|turn|8
|
|t:|1611690522
|move|p2a: Groudon|Earthquake|p1a: Necrozma
|-supereffective|p1a: Necrozma
|-damage|p1a: Necrozma|0 fnt
|faint|p1a: Necrozma
|
|-weather|DesolateLand|[upkeep]
|upkeep
|
|t:|1611690526
|switch|p1a: Calyrex|Calyrex-Shadow|100/100
|-ability|p1a: Calyrex|As One
|-ability|p1a: Calyrex|Unnerve|p2: 151 to go
|turn|9
|
|t:|1611690532
|move|p1a: Calyrex|Astral Barrage|p2a: Groudon
|-damage|p2a: Groudon|7/100
|move|p2a: Groudon|Fire Punch|p1a: Calyrex
|-damage|p1a: Calyrex|17/100
|
|-weather|DesolateLand|[upkeep]
|upkeep
|turn|10
|
|t:|1611690536
|move|p1a: Calyrex|Astral Barrage|p2a: Groudon
|-damage|p2a: Groudon|0 fnt
|faint|p2a: Groudon
|-weather|none
|-ability|p1a: Calyrex|Grim Neigh|boost
|-boost|p1a: Calyrex|spa|1
|
|upkeep
|
|t:|1611690543
|switch|p2a: Eternatus|Eternatus|100/100
|-ability|p2a: Eternatus|Pressure
|turn|11
|
|t:|1611690551
|switch|p1a: Zacian|Zacian-Crowned|100/100
|-ability|p1a: Zacian|Intrepid Sword|boost
|-boost|p1a: Zacian|atk|1
|move|p2a: Eternatus|Shadow Ball|p1a: Zacian
|-damage|p1a: Zacian|72/100
|
|upkeep
|turn|12
|
|t:|1611690567
|move|p2a: Eternatus|Shadow Ball|p1a: Zacian
|-damage|p1a: Zacian|42/100
|-unboost|p1a: Zacian|spd|1
|move|p1a: Zacian|Substitute|p1a: Zacian
|-start|p1a: Zacian|Substitute
|-damage|p1a: Zacian|17/100
|
|upkeep
|turn|13
|
|t:|1611690575
|move|p2a: Eternatus|Shadow Ball|p1a: Zacian
|-end|p1a: Zacian|Substitute
|move|p1a: Zacian|Behemoth Blade|p2a: Eternatus
|-damage|p2a: Eternatus|24/100
|
|upkeep
|turn|14
|
|t:|1611690578
|move|p2a: Eternatus|Shadow Ball|p1a: Zacian
|-damage|p1a: Zacian|0 fnt
|faint|p1a: Zacian
|
|upkeep
|
|t:|1611690582
|switch|p1a: Calyrex|Calyrex-Shadow|17/100
|-ability|p1a: Calyrex|As One
|-ability|p1a: Calyrex|Unnerve|p2: 151 to go
|turn|15
|
|t:|1611690585
|move|p2a: Eternatus|Shadow Ball|p1a: Calyrex
|-supereffective|p1a: Calyrex
|-damage|p1a: Calyrex|0 fnt
|faint|p1a: Calyrex
|
|upkeep
|
|t:|1611690588
|switch|p1a: Kyogre|Kyogre|100/100
|-weather|RainDance|[from] ability: Drizzle|[of] p1a: Kyogre
|turn|16
|
|t:|1611690591
|-start|p1a: Kyogre|Dynamax
|-heal|p1a: Kyogre|100/100|[silent]
|move|p2a: Eternatus|Shadow Ball|p1a: Kyogre
|-damage|p1a: Kyogre|89/100
|move|p1a: Kyogre|Max Geyser|p2a: Eternatus
|-resisted|p2a: Eternatus
|-damage|p2a: Eternatus|0 fnt
|faint|p2a: Eternatus
|
|-weather|RainDance|[upkeep]
|upkeep
|
|t:|1611690601
|switch|p2a: Zacian|Zacian-Crowned|100/100
|-ability|p2a: Zacian|Intrepid Sword|boost
|-boost|p2a: Zacian|atk|1
|turn|17
|
|t:|1611690603
|move|p2a: Zacian|Behemoth Blade|p1a: Kyogre
|-resisted|p1a: Kyogre
|-damage|p1a: Kyogre|37/100
|move|p1a: Kyogre|Max Geyser|p2a: Zacian
|-damage|p2a: Zacian|0 fnt
|faint|p2a: Zacian
|
|-weather|RainDance|[upkeep]
|upkeep
|
|t:|1611690610
|switch|p2a: Calyrex|Calyrex-Shadow|100/100
|-ability|p2a: Calyrex|As One
|-ability|p2a: Calyrex|Unnerve|p1: Hikhanh123
|turn|18
|
|t:|1611690616
|move|p2a: Calyrex|Astral Barrage|p1a: Kyogre
|-damage|p1a: Kyogre|10/100
|move|p1a: Kyogre|Max Geyser|p2a: Calyrex
|-damage|p2a: Calyrex|0 fnt
|faint|p2a: Calyrex
|
|-weather|RainDance|[upkeep]
|-end|p1a: Kyogre|Dynamax
|-heal|p1a: Kyogre|10/100|[silent]
|upkeep
|
|t:|1611690621
|switch|p2a: Ditto|Ditto|100/100
|-transform|p2a: Ditto|p1a: Kyogre|[from] ability: Imposter
|turn|19
|
|t:|1611690625
|move|p1a: Kyogre|Thunder|p2a: Ditto
|-supereffective|p2a: Ditto
|-damage|p2a: Ditto|27/100
|-status|p2a: Ditto|par
|cant|p2a: Ditto|par
|
|-weather|RainDance|[upkeep]
|upkeep
|turn|20
|
|t:|1611690631
|move|p1a: Kyogre|Thunder|p2a: Ditto
|-supereffective|p2a: Ditto
|-damage|p2a: Ditto|0 fnt
|faint|p2a: Ditto
|
|win|Hikhanh123
|c|☆Hikhanh123|gg
||Ladder (probably) updated, but score could not be retrieved (Request timeout).
