|j|☆NotSpaceTemmie
|j|☆Matsui_Miyako
|t:|1661458133
|gametype|singles
|player|p1|NotSpaceTemmie|proton|1478
|player|p2|Matsui_Miyako|allister|1600
|teamsize|p1|6
|teamsize|p2|6
|gen|8
|tier|[Gen 8] National Dex AG
|rated|
|rule|HP Percentage Mod: HP is shown in percentages
|rule|Endless Battle Clause: Forcing endless battles is banned
|clearpoke
|poke|p1|Quagsire, F|
|poke|p1|Marshadow|
|poke|p1|Arceus-*|
|poke|p1|Yveltal|
|poke|p1|Diancie|
|poke|p1|Ho-Oh|
|poke|p2|Rattata-Alola, L1, F|
|poke|p2|Xerneas-*|
|poke|p2|Cinderace, F|
|poke|p2|Arceus-*|
|poke|p2|Rayquaza|
|poke|p2|Calyrex-Shadow|
|teampreview
|inactive|Battle timer is ON: inactive players will automatically lose when time's up. (requested by Matsui_Miyako)
|
|t:|1661458142
|start
|switch|p1a: Yveltal|Yveltal|100/100
|switch|p2a: Rattata|Rattata-Alola, L1, F|100/100
|-ability|p1a: Yveltal|Dark Aura
|turn|1
|
|t:|1661458148
|move|p2a: Rattata|Protect|p2a: Rattata
|-singleturn|p2a: Rattata|Protect
|move|p1a: Yveltal|Taunt|p2a: Rattata
|-activate|p2a: Rattata|move: Protect
|
|upkeep
|turn|2
|
|t:|1661458154
|move|p1a: Yveltal|Taunt|p2a: Rattata
|-start|p2a: Rattata|move: Taunt
|move|p2a: Rattata|Endeavor|p1a: Yveltal
|-damage|p1a: Yveltal|3/100
|
|upkeep
|turn|3
|
|t:|1661458168
|switch|p1a: Marshadow|Marshadow|100/100
|move|p2a: Rattata|Endeavor|p1a: Marshadow
|-immune|p1a: Marshadow
|
|upkeep
|turn|4
|
|t:|1661458181
|move|p2a: Rattata|Quick Attack|p1a: Marshadow
|-immune|p1a: Marshadow
|move|p1a: Marshadow|Ice Punch|p2a: Rattata
|-enditem|p2a: Rattata|Focus Sash
|-damage|p2a: Rattata|10/100
|
|-end|p2a: Rattata|move: Taunt
|upkeep
|turn|5
|
|t:|1661458191
|move|p2a: Rattata|Protect|p2a: Rattata
|-singleturn|p2a: Rattata|Protect
|move|p1a: Marshadow|Ice Punch|p2a: Rattata
|-activate|p2a: Rattata|move: Protect
|
|upkeep
|turn|6
|
|t:|1661458196
|move|p1a: Marshadow|Ice Punch|p2a: Rattata
|-damage|p2a: Rattata|0 fnt
|faint|p2a: Rattata
|
|upkeep
|
|t:|1661458208
|switch|p2a: Rayquaza|Rayquaza|100/100
|-ability|p2a: Rayquaza|Air Lock
|turn|7
|
|t:|1661458216
|switch|p1a: Hey Zacian ;)|Quagsire, F, shiny|100/100
|detailschange|p2a: Rayquaza|Rayquaza-Mega
|-mega|p2a: Rayquaza|Rayquaza|
|-weather|DeltaStream|[from] ability: Delta Stream|[of] p2a: Rayquaza
|move|p2a: Rayquaza|Dragon Ascent|p1a: Hey Zacian ;)
|-damage|p1a: Hey Zacian ;)|25/100
|-unboost|p2a: Rayquaza|def|1
|-unboost|p2a: Rayquaza|spd|1
|-damage|p2a: Rayquaza|84/100|[from] item: Rocky Helmet|[of] p1a: Hey Zacian ;)
|-damage|p2a: Rayquaza|74/100|[from] item: Life Orb
|
|-weather|DeltaStream|[upkeep]
|upkeep
|turn|8
|
|t:|1661458222
|move|p2a: Rayquaza|Earthquake|p1a: Hey Zacian ;)
|-damage|p1a: Hey Zacian ;)|0 fnt
|faint|p1a: Hey Zacian ;)
|-damage|p2a: Rayquaza|64/100|[from] item: Life Orb
|
|-weather|DeltaStream|[upkeep]
|upkeep
|
|t:|1661458230
|switch|p1a: Marshadow|Marshadow|100/100
|turn|9
|
|t:|1661458239
|move|p1a: Marshadow|Ice Punch|p2a: Rayquaza
|-activate||deltastream
|-supereffective|p2a: Rayquaza
|-damage|p2a: Rayquaza|0 fnt
|faint|p2a: Rayquaza
|-weather|none
|
|upkeep
|
|t:|1661458246
|switch|p2a: Cinderace|Cinderace, F, shiny|100/100
|turn|10
|
|t:|1661458250
|switch|p1a: Ho-Oh|Ho-Oh, shiny|100/100
|move|p2a: Cinderace|Sucker Punch||[still]
|-fail|p2a: Cinderace
|
|upkeep
|turn|11
|
|t:|1661458256
|move|p2a: Cinderace|U-turn|p1a: Ho-Oh
|-start|p2a: Cinderace|typechange|Bug|[from] ability: Libero
|-resisted|p1a: Ho-Oh
|-damage|p1a: Ho-Oh|95/100
|
|t:|1661458263
|switch|p2a: Calyrex|Calyrex-Shadow|100/100|[from]move: U-turn
|-ability|p2a: Calyrex|As One
|-ability|p2a: Calyrex|Unnerve
|move|p1a: Ho-Oh|Toxic|p2a: Calyrex
|-status|p2a: Calyrex|tox
|
|-damage|p2a: Calyrex|94/100 tox|[from] psn
|upkeep
|turn|12
|
|t:|1661458284
|move|p2a: Calyrex|Trick|p1a: Ho-Oh
|-activate|p2a: Calyrex|move: Trick|[of] p1a: Ho-Oh
|-item|p1a: Ho-Oh|Choice Scarf|[from] move: Trick
|-item|p2a: Calyrex|Heavy-Duty Boots|[from] move: Trick
|move|p1a: Ho-Oh|Roost|p1a: Ho-Oh
|-heal|p1a: Ho-Oh|100/100
|-singleturn|p1a: Ho-Oh|move: Roost
|
|-damage|p2a: Calyrex|82/100 tox|[from] psn
|upkeep
|turn|13
|
|t:|1661458289
|switch|p1a: Yveltal|Yveltal|3/100
|-ability|p1a: Yveltal|Dark Aura
|move|p2a: Calyrex|Aromatherapy|p2a: Calyrex
|-activate|p2a: Calyrex|move: Aromatherapy
|-curestatus|p2a: Calyrex|tox|[msg]
|
|upkeep
|turn|14
|
|t:|1661458299
|move|p2a: Calyrex|Astral Barrage|p1a: Yveltal
|-resisted|p1a: Yveltal
|-damage|p1a: Yveltal|0 fnt
|faint|p1a: Yveltal
|-ability|p2a: Calyrex|Grim Neigh|boost
|-boost|p2a: Calyrex|spa|1
|
|upkeep
|
|t:|1661458302
|switch|p1a: Marshadow|Marshadow|100/100
|turn|15
|
|t:|1661458308
|move|p1a: Marshadow|Shadow Sneak|p2a: Calyrex
|-supereffective|p2a: Calyrex
|-damage|p2a: Calyrex|0 fnt
|faint|p2a: Calyrex
|
|upkeep
|
|t:|1661458313
|switch|p2a: Xerneas|Xerneas|100/100
|-ability|p2a: Xerneas|Fairy Aura
|turn|16
|
|t:|1661458324
|switch|p1a: Ho-Oh|Ho-Oh, shiny|100/100
|-start|p2a: Xerneas|Dynamax|
|-heal|p2a: Xerneas|100/100|[silent]
|move|p2a: Xerneas|Max Starfall|p1a: Ho-Oh
|-resisted|p1a: Ho-Oh
|-damage|p1a: Ho-Oh|76/100
|-fieldstart|move: Misty Terrain
|
|upkeep
|turn|17
|
|t:|1661458334
|switch|p1a: Diancie|Diancie|100/100
|move|p2a: Xerneas|Max Lightning|p1a: Diancie
|-damage|p1a: Diancie|47/100
|-fieldstart|move: Electric Terrain
|
|upkeep
|turn|18
|
|t:|1661458339
|detailschange|p1a: Diancie|Diancie-Mega
|-mega|p1a: Diancie|Diancie|Diancite
|move|p1a: Diancie|Mystical Fire|p2a: Xerneas
|-damage|p2a: Xerneas|87/100
|-unboost|p2a: Xerneas|spa|1
|move|p2a: Xerneas|Max Lightning|p1a: Diancie
|-damage|p1a: Diancie|0 fnt
|faint|p1a: Diancie
|
|upkeep
|
|t:|1661458349
|switch|p1a: Groudon hater|Arceus-Water|100/100
|-end|p2a: Xerneas|Dynamax
|-heal|p2a: Xerneas|87/100|[silent]
|turn|19
|
|t:|1661458355
|move|p2a: Xerneas|Geomancy||[still]
|-prepare|p2a: Xerneas|Geomancy
|-enditem|p2a: Xerneas|Power Herb
|-anim|p2a: Xerneas|Geomancy|p2a: Xerneas
|-boost|p2a: Xerneas|spa|2
|-boost|p2a: Xerneas|spd|2
|-boost|p2a: Xerneas|spe|2
|move|p1a: Groudon hater|Whirlpool|p2a: Xerneas
|-damage|p2a: Xerneas|79/100
|-activate|p2a: Xerneas|move: Whirlpool|[of] p1a: Groudon hater
|
|-damage|p2a: Xerneas|66/100|[from] move: Whirlpool|[partiallytrapped]
|upkeep
|turn|20
|
|t:|1661458360
|move|p2a: Xerneas|Thunder|p1a: Groudon hater|[miss]
|-miss|p2a: Xerneas|p1a: Groudon hater
|move|p1a: Groudon hater|Perish Song|p1a: Groudon hater
|-start|p1a: Groudon hater|perish3|[silent]
|-start|p2a: Xerneas|perish3|[silent]
|-fieldactivate|move: Perish Song
|
|-damage|p2a: Xerneas|54/100|[from] move: Whirlpool|[partiallytrapped]
|-start|p2a: Xerneas|perish3
|-start|p1a: Groudon hater|perish3
|upkeep
|turn|21
|
|t:|1661458365
|move|p2a: Xerneas|Thunder|p1a: Groudon hater
|-supereffective|p1a: Groudon hater
|-damage|p1a: Groudon hater|0 fnt
|faint|p1a: Groudon hater
|
|-end|p2a: Xerneas|Whirlpool|[partiallytrapped]|[silent]
|-start|p2a: Xerneas|perish2
|-fieldend|move: Electric Terrain
|upkeep
|
|t:|1661458370
|switch|p1a: Marshadow|Marshadow|100/100
|turn|22
|
|t:|1661458374
|move|p2a: Xerneas|Moonblast|p1a: Marshadow
|-supereffective|p1a: Marshadow
|-enditem|p1a: Marshadow|Focus Sash
|-damage|p1a: Marshadow|1/100
|move|p1a: Marshadow|Spectral Thief||[still]
|-clearpositiveboost|p2a: Xerneas|p1a: Marshadow|move: Spectral Thief
|-boost|p1a: Marshadow|spa|1
|-boost|p1a: Marshadow|spd|2
|-boost|p1a: Marshadow|spe|2
|-anim|p1a: Marshadow|Spectral Thief|p2a: Xerneas
|-damage|p2a: Xerneas|11/100
|
|-start|p2a: Xerneas|perish1
|upkeep
|turn|23
|
|t:|1661458385
|move|p1a: Marshadow|Spectral Thief|p2a: Xerneas
|-damage|p2a: Xerneas|0 fnt
|faint|p2a: Xerneas
|
|upkeep
|
|t:|1661458390
|switch|p2a: Cinderace|Cinderace, F, shiny|100/100
|turn|24
|
|t:|1661458395
|move|p1a: Marshadow|Shadow Sneak|p2a: Cinderace
|-crit|p2a: Cinderace
|-damage|p2a: Cinderace|33/100
|move|p2a: Cinderace|U-turn|p1a: Marshadow
|-start|p2a: Cinderace|typechange|Bug|[from] ability: Libero
|-resisted|p1a: Marshadow
|-damage|p1a: Marshadow|0 fnt
|faint|p1a: Marshadow
|
|t:|1661458399
|switch|p2a: Arceus|Arceus-Ghost|100/100|[from]move: U-turn
|
|upkeep
|
|t:|1661458402
|switch|p1a: Ho-Oh|Ho-Oh, shiny|100/100
|turn|25
|
|t:|1661458405
|move|p2a: Arceus|Swords Dance|p2a: Arceus
|-boost|p2a: Arceus|atk|2
|move|p1a: Ho-Oh|Toxic|p2a: Arceus
|-status|p2a: Arceus|tox
|
|-damage|p2a: Arceus|94/100 tox|[from] psn
|upkeep
|turn|26
|
|t:|1661458411
|-start|p1a: Ho-Oh|Dynamax|
|-heal|p1a: Ho-Oh|100/100|[silent]
|move|p2a: Arceus|Shadow Force||[still]
|-prepare|p2a: Arceus|Shadow Force
|move|p1a: Ho-Oh|Max Flare|p2a: Arceus|[miss]
|-miss|p1a: Ho-Oh|p2a: Arceus
|
|-damage|p2a: Arceus|82/100 tox|[from] psn
|upkeep
|turn|27
|
|t:|1661458416
|move|p1a: Ho-Oh|Max Guard|p1a: Ho-Oh
|-singleturn|p1a: Ho-Oh|Max Guard
|move|p2a: Arceus|Shadow Force|p1a: Ho-Oh|[from]lockedmove
|-activate|p1a: Ho-Oh|move: Max Guard
|
|-damage|p2a: Arceus|64/100 tox|[from] psn
|upkeep
|turn|28
|
|t:|1661458421
|move|p2a: Arceus|Extreme Speed|p1a: Ho-Oh
|-damage|p1a: Ho-Oh|80/100
|move|p1a: Ho-Oh|Max Flare|p2a: Arceus
|-damage|p2a: Arceus|21/100 tox
|-weather|SunnyDay
|
|-weather|SunnyDay|[upkeep]
|-damage|p2a: Arceus|0 fnt|[from] psn
|faint|p2a: Arceus
|upkeep
|
|t:|1661458427
|switch|p2a: Cinderace|Cinderace, F, shiny|33/100
|-end|p1a: Ho-Oh|Dynamax
|-heal|p1a: Ho-Oh|80/100|[silent]
|turn|29
|
|t:|1661458432
|move|p2a: Cinderace|Pyro Ball|p1a: Ho-Oh
|-resisted|p1a: Ho-Oh
|-damage|p1a: Ho-Oh|53/100
|move|p1a: Ho-Oh|Toxic|p2a: Cinderace
|-status|p2a: Cinderace|tox
|
|-weather|SunnyDay|[upkeep]
|-damage|p2a: Cinderace|27/100 tox|[from] psn
|upkeep
|turn|30
|
|t:|1661458438
|move|p2a: Cinderace|Pyro Ball|p1a: Ho-Oh
|-resisted|p1a: Ho-Oh
|-damage|p1a: Ho-Oh|27/100
|move|p1a: Ho-Oh|Toxic|p2a: Cinderace|[miss]
|-miss|p1a: Ho-Oh|p2a: Cinderace
|
|-weather|SunnyDay|[upkeep]
|-damage|p2a: Cinderace|15/100 tox|[from] psn
|upkeep
|turn|31
|
|t:|1661458442
|move|p2a: Cinderace|Pyro Ball|p1a: Ho-Oh
|-resisted|p1a: Ho-Oh
|-damage|p1a: Ho-Oh|0 fnt
|faint|p1a: Ho-Oh
|
|win|Matsui_Miyako
|raw|NotSpaceTemmie's rating: 1478 &rarr; <strong>1465</strong><br />(-13 for losing)
|raw|Matsui_Miyako's rating: 1600 &rarr; <strong>1613</strong><br />(+13 for winning)
|c|☆NotSpaceTemmie|Gg
|c|☆Matsui_Miyako|ggs
|c|☆Matsui_Miyako|that was close
|c|☆NotSpaceTemmie|Extremely
|c|☆Matsui_Miyako|i had 2 scarf ho oh early on so it
|c|☆Matsui_Miyako|couldnt
|c|☆Matsui_Miyako|stall...
|c|☆NotSpaceTemmie|Should of kept my quag alive ngl
|c|☆Matsui_Miyako|lol
|c|☆Matsui_Miyako|quag
|c|☆NotSpaceTemmie|Also yeah I was gonna stall
|c|☆Matsui_Miyako|is a def
|c|☆Matsui_Miyako|not sp def lol
|c|☆Matsui_Miyako|so yalol
||Ladder isn't responding, score probably updated but might not have (Request timeout).
