|j|☆Noob_ooi
|j|☆RUiNtheExtinct
|t:|1636463226
|gametype|singles
|player|p1|Noob_ooi|steven|1443
|player|p2|RUiNtheExtinct|red-gen7|1651
|teamsize|p1|6
|teamsize|p2|6
|gen|8
|tier|[Gen 8] National Dex AG
|rated|
|rule|HP Percentage Mod: HP is shown in percentages
|rule|Endless Battle Clause: Forcing endless battles is banned
|clearpoke
|poke|p1|Mimikyu, M|
|poke|p1|Mimikyu, F|
|poke|p1|Mimikyu, M|
|poke|p1|Mimikyu, F|
|poke|p1|Mimikyu, M|
|poke|p1|Marshadow|
|poke|p2|Deoxys-Speed|
|poke|p2|Rayquaza|
|poke|p2|Yveltal|
|poke|p2|Calyrex-Shadow|
|poke|p2|Ditto|
|poke|p2|Arceus-*|
|teampreview
|inactive|Battle timer is ON: inactive players will automatically lose when time's up. (requested by RUiNtheExtinct)
|
|t:|1636463245
|start
|switch|p1a: Mimikyu|Mimikyu, M|100/100
|switch|p2a: Deoxys|Deoxys-Speed|100/100
|-ability|p2a: Deoxys|Pressure
|turn|1
|c|☆RUiNtheExtinct|well thats a scary team
|c|☆Noob_ooi|xD
|
|t:|1636463255
|move|p2a: Deoxys|Stealth Rock|p1a: Mimikyu
|-sidestart|p1: Noob_ooi|move: Stealth Rock
|move|p1a: Mimikyu|Thunder Wave|p2a: Deoxys
|-status|p2a: Deoxys|par
|
|upkeep
|turn|2
|
|t:|1636463265
|move|p1a: Mimikyu|Substitute|p1a: Mimikyu
|-start|p1a: Mimikyu|Substitute
|-damage|p1a: Mimikyu|76/100
|cant|p2a: Deoxys|par
|
|-heal|p1a: Mimikyu|82/100|[from] item: Leftovers
|upkeep
|turn|3
|
|t:|1636463272
|move|p1a: Mimikyu|Curse|p2a: Deoxys
|-start|p2a: Deoxys|Curse|[of] p1a: Mimikyu
|-damage|p1a: Mimikyu|32/100
|move|p2a: Deoxys|Knock Off|p1a: Mimikyu
|-end|p1a: Mimikyu|Substitute
|
|-heal|p1a: Mimikyu|38/100|[from] item: Leftovers
|-damage|p2a: Deoxys|76/100 par|[from] Curse
|upkeep
|turn|4
|
|t:|1636463285
|move|p1a: Mimikyu|Substitute|p1a: Mimikyu
|-start|p1a: Mimikyu|Substitute
|-damage|p1a: Mimikyu|13/100
|move|p2a: Deoxys|Knock Off|p1a: Mimikyu
|-end|p1a: Mimikyu|Substitute
|
|-heal|p1a: Mimikyu|19/100|[from] item: Leftovers
|-damage|p2a: Deoxys|51/100 par|[from] Curse
|upkeep
|turn|5
|
|t:|1636463294
|move|p1a: Mimikyu|Pain Split|p2a: Deoxys
|-sethp|p2a: Deoxys|35/100 par|[from] move: Pain Split|[silent]
|-sethp|p1a: Mimikyu|34/100|[from] move: Pain Split
|cant|p2a: Deoxys|par
|
|-heal|p1a: Mimikyu|40/100|[from] item: Leftovers
|-damage|p2a: Deoxys|10/100 par|[from] Curse
|upkeep
|turn|6
|
|t:|1636463303
|move|p1a: Mimikyu|Substitute|p1a: Mimikyu
|-start|p1a: Mimikyu|Substitute
|-damage|p1a: Mimikyu|15/100
|move|p2a: Deoxys|Knock Off|p1a: Mimikyu
|-end|p1a: Mimikyu|Substitute
|
|-heal|p1a: Mimikyu|21/100|[from] item: Leftovers
|-damage|p2a: Deoxys|0 fnt|[from] Curse
|faint|p2a: Deoxys
|upkeep
|
|t:|1636463314
|switch|p2a: Yveltal|Yveltal|100/100
|-ability|p2a: Yveltal|Dark Aura
|turn|7
|
|t:|1636463320
|move|p2a: Yveltal|Oblivion Wing|p1a: Mimikyu
|-activate|p1a: Mimikyu|ability: Disguise
|-damage|p1a: Mimikyu|21/100
|detailschange|p1a: Mimikyu|Mimikyu-Busted, M
|-damage|p1a: Mimikyu|9/100|[from] pokemon: Mimikyu-Busted
|-damage|p2a: Yveltal|91/100|[from] item: Life Orb
|move|p1a: Mimikyu|Thunder Wave|p2a: Yveltal|[miss]
|-miss|p1a: Mimikyu|p2a: Yveltal
|
|-heal|p1a: Mimikyu|15/100|[from] item: Leftovers
|upkeep
|turn|8
|c|☆Noob_ooi|.-.
|c|☆RUiNtheExtinct|:)
|c|☆Noob_ooi|my luck op
|
|t:|1636463339
|move|p2a: Yveltal|Oblivion Wing|p1a: Mimikyu
|-damage|p1a: Mimikyu|0 fnt
|-heal|p2a: Yveltal|97/100|[from] drain|[of] p1a: Mimikyu
|faint|p1a: Mimikyu
|-damage|p2a: Yveltal|88/100|[from] item: Life Orb
|
|upkeep
|c|☆RUiNtheExtinct|well i did get par twice
|
|t:|1636463350
|switch|p1a: Mimikyu|Mimikyu, F|100/100
|-damage|p1a: Mimikyu|88/100|[from] Stealth Rock
|turn|9
|c|☆RUiNtheExtinct|or was it thrice
|c|☆Noob_ooi|;-;
|
|t:|1636463355
|move|p2a: Yveltal|Dark Pulse|p1a: Mimikyu
|-activate|p1a: Mimikyu|ability: Disguise
|-damage|p1a: Mimikyu|88/100
|detailschange|p1a: Mimikyu|Mimikyu-Busted, F
|-damage|p1a: Mimikyu|76/100|[from] pokemon: Mimikyu-Busted
|-damage|p2a: Yveltal|78/100|[from] item: Life Orb
|move|p1a: Mimikyu|Thunder Wave|p2a: Yveltal
|-status|p2a: Yveltal|par
|
|-heal|p1a: Mimikyu|82/100|[from] item: Leftovers
|upkeep
|turn|10
|
|t:|1636463371
|move|p1a: Mimikyu|Substitute|p1a: Mimikyu
|-start|p1a: Mimikyu|Substitute
|-damage|p1a: Mimikyu|57/100
|move|p2a: Yveltal|Dark Pulse|p1a: Mimikyu
|-end|p1a: Mimikyu|Substitute
|-damage|p2a: Yveltal|68/100 par|[from] item: Life Orb
|
|-heal|p1a: Mimikyu|63/100|[from] item: Leftovers
|upkeep
|turn|11
|
|t:|1636463382
|move|p1a: Mimikyu|Pain Split|p2a: Yveltal
|-sethp|p2a: Yveltal|54/100 par|[from] move: Pain Split|[silent]
|-sethp|p1a: Mimikyu|84/100|[from] move: Pain Split
|move|p2a: Yveltal|Dark Pulse|p1a: Mimikyu
|-damage|p1a: Mimikyu|8/100
|-damage|p2a: Yveltal|44/100 par|[from] item: Life Orb
|
|-heal|p1a: Mimikyu|14/100|[from] item: Leftovers
|upkeep
|turn|12
|
|t:|1636463391
|move|p1a: Mimikyu|Curse|p2a: Yveltal
|-start|p2a: Yveltal|Curse|[of] p1a: Mimikyu
|-damage|p1a: Mimikyu|0 fnt
|faint|p1a: Mimikyu
|cant|p2a: Yveltal|par
|
|-damage|p2a: Yveltal|19/100 par|[from] Curse
|upkeep
|
|t:|1636463402
|switch|p1a: Mimikyu|Mimikyu, M, shiny|100/100
|-damage|p1a: Mimikyu|88/100|[from] Stealth Rock
|turn|13
|c|☆Noob_ooi|xD
|c|☆Noob_ooi|my team
|c|☆Noob_ooi|lose a lot
|
|t:|1636463418
|move|p1a: Mimikyu|Substitute|p1a: Mimikyu
|-start|p1a: Mimikyu|Substitute
|-damage|p1a: Mimikyu|63/100
|move|p2a: Yveltal|Dark Pulse|p1a: Mimikyu
|-end|p1a: Mimikyu|Substitute
|-damage|p2a: Yveltal|9/100 par|[from] item: Life Orb
|
|-heal|p1a: Mimikyu|69/100|[from] item: Leftovers
|-damage|p2a: Yveltal|0 fnt|[from] Curse
|faint|p2a: Yveltal
|upkeep
|
|t:|1636463433
|switch|p2a: Arceus|Arceus-Steel|100/100
|turn|14
|
|t:|1636463439
|move|p1a: Mimikyu|Thunder Wave|p2a: Arceus
|-status|p2a: Arceus|par
|cant|p2a: Arceus|par
|
|-heal|p1a: Mimikyu|75/100|[from] item: Leftovers
|upkeep
|turn|15
|
|t:|1636463445
|move|p1a: Mimikyu|Substitute|p1a: Mimikyu
|-start|p1a: Mimikyu|Substitute
|-damage|p1a: Mimikyu|51/100
|move|p2a: Arceus|Calm Mind|p2a: Arceus
|-boost|p2a: Arceus|spa|1
|-boost|p2a: Arceus|spd|1
|
|-heal|p1a: Mimikyu|57/100|[from] item: Leftovers
|upkeep
|turn|16
|
|t:|1636463457
|move|p1a: Mimikyu|Curse|p2a: Arceus
|-start|p2a: Arceus|Curse|[of] p1a: Mimikyu
|-damage|p1a: Mimikyu|7/100
|move|p2a: Arceus|Calm Mind|p2a: Arceus
|-boost|p2a: Arceus|spa|1
|-boost|p2a: Arceus|spd|1
|
|-heal|p1a: Mimikyu|13/100|[from] item: Leftovers
|-damage|p2a: Arceus|75/100 par|[from] Curse
|upkeep
|turn|17
|
|t:|1636463468
|move|p1a: Mimikyu|Pain Split|p2a: Arceus
|-sethp|p2a: Arceus|41/100 par|[from] move: Pain Split|[silent]
|-sethp|p1a: Mimikyu|73/100|[from] move: Pain Split
|move|p2a: Arceus|Ice Beam|p1a: Mimikyu
|-end|p1a: Mimikyu|Substitute
|
|-heal|p1a: Mimikyu|79/100|[from] item: Leftovers
|-damage|p2a: Arceus|16/100 par|[from] Curse
|upkeep
|turn|18
|
|t:|1636463477
|move|p1a: Mimikyu|Substitute|p1a: Mimikyu
|-start|p1a: Mimikyu|Substitute
|-damage|p1a: Mimikyu|54/100
|move|p2a: Arceus|Recover|p2a: Arceus
|-heal|p2a: Arceus|66/100 par
|
|-heal|p1a: Mimikyu|60/100|[from] item: Leftovers
|-damage|p2a: Arceus|41/100 par|[from] Curse
|upkeep
|turn|19
|
|t:|1636463497
|-end|p1a: Mimikyu|Substitute
|-start|p1a: Mimikyu|Dynamax
|-heal|p1a: Mimikyu|60/100|[silent]
|move|p1a: Mimikyu|Max Guard|p1a: Mimikyu
|-singleturn|p1a: Mimikyu|Max Guard
|move|p2a: Arceus|Ice Beam|p1a: Mimikyu
|-activate|p1a: Mimikyu|move: Max Guard
|
|-heal|p1a: Mimikyu|63/100|[from] item: Leftovers
|-damage|p2a: Arceus|16/100 par|[from] Curse
|upkeep
|turn|20
|
|t:|1636463507
|move|p1a: Mimikyu|Max Guard||[still]
|-fail|p1a: Mimikyu
|move|p2a: Arceus|Ice Beam|p1a: Mimikyu
|-activate|p1a: Mimikyu|ability: Disguise
|-damage|p1a: Mimikyu|63/100
|detailschange|p1a: Mimikyu|Mimikyu-Busted, M, shiny
|-damage|p1a: Mimikyu|57/100|[from] pokemon: Mimikyu-Busted
|
|-heal|p1a: Mimikyu|60/100|[from] item: Leftovers
|-damage|p2a: Arceus|0 fnt|[from] Curse
|faint|p2a: Arceus
|upkeep
|
|t:|1636463521
|switch|p2a: Calyrex|Calyrex-Shadow|100/100
|-ability|p2a: Calyrex|As One
|-ability|p2a: Calyrex|Unnerve
|turn|21
|
|t:|1636463527
|move|p1a: Mimikyu|Max Guard|p1a: Mimikyu
|-singleturn|p1a: Mimikyu|Max Guard
|move|p2a: Calyrex|Astral Barrage|p1a: Mimikyu
|-activate|p1a: Mimikyu|move: Max Guard
|
|-heal|p1a: Mimikyu|63/100|[from] item: Leftovers
|-end|p1a: Mimikyu|Dynamax
|-heal|p1a: Mimikyu|63/100|[silent]
|upkeep
|turn|22
|
|t:|1636463535
|move|p2a: Calyrex|Astral Barrage|p1a: Mimikyu
|-supereffective|p1a: Mimikyu
|-damage|p1a: Mimikyu|0 fnt
|faint|p1a: Mimikyu
|-ability|p2a: Calyrex|Grim Neigh|boost
|-boost|p2a: Calyrex|spa|1
|
|upkeep
|
|t:|1636463543
|switch|p1a: Mimikyu|Mimikyu, M, shiny|100/100
|-damage|p1a: Mimikyu|88/100|[from] Stealth Rock
|turn|23
|
|t:|1636463547
|move|p2a: Calyrex|Draining Kiss|p1a: Mimikyu
|-activate|p1a: Mimikyu|ability: Disguise
|-damage|p1a: Mimikyu|88/100
|detailschange|p1a: Mimikyu|Mimikyu-Busted, M, shiny
|-damage|p1a: Mimikyu|76/100|[from] pokemon: Mimikyu-Busted
|move|p1a: Mimikyu|Thunder Wave|p2a: Calyrex
|-status|p2a: Calyrex|par
|
|-heal|p1a: Mimikyu|82/100|[from] item: Leftovers
|upkeep
|turn|24
|
|t:|1636463557
|move|p1a: Mimikyu|Substitute|p1a: Mimikyu
|-start|p1a: Mimikyu|Substitute
|-damage|p1a: Mimikyu|57/100
|move|p2a: Calyrex|Astral Barrage|p1a: Mimikyu
|-supereffective|p1a: Mimikyu
|-end|p1a: Mimikyu|Substitute
|
|-heal|p1a: Mimikyu|63/100|[from] item: Leftovers
|upkeep
|turn|25
|
|t:|1636463566
|move|p1a: Mimikyu|Substitute|p1a: Mimikyu
|-start|p1a: Mimikyu|Substitute
|-damage|p1a: Mimikyu|38/100
|move|p2a: Calyrex|Draining Kiss|p1a: Mimikyu
|-end|p1a: Mimikyu|Substitute
|
|-heal|p1a: Mimikyu|44/100|[from] item: Leftovers
|upkeep
|turn|26
|
|t:|1636463575
|move|p1a: Mimikyu|Substitute|p1a: Mimikyu
|-start|p1a: Mimikyu|Substitute
|-damage|p1a: Mimikyu|20/100
|move|p2a: Calyrex|Draining Kiss|p1a: Mimikyu
|-end|p1a: Mimikyu|Substitute
|
|-heal|p1a: Mimikyu|26/100|[from] item: Leftovers
|upkeep
|turn|27
|
|t:|1636463592
|move|p1a: Mimikyu|Substitute|p1a: Mimikyu
|-start|p1a: Mimikyu|Substitute
|-damage|p1a: Mimikyu|1/100
|move|p2a: Calyrex|Draining Kiss|p1a: Mimikyu
|-end|p1a: Mimikyu|Substitute
|
|-heal|p1a: Mimikyu|7/100|[from] item: Leftovers
|upkeep
|turn|28
|
|t:|1636463599
|move|p1a: Mimikyu|Curse|p2a: Calyrex
|-start|p2a: Calyrex|Curse|[of] p1a: Mimikyu
|-damage|p1a: Mimikyu|0 fnt
|faint|p1a: Mimikyu
|move|p2a: Calyrex|Draining Kiss|p1: Mimikyu|[notarget]
|-fail|p2a: Calyrex
|
|-damage|p2a: Calyrex|76/100 par|[from] Curse
|upkeep
|
|t:|1636463607
|switch|p1a: Marshadow|Marshadow|100/100
|-damage|p1a: Marshadow|94/100|[from] Stealth Rock
|turn|29
|
|t:|1636463615
|switch|p2a: Rayquaza|Rayquaza|100/100
|-ability|p2a: Rayquaza|Air Lock
|move|p1a: Marshadow|Spectral Thief|p2a: Rayquaza
|-damage|p2a: Rayquaza|51/100
|
|upkeep
|turn|30
|
|t:|1636463628
|detailschange|p2a: Rayquaza|Rayquaza-Mega
|-mega|p2a: Rayquaza|Rayquaza|
|-weather|DeltaStream|[from] ability: Delta Stream|[of] p2a: Rayquaza
|move|p1a: Marshadow|Ice Punch|p2a: Rayquaza
|-activate||deltastream
|-supereffective|p2a: Rayquaza
|-damage|p2a: Rayquaza|1/100
|move|p2a: Rayquaza|Dragon Ascent|p1a: Marshadow
|-supereffective|p1a: Marshadow
|-damage|p1a: Marshadow|0 fnt
|-unboost|p2a: Rayquaza|def|1
|-unboost|p2a: Rayquaza|spd|1
|faint|p1a: Marshadow
|-damage|p2a: Rayquaza|0 fnt|[from] item: Life Orb
|faint|p2a: Rayquaza
|-weather|none
|
|upkeep
|
|t:|1636463642
|switch|p1a: Mimikyu|Mimikyu, F, shiny|100/100
|switch|p2a: Calyrex|Calyrex-Shadow|76/100 par
|-ability|p2a: Calyrex|As One
|-ability|p2a: Calyrex|Unnerve
|-damage|p1a: Mimikyu|88/100|[from] Stealth Rock
|turn|31
|c|☆Noob_ooi|oh god...
|c|☆Noob_ooi|it is luck time
|
|t:|1636463660
|move|p1a: Mimikyu|Substitute|p1a: Mimikyu
|-start|p1a: Mimikyu|Substitute
|-damage|p1a: Mimikyu|63/100
|move|p2a: Calyrex|Draining Kiss|p1a: Mimikyu
|-activate|p1a: Mimikyu|move: Substitute|[damage]
|-heal|p2a: Calyrex|87/100 par|[from] drain|[of] p1a: Mimikyu
|
|-heal|p1a: Mimikyu|69/100|[from] item: Leftovers
|upkeep
|turn|32
|
|t:|1636463671
|move|p1a: Mimikyu|Curse|p2a: Calyrex
|-start|p2a: Calyrex|Curse|[of] p1a: Mimikyu
|-damage|p1a: Mimikyu|20/100
|move|p2a: Calyrex|Draining Kiss|p1a: Mimikyu
|-end|p1a: Mimikyu|Substitute
|-heal|p2a: Calyrex|90/100 par|[from] drain|[of] p1a: Mimikyu
|
|-heal|p1a: Mimikyu|26/100|[from] item: Leftovers
|-damage|p2a: Calyrex|65/100 par|[from] Curse
|upkeep
|turn|33
|
|t:|1636463683
|move|p1a: Mimikyu|Substitute|p1a: Mimikyu
|-start|p1a: Mimikyu|Substitute
|-damage|p1a: Mimikyu|1/100
|move|p2a: Calyrex|Astral Barrage|p1a: Mimikyu
|-supereffective|p1a: Mimikyu
|-end|p1a: Mimikyu|Substitute
|
|-heal|p1a: Mimikyu|7/100|[from] item: Leftovers
|-damage|p2a: Calyrex|40/100 par|[from] Curse
|upkeep
|turn|34
|c|☆Noob_ooi|well gg
|
|t:|1636463693
|move|p1a: Mimikyu|Pain Split|p2a: Calyrex
|-sethp|p2a: Calyrex|22/100 par|[from] move: Pain Split|[silent]
|-sethp|p1a: Mimikyu|30/100|[from] move: Pain Split
|move|p2a: Calyrex|Draining Kiss|p1a: Mimikyu
|-activate|p1a: Mimikyu|ability: Disguise
|-damage|p1a: Mimikyu|30/100
|detailschange|p1a: Mimikyu|Mimikyu-Busted, F, shiny
|-damage|p1a: Mimikyu|18/100|[from] pokemon: Mimikyu-Busted
|
|-heal|p1a: Mimikyu|24/100|[from] item: Leftovers
|-damage|p2a: Calyrex|0 fnt|[from] Curse
|faint|p2a: Calyrex
|upkeep
|c|☆RUiNtheExtinct|gg
|c|☆Noob_ooi|oh wait
|
|t:|1636463706
|switch|p2a: Ditto|Ditto|100/100
|-transform|p2a: Ditto|p1a: Mimikyu|[from] ability: Imposter
|turn|35
|c|☆Noob_ooi|I FORGOT i HAVE
|
|t:|1636463713
|move|p2a: Ditto|Curse|p1a: Mimikyu
|-start|p1a: Mimikyu|Curse|[of] p2a: Ditto
|-damage|p2a: Ditto|50/100
|move|p1a: Mimikyu|Pain Split|p2a: Ditto
|-sethp|p2a: Ditto|35/100|[from] move: Pain Split|[silent]
|-sethp|p1a: Mimikyu|42/100|[from] move: Pain Split
|
|-heal|p1a: Mimikyu|48/100|[from] item: Leftovers
|-damage|p1a: Mimikyu|23/100|[from] Curse
|upkeep
|turn|36
|c|☆RUiNtheExtinct|gg
|
|t:|1636463726
|-start|p2a: Ditto|Dynamax
|-heal|p2a: Ditto|35/100|[silent]
|move|p2a: Ditto|Max Guard|p2a: Ditto
|-singleturn|p2a: Ditto|Max Guard
|move|p1a: Mimikyu|Pain Split|p2a: Ditto
|-activate|p2a: Ditto|move: Max Guard
|
|-heal|p1a: Mimikyu|29/100|[from] item: Leftovers
|-damage|p1a: Mimikyu|4/100|[from] Curse
|upkeep
|turn|37
|c|☆Noob_ooi|gg
|c|☆RUiNtheExtinct|big brain time
|
|t:|1636463739
|move|p2a: Ditto|Max Guard||[still]
|-fail|p2a: Ditto
|move|p1a: Mimikyu|Pain Split|p2a: Ditto
|-sethp|p2a: Ditto|27/100|[from] move: Pain Split|[silent]
|-sethp|p1a: Mimikyu|23/100|[from] move: Pain Split
|
|-heal|p1a: Mimikyu|29/100|[from] item: Leftovers
|-damage|p1a: Mimikyu|4/100|[from] Curse
|upkeep
|turn|38
|c|☆Noob_ooi|xD
|
|t:|1636463749
|move|p2a: Ditto|Max Guard|p2a: Ditto
|-singleturn|p2a: Ditto|Max Guard
|move|p1a: Mimikyu|Pain Split|p2a: Ditto
|-activate|p2a: Ditto|move: Max Guard
|
|-heal|p1a: Mimikyu|10/100|[from] item: Leftovers
|-damage|p1a: Mimikyu|0 fnt|[from] Curse
|faint|p1a: Mimikyu
|
|win|RUiNtheExtinct
|upkeep
|raw|Noob_ooi's rating: 1443 &rarr; <strong>1434</strong><br />(-9 for losing)
|raw|RUiNtheExtinct's rating: 1651 &rarr; <strong>1660</strong><br />(+9 for winning)
|c|☆RUiNtheExtinct|that was so close
|c|☆Noob_ooi|yessir
|c|☆Noob_ooi|owo
|c|☆RUiNtheExtinct|gg man
|c|☆Noob_ooi|ty
|c|☆RUiNtheExtinct|nice team
|c|☆Noob_ooi|owo
|c|☆Noob_ooi|xd
|l|☆Noob_ooi
