|j|‽Mario60866iPod13
|j|☆BrixTrynaLuv
|t:|1662163268
|gametype|singles
|player|p1|Mario60866iPod13|may-gen3rs|1441
|player|p2|BrixTrynaLuv|az|1581
|teamsize|p1|6
|teamsize|p2|6
|gen|8
|tier|[Gen 8] National Dex AG
|rated|
|rule|HP Percentage Mod: HP is shown in percentages
|rule|Endless Battle Clause: Forcing endless battles is banned
|clearpoke
|poke|p1|Necrozma-Dawn-Wings|
|poke|p1|Rayquaza|
|poke|p1|Kyogre|
|poke|p1|Groudon|
|poke|p1|Giratina-Origin|
|poke|p1|Arceus-*|
|poke|p2|Groudon|
|poke|p2|Calyrex-Shadow|
|poke|p2|Yveltal|
|poke|p2|Zacian-*|
|poke|p2|Arceus-*|
|poke|p2|Ditto|
|teampreview
|inactive|Battle timer is ON: inactive players will automatically lose when time's up. (requested by BrixTrynaLuv)
|inactive|Mario60866iPod13 also wants the timer to be on.
|
|t:|1662163283
|start
|switch|p1a: Rayquaza|Rayquaza|100/100
|switch|p2a: Terr-One|Groudon, shiny|100/100
|-ability|p1a: Rayquaza|Air Lock
|detailschange|p2a: Terr-One|Groudon-Primal, shiny
|-primal|p2a: Terr-One
|-weather|DesolateLand|[from] ability: Desolate Land|[of] p2a: Terr-One
|turn|1
|
|t:|1662163291
|detailschange|p1a: Rayquaza|Rayquaza-Mega
|-mega|p1a: Rayquaza|Rayquaza|
|-weather|DeltaStream|[from] ability: Delta Stream|[of] p1a: Rayquaza
|move|p1a: Rayquaza|Dragon Ascent|p2a: Terr-One
|-damage|p2a: Terr-One|46/100
|-unboost|p1a: Rayquaza|def|1
|-unboost|p1a: Rayquaza|spd|1
|move|p2a: Terr-One|Stealth Rock|p1a: Rayquaza
|-sidestart|p1: Mario60866iPod13|move: Stealth Rock
|
|-weather|DeltaStream|[upkeep]
|upkeep
|turn|2
|
|t:|1662163300
|move|p1a: Rayquaza|Dragon Ascent|p2a: Terr-One
|-damage|p2a: Terr-One|0 fnt
|-unboost|p1a: Rayquaza|def|1
|-unboost|p1a: Rayquaza|spd|1
|faint|p2a: Terr-One
|
|-weather|DeltaStream|[upkeep]
|upkeep
|
|t:|1662163311
|switch|p2a: Tuna|Arceus-Water, shiny|100/100
|turn|3
|
|t:|1662163315
|move|p2a: Tuna|Waterfall|p1a: Rayquaza
|-resisted|p1a: Rayquaza
|-damage|p1a: Rayquaza|64/100
|move|p1a: Rayquaza|Dragon Ascent|p2a: Tuna
|-damage|p2a: Tuna|32/100
|-unboost|p1a: Rayquaza|def|1
|-unboost|p1a: Rayquaza|spd|1
|
|-weather|DeltaStream|[upkeep]
|upkeep
|turn|4
|
|t:|1662163325
|-zpower|p2a: Tuna
|move|p2a: Tuna|Hydro Vortex|p1a: Rayquaza|[zeffect]
|-resisted|p1a: Rayquaza
|-damage|p1a: Rayquaza|0 fnt
|faint|p1a: Rayquaza
|-weather|none
|
|upkeep
|
|t:|1662163338
|switch|p1a: Necrozma|Necrozma-Dawn-Wings|100/100
|-damage|p1a: Necrozma|88/100|[from] Stealth Rock
|turn|5
|
|t:|1662163341
|detailschange|p1a: Necrozma|Necrozma-Ultra
|-burst|p1a: Necrozma|Necrozma|Ultranecrozium Z
|move|p1a: Necrozma|Photon Geyser|p2a: Tuna
|-damage|p2a: Tuna|0 fnt
|faint|p2a: Tuna
|
|upkeep
|
|t:|1662163349
|switch|p2a: Yvelat|Yveltal, shiny|100/100
|-ability|p2a: Yvelat|Dark Aura
|turn|6
|
|t:|1662163356
|switch|p1a: Arceus|Arceus|100/100
|-damage|p1a: Arceus|88/100|[from] Stealth Rock
|move|p2a: Yvelat|Dark Pulse|p1a: Arceus
|-damage|p1a: Arceus|53/100
|
|-heal|p1a: Arceus|59/100|[from] item: Leftovers
|upkeep
|turn|7
|
|t:|1662163361
|move|p2a: Yvelat|Dark Pulse|p1a: Arceus
|-damage|p1a: Arceus|23/100
|move|p1a: Arceus|Swords Dance|p1a: Arceus
|-boost|p1a: Arceus|atk|2
|
|-heal|p1a: Arceus|29/100|[from] item: Leftovers
|upkeep
|turn|8
|
|t:|1662163365
|move|p1a: Arceus|Extreme Speed|p2a: Yvelat
|-damage|p2a: Yvelat|31/100
|move|p2a: Yvelat|Dark Pulse|p1a: Arceus
|-damage|p1a: Arceus|0 fnt
|faint|p1a: Arceus
|
|upkeep
|
|t:|1662163370
|switch|p1a: Groudon|Groudon|100/100
|-damage|p1a: Groudon|94/100|[from] Stealth Rock
|detailschange|p1a: Groudon|Groudon-Primal
|-primal|p1a: Groudon
|-weather|DesolateLand|[from] ability: Desolate Land|[of] p1a: Groudon
|turn|9
|
|t:|1662163373
|move|p2a: Yvelat|Dark Pulse|p1a: Groudon
|-damage|p1a: Groudon|41/100
|move|p1a: Groudon|Rock Polish|p1a: Groudon
|-boost|p1a: Groudon|spe|2
|
|-weather|DesolateLand|[upkeep]
|upkeep
|turn|10
|
|t:|1662163379
|move|p2a: Yvelat|Sucker Punch|p1a: Groudon
|-damage|p1a: Groudon|17/100
|move|p1a: Groudon|Fire Punch|p2a: Yvelat
|-damage|p2a: Yvelat|0 fnt
|faint|p2a: Yvelat
|
|-weather|DesolateLand|[upkeep]
|upkeep
|
|t:|1662163386
|switch|p2a: Caveleiro Fantasma|Calyrex-Shadow|100/100
|-ability|p2a: Caveleiro Fantasma|As One
|-ability|p2a: Caveleiro Fantasma|Unnerve
|turn|11
|
|t:|1662163390
|move|p2a: Caveleiro Fantasma|Astral Barrage|p1a: Groudon
|-crit|p1a: Groudon
|-damage|p1a: Groudon|0 fnt
|faint|p1a: Groudon
|-weather|none
|-ability|p2a: Caveleiro Fantasma|Grim Neigh|boost
|-boost|p2a: Caveleiro Fantasma|spa|1
|
|upkeep
|
|t:|1662163396
|switch|p1a: Giratina|Giratina-Origin|100/100
|-damage|p1a: Giratina|88/100|[from] Stealth Rock
|turn|12
|
|t:|1662163400
|switch|p2a: Ciano|Zacian-Crowned, shiny|100/100
|-ability|p2a: Ciano|Intrepid Sword|boost
|-boost|p2a: Ciano|atk|1
|move|p1a: Giratina|Shadow Sneak|p2a: Ciano
|-damage|p2a: Ciano|74/100
|
|upkeep
|turn|13
|
|t:|1662163407
|move|p2a: Ciano|Play Rough|p1a: Giratina|[miss]
|-miss|p2a: Ciano|p1a: Giratina
|move|p1a: Giratina|Will-O-Wisp|p2a: Ciano
|-status|p2a: Ciano|brn
|
|-damage|p2a: Ciano|68/100 brn|[from] brn
|upkeep
|turn|14
|
|t:|1662163411
|move|p2a: Ciano|Play Rough|p1a: Giratina|[miss]
|-miss|p2a: Ciano|p1a: Giratina
|move|p1a: Giratina|Shadow Force||[still]
|-prepare|p1a: Giratina|Shadow Force
|
|-damage|p2a: Ciano|62/100 brn|[from] brn
|upkeep
|turn|15
|
|t:|1662163418
|move|p2a: Ciano|Crunch|p1a: Giratina|[miss]
|-miss|p2a: Ciano|p1a: Giratina
|move|p1a: Giratina|Shadow Force|p2a: Ciano|[from]lockedmove
|-damage|p2a: Ciano|0 fnt
|faint|p2a: Ciano
|
|upkeep
|c|☆BrixTrynaLuv|Sigh.
|
|t:|1662163427
|switch|p2a: Ditto|Ditto|100/100
|-transform|p2a: Ditto|p1a: Giratina|[from] ability: Imposter
|turn|16
|
|t:|1662163436
|-start|p2a: Ditto|Dynamax|
|-heal|p2a: Ditto|100/100|[silent]
|move|p1a: Giratina|Will-O-Wisp|p2a: Ditto
|-status|p2a: Ditto|brn
|move|p2a: Ditto|Max Phantasm|p1a: Giratina
|-supereffective|p1a: Giratina
|-damage|p1a: Giratina|56/100
|-unboost|p1a: Giratina|def|1
|
|-damage|p2a: Ditto|97/100 brn|[from] brn
|upkeep
|turn|17
|
|t:|1662163449
|move|p1a: Giratina|Shadow Force||[still]
|-prepare|p1a: Giratina|Shadow Force
|move|p2a: Ditto|Max Wyrmwind|p1a: Giratina|[miss]
|-miss|p2a: Ditto|p1a: Giratina
|
|-damage|p2a: Ditto|94/100 brn|[from] brn
|upkeep
|turn|18
|
|t:|1662163457
|move|p2a: Ditto|Max Wyrmwind|p1a: Giratina|[miss]
|-miss|p2a: Ditto|p1a: Giratina
|move|p1a: Giratina|Shadow Force|p2a: Ditto|[from]lockedmove
|-supereffective|p2a: Ditto
|-damage|p2a: Ditto|6/100 brn
|
|-damage|p2a: Ditto|3/100 brn|[from] brn
|upkeep
|-end|p2a: Ditto|Dynamax
|-heal|p2a: Ditto|3/100 brn|[silent]
|turn|19
|
|t:|1662163468
|move|p2a: Ditto|Shadow Sneak|p1a: Giratina
|-supereffective|p1a: Giratina
|-damage|p1a: Giratina|33/100
|move|p1a: Giratina|Shadow Sneak|p2a: Ditto
|-supereffective|p2a: Ditto
|-damage|p2a: Ditto|0 fnt
|faint|p2a: Ditto
|
|upkeep
|
|t:|1662163472
|switch|p2a: Caveleiro Fantasma|Calyrex-Shadow|100/100
|-ability|p2a: Caveleiro Fantasma|As One
|-ability|p2a: Caveleiro Fantasma|Unnerve
|turn|20
|
|t:|1662163474
|move|p1a: Giratina|Shadow Sneak|p2a: Caveleiro Fantasma
|-supereffective|p2a: Caveleiro Fantasma
|-crit|p2a: Caveleiro Fantasma
|-damage|p2a: Caveleiro Fantasma|0 fnt
|faint|p2a: Caveleiro Fantasma
|
|win|Mario60866iPod13
|raw|Mario60866iPod13's rating: 1441 &rarr; <strong>1469</strong><br />(+28 for winning)
|raw|BrixTrynaLuv's rating: 1581 &rarr; <strong>1553</strong><br />(-28 for losing)
|l|☆BrixTrynaLuv
