|j|☆Glaliegoesboom ❤
|j|☆Buck X
|t:|1661430711
|gametype|singles
|player|p1|Glaliegoesboom ❤|cynthia-masters|
|player|p2|Buck X|lance-masters|
|teamsize|p1|6
|teamsize|p2|6
|gen|8
|tier|[Gen 8] National Dex AG
|rule|HP Percentage Mod: HP is shown in percentages
|rule|Endless Battle Clause: Forcing endless battles is banned
|clearpoke
|poke|p1|Marshadow|
|poke|p1|Diancie|
|poke|p1|Giratina|
|poke|p1|Urshifu-*, F|
|poke|p1|Groudon|
|poke|p1|Celesteela|
|poke|p2|Tapu Koko|
|poke|p2|Arcanine, F|
|poke|p2|Marshadow|
|poke|p2|Groudon|
|poke|p2|Zamazenta-*|
|poke|p2|Dragonite, M|
|teampreview
|inactive|Battle timer is ON: inactive players will automatically lose when time's up. (requested by Glaliegoesboom ❤)
|inactive|Buck X also wants the timer to be on.
|
|t:|1661430718
|start
|switch|p1a: Groudon|Groudon|100/100
|switch|p2a: Arcanine|Arcanine, F|100/100
|-ability|p2a: Arcanine|Intimidate|boost
|-unboost|p1a: Groudon|atk|1
|-weather|SunnyDay|[from] ability: Drought|[of] p1a: Groudon
|turn|1
|c|☆Buck X|Hf :jerry:
|
|t:|1661430723
|move|p2a: Arcanine|Will-O-Wisp|p1a: Groudon
|-status|p1a: Groudon|brn
|move|p1a: Groudon|Stealth Rock|p2a: Arcanine
|-sidestart|p2: Buck X|move: Stealth Rock
|
|-weather|SunnyDay|[upkeep]
|-damage|p1a: Groudon|94/100 brn|[from] brn
|upkeep
|turn|2
|
|t:|1661430731
|switch|p2a: Groudon|Groudon|100/100
|-damage|p2a: Groudon|94/100|[from] Stealth Rock
|move|p1a: Groudon|Toxic|p2a: Groudon
|-status|p2a: Groudon|tox
|
|-weather|SunnyDay|[upkeep]
|-heal|p2a: Groudon|100/100 tox|[from] item: Leftovers
|-heal|p1a: Groudon|100/100 brn|[from] item: Leftovers
|-damage|p2a: Groudon|94/100 tox|[from] psn
|-damage|p1a: Groudon|94/100 brn|[from] brn
|upkeep
|turn|3
|c|☆Glaliegoesboom ❤|U2
|c|☆Buck X|Ah my sash gonr
|
|t:|1661430758
|move|p1a: Groudon|Earthquake|p2a: Groudon
|-damage|p2a: Groudon|83/100 tox
|move|p2a: Groudon|Stealth Rock|p1a: Groudon
|-sidestart|p1: Glaliegoesboom ❤|move: Stealth Rock
|
|-weather|SunnyDay|[upkeep]
|-heal|p1a: Groudon|100/100 brn|[from] item: Leftovers
|-heal|p2a: Groudon|89/100 tox|[from] item: Leftovers
|-damage|p2a: Groudon|77/100 tox|[from] psn
|-damage|p1a: Groudon|94/100 brn|[from] brn
|upkeep
|turn|4
|
|t:|1661430764
|move|p2a: Groudon|Solar Beam||[still]
|-prepare|p2a: Groudon|Solar Beam
|-anim|p2a: Groudon|Solar Beam|p1a: Groudon
|-supereffective|p1a: Groudon
|-damage|p1a: Groudon|20/100 brn
|move|p1a: Groudon|Earthquake|p2a: Groudon
|-damage|p2a: Groudon|66/100 tox
|
|-weather|SunnyDay|[upkeep]
|-heal|p1a: Groudon|26/100 brn|[from] item: Leftovers
|-heal|p2a: Groudon|72/100 tox|[from] item: Leftovers
|-damage|p2a: Groudon|54/100 tox|[from] psn
|-damage|p1a: Groudon|20/100 brn|[from] brn
|upkeep
|turn|5
|
|t:|1661430785
|move|p1a: Groudon|Rest|p1a: Groudon
|-status|p1a: Groudon|slp|[from] move: Rest
|-heal|p1a: Groudon|100/100 slp|[silent]
|move|p2a: Groudon|Flamethrower|p1a: Groudon
|-damage|p1a: Groudon|63/100 slp
|
|-weather|none
|-heal|p2a: Groudon|60/100 tox|[from] item: Leftovers
|-heal|p1a: Groudon|69/100 slp|[from] item: Leftovers
|-damage|p2a: Groudon|35/100 tox|[from] psn
|upkeep
|turn|6
|
|t:|1661430800
|switch|p2a: Tapu Koko|Tapu Koko|100/100
|-damage|p2a: Tapu Koko|88/100|[from] Stealth Rock
|-fieldstart|move: Electric Terrain|[from] ability: Electric Surge|[of] p2a: Tapu Koko
|cant|p1a: Groudon|slp
|
|-heal|p1a: Groudon|75/100 slp|[from] item: Leftovers
|upkeep
|turn|7
|
|t:|1661430808
|switch|p1a: Giratina|Giratina|100/100
|-damage|p1a: Giratina|88/100|[from] Stealth Rock
|-ability|p1a: Giratina|Pressure
|move|p2a: Tapu Koko|Calm Mind|p2a: Tapu Koko
|-boost|p2a: Tapu Koko|spa|1
|-boost|p2a: Tapu Koko|spd|1
|
|upkeep
|turn|8
|
|t:|1661430813
|move|p1a: Giratina|Shadow Sneak|p2a: Tapu Koko
|-damage|p2a: Tapu Koko|62/100
|move|p2a: Tapu Koko|Dazzling Gleam|p1a: Giratina
|-supereffective|p1a: Giratina
|-damage|p1a: Giratina|12/100
|-damage|p2a: Tapu Koko|52/100|[from] item: Life Orb
|
|upkeep
|turn|9
|
|t:|1661430818
|move|p1a: Giratina|Shadow Sneak|p2a: Tapu Koko
|-damage|p2a: Tapu Koko|25/100
|move|p2a: Tapu Koko|Thunderbolt|p1a: Giratina
|-resisted|p1a: Giratina
|-damage|p1a: Giratina|0 fnt
|faint|p1a: Giratina
|-damage|p2a: Tapu Koko|15/100|[from] item: Life Orb
|
|upkeep
|
|t:|1661430829
|switch|p1a: Urshifu|Urshifu, F|100/100
|-damage|p1a: Urshifu|94/100|[from] Stealth Rock
|turn|10
|
|t:|1661430839
|move|p1a: Urshifu|Wicked Blow|p2a: Tapu Koko
|-resisted|p2a: Tapu Koko
|-crit|p2a: Tapu Koko
|-damage|p2a: Tapu Koko|0 fnt
|faint|p2a: Tapu Koko
|
|-fieldend|move: Electric Terrain
|upkeep
|
|t:|1661430846
|switch|p2a: Zamazenta|Zamazenta|100/100
|-damage|p2a: Zamazenta|94/100|[from] Stealth Rock
|-ability|p2a: Zamazenta|Dauntless Shield|boost
|-boost|p2a: Zamazenta|def|1
|turn|11
|
|t:|1661430851
|switch|p1a: Groudon|Groudon|75/100 slp
|-damage|p1a: Groudon|69/100 slp|[from] Stealth Rock
|-weather|SunnyDay|[from] ability: Drought|[of] p1a: Groudon
|move|p2a: Zamazenta|Close Combat|p1a: Groudon
|-damage|p1a: Groudon|23/100 slp
|-unboost|p2a: Zamazenta|def|1
|-unboost|p2a: Zamazenta|spd|1
|
|-weather|SunnyDay|[upkeep]
|-heal|p1a: Groudon|29/100 slp|[from] item: Leftovers
|upkeep
|turn|12
|
|t:|1661430855
|switch|p1a: Marshadow|Marshadow|100/100
|-damage|p1a: Marshadow|94/100|[from] Stealth Rock
|move|p2a: Zamazenta|Close Combat|p1a: Marshadow
|-immune|p1a: Marshadow
|
|-weather|SunnyDay|[upkeep]
|upkeep
|turn|13
|
|t:|1661430861
|switch|p2a: Groudon|Groudon|35/100 tox
|-damage|p2a: Groudon|29/100 tox|[from] Stealth Rock
|move|p1a: Marshadow|Spectral Thief|p2a: Groudon
|-damage|p2a: Groudon|0 fnt
|faint|p2a: Groudon
|
|-weather|SunnyDay|[upkeep]
|upkeep
|
|t:|1661430877
|switch|p2a: Marshadow|Marshadow|100/100
|-damage|p2a: Marshadow|94/100|[from] Stealth Rock
|turn|14
|
|t:|1661430884
|move|p2a: Marshadow|Spectral Thief|p1a: Marshadow
|-supereffective|p1a: Marshadow
|-damage|p1a: Marshadow|0 fnt
|faint|p1a: Marshadow
|
|-weather|SunnyDay|[upkeep]
|upkeep
|
|t:|1661430889
|switch|p1a: Urshifu|Urshifu, F|94/100
|-damage|p1a: Urshifu|88/100|[from] Stealth Rock
|turn|15
|
|t:|1661430895
|switch|p2a: Zamazenta|Zamazenta|94/100
|-damage|p2a: Zamazenta|88/100|[from] Stealth Rock
|-ability|p2a: Zamazenta|Dauntless Shield|boost
|-boost|p2a: Zamazenta|def|1
|move|p1a: Urshifu|Wicked Blow|p2a: Zamazenta
|-resisted|p2a: Zamazenta
|-crit|p2a: Zamazenta
|-damage|p2a: Zamazenta|58/100
|
|-weather|none
|upkeep
|turn|16
|
|t:|1661430901
|switch|p1a: Groudon|Groudon|29/100 slp
|-damage|p1a: Groudon|23/100 slp|[from] Stealth Rock
|-weather|SunnyDay|[from] ability: Drought|[of] p1a: Groudon
|move|p2a: Zamazenta|Close Combat|p1a: Groudon
|-damage|p1a: Groudon|0 fnt
|-unboost|p2a: Zamazenta|def|1
|-unboost|p2a: Zamazenta|spd|1
|faint|p1a: Groudon
|
|-weather|SunnyDay|[upkeep]
|upkeep
|
|t:|1661430914
|switch|p1a: Diancie|Diancie|100/100
|-damage|p1a: Diancie|88/100|[from] Stealth Rock
|turn|17
|
|t:|1661430919
|move|p2a: Zamazenta|Close Combat|p1a: Diancie
|-damage|p1a: Diancie|0 fnt
|-unboost|p2a: Zamazenta|def|1
|-unboost|p2a: Zamazenta|spd|1
|faint|p1a: Diancie
|
|-weather|SunnyDay|[upkeep]
|upkeep
|
|t:|1661430922
|switch|p1a: Celesteela|Celesteela|100/100
|-damage|p1a: Celesteela|88/100|[from] Stealth Rock
|turn|18
|c|☆Buck X|I told you
|c|☆Buck X|Stronger than marsh
|
|t:|1661430940
|-start|p1a: Celesteela|Dynamax|
|-heal|p1a: Celesteela|88/100|[silent]
|move|p2a: Zamazenta|Close Combat|p1a: Celesteela
|-damage|p1a: Celesteela|34/100
|-unboost|p2a: Zamazenta|def|1
|-unboost|p2a: Zamazenta|spd|1
|move|p1a: Celesteela|Max Airstream|p2a: Zamazenta
|-supereffective|p2a: Zamazenta
|-damage|p2a: Zamazenta|0 fnt
|-boost|p1a: Celesteela|spe|1
|faint|p2a: Zamazenta
|-ability|p1a: Celesteela|Beast Boost|boost
|-boost|p1a: Celesteela|atk|1
|
|-weather|SunnyDay|[upkeep]
|upkeep
|
|t:|1661430946
|switch|p2a: Marshadow|Marshadow|94/100
|-damage|p2a: Marshadow|88/100|[from] Stealth Rock
|turn|19
|
|t:|1661430948
|move|p2a: Marshadow|Spectral Thief||[still]
|-clearpositiveboost|p1a: Celesteela|p2a: Marshadow|move: Spectral Thief
|-boost|p2a: Marshadow|atk|1
|-boost|p2a: Marshadow|spe|1
|-anim|p2a: Marshadow|Spectral Thief|p1a: Celesteela
|-damage|p1a: Celesteela|0 fnt
|faint|p1a: Celesteela
|
|-weather|SunnyDay|[upkeep]
|upkeep
|
|t:|1661430950
|switch|p1a: Urshifu|Urshifu, F|88/100
|-damage|p1a: Urshifu|82/100|[from] Stealth Rock
|turn|20
|
|t:|1661430953
|-start|p2a: Marshadow|Dynamax|
|-heal|p2a: Marshadow|88/100|[silent]
|move|p2a: Marshadow|Max Knuckle|p1a: Urshifu
|-supereffective|p1a: Urshifu
|-damage|p1a: Urshifu|0 fnt
|-boost|p2a: Marshadow|atk|1
|faint|p1a: Urshifu
|
|win|Buck X
|c|☆Glaliegoesboom ❤|Damn gg
|c|☆Buck X|Ggwp
