|j|☆NOAH MK2
|j|☆ArceusMaliciousJR
|t:|1631202137
|gametype|singles
|player|p1|NOAH MK2|1|1822
|player|p2|ArceusMaliciousJR|steven|1979
|teamsize|p1|6
|teamsize|p2|6
|gen|8
|tier|[Gen 8] National Dex AG
|rated|
|rule|HP Percentage Mod: HP is shown in percentages
|rule|Endless Battle Clause: Forcing endless battles is banned
|clearpoke
|poke|p1|Klefki, M|
|poke|p1|Zygarde|
|poke|p1|Calyrex-Shadow|
|poke|p1|Yveltal|
|poke|p1|Rayquaza|
|poke|p1|Necrozma-Dusk-Mane|
|poke|p2|Xerneas-*|
|poke|p2|Necrozma-Dusk-Mane|
|poke|p2|Rayquaza|
|poke|p2|Yveltal|
|poke|p2|Arceus-*|
|poke|p2|Groudon|
|teampreview
|
|t:|1631202160
|start
|switch|p1a: Zygarde|Zygarde|100/100
|switch|p2a: Groudon|Groudon|100/100
|detailschange|p2a: Groudon|Groudon-Primal
|-primal|p2a: Groudon
|-weather|DesolateLand|[from] ability: Desolate Land|[of] p2a: Groudon
|turn|1
|
|t:|1631202167
|move|p1a: Zygarde|Substitute|p1a: Zygarde
|-start|p1a: Zygarde|Substitute
|-damage|p1a: Zygarde|76/100
|move|p2a: Groudon|Toxic||[still]
|-fail|p2a: Groudon
|
|-weather|DesolateLand|[upkeep]
|-heal|p1a: Zygarde|82/100|[from] item: Leftovers
|upkeep
|turn|2
|
|t:|1631202172
|-weather|none
|switch|p2a: Rayquaza|Rayquaza|100/100
|-ability|p2a: Rayquaza|Air Lock
|move|p1a: Zygarde|Thousand Arrows|p2a: Rayquaza
|-damage|p2a: Rayquaza|62/100
|-start|p2a: Rayquaza|Smack Down
|
|-heal|p1a: Zygarde|88/100|[from] item: Leftovers
|upkeep
|turn|3
|
|t:|1631202180
|switch|p1a: Klefki|Klefki, M|100/100
|detailschange|p2a: Rayquaza|Rayquaza-Mega
|-mega|p2a: Rayquaza|Rayquaza|
|-weather|DeltaStream|[from] ability: Delta Stream|[of] p2a: Rayquaza
|move|p2a: Rayquaza|Scale Shot|p1a: Klefki
|-immune|p1a: Klefki
|
|-weather|DeltaStream|[upkeep]
|upkeep
|turn|4
|
|t:|1631202185
|move|p1a: Klefki|Reflect|p1a: Klefki
|-sidestart|p1: NOAH MK2|Reflect
|move|p2a: Rayquaza|Earthquake|p1a: Klefki
|-supereffective|p1a: Klefki
|-damage|p1a: Klefki|50/100
|-damage|p2a: Rayquaza|52/100|[from] item: Life Orb
|
|-weather|DeltaStream|[upkeep]
|upkeep
|turn|5
|
|t:|1631202193
|switch|p1a: Necrozma|Necrozma-Dusk-Mane|100/100
|move|p2a: Rayquaza|Earthquake|p1a: Necrozma
|-supereffective|p1a: Necrozma
|-damage|p1a: Necrozma|76/100
|-damage|p2a: Rayquaza|42/100|[from] item: Life Orb
|
|-weather|DeltaStream|[upkeep]
|upkeep
|turn|6
|
|t:|1631202198
|-weather|none
|switch|p2a: Groudon|Groudon-Primal|100/100
|-weather|DesolateLand|[from] ability: Desolate Land|[of] p2a: Groudon
|move|p1a: Necrozma|Stealth Rock|p2a: Groudon
|-sidestart|p2: ArceusMaliciousJR|move: Stealth Rock
|
|-weather|DesolateLand|[upkeep]
|upkeep
|turn|7
|
|t:|1631202219
|switch|p1a: Rayquaza|Rayquaza|100/100
|-ability|p1a: Rayquaza|Air Lock
|move|p2a: Groudon|Toxic|p1a: Rayquaza
|-status|p1a: Rayquaza|tox
|
|-weather|DesolateLand|[upkeep]
|-damage|p1a: Rayquaza|95/100 tox|[from] psn
|upkeep
|turn|8
|
|t:|1631202227
|-weather|none
|switch|p2a: Rayquaza|Rayquaza-Mega|42/100
|-damage|p2a: Rayquaza|17/100|[from] Stealth Rock
|-weather|DeltaStream|[from] ability: Delta Stream|[of] p2a: Rayquaza
|detailschange|p1a: Rayquaza|Rayquaza-Mega
|-mega|p1a: Rayquaza|Rayquaza|
|move|p1a: Rayquaza|Dragon Dance|p1a: Rayquaza
|-boost|p1a: Rayquaza|atk|1
|-boost|p1a: Rayquaza|spe|1
|
|-weather|DeltaStream|[upkeep]
|-damage|p1a: Rayquaza|83/100 tox|[from] psn
|upkeep
|turn|9
|
|t:|1631202233
|move|p1a: Rayquaza|Extreme Speed|p2a: Rayquaza
|-damage|p2a: Rayquaza|0 fnt
|faint|p2a: Rayquaza
|-damage|p1a: Rayquaza|73/100 tox|[from] item: Life Orb
|
|-weather|DeltaStream|[upkeep]
|-damage|p1a: Rayquaza|55/100 tox|[from] psn
|upkeep
|
|t:|1631202267
|switch|p2a: Arceus|Arceus|100/100
|-damage|p2a: Arceus|88/100|[from] Stealth Rock
|turn|10
|
|t:|1631202274
|move|p2a: Arceus|Extreme Speed|p1a: Rayquaza
|-damage|p1a: Rayquaza|25/100 tox
|-damage|p2a: Arceus|78/100|[from] item: Life Orb
|move|p1a: Rayquaza|Dragon Ascent|p2a: Arceus
|-damage|p2a: Arceus|0 fnt
|-unboost|p1a: Rayquaza|def|1
|-unboost|p1a: Rayquaza|spd|1
|faint|p2a: Arceus
|-damage|p1a: Rayquaza|15/100 tox|[from] item: Life Orb
|
|-weather|DeltaStream|[upkeep]
|-damage|p1a: Rayquaza|0 fnt|[from] psn
|faint|p1a: Rayquaza
|-weather|none
|upkeep
|
|t:|1631202291
|switch|p1a: Necrozma|Necrozma-Dusk-Mane|76/100
|switch|p2a: Xerneas|Xerneas|100/100
|-damage|p2a: Xerneas|88/100|[from] Stealth Rock
|-ability|p2a: Xerneas|Fairy Aura
|turn|11
|
|t:|1631202298
|switch|p2a: Groudon|Groudon-Primal|100/100
|-damage|p2a: Groudon|88/100|[from] Stealth Rock
|-weather|DesolateLand|[from] ability: Desolate Land|[of] p2a: Groudon
|switch|p1a: Klefki|Klefki, M|50/100
|
|-weather|DesolateLand|[upkeep]
|-sideend|p1: NOAH MK2|Reflect
|upkeep
|turn|12
|
|t:|1631202301
|move|p1a: Klefki|Reflect|p1a: Klefki
|-sidestart|p1: NOAH MK2|Reflect
|move|p2a: Groudon|Fire Punch|p1a: Klefki
|-supereffective|p1a: Klefki
|-damage|p1a: Klefki|0 fnt
|faint|p1a: Klefki
|
|-weather|DesolateLand|[upkeep]
|upkeep
|
|t:|1631202308
|switch|p1a: Zygarde|Zygarde|88/100
|turn|13
|
|t:|1631202313
|-weather|none
|switch|p2a: Xerneas|Xerneas|88/100
|-damage|p2a: Xerneas|76/100|[from] Stealth Rock
|-ability|p2a: Xerneas|Fairy Aura
|move|p1a: Zygarde|Substitute|p1a: Zygarde
|-start|p1a: Zygarde|Substitute
|-damage|p1a: Zygarde|63/100
|
|-heal|p1a: Zygarde|69/100|[from] item: Leftovers
|upkeep
|turn|14
|
|t:|1631202317
|move|p1a: Zygarde|Glare|p2a: Xerneas
|-status|p2a: Xerneas|par
|cant|p2a: Xerneas|par
|
|-heal|p1a: Zygarde|75/100|[from] item: Leftovers
|upkeep
|turn|15
|
|t:|1631202330
|move|p1a: Zygarde|Thousand Arrows|p2a: Xerneas
|-damage|p2a: Xerneas|41/100 par
|move|p2a: Xerneas|Moonblast|p1a: Zygarde
|-supereffective|p1a: Zygarde
|-end|p1a: Zygarde|Substitute
|
|-heal|p1a: Zygarde|81/100|[from] item: Leftovers
|upkeep
|turn|16
|
|t:|1631202337
|switch|p1a: Necrozma|Necrozma-Dusk-Mane|76/100
|move|p2a: Xerneas|Moonblast|p1a: Necrozma
|-resisted|p1a: Necrozma
|-crit|p1a: Necrozma
|-damage|p1a: Necrozma|30/100
|
|upkeep
|turn|17
|
|t:|1631202350
|switch|p2a: Groudon|Groudon-Primal|88/100
|-damage|p2a: Groudon|76/100|[from] Stealth Rock
|-weather|DesolateLand|[from] ability: Desolate Land|[of] p2a: Groudon
|move|p1a: Necrozma|Morning Sun|p1a: Necrozma
|-heal|p1a: Necrozma|96/100
|
|-weather|DesolateLand|[upkeep]
|upkeep
|turn|18
|
|t:|1631202382
|switch|p1a: Calyrex|Calyrex-Shadow|100/100
|-ability|p1a: Calyrex|As One
|-ability|p1a: Calyrex|Unnerve
|move|p2a: Groudon|Stealth Rock|p1a: Calyrex
|-sidestart|p1: NOAH MK2|move: Stealth Rock
|
|-weather|DesolateLand|[upkeep]
|upkeep
|turn|19
|
|t:|1631202390
|move|p1a: Calyrex|Astral Barrage|p2a: Groudon
|-damage|p2a: Groudon|28/100
|move|p2a: Groudon|Thunder Wave|p1a: Calyrex
|-status|p1a: Calyrex|par
|
|-weather|DesolateLand|[upkeep]
|-sideend|p1: NOAH MK2|Reflect
|upkeep
|turn|20
|
|t:|1631202399
|move|p1a: Calyrex|Astral Barrage|p2a: Groudon
|-damage|p2a: Groudon|0 fnt
|faint|p2a: Groudon
|-weather|none
|-ability|p1a: Calyrex|Grim Neigh|boost
|-boost|p1a: Calyrex|spa|1
|
|upkeep
|
|t:|1631202413
|switch|p2a: Yveltal|Yveltal|100/100
|-damage|p2a: Yveltal|76/100|[from] Stealth Rock
|-ability|p2a: Yveltal|Dark Aura
|turn|21
|
|t:|1631202418
|move|p2a: Yveltal|Sucker Punch|p1a: Calyrex
|-supereffective|p1a: Calyrex
|-damage|p1a: Calyrex|0 fnt
|faint|p1a: Calyrex
|-damage|p2a: Yveltal|66/100|[from] item: Life Orb
|
|upkeep
|
|t:|1631202429
|switch|p1a: Yveltal|Yveltal|100/100
|-damage|p1a: Yveltal|76/100|[from] Stealth Rock
|-ability|p1a: Yveltal|Dark Aura
|turn|22
|
|t:|1631202434
|-start|p1a: Yveltal|Dynamax
|-heal|p1a: Yveltal|76/100|[silent]
|-start|p2a: Yveltal|Dynamax
|-heal|p2a: Yveltal|66/100|[silent]
|move|p1a: Yveltal|Max Airstream|p2a: Yveltal
|-crit|p2a: Yveltal
|-damage|p2a: Yveltal|15/100
|-boost|p1a: Yveltal|spe|1
|-damage|p1a: Yveltal|71/100|[from] item: Life Orb
|move|p2a: Yveltal|Max Airstream|p1a: Yveltal
|-damage|p1a: Yveltal|24/100
|-boost|p2a: Yveltal|spe|1
|-damage|p2a: Yveltal|10/100|[from] item: Life Orb
|
|upkeep
|turn|23
|
|t:|1631202457
|move|p1a: Yveltal|Max Airstream|p2a: Yveltal
|-damage|p2a: Yveltal|0 fnt
|-boost|p1a: Yveltal|spe|1
|faint|p2a: Yveltal
|-damage|p1a: Yveltal|19/100|[from] item: Life Orb
|
|upkeep
|
|t:|1631202468
|switch|p2a: Xerneas|Xerneas|41/100 par
|-damage|p2a: Xerneas|29/100 par|[from] Stealth Rock
|-ability|p2a: Xerneas|Fairy Aura
|turn|24
|
|t:|1631202483
|move|p1a: Yveltal|Max Flare|p2a: Xerneas
|-damage|p2a: Xerneas|0 fnt
|-weather|SunnyDay
|faint|p2a: Xerneas
|-damage|p1a: Yveltal|14/100|[from] item: Life Orb
|
|-weather|SunnyDay|[upkeep]
|-end|p1a: Yveltal|Dynamax
|-heal|p1a: Yveltal|14/100|[silent]
|upkeep
|
|t:|1631202493
|switch|p2a: Necrozma|Necrozma-Dusk-Mane|100/100
|-damage|p2a: Necrozma|94/100|[from] Stealth Rock
|turn|25
|
|t:|1631202502
|move|p1a: Yveltal|Knock Off|p2a: Necrozma
|-supereffective|p2a: Necrozma
|-damage|p2a: Necrozma|34/100
|-damage|p1a: Yveltal|4/100|[from] item: Life Orb
|move|p2a: Necrozma|Stone Edge|p1a: Yveltal
|-supereffective|p1a: Yveltal
|-damage|p1a: Yveltal|0 fnt
|faint|p1a: Yveltal
|
|-weather|SunnyDay|[upkeep]
|upkeep
|
|t:|1631202512
|switch|p1a: Zygarde|Zygarde|81/100
|-damage|p1a: Zygarde|75/100|[from] Stealth Rock
|turn|26
|
|t:|1631202517
|detailschange|p2a: Necrozma|Necrozma-Ultra
|-burst|p2a: Necrozma|Necrozma|Ultranecrozium Z
|move|p1a: Zygarde|Thousand Arrows|p2a: Necrozma
|-damage|p2a: Necrozma|0 fnt
|faint|p2a: Necrozma
|
|win|NOAH MK2
|raw|NOAH MK2's rating: 1822 &rarr; <strong>1850</strong><br />(+28 for winning)
|raw|ArceusMaliciousJR's rating: 1979 &rarr; <strong>1951</strong><br />(-28 for losing)
|l|☆NOAH MK2
