|j|☆Machna
|j|☆Pave Low
|inactive|Battle timer is ON: inactive players will automatically lose when time's up.
|t:|1659983378
|gametype|singles
|player|p1|Machna|guitarist-gen4|
|player|p2|Pave Low|swimmer-gen4|
|teamsize|p1|6
|teamsize|p2|6
|gen|8
|tier|[Gen 8] National Dex AG
|rated|Tournament battle
|rule|HP Percentage Mod: HP is shown in percentages
|rule|Endless Battle Clause: Forcing endless battles is banned
|clearpoke
|poke|p1|Yveltal|
|poke|p1|Calyrex-Shadow|
|poke|p1|Necrozma-Dusk-Mane|
|poke|p1|Arceus-*|
|poke|p1|Groudon|
|poke|p1|Xerneas-*|
|poke|p2|Zygarde|
|poke|p2|Rayquaza|
|poke|p2|Kyogre|
|poke|p2|Necrozma-Dusk-Mane|
|poke|p2|Zacian-*|
|poke|p2|Arceus-*|
|teampreview
|j|*Lady Monita
|j| BB-8-NU
|j| Astounding Belief
|j| arihan
|l| Astounding Belief
|j| kAbiL「。°」Apok‱…❄
|inactive|Machna has 120 seconds left.
|
|t:|1659983411
|start
|switch|p1a: Arceus|Arceus-Dark|100/100
|switch|p2a: Kyogre|Kyogre|100/100
|detailschange|p2a: Kyogre|Kyogre-Primal
|-primal|p2a: Kyogre
|-weather|PrimordialSea|[from] ability: Primordial Sea|[of] p2a: Kyogre
|turn|1
|c| arihan|good luck to the booth of you
|
|t:|1659983417
|move|p1a: Arceus|Stealth Rock|p2a: Kyogre
|-sidestart|p2: Pave Low|move: Stealth Rock
|move|p2a: Kyogre|Origin Pulse|p1a: Arceus
|-damage|p1a: Arceus|26/100
|
|-weather|PrimordialSea|[upkeep]
|upkeep
|turn|2
|
|t:|1659983423
|switch|p1a: Groudon|Groudon|100/100
|detailschange|p1a: Groudon|Groudon-Primal
|-primal|p1a: Groudon
|-weather|DesolateLand|[from] ability: Desolate Land|[of] p1a: Groudon
|move|p2a: Kyogre|Thunder|p1a: Groudon
|-immune|p1a: Groudon
|
|-weather|DesolateLand|[upkeep]
|upkeep
|turn|3
|
|t:|1659983431
|switch|p2a: Rayquaza|Rayquaza|100/100
|-damage|p2a: Rayquaza|76/100|[from] Stealth Rock
|-ability|p2a: Rayquaza|Air Lock
|move|p1a: Groudon|Precipice Blades|p2a: Rayquaza
|-immune|p2a: Rayquaza
|
|-weather|DesolateLand|[upkeep]
|upkeep
|turn|4
|j| CMCR2009
|l| CMCR2009
|
|t:|1659983442
|-weather|none
|switch|p1a: Xerneas|Xerneas|100/100
|-ability|p1a: Xerneas|Fairy Aura
|detailschange|p2a: Rayquaza|Rayquaza-Mega
|-mega|p2a: Rayquaza|Rayquaza|
|-weather|DeltaStream|[from] ability: Delta Stream|[of] p2a: Rayquaza
|move|p2a: Rayquaza|Earthquake|p1a: Xerneas
|-damage|p1a: Xerneas|51/100
|
|-weather|DeltaStream|[upkeep]
|-heal|p1a: Xerneas|57/100|[from] item: Leftovers
|upkeep
|turn|5
|j| blah1011
|
|t:|1659983457
|move|p2a: Rayquaza|Earthquake|p1a: Xerneas
|-damage|p1a: Xerneas|7/100
|move|p1a: Xerneas|Moonblast|p2a: Rayquaza
|-supereffective|p2a: Rayquaza
|-damage|p2a: Rayquaza|0 fnt
|faint|p2a: Rayquaza
|-weather|none
|
|-heal|p1a: Xerneas|13/100|[from] item: Leftovers
|upkeep
|
|t:|1659983463
|switch|p2a: Necrozma|Necrozma-Dusk-Mane|100/100
|-damage|p2a: Necrozma|94/100|[from] Stealth Rock
|turn|6
|l| arihan
|
|t:|1659983474
|switch|p1a: Arceus|Arceus-Dark|26/100
|move|p2a: Necrozma|Stealth Rock|p1a: Arceus
|-sidestart|p1: Machna|move: Stealth Rock
|
|upkeep
|turn|7
|j| InjustodaSilva
|
|t:|1659983478
|switch|p2a: Arceus|Arceus-Fairy|100/100
|-damage|p2a: Arceus|88/100|[from] Stealth Rock
|move|p1a: Arceus|Recover|p1a: Arceus
|-heal|p1a: Arceus|76/100
|
|upkeep
|turn|8
|l| InjustodaSilva
|
|t:|1659983486
|move|p1a: Arceus|Toxic|p2a: Arceus
|-status|p2a: Arceus|tox
|move|p2a: Arceus|Judgment|p1a: Arceus
|-supereffective|p1a: Arceus
|-damage|p1a: Arceus|11/100
|
|-damage|p2a: Arceus|82/100 tox|[from] psn
|upkeep
|turn|9
|j| InjustodaSilva
|
|t:|1659983501
|move|p1a: Arceus|Recover|p1a: Arceus
|-heal|p1a: Arceus|61/100
|move|p2a: Arceus|Judgment|p1a: Arceus
|-supereffective|p1a: Arceus
|-damage|p1a: Arceus|0 fnt
|faint|p1a: Arceus
|
|-damage|p2a: Arceus|70/100 tox|[from] psn
|upkeep
|
|t:|1659983507
|switch|p1a: Calyrex|Calyrex-Shadow|100/100
|-ability|p1a: Calyrex|As One
|-ability|p1a: Calyrex|Unnerve
|-damage|p1a: Calyrex|88/100|[from] Stealth Rock
|turn|10
|
|t:|1659983510
|move|p1a: Calyrex|Nasty Plot|p1a: Calyrex
|-boost|p1a: Calyrex|spa|2
|move|p2a: Arceus|Judgment|p1a: Calyrex
|-damage|p1a: Calyrex|41/100
|
|-damage|p2a: Arceus|52/100 tox|[from] psn
|upkeep
|turn|11
|
|t:|1659983515
|-start|p1a: Calyrex|Dynamax|
|-heal|p1a: Calyrex|41/100|[silent]
|move|p1a: Calyrex|Max Phantasm|p2a: Arceus
|-damage|p2a: Arceus|0 fnt
|faint|p2a: Arceus
|-ability|p1a: Calyrex|Grim Neigh|boost
|-boost|p1a: Calyrex|spa|1
|
|upkeep
|
|t:|1659983524
|switch|p2a: Kyogre|Kyogre-Primal|100/100
|-damage|p2a: Kyogre|88/100|[from] Stealth Rock
|-weather|PrimordialSea|[from] ability: Primordial Sea|[of] p2a: Kyogre
|turn|12
|c|☆Pave Low|shit
|c|☆Pave Low|i forgot about dmax lmao
|
|t:|1659983536
|move|p1a: Calyrex|Max Phantasm|p2a: Kyogre
|-damage|p2a: Kyogre|0 fnt
|faint|p2a: Kyogre
|-weather|none
|-ability|p1a: Calyrex|Grim Neigh|boost
|-boost|p1a: Calyrex|spa|1
|
|upkeep
|c|☆Pave Low|well gg lmao
|
|t:|1659983547
|switch|p2a: Zacian|Zacian-Crowned|100/100
|-damage|p2a: Zacian|94/100|[from] Stealth Rock
|-ability|p2a: Zacian|Intrepid Sword|boost
|-boost|p2a: Zacian|atk|1
|turn|13
|j| arihan
|
|t:|1659983559
|move|p1a: Calyrex|Max Phantasm|p2a: Zacian
|-damage|p2a: Zacian|0 fnt
|faint|p2a: Zacian
|-ability|p1a: Calyrex|Grim Neigh|boost
|-boost|p1a: Calyrex|spa|1
|
|upkeep
|-message|Pave Low forfeited.
|
|win|Machna
|n|☆Machna|machna
|n|☆Pave Low|pavelow
|n|*Lady Monita|ladymonita
|n| BB-8-NU|bb8nu
|n| kAbiL「。°」Apok‱…❄|kabilapok
|n| blah1011|blah1011
|n| InjustodaSilva|injustodasilva
|n| arihan|arihan
