|j|☆Diancie_hhh
|j|☆FenixFyre04
|t:|1655881245
|gametype|singles
|player|p1|Diancie_hhh|steven|1557
|player|p2|FenixFyre04|benga|1770
|teamsize|p1|6
|teamsize|p2|6
|gen|8
|tier|[Gen 8] National Dex AG
|rated|
|rule|HP Percentage Mod: HP is shown in percentages
|rule|Endless Battle Clause: Forcing endless battles is banned
|clearpoke
|poke|p1|Ninjask, F|
|poke|p1|Arceus-*|
|poke|p1|Groudon|
|poke|p1|Ho-Oh|
|poke|p1|Zacian-*|
|poke|p1|Mimikyu, M|
|poke|p2|Tyranitar, F|
|poke|p2|Zacian-*|
|poke|p2|Necrozma-Dusk-Mane|
|poke|p2|Rayquaza|
|poke|p2|Calyrex-Shadow|
|poke|p2|Arceus-*|
|teampreview
|inactive|Battle timer is ON: inactive players will automatically lose when time's up. (requested by FenixFyre04)
|
|t:|1655881273
|start
|switch|p1a: Groudon|Groudon, shiny|100/100
|switch|p2a: Rayquaza|Rayquaza|100/100
|-ability|p2a: Rayquaza|Air Lock
|detailschange|p1a: Groudon|Groudon-Primal, shiny
|-primal|p1a: Groudon
|-weather|DesolateLand|[from] ability: Desolate Land|[of] p1a: Groudon
|turn|1
|
|t:|1655881286
|detailschange|p2a: Rayquaza|Rayquaza-Mega
|-mega|p2a: Rayquaza|Rayquaza|
|-weather|DeltaStream|[from] ability: Delta Stream|[of] p2a: Rayquaza
|move|p2a: Rayquaza|Waterfall|p1a: Groudon
|-supereffective|p1a: Groudon
|-damage|p1a: Groudon|0 fnt
|faint|p1a: Groudon
|
|-weather|DeltaStream|[upkeep]
|upkeep
|
|t:|1655881297
|switch|p1a: Zacian|Zacian-Crowned|100/100
|-ability|p1a: Zacian|Intrepid Sword|boost
|-boost|p1a: Zacian|atk|1
|turn|2
|
|t:|1655881300
|-weather|none
|switch|p2a: Necrozma|Necrozma-Dusk-Mane|100/100
|move|p1a: Zacian|Play Rough|p2a: Necrozma
|-resisted|p2a: Necrozma
|-damage|p2a: Necrozma|77/100
|-damage|p1a: Zacian|84/100|[from] item: Rocky Helmet|[of] p2a: Necrozma
|
|upkeep
|turn|3
|
|t:|1655881309
|move|p1a: Zacian|Swords Dance|p1a: Zacian
|-boost|p1a: Zacian|atk|2
|move|p2a: Necrozma|Stealth Rock|p1a: Zacian
|-sidestart|p1: Diancie_hhh|move: Stealth Rock
|
|upkeep
|turn|4
|
|t:|1655881323
|move|p1a: Zacian|Close Combat|p2a: Necrozma
|-damage|p2a: Necrozma|11/100
|-unboost|p1a: Zacian|def|1
|-unboost|p1a: Zacian|spd|1
|-damage|p1a: Zacian|67/100|[from] item: Rocky Helmet|[of] p2a: Necrozma
|move|p2a: Necrozma|Sunsteel Strike|p1a: Zacian
|-damage|p1a: Zacian|0 fnt
|faint|p1a: Zacian
|
|upkeep
|
|t:|1655881335
|switch|p1a: Ho-Oh|Ho-Oh|100/100
|turn|5
|
|t:|1655881365
|switch|p2a: Tyranitar|Tyranitar, F, shiny|100/100
|-weather|Sandstorm|[from] ability: Sand Stream|[of] p2a: Tyranitar
|move|p1a: Ho-Oh|Defog|p2a: Tyranitar
|-unboost|p2a: Tyranitar|evasion|1
|-sideend|p1: Diancie_hhh|Stealth Rock|[from] move: Defog|[of] p1a: Ho-Oh
|
|-weather|Sandstorm|[upkeep]
|-damage|p1a: Ho-Oh|94/100|[from] Sandstorm
|upkeep
|turn|6
|inactive|Diancie_hhh has 120 seconds left.
|
|t:|1655881409
|switch|p1a: Arceus|Arceus, shiny|100/100
|move|p2a: Tyranitar|Rock Tomb|p1a: Arceus
|-damage|p1a: Arceus|83/100
|-unboost|p1a: Arceus|spe|1
|
|-weather|Sandstorm|[upkeep]
|-damage|p1a: Arceus|77/100|[from] Sandstorm
|upkeep
|turn|7
|inactiveoff|Battle timer is now OFF.
|c|☆FenixFyre04|plz wait 5 min
|inactive|Battle timer is ON: inactive players will automatically lose when time's up. (requested by Diancie_hhh)
|inactive|FenixFyre04 has 120 seconds left.
|inactive|FenixFyre04 has 90 seconds left.
|j| amongog
|inactive|FenixFyre04 has 60 seconds left.
|l| amongog
|inactive|FenixFyre04 has 30 seconds left.
|inactive|FenixFyre04 has 20 seconds left.
|inactive|FenixFyre04 has 15 seconds left.
|inactive|FenixFyre04 has 10 seconds left.
|inactive|FenixFyre04 has 5 seconds left.
|
|t:|1655881727
|move|p1a: Arceus|Swords Dance|p1a: Arceus
|-boost|p1a: Arceus|atk|2
|move|p2a: Tyranitar|Thunder Wave|p1a: Arceus|[miss]
|-miss|p2a: Tyranitar|p1a: Arceus
|
|-weather|Sandstorm|[upkeep]
|-damage|p1a: Arceus|71/100|[from] Sandstorm
|upkeep
|turn|8
|inactive|FenixFyre04 has 15 seconds left this turn.
|
|t:|1655881736
|-start|p1a: Arceus|Dynamax|
|-heal|p1a: Arceus|71/100|[silent]
|move|p1a: Arceus|Max Strike|p2a: Tyranitar
|-resisted|p2a: Tyranitar
|-damage|p2a: Tyranitar|24/100
|-unboost|p2a: Tyranitar|spe|1
|-damage|p1a: Arceus|66/100|[from] item: Life Orb
|move|p2a: Tyranitar|Thunder Wave|p1a: Arceus
|-status|p1a: Arceus|par
|
|-weather|Sandstorm|[upkeep]
|-damage|p1a: Arceus|63/100 par|[from] Sandstorm
|-heal|p2a: Tyranitar|30/100|[from] item: Leftovers
|upkeep
|turn|9
|inactive|FenixFyre04 has 25 seconds left this turn.
|inactive|FenixFyre04 has 20 seconds left.
|inactive|FenixFyre04 has 15 seconds left.
|inactive|FenixFyre04 has 10 seconds left.
|inactive|FenixFyre04 has 5 seconds left.
|-message|FenixFyre04 lost due to inactivity.
|
|win|Diancie_hhh
|raw|Diancie_hhh's rating: 1557 &rarr; <strong>1587</strong><br />(+30 for winning)
|raw|FenixFyre04's rating: 1746 &rarr; <strong>1716</strong><br />(-30 for losing)
