|j|☆dasort
|j|☆Shadow Trappin'
|player|p1|dasort|marlon|
|player|p2|Shadow Trappin'|rocketgrunt|
|teamsize|p1|6
|teamsize|p2|6
|gametype|singles
|gen|8
|tier|[Gen 8] National Dex AG
|rated|Tournament battle
|clearpoke
|poke|p1|Zacian-Crowned|
|poke|p1|Rayquaza|
|poke|p1|Ditto|
|poke|p1|Xerneas|
|poke|p1|Ho-Oh|
|poke|p1|Necrozma-Dusk-Mane|
|poke|p2|Rayquaza|
|poke|p2|Kyogre|
|poke|p2|Necrozma-Dusk-Mane|
|poke|p2|Ho-Oh|
|poke|p2|Tyranitar, F|
|poke|p2|Arceus-*|
|rule|HP Percentage Mod: HP is shown in percentages
|rule|Endless Battle Clause: Forcing endless battles is banned
|teampreview
|j| ShovelCat
|inactive|Battle timer is ON: inactive players will automatically lose when time's up. (requested by dasort)
|c|☆Shadow Trappin'|hf
|
|start
|switch|p1a: Rayquaza|Rayquaza|100/100
|switch|p2a: Rayquaza|Rayquaza|100/100
|-ability|p1a: Rayquaza|Air Lock
|-ability|p2a: Rayquaza|Air Lock
|turn|1
|c|☆dasort|u2
|
|switch|p2a: Ho-Oh|Ho-Oh|100/100
|detailschange|p1a: Rayquaza|Rayquaza-Mega
|-mega|p1a: Rayquaza|Rayquaza|
|-weather|DeltaStream|[from] ability: Delta Stream|[of] p1a: Rayquaza
|move|p1a: Rayquaza|Draco Meteor|p2a: Ho-Oh
|-damage|p2a: Ho-Oh|56/100
|-unboost|p1a: Rayquaza|spa|2
|
|-weather|DeltaStream|[upkeep]
|upkeep
|turn|2
|
|-weather|none
|switch|p1a: Ho-Oh|Ho-Oh|100/100
|switch|p2a: Rayquaza|Rayquaza|100/100
|-ability|p2a: Rayquaza|Air Lock
|
|upkeep
|turn|3
|
|switch|p2a: Kyogre|Kyogre|100/100
|detailschange|p2a: Kyogre|Kyogre-Primal
|-primal|p2a: Kyogre
|-weather|PrimordialSea|[from] ability: Primordial Sea|[of] p2a: Kyogre
|move|p1a: Ho-Oh|Sacred Fire||[still]
|-fail|p1a: Ho-Oh|Sacred Fire|[from] Primordial Sea
|
|-weather|PrimordialSea|[upkeep]
|upkeep
|turn|4
|
|switch|p1a: Rayquaza|Rayquaza-Mega|100/100
|-weather|DeltaStream|[from] ability: Delta Stream|[of] p1a: Rayquaza
|move|p2a: Kyogre|Water Spout|p1a: Rayquaza
|-resisted|p1a: Rayquaza
|-damage|p1a: Rayquaza|42/100
|
|-weather|DeltaStream|[upkeep]
|upkeep
|turn|5
|
|switch|p2a: Necrozma|Necrozma-Dusk-Mane|100/100
|move|p1a: Rayquaza|Dragon Ascent|p2a: Necrozma
|-resisted|p2a: Necrozma
|-damage|p2a: Necrozma|78/100
|-unboost|p1a: Rayquaza|def|1
|-unboost|p1a: Rayquaza|spd|1
|-damage|p1a: Rayquaza|26/100|[from] item: Rocky Helmet|[of] p2a: Necrozma
|
|-weather|DeltaStream|[upkeep]
|upkeep
|turn|6
|
|-weather|none
|switch|p1a: Necrozma|Necrozma-Dusk-Mane|100/100
|move|p2a: Necrozma|Knock Off|p1a: Necrozma
|-supereffective|p1a: Necrozma
|-damage|p1a: Necrozma|72/100
|-enditem|p1a: Necrozma|Leftovers|[from] move: Knock Off|[of] p2a: Necrozma
|
|upkeep
|turn|7
|
|switch|p2a: Kyogre|Kyogre-Primal|100/100
|-weather|PrimordialSea|[from] ability: Primordial Sea|[of] p2a: Kyogre
|switch|p1a: Rayquaza|Rayquaza-Mega|26/100
|-weather|DeltaStream|[from] ability: Delta Stream|[of] p1a: Rayquaza
|
|-weather|DeltaStream|[upkeep]
|upkeep
|turn|8
|
|switch|p2a: Ho-Oh|Ho-Oh|89/100
|move|p1a: Rayquaza|V-create|p2a: Ho-Oh|[miss]
|-miss|p1a: Rayquaza|p2a: Ho-Oh
|
|-weather|DeltaStream|[upkeep]
|upkeep
|turn|9
|
|-weather|none
|switch|p1a: Ho-Oh|Ho-Oh|100/100
|move|p2a: Ho-Oh|Sacred Fire|p1a: Ho-Oh
|-resisted|p1a: Ho-Oh
|-damage|p1a: Ho-Oh|87/100
|
|upkeep
|turn|10
|
|move|p2a: Ho-Oh|Sacred Fire|p1a: Ho-Oh
|-resisted|p1a: Ho-Oh
|-damage|p1a: Ho-Oh|73/100
|move|p1a: Ho-Oh|Toxic|p2a: Ho-Oh
|-status|p2a: Ho-Oh|tox
|
|-damage|p2a: Ho-Oh|83/100 tox|[from] psn
|upkeep
|turn|11
|
|move|p2a: Ho-Oh|Sacred Fire|p1a: Ho-Oh
|-resisted|p1a: Ho-Oh
|-damage|p1a: Ho-Oh|59/100
|move|p1a: Ho-Oh|Toxic|p2a: Ho-Oh
|-fail|p2a: Ho-Oh|tox
|
|-damage|p2a: Ho-Oh|71/100 tox|[from] psn
|upkeep
|turn|12
|
|switch|p2a: Kyogre|Kyogre-Primal|100/100
|-weather|PrimordialSea|[from] ability: Primordial Sea|[of] p2a: Kyogre
|move|p1a: Ho-Oh|Recover|p1a: Ho-Oh
|-heal|p1a: Ho-Oh|100/100
|
|-weather|PrimordialSea|[upkeep]
|upkeep
|turn|13
|
|switch|p1a: Ditto|Ditto, shiny|100/100
|-transform|p1a: Ditto|p2a: Kyogre|[from] ability: Imposter
|move|p2a: Kyogre|Water Spout|p1a: Ditto
|-resisted|p1a: Ditto
|-damage|p1a: Ditto|40/100
|
|-weather|PrimordialSea|[upkeep]
|upkeep
|turn|14
|
|switch|p2a: Tyranitar|Tyranitar, F|100/100
|-ability|p2a: Tyranitar|Sand Stream|[from] primordialsea|[fail]
|move|p1a: Ditto|Thunder|p2a: Tyranitar
|-damage|p2a: Tyranitar|71/100
|
|-weather|PrimordialSea|[upkeep]
|-heal|p2a: Tyranitar|77/100|[from] item: Leftovers
|upkeep
|turn|15
|
|-activate|p1a: Ditto|move: Pursuit
|move|p2a: Tyranitar|Pursuit|p1a: Ditto|[from]Pursuit
|-damage|p1a: Ditto|0 fnt
|-hint|A Pokemon can't switch between when it runs out of HP and when it faints
|faint|p1a: Ditto
|-weather|none
|
|-heal|p2a: Tyranitar|83/100|[from] item: Leftovers
|upkeep
|
|switch|p1a: Zacian|Zacian-Crowned|100/100
|-ability|p1a: Zacian|Intrepid Sword|boost
|-boost|p1a: Zacian|atk|1
|turn|16
|
|switch|p2a: Ho-Oh|Ho-Oh|100/100 tox
|move|p1a: Zacian|Close Combat|p2a: Ho-Oh
|-resisted|p2a: Ho-Oh
|-damage|p2a: Ho-Oh|74/100 tox
|-unboost|p1a: Zacian|def|1
|-unboost|p1a: Zacian|spd|1
|
|-damage|p2a: Ho-Oh|68/100 tox|[from] psn
|upkeep
|turn|17
|
|switch|p2a: Arceus|Arceus-Ground|100/100
|move|p1a: Zacian|Wild Charge|p2a: Arceus
|-immune|p2a: Arceus
|
|upkeep
|turn|18
|
|switch|p1a: Ho-Oh|Ho-Oh|100/100
|move|p2a: Arceus|Judgment|p1a: Ho-Oh
|-immune|p1a: Ho-Oh
|
|upkeep
|turn|19
|
|switch|p2a: Ho-Oh|Ho-Oh|100/100 tox
|move|p1a: Ho-Oh|Toxic|p2a: Ho-Oh
|-fail|p2a: Ho-Oh|tox
|
|-damage|p2a: Ho-Oh|94/100 tox|[from] psn
|upkeep
|turn|20
|
|move|p1a: Ho-Oh|Toxic|p2a: Ho-Oh
|-fail|p2a: Ho-Oh|tox
|move|p2a: Ho-Oh|Toxic|p1a: Ho-Oh
|-status|p1a: Ho-Oh|tox
|
|-damage|p1a: Ho-Oh|94/100 tox|[from] psn
|-damage|p2a: Ho-Oh|82/100 tox|[from] psn
|upkeep
|turn|21
|
|switch|p1a: Rayquaza|Rayquaza-Mega|26/100
|-weather|DeltaStream|[from] ability: Delta Stream|[of] p1a: Rayquaza
|move|p2a: Ho-Oh|Sacred Fire|p1a: Rayquaza
|-resisted|p1a: Rayquaza
|-damage|p1a: Rayquaza|5/100
|
|-weather|DeltaStream|[upkeep]
|-damage|p2a: Ho-Oh|64/100 tox|[from] psn
|upkeep
|turn|22
|
|switch|p2a: Tyranitar|Tyranitar, F|83/100
|-ability|p2a: Tyranitar|Sand Stream|[from] deltastream|[fail]
|move|p1a: Rayquaza|Dragon Ascent|p2a: Tyranitar
|-resisted|p2a: Tyranitar
|-damage|p2a: Tyranitar|50/100
|-unboost|p1a: Rayquaza|def|1
|-unboost|p1a: Rayquaza|spd|1
|
|-weather|DeltaStream|[upkeep]
|-heal|p2a: Tyranitar|56/100|[from] item: Leftovers
|upkeep
|turn|23
|
|move|p1a: Rayquaza|Dragon Ascent|p2a: Tyranitar
|-resisted|p2a: Tyranitar
|-damage|p2a: Tyranitar|25/100
|-unboost|p1a: Rayquaza|def|1
|-unboost|p1a: Rayquaza|spd|1
|move|p2a: Tyranitar|Stealth Rock|p1a: Rayquaza
|-sidestart|p1: dasort|move: Stealth Rock
|
|-weather|DeltaStream|[upkeep]
|-heal|p2a: Tyranitar|31/100|[from] item: Leftovers
|upkeep
|turn|24
|
|move|p1a: Rayquaza|Dragon Ascent|p2a: Tyranitar
|-resisted|p2a: Tyranitar
|-damage|p2a: Tyranitar|2/100
|-unboost|p1a: Rayquaza|def|1
|-unboost|p1a: Rayquaza|spd|1
|move|p2a: Tyranitar|Pursuit|p1a: Rayquaza
|-damage|p1a: Rayquaza|0 fnt
|faint|p1a: Rayquaza
|-weather|none
|
|-heal|p2a: Tyranitar|8/100|[from] item: Leftovers
|upkeep
|
|switch|p1a: Xerneas|Xerneas|100/100
|-damage|p1a: Xerneas|88/100|[from] Stealth Rock
|-ability|p1a: Xerneas|Fairy Aura
|turn|25
|inactive|Shadow Trappin' has 120 seconds left.
|
|move|p1a: Xerneas|Geomancy||[still]
|-prepare|p1a: Xerneas|Geomancy|p1a: Xerneas
|-enditem|p1a: Xerneas|Power Herb
|-anim|p1a: Xerneas|Geomancy|p1a: Xerneas
|-boost|p1a: Xerneas|spa|2
|-boost|p1a: Xerneas|spd|2
|-boost|p1a: Xerneas|spe|2
|move|p2a: Tyranitar|Rock Tomb|p1a: Xerneas
|-damage|p1a: Xerneas|66/100
|-unboost|p1a: Xerneas|spe|1
|
|-heal|p2a: Tyranitar|14/100|[from] item: Leftovers
|upkeep
|turn|26
|
|move|p1a: Xerneas|Moonblast|p2a: Tyranitar
|-supereffective|p2a: Tyranitar
|-damage|p2a: Tyranitar|0 fnt
|faint|p2a: Tyranitar
|
|upkeep
|inactive|Shadow Trappin' has 120 seconds left.
|
|switch|p2a: Ho-Oh|Ho-Oh|98/100 tox
|turn|27
|
|-start|p1a: Xerneas|Dynamax
|-heal|p1a: Xerneas|66/100|[silent]
|move|p1a: Xerneas|Max Lightning|p2a: Ho-Oh
|-supereffective|p2a: Ho-Oh
|-damage|p2a: Ho-Oh|0 fnt
|-fieldstart|move: Electric Terrain
|faint|p2a: Ho-Oh
|
|upkeep
|
|switch|p2a: Necrozma|Necrozma-Dusk-Mane|78/100
|turn|28
|
|switch|p2a: Kyogre|Kyogre-Primal|100/100
|-weather|PrimordialSea|[from] ability: Primordial Sea|[of] p2a: Kyogre
|move|p1a: Xerneas|Max Flare||[from]Hidden Power|[still]
|-fail|p1a: Xerneas|Max Flare|[from] Primordial Sea
|
|-weather|PrimordialSea|[upkeep]
|upkeep
|turn|29
|inactive|Shadow Trappin' has 120 seconds left.
|
|-weather|none
|switch|p2a: Arceus|Arceus-Ground|100/100
|move|p1a: Xerneas|Max Lightning|p2a: Arceus
|-immune|p2a: Arceus
|
|-end|p1a: Xerneas|Dynamax
|-heal|p1a: Xerneas|66/100|[silent]
|upkeep
|turn|30
|inactive|Shadow Trappin' has 120 seconds left.
|inactive|Shadow Trappin' has 90 seconds left.
|
|switch|p2a: Kyogre|Kyogre-Primal|100/100
|-weather|PrimordialSea|[from] ability: Primordial Sea|[of] p2a: Kyogre
|move|p1a: Xerneas|Moonblast|p2a: Kyogre
|-damage|p2a: Kyogre|3/100
|
|-weather|PrimordialSea|[upkeep]
|upkeep
|turn|31
|
|move|p1a: Xerneas|Moonblast|p2a: Kyogre
|-damage|p2a: Kyogre|0 fnt
|faint|p2a: Kyogre
|-weather|none
|
|-fieldend|move: Electric Terrain
|upkeep
|
|switch|p2a: Necrozma|Necrozma-Dusk-Mane|78/100
|turn|32
|
|-start|p2a: Necrozma|Dynamax
|-heal|p2a: Necrozma|78/100|[silent]
|move|p1a: Xerneas|Hidden Power|p2a: Necrozma
|-supereffective|p2a: Necrozma
|-damage|p2a: Necrozma|52/100
|move|p2a: Necrozma|Max Steelspike|p1a: Xerneas
|-supereffective|p1a: Xerneas
|-damage|p1a: Xerneas|0 fnt
|-boost|p2a: Necrozma|def|1
|faint|p1a: Xerneas
|
|upkeep
|
|switch|p1a: Ho-Oh|Ho-Oh|100/100 tox
|turn|33
|
|move|p2a: Necrozma|Max Guard|p2a: Necrozma
|-singleturn|p2a: Necrozma|Max Guard
|move|p1a: Ho-Oh|Sacred Fire|p2a: Necrozma
|-activate|p2a: Necrozma|move: Max Guard
|
|-damage|p1a: Ho-Oh|94/100 tox|[from] psn
|upkeep
|turn|34
|
|move|p1a: Ho-Oh|Sacred Fire|p2a: Necrozma
|-supereffective|p2a: Necrozma
|-damage|p2a: Necrozma|42/100
|-status|p2a: Necrozma|brn
|move|p2a: Necrozma|Max Steelspike|p1a: Ho-Oh
|-resisted|p1a: Ho-Oh
|-damage|p1a: Ho-Oh|83/100 tox
|-boost|p2a: Necrozma|def|1
|
|-damage|p1a: Ho-Oh|71/100 tox|[from] psn
|-damage|p2a: Necrozma|39/100 brn|[from] brn
|-end|p2a: Necrozma|Dynamax
|-heal|p2a: Necrozma|39/100 brn|[silent]
|upkeep
|turn|35
|
|switch|p1a: Necrozma|Necrozma-Dusk-Mane|72/100
|-damage|p1a: Necrozma|66/100|[from] Stealth Rock
|move|p2a: Necrozma|Morning Sun|p2a: Necrozma
|-heal|p2a: Necrozma|88/100 brn
|
|-damage|p2a: Necrozma|82/100 brn|[from] brn
|upkeep
|turn|36
|
|move|p1a: Necrozma|Stealth Rock|p2a: Necrozma
|-sidestart|p2: Shadow Trappin'|move: Stealth Rock
|move|p2a: Necrozma|Knock Off|p1a: Necrozma
|-supereffective|p1a: Necrozma
|-damage|p1a: Necrozma|57/100
|
|-damage|p2a: Necrozma|76/100 brn|[from] brn
|upkeep
|turn|37
|j| DarthBrine
|
|move|p1a: Necrozma|Morning Sun|p1a: Necrozma
|-heal|p1a: Necrozma|100/100
|move|p2a: Necrozma|Sunsteel Strike|p1a: Necrozma
|-resisted|p1a: Necrozma
|-damage|p1a: Necrozma|92/100
|
|-damage|p2a: Necrozma|70/100 brn|[from] brn
|upkeep
|turn|38
|
|move|p1a: Necrozma|Knock Off|p2a: Necrozma
|-supereffective|p2a: Necrozma
|-damage|p2a: Necrozma|57/100 brn
|-damage|p1a: Necrozma|76/100|[from] item: Rocky Helmet|[of] p2a: Necrozma
|-enditem|p2a: Necrozma|Rocky Helmet|[from] move: Knock Off|[of] p1a: Necrozma
|move|p2a: Necrozma|Morning Sun|p2a: Necrozma
|-heal|p2a: Necrozma|100/100 brn
|
|-damage|p2a: Necrozma|94/100 brn|[from] brn
|upkeep
|turn|39
|
|switch|p1a: Ho-Oh|Ho-Oh|100/100 tox
|move|p2a: Necrozma|Knock Off|p1a: Ho-Oh
|-damage|p1a: Ho-Oh|89/100 tox
|-enditem|p1a: Ho-Oh|Heavy-Duty Boots|[from] move: Knock Off|[of] p2a: Necrozma
|
|-damage|p1a: Ho-Oh|82/100 tox|[from] psn
|-damage|p2a: Necrozma|88/100 brn|[from] brn
|upkeep
|turn|40
|
|switch|p2a: Arceus|Arceus-Ground|100/100
|-damage|p2a: Arceus|94/100|[from] Stealth Rock
|move|p1a: Ho-Oh|Defog|p2a: Arceus
|-unboost|p2a: Arceus|evasion|1
|-sideend|p2: Shadow Trappin'|Stealth Rock|[from] move: Defog|[of] p1a: Ho-Oh
|-sideend|p1: dasort|Stealth Rock|[from] move: Defog|[of] p1a: Ho-Oh
|
|-damage|p1a: Ho-Oh|70/100 tox|[from] psn
|upkeep
|turn|41
|
|switch|p2a: Rayquaza|Rayquaza|100/100
|-ability|p2a: Rayquaza|Air Lock
|move|p1a: Ho-Oh|Toxic|p2a: Rayquaza
|-status|p2a: Rayquaza|tox
|
|-damage|p2a: Rayquaza|95/100 tox|[from] psn
|-damage|p1a: Ho-Oh|51/100 tox|[from] psn
|upkeep
|turn|42
|
|switch|p1a: Necrozma|Necrozma-Dusk-Mane|76/100
|detailschange|p2a: Rayquaza|Rayquaza-Mega
|-mega|p2a: Rayquaza|Rayquaza|
|-weather|DeltaStream|[from] ability: Delta Stream|[of] p2a: Rayquaza
|move|p2a: Rayquaza|Dragon Ascent|p1a: Necrozma
|-resisted|p1a: Necrozma
|-damage|p1a: Necrozma|35/100
|-unboost|p2a: Rayquaza|def|1
|-unboost|p2a: Rayquaza|spd|1
|
|-weather|DeltaStream|[upkeep]
|-damage|p2a: Rayquaza|83/100 tox|[from] psn
|upkeep
|turn|43
|
|switch|p1a: Zacian|Zacian-Crowned|100/100
|-ability|p1a: Zacian|Intrepid Sword|boost
|-boost|p1a: Zacian|atk|1
|move|p2a: Rayquaza|Dragon Ascent|p1a: Zacian
|-resisted|p1a: Zacian
|-damage|p1a: Zacian|41/100
|-unboost|p2a: Rayquaza|def|1
|-unboost|p2a: Rayquaza|spd|1
|
|-weather|DeltaStream|[upkeep]
|-damage|p2a: Rayquaza|65/100 tox|[from] psn
|upkeep
|turn|44
|
|-weather|none
|switch|p2a: Necrozma|Necrozma-Dusk-Mane|88/100 brn
|move|p1a: Zacian|Close Combat|p2a: Necrozma
|-damage|p2a: Necrozma|51/100 brn
|-unboost|p1a: Zacian|def|1
|-unboost|p1a: Zacian|spd|1
|
|-damage|p2a: Necrozma|45/100 brn|[from] brn
|upkeep
|turn|45
|
|switch|p1a: Necrozma|Necrozma-Dusk-Mane|35/100
|move|p2a: Necrozma|Morning Sun|p2a: Necrozma
|-heal|p2a: Necrozma|95/100 brn
|
|-damage|p2a: Necrozma|89/100 brn|[from] brn
|upkeep
|turn|46
|
|switch|p2a: Rayquaza|Rayquaza-Mega|65/100 tox
|-weather|DeltaStream|[from] ability: Delta Stream|[of] p2a: Rayquaza
|move|p1a: Necrozma|Morning Sun|p1a: Necrozma
|-heal|p1a: Necrozma|85/100
|
|-weather|DeltaStream|[upkeep]
|-damage|p2a: Rayquaza|59/100 tox|[from] psn
|upkeep
|turn|47
|j| Soldago
|
|switch|p1a: Ho-Oh|Ho-Oh|84/100 tox
|move|p2a: Rayquaza|V-create|p1a: Ho-Oh
|-resisted|p1a: Ho-Oh
|-damage|p1a: Ho-Oh|41/100 tox
|-unboost|p2a: Rayquaza|spe|1
|-unboost|p2a: Rayquaza|def|1
|-unboost|p2a: Rayquaza|spd|1
|
|-weather|DeltaStream|[upkeep]
|-damage|p2a: Rayquaza|47/100 tox|[from] psn
|-damage|p1a: Ho-Oh|35/100 tox|[from] psn
|upkeep
|turn|48
|l| Soldago
|l| DarthBrine
|
|move|p2a: Rayquaza|V-create|p1a: Ho-Oh
|-resisted|p1a: Ho-Oh
|-damage|p1a: Ho-Oh|0 fnt
|-unboost|p2a: Rayquaza|spe|1
|-unboost|p2a: Rayquaza|def|1
|-unboost|p2a: Rayquaza|spd|1
|faint|p1a: Ho-Oh
|
|-weather|DeltaStream|[upkeep]
|-damage|p2a: Rayquaza|29/100 tox|[from] psn
|upkeep
|
|switch|p1a: Zacian|Zacian-Crowned|41/100
|-ability|p1a: Zacian|Intrepid Sword|boost
|-boost|p1a: Zacian|atk|1
|turn|49
|
|-weather|none
|switch|p2a: Necrozma|Necrozma-Dusk-Mane|89/100 brn
|move|p1a: Zacian|Close Combat|p2a: Necrozma
|-damage|p2a: Necrozma|48/100 brn
|-unboost|p1a: Zacian|def|1
|-unboost|p1a: Zacian|spd|1
|
|-damage|p2a: Necrozma|42/100 brn|[from] brn
|upkeep
|turn|50
|
|switch|p1a: Necrozma|Necrozma-Dusk-Mane|85/100
|move|p2a: Necrozma|Sunsteel Strike|p1a: Necrozma
|-resisted|p1a: Necrozma
|-damage|p1a: Necrozma|77/100
|
|-damage|p2a: Necrozma|36/100 brn|[from] brn
|upkeep
|turn|51
|
|switch|p2a: Rayquaza|Rayquaza-Mega|29/100 tox
|-weather|DeltaStream|[from] ability: Delta Stream|[of] p2a: Rayquaza
|move|p1a: Necrozma|Sunsteel Strike|p2a: Rayquaza
|-crit|p2a: Rayquaza
|-damage|p2a: Rayquaza|0 fnt
|faint|p2a: Rayquaza
|-weather|none
|
|upkeep
|c|☆Shadow Trappin'|missclick
|c|☆Shadow Trappin'|[Invalid choice] There's nothing to cancel
|c|☆dasort|F
|
|switch|p2a: Arceus|Arceus-Ground|94/100
|turn|52
|
|move|p2a: Arceus|Judgment|p1a: Necrozma
|-supereffective|p1a: Necrozma
|-damage|p1a: Necrozma|27/100
|move|p1a: Necrozma|Sunsteel Strike|p2a: Arceus
|-damage|p2a: Arceus|67/100
|
|upkeep
|turn|53
|c|☆Shadow Trappin'|ggd myself
|j| DarthBrine
|c| ShovelCat|Join the sucky internet gang
|
|move|p2a: Arceus|Judgment|p1a: Necrozma
|-supereffective|p1a: Necrozma
|-damage|p1a: Necrozma|0 fnt
|faint|p1a: Necrozma
|
|upkeep
|
|switch|p1a: Zacian|Zacian-Crowned|41/100
|-ability|p1a: Zacian|Intrepid Sword|boost
|-boost|p1a: Zacian|atk|1
|turn|54
|
|move|p1a: Zacian|Behemoth Blade|p2a: Arceus
|-damage|p2a: Arceus|19/100
|move|p2a: Arceus|Judgment|p1a: Zacian
|-supereffective|p1a: Zacian
|-damage|p1a: Zacian|0 fnt
|faint|p1a: Zacian
|
|win|Shadow Trappin'
|l| DarthBrine
|c|☆dasort|gg
|c|☆Shadow Trappin'|gg
|c|☆Shadow Trappin'|except the missclick
|l| ShovelCat
|c|☆Shadow Trappin'|a really great game
|c|☆Shadow Trappin'|imo
|c|☆Shadow Trappin'|thanks
