|j|☆mardydu
|j|☆Pkmaster448
|t:|1656388462
|gametype|singles
|player|p1|mardydu|veteran-gen4|1629
|player|p2|Pkmaster448|lance|1523
|teamsize|p1|6
|teamsize|p2|6
|gen|8
|tier|[Gen 8] National Dex AG
|rated|
|rule|HP Percentage Mod: HP is shown in percentages
|rule|Endless Battle Clause: Forcing endless battles is banned
|clearpoke
|poke|p1|Kyurem-White|
|poke|p1|Calyrex-Shadow|
|poke|p1|Eternatus|
|poke|p1|Regieleki|
|poke|p1|Smeargle, F|
|poke|p1|Skarmory, M|
|poke|p2|Kartana|
|poke|p2|Greninja, M|
|poke|p2|Landorus-Therian, M|
|poke|p2|Corsola-Galar, M|
|poke|p2|Diancie|
|poke|p2|Blissey, F|
|teampreview
|inactive|Battle timer is ON: inactive players will automatically lose when time's up. (requested by mardydu)
|
|t:|1656388486
|start
|switch|p1a: Birb|Skarmory, M|100/100
|switch|p2a: Diancie|Diancie|100/100
|turn|1
|
|t:|1656388492
|switch|p1a: JumpingMan|Regieleki|100/100
|detailschange|p2a: Diancie|Diancie-Mega
|-mega|p2a: Diancie|Diancie|Diancite
|move|p2a: Diancie|Power Gem|p1a: JumpingMan
|-enditem|p1a: JumpingMan|Focus Sash
|-damage|p1a: JumpingMan|1/100
|
|upkeep
|turn|2
|
|t:|1656388499
|switch|p2a: Landorus|Landorus-Therian, M|100/100
|-ability|p2a: Landorus|Intimidate|boost
|-unboost|p1a: JumpingMan|atk|1
|move|p1a: JumpingMan|Volt Switch|p2a: Landorus
|-immune|p2a: Landorus
|
|upkeep
|turn|3
|
|t:|1656388514
|switch|p2a: Corsola|Corsola-Galar, M|100/100
|move|p1a: JumpingMan|Extreme Speed|p2a: Corsola
|-immune|p2a: Corsola
|
|upkeep
|turn|4
|
|t:|1656388520
|switch|p2a: Landorus|Landorus-Therian, M|100/100
|-ability|p2a: Landorus|Intimidate|boost
|-unboost|p1a: JumpingMan|atk|1
|move|p1a: JumpingMan|Volt Switch|p2a: Landorus
|-immune|p2a: Landorus
|
|upkeep
|turn|5
|
|t:|1656388527
|switch|p2a: Corsola|Corsola-Galar, M|100/100
|move|p1a: JumpingMan|Extreme Speed|p2a: Corsola
|-immune|p2a: Corsola
|
|upkeep
|turn|6
|
|t:|1656388533
|move|p1a: JumpingMan|Extreme Speed|p2a: Corsola
|-immune|p2a: Corsola
|move|p2a: Corsola|Stealth Rock|p1a: JumpingMan
|-sidestart|p1: mardydu|move: Stealth Rock
|
|upkeep
|turn|7
|
|t:|1656388539
|move|p1a: JumpingMan|Rapid Spin|p2a: Corsola
|-immune|p2a: Corsola
|move|p2a: Corsola|Night Shade|p1a: JumpingMan
|-damage|p1a: JumpingMan|0 fnt
|faint|p1a: JumpingMan
|
|upkeep
|
|t:|1656388548
|switch|p1a: Smeargle|Smeargle, F|100/100
|-damage|p1a: Smeargle|88/100|[from] Stealth Rock
|turn|8
|
|t:|1656388552
|switch|p2a: Diancie|Diancie-Mega|100/100
|move|p1a: Smeargle|Spore|p2a: Diancie
|move|p2a: Diancie|Spore|p1a: Smeargle|[from]ability: Magic Bounce
|-status|p1a: Smeargle|slp|[from] move: Spore
|
|-ability|p1a: Smeargle|Moody|boost
|-boost|p1a: Smeargle|atk|2
|-unboost|p1a: Smeargle|spd|1
|upkeep
|turn|9
|
|t:|1656388562
|move|p2a: Diancie|Earth Power|p1a: Smeargle
|-damage|p1a: Smeargle|0 fnt
|faint|p1a: Smeargle
|
|upkeep
|
|t:|1656388567
|switch|p1a: Eternatus|Eternatus|100/100
|-damage|p1a: Eternatus|88/100|[from] Stealth Rock
|-ability|p1a: Eternatus|Pressure
|turn|10
|
|t:|1656388572
|move|p1a: Eternatus|Cosmic Power|p1a: Eternatus
|-boost|p1a: Eternatus|def|1
|-boost|p1a: Eternatus|spd|1
|move|p2a: Diancie|Earth Power|p1a: Eternatus
|-supereffective|p1a: Eternatus
|-damage|p1a: Eternatus|54/100
|
|-heal|p1a: Eternatus|60/100|[from] item: Black Sludge
|upkeep
|turn|11
|
|t:|1656388585
|switch|p2a: Landorus|Landorus-Therian, M|100/100
|-ability|p2a: Landorus|Intimidate|boost
|-unboost|p1a: Eternatus|atk|1
|move|p1a: Eternatus|Recover|p1a: Eternatus
|-heal|p1a: Eternatus|100/100
|
|upkeep
|turn|12
|
|t:|1656388591
|move|p1a: Eternatus|Toxic|p2a: Landorus
|-status|p2a: Landorus|tox
|move|p2a: Landorus|Knock Off|p1a: Eternatus
|-damage|p1a: Eternatus|77/100
|-enditem|p1a: Eternatus|Black Sludge|[from] move: Knock Off|[of] p2a: Landorus
|-damage|p2a: Landorus|91/100 tox|[from] item: Life Orb
|
|-damage|p2a: Landorus|85/100 tox|[from] psn
|upkeep
|turn|13
|
|t:|1656388600
|switch|p2a: Greninja|Greninja, M|100/100
|move|p1a: Eternatus|Cosmic Power|p1a: Eternatus
|-boost|p1a: Eternatus|def|1
|-boost|p1a: Eternatus|spd|1
|
|upkeep
|turn|14
|
|t:|1656388605
|move|p1a: Eternatus|Toxic|p2a: Greninja
|-status|p2a: Greninja|tox
|move|p2a: Greninja|Taunt|p1a: Eternatus
|-start|p1a: Eternatus|move: Taunt
|
|-damage|p2a: Greninja|95/100 tox|[from] psn
|upkeep
|turn|15
|
|t:|1656388612
|switch|p1a: Birb|Skarmory, M|100/100
|-damage|p1a: Birb|88/100|[from] Stealth Rock
|switch|p2a: Diancie|Diancie-Mega|100/100
|
|upkeep
|turn|16
|
|t:|1656388619
|move|p2a: Diancie|Power Gem|p1a: Birb
|-damage|p1a: Birb|18/100
|move|p1a: Birb|Whirlwind|p2a: Diancie
|move|p2a: Diancie|Whirlwind|p1a: Birb|[from]ability: Magic Bounce
|drag|p1a: Kurem|Kyurem-White, shiny|100/100
|-damage|p1a: Kurem|76/100|[from] Stealth Rock
|-ability|p1a: Kurem|Turboblaze
|
|upkeep
|turn|17
|
|t:|1656388631
|move|p1a: Kurem|Earth Power|p2a: Diancie
|-supereffective|p2a: Diancie
|-damage|p2a: Diancie|0 fnt
|faint|p2a: Diancie
|
|upkeep
|
|t:|1656388636
|switch|p2a: Landorus|Landorus-Therian, M|85/100 tox
|-ability|p2a: Landorus|Intimidate|boost
|-unboost|p1a: Kurem|atk|1
|turn|18
|
|t:|1656388640
|switch|p1a: Eternatus|Eternatus|77/100
|-damage|p1a: Eternatus|65/100|[from] Stealth Rock
|-ability|p1a: Eternatus|Pressure
|move|p2a: Landorus|Knock Off|p1a: Eternatus
|-damage|p1a: Eternatus|42/100
|-damage|p2a: Landorus|75/100 tox|[from] item: Life Orb
|
|-damage|p2a: Landorus|69/100 tox|[from] psn
|upkeep
|turn|19
|
|t:|1656388649
|move|p1a: Eternatus|Recover|p1a: Eternatus
|-heal|p1a: Eternatus|92/100
|move|p2a: Landorus|Earthquake|p1a: Eternatus
|-supereffective|p1a: Eternatus
|-damage|p1a: Eternatus|0 fnt
|faint|p1a: Eternatus
|-damage|p2a: Landorus|59/100 tox|[from] item: Life Orb
|
|-damage|p2a: Landorus|48/100 tox|[from] psn
|upkeep
|
|t:|1656388653
|switch|p1a: Birb|Skarmory, M|18/100
|-damage|p1a: Birb|6/100|[from] Stealth Rock
|turn|20
|
|t:|1656388660
|move|p2a: Landorus|Knock Off|p1a: Birb
|-damage|p1a: Birb|0 fnt
|-damage|p2a: Landorus|31/100 tox|[from] item: Rocky Helmet|[of] p1a: Birb
|-enditem|p1a: Birb|Rocky Helmet|[from] move: Knock Off|[of] p2a: Landorus
|faint|p1a: Birb
|-damage|p2a: Landorus|21/100 tox|[from] item: Life Orb
|
|-damage|p2a: Landorus|3/100 tox|[from] psn
|upkeep
|
|t:|1656388671
|switch|p1a: Horse in cali|Calyrex-Shadow|100/100
|-ability|p1a: Horse in cali|As One
|-ability|p1a: Horse in cali|Unnerve
|-damage|p1a: Horse in cali|88/100|[from] Stealth Rock
|turn|21
|
|t:|1656388676
|-start|p1a: Horse in cali|Dynamax|
|-heal|p1a: Horse in cali|88/100|[silent]
|move|p1a: Horse in cali|Max Mindstorm|p2a: Landorus
|-damage|p2a: Landorus|0 fnt
|-fieldstart|move: Psychic Terrain
|faint|p2a: Landorus
|-ability|p1a: Horse in cali|Grim Neigh|boost
|-boost|p1a: Horse in cali|spa|1
|
|upkeep
|
|t:|1656388684
|switch|p2a: Blissey|Blissey, F|100/100
|turn|22
|
|t:|1656388690
|move|p1a: Horse in cali|Max Mindstorm|p2a: Blissey
|-damage|p2a: Blissey|55/100
|move|p2a: Blissey|Toxic|p1a: Horse in cali
|-status|p1a: Horse in cali|tox
|
|-damage|p1a: Horse in cali|85/100 tox|[from] psn
|upkeep
|turn|23
|
|t:|1656388696
|move|p1a: Horse in cali|Max Mindstorm|p2a: Blissey
|-crit|p2a: Blissey
|-damage|p2a: Blissey|0 fnt
|faint|p2a: Blissey
|-ability|p1a: Horse in cali|Grim Neigh|boost
|-boost|p1a: Horse in cali|spa|1
|
|-damage|p1a: Horse in cali|79/100 tox|[from] psn
|upkeep
|
|t:|1656388706
|switch|p2a: Greninja|Greninja, M|95/100 tox
|-end|p1a: Horse in cali|Dynamax
|-heal|p1a: Horse in cali|79/100 tox|[silent]
|turn|24
|
|t:|1656388710
|move|p1a: Horse in cali|Draining Kiss|p2a: Greninja
|-supereffective|p2a: Greninja
|-damage|p2a: Greninja|0 fnt
|-heal|p1a: Horse in cali|100/100 tox|[from] drain|[of] p2a: Greninja
|faint|p2a: Greninja
|-ability|p1a: Horse in cali|Grim Neigh|boost
|-boost|p1a: Horse in cali|spa|1
|
|-damage|p1a: Horse in cali|82/100 tox|[from] psn
|upkeep
|
|t:|1656388720
|switch|p2a: Kartana|Kartana|100/100
|turn|25
|
|t:|1656388729
|-start|p2a: Kartana|Dynamax|
|-heal|p2a: Kartana|100/100|[silent]
|move|p1a: Horse in cali|Astral Barrage|p2a: Kartana
|-enditem|p2a: Kartana|Focus Sash
|-damage|p2a: Kartana|1/100
|move|p2a: Kartana|Max Airstream|p1a: Horse in cali
|-damage|p1a: Horse in cali|21/100 tox
|-boost|p2a: Kartana|spe|1
|
|-damage|p1a: Horse in cali|0 fnt|[from] psn
|faint|p1a: Horse in cali
|-fieldend|move: Psychic Terrain
|upkeep
|
|t:|1656388735
|switch|p1a: Kurem|Kyurem-White, shiny|76/100
|-damage|p1a: Kurem|51/100|[from] Stealth Rock
|-ability|p1a: Kurem|Turboblaze
|turn|26
|
|t:|1656388747
|move|p1a: Kurem|Shadow Ball|p2a: Kartana
|-damage|p2a: Kartana|0 fnt
|faint|p2a: Kartana
|
|upkeep
|
|t:|1656388751
|switch|p2a: Corsola|Corsola-Galar, M|100/100
|turn|27
|
|t:|1656388753
|move|p1a: Kurem|Shadow Ball|p2a: Corsola
|-supereffective|p2a: Corsola
|-damage|p2a: Corsola|50/100
|-start|p1a: Kurem|Disable|Shadow Ball|[from] ability: Cursed Body|[of] p2a: Corsola
|move|p2a: Corsola|Night Shade|p1a: Kurem
|-damage|p1a: Kurem|25/100
|
|upkeep
|turn|28
|
|t:|1656388761
|-activate|p1a: Kurem|move: Struggle
|move|p1a: Kurem|Struggle|p2a: Corsola
|-damage|p2a: Corsola|45/100
|-damage|p1a: Kurem|0 fnt|[from] recoil
|faint|p1a: Kurem
|
|win|Pkmaster448
|raw|mardydu's rating: 1629 &rarr; <strong>1603</strong><br />(-26 for losing)
|raw|Pkmaster448's rating: 1523 &rarr; <strong>1549</strong><br />(+26 for winning)
