|j|‽The Beast60
|j|☆xLeonisx
|t:|1652911397
|gametype|singles
|player|p1|The Beast60|170|1546
|player|p2|xLeonisx|266|1603
|teamsize|p1|6
|teamsize|p2|6
|gen|8
|tier|[Gen 8] National Dex AG
|rated|
|rule|HP Percentage Mod: HP is shown in percentages
|rule|Endless Battle Clause: Forcing endless battles is banned
|clearpoke
|poke|p1|Dragonite, F|
|poke|p1|Liepard, M|
|poke|p1|Gengar, F|
|poke|p1|Breloom, F|
|poke|p1|Ditto|
|poke|p1|Banette, F|
|poke|p2|Deoxys-Speed|
|poke|p2|Ditto|
|poke|p2|Kyogre|
|poke|p2|Calyrex-Shadow|
|poke|p2|Lugia|
|poke|p2|Zacian-*|
|teampreview
|inactive|Battle timer is ON: inactive players will automatically lose when time's up. (requested by xLeonisx)
|
|t:|1652911416
|start
|switch|p1a: Liepard|Liepard, M|100/100
|switch|p2a: Ditto|Ditto|100/100
|-transform|p2a: Ditto|p1a: Liepard|[from] ability: Imposter
|turn|1
|
|t:|1652911425
|switch|p1a: Breloom|Breloom, F|100/100
|move|p2a: Ditto|Dark Pulse|p1a: Breloom
|-resisted|p1a: Breloom
|-damage|p1a: Breloom|75/100
|
|upkeep
|turn|2
|
|t:|1652911435
|switch|p2a: Lugia|Lugia|100/100
|move|p1a: Breloom|Spore|p2a: Lugia
|-status|p2a: Lugia|slp|[from] move: Spore
|
|upkeep
|turn|3
|
|t:|1652911440
|switch|p1a: Liepard|Liepard, M|100/100
|cant|p2a: Lugia|slp
|
|upkeep
|turn|4
|
|t:|1652911446
|move|p1a: Liepard|Substitute|p1a: Liepard
|-start|p1a: Liepard|Substitute
|-damage|p1a: Liepard|76/100
|cant|p2a: Lugia|slp
|
|-heal|p1a: Liepard|82/100|[from] item: Leftovers
|upkeep
|turn|5
|
|t:|1652911456
|move|p1a: Liepard|Nasty Plot|p1a: Liepard
|-boost|p1a: Liepard|spa|2
|-curestatus|p2a: Lugia|slp|[msg]
|move|p2a: Lugia|Whirlwind|p1a: Liepard
|drag|p1a: Banette|Banette, F|100/100
|
|upkeep
|turn|6
|
|t:|1652911467
|detailschange|p1a: Banette|Banette-Mega, F
|-mega|p1a: Banette|Banette|Banettite
|move|p2a: Lugia|Toxic|p1a: Banette
|-status|p1a: Banette|tox
|move|p1a: Banette|Phantom Force||[still]
|-prepare|p1a: Banette|Phantom Force
|
|-damage|p1a: Banette|94/100 tox|[from] psn
|upkeep
|turn|7
|
|t:|1652911475
|move|p2a: Lugia|Roost||[still]
|-fail|p2a: Lugia|heal
|move|p1a: Banette|Phantom Force|p2a: Lugia|[from]lockedmove
|-supereffective|p2a: Lugia
|-damage|p2a: Lugia|56/100
|
|-damage|p1a: Banette|82/100 tox|[from] psn
|upkeep
|turn|8
|
|t:|1652911481
|move|p1a: Banette|Metronome|p1a: Banette
|move|p1a: Banette|Spore|p2a: Lugia|[from]move: Metronome
|-status|p2a: Lugia|slp|[from] move: Spore
|cant|p2a: Lugia|slp
|
|-damage|p1a: Banette|64/100 tox|[from] psn
|upkeep
|turn|9
|
|t:|1652911486
|cant|p2a: Lugia|slp
|move|p1a: Banette|Phantom Force||[still]
|-prepare|p1a: Banette|Phantom Force
|
|-damage|p1a: Banette|40/100 tox|[from] psn
|upkeep
|turn|10
|
|t:|1652911489
|cant|p2a: Lugia|slp
|move|p1a: Banette|Phantom Force|p2a: Lugia|[from]lockedmove
|-supereffective|p2a: Lugia
|-damage|p2a: Lugia|0 fnt
|faint|p2a: Lugia
|
|-damage|p1a: Banette|10/100 tox|[from] psn
|upkeep
|
|t:|1652911510
|switch|p2a: Deoxys|Deoxys-Speed|100/100
|-ability|p2a: Deoxys|Pressure
|turn|11
|
|t:|1652911519
|move|p2a: Deoxys|Stealth Rock|p1a: Banette
|-sidestart|p1: The Beast60|move: Stealth Rock
|move|p1a: Banette|Thief|p2a: Deoxys
|-supereffective|p2a: Deoxys
|-damage|p2a: Deoxys|13/100
|
|-damage|p1a: Banette|0 fnt|[from] psn
|faint|p1a: Banette
|upkeep
|
|t:|1652911527
|switch|p1a: Liepard|Liepard, M|82/100
|-damage|p1a: Liepard|69/100|[from] Stealth Rock
|turn|12
|
|t:|1652911531
|move|p1a: Liepard|Substitute|p1a: Liepard
|-start|p1a: Liepard|Substitute
|-damage|p1a: Liepard|44/100
|move|p2a: Deoxys|Knock Off|p1a: Liepard
|-resisted|p1a: Liepard
|-end|p1a: Liepard|Substitute
|
|-heal|p1a: Liepard|50/100|[from] item: Leftovers
|upkeep
|turn|13
|
|t:|1652911538
|move|p1a: Liepard|Assist|p1a: Liepard
|move|p1a: Liepard|Spore|p2a: Deoxys|[from]move: Assist
|-status|p2a: Deoxys|slp|[from] move: Spore
|cant|p2a: Deoxys|slp
|
|-heal|p1a: Liepard|56/100|[from] item: Leftovers
|upkeep
|turn|14
|
|t:|1652911552
|switch|p2a: Ditto|Ditto|100/100
|-transform|p2a: Ditto|p1a: Liepard|[from] ability: Imposter
|move|p1a: Liepard|Substitute|p1a: Liepard
|-start|p1a: Liepard|Substitute
|-damage|p1a: Liepard|31/100
|
|-heal|p1a: Liepard|37/100|[from] item: Leftovers
|upkeep
|turn|15
|
|t:|1652911558
|switch|p2a: Deoxys|Deoxys-Speed|13/100 slp
|-ability|p2a: Deoxys|Pressure
|move|p1a: Liepard|Dark Pulse|p2a: Deoxys
|-supereffective|p2a: Deoxys
|-damage|p2a: Deoxys|0 fnt
|faint|p2a: Deoxys
|
|-heal|p1a: Liepard|43/100|[from] item: Leftovers
|upkeep
|
|t:|1652911565
|switch|p2a: Zacian|Zacian-Crowned|100/100
|-ability|p2a: Zacian|Intrepid Sword|boost
|-boost|p2a: Zacian|atk|1
|turn|16
|
|t:|1652911568
|move|p1a: Liepard|Assist|p1a: Liepard
|move|p1a: Liepard|Spore|p2a: Zacian|[from]move: Assist
|-status|p2a: Zacian|slp|[from] move: Spore
|cant|p2a: Zacian|slp
|
|-heal|p1a: Liepard|49/100|[from] item: Leftovers
|upkeep
|turn|17
|
|t:|1652911570
|move|p1a: Liepard|Nasty Plot|p1a: Liepard
|-boost|p1a: Liepard|spa|2
|cant|p2a: Zacian|slp
|
|-heal|p1a: Liepard|55/100|[from] item: Leftovers
|upkeep
|turn|18
|
|t:|1652911572
|-curestatus|p2a: Zacian|slp|[msg]
|move|p2a: Zacian|Behemoth Blade|p1a: Liepard
|-end|p1a: Liepard|Substitute
|move|p1a: Liepard|Dark Pulse|p2a: Zacian
|-resisted|p2a: Zacian
|-damage|p2a: Zacian|68/100
|
|-heal|p1a: Liepard|61/100|[from] item: Leftovers
|upkeep
|turn|19
|
|t:|1652911580
|move|p1a: Liepard|Assist|p1a: Liepard
|move|p1a: Liepard|Spore|p2a: Zacian|[from]move: Assist
|-status|p2a: Zacian|slp|[from] move: Spore
|cant|p2a: Zacian|slp
|
|-heal|p1a: Liepard|67/100|[from] item: Leftovers
|upkeep
|turn|20
|
|t:|1652911597
|move|p1a: Liepard|Substitute|p1a: Liepard
|-start|p1a: Liepard|Substitute
|-damage|p1a: Liepard|42/100
|cant|p2a: Zacian|slp
|
|-heal|p1a: Liepard|48/100|[from] item: Leftovers
|upkeep
|turn|21
|
|t:|1652911602
|-curestatus|p2a: Zacian|slp|[msg]
|move|p2a: Zacian|Behemoth Blade|p1a: Liepard
|-end|p1a: Liepard|Substitute
|move|p1a: Liepard|Dark Pulse|p2a: Zacian
|-resisted|p2a: Zacian
|-damage|p2a: Zacian|38/100
|
|-heal|p1a: Liepard|54/100|[from] item: Leftovers
|upkeep
|turn|22
|
|t:|1652911607
|switch|p2a: Ditto|Ditto|100/100
|-transform|p2a: Ditto|p1a: Liepard|[from] ability: Imposter
|move|p1a: Liepard|Assist|p1a: Liepard
|move|p1a: Liepard|Spore|p2a: Ditto|[from]move: Assist
|-hint|Since gen 7, Dark is immune to Prankster moves.
|-immune|p2a: Ditto
|
|-heal|p1a: Liepard|60/100|[from] item: Leftovers
|upkeep
|turn|23
|
|t:|1652911611
|switch|p1a: Breloom|Breloom, F|75/100
|-damage|p1a: Breloom|69/100|[from] Stealth Rock
|move|p2a: Ditto|Assist|p2a: Ditto
|move|p2a: Ditto|Roost||[from]move: Assist|[still]
|-fail|p2a: Ditto|heal
|
|upkeep
|turn|24
|
|t:|1652911624
|move|p2a: Ditto|Assist|p2a: Ditto
|move|p2a: Ditto|Defog|p1a: Breloom|[from]move: Assist
|-unboost|p1a: Breloom|evasion|1
|-sideend|p1: The Beast60|Stealth Rock|[from] move: Defog|[of] p2a: Ditto
|-zpower|p1a: Breloom
|move|p1a: Breloom|All-Out Pummeling|p2a: Ditto|[zeffect]
|-supereffective|p2a: Ditto
|-damage|p2a: Ditto|0 fnt
|faint|p2a: Ditto
|
|upkeep
|c|☆xLeonisx|omg
|c|☆xLeonisx|ffs'
|-message|xLeonisx forfeited.
|
|win|The Beast60
|raw|The Beast60's rating: 1546 &rarr; <strong>1569</strong><br />(+23 for winning)
|raw|xLeonisx's rating: 1603 &rarr; <strong>1580</strong><br />(-23 for losing)
|l|☆xLeonisx
|l|‽The Beast60
||Ladder isn't responding, score probably updated but might not have (Request timeout).
|j|‽The Beast60
|player|p1|The Beast60|170
