|j|☆Matsui_Miyako
|j|☆CLEAR GEM清瑜
|t:|1662821042
|gametype|singles
|player|p1|Matsui_Miyako|allister|1692
|player|p2|CLEAR GEM清瑜|skierf|1920
|teamsize|p1|6
|teamsize|p2|6
|gen|8
|tier|[Gen 8] National Dex AG
|rated|
|rule|HP Percentage Mod: HP is shown in percentages
|rule|Endless Battle Clause: Forcing endless battles is banned
|clearpoke
|poke|p1|Yveltal|
|poke|p1|Deoxys-Speed|
|poke|p1|Marshadow|
|poke|p1|Arceus-*|
|poke|p1|Calyrex-Shadow|
|poke|p1|Arceus-*|
|poke|p2|Rayquaza|
|poke|p2|Groudon|
|poke|p2|Necrozma-Dusk-Mane|
|poke|p2|Arceus-*|
|poke|p2|Zacian-*|
|poke|p2|Yveltal|
|teampreview
|inactive|Battle timer is ON: inactive players will automatically lose when time's up. (requested by CLEAR GEM清瑜)
|
|t:|1662821049
|start
|switch|p1a: Rápido|Deoxys-Speed|100/100
|switch|p2a: 不会(?)|Groudon|100/100
|-ability|p1a: Rápido|Pressure
|detailschange|p2a: 不会(?)|Groudon-Primal
|-primal|p2a: 不会(?)
|-weather|DesolateLand|[from] ability: Desolate Land|[of] p2a: 不会(?)
|turn|1
|
|t:|1662821055
|move|p1a: Rápido|Taunt|p2a: 不会(?)
|-start|p2a: 不会(?)|move: Taunt
|move|p2a: 不会(?)|Heat Crash|p1a: Rápido
|-enditem|p1a: Rápido|Focus Sash
|-damage|p1a: Rápido|1/100
|
|-weather|DesolateLand|[upkeep]
|upkeep
|turn|2
|
|t:|1662821062
|move|p1a: Rápido|Stealth Rock|p2a: 不会(?)
|-sidestart|p2: CLEAR GEM清瑜|move: Stealth Rock
|move|p2a: 不会(?)|Heat Crash|p1a: Rápido
|-damage|p1a: Rápido|0 fnt
|faint|p1a: Rápido
|
|-weather|DesolateLand|[upkeep]
|upkeep
|
|t:|1662821068
|switch|p1a: Titã|Arceus-Ground|100/100
|turn|3
|
|t:|1662821075
|-weather|none
|switch|p2a: 老烈|Rayquaza|100/100
|-damage|p2a: 老烈|76/100|[from] Stealth Rock
|-ability|p2a: 老烈|Air Lock
|-zpower|p1a: Titã
|move|p1a: Titã|Tectonic Rage|p2a: 老烈|[zeffect]
|-immune|p2a: 老烈
|
|upkeep
|turn|4
|
|t:|1662821078
|detailschange|p2a: 老烈|Rayquaza-Mega
|-mega|p2a: 老烈|Rayquaza|
|-weather|DeltaStream|[from] ability: Delta Stream|[of] p2a: 老烈
|move|p1a: Titã|Ice Beam|p2a: 老烈
|-activate||deltastream
|-supereffective|p2a: 老烈
|-damage|p2a: 老烈|15/100
|move|p2a: 老烈|Dragon Ascent|p1a: Titã
|-damage|p1a: Titã|36/100
|-unboost|p2a: 老烈|def|1
|-unboost|p2a: 老烈|spd|1
|
|-weather|DeltaStream|[upkeep]
|upkeep
|turn|5
|
|t:|1662821085
|move|p2a: 老烈|Extreme Speed|p1a: Titã
|-damage|p1a: Titã|9/100
|move|p1a: Titã|Ice Beam|p2a: 老烈
|-activate||deltastream
|-supereffective|p2a: 老烈
|-crit|p2a: 老烈
|-damage|p2a: 老烈|0 fnt
|faint|p2a: 老烈
|-weather|none
|
|upkeep
|
|t:|1662821088
|switch|p2a: 嘉然小姐的狗|Zacian-Crowned|100/100
|-damage|p2a: 嘉然小姐的狗|94/100|[from] Stealth Rock
|-ability|p2a: 嘉然小姐的狗|Intrepid Sword|boost
|-boost|p2a: 嘉然小姐的狗|atk|1
|turn|6
|
|t:|1662821093
|move|p2a: 嘉然小姐的狗|Quick Attack|p1a: Titã
|-damage|p1a: Titã|0 fnt
|faint|p1a: Titã
|
|upkeep
|
|t:|1662821101
|switch|p1a: Sombra|Marshadow|100/100
|turn|7
|
|t:|1662821103
|switch|p2a: 不会(?)|Groudon-Primal|100/100
|-damage|p2a: 不会(?)|88/100|[from] Stealth Rock
|-weather|DesolateLand|[from] ability: Desolate Land|[of] p2a: 不会(?)
|move|p1a: Sombra|Spectral Thief|p2a: 不会(?)
|-damage|p2a: 不会(?)|61/100
|
|-weather|DesolateLand|[upkeep]
|upkeep
|turn|8
|
|t:|1662821108
|move|p1a: Sombra|Close Combat|p2a: 不会(?)
|-damage|p2a: 不会(?)|22/100
|-unboost|p1a: Sombra|def|1
|-unboost|p1a: Sombra|spd|1
|move|p2a: 不会(?)|Stealth Rock|p1a: Sombra
|-sidestart|p1: Matsui_Miyako|move: Stealth Rock
|
|-weather|DesolateLand|[upkeep]
|upkeep
|turn|9
|
|t:|1662821116
|move|p1a: Sombra|Close Combat|p2a: 不会(?)
|-damage|p2a: 不会(?)|0 fnt
|-unboost|p1a: Sombra|def|1
|-unboost|p1a: Sombra|spd|1
|faint|p2a: 不会(?)
|-weather|none
|
|upkeep
|
|t:|1662821121
|switch|p2a: 悬空羊驼|Arceus-Flying|100/100
|-damage|p2a: 悬空羊驼|76/100|[from] Stealth Rock
|turn|10
|
|t:|1662821125
|move|p1a: Sombra|Ice Punch|p2a: 悬空羊驼
|-supereffective|p2a: 悬空羊驼
|-damage|p2a: 悬空羊驼|34/100
|move|p2a: 悬空羊驼|Judgment|p1a: Sombra
|-supereffective|p1a: Sombra
|-enditem|p1a: Sombra|Focus Sash
|-damage|p1a: Sombra|1/100
|
|upkeep
|turn|11
|
|t:|1662821130
|move|p1a: Sombra|Ice Punch|p2a: 悬空羊驼
|-supereffective|p2a: 悬空羊驼
|-damage|p2a: 悬空羊驼|0 fnt
|faint|p2a: 悬空羊驼
|
|upkeep
|
|t:|1662821132
|switch|p2a: Y鸟|Yveltal|100/100
|-damage|p2a: Y鸟|76/100|[from] Stealth Rock
|-ability|p2a: Y鸟|Dark Aura
|turn|12
|
|t:|1662821136
|-start|p2a: Y鸟|Dynamax|
|-heal|p2a: Y鸟|76/100|[silent]
|move|p1a: Sombra|Ice Punch|p2a: Y鸟
|-supereffective|p2a: Y鸟
|-damage|p2a: Y鸟|51/100
|move|p2a: Y鸟|Max Airstream|p1a: Sombra
|-supereffective|p1a: Sombra
|-damage|p1a: Sombra|0 fnt
|-boost|p2a: Y鸟|spe|1
|faint|p1a: Sombra
|-damage|p2a: Y鸟|46/100|[from] item: Life Orb
|
|upkeep
|
|t:|1662821147
|switch|p1a: Pássaro das Trevas|Yveltal|100/100
|-damage|p1a: Pássaro das Trevas|76/100|[from] Stealth Rock
|-ability|p1a: Pássaro das Trevas|Dark Aura
|turn|13
|
|t:|1662821152
|-start|p1a: Pássaro das Trevas|Dynamax|
|-heal|p1a: Pássaro das Trevas|76/100|[silent]
|move|p2a: Y鸟|Max Airstream|p1a: Pássaro das Trevas
|-crit|p1a: Pássaro das Trevas
|-damage|p1a: Pássaro das Trevas|10/100
|-boost|p2a: Y鸟|spe|1
|-damage|p2a: Y鸟|42/100|[from] item: Life Orb
|move|p1a: Pássaro das Trevas|Max Airstream|p2a: Y鸟
|-damage|p2a: Y鸟|8/100
|-boost|p1a: Pássaro das Trevas|spe|1
|-heal|p1a: Pássaro das Trevas|14/100|[from] item: Shell Bell|[of] p2a: Y鸟
|
|upkeep
|turn|14
|
|t:|1662821167
|move|p2a: Y鸟|Max Airstream|p1a: Pássaro das Trevas
|-damage|p1a: Pássaro das Trevas|0 fnt
|-boost|p2a: Y鸟|spe|1
|faint|p1a: Pássaro das Trevas
|-damage|p2a: Y鸟|3/100|[from] item: Life Orb
|
|upkeep
|
|t:|1662821173
|switch|p1a: Cavaleiro Fantasma|Calyrex-Shadow|100/100
|-ability|p1a: Cavaleiro Fantasma|As One
|-ability|p1a: Cavaleiro Fantasma|Unnerve
|-damage|p1a: Cavaleiro Fantasma|88/100|[from] Stealth Rock
|-end|p2a: Y鸟|Dynamax
|-heal|p2a: Y鸟|4/100|[silent]
|turn|15
|
|t:|1662821176
|move|p2a: Y鸟|Dark Pulse|p1a: Cavaleiro Fantasma
|-supereffective|p1a: Cavaleiro Fantasma
|-damage|p1a: Cavaleiro Fantasma|0 fnt
|faint|p1a: Cavaleiro Fantasma
|-damage|p2a: Y鸟|0 fnt|[from] item: Life Orb
|faint|p2a: Y鸟
|
|upkeep
|
|t:|1662821179
|switch|p1a: Deus|Arceus, shiny|100/100
|switch|p2a: 嘉然小姐的狗|Zacian-Crowned|94/100
|-damage|p1a: Deus|88/100|[from] Stealth Rock
|-damage|p2a: 嘉然小姐的狗|88/100|[from] Stealth Rock
|-ability|p2a: 嘉然小姐的狗|Intrepid Sword|boost
|-boost|p2a: 嘉然小姐的狗|atk|1
|turn|16
|
|t:|1662821181
|move|p1a: Deus|Earthquake|p2a: 嘉然小姐的狗
|-supereffective|p2a: 嘉然小姐的狗
|-damage|p2a: 嘉然小姐的狗|29/100
|move|p2a: 嘉然小姐的狗|Close Combat|p1a: Deus
|-supereffective|p1a: Deus
|-damage|p1a: Deus|0 fnt
|-unboost|p2a: 嘉然小姐的狗|def|1
|-unboost|p2a: 嘉然小姐的狗|spd|1
|faint|p1a: Deus
|
|win|CLEAR GEM清瑜
|raw|Matsui_Miyako's rating: 1692 &rarr; <strong>1684</strong><br />(-8 for losing)
|raw|CLEAR GEM清瑜's rating: 1920 &rarr; <strong>1928</strong><br />(+8 for winning)
|l|☆Matsui_Miyako
||Ladder isn't responding, score probably updated but might not have (Request timeout).
