|j|☆Daddy cayde
|j|☆Vive Immortale
|t:|1662213364
|gametype|singles
|player|p1|Daddy cayde|265|1648
|player|p2|Vive Immortale|mallow|1733
|teamsize|p1|6
|teamsize|p2|6
|gen|8
|tier|[Gen 8] National Dex AG
|rated|
|rule|HP Percentage Mod: HP is shown in percentages
|rule|Endless Battle Clause: Forcing endless battles is banned
|clearpoke
|poke|p1|Zacian-*|
|poke|p1|Calyrex-Shadow|
|poke|p1|Necrozma-Dusk-Mane|
|poke|p1|Yveltal|
|poke|p1|Eternatus|
|poke|p1|Ho-Oh|
|poke|p2|Zekrom|
|poke|p2|Necrozma-Dusk-Mane|
|poke|p2|Ho-Oh|
|poke|p2|Kyogre|
|poke|p2|Arceus-*|
|poke|p2|Arceus-*|
|teampreview
|inactive|Battle timer is ON: inactive players will automatically lose when time's up. (requested by Vive Immortale)
|
|t:|1662213379
|start
|switch|p1a: Necrozma|Necrozma-Dusk-Mane|100/100
|switch|p2a: Kyogre|Kyogre|100/100
|detailschange|p2a: Kyogre|Kyogre-Primal
|-primal|p2a: Kyogre
|-weather|PrimordialSea|[from] ability: Primordial Sea|[of] p2a: Kyogre
|turn|1
|
|t:|1662213384
|move|p2a: Kyogre|Water Spout|p1a: Necrozma
|-damage|p1a: Necrozma|0 fnt
|faint|p1a: Necrozma
|
|-weather|PrimordialSea|[upkeep]
|upkeep
|
|t:|1662213388
|switch|p1a: Zacian|Zacian-Crowned|100/100
|-ability|p1a: Zacian|Intrepid Sword|boost
|-boost|p1a: Zacian|atk|1
|turn|2
|
|t:|1662213390
|-weather|none
|switch|p2a: Necrozma|Necrozma-Dusk-Mane|100/100
|move|p1a: Zacian|Play Rough|p2a: Necrozma
|-resisted|p2a: Necrozma
|-damage|p2a: Necrozma|75/100
|
|-heal|p2a: Necrozma|81/100|[from] item: Leftovers
|upkeep
|turn|3
|
|t:|1662213396
|switch|p1a: Ho-Oh|Ho-Oh|100/100
|move|p2a: Necrozma|Knock Off|p1a: Ho-Oh
|-damage|p1a: Ho-Oh|77/100
|-enditem|p1a: Ho-Oh|Heavy-Duty Boots|[from] move: Knock Off|[of] p2a: Necrozma
|
|-heal|p2a: Necrozma|87/100|[from] item: Leftovers
|upkeep
|turn|4
|
|t:|1662213404
|switch|p2a: Arceus|Arceus-Ground|100/100
|move|p1a: Ho-Oh|Sacred Fire|p2a: Arceus
|-damage|p2a: Arceus|77/100
|
|upkeep
|turn|5
|
|t:|1662213407
|move|p2a: Arceus|Toxic|p1a: Ho-Oh
|-status|p1a: Ho-Oh|tox
|move|p1a: Ho-Oh|Sacred Fire|p2a: Arceus
|-damage|p2a: Arceus|56/100
|-status|p2a: Arceus|brn
|
|-damage|p1a: Ho-Oh|71/100 tox|[from] psn
|-damage|p2a: Arceus|49/100 brn|[from] brn
|upkeep
|turn|6
|
|t:|1662213410
|switch|p1a: Yveltal|Yveltal|100/100
|-ability|p1a: Yveltal|Dark Aura
|move|p2a: Arceus|Recover|p2a: Arceus
|-heal|p2a: Arceus|99/100 brn
|
|-damage|p2a: Arceus|93/100 brn|[from] brn
|upkeep
|turn|7
|
|t:|1662213413
|switch|p1a: Eternatus|Eternatus|100/100
|-ability|p1a: Eternatus|Pressure
|move|p2a: Arceus|Toxic|p1a: Eternatus
|-immune|p1a: Eternatus
|
|-damage|p2a: Arceus|87/100 brn|[from] brn
|upkeep
|turn|8
|
|t:|1662213415
|switch|p1a: Ho-Oh|Ho-Oh|100/100 tox
|move|p2a: Arceus|Judgment|p1a: Ho-Oh
|-immune|p1a: Ho-Oh
|
|-damage|p1a: Ho-Oh|94/100 tox|[from] psn
|-damage|p2a: Arceus|81/100 brn|[from] brn
|upkeep
|turn|9
|
|t:|1662213419
|switch|p1a: Eternatus|Eternatus|100/100
|-ability|p1a: Eternatus|Pressure
|move|p2a: Arceus|Refresh|p2a: Arceus
|-curestatus|p2a: Arceus|brn|[msg]
|
|upkeep
|turn|10
|
|t:|1662213422
|move|p1a: Eternatus|Toxic|p2a: Arceus
|-status|p2a: Arceus|tox
|move|p2a: Arceus|Judgment|p1a: Eternatus
|-supereffective|p1a: Eternatus
|-damage|p1a: Eternatus|28/100
|
|-heal|p1a: Eternatus|34/100|[from] item: Black Sludge
|-damage|p2a: Arceus|75/100 tox|[from] psn
|upkeep
|turn|11
|
|t:|1662213428
|move|p1a: Eternatus|Recover|p1a: Eternatus
|-heal|p1a: Eternatus|84/100
|move|p2a: Arceus|Refresh|p2a: Arceus
|-curestatus|p2a: Arceus|tox|[msg]
|
|-heal|p1a: Eternatus|91/100|[from] item: Black Sludge
|upkeep
|turn|12
|
|t:|1662213430
|move|p1a: Eternatus|Toxic|p2a: Arceus
|-status|p2a: Arceus|tox
|move|p2a: Arceus|Judgment|p1a: Eternatus
|-supereffective|p1a: Eternatus
|-damage|p1a: Eternatus|15/100
|
|-heal|p1a: Eternatus|21/100|[from] item: Black Sludge
|-damage|p2a: Arceus|69/100 tox|[from] psn
|upkeep
|turn|13
|
|t:|1662213433
|move|p1a: Eternatus|Recover|p1a: Eternatus
|-heal|p1a: Eternatus|71/100
|move|p2a: Arceus|Judgment|p1a: Eternatus
|-supereffective|p1a: Eternatus
|-damage|p1a: Eternatus|0 fnt
|faint|p1a: Eternatus
|
|-damage|p2a: Arceus|57/100 tox|[from] psn
|upkeep
|
|t:|1662213436
|switch|p1a: Zacian|Zacian-Crowned|100/100
|-ability|p1a: Zacian|Intrepid Sword|boost
|-boost|p1a: Zacian|atk|1
|turn|14
|
|t:|1662213439
|switch|p2a: Necrozma|Necrozma-Dusk-Mane|87/100
|move|p1a: Zacian|Play Rough|p2a: Necrozma
|-resisted|p2a: Necrozma
|-damage|p2a: Necrozma|61/100
|
|-heal|p2a: Necrozma|67/100|[from] item: Leftovers
|upkeep
|turn|15
|
|t:|1662213444
|move|p1a: Zacian|Close Combat|p2a: Necrozma
|-crit|p2a: Necrozma
|-damage|p2a: Necrozma|0 fnt
|-unboost|p1a: Zacian|def|1
|-unboost|p1a: Zacian|spd|1
|faint|p2a: Necrozma
|
|upkeep
|
|t:|1662213454
|switch|p2a: Ho-Oh|Ho-Oh|100/100
|turn|16
|
|t:|1662213458
|switch|p1a: Ho-Oh|Ho-Oh|100/100 tox
|move|p2a: Ho-Oh|Sacred Fire|p1a: Ho-Oh|[miss]
|-miss|p2a: Ho-Oh|p1a: Ho-Oh
|
|-damage|p1a: Ho-Oh|94/100 tox|[from] psn
|upkeep
|turn|17
|
|t:|1662213460
|switch|p2a: Kyogre|Kyogre-Primal|100/100
|-weather|PrimordialSea|[from] ability: Primordial Sea|[of] p2a: Kyogre
|move|p1a: Ho-Oh|Toxic|p2a: Kyogre
|-status|p2a: Kyogre|tox
|
|-weather|PrimordialSea|[upkeep]
|-damage|p2a: Kyogre|94/100 tox|[from] psn
|-damage|p1a: Ho-Oh|82/100 tox|[from] psn
|upkeep
|turn|18
|
|t:|1662213464
|switch|p1a: Yveltal|Yveltal|100/100
|-ability|p1a: Yveltal|Dark Aura
|move|p2a: Kyogre|Water Spout|p1a: Yveltal
|-damage|p1a: Yveltal|23/100
|
|-weather|PrimordialSea|[upkeep]
|-damage|p2a: Kyogre|82/100 tox|[from] psn
|upkeep
|turn|19
|
|t:|1662213468
|-weather|none
|switch|p2a: Arceus|Arceus-Fairy|100/100
|move|p1a: Yveltal|Roost|p1a: Yveltal
|-heal|p1a: Yveltal|73/100
|-singleturn|p1a: Yveltal|move: Roost
|
|upkeep
|turn|20
|
|t:|1662213472
|switch|p1a: Ho-Oh|Ho-Oh|100/100 tox
|move|p2a: Arceus|Judgment|p1a: Ho-Oh
|-resisted|p1a: Ho-Oh
|-damage|p1a: Ho-Oh|88/100 tox
|
|-damage|p1a: Ho-Oh|82/100 tox|[from] psn
|upkeep
|turn|21
|
|t:|1662213477
|switch|p2a: Arceus|Arceus-Ground|57/100 tox
|move|p1a: Ho-Oh|Brave Bird|p2a: Arceus
|-damage|p2a: Arceus|32/100 tox
|-damage|p1a: Ho-Oh|73/100 tox|[from] Recoil
|
|-damage|p2a: Arceus|25/100 tox|[from] psn
|-damage|p1a: Ho-Oh|61/100 tox|[from] psn
|upkeep
|turn|22
|
|t:|1662213482
|move|p2a: Arceus|Recover|p2a: Arceus
|-heal|p2a: Arceus|76/100 tox
|move|p1a: Ho-Oh|Brave Bird|p2a: Arceus
|-damage|p2a: Arceus|51/100 tox
|-damage|p1a: Ho-Oh|52/100 tox|[from] Recoil
|
|-damage|p2a: Arceus|39/100 tox|[from] psn
|-damage|p1a: Ho-Oh|34/100 tox|[from] psn
|upkeep
|turn|23
|
|t:|1662213485
|move|p2a: Arceus|Refresh|p2a: Arceus
|-curestatus|p2a: Arceus|tox|[msg]
|move|p1a: Ho-Oh|Brave Bird|p2a: Arceus
|-damage|p2a: Arceus|11/100
|-damage|p1a: Ho-Oh|24/100 tox|[from] Recoil
|
|-damage|p1a: Ho-Oh|0 fnt|[from] psn
|faint|p1a: Ho-Oh
|upkeep
|
|t:|1662213489
|switch|p1a: Zacian|Zacian-Crowned|100/100
|-ability|p1a: Zacian|Intrepid Sword|boost
|-boost|p1a: Zacian|atk|1
|turn|24
|
|t:|1662213493
|move|p1a: Zacian|Behemoth Blade|p2a: Arceus
|-damage|p2a: Arceus|0 fnt
|faint|p2a: Arceus
|
|upkeep
|
|t:|1662213495
|switch|p2a: Ho-Oh|Ho-Oh|100/100
|turn|25
|
|t:|1662213498
|switch|p1a: Yveltal|Yveltal|73/100
|-ability|p1a: Yveltal|Dark Aura
|move|p2a: Ho-Oh|Sacred Fire|p1a: Yveltal
|-damage|p1a: Yveltal|40/100
|
|upkeep
|turn|26
|
|t:|1662213500
|move|p1a: Yveltal|Roost|p1a: Yveltal
|-heal|p1a: Yveltal|90/100
|-singleturn|p1a: Yveltal|move: Roost
|move|p2a: Ho-Oh|Sacred Fire|p1a: Yveltal
|-damage|p1a: Yveltal|55/100
|
|upkeep
|turn|27
|
|t:|1662213503
|move|p1a: Yveltal|U-turn|p2a: Ho-Oh
|-resisted|p2a: Ho-Oh
|-damage|p2a: Ho-Oh|97/100
|
|t:|1662213506
|switch|p1a: Calyrex|Calyrex-Shadow|100/100|[from]move: U-turn
|-ability|p1a: Calyrex|As One
|-ability|p1a: Calyrex|Unnerve
|move|p2a: Ho-Oh|Toxic|p1a: Calyrex
|-status|p1a: Calyrex|tox
|
|-damage|p1a: Calyrex|94/100 tox|[from] psn
|upkeep
|turn|28
|
|t:|1662213509
|-start|p2a: Ho-Oh|Dynamax|
|-heal|p2a: Ho-Oh|97/100|[silent]
|move|p1a: Calyrex|Nasty Plot|p1a: Calyrex
|-boost|p1a: Calyrex|spa|2
|move|p2a: Ho-Oh|Max Flare|p1a: Calyrex
|-damage|p1a: Calyrex|27/100 tox
|-weather|SunnyDay
|
|-weather|SunnyDay|[upkeep]
|-damage|p1a: Calyrex|15/100 tox|[from] psn
|upkeep
|turn|29
|
|t:|1662213512
|move|p2a: Ho-Oh|Max Guard|p2a: Ho-Oh
|-singleturn|p2a: Ho-Oh|Max Guard
|move|p1a: Calyrex|Astral Barrage|p2a: Ho-Oh
|-activate|p2a: Ho-Oh|move: Max Guard
|
|-weather|SunnyDay|[upkeep]
|-damage|p1a: Calyrex|0 fnt|[from] psn
|faint|p1a: Calyrex
|upkeep
|-message|Daddy cayde forfeited.
|
|win|Vive Immortale
|raw|Daddy cayde's rating: 1648 &rarr; <strong>1633</strong><br />(-15 for losing)
|raw|Vive Immortale's rating: 1733 &rarr; <strong>1748</strong><br />(+15 for winning)
|l|☆Daddy cayde
