|j|☆F.A.M.E.246 2nd
|j|☆chopforce8
|t:|1638900293
|gametype|singles
|player|p1|F.A.M.E.246 2nd|brawly|1689
|player|p2|chopforce8|red|1786
|teamsize|p1|6
|teamsize|p2|6
|gen|8
|tier|[Gen 8] National Dex AG
|rated|
|rule|HP Percentage Mod: HP is shown in percentages
|rule|Endless Battle Clause: Forcing endless battles is banned
|clearpoke
|poke|p1|Scizor, F|
|poke|p1|Groudon|
|poke|p1|Calyrex-Shadow|
|poke|p1|Zacian-*|
|poke|p1|Arceus-*|
|poke|p1|Yveltal|
|poke|p2|Yveltal|
|poke|p2|Diancie|
|poke|p2|Calyrex-Shadow|
|poke|p2|Zacian-*|
|poke|p2|Ditto|
|poke|p2|Arceus-*|
|teampreview
|inactive|Battle timer is ON: inactive players will automatically lose when time's up. (requested by F.A.M.E.246 2nd)
|c|☆F.A.M.E.246 2nd|Hf
|inactive|chopforce8 has 120 seconds left.
|inactive|chopforce8 has 90 seconds left.
|
|t:|1638900375
|start
|switch|p1a: Arceus|Arceus-Rock|100/100
|switch|p2a: Professorquirrel|Calyrex-Shadow|100/100
|-ability|p2a: Professorquirrel|As One
|-ability|p2a: Professorquirrel|Unnerve
|turn|1
|inactive|chopforce8 has 120 seconds left.
|
|t:|1638900419
|switch|p1a: Yveltal|Yveltal|100/100
|-ability|p1a: Yveltal|Dark Aura
|move|p2a: Professorquirrel|Nasty Plot|p2a: Professorquirrel
|-boost|p2a: Professorquirrel|spa|2
|
|upkeep
|turn|2
|
|t:|1638900428
|move|p2a: Professorquirrel|Baton Pass|p2a: Professorquirrel
|
|t:|1638900430
|switch|p2a: Voldemort|Yveltal|100/100|[from]move: Baton Pass
|-ability|p2a: Voldemort|Dark Aura
|move|p1a: Yveltal|U-turn|p2a: Voldemort
|-damage|p2a: Voldemort|82/100
|
|t:|1638900435
|switch|p1a: Zacian|Zacian-Crowned|100/100|[from]move: U-turn
|-ability|p1a: Zacian|Intrepid Sword|boost
|-boost|p1a: Zacian|atk|1
|
|upkeep
|turn|3
|
|t:|1638900440
|switch|p2a: Fluffy|Zacian-Crowned|100/100
|-ability|p2a: Fluffy|Intrepid Sword|boost
|-boost|p2a: Fluffy|atk|1
|move|p1a: Zacian|Play Rough|p2a: Fluffy
|-resisted|p2a: Fluffy
|-damage|p2a: Fluffy|57/100
|
|upkeep
|turn|4
|inactive|F.A.M.E.246 2nd has 120 seconds left.
|
|t:|1638900475
|switch|p1a: Groudon|Groudon|100/100
|detailschange|p1a: Groudon|Groudon-Primal
|-primal|p1a: Groudon
|-weather|DesolateLand|[from] ability: Desolate Land|[of] p1a: Groudon
|move|p2a: Fluffy|Behemoth Blade|p1a: Groudon
|-resisted|p1a: Groudon
|-damage|p1a: Groudon|75/100
|
|-weather|DesolateLand|[upkeep]
|upkeep
|turn|5
|inactive|F.A.M.E.246 2nd has 120 seconds left.
|
|t:|1638900487
|switch|p2a: Harry Potter|Diancie|100/100
|move|p1a: Groudon|Fire Punch|p2a: Harry Potter
|-resisted|p2a: Harry Potter
|-damage|p2a: Harry Potter|57/100
|
|-weather|DesolateLand|[upkeep]
|upkeep
|turn|6
|
|t:|1638900494
|detailschange|p2a: Harry Potter|Diancie-Mega
|-mega|p2a: Harry Potter|Diancie|Diancite
|move|p2a: Harry Potter|Stealth Rock|p1a: Groudon
|-sidestart|p1: F.A.M.E.246 2nd|move: Stealth Rock
|move|p1a: Groudon|Precipice Blades|p2a: Harry Potter
|-supereffective|p2a: Harry Potter
|-damage|p2a: Harry Potter|0 fnt
|faint|p2a: Harry Potter
|
|-weather|DesolateLand|[upkeep]
|upkeep
|
|t:|1638900511
|switch|p2a: Voldemort|Yveltal|82/100
|-ability|p2a: Voldemort|Dark Aura
|turn|7
|
|t:|1638900520
|-weather|none
|switch|p1a: Yveltal|Yveltal|100/100
|-ability|p1a: Yveltal|Dark Aura
|-start|p2a: Voldemort|Dynamax
|-heal|p2a: Voldemort|82/100|[silent]
|move|p2a: Voldemort|Max Airstream|p1a: Yveltal
|-damage|p1a: Yveltal|50/100
|-boost|p2a: Voldemort|spe|1
|-damage|p2a: Voldemort|77/100|[from] item: Life Orb
|
|upkeep
|turn|8
|
|t:|1638900537
|switch|p1a: Arceus|Arceus-Rock|100/100
|-damage|p1a: Arceus|88/100|[from] Stealth Rock
|move|p2a: Voldemort|Max Airstream|p1a: Arceus
|-resisted|p1a: Arceus
|-damage|p1a: Arceus|60/100
|-boost|p2a: Voldemort|spe|1
|-damage|p2a: Voldemort|72/100|[from] item: Life Orb
|
|upkeep
|turn|9
|
|t:|1638900550
|-start|p1a: Arceus|Dynamax
|-heal|p1a: Arceus|60/100|[silent]
|move|p2a: Voldemort|Max Darkness|p1a: Arceus
|-damage|p1a: Arceus|18/100
|-unboost|p1a: Arceus|spd|1
|-damage|p2a: Voldemort|67/100|[from] item: Life Orb
|move|p1a: Arceus|Max Rockfall|p2a: Voldemort
|-supereffective|p2a: Voldemort
|-damage|p2a: Voldemort|7/100
|-weather|Sandstorm
|
|-weather|Sandstorm|[upkeep]
|-damage|p2a: Voldemort|4/100|[from] Sandstorm
|-end|p2a: Voldemort|Dynamax
|-heal|p2a: Voldemort|4/100|[silent]
|upkeep
|turn|10
|
|t:|1638900575
|move|p2a: Voldemort|Oblivion Wing|p1a: Arceus
|-resisted|p1a: Arceus
|-damage|p1a: Arceus|9/100
|-heal|p2a: Voldemort|19/100|[from] drain|[of] p1a: Arceus
|-damage|p2a: Voldemort|9/100|[from] item: Life Orb
|move|p1a: Arceus|Max Rockfall|p2a: Voldemort
|-supereffective|p2a: Voldemort
|-damage|p2a: Voldemort|0 fnt
|faint|p2a: Voldemort
|
|-weather|Sandstorm|[upkeep]
|upkeep
|inactive|chopforce8 has 120 seconds left.
|
|t:|1638900605
|switch|p2a: Fluffy|Zacian-Crowned|57/100
|-ability|p2a: Fluffy|Intrepid Sword|boost
|-boost|p2a: Fluffy|atk|1
|turn|11
|
|t:|1638900612
|move|p2a: Fluffy|Substitute|p2a: Fluffy
|-start|p2a: Fluffy|Substitute
|-damage|p2a: Fluffy|32/100
|move|p1a: Arceus|Max Rockfall|p2a: Fluffy
|-resisted|p2a: Fluffy
|-end|p2a: Fluffy|Substitute
|
|-weather|Sandstorm|[upkeep]
|-end|p1a: Arceus|Dynamax
|-heal|p1a: Arceus|9/100|[silent]
|upkeep
|turn|12
|
|t:|1638900622
|move|p2a: Fluffy|Substitute|p2a: Fluffy
|-start|p2a: Fluffy|Substitute
|-damage|p2a: Fluffy|7/100
|move|p1a: Arceus|Judgment|p2a: Fluffy
|-resisted|p2a: Fluffy
|-end|p2a: Fluffy|Substitute
|
|-weather|Sandstorm|[upkeep]
|upkeep
|turn|13
|
|t:|1638900629
|move|p2a: Fluffy|Behemoth Blade|p1a: Arceus
|-supereffective|p1a: Arceus
|-damage|p1a: Arceus|0 fnt
|faint|p1a: Arceus
|
|-weather|none
|upkeep
|
|t:|1638900636
|switch|p1a: Groudon|Groudon-Primal|75/100
|-damage|p1a: Groudon|63/100|[from] Stealth Rock
|-weather|DesolateLand|[from] ability: Desolate Land|[of] p1a: Groudon
|turn|14
|
|t:|1638900641
|move|p2a: Fluffy|Close Combat|p1a: Groudon
|-damage|p1a: Groudon|20/100
|-unboost|p2a: Fluffy|def|1
|-unboost|p2a: Fluffy|spd|1
|move|p1a: Groudon|Stealth Rock|p2a: Fluffy
|-sidestart|p2: chopforce8|move: Stealth Rock
|
|-weather|DesolateLand|[upkeep]
|upkeep
|turn|15
|
|t:|1638900652
|move|p2a: Fluffy|Behemoth Blade|p1a: Groudon
|-resisted|p1a: Groudon
|-damage|p1a: Groudon|0 fnt
|faint|p1a: Groudon
|-weather|none
|
|upkeep
|
|t:|1638900665
|switch|p1a: Scizor|Scizor, F|100/100
|-damage|p1a: Scizor|88/100|[from] Stealth Rock
|turn|16
|
|t:|1638900691
|detailschange|p1a: Scizor|Scizor-Mega, F
|-mega|p1a: Scizor|Scizor|Scizorite
|move|p2a: Fluffy|Behemoth Blade|p1a: Scizor
|-resisted|p1a: Scizor
|-damage|p1a: Scizor|60/100
|move|p1a: Scizor|U-turn|p2a: Fluffy
|-resisted|p2a: Fluffy
|-damage|p2a: Fluffy|0 fnt
|faint|p2a: Fluffy
|
|t:|1638900695
|switch|p1a: Yveltal|Yveltal|50/100|[from]move: U-turn
|-ability|p1a: Yveltal|Dark Aura
|
|upkeep
|
|t:|1638900715
|switch|p2a: Chess Wizard|Arceus-Flying|100/100
|-damage|p2a: Chess Wizard|76/100|[from] Stealth Rock
|turn|17
|
|t:|1638900720
|move|p2a: Chess Wizard|Calm Mind|p2a: Chess Wizard
|-boost|p2a: Chess Wizard|spa|1
|-boost|p2a: Chess Wizard|spd|1
|move|p1a: Yveltal|Roost|p1a: Yveltal
|-heal|p1a: Yveltal|99/100
|-singleturn|p1a: Yveltal|move: Roost
|
|upkeep
|turn|18
|
|t:|1638900727
|move|p2a: Chess Wizard|Recover|p2a: Chess Wizard
|-heal|p2a: Chess Wizard|100/100
|move|p1a: Yveltal|U-turn|p2a: Chess Wizard
|-resisted|p2a: Chess Wizard
|-damage|p2a: Chess Wizard|94/100
|
|t:|1638900733
|switch|p1a: Zacian|Zacian-Crowned|100/100|[from]move: U-turn
|-damage|p1a: Zacian|94/100|[from] Stealth Rock
|-ability|p1a: Zacian|Intrepid Sword|boost
|-boost|p1a: Zacian|atk|1
|
|upkeep
|turn|19
|
|t:|1638900744
|switch|p2a: Professorquirrel|Calyrex-Shadow|100/100
|-ability|p2a: Professorquirrel|As One
|-ability|p2a: Professorquirrel|Unnerve
|-damage|p2a: Professorquirrel|88/100|[from] Stealth Rock
|move|p1a: Zacian|Behemoth Blade|p2a: Professorquirrel
|-damage|p2a: Professorquirrel|0 fnt
|faint|p2a: Professorquirrel
|
|upkeep
|
|t:|1638900755
|switch|p2a: MirrorofErised|Ditto|100/100
|-damage|p2a: MirrorofErised|88/100|[from] Stealth Rock
|-transform|p2a: MirrorofErised|p1a: Zacian|[from] ability: Imposter
|-ability|p2a: MirrorofErised|Intrepid Sword|boost
|-boost|p2a: MirrorofErised|atk|1
|turn|20
|
|t:|1638900773
|switch|p1a: Yveltal|Yveltal|99/100
|-ability|p1a: Yveltal|Dark Aura
|move|p2a: MirrorofErised|Behemoth Blade|p1a: Yveltal
|-damage|p1a: Yveltal|0 fnt
|faint|p1a: Yveltal
|
|upkeep
|
|t:|1638900781
|switch|p1a: Scizor|Scizor-Mega, F|60/100
|-damage|p1a: Scizor|48/100|[from] Stealth Rock
|turn|21
|
|t:|1638900789
|move|p2a: MirrorofErised|Behemoth Blade|p1a: Scizor
|-resisted|p1a: Scizor
|-damage|p1a: Scizor|13/100
|move|p1a: Scizor|Roost|p1a: Scizor
|-heal|p1a: Scizor|63/100
|-singleturn|p1a: Scizor|move: Roost
|
|upkeep
|turn|22
|
|t:|1638900799
|move|p2a: MirrorofErised|Behemoth Blade|p1a: Scizor
|-resisted|p1a: Scizor
|-damage|p1a: Scizor|26/100
|move|p1a: Scizor|Roost|p1a: Scizor
|-heal|p1a: Scizor|77/100
|-singleturn|p1a: Scizor|move: Roost
|
|upkeep
|turn|23
|
|t:|1638900806
|switch|p2a: Chess Wizard|Arceus-Flying|94/100
|-damage|p2a: Chess Wizard|69/100|[from] Stealth Rock
|move|p1a: Scizor|Roost|p1a: Scizor
|-heal|p1a: Scizor|100/100
|-singleturn|p1a: Scizor|move: Roost
|
|upkeep
|turn|24
|
|t:|1638900823
|switch|p2a: MirrorofErised|Ditto|88/100
|-damage|p2a: MirrorofErised|76/100|[from] Stealth Rock
|-transform|p2a: MirrorofErised|p1a: Scizor|[from] ability: Imposter
|move|p1a: Scizor|U-turn|p2a: MirrorofErised
|-resisted|p2a: MirrorofErised
|-damage|p2a: MirrorofErised|64/100
|
|t:|1638900834
|switch|p1a: Zacian|Zacian-Crowned|94/100|[from]move: U-turn
|-damage|p1a: Zacian|88/100|[from] Stealth Rock
|-ability|p1a: Zacian|Intrepid Sword|boost
|-boost|p1a: Zacian|atk|1
|
|upkeep
|turn|25
|c|☆F.A.M.E.246 2nd|Why make that double?
|
|t:|1638900858
|move|p1a: Zacian|Crunch|p2a: MirrorofErised
|-damage|p2a: MirrorofErised|30/100
|move|p2a: MirrorofErised|U-turn|p1a: Zacian
|-resisted|p1a: Zacian
|-damage|p1a: Zacian|80/100
|
|t:|1638900863
|switch|p2a: Chess Wizard|Arceus-Flying|69/100|[from]move: U-turn
|-damage|p2a: Chess Wizard|44/100|[from] Stealth Rock
|
|upkeep
|turn|26
|c|☆F.A.M.E.246 2nd|Just to see my set?
|
|t:|1638900868
|move|p1a: Zacian|Behemoth Blade|p2a: Chess Wizard
|-damage|p2a: Chess Wizard|0 fnt
|faint|p2a: Chess Wizard
|
|upkeep
|c|☆chopforce8|suck off
|c|☆F.A.M.E.246 2nd|Gg then lol
|
|t:|1638900874
|switch|p2a: MirrorofErised|Ditto|30/100
|-damage|p2a: MirrorofErised|18/100|[from] Stealth Rock
|-transform|p2a: MirrorofErised|p1a: Zacian|[from] ability: Imposter
|-ability|p2a: MirrorofErised|Intrepid Sword|boost
|-boost|p2a: MirrorofErised|atk|1
|turn|27
|inactive|F.A.M.E.246 2nd has 120 seconds left.
|c|☆F.A.M.E.246 2nd|I really don't get that play. Especially since you play well usually
|c|☆chopforce8|lord of pokemon
|c|☆chopforce8|yea well we all have our bad days
|c|☆chopforce8|no need to flame
|c|☆F.A.M.E.246 2nd|I was askin out of honest curiosity. Not trying to be hostile
|inactive|F.A.M.E.246 2nd has 90 seconds left.
|c|☆chopforce8|well ppl take things the wrong way
|c|☆F.A.M.E.246 2nd|Says the guy that told me to suck off lol
|c|☆F.A.M.E.246 2nd|Indeed you did
|c|☆chopforce8|yeah its retaliation
|inactive|F.A.M.E.246 2nd has 60 seconds left.
|c|☆chopforce8|you instigated me
|c|☆F.A.M.E.246 2nd|Not at all
|c|☆F.A.M.E.246 2nd|I asked a honest questio
|
|t:|1638900984
|move|p2a: MirrorofErised|Behemoth Blade|p1a: Zacian
|-damage|p1a: Zacian|0 fnt
|faint|p1a: Zacian
|
|upkeep
|
|t:|1638900986
|switch|p1a: Scizor|Scizor-Mega, F|100/100
|-damage|p1a: Scizor|88/100|[from] Stealth Rock
|turn|28
|c|☆chopforce8|right well do it in a less smug manner
|c|☆F.A.M.E.246 2nd|How was it smug?
|inactive|F.A.M.E.246 2nd has 30 seconds left.
|c|☆chopforce8|you can take the higher ground
|inactive|F.A.M.E.246 2nd has 20 seconds left.
|c|☆F.A.M.E.246 2nd|How else does someone say "Why did you make that double?"
|
|t:|1638901031
|move|p1a: Scizor|Bullet Punch|p2a: MirrorofErised
|-damage|p2a: MirrorofErised|0 fnt
|faint|p2a: MirrorofErised
|
|win|F.A.M.E.246 2nd
|inactive|F.A.M.E.246 2nd has 25 seconds left this turn.
|raw|F.A.M.E.246 2nd's rating: 1689 &rarr; <strong>1714</strong><br />(+25 for winning)
|raw|chopforce8's rating: 1786 &rarr; <strong>1761</strong><br />(-25 for losing)
|c|☆chopforce8|cause you won the virtual battle
|l|☆chopforce8
|c|☆F.A.M.E.246 2nd|What does that have to do with anything?
||Ladder isn't responding, score probably updated but might not have (Request timeout).
