|j|☆Nobodi_Nowan
|j|☆iroeweuio
|t:|1662146037
|gametype|singles
|player|p1|Nobodi_Nowan|akari|1943
|player|p2|iroeweuio|266|1693
|teamsize|p1|6
|teamsize|p2|6
|gen|8
|tier|[Gen 8] National Dex AG
|rated|
|rule|HP Percentage Mod: HP is shown in percentages
|rule|Endless Battle Clause: Forcing endless battles is banned
|clearpoke
|poke|p1|Forretress, M|
|poke|p1|Arceus-*|
|poke|p1|Kyogre|
|poke|p1|Calyrex-Shadow|
|poke|p1|Zacian-*|
|poke|p1|Rayquaza|
|poke|p2|Chatot, F|
|poke|p2|Weavile, F|
|poke|p2|Giratina-Origin|
|poke|p2|Ditto|
|poke|p2|Breloom, F|
|poke|p2|Wobbuffet, M|
|teampreview
|
|t:|1662146049
|start
|switch|p1a: Zacian|Zacian-Crowned, shiny|100/100
|switch|p2a: Weavile|Weavile, F|100/100
|-ability|p1a: Zacian|Intrepid Sword|boost
|-boost|p1a: Zacian|atk|1
|-ability|p2a: Weavile|Pressure
|turn|1
|
|t:|1662146057
|switch|p2a: Wobbuffet|Wobbuffet, M|100/100
|move|p1a: Zacian|Substitute|p1a: Zacian
|-start|p1a: Zacian|Substitute
|-damage|p1a: Zacian|76/100
|
|upkeep
|turn|2
|
|t:|1662146062
|move|p1a: Zacian|Behemoth Blade|p2a: Wobbuffet
|-damage|p2a: Wobbuffet|21/100
|move|p2a: Wobbuffet|Counter|p1a: Zacian
|-end|p1a: Zacian|Substitute
|
|upkeep
|turn|3
|
|t:|1662146069
|switch|p2a: Giratina|Giratina-Origin|100/100
|move|p1a: Zacian|Substitute|p1a: Zacian
|-start|p1a: Zacian|Substitute
|-damage|p1a: Zacian|51/100
|
|upkeep
|turn|4
|
|t:|1662146074
|move|p1a: Zacian|Behemoth Blade|p2a: Giratina
|-damage|p2a: Giratina|28/100
|move|p2a: Giratina|Shadow Force||[still]
|-prepare|p2a: Giratina|Shadow Force
|
|upkeep
|turn|5
|
|t:|1662146086
|switch|p1a: Arceus|Arceus|100/100
|move|p2a: Giratina|Shadow Force|p1a: Arceus|[from]lockedmove
|-immune|p1a: Arceus
|
|upkeep
|turn|6
|
|t:|1662146097
|switch|p2a: Chatot|Chatot, F|100/100
|move|p1a: Arceus|Shadow Claw|p2a: Chatot
|-immune|p2a: Chatot
|
|upkeep
|turn|7
|
|t:|1662146105
|move|p1a: Arceus|Extreme Speed|p2a: Chatot
|-damage|p2a: Chatot|9/100
|move|p2a: Chatot|Chatter|p1a: Arceus
|-damage|p1a: Arceus|81/100
|-start|p1a: Arceus|confusion
|-enditem|p1a: Arceus|Lum Berry|[eat]
|-end|p1a: Arceus|confusion
|
|upkeep
|turn|8
|
|t:|1662146114
|move|p1a: Arceus|Extreme Speed|p2a: Chatot
|-crit|p2a: Chatot
|-damage|p2a: Chatot|0 fnt
|faint|p2a: Chatot
|
|upkeep
|
|t:|1662146116
|switch|p2a: Breloom|Breloom, F|100/100
|turn|9
|
|t:|1662146122
|move|p1a: Arceus|Extreme Speed|p2a: Breloom
|-damage|p2a: Breloom|30/100
|move|p2a: Breloom|Spore|p1a: Arceus
|-status|p1a: Arceus|slp|[from] move: Spore
|
|-status|p2a: Breloom|tox|[from] item: Toxic Orb
|upkeep
|turn|10
|
|t:|1662146132
|-singleturn|p2a: Breloom|move: Focus Punch
|cant|p1a: Arceus|slp
|move|p2a: Breloom|Focus Punch|p1a: Arceus
|-supereffective|p1a: Arceus
|-damage|p1a: Arceus|0 fnt
|faint|p1a: Arceus
|
|-heal|p2a: Breloom|42/100 tox|[from] ability: Poison Heal
|upkeep
|
|t:|1662146149
|switch|p1a: Rayquaza|Rayquaza|100/100
|-ability|p1a: Rayquaza|Air Lock
|turn|11
|
|t:|1662146153
|detailschange|p1a: Rayquaza|Rayquaza-Mega
|-mega|p1a: Rayquaza|Rayquaza|
|-weather|DeltaStream|[from] ability: Delta Stream|[of] p1a: Rayquaza
|move|p1a: Rayquaza|Dragon Ascent|p2a: Breloom
|-supereffective|p2a: Breloom
|-damage|p2a: Breloom|0 fnt
|-unboost|p1a: Rayquaza|def|1
|-unboost|p1a: Rayquaza|spd|1
|faint|p2a: Breloom
|
|-weather|DeltaStream|[upkeep]
|upkeep
|
|t:|1662146160
|switch|p2a: Wobbuffet|Wobbuffet, M|21/100
|turn|12
|-enditem|p2a: Wobbuffet|Custap Berry|[eat]
|-activate|p2a: Wobbuffet|item: Custap Berry|[consumed]
|
|t:|1662146169
|move|p2a: Wobbuffet|Destiny Bond|p2a: Wobbuffet
|-singlemove|p2a: Wobbuffet|Destiny Bond
|move|p1a: Rayquaza|Dragon Ascent|p2a: Wobbuffet
|-damage|p2a: Wobbuffet|0 fnt
|-unboost|p1a: Rayquaza|def|1
|-unboost|p1a: Rayquaza|spd|1
|faint|p2a: Wobbuffet
|-activate|p2a: Wobbuffet|move: Destiny Bond
|faint|p1a: Rayquaza
|-weather|none
|
|upkeep
|
|t:|1662146180
|switch|p1a: Forretress|Forretress, M|100/100
|switch|p2a: Giratina|Giratina-Origin|28/100
|turn|13
|
|t:|1662146184
|-start|p2a: Giratina|Dynamax|
|-heal|p2a: Giratina|28/100|[silent]
|move|p2a: Giratina|Max Airstream|p1a: Forretress
|-damage|p1a: Forretress|78/100
|-boost|p2a: Giratina|spe|1
|move|p1a: Forretress|Toxic|p2a: Giratina
|-status|p2a: Giratina|tox
|
|-heal|p1a: Forretress|84/100|[from] item: Leftovers
|-damage|p2a: Giratina|25/100 tox|[from] psn
|upkeep
|turn|14
|
|t:|1662146195
|move|p2a: Giratina|Max Phantasm|p1a: Forretress
|-damage|p1a: Forretress|36/100
|-unboost|p1a: Forretress|def|1
|move|p1a: Forretress|Stealth Rock|p2a: Giratina
|-sidestart|p2: iroeweuio|move: Stealth Rock
|
|-heal|p1a: Forretress|42/100|[from] item: Leftovers
|-damage|p2a: Giratina|19/100 tox|[from] psn
|upkeep
|turn|15
|
|t:|1662146209
|move|p2a: Giratina|Max Phantasm|p1a: Forretress
|-damage|p1a: Forretress|0 fnt
|faint|p1a: Forretress
|
|-damage|p2a: Giratina|10/100 tox|[from] psn
|upkeep
|
|t:|1662146223
|switch|p1a: Kyogre|Kyogre|100/100
|detailschange|p1a: Kyogre|Kyogre-Primal
|-primal|p1a: Kyogre
|-weather|PrimordialSea|[from] ability: Primordial Sea|[of] p1a: Kyogre
|-end|p2a: Giratina|Dynamax
|-heal|p2a: Giratina|10/100 tox|[silent]
|turn|16
|
|t:|1662146232
|move|p2a: Giratina|Destiny Bond|p2a: Giratina
|-singlemove|p2a: Giratina|Destiny Bond
|move|p1a: Kyogre|Ice Beam|p2a: Giratina
|-supereffective|p2a: Giratina
|-damage|p2a: Giratina|0 fnt
|faint|p2a: Giratina
|-activate|p2a: Giratina|move: Destiny Bond
|faint|p1a: Kyogre
|-weather|none
|
|upkeep
|
|t:|1662146243
|switch|p1a: Zacian|Zacian-Crowned, shiny|51/100
|switch|p2a: Weavile|Weavile, F|100/100
|-ability|p1a: Zacian|Intrepid Sword|boost
|-boost|p1a: Zacian|atk|1
|-damage|p2a: Weavile|76/100|[from] Stealth Rock
|-ability|p2a: Weavile|Pressure
|turn|17
|
|t:|1662146251
|move|p1a: Zacian|Close Combat|p2a: Weavile
|-supereffective|p2a: Weavile
|-damage|p2a: Weavile|0 fnt
|-unboost|p1a: Zacian|def|1
|-unboost|p1a: Zacian|spd|1
|faint|p2a: Weavile
|
|upkeep
|
|t:|1662146253
|switch|p2a: Ditto|Ditto|100/100
|-damage|p2a: Ditto|88/100|[from] Stealth Rock
|-transform|p2a: Ditto|p1a: Zacian|[from] ability: Imposter
|-ability|p2a: Ditto|Intrepid Sword|boost
|-boost|p2a: Ditto|atk|1
|turn|18
|
|t:|1662146263
|move|p2a: Ditto|Behemoth Blade|p1a: Zacian
|-damage|p1a: Zacian|0 fnt
|faint|p1a: Zacian
|
|upkeep
|
|t:|1662146267
|switch|p1a: Calyrex|Calyrex-Shadow|100/100
|-ability|p1a: Calyrex|As One
|-ability|p1a: Calyrex|Unnerve
|turn|19
|
|t:|1662146273
|move|p1a: Calyrex|Astral Barrage|p2a: Ditto
|-damage|p2a: Ditto|0 fnt
|faint|p2a: Ditto
|
|win|Nobodi_Nowan
|raw|Nobodi_Nowan's rating: 1943 &rarr; <strong>1951</strong><br />(+8 for winning)
|raw|iroeweuio's rating: 1693 &rarr; <strong>1685</strong><br />(-8 for losing)
|c|☆iroeweuio|gg wp
|c|☆Nobodi_Nowan|u2
|l|☆Nobodi_Nowan
