|j|☆Nobodi_Nowan
|j|☆Buck is stallish
|t:|1660946285
|gametype|singles
|player|p1|Nobodi_Nowan|akari|1895
|player|p2|Buck is stallish|ethan-masters|1906
|teamsize|p1|6
|teamsize|p2|6
|gen|8
|tier|[Gen 8] National Dex AG
|rated|
|rule|HP Percentage Mod: HP is shown in percentages
|rule|Endless Battle Clause: Forcing endless battles is banned
|clearpoke
|poke|p1|Forretress, F|
|poke|p1|Arceus-*|
|poke|p1|Kyogre|
|poke|p1|Calyrex-Shadow|
|poke|p1|Zacian-*|
|poke|p1|Rayquaza|
|poke|p2|Kyogre|
|poke|p2|Chansey, F|
|poke|p2|Sableye, F|
|poke|p2|Lugia|
|poke|p2|Yveltal|
|poke|p2|Arceus-*|
|teampreview
|inactive|Battle timer is ON: inactive players will automatically lose when time's up. (requested by Buck is stallish)
|c|☆Buck is stallish|Glhf
|c|☆Nobodi_Nowan|u2
|inactive|Nobodi_Nowan has 120 seconds left.
|
|t:|1660946319
|start
|switch|p1a: Calyrex|Calyrex-Shadow|100/100
|switch|p2a: Pretty gem|Sableye, F|100/100
|-ability|p1a: Calyrex|As One
|-ability|p1a: Calyrex|Unnerve
|turn|1
|
|t:|1660946333
|switch|p1a: Forretress|Forretress, F|100/100
|detailschange|p2a: Pretty gem|Sableye-Mega, F
|-mega|p2a: Pretty gem|Sableye|Sablenite
|move|p2a: Pretty gem|Protect||[still]
|-fail|p2a: Pretty gem
|
|upkeep
|turn|2
|
|t:|1660946340
|move|p1a: Forretress|Volt Switch|p2a: Pretty gem
|-damage|p2a: Pretty gem|91/100
|
|t:|1660946348
|switch|p1a: Calyrex|Calyrex-Shadow|100/100|[from]move: Volt Switch
|-ability|p1a: Calyrex|As One
|-ability|p1a: Calyrex|Unnerve
|move|p2a: Pretty gem|Will-O-Wisp|p1a: Calyrex|[miss]
|-miss|p2a: Pretty gem|p1a: Calyrex
|
|upkeep
|turn|3
|
|t:|1660946357
|move|p2a: Pretty gem|Protect|p2a: Pretty gem
|-singleturn|p2a: Pretty gem|Protect
|move|p1a: Calyrex|Astral Barrage|p2a: Pretty gem
|-activate|p2a: Pretty gem|move: Protect
|
|upkeep
|turn|4
|
|t:|1660946378
|switch|p1a: Zacian|Zacian-Crowned, shiny|100/100
|-ability|p1a: Zacian|Intrepid Sword|boost
|-boost|p1a: Zacian|atk|1
|switch|p2a: Tough pink lady|Chansey, F|100/100
|
|upkeep
|turn|5
|
|t:|1660946389
|switch|p1a: Forretress|Forretress, F|100/100
|switch|p2a: White phoenix|Lugia|100/100
|
|upkeep
|turn|6
|
|t:|1660946396
|switch|p2a: Fearless priest|Arceus-Ground|100/100
|move|p1a: Forretress|Volt Switch|p2a: Fearless priest
|-immune|p2a: Fearless priest
|
|upkeep
|turn|7
|
|t:|1660946402
|switch|p2a: Pretty gem|Sableye-Mega, F|91/100
|move|p1a: Forretress|Toxic|p2a: Pretty gem
|move|p2a: Pretty gem|Toxic|p1a: Forretress|[from]ability: Magic Bounce
|-immune|p1a: Forretress
|
|upkeep
|turn|8
|
|t:|1660946412
|move|p1a: Forretress|Volt Switch|p2a: Pretty gem
|-damage|p2a: Pretty gem|79/100
|j| djio123jdo213
|
|t:|1660946415
|switch|p1a: Calyrex|Calyrex-Shadow|100/100|[from]move: Volt Switch
|-ability|p1a: Calyrex|As One
|-ability|p1a: Calyrex|Unnerve
|move|p2a: Pretty gem|Foul Play|p1a: Calyrex
|-supereffective|p1a: Calyrex
|-damage|p1a: Calyrex|1/100
|
|upkeep
|turn|9
|
|t:|1660946427
|move|p2a: Pretty gem|Protect|p2a: Pretty gem
|-singleturn|p2a: Pretty gem|Protect
|move|p1a: Calyrex|Astral Barrage|p2a: Pretty gem
|-activate|p2a: Pretty gem|move: Protect
|
|upkeep
|turn|10
|
|t:|1660946437
|switch|p1a: Forretress|Forretress, F|100/100
|switch|p2a: Raven of death|Yveltal, shiny|100/100
|-ability|p2a: Raven of death|Dark Aura
|
|upkeep
|turn|11
|
|t:|1660946443
|switch|p2a: Pretty gem|Sableye-Mega, F|79/100
|move|p1a: Forretress|Stealth Rock|p2a: Pretty gem
|move|p2a: Pretty gem|Stealth Rock|p1a: Forretress|[from]ability: Magic Bounce
|-sidestart|p1: Nobodi_Nowan|move: Stealth Rock
|
|upkeep
|turn|12
|
|t:|1660946450
|move|p1a: Forretress|Volt Switch|p2a: Pretty gem
|-damage|p2a: Pretty gem|69/100
|
|t:|1660946455
|switch|p1a: Kyogre|Kyogre|100/100|[from]move: Volt Switch
|-damage|p1a: Kyogre|88/100|[from] Stealth Rock
|detailschange|p1a: Kyogre|Kyogre-Primal
|-primal|p1a: Kyogre
|-weather|PrimordialSea|[from] ability: Primordial Sea|[of] p1a: Kyogre
|move|p2a: Pretty gem|Recover|p2a: Pretty gem
|-heal|p2a: Pretty gem|100/100
|
|-weather|PrimordialSea|[upkeep]
|upkeep
|turn|13
|
|t:|1660946466
|move|p2a: Pretty gem|Protect|p2a: Pretty gem
|-singleturn|p2a: Pretty gem|Protect
|move|p1a: Kyogre|Water Spout|p2a: Pretty gem
|-activate|p2a: Pretty gem|move: Protect
|
|-weather|PrimordialSea|[upkeep]
|upkeep
|turn|14
|j| kjnkjanwom1
|c|☆Nobodi_Nowan|ngl i was lost from game 1
|c|☆Nobodi_Nowan|gg
|-message|Nobodi_Nowan forfeited.
|
|win|Buck is stallish
|raw|Nobodi_Nowan's rating: 1895 &rarr; <strong>1876</strong><br />(-19 for losing)
|raw|Buck is stallish's rating: 1906 &rarr; <strong>1925</strong><br />(+19 for winning)
|l|☆Nobodi_Nowan
|c|☆Buck is stallish|U mean turn one?
|c|☆Buck is stallish|Gg anyway
