|j|‽shootmenow5
|j|☆MRH1106
|t:|1657070376
|gametype|singles
|player|p1|shootmenow5|170|1480
|player|p2|MRH1106|red|1733
|teamsize|p1|6
|teamsize|p2|6
|gen|8
|tier|[Gen 8] National Dex AG
|rated|
|rule|HP Percentage Mod: HP is shown in percentages
|rule|Endless Battle Clause: Forcing endless battles is banned
|clearpoke
|poke|p1|Groudon|
|poke|p1|Kyogre|
|poke|p1|Rayquaza|
|poke|p1|Ditto|
|poke|p1|Lunala|
|poke|p1|Necrozma-Dusk-Mane|
|poke|p2|Zacian-*|
|poke|p2|Calyrex-Shadow|
|poke|p2|Rayquaza|
|poke|p2|Ditto|
|poke|p2|Yveltal|
|poke|p2|Arceus-*|
|teampreview
|inactive|Battle timer is ON: inactive players will automatically lose when time's up. (requested by MRH1106)
|inactive|MRH1106 has 120 seconds left.
|
|t:|1657070424
|start
|switch|p1a: Rayquaza|Rayquaza|100/100
|switch|p2a: Legit god|Arceus-Ground|100/100
|-ability|p1a: Rayquaza|Air Lock
|turn|1
|
|t:|1657070437
|switch|p1a: Groudon|Groudon|100/100
|detailschange|p1a: Groudon|Groudon-Primal
|-primal|p1a: Groudon
|-weather|DesolateLand|[from] ability: Desolate Land|[of] p1a: Groudon
|move|p2a: Legit god|Ice Beam|p1a: Groudon
|-damage|p1a: Groudon|72/100
|
|-weather|DesolateLand|[upkeep]
|upkeep
|turn|2
|
|t:|1657070462
|-weather|none
|switch|p1a: Lunala|Lunala|100/100
|move|p2a: Legit god|Judgment|p1a: Lunala
|-damage|p1a: Lunala|89/100
|
|upkeep
|turn|3
|
|t:|1657070471
|switch|p2a: Knifepuppy|Zacian-Crowned|100/100
|-ability|p2a: Knifepuppy|Intrepid Sword|boost
|-boost|p2a: Knifepuppy|atk|1
|move|p1a: Lunala|Will-O-Wisp|p2a: Knifepuppy
|-status|p2a: Knifepuppy|brn
|
|-damage|p2a: Knifepuppy|94/100 brn|[from] brn
|upkeep
|turn|4
|
|t:|1657070478
|switch|p1a: Necrozma|Necrozma-Dusk-Mane|100/100
|move|p2a: Knifepuppy|Behemoth Blade|p1a: Necrozma
|-resisted|p1a: Necrozma
|-damage|p1a: Necrozma|83/100
|
|-damage|p2a: Knifepuppy|88/100 brn|[from] brn
|upkeep
|turn|5
|
|t:|1657070506
|switch|p2a: Legit god|Arceus-Ground|100/100
|move|p1a: Necrozma|Calm Mind|p1a: Necrozma
|-boost|p1a: Necrozma|spa|1
|-boost|p1a: Necrozma|spd|1
|
|upkeep
|turn|6
|j| Demonic Asura
|
|t:|1657070515
|detailschange|p1a: Necrozma|Necrozma-Ultra
|-burst|p1a: Necrozma|Necrozma|Ultranecrozium Z
|move|p2a: Legit god|Judgment|p1a: Necrozma
|-damage|p1a: Necrozma|56/100
|move|p1a: Necrozma|Photon Geyser|p2a: Legit god
|-damage|p2a: Legit god|36/100
|
|upkeep
|turn|7
|c| Demonic Asura|ur so mid ;?
|
|t:|1657070537
|move|p2a: Legit god|Ice Beam|p1a: Necrozma
|-supereffective|p1a: Necrozma
|-damage|p1a: Necrozma|29/100
|-status|p1a: Necrozma|frz
|cant|p1a: Necrozma|frz
|
|upkeep
|turn|8
|c| Demonic Asura|nah but cm ndm is trippy
|c| Demonic Asura|LOL
|c|☆MRH1106|W
|
|t:|1657070550
|move|p2a: Legit god|Ice Beam|p1a: Necrozma
|-supereffective|p1a: Necrozma
|-damage|p1a: Necrozma|0 fnt
|faint|p1a: Necrozma
|
|upkeep
|c|☆MRH1106|goatceus
|c| Demonic Asura|mrh
|
|t:|1657070553
|switch|p1a: Ditto|Ditto|100/100
|-transform|p1a: Ditto|p2a: Legit god|[from] ability: Imposter
|turn|9
|c| Demonic Asura|ima snipe u
|c|☆MRH1106|lmao ight
|c| Demonic Asura|when r u gonna queue
|c|☆MRH1106|i won my other game btw
|c|☆MRH1106|after this
|c| Demonic Asura|i won both of mine
|c|☆MRH1106|its the last game i queued in
|
|t:|1657070570
|move|p1a: Ditto|Ice Beam|p2a: Legit god
|-supereffective|p2a: Legit god
|-damage|p2a: Legit god|2/100
|move|p2a: Legit god|Ice Beam|p1a: Ditto
|-supereffective|p1a: Ditto
|-damage|p1a: Ditto|52/100
|
|upkeep
|turn|10
|c| Demonic Asura|hurry up
|
|t:|1657070578
|move|p1a: Ditto|Ice Beam|p2a: Legit god
|-supereffective|p2a: Legit god
|-damage|p2a: Legit god|0 fnt
|faint|p2a: Legit god
|
|upkeep
|c| Demonic Asura|why wouldnt u recover
|c| Demonic Asura|dumbass
|c|☆MRH1106|they burned my zacian so i only have 3 sweepers to use
|c| Demonic Asura|but
|c| Demonic Asura|why no recover
|c|☆MRH1106|also because i want to get a max airstream with yveltal to increase speed now before i get 1 shot by quaza
|
|t:|1657070604
|switch|p2a: Hells dragon|Yveltal, shiny|100/100
|-ability|p2a: Hells dragon|Dark Aura
|turn|11
|
|t:|1657070611
|switch|p1a: Rayquaza|Rayquaza|100/100
|-ability|p1a: Rayquaza|Air Lock
|-start|p2a: Hells dragon|Dynamax|
|-heal|p2a: Hells dragon|100/100|[silent]
|move|p2a: Hells dragon|Max Airstream|p1a: Rayquaza
|-damage|p1a: Rayquaza|11/100
|-boost|p2a: Hells dragon|spe|1
|-damage|p2a: Hells dragon|96/100|[from] item: Life Orb
|
|upkeep
|turn|12
|
|t:|1657070621
|switch|p1a: Groudon|Groudon-Primal|72/100
|-weather|DesolateLand|[from] ability: Desolate Land|[of] p1a: Groudon
|move|p2a: Hells dragon|Max Airstream|p1a: Groudon
|-damage|p1a: Groudon|0 fnt
|-boost|p2a: Hells dragon|spe|1
|faint|p1a: Groudon
|-weather|none
|-damage|p2a: Hells dragon|91/100|[from] item: Life Orb
|
|upkeep
|c|☆MRH1106|lmao he fell for it no shot he swapped
|c| Demonic Asura|;
|
|t:|1657070630
|switch|p1a: Lunala|Lunala|89/100
|turn|13
|c| Demonic Asura|this is why i use grimmsnarl
|c|☆MRH1106|goofy ah plays
|
|t:|1657070638
|switch|p1a: Kyogre|Kyogre|100/100
|detailschange|p1a: Kyogre|Kyogre-Primal
|-primal|p1a: Kyogre
|-weather|PrimordialSea|[from] ability: Primordial Sea|[of] p1a: Kyogre
|move|p2a: Hells dragon|Max Darkness|p1a: Kyogre
|-damage|p1a: Kyogre|14/100
|-unboost|p1a: Kyogre|spd|1
|-damage|p2a: Hells dragon|86/100|[from] item: Life Orb
|
|-weather|PrimordialSea|[upkeep]
|upkeep
|-end|p2a: Hells dragon|Dynamax
|-heal|p2a: Hells dragon|86/100|[silent]
|turn|14
|c| Demonic Asura|max airsteam 4hkos
|c|☆MRH1106|grimmsnarl is a W
|c| Demonic Asura|does 60%
|
|t:|1657070647
|move|p2a: Hells dragon|Oblivion Wing|p1a: Kyogre
|-damage|p1a: Kyogre|0 fnt
|-heal|p2a: Hells dragon|96/100|[from] drain|[of] p1a: Kyogre
|faint|p1a: Kyogre
|-weather|none
|-damage|p2a: Hells dragon|86/100|[from] item: Life Orb
|
|upkeep
|
|t:|1657070652
|switch|p1a: Ditto|Ditto|52/100
|-transform|p1a: Ditto|p2a: Hells dragon|[from] ability: Imposter
|-ability|p1a: Ditto|Dark Aura
|turn|15
|
|t:|1657070655
|-start|p1a: Ditto|Dynamax|
|-heal|p1a: Ditto|52/100|[silent]
|move|p1a: Ditto|Max Airstream|p2a: Hells dragon
|-damage|p2a: Hells dragon|26/100
|-boost|p1a: Ditto|spe|1
|move|p2a: Hells dragon|Oblivion Wing|p1a: Ditto
|-damage|p1a: Ditto|22/100
|-heal|p2a: Hells dragon|60/100|[from] drain|[of] p1a: Ditto
|-damage|p2a: Hells dragon|50/100|[from] item: Life Orb
|
|upkeep
|turn|16
|c| Demonic Asura|then after screen and spirit break
|c| Demonic Asura|does liek 2
|
|t:|1657070662
|move|p2a: Hells dragon|Sucker Punch|p1a: Ditto
|-resisted|p1a: Ditto
|-damage|p1a: Ditto|4/100
|-damage|p2a: Hells dragon|40/100|[from] item: Life Orb
|move|p1a: Ditto|Max Airstream|p2a: Hells dragon
|-damage|p2a: Hells dragon|0 fnt
|-boost|p1a: Ditto|spe|1
|faint|p2a: Hells dragon
|
|upkeep
|
|t:|1657070664
|switch|p2a: Rayyyy|Rayquaza|100/100
|-ability|p2a: Rayyyy|Air Lock
|turn|17
|
|t:|1657070670
|detailschange|p2a: Rayyyy|Rayquaza-Mega
|-mega|p2a: Rayyyy|Rayquaza|
|-weather|DeltaStream|[from] ability: Delta Stream|[of] p2a: Rayyyy
|move|p2a: Rayyyy|Extreme Speed|p1a: Ditto
|-damage|p1a: Ditto|0 fnt
|faint|p1a: Ditto
|
|-weather|DeltaStream|[upkeep]
|upkeep
|
|t:|1657070677
|switch|p1a: Rayquaza|Rayquaza|11/100
|-ability|p1a: Rayquaza|Air Lock
|turn|18
|c| Demonic Asura|wait is this ndag
|c|☆MRH1106|yessir
|
|t:|1657070688
|detailschange|p1a: Rayquaza|Rayquaza-Mega
|-mega|p1a: Rayquaza|Rayquaza|
|move|p1a: Rayquaza|Extreme Speed|p2a: Rayyyy
|-damage|p2a: Rayyyy|64/100
|move|p2a: Rayyyy|Extreme Speed|p1a: Rayquaza
|-damage|p1a: Rayquaza|0 fnt
|faint|p1a: Rayquaza
|
|-weather|DeltaStream|[upkeep]
|upkeep
|c| Demonic Asura|oh i cant queue you then
|c|☆MRH1106|i mean
|c| Demonic Asura|my elo would be too high
|
|t:|1657070700
|switch|p1a: Lunala|Lunala|89/100
|turn|19
|c| Demonic Asura|and there are some 1850s going around
|c|☆MRH1106|my elo used to be like 150 higher but i started using dumb stuff like sash quaza LMAO
|c| Demonic Asura|so id match them instead
|
|t:|1657070715
|move|p2a: Rayyyy|Dragon Ascent|p1a: Lunala
|-damage|p1a: Lunala|13/100
|-unboost|p2a: Rayyyy|def|1
|-unboost|p2a: Rayyyy|spd|1
|move|p1a: Lunala|Will-O-Wisp|p2a: Rayyyy
|-status|p2a: Rayyyy|brn
|
|-weather|DeltaStream|[upkeep]
|-damage|p2a: Rayyyy|58/100 brn|[from] brn
|upkeep
|turn|20
|
|t:|1657070720
|move|p2a: Rayyyy|Dragon Ascent|p1a: Lunala
|-damage|p1a: Lunala|0 fnt
|-unboost|p2a: Rayyyy|def|1
|-unboost|p2a: Rayyyy|spd|1
|faint|p1a: Lunala
|
|win|MRH1106
|raw|shootmenow5's rating: 1480 &rarr; <strong>1473</strong><br />(-7 for losing)
|raw|MRH1106's rating: 1744 &rarr; <strong>1751</strong><br />(+7 for winning)
|c| Demonic Asura|man i play triple yvel
|c| Demonic Asura|and got 1934
|c|☆MRH1106|thats valid
|c| Demonic Asura|its not
|c| Demonic Asura|its mid af
|c| Demonic Asura|its a meme team aswell
|c|☆MRH1106|i mean as in its funny to use it
|c|☆MRH1106|not like a good team
|c| Demonic Asura|decay is so gay
|c|&|/log Demonic Asura was locked from talking by Artemis (☆Demonic Asura: decay is so gay)
|c|&|/raw <small>This action was done automatically. Want to learn more about the AI? <a href="https://www.smogon.com/forums/threads/3570628/#post-9056769">Visit the information thread</a>.</small>
|c|☆MRH1106|personally i wouldn't get muted like that asura LMAO
||Ladder isn't responding, score probably updated but might not have (Request timeout).
