|j|☆dtc07
|j|☆DarkboiJ
|t:|1664214446
|gametype|singles
|player|p1|dtc07|grimsley|1814
|player|p2|DarkboiJ|blue-gen3two|1803
|teamsize|p1|6
|teamsize|p2|6
|gen|8
|tier|[Gen 8] National Dex AG
|rated|
|rule|HP Percentage Mod: HP is shown in percentages
|rule|Endless Battle Clause: Forcing endless battles is banned
|clearpoke
|poke|p1|Mewtwo|
|poke|p1|Marshadow|
|poke|p1|Zacian-*|
|poke|p1|Necrozma-Dusk-Mane|
|poke|p1|Yveltal|
|poke|p1|Ho-Oh|
|poke|p2|Landorus-Therian, M|
|poke|p2|Ditto|
|poke|p2|Arceus-*|
|poke|p2|Necrozma-Dusk-Mane|
|poke|p2|Deoxys-Speed|
|poke|p2|Giratina-Origin|
|teampreview
|inactive|Battle timer is ON: inactive players will automatically lose when time's up. (requested by dtc07)
|inactive|DarkboiJ also wants the timer to be on.
|
|t:|1664214457
|start
|switch|p1a: Marshadow|Marshadow|100/100
|switch|p2a: Deoxys|Deoxys-Speed|100/100
|-ability|p2a: Deoxys|Pressure
|turn|1
|
|t:|1664214463
|move|p1a: Marshadow|Shadow Sneak|p2a: Deoxys
|-supereffective|p2a: Deoxys
|-enditem|p2a: Deoxys|Focus Sash
|-damage|p2a: Deoxys|1/100
|move|p2a: Deoxys|Stealth Rock|p1a: Marshadow
|-sidestart|p1: dtc07|move: Stealth Rock
|
|upkeep
|turn|2
|
|t:|1664214470
|switch|p2a: Arceus|Arceus|100/100
|move|p1a: Marshadow|Shadow Sneak|p2a: Arceus
|-immune|p2a: Arceus
|
|upkeep
|turn|3
|
|t:|1664214475
|switch|p1a: Necrozma|Necrozma-Dusk-Mane|100/100
|-damage|p1a: Necrozma|94/100|[from] Stealth Rock
|switch|p2a: Deoxys|Deoxys-Speed|1/100
|-ability|p2a: Deoxys|Pressure
|
|upkeep
|turn|4
|
|t:|1664214481
|move|p2a: Deoxys|Taunt|p1a: Necrozma
|-start|p1a: Necrozma|move: Taunt
|move|p1a: Necrozma|Sunsteel Strike|p2a: Deoxys
|-damage|p2a: Deoxys|0 fnt
|faint|p2a: Deoxys
|
|upkeep
|
|t:|1664214485
|switch|p2a: Landorus|Landorus-Therian, M|100/100
|-ability|p2a: Landorus|Intimidate|boost
|-unboost|p1a: Necrozma|atk|1
|turn|5
|
|t:|1664214496
|switch|p1a: Yveltal|Yveltal|100/100
|-ability|p1a: Yveltal|Dark Aura
|-start|p2a: Landorus|Dynamax|
|-heal|p2a: Landorus|100/100|[silent]
|move|p2a: Landorus|Max Airstream|p1a: Yveltal
|-damage|p1a: Yveltal|23/100
|-boost|p2a: Landorus|spe|1
|-damage|p2a: Landorus|96/100|[from] item: Life Orb
|
|upkeep
|turn|6
|
|t:|1664214502
|move|p2a: Landorus|Max Knuckle|p1a: Yveltal
|-damage|p1a: Yveltal|0 fnt
|-boost|p2a: Landorus|atk|1
|faint|p1a: Yveltal
|-damage|p2a: Landorus|91/100|[from] item: Life Orb
|
|upkeep
|j| PlayinMite
|
|t:|1664214524
|switch|p1a: Necrozma|Necrozma-Dusk-Mane|94/100
|-damage|p1a: Necrozma|88/100|[from] Stealth Rock
|turn|7
|
|t:|1664214527
|-start|p1a: Necrozma|Dynamax|
|-heal|p1a: Necrozma|88/100|[silent]
|move|p1a: Necrozma|Max Guard|p1a: Necrozma
|-singleturn|p1a: Necrozma|Max Guard
|move|p2a: Landorus|Max Quake|p1a: Necrozma
|-activate|p1a: Necrozma|move: Max Guard
|
|upkeep
|-end|p2a: Landorus|Dynamax
|-heal|p2a: Landorus|91/100|[silent]
|turn|8
|
|t:|1664214542
|move|p2a: Landorus|Earthquake|p1a: Necrozma
|-supereffective|p1a: Necrozma
|-damage|p1a: Necrozma|43/100
|-damage|p2a: Landorus|81/100|[from] item: Life Orb
|move|p1a: Necrozma|Max Steelspike|p2a: Landorus
|-damage|p2a: Landorus|0 fnt
|-boost|p1a: Necrozma|def|1
|faint|p2a: Landorus
|
|upkeep
|
|t:|1664214559
|switch|p2a: Giratina|Giratina-Origin|100/100
|turn|9
|
|t:|1664214566
|-end|p1a: Necrozma|Dynamax
|-heal|p1a: Necrozma|43/100|[silent]
|switch|p1a: Ho-Oh|Ho-Oh|100/100
|move|p2a: Giratina|Hone Claws|p2a: Giratina
|-boost|p2a: Giratina|atk|1
|-boost|p2a: Giratina|accuracy|1
|
|upkeep
|turn|10
|
|t:|1664214574
|move|p1a: Ho-Oh|Sacred Fire|p2a: Giratina
|-resisted|p2a: Giratina
|-damage|p2a: Giratina|87/100
|move|p2a: Giratina|Poltergeist|p1a: Ho-Oh
|-activate|p1a: Ho-Oh|move: Poltergeist|Heavy-Duty Boots
|-damage|p1a: Ho-Oh|32/100
|
|upkeep
|turn|11
|
|t:|1664214581
|move|p2a: Giratina|Shadow Sneak|p1a: Ho-Oh
|-damage|p1a: Ho-Oh|8/100
|move|p1a: Ho-Oh|Sacred Fire|p2a: Giratina
|-resisted|p2a: Giratina
|-damage|p2a: Giratina|74/100
|
|upkeep
|turn|12
|l| PlayinMite
|
|t:|1664214591
|switch|p1a: Necrozma|Necrozma-Dusk-Mane|43/100
|-damage|p1a: Necrozma|37/100|[from] Stealth Rock
|move|p2a: Giratina|Poltergeist|p1a: Necrozma
|-activate|p1a: Necrozma|move: Poltergeist|Rocky Helmet
|-supereffective|p1a: Necrozma
|-damage|p1a: Necrozma|0 fnt
|faint|p1a: Necrozma
|
|upkeep
|inactive|dtc07 has 120 seconds left.
|
|t:|1664214620
|switch|p1a: Marshadow|Marshadow|100/100
|-damage|p1a: Marshadow|94/100|[from] Stealth Rock
|turn|13
|
|t:|1664214625
|move|p1a: Marshadow|Shadow Sneak|p2a: Giratina
|-supereffective|p2a: Giratina
|-damage|p2a: Giratina|10/100
|move|p2a: Giratina|Shadow Sneak|p1a: Marshadow
|-supereffective|p1a: Marshadow
|-damage|p1a: Marshadow|0 fnt
|faint|p1a: Marshadow
|
|upkeep
|
|t:|1664214629
|switch|p1a: Zacian|Zacian-Crowned|100/100
|-damage|p1a: Zacian|94/100|[from] Stealth Rock
|-ability|p1a: Zacian|Intrepid Sword|boost
|-boost|p1a: Zacian|atk|1
|turn|14
|
|t:|1664214632
|move|p2a: Giratina|Shadow Sneak|p1a: Zacian
|-damage|p1a: Zacian|56/100
|move|p1a: Zacian|Behemoth Blade|p2a: Giratina
|-damage|p2a: Giratina|0 fnt
|faint|p2a: Giratina
|
|upkeep
|
|t:|1664214641
|switch|p2a: Ditto|Ditto, shiny|100/100
|-transform|p2a: Ditto|p1a: Zacian|[from] ability: Imposter
|-ability|p2a: Ditto|Intrepid Sword|boost
|-boost|p2a: Ditto|atk|1
|turn|15
|
|t:|1664214646
|move|p2a: Ditto|Wild Charge|p1a: Zacian
|-crit|p1a: Zacian
|-damage|p1a: Zacian|0 fnt
|faint|p1a: Zacian
|-damage|p2a: Ditto|85/100|[from] Recoil
|
|upkeep
|
|t:|1664214650
|switch|p1a: Mewtwo|Mewtwo|100/100
|-damage|p1a: Mewtwo|88/100|[from] Stealth Rock
|-ability|p1a: Mewtwo|Pressure
|turn|16
|
|t:|1664214653
|detailschange|p1a: Mewtwo|Mewtwo-Mega-Y
|-mega|p1a: Mewtwo|Mewtwo|Mewtwonite Y
|move|p2a: Ditto|Wild Charge|p1a: Mewtwo
|-damage|p1a: Mewtwo|4/100
|-damage|p2a: Ditto|61/100|[from] Recoil
|move|p1a: Mewtwo|Fire Blast|p2a: Ditto
|-supereffective|p2a: Ditto
|-damage|p2a: Ditto|0 fnt
|faint|p2a: Ditto
|
|upkeep
|
|t:|1664214660
|switch|p2a: Arceus|Arceus|100/100
|turn|17
|
|t:|1664214663
|move|p2a: Arceus|Extreme Speed|p1a: Mewtwo
|-crit|p1a: Mewtwo
|-damage|p1a: Mewtwo|0 fnt
|faint|p1a: Mewtwo
|
|upkeep
|
|t:|1664214665
|switch|p1a: Ho-Oh|Ho-Oh|41/100
|turn|18
|
|t:|1664214667
|move|p2a: Arceus|Swords Dance|p2a: Arceus
|-boost|p2a: Arceus|atk|2
|move|p1a: Ho-Oh|Recover|p1a: Ho-Oh
|-heal|p1a: Ho-Oh|91/100
|
|upkeep
|turn|19
|
|t:|1664214670
|move|p2a: Arceus|Extreme Speed|p1a: Ho-Oh
|-damage|p1a: Ho-Oh|38/100
|move|p1a: Ho-Oh|Sacred Fire|p2a: Arceus
|-damage|p2a: Arceus|71/100
|-status|p2a: Arceus|brn
|-enditem|p2a: Arceus|Lum Berry|[eat]
|-curestatus|p2a: Arceus|brn|[msg]
|
|upkeep
|turn|20
|
|t:|1664214675
|move|p2a: Arceus|Extreme Speed|p1a: Ho-Oh
|-damage|p1a: Ho-Oh|0 fnt
|faint|p1a: Ho-Oh
|
|win|DarkboiJ
|raw|dtc07's rating: 1814 &rarr; <strong>1793</strong><br />(-21 for losing)
|raw|DarkboiJ's rating: 1803 &rarr; <strong>1824</strong><br />(+21 for winning)
|l|☆dtc07
