|j|☆CLEAR GEM清瑜
|j|☆kerrozxl-
|t:|1662084934
|gametype|singles
|player|p1|CLEAR GEM清瑜|skierf|1771
|player|p2|kerrozxl-|unknownf|1708
|teamsize|p1|6
|teamsize|p2|6
|gen|8
|tier|[Gen 8] National Dex AG
|rated|
|rule|HP Percentage Mod: HP is shown in percentages
|rule|Endless Battle Clause: Forcing endless battles is banned
|clearpoke
|poke|p1|Rayquaza|
|poke|p1|Groudon|
|poke|p1|Necrozma-Dusk-Mane|
|poke|p1|Arceus-*|
|poke|p1|Arceus-*|
|poke|p1|Arceus-*|
|poke|p2|Arceus-*|
|poke|p2|Necrozma-Dusk-Mane|
|poke|p2|Lugia|
|poke|p2|Groudon|
|poke|p2|Zygarde|
|poke|p2|Smeargle, F|
|teampreview
|inactive|Battle timer is ON: inactive players will automatically lose when time's up. (requested by CLEAR GEM清瑜)
|
|t:|1662084939
|start
|switch|p1a: 究极辅助|Arceus-Dark|100/100
|switch|p2a: Smeargle|Smeargle, F|100/100
|turn|1
|j| M.E.G Freddy C
|
|t:|1662084953
|move|p1a: 究极辅助|Magic Coat|p1a: 究极辅助
|-singleturn|p1a: 究极辅助|move: Magic Coat
|move|p2a: Smeargle|Spore|p1a: 究极辅助
|move|p1a: 究极辅助|Spore|p2a: Smeargle|[from]Magic Coat
|-status|p2a: Smeargle|slp|[from] move: Spore
|
|upkeep
|turn|2
|
|t:|1662084957
|move|p1a: 究极辅助|Judgment|p2a: Smeargle
|-enditem|p2a: Smeargle|Focus Sash
|-damage|p2a: Smeargle|1/100 slp
|cant|p2a: Smeargle|slp
|
|upkeep
|turn|3
|
|t:|1662084964
|move|p1a: 究极辅助|Judgment|p2a: Smeargle
|-damage|p2a: Smeargle|0 fnt
|faint|p2a: Smeargle
|
|upkeep
|
|t:|1662084973
|switch|p2a: Arceus|Arceus-Dark|100/100
|turn|4
|
|t:|1662084975
|move|p1a: 究极辅助|Magic Coat|p1a: 究极辅助
|-singleturn|p1a: 究极辅助|move: Magic Coat
|move|p2a: Arceus|Whirlpool|p1a: 究极辅助
|-damage|p1a: 究极辅助|95/100
|-activate|p1a: 究极辅助|move: Whirlpool|[of] p2a: Arceus
|
|-damage|p1a: 究极辅助|82/100|[from] move: Whirlpool|[partiallytrapped]
|upkeep
|turn|5
|
|t:|1662084980
|move|p2a: Arceus|Perish Song|p2a: Arceus
|-start|p1a: 究极辅助|perish3|[silent]
|-start|p2a: Arceus|perish3|[silent]
|-fieldactivate|move: Perish Song
|move|p1a: 究极辅助|Roar|p2a: Arceus
|drag|p2a: Necrozma|Necrozma-Dusk-Mane|100/100
|
|-end|p1a: 究极辅助|Whirlpool|[partiallytrapped]|[silent]
|-start|p1a: 究极辅助|perish3
|upkeep
|turn|6
|
|t:|1662084984
|switch|p2a: Arceus|Arceus-Dark|100/100
|move|p1a: 究极辅助|Judgment|p2a: Arceus
|-resisted|p2a: Arceus
|-damage|p2a: Arceus|83/100
|
|-start|p1a: 究极辅助|perish2
|upkeep
|turn|7
|
|t:|1662084987
|move|p2a: Arceus|Whirlpool|p1a: 究极辅助
|-damage|p1a: 究极辅助|75/100
|-activate|p1a: 究极辅助|move: Whirlpool|[of] p2a: Arceus
|move|p1a: 究极辅助|Roar|p2a: Arceus
|drag|p2a: Groudon|Groudon|100/100
|detailschange|p2a: Groudon|Groudon-Primal
|-primal|p2a: Groudon
|-weather|DesolateLand|[from] ability: Desolate Land|[of] p2a: Groudon
|
|-weather|DesolateLand|[upkeep]
|-end|p1a: 究极辅助|Whirlpool|[partiallytrapped]|[silent]
|-start|p1a: 究极辅助|perish1
|upkeep
|turn|8
|
|t:|1662084991
|-weather|none
|switch|p2a: Arceus|Arceus-Dark|83/100
|move|p1a: 究极辅助|Judgment|p2a: Arceus
|-resisted|p2a: Arceus
|-damage|p2a: Arceus|63/100
|
|-start|p1a: 究极辅助|perish0
|upkeep
|faint|p1a: 究极辅助
|
|t:|1662084996
|switch|p1a: 烈龙无敌|Rayquaza, shiny|100/100
|-ability|p1a: 烈龙无敌|Air Lock
|turn|9
|
|t:|1662085001
|detailschange|p1a: 烈龙无敌|Rayquaza-Mega, shiny
|-mega|p1a: 烈龙无敌|Rayquaza|
|-weather|DeltaStream|[from] ability: Delta Stream|[of] p1a: 烈龙无敌
|-zpower|p2a: Arceus
|move|p2a: Arceus|Black Hole Eclipse|p1a: 烈龙无敌|[zeffect]
|-damage|p1a: 烈龙无敌|42/100
|move|p1a: 烈龙无敌|Dragon Dance|p1a: 烈龙无敌
|-boost|p1a: 烈龙无敌|atk|1
|-boost|p1a: 烈龙无敌|spe|1
|
|-weather|DeltaStream|[upkeep]
|upkeep
|turn|10
|
|t:|1662085010
|move|p1a: 烈龙无敌|Dragon Ascent|p2a: Arceus
|-damage|p2a: Arceus|0 fnt
|-unboost|p1a: 烈龙无敌|def|1
|-unboost|p1a: 烈龙无敌|spd|1
|faint|p2a: Arceus
|
|-weather|DeltaStream|[upkeep]
|upkeep
|-message|kerrozxl- forfeited.
|
|win|CLEAR GEM清瑜
|raw|CLEAR GEM清瑜's rating: 1771 &rarr; <strong>1787</strong><br />(+16 for winning)
|raw|kerrozxl-'s rating: 1708 &rarr; <strong>1692</strong><br />(-16 for losing)
|l| M.E.G Freddy C
||Ladder isn't responding, score probably updated but might not have (Request timeout).
