|j|☆0.9mirror
|j|☆Flame of the Soul
|inactive|Battle timer is ON: inactive players will automatically lose when time's up.
|t:|1661869828
|gametype|singles
|player|p1|0.9mirror|klara|
|player|p2|Flame of the Soul|lance-masters|
|teamsize|p1|6
|teamsize|p2|6
|gen|8
|tier|[Gen 8] National Dex AG
|rated|Tournament battle
|rule|HP Percentage Mod: HP is shown in percentages
|rule|Endless Battle Clause: Forcing endless battles is banned
|clearpoke
|poke|p1|Arceus-*|
|poke|p1|Zacian-*|
|poke|p1|Kyogre|
|poke|p1|Rayquaza|
|poke|p1|Marshadow|
|poke|p1|Ditto|
|poke|p2|Zekrom|
|poke|p2|Giratina|
|poke|p2|Arceus-*|
|poke|p2|Necrozma-Dusk-Mane|
|poke|p2|Yveltal|
|poke|p2|Arceus-*|
|teampreview
|inactive|Flame of the Soul also wants the timer to be on.
|j| smoolic alt
|j| GamingWithSceptile
|
|t:|1661869842
|start
|switch|p1a: Rayquaza|Rayquaza|100/100
|switch|p2a: Giratina|Giratina|100/100
|-ability|p1a: Rayquaza|Air Lock
|-ability|p2a: Giratina|Pressure
|turn|1
|
|t:|1661869845
|detailschange|p1a: Rayquaza|Rayquaza-Mega
|-mega|p1a: Rayquaza|Rayquaza|
|-weather|DeltaStream|[from] ability: Delta Stream|[of] p1a: Rayquaza
|move|p1a: Rayquaza|Scale Shot|p2a: Giratina
|-supereffective|p2a: Giratina
|-damage|p2a: Giratina|82/100
|-supereffective|p2a: Giratina
|-damage|p2a: Giratina|63/100
|-supereffective|p2a: Giratina
|-damage|p2a: Giratina|44/100
|-hitcount|p2a: Giratina|3
|-unboost|p1a: Rayquaza|def|1
|-boost|p1a: Rayquaza|spe|1
|-damage|p1a: Rayquaza|91/100|[from] item: Life Orb
|move|p2a: Giratina|Will-O-Wisp|p1a: Rayquaza
|-status|p1a: Rayquaza|brn
|
|-weather|DeltaStream|[upkeep]
|-heal|p2a: Giratina|50/100|[from] item: Leftovers
|-damage|p1a: Rayquaza|85/100 brn|[from] brn
|upkeep
|turn|2
|
|t:|1661869861
|switch|p2a: Necrozma|Necrozma-Dusk-Mane|100/100
|move|p1a: Rayquaza|Dragon Ascent|p2a: Necrozma
|-resisted|p2a: Necrozma
|-damage|p2a: Necrozma|87/100
|-unboost|p1a: Rayquaza|def|1
|-unboost|p1a: Rayquaza|spd|1
|-damage|p1a: Rayquaza|68/100 brn|[from] item: Rocky Helmet|[of] p2a: Necrozma
|-damage|p1a: Rayquaza|58/100 brn|[from] item: Life Orb
|
|-weather|DeltaStream|[upkeep]
|-damage|p1a: Rayquaza|52/100 brn|[from] brn
|upkeep
|turn|3
|
|t:|1661869868
|-weather|none
|switch|p1a: Kyogre|Kyogre|100/100
|detailschange|p1a: Kyogre|Kyogre-Primal
|-primal|p1a: Kyogre
|-weather|PrimordialSea|[from] ability: Primordial Sea|[of] p1a: Kyogre
|move|p2a: Necrozma|Stealth Rock|p1a: Kyogre
|-sidestart|p1: 0.9mirror|move: Stealth Rock
|
|-weather|PrimordialSea|[upkeep]
|upkeep
|turn|4
|j| LocalMetagross
|
|t:|1661869878
|switch|p2a: Giratina|Giratina|50/100
|-ability|p2a: Giratina|Pressure
|move|p1a: Kyogre|Water Spout|p2a: Giratina
|-resisted|p2a: Giratina
|-damage|p2a: Giratina|9/100
|
|-weather|PrimordialSea|[upkeep]
|-heal|p2a: Giratina|15/100|[from] item: Leftovers
|upkeep
|turn|5
|
|t:|1661869882
|move|p1a: Kyogre|Water Spout|p2a: Giratina
|-resisted|p2a: Giratina
|-damage|p2a: Giratina|0 fnt
|faint|p2a: Giratina
|
|-weather|PrimordialSea|[upkeep]
|upkeep
|
|t:|1661869886
|switch|p2a: Zekrom|Zekrom, shiny|100/100
|-ability|p2a: Zekrom|Teravolt
|turn|6
|
|t:|1661869892
|move|p1a: Kyogre|Ice Beam|p2a: Zekrom
|-supereffective|p2a: Zekrom
|-damage|p2a: Zekrom|28/100
|move|p2a: Zekrom|Bolt Strike|p1a: Kyogre
|-supereffective|p1a: Kyogre
|-damage|p1a: Kyogre|0 fnt
|faint|p1a: Kyogre
|-weather|none
|
|-heal|p2a: Zekrom|34/100|[from] item: Leftovers
|upkeep
|
|t:|1661869897
|switch|p1a: Rayquaza|Rayquaza-Mega|52/100 brn
|-damage|p1a: Rayquaza|27/100 brn|[from] Stealth Rock
|-weather|DeltaStream|[from] ability: Delta Stream|[of] p1a: Rayquaza
|turn|7
|
|t:|1661869901
|switch|p2a: Necrozma|Necrozma-Dusk-Mane|87/100
|move|p1a: Rayquaza|V-create|p2a: Necrozma
|-supereffective|p2a: Necrozma
|-damage|p2a: Necrozma|46/100
|-unboost|p1a: Rayquaza|spe|1
|-unboost|p1a: Rayquaza|def|1
|-unboost|p1a: Rayquaza|spd|1
|-damage|p1a: Rayquaza|11/100 brn|[from] item: Rocky Helmet|[of] p2a: Necrozma
|-damage|p1a: Rayquaza|1/100 brn|[from] item: Life Orb
|
|-weather|DeltaStream|[upkeep]
|-damage|p1a: Rayquaza|0 fnt|[from] brn
|faint|p1a: Rayquaza
|-weather|none
|upkeep
|c| LocalMetagross|zekrom has kinda showed off this tournament ngl
|
|t:|1661869909
|switch|p1a: Marshadow|Marshadow|100/100
|-damage|p1a: Marshadow|94/100|[from] Stealth Rock
|turn|8
|
|t:|1661869911
|switch|p2a: Yveltal|Yveltal|100/100
|-ability|p2a: Yveltal|Dark Aura
|move|p1a: Marshadow|Bulk Up|p1a: Marshadow
|-boost|p1a: Marshadow|atk|1
|-boost|p1a: Marshadow|def|1
|
|upkeep
|turn|9
|
|t:|1661869913
|move|p1a: Marshadow|Close Combat|p2a: Yveltal
|-damage|p2a: Yveltal|26/100
|-unboost|p1a: Marshadow|def|1
|-unboost|p1a: Marshadow|spd|1
|move|p2a: Yveltal|Foul Play|p1a: Marshadow
|-damage|p1a: Marshadow|0 fnt
|faint|p1a: Marshadow
|
|upkeep
|
|t:|1661869920
|switch|p1a: Zacian|Zacian-Crowned|100/100
|-damage|p1a: Zacian|94/100|[from] Stealth Rock
|-ability|p1a: Zacian|Intrepid Sword|boost
|-boost|p1a: Zacian|atk|1
|turn|10
|j| superior blaziken
|
|t:|1661869940
|move|p1a: Zacian|Close Combat|p2a: Yveltal
|-damage|p2a: Yveltal|0 fnt
|-unboost|p1a: Zacian|def|1
|-unboost|p1a: Zacian|spd|1
|faint|p2a: Yveltal
|
|upkeep
|
|t:|1661869942
|switch|p2a: Necrozma|Necrozma-Dusk-Mane|46/100
|turn|11
|
|t:|1661869945
|move|p1a: Zacian|Close Combat|p2a: Necrozma
|-damage|p2a: Necrozma|4/100
|-unboost|p1a: Zacian|def|1
|-unboost|p1a: Zacian|spd|1
|-damage|p1a: Zacian|78/100|[from] item: Rocky Helmet|[of] p2a: Necrozma
|move|p2a: Necrozma|Morning Sun|p2a: Necrozma
|-heal|p2a: Necrozma|54/100
|
|upkeep
|turn|12
|
|t:|1661869949
|switch|p1a: Arceus|Arceus-Electric|100/100
|-damage|p1a: Arceus|88/100|[from] Stealth Rock
|move|p2a: Necrozma|Morning Sun|p2a: Necrozma
|-heal|p2a: Necrozma|100/100
|
|upkeep
|turn|13
|
|t:|1661869955
|switch|p2a: Arceus|Arceus-Ground|100/100
|move|p1a: Arceus|Stealth Rock|p2a: Arceus
|-sidestart|p2: Flame of the Soul|move: Stealth Rock
|
|upkeep
|turn|14
|
|t:|1661869958
|-start|p1a: Arceus|Dynamax|
|-heal|p1a: Arceus|88/100|[silent]
|move|p1a: Arceus|Max Hailstorm|p2a: Arceus
|-supereffective|p2a: Arceus
|-crit|p2a: Arceus
|-damage|p2a: Arceus|17/100
|-weather|Hail
|move|p2a: Arceus|Judgment|p1a: Arceus
|-supereffective|p1a: Arceus
|-damage|p1a: Arceus|49/100
|
|-weather|Hail|[upkeep]
|-damage|p2a: Arceus|11/100|[from] Hail
|-damage|p1a: Arceus|46/100|[from] Hail
|upkeep
|turn|15
|
|t:|1661869970
|-start|p2a: Arceus|Dynamax|
|-heal|p2a: Arceus|11/100|[silent]
|move|p1a: Arceus|Max Quake|p2a: Arceus
|-damage|p2a: Arceus|0 fnt
|-boost|p1a: Arceus|spd|1
|faint|p2a: Arceus
|
|-weather|Hail|[upkeep]
|-damage|p1a: Arceus|43/100|[from] Hail
|upkeep
|c| superior blaziken|not him wasting his dmax
|c| GamingWithSceptile|Fr
|c|☆Flame of the Soul|Damn u won to ties
|
|t:|1661869988
|switch|p2a: Arceus|Arceus-Fairy|100/100
|-damage|p2a: Arceus|88/100|[from] Stealth Rock
|turn|16
|
|t:|1661869997
|switch|p2a: Zekrom|Zekrom, shiny|34/100
|-damage|p2a: Zekrom|22/100|[from] Stealth Rock
|-ability|p2a: Zekrom|Teravolt
|move|p1a: Arceus|Max Lightning|p2a: Zekrom
|-resisted|p2a: Zekrom
|-damage|p2a: Zekrom|3/100
|-fieldstart|move: Electric Terrain
|
|-weather|Hail|[upkeep]
|-damage|p1a: Arceus|40/100|[from] Hail
|-damage|p2a: Zekrom|0 fnt|[from] Hail
|faint|p2a: Zekrom
|upkeep
|
|t:|1661869999
|switch|p2a: Arceus|Arceus-Fairy|88/100
|-damage|p2a: Arceus|76/100|[from] Stealth Rock
|-end|p1a: Arceus|Dynamax
|-heal|p1a: Arceus|40/100|[silent]
|turn|17
|
|t:|1661870005
|move|p1a: Arceus|Judgment|p2a: Arceus
|-damage|p2a: Arceus|22/100
|move|p2a: Arceus|Recover|p2a: Arceus
|-heal|p2a: Arceus|72/100
|
|-weather|Hail|[upkeep]
|-damage|p1a: Arceus|34/100|[from] Hail
|-damage|p2a: Arceus|66/100|[from] Hail
|upkeep
|turn|18
|c| smoolic alt|u could have dynamaxed fairyceus
|
|t:|1661870013
|move|p1a: Arceus|Judgment|p2a: Arceus
|-damage|p2a: Arceus|18/100
|move|p2a: Arceus|Recover|p2a: Arceus
|-heal|p2a: Arceus|68/100
|
|-weather|none
|upkeep
|turn|19
|
|t:|1661870016
|move|p1a: Arceus|Judgment|p2a: Arceus
|-damage|p2a: Arceus|19/100
|move|p2a: Arceus|Recover|p2a: Arceus
|-heal|p2a: Arceus|69/100
|
|upkeep
|turn|20
|
|t:|1661870019
|move|p1a: Arceus|Stealth Rock||[still]
|-fail|p1a: Arceus
|move|p2a: Arceus|Recover|p2a: Arceus
|-heal|p2a: Arceus|100/100
|
|-fieldend|move: Electric Terrain
|upkeep
|turn|21
|
|t:|1661870023
|switch|p1a: Zacian|Zacian-Crowned|78/100
|-damage|p1a: Zacian|72/100|[from] Stealth Rock
|-ability|p1a: Zacian|Intrepid Sword|boost
|-boost|p1a: Zacian|atk|1
|move|p2a: Arceus|Will-O-Wisp|p1a: Zacian
|-status|p1a: Zacian|brn
|
|-damage|p1a: Zacian|65/100 brn|[from] brn
|upkeep
|turn|22
|
|t:|1661870030
|switch|p1a: Ditto|Ditto|100/100
|-damage|p1a: Ditto|88/100|[from] Stealth Rock
|-transform|p1a: Ditto|p2a: Arceus|[from] ability: Imposter
|switch|p2a: Necrozma|Necrozma-Dusk-Mane|100/100
|-damage|p2a: Necrozma|94/100|[from] Stealth Rock
|
|upkeep
|turn|23
|c|☆Flame of the Soul|Gg btw
|
|t:|1661870043
|move|p1a: Ditto|Will-O-Wisp|p2a: Necrozma
|-status|p2a: Necrozma|brn
|move|p2a: Necrozma|Sunsteel Strike|p1a: Ditto
|-supereffective|p1a: Ditto
|-damage|p1a: Ditto|50/100
|
|-damage|p2a: Necrozma|88/100 brn|[from] brn
|upkeep
|turn|24
|c| superior blaziken|nice burn
|inactive|Flame of the Soul has 120 seconds left.
|c| LocalMetagross|burned zacian, fairy ditto and 34% eleceus
|
|t:|1661870095
|switch|p1a: Arceus|Arceus-Electric|34/100
|-damage|p1a: Arceus|21/100|[from] Stealth Rock
|move|p2a: Necrozma|Sunsteel Strike|p1a: Arceus
|-resisted|p1a: Arceus
|-damage|p1a: Arceus|12/100
|
|-damage|p2a: Necrozma|82/100 brn|[from] brn
|upkeep
|turn|25
|
|t:|1661870099
|switch|p2a: Arceus|Arceus-Fairy|100/100
|-damage|p2a: Arceus|88/100|[from] Stealth Rock
|move|p1a: Arceus|Judgment|p2a: Arceus
|-damage|p2a: Arceus|48/100
|
|upkeep
|turn|26
|
|t:|1661870104
|move|p1a: Arceus|Judgment|p2a: Arceus
|-damage|p2a: Arceus|8/100
|move|p2a: Arceus|Recover|p2a: Arceus
|-heal|p2a: Arceus|58/100
|
|upkeep
|turn|27
|
|t:|1661870107
|switch|p1a: Zacian|Zacian-Crowned|65/100 brn
|-damage|p1a: Zacian|59/100 brn|[from] Stealth Rock
|-ability|p1a: Zacian|Intrepid Sword|boost
|-boost|p1a: Zacian|atk|1
|move|p2a: Arceus|Recover|p2a: Arceus
|-heal|p2a: Arceus|100/100
|
|-damage|p1a: Zacian|53/100 brn|[from] brn
|upkeep
|turn|28
|
|t:|1661870118
|switch|p2a: Necrozma|Necrozma-Dusk-Mane|82/100 brn
|-damage|p2a: Necrozma|76/100 brn|[from] Stealth Rock
|move|p1a: Zacian|Behemoth Blade|p2a: Necrozma
|-resisted|p2a: Necrozma
|-damage|p2a: Necrozma|64/100 brn
|-damage|p1a: Zacian|36/100 brn|[from] item: Rocky Helmet|[of] p2a: Necrozma
|
|-damage|p1a: Zacian|30/100 brn|[from] brn
|-damage|p2a: Necrozma|58/100 brn|[from] brn
|upkeep
|turn|29
|
|t:|1661870122
|switch|p1a: Ditto|Ditto|50/100
|-damage|p1a: Ditto|38/100|[from] Stealth Rock
|-transform|p1a: Ditto|p2a: Necrozma|[from] ability: Imposter
|move|p2a: Necrozma|Morning Sun|p2a: Necrozma
|-heal|p2a: Necrozma|100/100 brn
|
|-damage|p2a: Necrozma|94/100 brn|[from] brn
|upkeep
|turn|30
|
|t:|1661870128
|switch|p2a: Arceus|Arceus-Fairy|100/100
|-damage|p2a: Arceus|88/100|[from] Stealth Rock
|move|p1a: Ditto|Morning Sun|p1a: Ditto
|-heal|p1a: Ditto|88/100
|
|upkeep
|turn|31
|
|t:|1661870133
|switch|p1a: Arceus|Arceus-Electric|12/100
|-damage|p1a: Arceus|0 fnt|[from] Stealth Rock
|faint|p1a: Arceus
|move|p2a: Arceus|Whirlpool|p1: Arceus|[notarget]
|-fail|p2a: Arceus
|
|upkeep
|
|t:|1661870135
|switch|p1a: Ditto|Ditto|88/100
|-damage|p1a: Ditto|75/100|[from] Stealth Rock
|-transform|p1a: Ditto|p2a: Arceus|[from] ability: Imposter
|turn|32
|c| GamingWithSceptile|Mirror is ur arceus choice locked?
|
|t:|1661870139
|move|p1a: Ditto|Perish Song|p1a: Ditto
|-start|p1a: Ditto|perish3|[silent]
|-start|p2a: Arceus|perish3|[silent]
|-fieldactivate|move: Perish Song
|move|p2a: Arceus|Whirlpool|p1a: Ditto
|-damage|p1a: Ditto|66/100
|-activate|p1a: Ditto|move: Whirlpool|[of] p2a: Arceus
|
|-damage|p1a: Ditto|54/100|[from] move: Whirlpool|[partiallytrapped]
|-start|p1a: Ditto|perish3
|-start|p2a: Arceus|perish3
|upkeep
|turn|33
|c| LocalMetagross|they cant be
|c|☆0.9mirror|i will lose
|c| LocalMetagross|they're holding either electric z or zap plate
|
|t:|1661870155
|move|p1a: Ditto|Perish Song||[still]
|-fail|p1a: Ditto
|move|p2a: Arceus|Whirlpool|p1a: Ditto
|-damage|p1a: Ditto|45/100
|
|-damage|p1a: Ditto|33/100|[from] move: Whirlpool|[partiallytrapped]
|-start|p1a: Ditto|perish2
|-start|p2a: Arceus|perish2
|upkeep
|turn|34
|j| High ladder bros
|c|☆0.9mirror|zap plate
|c|☆Flame of the Soul|Yh gg
|c| LocalMetagross|ggs
|c|☆0.9mirror|gg
|c| LocalMetagross|is this finals
|
|t:|1661870172
|move|p1a: Ditto|Perish Song||[still]
|-fail|p1a: Ditto
|move|p2a: Arceus|Will-O-Wisp|p1a: Ditto
|-status|p1a: Ditto|brn
|
|-damage|p1a: Ditto|27/100 brn|[from] brn
|-damage|p1a: Ditto|15/100 brn|[from] move: Whirlpool|[partiallytrapped]
|-start|p1a: Ditto|perish1
|-start|p2a: Arceus|perish1
|upkeep
|turn|35
|
|t:|1661870177
|switch|p2a: Necrozma|Necrozma-Dusk-Mane|94/100 brn
|-damage|p2a: Necrozma|88/100 brn|[from] Stealth Rock
|move|p1a: Ditto|Perish Song|p1a: Ditto
|-start|p2a: Necrozma|perish3|[silent]
|-fieldactivate|move: Perish Song
|
|-damage|p1a: Ditto|9/100 brn|[from] brn
|-damage|p2a: Necrozma|82/100 brn|[from] brn
|-end|p1a: Ditto|Whirlpool|[partiallytrapped]|[silent]
|-start|p1a: Ditto|perish0
|-start|p2a: Necrozma|perish3
|faint|p1a: Ditto
|upkeep
|c|☆0.9mirror|gg
|c| superior blaziken|yea its the finals
|-message|0.9mirror forfeited.
|
|win|Flame of the Soul
|n|☆0.9mirror|09mirror
|n|☆Flame of the Soul|flameofthesoul
|n| smoolic alt|smoolicalt
|n| GamingWithSceptile|gamingwithsceptile
|n| LocalMetagross|localmetagross
|n| superior blaziken|superiorblaziken
|n| High ladder bros|highladderbros
|l|☆0.9mirror
|l| superior blaziken
|l| GamingWithSceptile
|l|☆Flame of the Soul
|l| LocalMetagross
|l| High ladder bros
|l| smoolic alt
|j|☆0.9mirror
|player|p1|0.9mirror|klara
