|j|☆Master kushagra
|j|☆Apprenti Buck
|inactive|Battle timer is ON: inactive players will automatically lose when time's up.
|t:|1652636144
|gametype|singles
|player|p1|Master kushagra|leon-tower|
|player|p2|Apprenti Buck|mustard-master|
|teamsize|p1|6
|teamsize|p2|6
|gen|8
|tier|[Gen 8] National Dex AG
|rated|Tournament battle
|rule|HP Percentage Mod: HP is shown in percentages
|rule|Endless Battle Clause: Forcing endless battles is banned
|clearpoke
|poke|p1|Necrozma-Dusk-Mane|
|poke|p1|Arceus-*|
|poke|p1|Arceus-*|
|poke|p1|Arceus-*|
|poke|p1|Marshadow|
|poke|p1|Rayquaza|
|poke|p2|Gengar, F|
|poke|p2|Giratina-Origin|
|poke|p2|Quagsire, F|
|poke|p2|Arceus-*|
|poke|p2|Yveltal|
|poke|p2|Zacian-*|
|teampreview
|inactive|Apprenti Buck also wants the timer to be on.
|j|@pichus
|c|☆Master kushagra|hf
|
|t:|1652636159
|start
|switch|p1a: Arceus|Arceus-Ground|100/100
|switch|p2a: Arceus|Arceus-Ground|100/100
|turn|1
|
|t:|1652636166
|move|p1a: Arceus|Magic Coat|p1a: Arceus
|-singleturn|p1a: Arceus|move: Magic Coat
|move|p2a: Arceus|Stealth Rock|p1a: Arceus
|move|p1a: Arceus|Stealth Rock|p2a: Arceus|[from]Magic Coat
|-sidestart|p2: Apprenti Buck|move: Stealth Rock
|
|upkeep
|turn|2
|
|t:|1652636172
|-zpower|p1a: Arceus
|move|p1a: Arceus|Tectonic Rage|p2a: Arceus|[zeffect]
|-crit|p2a: Arceus
|-damage|p2a: Arceus|21/100
|move|p2a: Arceus|Stealth Rock|p1a: Arceus
|-sidestart|p1: Master kushagra|move: Stealth Rock
|
|upkeep
|turn|3
|
|t:|1652636177
|move|p1a: Arceus|Earthquake|p2a: Arceus
|-damage|p2a: Arceus|0 fnt
|faint|p2a: Arceus
|
|upkeep
|j| skylink42\
|
|t:|1652636186
|switch|p2a: Quagsire|Quagsire, F|100/100
|-damage|p2a: Quagsire|94/100|[from] Stealth Rock
|turn|4
|
|t:|1652636189
|move|p1a: Arceus|Magic Coat|p1a: Arceus
|-singleturn|p1a: Arceus|move: Magic Coat
|move|p2a: Quagsire|Toxic|p1a: Arceus
|move|p1a: Arceus|Toxic|p2a: Quagsire|[from]Magic Coat
|-status|p2a: Quagsire|tox
|
|-damage|p2a: Quagsire|88/100 tox|[from] psn
|upkeep
|turn|5
|c|☆Apprenti Buck|That was kinda obvious
|c|☆Master kushagra|yeah
|
|t:|1652636211
|switch|p1a: zacian destroyer|Necrozma-Dusk-Mane|100/100
|-damage|p1a: zacian destroyer|94/100|[from] Stealth Rock
|move|p2a: Quagsire|Toxic|p1a: zacian destroyer
|-immune|p1a: zacian destroyer
|
|-damage|p2a: Quagsire|76/100 tox|[from] psn
|upkeep
|turn|6
|
|t:|1652636221
|switch|p2a: Giratina|Giratina-Origin|100/100
|-damage|p2a: Giratina|88/100|[from] Stealth Rock
|move|p1a: zacian destroyer|Thunder Wave|p2a: Giratina
|-status|p2a: Giratina|par
|
|upkeep
|turn|7
|
|t:|1652636248
|move|p1a: zacian destroyer|Sunsteel Strike|p2a: Giratina
|-damage|p2a: Giratina|56/100 par
|cant|p2a: Giratina|par
|
|upkeep
|turn|8
|
|t:|1652636252
|move|p1a: zacian destroyer|Morning Sun|p1a: zacian destroyer
|-heal|p1a: zacian destroyer|100/100
|move|p2a: Giratina|Shadow Force||[still]
|-prepare|p2a: Giratina|Shadow Force
|
|upkeep
|turn|9
|
|t:|1652636258
|move|p1a: zacian destroyer|Morning Sun|p1a: zacian destroyer
|-fail|p1a: zacian destroyer|heal
|move|p2a: Giratina|Shadow Force|p1a: zacian destroyer|[from]lockedmove
|-supereffective|p1a: zacian destroyer
|-damage|p1a: zacian destroyer|29/100
|-enditem|p1a: zacian destroyer|Weakness Policy
|-boost|p1a: zacian destroyer|atk|2|[from] item: Weakness Policy
|-boost|p1a: zacian destroyer|spa|2|[from] item: Weakness Policy
|
|upkeep
|turn|10
|
|t:|1652636261
|move|p2a: Giratina|Shadow Sneak|p1a: zacian destroyer
|-supereffective|p1a: zacian destroyer
|-damage|p1a: zacian destroyer|7/100
|move|p1a: zacian destroyer|Morning Sun|p1a: zacian destroyer
|-heal|p1a: zacian destroyer|57/100
|
|upkeep
|turn|11
|
|t:|1652636267
|-start|p1a: zacian destroyer|Dynamax|
|-heal|p1a: zacian destroyer|57/100|[silent]
|move|p1a: zacian destroyer|Max Steelspike|p2a: Giratina
|-damage|p2a: Giratina|0 fnt
|-boost|p1a: zacian destroyer|def|1
|faint|p2a: Giratina
|
|upkeep
|
|t:|1652636273
|switch|p2a: Gengar|Gengar, F|100/100
|-damage|p2a: Gengar|88/100|[from] Stealth Rock
|turn|12
|
|t:|1652636277
|detailschange|p2a: Gengar|Gengar-Mega, F
|-mega|p2a: Gengar|Gengar|Gengarite
|move|p2a: Gengar|Substitute|p2a: Gengar
|-start|p2a: Gengar|Substitute
|-damage|p2a: Gengar|63/100
|move|p1a: zacian destroyer|Max Quake|p2a: Gengar
|-supereffective|p2a: Gengar
|-end|p2a: Gengar|Substitute
|-boost|p1a: zacian destroyer|spd|1
|
|upkeep
|turn|13
|
|t:|1652636284
|move|p2a: Gengar|Substitute|p2a: Gengar
|-start|p2a: Gengar|Substitute
|-damage|p2a: Gengar|39/100
|move|p1a: zacian destroyer|Max Quake|p2a: Gengar
|-supereffective|p2a: Gengar
|-end|p2a: Gengar|Substitute
|-boost|p1a: zacian destroyer|spd|1
|
|upkeep
|-end|p1a: zacian destroyer|Dynamax
|-heal|p1a: zacian destroyer|57/100|[silent]
|turn|14
|
|t:|1652636289
|move|p2a: Gengar|Destiny Bond|p2a: Gengar
|-singlemove|p2a: Gengar|Destiny Bond
|move|p1a: zacian destroyer|Earthquake|p2a: Gengar
|-supereffective|p2a: Gengar
|-damage|p2a: Gengar|0 fnt
|faint|p2a: Gengar
|-activate|p2a: Gengar|move: Destiny Bond
|faint|p1a: zacian destroyer
|
|upkeep
|
|t:|1652636304
|switch|p2a: Yveltal|Yveltal|100/100
|switch|p1a: Rayquaza|Rayquaza|100/100
|-damage|p1a: Rayquaza|76/100|[from] Stealth Rock
|-ability|p1a: Rayquaza|Air Lock
|-ability|p2a: Yveltal|Dark Aura
|turn|15
|
|t:|1652636311
|detailschange|p1a: Rayquaza|Rayquaza-Mega
|-mega|p1a: Rayquaza|Rayquaza|
|-weather|DeltaStream|[from] ability: Delta Stream|[of] p1a: Rayquaza
|-start|p2a: Yveltal|Dynamax|
|-heal|p2a: Yveltal|100/100|[silent]
|move|p1a: Rayquaza|Dragon Ascent|p2a: Yveltal
|-damage|p2a: Yveltal|72/100
|-unboost|p1a: Rayquaza|def|1
|-unboost|p1a: Rayquaza|spd|1
|move|p2a: Yveltal|Max Darkness|p1a: Rayquaza
|-damage|p1a: Rayquaza|0 fnt
|faint|p1a: Rayquaza
|-weather|none
|
|upkeep
|
|t:|1652636327
|switch|p1a: Arceus|Arceus-Ground|100/100
|-damage|p1a: Arceus|94/100|[from] Stealth Rock
|turn|16
|
|t:|1652636330
|move|p1a: Arceus|Stone Edge|p2a: Yveltal|[miss]
|-miss|p1a: Arceus|p2a: Yveltal
|move|p2a: Yveltal|Max Darkness|p1a: Arceus
|-damage|p1a: Arceus|46/100
|-unboost|p1a: Arceus|spd|1
|
|upkeep
|turn|17
|
|t:|1652636333
|move|p1a: Arceus|Stone Edge|p2a: Yveltal
|-supereffective|p2a: Yveltal
|-damage|p2a: Yveltal|44/100
|move|p2a: Yveltal|Max Darkness|p1a: Arceus
|-damage|p1a: Arceus|0 fnt
|faint|p1a: Arceus
|
|upkeep
|
|t:|1652636339
|switch|p1a: Thor|Arceus-Electric|100/100
|-damage|p1a: Thor|88/100|[from] Stealth Rock
|-end|p2a: Yveltal|Dynamax
|-heal|p2a: Yveltal|44/100|[silent]
|turn|18
|
|t:|1652636342
|switch|p2a: Quagsire|Quagsire, F|76/100 tox
|-damage|p2a: Quagsire|70/100 tox|[from] Stealth Rock
|move|p1a: Thor|Ice Beam|p2a: Quagsire
|-damage|p2a: Quagsire|37/100 tox
|
|-damage|p2a: Quagsire|31/100 tox|[from] psn
|upkeep
|turn|19
|
|t:|1652636348
|switch|p2a: Zacian|Zacian-Crowned|100/100
|-damage|p2a: Zacian|94/100|[from] Stealth Rock
|-ability|p2a: Zacian|Intrepid Sword|boost
|-boost|p2a: Zacian|atk|1
|move|p1a: Thor|Ice Beam|p2a: Zacian
|-resisted|p2a: Zacian
|-damage|p2a: Zacian|82/100
|
|upkeep
|turn|20
|c|☆Master kushagra|ahm
|
|t:|1652636356
|switch|p2a: Quagsire|Quagsire, F|31/100 tox
|-damage|p2a: Quagsire|25/100 tox|[from] Stealth Rock
|move|p1a: Thor|Judgment|p2a: Quagsire
|-immune|p2a: Quagsire
|
|-damage|p2a: Quagsire|19/100 tox|[from] psn
|upkeep
|turn|21
|
|t:|1652636359
|move|p1a: Thor|Ice Beam|p2a: Quagsire
|-damage|p2a: Quagsire|0 fnt
|faint|p2a: Quagsire
|
|upkeep
|
|t:|1652636362
|switch|p2a: Yveltal|Yveltal|44/100
|-ability|p2a: Yveltal|Dark Aura
|turn|22
|
|t:|1652636365
|move|p1a: Thor|Judgment|p2a: Yveltal
|-supereffective|p2a: Yveltal
|-damage|p2a: Yveltal|0 fnt
|faint|p2a: Yveltal
|
|upkeep
|
|t:|1652636369
|switch|p2a: Zacian|Zacian-Crowned|82/100
|-damage|p2a: Zacian|76/100|[from] Stealth Rock
|-ability|p2a: Zacian|Intrepid Sword|boost
|-boost|p2a: Zacian|atk|1
|turn|23
|c|☆Apprenti Buck|Ggwp
|l| skylink42\
|c|☆Master kushagra|gg w bud
|
|t:|1652636386
|move|p2a: Zacian|Close Combat|p1a: Thor
|-crit|p1a: Thor
|-damage|p1a: Thor|1/100
|-unboost|p2a: Zacian|def|1
|-unboost|p2a: Zacian|spd|1
|move|p1a: Thor|Judgment|p2a: Zacian
|-damage|p2a: Zacian|0 fnt
|faint|p2a: Zacian
|
|win|Master kushagra
|n|☆Master kushagra|masterkushagra
|n|☆Apprenti Buck|apprentibuck
|n|+pichus|pichus
