|j|‽Flynn Watson
|j|☆GeoPapametis
|t:|1652375952
|gametype|singles
|player|p1|Flynn Watson|guitarist|1601
|player|p2|GeoPapametis|palmer|1641
|teamsize|p1|6
|teamsize|p2|6
|gen|8
|tier|[Gen 8] National Dex AG
|rated|
|rule|HP Percentage Mod: HP is shown in percentages
|rule|Endless Battle Clause: Forcing endless battles is banned
|clearpoke
|poke|p1|Excadrill, M|
|poke|p1|Marshadow|
|poke|p1|Calyrex-Shadow|
|poke|p1|Rayquaza|
|poke|p1|Xerneas-*|
|poke|p1|Yveltal|
|poke|p2|Ferrothorn, M|
|poke|p2|Quagsire, F|
|poke|p2|Chansey, F|
|poke|p2|Cloyster, M|
|poke|p2|Mandibuzz, F|
|poke|p2|Dragapult, M|
|teampreview
|inactive|Battle timer is ON: inactive players will automatically lose when time's up. (requested by GeoPapametis)
|
|t:|1652375961
|start
|switch|p1a: Excadrill|Excadrill, M|100/100
|switch|p2a: babuk birb|Mandibuzz, F|100/100
|-ability|p1a: Excadrill|Mold Breaker
|turn|1
|
|t:|1652375967
|move|p1a: Excadrill|Stealth Rock|p2a: babuk birb
|-sidestart|p2: GeoPapametis|move: Stealth Rock
|move|p2a: babuk birb|Foul Play|p1a: Excadrill
|-damage|p1a: Excadrill|31/100
|
|upkeep
|turn|2
|
|t:|1652375973
|move|p1a: Excadrill|Rock Tomb|p2a: babuk birb
|-supereffective|p2a: babuk birb
|-damage|p2a: babuk birb|72/100
|-unboost|p2a: babuk birb|spe|1
|move|p2a: babuk birb|Defog|p1a: Excadrill
|-unboost|p1a: Excadrill|evasion|1
|-sideend|p2: GeoPapametis|Stealth Rock|[from] move: Defog|[of] p2a: babuk birb
|
|upkeep
|turn|3
|
|t:|1652375981
|move|p1a: Excadrill|Stealth Rock|p2a: babuk birb
|-sidestart|p2: GeoPapametis|move: Stealth Rock
|move|p2a: babuk birb|Roost|p2a: babuk birb
|-heal|p2a: babuk birb|100/100
|-singleturn|p2a: babuk birb|move: Roost
|
|upkeep
|turn|4
|
|t:|1652375986
|move|p1a: Excadrill|Rock Tomb|p2a: babuk birb
|-supereffective|p2a: babuk birb
|-damage|p2a: babuk birb|72/100
|-unboost|p2a: babuk birb|spe|1
|move|p2a: babuk birb|Foul Play|p1a: Excadrill
|-damage|p1a: Excadrill|0 fnt
|faint|p1a: Excadrill
|
|upkeep
|
|t:|1652375998
|switch|p1a: Calyrex|Calyrex-Shadow|100/100
|-ability|p1a: Calyrex|As One
|-ability|p1a: Calyrex|Unnerve
|turn|5
|
|t:|1652376004
|move|p1a: Calyrex|Nasty Plot|p1a: Calyrex
|-boost|p1a: Calyrex|spa|2
|move|p2a: babuk birb|Foul Play|p1a: Calyrex
|-supereffective|p1a: Calyrex
|-enditem|p1a: Calyrex|Focus Sash
|-damage|p1a: Calyrex|1/100
|
|upkeep
|turn|6
|
|t:|1652376023
|switch|p2a: kinda cringe ngl|Chansey, F|100/100
|-damage|p2a: kinda cringe ngl|88/100|[from] Stealth Rock
|move|p1a: Calyrex|Draining Kiss|p2a: kinda cringe ngl
|-damage|p2a: kinda cringe ngl|78/100
|-heal|p1a: Calyrex|15/100|[from] drain|[of] p2a: kinda cringe ngl
|
|upkeep
|turn|7
|
|t:|1652376030
|move|p1a: Calyrex|Nasty Plot|p1a: Calyrex
|-boost|p1a: Calyrex|spa|2
|move|p2a: kinda cringe ngl|Toxic|p1a: Calyrex
|-status|p1a: Calyrex|tox
|
|-damage|p1a: Calyrex|9/100 tox|[from] psn
|upkeep
|turn|8
|
|t:|1652376037
|move|p1a: Calyrex|Baton Pass|p1a: Calyrex
|
|t:|1652376040
|switch|p1a: Xerneas|Xerneas|100/100|[from]move: Baton Pass
|-ability|p1a: Xerneas|Fairy Aura
|move|p2a: kinda cringe ngl|Soft-Boiled|p2a: kinda cringe ngl
|-heal|p2a: kinda cringe ngl|100/100
|
|upkeep
|turn|9
|
|t:|1652376048
|move|p1a: Xerneas|Focus Blast|p2a: kinda cringe ngl|[miss]
|-miss|p1a: Xerneas|p2a: kinda cringe ngl
|move|p2a: kinda cringe ngl|Toxic|p1a: Xerneas|[miss]
|-miss|p2a: kinda cringe ngl|p1a: Xerneas
|
|upkeep
|turn|10
|
|t:|1652376054
|-start|p1a: Xerneas|Dynamax|
|-heal|p1a: Xerneas|100/100|[silent]
|move|p1a: Xerneas|Max Starfall|p2a: kinda cringe ngl
|-damage|p2a: kinda cringe ngl|0 fnt
|-fieldstart|move: Misty Terrain
|faint|p2a: kinda cringe ngl
|-damage|p1a: Xerneas|96/100|[from] item: Life Orb
|
|upkeep
|inactive|GeoPapametis has 120 seconds left.
|
|t:|1652376086
|switch|p2a: babuk birb|Mandibuzz, F|72/100
|turn|11
|inactive|GeoPapametis has 120 seconds left.
|
|t:|1652376097
|move|p1a: Xerneas|Max Starfall|p2a: babuk birb
|-supereffective|p2a: babuk birb
|-damage|p2a: babuk birb|0 fnt
|faint|p2a: babuk birb
|-damage|p1a: Xerneas|91/100|[from] item: Life Orb
|
|upkeep
|inactive|GeoPapametis has 120 seconds left.
|
|t:|1652376130
|switch|p2a: spore hater|Ferrothorn, M|100/100
|-damage|p2a: spore hater|94/100|[from] Stealth Rock
|turn|12
|
|t:|1652376136
|-start|p2a: spore hater|Dynamax|
|-heal|p2a: spore hater|94/100|[silent]
|move|p2a: spore hater|Max Guard|p2a: spore hater
|-singleturn|p2a: spore hater|Max Guard
|move|p1a: Xerneas|Max Knuckle|p2a: spore hater
|-activate|p2a: spore hater|move: Max Guard
|
|-heal|p2a: spore hater|97/100|[from] item: Leftovers
|upkeep
|-end|p1a: Xerneas|Dynamax
|-heal|p1a: Xerneas|91/100|[silent]
|turn|13
|
|t:|1652376147
|move|p1a: Xerneas|Focus Blast|p2a: spore hater
|-supereffective|p2a: spore hater
|-damage|p2a: spore hater|0 fnt
|faint|p2a: spore hater
|-damage|p1a: Xerneas|81/100|[from] item: Life Orb
|
|upkeep
|c|☆GeoPapametis|wow man
|c|☆GeoPapametis|thats some nice luck
|inactive|GeoPapametis has 90 seconds left.
|-message|GeoPapametis forfeited.
|
|win|Flynn Watson
|raw|Flynn Watson's rating: 1601 &rarr; <strong>1623</strong><br />(+22 for winning)
|raw|GeoPapametis's rating: 1641 &rarr; <strong>1619</strong><br />(-22 for losing)
|l|☆GeoPapametis
