|j|☆smolvet
|j|☆dasort
|player|p1|smolvet|preschoolerf|
|player|p2|dasort|marlon|
|teamsize|p1|6
|teamsize|p2|6
|gametype|singles
|gen|8
|tier|[Gen 8] National Dex AG
|rated|Tournament battle
|clearpoke
|poke|p1|Arceus-*|
|poke|p1|Toxtricity, M|
|poke|p1|Necrozma-Dusk-Mane|
|poke|p1|Arceus-*|
|poke|p1|Yveltal|
|poke|p1|Rayquaza|
|poke|p2|Zacian-Crowned|
|poke|p2|Rayquaza|
|poke|p2|Ditto|
|poke|p2|Xerneas|
|poke|p2|Ho-Oh|
|poke|p2|Necrozma-Dusk-Mane|
|rule|HP Percentage Mod: HP is shown in percentages
|rule|Endless Battle Clause: Forcing endless battles is banned
|teampreview
|j| ODv3
|inactive|Battle timer is ON: inactive players will automatically lose when time's up. (requested by dasort)
|j| Ainzcrad
|j| Amithist
|inactive|smolvet has 120 seconds left.
|j| bbfan Waylaid ◢ ◤
|l| bbfan Waylaid ◢ ◤
|inactive|smolvet has 90 seconds left.
|
|start
|switch|p1a: Arceus|Arceus-Water|100/100
|switch|p2a: Rayquaza|Rayquaza|100/100
|-ability|p2a: Rayquaza|Air Lock
|turn|1
|
|switch|p2a: Ho-Oh|Ho-Oh|100/100
|move|p1a: Arceus|Will-O-Wisp|p2a: Ho-Oh
|-immune|p2a: Ho-Oh
|
|upkeep
|turn|2
|
|move|p1a: Arceus|Stealth Rock|p2a: Ho-Oh
|-sidestart|p2: dasort|move: Stealth Rock
|move|p2a: Ho-Oh|Toxic|p1a: Arceus|[miss]
|-miss|p2a: Ho-Oh|p1a: Arceus
|
|upkeep
|turn|3
|
|switch|p1a: Toxtricity|Toxtricity, M|100/100
|move|p2a: Ho-Oh|Toxic|p1a: Toxtricity|[miss]
|-miss|p2a: Ho-Oh|p1a: Toxtricity
|
|upkeep
|turn|4
|
|switch|p2a: Necrozma|Necrozma-Dusk-Mane|100/100
|-damage|p2a: Necrozma|94/100|[from] Stealth Rock
|move|p1a: Toxtricity|Nuzzle|p2a: Necrozma
|-damage|p2a: Necrozma|90/100
|-status|p2a: Necrozma|par
|
|-heal|p2a: Necrozma|96/100 par|[from] item: Leftovers
|upkeep
|turn|5
|
|switch|p1a: Yveltal|Yveltal|100/100
|-ability|p1a: Yveltal|Dark Aura
|move|p2a: Necrozma|Stealth Rock|p1a: Yveltal
|-sidestart|p1: smolvet|move: Stealth Rock
|
|-heal|p2a: Necrozma|100/100 par|[from] item: Leftovers
|upkeep
|turn|6
|
|switch|p2a: Zacian|Zacian-Crowned|100/100
|-damage|p2a: Zacian|94/100|[from] Stealth Rock
|-ability|p2a: Zacian|Intrepid Sword|boost
|-boost|p2a: Zacian|atk|1
|move|p1a: Yveltal|Substitute|p1a: Yveltal
|-start|p1a: Yveltal|Substitute
|-damage|p1a: Yveltal|76/100
|
|-heal|p1a: Yveltal|82/100|[from] item: Leftovers
|upkeep
|turn|7
|
|move|p2a: Zacian|Behemoth Blade|p1a: Yveltal
|-end|p1a: Yveltal|Substitute
|move|p1a: Yveltal|Dark Pulse|p2a: Zacian
|-resisted|p2a: Zacian
|-damage|p2a: Zacian|69/100
|
|-heal|p1a: Yveltal|88/100|[from] item: Leftovers
|upkeep
|turn|8
|
|switch|p1a: Arceus|Arceus-Water|100/100
|-damage|p1a: Arceus|88/100|[from] Stealth Rock
|move|p2a: Zacian|Play Rough|p1a: Arceus
|-damage|p1a: Arceus|46/100
|
|upkeep
|turn|9
|
|move|p2a: Zacian|Wild Charge|p1a: Arceus
|-supereffective|p1a: Arceus
|-damage|p1a: Arceus|0 fnt
|-damage|p2a: Zacian|54/100|[from] Recoil
|faint|p1a: Arceus
|
|upkeep
|
|switch|p1a: Toxtricity|Toxtricity, M|100/100
|-damage|p1a: Toxtricity|88/100|[from] Stealth Rock
|turn|10
|
|switch|p2a: Necrozma|Necrozma-Dusk-Mane|100/100 par
|-damage|p2a: Necrozma|94/100 par|[from] Stealth Rock
|move|p1a: Toxtricity|Overdrive|p2a: Necrozma
|-damage|p2a: Necrozma|55/100 par
|-enditem|p1a: Toxtricity|Throat Spray
|-boost|p1a: Toxtricity|spa|1|[from] item: Throat Spray
|
|-heal|p2a: Necrozma|61/100 par|[from] item: Leftovers
|upkeep
|turn|11
|
|move|p1a: Toxtricity|Overdrive|p2a: Necrozma
|-damage|p2a: Necrozma|4/100 par
|move|p2a: Necrozma|Morning Sun|p2a: Necrozma
|-heal|p2a: Necrozma|54/100 par
|
|-heal|p2a: Necrozma|60/100 par|[from] item: Leftovers
|upkeep
|turn|12
|
|move|p1a: Toxtricity|Overdrive|p2a: Necrozma
|-damage|p2a: Necrozma|0 fnt
|faint|p2a: Necrozma
|
|upkeep
|
|switch|p2a: Rayquaza|Rayquaza|100/100
|-damage|p2a: Rayquaza|76/100|[from] Stealth Rock
|-ability|p2a: Rayquaza|Air Lock
|turn|13
|
|detailschange|p2a: Rayquaza|Rayquaza-Mega
|-mega|p2a: Rayquaza|Rayquaza|
|-weather|DeltaStream|[from] ability: Delta Stream|[of] p2a: Rayquaza
|move|p2a: Rayquaza|V-create|p1a: Toxtricity
|-damage|p1a: Toxtricity|0 fnt
|-unboost|p2a: Rayquaza|spe|1
|-unboost|p2a: Rayquaza|def|1
|-unboost|p2a: Rayquaza|spd|1
|faint|p1a: Toxtricity
|
|-weather|DeltaStream|[upkeep]
|upkeep
|
|switch|p1a: Rayquaza|Rayquaza|100/100
|-damage|p1a: Rayquaza|76/100|[from] Stealth Rock
|-ability|p1a: Rayquaza|Air Lock
|turn|14
|
|-weather|none
|switch|p2a: Ho-Oh|Ho-Oh|100/100
|detailschange|p1a: Rayquaza|Rayquaza-Mega
|-mega|p1a: Rayquaza|Rayquaza|
|-weather|DeltaStream|[from] ability: Delta Stream|[of] p1a: Rayquaza
|move|p1a: Rayquaza|Dragon Ascent|p2a: Ho-Oh
|-damage|p2a: Ho-Oh|36/100
|-unboost|p1a: Rayquaza|def|1
|-unboost|p1a: Rayquaza|spd|1
|
|-weather|DeltaStream|[upkeep]
|upkeep
|turn|15
|l| Ainzcrad
|inactive|dasort has 120 seconds left.
|
|switch|p2a: Rayquaza|Rayquaza-Mega|76/100
|-damage|p2a: Rayquaza|51/100|[from] Stealth Rock
|move|p1a: Rayquaza|Dragon Ascent|p2a: Rayquaza
|-damage|p2a: Rayquaza|0 fnt
|-unboost|p1a: Rayquaza|def|1
|-unboost|p1a: Rayquaza|spd|1
|faint|p2a: Rayquaza
|
|-weather|DeltaStream|[upkeep]
|upkeep
|inactive|dasort has 120 seconds left.
|inactive|dasort has 90 seconds left.
|j| zxcvbnmqa♪
|
|switch|p2a: Zacian|Zacian-Crowned|54/100
|-damage|p2a: Zacian|48/100|[from] Stealth Rock
|-ability|p2a: Zacian|Intrepid Sword|boost
|-boost|p2a: Zacian|atk|1
|turn|16
|
|-weather|none
|switch|p1a: Yveltal|Yveltal|88/100
|-damage|p1a: Yveltal|63/100|[from] Stealth Rock
|-ability|p1a: Yveltal|Dark Aura
|move|p2a: Zacian|Behemoth Blade|p1a: Yveltal
|-crit|p1a: Yveltal
|-damage|p1a: Yveltal|0 fnt
|faint|p1a: Yveltal
|
|upkeep
|
|switch|p1a: Necrozma|Necrozma-Dusk-Mane|100/100
|-damage|p1a: Necrozma|94/100|[from] Stealth Rock
|turn|17
|
|switch|p2a: Ho-Oh|Ho-Oh|69/100
|move|p1a: Necrozma|Sunsteel Strike|p2a: Ho-Oh
|-resisted|p2a: Ho-Oh
|-damage|p2a: Ho-Oh|51/100
|
|-heal|p1a: Necrozma|100/100|[from] item: Leftovers
|upkeep
|turn|18
|
|switch|p1a: Arceus|Arceus-Fairy|100/100
|-damage|p1a: Arceus|88/100|[from] Stealth Rock
|move|p2a: Ho-Oh|Sacred Fire|p1a: Arceus
|-damage|p1a: Arceus|66/100
|
|upkeep
|turn|19
|
|switch|p1a: Rayquaza|Rayquaza-Mega|76/100
|-damage|p1a: Rayquaza|51/100|[from] Stealth Rock
|-weather|DeltaStream|[from] ability: Delta Stream|[of] p1a: Rayquaza
|move|p2a: Ho-Oh|Recover|p2a: Ho-Oh
|-heal|p2a: Ho-Oh|100/100
|
|-weather|DeltaStream|[upkeep]
|upkeep
|turn|20
|
|move|p1a: Rayquaza|Dragon Ascent|p2a: Ho-Oh
|-crit|p2a: Ho-Oh
|-damage|p2a: Ho-Oh|4/100
|-unboost|p1a: Rayquaza|def|1
|-unboost|p1a: Rayquaza|spd|1
|move|p2a: Ho-Oh|Sacred Fire|p1a: Rayquaza
|-resisted|p1a: Rayquaza
|-damage|p1a: Rayquaza|21/100
|-status|p1a: Rayquaza|brn
|
|-weather|DeltaStream|[upkeep]
|-damage|p1a: Rayquaza|15/100 brn|[from] brn
|upkeep
|turn|21
|inactive|dasort has 120 seconds left.
|
|switch|p2a: Ditto|Ditto, shiny|100/100
|-damage|p2a: Ditto|88/100|[from] Stealth Rock
|-transform|p2a: Ditto|p1a: Rayquaza|[from] ability: Imposter
|move|p1a: Rayquaza|Dragon Ascent|p2a: Ditto
|-damage|p2a: Ditto|0 fnt
|-unboost|p1a: Rayquaza|def|1
|-unboost|p1a: Rayquaza|spd|1
|faint|p2a: Ditto
|
|-weather|DeltaStream|[upkeep]
|-damage|p1a: Rayquaza|9/100 brn|[from] brn
|upkeep
|
|switch|p2a: Zacian|Zacian-Crowned|48/100
|-damage|p2a: Zacian|42/100|[from] Stealth Rock
|-ability|p2a: Zacian|Intrepid Sword|boost
|-boost|p2a: Zacian|atk|1
|turn|22
|
|move|p1a: Rayquaza|Extreme Speed|p2a: Zacian
|-resisted|p2a: Zacian
|-damage|p2a: Zacian|32/100
|move|p2a: Zacian|Close Combat|p1a: Rayquaza
|-resisted|p1a: Rayquaza
|-damage|p1a: Rayquaza|0 fnt
|-unboost|p2a: Zacian|def|1
|-unboost|p2a: Zacian|spd|1
|faint|p1a: Rayquaza
|-weather|none
|
|upkeep
|
|switch|p1a: Necrozma|Necrozma-Dusk-Mane|100/100
|-damage|p1a: Necrozma|94/100|[from] Stealth Rock
|turn|23
|
|switch|p2a: Ho-Oh|Ho-Oh|38/100
|move|p1a: Necrozma|Sunsteel Strike|p2a: Ho-Oh
|-resisted|p2a: Ho-Oh
|-damage|p2a: Ho-Oh|22/100
|
|-heal|p1a: Necrozma|100/100|[from] item: Leftovers
|upkeep
|turn|24
|
|switch|p1a: Arceus|Arceus-Fairy|66/100
|-damage|p1a: Arceus|54/100|[from] Stealth Rock
|move|p2a: Ho-Oh|Recover|p2a: Ho-Oh
|-heal|p2a: Ho-Oh|72/100
|
|upkeep
|turn|25
|j| clorodulce
|
|move|p1a: Arceus|Judgment|p2a: Ho-Oh
|-resisted|p2a: Ho-Oh
|-damage|p2a: Ho-Oh|59/100
|move|p2a: Ho-Oh|Toxic|p1a: Arceus
|-status|p1a: Arceus|tox
|
|-damage|p1a: Arceus|48/100 tox|[from] psn
|upkeep
|turn|26
|
|move|p1a: Arceus|Toxic|p2a: Ho-Oh
|-status|p2a: Ho-Oh|tox
|move|p2a: Ho-Oh|Recover|p2a: Ho-Oh
|-heal|p2a: Ho-Oh|100/100 tox
|
|-damage|p1a: Arceus|36/100 tox|[from] psn
|-damage|p2a: Ho-Oh|94/100 tox|[from] psn
|upkeep
|turn|27
|
|move|p1a: Arceus|Judgment|p2a: Ho-Oh
|-resisted|p2a: Ho-Oh
|-damage|p2a: Ho-Oh|82/100 tox
|move|p2a: Ho-Oh|Defog|p1a: Arceus
|-unboost|p1a: Arceus|evasion|1
|-sideend|p1: smolvet|Stealth Rock|[from] move: Defog|[of] p2a: Ho-Oh
|-sideend|p2: dasort|Stealth Rock|[from] move: Defog|[of] p2a: Ho-Oh
|
|-damage|p1a: Arceus|17/100 tox|[from] psn
|-damage|p2a: Ho-Oh|70/100 tox|[from] psn
|upkeep
|turn|28
|
|switch|p2a: Zacian|Zacian-Crowned|32/100
|-ability|p2a: Zacian|Intrepid Sword|boost
|-boost|p2a: Zacian|atk|1
|move|p1a: Arceus|Recover|p1a: Arceus
|-heal|p1a: Arceus|68/100 tox
|
|-damage|p1a: Arceus|43/100 tox|[from] psn
|upkeep
|turn|29
|
|move|p2a: Zacian|Behemoth Blade|p1a: Arceus
|-supereffective|p1a: Arceus
|-damage|p1a: Arceus|0 fnt
|faint|p1a: Arceus
|
|upkeep
|
|switch|p1a: Necrozma|Necrozma-Dusk-Mane|100/100
|turn|30
|
|switch|p2a: Ho-Oh|Ho-Oh|100/100 tox
|-start|p1a: Necrozma|Dynamax
|-heal|p1a: Necrozma|100/100|[silent]
|move|p1a: Necrozma|Max Steelspike|p2a: Ho-Oh
|-resisted|p2a: Ho-Oh
|-damage|p2a: Ho-Oh|77/100 tox
|-boost|p1a: Necrozma|def|1
|
|-damage|p2a: Ho-Oh|70/100 tox|[from] psn
|upkeep
|turn|31
|
|move|p2a: Ho-Oh|Sacred Fire|p1a: Necrozma|[miss]
|-miss|p2a: Ho-Oh|p1a: Necrozma
|move|p1a: Necrozma|Max Steelspike|p2a: Ho-Oh
|-resisted|p2a: Ho-Oh
|-damage|p2a: Ho-Oh|50/100 tox
|-boost|p1a: Necrozma|def|1
|
|-damage|p2a: Ho-Oh|38/100 tox|[from] psn
|upkeep
|turn|32
|
|move|p2a: Ho-Oh|Recover|p2a: Ho-Oh
|-heal|p2a: Ho-Oh|88/100 tox
|move|p1a: Necrozma|Max Steelspike|p2a: Ho-Oh
|-resisted|p2a: Ho-Oh
|-damage|p2a: Ho-Oh|67/100 tox
|-boost|p1a: Necrozma|def|1
|
|-damage|p2a: Ho-Oh|48/100 tox|[from] psn
|-end|p1a: Necrozma|Dynamax
|-heal|p1a: Necrozma|100/100|[silent]
|upkeep
|turn|33
|
|move|p2a: Ho-Oh|Sacred Fire|p1a: Necrozma
|-supereffective|p1a: Necrozma
|-damage|p1a: Necrozma|81/100
|move|p1a: Necrozma|Swords Dance|p1a: Necrozma
|-boost|p1a: Necrozma|atk|2
|
|-heal|p1a: Necrozma|87/100|[from] item: Leftovers
|-damage|p2a: Ho-Oh|23/100 tox|[from] psn
|upkeep
|turn|34
|
|move|p2a: Ho-Oh|Sacred Fire|p1a: Necrozma
|-supereffective|p1a: Necrozma
|-damage|p1a: Necrozma|69/100
|-status|p1a: Necrozma|brn
|move|p1a: Necrozma|Swords Dance|p1a: Necrozma
|-boost|p1a: Necrozma|atk|2
|
|-heal|p1a: Necrozma|75/100 brn|[from] item: Leftovers
|-damage|p2a: Ho-Oh|0 fnt|[from] psn
|faint|p2a: Ho-Oh
|-damage|p1a: Necrozma|69/100 brn|[from] brn
|upkeep
|
|switch|p2a: Zacian|Zacian-Crowned|32/100
|-ability|p2a: Zacian|Intrepid Sword|boost
|-boost|p2a: Zacian|atk|1
|turn|35
|
|move|p2a: Zacian|Close Combat|p1a: Necrozma
|-damage|p1a: Necrozma|47/100 brn
|-unboost|p2a: Zacian|def|1
|-unboost|p2a: Zacian|spd|1
|move|p1a: Necrozma|Earthquake|p2a: Zacian
|-supereffective|p2a: Zacian
|-damage|p2a: Zacian|0 fnt
|faint|p2a: Zacian
|
|-heal|p1a: Necrozma|53/100 brn|[from] item: Leftovers
|-damage|p1a: Necrozma|47/100 brn|[from] brn
|upkeep
|inactive|dasort has 120 seconds left.
|
|switch|p2a: Xerneas|Xerneas|100/100
|-ability|p2a: Xerneas|Fairy Aura
|turn|36
|
|-start|p2a: Xerneas|Dynamax
|-heal|p2a: Xerneas|100/100|[silent]
|move|p2a: Xerneas|Max Flare|p1a: Necrozma|[from]Hidden Power
|-supereffective|p1a: Necrozma
|-damage|p1a: Necrozma|11/100 brn
|-weather|SunnyDay
|move|p1a: Necrozma|Sunsteel Strike|p2a: Xerneas
|-supereffective|p2a: Xerneas
|-damage|p2a: Xerneas|40/100
|
|-weather|SunnyDay|[upkeep]
|-heal|p1a: Necrozma|17/100 brn|[from] item: Leftovers
|-damage|p1a: Necrozma|11/100 brn|[from] brn
|upkeep
|turn|37
|
|move|p2a: Xerneas|Max Flare|p1a: Necrozma|[from]Hidden Power
|-supereffective|p1a: Necrozma
|-damage|p1a: Necrozma|0 fnt
|faint|p1a: Necrozma
|
|win|dasort
