|j|☆97thPhantom
|j|☆sadvoid
|t:|1653953679
|gametype|singles
|player|p1|97thPhantom|saturn|1632
|player|p2|sadvoid|unknownf|1646
|teamsize|p1|6
|teamsize|p2|6
|gen|8
|tier|[Gen 8] National Dex AG
|rated|
|rule|HP Percentage Mod: HP is shown in percentages
|rule|Endless Battle Clause: Forcing endless battles is banned
|clearpoke
|poke|p1|Zygarde|
|poke|p1|Calyrex-Shadow|
|poke|p1|Marshadow|
|poke|p1|Arceus-*|
|poke|p1|Ditto|
|poke|p1|Forretress, F|
|poke|p2|Ditto|
|poke|p2|Landorus-Therian, M|
|poke|p2|Calyrex-Shadow|
|poke|p2|Arceus-*|
|poke|p2|Groudon|
|poke|p2|Zacian-*|
|teampreview
|inactive|Battle timer is ON: inactive players will automatically lose when time's up. (requested by 97thPhantom)
|
|t:|1653953695
|start
|switch|p1a: Bastille|Forretress, F|100/100
|switch|p2a: ???|Ditto|100/100
|-transform|p2a: ???|p1a: Bastille|[from] ability: Imposter
|turn|1
|
|t:|1653953705
|switch|p2a: Godzilla|Groudon, shiny|100/100
|detailschange|p2a: Godzilla|Groudon-Primal, shiny
|-primal|p2a: Godzilla
|-weather|DesolateLand|[from] ability: Desolate Land|[of] p2a: Godzilla
|move|p1a: Bastille|Toxic Spikes|p2a: Godzilla
|-sidestart|p2: sadvoid|move: Toxic Spikes
|
|-weather|DesolateLand|[upkeep]
|upkeep
|turn|2
|
|t:|1653953714
|move|p2a: Godzilla|Fire Blast|p1a: Bastille
|-supereffective|p1a: Bastille
|-ability|p1a: Bastille|Sturdy
|-damage|p1a: Bastille|1/100
|-enditem|p1a: Bastille|Aguav Berry|[eat]
|-heal|p1a: Bastille|34/100|[from] item: Aguav Berry
|move|p1a: Bastille|Counter||[still]
|-fail|p1a: Bastille
|
|-weather|DesolateLand|[upkeep]
|upkeep
|turn|3
|
|t:|1653953728
|-weather|none
|switch|p2a: ???|Ditto|100/100
|-status|p2a: ???|psn
|-transform|p2a: ???|p1a: Bastille|[from] ability: Imposter
|move|p1a: Bastille|Toxic Spikes|p2a: ???
|-sidestart|p2: sadvoid|move: Toxic Spikes
|
|-damage|p2a: ???|88/100 psn|[from] psn
|upkeep
|turn|4
|
|t:|1653953739
|move|p2a: ???|Rapid Spin|p1a: Bastille
|-resisted|p1a: Bastille
|-crit|p1a: Bastille
|-damage|p1a: Bastille|30/100
|-boost|p2a: ???|spe|1
|-sideend|p2: sadvoid|Toxic Spikes|[from] move: Rapid Spin|[of] p2a: ???
|move|p1a: Bastille|Stealth Rock|p2a: ???
|-sidestart|p2: sadvoid|move: Stealth Rock
|
|-damage|p2a: ???|76/100 psn|[from] psn
|upkeep
|turn|5
|
|t:|1653953751
|move|p2a: ???|Rapid Spin|p1a: Bastille
|-resisted|p1a: Bastille
|-damage|p1a: Bastille|27/100
|-boost|p2a: ???|spe|1
|-sideend|p2: sadvoid|Stealth Rock|[from] move: Rapid Spin|[of] p2a: ???
|move|p1a: Bastille|Toxic Spikes|p2a: ???
|-sidestart|p2: sadvoid|move: Toxic Spikes
|
|-damage|p2a: ???|63/100 psn|[from] psn
|upkeep
|turn|6
|
|t:|1653953760
|move|p2a: ???|Rapid Spin|p1a: Bastille
|-resisted|p1a: Bastille
|-damage|p1a: Bastille|25/100
|-boost|p2a: ???|spe|1
|-sideend|p2: sadvoid|Toxic Spikes|[from] move: Rapid Spin|[of] p2a: ???
|move|p1a: Bastille|Toxic Spikes|p2a: ???
|-sidestart|p2: sadvoid|move: Toxic Spikes
|
|-damage|p2a: ???|51/100 psn|[from] psn
|upkeep
|turn|7
|
|t:|1653953776
|-start|p2a: ???|Dynamax|
|-heal|p2a: ???|51/100 psn|[silent]
|move|p2a: ???|Max Knuckle|p1a: Bastille
|-damage|p1a: Bastille|17/100
|-boost|p2a: ???|atk|1
|move|p1a: Bastille|Stealth Rock|p2a: ???
|-sidestart|p2: sadvoid|move: Stealth Rock
|
|-damage|p2a: ???|45/100 psn|[from] psn
|upkeep
|turn|8
|
|t:|1653953791
|move|p2a: ???|Max Knuckle|p1a: Bastille
|-damage|p1a: Bastille|4/100
|-boost|p2a: ???|atk|1
|move|p1a: Bastille|Toxic Spikes|p2a: ???
|-sidestart|p2: sadvoid|move: Toxic Spikes
|
|-damage|p2a: ???|39/100 psn|[from] psn
|upkeep
|turn|9
|
|t:|1653953808
|switch|p1a: Mega Gengar|Marshadow|100/100
|move|p2a: ???|Max Knuckle|p1a: Mega Gengar
|-immune|p1a: Mega Gengar
|
|-damage|p2a: ???|33/100 psn|[from] psn
|upkeep
|-end|p2a: ???|Dynamax
|-heal|p2a: ???|33/100 psn|[silent]
|turn|10
|
|t:|1653953819
|switch|p2a: God|Arceus|100/100
|-status|p2a: God|tox
|-damage|p2a: God|88/100 tox|[from] Stealth Rock
|move|p1a: Mega Gengar|Spectral Thief|p2a: God
|-immune|p2a: God
|
|-heal|p2a: God|94/100 tox|[from] item: Leftovers
|-damage|p2a: God|88/100 tox|[from] psn
|upkeep
|turn|11
|inactive|97thPhantom has 120 seconds left.
|
|t:|1653953839
|switch|p2a: Landorus|Landorus-Therian, M|100/100
|-damage|p2a: Landorus|88/100|[from] Stealth Rock
|-ability|p2a: Landorus|Intimidate|boost
|-unboost|p1a: Mega Gengar|atk|1
|move|p1a: Mega Gengar|Close Combat|p2a: Landorus
|-resisted|p2a: Landorus
|-damage|p2a: Landorus|66/100
|-unboost|p1a: Mega Gengar|def|1
|-unboost|p1a: Mega Gengar|spd|1
|
|upkeep
|turn|12
|inactive|97thPhantom has 120 seconds left.
|
|t:|1653953852
|switch|p1a: Immortal Snake|Zygarde, shiny|100/100
|move|p2a: Landorus|U-turn|p1a: Immortal Snake
|-damage|p1a: Immortal Snake|81/100
|
|t:|1653953867
|switch|p2a: woof!|Zacian-Crowned|100/100|[from]move: U-turn
|-damage|p2a: woof!|94/100|[from] Stealth Rock
|-ability|p2a: woof!|Intrepid Sword|boost
|-boost|p2a: woof!|atk|1
|
|-heal|p1a: Immortal Snake|87/100|[from] item: Leftovers
|upkeep
|turn|13
|
|t:|1653953874
|move|p2a: woof!|Swords Dance|p2a: woof!
|-boost|p2a: woof!|atk|2
|move|p1a: Immortal Snake|Coil|p1a: Immortal Snake
|-boost|p1a: Immortal Snake|atk|1
|-boost|p1a: Immortal Snake|def|1
|-boost|p1a: Immortal Snake|accuracy|1
|
|-heal|p1a: Immortal Snake|93/100|[from] item: Leftovers
|upkeep
|turn|14
|
|t:|1653953882
|-start|p1a: Immortal Snake|Dynamax|
|-heal|p1a: Immortal Snake|93/100|[silent]
|move|p2a: woof!|Behemoth Blade|p1a: Immortal Snake
|-damage|p1a: Immortal Snake|16/100
|move|p1a: Immortal Snake|Max Quake|p2a: woof!
|-supereffective|p2a: woof!
|-damage|p2a: woof!|0 fnt
|-boost|p1a: Immortal Snake|spd|1
|faint|p2a: woof!
|
|-heal|p1a: Immortal Snake|20/100|[from] item: Leftovers
|-activate|p1a: Immortal Snake|ability: Power Construct
|detailschange|p1a: Immortal Snake|Zygarde-Complete, shiny
|-heal|p1a: Immortal Snake|47/100|[silent]
|upkeep
|
|t:|1653953892
|switch|p2a: ???|Ditto|33/100 psn
|-damage|p2a: ???|20/100 psn|[from] Stealth Rock
|-transform|p2a: ???|p1a: Immortal Snake|[from] ability: Imposter
|turn|15
|
|t:|1653953901
|move|p2a: ???|Rest|p2a: ???
|-status|p2a: ???|slp|[from] move: Rest
|-heal|p2a: ???|100/100 slp|[silent]
|move|p1a: Immortal Snake|Max Quake|p2a: ???
|-damage|p2a: ???|54/100 slp
|-boost|p1a: Immortal Snake|spd|1
|
|-heal|p1a: Immortal Snake|50/100|[from] item: Leftovers
|upkeep
|turn|16
|
|t:|1653953910
|switch|p2a: Landorus|Landorus-Therian, M|66/100
|-damage|p2a: Landorus|54/100|[from] Stealth Rock
|-ability|p2a: Landorus|Intimidate|boost
|-unboost|p1a: Immortal Snake|atk|1
|move|p1a: Immortal Snake|Max Quake|p2a: Landorus
|-immune|p2a: Landorus
|
|-heal|p1a: Immortal Snake|53/100|[from] item: Leftovers
|upkeep
|-end|p1a: Immortal Snake|Dynamax
|-heal|p1a: Immortal Snake|53/100|[silent]
|turn|17
|
|t:|1653953922
|move|p2a: Landorus|Knock Off|p1a: Immortal Snake
|-damage|p1a: Immortal Snake|43/100
|-enditem|p1a: Immortal Snake|Leftovers|[from] move: Knock Off|[of] p2a: Landorus
|move|p1a: Immortal Snake|Coil|p1a: Immortal Snake
|-boost|p1a: Immortal Snake|atk|1
|-boost|p1a: Immortal Snake|def|1
|-boost|p1a: Immortal Snake|accuracy|1
|
|upkeep
|turn|18
|
|t:|1653953944
|switch|p2a: ???|Ditto|54/100 slp
|-damage|p2a: ???|42/100 slp|[from] Stealth Rock
|-transform|p2a: ???|p1a: Immortal Snake|[from] ability: Imposter
|move|p1a: Immortal Snake|Coil|p1a: Immortal Snake
|-boost|p1a: Immortal Snake|atk|1
|-boost|p1a: Immortal Snake|def|1
|-boost|p1a: Immortal Snake|accuracy|1
|
|upkeep
|turn|19
|
|t:|1653953954
|cant|p2a: ???|slp
|move|p2a: ???|Sleep Talk|p2a: ???
|move|p2a: ???|Coil|p2a: ???|[from]move: Sleep Talk
|-boost|p2a: ???|atk|1
|-boost|p2a: ???|def|1
|-boost|p2a: ???|accuracy|1
|move|p1a: Immortal Snake|Coil|p1a: Immortal Snake
|-boost|p1a: Immortal Snake|atk|1
|-boost|p1a: Immortal Snake|def|1
|-boost|p1a: Immortal Snake|accuracy|1
|
|upkeep
|turn|20
|
|t:|1653953963
|cant|p2a: ???|slp
|move|p2a: ???|Sleep Talk|p2a: ???
|move|p2a: ???|Coil|p2a: ???|[from]move: Sleep Talk
|-boost|p2a: ???|atk|1
|-boost|p2a: ???|def|1
|-boost|p2a: ???|accuracy|1
|move|p1a: Immortal Snake|Coil|p1a: Immortal Snake
|-boost|p1a: Immortal Snake|atk|1
|-boost|p1a: Immortal Snake|def|1
|-boost|p1a: Immortal Snake|accuracy|1
|
|upkeep
|turn|21
|
|t:|1653953976
|switch|p2a: Landorus|Landorus-Therian, M|54/100
|-damage|p2a: Landorus|42/100|[from] Stealth Rock
|-ability|p2a: Landorus|Intimidate|boost
|-unboost|p1a: Immortal Snake|atk|1
|move|p1a: Immortal Snake|Coil|p1a: Immortal Snake
|-boost|p1a: Immortal Snake|atk|1
|-boost|p1a: Immortal Snake|def|1
|-boost|p1a: Immortal Snake|accuracy|1
|
|upkeep
|turn|22
|
|t:|1653953992
|switch|p2a: solid|Calyrex-Shadow|100/100
|-ability|p2a: solid|As One
|-ability|p2a: solid|Unnerve
|-status|p2a: solid|tox
|-damage|p2a: solid|88/100 tox|[from] Stealth Rock
|move|p1a: Immortal Snake|Coil|p1a: Immortal Snake
|-boost|p1a: Immortal Snake|atk|1
|-boost|p1a: Immortal Snake|def|0
|-boost|p1a: Immortal Snake|accuracy|0
|
|-damage|p2a: solid|82/100 tox|[from] psn
|upkeep
|turn|23
|
|t:|1653954004
|move|p2a: solid|Trick|p1a: Immortal Snake
|-activate|p2a: solid|move: Trick|[of] p1a: Immortal Snake
|-item|p1a: Immortal Snake|Choice Scarf|[from] move: Trick
|-enditem|p2a: solid|Choice Scarf|[silent]|[from] move: Trick
|move|p1a: Immortal Snake|Rest|p1a: Immortal Snake
|-status|p1a: Immortal Snake|slp|[from] move: Rest
|-heal|p1a: Immortal Snake|100/100 slp|[silent]
|
|-damage|p2a: solid|70/100 tox|[from] psn
|upkeep
|turn|24
|c|☆97thPhantom|Honestly props to you
|
|t:|1653954029
|switch|p2a: God|Arceus|88/100 tox
|-damage|p2a: God|76/100 tox|[from] Stealth Rock
|switch|p1a: I'm sorry|Arceus, shiny|100/100
|
|-heal|p2a: God|82/100 tox|[from] item: Leftovers
|-damage|p2a: God|76/100 tox|[from] psn
|upkeep
|turn|25
|c|☆sadvoid|That zygarde was a nightmare
|inactive|97thPhantom has 120 seconds left.
|
|t:|1653954052
|move|p2a: God|Refresh|p2a: God
|-curestatus|p2a: God|tox|[msg]
|move|p1a: I'm sorry|Swords Dance|p1a: I'm sorry
|-boost|p1a: I'm sorry|atk|2
|
|-heal|p2a: God|82/100|[from] item: Leftovers
|upkeep
|turn|26
|
|t:|1653954073
|switch|p2a: Landorus|Landorus-Therian, M|42/100
|-damage|p2a: Landorus|29/100|[from] Stealth Rock
|-ability|p2a: Landorus|Intimidate|boost
|-unboost|p1a: I'm sorry|atk|1
|move|p1a: I'm sorry|Extreme Speed|p2a: Landorus
|-damage|p2a: Landorus|0 fnt
|faint|p2a: Landorus
|
|upkeep
|
|t:|1653954078
|switch|p2a: Godzilla|Groudon-Primal, shiny|100/100
|-status|p2a: Godzilla|tox
|-damage|p2a: Godzilla|88/100 tox|[from] Stealth Rock
|-weather|DesolateLand|[from] ability: Desolate Land|[of] p2a: Godzilla
|turn|27
|inactive|97thPhantom has 120 seconds left.
|c|☆97thPhantom|636 health with over 1000 defense
|
|t:|1653954112
|move|p1a: I'm sorry|Extreme Speed|p2a: Godzilla
|-damage|p2a: Godzilla|50/100 tox
|move|p2a: Godzilla|Fire Blast|p1a: I'm sorry
|-damage|p1a: I'm sorry|33/100
|-status|p1a: I'm sorry|brn
|
|-weather|DesolateLand|[upkeep]
|-heal|p1a: I'm sorry|39/100 brn|[from] item: Leftovers
|-damage|p2a: Godzilla|43/100 tox|[from] psn
|-damage|p1a: I'm sorry|33/100 brn|[from] brn
|upkeep
|turn|28
|c|☆sadvoid|Thats scary
|inactive|97thPhantom has 90 seconds left.
|
|t:|1653954148
|move|p1a: I'm sorry|Extreme Speed|p2a: Godzilla
|-damage|p2a: Godzilla|25/100 tox
|move|p2a: Godzilla|Stealth Rock|p1a: I'm sorry
|-sidestart|p1: 97thPhantom|move: Stealth Rock
|
|-weather|DesolateLand|[upkeep]
|-heal|p1a: I'm sorry|39/100 brn|[from] item: Leftovers
|-damage|p2a: Godzilla|12/100 tox|[from] psn
|-damage|p1a: I'm sorry|33/100 brn|[from] brn
|upkeep
|turn|29
|inactive|97thPhantom has 90 seconds left.
|
|t:|1653954160
|move|p1a: I'm sorry|Extreme Speed|p2a: Godzilla
|-crit|p2a: Godzilla
|-damage|p2a: Godzilla|0 fnt
|faint|p2a: Godzilla
|-weather|none
|
|-heal|p1a: I'm sorry|39/100 brn|[from] item: Leftovers
|-damage|p1a: I'm sorry|33/100 brn|[from] brn
|upkeep
|
|t:|1653954164
|switch|p2a: ???|Ditto|42/100 slp
|-damage|p2a: ???|30/100 slp|[from] Stealth Rock
|-transform|p2a: ???|p1a: I'm sorry|[from] ability: Imposter
|turn|30
|inactive|97thPhantom has 90 seconds left.
|
|t:|1653954175
|-curestatus|p2a: ???|slp|[msg]
|move|p2a: ???|Extreme Speed|p1a: I'm sorry
|-damage|p1a: I'm sorry|0 fnt
|faint|p1a: I'm sorry
|
|upkeep
|inactive|97thPhantom has 90 seconds left.
|
|t:|1653954185
|switch|p1a: Happy Blob|Ditto|100/100
|-damage|p1a: Happy Blob|88/100|[from] Stealth Rock
|turn|31
|inactive|97thPhantom has 90 seconds left.
|c|☆97thPhantom|im stupid
|c|☆97thPhantom|i thought that was the real one
|
|t:|1653954207
|switch|p1a: Immortal Snake|Zygarde-Complete, shiny|100/100 slp
|-damage|p1a: Immortal Snake|94/100 slp|[from] Stealth Rock
|move|p2a: ???|Extreme Speed|p1a: Immortal Snake
|-damage|p1a: Immortal Snake|64/100 slp
|
|upkeep
|turn|32
|
|t:|1653954220
|switch|p2a: solid|Calyrex-Shadow|70/100 tox
|-ability|p2a: solid|As One
|-ability|p2a: solid|Unnerve
|-damage|p2a: solid|58/100 tox|[from] Stealth Rock
|cant|p1a: Immortal Snake|slp
|
|-damage|p2a: solid|51/100 tox|[from] psn
|upkeep
|turn|33
|
|t:|1653954229
|move|p2a: solid|Astral Barrage|p1a: Immortal Snake
|-damage|p1a: Immortal Snake|35/100 slp
|cant|p1a: Immortal Snake|slp
|
|-damage|p2a: solid|39/100 tox|[from] psn
|upkeep
|turn|34
|
|t:|1653954237
|move|p2a: solid|Astral Barrage|p1a: Immortal Snake
|-damage|p1a: Immortal Snake|6/100 slp
|-curestatus|p1a: Immortal Snake|slp|[msg]
|move|p1a: Immortal Snake|Thousand Arrows|p2a: solid
|-damage|p2a: solid|3/100 tox
|
|-damage|p2a: solid|0 fnt|[from] psn
|faint|p2a: solid
|upkeep
|
|t:|1653954248
|switch|p2a: God|Arceus|82/100
|-status|p2a: God|tox
|-damage|p2a: God|69/100 tox|[from] Stealth Rock
|turn|35
|inactive|97thPhantom has 90 seconds left.
|
|t:|1653954264
|move|p2a: God|Refresh|p2a: God
|-curestatus|p2a: God|tox|[msg]
|move|p1a: Immortal Snake|Thousand Arrows|p2a: God
|-damage|p2a: God|47/100
|
|-heal|p2a: God|53/100|[from] item: Leftovers
|upkeep
|turn|36
|inactive|97thPhantom has 90 seconds left.
|
|t:|1653954280
|move|p2a: God|Recover|p2a: God
|-heal|p2a: God|100/100
|move|p1a: Immortal Snake|Thousand Arrows|p2a: God
|-damage|p2a: God|81/100
|
|-heal|p2a: God|87/100|[from] item: Leftovers
|upkeep
|turn|37
|
|t:|1653954290
|move|p2a: God|Shadow Force||[still]
|-prepare|p2a: God|Shadow Force
|move|p1a: Immortal Snake|Thousand Arrows|p2a: God|[miss]
|-miss|p1a: Immortal Snake|p2a: God
|
|-heal|p2a: God|93/100|[from] item: Leftovers
|upkeep
|turn|38
|
|t:|1653954302
|switch|p1a: Happy Blob|Ditto|88/100
|-damage|p1a: Happy Blob|76/100|[from] Stealth Rock
|-transform|p1a: Happy Blob|p2a: God|[from] ability: Imposter
|move|p2a: God|Shadow Force|p1a: Happy Blob|[from]lockedmove
|-immune|p1a: Happy Blob
|
|-heal|p2a: God|99/100|[from] item: Leftovers
|upkeep
|turn|39
|
|t:|1653954317
|move|p1a: Happy Blob|Toxic|p2a: God
|-status|p2a: God|tox
|move|p2a: God|Toxic|p1a: Happy Blob
|-status|p1a: Happy Blob|tox
|
|-heal|p2a: God|100/100 tox|[from] item: Leftovers
|-damage|p1a: Happy Blob|70/100 tox|[from] psn
|-damage|p2a: God|94/100 tox|[from] psn
|upkeep
|turn|40
|inactive|97thPhantom has 90 seconds left.
|
|t:|1653954334
|switch|p1a: Bastille|Forretress, F|4/100
|-damage|p1a: Bastille|0 fnt|[from] Stealth Rock
|faint|p1a: Bastille
|move|p2a: God|Refresh|p2a: God
|-curestatus|p2a: God|tox|[msg]
|
|-heal|p2a: God|100/100|[from] item: Leftovers
|upkeep
|inactive|97thPhantom has 90 seconds left.
|
|t:|1653954360
|switch|p1a: Mega Gengar|Marshadow|100/100
|-damage|p1a: Mega Gengar|94/100|[from] Stealth Rock
|turn|41
|
|t:|1653954371
|move|p1a: Mega Gengar|Close Combat|p2a: God
|-supereffective|p2a: God
|-damage|p2a: God|22/100
|-unboost|p1a: Mega Gengar|def|1
|-unboost|p1a: Mega Gengar|spd|1
|move|p2a: God|Shadow Force||[still]
|-prepare|p2a: God|Shadow Force
|
|-heal|p2a: God|28/100|[from] item: Leftovers
|upkeep
|turn|42
|
|t:|1653954385
|move|p1a: Mega Gengar|Close Combat|p2a: God|[miss]
|-miss|p1a: Mega Gengar|p2a: God
|move|p2a: God|Shadow Force|p1a: Mega Gengar|[from]lockedmove
|-supereffective|p1a: Mega Gengar
|-damage|p1a: Mega Gengar|0 fnt
|faint|p1a: Mega Gengar
|
|-heal|p2a: God|34/100|[from] item: Leftovers
|upkeep
|inactive|97thPhantom has 60 seconds left.
|
|t:|1653954400
|switch|p1a: 2 for 1 Deal|Calyrex-Shadow|100/100
|-ability|p1a: 2 for 1 Deal|As One
|-ability|p1a: 2 for 1 Deal|Unnerve
|-damage|p1a: 2 for 1 Deal|88/100|[from] Stealth Rock
|turn|43
|inactive|97thPhantom has 60 seconds left.
|
|t:|1653954411
|move|p1a: 2 for 1 Deal|Dark Pulse|p2a: God
|-damage|p2a: God|12/100
|cant|p2a: God|flinch
|
|-heal|p2a: God|18/100|[from] item: Leftovers
|upkeep
|turn|44
|
|t:|1653954421
|move|p1a: 2 for 1 Deal|Dark Pulse|p2a: God
|-damage|p2a: God|0 fnt
|faint|p2a: God
|-ability|p1a: 2 for 1 Deal|Grim Neigh|boost
|-boost|p1a: 2 for 1 Deal|spa|1
|
|upkeep
|
|t:|1653954428
|switch|p2a: ???|Ditto|30/100
|-status|p2a: ???|tox
|-damage|p2a: ???|17/100 tox|[from] Stealth Rock
|-transform|p2a: ???|p1a: 2 for 1 Deal|[from] ability: Imposter
|turn|45
|
|t:|1653954438
|move|p2a: ???|Dark Pulse|p1a: 2 for 1 Deal
|-supereffective|p1a: 2 for 1 Deal
|-damage|p1a: 2 for 1 Deal|0 fnt
|faint|p1a: 2 for 1 Deal
|-ability|p2a: ???|Grim Neigh|boost
|-boost|p2a: ???|spa|1
|
|-damage|p2a: ???|11/100 tox|[from] psn
|upkeep
|
|t:|1653954446
|switch|p1a: Immortal Snake|Zygarde-Complete, shiny|6/100
|-damage|p1a: Immortal Snake|0 fnt|[from] Stealth Rock
|faint|p1a: Immortal Snake
|c|☆97thPhantom|gg
|
|t:|1653954454
|switch|p1a: Happy Blob|Ditto|70/100 tox
|-damage|p1a: Happy Blob|57/100 tox|[from] Stealth Rock
|turn|46
|
|t:|1653954461
|move|p2a: ???|Dark Pulse|p1a: Happy Blob
|-damage|p1a: Happy Blob|0 fnt
|faint|p1a: Happy Blob
|
|win|sadvoid
|raw|97thPhantom's rating: 1632 &rarr; <strong>1613</strong><br />(-19 for losing)
|raw|sadvoid's rating: 1646 &rarr; <strong>1665</strong><br />(+19 for winning)
|c|☆sadvoid|gg
