|j|☆Schweppess
|j|☆pyukumukuworship
|t:|1659727176
|gametype|singles
|player|p1|Schweppess|2|1439
|player|p2|pyukumukuworship|265|1644
|teamsize|p1|6
|teamsize|p2|6
|gen|8
|tier|[Gen 8] National Dex AG
|rated|
|rule|HP Percentage Mod: HP is shown in percentages
|rule|Endless Battle Clause: Forcing endless battles is banned
|clearpoke
|poke|p1|Kartana|
|poke|p1|Marshadow|
|poke|p1|Shuckle, F|
|poke|p1|Ditto|
|poke|p1|Ditto|
|poke|p1|Ditto|
|poke|p2|Slowbro, F|
|poke|p2|Calyrex-Shadow|
|poke|p2|Blissey, F|
|poke|p2|Zacian-*|
|poke|p2|Landorus, M|
|poke|p2|Liepard, M|
|teampreview
|inactive|Battle timer is ON: inactive players will automatically lose when time's up. (requested by pyukumukuworship)
|
|t:|1659727184
|start
|switch|p1a: Shuckle|Shuckle, F|100/100
|switch|p2a: Liepard|Liepard, M|100/100
|turn|1
|
|t:|1659727190
|move|p2a: Liepard|Substitute|p2a: Liepard
|-start|p2a: Liepard|Substitute
|-damage|p2a: Liepard|76/100
|move|p1a: Shuckle|Encore|p2a: Liepard
|-start|p2a: Liepard|Encore
|
|-heal|p2a: Liepard|82/100|[from] item: Leftovers
|upkeep
|turn|2
|
|t:|1659727200
|move|p2a: Liepard|Substitute|p2a: Liepard
|-fail|p2a: Liepard|move: Substitute
|move|p1a: Shuckle|Stealth Rock|p2a: Liepard
|-sidestart|p2: pyukumukuworship|move: Stealth Rock
|
|-heal|p2a: Liepard|87/100|[from] item: Leftovers
|upkeep
|turn|3
|
|t:|1659727204
|move|p2a: Liepard|Substitute|p2a: Liepard
|-fail|p2a: Liepard|move: Substitute
|move|p1a: Shuckle|Sticky Web|p2a: Liepard
|-sidestart|p2: pyukumukuworship|move: Sticky Web
|
|-heal|p2a: Liepard|93/100|[from] item: Leftovers
|upkeep
|turn|4
|
|t:|1659727211
|switch|p1a: Kartana|Kartana|100/100
|move|p2a: Liepard|Substitute|p2a: Liepard
|-fail|p2a: Liepard|move: Substitute
|
|-heal|p2a: Liepard|99/100|[from] item: Leftovers
|-end|p2a: Liepard|Encore
|upkeep
|turn|5
|
|t:|1659727217
|move|p2a: Liepard|Baton Pass|p2a: Liepard
|
|t:|1659727219
|switch|p2a: Landorus|Landorus, M|100/100|[from]move: Baton Pass
|-damage|p2a: Landorus|88/100|[from] Stealth Rock
|move|p1a: Kartana|Sacred Sword|p2a: Landorus
|-resisted|p2a: Landorus
|-end|p2a: Landorus|Substitute
|
|upkeep
|turn|6
|
|t:|1659727241
|-start|p1a: Kartana|Dynamax|
|-heal|p1a: Kartana|100/100|[silent]
|move|p1a: Kartana|Max Airstream|p2a: Landorus
|-damage|p2a: Landorus|34/100
|-boost|p1a: Kartana|spe|1
|move|p2a: Landorus|Defog|p1a: Kartana
|-unboost|p1a: Kartana|evasion|1
|-sideend|p2: pyukumukuworship|Stealth Rock|[from] move: Defog|[of] p2a: Landorus
|-sideend|p2: pyukumukuworship|Sticky Web|[from] move: Defog|[of] p2a: Landorus
|
|upkeep
|turn|7
|inactive|Schweppess has 120 seconds left.
|
|t:|1659727276
|move|p1a: Kartana|Max Overgrowth|p2a: Landorus
|-damage|p2a: Landorus|0 fnt
|-fieldstart|move: Grassy Terrain
|faint|p2a: Landorus
|-ability|p1a: Kartana|Beast Boost|boost
|-boost|p1a: Kartana|atk|1
|
|upkeep
|
|t:|1659727298
|switch|p2a: Zacian|Zacian-Crowned|100/100
|-ability|p2a: Zacian|Intrepid Sword|boost
|-boost|p2a: Zacian|atk|1
|turn|8
|
|t:|1659727306
|move|p1a: Kartana|Max Knuckle|p2a: Zacian
|-damage|p2a: Zacian|48/100
|-boost|p1a: Kartana|atk|1
|move|p2a: Zacian|Close Combat|p1a: Kartana
|-supereffective|p1a: Kartana
|-damage|p1a: Kartana|27/100
|-unboost|p2a: Zacian|def|1
|-unboost|p2a: Zacian|spd|1
|
|-heal|p1a: Kartana|30/100|[from] Grassy Terrain
|-heal|p2a: Zacian|54/100|[from] Grassy Terrain
|upkeep
|-end|p1a: Kartana|Dynamax
|-heal|p1a: Kartana|30/100|[silent]
|turn|9
|inactive|Schweppess has 120 seconds left.
|
|t:|1659727315
|move|p1a: Kartana|Leaf Blade|p2a: Zacian
|-resisted|p2a: Zacian
|-damage|p2a: Zacian|0 fnt
|faint|p2a: Zacian
|-ability|p1a: Kartana|Beast Boost|boost
|-boost|p1a: Kartana|atk|1
|
|-heal|p1a: Kartana|36/100|[from] Grassy Terrain
|upkeep
|
|t:|1659727324
|switch|p2a: Calyrex|Calyrex-Shadow|100/100
|-ability|p2a: Calyrex|As One
|-ability|p2a: Calyrex|Unnerve
|turn|10
|
|t:|1659727332
|-start|p2a: Calyrex|Dynamax|
|-heal|p2a: Calyrex|100/100|[silent]
|move|p1a: Kartana|Leaf Blade|p2a: Calyrex
|-enditem|p2a: Calyrex|Focus Sash
|-damage|p2a: Calyrex|1/100
|move|p2a: Calyrex|Max Mindstorm|p1a: Kartana
|-resisted|p1a: Kartana
|-damage|p1a: Kartana|0 fnt
|-fieldstart|move: Psychic Terrain
|faint|p1a: Kartana
|-ability|p2a: Calyrex|Grim Neigh|boost
|-boost|p2a: Calyrex|spa|1
|
|upkeep
|
|t:|1659727339
|switch|p1a: Ditto|Ditto|100/100
|-transform|p1a: Ditto|p2a: Calyrex|[from] ability: Imposter
|turn|11
|
|t:|1659727349
|move|p1a: Ditto|Draining Kiss|p2a: Calyrex
|-damage|p2a: Calyrex|0 fnt
|faint|p2a: Calyrex
|-ability|p1a: Ditto|Grim Neigh|boost
|-boost|p1a: Ditto|spa|1
|
|upkeep
|
|t:|1659727353
|switch|p2a: Blissey|Blissey, F|100/100
|turn|12
|
|t:|1659727359
|switch|p1a: Shuckle|Shuckle, F|100/100
|move|p2a: Blissey|Toxic|p1a: Shuckle
|-status|p1a: Shuckle|tox
|
|-damage|p1a: Shuckle|94/100 tox|[from] psn
|upkeep
|turn|13
|
|t:|1659727365
|move|p2a: Blissey|Protect|p2a: Blissey
|-singleturn|p2a: Blissey|Protect
|move|p1a: Shuckle|Stealth Rock|p2a: Blissey
|-sidestart|p2: pyukumukuworship|move: Stealth Rock
|
|-damage|p1a: Shuckle|82/100 tox|[from] psn
|upkeep
|turn|14
|
|t:|1659727373
|move|p2a: Blissey|Wish|p2a: Blissey
|move|p1a: Shuckle|Sticky Web|p2a: Blissey
|-sidestart|p2: pyukumukuworship|move: Sticky Web
|
|-damage|p1a: Shuckle|63/100 tox|[from] psn
|-fieldend|move: Psychic Terrain
|upkeep
|turn|15
|
|t:|1659727377
|switch|p2a: Slowbro|Slowbro, F|100/100
|-damage|p2a: Slowbro|88/100|[from] Stealth Rock
|-activate|p2a: Slowbro|move: Sticky Web
|-unboost|p2a: Slowbro|spe|1
|move|p1a: Shuckle|Encore||[still]
|-fail|p1a: Shuckle
|
|-heal|p2a: Slowbro|100/100|[from] move: Wish|[wisher] Blissey
|-damage|p1a: Shuckle|39/100 tox|[from] psn
|upkeep
|turn|16
|
|t:|1659727387
|detailschange|p2a: Slowbro|Slowbro-Mega, F
|-mega|p2a: Slowbro|Slowbro|Slowbronite
|move|p2a: Slowbro|Scald|p1a: Shuckle
|-supereffective|p1a: Shuckle
|-damage|p1a: Shuckle|3/100 tox
|move|p1a: Shuckle|Infestation|p2a: Slowbro
|-supereffective|p2a: Slowbro
|-damage|p2a: Slowbro|97/100
|-activate|p2a: Slowbro|move: Infestation|[of] p1a: Shuckle
|
|-damage|p1a: Shuckle|0 fnt|[from] psn
|faint|p1a: Shuckle
|-end|p2a: Slowbro|Infestation|[partiallytrapped]|[silent]
|upkeep
|
|t:|1659727397
|switch|p1a: Marshadow|Marshadow|100/100
|turn|17
|
|t:|1659727402
|move|p1a: Marshadow|Spectral Thief|p2a: Slowbro
|-supereffective|p2a: Slowbro
|-damage|p2a: Slowbro|61/100
|move|p2a: Slowbro|Scald|p1a: Marshadow
|-damage|p1a: Marshadow|62/100
|-status|p1a: Marshadow|brn
|
|-damage|p1a: Marshadow|56/100 brn|[from] brn
|upkeep
|turn|18
|
|t:|1659727410
|move|p1a: Marshadow|Spectral Thief|p2a: Slowbro
|-supereffective|p2a: Slowbro
|-damage|p2a: Slowbro|42/100
|move|p2a: Slowbro|Slack Off|p2a: Slowbro
|-heal|p2a: Slowbro|92/100
|
|-damage|p1a: Marshadow|49/100 brn|[from] brn
|upkeep
|turn|19
|
|t:|1659727429
|switch|p1a: Ditto|Ditto|100/100
|-transform|p1a: Ditto|p2a: Slowbro|[from] ability: Imposter
|move|p2a: Slowbro|Scald|p1a: Ditto
|-resisted|p1a: Ditto
|-damage|p1a: Ditto|76/100
|
|upkeep
|turn|20
|
|t:|1659727444
|move|p2a: Slowbro|Scald|p1a: Ditto
|-resisted|p1a: Ditto
|-damage|p1a: Ditto|54/100
|move|p1a: Ditto|Slack Off|p1a: Ditto
|-heal|p1a: Ditto|100/100
|
|upkeep
|turn|21
|
|t:|1659727451
|switch|p2a: Liepard|Liepard, M|99/100
|-damage|p2a: Liepard|87/100|[from] Stealth Rock
|-activate|p2a: Liepard|move: Sticky Web
|-unboost|p2a: Liepard|spe|1
|move|p1a: Ditto|Iron Defense|p1a: Ditto
|-boost|p1a: Ditto|def|2
|
|-heal|p2a: Liepard|93/100|[from] item: Leftovers
|upkeep
|turn|22
|
|t:|1659727460
|move|p2a: Liepard|Encore|p1a: Ditto
|-start|p1a: Ditto|Encore
|move|p1a: Ditto|Iron Defense|p1a: Ditto
|-boost|p1a: Ditto|def|2
|
|-heal|p2a: Liepard|99/100|[from] item: Leftovers
|upkeep
|turn|23
|
|t:|1659727468
|switch|p1a: Ditto|Ditto|100/100
|-transform|p1a: Ditto|p2a: Liepard|[from] ability: Imposter
|move|p2a: Liepard|Knock Off|p1a: Ditto
|-resisted|p1a: Ditto
|-damage|p1a: Ditto|59/100
|-enditem|p1a: Ditto|Choice Scarf|[from] move: Knock Off|[of] p2a: Liepard
|
|-heal|p2a: Liepard|100/100|[from] item: Leftovers
|upkeep
|turn|24
|
|t:|1659727484
|move|p1a: Ditto|Substitute|p1a: Ditto
|-start|p1a: Ditto|Substitute
|-damage|p1a: Ditto|34/100
|move|p2a: Liepard|Knock Off|p1a: Ditto
|-resisted|p1a: Ditto
|-crit|p1a: Ditto
|-end|p1a: Ditto|Substitute
|
|upkeep
|turn|25
|
|t:|1659727492
|move|p1a: Ditto|Knock Off|p2a: Liepard
|-resisted|p2a: Liepard
|-damage|p2a: Liepard|52/100
|-enditem|p2a: Liepard|Leftovers|[from] move: Knock Off|[of] p1a: Ditto
|move|p2a: Liepard|Knock Off|p1a: Ditto
|-resisted|p1a: Ditto
|-damage|p1a: Ditto|6/100
|
|upkeep
|turn|26
|
|t:|1659727500
|move|p2a: Liepard|Substitute|p2a: Liepard
|-start|p2a: Liepard|Substitute
|-damage|p2a: Liepard|27/100
|move|p1a: Ditto|Knock Off|p2a: Liepard
|-resisted|p2a: Liepard
|-end|p2a: Liepard|Substitute
|
|upkeep
|turn|27
|
|t:|1659727505
|move|p1a: Ditto|Knock Off|p2a: Liepard
|-resisted|p2a: Liepard
|-damage|p2a: Liepard|0 fnt
|faint|p2a: Liepard
|
|upkeep
|
|t:|1659727515
|switch|p2a: Slowbro|Slowbro-Mega, F|92/100
|-damage|p2a: Slowbro|79/100|[from] Stealth Rock
|-activate|p2a: Slowbro|move: Sticky Web
|-unboost|p2a: Slowbro|spe|1
|turn|28
|
|t:|1659727519
|move|p1a: Ditto|Knock Off|p2a: Slowbro
|-supereffective|p2a: Slowbro
|-damage|p2a: Slowbro|54/100
|move|p2a: Slowbro|Iron Defense|p2a: Slowbro
|-boost|p2a: Slowbro|def|2
|
|upkeep
|turn|29
|
|t:|1659727525
|move|p1a: Ditto|Knock Off|p2a: Slowbro
|-supereffective|p2a: Slowbro
|-damage|p2a: Slowbro|42/100
|move|p2a: Slowbro|Slack Off|p2a: Slowbro
|-heal|p2a: Slowbro|92/100
|
|upkeep
|turn|30
|
|t:|1659727532
|move|p1a: Ditto|Encore|p2a: Slowbro
|-start|p2a: Slowbro|Encore
|move|p2a: Slowbro|Slack Off|p2a: Slowbro
|-heal|p2a: Slowbro|100/100
|
|upkeep
|turn|31
|
|t:|1659727553
|switch|p1a: Marshadow|Marshadow|49/100 brn
|switch|p2a: Blissey|Blissey, F|100/100
|-damage|p2a: Blissey|88/100|[from] Stealth Rock
|-activate|p2a: Blissey|move: Sticky Web
|-unboost|p2a: Blissey|spe|1
|
|-heal|p2a: Blissey|94/100|[from] item: Leftovers
|-damage|p1a: Marshadow|43/100 brn|[from] brn
|upkeep
|turn|32
|
|t:|1659727562
|move|p1a: Marshadow|Close Combat|p2a: Blissey
|-supereffective|p2a: Blissey
|-damage|p2a: Blissey|45/100
|-unboost|p1a: Marshadow|def|1
|-unboost|p1a: Marshadow|spd|1
|move|p2a: Blissey|Wish|p2a: Blissey
|
|-heal|p2a: Blissey|51/100|[from] item: Leftovers
|-damage|p1a: Marshadow|37/100 brn|[from] brn
|upkeep
|turn|33
|
|t:|1659727575
|switch|p1a: Ditto|Ditto|6/100
|-transform|p1a: Ditto|p2a: Blissey|[from] ability: Imposter
|move|p2a: Blissey|Protect||[still]
|-fail|p2a: Blissey
|
|-heal|p2a: Blissey|100/100|[from] move: Wish|[wisher] Blissey
|upkeep
|turn|34
|
|t:|1659727580
|move|p1a: Ditto|Aromatherapy|p1a: Ditto
|-activate|p1a: Ditto|move: Aromatherapy
|-curestatus|p1: Marshadow|brn|[msg]
|move|p2a: Blissey|Toxic|p1a: Ditto
|-status|p1a: Ditto|tox
|
|-damage|p1a: Ditto|0 fnt|[from] psn
|faint|p1a: Ditto
|upkeep
|
|t:|1659727588
|switch|p1a: Marshadow|Marshadow|37/100
|turn|35
|
|t:|1659727596
|move|p2a: Blissey|Protect|p2a: Blissey
|-singleturn|p2a: Blissey|Protect
|move|p1a: Marshadow|Close Combat|p2a: Blissey
|-activate|p2a: Blissey|move: Protect
|
|upkeep
|turn|36
|
|t:|1659727601
|switch|p2a: Slowbro|Slowbro-Mega, F|100/100
|-damage|p2a: Slowbro|88/100|[from] Stealth Rock
|-activate|p2a: Slowbro|move: Sticky Web
|-unboost|p2a: Slowbro|spe|1
|move|p1a: Marshadow|Close Combat|p2a: Slowbro
|-resisted|p2a: Slowbro
|-damage|p2a: Slowbro|76/100
|-unboost|p1a: Marshadow|def|1
|-unboost|p1a: Marshadow|spd|1
|
|upkeep
|turn|37
|
|t:|1659727609
|switch|p1a: Ditto|Ditto|100/100
|-transform|p1a: Ditto|p2a: Slowbro|[from] ability: Imposter
|move|p2a: Slowbro|Slack Off|p2a: Slowbro
|-heal|p2a: Slowbro|100/100
|
|upkeep
|turn|38
|
|t:|1659727614
|move|p1a: Ditto|Iron Defense|p1a: Ditto
|-boost|p1a: Ditto|def|2
|move|p2a: Slowbro|Scald|p1a: Ditto
|-resisted|p1a: Ditto
|-damage|p1a: Ditto|79/100
|-status|p1a: Ditto|brn
|
|-damage|p1a: Ditto|73/100 brn|[from] brn
|upkeep
|turn|39
|
|t:|1659727620
|move|p2a: Slowbro|Scald|p1a: Ditto
|-resisted|p1a: Ditto
|-damage|p1a: Ditto|50/100 brn
|move|p1a: Ditto|Iron Defense|p1a: Ditto
|-boost|p1a: Ditto|def|2
|
|-damage|p1a: Ditto|44/100 brn|[from] brn
|upkeep
|turn|40
|
|t:|1659727625
|move|p1a: Ditto|Slack Off|p1a: Ditto
|-heal|p1a: Ditto|94/100 brn
|move|p2a: Slowbro|Scald|p1a: Ditto
|-resisted|p1a: Ditto
|-damage|p1a: Ditto|72/100 brn
|
|-damage|p1a: Ditto|66/100 brn|[from] brn
|upkeep
|turn|41
|
|t:|1659727632
|move|p2a: Slowbro|Scald|p1a: Ditto
|-resisted|p1a: Ditto
|-damage|p1a: Ditto|41/100 brn
|move|p1a: Ditto|Iron Defense|p1a: Ditto
|-boost|p1a: Ditto|def|2
|
|-damage|p1a: Ditto|35/100 brn|[from] brn
|upkeep
|turn|42
|
|t:|1659727636
|move|p1a: Ditto|Slack Off|p1a: Ditto
|-heal|p1a: Ditto|85/100 brn
|move|p2a: Slowbro|Scald|p1a: Ditto
|-resisted|p1a: Ditto
|-damage|p1a: Ditto|61/100 brn
|
|-damage|p1a: Ditto|55/100 brn|[from] brn
|upkeep
|turn|43
|
|t:|1659727640
|move|p2a: Slowbro|Scald|p1a: Ditto
|-resisted|p1a: Ditto
|-damage|p1a: Ditto|30/100 brn
|move|p1a: Ditto|Slack Off|p1a: Ditto
|-heal|p1a: Ditto|80/100 brn
|
|-damage|p1a: Ditto|74/100 brn|[from] brn
|upkeep
|turn|44
|
|t:|1659727643
|move|p2a: Slowbro|Scald|p1a: Ditto
|-resisted|p1a: Ditto
|-damage|p1a: Ditto|50/100 brn
|move|p1a: Ditto|Slack Off|p1a: Ditto
|-heal|p1a: Ditto|99/100 brn
|
|-damage|p1a: Ditto|94/100 brn|[from] brn
|upkeep
|turn|45
|
|t:|1659727650
|move|p1a: Ditto|Slack Off|p1a: Ditto
|-heal|p1a: Ditto|100/100 brn
|move|p2a: Slowbro|Body Press|p1a: Ditto
|-resisted|p1a: Ditto
|-damage|p1a: Ditto|98/100 brn
|
|-damage|p1a: Ditto|92/100 brn|[from] brn
|upkeep
|turn|46
|
|t:|1659727654
|move|p2a: Slowbro|Scald|p1a: Ditto
|-resisted|p1a: Ditto
|-damage|p1a: Ditto|70/100 brn
|move|p1a: Ditto|Body Press|p2a: Slowbro
|-resisted|p2a: Slowbro
|-damage|p2a: Slowbro|84/100
|
|-damage|p1a: Ditto|64/100 brn|[from] brn
|upkeep
|turn|47
|
|t:|1659727661
|move|p1a: Ditto|Scald|p2a: Slowbro
|-resisted|p2a: Slowbro
|-damage|p2a: Slowbro|65/100
|move|p2a: Slowbro|Body Press|p1a: Ditto
|-resisted|p1a: Ditto
|-damage|p1a: Ditto|62/100 brn
|
|-damage|p1a: Ditto|56/100 brn|[from] brn
|upkeep
|turn|48
|
|t:|1659727667
|move|p1a: Ditto|Scald|p2a: Slowbro
|-resisted|p2a: Slowbro
|-damage|p2a: Slowbro|46/100
|move|p2a: Slowbro|Scald|p1a: Ditto
|-resisted|p1a: Ditto
|-damage|p1a: Ditto|31/100 brn
|
|-damage|p1a: Ditto|25/100 brn|[from] brn
|upkeep
|turn|49
|
|t:|1659727672
|move|p2a: Slowbro|Slack Off|p2a: Slowbro
|-heal|p2a: Slowbro|96/100
|move|p1a: Ditto|Scald|p2a: Slowbro
|-resisted|p2a: Slowbro
|-damage|p2a: Slowbro|78/100
|
|-damage|p1a: Ditto|19/100 brn|[from] brn
|upkeep
|turn|50
|
|t:|1659727686
|switch|p1a: Ditto|Ditto|100/100
|-transform|p1a: Ditto|p2a: Slowbro|[from] ability: Imposter
|move|p2a: Slowbro|Scald|p1a: Ditto
|-resisted|p1a: Ditto
|-damage|p1a: Ditto|77/100
|
|upkeep
|turn|51
|-message|Schweppess forfeited.
|
|win|pyukumukuworship
|raw|Schweppess's rating: 1439 &rarr; <strong>1430</strong><br />(-9 for losing)
|raw|pyukumukuworship's rating: 1644 &rarr; <strong>1653</strong><br />(+9 for winning)
|l|☆Schweppess
|l|☆pyukumukuworship
||Ladder isn't responding, score probably updated but might not have (Request timeout).
|j|☆pyukumukuworship
|player|p2|pyukumukuworship|265
|l|☆pyukumukuworship
|player|p2|
|j|☆pyukumukuworship
|player|p2|pyukumukuworship|265
