|j|☆DarkDsiR
|j|☆1WeedBeard
|inactive|Battle timer is ON: inactive players will automatically lose when time's up.
|t:|1646420297
|gametype|singles
|player|p1|DarkDsiR|lusamine-nihilego|
|player|p2|1WeedBeard|wattson|
|teamsize|p1|6
|teamsize|p2|6
|gen|8
|tier|[Gen 8] National Dex AG
|rated|Tournament battle
|rule|HP Percentage Mod: HP is shown in percentages
|rule|Endless Battle Clause: Forcing endless battles is banned
|clearpoke
|poke|p1|Charizard, M|
|poke|p1|Blastoise, M|
|poke|p1|Venusaur, F|
|poke|p1|Pikachu, F|
|poke|p1|Snorlax, F|
|poke|p1|Lapras, M|
|poke|p2|Smeargle, F|
|poke|p2|Zacian-*|
|poke|p2|Arceus-*|
|poke|p2|Groudon|
|poke|p2|Ditto|
|poke|p2|Calyrex-Shadow|
|teampreview
|inactive|1WeedBeard also wants the timer to be on.
|
|t:|1646420301
|start
|switch|p1a: Lapras|Lapras, M|100/100
|switch|p2a: Smeargle|Smeargle, F|100/100
|turn|1
|
|t:|1646420307
|-start|p1a: Lapras|Dynamax
|-formechange|p1a: Lapras|Lapras-Gmax
|-heal|p1a: Lapras|100/100|[silent]
|move|p2a: Smeargle|Nuzzle|p1a: Lapras
|-supereffective|p1a: Lapras
|-damage|p1a: Lapras|99/100
|-status|p1a: Lapras|par
|move|p1a: Lapras|Max Strike|p2a: Smeargle
|-damage|p2a: Smeargle|59/100
|-unboost|p2a: Smeargle|spe|1
|
|-ability|p2a: Smeargle|Moody|boost
|-boost|p2a: Smeargle|spe|2
|-unboost|p2a: Smeargle|spa|1
|upkeep
|turn|2
|
|t:|1646420317
|move|p2a: Smeargle|Stealth Rock|p1a: Lapras
|-sidestart|p1: DarkDsiR|move: Stealth Rock
|cant|p1a: Lapras|par
|
|-ability|p2a: Smeargle|Moody|boost
|-boost|p2a: Smeargle|spa|2
|-unboost|p2a: Smeargle|spe|1
|upkeep
|turn|3
|
|t:|1646420321
|move|p2a: Smeargle|Sticky Web|p1a: Lapras
|-sidestart|p1: DarkDsiR|move: Sticky Web
|move|p1a: Lapras|G-Max Resonance|p2a: Smeargle
|-crit|p2a: Smeargle
|-damage|p2a: Smeargle|0 fnt
|-sidestart|p1: DarkDsiR|move: Aurora Veil
|faint|p2a: Smeargle
|
|-end|p1a: Lapras|Dynamax
|-formechange|p1a: Lapras|Lapras
|-heal|p1a: Lapras|99/100 par|[silent]
|upkeep
|
|t:|1646420329
|switch|p2a: Arceus-Normal|Arceus-Ghost|100/100
|turn|4
|
|t:|1646420333
|move|p2a: Arceus-Normal|Swords Dance|p2a: Arceus-Normal
|-boost|p2a: Arceus-Normal|atk|2
|move|p1a: Lapras|Sheer Cold|p2a: Arceus-Normal|[miss]
|-miss|p1a: Lapras|p2a: Arceus-Normal
|
|upkeep
|turn|5
|
|t:|1646420340
|move|p2a: Arceus-Normal|Shadow Force||[still]
|-prepare|p2a: Arceus-Normal|Shadow Force
|move|p1a: Lapras|Sheer Cold|p2a: Arceus-Normal|[miss]
|-miss|p1a: Lapras|p2a: Arceus-Normal
|
|upkeep
|turn|6
|
|t:|1646420343
|move|p2a: Arceus-Normal|Shadow Force|p1a: Lapras|[from]lockedmove
|-damage|p1a: Lapras|30/100 par
|cant|p1a: Lapras|par
|
|upkeep
|turn|7
|
|t:|1646420348
|move|p2a: Arceus-Normal|Shadow Force||[still]
|-prepare|p2a: Arceus-Normal|Shadow Force
|move|p1a: Lapras|Rest|p1a: Lapras
|-status|p1a: Lapras|slp|[from] move: Rest
|-heal|p1a: Lapras|100/100 slp|[silent]
|
|-sideend|p1: DarkDsiR|move: Aurora Veil
|upkeep
|turn|8
|
|t:|1646420351
|move|p2a: Arceus-Normal|Shadow Force|p1a: Lapras|[from]lockedmove
|-damage|p1a: Lapras|0 fnt
|faint|p1a: Lapras
|
|upkeep
|
|t:|1646420357
|switch|p1a: Blastoise|Blastoise, M|100/100
|-activate|p1a: Blastoise|move: Sticky Web
|-unboost|p1a: Blastoise|spe|1
|-damage|p1a: Blastoise|88/100|[from] Stealth Rock
|-enditem|p1a: Blastoise|White Herb
|-clearnegativeboost|p1a: Blastoise|[silent]
|turn|9
|
|t:|1646420365
|move|p2a: Arceus-Normal|Shadow Force||[still]
|-prepare|p2a: Arceus-Normal|Shadow Force
|move|p1a: Blastoise|Shell Smash|p1a: Blastoise
|-unboost|p1a: Blastoise|def|1
|-unboost|p1a: Blastoise|spd|1
|-boost|p1a: Blastoise|atk|2
|-boost|p1a: Blastoise|spa|2
|-boost|p1a: Blastoise|spe|2
|
|upkeep
|turn|10
|
|t:|1646420368
|move|p1a: Blastoise|Dark Pulse|p2a: Arceus-Normal|[miss]
|-miss|p1a: Blastoise|p2a: Arceus-Normal
|move|p2a: Arceus-Normal|Shadow Force|p1a: Blastoise|[from]lockedmove
|-damage|p1a: Blastoise|0 fnt
|faint|p1a: Blastoise
|
|upkeep
|
|t:|1646420373
|switch|p1a: Snorlax|Snorlax, F|100/100
|-activate|p1a: Snorlax|move: Sticky Web
|-unboost|p1a: Snorlax|spe|1
|-damage|p1a: Snorlax|88/100|[from] Stealth Rock
|turn|11
|
|t:|1646420381
|move|p2a: Arceus-Normal|Rock Tomb|p1a: Snorlax
|-damage|p1a: Snorlax|56/100
|-unboost|p1a: Snorlax|spe|1
|move|p1a: Snorlax|Curse|p1a: Snorlax
|-unboost|p1a: Snorlax|spe|1
|-boost|p1a: Snorlax|atk|1
|-boost|p1a: Snorlax|def|1
|
|-heal|p1a: Snorlax|62/100|[from] item: Leftovers
|upkeep
|turn|12
|
|t:|1646420387
|switch|p2a: Groudon|Groudon|100/100
|detailschange|p2a: Groudon|Groudon-Primal
|-primal|p2a: Groudon
|-weather|DesolateLand|[from] ability: Desolate Land|[of] p2a: Groudon
|move|p1a: Snorlax|Curse|p1a: Snorlax
|-unboost|p1a: Snorlax|spe|1
|-boost|p1a: Snorlax|atk|1
|-boost|p1a: Snorlax|def|1
|
|-weather|DesolateLand|[upkeep]
|-heal|p1a: Snorlax|69/100|[from] item: Leftovers
|upkeep
|turn|13
|
|t:|1646420390
|move|p1a: Snorlax|Rest|p1a: Snorlax
|-status|p1a: Snorlax|slp|[from] move: Rest
|-heal|p1a: Snorlax|100/100 slp|[silent]
|move|p2a: Groudon|Dragon Tail|p1a: Snorlax
|-damage|p1a: Snorlax|92/100 slp
|drag|p1a: Venusaur|Venusaur, F|100/100
|-activate|p1a: Venusaur|move: Sticky Web
|-unboost|p1a: Venusaur|spe|1
|-damage|p1a: Venusaur|88/100|[from] Stealth Rock
|
|-weather|DesolateLand|[upkeep]
|upkeep
|turn|14
|
|t:|1646420398
|move|p1a: Venusaur|Giga Drain|p2a: Groudon
|-damage|p2a: Groudon|50/100
|-heal|p1a: Venusaur|100/100|[from] drain|[of] p2a: Groudon
|-damage|p1a: Venusaur|91/100|[from] item: Life Orb
|move|p2a: Groudon|Flamethrower|p1a: Venusaur
|-supereffective|p1a: Venusaur
|-damage|p1a: Venusaur|0 fnt
|faint|p1a: Venusaur
|
|-weather|DesolateLand|[upkeep]
|upkeep
|
|t:|1646420403
|switch|p1a: Charizard|Charizard, M|100/100
|-damage|p1a: Charizard|51/100|[from] Stealth Rock
|turn|15
|
|t:|1646420409
|detailschange|p1a: Charizard|Charizard-Mega-Y, M
|-mega|p1a: Charizard|Charizard|Charizardite Y
|-ability|p1a: Charizard|Drought|[from] desolateland|[fail]
|move|p1a: Charizard|Solar Beam||[still]
|-prepare|p1a: Charizard|Solar Beam
|-anim|p1a: Charizard|Solar Beam|p2a: Groudon
|-damage|p2a: Groudon|0 fnt
|faint|p2a: Groudon
|-weather|none
|
|upkeep
|
|t:|1646420416
|switch|p2a: Zacian|Zacian-Crowned, shiny|100/100
|-ability|p2a: Zacian|Intrepid Sword|boost
|-boost|p2a: Zacian|atk|1
|turn|16
|
|t:|1646420418
|move|p2a: Zacian|Wild Charge|p1a: Charizard
|-supereffective|p1a: Charizard
|-damage|p1a: Charizard|0 fnt
|faint|p1a: Charizard
|-damage|p2a: Zacian|89/100|[from] Recoil
|
|upkeep
|-message|DarkDsiR forfeited.
|
|win|1WeedBeard
|n|☆DarkDsiR|darkdsir
|n|☆1WeedBeard|1weedbeard
