|j|☆orange overhaul
|j|☆angel4660
|t:|1661786991
|gametype|singles
|player|p1|orange overhaul|reporter|1533
|player|p2|angel4660|2|1620
|teamsize|p1|6
|teamsize|p2|6
|gen|8
|tier|[Gen 8] National Dex AG
|rated|
|rule|HP Percentage Mod: HP is shown in percentages
|rule|Endless Battle Clause: Forcing endless battles is banned
|clearpoke
|poke|p1|Kartana|
|poke|p1|Arceus-*|
|poke|p1|Groudon|
|poke|p1|Zacian-*|
|poke|p1|Eternatus|
|poke|p1|Rayquaza|
|poke|p2|Zacian-*|
|poke|p2|Blaziken, M|
|poke|p2|Yveltal|
|poke|p2|Lunala|
|poke|p2|Groudon|
|poke|p2|Darkrai|
|teampreview
|inactive|Battle timer is ON: inactive players will automatically lose when time's up. (requested by orange overhaul)
|inactive|orange overhaul has 120 seconds left.
|inactive|orange overhaul has 90 seconds left.
|
|t:|1661787054
|start
|switch|p1a: Arceus|Arceus-Ground|100/100
|switch|p2a: Zacian|Zacian|100/100
|-ability|p2a: Zacian|Intrepid Sword|boost
|-boost|p2a: Zacian|atk|1
|turn|1
|
|t:|1661787083
|move|p2a: Zacian|Play Rough|p1a: Arceus
|-damage|p1a: Arceus|68/100
|-unboost|p1a: Arceus|atk|1
|move|p1a: Arceus|Judgment|p2a: Zacian
|-damage|p2a: Zacian|58/100
|
|upkeep
|turn|2
|l|☆angel4660
|inactive|angel4660 disconnected and has a minute to reconnect!
|player|p2|
|j|☆angel4660
|inactive|angel4660 reconnected and has 125 seconds left.
|player|p2|angel4660|2
|inactive|angel4660 has 120 seconds left.
|l|☆angel4660
|inactive|angel4660 disconnected and has a minute to reconnect!
|player|p2|
|j|☆angel4660
|inactive|angel4660 reconnected and has 115 seconds left.
|player|p2|angel4660|2
|l|☆angel4660
|inactive|angel4660 disconnected and has a minute to reconnect!
|player|p2|
|j|☆angel4660
|inactive|angel4660 reconnected and has 100 seconds left.
|player|p2|angel4660|2
|l|☆angel4660
|inactive|angel4660 disconnected and has a minute to reconnect!
|player|p2|
|j|☆angel4660
|inactive|angel4660 reconnected and has 90 seconds left.
|player|p2|angel4660|2
|
|t:|1661787146
|switch|p2a: Lunala|Lunala|100/100
|move|p1a: Arceus|Recover|p1a: Arceus
|-heal|p1a: Arceus|100/100
|
|upkeep
|turn|3
|
|t:|1661787160
|move|p1a: Arceus|Judgment|p2a: Lunala
|-damage|p2a: Lunala|90/100
|move|p2a: Lunala|Will-O-Wisp|p1a: Arceus|[miss]
|-miss|p2a: Lunala|p1a: Arceus
|
|-heal|p2a: Lunala|96/100|[from] item: Leftovers
|upkeep
|turn|4
|
|t:|1661787173
|switch|p1a: Eternatus|Eternatus|100/100
|-ability|p1a: Eternatus|Pressure
|move|p2a: Lunala|Moonblast|p1a: Eternatus
|-damage|p1a: Eternatus|76/100
|
|-heal|p1a: Eternatus|82/100|[from] item: Black Sludge
|-heal|p2a: Lunala|100/100|[from] item: Leftovers
|upkeep
|turn|5
|
|t:|1661787179
|move|p1a: Eternatus|Cosmic Power|p1a: Eternatus
|-boost|p1a: Eternatus|def|1
|-boost|p1a: Eternatus|spd|1
|move|p2a: Lunala|Moonblast|p1a: Eternatus
|-damage|p1a: Eternatus|65/100
|-unboost|p1a: Eternatus|spa|1
|
|-heal|p1a: Eternatus|71/100|[from] item: Black Sludge
|upkeep
|turn|6
|
|t:|1661787189
|move|p1a: Eternatus|Cosmic Power|p1a: Eternatus
|-boost|p1a: Eternatus|def|1
|-boost|p1a: Eternatus|spd|1
|move|p2a: Lunala|Will-O-Wisp|p1a: Eternatus
|-status|p1a: Eternatus|brn
|
|-heal|p1a: Eternatus|77/100 brn|[from] item: Black Sludge
|-damage|p1a: Eternatus|71/100 brn|[from] brn
|upkeep
|turn|7
|
|t:|1661787204
|move|p1a: Eternatus|Cosmic Power|p1a: Eternatus
|-boost|p1a: Eternatus|def|1
|-boost|p1a: Eternatus|spd|1
|move|p2a: Lunala|Moonblast|p1a: Eternatus
|-damage|p1a: Eternatus|61/100 brn
|-unboost|p1a: Eternatus|spa|1
|
|-heal|p1a: Eternatus|67/100 brn|[from] item: Black Sludge
|-damage|p1a: Eternatus|61/100 brn|[from] brn
|upkeep
|turn|8
|
|t:|1661787211
|move|p1a: Eternatus|Cosmic Power|p1a: Eternatus
|-boost|p1a: Eternatus|def|1
|-boost|p1a: Eternatus|spd|1
|move|p2a: Lunala|Moonblast|p1a: Eternatus
|-damage|p1a: Eternatus|54/100 brn
|
|-heal|p1a: Eternatus|60/100 brn|[from] item: Black Sludge
|-damage|p1a: Eternatus|54/100 brn|[from] brn
|upkeep
|turn|9
|
|t:|1661787220
|move|p1a: Eternatus|Cosmic Power|p1a: Eternatus
|-boost|p1a: Eternatus|def|1
|-boost|p1a: Eternatus|spd|1
|move|p2a: Lunala|Moonblast|p1a: Eternatus
|-crit|p1a: Eternatus
|-damage|p1a: Eternatus|17/100 brn
|-unboost|p1a: Eternatus|spa|1
|
|-heal|p1a: Eternatus|23/100 brn|[from] item: Black Sludge
|-damage|p1a: Eternatus|17/100 brn|[from] brn
|upkeep
|turn|10
|
|t:|1661787233
|move|p1a: Eternatus|Recover|p1a: Eternatus
|-heal|p1a: Eternatus|67/100 brn
|move|p2a: Lunala|Moonblast|p1a: Eternatus
|-damage|p1a: Eternatus|61/100 brn
|
|-heal|p1a: Eternatus|67/100 brn|[from] item: Black Sludge
|-damage|p1a: Eternatus|61/100 brn|[from] brn
|upkeep
|turn|11
|
|t:|1661787238
|move|p1a: Eternatus|Cosmic Power|p1a: Eternatus
|-boost|p1a: Eternatus|def|1
|-boost|p1a: Eternatus|spd|1
|move|p2a: Lunala|Moonblast|p1a: Eternatus
|-damage|p1a: Eternatus|55/100 brn
|
|-heal|p1a: Eternatus|61/100 brn|[from] item: Black Sludge
|-damage|p1a: Eternatus|55/100 brn|[from] brn
|upkeep
|turn|12
|
|t:|1661787244
|move|p1a: Eternatus|Flamethrower|p2a: Lunala
|-damage|p2a: Lunala|97/100
|move|p2a: Lunala|Moonblast|p1a: Eternatus
|-damage|p1a: Eternatus|48/100 brn
|
|-heal|p1a: Eternatus|54/100 brn|[from] item: Black Sludge
|-heal|p2a: Lunala|100/100|[from] item: Leftovers
|-damage|p1a: Eternatus|48/100 brn|[from] brn
|upkeep
|turn|13
|
|t:|1661787254
|move|p1a: Eternatus|Flamethrower|p2a: Lunala
|-damage|p2a: Lunala|97/100
|move|p2a: Lunala|Will-O-Wisp|p1a: Eternatus
|-fail|p1a: Eternatus|brn
|
|-heal|p1a: Eternatus|54/100 brn|[from] item: Black Sludge
|-heal|p2a: Lunala|100/100|[from] item: Leftovers
|-damage|p1a: Eternatus|48/100 brn|[from] brn
|upkeep
|turn|14
|
|t:|1661787262
|move|p1a: Eternatus|Flamethrower|p2a: Lunala
|-damage|p2a: Lunala|97/100
|move|p2a: Lunala|Will-O-Wisp|p1a: Eternatus
|-fail|p1a: Eternatus|brn
|
|-heal|p1a: Eternatus|54/100 brn|[from] item: Black Sludge
|-heal|p2a: Lunala|100/100|[from] item: Leftovers
|-damage|p1a: Eternatus|48/100 brn|[from] brn
|upkeep
|turn|15
|
|t:|1661787266
|move|p1a: Eternatus|Flamethrower|p2a: Lunala
|-damage|p2a: Lunala|97/100
|move|p2a: Lunala|Moongeist Beam|p1a: Eternatus
|-damage|p1a: Eternatus|38/100 brn
|
|-heal|p1a: Eternatus|44/100 brn|[from] item: Black Sludge
|-heal|p2a: Lunala|100/100|[from] item: Leftovers
|-damage|p1a: Eternatus|38/100 brn|[from] brn
|upkeep
|turn|16
|
|t:|1661787276
|move|p1a: Eternatus|Flamethrower|p2a: Lunala
|-damage|p2a: Lunala|97/100
|move|p2a: Lunala|Will-O-Wisp|p1a: Eternatus
|-fail|p1a: Eternatus|brn
|
|-heal|p1a: Eternatus|44/100 brn|[from] item: Black Sludge
|-heal|p2a: Lunala|100/100|[from] item: Leftovers
|-damage|p1a: Eternatus|38/100 brn|[from] brn
|upkeep
|turn|17
|
|t:|1661787282
|move|p1a: Eternatus|Flamethrower|p2a: Lunala
|-damage|p2a: Lunala|97/100
|-status|p2a: Lunala|brn
|move|p2a: Lunala|Will-O-Wisp|p1a: Eternatus
|-fail|p1a: Eternatus|brn
|
|-heal|p1a: Eternatus|44/100 brn|[from] item: Black Sludge
|-heal|p2a: Lunala|100/100 brn|[from] item: Leftovers
|-damage|p1a: Eternatus|38/100 brn|[from] brn
|-damage|p2a: Lunala|94/100 brn|[from] brn
|upkeep
|turn|18
|
|t:|1661787300
|move|p1a: Eternatus|Flamethrower|p2a: Lunala
|-damage|p2a: Lunala|87/100 brn
|move|p2a: Lunala|Will-O-Wisp|p1a: Eternatus
|-fail|p1a: Eternatus|brn
|
|-heal|p1a: Eternatus|44/100 brn|[from] item: Black Sludge
|-heal|p2a: Lunala|93/100 brn|[from] item: Leftovers
|-damage|p1a: Eternatus|38/100 brn|[from] brn
|-damage|p2a: Lunala|87/100 brn|[from] brn
|upkeep
|turn|19
|
|t:|1661787309
|move|p1a: Eternatus|Recover|p1a: Eternatus
|-heal|p1a: Eternatus|88/100 brn
|move|p2a: Lunala|Moonblast|p1a: Eternatus
|-damage|p1a: Eternatus|82/100 brn
|
|-heal|p1a: Eternatus|88/100 brn|[from] item: Black Sludge
|-heal|p2a: Lunala|93/100 brn|[from] item: Leftovers
|-damage|p1a: Eternatus|82/100 brn|[from] brn
|-damage|p2a: Lunala|87/100 brn|[from] brn
|upkeep
|turn|20
|
|t:|1661787321
|move|p1a: Eternatus|Flamethrower|p2a: Lunala
|-damage|p2a: Lunala|80/100 brn
|move|p2a: Lunala|Roost|p2a: Lunala
|-heal|p2a: Lunala|100/100 brn
|-singleturn|p2a: Lunala|move: Roost
|
|-heal|p1a: Eternatus|88/100 brn|[from] item: Black Sludge
|-damage|p1a: Eternatus|82/100 brn|[from] brn
|-damage|p2a: Lunala|94/100 brn|[from] brn
|upkeep
|turn|21
|
|t:|1661787339
|move|p1a: Eternatus|Flamethrower|p2a: Lunala
|-damage|p2a: Lunala|87/100 brn
|move|p2a: Lunala|Moonblast|p1a: Eternatus
|-damage|p1a: Eternatus|76/100 brn
|
|-heal|p1a: Eternatus|82/100 brn|[from] item: Black Sludge
|-heal|p2a: Lunala|93/100 brn|[from] item: Leftovers
|-damage|p1a: Eternatus|76/100 brn|[from] brn
|-damage|p2a: Lunala|87/100 brn|[from] brn
|upkeep
|turn|22
|
|t:|1661787343
|move|p1a: Eternatus|Flamethrower|p2a: Lunala
|-damage|p2a: Lunala|80/100 brn
|move|p2a: Lunala|Will-O-Wisp|p1a: Eternatus
|-fail|p1a: Eternatus|brn
|
|-heal|p1a: Eternatus|82/100 brn|[from] item: Black Sludge
|-heal|p2a: Lunala|86/100 brn|[from] item: Leftovers
|-damage|p1a: Eternatus|76/100 brn|[from] brn
|-damage|p2a: Lunala|80/100 brn|[from] brn
|upkeep
|turn|23
|
|t:|1661787354
|move|p1a: Eternatus|Flamethrower|p2a: Lunala
|-damage|p2a: Lunala|72/100 brn
|move|p2a: Lunala|Will-O-Wisp|p1a: Eternatus
|-fail|p1a: Eternatus|brn
|
|-heal|p1a: Eternatus|82/100 brn|[from] item: Black Sludge
|-heal|p2a: Lunala|78/100 brn|[from] item: Leftovers
|-damage|p1a: Eternatus|76/100 brn|[from] brn
|-damage|p2a: Lunala|72/100 brn|[from] brn
|upkeep
|turn|24
|
|t:|1661787360
|move|p1a: Eternatus|Flamethrower|p2a: Lunala
|-damage|p2a: Lunala|65/100 brn
|move|p2a: Lunala|Roost|p2a: Lunala
|-heal|p2a: Lunala|100/100 brn
|-singleturn|p2a: Lunala|move: Roost
|
|-heal|p1a: Eternatus|82/100 brn|[from] item: Black Sludge
|-damage|p1a: Eternatus|76/100 brn|[from] brn
|-damage|p2a: Lunala|94/100 brn|[from] brn
|upkeep
|turn|25
|
|t:|1661787374
|move|p1a: Eternatus|Flamethrower|p2a: Lunala
|-damage|p2a: Lunala|87/100 brn
|move|p2a: Lunala|Moongeist Beam|p1a: Eternatus
|-damage|p1a: Eternatus|67/100 brn
|
|-heal|p1a: Eternatus|73/100 brn|[from] item: Black Sludge
|-heal|p2a: Lunala|93/100 brn|[from] item: Leftovers
|-damage|p1a: Eternatus|67/100 brn|[from] brn
|-damage|p2a: Lunala|87/100 brn|[from] brn
|upkeep
|turn|26
|
|t:|1661787383
|switch|p2a: Darkrai|Darkrai|100/100
|move|p1a: Eternatus|Flamethrower|p2a: Darkrai
|-damage|p2a: Darkrai|79/100
|
|-heal|p1a: Eternatus|73/100 brn|[from] item: Black Sludge
|-damage|p1a: Eternatus|67/100 brn|[from] brn
|upkeep
|turn|27
|
|t:|1661787390
|move|p2a: Darkrai|Spacial Rend|p1a: Eternatus
|-supereffective|p1a: Eternatus
|-damage|p1a: Eternatus|42/100 brn
|move|p1a: Eternatus|Flamethrower|p2a: Darkrai
|-damage|p2a: Darkrai|61/100
|
|-heal|p1a: Eternatus|48/100 brn|[from] item: Black Sludge
|-damage|p1a: Eternatus|42/100 brn|[from] brn
|upkeep
|turn|28
|
|t:|1661787395
|move|p2a: Darkrai|Spacial Rend|p1a: Eternatus
|-supereffective|p1a: Eternatus
|-damage|p1a: Eternatus|20/100 brn
|move|p1a: Eternatus|Recover|p1a: Eternatus
|-heal|p1a: Eternatus|70/100 brn
|
|-heal|p1a: Eternatus|76/100 brn|[from] item: Black Sludge
|-damage|p1a: Eternatus|70/100 brn|[from] brn
|upkeep
|turn|29
|
|t:|1661787403
|move|p2a: Darkrai|Spacial Rend|p1a: Eternatus
|-supereffective|p1a: Eternatus
|-damage|p1a: Eternatus|48/100 brn
|move|p1a: Eternatus|Flamethrower|p2a: Darkrai
|-damage|p2a: Darkrai|40/100
|
|-heal|p1a: Eternatus|54/100 brn|[from] item: Black Sludge
|-damage|p1a: Eternatus|48/100 brn|[from] brn
|upkeep
|turn|30
|
|t:|1661787407
|move|p2a: Darkrai|Spacial Rend|p1a: Eternatus
|-supereffective|p1a: Eternatus
|-damage|p1a: Eternatus|25/100 brn
|move|p1a: Eternatus|Recover|p1a: Eternatus
|-heal|p1a: Eternatus|75/100 brn
|
|-heal|p1a: Eternatus|81/100 brn|[from] item: Black Sludge
|-damage|p1a: Eternatus|75/100 brn|[from] brn
|upkeep
|turn|31
|
|t:|1661787411
|switch|p2a: Lunala|Lunala|87/100 brn
|move|p1a: Eternatus|Flamethrower|p2a: Lunala
|-damage|p2a: Lunala|80/100 brn
|
|-heal|p1a: Eternatus|81/100 brn|[from] item: Black Sludge
|-heal|p2a: Lunala|86/100 brn|[from] item: Leftovers
|-damage|p1a: Eternatus|75/100 brn|[from] brn
|-damage|p2a: Lunala|80/100 brn|[from] brn
|upkeep
|turn|32
|
|t:|1661787421
|switch|p2a: Darkrai|Darkrai|40/100
|move|p1a: Eternatus|Flamethrower|p2a: Darkrai
|-damage|p2a: Darkrai|21/100
|
|-heal|p1a: Eternatus|81/100 brn|[from] item: Black Sludge
|-damage|p1a: Eternatus|75/100 brn|[from] brn
|upkeep
|turn|33
|
|t:|1661787432
|move|p2a: Darkrai|Dark Pulse|p1a: Eternatus
|-damage|p1a: Eternatus|61/100 brn
|move|p1a: Eternatus|Flamethrower|p2a: Darkrai
|-damage|p2a: Darkrai|0 fnt
|faint|p2a: Darkrai
|
|-heal|p1a: Eternatus|67/100 brn|[from] item: Black Sludge
|-damage|p1a: Eternatus|61/100 brn|[from] brn
|upkeep
|
|t:|1661787439
|switch|p2a: Groudon|Groudon|100/100
|detailschange|p2a: Groudon|Groudon-Primal
|-primal|p2a: Groudon
|-weather|DesolateLand|[from] ability: Desolate Land|[of] p2a: Groudon
|turn|34
|
|t:|1661787445
|move|p1a: Eternatus|Recover|p1a: Eternatus
|-heal|p1a: Eternatus|100/100 brn
|move|p2a: Groudon|Precipice Blades|p1a: Eternatus
|-supereffective|p1a: Eternatus
|-damage|p1a: Eternatus|73/100 brn
|
|-weather|DesolateLand|[upkeep]
|-heal|p1a: Eternatus|79/100 brn|[from] item: Black Sludge
|-damage|p1a: Eternatus|73/100 brn|[from] brn
|upkeep
|turn|35
|
|t:|1661787462
|move|p1a: Eternatus|Dynamax Cannon|p2a: Groudon
|-damage|p2a: Groudon|79/100
|move|p2a: Groudon|Stealth Rock|p1a: Eternatus
|-sidestart|p1: orange overhaul|move: Stealth Rock
|
|-weather|DesolateLand|[upkeep]
|-heal|p1a: Eternatus|79/100 brn|[from] item: Black Sludge
|-damage|p1a: Eternatus|73/100 brn|[from] brn
|upkeep
|turn|36
|
|t:|1661787466
|-weather|none
|switch|p2a: Zacian|Zacian|58/100
|-ability|p2a: Zacian|Intrepid Sword|boost
|-boost|p2a: Zacian|atk|1
|move|p1a: Eternatus|Flamethrower|p2a: Zacian
|-damage|p2a: Zacian|44/100
|
|-heal|p1a: Eternatus|79/100 brn|[from] item: Black Sludge
|-damage|p1a: Eternatus|73/100 brn|[from] brn
|upkeep
|turn|37
|
|t:|1661787475
|move|p2a: Zacian|Sacred Sword|p1a: Eternatus
|-resisted|p1a: Eternatus
|-damage|p1a: Eternatus|52/100 brn
|move|p1a: Eternatus|Flamethrower|p2a: Zacian
|-damage|p2a: Zacian|31/100
|
|-heal|p1a: Eternatus|58/100 brn|[from] item: Black Sludge
|-damage|p1a: Eternatus|52/100 brn|[from] brn
|upkeep
|turn|38
|
|t:|1661787484
|move|p2a: Zacian|Sacred Sword|p1a: Eternatus
|-resisted|p1a: Eternatus
|-damage|p1a: Eternatus|31/100 brn
|move|p1a: Eternatus|Recover|p1a: Eternatus
|-heal|p1a: Eternatus|81/100 brn
|
|-heal|p1a: Eternatus|88/100 brn|[from] item: Black Sludge
|-damage|p1a: Eternatus|81/100 brn|[from] brn
|upkeep
|turn|39
|
|t:|1661787487
|move|p2a: Zacian|Sacred Sword|p1a: Eternatus
|-resisted|p1a: Eternatus
|-damage|p1a: Eternatus|63/100 brn
|move|p1a: Eternatus|Flamethrower|p2a: Zacian
|-damage|p2a: Zacian|17/100
|
|-heal|p1a: Eternatus|69/100 brn|[from] item: Black Sludge
|-damage|p1a: Eternatus|63/100 brn|[from] brn
|upkeep
|turn|40
|
|t:|1661787490
|move|p2a: Zacian|Sacred Sword|p1a: Eternatus
|-resisted|p1a: Eternatus
|-damage|p1a: Eternatus|43/100 brn
|move|p1a: Eternatus|Flamethrower|p2a: Zacian
|-damage|p2a: Zacian|3/100
|
|-heal|p1a: Eternatus|50/100 brn|[from] item: Black Sludge
|-damage|p1a: Eternatus|43/100 brn|[from] brn
|upkeep
|turn|41
|
|t:|1661787493
|switch|p2a: Lunala|Lunala|80/100 brn
|move|p1a: Eternatus|Recover|p1a: Eternatus
|-heal|p1a: Eternatus|94/100 brn
|
|-heal|p1a: Eternatus|99/100 brn|[from] item: Black Sludge
|-heal|p2a: Lunala|86/100 brn|[from] item: Leftovers
|-damage|p1a: Eternatus|94/100 brn|[from] brn
|-damage|p2a: Lunala|80/100 brn|[from] brn
|upkeep
|turn|42
|
|t:|1661787502
|move|p1a: Eternatus|Dynamax Cannon|p2a: Lunala
|-damage|p2a: Lunala|66/100 brn
|move|p2a: Lunala|Roost|p2a: Lunala
|-heal|p2a: Lunala|100/100 brn
|-singleturn|p2a: Lunala|move: Roost
|
|-heal|p1a: Eternatus|99/100 brn|[from] item: Black Sludge
|-damage|p1a: Eternatus|94/100 brn|[from] brn
|-damage|p2a: Lunala|94/100 brn|[from] brn
|upkeep
|turn|43
|
|t:|1661787508
|switch|p2a: Zacian|Zacian|3/100
|-ability|p2a: Zacian|Intrepid Sword|boost
|-boost|p2a: Zacian|atk|1
|move|p1a: Eternatus|Dynamax Cannon|p2a: Zacian
|-immune|p2a: Zacian
|
|-heal|p1a: Eternatus|99/100 brn|[from] item: Black Sludge
|-damage|p1a: Eternatus|94/100 brn|[from] brn
|upkeep
|turn|44
|
|t:|1661787513
|switch|p2a: Yveltal|Yveltal|100/100
|-ability|p2a: Yveltal|Dark Aura
|move|p1a: Eternatus|Cosmic Power|p1a: Eternatus
|-boost|p1a: Eternatus|def|0
|-boost|p1a: Eternatus|spd|0
|
|-heal|p1a: Eternatus|99/100 brn|[from] item: Black Sludge
|-damage|p1a: Eternatus|94/100 brn|[from] brn
|upkeep
|turn|45
|
|t:|1661787518
|switch|p2a: Lunala|Lunala|94/100 brn
|move|p1a: Eternatus|Dynamax Cannon|p2a: Lunala
|-damage|p2a: Lunala|83/100 brn
|
|-heal|p1a: Eternatus|99/100 brn|[from] item: Black Sludge
|-heal|p2a: Lunala|89/100 brn|[from] item: Leftovers
|-damage|p1a: Eternatus|94/100 brn|[from] brn
|-damage|p2a: Lunala|83/100 brn|[from] brn
|upkeep
|turn|46
|
|t:|1661787524
|move|p1a: Eternatus|Dynamax Cannon|p2a: Lunala
|-damage|p2a: Lunala|70/100 brn
|move|p2a: Lunala|Roost|p2a: Lunala
|-heal|p2a: Lunala|100/100 brn
|-singleturn|p2a: Lunala|move: Roost
|
|-heal|p1a: Eternatus|99/100 brn|[from] item: Black Sludge
|-damage|p1a: Eternatus|94/100 brn|[from] brn
|-damage|p2a: Lunala|94/100 brn|[from] brn
|upkeep
|turn|47
|
|t:|1661787532
|move|p1a: Eternatus|Dynamax Cannon|p2a: Lunala
|-damage|p2a: Lunala|82/100 brn
|move|p2a: Lunala|Will-O-Wisp|p1a: Eternatus
|-fail|p1a: Eternatus|brn
|
|-heal|p1a: Eternatus|99/100 brn|[from] item: Black Sludge
|-heal|p2a: Lunala|88/100 brn|[from] item: Leftovers
|-damage|p1a: Eternatus|94/100 brn|[from] brn
|-damage|p2a: Lunala|82/100 brn|[from] brn
|upkeep
|turn|48
|
|t:|1661787537
|move|p1a: Eternatus|Dynamax Cannon|p2a: Lunala
|-damage|p2a: Lunala|70/100 brn
|move|p2a: Lunala|Roost|p2a: Lunala
|-heal|p2a: Lunala|100/100 brn
|-singleturn|p2a: Lunala|move: Roost
|
|-heal|p1a: Eternatus|99/100 brn|[from] item: Black Sludge
|-damage|p1a: Eternatus|94/100 brn|[from] brn
|-damage|p2a: Lunala|94/100 brn|[from] brn
|upkeep
|turn|49
|
|t:|1661787545
|switch|p2a: Zacian|Zacian|3/100
|-ability|p2a: Zacian|Intrepid Sword|boost
|-boost|p2a: Zacian|atk|1
|move|p1a: Eternatus|Dynamax Cannon|p2a: Zacian
|-immune|p2a: Zacian
|
|-heal|p1a: Eternatus|99/100 brn|[from] item: Black Sludge
|-damage|p1a: Eternatus|94/100 brn|[from] brn
|upkeep
|turn|50
|
|t:|1661787550
|switch|p2a: Lunala|Lunala|94/100 brn
|move|p1a: Eternatus|Cosmic Power|p1a: Eternatus
|-boost|p1a: Eternatus|def|0
|-boost|p1a: Eternatus|spd|0
|
|-heal|p1a: Eternatus|99/100 brn|[from] item: Black Sludge
|-heal|p2a: Lunala|100/100 brn|[from] item: Leftovers
|-damage|p1a: Eternatus|94/100 brn|[from] brn
|-damage|p2a: Lunala|94/100 brn|[from] brn
|upkeep
|turn|51
|
|t:|1661787569
|switch|p2a: Blaziken|Blaziken, M|100/100
|move|p1a: Eternatus|Cosmic Power|p1a: Eternatus
|-boost|p1a: Eternatus|def|0
|-boost|p1a: Eternatus|spd|0
|
|-heal|p1a: Eternatus|99/100 brn|[from] item: Black Sludge
|-damage|p1a: Eternatus|94/100 brn|[from] brn
|upkeep
|turn|52
|
|t:|1661787575
|switch|p1a: Arceus|Arceus-Ground|100/100
|-damage|p1a: Arceus|94/100|[from] Stealth Rock
|detailschange|p2a: Blaziken|Blaziken-Mega, M
|-mega|p2a: Blaziken|Blaziken|Blazikenite
|move|p2a: Blaziken|Swords Dance|p2a: Blaziken
|-boost|p2a: Blaziken|atk|2
|
|-ability|p2a: Blaziken|Speed Boost|boost
|-boost|p2a: Blaziken|spe|1
|upkeep
|turn|53
|
|t:|1661787582
|move|p2a: Blaziken|Protect|p2a: Blaziken
|-singleturn|p2a: Blaziken|Protect
|move|p1a: Arceus|Judgment|p2a: Blaziken
|-activate|p2a: Blaziken|move: Protect
|
|-ability|p2a: Blaziken|Speed Boost|boost
|-boost|p2a: Blaziken|spe|1
|upkeep
|turn|54
|
|t:|1661787588
|switch|p2a: Lunala|Lunala|94/100 brn
|move|p1a: Arceus|Judgment|p2a: Lunala
|-damage|p2a: Lunala|69/100 brn
|
|-heal|p2a: Lunala|75/100 brn|[from] item: Leftovers
|-damage|p2a: Lunala|69/100 brn|[from] brn
|upkeep
|turn|55
|
|t:|1661787593
|move|p1a: Arceus|Defog|p2a: Lunala
|-unboost|p2a: Lunala|evasion|1
|-sideend|p1: orange overhaul|Stealth Rock|[from] move: Defog|[of] p1a: Arceus
|move|p2a: Lunala|Roost|p2a: Lunala
|-heal|p2a: Lunala|100/100 brn
|-singleturn|p2a: Lunala|move: Roost
|
|-damage|p2a: Lunala|94/100 brn|[from] brn
|upkeep
|turn|56
|
|t:|1661787598
|move|p1a: Arceus|Judgment|p2a: Lunala
|-damage|p2a: Lunala|71/100 brn
|move|p2a: Lunala|Will-O-Wisp|p1a: Arceus
|-status|p1a: Arceus|brn
|
|-heal|p2a: Lunala|77/100 brn|[from] item: Leftovers
|-damage|p1a: Arceus|88/100 brn|[from] brn
|-damage|p2a: Lunala|71/100 brn|[from] brn
|upkeep
|turn|57
|
|t:|1661787603
|move|p1a: Arceus|Judgment|p2a: Lunala
|-damage|p2a: Lunala|47/100 brn
|move|p2a: Lunala|Moonblast|p1a: Arceus
|-damage|p1a: Arceus|70/100 brn
|
|-heal|p2a: Lunala|53/100 brn|[from] item: Leftovers
|-damage|p1a: Arceus|64/100 brn|[from] brn
|-damage|p2a: Lunala|47/100 brn|[from] brn
|upkeep
|turn|58
|
|t:|1661787609
|move|p1a: Arceus|Judgment|p2a: Lunala
|-damage|p2a: Lunala|22/100 brn
|move|p2a: Lunala|Roost|p2a: Lunala
|-heal|p2a: Lunala|72/100 brn
|-singleturn|p2a: Lunala|move: Roost
|
|-heal|p2a: Lunala|78/100 brn|[from] item: Leftovers
|-damage|p1a: Arceus|58/100 brn|[from] brn
|-damage|p2a: Lunala|72/100 brn|[from] brn
|upkeep
|turn|59
|
|t:|1661787614
|move|p1a: Arceus|Judgment|p2a: Lunala
|-damage|p2a: Lunala|48/100 brn
|move|p2a: Lunala|Roost|p2a: Lunala
|-heal|p2a: Lunala|98/100 brn
|-singleturn|p2a: Lunala|move: Roost
|
|-heal|p2a: Lunala|100/100 brn|[from] item: Leftovers
|-damage|p1a: Arceus|52/100 brn|[from] brn
|-damage|p2a: Lunala|94/100 brn|[from] brn
|upkeep
|turn|60
|
|t:|1661787618
|switch|p2a: Yveltal|Yveltal|100/100
|-ability|p2a: Yveltal|Dark Aura
|move|p1a: Arceus|Recover|p1a: Arceus
|-heal|p1a: Arceus|100/100 brn
|
|-damage|p1a: Arceus|94/100 brn|[from] brn
|upkeep
|turn|61
|
|t:|1661787623
|-start|p2a: Yveltal|Dynamax|
|-heal|p2a: Yveltal|100/100|[silent]
|move|p2a: Yveltal|Max Airstream|p1a: Arceus
|-damage|p1a: Arceus|40/100 brn
|-boost|p2a: Yveltal|spe|1
|-damage|p2a: Yveltal|96/100|[from] item: Life Orb
|move|p1a: Arceus|Ice Beam|p2a: Yveltal
|-supereffective|p2a: Yveltal
|-damage|p2a: Yveltal|73/100
|
|-damage|p1a: Arceus|34/100 brn|[from] brn
|upkeep
|turn|62
|
|t:|1661787635
|move|p2a: Yveltal|Max Airstream|p1a: Arceus
|-damage|p1a: Arceus|0 fnt
|-boost|p2a: Yveltal|spe|1
|faint|p1a: Arceus
|-damage|p2a: Yveltal|68/100|[from] item: Life Orb
|
|upkeep
|
|t:|1661787645
|switch|p1a: Eternatus|Eternatus|94/100 brn
|-ability|p1a: Eternatus|Pressure
|turn|63
|
|t:|1661787655
|move|p2a: Yveltal|Max Ooze|p1a: Eternatus
|-resisted|p1a: Eternatus
|-damage|p1a: Eternatus|72/100 brn
|-boost|p2a: Yveltal|spa|1
|-damage|p2a: Yveltal|63/100|[from] item: Life Orb
|move|p1a: Eternatus|Cosmic Power|p1a: Eternatus
|-boost|p1a: Eternatus|def|1
|-boost|p1a: Eternatus|spd|1
|
|-heal|p1a: Eternatus|78/100 brn|[from] item: Black Sludge
|-damage|p1a: Eternatus|72/100 brn|[from] brn
|upkeep
|-end|p2a: Yveltal|Dynamax
|-heal|p2a: Yveltal|63/100|[silent]
|turn|64
|
|t:|1661787670
|move|p2a: Yveltal|Dark Pulse|p1a: Eternatus
|-damage|p1a: Eternatus|11/100 brn
|-damage|p2a: Yveltal|53/100|[from] item: Life Orb
|move|p1a: Eternatus|Cosmic Power|p1a: Eternatus
|-boost|p1a: Eternatus|def|1
|-boost|p1a: Eternatus|spd|1
|
|-heal|p1a: Eternatus|17/100 brn|[from] item: Black Sludge
|-damage|p1a: Eternatus|11/100 brn|[from] brn
|upkeep
|turn|65
|
|t:|1661787674
|move|p2a: Yveltal|Oblivion Wing|p1a: Eternatus
|-damage|p1a: Eternatus|0 fnt
|-heal|p2a: Yveltal|62/100|[from] drain|[of] p1a: Eternatus
|faint|p1a: Eternatus
|-damage|p2a: Yveltal|52/100|[from] item: Life Orb
|
|upkeep
|
|t:|1661787678
|switch|p1a: Zacian|Zacian-Crowned|100/100
|-ability|p1a: Zacian|Intrepid Sword|boost
|-boost|p1a: Zacian|atk|1
|turn|66
|
|t:|1661787684
|move|p2a: Yveltal|Heat Wave|p1a: Zacian
|-supereffective|p1a: Zacian
|-damage|p1a: Zacian|0 fnt
|faint|p1a: Zacian
|-damage|p2a: Yveltal|42/100|[from] item: Life Orb
|
|upkeep
|
|t:|1661787690
|switch|p1a: Rayquaza|Rayquaza|100/100
|-ability|p1a: Rayquaza|Air Lock
|turn|67
|
|t:|1661787695
|detailschange|p1a: Rayquaza|Rayquaza-Mega
|-mega|p1a: Rayquaza|Rayquaza|
|-weather|DeltaStream|[from] ability: Delta Stream|[of] p1a: Rayquaza
|move|p1a: Rayquaza|Extreme Speed|p2a: Yveltal
|-damage|p2a: Yveltal|0 fnt
|faint|p2a: Yveltal
|-damage|p1a: Rayquaza|91/100|[from] item: Life Orb
|
|-weather|DeltaStream|[upkeep]
|upkeep
|
|t:|1661787705
|switch|p2a: Groudon|Groudon-Primal|79/100
|-weather|DesolateLand|[from] ability: Desolate Land|[of] p2a: Groudon
|turn|68
|
|t:|1661787711
|move|p1a: Rayquaza|Dragon Dance|p1a: Rayquaza
|-boost|p1a: Rayquaza|atk|1
|-boost|p1a: Rayquaza|spe|1
|move|p2a: Groudon|Thunder Wave|p1a: Rayquaza
|-status|p1a: Rayquaza|par
|
|-weather|DesolateLand|[upkeep]
|upkeep
|turn|69
|
|t:|1661787717
|move|p1a: Rayquaza|Dragon Dance|p1a: Rayquaza
|-boost|p1a: Rayquaza|atk|1
|-boost|p1a: Rayquaza|spe|1
|move|p2a: Groudon|Heat Crash|p1a: Rayquaza
|-resisted|p1a: Rayquaza
|-damage|p1a: Rayquaza|66/100 par
|
|-weather|DesolateLand|[upkeep]
|upkeep
|turn|70
|
|t:|1661787722
|move|p1a: Rayquaza|Dragon Dance|p1a: Rayquaza
|-boost|p1a: Rayquaza|atk|1
|-boost|p1a: Rayquaza|spe|1
|move|p2a: Groudon|Heat Crash|p1a: Rayquaza
|-resisted|p1a: Rayquaza
|-damage|p1a: Rayquaza|42/100 par
|
|-weather|DesolateLand|[upkeep]
|upkeep
|turn|71
|
|t:|1661787724
|move|p1a: Rayquaza|Earthquake|p2a: Groudon
|-supereffective|p2a: Groudon
|-damage|p2a: Groudon|0 fnt
|faint|p2a: Groudon
|-weather|none
|-damage|p1a: Rayquaza|32/100 par|[from] item: Life Orb
|
|upkeep
|
|t:|1661787730
|switch|p2a: Blaziken|Blaziken-Mega, M|100/100
|turn|72
|
|t:|1661787733
|move|p1a: Rayquaza|Earthquake|p2a: Blaziken
|-supereffective|p2a: Blaziken
|-damage|p2a: Blaziken|0 fnt
|faint|p2a: Blaziken
|-damage|p1a: Rayquaza|22/100 par|[from] item: Life Orb
|
|upkeep
|
|t:|1661787736
|switch|p2a: Lunala|Lunala|94/100 brn
|turn|73
|
|t:|1661787738
|cant|p1a: Rayquaza|par
|move|p2a: Lunala|Moonblast|p1a: Rayquaza
|-supereffective|p1a: Rayquaza
|-damage|p1a: Rayquaza|0 fnt
|faint|p1a: Rayquaza
|
|-heal|p2a: Lunala|100/100 brn|[from] item: Leftovers
|-damage|p2a: Lunala|94/100 brn|[from] brn
|upkeep
|
|t:|1661787744
|switch|p1a: Kartana|Kartana|100/100
|turn|74
|
|t:|1661787752
|-start|p1a: Kartana|Dynamax|
|-heal|p1a: Kartana|100/100|[silent]
|move|p1a: Kartana|Max Darkness|p2a: Lunala
|-supereffective|p2a: Lunala
|-crit|p2a: Lunala
|-damage|p2a: Lunala|0 fnt
|faint|p2a: Lunala
|-ability|p1a: Kartana|Beast Boost|boost
|-boost|p1a: Kartana|atk|1
|
|upkeep
|
|t:|1661787754
|switch|p2a: Zacian|Zacian|3/100
|-ability|p2a: Zacian|Intrepid Sword|boost
|-boost|p2a: Zacian|atk|1
|turn|75
|
|t:|1661787758
|move|p2a: Zacian|Sacred Sword|p1a: Kartana
|-supereffective|p1a: Kartana
|-damage|p1a: Kartana|55/100
|move|p1a: Kartana|Max Steelspike|p2a: Zacian
|-supereffective|p2a: Zacian
|-damage|p2a: Zacian|0 fnt
|-boost|p1a: Kartana|def|1
|faint|p2a: Zacian
|
|win|orange overhaul
|raw|orange overhaul's rating: 1533 &rarr; <strong>1558</strong><br />(+25 for winning)
|raw|angel4660's rating: 1620 &rarr; <strong>1595</strong><br />(-25 for losing)
|c|☆orange overhaul|gg
|l|☆angel4660
