|j|☆chikennugz
|j|☆Emorawr79
|t:|1641972157
|gametype|singles
|player|p1|chikennugz|red|1460
|player|p2|Emorawr79|169|1724
|teamsize|p1|6
|teamsize|p2|6
|gen|8
|tier|[Gen 8] National Dex AG
|rated|
|rule|HP Percentage Mod: HP is shown in percentages
|rule|Endless Battle Clause: Forcing endless battles is banned
|clearpoke
|poke|p1|Smeargle, M|
|poke|p1|Espeon, F|
|poke|p1|Uxie|
|poke|p1|Scolipede, M|
|poke|p1|Clefable, F|
|poke|p1|Arceus-*|
|poke|p2|Calyrex-Shadow|
|poke|p2|Zacian-*|
|poke|p2|Smeargle, M|
|poke|p2|Zygarde|
|poke|p2|Ditto|
|poke|p2|Arceus-*|
|teampreview
|inactive|Battle timer is ON: inactive players will automatically lose when time's up. (requested by chikennugz)
|inactive|Emorawr79 has 120 seconds left.
|
|t:|1641972194
|start
|switch|p1a: Bean|Uxie|100/100
|switch|p2a: Zacian|Zacian-Crowned|100/100
|-ability|p2a: Zacian|Intrepid Sword|boost
|-boost|p2a: Zacian|atk|1
|turn|1
|
|t:|1641972201
|move|p2a: Zacian|Crunch|p1a: Bean
|-supereffective|p1a: Bean
|-damage|p1a: Bean|18/100
|move|p1a: Bean|Reflect|p1a: Bean
|-sidestart|p1: chikennugz|Reflect
|
|upkeep
|turn|2
|
|t:|1641972206
|move|p2a: Zacian|Crunch|p1a: Bean
|-supereffective|p1a: Bean
|-damage|p1a: Bean|0 fnt
|faint|p1a: Bean
|
|upkeep
|
|t:|1641972214
|switch|p1a: God|Arceus|100/100
|turn|3
|
|t:|1641972217
|move|p2a: Zacian|Play Rough|p1a: God
|-damage|p1a: God|70/100
|move|p1a: God|Swords Dance|p1a: God
|-boost|p1a: God|atk|2
|
|upkeep
|turn|4
|
|t:|1641972223
|move|p2a: Zacian|Play Rough|p1a: God
|-damage|p1a: God|38/100
|move|p1a: God|Swords Dance|p1a: God
|-boost|p1a: God|atk|2
|
|upkeep
|turn|5
|
|t:|1641972235
|move|p2a: Zacian|Play Rough|p1a: God|[miss]
|-miss|p2a: Zacian|p1a: God
|move|p1a: God|Judgment|p2a: Zacian
|-resisted|p2a: Zacian
|-damage|p2a: Zacian|83/100
|
|upkeep
|turn|6
|
|t:|1641972238
|move|p1a: God|Extreme Speed|p2a: Zacian
|-resisted|p2a: Zacian
|-damage|p2a: Zacian|18/100
|move|p2a: Zacian|Play Rough|p1a: God
|-damage|p1a: God|5/100
|-unboost|p1a: God|atk|1
|
|upkeep
|turn|7
|
|t:|1641972245
|move|p1a: God|Extreme Speed|p2a: Zacian
|-resisted|p2a: Zacian
|-damage|p2a: Zacian|0 fnt
|faint|p2a: Zacian
|
|upkeep
|
|t:|1641972246
|switch|p2a: Ditto|Ditto|100/100
|-transform|p2a: Ditto|p1a: God|[from] ability: Imposter
|turn|8
|c|☆Emorawr79|Bro
|c|☆Emorawr79|Judgment is a special move
|
|t:|1641972262
|move|p1a: God|Extreme Speed|p2a: Ditto
|-enditem|p2a: Ditto|Focus Sash
|-damage|p2a: Ditto|1/100
|move|p2a: Ditto|Extreme Speed|p1a: God
|-damage|p1a: God|0 fnt
|faint|p1a: God
|
|-sideend|p1: chikennugz|Reflect
|upkeep
|
|t:|1641972291
|switch|p1a: Magic|Clefable, F|100/100
|turn|9
|
|t:|1641972302
|move|p2a: Ditto|Extreme Speed|p1a: Magic
|-damage|p1a: Magic|56/100
|move|p1a: Magic|Minimize|p1a: Magic
|-boost|p1a: Magic|evasion|2
|
|-heal|p1a: Magic|62/100|[from] item: Leftovers
|upkeep
|turn|10
|
|t:|1641972309
|switch|p2a: Smeargle|Smeargle, M|100/100
|move|p1a: Magic|Minimize|p1a: Magic
|-boost|p1a: Magic|evasion|2
|
|-heal|p1a: Magic|68/100|[from] item: Leftovers
|-ability|p2a: Smeargle|Moody|boost
|-boost|p2a: Smeargle|atk|2
|-unboost|p2a: Smeargle|def|1
|upkeep
|turn|11
|
|t:|1641972313
|move|p1a: Magic|Magic Coat|p1a: Magic
|-singleturn|p1a: Magic|move: Magic Coat
|move|p2a: Smeargle|Spore|p1a: Magic
|move|p1a: Magic|Spore|p2a: Smeargle|[from]Magic Coat
|-status|p2a: Smeargle|slp|[from] move: Spore
|
|-heal|p1a: Magic|74/100|[from] item: Leftovers
|-ability|p2a: Smeargle|Moody|boost
|-boost|p2a: Smeargle|spa|2
|-unboost|p2a: Smeargle|spd|1
|upkeep
|turn|12
|
|t:|1641972318
|cant|p2a: Smeargle|slp
|move|p1a: Magic|Substitute|p1a: Magic
|-start|p1a: Magic|Substitute
|-damage|p1a: Magic|49/100
|
|-heal|p1a: Magic|55/100|[from] item: Leftovers
|-ability|p2a: Smeargle|Moody|boost
|-boost|p2a: Smeargle|spe|2
|-unboost|p2a: Smeargle|atk|1
|upkeep
|turn|13
|
|t:|1641972321
|switch|p2a: Ditto|Ditto|1/100
|move|p1a: Magic|Minimize|p1a: Magic
|-boost|p1a: Magic|evasion|2
|
|-heal|p1a: Magic|61/100|[from] item: Leftovers
|upkeep
|turn|14
|
|t:|1641972325
|switch|p2a: Smeargle|Smeargle, M|100/100 slp
|move|p1a: Magic|Baton Pass|p1a: Magic
|
|t:|1641972329
|switch|p1a: Spike|Scolipede, M, shiny|100/100|[from]move: Baton Pass
|
|-ability|p2a: Smeargle|Moody|boost
|-boost|p2a: Smeargle|spa|2
|-unboost|p2a: Smeargle|atk|1
|upkeep
|turn|15
|
|t:|1641972335
|move|p1a: Spike|Iron Defense|p1a: Spike
|-boost|p1a: Spike|def|2
|cant|p2a: Smeargle|slp
|
|-ability|p1a: Spike|Speed Boost|boost
|-boost|p1a: Spike|spe|1
|-ability|p2a: Smeargle|Moody|boost
|-boost|p2a: Smeargle|atk|2
|-unboost|p2a: Smeargle|spa|1
|upkeep
|turn|16
|
|t:|1641972337
|move|p1a: Spike|Iron Defense|p1a: Spike
|-boost|p1a: Spike|def|2
|cant|p2a: Smeargle|slp
|
|-ability|p1a: Spike|Speed Boost|boost
|-boost|p1a: Spike|spe|1
|-ability|p2a: Smeargle|Moody|boost
|-boost|p2a: Smeargle|spd|2
|-unboost|p2a: Smeargle|spa|1
|upkeep
|turn|17
|
|t:|1641972341
|move|p1a: Spike|Protect|p1a: Spike
|-singleturn|p1a: Spike|Protect
|-curestatus|p2a: Smeargle|slp|[msg]
|move|p2a: Smeargle|Sticky Web|p1a: Spike
|-sidestart|p1: chikennugz|move: Sticky Web
|
|-ability|p1a: Spike|Speed Boost|boost
|-boost|p1a: Spike|spe|1
|-ability|p2a: Smeargle|Moody|boost
|-boost|p2a: Smeargle|spa|2
|-unboost|p2a: Smeargle|def|1
|upkeep
|turn|18
|
|t:|1641972350
|move|p1a: Spike|Iron Defense|p1a: Spike
|-boost|p1a: Spike|def|2
|move|p2a: Smeargle|Endeavor|p1a: Spike|[miss]
|-miss|p2a: Smeargle|p1a: Spike
|
|-ability|p1a: Spike|Speed Boost|boost
|-boost|p1a: Spike|spe|1
|-ability|p2a: Smeargle|Moody|boost
|-boost|p2a: Smeargle|atk|2
|-unboost|p2a: Smeargle|spe|1
|upkeep
|turn|19
|
|t:|1641972354
|move|p1a: Spike|Iron Defense|p1a: Spike
|-boost|p1a: Spike|def|0
|move|p2a: Smeargle|Endeavor|p1a: Spike|[miss]
|-miss|p2a: Smeargle|p1a: Spike
|
|-ability|p1a: Spike|Speed Boost|boost
|-boost|p1a: Spike|spe|1
|-ability|p2a: Smeargle|Moody|boost
|-boost|p2a: Smeargle|spe|2
|-unboost|p2a: Smeargle|atk|1
|upkeep
|turn|20
|
|t:|1641972366
|move|p1a: Spike|Protect|p1a: Spike
|-singleturn|p1a: Spike|Protect
|move|p2a: Smeargle|Endeavor|p1a: Spike
|-activate|p1a: Spike|move: Protect
|
|-ability|p1a: Spike|Speed Boost|boost
|-boost|p1a: Spike|spe|1
|-ability|p2a: Smeargle|Moody|boost
|-boost|p2a: Smeargle|spa|2
|-unboost|p2a: Smeargle|def|1
|upkeep
|turn|21
|
|t:|1641972370
|move|p1a: Spike|Baton Pass|p1a: Spike
|
|t:|1641972372
|switch|p1a: Sonia|Espeon, F|100/100|[from]move: Baton Pass
|-activate|p1a: Sonia|move: Sticky Web
|-unboost|p1a: Sonia|spe|1
|move|p2a: Smeargle|Endeavor|p1a: Sonia|[miss]
|-miss|p2a: Smeargle|p1a: Sonia
|
|-ability|p2a: Smeargle|Moody|boost
|-boost|p2a: Smeargle|spe|2
|-unboost|p2a: Smeargle|def|1
|upkeep
|turn|22
|
|t:|1641972379
|move|p1a: Sonia|Calm Mind|p1a: Sonia
|-boost|p1a: Sonia|spa|1
|-boost|p1a: Sonia|spd|1
|move|p2a: Smeargle|Endeavor|p1a: Sonia|[miss]
|-miss|p2a: Smeargle|p1a: Sonia
|
|-ability|p2a: Smeargle|Moody|boost
|-boost|p2a: Smeargle|spd|2
|-unboost|p2a: Smeargle|spe|1
|upkeep
|turn|23
|
|t:|1641972384
|move|p1a: Sonia|Stored Power|p2a: Smeargle
|-enditem|p2a: Smeargle|Focus Sash
|-damage|p2a: Smeargle|1/100
|move|p2a: Smeargle|Endeavor|p1a: Sonia|[miss]
|-miss|p2a: Smeargle|p1a: Sonia
|
|-ability|p2a: Smeargle|Moody|boost
|-boost|p2a: Smeargle|spd|2
|-unboost|p2a: Smeargle|atk|1
|upkeep
|turn|24
|
|t:|1641972389
|move|p2a: Smeargle|Extreme Speed|p1a: Sonia|[miss]
|-miss|p2a: Smeargle|p1a: Sonia
|move|p1a: Sonia|Stored Power|p2a: Smeargle
|-damage|p2a: Smeargle|0 fnt
|faint|p2a: Smeargle
|
|upkeep
|
|t:|1641972394
|switch|p2a: Arceus|Arceus|100/100
|turn|25
|c|☆chikennugz|That thing had to go
|
|t:|1641972399
|move|p1a: Sonia|Stored Power|p2a: Arceus
|-damage|p2a: Arceus|0 fnt
|faint|p2a: Arceus
|
|upkeep
|
|t:|1641972404
|switch|p2a: Zygarde|Zygarde|100/100
|turn|26
|
|t:|1641972409
|-start|p2a: Zygarde|Dynamax
|-heal|p2a: Zygarde|100/100|[silent]
|move|p2a: Zygarde|Max Guard|p2a: Zygarde
|-singleturn|p2a: Zygarde|Max Guard
|move|p1a: Sonia|Calm Mind|p1a: Sonia
|-boost|p1a: Sonia|spa|1
|-boost|p1a: Sonia|spd|1
|
|upkeep
|turn|27
|
|t:|1641972413
|move|p1a: Sonia|Stored Power|p2a: Zygarde
|-damage|p2a: Zygarde|0 fnt
|faint|p2a: Zygarde
|
|upkeep
|
|t:|1641972418
|switch|p2a: Calyrex|Calyrex-Shadow|100/100
|-ability|p2a: Calyrex|As One
|-ability|p2a: Calyrex|Unnerve
|turn|28
|
|t:|1641972420
|move|p1a: Sonia|Stored Power|p2a: Calyrex
|-resisted|p2a: Calyrex
|-enditem|p2a: Calyrex|Focus Sash
|-damage|p2a: Calyrex|1/100
|move|p2a: Calyrex|Astral Barrage|p1a: Sonia|[miss]
|-miss|p2a: Calyrex|p1a: Sonia
|
|upkeep
|turn|29
|c|☆chikennugz|ggs
|-message|Emorawr79 forfeited.
|
|win|chikennugz
|raw|chikennugz's rating: 1460 &rarr; <strong>1493</strong><br />(+33 for winning)
|raw|Emorawr79's rating: 1724 &rarr; <strong>1691</strong><br />(-33 for losing)
|l|☆Emorawr79
