|j|☆Dr. Drake6782
|j|☆Buck is stallish
|t:|1660951316
|gametype|singles
|player|p1|Dr. Drake6782|ash-kalos|1779
|player|p2|Buck is stallish|ethan-masters|1836
|teamsize|p1|6
|teamsize|p2|6
|gen|8
|tier|[Gen 8] National Dex AG
|rated|
|rule|HP Percentage Mod: HP is shown in percentages
|rule|Endless Battle Clause: Forcing endless battles is banned
|clearpoke
|poke|p1|Kyogre|
|poke|p1|Chansey, F|
|poke|p1|Sableye, F|
|poke|p1|Lugia|
|poke|p1|Yveltal|
|poke|p1|Arceus-*|
|poke|p2|Kyogre|
|poke|p2|Chansey, F|
|poke|p2|Sableye, F|
|poke|p2|Lugia|
|poke|p2|Yveltal|
|poke|p2|Arceus-*|
|teampreview
|inactive|Battle timer is ON: inactive players will automatically lose when time's up. (requested by Dr. Drake6782)
|inactive|Buck is stallish also wants the timer to be on.
|c|☆Buck is stallish|Hf
|c|☆Dr. Drake6782|hf
|c|☆Dr. Drake6782|lol
|inactive|Dr. Drake6782 has 120 seconds left.
|c|☆Dr. Drake6782|I'm in danger
|c|☆Dr. Drake6782|my ladder is gon
|
|t:|1660951355
|start
|switch|p1a: Pretty gem|Sableye, F|100/100
|switch|p2a: Pretty gem|Sableye, F|100/100
|turn|1
|
|t:|1660951366
|detailschange|p2a: Pretty gem|Sableye-Mega, F
|-mega|p2a: Pretty gem|Sableye|Sablenite
|move|p1a: Pretty gem|Will-O-Wisp|p2a: Pretty gem
|move|p2a: Pretty gem|Will-O-Wisp|p1a: Pretty gem|[from]ability: Magic Bounce
|-status|p1a: Pretty gem|brn
|move|p2a: Pretty gem|Foul Play|p1a: Pretty gem
|-damage|p1a: Pretty gem|81/100 brn
|
|-damage|p1a: Pretty gem|75/100 brn|[from] brn
|upkeep
|turn|2
|c|☆Dr. Drake6782|I was dumb
|
|t:|1660951384
|switch|p2a: Raven of death|Yveltal, shiny|100/100
|-ability|p2a: Raven of death|Dark Aura
|detailschange|p1a: Pretty gem|Sableye-Mega, F
|-mega|p1a: Pretty gem|Sableye|Sablenite
|move|p1a: Pretty gem|Recover|p1a: Pretty gem
|-heal|p1a: Pretty gem|100/100 brn
|
|-damage|p1a: Pretty gem|94/100 brn|[from] brn
|upkeep
|turn|3
|inactive|Buck is stallish has 120 seconds left.
|
|t:|1660951414
|move|p1a: Pretty gem|Protect|p1a: Pretty gem
|-singleturn|p1a: Pretty gem|Protect
|move|p2a: Raven of death|U-turn|p1a: Pretty gem
|-activate|p1a: Pretty gem|move: Protect
|
|-damage|p1a: Pretty gem|88/100 brn|[from] brn
|upkeep
|turn|4
|
|t:|1660951434
|switch|p1a: Tough pink lady|Chansey, F|100/100
|move|p2a: Raven of death|U-turn|p1a: Tough pink lady
|-damage|p1a: Tough pink lady|82/100
|
|t:|1660951447
|switch|p2a: Eternal storm|Kyogre|100/100|[from]move: U-turn
|-weather|RainDance|[from] ability: Drizzle|[of] p2a: Eternal storm
|
|-weather|RainDance|[upkeep]
|upkeep
|turn|5
|j| cjojnann
|inactive|Dr. Drake6782 has 120 seconds left.
|
|t:|1660951473
|switch|p2a: Raven of death|Yveltal, shiny|100/100
|-ability|p2a: Raven of death|Dark Aura
|move|p1a: Tough pink lady|Confide|p2a: Raven of death
|-unboost|p2a: Raven of death|spa|1
|
|-weather|RainDance|[upkeep]
|upkeep
|turn|6
|
|t:|1660951484
|switch|p1a: Fearless priest|Arceus-Ground, shiny|100/100
|move|p2a: Raven of death|Knock Off|p1a: Fearless priest
|-damage|p1a: Fearless priest|79/100
|
|-weather|RainDance|[upkeep]
|upkeep
|turn|7
|
|t:|1660951489
|switch|p2a: Pretty gem|Sableye-Mega, F|100/100
|move|p1a: Fearless priest|Will-O-Wisp|p2a: Pretty gem
|move|p2a: Pretty gem|Will-O-Wisp|p1a: Fearless priest|[from]ability: Magic Bounce
|-status|p1a: Fearless priest|brn
|
|-weather|RainDance|[upkeep]
|-damage|p1a: Fearless priest|73/100 brn|[from] brn
|upkeep
|turn|8
|
|t:|1660951494
|switch|p2a: Raven of death|Yveltal, shiny|100/100
|-ability|p2a: Raven of death|Dark Aura
|move|p1a: Fearless priest|Judgment|p2a: Raven of death
|-immune|p2a: Raven of death
|
|-weather|none
|-damage|p1a: Fearless priest|66/100 brn|[from] brn
|upkeep
|turn|9
|
|t:|1660951517
|move|p2a: Raven of death|U-turn|p1a: Fearless priest
|-damage|p1a: Fearless priest|56/100 brn
|
|t:|1660951525
|switch|p2a: Tough pink lady|Chansey, F|100/100|[from]move: U-turn
|move|p1a: Fearless priest|Recover|p1a: Fearless priest
|-heal|p1a: Fearless priest|100/100 brn
|
|-damage|p1a: Fearless priest|94/100 brn|[from] brn
|upkeep
|turn|10
|j| v87
|inactive|Dr. Drake6782 has 120 seconds left.
|
|t:|1660951553
|switch|p2a: Pretty gem|Sableye-Mega, F|100/100
|move|p1a: Fearless priest|Stealth Rock|p2a: Pretty gem
|move|p2a: Pretty gem|Stealth Rock|p1a: Fearless priest|[from]ability: Magic Bounce
|-sidestart|p1: Dr. Drake6782|move: Stealth Rock
|
|-damage|p1a: Fearless priest|88/100 brn|[from] brn
|upkeep
|turn|11
|-message|Dr. Drake6782 forfeited.
|
|win|Buck is stallish
|raw|Dr. Drake6782's rating: 1779 &rarr; <strong>1762</strong><br />(-17 for losing)
|raw|Buck is stallish's rating: 1836 &rarr; <strong>1853</strong><br />(+17 for winning)
|c|☆Dr. Drake6782|OI lose
|c|☆Dr. Drake6782|I can't beat the master
|c|☆Buck is stallish|Ggwp
|c|☆Buck is stallish|im happy i made this stall defogless
||Ladder isn't responding, score probably updated but might not have (Request timeout).
