|j|☆Buck is stallish
|j|☆michael jackerson
|t:|1670528439
|gametype|singles
|player|p1|Buck is stallish|169|
|player|p2|michael jackerson|worker|
|teamsize|p1|6
|teamsize|p2|6
|gen|8
|tier|[Gen 8] National Dex AG
|rated|Tournament battle
|rule|HP Percentage Mod: HP is shown in percentages
|rule|Endless Battle Clause: Forcing endless battles is banned
|clearpoke
|poke|p1|Ho-Oh|
|poke|p1|Zygarde|
|poke|p1|Necrozma-Dusk-Mane|
|poke|p1|Yveltal|
|poke|p1|Chansey, F|
|poke|p1|Arceus-*|
|poke|p2|Landorus-Therian, M|
|poke|p2|Ferrothorn, M|
|poke|p2|Urshifu-*, F|
|poke|p2|Tornadus-Therian, M|
|poke|p2|Dragapult, F|
|poke|p2|Tapu Lele|
|teampreview
|inactive|Battle timer is ON: inactive players will automatically lose when time's up. (requested by Buck is stallish)
|c|☆michael jackerson|bro
|c|☆michael jackerson|wait
|c|☆michael jackerson|rematch
|c|☆michael jackerson|wrong team
|c|☆michael jackerson|;-;
|
|t:|1670528469
|start
|switch|p1a: Solar Mountain|Necrozma-Dusk-Mane|100/100
|switch|p2a: Ferrothorn|Ferrothorn, M|100/100
|turn|1
|
|t:|1670528480
|move|p1a: Solar Mountain|Knock Off|p2a: Ferrothorn
|-damage|p2a: Ferrothorn|80/100
|-damage|p1a: Solar Mountain|88/100|[from] ability: Iron Barbs|[of] p2a: Ferrothorn
|-damage|p1a: Solar Mountain|72/100|[from] item: Rocky Helmet|[of] p2a: Ferrothorn
|-enditem|p2a: Ferrothorn|Rocky Helmet|[from] move: Knock Off|[of] p1a: Solar Mountain
|move|p2a: Ferrothorn|Knock Off|p1a: Solar Mountain
|-supereffective|p1a: Solar Mountain
|-damage|p1a: Solar Mountain|55/100
|-damage|p2a: Ferrothorn|64/100|[from] item: Rocky Helmet|[of] p1a: Solar Mountain
|-enditem|p1a: Solar Mountain|Rocky Helmet|[from] move: Knock Off|[of] p2a: Ferrothorn
|
|upkeep
|turn|2
|
|t:|1670528488
|move|p1a: Solar Mountain|Stealth Rock|p2a: Ferrothorn
|-sidestart|p2: michael jackerson|move: Stealth Rock
|move|p2a: Ferrothorn|Stealth Rock|p1a: Solar Mountain
|-sidestart|p1: Buck is stallish|move: Stealth Rock
|
|upkeep
|turn|3
|j| Namco Damco
|
|t:|1670528510
|move|p1a: Solar Mountain|Morning Sun|p1a: Solar Mountain
|-heal|p1a: Solar Mountain|100/100
|move|p2a: Ferrothorn|Leech Seed|p1a: Solar Mountain
|-start|p1a: Solar Mountain|move: Leech Seed
|
|-damage|p1a: Solar Mountain|88/100|[from] Leech Seed|[of] p2a: Ferrothorn
|-heal|p2a: Ferrothorn|77/100|[silent]
|upkeep
|turn|4
|
|t:|1670528523
|switch|p1a: Dragon Guardian|Zygarde|100/100
|-damage|p1a: Dragon Guardian|94/100|[from] Stealth Rock
|move|p2a: Ferrothorn|Knock Off|p1a: Dragon Guardian
|-damage|p1a: Dragon Guardian|83/100
|-enditem|p1a: Dragon Guardian|Safety Goggles|[from] move: Knock Off|[of] p2a: Ferrothorn
|
|upkeep
|turn|5
|inactive|Buck is stallish has 120 seconds left.
|c| Namco Damco|Mans brought the wrong team to the final match
|c|☆michael jackerson|;-;
|inactive|Buck is stallish has 90 seconds left.
|
|t:|1670528586
|move|p1a: Dragon Guardian|Glare|p2a: Ferrothorn
|-status|p2a: Ferrothorn|par
|move|p2a: Ferrothorn|Leech Seed|p1a: Dragon Guardian
|-start|p1a: Dragon Guardian|move: Leech Seed
|
|-damage|p1a: Dragon Guardian|70/100|[from] Leech Seed|[of] p2a: Ferrothorn
|-heal|p2a: Ferrothorn|92/100 par|[silent]
|upkeep
|turn|6
|
|t:|1670528596
|move|p1a: Dragon Guardian|Thousand Arrows|p2a: Ferrothorn
|-damage|p2a: Ferrothorn|74/100 par
|cant|p2a: Ferrothorn|par
|
|-damage|p1a: Dragon Guardian|58/100|[from] Leech Seed|[of] p2a: Ferrothorn
|-heal|p2a: Ferrothorn|89/100 par|[silent]
|upkeep
|turn|7
|inactive|Buck is stallish has 90 seconds left.
|
|t:|1670528616
|switch|p2a: Tapu Lele|Tapu Lele|100/100
|-damage|p2a: Tapu Lele|88/100|[from] Stealth Rock
|-fieldstart|move: Psychic Terrain|[from] ability: Psychic Surge|[of] p2a: Tapu Lele
|move|p1a: Dragon Guardian|Thousand Arrows|p2a: Tapu Lele
|-damage|p2a: Tapu Lele|37/100
|
|-damage|p1a: Dragon Guardian|46/100|[from] Leech Seed|[of] p2a: Tapu Lele
|-heal|p2a: Tapu Lele|55/100|[silent]
|-activate|p1a: Dragon Guardian|ability: Power Construct
|detailschange|p1a: Dragon Guardian|Zygarde-Complete
|-heal|p1a: Dragon Guardian|64/100|[silent]
|upkeep
|turn|8
|inactive|Buck is stallish has 90 seconds left.
|
|t:|1670528644
|switch|p1a: Phoenix Emperor|Ho-Oh|100/100
|move|p2a: Tapu Lele|Future Sight|p1a: Phoenix Emperor
|-start|p2a: Tapu Lele|move: Future Sight
|
|upkeep
|turn|9
|
|t:|1670528659
|switch|p2a: Landorus|Landorus-Therian, M|100/100
|-damage|p2a: Landorus|88/100|[from] Stealth Rock
|-ability|p2a: Landorus|Intimidate|boost
|-unboost|p1a: Phoenix Emperor|atk|1
|move|p1a: Phoenix Emperor|Brave Bird|p2a: Landorus
|-damage|p2a: Landorus|42/100
|-damage|p1a: Phoenix Emperor|86/100|[from] Recoil
|
|-heal|p2a: Landorus|48/100|[from] item: Leftovers
|upkeep
|turn|10
|
|t:|1670528678
|switch|p1a: Raven of Death|Yveltal|100/100
|-ability|p1a: Raven of Death|Dark Aura
|move|p2a: Landorus|Defog|p1a: Raven of Death
|-unboost|p1a: Raven of Death|evasion|1
|-sideend|p1: Buck is stallish|Stealth Rock|[from] move: Defog|[of] p2a: Landorus
|-sideend|p2: michael jackerson|Stealth Rock|[from] move: Defog|[of] p2a: Landorus
|-fieldend|move: Psychic Terrain
|
|-end|p1a: Raven of Death|move: Future Sight
|-immune|p1a: Raven of Death
|-heal|p2a: Landorus|54/100|[from] item: Leftovers
|upkeep
|turn|11
|
|t:|1670528699
|switch|p2a: Tapu Lele|Tapu Lele|55/100
|-fieldstart|move: Psychic Terrain|[from] ability: Psychic Surge|[of] p2a: Tapu Lele
|move|p1a: Raven of Death|Toxic|p2a: Tapu Lele
|-status|p2a: Tapu Lele|tox
|
|-damage|p2a: Tapu Lele|49/100 tox|[from] psn
|upkeep
|turn|12
|c| Namco Damco|Good ol rocks-be-gone
|inactive|Buck is stallish has 90 seconds left.
|
|t:|1670528713
|switch|p1a: Phoenix Emperor|Ho-Oh|100/100
|move|p2a: Tapu Lele|Moonblast|p1a: Phoenix Emperor
|-resisted|p1a: Phoenix Emperor
|-damage|p1a: Phoenix Emperor|84/100
|
|-damage|p2a: Tapu Lele|37/100 tox|[from] psn
|upkeep
|turn|13
|inactive|Buck is stallish has 90 seconds left.
|
|t:|1670528726
|switch|p2a: Landorus|Landorus-Therian, M|54/100
|-ability|p2a: Landorus|Intimidate|boost
|-unboost|p1a: Phoenix Emperor|atk|1
|move|p1a: Phoenix Emperor|Brave Bird|p2a: Landorus
|-damage|p2a: Landorus|14/100
|-damage|p1a: Phoenix Emperor|71/100|[from] Recoil
|
|-heal|p2a: Landorus|20/100|[from] item: Leftovers
|upkeep
|turn|14
|
|t:|1670528733
|move|p1a: Phoenix Emperor|Brave Bird|p2a: Landorus
|-damage|p2a: Landorus|0 fnt
|faint|p2a: Landorus
|-damage|p1a: Phoenix Emperor|66/100|[from] Recoil
|
|upkeep
|
|t:|1670528737
|switch|p2a: Tapu Lele|Tapu Lele|37/100 tox
|turn|15
|
|t:|1670528744
|switch|p1a: Solar Mountain|Necrozma-Dusk-Mane|88/100
|move|p2a: Tapu Lele|Moonblast|p1a: Solar Mountain
|-resisted|p1a: Solar Mountain
|-damage|p1a: Solar Mountain|67/100
|
|-damage|p2a: Tapu Lele|31/100 tox|[from] psn
|-fieldend|move: Psychic Terrain
|upkeep
|turn|16
|
|t:|1670528755
|switch|p2a: Ferrothorn|Ferrothorn, M|89/100 par
|move|p1a: Solar Mountain|Stealth Rock|p2a: Ferrothorn
|-sidestart|p2: michael jackerson|move: Stealth Rock
|
|upkeep
|turn|17
|
|t:|1670528768
|move|p1a: Solar Mountain|Morning Sun|p1a: Solar Mountain
|-heal|p1a: Solar Mountain|100/100
|move|p2a: Ferrothorn|Stealth Rock|p1a: Solar Mountain
|-sidestart|p1: Buck is stallish|move: Stealth Rock
|
|upkeep
|turn|18
|
|t:|1670528775
|switch|p1a: Phoenix Emperor|Ho-Oh|99/100
|move|p2a: Ferrothorn|Leech Seed|p1a: Phoenix Emperor
|-start|p1a: Phoenix Emperor|move: Leech Seed
|
|-damage|p1a: Phoenix Emperor|86/100|[from] Leech Seed|[of] p2a: Ferrothorn
|-heal|p2a: Ferrothorn|100/100 par|[silent]
|upkeep
|turn|19
|
|t:|1670528782
|switch|p2a: Urshifu|Urshifu-Rapid-Strike, F|100/100
|-damage|p2a: Urshifu|94/100|[from] Stealth Rock
|move|p1a: Phoenix Emperor|Sacred Fire|p2a: Urshifu
|-resisted|p2a: Urshifu
|-damage|p2a: Urshifu|66/100
|-status|p2a: Urshifu|brn
|
|-damage|p1a: Phoenix Emperor|74/100|[from] Leech Seed|[of] p2a: Urshifu
|-heal|p2a: Urshifu|81/100 brn|[silent]
|-damage|p2a: Urshifu|74/100 brn|[from] brn
|upkeep
|turn|20
|c| Namco Damco|oof
|inactive|Buck is stallish has 120 seconds left.
|c|☆michael jackerson|oof indeed
|
|t:|1670528805
|switch|p1a: Solar Mountain|Necrozma-Dusk-Mane|100/100
|-damage|p1a: Solar Mountain|94/100|[from] Stealth Rock
|move|p2a: Urshifu|Surging Strikes|p1a: Solar Mountain
|-crit|p1a: Solar Mountain
|-damage|p1a: Solar Mountain|87/100
|-crit|p1a: Solar Mountain
|-damage|p1a: Solar Mountain|79/100
|-crit|p1a: Solar Mountain
|-damage|p1a: Solar Mountain|72/100
|-hitcount|p1a: Solar Mountain|3
|
|-damage|p2a: Urshifu|68/100 brn|[from] brn
|upkeep
|turn|21
|inactive|Buck is stallish has 120 seconds left.
|
|t:|1670528825
|switch|p2a: Tapu Lele|Tapu Lele|31/100 tox
|-damage|p2a: Tapu Lele|19/100 tox|[from] Stealth Rock
|-fieldstart|move: Psychic Terrain|[from] ability: Psychic Surge|[of] p2a: Tapu Lele
|switch|p1a: Phoenix Emperor|Ho-Oh|100/100
|
|-damage|p2a: Tapu Lele|13/100 tox|[from] psn
|upkeep
|turn|22
|inactive|Buck is stallish has 120 seconds left.
|
|t:|1670528842
|switch|p1a: Raven of Death|Yveltal|100/100
|-ability|p1a: Raven of Death|Dark Aura
|move|p2a: Tapu Lele|Psyshock|p1a: Raven of Death
|-immune|p1a: Raven of Death
|
|-damage|p2a: Tapu Lele|0 fnt|[from] psn
|faint|p2a: Tapu Lele
|upkeep
|
|t:|1670528862
|switch|p2a: Urshifu|Urshifu-Rapid-Strike, F|68/100 brn
|-damage|p2a: Urshifu|62/100 brn|[from] Stealth Rock
|turn|23
|inactive|Buck is stallish has 120 seconds left.
|
|t:|1670528868
|move|p2a: Urshifu|Surging Strikes|p1a: Raven of Death
|-crit|p1a: Raven of Death
|-damage|p1a: Raven of Death|90/100
|-crit|p1a: Raven of Death
|-damage|p1a: Raven of Death|79/100
|-crit|p1a: Raven of Death
|-damage|p1a: Raven of Death|67/100
|-hitcount|p1a: Raven of Death|3
|move|p1a: Raven of Death|Foul Play|p2a: Urshifu
|-resisted|p2a: Urshifu
|-damage|p2a: Urshifu|27/100 brn
|
|-damage|p2a: Urshifu|21/100 brn|[from] brn
|upkeep
|turn|24
|
|t:|1670528871
|move|p2a: Urshifu|Surging Strikes|p1a: Raven of Death
|-crit|p1a: Raven of Death
|-damage|p1a: Raven of Death|56/100
|-crit|p1a: Raven of Death
|-damage|p1a: Raven of Death|45/100
|-crit|p1a: Raven of Death
|-damage|p1a: Raven of Death|35/100
|-hitcount|p1a: Raven of Death|3
|move|p1a: Raven of Death|Roost|p1a: Raven of Death
|-heal|p1a: Raven of Death|85/100
|-singleturn|p1a: Raven of Death|move: Roost
|
|-damage|p2a: Urshifu|15/100 brn|[from] brn
|upkeep
|turn|25
|inactive|Buck is stallish has 120 seconds left.
|c|☆michael jackerson|im going
|c|☆michael jackerson|congrats bro
|-message|michael jackerson forfeited.
|
|win|Buck is stallish
|n|☆Buck is stallish|buckisstallish
|n|☆michael jackerson|michaeljackerson
|n| Namco Damco|namcodamco
