|j|☆Snakethey
|j|☆chemiqs
|t:|1657371549
|gametype|singles
|player|p1|Snakethey|flint|1521
|player|p2|chemiqs|n|1378
|teamsize|p1|6
|teamsize|p2|6
|gen|8
|tier|[Gen 8] National Dex AG
|rated|
|rule|HP Percentage Mod: HP is shown in percentages
|rule|Endless Battle Clause: Forcing endless battles is banned
|clearpoke
|poke|p1|Zacian-*|
|poke|p1|Ditto|
|poke|p1|Deoxys-Speed|
|poke|p1|Kyurem-Black|
|poke|p1|Groudon|
|poke|p1|Darmanitan-Galar, M|
|poke|p2|Calyrex-Shadow|
|poke|p2|Yveltal|
|poke|p2|Zacian-*|
|poke|p2|Marshadow|
|poke|p2|Arceus-*|
|poke|p2|Groudon|
|teampreview
|
|t:|1657371556
|start
|switch|p1a: Deoxys|Deoxys-Speed|100/100
|switch|p2a: Arceus|Arceus-Dark|100/100
|-ability|p1a: Deoxys|Pressure
|turn|1
|
|t:|1657371562
|move|p2a: Arceus|Magic Coat|p2a: Arceus
|-singleturn|p2a: Arceus|move: Magic Coat
|move|p1a: Deoxys|Stealth Rock|p2a: Arceus
|move|p2a: Arceus|Stealth Rock|p1a: Deoxys|[from]Magic Coat
|-sidestart|p1: Snakethey|move: Stealth Rock
|
|upkeep
|turn|2
|
|t:|1657371566
|move|p2a: Arceus|Magic Coat|p2a: Arceus
|-singleturn|p2a: Arceus|move: Magic Coat
|move|p1a: Deoxys|Taunt|p2a: Arceus
|move|p2a: Arceus|Taunt|p1a: Deoxys|[from]Magic Coat
|-start|p1a: Deoxys|move: Taunt
|
|upkeep
|turn|3
|
|t:|1657371573
|move|p1a: Deoxys|Knock Off|p2a: Arceus
|-resisted|p2a: Arceus
|-damage|p2a: Arceus|96/100
|move|p2a: Arceus|Judgment|p1a: Deoxys
|-supereffective|p1a: Deoxys
|-enditem|p1a: Deoxys|Focus Sash
|-damage|p1a: Deoxys|1/100
|
|upkeep
|turn|4
|
|t:|1657371582
|move|p1a: Deoxys|Knock Off|p2a: Arceus
|-resisted|p2a: Arceus
|-damage|p2a: Arceus|91/100
|move|p2a: Arceus|Judgment|p1a: Deoxys
|-supereffective|p1a: Deoxys
|-damage|p1a: Deoxys|0 fnt
|faint|p1a: Deoxys
|
|upkeep
|
|t:|1657371589
|switch|p1a: Ditto|Ditto|100/100
|-damage|p1a: Ditto|88/100|[from] Stealth Rock
|-transform|p1a: Ditto|p2a: Arceus|[from] ability: Imposter
|turn|5
|
|t:|1657371607
|switch|p2a: Zacian|Zacian-Crowned|100/100
|-ability|p2a: Zacian|Intrepid Sword|boost
|-boost|p2a: Zacian|atk|1
|move|p1a: Ditto|Defog|p2a: Zacian
|-unboost|p2a: Zacian|evasion|1
|-sideend|p1: Snakethey|Stealth Rock|[from] move: Defog|[of] p1a: Ditto
|
|upkeep
|turn|6
|
|t:|1657371618
|switch|p1a: Groudon|Groudon|100/100
|detailschange|p1a: Groudon|Groudon-Primal
|-primal|p1a: Groudon
|-weather|DesolateLand|[from] ability: Desolate Land|[of] p1a: Groudon
|move|p2a: Zacian|Play Rough|p1a: Groudon
|-resisted|p1a: Groudon
|-damage|p1a: Groudon|73/100
|
|-weather|DesolateLand|[upkeep]
|upkeep
|turn|7
|
|t:|1657371628
|switch|p2a: Yveltal|Yveltal|100/100
|-ability|p2a: Yveltal|Dark Aura
|move|p1a: Groudon|Rock Polish|p1a: Groudon
|-boost|p1a: Groudon|spe|2
|
|-weather|DesolateLand|[upkeep]
|upkeep
|turn|8
|
|t:|1657371635
|-start|p2a: Yveltal|Dynamax|
|-heal|p2a: Yveltal|100/100|[silent]
|move|p1a: Groudon|Rock Slide|p2a: Yveltal
|-supereffective|p2a: Yveltal
|-damage|p2a: Yveltal|66/100
|move|p2a: Yveltal|Max Airstream|p1a: Groudon
|-damage|p1a: Groudon|0 fnt
|-boost|p2a: Yveltal|spe|1
|faint|p1a: Groudon
|-weather|none
|-damage|p2a: Yveltal|61/100|[from] item: Life Orb
|
|upkeep
|
|t:|1657371660
|switch|p1a: Zacian|Zacian-Crowned|100/100
|-ability|p1a: Zacian|Intrepid Sword|boost
|-boost|p1a: Zacian|atk|1
|turn|9
|
|t:|1657371663
|move|p2a: Yveltal|Max Flare|p1a: Zacian
|-supereffective|p1a: Zacian
|-damage|p1a: Zacian|0 fnt
|-weather|SunnyDay
|faint|p1a: Zacian
|-damage|p2a: Yveltal|56/100|[from] item: Life Orb
|
|-weather|SunnyDay|[upkeep]
|upkeep
|
|t:|1657371669
|switch|p1a: Kyurem|Kyurem-Black|100/100
|-ability|p1a: Kyurem|Teravolt
|turn|10
|
|t:|1657371672
|move|p2a: Yveltal|Max Darkness|p1a: Kyurem
|-damage|p1a: Kyurem|0 fnt
|faint|p1a: Kyurem
|-damage|p2a: Yveltal|51/100|[from] item: Life Orb
|
|-weather|SunnyDay|[upkeep]
|upkeep
|
|t:|1657371681
|switch|p1a: Darmanitan|Darmanitan-Galar, M|100/100
|-end|p2a: Yveltal|Dynamax
|-heal|p2a: Yveltal|51/100|[silent]
|turn|11
|
|t:|1657371686
|move|p2a: Yveltal|Heat Wave|p1a: Darmanitan
|-supereffective|p1a: Darmanitan
|-damage|p1a: Darmanitan|0 fnt
|faint|p1a: Darmanitan
|-damage|p2a: Yveltal|41/100|[from] item: Life Orb
|
|-weather|SunnyDay|[upkeep]
|upkeep
|
|t:|1657371689
|switch|p1a: Ditto|Ditto|88/100
|-transform|p1a: Ditto|p2a: Yveltal|[from] ability: Imposter
|-ability|p1a: Ditto|Dark Aura
|turn|12
|
|t:|1657371697
|-start|p1a: Ditto|Dynamax|
|-heal|p1a: Ditto|88/100|[silent]
|move|p2a: Yveltal|Oblivion Wing|p1a: Ditto
|-damage|p1a: Ditto|54/100
|-heal|p2a: Yveltal|81/100|[from] drain|[of] p1a: Ditto
|-damage|p2a: Yveltal|71/100|[from] item: Life Orb
|move|p1a: Ditto|Max Darkness|p2a: Yveltal
|-resisted|p2a: Yveltal
|-damage|p2a: Yveltal|29/100
|-unboost|p2a: Yveltal|spd|1
|
|-weather|SunnyDay|[upkeep]
|upkeep
|turn|13
|
|t:|1657371712
|move|p1a: Ditto|Max Airstream|p2a: Yveltal
|-damage|p2a: Yveltal|0 fnt
|-boost|p1a: Ditto|spe|1
|faint|p2a: Yveltal
|
|-weather|none
|upkeep
|
|t:|1657371725
|switch|p2a: Arceus|Arceus-Dark|91/100
|turn|14
|
|t:|1657371729
|move|p1a: Ditto|Max Airstream|p2a: Arceus
|-crit|p2a: Arceus
|-damage|p2a: Arceus|39/100
|-boost|p1a: Ditto|spe|1
|move|p2a: Arceus|Recover|p2a: Arceus
|-heal|p2a: Arceus|89/100
|
|upkeep
|-end|p1a: Ditto|Dynamax
|-heal|p1a: Ditto|54/100|[silent]
|turn|15
|
|t:|1657371739
|move|p1a: Ditto|Oblivion Wing|p2a: Arceus
|-damage|p2a: Arceus|70/100
|-heal|p1a: Ditto|76/100|[from] drain|[of] p2a: Arceus
|move|p2a: Arceus|Judgment|p1a: Ditto
|-resisted|p1a: Ditto
|-damage|p1a: Ditto|39/100
|
|upkeep
|turn|16
|
|t:|1657371747
|move|p1a: Ditto|Oblivion Wing|p2a: Arceus
|-damage|p2a: Arceus|50/100
|-heal|p1a: Ditto|61/100|[from] drain|[of] p2a: Arceus
|move|p2a: Arceus|Recover|p2a: Arceus
|-heal|p2a: Arceus|99/100
|
|upkeep
|turn|17
|
|t:|1657371750
|move|p1a: Ditto|Oblivion Wing|p2a: Arceus
|-damage|p2a: Arceus|81/100
|-heal|p1a: Ditto|82/100|[from] drain|[of] p2a: Arceus
|move|p2a: Arceus|Recover|p2a: Arceus
|-heal|p2a: Arceus|100/100
|
|upkeep
|turn|18
|
|t:|1657371753
|-activate|p1a: Ditto|move: Struggle
|move|p1a: Ditto|Struggle|p2a: Arceus
|-damage|p2a: Arceus|92/100
|-damage|p1a: Ditto|57/100|[from] recoil
|move|p2a: Arceus|Recover|p2a: Arceus
|-heal|p2a: Arceus|100/100
|
|upkeep
|turn|19
|
|t:|1657371757
|-activate|p1a: Ditto|move: Struggle
|move|p1a: Ditto|Struggle|p2a: Arceus
|-damage|p2a: Arceus|90/100
|-damage|p1a: Ditto|32/100|[from] recoil
|move|p2a: Arceus|Judgment|p1a: Ditto
|-resisted|p1a: Ditto
|-crit|p1a: Ditto
|-damage|p1a: Ditto|0 fnt
|faint|p1a: Ditto
|
|win|chemiqs
|raw|Snakethey's rating: 1521 &rarr; <strong>1493</strong><br />(-28 for losing)
|raw|chemiqs's rating: 1378 &rarr; <strong>1406</strong><br />(+28 for winning)
