|j|☆kerrozxl-
|j|☆mew2629
|t:|1661887494
|gametype|singles
|player|p1|kerrozxl-|unknownf|1691
|player|p2|mew2629|cheryl|1685
|teamsize|p1|6
|teamsize|p2|6
|gen|8
|tier|[Gen 8] National Dex AG
|rated|
|rule|HP Percentage Mod: HP is shown in percentages
|rule|Endless Battle Clause: Forcing endless battles is banned
|clearpoke
|poke|p1|Rayquaza|
|poke|p1|Groudon|
|poke|p1|Necrozma-Dusk-Mane|
|poke|p1|Marshadow|
|poke|p1|Yveltal|
|poke|p1|Xerneas-*|
|poke|p2|Necrozma-Dusk-Mane|
|poke|p2|Rayquaza|
|poke|p2|Groudon|
|poke|p2|Arceus-*|
|poke|p2|Arceus-*|
|poke|p2|Ditto|
|teampreview
|
|t:|1661887532
|start
|switch|p1a: Rayquaza|Rayquaza, shiny|100/100
|switch|p2a: Necrozma|Necrozma-Dusk-Mane|100/100
|-ability|p1a: Rayquaza|Air Lock
|turn|1
|
|t:|1661887569
|detailschange|p1a: Rayquaza|Rayquaza-Mega, shiny
|-mega|p1a: Rayquaza|Rayquaza|
|-weather|DeltaStream|[from] ability: Delta Stream|[of] p1a: Rayquaza
|move|p1a: Rayquaza|Earthquake|p2a: Necrozma
|-supereffective|p2a: Necrozma
|-damage|p2a: Necrozma|33/100
|move|p2a: Necrozma|Stealth Rock|p1a: Rayquaza
|-sidestart|p1: kerrozxl-|move: Stealth Rock
|
|-weather|DeltaStream|[upkeep]
|upkeep
|turn|2
|
|t:|1661887583
|switch|p2a: Arceus|Arceus-Dark|100/100
|move|p1a: Rayquaza|Earthquake|p2a: Arceus
|-damage|p2a: Arceus|58/100
|
|-weather|DeltaStream|[upkeep]
|upkeep
|turn|3
|
|t:|1661887590
|move|p2a: Arceus|Will-O-Wisp|p1a: Rayquaza
|-status|p1a: Rayquaza|brn
|move|p1a: Rayquaza|Earthquake|p2a: Arceus
|-damage|p2a: Arceus|35/100
|
|-weather|DeltaStream|[upkeep]
|-damage|p1a: Rayquaza|95/100 brn|[from] brn
|upkeep
|turn|4
|
|t:|1661887593
|-weather|none
|switch|p1a: Groudon|Groudon, shiny|100/100
|-damage|p1a: Groudon|94/100|[from] Stealth Rock
|detailschange|p1a: Groudon|Groudon-Primal, shiny
|-primal|p1a: Groudon
|-weather|DesolateLand|[from] ability: Desolate Land|[of] p1a: Groudon
|move|p2a: Arceus|Recover|p2a: Arceus
|-heal|p2a: Arceus|85/100
|
|-weather|DesolateLand|[upkeep]
|upkeep
|turn|5
|
|t:|1661887599
|switch|p2a: Arceus|Arceus-Ground|100/100
|move|p1a: Groudon|Stone Edge|p2a: Arceus
|-resisted|p2a: Arceus
|-damage|p2a: Arceus|91/100
|
|-weather|DesolateLand|[upkeep]
|upkeep
|turn|6
|
|t:|1661887603
|-weather|none
|switch|p1a: Rayquaza|Rayquaza-Mega, shiny|95/100 brn
|-damage|p1a: Rayquaza|70/100 brn|[from] Stealth Rock
|-weather|DeltaStream|[from] ability: Delta Stream|[of] p1a: Rayquaza
|move|p2a: Arceus|Judgment|p1a: Rayquaza
|-immune|p1a: Rayquaza
|
|-weather|DeltaStream|[upkeep]
|-damage|p1a: Rayquaza|64/100 brn|[from] brn
|upkeep
|turn|7
|
|t:|1661887623
|move|p1a: Rayquaza|Dragon Ascent|p2a: Arceus
|-damage|p2a: Arceus|57/100
|-unboost|p1a: Rayquaza|def|1
|-unboost|p1a: Rayquaza|spd|1
|move|p2a: Arceus|Ice Beam|p1a: Rayquaza
|-activate||deltastream
|-supereffective|p1a: Rayquaza
|-damage|p1a: Rayquaza|0 fnt
|faint|p1a: Rayquaza
|-weather|none
|
|upkeep
|
|t:|1661887629
|switch|p1a: Yveltal|Yveltal, shiny|100/100
|-ability|p1a: Yveltal|Dark Aura
|turn|8
|
|t:|1661887637
|move|p1a: Yveltal|Defog|p2a: Arceus
|-unboost|p2a: Arceus|evasion|1
|-sideend|p1: kerrozxl-|Stealth Rock|[from] move: Defog|[of] p1a: Yveltal
|move|p2a: Arceus|Toxic|p1a: Yveltal
|-status|p1a: Yveltal|tox
|
|-damage|p1a: Yveltal|94/100 tox|[from] psn
|upkeep
|turn|9
|
|t:|1661887664
|switch|p1a: Xerneas|Xerneas, shiny|100/100
|-ability|p1a: Xerneas|Fairy Aura
|move|p2a: Arceus|Recover|p2a: Arceus
|-heal|p2a: Arceus|100/100
|
|upkeep
|turn|10
|
|t:|1661887669
|move|p2a: Arceus|Toxic|p1a: Xerneas
|-status|p1a: Xerneas|tox
|move|p1a: Xerneas|Geomancy||[still]
|-prepare|p1a: Xerneas|Geomancy
|-enditem|p1a: Xerneas|Power Herb
|-anim|p1a: Xerneas|Geomancy|p1a: Xerneas
|-boost|p1a: Xerneas|spa|2
|-boost|p1a: Xerneas|spd|2
|-boost|p1a: Xerneas|spe|2
|
|-damage|p1a: Xerneas|94/100 tox|[from] psn
|upkeep
|turn|11
|
|t:|1661887673
|move|p1a: Xerneas|Moonblast|p2a: Arceus
|-damage|p2a: Arceus|6/100
|move|p2a: Arceus|Recover|p2a: Arceus
|-heal|p2a: Arceus|56/100
|
|-damage|p1a: Xerneas|82/100 tox|[from] psn
|upkeep
|turn|12
|
|t:|1661887678
|move|p1a: Xerneas|Moonblast|p2a: Arceus
|-damage|p2a: Arceus|0 fnt
|faint|p2a: Arceus
|
|-damage|p1a: Xerneas|64/100 tox|[from] psn
|upkeep
|
|t:|1661887682
|switch|p2a: Ditto|Ditto|100/100
|-transform|p2a: Ditto|p1a: Xerneas|[from] ability: Imposter
|-ability|p2a: Ditto|Fairy Aura
|turn|13
|
|t:|1661887726
|-start|p2a: Ditto|Dynamax|
|-heal|p2a: Ditto|100/100|[silent]
|-start|p1a: Xerneas|Dynamax|
|-heal|p1a: Xerneas|64/100 tox|[silent]
|move|p2a: Ditto|Max Guard|p2a: Ditto
|-singleturn|p2a: Ditto|Max Guard
|move|p1a: Xerneas|Max Starfall|p2a: Ditto
|-activate|p2a: Ditto|move: Max Guard
|
|-damage|p1a: Xerneas|51/100 tox|[from] psn
|upkeep
|turn|14
|
|t:|1661887741
|move|p1a: Xerneas|Max Starfall|p2a: Ditto
|-damage|p2a: Ditto|42/100
|-fieldstart|move: Misty Terrain
|move|p2a: Ditto|Max Starfall|p1a: Xerneas
|-damage|p1a: Xerneas|11/100 tox
|
|-damage|p1a: Xerneas|0 fnt|[from] psn
|faint|p1a: Xerneas
|upkeep
|
|t:|1661887748
|switch|p1a: Groudon|Groudon-Primal, shiny|94/100
|-weather|DesolateLand|[from] ability: Desolate Land|[of] p1a: Groudon
|turn|15
|
|t:|1661887757
|-end|p2a: Ditto|Dynamax
|-heal|p2a: Ditto|42/100|[silent]
|switch|p2a: Rayquaza|Rayquaza|100/100
|-ability|p2a: Rayquaza|Air Lock
|move|p1a: Groudon|Precipice Blades|p2a: Rayquaza
|-immune|p2a: Rayquaza
|
|-weather|DesolateLand|[upkeep]
|upkeep
|turn|16
|
|t:|1661887763
|detailschange|p2a: Rayquaza|Rayquaza-Mega
|-mega|p2a: Rayquaza|Rayquaza|
|-weather|DeltaStream|[from] ability: Delta Stream|[of] p2a: Rayquaza
|move|p2a: Rayquaza|Surf|p1a: Groudon
|-supereffective|p1a: Groudon
|-damage|p1a: Groudon|0 fnt
|faint|p1a: Groudon
|
|-weather|DeltaStream|[upkeep]
|upkeep
|
|t:|1661887776
|switch|p1a: Yveltal|Yveltal, shiny|94/100 tox
|-ability|p1a: Yveltal|Dark Aura
|turn|17
|
|t:|1661887784
|-weather|none
|switch|p2a: Arceus|Arceus-Dark|85/100
|move|p1a: Yveltal|Knock Off|p2a: Arceus
|-resisted|p2a: Arceus
|-damage|p2a: Arceus|72/100
|
|-damage|p1a: Yveltal|88/100 tox|[from] psn
|upkeep
|turn|18
|
|t:|1661887791
|move|p2a: Arceus|Judgment|p1a: Yveltal
|-resisted|p1a: Yveltal
|-damage|p1a: Yveltal|67/100 tox
|move|p1a: Yveltal|Oblivion Wing|p2a: Arceus
|-damage|p2a: Arceus|50/100
|-heal|p1a: Yveltal|86/100 tox|[from] drain|[of] p2a: Arceus
|
|-damage|p1a: Yveltal|74/100 tox|[from] psn
|-fieldend|Misty Terrain
|upkeep
|turn|19
|
|t:|1661887805
|move|p2a: Arceus|Will-O-Wisp||[still]
|-fail|p2a: Arceus
|move|p1a: Yveltal|Oblivion Wing|p2a: Arceus
|-damage|p2a: Arceus|29/100
|-heal|p1a: Yveltal|92/100 tox|[from] drain|[of] p2a: Arceus
|
|-damage|p1a: Yveltal|74/100 tox|[from] psn
|upkeep
|turn|20
|
|t:|1661887809
|move|p2a: Arceus|Recover|p2a: Arceus
|-heal|p2a: Arceus|79/100
|move|p1a: Yveltal|Oblivion Wing|p2a: Arceus
|-damage|p2a: Arceus|57/100
|-heal|p1a: Yveltal|92/100 tox|[from] drain|[of] p2a: Arceus
|
|-damage|p1a: Yveltal|68/100 tox|[from] psn
|upkeep
|turn|21
|
|t:|1661887812
|switch|p1a: Marshadow|Marshadow|100/100
|move|p2a: Arceus|Will-O-Wisp|p1a: Marshadow
|-status|p1a: Marshadow|brn
|
|-damage|p1a: Marshadow|94/100 brn|[from] brn
|upkeep
|turn|22
|-message|kerrozxl- forfeited.
|
|win|mew2629
|raw|kerrozxl-'s rating: 1691 &rarr; <strong>1671</strong><br />(-20 for losing)
|raw|mew2629's rating: 1685 &rarr; <strong>1705</strong><br />(+20 for winning)
|l|☆kerrozxl-
||Ladder isn't responding, score probably updated but might not have (Request timeout).
