|j|☆putaotaku
|j|☆JAY100064
|t:|1627335475
|gametype|singles
|player|p1|putaotaku|265|1502
|player|p2|JAY100064|preschooler|1549
|teamsize|p1|6
|teamsize|p2|6
|gen|8
|tier|[Gen 8] National Dex AG
|rated|
|rule|HP Percentage Mod: HP is shown in percentages
|rule|Endless Battle Clause: Forcing endless battles is banned
|clearpoke
|poke|p1|Kangaskhan, F|
|poke|p1|Chansey, F|
|poke|p1|Miltank, F|
|poke|p1|Arceus-*|
|poke|p1|Ditto|
|poke|p1|Smeargle, L1, M|
|poke|p2|Arceus-*|
|poke|p2|Chansey, F|
|poke|p2|Giratina|
|poke|p2|Sableye, F|
|poke|p2|Necrozma-Dusk-Mane|
|poke|p2|Ho-Oh|
|teampreview
|
|t:|1627335480
|start
|switch|p1a: Smeargle|Smeargle, L1, M|100/100
|switch|p2a: Annoyance|Sableye, F, shiny|100/100
|turn|1
|
|t:|1627335492
|switch|p1a: Miltank|Miltank, F|100/100
|detailschange|p2a: Annoyance|Sableye-Mega, F, shiny
|-mega|p2a: Annoyance|Sableye|Sablenite
|move|p2a: Annoyance|Fake Out|p1a: Miltank
|-damage|p1a: Miltank|95/100
|-damage|p2a: Annoyance|84/100|[from] item: Rocky Helmet|[of] p1a: Miltank
|
|upkeep
|turn|2
|
|t:|1627335506
|move|p1a: Miltank|Seismic Toss|p2a: Annoyance
|-damage|p2a: Annoyance|51/100
|move|p2a: Annoyance|Recover|p2a: Annoyance
|-heal|p2a: Annoyance|100/100
|
|upkeep
|turn|3
|
|t:|1627335516
|switch|p1a: Ditto|Ditto|100/100
|-transform|p1a: Ditto|p2a: Annoyance|[from] ability: Imposter
|move|p2a: Annoyance|Foul Play|p1a: Ditto
|-damage|p1a: Ditto|81/100
|
|upkeep
|turn|4
|
|t:|1627335543
|switch|p2a: Miss Joy|Chansey, F|100/100
|move|p1a: Ditto|Recover|p1a: Ditto
|-heal|p1a: Ditto|100/100
|
|upkeep
|turn|5
|
|t:|1627335557
|switch|p1a: Chansey|Chansey, F|100/100
|move|p2a: Miss Joy|Confide|p1a: Chansey
|-unboost|p1a: Chansey|spa|1
|
|upkeep
|turn|6
|
|t:|1627335568
|switch|p2a: Annoyance|Sableye-Mega, F, shiny|100/100
|move|p1a: Chansey|Teleport|p1a: Chansey
|
|t:|1627335576
|switch|p1a: Ditto|Ditto|100/100|[from]move: Teleport
|-transform|p1a: Ditto|p2a: Annoyance|[from] ability: Imposter
|
|upkeep
|turn|7
|
|t:|1627335590
|switch|p2a: Miss Joy|Chansey, F|100/100
|move|p1a: Ditto|Foul Play|p2a: Miss Joy
|-damage|p2a: Miss Joy|99/100
|
|upkeep
|turn|8
|
|t:|1627335599
|switch|p1a: Chansey|Chansey, F|100/100
|move|p2a: Miss Joy|Toxic|p1a: Chansey|[miss]
|-miss|p2a: Miss Joy|p1a: Chansey
|
|upkeep
|turn|9
|
|t:|1627335608
|move|p2a: Miss Joy|Toxic|p1a: Chansey
|-status|p1a: Chansey|tox
|move|p1a: Chansey|Toxic|p2a: Miss Joy
|-status|p2a: Miss Joy|tox
|
|-damage|p2a: Miss Joy|93/100 tox|[from] psn
|-damage|p1a: Chansey|94/100 tox|[from] psn
|upkeep
|turn|10
|
|t:|1627335617
|move|p2a: Miss Joy|Toxic|p1a: Chansey
|-fail|p1a: Chansey|tox
|move|p1a: Chansey|Teleport|p1a: Chansey
|
|t:|1627335621
|switch|p1a: Arceus|Arceus|100/100|[from]move: Teleport
|
|-damage|p2a: Miss Joy|80/100 tox|[from] psn
|upkeep
|turn|11
|
|t:|1627335639
|switch|p2a: God|Arceus|100/100
|move|p1a: Arceus|Shadow Claw|p2a: God
|-immune|p2a: God
|
|upkeep
|turn|12
|
|t:|1627335648
|switch|p1a: Miltank|Miltank, F|95/100
|move|p2a: God|Toxic|p1a: Miltank
|-status|p1a: Miltank|tox
|
|-damage|p1a: Miltank|89/100 tox|[from] psn
|upkeep
|turn|13
|
|t:|1627335659
|switch|p2a: High and Mighty|Giratina, shiny|100/100
|-ability|p2a: High and Mighty|Pressure
|move|p1a: Miltank|Heal Bell|p1a: Miltank
|-activate|p1a: Miltank|move: Heal Bell
|-curestatus|p1a: Miltank|tox|[msg]
|
|upkeep
|turn|14
|
|t:|1627335670
|move|p1a: Miltank|Toxic|p2a: High and Mighty
|-status|p2a: High and Mighty|tox
|move|p2a: High and Mighty|Toxic|p1a: Miltank
|-status|p1a: Miltank|tox
|
|-damage|p1a: Miltank|83/100 tox|[from] psn
|-damage|p2a: High and Mighty|94/100 tox|[from] psn
|upkeep
|turn|15
|
|t:|1627335682
|move|p1a: Miltank|Heal Bell|p1a: Miltank
|-activate|p1a: Miltank|move: Heal Bell
|-curestatus|p1a: Miltank|tox|[msg]
|move|p2a: High and Mighty|Rest|p2a: High and Mighty
|-status|p2a: High and Mighty|slp|[from] move: Rest
|-heal|p2a: High and Mighty|100/100 slp|[silent]
|
|upkeep
|turn|16
|
|t:|1627335693
|switch|p2a: Stainless Steel|Necrozma-Dusk-Mane|100/100
|move|p1a: Miltank|Seismic Toss|p2a: Stainless Steel
|-damage|p2a: Stainless Steel|75/100
|-damage|p1a: Miltank|67/100|[from] item: Rocky Helmet|[of] p2a: Stainless Steel
|
|upkeep
|turn|17
|
|t:|1627335710
|move|p1a: Miltank|Milk Drink|p1a: Miltank
|-heal|p1a: Miltank|100/100
|move|p2a: Stainless Steel|Stealth Rock|p1a: Miltank
|-sidestart|p1: putaotaku|move: Stealth Rock
|
|upkeep
|turn|18
|
|t:|1627335723
|switch|p1a: Smeargle|Smeargle, L1, M|100/100
|-damage|p1a: Smeargle|92/100|[from] Stealth Rock
|switch|p2a: Chicken Little|Ho-Oh, shiny|100/100
|
|upkeep
|turn|19
|
|t:|1627335731
|switch|p2a: Annoyance|Sableye-Mega, F, shiny|100/100
|move|p1a: Smeargle|Stealth Rock|p2a: Annoyance
|move|p2a: Annoyance|Stealth Rock||[from]ability: Magic Bounce|[still]
|-fail|p2a: Annoyance
|
|upkeep
|turn|20
|
|t:|1627335745
|switch|p1a: Chansey|Chansey, F|94/100
|-damage|p1a: Chansey|82/100|[from] Stealth Rock
|move|p2a: Annoyance|Foul Play|p1a: Chansey
|-damage|p1a: Chansey|80/100
|
|upkeep
|turn|21
|
|t:|1627335763
|switch|p2a: Stainless Steel|Necrozma-Dusk-Mane|75/100
|move|p1a: Chansey|Teleport|p1a: Chansey
|
|t:|1627335767
|switch|p1a: Kangaskhan|Kangaskhan, F|100/100|[from]move: Teleport
|-damage|p1a: Kangaskhan|88/100|[from] Stealth Rock
|
|upkeep
|turn|22
|
|t:|1627335775
|switch|p2a: High and Mighty|Giratina, shiny|100/100 slp
|-ability|p2a: High and Mighty|Pressure
|detailschange|p1a: Kangaskhan|Kangaskhan-Mega, F
|-mega|p1a: Kangaskhan|Kangaskhan|Kangaskhanite
|move|p1a: Kangaskhan|Seismic Toss|p2a: High and Mighty
|-immune|p2a: High and Mighty
|
|upkeep
|turn|23
|
|t:|1627335787
|move|p1a: Kangaskhan|Shadow Claw|p2a: High and Mighty
|-supereffective|p2a: High and Mighty
|-damage|p2a: High and Mighty|83/100 slp
|-supereffective|p2a: High and Mighty
|-crit|p2a: High and Mighty
|-damage|p2a: High and Mighty|77/100 slp
|-hitcount|p2a: High and Mighty|2
|cant|p2a: High and Mighty|slp
|
|-heal|p2a: High and Mighty|84/100 slp|[from] item: Leftovers
|upkeep
|turn|24
|
|t:|1627335797
|switch|p1a: Ditto|Ditto|100/100
|-damage|p1a: Ditto|88/100|[from] Stealth Rock
|-transform|p1a: Ditto|p2a: High and Mighty|[from] ability: Imposter
|-ability|p1a: Ditto|Pressure
|cant|p2a: High and Mighty|slp
|
|-heal|p2a: High and Mighty|90/100 slp|[from] item: Leftovers
|upkeep
|turn|25
|
|t:|1627335824
|switch|p2a: Annoyance|Sableye-Mega, F, shiny|100/100
|move|p1a: Ditto|Dragon Tail|p2a: Annoyance
|-damage|p2a: Annoyance|85/100
|drag|p2a: High and Mighty|Giratina, shiny|90/100 slp
|-ability|p2a: High and Mighty|Pressure
|
|-heal|p2a: High and Mighty|96/100 slp|[from] item: Leftovers
|upkeep
|turn|26
|
|t:|1627335840
|switch|p2a: Stainless Steel|Necrozma-Dusk-Mane|75/100
|move|p1a: Ditto|Dragon Tail|p2a: Stainless Steel
|-resisted|p2a: Stainless Steel
|-damage|p2a: Stainless Steel|70/100
|-damage|p1a: Ditto|71/100|[from] item: Rocky Helmet|[of] p2a: Stainless Steel
|drag|p2a: Chicken Little|Ho-Oh, shiny|100/100
|
|upkeep
|turn|27
|
|t:|1627335859
|switch|p1a: Smeargle|Smeargle, L1, M|92/100
|-damage|p1a: Smeargle|84/100|[from] Stealth Rock
|switch|p2a: Stainless Steel|Necrozma-Dusk-Mane|70/100
|
|upkeep
|turn|28
|
|t:|1627335867
|switch|p2a: Annoyance|Sableye-Mega, F, shiny|85/100
|move|p1a: Smeargle|Endeavor|p2a: Annoyance
|-immune|p2a: Annoyance
|
|upkeep
|turn|29
|
|t:|1627335876
|switch|p1a: Chansey|Chansey, F|80/100
|-damage|p1a: Chansey|68/100|[from] Stealth Rock
|move|p2a: Annoyance|Recover|p2a: Annoyance
|-heal|p2a: Annoyance|100/100
|
|upkeep
|turn|30
|
|t:|1627335885
|switch|p2a: Stainless Steel|Necrozma-Dusk-Mane|70/100
|move|p1a: Chansey|Soft-Boiled|p1a: Chansey
|-heal|p1a: Chansey|100/100
|
|upkeep
|turn|31
|
|t:|1627335895
|switch|p1a: Smeargle|Smeargle, L1, M|84/100
|-damage|p1a: Smeargle|75/100|[from] Stealth Rock
|move|p2a: Stainless Steel|Morning Sun|p2a: Stainless Steel
|-heal|p2a: Stainless Steel|100/100
|
|upkeep
|turn|32
|
|t:|1627335905
|switch|p2a: Annoyance|Sableye-Mega, F, shiny|100/100
|move|p1a: Smeargle|Stealth Rock|p2a: Annoyance
|move|p2a: Annoyance|Stealth Rock||[from]ability: Magic Bounce|[still]
|-fail|p2a: Annoyance
|
|upkeep
|turn|33
|
|t:|1627335916
|switch|p2a: Stainless Steel|Necrozma-Dusk-Mane|100/100
|move|p1a: Smeargle|Baneful Bunker||[still]
|-fail|p1a: Smeargle
|
|upkeep
|turn|34
|
|t:|1627335928
|switch|p2a: Annoyance|Sableye-Mega, F, shiny|100/100
|move|p1a: Smeargle|Stealth Rock|p2a: Annoyance
|move|p2a: Annoyance|Stealth Rock||[from]ability: Magic Bounce|[still]
|-fail|p2a: Annoyance
|
|upkeep
|turn|35
|
|t:|1627335940
|move|p2a: Annoyance|Will-O-Wisp|p1a: Smeargle
|-status|p1a: Smeargle|brn
|move|p1a: Smeargle|Endeavor|p2a: Annoyance
|-immune|p2a: Annoyance
|
|-damage|p1a: Smeargle|67/100 brn|[from] brn
|upkeep
|turn|36
|
|t:|1627335952
|move|p1a: Smeargle|Baneful Bunker|p1a: Smeargle
|-singleturn|p1a: Smeargle|move: Protect
|move|p2a: Annoyance|Foul Play|p1a: Smeargle
|-activate|p1a: Smeargle|move: Protect
|-status|p2a: Annoyance|psn
|
|-damage|p2a: Annoyance|88/100 psn|[from] psn
|-damage|p1a: Smeargle|59/100 brn|[from] brn
|upkeep
|turn|37
|
|t:|1627335964
|switch|p2a: Miss Joy|Chansey, F|80/100
|switch|p1a: Chansey|Chansey, F|100/100
|-damage|p1a: Chansey|88/100|[from] Stealth Rock
|
|upkeep
|turn|38
|
|t:|1627335973
|move|p2a: Miss Joy|Aromatherapy|p2a: Miss Joy
|-activate|p2a: Miss Joy|move: Aromatherapy
|-curestatus|p2: Annoyance|psn|[msg]
|-curestatus|p2: High and Mighty|slp|[msg]
|move|p1a: Chansey|Teleport|p1a: Chansey
|
|t:|1627335980
|switch|p1a: Smeargle|Smeargle, L1, M|59/100 brn|[from]move: Teleport
|-damage|p1a: Smeargle|50/100 brn|[from] Stealth Rock
|
|-damage|p1a: Smeargle|42/100 brn|[from] brn
|upkeep
|turn|39
|
|t:|1627335988
|switch|p2a: Annoyance|Sableye-Mega, F, shiny|88/100
|move|p1a: Smeargle|Stealth Rock|p2a: Annoyance
|move|p2a: Annoyance|Stealth Rock||[from]ability: Magic Bounce|[still]
|-fail|p2a: Annoyance
|
|-damage|p1a: Smeargle|34/100 brn|[from] brn
|upkeep
|turn|40
|
|t:|1627336004
|switch|p1a: Chansey|Chansey, F|88/100
|-damage|p1a: Chansey|76/100|[from] Stealth Rock
|move|p2a: Annoyance|Recover|p2a: Annoyance
|-heal|p2a: Annoyance|100/100
|
|upkeep
|turn|41
|
|t:|1627336017
|move|p2a: Annoyance|Will-O-Wisp|p1a: Chansey
|-status|p1a: Chansey|brn
|move|p1a: Chansey|Teleport|p1a: Chansey
|
|t:|1627336028
|-curestatus|p1a: Chansey|brn|[from] ability: Natural Cure
|switch|p1a: Ditto|Ditto|71/100|[from]move: Teleport
|-damage|p1a: Ditto|59/100|[from] Stealth Rock
|-transform|p1a: Ditto|p2a: Annoyance|[from] ability: Imposter
|
|upkeep
|turn|42
|
|t:|1627336038
|switch|p2a: Miss Joy|Chansey, F|80/100
|move|p1a: Ditto|Recover|p1a: Ditto
|-heal|p1a: Ditto|100/100
|
|upkeep
|turn|43
|
|t:|1627336050
|switch|p1a: Chansey|Chansey, F|76/100
|-damage|p1a: Chansey|63/100|[from] Stealth Rock
|move|p2a: Miss Joy|Soft-Boiled|p2a: Miss Joy
|-heal|p2a: Miss Joy|100/100
|
|upkeep
|turn|44
|
|t:|1627336059
|switch|p2a: Annoyance|Sableye-Mega, F, shiny|100/100
|move|p1a: Chansey|Soft-Boiled|p1a: Chansey
|-heal|p1a: Chansey|100/100
|
|upkeep
|turn|45
|
|t:|1627336074
|switch|p2a: Stainless Steel|Necrozma-Dusk-Mane|100/100
|move|p1a: Chansey|Teleport|p1a: Chansey
|
|t:|1627336089
|switch|p1a: Kangaskhan|Kangaskhan-Mega, F|88/100|[from]move: Teleport
|-damage|p1a: Kangaskhan|76/100|[from] Stealth Rock
|
|upkeep
|turn|46
|
|t:|1627336096
|switch|p2a: High and Mighty|Giratina, shiny|96/100
|-ability|p2a: High and Mighty|Pressure
|move|p1a: Kangaskhan|Shadow Claw|p2a: High and Mighty
|-supereffective|p2a: High and Mighty
|-damage|p2a: High and Mighty|79/100
|-supereffective|p2a: High and Mighty
|-damage|p2a: High and Mighty|75/100
|-hitcount|p2a: High and Mighty|2
|
|-heal|p2a: High and Mighty|81/100|[from] item: Leftovers
|upkeep
|turn|47
|
|t:|1627336112
|switch|p1a: Chansey|Chansey, F|100/100
|-damage|p1a: Chansey|88/100|[from] Stealth Rock
|move|p2a: High and Mighty|Toxic|p1a: Chansey
|-status|p1a: Chansey|tox
|
|-heal|p2a: High and Mighty|87/100|[from] item: Leftovers
|-damage|p1a: Chansey|82/100 tox|[from] psn
|upkeep
|turn|48
|
|t:|1627336125
|move|p1a: Chansey|Toxic|p2a: High and Mighty
|-status|p2a: High and Mighty|tox
|move|p2a: High and Mighty|Dragon Tail|p1a: Chansey
|-damage|p1a: Chansey|66/100 tox
|-curestatus|p1a: Chansey|tox|[from] ability: Natural Cure
|drag|p1a: Miltank|Miltank, F|100/100
|-damage|p1a: Miltank|88/100|[from] Stealth Rock
|
|-heal|p2a: High and Mighty|93/100 tox|[from] item: Leftovers
|-damage|p2a: High and Mighty|87/100 tox|[from] psn
|upkeep
|turn|49
|
|t:|1627336140
|move|p1a: Miltank|Seismic Toss|p2a: High and Mighty
|-damage|p2a: High and Mighty|67/100 tox
|move|p2a: High and Mighty|Rest|p2a: High and Mighty
|-status|p2a: High and Mighty|slp|[from] move: Rest
|-heal|p2a: High and Mighty|100/100 slp|[silent]
|
|upkeep
|turn|50
|
|t:|1627336155
|switch|p1a: Smeargle|Smeargle, L1, M|34/100 brn
|-damage|p1a: Smeargle|25/100 brn|[from] Stealth Rock
|switch|p2a: Stainless Steel|Necrozma-Dusk-Mane|100/100
|
|-damage|p1a: Smeargle|17/100 brn|[from] brn
|upkeep
|turn|51
|
|t:|1627336166
|switch|p2a: Annoyance|Sableye-Mega, F, shiny|100/100
|move|p1a: Smeargle|Endeavor|p2a: Annoyance
|-immune|p2a: Annoyance
|
|-damage|p1a: Smeargle|9/100 brn|[from] brn
|upkeep
|turn|52
|
|t:|1627336178
|move|p1a: Smeargle|Baneful Bunker|p1a: Smeargle
|-singleturn|p1a: Smeargle|move: Protect
|move|p2a: Annoyance|Fake Out|p1a: Smeargle
|-activate|p1a: Smeargle|move: Protect
|-status|p2a: Annoyance|psn
|
|-damage|p2a: Annoyance|88/100 psn|[from] psn
|-damage|p1a: Smeargle|0 fnt|[from] brn
|faint|p1a: Smeargle
|upkeep
|
|t:|1627336203
|switch|p1a: Miltank|Miltank, F|88/100
|-damage|p1a: Miltank|76/100|[from] Stealth Rock
|turn|53
|
|t:|1627336212
|switch|p2a: Stainless Steel|Necrozma-Dusk-Mane|100/100
|move|p1a: Miltank|Seismic Toss|p2a: Stainless Steel
|-damage|p2a: Stainless Steel|75/100
|-damage|p1a: Miltank|59/100|[from] item: Rocky Helmet|[of] p2a: Stainless Steel
|
|upkeep
|turn|54
|
|t:|1627336221
|move|p1a: Miltank|Milk Drink|p1a: Miltank
|-heal|p1a: Miltank|100/100
|move|p2a: Stainless Steel|Morning Sun|p2a: Stainless Steel
|-heal|p2a: Stainless Steel|100/100
|
|upkeep
|turn|55
|
|t:|1627336230
|move|p1a: Miltank|Seismic Toss|p2a: Stainless Steel
|-damage|p2a: Stainless Steel|75/100
|-damage|p1a: Miltank|84/100|[from] item: Rocky Helmet|[of] p2a: Stainless Steel
|move|p2a: Stainless Steel|Sunsteel Strike|p1a: Miltank
|-damage|p1a: Miltank|55/100
|-damage|p2a: Stainless Steel|59/100|[from] item: Rocky Helmet|[of] p1a: Miltank
|
|upkeep
|turn|56
|
|t:|1627336241
|move|p1a: Miltank|Milk Drink|p1a: Miltank
|-heal|p1a: Miltank|100/100
|move|p2a: Stainless Steel|Morning Sun|p2a: Stainless Steel
|-heal|p2a: Stainless Steel|100/100
|
|upkeep
|turn|57
|
|t:|1627336258
|switch|p2a: High and Mighty|Giratina, shiny|100/100 slp
|-ability|p2a: High and Mighty|Pressure
|move|p1a: Miltank|Seismic Toss|p2a: High and Mighty
|-damage|p2a: High and Mighty|81/100 slp
|
|-heal|p2a: High and Mighty|87/100 slp|[from] item: Leftovers
|upkeep
|turn|58
|
|t:|1627336271
|move|p1a: Miltank|Seismic Toss|p2a: High and Mighty
|-damage|p2a: High and Mighty|67/100 slp
|cant|p2a: High and Mighty|slp
|
|-heal|p2a: High and Mighty|73/100 slp|[from] item: Leftovers
|upkeep
|turn|59
|
|t:|1627336280
|move|p1a: Miltank|Seismic Toss|p2a: High and Mighty
|-damage|p2a: High and Mighty|53/100 slp
|cant|p2a: High and Mighty|slp
|
|-heal|p2a: High and Mighty|59/100 slp|[from] item: Leftovers
|upkeep
|turn|60
|
|t:|1627336290
|move|p1a: Miltank|Seismic Toss|p2a: High and Mighty
|-damage|p2a: High and Mighty|39/100 slp
|-curestatus|p2a: High and Mighty|slp|[msg]
|move|p2a: High and Mighty|Rest|p2a: High and Mighty
|-status|p2a: High and Mighty|slp|[from] move: Rest
|-heal|p2a: High and Mighty|100/100 slp|[silent]
|
|upkeep
|turn|61
|
|t:|1627336300
|move|p1a: Miltank|Seismic Toss|p2a: High and Mighty
|-damage|p2a: High and Mighty|81/100 slp
|cant|p2a: High and Mighty|slp
|
|-heal|p2a: High and Mighty|87/100 slp|[from] item: Leftovers
|upkeep
|turn|62
|
|t:|1627336309
|switch|p1a: Arceus|Arceus|100/100
|-damage|p1a: Arceus|88/100|[from] Stealth Rock
|cant|p2a: High and Mighty|slp
|
|-heal|p2a: High and Mighty|93/100 slp|[from] item: Leftovers
|upkeep
|turn|63
|
|t:|1627336320
|switch|p2a: God|Arceus|100/100
|move|p1a: Arceus|Trick|p2a: God
|-activate|p1a: Arceus|move: Trick|[of] p2a: God
|-item|p2a: God|Choice Band|[from] move: Trick
|-item|p1a: Arceus|Leftovers|[from] move: Trick
|
|-heal|p1a: Arceus|94/100|[from] item: Leftovers
|upkeep
|turn|64
|
|t:|1627336333
|move|p1a: Arceus|Extreme Speed|p2a: God
|-damage|p2a: God|74/100
|move|p2a: God|Toxic|p1a: Arceus|[miss]
|-miss|p2a: God|p1a: Arceus
|
|-heal|p1a: Arceus|100/100|[from] item: Leftovers
|upkeep
|turn|65
|
|t:|1627336352
|switch|p1a: Chansey|Chansey, F|66/100
|-damage|p1a: Chansey|53/100|[from] Stealth Rock
|move|p2a: God|Toxic|p1a: Chansey
|-status|p1a: Chansey|tox
|
|-damage|p1a: Chansey|47/100 tox|[from] psn
|upkeep
|turn|66
|
|t:|1627336362
|move|p2a: God|Toxic|p1a: Chansey
|-fail|p1a: Chansey|tox
|move|p1a: Chansey|Soft-Boiled|p1a: Chansey
|-heal|p1a: Chansey|97/100 tox
|
|-damage|p1a: Chansey|85/100 tox|[from] psn
|upkeep
|turn|67
|
|t:|1627336371
|move|p2a: God|Toxic|p1a: Chansey
|-fail|p1a: Chansey|tox
|move|p1a: Chansey|Teleport|p1a: Chansey
|
|t:|1627336374
|-curestatus|p1a: Chansey|tox|[from] ability: Natural Cure
|switch|p1a: Kangaskhan|Kangaskhan-Mega, F|76/100|[from]move: Teleport
|-damage|p1a: Kangaskhan|64/100|[from] Stealth Rock
|
|upkeep
|turn|68
|
|t:|1627336384
|switch|p2a: Stainless Steel|Necrozma-Dusk-Mane|100/100
|move|p1a: Kangaskhan|Seismic Toss|p2a: Stainless Steel
|-damage|p2a: Stainless Steel|75/100
|-damage|p1a: Kangaskhan|47/100|[from] item: Rocky Helmet|[of] p2a: Stainless Steel
|-damage|p2a: Stainless Steel|50/100
|-damage|p1a: Kangaskhan|30/100|[from] item: Rocky Helmet|[of] p2a: Stainless Steel
|-hitcount|p2a: Stainless Steel|2
|
|upkeep
|turn|69
|
|t:|1627336398
|switch|p2a: Annoyance|Sableye-Mega, F, shiny|88/100 psn
|move|p1a: Kangaskhan|Seismic Toss|p2a: Annoyance
|-immune|p2a: Annoyance
|
|-damage|p2a: Annoyance|76/100 psn|[from] psn
|upkeep
|turn|70
|
|t:|1627336415
|switch|p2a: High and Mighty|Giratina, shiny|93/100 slp
|-ability|p2a: High and Mighty|Pressure
|move|p1a: Kangaskhan|Shadow Claw|p2a: High and Mighty
|-supereffective|p2a: High and Mighty
|-damage|p2a: High and Mighty|74/100 slp
|-supereffective|p2a: High and Mighty
|-damage|p2a: High and Mighty|70/100 slp
|-hitcount|p2a: High and Mighty|2
|
|-heal|p2a: High and Mighty|76/100 slp|[from] item: Leftovers
|upkeep
|turn|71
|
|t:|1627336430
|switch|p1a: Miltank|Miltank, F|100/100
|-damage|p1a: Miltank|88/100|[from] Stealth Rock
|-curestatus|p2a: High and Mighty|slp|[msg]
|move|p2a: High and Mighty|Toxic|p1a: Miltank
|-status|p1a: Miltank|tox
|
|-heal|p2a: High and Mighty|83/100|[from] item: Leftovers
|-damage|p1a: Miltank|82/100 tox|[from] psn
|upkeep
|turn|72
|
|t:|1627336443
|move|p1a: Miltank|Heal Bell|p1a: Miltank
|-activate|p1a: Miltank|move: Heal Bell
|-curestatus|p1a: Miltank|tox|[msg]
|move|p2a: High and Mighty|Dragon Tail|p1a: Miltank
|-damage|p1a: Miltank|70/100
|-damage|p2a: High and Mighty|66/100|[from] item: Rocky Helmet|[of] p1a: Miltank
|drag|p1a: Ditto|Ditto|100/100
|-damage|p1a: Ditto|88/100|[from] Stealth Rock
|-transform|p1a: Ditto|p2a: High and Mighty|[from] ability: Imposter
|-ability|p1a: Ditto|Pressure
|
|-heal|p2a: High and Mighty|72/100|[from] item: Leftovers
|upkeep
|turn|73
|
|t:|1627336465
|switch|p2a: Annoyance|Sableye-Mega, F, shiny|76/100 psn
|move|p1a: Ditto|Dragon Tail|p2a: Annoyance
|-damage|p2a: Annoyance|60/100 psn
|drag|p2a: Stainless Steel|Necrozma-Dusk-Mane|50/100
|
|upkeep
|turn|74
|
|t:|1627336479
|switch|p1a: Miltank|Miltank, F|70/100
|-damage|p1a: Miltank|58/100|[from] Stealth Rock
|move|p2a: Stainless Steel|Morning Sun|p2a: Stainless Steel
|-heal|p2a: Stainless Steel|99/100
|
|upkeep
|turn|75
|
|t:|1627336489
|switch|p2a: High and Mighty|Giratina, shiny|72/100
|-ability|p2a: High and Mighty|Pressure
|move|p1a: Miltank|Milk Drink|p1a: Miltank
|-heal|p1a: Miltank|100/100
|
|-heal|p2a: High and Mighty|78/100|[from] item: Leftovers
|upkeep
|turn|76
|
|t:|1627336501
|move|p1a: Miltank|Toxic|p2a: High and Mighty
|-status|p2a: High and Mighty|tox
|move|p2a: High and Mighty|Toxic|p1a: Miltank
|-status|p1a: Miltank|tox
|
|-heal|p2a: High and Mighty|85/100 tox|[from] item: Leftovers
|-damage|p1a: Miltank|94/100 tox|[from] psn
|-damage|p2a: High and Mighty|78/100 tox|[from] psn
|upkeep
|turn|77
|
|t:|1627336511
|move|p1a: Miltank|Heal Bell|p1a: Miltank
|-activate|p1a: Miltank|move: Heal Bell
|-curestatus|p1a: Miltank|tox|[msg]
|move|p2a: High and Mighty|Rest|p2a: High and Mighty
|-status|p2a: High and Mighty|slp|[from] move: Rest
|-heal|p2a: High and Mighty|100/100 slp|[silent]
|
|upkeep
|turn|78
|
|t:|1627336529
|move|p1a: Miltank|Seismic Toss|p2a: High and Mighty
|-damage|p2a: High and Mighty|81/100 slp
|cant|p2a: High and Mighty|slp
|
|-heal|p2a: High and Mighty|87/100 slp|[from] item: Leftovers
|upkeep
|turn|79
|
|t:|1627336538
|move|p1a: Miltank|Seismic Toss|p2a: High and Mighty
|-damage|p2a: High and Mighty|67/100 slp
|cant|p2a: High and Mighty|slp
|
|-heal|p2a: High and Mighty|73/100 slp|[from] item: Leftovers
|upkeep
|turn|80
|
|t:|1627336547
|move|p1a: Miltank|Seismic Toss|p2a: High and Mighty
|-damage|p2a: High and Mighty|53/100 slp
|-curestatus|p2a: High and Mighty|slp|[msg]
|move|p2a: High and Mighty|Toxic|p1a: Miltank
|-status|p1a: Miltank|tox
|
|-heal|p2a: High and Mighty|59/100|[from] item: Leftovers
|-damage|p1a: Miltank|88/100 tox|[from] psn
|upkeep
|turn|81
|
|t:|1627336566
|move|p1a: Miltank|Heal Bell|p1a: Miltank
|-activate|p1a: Miltank|move: Heal Bell
|-curestatus|p1a: Miltank|tox|[msg]
|move|p2a: High and Mighty|Rest|p2a: High and Mighty
|-status|p2a: High and Mighty|slp|[from] move: Rest
|-heal|p2a: High and Mighty|100/100 slp|[silent]
|
|upkeep
|turn|82
|
|t:|1627336583
|switch|p1a: Ditto|Ditto|88/100
|-damage|p1a: Ditto|76/100|[from] Stealth Rock
|-transform|p1a: Ditto|p2a: High and Mighty|[from] ability: Imposter
|-ability|p1a: Ditto|Pressure
|cant|p2a: High and Mighty|slp
|
|upkeep
|turn|83
|
|t:|1627336594
|switch|p2a: Annoyance|Sableye-Mega, F, shiny|60/100 psn
|move|p1a: Ditto|Defog|p2a: Annoyance
|move|p2a: Annoyance|Defog|p1a: Ditto|[from]ability: Magic Bounce
|-unboost|p1a: Ditto|evasion|1
|-sideend|p1: putaotaku|Stealth Rock|[from] move: Defog|[of] p2a: Annoyance
|
|-damage|p2a: Annoyance|48/100 psn|[from] psn
|upkeep
|turn|84
|
|t:|1627336609
|switch|p1a: Chansey|Chansey, F|85/100
|move|p2a: Annoyance|Recover|p2a: Annoyance
|-heal|p2a: Annoyance|98/100 psn
|
|-damage|p2a: Annoyance|86/100 psn|[from] psn
|upkeep
|turn|85
|
|t:|1627336618
|switch|p2a: Miss Joy|Chansey, F|100/100
|move|p1a: Chansey|Teleport|p1a: Chansey
|
|t:|1627336621
|switch|p1a: Arceus|Arceus|100/100|[from]move: Teleport
|
|upkeep
|turn|86
|
|t:|1627336649
|switch|p2a: God|Arceus|74/100
|move|p1a: Arceus|Extreme Speed|p2a: God
|-damage|p2a: God|48/100
|
|upkeep
|turn|87
|
|t:|1627336658
|move|p1a: Arceus|Extreme Speed|p2a: God
|-damage|p2a: God|21/100
|move|p2a: God|Recover|p2a: God
|-heal|p2a: God|71/100
|
|upkeep
|turn|88
|
|t:|1627336669
|move|p2a: God|Recover|p2a: God
|-heal|p2a: God|100/100
|move|p1a: Arceus|Trick|p2a: God
|-activate|p1a: Arceus|move: Trick|[of] p2a: God
|-item|p2a: God|Leftovers|[from] move: Trick
|-item|p1a: Arceus|Choice Band|[from] move: Trick
|
|upkeep
|turn|89
|
|t:|1627336684
|move|p1a: Arceus|Extreme Speed|p2a: God
|-damage|p2a: God|59/100
|move|p2a: God|Toxic|p1a: Arceus
|-status|p1a: Arceus|tox
|
|-heal|p2a: God|65/100|[from] item: Leftovers
|-damage|p1a: Arceus|94/100 tox|[from] psn
|upkeep
|turn|90
|
|t:|1627336696
|move|p1a: Arceus|Extreme Speed|p2a: God
|-damage|p2a: God|24/100
|move|p2a: God|Recover|p2a: God
|-heal|p2a: God|74/100
|
|-heal|p2a: God|80/100|[from] item: Leftovers
|-damage|p1a: Arceus|82/100 tox|[from] psn
|upkeep
|turn|91
|
|t:|1627336709
|switch|p2a: Annoyance|Sableye-Mega, F, shiny|86/100 psn
|switch|p1a: Miltank|Miltank, F|88/100
|
|-damage|p2a: Annoyance|73/100 psn|[from] psn
|upkeep
|turn|92
|
|t:|1627336721
|switch|p2a: High and Mighty|Giratina, shiny|100/100 slp
|-ability|p2a: High and Mighty|Pressure
|move|p1a: Miltank|Heal Bell|p1a: Miltank
|-activate|p1a: Miltank|move: Heal Bell
|-curestatus|p1: Arceus|tox|[msg]
|
|upkeep
|turn|93
|
|t:|1627336731
|switch|p1a: Ditto|Ditto|76/100
|-transform|p1a: Ditto|p2a: High and Mighty|[from] ability: Imposter
|-ability|p1a: Ditto|Pressure
|cant|p2a: High and Mighty|slp
|
|upkeep
|turn|94
|
|t:|1627336741
|switch|p2a: Annoyance|Sableye-Mega, F, shiny|73/100 psn
|move|p1a: Ditto|Dragon Tail|p2a: Annoyance
|-damage|p2a: Annoyance|59/100 psn
|drag|p2a: Chicken Little|Ho-Oh, shiny|100/100
|
|upkeep
|turn|95
|
|t:|1627336770
|switch|p1a: Miltank|Miltank, F|88/100
|move|p2a: Chicken Little|Toxic|p1a: Miltank
|-status|p1a: Miltank|tox
|
|-damage|p1a: Miltank|82/100 tox|[from] psn
|upkeep
|turn|96
|
|t:|1627336787
|switch|p2a: High and Mighty|Giratina, shiny|100/100 slp
|-ability|p2a: High and Mighty|Pressure
|move|p1a: Miltank|Toxic||[still]
|-fail|p1a: Miltank
|
|-damage|p1a: Miltank|70/100 tox|[from] psn
|upkeep
|turn|97
|
|t:|1627336798
|switch|p1a: Chansey|Chansey, F|85/100
|-curestatus|p2a: High and Mighty|slp|[msg]
|move|p2a: High and Mighty|Dragon Tail|p1a: Chansey
|-damage|p1a: Chansey|70/100
|drag|p1a: Arceus|Arceus|82/100
|
|upkeep
|turn|98
|
|t:|1627336811
|switch|p2a: God|Arceus|80/100
|-start|p1a: Arceus|Dynamax
|-heal|p1a: Arceus|82/100|[silent]
|move|p1a: Arceus|Max Phantasm|p2a: God
|-immune|p2a: God
|
|-heal|p2a: God|86/100|[from] item: Leftovers
|upkeep
|turn|99
|
|t:|1627336823
|switch|p2a: High and Mighty|Giratina, shiny|100/100
|-ability|p2a: High and Mighty|Pressure
|move|p1a: Arceus|Max Strike|p2a: High and Mighty
|-immune|p2a: High and Mighty
|
|upkeep
|turn|100
|
|t:|1627336835
|switch|p2a: Annoyance|Sableye-Mega, F, shiny|59/100 psn
|move|p1a: Arceus|Max Strike|p2a: Annoyance
|-immune|p2a: Annoyance
|
|-damage|p2a: Annoyance|47/100 psn|[from] psn
|-end|p1a: Arceus|Dynamax
|-heal|p1a: Arceus|82/100|[silent]
|upkeep
|turn|101
|
|t:|1627336848
|switch|p2a: God|Arceus|86/100
|move|p1a: Arceus|Trick|p2a: God
|-activate|p1a: Arceus|move: Trick|[of] p2a: God
|-item|p2a: God|Choice Band|[from] move: Trick
|-item|p1a: Arceus|Leftovers|[from] move: Trick
|
|-heal|p1a: Arceus|88/100|[from] item: Leftovers
|upkeep
|turn|102
|
|t:|1627336860
|move|p2a: God|Toxic|p1a: Arceus
|-status|p1a: Arceus|tox
|move|p1a: Arceus|Trick|p2a: God
|-activate|p1a: Arceus|move: Trick|[of] p2a: God
|-item|p2a: God|Leftovers|[from] move: Trick
|-item|p1a: Arceus|Choice Band|[from] move: Trick
|
|-heal|p2a: God|92/100|[from] item: Leftovers
|-damage|p1a: Arceus|82/100 tox|[from] psn
|upkeep
|turn|103
|
|t:|1627336872
|switch|p1a: Miltank|Miltank, F|70/100 tox
|move|p2a: God|Recover|p2a: God
|-heal|p2a: God|100/100
|
|-damage|p1a: Miltank|64/100 tox|[from] psn
|upkeep
|turn|104
|
|t:|1627336884
|switch|p2a: High and Mighty|Giratina, shiny|100/100
|-ability|p2a: High and Mighty|Pressure
|move|p1a: Miltank|Heal Bell|p1a: Miltank
|-activate|p1a: Miltank|move: Heal Bell
|-curestatus|p1a: Miltank|tox|[msg]
|-curestatus|p1: Arceus|tox|[msg]
|
|upkeep
|turn|105
|
|t:|1627336896
|switch|p1a: Chansey|Chansey, F|70/100
|move|p2a: High and Mighty|Toxic|p1a: Chansey
|-status|p1a: Chansey|tox
|
|-damage|p1a: Chansey|63/100 tox|[from] psn
|upkeep
|turn|106
|
|t:|1627336905
|switch|p2a: Annoyance|Sableye-Mega, F, shiny|47/100 psn
|move|p1a: Chansey|Teleport|p1a: Chansey
|
|t:|1627336920
|-curestatus|p1a: Chansey|tox|[from] ability: Natural Cure
|switch|p1a: Arceus|Arceus|82/100|[from]move: Teleport
|
|-damage|p2a: Annoyance|35/100 psn|[from] psn
|upkeep
|turn|107
|
|t:|1627336929
|switch|p2a: God|Arceus|100/100
|move|p1a: Arceus|Shadow Claw|p2a: God
|-immune|p2a: God
|
|upkeep
|turn|108
|
|t:|1627336938
|switch|p1a: Chansey|Chansey, F|63/100
|move|p2a: God|Toxic|p1a: Chansey
|-status|p1a: Chansey|tox
|
|-damage|p1a: Chansey|57/100 tox|[from] psn
|upkeep
|turn|109
|
|t:|1627336948
|switch|p2a: Miss Joy|Chansey, F|100/100
|move|p1a: Chansey|Soft-Boiled|p1a: Chansey
|-heal|p1a: Chansey|100/100 tox
|
|-damage|p1a: Chansey|88/100 tox|[from] psn
|upkeep
|turn|110
|
|t:|1627336957
|move|p2a: Miss Joy|Soft-Boiled||[still]
|-fail|p2a: Miss Joy|heal
|move|p1a: Chansey|Teleport|p1a: Chansey
|
|t:|1627336961
|-curestatus|p1a: Chansey|tox|[from] ability: Natural Cure
|switch|p1a: Kangaskhan|Kangaskhan-Mega, F|30/100|[from]move: Teleport
|
|upkeep
|turn|111
|
|t:|1627336971
|switch|p2a: High and Mighty|Giratina, shiny|100/100
|-ability|p2a: High and Mighty|Pressure
|move|p1a: Kangaskhan|Seismic Toss|p2a: High and Mighty
|-immune|p2a: High and Mighty
|
|upkeep
|turn|112
|
|t:|1627336980
|switch|p1a: Chansey|Chansey, F|88/100
|move|p2a: High and Mighty|Toxic|p1a: Chansey
|-status|p1a: Chansey|tox
|
|-damage|p1a: Chansey|82/100 tox|[from] psn
|upkeep
|turn|113
|
|t:|1627336990
|switch|p2a: Miss Joy|Chansey, F|100/100
|move|p1a: Chansey|Toxic|p2a: Miss Joy
|-status|p2a: Miss Joy|tox
|
|-damage|p2a: Miss Joy|94/100 tox|[from] psn
|-damage|p1a: Chansey|69/100 tox|[from] psn
|upkeep
|turn|114
|
|t:|1627336999
|move|p2a: Miss Joy|Aromatherapy|p2a: Miss Joy
|-activate|p2a: Miss Joy|move: Aromatherapy
|-curestatus|p2a: Miss Joy|tox|[msg]
|-curestatus|p2: Annoyance|psn|[msg]
|move|p1a: Chansey|Teleport|p1a: Chansey
|
|t:|1627337009
|-curestatus|p1a: Chansey|tox|[from] ability: Natural Cure
|switch|p1a: Arceus|Arceus|82/100|[from]move: Teleport
|
|upkeep
|turn|115
|
|t:|1627337019
|switch|p2a: God|Arceus|100/100
|move|p1a: Arceus|Trick|p2a: God
|-activate|p1a: Arceus|move: Trick|[of] p2a: God
|-item|p2a: God|Choice Band|[from] move: Trick
|-item|p1a: Arceus|Leftovers|[from] move: Trick
|
|-heal|p1a: Arceus|88/100|[from] item: Leftovers
|upkeep
|turn|116
|
|t:|1627337033
|move|p2a: God|Toxic|p1a: Arceus
|-status|p1a: Arceus|tox
|move|p1a: Arceus|Trick|p2a: God
|-activate|p1a: Arceus|move: Trick|[of] p2a: God
|-item|p2a: God|Leftovers|[from] move: Trick
|-item|p1a: Arceus|Choice Band|[from] move: Trick
|
|-damage|p1a: Arceus|82/100 tox|[from] psn
|upkeep
|turn|117
|
|t:|1627337050
|switch|p2a: Annoyance|Sableye-Mega, F, shiny|35/100
|switch|p1a: Chansey|Chansey, F|69/100
|
|upkeep
|turn|118
|
|t:|1627337059
|move|p2a: Annoyance|Recover|p2a: Annoyance
|-heal|p2a: Annoyance|85/100
|move|p1a: Chansey|Teleport|p1a: Chansey
|
|t:|1627337070
|switch|p1a: Miltank|Miltank, F|64/100|[from]move: Teleport
|
|upkeep
|turn|119
|
|t:|1627337075
|switch|p2a: High and Mighty|Giratina, shiny|100/100
|-ability|p2a: High and Mighty|Pressure
|move|p1a: Miltank|Milk Drink|p1a: Miltank
|-heal|p1a: Miltank|100/100
|
|upkeep
|turn|120
|
|t:|1627337084
|switch|p1a: Chansey|Chansey, F|69/100
|move|p2a: High and Mighty|Toxic|p1a: Chansey
|-status|p1a: Chansey|tox
|
|-damage|p1a: Chansey|63/100 tox|[from] psn
|upkeep
|turn|121
|
|t:|1627337095
|switch|p2a: Stainless Steel|Necrozma-Dusk-Mane|99/100
|move|p1a: Chansey|Soft-Boiled|p1a: Chansey
|-heal|p1a: Chansey|100/100 tox
|
|-damage|p1a: Chansey|88/100 tox|[from] psn
|upkeep
|turn|122
|
|t:|1627337104
|move|p2a: Stainless Steel|Stealth Rock|p1a: Chansey
|-sidestart|p1: putaotaku|move: Stealth Rock
|move|p1a: Chansey|Teleport|p1a: Chansey
|
|t:|1627337118
|-curestatus|p1a: Chansey|tox|[from] ability: Natural Cure
|switch|p1a: Ditto|Ditto|76/100|[from]move: Teleport
|-damage|p1a: Ditto|63/100|[from] Stealth Rock
|-transform|p1a: Ditto|p2a: Stainless Steel|[from] ability: Imposter
|
|upkeep
|turn|123
|
|t:|1627337127
|switch|p2a: Annoyance|Sableye-Mega, F, shiny|85/100
|move|p1a: Ditto|Earthquake|p2a: Annoyance
|-damage|p2a: Annoyance|60/100
|
|upkeep
|turn|124
|
|t:|1627337142
|switch|p1a: Chansey|Chansey, F|88/100
|-damage|p1a: Chansey|76/100|[from] Stealth Rock
|move|p2a: Annoyance|Recover|p2a: Annoyance
|-heal|p2a: Annoyance|100/100
|
|upkeep
|turn|125
|
|t:|1627337154
|move|p2a: Annoyance|Foul Play|p1a: Chansey
|-damage|p1a: Chansey|74/100
|move|p1a: Chansey|Teleport|p1a: Chansey
|
|t:|1627337157
|switch|p1a: Ditto|Ditto|63/100|[from]move: Teleport
|-damage|p1a: Ditto|51/100|[from] Stealth Rock
|-transform|p1a: Ditto|p2a: Annoyance|[from] ability: Imposter
|
|upkeep
|turn|126
|
|t:|1627337167
|switch|p2a: Miss Joy|Chansey, F|94/100
|move|p1a: Ditto|Recover|p1a: Ditto
|-heal|p1a: Ditto|100/100
|
|upkeep
|turn|127
|
|t:|1627337178
|switch|p1a: Kangaskhan|Kangaskhan-Mega, F|30/100
|-damage|p1a: Kangaskhan|18/100|[from] Stealth Rock
|move|p2a: Miss Joy|Toxic|p1a: Kangaskhan
|-status|p1a: Kangaskhan|tox
|
|-damage|p1a: Kangaskhan|12/100 tox|[from] psn
|upkeep
|turn|128
|
|t:|1627337189
|switch|p2a: Annoyance|Sableye-Mega, F, shiny|100/100
|move|p1a: Kangaskhan|Shadow Claw|p2a: Annoyance
|-crit|p2a: Annoyance
|-damage|p2a: Annoyance|81/100
|-damage|p2a: Annoyance|77/100
|-hitcount|p2a: Annoyance|2
|
|-damage|p1a: Kangaskhan|0 fnt|[from] psn
|faint|p1a: Kangaskhan
|upkeep
|c|☆putaotaku|!help
COMMANDS: /msg, /reply, /logout, /challenge, /search, /rating, /whois, /user, /report, /join, /leave, /userauth, /roomauth
BATTLE ROOM COMMANDS: /savereplay, /hideroom, /inviteonly, /invite, /timer, /forfeit
OPTION COMMANDS: /nick, /avatar, /ignore, /status, /away, /busy, /back, /timestamps, /highlight, /showjoins, /hidejoins, /blockchallenges, /blockpms
INFORMATIONAL/RESOURCE COMMANDS: /groups, /faq, /rules, /intro, /formatshelp, /othermetas, /analysis, /punishments, /calc, /git, /cap, /roomhelp, /roomfaq (replace / with ! to broadcast. Broadcasting requires: + % @ # &)
DATA COMMANDS: /data, /dexsearch, /movesearch, /itemsearch, /learn, /statcalc, /effectiveness, /weakness, /coverage, /randommove, /randompokemon (replace / with ! to broadcast. Broadcasting requires: + % @ # &)
For an overview of room commands, use /roomhelp
For details of a specific command, use something like: /help data
|
|t:|1627337211
|switch|p1a: Arceus|Arceus|82/100 tox
|-damage|p1a: Arceus|70/100 tox|[from] Stealth Rock
|turn|129
|
|t:|1627337227
|switch|p2a: God|Arceus|100/100
|move|p1a: Arceus|Recover|p1a: Arceus
|-heal|p1a: Arceus|100/100 tox
|
|-damage|p1a: Arceus|94/100 tox|[from] psn
|upkeep
|turn|130
|
|t:|1627337237
|switch|p1a: Miltank|Miltank, F|100/100
|-damage|p1a: Miltank|88/100|[from] Stealth Rock
|move|p2a: God|Recover||[still]
|-fail|p2a: God|heal
|
|upkeep
|turn|131
|
|t:|1627337247
|switch|p2a: High and Mighty|Giratina, shiny|100/100
|-ability|p2a: High and Mighty|Pressure
|move|p1a: Miltank|Toxic|p2a: High and Mighty
|-status|p2a: High and Mighty|tox
|
|-damage|p2a: High and Mighty|94/100 tox|[from] psn
|upkeep
|turn|132
|
|t:|1627337257
|switch|p1a: Arceus|Arceus|94/100 tox
|-damage|p1a: Arceus|82/100 tox|[from] Stealth Rock
|switch|p2a: Miss Joy|Chansey, F|94/100
|
|-damage|p1a: Arceus|76/100 tox|[from] psn
|upkeep
|turn|133
|
|t:|1627337273
|switch|p2a: God|Arceus|100/100
|move|p1a: Arceus|Trick|p2a: God
|-activate|p1a: Arceus|move: Trick|[of] p2a: God
|-item|p2a: God|Choice Band|[from] move: Trick
|-item|p1a: Arceus|Leftovers|[from] move: Trick
|
|-heal|p1a: Arceus|82/100 tox|[from] item: Leftovers
|-damage|p1a: Arceus|70/100 tox|[from] psn
|upkeep
|turn|134
|
|t:|1627337311
|switch|p2a: Annoyance|Sableye-Mega, F, shiny|77/100
|move|p1a: Arceus|Recover|p1a: Arceus
|-heal|p1a: Arceus|100/100 tox
|
|-damage|p1a: Arceus|82/100 tox|[from] psn
|upkeep
|turn|135
|
|t:|1627337322
|switch|p1a: Chansey|Chansey, F|74/100
|-damage|p1a: Chansey|62/100|[from] Stealth Rock
|move|p2a: Annoyance|Fake Out|p1a: Chansey
|-damage|p1a: Chansey|56/100
|
|upkeep
|turn|136
|
|t:|1627337331
|move|p1a: Chansey|Soft-Boiled|p1a: Chansey
|-heal|p1a: Chansey|100/100
|move|p2a: Annoyance|Recover|p2a: Annoyance
|-heal|p2a: Annoyance|100/100
|
|upkeep
|turn|137
|
|t:|1627337343
|move|p1a: Chansey|Seismic Toss|p2a: Annoyance
|-immune|p2a: Annoyance
|move|p2a: Annoyance|Will-O-Wisp|p1a: Chansey
|-status|p1a: Chansey|brn
|
|-damage|p1a: Chansey|94/100 brn|[from] brn
|upkeep
|turn|138
|
|t:|1627337356
|switch|p2a: High and Mighty|Giratina, shiny|94/100 tox
|-ability|p2a: High and Mighty|Pressure
|move|p1a: Chansey|Teleport|p1a: Chansey
|
|t:|1627337362
|-curestatus|p1a: Chansey|brn|[from] ability: Natural Cure
|switch|p1a: Ditto|Ditto|100/100|[from]move: Teleport
|-damage|p1a: Ditto|88/100|[from] Stealth Rock
|-transform|p1a: Ditto|p2a: High and Mighty|[from] ability: Imposter
|-ability|p1a: Ditto|Pressure
|
|-heal|p2a: High and Mighty|100/100 tox|[from] item: Leftovers
|-damage|p2a: High and Mighty|94/100 tox|[from] psn
|upkeep
|turn|139
|
|t:|1627337375
|switch|p2a: Stainless Steel|Necrozma-Dusk-Mane|99/100
|move|p1a: Ditto|Dragon Tail|p2a: Stainless Steel
|-resisted|p2a: Stainless Steel
|-damage|p2a: Stainless Steel|94/100
|-damage|p1a: Ditto|71/100|[from] item: Rocky Helmet|[of] p2a: Stainless Steel
|drag|p2a: High and Mighty|Giratina, shiny|94/100 tox
|-ability|p2a: High and Mighty|Pressure
|
|-heal|p2a: High and Mighty|100/100 tox|[from] item: Leftovers
|-damage|p2a: High and Mighty|94/100 tox|[from] psn
|upkeep
|turn|140
|
|t:|1627337388
|switch|p2a: Stainless Steel|Necrozma-Dusk-Mane|94/100
|move|p1a: Ditto|Dragon Tail|p2a: Stainless Steel|[miss]
|-miss|p1a: Ditto|p2a: Stainless Steel
|
|upkeep
|turn|141
|
|t:|1627337407
|switch|p1a: Chansey|Chansey, F|94/100
|-damage|p1a: Chansey|82/100|[from] Stealth Rock
|move|p2a: Stainless Steel|Sunsteel Strike|p1a: Chansey
|-damage|p1a: Chansey|48/100
|
|upkeep
|turn|142
|
|t:|1627337417
|move|p2a: Stainless Steel|Sunsteel Strike|p1a: Chansey
|-damage|p1a: Chansey|11/100
|move|p1a: Chansey|Soft-Boiled|p1a: Chansey
|-heal|p1a: Chansey|61/100
|
|upkeep
|turn|143
|
|t:|1627337430
|move|p2a: Stainless Steel|Earthquake|p1a: Chansey
|-damage|p1a: Chansey|37/100
|move|p1a: Chansey|Soft-Boiled|p1a: Chansey
|-heal|p1a: Chansey|87/100
|
|upkeep
|turn|144
|
|t:|1627337441
|move|p2a: Stainless Steel|Earthquake|p1a: Chansey
|-damage|p1a: Chansey|62/100
|move|p1a: Chansey|Soft-Boiled|p1a: Chansey
|-heal|p1a: Chansey|100/100
|
|upkeep
|turn|145
|
|t:|1627337447
|move|p2a: Stainless Steel|Sunsteel Strike|p1a: Chansey
|-damage|p1a: Chansey|61/100
|move|p1a: Chansey|Seismic Toss|p2a: Stainless Steel
|-damage|p2a: Stainless Steel|69/100
|-damage|p1a: Chansey|45/100|[from] item: Rocky Helmet|[of] p2a: Stainless Steel
|
|upkeep
|turn|146
|
|t:|1627337457
|move|p2a: Stainless Steel|Sunsteel Strike|p1a: Chansey
|-damage|p1a: Chansey|9/100
|move|p1a: Chansey|Soft-Boiled|p1a: Chansey
|-heal|p1a: Chansey|59/100
|
|upkeep
|turn|147
|
|t:|1627337465
|move|p2a: Stainless Steel|Morning Sun|p2a: Stainless Steel
|-heal|p2a: Stainless Steel|100/100
|move|p1a: Chansey|Soft-Boiled|p1a: Chansey
|-heal|p1a: Chansey|100/100
|
|upkeep
|turn|148
|
|t:|1627337472
|move|p2a: Stainless Steel|Earthquake|p1a: Chansey
|-damage|p1a: Chansey|77/100
|move|p1a: Chansey|Seismic Toss|p2a: Stainless Steel
|-damage|p2a: Stainless Steel|75/100
|-damage|p1a: Chansey|61/100|[from] item: Rocky Helmet|[of] p2a: Stainless Steel
|
|upkeep
|turn|149
|
|t:|1627337482
|move|p2a: Stainless Steel|Sunsteel Strike|p1a: Chansey
|-damage|p1a: Chansey|25/100
|move|p1a: Chansey|Soft-Boiled|p1a: Chansey
|-heal|p1a: Chansey|75/100
|
|upkeep
|turn|150
|
|t:|1627337492
|move|p2a: Stainless Steel|Morning Sun|p2a: Stainless Steel
|-heal|p2a: Stainless Steel|100/100
|move|p1a: Chansey|Seismic Toss|p2a: Stainless Steel
|-damage|p2a: Stainless Steel|75/100
|-damage|p1a: Chansey|59/100|[from] item: Rocky Helmet|[of] p2a: Stainless Steel
|
|upkeep
|turn|151
|
|t:|1627337500
|move|p2a: Stainless Steel|Earthquake|p1a: Chansey
|-damage|p1a: Chansey|36/100
|move|p1a: Chansey|Soft-Boiled|p1a: Chansey
|-heal|p1a: Chansey|86/100
|
|upkeep
|turn|152
|
|t:|1627337507
|move|p2a: Stainless Steel|Earthquake|p1a: Chansey
|-damage|p1a: Chansey|63/100
|move|p1a: Chansey|Seismic Toss|p2a: Stainless Steel
|-damage|p2a: Stainless Steel|50/100
|-damage|p1a: Chansey|47/100|[from] item: Rocky Helmet|[of] p2a: Stainless Steel
|
|upkeep
|turn|153
|
|t:|1627337515
|move|p2a: Stainless Steel|Morning Sun|p2a: Stainless Steel
|-heal|p2a: Stainless Steel|99/100
|move|p1a: Chansey|Soft-Boiled|p1a: Chansey
|-heal|p1a: Chansey|97/100
|
|upkeep
|turn|154
|
|t:|1627337524
|move|p2a: Stainless Steel|Earthquake|p1a: Chansey
|-damage|p1a: Chansey|74/100
|move|p1a: Chansey|Seismic Toss|p2a: Stainless Steel
|-damage|p2a: Stainless Steel|75/100
|-damage|p1a: Chansey|58/100|[from] item: Rocky Helmet|[of] p2a: Stainless Steel
|
|upkeep
|turn|155
|
|t:|1627337533
|move|p2a: Stainless Steel|Earthquake|p1a: Chansey
|-damage|p1a: Chansey|32/100
|move|p1a: Chansey|Soft-Boiled|p1a: Chansey
|-heal|p1a: Chansey|82/100
|
|upkeep
|turn|156
|
|t:|1627337545
|move|p2a: Stainless Steel|Earthquake|p1a: Chansey
|-damage|p1a: Chansey|57/100
|move|p1a: Chansey|Seismic Toss|p2a: Stainless Steel
|-damage|p2a: Stainless Steel|50/100
|-damage|p1a: Chansey|40/100|[from] item: Rocky Helmet|[of] p2a: Stainless Steel
|
|upkeep
|turn|157
|
|t:|1627337555
|move|p2a: Stainless Steel|Morning Sun|p2a: Stainless Steel
|-heal|p2a: Stainless Steel|99/100
|move|p1a: Chansey|Soft-Boiled|p1a: Chansey
|-heal|p1a: Chansey|90/100
|
|upkeep
|turn|158
|
|t:|1627337575
|move|p2a: Stainless Steel|Earthquake|p1a: Chansey
|-damage|p1a: Chansey|67/100
|move|p1a: Chansey|Teleport|p1a: Chansey
|
|t:|1627337579
|switch|p1a: Miltank|Miltank, F|88/100|[from]move: Teleport
|-damage|p1a: Miltank|76/100|[from] Stealth Rock
|
|upkeep
|turn|159
|
|t:|1627337592
|move|p1a: Miltank|Seismic Toss|p2a: Stainless Steel
|-damage|p2a: Stainless Steel|74/100
|-damage|p1a: Miltank|59/100|[from] item: Rocky Helmet|[of] p2a: Stainless Steel
|move|p2a: Stainless Steel|Stealth Rock||[still]
|-fail|p2a: Stainless Steel
|
|upkeep
|turn|160
|
|t:|1627337605
|switch|p2a: High and Mighty|Giratina, shiny|94/100 tox
|-ability|p2a: High and Mighty|Pressure
|move|p1a: Miltank|Milk Drink|p1a: Miltank
|-heal|p1a: Miltank|100/100
|
|-heal|p2a: High and Mighty|100/100 tox|[from] item: Leftovers
|-damage|p2a: High and Mighty|94/100 tox|[from] psn
|upkeep
|turn|161
|
|t:|1627337622
|move|p1a: Miltank|Seismic Toss|p2a: High and Mighty
|-damage|p2a: High and Mighty|74/100 tox
|move|p2a: High and Mighty|Toxic|p1a: Miltank
|-status|p1a: Miltank|tox
|
|-heal|p2a: High and Mighty|81/100 tox|[from] item: Leftovers
|-damage|p1a: Miltank|94/100 tox|[from] psn
|-damage|p2a: High and Mighty|68/100 tox|[from] psn
|upkeep
|turn|162
|
|t:|1627337632
|move|p1a: Miltank|Seismic Toss|p2a: High and Mighty
|-damage|p2a: High and Mighty|48/100 tox
|move|p2a: High and Mighty|Rest|p2a: High and Mighty
|-status|p2a: High and Mighty|slp|[from] move: Rest
|-heal|p2a: High and Mighty|100/100 slp|[silent]
|
|-damage|p1a: Miltank|82/100 tox|[from] psn
|upkeep
|turn|163
|
|t:|1627337648
|switch|p1a: Ditto|Ditto|71/100
|-damage|p1a: Ditto|59/100|[from] Stealth Rock
|-transform|p1a: Ditto|p2a: High and Mighty|[from] ability: Imposter
|-ability|p1a: Ditto|Pressure
|switch|p2a: Annoyance|Sableye-Mega, F, shiny|100/100
|
|upkeep
|turn|164
|
|t:|1627337659
|switch|p2a: Stainless Steel|Necrozma-Dusk-Mane|74/100
|move|p1a: Ditto|Dragon Tail|p2a: Stainless Steel
|-resisted|p2a: Stainless Steel
|-damage|p2a: Stainless Steel|69/100
|-damage|p1a: Ditto|42/100|[from] item: Rocky Helmet|[of] p2a: Stainless Steel
|drag|p2a: God|Arceus|100/100
|
|upkeep
|turn|165
|
|t:|1627337670
|switch|p1a: Arceus|Arceus|82/100 tox
|-damage|p1a: Arceus|70/100 tox|[from] Stealth Rock
|move|p2a: God|Ice Beam|p1a: Arceus
|-damage|p1a: Arceus|52/100 tox
|
|-heal|p1a: Arceus|58/100 tox|[from] item: Leftovers
|-damage|p1a: Arceus|52/100 tox|[from] psn
|upkeep
|turn|166
|
|t:|1627337687
|switch|p2a: Annoyance|Sableye-Mega, F, shiny|100/100
|move|p1a: Arceus|Recover|p1a: Arceus
|-heal|p1a: Arceus|100/100 tox
|
|-damage|p1a: Arceus|88/100 tox|[from] psn
|upkeep
|turn|167
|
|t:|1627337695
|switch|p1a: Ditto|Ditto|42/100
|-damage|p1a: Ditto|30/100|[from] Stealth Rock
|-transform|p1a: Ditto|p2a: Annoyance|[from] ability: Imposter
|move|p2a: Annoyance|Recover||[still]
|-fail|p2a: Annoyance|heal
|
|upkeep
|turn|168
|
|t:|1627337704
|move|p1a: Ditto|Recover|p1a: Ditto
|-heal|p1a: Ditto|80/100
|move|p2a: Annoyance|Foul Play|p1a: Ditto
|-damage|p1a: Ditto|62/100
|
|upkeep
|turn|169
|
|t:|1627337718
|switch|p2a: God|Arceus|100/100
|move|p1a: Ditto|Recover|p1a: Ditto
|-heal|p1a: Ditto|100/100
|
|upkeep
|turn|170
|
|t:|1627337728
|switch|p2a: Annoyance|Sableye-Mega, F, shiny|100/100
|switch|p1a: Chansey|Chansey, F|67/100
|-damage|p1a: Chansey|54/100|[from] Stealth Rock
|
|upkeep
|turn|171
|
|t:|1627337736
|switch|p2a: Chicken Little|Ho-Oh, shiny|100/100
|move|p1a: Chansey|Teleport|p1a: Chansey
|
|t:|1627337739
|switch|p1a: Ditto|Ditto|100/100|[from]move: Teleport
|-damage|p1a: Ditto|88/100|[from] Stealth Rock
|-transform|p1a: Ditto|p2a: Chicken Little|[from] ability: Imposter
|
|upkeep
|turn|172
|inactive|Battle timer is ON: inactive players will automatically lose when time's up. (requested by JAY100064)
|
|t:|1627337765
|switch|p2a: Annoyance|Sableye-Mega, F, shiny|100/100
|move|p1a: Ditto|Sacred Fire|p2a: Annoyance
|-damage|p2a: Annoyance|71/100
|-status|p2a: Annoyance|brn
|
|-damage|p2a: Annoyance|65/100 brn|[from] brn
|upkeep
|turn|173
|
|t:|1627337784
|move|p1a: Ditto|Sacred Fire|p2a: Annoyance
|-damage|p2a: Annoyance|35/100 brn
|move|p2a: Annoyance|Recover|p2a: Annoyance
|-heal|p2a: Annoyance|85/100 brn
|
|-damage|p2a: Annoyance|79/100 brn|[from] brn
|upkeep
|turn|174
|
|t:|1627337803
|switch|p2a: High and Mighty|Giratina, shiny|100/100 slp
|-ability|p2a: High and Mighty|Pressure
|move|p1a: Ditto|Sacred Fire|p2a: High and Mighty
|-resisted|p2a: High and Mighty
|-damage|p2a: High and Mighty|92/100 slp
|
|-heal|p2a: High and Mighty|98/100 slp|[from] item: Leftovers
|upkeep
|turn|175
|
|t:|1627337814
|switch|p1a: Chansey|Chansey, F|54/100
|-damage|p1a: Chansey|42/100|[from] Stealth Rock
|cant|p2a: High and Mighty|slp
|
|-heal|p2a: High and Mighty|100/100 slp|[from] item: Leftovers
|upkeep
|turn|176
|
|t:|1627337822
|cant|p2a: High and Mighty|slp
|move|p1a: Chansey|Teleport|p1a: Chansey
|
|t:|1627337825
|switch|p1a: Ditto|Ditto|100/100|[from]move: Teleport
|-damage|p1a: Ditto|88/100|[from] Stealth Rock
|-transform|p1a: Ditto|p2a: High and Mighty|[from] ability: Imposter
|-ability|p1a: Ditto|Pressure
|
|upkeep
|turn|177
|
|t:|1627337835
|switch|p2a: Stainless Steel|Necrozma-Dusk-Mane|69/100
|move|p1a: Ditto|Defog|p2a: Stainless Steel
|-unboost|p2a: Stainless Steel|evasion|1
|-sideend|p1: putaotaku|Stealth Rock|[from] move: Defog|[of] p1a: Ditto
|
|upkeep
|turn|178
|
|t:|1627337849
|switch|p1a: Miltank|Miltank, F|82/100 tox
|move|p2a: Stainless Steel|Stealth Rock|p1a: Miltank
|-sidestart|p1: putaotaku|move: Stealth Rock
|
|-damage|p1a: Miltank|76/100 tox|[from] psn
|upkeep
|turn|179
|
|t:|1627337861
|switch|p2a: High and Mighty|Giratina, shiny|100/100 slp
|-ability|p2a: High and Mighty|Pressure
|move|p1a: Miltank|Heal Bell|p1a: Miltank
|-activate|p1a: Miltank|move: Heal Bell
|-curestatus|p1a: Miltank|tox|[msg]
|-curestatus|p1: Arceus|tox|[msg]
|
|upkeep
|turn|180
|inactive|JAY100064 has 120 seconds left.
|
|t:|1627337873
|switch|p1a: Ditto|Ditto|88/100
|-damage|p1a: Ditto|76/100|[from] Stealth Rock
|-transform|p1a: Ditto|p2a: High and Mighty|[from] ability: Imposter
|-ability|p1a: Ditto|Pressure
|-curestatus|p2a: High and Mighty|slp|[msg]
|move|p2a: High and Mighty|Toxic|p1a: Ditto
|-status|p1a: Ditto|tox
|
|-damage|p1a: Ditto|70/100 tox|[from] psn
|upkeep
|turn|181
|
|t:|1627337888
|switch|p2a: Stainless Steel|Necrozma-Dusk-Mane|69/100
|move|p1a: Ditto|Dragon Tail|p2a: Stainless Steel
|-resisted|p2a: Stainless Steel
|-damage|p2a: Stainless Steel|63/100
|-damage|p1a: Ditto|53/100 tox|[from] item: Rocky Helmet|[of] p2a: Stainless Steel
|drag|p2a: High and Mighty|Giratina, shiny|100/100
|-ability|p2a: High and Mighty|Pressure
|
|-damage|p1a: Ditto|41/100 tox|[from] psn
|upkeep
|turn|182
|
|t:|1627337901
|switch|p1a: Chansey|Chansey, F|42/100
|-damage|p1a: Chansey|30/100|[from] Stealth Rock
|switch|p2a: Stainless Steel|Necrozma-Dusk-Mane|63/100
|
|upkeep
|turn|183
|
|t:|1627337908
|move|p2a: Stainless Steel|Sunsteel Strike|p1a: Chansey
|-damage|p1a: Chansey|0 fnt
|faint|p1a: Chansey
|
|upkeep
|inactive|putaotaku has 120 seconds left.
|
|t:|1627337916
|switch|p1a: Ditto|Ditto|41/100 tox
|-damage|p1a: Ditto|29/100 tox|[from] Stealth Rock
|-transform|p1a: Ditto|p2a: Stainless Steel|[from] ability: Imposter
|turn|184
|inactive|putaotaku has 120 seconds left.
|
|t:|1627337925
|switch|p2a: Chicken Little|Ho-Oh, shiny|100/100
|move|p1a: Ditto|Earthquake|p2a: Chicken Little
|-immune|p2a: Chicken Little
|
|-damage|p1a: Ditto|23/100 tox|[from] psn
|upkeep
|turn|185
|inactive|JAY100064 has 90 seconds left.
|
|t:|1627337934
|switch|p1a: Arceus|Arceus|88/100
|-damage|p1a: Arceus|76/100|[from] Stealth Rock
|switch|p2a: Annoyance|Sableye-Mega, F, shiny|79/100 brn
|
|-heal|p1a: Arceus|82/100|[from] item: Leftovers
|-damage|p2a: Annoyance|73/100 brn|[from] brn
|upkeep
|turn|186
|inactive|JAY100064 has 90 seconds left.
|
|t:|1627337945
|switch|p2a: God|Arceus|100/100
|move|p1a: Arceus|Shadow Claw|p2a: God
|-immune|p2a: God
|
|-heal|p1a: Arceus|88/100|[from] item: Leftovers
|upkeep
|turn|187
|
|t:|1627337954
|switch|p2a: Annoyance|Sableye-Mega, F, shiny|73/100 brn
|move|p1a: Arceus|Trick||[still]
|-fail|p1a: Arceus
|
|-heal|p1a: Arceus|94/100|[from] item: Leftovers
|-damage|p2a: Annoyance|67/100 brn|[from] brn
|upkeep
|turn|188
|
|t:|1627337963
|move|p1a: Arceus|Trick||[still]
|-fail|p1a: Arceus
|move|p2a: Annoyance|Recover|p2a: Annoyance
|-heal|p2a: Annoyance|100/100 brn
|
|-heal|p1a: Arceus|100/100|[from] item: Leftovers
|-damage|p2a: Annoyance|95/100 brn|[from] brn
|upkeep
|turn|189
|
|t:|1627337972
|switch|p1a: Ditto|Ditto|23/100 tox
|-damage|p1a: Ditto|10/100 tox|[from] Stealth Rock
|-transform|p1a: Ditto|p2a: Annoyance|[from] ability: Imposter
|move|p2a: Annoyance|Foul Play|p1a: Ditto
|-damage|p1a: Ditto|1/100 tox
|
|-damage|p1a: Ditto|0 fnt|[from] psn
|faint|p1a: Ditto
|-damage|p2a: Annoyance|89/100 brn|[from] brn
|upkeep
|
|t:|1627337984
|switch|p1a: Miltank|Miltank, F|76/100
|-damage|p1a: Miltank|64/100|[from] Stealth Rock
|turn|190
|
|t:|1627337996
|move|p1a: Miltank|Seismic Toss|p2a: Annoyance
|-damage|p2a: Annoyance|56/100 brn
|move|p2a: Annoyance|Foul Play|p1a: Miltank
|-damage|p1a: Miltank|58/100
|-damage|p2a: Annoyance|39/100 brn|[from] item: Rocky Helmet|[of] p1a: Miltank
|
|-damage|p2a: Annoyance|33/100 brn|[from] brn
|upkeep
|turn|191
|
|t:|1627338007
|switch|p2a: High and Mighty|Giratina, shiny|100/100
|-ability|p2a: High and Mighty|Pressure
|move|p1a: Miltank|Seismic Toss|p2a: High and Mighty
|-damage|p2a: High and Mighty|81/100
|
|-heal|p2a: High and Mighty|87/100|[from] item: Leftovers
|upkeep
|turn|192
|inactive|JAY100064 has 60 seconds left.
|
|t:|1627338016
|move|p1a: Miltank|Toxic|p2a: High and Mighty
|-status|p2a: High and Mighty|tox
|move|p2a: High and Mighty|Toxic|p1a: Miltank
|-status|p1a: Miltank|tox
|
|-heal|p2a: High and Mighty|93/100 tox|[from] item: Leftovers
|-damage|p1a: Miltank|52/100 tox|[from] psn
|-damage|p2a: High and Mighty|87/100 tox|[from] psn
|upkeep
|turn|193
|inactive|JAY100064 has 60 seconds left.
|
|t:|1627338027
|move|p1a: Miltank|Milk Drink|p1a: Miltank
|-heal|p1a: Miltank|100/100 tox
|move|p2a: High and Mighty|Rest|p2a: High and Mighty
|-status|p2a: High and Mighty|slp|[from] move: Rest
|-heal|p2a: High and Mighty|100/100 slp|[silent]
|
|-damage|p1a: Miltank|88/100 tox|[from] psn
|upkeep
|turn|194
|
|t:|1627338037
|switch|p1a: Arceus|Arceus|100/100
|-damage|p1a: Arceus|88/100|[from] Stealth Rock
|cant|p2a: High and Mighty|slp
|
|-heal|p1a: Arceus|94/100|[from] item: Leftovers
|upkeep
|turn|195
|
|t:|1627338050
|switch|p1a: Miltank|Miltank, F|88/100 tox
|-damage|p1a: Miltank|76/100 tox|[from] Stealth Rock
|switch|p2a: God|Arceus|100/100
|
|-damage|p1a: Miltank|70/100 tox|[from] psn
|upkeep
|turn|196
|inactive|JAY100064 has 30 seconds left.
|
|t:|1627338063
|switch|p2a: High and Mighty|Giratina, shiny|100/100 slp
|-ability|p2a: High and Mighty|Pressure
|move|p1a: Miltank|Toxic||[still]
|-fail|p1a: Miltank
|
|-damage|p1a: Miltank|58/100 tox|[from] psn
|upkeep
|turn|197
|inactive|JAY100064 has 30 seconds left.
|
|t:|1627338072
|move|p1a: Miltank|Milk Drink|p1a: Miltank
|-heal|p1a: Miltank|100/100 tox
|cant|p2a: High and Mighty|slp
|
|-damage|p1a: Miltank|82/100 tox|[from] psn
|upkeep
|turn|198
|inactive|JAY100064 has 30 seconds left this turn.
|
|t:|1627338079
|switch|p1a: Arceus|Arceus|94/100
|-damage|p1a: Arceus|82/100|[from] Stealth Rock
|-curestatus|p2a: High and Mighty|slp|[msg]
|move|p2a: High and Mighty|Toxic|p1a: Arceus|[miss]
|-miss|p2a: High and Mighty|p1a: Arceus
|
|-heal|p1a: Arceus|88/100|[from] item: Leftovers
|upkeep
|turn|199
|inactive|JAY100064 has 30 seconds left this turn.
|inactiveoff|Battle timer is now OFF.
|
|t:|1627338090
|switch|p1a: Miltank|Miltank, F|82/100 tox
|-damage|p1a: Miltank|70/100 tox|[from] Stealth Rock
|switch|p2a: God|Arceus|100/100
|
|-damage|p1a: Miltank|64/100 tox|[from] psn
|upkeep
|turn|200
|inactive|Battle timer is ON: inactive players will automatically lose when time's up. (requested by putaotaku)
|inactive|JAY100064 has 30 seconds left this turn.
|
|t:|1627338099
|switch|p2a: High and Mighty|Giratina, shiny|100/100
|-ability|p2a: High and Mighty|Pressure
|move|p1a: Miltank|Milk Drink|p1a: Miltank
|-heal|p1a: Miltank|100/100 tox
|
|-damage|p1a: Miltank|88/100 tox|[from] psn
|upkeep
|turn|201
|inactive|JAY100064 has 30 seconds left this turn.
|inactive|JAY100064 has 20 seconds left.
|
|t:|1627338110
|move|p1a: Miltank|Seismic Toss|p2a: High and Mighty
|-damage|p2a: High and Mighty|81/100
|move|p2a: High and Mighty|Toxic|p1a: Miltank
|-fail|p1a: Miltank|tox
|
|-heal|p2a: High and Mighty|87/100|[from] item: Leftovers
|-damage|p1a: Miltank|70/100 tox|[from] psn
|upkeep
|turn|202
|inactive|JAY100064 has 20 seconds left this turn.
|inactive|JAY100064 has 15 seconds left.
|
|t:|1627338119
|switch|p1a: Arceus|Arceus|88/100
|-damage|p1a: Arceus|76/100|[from] Stealth Rock
|move|p2a: High and Mighty|Dragon Tail|p1a: Arceus
|-damage|p1a: Arceus|62/100
|drag|p1a: Miltank|Miltank, F|70/100 tox
|-damage|p1a: Miltank|58/100 tox|[from] Stealth Rock
|
|-heal|p2a: High and Mighty|93/100|[from] item: Leftovers
|-damage|p1a: Miltank|52/100 tox|[from] psn
|upkeep
|turn|203
|inactive|JAY100064 has 20 seconds left this turn.
|inactive|JAY100064 has 15 seconds left.
|inactive|JAY100064 has 10 seconds left.
|
|t:|1627338131
|switch|p1a: Arceus|Arceus|62/100
|-damage|p1a: Arceus|50/100|[from] Stealth Rock
|move|p2a: High and Mighty|Dragon Tail|p1a: Arceus
|-damage|p1a: Arceus|37/100
|drag|p1a: Miltank|Miltank, F|52/100 tox
|-damage|p1a: Miltank|39/100 tox|[from] Stealth Rock
|
|-heal|p2a: High and Mighty|99/100|[from] item: Leftovers
|-damage|p1a: Miltank|33/100 tox|[from] psn
|upkeep
|turn|204
|inactive|JAY100064 has 10 seconds left this turn.
|inactive|JAY100064 has 5 seconds left.
|-message|JAY100064 lost due to inactivity.
|
|win|putaotaku
|l|☆JAY100064
|raw|putaotaku's rating: 1502 &rarr; <strong>1525</strong><br />(+23 for winning)
|raw|JAY100064's rating: 1549 &rarr; <strong>1526</strong><br />(-23 for losing)
|c|☆putaotaku|whatttt
|j|☆JAY100064
|player|p2|JAY100064|preschooler
||Ladder isn't responding, score probably updated but might not have (Request timeout).
