|j|☆speedeoxys
|j|☆xLeonisx
|t:|1658970604
|gametype|singles
|player|p1|speedeoxys|n|1659
|player|p2|xLeonisx|101|1659
|teamsize|p1|6
|teamsize|p2|6
|gen|8
|tier|[Gen 8] National Dex AG
|rated|
|rule|HP Percentage Mod: HP is shown in percentages
|rule|Endless Battle Clause: Forcing endless battles is banned
|clearpoke
|poke|p1|Zacian-*|
|poke|p1|Rayquaza|
|poke|p1|Yveltal|
|poke|p1|Deoxys-Speed|
|poke|p1|Arceus-*|
|poke|p1|Ditto|
|poke|p2|Deoxys-Speed|
|poke|p2|Ditto|
|poke|p2|Kyogre|
|poke|p2|Calyrex-Shadow|
|poke|p2|Lugia|
|poke|p2|Zacian-*|
|teampreview
|inactive|Battle timer is ON: inactive players will automatically lose when time's up. (requested by xLeonisx)
|
|t:|1658970611
|start
|switch|p1a: Deoxys|Deoxys-Speed|100/100
|switch|p2a: Deoxys|Deoxys-Speed|100/100
|-ability|p2a: Deoxys|Pressure
|-ability|p1a: Deoxys|Pressure
|turn|1
|
|t:|1658970614
|move|p1a: Deoxys|Magic Coat|p1a: Deoxys
|-singleturn|p1a: Deoxys|move: Magic Coat
|move|p2a: Deoxys|Knock Off|p1a: Deoxys
|-supereffective|p1a: Deoxys
|-damage|p1a: Deoxys|27/100
|-enditem|p1a: Deoxys|Focus Sash|[from] move: Knock Off|[of] p2a: Deoxys
|
|upkeep
|turn|2
|
|t:|1658970619
|move|p1a: Deoxys|Stealth Rock|p2a: Deoxys
|-sidestart|p2: xLeonisx|move: Stealth Rock
|move|p2a: Deoxys|Knock Off|p1a: Deoxys
|-supereffective|p1a: Deoxys
|-damage|p1a: Deoxys|0 fnt
|faint|p1a: Deoxys
|
|upkeep
|
|t:|1658970631
|switch|p1a: Arceus|Arceus|100/100
|turn|3
|
|t:|1658970635
|switch|p2a: Zacian|Zacian-Crowned|100/100
|-damage|p2a: Zacian|94/100|[from] Stealth Rock
|-ability|p2a: Zacian|Intrepid Sword|boost
|-boost|p2a: Zacian|atk|1
|move|p1a: Arceus|Extreme Speed|p2a: Zacian
|-resisted|p2a: Zacian
|-damage|p2a: Zacian|73/100
|
|upkeep
|turn|4
|
|t:|1658970661
|move|p2a: Zacian|Close Combat|p1a: Arceus
|-supereffective|p1a: Arceus
|-damage|p1a: Arceus|0 fnt
|-unboost|p2a: Zacian|def|1
|-unboost|p2a: Zacian|spd|1
|faint|p1a: Arceus
|
|upkeep
|inactive|speedeoxys has 120 seconds left.
|
|t:|1658970673
|switch|p1a: Ditto|Ditto|100/100
|-transform|p1a: Ditto|p2a: Zacian|[from] ability: Imposter
|-ability|p1a: Ditto|Intrepid Sword|boost
|-boost|p1a: Ditto|atk|1
|turn|5
|
|t:|1658970675
|move|p1a: Ditto|Behemoth Blade|p2a: Zacian
|-damage|p2a: Zacian|0 fnt
|faint|p2a: Zacian
|
|upkeep
|
|t:|1658970677
|switch|p2a: Lugia|Lugia|100/100
|turn|6
|
|t:|1658970681
|move|p1a: Ditto|Behemoth Blade|p2a: Lugia
|-damage|p2a: Lugia|56/100
|move|p2a: Lugia|Defog|p1a: Ditto
|-unboost|p1a: Ditto|evasion|1
|-sideend|p2: xLeonisx|Stealth Rock|[from] move: Defog|[of] p2a: Lugia
|
|upkeep
|turn|7
|
|t:|1658970684
|move|p1a: Ditto|Behemoth Blade|p2a: Lugia
|-damage|p2a: Lugia|0 fnt
|faint|p2a: Lugia
|
|upkeep
|
|t:|1658970695
|switch|p2a: Deoxys|Deoxys-Speed|100/100
|-ability|p2a: Deoxys|Pressure
|turn|8
|
|t:|1658970697
|move|p1a: Ditto|Behemoth Blade|p2a: Deoxys
|-enditem|p2a: Deoxys|Focus Sash
|-damage|p2a: Deoxys|1/100
|move|p2a: Deoxys|Thunder Wave|p1a: Ditto
|-status|p1a: Ditto|par
|
|upkeep
|turn|9
|
|t:|1658970701
|move|p2a: Deoxys|Stealth Rock|p1a: Ditto
|-sidestart|p1: speedeoxys|move: Stealth Rock
|cant|p1a: Ditto|par
|
|upkeep
|turn|10
|
|t:|1658970709
|move|p2a: Deoxys|Knock Off|p1a: Ditto
|-resisted|p1a: Ditto
|-damage|p1a: Ditto|78/100 par
|-enditem|p1a: Ditto|Choice Scarf|[from] move: Knock Off|[of] p2a: Deoxys
|cant|p1a: Ditto|par
|
|upkeep
|turn|11
|
|t:|1658970713
|move|p2a: Deoxys|Knock Off|p1a: Ditto
|-resisted|p1a: Ditto
|-damage|p1a: Ditto|65/100 par
|cant|p1a: Ditto|par
|
|upkeep
|turn|12
|
|t:|1658970719
|move|p2a: Deoxys|Knock Off|p1a: Ditto
|-resisted|p1a: Ditto
|-damage|p1a: Ditto|51/100 par
|move|p1a: Ditto|Play Rough|p2a: Deoxys
|-damage|p2a: Deoxys|0 fnt
|faint|p2a: Deoxys
|
|upkeep
|
|t:|1658970722
|switch|p2a: Calyrex|Calyrex-Shadow|100/100
|-ability|p2a: Calyrex|As One
|-ability|p2a: Calyrex|Unnerve
|turn|13
|
|t:|1658970727
|move|p2a: Calyrex|Astral Barrage|p1a: Ditto
|-damage|p1a: Ditto|0 fnt
|faint|p1a: Ditto
|-ability|p2a: Calyrex|Grim Neigh|boost
|-boost|p2a: Calyrex|spa|1
|
|upkeep
|
|t:|1658970728
|switch|p1a: Yveltal|Yveltal|100/100
|-damage|p1a: Yveltal|76/100|[from] Stealth Rock
|-ability|p1a: Yveltal|Dark Aura
|turn|14
|
|t:|1658970731
|switch|p2a: Ditto|Ditto|100/100
|-transform|p2a: Ditto|p1a: Yveltal|[from] ability: Imposter
|-ability|p2a: Ditto|Dark Aura
|-start|p1a: Yveltal|Dynamax|
|-heal|p1a: Yveltal|76/100|[silent]
|move|p1a: Yveltal|Max Airstream|p2a: Ditto
|-damage|p2a: Ditto|0 fnt
|-boost|p1a: Yveltal|spe|1
|faint|p2a: Ditto
|-damage|p1a: Yveltal|71/100|[from] item: Life Orb
|
|upkeep
|
|t:|1658970734
|switch|p2a: Kyogre|Kyogre|100/100
|detailschange|p2a: Kyogre|Kyogre-Primal
|-primal|p2a: Kyogre
|-weather|PrimordialSea|[from] ability: Primordial Sea|[of] p2a: Kyogre
|turn|15
|
|t:|1658970739
|move|p1a: Yveltal|Max Darkness|p2a: Kyogre
|-damage|p2a: Kyogre|16/100
|-unboost|p2a: Kyogre|spd|1
|-damage|p1a: Yveltal|66/100|[from] item: Life Orb
|move|p2a: Kyogre|Thunder|p1a: Yveltal
|-supereffective|p1a: Yveltal
|-damage|p1a: Yveltal|21/100
|
|-weather|PrimordialSea|[upkeep]
|upkeep
|turn|16
|
|t:|1658970742
|move|p1a: Yveltal|Max Airstream|p2a: Kyogre
|-damage|p2a: Kyogre|0 fnt
|-boost|p1a: Yveltal|spe|1
|faint|p2a: Kyogre
|-weather|none
|-damage|p1a: Yveltal|16/100|[from] item: Life Orb
|
|upkeep
|
|t:|1658970744
|switch|p2a: Calyrex|Calyrex-Shadow|100/100
|-ability|p2a: Calyrex|As One
|-ability|p2a: Calyrex|Unnerve
|-end|p1a: Yveltal|Dynamax
|-heal|p1a: Yveltal|17/100|[silent]
|turn|17
|
|t:|1658970752
|-start|p2a: Calyrex|Dynamax|
|-heal|p2a: Calyrex|100/100|[silent]
|move|p2a: Calyrex|Max Guard|p2a: Calyrex
|-singleturn|p2a: Calyrex|Max Guard
|move|p1a: Yveltal|Dark Pulse|p2a: Calyrex
|-activate|p2a: Calyrex|move: Max Guard
|
|upkeep
|turn|18
|
|t:|1658970763
|move|p1a: Yveltal|Dark Pulse|p2a: Calyrex
|-supereffective|p2a: Calyrex
|-damage|p2a: Calyrex|0 fnt
|faint|p2a: Calyrex
|-damage|p1a: Yveltal|7/100|[from] item: Life Orb
|
|win|speedeoxys
|raw|speedeoxys's rating: 1659 &rarr; <strong>1679</strong><br />(+20 for winning)
|raw|xLeonisx's rating: 1659 &rarr; <strong>1639</strong><br />(-20 for losing)
