|j|☆Isnezhny
|j|☆Tibout02
|t:|1642349848
|gametype|singles
|player|p1|Isnezhny|grimsley-gen7|1561
|player|p2|Tibout02|benga|1469
|teamsize|p1|6
|teamsize|p2|6
|gen|8
|tier|[Gen 8] National Dex AG
|rated|
|rule|HP Percentage Mod: HP is shown in percentages
|rule|Endless Battle Clause: Forcing endless battles is banned
|clearpoke
|poke|p1|Lugia|
|poke|p1|Gothitelle, M|
|poke|p1|Scizor, M|
|poke|p1|Scolipede, M|
|poke|p1|Zamazenta-*|
|poke|p1|Kartana|
|poke|p2|Marshadow|
|poke|p2|Rayquaza|
|poke|p2|Groudon|
|poke|p2|Zacian-*|
|poke|p2|Kyurem-White|
|poke|p2|Calyrex-Shadow|
|teampreview
|inactive|Battle timer is ON: inactive players will automatically lose when time's up. (requested by Tibout02)
|
|t:|1642349859
|start
|switch|p1a: Scolipede|Scolipede, M|100/100
|switch|p2a: Rayquaza|Rayquaza|100/100
|-ability|p2a: Rayquaza|Air Lock
|turn|1
|
|t:|1642349867
|detailschange|p2a: Rayquaza|Rayquaza-Mega
|-mega|p2a: Rayquaza|Rayquaza|
|-weather|DeltaStream|[from] ability: Delta Stream|[of] p2a: Rayquaza
|move|p2a: Rayquaza|Dragon Dance|p2a: Rayquaza
|-boost|p2a: Rayquaza|atk|1
|-boost|p2a: Rayquaza|spe|1
|move|p1a: Scolipede|Spikes|p2a: Rayquaza
|-sidestart|p2: Tibout02|Spikes
|
|-weather|DeltaStream|[upkeep]
|-ability|p1a: Scolipede|Speed Boost|boost
|-boost|p1a: Scolipede|spe|1
|upkeep
|turn|2
|
|t:|1642349877
|move|p2a: Rayquaza|Dragon Dance|p2a: Rayquaza
|-boost|p2a: Rayquaza|atk|1
|-boost|p2a: Rayquaza|spe|1
|move|p1a: Scolipede|Skitter Smack|p2a: Rayquaza
|-resisted|p2a: Rayquaza
|-damage|p2a: Rayquaza|84/100
|-unboost|p2a: Rayquaza|spa|1
|
|-weather|DeltaStream|[upkeep]
|-ability|p1a: Scolipede|Speed Boost|boost
|-boost|p1a: Scolipede|spe|1
|upkeep
|turn|3
|
|t:|1642349890
|move|p2a: Rayquaza|Dragon Dance|p2a: Rayquaza
|-boost|p2a: Rayquaza|atk|1
|-boost|p2a: Rayquaza|spe|1
|move|p1a: Scolipede|Spikes|p2a: Rayquaza
|-sidestart|p2: Tibout02|Spikes
|
|-weather|DeltaStream|[upkeep]
|-ability|p1a: Scolipede|Speed Boost|boost
|-boost|p1a: Scolipede|spe|1
|upkeep
|turn|4
|
|t:|1642349895
|move|p2a: Rayquaza|Earthquake|p1a: Scolipede
|-enditem|p1a: Scolipede|Focus Sash
|-damage|p1a: Scolipede|1/100
|-damage|p2a: Rayquaza|74/100|[from] item: Life Orb
|move|p1a: Scolipede|Skitter Smack|p2a: Rayquaza
|-resisted|p2a: Rayquaza
|-damage|p2a: Rayquaza|57/100
|-unboost|p2a: Rayquaza|spa|1
|
|-weather|DeltaStream|[upkeep]
|-ability|p1a: Scolipede|Speed Boost|boost
|-boost|p1a: Scolipede|spe|1
|upkeep
|turn|5
|
|t:|1642349902
|move|p1a: Scolipede|Protect|p1a: Scolipede
|-singleturn|p1a: Scolipede|Protect
|move|p2a: Rayquaza|Earthquake|p1a: Scolipede
|-activate|p1a: Scolipede|move: Protect
|
|-weather|DeltaStream|[upkeep]
|-ability|p1a: Scolipede|Speed Boost|boost
|-boost|p1a: Scolipede|spe|1
|upkeep
|turn|6
|
|t:|1642349906
|move|p1a: Scolipede|Skitter Smack|p2a: Rayquaza
|-resisted|p2a: Rayquaza
|-damage|p2a: Rayquaza|41/100
|-unboost|p2a: Rayquaza|spa|1
|move|p2a: Rayquaza|Earthquake|p1a: Scolipede
|-damage|p1a: Scolipede|0 fnt
|faint|p1a: Scolipede
|-damage|p2a: Rayquaza|31/100|[from] item: Life Orb
|
|-weather|DeltaStream|[upkeep]
|upkeep
|
|t:|1642349923
|switch|p1a: Scizor|Scizor, M|100/100
|turn|7
|
|t:|1642349931
|move|p1a: Scizor|Bullet Punch|p2a: Rayquaza
|-damage|p2a: Rayquaza|6/100
|move|p2a: Rayquaza|Earthquake|p1a: Scizor
|-damage|p1a: Scizor|0 fnt
|faint|p1a: Scizor
|-damage|p2a: Rayquaza|0 fnt|[from] item: Life Orb
|faint|p2a: Rayquaza
|-weather|none
|
|upkeep
|
|t:|1642349956
|switch|p2a: Calyrex|Calyrex-Shadow|100/100
|switch|p1a: Kartana|Kartana|100/100
|-ability|p2a: Calyrex|As One
|-ability|p2a: Calyrex|Unnerve
|-damage|p2a: Calyrex|84/100|[from] Spikes
|turn|8
|
|t:|1642349971
|move|p1a: Kartana|Night Slash|p2a: Calyrex
|-supereffective|p2a: Calyrex
|-damage|p2a: Calyrex|0 fnt
|faint|p2a: Calyrex
|-ability|p1a: Kartana|Beast Boost|boost
|-boost|p1a: Kartana|atk|1
|
|upkeep
|
|t:|1642349978
|switch|p2a: Zacian|Zacian-Crowned|100/100
|-damage|p2a: Zacian|84/100|[from] Spikes
|-ability|p2a: Zacian|Intrepid Sword|boost
|-boost|p2a: Zacian|atk|1
|turn|9
|
|t:|1642349996
|switch|p1a: Gothitelle|Gothitelle, M|100/100
|move|p2a: Zacian|Crunch|p1a: Gothitelle
|-supereffective|p1a: Gothitelle
|-damage|p1a: Gothitelle|17/100
|
|upkeep
|turn|10
|
|t:|1642350011
|move|p2a: Zacian|Close Combat|p1a: Gothitelle
|-resisted|p1a: Gothitelle
|-damage|p1a: Gothitelle|0 fnt
|-unboost|p2a: Zacian|def|1
|-unboost|p2a: Zacian|spd|1
|faint|p1a: Gothitelle
|
|upkeep
|
|t:|1642350024
|switch|p1a: Kartana|Kartana|100/100
|turn|11
|
|t:|1642350031
|switch|p2a: Marshadow|Marshadow|100/100
|-damage|p2a: Marshadow|84/100|[from] Spikes
|move|p1a: Kartana|Smart Strike|p2a: Marshadow
|-damage|p2a: Marshadow|25/100
|
|upkeep
|turn|12
|
|t:|1642350040
|move|p2a: Marshadow|Shadow Sneak|p1a: Kartana
|-damage|p1a: Kartana|67/100
|move|p1a: Kartana|Smart Strike|p2a: Marshadow
|-damage|p2a: Marshadow|0 fnt
|faint|p2a: Marshadow
|-ability|p1a: Kartana|Beast Boost|boost
|-boost|p1a: Kartana|atk|1
|
|upkeep
|
|t:|1642350048
|switch|p2a: Groudon|Groudon|100/100
|-damage|p2a: Groudon|84/100|[from] Spikes
|detailschange|p2a: Groudon|Groudon-Primal
|-primal|p2a: Groudon
|-weather|DesolateLand|[from] ability: Desolate Land|[of] p2a: Groudon
|turn|13
|
|t:|1642350056
|switch|p1a: Zamazenta|Zamazenta|100/100
|-ability|p1a: Zamazenta|Dauntless Shield|boost
|-boost|p1a: Zamazenta|def|1
|move|p2a: Groudon|Fire Blast|p1a: Zamazenta
|-crit|p1a: Zamazenta
|-damage|p1a: Zamazenta|0 fnt
|faint|p1a: Zamazenta
|
|-weather|DesolateLand|[upkeep]
|upkeep
|
|t:|1642350062
|switch|p1a: Lugia|Lugia|100/100
|turn|14
|
|t:|1642350076
|-start|p1a: Lugia|Dynamax
|-heal|p1a: Lugia|100/100|[silent]
|move|p1a: Lugia|Max Airstream|p2a: Groudon
|-damage|p2a: Groudon|23/100
|-boost|p1a: Lugia|spe|1
|move|p2a: Groudon|Fire Blast|p1a: Lugia
|-damage|p1a: Lugia|84/100
|
|-weather|DesolateLand|[upkeep]
|upkeep
|turn|15
|
|t:|1642350080
|move|p1a: Lugia|Max Quake|p2a: Groudon
|-supereffective|p2a: Groudon
|-damage|p2a: Groudon|0 fnt
|-boost|p1a: Lugia|spd|1
|faint|p2a: Groudon
|-weather|none
|
|upkeep
|
|t:|1642350090
|switch|p2a: Kyurem|Kyurem-White|100/100
|-damage|p2a: Kyurem|84/100|[from] Spikes
|-ability|p2a: Kyurem|Turboblaze
|turn|16
|
|t:|1642350110
|-start|p2a: Kyurem|Dynamax
|-heal|p2a: Kyurem|84/100|[silent]
|move|p1a: Lugia|Max Airstream|p2a: Kyurem
|-damage|p2a: Kyurem|62/100
|-boost|p1a: Lugia|spe|1
|move|p2a: Kyurem|Max Hailstorm|p1a: Lugia
|-supereffective|p1a: Lugia
|-damage|p1a: Lugia|48/100
|-weather|Hail
|
|-weather|Hail|[upkeep]
|-damage|p1a: Lugia|45/100|[from] Hail
|-end|p1a: Lugia|Dynamax
|-heal|p1a: Lugia|45/100|[silent]
|upkeep
|turn|17
|
|t:|1642350130
|move|p1a: Lugia|Aeroblast|p2a: Kyurem
|-damage|p2a: Kyurem|46/100
|move|p2a: Kyurem|Max Hailstorm|p1a: Lugia
|-supereffective|p1a: Lugia
|-damage|p1a: Lugia|0 fnt
|faint|p1a: Lugia
|
|-weather|Hail|[upkeep]
|upkeep
|
|t:|1642350136
|switch|p1a: Kartana|Kartana|67/100
|turn|18
|
|t:|1642350145
|move|p1a: Kartana|Smart Strike|p2a: Kyurem
|-supereffective|p2a: Kyurem
|-damage|p2a: Kyurem|0 fnt
|faint|p2a: Kyurem
|-ability|p1a: Kartana|Beast Boost|boost
|-boost|p1a: Kartana|atk|1
|
|-weather|Hail|[upkeep]
|-damage|p1a: Kartana|61/100|[from] Hail
|upkeep
|
|t:|1642350149
|switch|p2a: Zacian|Zacian-Crowned|84/100
|-damage|p2a: Zacian|67/100|[from] Spikes
|-ability|p2a: Zacian|Intrepid Sword|boost
|-boost|p2a: Zacian|atk|1
|turn|19
|
|t:|1642350152
|move|p1a: Kartana|Smart Strike|p2a: Zacian
|-damage|p2a: Zacian|0 fnt
|faint|p2a: Zacian
|
|win|Isnezhny
|raw|Isnezhny's rating: 1561 &rarr; <strong>1576</strong><br />(+15 for winning)
|raw|Tibout02's rating: 1469 &rarr; <strong>1454</strong><br />(-15 for losing)
|l|☆Tibout02
||Ladder isn't responding, score probably updated but might not have (Request timeout).
