|j|☆MiguelRRM
|j|☆TaxFraud094
|t:|1662005376
|gametype|singles
|player|p1|MiguelRRM|101|1940
|player|p2|TaxFraud094|skyla-masters2|1917
|teamsize|p1|6
|teamsize|p2|6
|gen|8
|tier|[Gen 8] National Dex AG
|rated|
|rule|HP Percentage Mod: HP is shown in percentages
|rule|Endless Battle Clause: Forcing endless battles is banned
|clearpoke
|poke|p1|Yveltal|
|poke|p1|Ho-Oh|
|poke|p1|Rayquaza|
|poke|p1|Necrozma-Dusk-Mane|
|poke|p1|Calyrex-Shadow|
|poke|p1|Smeargle, M|
|poke|p2|Groudon|
|poke|p2|Xerneas-*|
|poke|p2|Necrozma-Dusk-Mane|
|poke|p2|Yveltal|
|poke|p2|Zygarde|
|poke|p2|Arceus-*|
|teampreview
|inactive|Battle timer is ON: inactive players will automatically lose when time's up. (requested by TaxFraud094)
|c|☆TaxFraud094|glhf
|inactive|MiguelRRM has 120 seconds left.
|
|t:|1662005408
|start
|switch|p1a: Yveltal|Yveltal|100/100
|switch|p2a: Groudon|Groudon|100/100
|-ability|p1a: Yveltal|Dark Aura
|detailschange|p2a: Groudon|Groudon-Primal
|-primal|p2a: Groudon
|-weather|DesolateLand|[from] ability: Desolate Land|[of] p2a: Groudon
|turn|1
|
|t:|1662005418
|move|p1a: Yveltal|Taunt|p2a: Groudon
|-start|p2a: Groudon|move: Taunt
|move|p2a: Groudon|Stone Edge|p1a: Yveltal|[miss]
|-miss|p2a: Groudon|p1a: Yveltal
|
|-weather|DesolateLand|[upkeep]
|upkeep
|turn|2
|
|t:|1662005429
|move|p1a: Yveltal|Knock Off|p2a: Groudon
|-damage|p2a: Groudon|71/100
|-damage|p1a: Yveltal|91/100|[from] item: Life Orb
|move|p2a: Groudon|Stone Edge|p1a: Yveltal
|-supereffective|p1a: Yveltal
|-damage|p1a: Yveltal|3/100
|
|-weather|DesolateLand|[upkeep]
|upkeep
|turn|3
|
|t:|1662005440
|move|p1a: Yveltal|Knock Off|p2a: Groudon
|-damage|p2a: Groudon|38/100
|-damage|p1a: Yveltal|0 fnt|[from] item: Life Orb
|faint|p1a: Yveltal
|move|p2a: Groudon|Precipice Blades|p1: Yveltal|[notarget]
|-fail|p2a: Groudon
|
|-weather|DesolateLand|[upkeep]
|-end|p2a: Groudon|move: Taunt
|upkeep
|inactive|MiguelRRM has 120 seconds left.
|
|t:|1662005473
|switch|p1a: Calyrex|Calyrex-Shadow|100/100
|-ability|p1a: Calyrex|As One
|-ability|p1a: Calyrex|Unnerve
|turn|4
|
|t:|1662005479
|move|p1a: Calyrex|Astral Barrage|p2a: Groudon
|-damage|p2a: Groudon|0 fnt
|faint|p2a: Groudon
|-weather|none
|-ability|p1a: Calyrex|Grim Neigh|boost
|-boost|p1a: Calyrex|spa|1
|
|upkeep
|j| Leafstorm121❤
|
|t:|1662005496
|switch|p2a: Arceus|Arceus|100/100
|turn|5
|
|t:|1662005500
|switch|p1a: Necrozma|Necrozma-Dusk-Mane|100/100
|move|p2a: Arceus|Shadow Claw|p1a: Necrozma
|-supereffective|p1a: Necrozma
|-damage|p1a: Necrozma|79/100
|-damage|p2a: Arceus|84/100|[from] item: Rocky Helmet|[of] p1a: Necrozma
|
|-heal|p2a: Arceus|90/100|[from] item: Leftovers
|upkeep
|turn|6
|
|t:|1662005504
|switch|p2a: Zygarde|Zygarde|100/100
|move|p1a: Necrozma|Toxic|p2a: Zygarde
|-status|p2a: Zygarde|tox
|
|-damage|p2a: Zygarde|94/100 tox|[from] psn
|upkeep
|turn|7
|
|t:|1662005507
|move|p2a: Zygarde|Glare|p1a: Necrozma
|-status|p1a: Necrozma|par
|move|p1a: Necrozma|Stealth Rock|p2a: Zygarde
|-sidestart|p2: TaxFraud094|move: Stealth Rock
|
|-damage|p2a: Zygarde|82/100 tox|[from] psn
|upkeep
|turn|8
|
|t:|1662005515
|switch|p1a: Smeargle|Smeargle, M|100/100
|move|p2a: Zygarde|Thousand Arrows|p1a: Smeargle
|-damage|p1a: Smeargle|44/100
|
|-damage|p2a: Zygarde|63/100 tox|[from] psn
|upkeep
|turn|9
|
|t:|1662005520
|move|p1a: Smeargle|Sticky Web|p2a: Zygarde
|-sidestart|p2: TaxFraud094|move: Sticky Web
|move|p2a: Zygarde|Thousand Arrows|p1a: Smeargle
|-damage|p1a: Smeargle|0 fnt
|faint|p1a: Smeargle
|
|-damage|p2a: Zygarde|39/100 tox|[from] psn
|-activate|p2a: Zygarde|ability: Power Construct
|detailschange|p2a: Zygarde|Zygarde-Complete
|-heal|p2a: Zygarde|60/100 tox|[silent]
|upkeep
|
|t:|1662005532
|switch|p1a: Calyrex|Calyrex-Shadow|100/100
|-ability|p1a: Calyrex|As One
|-ability|p1a: Calyrex|Unnerve
|turn|10
|
|t:|1662005535
|switch|p1a: Necrozma|Necrozma-Dusk-Mane|79/100 par
|move|p2a: Zygarde|Glare|p1a: Necrozma
|-fail|p1a: Necrozma|par
|
|-damage|p2a: Zygarde|29/100 tox|[from] psn
|upkeep
|turn|11
|
|t:|1662005540
|move|p2a: Zygarde|Rest|p2a: Zygarde
|-status|p2a: Zygarde|slp|[from] move: Rest
|-heal|p2a: Zygarde|100/100 slp|[silent]
|cant|p1a: Necrozma|par
|
|upkeep
|turn|12
|
|t:|1662005545
|switch|p2a: Yveltal|Yveltal|100/100
|-ability|p2a: Yveltal|Dark Aura
|switch|p1a: Rayquaza|Rayquaza|100/100
|-ability|p1a: Rayquaza|Air Lock
|
|upkeep
|turn|13
|
|t:|1662005553
|switch|p2a: Necrozma|Necrozma-Dusk-Mane|100/100
|-damage|p2a: Necrozma|94/100|[from] Stealth Rock
|-activate|p2a: Necrozma|move: Sticky Web
|-unboost|p2a: Necrozma|spe|1
|detailschange|p1a: Rayquaza|Rayquaza-Mega
|-mega|p1a: Rayquaza|Rayquaza|
|-weather|DeltaStream|[from] ability: Delta Stream|[of] p1a: Rayquaza
|move|p1a: Rayquaza|Dragon Dance|p1a: Rayquaza
|-boost|p1a: Rayquaza|atk|1
|-boost|p1a: Rayquaza|spe|1
|
|-weather|DeltaStream|[upkeep]
|upkeep
|turn|14
|
|t:|1662005561
|move|p1a: Rayquaza|Dragon Dance|p1a: Rayquaza
|-boost|p1a: Rayquaza|atk|1
|-boost|p1a: Rayquaza|spe|1
|move|p2a: Necrozma|Thunder Wave|p1a: Rayquaza
|-status|p1a: Rayquaza|par
|
|-weather|DeltaStream|[upkeep]
|upkeep
|turn|15
|
|t:|1662005565
|move|p1a: Rayquaza|V-create|p2a: Necrozma
|-supereffective|p2a: Necrozma
|-damage|p2a: Necrozma|0 fnt
|-unboost|p1a: Rayquaza|spe|1
|-unboost|p1a: Rayquaza|def|1
|-unboost|p1a: Rayquaza|spd|1
|-damage|p1a: Rayquaza|84/100 par|[from] item: Rocky Helmet|[of] p2a: Necrozma
|faint|p2a: Necrozma
|
|-weather|DeltaStream|[upkeep]
|upkeep
|
|t:|1662005581
|switch|p2a: Yveltal|Yveltal|100/100
|-ability|p2a: Yveltal|Dark Aura
|turn|16
|
|t:|1662005583
|move|p1a: Rayquaza|Extreme Speed|p2a: Yveltal
|-damage|p2a: Yveltal|35/100
|move|p2a: Yveltal|Foul Play|p1a: Rayquaza
|-damage|p1a: Rayquaza|0 fnt
|faint|p1a: Rayquaza
|-weather|none
|
|upkeep
|
|t:|1662005593
|switch|p1a: Ho-Oh|Ho-Oh|100/100
|turn|17
|j| Testing teams 596
|
|t:|1662005597
|move|p2a: Yveltal|Roost|p2a: Yveltal
|-heal|p2a: Yveltal|85/100
|-singleturn|p2a: Yveltal|move: Roost
|move|p1a: Ho-Oh|Toxic|p2a: Yveltal
|-status|p2a: Yveltal|tox
|
|-damage|p2a: Yveltal|79/100 tox|[from] psn
|upkeep
|turn|18
|
|t:|1662005603
|switch|p1a: Necrozma|Necrozma-Dusk-Mane|79/100 par
|move|p2a: Yveltal|Defog|p1a: Necrozma
|-unboost|p1a: Necrozma|evasion|1
|-sideend|p2: TaxFraud094|Stealth Rock|[from] move: Defog|[of] p2a: Yveltal
|-sideend|p2: TaxFraud094|Sticky Web|[from] move: Defog|[of] p2a: Yveltal
|
|-damage|p2a: Yveltal|66/100 tox|[from] psn
|upkeep
|turn|19
|
|t:|1662005618
|switch|p2a: Zygarde|Zygarde-Complete|100/100 slp
|move|p1a: Necrozma|Stealth Rock|p2a: Zygarde
|-sidestart|p2: TaxFraud094|move: Stealth Rock
|
|upkeep
|turn|20
|
|t:|1662005622
|switch|p1a: Calyrex|Calyrex-Shadow|100/100
|-ability|p1a: Calyrex|As One
|-ability|p1a: Calyrex|Unnerve
|cant|p2a: Zygarde|slp
|
|upkeep
|turn|21
|
|t:|1662005624
|switch|p2a: Arceus|Arceus|90/100
|-damage|p2a: Arceus|78/100|[from] Stealth Rock
|move|p1a: Calyrex|Nasty Plot|p1a: Calyrex
|-boost|p1a: Calyrex|spa|2
|
|-heal|p2a: Arceus|84/100|[from] item: Leftovers
|upkeep
|turn|22
|
|t:|1662005631
|-start|p1a: Calyrex|Dynamax|
|-heal|p1a: Calyrex|100/100|[silent]
|-start|p2a: Arceus|Dynamax|
|-heal|p2a: Arceus|84/100|[silent]
|move|p1a: Calyrex|Max Mindstorm|p2a: Arceus
|-damage|p2a: Arceus|24/100
|-fieldstart|move: Psychic Terrain
|move|p2a: Arceus|Max Phantasm|p1a: Calyrex
|-supereffective|p1a: Calyrex
|-enditem|p1a: Calyrex|Focus Sash
|-damage|p1a: Calyrex|1/100
|-unboost|p1a: Calyrex|def|1
|
|-heal|p2a: Arceus|27/100|[from] item: Leftovers
|upkeep
|turn|23
|j| Mollymiltoast
|inactive|TaxFraud094 has 120 seconds left.
|j| v87
|
|t:|1662005689
|move|p1a: Calyrex|Max Mindstorm|p2a: Arceus
|-damage|p2a: Arceus|0 fnt
|faint|p2a: Arceus
|-ability|p1a: Calyrex|Grim Neigh|boost
|-boost|p1a: Calyrex|spa|1
|
|upkeep
|c|☆TaxFraud094|fuck me
|inactive|TaxFraud094 has 90 seconds left.
|c|☆TaxFraud094|I didn't Max Gaurd
|c|☆TaxFraud094|I just threw
|inactive|TaxFraud094 has 60 seconds left.
|inactive|TaxFraud094 has 30 seconds left.
|
|t:|1662005762
|switch|p2a: Xerneas|Xerneas, shiny|100/100
|-damage|p2a: Xerneas|88/100|[from] Stealth Rock
|-ability|p2a: Xerneas|Fairy Aura
|turn|24
|
|t:|1662005765
|move|p1a: Calyrex|Max Mindstorm|p2a: Xerneas
|-damage|p2a: Xerneas|0 fnt
|faint|p2a: Xerneas
|-ability|p1a: Calyrex|Grim Neigh|boost
|-boost|p1a: Calyrex|spa|1
|
|upkeep
|
|t:|1662005768
|switch|p2a: Yveltal|Yveltal|66/100 tox
|-ability|p2a: Yveltal|Dark Aura
|-end|p1a: Calyrex|Dynamax
|-heal|p1a: Calyrex|1/100|[silent]
|turn|25
|
|t:|1662005773
|move|p1a: Calyrex|Draining Kiss|p2a: Yveltal
|-supereffective|p2a: Yveltal
|-damage|p2a: Yveltal|0 fnt
|-heal|p1a: Calyrex|67/100|[from] drain|[of] p2a: Yveltal
|faint|p2a: Yveltal
|-ability|p1a: Calyrex|Grim Neigh|boost
|-boost|p1a: Calyrex|spa|1
|
|upkeep
|c|☆TaxFraud094|Why am I so fucking stupid
|c|☆TaxFraud094|I literally won
|c|☆TaxFraud094|if I just Max Gaurded
|inactive|TaxFraud094 has 30 seconds left.
|-message|TaxFraud094 forfeited.
|
|win|MiguelRRM
|raw|MiguelRRM's rating: 1940 &rarr; <strong>1959</strong><br />(+19 for winning)
|raw|TaxFraud094's rating: 1917 &rarr; <strong>1898</strong><br />(-19 for losing)
|l|☆TaxFraud094
|c|☆MiguelRRM|and then?
||Ladder isn't responding, score probably updated but might not have (Request timeout).
