|j|☆iroeweuio
|j|☆dtc07
|t:|1663489170
|gametype|singles
|player|p1|iroeweuio|2|1730
|player|p2|dtc07|grimsley|1672
|teamsize|p1|6
|teamsize|p2|6
|gen|8
|tier|[Gen 8] National Dex AG
|rated|
|rule|HP Percentage Mod: HP is shown in percentages
|rule|Endless Battle Clause: Forcing endless battles is banned
|clearpoke
|poke|p1|Chatot, M|
|poke|p1|Weavile, M|
|poke|p1|Giratina-Origin|
|poke|p1|Ditto|
|poke|p1|Breloom, F|
|poke|p1|Wobbuffet, F|
|poke|p2|Arceus-*|
|poke|p2|Eternatus|
|poke|p2|Rayquaza|
|poke|p2|Necrozma-Dusk-Mane|
|poke|p2|Yveltal|
|poke|p2|Calyrex-Shadow|
|teampreview
|inactive|Battle timer is ON: inactive players will automatically lose when time's up. (requested by dtc07)
|
|t:|1663489189
|start
|switch|p1a: Weavile|Weavile, M|100/100
|switch|p2a: Eternatus|Eternatus|100/100
|-ability|p1a: Weavile|Pressure
|-ability|p2a: Eternatus|Pressure
|turn|1
|
|t:|1663489194
|switch|p2a: Arceus|Arceus-Water|100/100
|move|p1a: Weavile|Assist|p1a: Weavile
|move|p1a: Weavile|Spore|p2a: Arceus|[from]move: Assist
|-status|p2a: Arceus|slp|[from] move: Spore
|
|upkeep
|turn|2
|
|t:|1663489202
|move|p1a: Weavile|Substitute|p1a: Weavile
|-start|p1a: Weavile|Substitute
|-damage|p1a: Weavile|76/100
|cant|p2a: Arceus|slp
|
|-heal|p1a: Weavile|82/100|[from] item: Leftovers
|upkeep
|turn|3
|
|t:|1663489205
|move|p1a: Weavile|Swords Dance|p1a: Weavile
|-boost|p1a: Weavile|atk|2
|cant|p2a: Arceus|slp
|
|-heal|p1a: Weavile|88/100|[from] item: Leftovers
|upkeep
|turn|4
|
|t:|1663489207
|move|p1a: Weavile|Swords Dance|p1a: Weavile
|-boost|p1a: Weavile|atk|2
|-curestatus|p2a: Arceus|slp|[msg]
|move|p2a: Arceus|Judgment|p1a: Weavile
|-end|p1a: Weavile|Substitute
|
|-heal|p1a: Weavile|94/100|[from] item: Leftovers
|upkeep
|turn|5
|
|t:|1663489214
|move|p1a: Weavile|Assist|p1a: Weavile
|move|p1a: Weavile|Spore|p2a: Arceus|[from]move: Assist
|-status|p2a: Arceus|slp|[from] move: Spore
|cant|p2a: Arceus|slp
|
|-heal|p1a: Weavile|99/100|[from] item: Leftovers
|upkeep
|turn|6
|
|t:|1663489216
|move|p1a: Weavile|Substitute|p1a: Weavile
|-start|p1a: Weavile|Substitute
|-damage|p1a: Weavile|75/100
|-curestatus|p2a: Arceus|slp|[msg]
|move|p2a: Arceus|Judgment|p1a: Weavile
|-end|p1a: Weavile|Substitute
|
|-heal|p1a: Weavile|81/100|[from] item: Leftovers
|upkeep
|turn|7
|inactive|dtc07 has 120 seconds left.
|
|t:|1663489247
|move|p1a: Weavile|Assist|p1a: Weavile
|move|p1a: Weavile|Spore|p2a: Arceus|[from]move: Assist
|-status|p2a: Arceus|slp|[from] move: Spore
|cant|p2a: Arceus|slp
|
|-heal|p1a: Weavile|87/100|[from] item: Leftovers
|upkeep
|turn|8
|
|t:|1663489251
|switch|p2a: Rayquaza|Rayquaza|100/100
|-ability|p2a: Rayquaza|Air Lock
|move|p1a: Weavile|Substitute|p1a: Weavile
|-start|p1a: Weavile|Substitute
|-damage|p1a: Weavile|62/100
|
|-heal|p1a: Weavile|68/100|[from] item: Leftovers
|upkeep
|turn|9
|
|t:|1663489254
|detailschange|p2a: Rayquaza|Rayquaza-Mega
|-mega|p2a: Rayquaza|Rayquaza|
|-weather|DeltaStream|[from] ability: Delta Stream|[of] p2a: Rayquaza
|move|p2a: Rayquaza|Extreme Speed|p1a: Weavile
|-end|p1a: Weavile|Substitute
|move|p1a: Weavile|Assist|p1a: Weavile
|move|p1a: Weavile|Spore|p2a: Rayquaza|[from]move: Assist
|-status|p2a: Rayquaza|slp|[from] move: Spore
|
|-weather|DeltaStream|[upkeep]
|-heal|p1a: Weavile|74/100|[from] item: Leftovers
|upkeep
|turn|10
|
|t:|1663489262
|cant|p2a: Rayquaza|slp
|move|p1a: Weavile|Substitute|p1a: Weavile
|-start|p1a: Weavile|Substitute
|-damage|p1a: Weavile|49/100
|
|-weather|DeltaStream|[upkeep]
|-heal|p1a: Weavile|55/100|[from] item: Leftovers
|upkeep
|turn|11
|
|t:|1663489264
|cant|p2a: Rayquaza|slp
|move|p1a: Weavile|Triple Axel|p2a: Rayquaza
|-activate||deltastream
|-supereffective|p2a: Rayquaza
|-damage|p2a: Rayquaza|42/100 slp
|-activate||deltastream
|-supereffective|p2a: Rayquaza
|-damage|p2a: Rayquaza|0 fnt
|faint|p2a: Rayquaza
|-weather|none
|-hitcount|p2: Rayquaza|2
|
|-heal|p1a: Weavile|61/100|[from] item: Leftovers
|upkeep
|
|t:|1663489273
|switch|p2a: Calyrex|Calyrex-Shadow|100/100
|-ability|p2a: Calyrex|As One
|-ability|p2a: Calyrex|Unnerve
|turn|12
|
|t:|1663489275
|move|p2a: Calyrex|Substitute|p2a: Calyrex
|-start|p2a: Calyrex|Substitute
|-damage|p2a: Calyrex|76/100
|move|p1a: Weavile|Triple Axel|p2a: Calyrex
|-end|p2a: Calyrex|Substitute
|-damage|p2a: Calyrex|2/100
|-damage|p2a: Calyrex|0 fnt
|faint|p2a: Calyrex
|-hitcount|p2: Calyrex|3
|
|-heal|p1a: Weavile|67/100|[from] item: Leftovers
|upkeep
|c|☆dtc07|yep gg
|-message|dtc07 forfeited.
|
|win|iroeweuio
|raw|iroeweuio's rating: 1730 &rarr; <strong>1747</strong><br />(+17 for winning)
|raw|dtc07's rating: 1672 &rarr; <strong>1655</strong><br />(-17 for losing)
|l|☆dtc07
