|j|☆Matsui_Miyako
|j|☆Gohansenju
|t:|1665342871
|gametype|singles
|player|p1|Matsui_Miyako|allister|1833
|player|p2|Gohansenju|blue-gen3two|1721
|teamsize|p1|6
|teamsize|p2|6
|gen|8
|tier|[Gen 8] National Dex AG
|rated|
|rule|HP Percentage Mod: HP is shown in percentages
|rule|Endless Battle Clause: Forcing endless battles is banned
|clearpoke
|poke|p1|Yveltal|
|poke|p1|Deoxys-Attack|
|poke|p1|Marshadow|
|poke|p1|Arceus-*|
|poke|p1|Calyrex-Shadow|
|poke|p1|Arceus-*|
|poke|p2|Kangaskhan, F|
|poke|p2|Corviknight, F|
|poke|p2|Arceus-*|
|poke|p2|Celesteela|
|poke|p2|Necrozma-Dusk-Mane|
|poke|p2|Ditto|
|teampreview
|inactive|Battle timer is ON: inactive players will automatically lose when time's up. (requested by Gohansenju)
|
|t:|1665342901
|start
|switch|p1a: Deoxys|Deoxys-Attack|100/100
|switch|p2a: Arceus|Arceus-Ground|100/100
|-ability|p1a: Deoxys|Pressure
|turn|1
|
|t:|1665342908
|move|p1a: Deoxys|Stealth Rock|p2a: Arceus
|-sidestart|p2: Gohansenju|move: Stealth Rock
|move|p2a: Arceus|Judgment|p1a: Deoxys
|-enditem|p1a: Deoxys|Focus Sash
|-damage|p1a: Deoxys|1/100
|
|upkeep
|turn|2
|
|t:|1665342912
|move|p1a: Deoxys|Taunt|p2a: Arceus
|-start|p2a: Arceus|move: Taunt
|cant|p2a: Arceus|move: Taunt|Stealth Rock
|
|upkeep
|turn|3
|
|t:|1665342916
|move|p1a: Deoxys|Extreme Speed|p2a: Arceus
|-damage|p2a: Arceus|74/100
|move|p2a: Arceus|Ice Beam|p1a: Deoxys
|-damage|p1a: Deoxys|0 fnt
|faint|p1a: Deoxys
|
|upkeep
|
|t:|1665342920
|switch|p1a: Titã|Arceus-Ground|100/100
|turn|4
|
|t:|1665342928
|move|p2a: Arceus|Ice Beam|p1a: Titã
|-supereffective|p1a: Titã
|-damage|p1a: Titã|54/100
|-zpower|p1a: Titã
|move|p1a: Titã|Tectonic Rage|p2a: Arceus|[zeffect]
|-damage|p2a: Arceus|3/100
|
|-end|p2a: Arceus|move: Taunt
|upkeep
|turn|5
|
|t:|1665342934
|move|p2a: Arceus|Stealth Rock|p1a: Titã
|-sidestart|p1: Matsui_Miyako|move: Stealth Rock
|move|p1a: Titã|Ice Beam|p2a: Arceus
|-supereffective|p2a: Arceus
|-damage|p2a: Arceus|0 fnt
|faint|p2a: Arceus
|
|upkeep
|
|t:|1665342947
|switch|p2a: Celesteela|Celesteela|100/100
|-damage|p2a: Celesteela|88/100|[from] Stealth Rock
|turn|6
|inactive|Matsui_Miyako has 120 seconds left.
|
|t:|1665343002
|move|p1a: Titã|Ice Beam|p2a: Celesteela
|-damage|p2a: Celesteela|55/100
|move|p2a: Celesteela|Autotomize|p2a: Celesteela
|-boost|p2a: Celesteela|spe|2
|-start|p2a: Celesteela|Autotomize
|
|upkeep
|turn|7
|inactive|Matsui_Miyako has 90 seconds left.
|inactive|Matsui_Miyako has 60 seconds left.
|c|☆Gohansenju|Play fast bruh timer is on
|inactive|Matsui_Miyako has 30 seconds left.
|inactive|Matsui_Miyako has 20 seconds left.
|
|t:|1665343088
|move|p2a: Celesteela|Meteor Beam||[still]
|-prepare|p2a: Celesteela|Meteor Beam
|-boost|p2a: Celesteela|spa|1
|-enditem|p2a: Celesteela|Power Herb
|-anim|p2a: Celesteela|Meteor Beam|p1a: Titã
|-resisted|p1a: Titã
|-damage|p1a: Titã|34/100
|move|p1a: Titã|Ice Beam|p2a: Celesteela
|-damage|p2a: Celesteela|24/100
|
|upkeep
|turn|8
|inactive|Matsui_Miyako has 30 seconds left this turn.
|
|t:|1665343095
|-start|p2a: Celesteela|Dynamax|
|-heal|p2a: Celesteela|24/100|[silent]
|move|p2a: Celesteela|Max Airstream|p1a: Titã
|-damage|p1a: Titã|0 fnt
|-boost|p2a: Celesteela|spe|1
|faint|p1a: Titã
|-ability|p2a: Celesteela|Beast Boost|boost
|-boost|p2a: Celesteela|spa|1
|
|upkeep
|inactive|Matsui_Miyako has 30 seconds left.
|inactive|Matsui_Miyako has 20 seconds left.
|inactive|Matsui_Miyako has 15 seconds left.
|inactive|Matsui_Miyako has 10 seconds left.
|
|t:|1665343123
|switch|p1a: Cavaleiro Fantasma|Calyrex-Shadow|100/100
|-ability|p1a: Cavaleiro Fantasma|As One
|-ability|p1a: Cavaleiro Fantasma|Unnerve
|-damage|p1a: Cavaleiro Fantasma|88/100|[from] Stealth Rock
|turn|9
|inactive|Matsui_Miyako has 20 seconds left this turn.
|
|t:|1665343133
|move|p2a: Celesteela|Max Steelspike|p1a: Cavaleiro Fantasma
|-damage|p1a: Cavaleiro Fantasma|0 fnt
|-boost|p2a: Celesteela|def|1
|faint|p1a: Cavaleiro Fantasma
|-ability|p2a: Celesteela|Beast Boost|boost
|-boost|p2a: Celesteela|spa|1
|
|upkeep
|inactive|Matsui_Miyako has 25 seconds left this turn.
|-message|Matsui_Miyako forfeited.
|
|win|Gohansenju
|inactive|Matsui_Miyako has 30 seconds left this turn.
|raw|Matsui_Miyako's rating: 1833 &rarr; <strong>1807</strong><br />(-26 for losing)
|raw|Gohansenju's rating: 1721 &rarr; <strong>1747</strong><br />(+26 for winning)
|l|☆Matsui_Miyako
|c|☆Gohansenju|Gg
