|j|☆JeanPierre693
|j|☆mardydu
|t:|1646972478
|gametype|singles
|player|p1|JeanPierre693|eusine|1501
|player|p2|mardydu|blackbelt-gen4dp|1486
|teamsize|p1|6
|teamsize|p2|6
|gen|8
|tier|[Gen 8] National Dex AG
|rated|
|rule|HP Percentage Mod: HP is shown in percentages
|rule|Endless Battle Clause: Forcing endless battles is banned
|clearpoke
|poke|p1|Giratina|
|poke|p1|Necrozma-Dusk-Mane|
|poke|p1|Ho-Oh|
|poke|p1|Zacian-*|
|poke|p1|Calyrex-Shadow|
|poke|p1|Diancie|
|poke|p2|Groudon|
|poke|p2|Calyrex-Shadow|
|poke|p2|Ditto|
|poke|p2|Shuckle, M|
|poke|p2|Skarmory, M|
|poke|p2|Regieleki|
|teampreview
|inactive|Battle timer is ON: inactive players will automatically lose when time's up. (requested by mardydu)
|
|t:|1646972487
|start
|switch|p1a: Giratina|Giratina|100/100
|switch|p2a: Skarmory|Skarmory, M|100/100
|-ability|p1a: Giratina|Pressure
|turn|1
|
|t:|1646972499
|move|p1a: Giratina|Substitute|p1a: Giratina
|-start|p1a: Giratina|Substitute
|-damage|p1a: Giratina|75/100
|move|p2a: Skarmory|Spikes|p1a: Giratina
|-sidestart|p1: JeanPierre693|Spikes
|
|-heal|p1a: Giratina|82/100|[from] item: Leftovers
|upkeep
|turn|2
|
|t:|1646972510
|move|p1a: Giratina|Shadow Ball|p2a: Skarmory
|-crit|p2a: Skarmory
|-damage|p2a: Skarmory|43/100
|-unboost|p2a: Skarmory|spd|1
|move|p2a: Skarmory|Stealth Rock|p1a: Giratina
|-sidestart|p1: JeanPierre693|move: Stealth Rock
|
|-heal|p1a: Giratina|88/100|[from] item: Leftovers
|-heal|p2a: Skarmory|49/100|[from] item: Leftovers
|upkeep
|turn|3
|
|t:|1646972526
|move|p1a: Giratina|Shadow Ball|p2a: Skarmory
|-crit|p2a: Skarmory
|-damage|p2a: Skarmory|0 fnt
|faint|p2a: Skarmory
|
|-heal|p1a: Giratina|94/100|[from] item: Leftovers
|upkeep
|
|t:|1646972537
|switch|p2a: dondon|Groudon, shiny|100/100
|detailschange|p2a: dondon|Groudon-Primal, shiny
|-primal|p2a: dondon
|-weather|DesolateLand|[from] ability: Desolate Land|[of] p2a: dondon
|turn|4
|
|t:|1646972545
|move|p1a: Giratina|Calm Mind|p1a: Giratina
|-boost|p1a: Giratina|spa|1
|-boost|p1a: Giratina|spd|1
|move|p2a: dondon|Roar|p1a: Giratina
|drag|p1a: Ho-Oh|Ho-Oh|100/100
|
|-weather|DesolateLand|[upkeep]
|upkeep
|turn|5
|
|t:|1646972555
|move|p2a: dondon|Eruption|p1a: Ho-Oh
|-resisted|p1a: Ho-Oh
|-damage|p1a: Ho-Oh|72/100
|move|p1a: Ho-Oh|Defog|p2a: dondon
|-unboost|p2a: dondon|evasion|1
|-sideend|p1: JeanPierre693|Spikes|[from] move: Defog|[of] p1a: Ho-Oh
|-sideend|p1: JeanPierre693|Stealth Rock|[from] move: Defog|[of] p1a: Ho-Oh
|
|-weather|DesolateLand|[upkeep]
|upkeep
|turn|6
|
|t:|1646972567
|-weather|none
|switch|p2a: turtle but not|Shuckle, M, shiny|100/100
|move|p1a: Ho-Oh|Brave Bird|p2a: turtle but not
|-damage|p2a: turtle but not|62/100
|-damage|p1a: Ho-Oh|64/100|[from] Recoil
|
|-heal|p2a: turtle but not|69/100|[from] item: Leftovers
|upkeep
|turn|7
|
|t:|1646972585
|switch|p1a: Diancie|Diancie|100/100
|move|p2a: turtle but not|Infestation|p1a: Diancie
|-resisted|p1a: Diancie
|-damage|p1a: Diancie|99/100
|-activate|p1a: Diancie|move: Infestation|[of] p2a: turtle but not
|
|-heal|p2a: turtle but not|75/100|[from] item: Leftovers
|-damage|p1a: Diancie|87/100|[from] move: Infestation|[partiallytrapped]
|upkeep
|turn|8
|
|t:|1646972599
|detailschange|p1a: Diancie|Diancie-Mega
|-mega|p1a: Diancie|Diancie|Diancite
|move|p1a: Diancie|Calm Mind|p1a: Diancie
|-boost|p1a: Diancie|spa|1
|-boost|p1a: Diancie|spd|1
|move|p2a: turtle but not|Encore|p1a: Diancie
|move|p1a: Diancie|Encore||[from]ability: Magic Bounce|[still]
|-fail|p1a: Diancie
|
|-heal|p2a: turtle but not|81/100|[from] item: Leftovers
|-damage|p1a: Diancie|74/100|[from] move: Infestation|[partiallytrapped]
|upkeep
|turn|9
|
|t:|1646972617
|move|p1a: Diancie|Diamond Storm|p2a: turtle but not
|-supereffective|p2a: turtle but not
|-damage|p2a: turtle but not|6/100
|move|p2a: turtle but not|Infestation|p1a: Diancie
|-resisted|p1a: Diancie
|-damage|p1a: Diancie|74/100
|
|-heal|p2a: turtle but not|12/100|[from] item: Leftovers
|-damage|p1a: Diancie|61/100|[from] move: Infestation|[partiallytrapped]
|upkeep
|turn|10
|
|t:|1646972631
|move|p1a: Diancie|Draining Kiss|p2a: turtle but not
|-damage|p2a: turtle but not|0 fnt
|-heal|p1a: Diancie|70/100|[from] drain|[of] p2a: turtle but not
|faint|p2a: turtle but not
|
|-end|p1a: Diancie|Infestation|[partiallytrapped]|[silent]
|upkeep
|
|t:|1646972638
|switch|p2a: jumpjump|Regieleki|100/100
|turn|11
|
|t:|1646972646
|move|p2a: jumpjump|Thunder Cage|p1a: Diancie
|-damage|p1a: Diancie|22/100
|-activate|p1a: Diancie|move: Thunder Cage|[of] p2a: jumpjump
|move|p1a: Diancie|Draining Kiss|p2a: jumpjump
|-damage|p2a: jumpjump|30/100
|-heal|p1a: Diancie|88/100|[from] drain|[of] p2a: jumpjump
|
|-damage|p1a: Diancie|76/100|[from] move: Thunder Cage|[partiallytrapped]
|upkeep
|turn|12
|
|t:|1646972660
|move|p2a: jumpjump|Volt Switch|p1a: Diancie
|-damage|p1a: Diancie|34/100
|
|t:|1646972665
|switch|p2a: slime|Ditto, shiny|100/100|[from]move: Volt Switch
|-transform|p2a: slime|p1a: Diancie|[from] ability: Imposter
|move|p1a: Diancie|Draining Kiss|p2a: slime
|-damage|p2a: slime|69/100
|-heal|p1a: Diancie|63/100|[from] drain|[of] p2a: slime
|
|-end|p1a: Diancie|Thunder Cage|[partiallytrapped]|[silent]
|upkeep
|turn|13
|
|t:|1646972678
|switch|p1a: Necrozma|Necrozma-Dusk-Mane|100/100
|move|p2a: slime|Draining Kiss|p1a: Necrozma
|-resisted|p1a: Necrozma
|-damage|p1a: Necrozma|85/100
|-heal|p2a: slime|84/100|[from] drain|[of] p1a: Necrozma
|-damage|p2a: slime|68/100|[from] item: Rocky Helmet|[of] p1a: Necrozma
|
|upkeep
|turn|14
|
|t:|1646972693
|switch|p2a: jumpjump|Regieleki|30/100
|move|p1a: Necrozma|Sunsteel Strike|p2a: jumpjump
|-resisted|p2a: jumpjump
|-damage|p2a: jumpjump|0 fnt
|faint|p2a: jumpjump
|
|upkeep
|
|t:|1646972701
|switch|p2a: dondon|Groudon-Primal, shiny|100/100
|-weather|DesolateLand|[from] ability: Desolate Land|[of] p2a: dondon
|turn|15
|
|t:|1646972708
|switch|p1a: Ho-Oh|Ho-Oh|97/100
|move|p2a: dondon|Earthquake|p1a: Ho-Oh
|-immune|p1a: Ho-Oh
|
|-weather|DesolateLand|[upkeep]
|upkeep
|turn|16
|
|t:|1646972720
|move|p2a: dondon|Eruption|p1a: Ho-Oh
|-resisted|p1a: Ho-Oh
|-damage|p1a: Ho-Oh|64/100
|move|p1a: Ho-Oh|Sacred Fire|p2a: dondon
|-resisted|p2a: dondon
|-damage|p2a: dondon|75/100
|
|-weather|DesolateLand|[upkeep]
|upkeep
|turn|17
|
|t:|1646972732
|move|p2a: dondon|Solar Beam||[still]
|-prepare|p2a: dondon|Solar Beam
|-anim|p2a: dondon|Solar Beam|p1a: Ho-Oh
|-resisted|p1a: Ho-Oh
|-damage|p1a: Ho-Oh|58/100
|move|p1a: Ho-Oh|Brave Bird|p2a: dondon
|-damage|p2a: dondon|38/100
|-damage|p1a: Ho-Oh|48/100|[from] Recoil
|
|-weather|DesolateLand|[upkeep]
|upkeep
|turn|18
|
|t:|1646972745
|move|p1a: Ho-Oh|Roost|p1a: Ho-Oh
|-heal|p1a: Ho-Oh|98/100
|-singleturn|p1a: Ho-Oh|move: Roost
|move|p2a: dondon|Roar|p1a: Ho-Oh
|drag|p1a: Zacian|Zacian-Crowned|100/100
|-ability|p1a: Zacian|Intrepid Sword|boost
|-boost|p1a: Zacian|atk|1
|
|-weather|DesolateLand|[upkeep]
|upkeep
|turn|19
|
|t:|1646972760
|switch|p1a: Ho-Oh|Ho-Oh|100/100
|move|p2a: dondon|Earthquake|p1a: Ho-Oh
|-immune|p1a: Ho-Oh
|
|-weather|DesolateLand|[upkeep]
|upkeep
|turn|20
|
|t:|1646972770
|-weather|none
|switch|p2a: slime|Ditto, shiny|68/100
|-transform|p2a: slime|p1a: Ho-Oh|[from] ability: Imposter
|move|p1a: Ho-Oh|Brave Bird|p2a: slime
|-damage|p2a: slime|0 fnt
|faint|p2a: slime
|-damage|p1a: Ho-Oh|84/100|[from] Recoil
|
|upkeep
|
|t:|1646972780
|switch|p2a: horse in cali|Calyrex-Shadow|100/100
|-ability|p2a: horse in cali|As One
|-ability|p2a: horse in cali|Unnerve
|turn|21
|
|t:|1646972791
|-start|p1a: Ho-Oh|Dynamax
|-heal|p1a: Ho-Oh|84/100|[silent]
|move|p2a: horse in cali|Astral Barrage|p1a: Ho-Oh
|-damage|p1a: Ho-Oh|68/100
|move|p1a: Ho-Oh|Max Flare|p2a: horse in cali
|-damage|p2a: horse in cali|24/100
|-weather|SunnyDay
|
|-weather|SunnyDay|[upkeep]
|upkeep
|turn|22
|
|t:|1646972809
|-start|p2a: horse in cali|Dynamax
|-heal|p2a: horse in cali|24/100|[silent]
|move|p2a: horse in cali|Max Mindstorm|p1a: Ho-Oh
|-damage|p1a: Ho-Oh|48/100
|-fieldstart|move: Psychic Terrain
|move|p1a: Ho-Oh|Max Flare|p2a: horse in cali
|-damage|p2a: horse in cali|0 fnt
|faint|p2a: horse in cali
|
|-weather|SunnyDay|[upkeep]
|upkeep
|
|t:|1646972819
|switch|p2a: dondon|Groudon-Primal, shiny|38/100
|-weather|DesolateLand|[from] ability: Desolate Land|[of] p2a: dondon
|turn|23
|c|☆mardydu|gg
|
|t:|1646972829
|move|p2a: dondon|Eruption|p1a: Ho-Oh
|-resisted|p1a: Ho-Oh
|-damage|p1a: Ho-Oh|42/100
|move|p1a: Ho-Oh|Max Airstream|p2a: dondon
|-damage|p2a: dondon|0 fnt
|-boost|p1a: Ho-Oh|spe|1
|faint|p2a: dondon
|-weather|none
|
|win|JeanPierre693
|raw|JeanPierre693's rating: 1501 &rarr; <strong>1520</strong><br />(+19 for winning)
|raw|mardydu's rating: 1486 &rarr; <strong>1467</strong><br />(-19 for losing)
|l|☆mardydu
