|j|☆direhands
|j|☆Boyardrake
|t:|1651485507
|gametype|singles
|player|p1|direhands|2|1776
|player|p2|Boyardrake|gentleman-gen4dp|1638
|teamsize|p1|6
|teamsize|p2|6
|gen|8
|tier|[Gen 8] National Dex AG
|rated|
|rule|HP Percentage Mod: HP is shown in percentages
|rule|Endless Battle Clause: Forcing endless battles is banned
|clearpoke
|poke|p1|Calyrex-Shadow|
|poke|p1|Zacian-*|
|poke|p1|Yveltal|
|poke|p1|Zygarde|
|poke|p1|Necrozma-Dusk-Mane|
|poke|p1|Rayquaza|
|poke|p2|Zacian-*|
|poke|p2|Ditto|
|poke|p2|Yveltal|
|poke|p2|Calyrex-Shadow|
|poke|p2|Groudon|
|poke|p2|Arceus-*|
|teampreview
|inactive|Battle timer is ON: inactive players will automatically lose when time's up. (requested by Boyardrake)
|
|t:|1651485525
|start
|switch|p1a: Rayquaza|Rayquaza|100/100
|switch|p2a: Groudon|Groudon|100/100
|-ability|p1a: Rayquaza|Air Lock
|detailschange|p2a: Groudon|Groudon-Primal
|-primal|p2a: Groudon
|-weather|DesolateLand|[from] ability: Desolate Land|[of] p2a: Groudon
|turn|1
|
|t:|1651485535
|detailschange|p1a: Rayquaza|Rayquaza-Mega
|-mega|p1a: Rayquaza|Rayquaza|
|-weather|DeltaStream|[from] ability: Delta Stream|[of] p1a: Rayquaza
|move|p1a: Rayquaza|Waterfall|p2a: Groudon
|-supereffective|p2a: Groudon
|-damage|p2a: Groudon|7/100
|move|p2a: Groudon|Stealth Rock|p1a: Rayquaza
|-sidestart|p1: direhands|move: Stealth Rock
|
|-weather|DeltaStream|[upkeep]
|upkeep
|turn|2
|
|t:|1651485546
|move|p1a: Rayquaza|Scale Shot|p2a: Groudon
|-damage|p2a: Groudon|0 fnt
|faint|p2a: Groudon
|-hitcount|p2: Groudon|1
|-unboost|p1a: Rayquaza|def|1
|-boost|p1a: Rayquaza|spe|1
|
|-weather|DeltaStream|[upkeep]
|upkeep
|
|t:|1651485554
|switch|p2a: Ditto|Ditto|100/100
|-transform|p2a: Ditto|p1a: Rayquaza|[from] ability: Imposter
|turn|3
|
|t:|1651485561
|switch|p1a: Zacian|Zacian-Crowned|100/100
|-damage|p1a: Zacian|94/100|[from] Stealth Rock
|-ability|p1a: Zacian|Intrepid Sword|boost
|-boost|p1a: Zacian|atk|1
|move|p2a: Ditto|Dragon Ascent|p1a: Zacian
|-resisted|p1a: Zacian
|-damage|p1a: Zacian|58/100
|-unboost|p2a: Ditto|def|1
|-unboost|p2a: Ditto|spd|1
|
|-weather|DeltaStream|[upkeep]
|upkeep
|turn|4
|j| dontchallengemeeee
|
|t:|1651485572
|-weather|none
|switch|p2a: Arceus|Arceus-Water|100/100
|move|p1a: Zacian|Behemoth Blade|p2a: Arceus
|-resisted|p2a: Arceus
|-damage|p2a: Arceus|75/100
|
|upkeep
|turn|5
|
|t:|1651485591
|move|p1a: Zacian|Wild Charge|p2a: Arceus
|-supereffective|p2a: Arceus
|-damage|p2a: Arceus|10/100
|-damage|p1a: Zacian|36/100|[from] Recoil
|move|p2a: Arceus|Judgment|p1a: Zacian
|-damage|p1a: Zacian|0 fnt
|faint|p1a: Zacian
|
|upkeep
|
|t:|1651485599
|switch|p1a: Yveltal|Yveltal|100/100
|-damage|p1a: Yveltal|76/100|[from] Stealth Rock
|-ability|p1a: Yveltal|Dark Aura
|turn|6
|l| dontchallengemeeee
|
|t:|1651485606
|-start|p1a: Yveltal|Dynamax|
|-heal|p1a: Yveltal|76/100|[silent]
|move|p1a: Yveltal|Max Airstream|p2a: Arceus
|-damage|p2a: Arceus|0 fnt
|-boost|p1a: Yveltal|spe|1
|faint|p2a: Arceus
|-damage|p1a: Yveltal|71/100|[from] item: Life Orb
|
|upkeep
|
|t:|1651485618
|switch|p2a: Zacian|Zacian-Crowned|100/100
|-ability|p2a: Zacian|Intrepid Sword|boost
|-boost|p2a: Zacian|atk|1
|turn|7
|
|t:|1651485642
|move|p1a: Yveltal|Max Flare|p2a: Zacian
|-supereffective|p2a: Zacian
|-damage|p2a: Zacian|0 fnt
|-weather|SunnyDay
|faint|p2a: Zacian
|-damage|p1a: Yveltal|66/100|[from] item: Life Orb
|
|-weather|SunnyDay|[upkeep]
|upkeep
|
|t:|1651485651
|switch|p2a: Yveltal|Yveltal|100/100
|-ability|p2a: Yveltal|Dark Aura
|turn|8
|
|t:|1651485656
|-start|p2a: Yveltal|Dynamax|
|-heal|p2a: Yveltal|100/100|[silent]
|move|p1a: Yveltal|Max Airstream|p2a: Yveltal
|-damage|p2a: Yveltal|65/100
|-boost|p1a: Yveltal|spe|1
|-damage|p1a: Yveltal|61/100|[from] item: Life Orb
|move|p2a: Yveltal|Max Flutterby|p1a: Yveltal
|-damage|p1a: Yveltal|44/100
|-unboost|p1a: Yveltal|spa|1
|
|-weather|SunnyDay|[upkeep]
|upkeep
|-end|p1a: Yveltal|Dynamax
|-heal|p1a: Yveltal|44/100|[silent]
|turn|9
|
|t:|1651485674
|move|p1a: Yveltal|Oblivion Wing|p2a: Yveltal
|-damage|p2a: Yveltal|50/100
|-heal|p1a: Yveltal|67/100|[from] drain|[of] p2a: Yveltal
|-damage|p1a: Yveltal|57/100|[from] item: Life Orb
|move|p2a: Yveltal|Max Flutterby|p1a: Yveltal
|-damage|p1a: Yveltal|28/100
|-unboost|p1a: Yveltal|spa|1
|
|-weather|SunnyDay|[upkeep]
|upkeep
|turn|10
|
|t:|1651485686
|move|p1a: Yveltal|Oblivion Wing|p2a: Yveltal
|-damage|p2a: Yveltal|38/100
|-heal|p1a: Yveltal|45/100|[from] drain|[of] p2a: Yveltal
|-damage|p1a: Yveltal|35/100|[from] item: Life Orb
|move|p2a: Yveltal|Max Flutterby|p1a: Yveltal
|-damage|p1a: Yveltal|2/100
|-unboost|p1a: Yveltal|spa|1
|
|-weather|SunnyDay|[upkeep]
|upkeep
|-end|p2a: Yveltal|Dynamax
|-heal|p2a: Yveltal|38/100|[silent]
|turn|11
|
|t:|1651485700
|move|p1a: Yveltal|Oblivion Wing|p2a: Yveltal
|-damage|p2a: Yveltal|21/100
|-heal|p1a: Yveltal|14/100|[from] drain|[of] p2a: Yveltal
|-damage|p1a: Yveltal|5/100|[from] item: Life Orb
|move|p2a: Yveltal|U-turn|p1a: Yveltal
|-damage|p1a: Yveltal|0 fnt
|faint|p1a: Yveltal
|
|t:|1651485710
|switch|p2a: Calyrex|Calyrex-Shadow|100/100|[from]move: U-turn
|-ability|p2a: Calyrex|As One
|-ability|p2a: Calyrex|Unnerve
|
|-weather|none
|upkeep
|
|t:|1651485724
|switch|p1a: Zygarde|Zygarde|100/100
|-damage|p1a: Zygarde|94/100|[from] Stealth Rock
|turn|12
|
|t:|1651485729
|move|p2a: Calyrex|Nasty Plot|p2a: Calyrex
|-boost|p2a: Calyrex|spa|2
|move|p1a: Zygarde|Glare|p2a: Calyrex
|-status|p2a: Calyrex|par
|
|-heal|p1a: Zygarde|100/100|[from] item: Leftovers
|upkeep
|turn|13
|
|t:|1651485737
|move|p1a: Zygarde|Thousand Arrows|p2a: Calyrex
|-damage|p2a: Calyrex|63/100 par
|move|p2a: Calyrex|Energy Ball|p1a: Zygarde
|-damage|p1a: Zygarde|37/100
|
|-heal|p1a: Zygarde|43/100|[from] item: Leftovers
|-activate|p1a: Zygarde|ability: Power Construct
|detailschange|p1a: Zygarde|Zygarde-Complete
|-heal|p1a: Zygarde|62/100|[silent]
|upkeep
|turn|14
|
|t:|1651485750
|move|p2a: Calyrex|Astral Barrage|p1a: Zygarde
|-damage|p1a: Zygarde|0 fnt
|faint|p1a: Zygarde
|-ability|p2a: Calyrex|Grim Neigh|boost
|-boost|p2a: Calyrex|spa|1
|
|upkeep
|
|t:|1651485757
|switch|p1a: Calyrex|Calyrex-Shadow|100/100
|-ability|p1a: Calyrex|As One
|-ability|p1a: Calyrex|Unnerve
|-damage|p1a: Calyrex|88/100|[from] Stealth Rock
|turn|15
|
|t:|1651485764
|move|p1a: Calyrex|Substitute|p1a: Calyrex
|-start|p1a: Calyrex|Substitute
|-damage|p1a: Calyrex|63/100
|move|p2a: Calyrex|Astral Barrage|p1a: Calyrex
|-supereffective|p1a: Calyrex
|-end|p1a: Calyrex|Substitute
|
|upkeep
|turn|16
|
|t:|1651485772
|move|p1a: Calyrex|Substitute|p1a: Calyrex
|-start|p1a: Calyrex|Substitute
|-damage|p1a: Calyrex|38/100
|move|p2a: Calyrex|Astral Barrage|p1a: Calyrex
|-supereffective|p1a: Calyrex
|-end|p1a: Calyrex|Substitute
|
|upkeep
|turn|17
|
|t:|1651485794
|move|p1a: Calyrex|Substitute|p1a: Calyrex
|-start|p1a: Calyrex|Substitute
|-damage|p1a: Calyrex|13/100
|move|p2a: Calyrex|Astral Barrage|p1a: Calyrex
|-supereffective|p1a: Calyrex
|-end|p1a: Calyrex|Substitute
|
|upkeep
|turn|18
|
|t:|1651485808
|move|p1a: Calyrex|Draining Kiss|p2a: Calyrex
|-damage|p2a: Calyrex|43/100 par
|-heal|p1a: Calyrex|29/100|[from] drain|[of] p2a: Calyrex
|cant|p2a: Calyrex|par
|
|upkeep
|turn|19
|
|t:|1651485814
|move|p1a: Calyrex|Substitute|p1a: Calyrex
|-start|p1a: Calyrex|Substitute
|-damage|p1a: Calyrex|4/100
|cant|p2a: Calyrex|par
|
|upkeep
|turn|20
|
|t:|1651485820
|move|p1a: Calyrex|Astral Barrage|p2a: Calyrex
|-supereffective|p2a: Calyrex
|-damage|p2a: Calyrex|0 fnt
|faint|p2a: Calyrex
|-ability|p1a: Calyrex|Grim Neigh|boost
|-boost|p1a: Calyrex|spa|1
|
|upkeep
|
|t:|1651485830
|switch|p2a: Yveltal|Yveltal|21/100
|-ability|p2a: Yveltal|Dark Aura
|turn|21
|
|t:|1651485835
|move|p2a: Yveltal|Sucker Punch|p1a: Calyrex
|-supereffective|p1a: Calyrex
|-end|p1a: Calyrex|Substitute
|move|p1a: Calyrex|Draining Kiss|p2a: Yveltal
|-supereffective|p2a: Yveltal
|-damage|p2a: Yveltal|0 fnt
|-heal|p1a: Calyrex|22/100|[from] drain|[of] p2a: Yveltal
|faint|p2a: Yveltal
|-ability|p1a: Calyrex|Grim Neigh|boost
|-boost|p1a: Calyrex|spa|1
|
|upkeep
|
|t:|1651485846
|switch|p2a: Ditto|Ditto|100/100
|-transform|p2a: Ditto|p1a: Calyrex|[from] ability: Imposter
|turn|22
|
|t:|1651485851
|move|p2a: Ditto|Astral Barrage|p1a: Calyrex
|-supereffective|p1a: Calyrex
|-damage|p1a: Calyrex|0 fnt
|faint|p1a: Calyrex
|-ability|p2a: Ditto|Grim Neigh|boost
|-boost|p2a: Ditto|spa|1
|
|upkeep
|
|t:|1651485855
|switch|p1a: Rayquaza|Rayquaza-Mega|100/100
|-damage|p1a: Rayquaza|76/100|[from] Stealth Rock
|-weather|DeltaStream|[from] ability: Delta Stream|[of] p1a: Rayquaza
|turn|23
|
|t:|1651485863
|move|p2a: Ditto|Astral Barrage|p1a: Rayquaza
|-damage|p1a: Rayquaza|0 fnt
|faint|p1a: Rayquaza
|-weather|none
|-ability|p2a: Ditto|Grim Neigh|boost
|-boost|p2a: Ditto|spa|1
|
|upkeep
|-message|direhands forfeited.
|
|win|Boyardrake
|raw|direhands's rating: 1776 &rarr; <strong>1748</strong><br />(-28 for losing)
|raw|Boyardrake's rating: 1638 &rarr; <strong>1666</strong><br />(+28 for winning)
|l|☆direhands
|c|☆Boyardrake|See ya
