|j|☆Naofumi_Bakugo_Jax
|j|☆TechnoEye303
|t:|1665279228
|gametype|singles
|player|p1|Naofumi_Bakugo_Jax|blue|1571
|player|p2|TechnoEye303|red|1533
|teamsize|p1|6
|teamsize|p2|6
|gen|8
|tier|[Gen 8] National Dex AG
|rated|
|rule|HP Percentage Mod: HP is shown in percentages
|rule|Endless Battle Clause: Forcing endless battles is banned
|clearpoke
|poke|p1|Zacian-*|
|poke|p1|Calyrex-Shadow|
|poke|p1|Yveltal|
|poke|p1|Arceus-*|
|poke|p1|Swampert, M|
|poke|p1|Kyogre|
|poke|p2|Rayquaza|
|poke|p2|Marshadow|
|poke|p2|Zacian-*|
|poke|p2|Calyrex-Shadow|
|poke|p2|Lugia|
|poke|p2|Arceus-*|
|teampreview
|inactive|Battle timer is ON: inactive players will automatically lose when time's up. (requested by TechnoEye303)
|
|t:|1665279240
|start
|switch|p1a: Arceus|Arceus, shiny|100/100
|switch|p2a: Arcoos|Arceus|100/100
|turn|1
|
|t:|1665279261
|move|p2a: Arcoos|Earthquake|p1a: Arceus
|-damage|p1a: Arceus|76/100
|move|p1a: Arceus|Reflect|p1a: Arceus
|-sidestart|p1: Naofumi_Bakugo_Jax|Reflect
|
|upkeep
|turn|2
|c|☆TechnoEye303|.... I see....
|
|t:|1665279275
|move|p2a: Arcoos|Extreme Speed|p1a: Arceus
|-damage|p1a: Arceus|62/100
|move|p1a: Arceus|Tailwind|p1a: Arceus
|-sidestart|p1: Naofumi_Bakugo_Jax|move: Tailwind
|
|upkeep
|turn|3
|
|t:|1665279285
|switch|p1a: Swampert|Swampert, M|100/100
|move|p2a: Arcoos|Earthquake|p1a: Swampert
|-crit|p1a: Swampert
|-damage|p1a: Swampert|36/100
|
|upkeep
|turn|4
|
|t:|1665279294
|detailschange|p1a: Swampert|Swampert-Mega, M
|-mega|p1a: Swampert|Swampert|Swampertite
|move|p2a: Arcoos|Extreme Speed|p1a: Swampert
|-damage|p1a: Swampert|18/100
|move|p1a: Swampert|Stealth Rock|p2a: Arcoos
|-sidestart|p2: TechnoEye303|move: Stealth Rock
|
|upkeep
|turn|5
|inactive|Naofumi_Bakugo_Jax has 120 seconds left.
|c|☆TechnoEye303|I am sorry..... Tailwind starts aren't the best in singles
|
|t:|1665279338
|switch|p1a: Arceus|Arceus, shiny|62/100
|move|p2a: Arcoos|Extreme Speed|p1a: Arceus
|-damage|p1a: Arceus|48/100
|
|-sideend|p1: Naofumi_Bakugo_Jax|move: Tailwind
|upkeep
|turn|6
|
|t:|1665279349
|move|p2a: Arcoos|Earthquake|p1a: Arceus
|-damage|p1a: Arceus|37/100
|move|p1a: Arceus|Tailwind|p1a: Arceus
|-sidestart|p1: Naofumi_Bakugo_Jax|move: Tailwind
|
|upkeep
|turn|7
|inactive|Naofumi_Bakugo_Jax has 120 seconds left.
|
|t:|1665279354
|move|p1a: Arceus|Extreme Speed|p2a: Arcoos
|-damage|p2a: Arcoos|70/100
|move|p2a: Arcoos|Extreme Speed|p1a: Arceus
|-damage|p1a: Arceus|23/100
|
|-heal|p2a: Arcoos|76/100|[from] item: Leftovers
|upkeep
|turn|8
|
|t:|1665279369
|move|p1a: Arceus|Extreme Speed|p2a: Arcoos
|-damage|p2a: Arcoos|46/100
|move|p2a: Arcoos|Recover|p2a: Arcoos
|-heal|p2a: Arcoos|96/100
|
|-heal|p2a: Arcoos|100/100|[from] item: Leftovers
|-sideend|p1: Naofumi_Bakugo_Jax|Reflect
|upkeep
|turn|9
|
|t:|1665279377
|move|p2a: Arcoos|Extreme Speed|p1a: Arceus
|-damage|p1a: Arceus|0 fnt
|faint|p1a: Arceus
|
|-sideend|p1: Naofumi_Bakugo_Jax|move: Tailwind
|upkeep
|c|☆TechnoEye303|....
|inactive|Naofumi_Bakugo_Jax has 120 seconds left.
|
|t:|1665279397
|switch|p1a: Calyrex|Calyrex-Shadow|100/100
|-ability|p1a: Calyrex|As One
|-ability|p1a: Calyrex|Unnerve
|turn|10
|
|t:|1665279405
|move|p1a: Calyrex|Nasty Plot|p1a: Calyrex
|-boost|p1a: Calyrex|spa|2
|move|p2a: Arcoos|Shadow Claw|p1a: Calyrex
|-supereffective|p1a: Calyrex
|-enditem|p1a: Calyrex|Focus Sash
|-damage|p1a: Calyrex|1/100
|
|upkeep
|turn|11
|
|t:|1665279415
|move|p1a: Calyrex|Baton Pass|p1a: Calyrex
|
|t:|1665279416
|switch|p1a: Yveltal|Yveltal, shiny|100/100|[from]move: Baton Pass
|-ability|p1a: Yveltal|Dark Aura
|move|p2a: Arcoos|Shadow Claw|p1a: Yveltal
|-resisted|p1a: Yveltal
|-damage|p1a: Yveltal|89/100
|
|upkeep
|turn|12
|inactive|Naofumi_Bakugo_Jax has 120 seconds left.
|
|t:|1665279457
|-start|p1a: Yveltal|Dynamax|
|-heal|p1a: Yveltal|89/100|[silent]
|move|p2a: Arcoos|Extreme Speed|p1a: Yveltal
|-damage|p1a: Yveltal|70/100
|move|p1a: Yveltal|Max Airstream|p2a: Arcoos
|-damage|p2a: Arcoos|0 fnt
|-boost|p1a: Yveltal|spe|1
|faint|p2a: Arcoos
|
|upkeep
|c|☆TechnoEye303|Come on Bakugo..... Show what u got....
|
|t:|1665279479
|switch|p2a: Lugia|Lugia, shiny|100/100
|-damage|p2a: Lugia|76/100|[from] Stealth Rock
|turn|13
|
|t:|1665279484
|move|p1a: Yveltal|Max Darkness|p2a: Lugia
|-supereffective|p2a: Lugia
|-damage|p2a: Lugia|0 fnt
|faint|p2a: Lugia
|
|upkeep
|
|t:|1665279499
|switch|p2a: Dragoon|Rayquaza|100/100
|-damage|p2a: Dragoon|75/100|[from] Stealth Rock
|-ability|p2a: Dragoon|Air Lock
|turn|14
|
|t:|1665279513
|detailschange|p2a: Dragoon|Rayquaza-Mega
|-mega|p2a: Dragoon|Rayquaza|
|-weather|DeltaStream|[from] ability: Delta Stream|[of] p2a: Dragoon
|move|p1a: Yveltal|Max Darkness|p2a: Dragoon
|-damage|p2a: Dragoon|0 fnt
|faint|p2a: Dragoon
|-weather|none
|
|upkeep
|
|t:|1665279525
|switch|p2a: Zacian|Zacian-Crowned|100/100
|-damage|p2a: Zacian|94/100|[from] Stealth Rock
|-ability|p2a: Zacian|Intrepid Sword|boost
|-boost|p2a: Zacian|atk|1
|-end|p1a: Yveltal|Dynamax
|-heal|p1a: Yveltal|70/100|[silent]
|turn|15
|inactive|TechnoEye303 has 120 seconds left.
|
|t:|1665279541
|move|p1a: Yveltal|Tailwind|p1a: Yveltal
|-sidestart|p1: Naofumi_Bakugo_Jax|move: Tailwind
|move|p2a: Zacian|Play Rough|p1a: Yveltal
|-supereffective|p1a: Yveltal
|-damage|p1a: Yveltal|0 fnt
|faint|p1a: Yveltal
|
|upkeep
|
|t:|1665279553
|switch|p1a: Zacian|Zacian-Crowned|100/100
|-ability|p1a: Zacian|Intrepid Sword|boost
|-boost|p1a: Zacian|atk|1
|turn|16
|inactive|TechnoEye303 has 120 seconds left.
|
|t:|1665279575
|move|p1a: Zacian|Behemoth Blade|p2a: Zacian
|-damage|p2a: Zacian|0 fnt
|faint|p2a: Zacian
|
|upkeep
|
|t:|1665279586
|switch|p2a: Calyrex|Calyrex-Shadow|100/100
|-ability|p2a: Calyrex|As One
|-ability|p2a: Calyrex|Unnerve
|-damage|p2a: Calyrex|88/100|[from] Stealth Rock
|turn|17
|
|t:|1665279599
|-start|p2a: Calyrex|Dynamax|
|-heal|p2a: Calyrex|88/100|[silent]
|move|p1a: Zacian|Behemoth Blade|p2a: Calyrex
|-damage|p2a: Calyrex|0 fnt
|faint|p2a: Calyrex
|
|upkeep
|
|t:|1665279606
|switch|p2a: Marshmallow|Marshadow|100/100
|-damage|p2a: Marshmallow|94/100|[from] Stealth Rock
|turn|18
|inactive|TechnoEye303 has 120 seconds left.
|
|t:|1665279611
|move|p2a: Marshmallow|Shadow Sneak|p1a: Zacian
|-damage|p1a: Zacian|71/100
|move|p1a: Zacian|Psychic Fangs|p2a: Marshmallow
|-supereffective|p2a: Marshmallow
|-damage|p2a: Marshmallow|0 fnt
|faint|p2a: Marshmallow
|
|win|Naofumi_Bakugo_Jax
|raw|Naofumi_Bakugo_Jax's rating: 1571 &rarr; <strong>1589</strong><br />(+18 for winning)
|raw|TechnoEye303's rating: 1533 &rarr; <strong>1515</strong><br />(-18 for losing)
|l|☆TechnoEye303
||Ladder isn't responding, score probably updated but might not have (Request timeout).
