|j|☆EZ Bake Mac n GG
|j|☆starkorea74
|player|p1|EZ Bake Mac n GG|boarder|1864
|player|p2|starkorea74|cynthia|1879
|teamsize|p1|6
|teamsize|p2|6
|gametype|singles
|gen|8
|tier|[Gen 8] National Dex AG
|rated|
|clearpoke
|poke|p1|Deoxys-Speed|
|poke|p1|Rayquaza|
|poke|p1|Yveltal|
|poke|p1|Ditto|
|poke|p1|Zacian-Crowned|
|poke|p1|Arceus-*|
|poke|p2|Necrozma-Dusk-Mane|
|poke|p2|Ho-Oh|
|poke|p2|Ditto|
|poke|p2|Arceus-*|
|poke|p2|Rayquaza|
|poke|p2|Yveltal|
|rule|HP Percentage Mod: HP is shown in percentages
|rule|Endless Battle Clause: Forcing endless battles is banned
|teampreview
|
|start
|switch|p1a: Deoxys|Deoxys-Speed|100/100
|switch|p2a: Rayquaza|Rayquaza|100/100
|-ability|p1a: Deoxys|Pressure
|-ability|p2a: Rayquaza|Air Lock
|turn|1
|
|move|p1a: Deoxys|Stealth Rock|p2a: Rayquaza
|-sidestart|p2: starkorea74|move: Stealth Rock
|move|p2a: Rayquaza|Dragon Ascent|p1a: Deoxys
|-enditem|p1a: Deoxys|Focus Sash
|-damage|p1a: Deoxys|1/100
|-unboost|p2a: Rayquaza|def|1
|-unboost|p2a: Rayquaza|spd|1
|-damage|p2a: Rayquaza|91/100|[from] item: Life Orb
|
|upkeep
|turn|2
|
|detailschange|p2a: Rayquaza|Rayquaza-Mega
|-mega|p2a: Rayquaza|Rayquaza|
|-weather|DeltaStream|[from] ability: Delta Stream|[of] p2a: Rayquaza
|move|p2a: Rayquaza|Extreme Speed|p1a: Deoxys
|-damage|p1a: Deoxys|0 fnt
|-damage|p2a: Rayquaza|81/100|[from] item: Life Orb
|faint|p1a: Deoxys
|
|-weather|DeltaStream|[upkeep]
|upkeep
|
|switch|p1a: Arceus|Arceus-Ghost|100/100
|turn|3
|
|move|p1a: Arceus|Swords Dance|p1a: Arceus
|-boost|p1a: Arceus|atk|2
|move|p2a: Rayquaza|Dragon Ascent|p1a: Arceus
|-crit|p1a: Arceus
|-damage|p1a: Arceus|0 fnt
|-unboost|p2a: Rayquaza|def|1
|-unboost|p2a: Rayquaza|spd|1
|-damage|p2a: Rayquaza|71/100|[from] item: Life Orb
|faint|p1a: Arceus
|
|-weather|DeltaStream|[upkeep]
|upkeep
|c|☆EZ Bake Mac n GG|k
|
|switch|p1a: Yveltal|Yveltal|100/100
|-ability|p1a: Yveltal|Dark Aura
|turn|4
|inactive|Battle timer is ON: inactive players will automatically lose when time's up. (requested by EZ Bake Mac n GG)
|c|☆starkorea74|srry
|
|-start|p1a: Yveltal|Dynamax
|-heal|p1a: Yveltal|100/100|[silent]
|move|p2a: Rayquaza|Dragon Ascent|p1a: Yveltal
|-damage|p1a: Yveltal|52/100
|-unboost|p2a: Rayquaza|def|1
|-unboost|p2a: Rayquaza|spd|1
|-damage|p2a: Rayquaza|61/100|[from] item: Life Orb
|move|p1a: Yveltal|Max Airstream|p2a: Rayquaza
|-damage|p2a: Rayquaza|0 fnt
|-boost|p1a: Yveltal|spe|1
|-damage|p1a: Yveltal|47/100|[from] item: Life Orb
|faint|p2a: Rayquaza
|-weather|none
|
|upkeep
|
|switch|p2a: Arceus|Arceus-Fairy|100/100
|-damage|p2a: Arceus|88/100|[from] Stealth Rock
|turn|5
|
|move|p1a: Yveltal|Max Airstream|p2a: Arceus
|-damage|p2a: Arceus|38/100
|-boost|p1a: Yveltal|spe|1
|-damage|p1a: Yveltal|42/100|[from] item: Life Orb
|move|p2a: Arceus|Judgment|p1a: Yveltal
|-supereffective|p1a: Yveltal
|-damage|p1a: Yveltal|1/100
|
|upkeep
|turn|6
|
|move|p1a: Yveltal|Max Airstream|p2a: Arceus
|-damage|p2a: Arceus|0 fnt
|-boost|p1a: Yveltal|spe|1
|-damage|p1a: Yveltal|0 fnt|[from] item: Life Orb
|faint|p2a: Arceus
|faint|p1a: Yveltal
|
|upkeep
|
|switch|p1a: Rayquaza|Rayquaza|100/100
|switch|p2a: Necrozma|Necrozma-Dusk-Mane|100/100
|-ability|p1a: Rayquaza|Air Lock
|-damage|p2a: Necrozma|94/100|[from] Stealth Rock
|turn|7
|
|detailschange|p1a: Rayquaza|Rayquaza-Mega
|-mega|p1a: Rayquaza|Rayquaza|
|-weather|DeltaStream|[from] ability: Delta Stream|[of] p1a: Rayquaza
|move|p1a: Rayquaza|Earthquake|p2a: Necrozma
|-supereffective|p2a: Necrozma
|-damage|p2a: Necrozma|45/100
|-damage|p1a: Rayquaza|91/100|[from] item: Life Orb
|move|p2a: Necrozma|Knock Off|p1a: Rayquaza
|-damage|p1a: Rayquaza|59/100
|-enditem|p1a: Rayquaza|Life Orb|[from] move: Knock Off|[of] p2a: Necrozma
|
|-weather|DeltaStream|[upkeep]
|-heal|p2a: Necrozma|51/100|[from] item: Leftovers
|upkeep
|turn|8
|
|move|p1a: Rayquaza|Earthquake|p2a: Necrozma
|-supereffective|p2a: Necrozma
|-damage|p2a: Necrozma|12/100
|move|p2a: Necrozma|Morning Sun|p2a: Necrozma
|-heal|p2a: Necrozma|62/100
|
|-weather|DeltaStream|[upkeep]
|-heal|p2a: Necrozma|68/100|[from] item: Leftovers
|upkeep
|turn|9
|
|move|p1a: Rayquaza|Dragon Dance|p1a: Rayquaza
|-boost|p1a: Rayquaza|atk|1
|-boost|p1a: Rayquaza|spe|1
|move|p2a: Necrozma|Morning Sun|p2a: Necrozma
|-heal|p2a: Necrozma|100/100
|
|-weather|DeltaStream|[upkeep]
|upkeep
|turn|10
|
|move|p1a: Rayquaza|Earthquake|p2a: Necrozma
|-supereffective|p2a: Necrozma
|-damage|p2a: Necrozma|38/100
|move|p2a: Necrozma|Sunsteel Strike|p1a: Rayquaza
|-damage|p1a: Rayquaza|7/100
|
|-weather|DeltaStream|[upkeep]
|-heal|p2a: Necrozma|44/100|[from] item: Leftovers
|upkeep
|turn|11
|
|switch|p2a: Ho-Oh|Ho-Oh|100/100
|move|p1a: Rayquaza|Earthquake|p2a: Ho-Oh
|-immune|p2a: Ho-Oh
|
|-weather|DeltaStream|[upkeep]
|upkeep
|turn|12
|
|move|p1a: Rayquaza|Dragon Ascent|p2a: Ho-Oh
|-damage|p2a: Ho-Oh|10/100
|-unboost|p1a: Rayquaza|def|1
|-unboost|p1a: Rayquaza|spd|1
|move|p2a: Ho-Oh|Sacred Fire|p1a: Rayquaza
|-resisted|p1a: Rayquaza
|-damage|p1a: Rayquaza|0 fnt
|faint|p1a: Rayquaza
|-weather|none
|
|upkeep
|
|switch|p1a: Ditto|Ditto|100/100
|-transform|p1a: Ditto|p2a: Ho-Oh|[from] ability: Imposter
|turn|13
|
|switch|p2a: Necrozma|Necrozma-Dusk-Mane|44/100
|-damage|p2a: Necrozma|38/100|[from] Stealth Rock
|move|p1a: Ditto|Sacred Fire|p2a: Necrozma
|-supereffective|p2a: Necrozma
|-damage|p2a: Necrozma|2/100
|-status|p2a: Necrozma|brn
|
|-heal|p2a: Necrozma|8/100 brn|[from] item: Leftovers
|-damage|p2a: Necrozma|2/100 brn|[from] brn
|upkeep
|turn|14
|
|switch|p1a: Zacian|Zacian-Crowned|100/100
|-ability|p1a: Zacian|Intrepid Sword|boost
|-boost|p1a: Zacian|atk|1
|move|p2a: Necrozma|Morning Sun|p2a: Necrozma
|-heal|p2a: Necrozma|52/100 brn
|
|-heal|p2a: Necrozma|58/100 brn|[from] item: Leftovers
|-damage|p2a: Necrozma|52/100 brn|[from] brn
|upkeep
|turn|15
|
|move|p1a: Zacian|Substitute|p1a: Zacian
|-start|p1a: Zacian|Substitute
|-damage|p1a: Zacian|76/100
|move|p2a: Necrozma|Sunsteel Strike|p1a: Zacian
|-activate|p1a: Zacian|move: Substitute|[damage]
|
|-heal|p2a: Necrozma|58/100 brn|[from] item: Leftovers
|-damage|p2a: Necrozma|52/100 brn|[from] brn
|upkeep
|turn|16
|
|move|p1a: Zacian|Close Combat|p2a: Necrozma
|-damage|p2a: Necrozma|11/100 brn
|-unboost|p1a: Zacian|def|1
|-unboost|p1a: Zacian|spd|1
|move|p2a: Necrozma|Morning Sun|p2a: Necrozma
|-heal|p2a: Necrozma|61/100 brn
|
|-heal|p2a: Necrozma|67/100 brn|[from] item: Leftovers
|-damage|p2a: Necrozma|61/100 brn|[from] brn
|upkeep
|turn|17
|
|move|p1a: Zacian|Close Combat|p2a: Necrozma
|-damage|p2a: Necrozma|22/100 brn
|-unboost|p1a: Zacian|def|1
|-unboost|p1a: Zacian|spd|1
|move|p2a: Necrozma|Morning Sun|p2a: Necrozma
|-heal|p2a: Necrozma|72/100 brn
|
|-heal|p2a: Necrozma|78/100 brn|[from] item: Leftovers
|-damage|p2a: Necrozma|72/100 brn|[from] brn
|upkeep
|turn|18
|
|move|p1a: Zacian|Close Combat|p2a: Necrozma
|-damage|p2a: Necrozma|33/100 brn
|-unboost|p1a: Zacian|def|1
|-unboost|p1a: Zacian|spd|1
|move|p2a: Necrozma|Morning Sun|p2a: Necrozma
|-heal|p2a: Necrozma|83/100 brn
|
|-heal|p2a: Necrozma|89/100 brn|[from] item: Leftovers
|-damage|p2a: Necrozma|83/100 brn|[from] brn
|upkeep
|turn|19
|
|move|p1a: Zacian|Close Combat|p2a: Necrozma
|-damage|p2a: Necrozma|42/100 brn
|-unboost|p1a: Zacian|def|1
|-unboost|p1a: Zacian|spd|1
|move|p2a: Necrozma|Morning Sun|p2a: Necrozma
|-heal|p2a: Necrozma|92/100 brn
|
|-heal|p2a: Necrozma|98/100 brn|[from] item: Leftovers
|-damage|p2a: Necrozma|92/100 brn|[from] brn
|upkeep
|turn|20
|
|switch|p2a: Ho-Oh|Ho-Oh|43/100
|move|p1a: Zacian|Close Combat|p2a: Ho-Oh
|-resisted|p2a: Ho-Oh
|-damage|p2a: Ho-Oh|20/100
|-unboost|p1a: Zacian|def|1
|-unboost|p1a: Zacian|spd|1
|
|upkeep
|turn|21
|
|switch|p2a: Necrozma|Necrozma-Dusk-Mane|92/100 brn
|-damage|p2a: Necrozma|86/100 brn|[from] Stealth Rock
|move|p1a: Zacian|Behemoth Blade|p2a: Necrozma
|-resisted|p2a: Necrozma
|-damage|p2a: Necrozma|60/100 brn
|
|-heal|p2a: Necrozma|66/100 brn|[from] item: Leftovers
|-damage|p2a: Necrozma|60/100 brn|[from] brn
|upkeep
|turn|22
|
|switch|p2a: Ho-Oh|Ho-Oh|53/100
|move|p1a: Zacian|Close Combat|p2a: Ho-Oh
|-resisted|p2a: Ho-Oh
|-damage|p2a: Ho-Oh|28/100
|-unboost|p1a: Zacian|def|1
|-unboost|p1a: Zacian|spd|1
|
|upkeep
|turn|23
|
|switch|p2a: Necrozma|Necrozma-Dusk-Mane|60/100 brn
|-damage|p2a: Necrozma|54/100 brn|[from] Stealth Rock
|move|p1a: Zacian|Wild Charge|p2a: Necrozma
|-damage|p2a: Necrozma|25/100 brn
|-damage|p1a: Zacian|67/100|[from] Recoil
|
|-heal|p2a: Necrozma|31/100 brn|[from] item: Leftovers
|-damage|p2a: Necrozma|25/100 brn|[from] brn
|upkeep
|turn|24
|
|switch|p2a: Ho-Oh|Ho-Oh|61/100
|move|p1a: Zacian|Wild Charge|p2a: Ho-Oh
|-supereffective|p2a: Ho-Oh
|-damage|p2a: Ho-Oh|0 fnt
|-damage|p1a: Zacian|48/100|[from] Recoil
|faint|p2a: Ho-Oh
|
|upkeep
|
|switch|p2a: Yveltal|Yveltal|100/100
|-damage|p2a: Yveltal|76/100|[from] Stealth Rock
|-ability|p2a: Yveltal|Dark Aura
|turn|25
|
|move|p1a: Zacian|Behemoth Blade|p2a: Yveltal
|-damage|p2a: Yveltal|0 fnt
|faint|p2a: Yveltal
|
|upkeep
|
|switch|p2a: Necrozma|Necrozma-Dusk-Mane|25/100 brn
|-damage|p2a: Necrozma|19/100 brn|[from] Stealth Rock
|turn|26
|c|☆EZ Bake Mac n GG|gg
|
|-start|p2a: Necrozma|Dynamax
|-heal|p2a: Necrozma|19/100 brn|[silent]
|move|p1a: Zacian|Close Combat|p2a: Necrozma
|-damage|p2a: Necrozma|0 fnt
|faint|p2a: Necrozma
|
|upkeep
|-message|starkorea74 forfeited.
|
|win|EZ Bake Mac n GG
|l|☆starkorea74
||Ladder (probably) updated, but score could not be retrieved (Response not received).
