|j|☆Pokefuneral
|j|☆Emorawr79
|t:|1660533694
|gametype|singles
|player|p1|Pokefuneral|102|1562
|player|p2|Emorawr79|ghetsis|1802
|teamsize|p1|6
|teamsize|p2|6
|gen|8
|tier|[Gen 8] National Dex AG
|rated|
|rule|HP Percentage Mod: HP is shown in percentages
|rule|Endless Battle Clause: Forcing endless battles is banned
|clearpoke
|poke|p1|Mewtwo|
|poke|p1|Zacian-*|
|poke|p1|Yveltal|
|poke|p1|Ditto|
|poke|p1|Arceus-*|
|poke|p1|Arceus-*|
|poke|p2|Calyrex-Shadow|
|poke|p2|Zygarde|
|poke|p2|Yveltal|
|poke|p2|Ho-Oh|
|poke|p2|Smeargle, F|
|poke|p2|Rayquaza|
|teampreview
|
|t:|1660533707
|start
|switch|p1a: Mewtwo|Mewtwo|100/100
|switch|p2a: Rayquaza|Rayquaza|100/100
|-ability|p1a: Mewtwo|Unnerve
|-ability|p2a: Rayquaza|Air Lock
|turn|1
|
|t:|1660533709
|detailschange|p2a: Rayquaza|Rayquaza-Mega
|-mega|p2a: Rayquaza|Rayquaza|
|-weather|DeltaStream|[from] ability: Delta Stream|[of] p2a: Rayquaza
|move|p1a: Mewtwo|Ice Beam|p2a: Rayquaza
|-activate||deltastream
|-supereffective|p2a: Rayquaza
|-enditem|p2a: Rayquaza|Focus Sash
|-damage|p2a: Rayquaza|1/100
|move|p2a: Rayquaza|Scale Shot|p1a: Mewtwo
|-damage|p1a: Mewtwo|83/100
|-damage|p1a: Mewtwo|67/100
|-hitcount|p1a: Mewtwo|2
|-unboost|p2a: Rayquaza|def|1
|-boost|p2a: Rayquaza|spe|1
|
|-weather|DeltaStream|[upkeep]
|upkeep
|turn|2
|
|t:|1660533725
|switch|p1a: Arceus|Arceus|100/100
|move|p2a: Rayquaza|Dragon Ascent|p1a: Arceus
|-damage|p1a: Arceus|49/100
|-unboost|p2a: Rayquaza|def|1
|-unboost|p2a: Rayquaza|spd|1
|
|-weather|DeltaStream|[upkeep]
|upkeep
|turn|3
|
|t:|1660533728
|move|p1a: Arceus|Extreme Speed|p2a: Rayquaza
|-damage|p2a: Rayquaza|0 fnt
|faint|p2a: Rayquaza
|-weather|none
|
|upkeep
|
|t:|1660533731
|switch|p2a: Smeargle|Smeargle, F|100/100
|turn|4
|
|t:|1660533735
|move|p1a: Arceus|Toxic|p2a: Smeargle
|-status|p2a: Smeargle|tox
|move|p2a: Smeargle|Spore|p1a: Arceus
|-status|p1a: Arceus|slp|[from] move: Spore
|
|-damage|p2a: Smeargle|95/100 tox|[from] psn
|-ability|p2a: Smeargle|Moody|boost
|-boost|p2a: Smeargle|def|2
|-unboost|p2a: Smeargle|spa|1
|upkeep
|turn|5
|j| Austin0121
|
|t:|1660533741
|cant|p1a: Arceus|slp
|move|p2a: Smeargle|Stealth Rock|p1a: Arceus
|-sidestart|p1: Pokefuneral|move: Stealth Rock
|
|-damage|p2a: Smeargle|83/100 tox|[from] psn
|-ability|p2a: Smeargle|Moody|boost
|-boost|p2a: Smeargle|def|2
|-unboost|p2a: Smeargle|spe|1
|upkeep
|turn|6
|inactive|Battle timer is ON: inactive players will automatically lose when time's up. (requested by Emorawr79)
|
|t:|1660533744
|cant|p1a: Arceus|slp
|move|p2a: Smeargle|Endeavor|p1a: Arceus
|-damage|p1a: Arceus|41/100 slp
|
|-damage|p2a: Smeargle|65/100 tox|[from] psn
|-ability|p2a: Smeargle|Moody|boost
|-boost|p2a: Smeargle|spa|2
|-unboost|p2a: Smeargle|spd|1
|upkeep
|turn|7
|
|t:|1660533753
|-curestatus|p1a: Arceus|slp|[msg]
|move|p1a: Arceus|Extreme Speed|p2a: Smeargle
|-damage|p2a: Smeargle|26/100 tox
|move|p2a: Smeargle|Extreme Speed|p1a: Arceus
|-damage|p1a: Arceus|30/100
|
|-damage|p2a: Smeargle|3/100 tox|[from] psn
|-ability|p2a: Smeargle|Moody|boost
|-boost|p2a: Smeargle|def|2
|-unboost|p2a: Smeargle|spe|1
|upkeep
|turn|8
|
|t:|1660533757
|move|p1a: Arceus|Protect|p1a: Arceus
|-singleturn|p1a: Arceus|Protect
|move|p2a: Smeargle|Extreme Speed|p1a: Arceus
|-activate|p1a: Arceus|move: Protect
|
|-damage|p2a: Smeargle|0 fnt|[from] psn
|faint|p2a: Smeargle
|upkeep
|
|t:|1660533772
|switch|p2a: Zygarde|Zygarde|100/100
|turn|9
|
|t:|1660533777
|switch|p1a: Arceus|Arceus-Ground|100/100
|-damage|p1a: Arceus|94/100|[from] Stealth Rock
|move|p2a: Zygarde|Glare|p1a: Arceus
|-status|p1a: Arceus|par
|
|upkeep
|turn|10
|
|t:|1660533782
|move|p2a: Zygarde|Substitute|p2a: Zygarde
|-start|p2a: Zygarde|Substitute
|-damage|p2a: Zygarde|75/100
|cant|p1a: Arceus|par
|
|-heal|p2a: Zygarde|82/100|[from] item: Leftovers
|upkeep
|turn|11
|
|t:|1660533788
|move|p2a: Zygarde|Coil|p2a: Zygarde
|-boost|p2a: Zygarde|atk|1
|-boost|p2a: Zygarde|def|1
|-boost|p2a: Zygarde|accuracy|1
|move|p1a: Arceus|Roar|p2a: Zygarde
|drag|p2a: Yveltal|Yveltal|100/100
|-ability|p2a: Yveltal|Dark Aura
|
|upkeep
|turn|12
|
|t:|1660533795
|move|p2a: Yveltal|Taunt|p1a: Arceus
|-start|p1a: Arceus|move: Taunt
|cant|p1a: Arceus|move: Taunt|Defog
|
|upkeep
|turn|13
|
|t:|1660533800
|move|p2a: Yveltal|Dark Pulse|p1a: Arceus
|-damage|p1a: Arceus|47/100 par
|-damage|p2a: Yveltal|91/100|[from] item: Life Orb
|move|p1a: Arceus|Ice Beam|p2a: Yveltal
|-supereffective|p2a: Yveltal
|-damage|p2a: Yveltal|51/100
|
|upkeep
|turn|14
|
|t:|1660533808
|move|p2a: Yveltal|Dark Pulse|p1a: Arceus
|-damage|p1a: Arceus|0 fnt
|faint|p1a: Arceus
|-damage|p2a: Yveltal|41/100|[from] item: Life Orb
|
|upkeep
|
|t:|1660533814
|switch|p1a: Zacian|Zacian-Crowned, shiny|100/100
|-damage|p1a: Zacian|94/100|[from] Stealth Rock
|-ability|p1a: Zacian|Intrepid Sword|boost
|-boost|p1a: Zacian|atk|1
|turn|15
|
|t:|1660533820
|move|p1a: Zacian|Behemoth Blade|p2a: Yveltal
|-damage|p2a: Yveltal|0 fnt
|faint|p2a: Yveltal
|
|upkeep
|inactive|Emorawr79 has 120 seconds left.
|
|t:|1660533866
|switch|p2a: Zygarde|Zygarde|82/100
|turn|16
|
|t:|1660533878
|move|p1a: Zacian|Behemoth Blade|p2a: Zygarde
|-damage|p2a: Zygarde|30/100
|move|p2a: Zygarde|Glare|p1a: Zacian
|-status|p1a: Zacian|par
|
|-heal|p2a: Zygarde|36/100|[from] item: Leftovers
|-activate|p2a: Zygarde|ability: Power Construct
|detailschange|p2a: Zygarde|Zygarde-Complete
|-heal|p2a: Zygarde|58/100|[silent]
|upkeep
|turn|17
|inactive|Emorawr79 has 120 seconds left.
|
|t:|1660533893
|cant|p1a: Zacian|par
|move|p2a: Zygarde|Thousand Arrows|p1a: Zacian
|-supereffective|p1a: Zacian
|-damage|p1a: Zacian|37/100 par
|
|-heal|p2a: Zygarde|64/100|[from] item: Leftovers
|upkeep
|turn|18
|
|t:|1660533896
|move|p1a: Zacian|Behemoth Blade|p2a: Zygarde
|-damage|p2a: Zygarde|33/100
|move|p2a: Zygarde|Substitute|p2a: Zygarde
|-start|p2a: Zygarde|Substitute
|-damage|p2a: Zygarde|8/100
|
|-heal|p2a: Zygarde|14/100|[from] item: Leftovers
|upkeep
|turn|19
|
|t:|1660533900
|move|p1a: Zacian|Behemoth Blade|p2a: Zygarde
|-end|p2a: Zygarde|Substitute
|move|p2a: Zygarde|Thousand Arrows|p1a: Zacian
|-supereffective|p1a: Zacian
|-damage|p1a: Zacian|0 fnt
|faint|p1a: Zacian
|
|-heal|p2a: Zygarde|20/100|[from] item: Leftovers
|upkeep
|
|t:|1660533904
|switch|p1a: Mewtwo|Mewtwo|67/100
|-ability|p1a: Mewtwo|Unnerve
|-damage|p1a: Mewtwo|54/100|[from] Stealth Rock
|turn|20
|
|t:|1660533908
|move|p1a: Mewtwo|Psystrike|p2a: Zygarde
|-crit|p2a: Zygarde
|-damage|p2a: Zygarde|0 fnt
|faint|p2a: Zygarde
|
|upkeep
|
|t:|1660533909
|switch|p2a: Calyrex|Calyrex-Shadow|100/100
|-ability|p2a: Calyrex|As One
|-ability|p2a: Calyrex|Unnerve
|turn|21
|
|t:|1660533912
|switch|p1a: Arceus|Arceus|30/100
|-damage|p1a: Arceus|18/100|[from] Stealth Rock
|move|p2a: Calyrex|Astral Barrage|p1a: Arceus
|-immune|p1a: Arceus
|
|upkeep
|turn|22
|
|t:|1660533918
|move|p2a: Calyrex|Psyshock|p1a: Arceus
|-damage|p1a: Arceus|0 fnt
|faint|p1a: Arceus
|-ability|p2a: Calyrex|Grim Neigh|boost
|-boost|p2a: Calyrex|spa|1
|
|upkeep
|
|t:|1660533922
|switch|p1a: Ditto|Ditto|100/100
|-damage|p1a: Ditto|88/100|[from] Stealth Rock
|-transform|p1a: Ditto|p2a: Calyrex|[from] ability: Imposter
|turn|23
|
|t:|1660533928
|move|p1a: Ditto|Astral Barrage|p2a: Calyrex
|-supereffective|p2a: Calyrex
|-enditem|p2a: Calyrex|Focus Sash
|-damage|p2a: Calyrex|1/100
|move|p2a: Calyrex|Astral Barrage|p1a: Ditto
|-supereffective|p1a: Ditto
|-damage|p1a: Ditto|0 fnt
|faint|p1a: Ditto
|-ability|p2a: Calyrex|Grim Neigh|boost
|-boost|p2a: Calyrex|spa|1
|
|upkeep
|
|t:|1660533932
|switch|p1a: Yveltal|Yveltal, shiny|100/100
|-damage|p1a: Yveltal|76/100|[from] Stealth Rock
|-ability|p1a: Yveltal|Dark Aura
|turn|24
|
|t:|1660533937
|-start|p1a: Yveltal|Dynamax|
|-heal|p1a: Yveltal|76/100|[silent]
|move|p2a: Calyrex|Draining Kiss|p1a: Yveltal
|-supereffective|p1a: Yveltal
|-damage|p1a: Yveltal|35/100
|-heal|p2a: Calyrex|72/100|[from] drain|[of] p1a: Yveltal
|move|p1a: Yveltal|Max Airstream|p2a: Calyrex
|-damage|p2a: Calyrex|0 fnt
|-boost|p1a: Yveltal|spe|1
|faint|p2a: Calyrex
|-damage|p1a: Yveltal|30/100|[from] item: Life Orb
|
|upkeep
|
|t:|1660533939
|switch|p2a: Ho-Oh|Ho-Oh|100/100
|turn|25
|
|t:|1660533948
|-start|p2a: Ho-Oh|Dynamax|
|-heal|p2a: Ho-Oh|100/100|[silent]
|move|p2a: Ho-Oh|Max Guard|p2a: Ho-Oh
|-singleturn|p2a: Ho-Oh|Max Guard
|move|p1a: Yveltal|Max Rockfall|p2a: Ho-Oh
|-activate|p2a: Ho-Oh|move: Max Guard
|
|upkeep
|turn|26
|
|t:|1660533953
|move|p1a: Yveltal|Max Rockfall|p2a: Ho-Oh
|-supereffective|p2a: Ho-Oh
|-damage|p2a: Ho-Oh|19/100
|-weather|Sandstorm
|-damage|p1a: Yveltal|25/100|[from] item: Life Orb
|move|p2a: Ho-Oh|Max Flare|p1a: Yveltal
|-crit|p1a: Yveltal
|-damage|p1a: Yveltal|0 fnt
|-weather|SunnyDay
|faint|p1a: Yveltal
|
|-weather|SunnyDay|[upkeep]
|upkeep
|
|t:|1660533958
|switch|p1a: Mewtwo|Mewtwo|54/100
|-ability|p1a: Mewtwo|Unnerve
|-damage|p1a: Mewtwo|42/100|[from] Stealth Rock
|turn|27
|
|t:|1660533959
|move|p1a: Mewtwo|Psystrike|p2a: Ho-Oh
|-damage|p2a: Ho-Oh|0 fnt
|faint|p2a: Ho-Oh
|
|win|Pokefuneral
|raw|Pokefuneral's rating: 1562 &rarr; <strong>1594</strong><br />(+32 for winning)
|raw|Emorawr79's rating: 1802 &rarr; <strong>1770</strong><br />(-32 for losing)
|l|☆Emorawr79
||Ladder isn't responding, score probably updated but might not have (Request timeout).
