|j|☆Remy Savage
|j|☆Direhands
|t:|1648229420
|gametype|singles
|player|p1|Remy Savage|buck|1527
|player|p2|Direhands|giovanni|1635
|teamsize|p1|6
|teamsize|p2|6
|gen|8
|tier|[Gen 8] National Dex AG
|rated|
|rule|HP Percentage Mod: HP is shown in percentages
|rule|Endless Battle Clause: Forcing endless battles is banned
|clearpoke
|poke|p1|Arceus-*|
|poke|p1|Yveltal|
|poke|p1|Kyogre|
|poke|p1|Giratina-Origin|
|poke|p1|Mewtwo|
|poke|p1|Victini|
|poke|p2|Zacian-*|
|poke|p2|Zygarde|
|poke|p2|Yveltal|
|poke|p2|Arceus-*|
|poke|p2|Necrozma-Dusk-Mane|
|poke|p2|Rayquaza|
|teampreview
|inactive|Battle timer is ON: inactive players will automatically lose when time's up. (requested by Remy Savage)
|
|t:|1648229429
|start
|switch|p1a: Mute Them|Mewtwo|100/100
|switch|p2a: Yveltal|Yveltal|100/100
|-ability|p1a: Mute Them|Pressure
|-ability|p2a: Yveltal|Dark Aura
|turn|1
|
|t:|1648229439
|-start|p2a: Yveltal|Dynamax
|-heal|p2a: Yveltal|100/100|[silent]
|move|p1a: Mute Them|Substitute|p1a: Mute Them
|-start|p1a: Mute Them|Substitute
|-damage|p1a: Mute Them|76/100
|move|p2a: Yveltal|Max Airstream|p1a: Mute Them
|-end|p1a: Mute Them|Substitute
|-boost|p2a: Yveltal|spe|1
|-damage|p2a: Yveltal|96/100|[from] item: Life Orb
|
|upkeep
|turn|2
|
|t:|1648229456
|detailschange|p1a: Mute Them|Mewtwo-Mega-Y
|-mega|p1a: Mute Them|Mewtwo|Mewtwonite Y
|move|p2a: Yveltal|Max Darkness|p1a: Mute Them
|-supereffective|p1a: Mute Them
|-damage|p1a: Mute Them|0 fnt
|faint|p1a: Mute Them
|-damage|p2a: Yveltal|91/100|[from] item: Life Orb
|
|upkeep
|
|t:|1648229466
|switch|p1a: Jeagerist|Yveltal|100/100
|-ability|p1a: Jeagerist|Dark Aura
|turn|3
|
|t:|1648229471
|-start|p1a: Jeagerist|Dynamax
|-heal|p1a: Jeagerist|100/100|[silent]
|move|p2a: Yveltal|Max Ooze|p1a: Jeagerist
|-damage|p1a: Jeagerist|77/100
|-boost|p2a: Yveltal|spa|1
|-damage|p2a: Yveltal|86/100|[from] item: Life Orb
|move|p1a: Jeagerist|Max Airstream|p2a: Yveltal
|-damage|p2a: Yveltal|44/100
|-boost|p1a: Jeagerist|spe|1
|
|-end|p2a: Yveltal|Dynamax
|-heal|p2a: Yveltal|44/100|[silent]
|upkeep
|turn|4
|
|t:|1648229490
|move|p1a: Jeagerist|Max Airstream|p2a: Yveltal
|-damage|p2a: Yveltal|0 fnt
|-boost|p1a: Jeagerist|spe|1
|faint|p2a: Yveltal
|
|upkeep
|
|t:|1648229498
|switch|p2a: Zygarde|Zygarde|100/100
|turn|5
|
|t:|1648229501
|move|p1a: Jeagerist|Max Darkness|p2a: Zygarde
|-damage|p2a: Zygarde|45/100
|-unboost|p2a: Zygarde|spd|1
|move|p2a: Zygarde|Glare|p1a: Jeagerist
|-status|p1a: Jeagerist|par
|
|-heal|p2a: Zygarde|51/100|[from] item: Leftovers
|-end|p1a: Jeagerist|Dynamax
|-heal|p1a: Jeagerist|77/100 par|[silent]
|upkeep
|turn|6
|
|t:|1648229514
|switch|p2a: Zacian|Zacian-Crowned|100/100
|-ability|p2a: Zacian|Intrepid Sword|boost
|-boost|p2a: Zacian|atk|1
|move|p1a: Jeagerist|Knock Off|p2a: Zacian
|-resisted|p2a: Zacian
|-damage|p2a: Zacian|75/100
|
|upkeep
|turn|7
|
|t:|1648229524
|move|p1a: Jeagerist|Sucker Punch|p2a: Zacian
|-resisted|p2a: Zacian
|-damage|p2a: Zacian|48/100
|move|p2a: Zacian|Behemoth Blade|p1a: Jeagerist
|-damage|p1a: Jeagerist|0 fnt
|faint|p1a: Jeagerist
|
|upkeep
|
|t:|1648229532
|switch|p1a: Kyoto sushi|Kyogre|100/100
|-weather|RainDance|[from] ability: Drizzle|[of] p1a: Kyoto sushi
|turn|8
|
|t:|1648229538
|move|p2a: Zacian|Quick Attack|p1a: Kyoto sushi
|-crit|p1a: Kyoto sushi
|-damage|p1a: Kyoto sushi|49/100
|move|p1a: Kyoto sushi|Ice Beam|p2a: Zacian
|-resisted|p2a: Zacian
|-damage|p2a: Zacian|33/100
|-status|p2a: Zacian|frz
|
|-weather|RainDance|[upkeep]
|upkeep
|turn|9
|
|t:|1648229549
|switch|p1a: Light Yagami|Arceus|100/100
|cant|p2a: Zacian|frz
|
|-weather|RainDance|[upkeep]
|upkeep
|turn|10
|
|t:|1648229556
|cant|p2a: Zacian|frz
|move|p1a: Light Yagami|Earthquake|p2a: Zacian
|-supereffective|p2a: Zacian
|-damage|p2a: Zacian|0 fnt
|faint|p2a: Zacian
|
|-weather|RainDance|[upkeep]
|upkeep
|
|t:|1648229562
|switch|p2a: Necrozma|Necrozma-Dusk-Mane|100/100
|turn|11
|
|t:|1648229566
|detailschange|p2a: Necrozma|Necrozma-Ultra
|-burst|p2a: Necrozma|Necrozma|Ultranecrozium Z
|move|p1a: Light Yagami|Swords Dance|p1a: Light Yagami
|-boost|p1a: Light Yagami|atk|2
|move|p2a: Necrozma|Dragon Dance|p2a: Necrozma
|-boost|p2a: Necrozma|atk|1
|-boost|p2a: Necrozma|spe|1
|
|-weather|RainDance|[upkeep]
|upkeep
|turn|12
|
|t:|1648229576
|move|p1a: Light Yagami|Extreme Speed|p2a: Necrozma
|-damage|p2a: Necrozma|12/100
|-zpower|p2a: Necrozma
|move|p2a: Necrozma|Light That Burns the Sky|p1a: Light Yagami|[zeffect]
|-damage|p1a: Light Yagami|0 fnt
|faint|p1a: Light Yagami
|
|-weather|none
|upkeep
|
|t:|1648229588
|switch|p1a: Goddess tina|Giratina-Origin|100/100
|turn|13
|
|t:|1648229592
|move|p1a: Goddess tina|Shadow Sneak|p2a: Necrozma
|-supereffective|p2a: Necrozma
|-damage|p2a: Necrozma|0 fnt
|faint|p2a: Necrozma
|
|upkeep
|
|t:|1648229597
|switch|p2a: Arceus|Arceus-Water|100/100
|turn|14
|
|t:|1648229602
|move|p1a: Goddess tina|Poltergeist|p2a: Arceus
|-activate|p2a: Arceus|move: Poltergeist|Splash Plate
|-damage|p2a: Arceus|67/100
|move|p2a: Arceus|Perish Song|p2a: Arceus
|-start|p1a: Goddess tina|perish3|[silent]
|-start|p2a: Arceus|perish3|[silent]
|-fieldactivate|move: Perish Song
|
|-start|p1a: Goddess tina|perish3
|-start|p2a: Arceus|perish3
|upkeep
|turn|15
|
|t:|1648229612
|switch|p1a: Kyoto sushi|Kyogre|49/100
|-weather|RainDance|[from] ability: Drizzle|[of] p1a: Kyoto sushi
|move|p2a: Arceus|Recover|p2a: Arceus
|-heal|p2a: Arceus|100/100
|
|-weather|RainDance|[upkeep]
|-start|p2a: Arceus|perish2
|upkeep
|turn|16
|
|t:|1648229622
|move|p1a: Kyoto sushi|Ice Beam|p2a: Arceus
|-resisted|p2a: Arceus
|-damage|p2a: Arceus|89/100
|move|p2a: Arceus|Whirlpool|p1a: Kyoto sushi
|-resisted|p1a: Kyoto sushi
|-damage|p1a: Kyoto sushi|39/100
|-activate|p1a: Kyoto sushi|move: Whirlpool|[of] p2a: Arceus
|
|-weather|RainDance|[upkeep]
|-damage|p1a: Kyoto sushi|26/100|[from] move: Whirlpool|[partiallytrapped]
|-start|p2a: Arceus|perish1
|upkeep
|turn|17
|
|t:|1648229633
|switch|p2a: Rayquaza|Rayquaza|100/100
|-ability|p2a: Rayquaza|Air Lock
|move|p1a: Kyoto sushi|Ice Beam|p2a: Rayquaza
|-supereffective|p2a: Rayquaza
|-enditem|p2a: Rayquaza|Focus Sash
|-damage|p2a: Rayquaza|1/100
|
|-weather|RainDance|[upkeep]
|-end|p1a: Kyoto sushi|Whirlpool|[partiallytrapped]|[silent]
|upkeep
|turn|18
|
|t:|1648229644
|detailschange|p2a: Rayquaza|Rayquaza-Mega
|-mega|p2a: Rayquaza|Rayquaza|
|-weather|DeltaStream|[from] ability: Delta Stream|[of] p2a: Rayquaza
|move|p1a: Kyoto sushi|Ice Beam|p2a: Rayquaza
|-activate||deltastream
|-supereffective|p2a: Rayquaza
|-damage|p2a: Rayquaza|0 fnt
|faint|p2a: Rayquaza
|-weather|none
|
|upkeep
|
|t:|1648229648
|switch|p2a: Zygarde|Zygarde|51/100
|turn|19
|
|t:|1648229655
|move|p2a: Zygarde|Extreme Speed|p1a: Kyoto sushi
|-damage|p1a: Kyoto sushi|5/100
|move|p1a: Kyoto sushi|Ice Beam|p2a: Zygarde
|-supereffective|p2a: Zygarde
|-crit|p2a: Zygarde
|-damage|p2a: Zygarde|0 fnt
|faint|p2a: Zygarde
|
|upkeep
|
|t:|1648229659
|switch|p2a: Arceus|Arceus-Water|89/100
|turn|20
|
|t:|1648229671
|move|p1a: Kyoto sushi|Ice Beam|p2a: Arceus
|-resisted|p2a: Arceus
|-damage|p2a: Arceus|79/100
|-status|p2a: Arceus|frz
|cant|p2a: Arceus|frz
|
|upkeep
|turn|21
|
|t:|1648229682
|switch|p1a: Goddess tina|Giratina-Origin|100/100
|cant|p2a: Arceus|frz
|
|upkeep
|turn|22
|
|t:|1648229688
|move|p1a: Goddess tina|Poltergeist|p2a: Arceus
|-activate|p2a: Arceus|move: Poltergeist|Splash Plate
|-crit|p2a: Arceus
|-damage|p2a: Arceus|31/100 frz
|cant|p2a: Arceus|frz
|
|upkeep
|turn|23
|
|t:|1648229695
|move|p1a: Goddess tina|Poltergeist|p2a: Arceus
|-activate|p2a: Arceus|move: Poltergeist|Splash Plate
|-damage|p2a: Arceus|0 fnt
|faint|p2a: Arceus
|
|win|Remy Savage
|raw|Remy Savage's rating: 1527 &rarr; <strong>1553</strong><br />(+26 for winning)
|raw|Direhands's rating: 1635 &rarr; <strong>1609</strong><br />(-26 for losing)
|l|☆Direhands
||Ladder isn't responding, score probably updated but might not have (Request timeout).
