|j|☆Vegeta Otsusuki
|j|☆amnael01
|t:|1665669085
|gametype|singles
|player|p1|Vegeta Otsusuki|blue-gen3two|1930
|player|p2|amnael01|170|1879
|teamsize|p1|6
|teamsize|p2|6
|gen|8
|tier|[Gen 8] National Dex AG
|rated|
|rule|HP Percentage Mod: HP is shown in percentages
|rule|Endless Battle Clause: Forcing endless battles is banned
|clearpoke
|poke|p1|Rayquaza|
|poke|p1|Arceus-*|
|poke|p1|Ditto|
|poke|p1|Zacian-*|
|poke|p1|Muk-Alola, M|
|poke|p1|Groudon|
|poke|p2|Smeargle, F|
|poke|p2|Groudon|
|poke|p2|Espeon, F|
|poke|p2|Rayquaza|
|poke|p2|Xerneas-*|
|poke|p2|Zacian-*|
|teampreview
|inactive|Battle timer is ON: inactive players will automatically lose when time's up. (requested by Vegeta Otsusuki)
|
|t:|1665669107
|start
|switch|p1a: Arceus|Arceus|100/100
|switch|p2a: Rayquaza|Rayquaza|100/100
|-ability|p2a: Rayquaza|Air Lock
|turn|1
|
|t:|1665669117
|switch|p2a: Zacian|Zacian-Crowned|100/100
|-ability|p2a: Zacian|Intrepid Sword|boost
|-boost|p2a: Zacian|atk|1
|switch|p1a: Groudon|Groudon|100/100
|-weather|SunnyDay|[from] ability: Drought|[of] p1a: Groudon
|
|-weather|SunnyDay|[upkeep]
|upkeep
|turn|2
|
|t:|1665669125
|switch|p2a: Espeon|Espeon, F|100/100
|move|p1a: Groudon|Earthquake|p2a: Espeon
|-damage|p2a: Espeon|13/100
|
|-weather|SunnyDay|[upkeep]
|upkeep
|turn|3
|
|t:|1665669131
|switch|p1a: Muk|Muk-Alola, M|100/100
|move|p2a: Espeon|Yawn|p1a: Muk
|-start|p1a: Muk|move: Yawn|[of] p2a: Espeon
|
|-weather|SunnyDay|[upkeep]
|upkeep
|turn|4
|
|t:|1665669141
|switch|p1a: Arceus|Arceus|100/100
|move|p2a: Espeon|Baton Pass|p2a: Espeon
|
|t:|1665669144
|switch|p2a: Zacian|Zacian-Crowned|100/100|[from]move: Baton Pass
|-ability|p2a: Zacian|Intrepid Sword|boost
|-boost|p2a: Zacian|atk|1
|
|-weather|SunnyDay|[upkeep]
|upkeep
|turn|5
|
|t:|1665669165
|switch|p1a: Zacian|Zacian-Crowned, shiny|100/100
|-ability|p1a: Zacian|Intrepid Sword|boost
|-boost|p1a: Zacian|atk|1
|move|p2a: Zacian|Close Combat|p1a: Zacian
|-damage|p1a: Zacian|40/100
|-unboost|p2a: Zacian|def|1
|-unboost|p2a: Zacian|spd|1
|
|-weather|none
|upkeep
|turn|6
|
|t:|1665669169
|move|p1a: Zacian|Behemoth Blade|p2a: Zacian
|-damage|p2a: Zacian|0 fnt
|faint|p2a: Zacian
|
|upkeep
|
|t:|1665669173
|switch|p2a: Groudon|Groudon|100/100
|detailschange|p2a: Groudon|Groudon-Primal
|-primal|p2a: Groudon
|-weather|DesolateLand|[from] ability: Desolate Land|[of] p2a: Groudon
|turn|7
|
|t:|1665669179
|switch|p1a: Groudon|Groudon|100/100
|-ability|p1a: Groudon|Drought|[from] desolateland|[fail]
|move|p2a: Groudon|Stealth Rock|p1a: Groudon
|-sidestart|p1: Vegeta Otsusuki|move: Stealth Rock
|
|-weather|DesolateLand|[upkeep]
|upkeep
|turn|8
|
|t:|1665669184
|-weather|none
|switch|p2a: Espeon|Espeon, F|13/100
|move|p1a: Groudon|Earthquake|p2a: Espeon
|-damage|p2a: Espeon|0 fnt
|faint|p2a: Espeon
|
|upkeep
|
|t:|1665669188
|switch|p2a: Smeargle|Smeargle, F|100/100
|turn|9
|
|t:|1665669192
|move|p2a: Smeargle|Shift Gear|p2a: Smeargle
|-boost|p2a: Smeargle|spe|2
|-boost|p2a: Smeargle|atk|1
|move|p1a: Groudon|Stealth Rock|p2a: Smeargle
|-sidestart|p2: amnael01|move: Stealth Rock
|
|-ability|p2a: Smeargle|Moody|boost
|-boost|p2a: Smeargle|atk|2
|-unboost|p2a: Smeargle|spa|1
|upkeep
|turn|10
|
|t:|1665669195
|move|p2a: Smeargle|Spore|p1a: Groudon
|-status|p1a: Groudon|slp|[from] move: Spore
|cant|p1a: Groudon|slp
|
|-ability|p2a: Smeargle|Moody|boost
|-boost|p2a: Smeargle|atk|2
|-unboost|p2a: Smeargle|spd|1
|upkeep
|turn|11
|
|t:|1665669200
|move|p2a: Smeargle|Baton Pass|p2a: Smeargle
|
|t:|1665669201
|switch|p2a: Rayquaza|Rayquaza|100/100|[from]move: Baton Pass
|-damage|p2a: Rayquaza|76/100|[from] Stealth Rock
|-ability|p2a: Rayquaza|Air Lock
|cant|p1a: Groudon|slp
|
|upkeep
|turn|12
|
|t:|1665669207
|detailschange|p2a: Rayquaza|Rayquaza-Mega
|-mega|p2a: Rayquaza|Rayquaza|
|-weather|DeltaStream|[from] ability: Delta Stream|[of] p2a: Rayquaza
|move|p2a: Rayquaza|Dragon Ascent|p1a: Groudon
|-damage|p1a: Groudon|0 fnt
|-unboost|p2a: Rayquaza|def|1
|-unboost|p2a: Rayquaza|spd|1
|faint|p1a: Groudon
|
|-weather|DeltaStream|[upkeep]
|upkeep
|
|t:|1665669211
|switch|p1a: Ditto|Ditto, shiny|100/100
|-damage|p1a: Ditto|88/100|[from] Stealth Rock
|-transform|p1a: Ditto|p2a: Rayquaza|[from] ability: Imposter
|turn|13
|
|t:|1665669214
|move|p1a: Ditto|Extreme Speed|p2a: Rayquaza
|-damage|p2a: Rayquaza|0 fnt
|faint|p2a: Rayquaza
|
|-weather|DeltaStream|[upkeep]
|upkeep
|
|t:|1665669216
|switch|p2a: Groudon|Groudon-Primal|100/100
|-damage|p2a: Groudon|88/100|[from] Stealth Rock
|-weather|DesolateLand|[from] ability: Desolate Land|[of] p2a: Groudon
|turn|14
|
|t:|1665669220
|move|p1a: Ditto|Extreme Speed|p2a: Groudon
|-damage|p2a: Groudon|12/100
|move|p2a: Groudon|Fire Punch|p1a: Ditto
|-resisted|p1a: Ditto
|-crit|p1a: Ditto
|-damage|p1a: Ditto|0 fnt
|faint|p1a: Ditto
|
|-weather|DesolateLand|[upkeep]
|upkeep
|
|t:|1665669225
|switch|p1a: Zacian|Zacian-Crowned, shiny|40/100
|-damage|p1a: Zacian|34/100|[from] Stealth Rock
|-ability|p1a: Zacian|Intrepid Sword|boost
|-boost|p1a: Zacian|atk|1
|turn|15
|
|t:|1665669229
|move|p1a: Zacian|Behemoth Blade|p2a: Groudon
|-resisted|p2a: Groudon
|-damage|p2a: Groudon|0 fnt
|faint|p2a: Groudon
|-weather|none
|
|upkeep
|
|t:|1665669231
|switch|p2a: Smeargle|Smeargle, F|100/100
|-damage|p2a: Smeargle|88/100|[from] Stealth Rock
|turn|16
|
|t:|1665669234
|move|p2a: Smeargle|Spiky Shield|p2a: Smeargle
|-singleturn|p2a: Smeargle|move: Protect
|move|p1a: Zacian|Behemoth Blade|p2a: Smeargle
|-activate|p2a: Smeargle|move: Protect
|-damage|p1a: Zacian|22/100|[from] Spiky Shield|[of] p2a: Smeargle
|
|-ability|p2a: Smeargle|Moody|boost
|-boost|p2a: Smeargle|spe|2
|-unboost|p2a: Smeargle|spd|1
|upkeep
|turn|17
|
|t:|1665669236
|move|p2a: Smeargle|Spore|p1a: Zacian
|-status|p1a: Zacian|slp|[from] move: Spore
|cant|p1a: Zacian|slp
|
|-ability|p2a: Smeargle|Moody|boost
|-boost|p2a: Smeargle|spe|2
|-unboost|p2a: Smeargle|spa|1
|upkeep
|turn|18
|
|t:|1665669241
|move|p2a: Smeargle|Shift Gear|p2a: Smeargle
|-boost|p2a: Smeargle|spe|2
|-boost|p2a: Smeargle|atk|1
|-curestatus|p1a: Zacian|slp|[msg]
|move|p1a: Zacian|Behemoth Blade|p2a: Smeargle
|-damage|p2a: Smeargle|0 fnt
|faint|p2a: Smeargle
|
|upkeep
|
|t:|1665669243
|switch|p2a: Xerneas|Xerneas|100/100
|-damage|p2a: Xerneas|88/100|[from] Stealth Rock
|-ability|p2a: Xerneas|Fairy Aura
|turn|19
|
|t:|1665669246
|move|p1a: Zacian|Behemoth Blade|p2a: Xerneas
|-supereffective|p2a: Xerneas
|-damage|p2a: Xerneas|0 fnt
|faint|p2a: Xerneas
|
|win|Vegeta Otsusuki
|raw|Vegeta Otsusuki's rating: 1930 &rarr; <strong>1947</strong><br />(+17 for winning)
|raw|amnael01's rating: 1879 &rarr; <strong>1862</strong><br />(-17 for losing)
|l|☆amnael01
