|j|☆Darkmaniman+Minus
|j|☆Diancie_hhh
|t:|1662863243
|gametype|singles
|player|p1|Darkmaniman+Minus|2|1675
|player|p2|Diancie_hhh|marnie|1764
|teamsize|p1|6
|teamsize|p2|6
|gen|8
|tier|[Gen 8] National Dex AG
|rated|
|rule|HP Percentage Mod: HP is shown in percentages
|rule|Endless Battle Clause: Forcing endless battles is banned
|clearpoke
|poke|p1|Smeargle, M|
|poke|p1|Scolipede, F|
|poke|p1|Dubwool, F|
|poke|p1|Clefable, F|
|poke|p1|Xatu, F|
|poke|p1|Umbreon, F|
|poke|p2|Arceus-*|
|poke|p2|Zacian-*|
|poke|p2|Groudon|
|poke|p2|Ho-Oh|
|poke|p2|Zygarde|
|poke|p2|Weavile, F|
|teampreview
|
|t:|1662863251
|start
|switch|p1a: Scolipede|Scolipede, F|100/100
|switch|p2a: Weavile|Weavile, F, shiny|100/100
|-ability|p2a: Weavile|Pressure
|turn|1
|j| Eteracian
|
|t:|1662863267
|move|p2a: Weavile|Triple Axel|p1a: Scolipede
|-damage|p1a: Scolipede|91/100
|-damage|p1a: Scolipede|71/100
|-hitcount|p1a: Scolipede|2
|move|p1a: Scolipede|Toxic|p2a: Weavile
|-status|p2a: Weavile|tox
|
|-heal|p1a: Scolipede|77/100|[from] item: Black Sludge
|-damage|p2a: Weavile|94/100 tox|[from] psn
|-ability|p1a: Scolipede|Speed Boost|boost
|-boost|p1a: Scolipede|spe|1
|upkeep
|turn|2
|
|t:|1662863281
|switch|p2a: 大地之神|Groudon, shiny|100/100
|detailschange|p2a: 大地之神|Groudon-Primal, shiny
|-primal|p2a: 大地之神
|-weather|DesolateLand|[from] ability: Desolate Land|[of] p2a: 大地之神
|move|p1a: Scolipede|Substitute|p1a: Scolipede
|-start|p1a: Scolipede|Substitute
|-damage|p1a: Scolipede|53/100
|
|-weather|DesolateLand|[upkeep]
|-heal|p1a: Scolipede|59/100|[from] item: Black Sludge
|-ability|p1a: Scolipede|Speed Boost|boost
|-boost|p1a: Scolipede|spe|1
|upkeep
|turn|3
|
|t:|1662863292
|move|p1a: Scolipede|Toxic|p2a: 大地之神
|-status|p2a: 大地之神|tox
|move|p2a: 大地之神|Fire Punch|p1a: Scolipede
|-supereffective|p1a: Scolipede
|-end|p1a: Scolipede|Substitute
|
|-weather|DesolateLand|[upkeep]
|-heal|p1a: Scolipede|65/100|[from] item: Black Sludge
|-damage|p2a: 大地之神|94/100 tox|[from] psn
|-ability|p1a: Scolipede|Speed Boost|boost
|-boost|p1a: Scolipede|spe|1
|upkeep
|turn|4
|
|t:|1662863300
|move|p1a: Scolipede|Protect|p1a: Scolipede
|-singleturn|p1a: Scolipede|Protect
|move|p2a: 大地之神|Stealth Rock|p1a: Scolipede
|-sidestart|p1: Darkmaniman+Minus|move: Stealth Rock
|
|-weather|DesolateLand|[upkeep]
|-heal|p1a: Scolipede|71/100|[from] item: Black Sludge
|-damage|p2a: 大地之神|82/100 tox|[from] psn
|-ability|p1a: Scolipede|Speed Boost|boost
|-boost|p1a: Scolipede|spe|1
|upkeep
|turn|5
|
|t:|1662863305
|-weather|none
|switch|p2a: Zygarde|Zygarde, shiny|100/100
|move|p1a: Scolipede|Substitute|p1a: Scolipede
|-start|p1a: Scolipede|Substitute
|-damage|p1a: Scolipede|46/100
|
|-heal|p1a: Scolipede|52/100|[from] item: Black Sludge
|-ability|p1a: Scolipede|Speed Boost|boost
|-boost|p1a: Scolipede|spe|1
|upkeep
|turn|6
|
|t:|1662863312
|move|p1a: Scolipede|Toxic|p2a: Zygarde
|-status|p2a: Zygarde|tox
|move|p2a: Zygarde|Coil|p2a: Zygarde
|-boost|p2a: Zygarde|atk|1
|-boost|p2a: Zygarde|def|1
|-boost|p2a: Zygarde|accuracy|1
|
|-heal|p1a: Scolipede|58/100|[from] item: Black Sludge
|-damage|p2a: Zygarde|94/100 tox|[from] psn
|-ability|p1a: Scolipede|Speed Boost|boost
|-boost|p1a: Scolipede|spe|1
|upkeep
|turn|7
|
|t:|1662863318
|move|p1a: Scolipede|Baton Pass|p1a: Scolipede
|
|t:|1662863322
|switch|p1a: Smeargle|Smeargle, M|100/100|[from]move: Baton Pass
|-damage|p1a: Smeargle|88/100|[from] Stealth Rock
|move|p2a: Zygarde|Thousand Arrows|p1a: Smeargle
|-end|p1a: Smeargle|Substitute
|
|-heal|p1a: Smeargle|94/100|[from] item: Leftovers
|-damage|p2a: Zygarde|82/100 tox|[from] psn
|-ability|p1a: Smeargle|Moody|boost
|-boost|p1a: Smeargle|spa|2
|-unboost|p1a: Smeargle|spe|1
|upkeep
|turn|8
|
|t:|1662863329
|move|p1a: Smeargle|Substitute|p1a: Smeargle
|-start|p1a: Smeargle|Substitute
|-damage|p1a: Smeargle|69/100
|move|p2a: Zygarde|Thousand Arrows|p1a: Smeargle
|-end|p1a: Smeargle|Substitute
|
|-heal|p1a: Smeargle|75/100|[from] item: Leftovers
|-damage|p2a: Zygarde|64/100 tox|[from] psn
|-ability|p1a: Smeargle|Moody|boost
|-boost|p1a: Smeargle|spd|2
|-unboost|p1a: Smeargle|spe|1
|upkeep
|turn|9
|
|t:|1662863337
|move|p1a: Smeargle|Substitute|p1a: Smeargle
|-start|p1a: Smeargle|Substitute
|-damage|p1a: Smeargle|50/100
|move|p2a: Zygarde|Thousand Arrows|p1a: Smeargle
|-end|p1a: Smeargle|Substitute
|
|-heal|p1a: Smeargle|57/100|[from] item: Leftovers
|-damage|p2a: Zygarde|39/100 tox|[from] psn
|-ability|p1a: Smeargle|Moody|boost
|-boost|p1a: Smeargle|def|2
|-unboost|p1a: Smeargle|spa|1
|-activate|p2a: Zygarde|ability: Power Construct
|detailschange|p2a: Zygarde|Zygarde-Complete, shiny
|-heal|p2a: Zygarde|60/100 tox|[silent]
|upkeep
|turn|10
|
|t:|1662863342
|move|p1a: Smeargle|Substitute|p1a: Smeargle
|-start|p1a: Smeargle|Substitute
|-damage|p1a: Smeargle|32/100
|move|p2a: Zygarde|Rest|p2a: Zygarde
|-status|p2a: Zygarde|slp|[from] move: Rest
|-heal|p2a: Zygarde|100/100 slp|[silent]
|-enditem|p2a: Zygarde|Chesto Berry|[eat]
|-curestatus|p2a: Zygarde|slp|[msg]
|
|-heal|p1a: Smeargle|38/100|[from] item: Leftovers
|-ability|p1a: Smeargle|Moody|boost
|-boost|p1a: Smeargle|spd|2
|-unboost|p1a: Smeargle|spa|1
|upkeep
|turn|11
|
|t:|1662863347
|move|p1a: Smeargle|Spore|p2a: Zygarde
|-status|p2a: Zygarde|slp|[from] move: Spore
|cant|p2a: Zygarde|slp
|
|-heal|p1a: Smeargle|44/100|[from] item: Leftovers
|-ability|p1a: Smeargle|Moody|boost
|-boost|p1a: Smeargle|def|2
|-unboost|p1a: Smeargle|atk|1
|upkeep
|turn|12
|
|t:|1662863354
|move|p1a: Smeargle|Ingrain|p1a: Smeargle
|-start|p1a: Smeargle|move: Ingrain
|cant|p2a: Zygarde|slp
|
|-heal|p1a: Smeargle|50/100|[from] item: Leftovers
|-heal|p1a: Smeargle|56/100|[from] Ingrain
|-ability|p1a: Smeargle|Moody|boost
|-boost|p1a: Smeargle|spa|2
|-unboost|p1a: Smeargle|def|1
|upkeep
|turn|13
|
|t:|1662863359
|move|p1a: Smeargle|Baton Pass|p1a: Smeargle
|j| Toosii 2x
|
|t:|1662863362
|switch|p1a: Clefable|Clefable, F|100/100|[from]move: Baton Pass
|-damage|p1a: Clefable|88/100|[from] Stealth Rock
|cant|p2a: Zygarde|slp
|
|-heal|p1a: Clefable|94/100|[from] Ingrain
|upkeep
|turn|14
|
|t:|1662863367
|move|p1a: Clefable|Minimize|p1a: Clefable
|-boost|p1a: Clefable|evasion|2
|-curestatus|p2a: Zygarde|slp|[msg]
|move|p2a: Zygarde|Thousand Arrows|p1a: Clefable
|-activate|p1a: Clefable|move: Substitute|[damage]
|
|-heal|p1a: Clefable|99/100|[from] Ingrain
|upkeep
|turn|15
|
|t:|1662863379
|move|p1a: Clefable|Minimize|p1a: Clefable
|-boost|p1a: Clefable|evasion|2
|move|p2a: Zygarde|Thousand Arrows|p1a: Clefable
|-end|p1a: Clefable|Substitute
|
|-heal|p1a: Clefable|100/100|[from] Ingrain
|upkeep
|turn|16
|
|t:|1662863385
|move|p1a: Clefable|Minimize|p1a: Clefable
|-boost|p1a: Clefable|evasion|2
|move|p2a: Zygarde|Glare|p1a: Clefable
|-status|p1a: Clefable|par
|
|upkeep
|turn|17
|
|t:|1662863393
|cant|p1a: Clefable|par
|move|p2a: Zygarde|Coil|p2a: Zygarde
|-boost|p2a: Zygarde|atk|1
|-boost|p2a: Zygarde|def|1
|-boost|p2a: Zygarde|accuracy|1
|
|upkeep
|turn|18
|
|t:|1662863400
|-start|p2a: Zygarde|Dynamax|
|-heal|p2a: Zygarde|100/100|[silent]
|move|p1a: Clefable|Baton Pass|p1a: Clefable
|
|t:|1662863414
|switch|p1a: Umbreon|Umbreon, F|100/100|[from]move: Baton Pass
|-damage|p1a: Umbreon|88/100|[from] Stealth Rock
|move|p2a: Zygarde|Max Quake|p1a: Umbreon
|-damage|p1a: Umbreon|55/100
|-boost|p2a: Zygarde|spd|1
|
|-heal|p1a: Umbreon|61/100|[from] Ingrain
|upkeep
|turn|19
|
|t:|1662863431
|move|p1a: Umbreon|Wish|p1a: Umbreon
|move|p2a: Zygarde|Max Quake|p1a: Umbreon
|-damage|p1a: Umbreon|31/100
|-boost|p2a: Zygarde|spd|1
|
|-heal|p1a: Umbreon|38/100|[from] Ingrain
|upkeep
|turn|20
|
|t:|1662863438
|-zpower|p1a: Umbreon
|move|p1a: Umbreon|Z-Celebrate|p1a: Umbreon|[anim]Celebrate
|-boost|p1a: Umbreon|atk|1|[zeffect]
|-boost|p1a: Umbreon|def|1|[zeffect]
|-boost|p1a: Umbreon|spa|1|[zeffect]
|-boost|p1a: Umbreon|spd|1|[zeffect]
|-boost|p1a: Umbreon|spe|1|[zeffect]
|-activate|p1a: Umbreon|move: Celebrate
|move|p2a: Zygarde|Max Quake|p1a: Umbreon
|-damage|p1a: Umbreon|12/100
|-boost|p2a: Zygarde|spd|1
|
|-heal|p1a: Umbreon|62/100|[from] move: Wish|[wisher] Umbreon
|-heal|p1a: Umbreon|68/100|[from] Ingrain
|upkeep
|-end|p2a: Zygarde|Dynamax
|-heal|p2a: Zygarde|100/100|[silent]
|turn|21
|
|t:|1662863444
|move|p1a: Umbreon|Wish|p1a: Umbreon
|move|p2a: Zygarde|Glare|p1a: Umbreon|[miss]
|-miss|p2a: Zygarde|p1a: Umbreon
|
|-heal|p1a: Umbreon|74/100|[from] Ingrain
|upkeep
|turn|22
|
|t:|1662863449
|move|p1a: Umbreon|Baton Pass|p1a: Umbreon
|
|t:|1662863451
|switch|p1a: Scolipede|Scolipede, F|58/100|[from]move: Baton Pass
|-damage|p1a: Scolipede|34/100|[from] Stealth Rock
|move|p2a: Zygarde|Glare|p1a: Scolipede
|-status|p1a: Scolipede|par
|
|-heal|p1a: Scolipede|100/100 par|[from] move: Wish|[wisher] Umbreon
|upkeep
|turn|23
|
|t:|1662863463
|move|p1a: Scolipede|Toxic|p2a: Zygarde
|-status|p2a: Zygarde|tox
|move|p2a: Zygarde|Coil|p2a: Zygarde
|-boost|p2a: Zygarde|atk|1
|-boost|p2a: Zygarde|def|1
|-boost|p2a: Zygarde|accuracy|1
|
|-damage|p2a: Zygarde|94/100 tox|[from] psn
|-ability|p1a: Scolipede|Speed Boost|boost
|-boost|p1a: Scolipede|spe|1
|upkeep
|turn|24
|
|t:|1662863482
|move|p1a: Scolipede|Baton Pass|p1a: Scolipede
|
|t:|1662863485
|switch|p1a: Smeargle|Smeargle, M|56/100|[from]move: Baton Pass
|-damage|p1a: Smeargle|43/100|[from] Stealth Rock
|move|p2a: Zygarde|Thousand Arrows|p1a: Smeargle
|-damage|p1a: Smeargle|0 fnt
|faint|p1a: Smeargle
|
|-damage|p2a: Zygarde|82/100 tox|[from] psn
|upkeep
|
|t:|1662863493
|switch|p1a: Dubwool|Dubwool, F|100/100
|-damage|p1a: Dubwool|88/100|[from] Stealth Rock
|turn|25
|
|t:|1662863499
|move|p1a: Dubwool|Cotton Guard|p1a: Dubwool
|-boost|p1a: Dubwool|def|3
|move|p2a: Zygarde|Glare|p1a: Dubwool
|-status|p1a: Dubwool|par
|
|-damage|p2a: Zygarde|63/100 tox|[from] psn
|upkeep
|turn|26
|j| Apprenti Buck
|
|t:|1662863510
|move|p2a: Zygarde|Thousand Arrows|p1a: Dubwool
|-damage|p1a: Dubwool|63/100 par
|move|p1a: Dubwool|Cotton Guard|p1a: Dubwool
|-boost|p1a: Dubwool|def|3
|
|-damage|p2a: Zygarde|38/100 tox|[from] psn
|upkeep
|turn|27
|
|t:|1662863516
|move|p2a: Zygarde|Rest|p2a: Zygarde
|-status|p2a: Zygarde|slp|[from] move: Rest
|-heal|p2a: Zygarde|100/100 slp|[silent]
|cant|p1a: Dubwool|par
|
|upkeep
|turn|28
|
|t:|1662863524
|cant|p2a: Zygarde|slp
|move|p1a: Dubwool|Baton Pass|p1a: Dubwool
|
|t:|1662863528
|switch|p1a: Clefable|Clefable, F|100/100 par|[from]move: Baton Pass
|-damage|p1a: Clefable|88/100 par|[from] Stealth Rock
|
|upkeep
|turn|29
|
|t:|1662863535
|cant|p2a: Zygarde|slp
|move|p1a: Clefable|Minimize|p1a: Clefable
|-boost|p1a: Clefable|evasion|2
|
|upkeep
|turn|30
|c|☆Darkmaniman+Minus|Just playing with my food 😁
|
|t:|1662863560
|-curestatus|p2a: Zygarde|slp|[msg]
|move|p2a: Zygarde|Coil|p2a: Zygarde
|-boost|p2a: Zygarde|atk|1
|-boost|p2a: Zygarde|def|1
|-boost|p2a: Zygarde|accuracy|1
|move|p1a: Clefable|Minimize|p1a: Clefable
|-boost|p1a: Clefable|evasion|2
|
|upkeep
|turn|31
|c| Toosii 2x|ur down one mon
|c| Toosii 2x|wytb
|c|☆Darkmaniman+Minus|Lol did u lose to me and get mad or someth
|
|t:|1662863594
|move|p2a: Zygarde|Thousand Arrows|p1a: Clefable
|-damage|p1a: Clefable|78/100 par
|move|p1a: Clefable|Minimize|p1a: Clefable
|-boost|p1a: Clefable|evasion|2
|
|upkeep
|turn|32
|c|☆Darkmaniman+Minus|U been following me
|c| Toosii 2x|never played u
|c| Toosii 2x|never seen u
|c|☆Darkmaniman+Minus|Then why
|
|t:|1662863610
|switch|p2a: 大地之神|Groudon-Primal, shiny|82/100 tox
|-weather|DesolateLand|[from] ability: Desolate Land|[of] p2a: 大地之神
|move|p1a: Clefable|Moonblast|p2a: 大地之神
|-resisted|p2a: 大地之神
|-damage|p2a: 大地之神|67/100 tox
|
|-weather|DesolateLand|[upkeep]
|-damage|p2a: 大地之神|61/100 tox|[from] psn
|upkeep
|turn|33
|c|☆Darkmaniman+Minus|Are u following me
|c| Toosii 2x|not followin u
|c|☆Darkmaniman+Minus|Ok then
|
|t:|1662863624
|move|p1a: Clefable|Baton Pass|p1a: Clefable
|c|☆Darkmaniman+Minus|Why were u in my last game
|
|t:|1662863631
|switch|p1a: Xatu|Xatu, F|100/100|[from]move: Baton Pass
|-damage|p1a: Xatu|76/100|[from] Stealth Rock
|move|p2a: 大地之神|Roar|p1a: Xatu
|move|p1a: Xatu|Roar|p2a: 大地之神|[from]ability: Magic Bounce
|-weather|none
|drag|p2a: Zacian|Zacian-Crowned|100/100
|-ability|p2a: Zacian|Intrepid Sword|boost
|-boost|p2a: Zacian|atk|1
|
|-heal|p1a: Xatu|82/100|[from] item: Leftovers
|upkeep
|turn|34
|c| Toosii 2x|i watch battles
|
|t:|1662863647
|move|p2a: Zacian|Swords Dance|p2a: Zacian
|-boost|p2a: Zacian|atk|2
|move|p1a: Xatu|Cosmic Power|p1a: Xatu
|-boost|p1a: Xatu|def|0
|-boost|p1a: Xatu|spd|1
|
|-heal|p1a: Xatu|88/100|[from] item: Leftovers
|upkeep
|turn|35
|c|☆Darkmaniman+Minus|Uhu sure bud
|
|t:|1662863657
|move|p2a: Zacian|Swords Dance|p2a: Zacian
|-boost|p2a: Zacian|atk|2
|move|p1a: Xatu|Baton Pass|p1a: Xatu
|c| Toosii 2x|nobody know u bro
|c| Toosii 2x|T_T
|
|t:|1662863667
|switch|p1a: Scolipede|Scolipede, F|100/100 par|[from]move: Baton Pass
|-damage|p1a: Scolipede|76/100 par|[from] Stealth Rock
|
|-heal|p1a: Scolipede|82/100 par|[from] item: Black Sludge
|upkeep
|turn|36
|c|☆Darkmaniman+Minus|Sure bro
|
|t:|1662863681
|move|p2a: Zacian|Swords Dance|p2a: Zacian
|-boost|p2a: Zacian|atk|1
|move|p1a: Scolipede|Substitute|p1a: Scolipede
|-start|p1a: Scolipede|Substitute
|-damage|p1a: Scolipede|57/100 par
|
|-heal|p1a: Scolipede|63/100 par|[from] item: Black Sludge
|-ability|p1a: Scolipede|Speed Boost|boost
|-boost|p1a: Scolipede|spe|1
|upkeep
|turn|37
|
|t:|1662863688
|move|p1a: Scolipede|Protect|p1a: Scolipede
|-singleturn|p1a: Scolipede|Protect
|move|p2a: Zacian|Behemoth Blade|p1a: Scolipede
|-activate|p1a: Scolipede|move: Protect
|
|-heal|p1a: Scolipede|69/100 par|[from] item: Black Sludge
|-ability|p1a: Scolipede|Speed Boost|boost
|-boost|p1a: Scolipede|spe|1
|upkeep
|turn|38
|c|☆Darkmaniman+Minus|Coincidence watching two of my games in a row
|c|☆Darkmaniman+Minus|As soon as I start the
|c|☆Darkmaniman+Minus|Them
|
|t:|1662863711
|move|p1a: Scolipede|Protect|p1a: Scolipede
|-singleturn|p1a: Scolipede|Protect
|move|p2a: Zacian|Behemoth Blade|p1a: Scolipede
|-activate|p1a: Scolipede|move: Protect
|
|-heal|p1a: Scolipede|75/100 par|[from] item: Black Sludge
|-ability|p1a: Scolipede|Speed Boost|boost
|-boost|p1a: Scolipede|spe|1
|upkeep
|turn|39
|
|t:|1662863722
|move|p2a: Zacian|Play Rough|p1a: Scolipede|[miss]
|-miss|p2a: Zacian|p1a: Scolipede
|move|p1a: Scolipede|Toxic|p2a: Zacian
|-immune|p2a: Zacian
|
|-heal|p1a: Scolipede|82/100 par|[from] item: Black Sludge
|-ability|p1a: Scolipede|Speed Boost|boost
|-boost|p1a: Scolipede|spe|1
|upkeep
|turn|40
|
|t:|1662863729
|move|p1a: Scolipede|Protect|p1a: Scolipede
|-singleturn|p1a: Scolipede|Protect
|move|p2a: Zacian|Play Rough|p1a: Scolipede
|-activate|p1a: Scolipede|move: Protect
|
|-heal|p1a: Scolipede|88/100 par|[from] item: Black Sludge
|-ability|p1a: Scolipede|Speed Boost|boost
|-boost|p1a: Scolipede|spe|1
|upkeep
|turn|41
|
|t:|1662863734
|move|p1a: Scolipede|Substitute|p1a: Scolipede
|-fail|p1a: Scolipede|move: Substitute
|move|p2a: Zacian|Play Rough|p1a: Scolipede|[miss]
|-miss|p2a: Zacian|p1a: Scolipede
|
|-heal|p1a: Scolipede|94/100 par|[from] item: Black Sludge
|-ability|p1a: Scolipede|Speed Boost|boost
|-boost|p1a: Scolipede|spe|1
|upkeep
|turn|42
|
|t:|1662863740
|move|p1a: Scolipede|Baton Pass|p1a: Scolipede
|
|t:|1662863743
|switch|p1a: Dubwool|Dubwool, F|63/100 par|[from]move: Baton Pass
|-damage|p1a: Dubwool|50/100 par|[from] Stealth Rock
|move|p2a: Zacian|Play Rough|p1a: Dubwool
|-end|p1a: Dubwool|Substitute
|
|upkeep
|turn|43
|
|t:|1662863752
|move|p2a: Zacian|Behemoth Blade|p1a: Dubwool|[miss]
|-miss|p2a: Zacian|p1a: Dubwool
|move|p1a: Dubwool|Baton Pass|p1a: Dubwool
|c| Toosii 2x|its called watch a battle..
|
|t:|1662863757
|switch|p1a: Umbreon|Umbreon, F|74/100|[from]move: Baton Pass
|-damage|p1a: Umbreon|61/100|[from] Stealth Rock
|
|upkeep
|turn|44
|
|t:|1662863765
|move|p1a: Umbreon|Baton Pass|p1a: Umbreon
|c| Toosii 2x|its called elo requirement
|
|t:|1662863773
|switch|p1a: Scolipede|Scolipede, F|94/100 par|[from]move: Baton Pass
|-damage|p1a: Scolipede|69/100 par|[from] Stealth Rock
|move|p2a: Zacian|Play Rough|p1a: Scolipede|[miss]
|-miss|p2a: Zacian|p1a: Scolipede
|
|-heal|p1a: Scolipede|75/100 par|[from] item: Black Sludge
|upkeep
|turn|45
|c|☆Darkmaniman+Minus|What
|c|☆Darkmaniman+Minus|Elo req?
|
|t:|1662863794
|cant|p1a: Scolipede|par
|move|p2a: Zacian|Play Rough|p1a: Scolipede|[miss]
|-miss|p2a: Zacian|p1a: Scolipede
|
|-heal|p1a: Scolipede|81/100 par|[from] item: Black Sludge
|upkeep
|turn|46
|c|☆Darkmaniman+Minus|For watching?
|
|t:|1662863800
|move|p1a: Scolipede|Substitute|p1a: Scolipede
|-start|p1a: Scolipede|Substitute
|-damage|p1a: Scolipede|56/100 par
|move|p2a: Zacian|Play Rough|p1a: Scolipede|[miss]
|-miss|p2a: Zacian|p1a: Scolipede
|
|-heal|p1a: Scolipede|63/100 par|[from] item: Black Sludge
|upkeep
|turn|47
|c| Eteracian|Yeah you can watch battles above the ranking of 1500
|
|t:|1662863814
|move|p1a: Scolipede|Protect|p1a: Scolipede
|-singleturn|p1a: Scolipede|Protect
|move|p2a: Zacian|Play Rough|p1a: Scolipede
|-activate|p1a: Scolipede|move: Protect
|
|-heal|p1a: Scolipede|69/100 par|[from] item: Black Sludge
|upkeep
|turn|48
|c| Eteracian|And whatnot
|
|t:|1662863823
|switch|p2a: 大地之神|Groudon-Primal, shiny|61/100 tox
|-weather|DesolateLand|[from] ability: Desolate Land|[of] p2a: 大地之神
|move|p1a: Scolipede|Baton Pass|p1a: Scolipede
|c|☆Darkmaniman+Minus|Oh thought he meant you need a certain amount if elo
|c|☆Darkmaniman+Minus|To watch games
|
|t:|1662863853
|switch|p1a: Dubwool|Dubwool, F|50/100 par|[from]move: Baton Pass
|-damage|p1a: Dubwool|38/100 par|[from] Stealth Rock
|
|-weather|DesolateLand|[upkeep]
|-damage|p2a: 大地之神|54/100 tox|[from] psn
|upkeep
|turn|49
|
|t:|1662863866
|cant|p1a: Dubwool|par
|move|p2a: 大地之神|Roar|p1a: Dubwool
|drag|p1a: Xatu|Xatu, F|88/100
|-damage|p1a: Xatu|63/100|[from] Stealth Rock
|
|-weather|DesolateLand|[upkeep]
|-heal|p1a: Xatu|69/100|[from] item: Leftovers
|-damage|p2a: 大地之神|42/100 tox|[from] psn
|upkeep
|turn|50
|c|☆Darkmaniman+Minus|Wow
|
|t:|1662863876
|move|p2a: 大地之神|Fire Punch|p1a: Xatu
|-damage|p1a: Xatu|0 fnt
|faint|p1a: Xatu
|
|-weather|DesolateLand|[upkeep]
|-damage|p2a: 大地之神|23/100 tox|[from] psn
|upkeep
|c|☆Darkmaniman+Minus|Well gg ig
|-message|Darkmaniman+Minus forfeited.
|
|win|Diancie_hhh
|raw|Darkmaniman+Minus's rating: 1675 &rarr; <strong>1660</strong><br />(-15 for losing)
|raw|Diancie_hhh's rating: 1764 &rarr; <strong>1779</strong><br />(+15 for winning)
|l|☆Darkmaniman+Minus
|c|☆Diancie_hhh|gg
|c| Eteracian|Good job
|c| Toosii 2x|LOL
|c| Toosii 2x|playin wit food
|c| Eteracian|heh
|c| Eteracian|so much for that
|c| Toosii 2x|xd
|l| Toosii 2x
|c| Eteracian|Diancie you have a nice team
||Ladder isn't responding, score probably updated but might not have (Request timeout).
|c| Eteracian|Don't seen too many weaviles around high ladder
|c|☆Diancie_hhh|six all atk
|c| Eteracian|Oh wait is it Beat Up?
|c| Eteracian|Well anyways gg
|c| Eteracian|gl on the rest of your way on ladder
|l| Eteracian
|j| lomous
|j| lightdarks
|j| ban123456
|j| xqiht
|l| lightdarks
|j| alalahh
|l| xqiht
|j| rachel19738
|l| Apprenti Buck
|l| rachel19738
|j| tanzhang
|j| sithred8
|c| sithred8|breakthrough against baton pass2022-9-11 10:51:11
