|j|☆F.A.M.E.246 2nd
|j|☆Odins will
|t:|1637193109
|gametype|singles
|player|p1|F.A.M.E.246 2nd|brawly|1742
|player|p2|Odins will|nanu|1772
|teamsize|p1|6
|teamsize|p2|6
|gen|8
|tier|[Gen 8] National Dex AG
|rated|
|rule|HP Percentage Mod: HP is shown in percentages
|rule|Endless Battle Clause: Forcing endless battles is banned
|clearpoke
|poke|p1|Scizor, M|
|poke|p1|Groudon|
|poke|p1|Calyrex-Shadow|
|poke|p1|Zacian-*|
|poke|p1|Arceus-*|
|poke|p1|Yveltal|
|poke|p2|Lunala|
|poke|p2|Tyranitar, F|
|poke|p2|Rayquaza|
|poke|p2|Necrozma-Dusk-Mane|
|poke|p2|Arceus-*|
|poke|p2|Zacian-*|
|teampreview
|inactive|Battle timer is ON: inactive players will automatically lose when time's up. (requested by Odins will)
|c|☆F.A.M.E.246 2nd|Hf
|c|☆Odins will|Hello
|
|t:|1637193128
|start
|switch|p1a: Arceus|Arceus-Rock|100/100
|switch|p2a: Kaido awakened|Rayquaza|100/100
|-ability|p2a: Kaido awakened|Air Lock
|turn|1
|
|t:|1637193141
|detailschange|p2a: Kaido awakened|Rayquaza-Mega
|-mega|p2a: Kaido awakened|Rayquaza|
|-weather|DeltaStream|[from] ability: Delta Stream|[of] p2a: Kaido awakened
|move|p1a: Arceus|Will-O-Wisp|p2a: Kaido awakened
|-status|p2a: Kaido awakened|brn
|move|p2a: Kaido awakened|Earthquake|p1a: Arceus
|-supereffective|p1a: Arceus
|-damage|p1a: Arceus|45/100
|
|-weather|DeltaStream|[upkeep]
|-damage|p2a: Kaido awakened|95/100 brn|[from] brn
|upkeep
|turn|2
|j| Team ashrgg
|
|t:|1637193154
|-weather|none
|switch|p2a: Lion heart|Necrozma-Dusk-Mane, shiny|100/100
|move|p1a: Arceus|Recover|p1a: Arceus
|-heal|p1a: Arceus|95/100
|
|upkeep
|turn|3
|
|t:|1637193163
|move|p1a: Arceus|Will-O-Wisp|p2a: Lion heart
|-status|p2a: Lion heart|brn
|move|p2a: Lion heart|Stealth Rock|p1a: Arceus
|-sidestart|p1: F.A.M.E.246 2nd|move: Stealth Rock
|
|-damage|p2a: Lion heart|94/100 brn|[from] brn
|upkeep
|turn|4
|
|t:|1637193175
|switch|p1a: Yveltal|Yveltal|100/100
|-ability|p1a: Yveltal|Dark Aura
|switch|p2a: Toph|Arceus-Ground, shiny|100/100
|
|upkeep
|turn|5
|
|t:|1637193184
|move|p2a: Toph|Stone Edge|p1a: Yveltal|[miss]
|-miss|p2a: Toph|p1a: Yveltal
|move|p1a: Yveltal|Defog|p2a: Toph
|-unboost|p2a: Toph|evasion|1
|-sideend|p1: F.A.M.E.246 2nd|Stealth Rock|[from] move: Defog|[of] p1a: Yveltal
|
|upkeep
|turn|6
|
|t:|1637193192
|switch|p2a: Lion heart|Necrozma-Dusk-Mane, shiny|94/100 brn
|switch|p1a: Scizor|Scizor, M|100/100
|
|-damage|p2a: Lion heart|88/100 brn|[from] brn
|upkeep
|turn|7
|c|☆F.A.M.E.246 2nd|And now I know
|
|t:|1637193201
|detailschange|p1a: Scizor|Scizor-Mega, M
|-mega|p1a: Scizor|Scizor|Scizorite
|move|p2a: Lion heart|Stealth Rock|p1a: Scizor
|-sidestart|p1: F.A.M.E.246 2nd|move: Stealth Rock
|move|p1a: Scizor|Curse|p1a: Scizor
|-unboost|p1a: Scizor|spe|1
|-boost|p1a: Scizor|atk|1
|-boost|p1a: Scizor|def|1
|
|-damage|p2a: Lion heart|82/100 brn|[from] brn
|upkeep
|turn|8
|
|t:|1637193217
|switch|p2a: Fairygod mother|Lunala, shiny|100/100
|move|p1a: Scizor|U-turn|p2a: Fairygod mother
|-damage|p2a: Fairygod mother|85/100
|inactive|F.A.M.E.246 2nd has 120 seconds left.
|inactive|F.A.M.E.246 2nd has 90 seconds left.
|
|t:|1637193283
|switch|p1a: Yveltal|Yveltal|100/100|[from]move: U-turn
|-ability|p1a: Yveltal|Dark Aura
|
|upkeep
|turn|9
|inactive|F.A.M.E.246 2nd has 90 seconds left.
|
|t:|1637193309
|move|p1a: Yveltal|Defog|p2a: Fairygod mother
|-unboost|p2a: Fairygod mother|evasion|1
|-sideend|p1: F.A.M.E.246 2nd|Stealth Rock|[from] move: Defog|[of] p1a: Yveltal
|move|p2a: Fairygod mother|Toxic|p1a: Yveltal
|-status|p1a: Yveltal|tox
|
|-damage|p1a: Yveltal|94/100 tox|[from] psn
|upkeep
|turn|10
|
|t:|1637193319
|switch|p2a: Super vegito|Zacian-Crowned, shiny|100/100
|-ability|p2a: Super vegito|Intrepid Sword|boost
|-boost|p2a: Super vegito|atk|1
|move|p1a: Yveltal|U-turn|p2a: Super vegito
|-resisted|p2a: Super vegito
|-damage|p2a: Super vegito|96/100
|
|t:|1637193324
|switch|p1a: Groudon|Groudon|100/100|[from]move: U-turn
|detailschange|p1a: Groudon|Groudon-Primal
|-primal|p1a: Groudon
|-weather|DesolateLand|[from] ability: Desolate Land|[of] p1a: Groudon
|
|-weather|DesolateLand|[upkeep]
|upkeep
|turn|11
|
|t:|1637193336
|switch|p2a: Toph|Arceus-Ground, shiny|100/100
|move|p1a: Groudon|Fire Punch|p2a: Toph
|-damage|p2a: Toph|60/100
|
|-weather|DesolateLand|[upkeep]
|upkeep
|turn|12
|inactive|F.A.M.E.246 2nd has 90 seconds left.
|
|t:|1637193347
|-weather|none
|switch|p1a: Scizor|Scizor-Mega, M|100/100
|move|p2a: Toph|Recover|p2a: Toph
|-heal|p2a: Toph|100/100
|
|upkeep
|turn|13
|inactive|F.A.M.E.246 2nd has 90 seconds left.
|
|t:|1637193357
|move|p1a: Scizor|Bullet Punch|p2a: Toph
|-damage|p2a: Toph|86/100
|move|p2a: Toph|Judgment|p1a: Scizor
|-damage|p1a: Scizor|51/100
|
|upkeep
|turn|14
|
|t:|1637193365
|move|p2a: Toph|Judgment|p1a: Scizor
|-damage|p1a: Scizor|0 fnt
|faint|p1a: Scizor
|
|upkeep
|
|t:|1637193368
|switch|p1a: Calyrex|Calyrex-Shadow|100/100
|-ability|p1a: Calyrex|As One
|-ability|p1a: Calyrex|Unnerve
|turn|15
|
|t:|1637193376
|switch|p2a: Godzilla|Tyranitar, F, shiny|100/100
|-weather|Sandstorm|[from] ability: Sand Stream|[of] p2a: Godzilla
|move|p1a: Calyrex|Pollen Puff|p2a: Godzilla
|-supereffective|p2a: Godzilla
|-damage|p2a: Godzilla|55/100
|
|-weather|Sandstorm|[upkeep]
|-damage|p1a: Calyrex|94/100|[from] Sandstorm
|-heal|p2a: Godzilla|61/100|[from] item: Leftovers
|upkeep
|turn|16
|c|☆F.A.M.E.246 2nd|I definitely misread your set
|c|☆F.A.M.E.246 2nd|Now I gotta pay
|inactive|F.A.M.E.246 2nd has 90 seconds left.
|inactive|Odins will has 120 seconds left.
|
|t:|1637193413
|-start|p1a: Calyrex|Dynamax
|-heal|p1a: Calyrex|94/100|[silent]
|move|p1a: Calyrex|Max Flutterby|p2a: Godzilla
|-supereffective|p2a: Godzilla
|-damage|p2a: Godzilla|18/100
|-unboost|p2a: Godzilla|spa|1
|move|p2a: Godzilla|Pursuit|p1a: Calyrex
|-supereffective|p1a: Calyrex
|-damage|p1a: Calyrex|52/100
|
|-weather|Sandstorm|[upkeep]
|-damage|p1a: Calyrex|49/100|[from] Sandstorm
|-heal|p2a: Godzilla|24/100|[from] item: Leftovers
|upkeep
|turn|17
|inactive|F.A.M.E.246 2nd has 90 seconds left.
|inactive|Odins will has 120 seconds left.
|
|t:|1637193429
|-start|p2a: Godzilla|Dynamax
|-heal|p2a: Godzilla|24/100|[silent]
|move|p2a: Godzilla|Max Guard|p2a: Godzilla
|-singleturn|p2a: Godzilla|Max Guard
|move|p1a: Calyrex|Max Flutterby|p2a: Godzilla
|-activate|p2a: Godzilla|move: Max Guard
|
|-weather|Sandstorm|[upkeep]
|-damage|p1a: Calyrex|46/100|[from] Sandstorm
|-heal|p2a: Godzilla|27/100|[from] item: Leftovers
|upkeep
|turn|18
|inactive|Odins will has 120 seconds left.
|
|t:|1637193441
|-end|p1a: Calyrex|Dynamax
|-heal|p1a: Calyrex|46/100|[silent]
|switch|p1a: Groudon|Groudon-Primal|100/100
|-weather|DesolateLand|[from] ability: Desolate Land|[of] p1a: Groudon
|move|p2a: Godzilla|Max Darkness|p1a: Groudon
|-damage|p1a: Groudon|76/100
|-unboost|p1a: Groudon|spd|1
|
|-weather|DesolateLand|[upkeep]
|-heal|p2a: Godzilla|31/100|[from] item: Leftovers
|upkeep
|turn|19
|inactive|Odins will has 120 seconds left.
|
|t:|1637193459
|-end|p2a: Godzilla|Dynamax
|-heal|p2a: Godzilla|31/100|[silent]
|switch|p2a: Toph|Arceus-Ground, shiny|86/100
|move|p1a: Groudon|Stealth Rock|p2a: Toph
|-sidestart|p2: Odins will|move: Stealth Rock
|
|-weather|DesolateLand|[upkeep]
|upkeep
|turn|20
|
|t:|1637193468
|-weather|none
|switch|p1a: Yveltal|Yveltal|94/100 tox
|-ability|p1a: Yveltal|Dark Aura
|move|p2a: Toph|Recover|p2a: Toph
|-heal|p2a: Toph|100/100
|
|-damage|p1a: Yveltal|88/100 tox|[from] psn
|upkeep
|turn|21
|inactive|Odins will has 120 seconds left.
|
|t:|1637193479
|move|p2a: Toph|Stone Edge|p1a: Yveltal
|-supereffective|p1a: Yveltal
|-damage|p1a: Yveltal|43/100 tox
|move|p1a: Yveltal|U-turn|p2a: Toph
|-damage|p2a: Toph|91/100
|
|t:|1637193482
|switch|p1a: Calyrex|Calyrex-Shadow|46/100|[from]move: U-turn
|-ability|p1a: Calyrex|As One
|-ability|p1a: Calyrex|Unnerve
|
|upkeep
|turn|22
|inactive|Odins will has 120 seconds left.
|
|t:|1637193493
|move|p1a: Calyrex|Astral Barrage|p2a: Toph
|-damage|p2a: Toph|3/100
|move|p2a: Toph|Judgment|p1a: Calyrex
|-damage|p1a: Calyrex|0 fnt
|faint|p1a: Calyrex
|
|upkeep
|c|☆F.A.M.E.246 2nd|Damn
|c|☆F.A.M.E.246 2nd|Gg
|inactive|F.A.M.E.246 2nd has 120 seconds left.
|
|t:|1637193515
|switch|p1a: Zacian|Zacian-Crowned|100/100
|-ability|p1a: Zacian|Intrepid Sword|boost
|-boost|p1a: Zacian|atk|1
|turn|23
|c|☆F.A.M.E.246 2nd|Well
|c|☆Odins will|It's not over yet
|
|t:|1637193524
|move|p1a: Zacian|Crunch|p2a: Toph
|-damage|p2a: Toph|0 fnt
|faint|p2a: Toph
|
|upkeep
|inactive|Odins will has 120 seconds left.
|
|t:|1637193541
|switch|p2a: Lion heart|Necrozma-Dusk-Mane, shiny|82/100 brn
|-damage|p2a: Lion heart|76/100 brn|[from] Stealth Rock
|turn|24
|inactive|F.A.M.E.246 2nd has 120 seconds left.
|
|t:|1637193566
|switch|p1a: Groudon|Groudon-Primal|76/100
|-weather|DesolateLand|[from] ability: Desolate Land|[of] p1a: Groudon
|move|p2a: Lion heart|Stealth Rock|p1a: Groudon
|-sidestart|p1: F.A.M.E.246 2nd|move: Stealth Rock
|
|-weather|DesolateLand|[upkeep]
|-damage|p2a: Lion heart|70/100 brn|[from] brn
|upkeep
|turn|25
|
|t:|1637193576
|switch|p2a: Kaido awakened|Rayquaza-Mega|95/100 brn
|-damage|p2a: Kaido awakened|70/100 brn|[from] Stealth Rock
|-weather|DeltaStream|[from] ability: Delta Stream|[of] p2a: Kaido awakened
|move|p1a: Groudon|Fire Punch|p2a: Kaido awakened
|-resisted|p2a: Kaido awakened
|-damage|p2a: Kaido awakened|45/100 brn
|
|-weather|DeltaStream|[upkeep]
|-damage|p2a: Kaido awakened|39/100 brn|[from] brn
|upkeep
|turn|26
|
|t:|1637193591
|move|p2a: Kaido awakened|Earthquake|p1a: Groudon
|-supereffective|p1a: Groudon
|-damage|p1a: Groudon|35/100
|move|p1a: Groudon|Rest|p1a: Groudon
|-status|p1a: Groudon|slp|[from] move: Rest
|-heal|p1a: Groudon|100/100 slp|[silent]
|
|-weather|DeltaStream|[upkeep]
|-damage|p2a: Kaido awakened|33/100 brn|[from] brn
|upkeep
|turn|27
|inactive|F.A.M.E.246 2nd has 120 seconds left.
|
|t:|1637193603
|move|p2a: Kaido awakened|Earthquake|p1a: Groudon
|-supereffective|p1a: Groudon
|-damage|p1a: Groudon|60/100 slp
|cant|p1a: Groudon|slp
|
|-weather|DeltaStream|[upkeep]
|-damage|p2a: Kaido awakened|27/100 brn|[from] brn
|upkeep
|turn|28
|
|t:|1637193611
|switch|p1a: Yveltal|Yveltal|43/100 tox
|-ability|p1a: Yveltal|Dark Aura
|move|p2a: Kaido awakened|Earthquake|p1a: Yveltal
|-immune|p1a: Yveltal
|
|-weather|DeltaStream|[upkeep]
|-damage|p1a: Yveltal|37/100 tox|[from] psn
|-damage|p2a: Kaido awakened|21/100 brn|[from] brn
|upkeep
|turn|29
|
|t:|1637193624
|-weather|none
|switch|p2a: Super vegito|Zacian-Crowned, shiny|96/100
|-damage|p2a: Super vegito|90/100|[from] Stealth Rock
|-ability|p2a: Super vegito|Intrepid Sword|boost
|-boost|p2a: Super vegito|atk|1
|move|p1a: Yveltal|U-turn|p2a: Super vegito
|-resisted|p2a: Super vegito
|-damage|p2a: Super vegito|85/100
|
|t:|1637193628
|switch|p1a: Zacian|Zacian-Crowned|100/100|[from]move: U-turn
|-damage|p1a: Zacian|94/100|[from] Stealth Rock
|-ability|p1a: Zacian|Intrepid Sword|boost
|-boost|p1a: Zacian|atk|1
|
|upkeep
|turn|30
|
|t:|1637193645
|switch|p2a: Lion heart|Necrozma-Dusk-Mane, shiny|70/100 brn
|-damage|p2a: Lion heart|64/100 brn|[from] Stealth Rock
|move|p1a: Zacian|Behemoth Blade|p2a: Lion heart
|-resisted|p2a: Lion heart
|-damage|p2a: Lion heart|40/100 brn
|-damage|p1a: Zacian|78/100|[from] item: Rocky Helmet|[of] p2a: Lion heart
|
|-damage|p2a: Lion heart|34/100 brn|[from] brn
|upkeep
|turn|31
|
|t:|1637193657
|switch|p1a: Groudon|Groudon-Primal|60/100 slp
|-damage|p1a: Groudon|48/100 slp|[from] Stealth Rock
|-weather|DesolateLand|[from] ability: Desolate Land|[of] p1a: Groudon
|move|p2a: Lion heart|Morning Sun|p2a: Lion heart
|-heal|p2a: Lion heart|100/100 brn
|
|-weather|DesolateLand|[upkeep]
|-damage|p2a: Lion heart|94/100 brn|[from] brn
|upkeep
|turn|32
|
|t:|1637193672
|cant|p1a: Groudon|slp
|move|p2a: Lion heart|Sunsteel Strike|p1a: Groudon
|-resisted|p1a: Groudon
|-damage|p1a: Groudon|40/100 slp
|
|-weather|DesolateLand|[upkeep]
|-damage|p2a: Lion heart|88/100 brn|[from] brn
|upkeep
|turn|33
|
|t:|1637193686
|switch|p2a: Kaido awakened|Rayquaza-Mega|21/100 brn
|-damage|p2a: Kaido awakened|0 fnt|[from] Stealth Rock
|faint|p2a: Kaido awakened
|-curestatus|p1a: Groudon|slp|[msg]
|move|p1a: Groudon|Rest|p1a: Groudon
|-status|p1a: Groudon|slp|[from] move: Rest
|-heal|p1a: Groudon|100/100 slp|[silent]
|
|-weather|DesolateLand|[upkeep]
|upkeep
|
|t:|1637193697
|switch|p2a: Fairygod mother|Lunala, shiny|85/100
|turn|34
|l|☆F.A.M.E.246 2nd
|inactive|F.A.M.E.246 2nd disconnected and has a minute to reconnect!
|player|p1|
|j|☆F.A.M.E.246 2nd
|inactive|F.A.M.E.246 2nd reconnected and has 115 seconds left.
|player|p1|F.A.M.E.246 2nd|brawly
|
|t:|1637193741
|-weather|none
|switch|p1a: Yveltal|Yveltal|37/100 tox
|-ability|p1a: Yveltal|Dark Aura
|move|p2a: Fairygod mother|Roost|p2a: Fairygod mother
|-heal|p2a: Fairygod mother|100/100
|-singleturn|p2a: Fairygod mother|move: Roost
|
|-damage|p1a: Yveltal|31/100 tox|[from] psn
|upkeep
|turn|35
|l|☆F.A.M.E.246 2nd
|inactive|F.A.M.E.246 2nd disconnected and has a minute to reconnect!
|player|p1|
|inactive|F.A.M.E.246 2nd has 30 seconds to reconnect!
|j|☆F.A.M.E.246 2nd
|inactive|F.A.M.E.246 2nd reconnected and has 65 seconds left.
|player|p1|F.A.M.E.246 2nd|brawly
|inactive|F.A.M.E.246 2nd has 60 seconds left.
|
|t:|1637193803
|switch|p2a: Lion heart|Necrozma-Dusk-Mane, shiny|88/100 brn
|-damage|p2a: Lion heart|82/100 brn|[from] Stealth Rock
|move|p1a: Yveltal|U-turn|p2a: Lion heart
|-damage|p2a: Lion heart|71/100 brn
|-damage|p1a: Yveltal|15/100 tox|[from] item: Rocky Helmet|[of] p2a: Lion heart
|
|t:|1637193807
|switch|p1a: Groudon|Groudon-Primal|100/100 slp|[from]move: U-turn
|-damage|p1a: Groudon|88/100 slp|[from] Stealth Rock
|-weather|DesolateLand|[from] ability: Desolate Land|[of] p1a: Groudon
|
|-weather|DesolateLand|[upkeep]
|-damage|p2a: Lion heart|65/100 brn|[from] brn
|upkeep
|turn|36
|
|t:|1637193819
|switch|p2a: Fairygod mother|Lunala, shiny|100/100
|cant|p1a: Groudon|slp
|
|-weather|DesolateLand|[upkeep]
|upkeep
|turn|37
|
|t:|1637193825
|move|p2a: Fairygod mother|Moongeist Beam|p1a: Groudon
|-damage|p1a: Groudon|54/100 slp
|cant|p1a: Groudon|slp
|
|-weather|DesolateLand|[upkeep]
|upkeep
|turn|38
|
|t:|1637193833
|move|p2a: Fairygod mother|Moongeist Beam|p1a: Groudon
|-damage|p1a: Groudon|18/100 slp
|-curestatus|p1a: Groudon|slp|[msg]
|move|p1a: Groudon|Rest|p1a: Groudon
|-status|p1a: Groudon|slp|[from] move: Rest
|-heal|p1a: Groudon|100/100 slp|[silent]
|
|-weather|DesolateLand|[upkeep]
|upkeep
|turn|39
|
|t:|1637193846
|move|p2a: Fairygod mother|Moongeist Beam|p1a: Groudon
|-damage|p1a: Groudon|67/100 slp
|cant|p1a: Groudon|slp
|
|-weather|DesolateLand|[upkeep]
|upkeep
|turn|40
|
|t:|1637193853
|move|p2a: Fairygod mother|Moongeist Beam|p1a: Groudon
|-damage|p1a: Groudon|31/100 slp
|cant|p1a: Groudon|slp
|
|-weather|DesolateLand|[upkeep]
|upkeep
|turn|41
|
|t:|1637193860
|-weather|none
|switch|p1a: Arceus|Arceus-Rock|95/100
|-damage|p1a: Arceus|82/100|[from] Stealth Rock
|move|p2a: Fairygod mother|Moongeist Beam|p1a: Arceus
|-damage|p1a: Arceus|54/100
|
|upkeep
|turn|42
|
|t:|1637193875
|move|p1a: Arceus|Will-O-Wisp|p2a: Fairygod mother
|-status|p2a: Fairygod mother|brn
|move|p2a: Fairygod mother|Toxic|p1a: Arceus
|-status|p1a: Arceus|tox
|
|-damage|p1a: Arceus|48/100 tox|[from] psn
|-damage|p2a: Fairygod mother|94/100 brn|[from] brn
|upkeep
|turn|43
|
|t:|1637193895
|switch|p2a: Super vegito|Zacian-Crowned, shiny|85/100
|-damage|p2a: Super vegito|79/100|[from] Stealth Rock
|-ability|p2a: Super vegito|Intrepid Sword|boost
|-boost|p2a: Super vegito|atk|1
|move|p1a: Arceus|Will-O-Wisp|p2a: Super vegito
|-status|p2a: Super vegito|brn
|
|-damage|p1a: Arceus|36/100 tox|[from] psn
|-damage|p2a: Super vegito|73/100 brn|[from] brn
|upkeep
|turn|44
|c|☆F.A.M.E.246 2nd|LET'S
|c|☆F.A.M.E.246 2nd|GO
|c|☆F.A.M.E.246 2nd|Finally lmao
|j| rustyispro
|inactive|F.A.M.E.246 2nd has 120 seconds left.
|
|t:|1637193915
|switch|p1a: Yveltal|Yveltal|15/100 tox
|-ability|p1a: Yveltal|Dark Aura
|move|p2a: Super vegito|Swords Dance|p2a: Super vegito
|-boost|p2a: Super vegito|atk|2
|
|-damage|p1a: Yveltal|8/100 tox|[from] psn
|-damage|p2a: Super vegito|67/100 brn|[from] brn
|upkeep
|turn|45
|l| rustyispro
|c|☆F.A.M.E.246 2nd|Ah
|
|t:|1637193927
|move|p2a: Super vegito|Substitute|p2a: Super vegito
|-start|p2a: Super vegito|Substitute
|-damage|p2a: Super vegito|42/100 brn
|move|p1a: Yveltal|U-turn|p2a: Super vegito
|-resisted|p2a: Super vegito
|-activate|p2a: Super vegito|move: Substitute|[damage]
|
|t:|1637193931
|switch|p1a: Zacian|Zacian-Crowned|78/100|[from]move: U-turn
|-damage|p1a: Zacian|72/100|[from] Stealth Rock
|-ability|p1a: Zacian|Intrepid Sword|boost
|-boost|p1a: Zacian|atk|1
|
|-damage|p2a: Super vegito|36/100 brn|[from] brn
|upkeep
|turn|46
|c|☆F.A.M.E.246 2nd|It was this all along
|
|t:|1637193943
|move|p1a: Zacian|Behemoth Blade|p2a: Super vegito
|-end|p2a: Super vegito|Substitute
|move|p2a: Super vegito|Close Combat|p1a: Zacian
|-damage|p1a: Zacian|2/100
|-unboost|p2a: Super vegito|def|1
|-unboost|p2a: Super vegito|spd|1
|
|-damage|p2a: Super vegito|30/100 brn|[from] brn
|upkeep
|turn|47
|
|t:|1637193954
|switch|p1a: Groudon|Groudon-Primal|31/100 slp
|-damage|p1a: Groudon|19/100 slp|[from] Stealth Rock
|-weather|DesolateLand|[from] ability: Desolate Land|[of] p1a: Groudon
|switch|p2a: Lion heart|Necrozma-Dusk-Mane, shiny|65/100 brn
|-damage|p2a: Lion heart|59/100 brn|[from] Stealth Rock
|
|-weather|DesolateLand|[upkeep]
|-damage|p2a: Lion heart|53/100 brn|[from] brn
|upkeep
|turn|48
|c|☆Odins will|Damn u
|c|☆Odins will|Lol
|
|t:|1637193970
|switch|p2a: Super vegito|Zacian-Crowned, shiny|30/100 brn
|-damage|p2a: Super vegito|24/100 brn|[from] Stealth Rock
|-ability|p2a: Super vegito|Intrepid Sword|boost
|-boost|p2a: Super vegito|atk|1
|-curestatus|p1a: Groudon|slp|[msg]
|move|p1a: Groudon|Rest|p1a: Groudon
|-status|p1a: Groudon|slp|[from] move: Rest
|-heal|p1a: Groudon|100/100 slp|[silent]
|
|-weather|DesolateLand|[upkeep]
|-damage|p2a: Super vegito|17/100 brn|[from] brn
|upkeep
|turn|49
|c|☆F.A.M.E.246 2nd|Lmao I decided to play like you know what you're doin
|c|☆F.A.M.E.246 2nd|Cause you do
|inactive|Odins will has 120 seconds left.
|
|t:|1637193996
|move|p2a: Super vegito|Swords Dance|p2a: Super vegito
|-boost|p2a: Super vegito|atk|2
|cant|p1a: Groudon|slp
|
|-weather|DesolateLand|[upkeep]
|-damage|p2a: Super vegito|11/100 brn|[from] brn
|upkeep
|turn|50
|
|t:|1637194007
|-weather|none
|switch|p1a: Zacian|Zacian-Crowned|2/100
|-damage|p1a: Zacian|0 fnt|[from] Stealth Rock
|faint|p1a: Zacian
|move|p2a: Super vegito|Close Combat|p1: Zacian|[notarget]
|-fail|p2a: Super vegito
|
|-damage|p2a: Super vegito|5/100 brn|[from] brn
|upkeep
|
|t:|1637194019
|switch|p1a: Arceus|Arceus-Rock|36/100 tox
|-damage|p1a: Arceus|23/100 tox|[from] Stealth Rock
|turn|51
|
|t:|1637194024
|move|p2a: Super vegito|Behemoth Blade|p1a: Arceus
|-supereffective|p1a: Arceus
|-damage|p1a: Arceus|0 fnt
|faint|p1a: Arceus
|
|-damage|p2a: Super vegito|0 fnt|[from] brn
|faint|p2a: Super vegito
|upkeep
|
|t:|1637194036
|switch|p2a: Godzilla|Tyranitar, F, shiny|31/100
|switch|p1a: Yveltal|Yveltal|8/100 tox
|-ability|p1a: Yveltal|Dark Aura
|-damage|p2a: Godzilla|18/100|[from] Stealth Rock
|-weather|Sandstorm|[from] ability: Sand Stream|[of] p2a: Godzilla
|turn|52
|
|t:|1637194050
|switch|p1a: Groudon|Groudon-Primal|100/100 slp
|-damage|p1a: Groudon|88/100 slp|[from] Stealth Rock
|-weather|DesolateLand|[from] ability: Desolate Land|[of] p1a: Groudon
|switch|p2a: Lion heart|Necrozma-Dusk-Mane, shiny|53/100 brn
|-damage|p2a: Lion heart|47/100 brn|[from] Stealth Rock
|
|-weather|DesolateLand|[upkeep]
|-damage|p2a: Lion heart|41/100 brn|[from] brn
|upkeep
|turn|53
|c|☆F.A.M.E.246 2nd|Ye nah
|
|t:|1637194063
|cant|p1a: Groudon|slp
|move|p2a: Lion heart|Morning Sun|p2a: Lion heart
|-heal|p2a: Lion heart|100/100 brn
|
|-weather|DesolateLand|[upkeep]
|-damage|p2a: Lion heart|94/100 brn|[from] brn
|upkeep
|turn|54
|inactive|Odins will has 120 seconds left.
|
|t:|1637194079
|switch|p2a: Fairygod mother|Lunala, shiny|94/100 brn
|-curestatus|p1a: Groudon|slp|[msg]
|move|p1a: Groudon|Precipice Blades|p2a: Fairygod mother
|-damage|p2a: Fairygod mother|48/100 brn
|
|-weather|DesolateLand|[upkeep]
|-damage|p2a: Fairygod mother|42/100 brn|[from] brn
|upkeep
|turn|55
|inactive|Odins will has 120 seconds left.
|
|t:|1637194090
|move|p2a: Fairygod mother|Roost|p2a: Fairygod mother
|-heal|p2a: Fairygod mother|92/100 brn
|-singleturn|p2a: Fairygod mother|move: Roost
|move|p1a: Groudon|Fire Punch|p2a: Fairygod mother
|-damage|p2a: Fairygod mother|52/100 brn
|
|-weather|DesolateLand|[upkeep]
|-damage|p2a: Fairygod mother|46/100 brn|[from] brn
|upkeep
|turn|56
|
|t:|1637194099
|move|p2a: Fairygod mother|Roost|p2a: Fairygod mother
|-heal|p2a: Fairygod mother|96/100 brn
|-singleturn|p2a: Fairygod mother|move: Roost
|move|p1a: Groudon|Precipice Blades|p2a: Fairygod mother
|-damage|p2a: Fairygod mother|55/100 brn
|
|-weather|DesolateLand|[upkeep]
|-damage|p2a: Fairygod mother|49/100 brn|[from] brn
|upkeep
|turn|57
|
|t:|1637194114
|move|p2a: Fairygod mother|Roost|p2a: Fairygod mother
|-heal|p2a: Fairygod mother|99/100 brn
|-singleturn|p2a: Fairygod mother|move: Roost
|move|p1a: Groudon|Precipice Blades|p2a: Fairygod mother
|-damage|p2a: Fairygod mother|54/100 brn
|
|-weather|DesolateLand|[upkeep]
|-damage|p2a: Fairygod mother|48/100 brn|[from] brn
|upkeep
|turn|58
|
|t:|1637194123
|move|p2a: Fairygod mother|Roost|p2a: Fairygod mother
|-heal|p2a: Fairygod mother|98/100 brn
|-singleturn|p2a: Fairygod mother|move: Roost
|move|p1a: Groudon|Precipice Blades|p2a: Fairygod mother
|-damage|p2a: Fairygod mother|51/100 brn
|
|-weather|DesolateLand|[upkeep]
|-damage|p2a: Fairygod mother|45/100 brn|[from] brn
|upkeep
|turn|59
|
|t:|1637194135
|move|p2a: Fairygod mother|Roost|p2a: Fairygod mother
|-heal|p2a: Fairygod mother|95/100 brn
|-singleturn|p2a: Fairygod mother|move: Roost
|move|p1a: Groudon|Fire Punch|p2a: Fairygod mother
|-damage|p2a: Fairygod mother|50/100 brn
|
|-weather|DesolateLand|[upkeep]
|-damage|p2a: Fairygod mother|44/100 brn|[from] brn
|upkeep
|turn|60
|
|t:|1637194144
|move|p2a: Fairygod mother|Roost|p2a: Fairygod mother
|-heal|p2a: Fairygod mother|94/100 brn
|-singleturn|p2a: Fairygod mother|move: Roost
|move|p1a: Groudon|Precipice Blades|p2a: Fairygod mother
|-damage|p2a: Fairygod mother|52/100 brn
|
|-weather|DesolateLand|[upkeep]
|-damage|p2a: Fairygod mother|46/100 brn|[from] brn
|upkeep
|turn|61
|
|t:|1637194155
|move|p2a: Fairygod mother|Will-O-Wisp|p1a: Groudon
|-immune|p1a: Groudon
|move|p1a: Groudon|Fire Punch|p2a: Fairygod mother
|-damage|p2a: Fairygod mother|6/100 brn
|
|-weather|DesolateLand|[upkeep]
|-damage|p2a: Fairygod mother|0 fnt|[from] brn
|faint|p2a: Fairygod mother
|upkeep
|
|t:|1637194168
|switch|p2a: Godzilla|Tyranitar, F, shiny|18/100
|-damage|p2a: Godzilla|6/100|[from] Stealth Rock
|-ability|p2a: Godzilla|Sand Stream|[from] desolateland|[fail]
|turn|62
|c|☆F.A.M.E.246 2nd|Gg bro
|c|☆F.A.M.E.246 2nd|Great game
|c|☆Odins will|Same ggs
|inactive|Odins will has 120 seconds left.
|-message|Odins will forfeited.
|
|win|F.A.M.E.246 2nd
|raw|F.A.M.E.246 2nd's rating: 1742 &rarr; <strong>1764</strong><br />(+22 for winning)
|raw|Odins will's rating: 1772 &rarr; <strong>1750</strong><br />(-22 for losing)
|l|☆Odins will
|c|☆F.A.M.E.246 2nd|You right that I shouldn't have forfeited
||Ladder isn't responding, score probably updated but might not have (Request timeout).
