|j|☆niun
|j|☆Count Karnstein
|t:|1636737689
|gametype|singles
|player|p1|niun|gentleman-gen4dp|1783
|player|p2|Count Karnstein|ingo|1709
|teamsize|p1|6
|teamsize|p2|6
|gen|8
|tier|[Gen 8] National Dex AG
|rated|
|rule|HP Percentage Mod: HP is shown in percentages
|rule|Endless Battle Clause: Forcing endless battles is banned
|clearpoke
|poke|p1|Zacian-*|
|poke|p1|Kyurem-White|
|poke|p1|Zygarde|
|poke|p1|Necrozma-Dusk-Mane|
|poke|p1|Ho-Oh|
|poke|p1|Arceus-*|
|poke|p2|Arceus-*|
|poke|p2|Yveltal|
|poke|p2|Smeargle, F|
|poke|p2|Calyrex-Shadow|
|poke|p2|Rayquaza|
|poke|p2|Groudon|
|teampreview
|inactive|Battle timer is ON: inactive players will automatically lose when time's up. (requested by niun)
|
|t:|1636737707
|start
|switch|p1a: Zygarde|Zygarde|100/100
|switch|p2a: Smeargle|Smeargle, F|100/100
|turn|1
|
|t:|1636737713
|move|p1a: Zygarde|Substitute|p1a: Zygarde
|-start|p1a: Zygarde|Substitute
|-damage|p1a: Zygarde|76/100
|move|p2a: Smeargle|Sticky Web|p1a: Zygarde
|-sidestart|p1: niun|move: Sticky Web
|
|-heal|p1a: Zygarde|82/100|[from] item: Leftovers
|upkeep
|turn|2
|
|t:|1636737727
|move|p1a: Zygarde|Thousand Arrows|p2a: Smeargle
|-damage|p2a: Smeargle|4/100
|move|p2a: Smeargle|Endeavor|p1a: Zygarde
|-end|p1a: Zygarde|Substitute
|
|-heal|p1a: Zygarde|88/100|[from] item: Leftovers
|upkeep
|turn|3
|
|t:|1636737735
|move|p1a: Zygarde|Substitute|p1a: Zygarde
|-start|p1a: Zygarde|Substitute
|-damage|p1a: Zygarde|63/100
|move|p2a: Smeargle|Endeavor|p1a: Zygarde
|-end|p1a: Zygarde|Substitute
|
|-heal|p1a: Zygarde|69/100|[from] item: Leftovers
|upkeep
|turn|4
|
|t:|1636737743
|move|p1a: Zygarde|Substitute|p1a: Zygarde
|-start|p1a: Zygarde|Substitute
|-damage|p1a: Zygarde|44/100
|move|p2a: Smeargle|Endeavor|p1a: Zygarde
|-end|p1a: Zygarde|Substitute
|
|-heal|p1a: Zygarde|51/100|[from] item: Leftovers
|upkeep
|turn|5
|
|t:|1636737751
|move|p1a: Zygarde|Substitute|p1a: Zygarde
|-start|p1a: Zygarde|Substitute
|-damage|p1a: Zygarde|26/100
|move|p2a: Smeargle|Endeavor|p1a: Zygarde
|-activate|p1a: Zygarde|move: Substitute|[damage]
|
|-heal|p1a: Zygarde|32/100|[from] item: Leftovers
|-activate|p1a: Zygarde|ability: Power Construct
|detailschange|p1a: Zygarde|Zygarde-Complete
|-heal|p1a: Zygarde|55/100|[silent]
|upkeep
|turn|6
|
|t:|1636737761
|move|p2a: Smeargle|Shadow Sneak|p1a: Zygarde
|-end|p1a: Zygarde|Substitute
|move|p1a: Zygarde|Thousand Arrows|p2a: Smeargle
|-damage|p2a: Smeargle|0 fnt
|faint|p2a: Smeargle
|
|-heal|p1a: Zygarde|61/100|[from] item: Leftovers
|upkeep
|
|t:|1636737773
|switch|p2a: Arceus|Arceus-Water|100/100
|turn|7
|
|t:|1636737783
|switch|p1a: Kyurem|Kyurem-White|100/100
|-activate|p1a: Kyurem|move: Sticky Web
|-unboost|p1a: Kyurem|spe|1
|-ability|p1a: Kyurem|Turboblaze
|move|p2a: Arceus|Toxic|p1a: Kyurem
|-status|p1a: Kyurem|tox
|
|-damage|p1a: Kyurem|94/100 tox|[from] psn
|upkeep
|turn|8
|
|t:|1636737802
|switch|p2a: Groudon|Groudon|100/100
|detailschange|p2a: Groudon|Groudon-Primal
|-primal|p2a: Groudon
|-weather|DesolateLand|[from] ability: Desolate Land|[of] p2a: Groudon
|move|p1a: Kyurem|Freeze-Dry|p2a: Groudon
|-damage|p2a: Groudon|30/100
|
|-weather|DesolateLand|[upkeep]
|-damage|p1a: Kyurem|82/100 tox|[from] psn
|upkeep
|turn|9
|
|t:|1636737813
|switch|p1a: Zygarde|Zygarde-Complete|61/100
|-activate|p1a: Zygarde|move: Sticky Web
|-unboost|p1a: Zygarde|spe|1
|move|p2a: Groudon|Stealth Rock|p1a: Zygarde
|-sidestart|p1: niun|move: Stealth Rock
|
|-weather|DesolateLand|[upkeep]
|-heal|p1a: Zygarde|68/100|[from] item: Leftovers
|upkeep
|turn|10
|
|t:|1636737822
|move|p2a: Groudon|Earthquake|p1a: Zygarde
|-damage|p1a: Zygarde|40/100
|move|p1a: Zygarde|Glare|p2a: Groudon
|-status|p2a: Groudon|par
|
|-weather|DesolateLand|[upkeep]
|-heal|p1a: Zygarde|46/100|[from] item: Leftovers
|upkeep
|turn|11
|
|t:|1636737830
|switch|p1a: Ho-Oh|Ho-Oh|100/100
|-weather|none
|switch|p2a: Yveltal|Yveltal|100/100
|-ability|p2a: Yveltal|Dark Aura
|
|upkeep
|turn|12
|
|t:|1636737837
|move|p2a: Yveltal|Taunt|p1a: Ho-Oh
|-start|p1a: Ho-Oh|move: Taunt
|cant|p1a: Ho-Oh|move: Taunt|Defog
|
|upkeep
|turn|13
|
|t:|1636737842
|switch|p1a: Arceus|Arceus-Dark|100/100
|-damage|p1a: Arceus|88/100|[from] Stealth Rock
|-activate|p1a: Arceus|move: Sticky Web
|-unboost|p1a: Arceus|spe|1
|move|p2a: Yveltal|Knock Off|p1a: Arceus
|-resisted|p1a: Arceus
|-damage|p1a: Arceus|74/100
|
|upkeep
|turn|14
|
|t:|1636737853
|-start|p2a: Yveltal|Dynamax
|-heal|p2a: Yveltal|100/100|[silent]
|move|p2a: Yveltal|Max Darkness|p1a: Arceus
|-resisted|p1a: Arceus
|-damage|p1a: Arceus|46/100
|-unboost|p1a: Arceus|spd|1
|move|p1a: Arceus|Judgment|p2a: Yveltal
|-resisted|p2a: Yveltal
|-damage|p2a: Yveltal|87/100
|
|upkeep
|turn|15
|
|t:|1636737874
|move|p2a: Yveltal|Max Airstream|p1a: Arceus
|-damage|p1a: Arceus|0 fnt
|-boost|p2a: Yveltal|spe|1
|faint|p1a: Arceus
|
|upkeep
|
|t:|1636737881
|switch|p1a: Zacian|Zacian-Crowned|100/100
|-damage|p1a: Zacian|94/100|[from] Stealth Rock
|-activate|p1a: Zacian|move: Sticky Web
|-unboost|p1a: Zacian|spe|1
|-ability|p1a: Zacian|Intrepid Sword|boost
|-boost|p1a: Zacian|atk|1
|turn|16
|
|t:|1636737891
|move|p2a: Yveltal|Max Flare|p1a: Zacian
|-supereffective|p1a: Zacian
|-damage|p1a: Zacian|21/100
|-weather|SunnyDay
|move|p1a: Zacian|Behemoth Blade|p2a: Yveltal
|-damage|p2a: Yveltal|0 fnt
|faint|p2a: Yveltal
|
|-weather|SunnyDay|[upkeep]
|upkeep
|
|t:|1636737900
|switch|p2a: Calyrex|Calyrex-Shadow|100/100
|-ability|p2a: Calyrex|As One
|-ability|p2a: Calyrex|Unnerve
|turn|17
|
|t:|1636737907
|move|p2a: Calyrex|Astral Barrage|p1a: Zacian
|-damage|p1a: Zacian|0 fnt
|faint|p1a: Zacian
|-ability|p2a: Calyrex|Grim Neigh|boost
|-boost|p2a: Calyrex|spa|1
|
|-weather|SunnyDay|[upkeep]
|upkeep
|
|t:|1636737914
|switch|p1a: Ho-Oh|Ho-Oh|100/100
|turn|18
|
|t:|1636737917
|-start|p1a: Ho-Oh|Dynamax
|-heal|p1a: Ho-Oh|100/100|[silent]
|move|p2a: Calyrex|Astral Barrage|p1a: Ho-Oh
|-damage|p1a: Ho-Oh|74/100
|move|p1a: Ho-Oh|Max Flare|p2a: Calyrex
|-damage|p2a: Calyrex|0 fnt
|faint|p2a: Calyrex
|
|-weather|SunnyDay|[upkeep]
|upkeep
|
|t:|1636737931
|switch|p2a: Arceus|Arceus-Water|100/100
|turn|19
|
|t:|1636737939
|-end|p1a: Ho-Oh|Dynamax
|-heal|p1a: Ho-Oh|74/100|[silent]
|switch|p1a: Kyurem|Kyurem-White|82/100 tox
|-activate|p1a: Kyurem|move: Sticky Web
|-unboost|p1a: Kyurem|spe|1
|-damage|p1a: Kyurem|57/100 tox|[from] Stealth Rock
|-ability|p1a: Kyurem|Turboblaze
|move|p2a: Arceus|Toxic|p1a: Kyurem
|-fail|p1a: Kyurem|tox
|
|-weather|SunnyDay|[upkeep]
|-damage|p1a: Kyurem|51/100 tox|[from] psn
|upkeep
|turn|20
|
|t:|1636737952
|switch|p2a: Groudon|Groudon-Primal|30/100 par
|-weather|DesolateLand|[from] ability: Desolate Land|[of] p2a: Groudon
|move|p1a: Kyurem|Freeze-Dry|p2a: Groudon
|-damage|p2a: Groudon|0 fnt
|faint|p2a: Groudon
|-weather|none
|
|-damage|p1a: Kyurem|39/100 tox|[from] psn
|upkeep
|
|t:|1636737967
|switch|p2a: Rayquaza|Rayquaza|100/100
|-ability|p2a: Rayquaza|Air Lock
|turn|21
|
|t:|1636737977
|detailschange|p2a: Rayquaza|Rayquaza-Mega
|-mega|p2a: Rayquaza|Rayquaza|
|-weather|DeltaStream|[from] ability: Delta Stream|[of] p2a: Rayquaza
|move|p2a: Rayquaza|Dragon Ascent|p1a: Kyurem
|-damage|p1a: Kyurem|0 fnt
|-unboost|p2a: Rayquaza|def|1
|-unboost|p2a: Rayquaza|spd|1
|faint|p1a: Kyurem
|
|-weather|DeltaStream|[upkeep]
|upkeep
|
|t:|1636737991
|switch|p1a: Necrozma|Necrozma-Dusk-Mane|100/100
|-activate|p1a: Necrozma|move: Sticky Web
|-unboost|p1a: Necrozma|spe|1
|-damage|p1a: Necrozma|94/100|[from] Stealth Rock
|turn|22
|
|t:|1636737997
|-weather|none
|switch|p2a: Arceus|Arceus-Water|100/100
|move|p1a: Necrozma|Sunsteel Strike|p2a: Arceus
|-resisted|p2a: Arceus
|-damage|p2a: Arceus|83/100
|
|upkeep
|turn|23
|
|t:|1636738008
|switch|p1a: Zygarde|Zygarde-Complete|46/100
|-damage|p1a: Zygarde|40/100|[from] Stealth Rock
|-activate|p1a: Zygarde|move: Sticky Web
|-unboost|p1a: Zygarde|spe|1
|move|p2a: Arceus|Earth Power|p1a: Zygarde
|-damage|p1a: Zygarde|25/100
|
|-heal|p1a: Zygarde|31/100|[from] item: Leftovers
|upkeep
|turn|24
|
|t:|1636738019
|move|p2a: Arceus|Judgment|p1a: Zygarde
|-damage|p1a: Zygarde|1/100
|move|p1a: Zygarde|Glare|p2a: Arceus
|-status|p2a: Arceus|par
|
|-heal|p1a: Zygarde|8/100|[from] item: Leftovers
|upkeep
|turn|25
|
|t:|1636738027
|move|p1a: Zygarde|Thousand Arrows|p2a: Arceus
|-damage|p2a: Arceus|64/100 par
|cant|p2a: Arceus|par
|
|-heal|p1a: Zygarde|14/100|[from] item: Leftovers
|upkeep
|turn|26
|
|t:|1636738034
|move|p1a: Zygarde|Thousand Arrows|p2a: Arceus
|-damage|p2a: Arceus|45/100 par
|move|p2a: Arceus|Judgment|p1a: Zygarde
|-damage|p1a: Zygarde|0 fnt
|faint|p1a: Zygarde
|
|upkeep
|
|t:|1636738041
|switch|p1a: Ho-Oh|Ho-Oh|100/100
|turn|27
|
|t:|1636738044
|move|p1a: Ho-Oh|Defog|p2a: Arceus
|-unboost|p2a: Arceus|evasion|1
|-sideend|p1: niun|Stealth Rock|[from] move: Defog|[of] p1a: Ho-Oh
|-sideend|p1: niun|Sticky Web|[from] move: Defog|[of] p1a: Ho-Oh
|move|p2a: Arceus|Recover|p2a: Arceus
|-heal|p2a: Arceus|95/100 par
|
|upkeep
|turn|28
|
|t:|1636738052
|switch|p1a: Necrozma|Necrozma-Dusk-Mane|94/100
|move|p2a: Arceus|Toxic|p1a: Necrozma|[miss]
|-miss|p2a: Arceus|p1a: Necrozma
|
|upkeep
|turn|29
|
|t:|1636738058
|move|p1a: Necrozma|Stealth Rock|p2a: Arceus
|-sidestart|p2: Count Karnstein|move: Stealth Rock
|move|p2a: Arceus|Judgment|p1a: Necrozma
|-damage|p1a: Necrozma|53/100
|
|upkeep
|turn|30
|
|t:|1636738064
|move|p1a: Necrozma|Morning Sun|p1a: Necrozma
|-heal|p1a: Necrozma|100/100
|move|p2a: Arceus|Judgment|p1a: Necrozma
|-damage|p1a: Necrozma|61/100
|
|upkeep
|turn|31
|-message|niun forfeited.
|
|win|Count Karnstein
|raw|niun's rating: 1783 &rarr; <strong>1759</strong><br />(-24 for losing)
|raw|Count Karnstein's rating: 1709 &rarr; <strong>1733</strong><br />(+24 for winning)
|l|☆niun
||Ladder isn't responding, score probably updated but might not have (Request timeout).
