|j|☆0.9mirror
|j|☆Delta780
|t:|1668426101
|gametype|singles
|player|p1|0.9mirror|pokemonrangerf-gen4|1622
|player|p2|Delta780|rosa|1893
|teamsize|p1|6
|teamsize|p2|6
|gen|8
|tier|[Gen 8] National Dex AG
|rated|
|rule|HP Percentage Mod: HP is shown in percentages
|rule|Endless Battle Clause: Forcing endless battles is banned
|clearpoke
|poke|p1|Zacian-*|
|poke|p1|Kyogre|
|poke|p1|Rayquaza|
|poke|p1|Marshadow|
|poke|p1|Ditto|
|poke|p1|Arceus-*|
|poke|p2|Rayquaza|
|poke|p2|Calyrex-Shadow|
|poke|p2|Yveltal|
|poke|p2|Arceus-*|
|poke|p2|Arceus-*|
|poke|p2|Ditto|
|teampreview
|c|☆Delta780|。。。
|c|☆Delta780|排到了可还行
|c|☆0.9mirror|BUSHI BEN REN
|c|☆0.9mirror|我是他朋友
|c|☆Delta780|好吧
|
|t:|1668426165
|start
|switch|p1a: Arceus|Arceus-Electric|100/100
|switch|p2a: Arceus|Arceus-Ground|100/100
|turn|1
|
|t:|1668426175
|move|p2a: Arceus|Stone Edge|p1a: Arceus
|-damage|p1a: Arceus|74/100
|move|p1a: Arceus|Stealth Rock|p2a: Arceus
|-sidestart|p2: Delta780|move: Stealth Rock
|
|upkeep
|turn|2
|
|t:|1668426185
|switch|p1a: Kyogre|Kyogre|100/100
|detailschange|p1a: Kyogre|Kyogre-Primal
|-primal|p1a: Kyogre
|-weather|PrimordialSea|[from] ability: Primordial Sea|[of] p1a: Kyogre
|move|p2a: Arceus|Swords Dance|p2a: Arceus
|-boost|p2a: Arceus|atk|2
|
|-weather|PrimordialSea|[upkeep]
|upkeep
|turn|3
|
|t:|1668426190
|-weather|none
|switch|p1a: Rayquaza|Rayquaza|100/100
|-ability|p1a: Rayquaza|Air Lock
|-zpower|p2a: Arceus
|move|p2a: Arceus|Tectonic Rage|p1a: Rayquaza|[zeffect]
|-immune|p1a: Rayquaza
|
|upkeep
|turn|4
|
|t:|1668426204
|switch|p1a: Arceus|Arceus-Electric|74/100
|move|p2a: Arceus|Stone Edge|p1a: Arceus
|-damage|p1a: Arceus|25/100
|
|upkeep
|turn|5
|
|t:|1668426211
|move|p2a: Arceus|Stone Edge|p1a: Arceus
|-crit|p1a: Arceus
|-damage|p1a: Arceus|0 fnt
|faint|p1a: Arceus
|
|upkeep
|
|t:|1668426213
|switch|p1a: Marshadow|Marshadow|100/100
|turn|6
|
|t:|1668426220
|switch|p2a: Arceus|Arceus-Electric|100/100
|-damage|p2a: Arceus|88/100|[from] Stealth Rock
|move|p1a: Marshadow|Close Combat|p2a: Arceus
|-damage|p2a: Arceus|49/100
|-unboost|p1a: Marshadow|def|1
|-unboost|p1a: Marshadow|spd|1
|-damage|p1a: Marshadow|91/100|[from] item: Life Orb
|
|upkeep
|turn|7
|
|t:|1668426232
|switch|p1a: Rayquaza|Rayquaza|100/100
|-ability|p1a: Rayquaza|Air Lock
|move|p2a: Arceus|Recover|p2a: Arceus
|-heal|p2a: Arceus|99/100
|
|upkeep
|turn|8
|
|t:|1668426235
|detailschange|p1a: Rayquaza|Rayquaza-Mega
|-mega|p1a: Rayquaza|Rayquaza|
|-weather|DeltaStream|[from] ability: Delta Stream|[of] p1a: Rayquaza
|move|p1a: Rayquaza|Scale Shot|p2a: Arceus|[miss]
|-miss|p1a: Rayquaza|p2a: Arceus
|move|p2a: Arceus|Will-O-Wisp|p1a: Rayquaza
|-status|p1a: Rayquaza|brn
|
|-weather|DeltaStream|[upkeep]
|-damage|p1a: Rayquaza|95/100 brn|[from] brn
|upkeep
|turn|9
|
|t:|1668426245
|move|p1a: Rayquaza|Scale Shot|p2a: Arceus
|-damage|p2a: Arceus|91/100
|-damage|p2a: Arceus|85/100
|-damage|p2a: Arceus|77/100
|-crit|p2a: Arceus
|-damage|p2a: Arceus|66/100
|-damage|p2a: Arceus|59/100
|-hitcount|p2a: Arceus|5
|-unboost|p1a: Rayquaza|def|1
|-boost|p1a: Rayquaza|spe|1
|move|p2a: Arceus|Stealth Rock|p1a: Rayquaza
|-sidestart|p1: 0.9mirror|move: Stealth Rock
|
|-weather|DeltaStream|[upkeep]
|-damage|p1a: Rayquaza|89/100 brn|[from] brn
|upkeep
|turn|10
|
|t:|1668426261
|move|p1a: Rayquaza|Scale Shot|p2a: Arceus
|-damage|p2a: Arceus|52/100
|-damage|p2a: Arceus|45/100
|-damage|p2a: Arceus|37/100
|-damage|p2a: Arceus|30/100
|-hitcount|p2a: Arceus|4
|-unboost|p1a: Rayquaza|def|1
|-boost|p1a: Rayquaza|spe|1
|move|p2a: Arceus|Recover|p2a: Arceus
|-heal|p2a: Arceus|80/100
|
|-weather|DeltaStream|[upkeep]
|-damage|p1a: Rayquaza|83/100 brn|[from] brn
|upkeep
|turn|11
|
|t:|1668426271
|move|p1a: Rayquaza|Scale Shot|p2a: Arceus
|-damage|p2a: Arceus|73/100
|-damage|p2a: Arceus|66/100
|-hitcount|p2a: Arceus|2
|-unboost|p1a: Rayquaza|def|1
|-boost|p1a: Rayquaza|spe|1
|move|p2a: Arceus|Judgment|p1a: Rayquaza
|-activate||deltastream
|-resisted|p1a: Rayquaza
|-damage|p1a: Rayquaza|58/100 brn
|
|-weather|DeltaStream|[upkeep]
|-damage|p1a: Rayquaza|52/100 brn|[from] brn
|upkeep
|turn|12
|
|t:|1668426283
|move|p1a: Rayquaza|Scale Shot|p2a: Arceus
|-damage|p2a: Arceus|58/100
|-damage|p2a: Arceus|51/100
|-damage|p2a: Arceus|43/100
|-hitcount|p2a: Arceus|3
|-unboost|p1a: Rayquaza|def|1
|-boost|p1a: Rayquaza|spe|1
|move|p2a: Arceus|Recover|p2a: Arceus
|-heal|p2a: Arceus|93/100
|
|-weather|DeltaStream|[upkeep]
|-damage|p1a: Rayquaza|46/100 brn|[from] brn
|upkeep
|turn|13
|
|t:|1668426297
|move|p1a: Rayquaza|Scale Shot|p2a: Arceus
|-damage|p2a: Arceus|86/100
|-damage|p2a: Arceus|78/100
|-hitcount|p2a: Arceus|2
|-unboost|p1a: Rayquaza|def|1
|-boost|p1a: Rayquaza|spe|1
|move|p2a: Arceus|Judgment|p1a: Rayquaza
|-activate||deltastream
|-resisted|p1a: Rayquaza
|-damage|p1a: Rayquaza|25/100 brn
|
|-weather|DeltaStream|[upkeep]
|-damage|p1a: Rayquaza|19/100 brn|[from] brn
|upkeep
|turn|14
|
|t:|1668426302
|move|p1a: Rayquaza|Scale Shot|p2a: Arceus
|-damage|p2a: Arceus|70/100
|-damage|p2a: Arceus|62/100
|-hitcount|p2a: Arceus|2
|-unboost|p1a: Rayquaza|def|1
|-boost|p1a: Rayquaza|spe|1
|move|p2a: Arceus|Recover|p2a: Arceus
|-heal|p2a: Arceus|100/100
|
|-weather|DeltaStream|[upkeep]
|-damage|p1a: Rayquaza|13/100 brn|[from] brn
|upkeep
|turn|15
|
|t:|1668426307
|move|p1a: Rayquaza|Scale Shot|p2a: Arceus
|-damage|p2a: Arceus|92/100
|-crit|p2a: Arceus
|-damage|p2a: Arceus|81/100
|-damage|p2a: Arceus|73/100
|-hitcount|p2a: Arceus|3
|move|p2a: Arceus|Recover|p2a: Arceus
|-heal|p2a: Arceus|100/100
|
|-weather|DeltaStream|[upkeep]
|-damage|p1a: Rayquaza|7/100 brn|[from] brn
|upkeep
|turn|16
|
|t:|1668426310
|move|p1a: Rayquaza|Scale Shot|p2a: Arceus|[miss]
|-miss|p1a: Rayquaza|p2a: Arceus
|move|p2a: Arceus|Judgment|p1a: Rayquaza
|-activate||deltastream
|-resisted|p1a: Rayquaza
|-damage|p1a: Rayquaza|0 fnt
|faint|p1a: Rayquaza
|-weather|none
|
|upkeep
|
|t:|1668426320
|switch|p1a: Ditto|Ditto|100/100
|-damage|p1a: Ditto|88/100|[from] Stealth Rock
|-transform|p1a: Ditto|p2a: Arceus|[from] ability: Imposter
|turn|17
|
|t:|1668426327
|move|p1a: Ditto|Will-O-Wisp|p2a: Arceus
|-status|p2a: Arceus|brn
|move|p2a: Arceus|Will-O-Wisp|p1a: Ditto
|-status|p1a: Ditto|brn
|
|-damage|p1a: Ditto|82/100 brn|[from] brn
|-damage|p2a: Arceus|94/100 brn|[from] brn
|upkeep
|turn|18
|
|t:|1668426341
|switch|p1a: Zacian|Zacian-Crowned|100/100
|-damage|p1a: Zacian|94/100|[from] Stealth Rock
|-ability|p1a: Zacian|Intrepid Sword|boost
|-boost|p1a: Zacian|atk|1
|switch|p2a: Arceus|Arceus-Ground|100/100
|-damage|p2a: Arceus|94/100|[from] Stealth Rock
|
|upkeep
|turn|19
|
|t:|1668426348
|move|p1a: Zacian|Substitute|p1a: Zacian
|-start|p1a: Zacian|Substitute
|-damage|p1a: Zacian|69/100
|move|p2a: Arceus|Earthquake|p1a: Zacian
|-supereffective|p1a: Zacian
|-end|p1a: Zacian|Substitute
|
|upkeep
|turn|20
|
|t:|1668426350
|move|p1a: Zacian|Substitute|p1a: Zacian
|-start|p1a: Zacian|Substitute
|-damage|p1a: Zacian|44/100
|move|p2a: Arceus|Earthquake|p1a: Zacian
|-supereffective|p1a: Zacian
|-end|p1a: Zacian|Substitute
|
|upkeep
|turn|21
|
|t:|1668426353
|move|p1a: Zacian|Close Combat|p2a: Arceus
|-damage|p2a: Arceus|39/100
|-unboost|p1a: Zacian|def|1
|-unboost|p1a: Zacian|spd|1
|move|p2a: Arceus|Earthquake|p1a: Zacian
|-supereffective|p1a: Zacian
|-damage|p1a: Zacian|0 fnt
|faint|p1a: Zacian
|
|upkeep
|
|t:|1668426360
|switch|p1a: Marshadow|Marshadow|91/100
|-damage|p1a: Marshadow|84/100|[from] Stealth Rock
|turn|22
|
|t:|1668426363
|move|p1a: Marshadow|Poltergeist|p2a: Arceus
|-activate|p2a: Arceus|move: Poltergeist|Groundium Z
|-damage|p2a: Arceus|0 fnt
|faint|p2a: Arceus
|-damage|p1a: Marshadow|74/100|[from] item: Life Orb
|
|upkeep
|
|t:|1668426377
|switch|p2a: Ditto|Ditto|100/100
|-damage|p2a: Ditto|88/100|[from] Stealth Rock
|-transform|p2a: Ditto|p1a: Marshadow|[from] ability: Imposter
|turn|23
|
|t:|1668426385
|-start|p1a: Marshadow|Dynamax|
|-heal|p1a: Marshadow|74/100|[silent]
|move|p2a: Ditto|Shadow Sneak|p1a: Marshadow
|-supereffective|p1a: Marshadow
|-damage|p1a: Marshadow|34/100
|move|p1a: Marshadow|Max Phantasm|p2a: Ditto
|-supereffective|p2a: Ditto
|-damage|p2a: Ditto|0 fnt
|faint|p2a: Ditto
|-damage|p1a: Marshadow|29/100|[from] item: Life Orb
|
|upkeep
|
|t:|1668426397
|switch|p2a: Calyrex|Calyrex-Shadow|100/100
|-ability|p2a: Calyrex|As One
|-ability|p2a: Calyrex|Unnerve
|-damage|p2a: Calyrex|88/100|[from] Stealth Rock
|turn|24
|
|t:|1668426410
|-end|p1a: Marshadow|Dynamax
|-heal|p1a: Marshadow|29/100|[silent]
|switch|p1a: Kyogre|Kyogre-Primal|100/100
|-damage|p1a: Kyogre|88/100|[from] Stealth Rock
|-weather|PrimordialSea|[from] ability: Primordial Sea|[of] p1a: Kyogre
|move|p2a: Calyrex|Astral Barrage|p1a: Kyogre
|-damage|p1a: Kyogre|39/100
|
|-weather|PrimordialSea|[upkeep]
|upkeep
|turn|25
|
|t:|1668426447
|move|p2a: Calyrex|Astral Barrage|p1a: Kyogre
|-damage|p1a: Kyogre|0 fnt
|faint|p1a: Kyogre
|-weather|none
|-ability|p2a: Calyrex|Grim Neigh|boost
|-boost|p2a: Calyrex|spa|1
|
|upkeep
|
|t:|1668426449
|switch|p1a: Ditto|Ditto|82/100 brn
|-damage|p1a: Ditto|70/100 brn|[from] Stealth Rock
|-transform|p1a: Ditto|p2a: Calyrex|[from] ability: Imposter
|turn|26
|
|t:|1668426461
|switch|p2a: Rayquaza|Rayquaza|100/100
|-damage|p2a: Rayquaza|76/100|[from] Stealth Rock
|-ability|p2a: Rayquaza|Air Lock
|move|p1a: Ditto|Astral Barrage|p2a: Rayquaza
|-damage|p2a: Rayquaza|0 fnt
|faint|p2a: Rayquaza
|-ability|p1a: Ditto|Grim Neigh|boost
|-boost|p1a: Ditto|spa|1
|
|-damage|p1a: Ditto|64/100 brn|[from] brn
|upkeep
|
|t:|1668426464
|switch|p2a: Yveltal|Yveltal|100/100
|-damage|p2a: Yveltal|76/100|[from] Stealth Rock
|-ability|p2a: Yveltal|Dark Aura
|turn|27
|
|t:|1668426469
|-start|p2a: Yveltal|Dynamax|
|-heal|p2a: Yveltal|76/100|[silent]
|move|p1a: Ditto|Astral Barrage|p2a: Yveltal
|-resisted|p2a: Yveltal
|-damage|p2a: Yveltal|53/100
|move|p2a: Yveltal|Max Airstream|p1a: Ditto
|-damage|p1a: Ditto|0 fnt
|-boost|p2a: Yveltal|spe|1
|faint|p1a: Ditto
|
|upkeep
|-message|0.9mirror forfeited.
|
|win|Delta780
|raw|0.9mirror's rating: 1622 &rarr; <strong>1615</strong><br />(-7 for losing)
|raw|Delta780's rating: 1893 &rarr; <strong>1900</strong><br />(+7 for winning)
|l|☆0.9mirror
|l|☆Delta780
||Ladder isn't responding, score probably updated but might not have (Request timeout).
|j|☆Delta780
|player|p2|Delta780|rosa
