|j|☆Georgo99
|j|☆lavenderlad02
|t:|1666285009
|gametype|singles
|player|p1|Georgo99|ingo|1771
|player|p2|lavenderlad02|palmer|1817
|teamsize|p1|6
|teamsize|p2|6
|gen|8
|tier|[Gen 8] National Dex AG
|rated|
|rule|HP Percentage Mod: HP is shown in percentages
|rule|Endless Battle Clause: Forcing endless battles is banned
|clearpoke
|poke|p1|Calyrex-Shadow|
|poke|p1|Rayquaza|
|poke|p1|Ditto|
|poke|p1|Smeargle, M|
|poke|p1|Marshadow|
|poke|p1|Groudon|
|poke|p2|Eternatus|
|poke|p2|Arceus-*|
|poke|p2|Yveltal|
|poke|p2|Necrozma-Dusk-Mane|
|poke|p2|Arceus-*|
|poke|p2|Marshadow|
|teampreview
|inactive|Battle timer is ON: inactive players will automatically lose when time's up. (requested by lavenderlad02)
|inactive|Georgo99 also wants the timer to be on.
|
|t:|1666285022
|start
|switch|p1a: Mega Basic|Rayquaza, shiny|100/100
|switch|p2a: Arceus|Arceus-Steel|100/100
|-ability|p1a: Mega Basic|Air Lock
|turn|1
|
|t:|1666285027
|detailschange|p1a: Mega Basic|Rayquaza-Mega, shiny
|-mega|p1a: Mega Basic|Rayquaza|
|-weather|DeltaStream|[from] ability: Delta Stream|[of] p1a: Mega Basic
|move|p2a: Arceus|Judgment|p1a: Mega Basic
|-crit|p1a: Mega Basic
|-damage|p1a: Mega Basic|10/100
|move|p1a: Mega Basic|Dragon Dance|p1a: Mega Basic
|-boost|p1a: Mega Basic|atk|1
|-boost|p1a: Mega Basic|spe|1
|
|-weather|DeltaStream|[upkeep]
|upkeep
|turn|2
|
|t:|1666285034
|switch|p2a: Arceus|Arceus-Water|100/100
|move|p1a: Mega Basic|Earthquake|p2a: Arceus
|-damage|p2a: Arceus|57/100
|-damage|p1a: Mega Basic|0 fnt|[from] item: Life Orb
|faint|p1a: Mega Basic
|-weather|none
|
|upkeep
|
|t:|1666285040
|switch|p1a: Basic God|Smeargle, M|100/100
|turn|3
|
|t:|1666285045
|move|p2a: Arceus|Whirlpool|p1a: Basic God
|-damage|p1a: Basic God|72/100
|-activate|p1a: Basic God|move: Whirlpool|[of] p2a: Arceus
|move|p1a: Basic God|Spore|p2a: Arceus
|-status|p2a: Arceus|slp|[from] move: Spore
|
|-damage|p1a: Basic God|59/100|[from] move: Whirlpool|[partiallytrapped]
|-ability|p1a: Basic God|Moody|boost
|-boost|p1a: Basic God|atk|2
|-unboost|p1a: Basic God|def|1
|upkeep
|turn|4
|
|t:|1666285049
|cant|p2a: Arceus|slp
|move|p1a: Basic God|Sticky Web|p2a: Arceus
|-sidestart|p2: lavenderlad02|move: Sticky Web
|
|-damage|p1a: Basic God|47/100|[from] move: Whirlpool|[partiallytrapped]
|-ability|p1a: Basic God|Moody|boost
|-boost|p1a: Basic God|spe|2
|-unboost|p1a: Basic God|def|1
|upkeep
|turn|5
|
|t:|1666285052
|move|p1a: Basic God|Baton Pass|p1a: Basic God
|
|t:|1666285055
|switch|p1a: Primal Basic|Groudon, shiny|100/100|[from]move: Baton Pass
|detailschange|p1a: Primal Basic|Groudon-Primal, shiny
|-primal|p1a: Primal Basic
|-weather|DesolateLand|[from] ability: Desolate Land|[of] p1a: Primal Basic
|cant|p2a: Arceus|slp
|
|-weather|DesolateLand|[upkeep]
|-damage|p1a: Primal Basic|88/100|[from] move: Whirlpool|[partiallytrapped]
|upkeep
|turn|6
|
|t:|1666285069
|move|p1a: Primal Basic|Stealth Rock|p2a: Arceus
|-sidestart|p2: lavenderlad02|move: Stealth Rock
|cant|p2a: Arceus|slp
|
|-weather|DesolateLand|[upkeep]
|-damage|p1a: Primal Basic|76/100|[from] move: Whirlpool|[partiallytrapped]
|upkeep
|turn|7
|
|t:|1666285076
|move|p1a: Primal Basic|Earthquake|p2a: Arceus
|-damage|p2a: Arceus|0 fnt
|faint|p2a: Arceus
|
|-weather|DesolateLand|[upkeep]
|-end|p1a: Primal Basic|Whirlpool|[partiallytrapped]
|upkeep
|
|t:|1666285079
|switch|p2a: Marshadow|Marshadow|100/100
|-activate|p2a: Marshadow|move: Sticky Web
|-unboost|p2a: Marshadow|spe|1
|-damage|p2a: Marshadow|94/100|[from] Stealth Rock
|turn|8
|
|t:|1666285084
|move|p2a: Marshadow|Shadow Sneak|p1a: Primal Basic
|-damage|p1a: Primal Basic|34/100
|move|p1a: Primal Basic|Fire Punch|p2a: Marshadow
|-damage|p2a: Marshadow|0 fnt
|faint|p2a: Marshadow
|
|-weather|DesolateLand|[upkeep]
|upkeep
|
|t:|1666285087
|switch|p2a: Yveltal|Yveltal|100/100
|-ability|p2a: Yveltal|Dark Aura
|turn|9
|
|t:|1666285089
|move|p1a: Primal Basic|Fire Punch|p2a: Yveltal
|-damage|p2a: Yveltal|0 fnt
|faint|p2a: Yveltal
|
|-weather|DesolateLand|[upkeep]
|upkeep
|c|☆lavenderlad02|the moody luck is very skillful
|-message|lavenderlad02 forfeited.
|
|win|Georgo99
|raw|Georgo99's rating: 1771 &rarr; <strong>1794</strong><br />(+23 for winning)
|raw|lavenderlad02's rating: 1817 &rarr; <strong>1794</strong><br />(-23 for losing)
|l|☆lavenderlad02
||Ladder isn't responding, score probably updated but might not have (Request timeout).
