|j|☆lemoncell0
|j|☆Bobsican
|t:|1663022406
|gametype|singles
|player|p1|lemoncell0|allister|1778
|player|p2|Bobsican|n|1818
|teamsize|p1|6
|teamsize|p2|6
|gen|8
|tier|[Gen 8] National Dex AG
|rated|
|rule|HP Percentage Mod: HP is shown in percentages
|rule|Endless Battle Clause: Forcing endless battles is banned
|clearpoke
|poke|p1|Gothitelle, F|
|poke|p1|Diancie|
|poke|p1|Quagsire, M|
|poke|p1|Tyranitar, M|
|poke|p1|Blissey, F|
|poke|p1|Zacian-*|
|poke|p2|Ditto|
|poke|p2|Gengar, M|
|poke|p2|Tyranitar, F|
|poke|p2|Necrozma-Dusk-Mane|
|poke|p2|Arceus-*|
|poke|p2|Ho-Oh|
|teampreview
|
|t:|1663022416
|start
|switch|p1a: Tyranitar|Tyranitar, M|100/100
|switch|p2a: Ditto|Ditto|100/100
|-transform|p2a: Ditto|p1a: Tyranitar|[from] ability: Imposter
|-weather|Sandstorm|[from] ability: Sand Stream|[of] p2a: Ditto
|turn|1
|
|t:|1663022423
|switch|p1a: Gothitelle|Gothitelle, F|100/100
|move|p2a: Ditto|Stealth Rock|p1a: Gothitelle
|-sidestart|p1: lemoncell0|move: Stealth Rock
|
|-weather|Sandstorm|[upkeep]
|-damage|p1a: Gothitelle|94/100|[from] Sandstorm
|upkeep
|turn|2
|
|t:|1663022430
|move|p2a: Ditto|Stealth Rock||[still]
|-fail|p2a: Ditto
|move|p1a: Gothitelle|Taunt|p2a: Ditto
|-start|p2a: Ditto|move: Taunt
|
|-weather|Sandstorm|[upkeep]
|-damage|p1a: Gothitelle|88/100|[from] Sandstorm
|upkeep
|turn|3
|
|t:|1663022434
|-activate|p2a: Ditto|move: Struggle
|move|p2a: Ditto|Struggle|p1a: Gothitelle
|-damage|p1a: Gothitelle|77/100
|-damage|p2a: Ditto|75/100|[from] recoil
|move|p1a: Gothitelle|Cosmic Power|p1a: Gothitelle
|-boost|p1a: Gothitelle|def|1
|-boost|p1a: Gothitelle|spd|1
|
|-weather|Sandstorm|[upkeep]
|-damage|p1a: Gothitelle|71/100|[from] Sandstorm
|upkeep
|turn|4
|
|t:|1663022437
|-activate|p2a: Ditto|move: Struggle
|move|p2a: Ditto|Struggle|p1a: Gothitelle
|-damage|p1a: Gothitelle|63/100
|-damage|p2a: Ditto|50/100|[from] recoil
|move|p1a: Gothitelle|Cosmic Power|p1a: Gothitelle
|-boost|p1a: Gothitelle|def|1
|-boost|p1a: Gothitelle|spd|1
|
|-weather|Sandstorm|[upkeep]
|-damage|p1a: Gothitelle|57/100|[from] Sandstorm
|upkeep
|turn|5
|
|t:|1663022445
|-activate|p2a: Ditto|move: Struggle
|move|p2a: Ditto|Struggle|p1a: Gothitelle
|-damage|p1a: Gothitelle|51/100
|-damage|p2a: Ditto|25/100|[from] recoil
|move|p1a: Gothitelle|Cosmic Power|p1a: Gothitelle
|-boost|p1a: Gothitelle|def|1
|-boost|p1a: Gothitelle|spd|1
|
|-weather|none
|-end|p2a: Ditto|move: Taunt
|upkeep
|turn|6
|
|t:|1663022453
|move|p2a: Ditto|Stealth Rock||[still]
|-fail|p2a: Ditto
|move|p1a: Gothitelle|Cosmic Power|p1a: Gothitelle
|-boost|p1a: Gothitelle|def|1
|-boost|p1a: Gothitelle|spd|1
|
|upkeep
|turn|7
|
|t:|1663022457
|move|p2a: Ditto|Stealth Rock||[still]
|-fail|p2a: Ditto
|move|p1a: Gothitelle|Rest|p1a: Gothitelle
|-status|p1a: Gothitelle|slp|[from] move: Rest
|-heal|p1a: Gothitelle|100/100 slp|[silent]
|
|upkeep
|turn|8
|
|t:|1663022459
|move|p2a: Ditto|Stealth Rock||[still]
|-fail|p2a: Ditto
|cant|p1a: Gothitelle|slp
|
|upkeep
|turn|9
|
|t:|1663022461
|-activate|p2a: Ditto|move: Struggle
|move|p2a: Ditto|Struggle|p1a: Gothitelle
|-damage|p1a: Gothitelle|96/100 slp
|-damage|p2a: Ditto|0 fnt|[from] recoil
|faint|p2a: Ditto
|cant|p1a: Gothitelle|slp
|
|upkeep
|
|t:|1663022471
|switch|p2a: Tyranitar|Tyranitar, F|100/100
|-weather|Sandstorm|[from] ability: Sand Stream|[of] p2a: Tyranitar
|turn|10
|
|t:|1663022491
|-curestatus|p1a: Gothitelle|slp|[msg]
|move|p1a: Gothitelle|Taunt|p2a: Tyranitar
|-start|p2a: Tyranitar|move: Taunt
|move|p2a: Tyranitar|Foul Play|p1a: Gothitelle
|-supereffective|p1a: Gothitelle
|-damage|p1a: Gothitelle|89/100
|
|-weather|Sandstorm|[upkeep]
|-damage|p1a: Gothitelle|82/100|[from] Sandstorm
|upkeep
|turn|11
|
|t:|1663022498
|move|p1a: Gothitelle|Cosmic Power|p1a: Gothitelle
|-boost|p1a: Gothitelle|def|1
|-boost|p1a: Gothitelle|spd|1
|move|p2a: Tyranitar|Foul Play|p1a: Gothitelle
|-supereffective|p1a: Gothitelle
|-damage|p1a: Gothitelle|75/100
|
|-weather|Sandstorm|[upkeep]
|-damage|p1a: Gothitelle|69/100|[from] Sandstorm
|upkeep
|turn|12
|
|t:|1663022502
|move|p1a: Gothitelle|Cosmic Power|p1a: Gothitelle
|-boost|p1a: Gothitelle|def|1
|-boost|p1a: Gothitelle|spd|1
|move|p2a: Tyranitar|Foul Play|p1a: Gothitelle
|-supereffective|p1a: Gothitelle
|-damage|p1a: Gothitelle|62/100
|
|-weather|Sandstorm|[upkeep]
|-damage|p1a: Gothitelle|56/100|[from] Sandstorm
|-end|p2a: Tyranitar|move: Taunt
|upkeep
|turn|13
|
|t:|1663022506
|move|p1a: Gothitelle|Taunt|p2a: Tyranitar
|-start|p2a: Tyranitar|move: Taunt
|move|p2a: Tyranitar|Foul Play|p1a: Gothitelle
|-supereffective|p1a: Gothitelle
|-damage|p1a: Gothitelle|49/100
|
|-weather|Sandstorm|[upkeep]
|-damage|p1a: Gothitelle|43/100|[from] Sandstorm
|upkeep
|turn|14
|
|t:|1663022538
|move|p1a: Gothitelle|Rest|p1a: Gothitelle
|-status|p1a: Gothitelle|slp|[from] move: Rest
|-heal|p1a: Gothitelle|100/100 slp|[silent]
|move|p2a: Tyranitar|Rock Tomb|p1a: Gothitelle
|-damage|p1a: Gothitelle|95/100 slp
|-unboost|p1a: Gothitelle|spe|1
|
|-weather|none
|upkeep
|turn|15
|
|t:|1663022541
|move|p2a: Tyranitar|Rock Tomb|p1a: Gothitelle
|-damage|p1a: Gothitelle|89/100 slp
|-unboost|p1a: Gothitelle|spe|1
|cant|p1a: Gothitelle|slp
|
|-end|p2a: Tyranitar|move: Taunt
|upkeep
|turn|16
|
|t:|1663022547
|move|p2a: Tyranitar|Foul Play|p1a: Gothitelle
|-supereffective|p1a: Gothitelle
|-damage|p1a: Gothitelle|82/100 slp
|cant|p1a: Gothitelle|slp
|
|upkeep
|turn|17
|
|t:|1663022553
|move|p2a: Tyranitar|Foul Play|p1a: Gothitelle
|-supereffective|p1a: Gothitelle
|-damage|p1a: Gothitelle|75/100 slp
|-curestatus|p1a: Gothitelle|slp|[msg]
|move|p1a: Gothitelle|Taunt|p2a: Tyranitar
|-start|p2a: Tyranitar|move: Taunt
|
|upkeep
|turn|18
|
|t:|1663022557
|move|p2a: Tyranitar|Pursuit|p1a: Gothitelle
|-supereffective|p1a: Gothitelle
|-damage|p1a: Gothitelle|67/100
|move|p1a: Gothitelle|Charm|p2a: Tyranitar
|-unboost|p2a: Tyranitar|atk|2
|
|upkeep
|turn|19
|
|t:|1663022564
|move|p2a: Tyranitar|Foul Play|p1a: Gothitelle
|-supereffective|p1a: Gothitelle
|-damage|p1a: Gothitelle|60/100
|move|p1a: Gothitelle|Charm|p2a: Tyranitar
|-unboost|p2a: Tyranitar|atk|2
|
|upkeep
|turn|20
|
|t:|1663022569
|move|p2a: Tyranitar|Foul Play|p1a: Gothitelle
|-supereffective|p1a: Gothitelle
|-damage|p1a: Gothitelle|53/100
|move|p1a: Gothitelle|Charm|p2a: Tyranitar
|-unboost|p2a: Tyranitar|atk|2
|
|-end|p2a: Tyranitar|move: Taunt
|upkeep
|turn|21
|
|t:|1663022572
|move|p2a: Tyranitar|Foul Play|p1a: Gothitelle
|-supereffective|p1a: Gothitelle
|-damage|p1a: Gothitelle|46/100
|move|p1a: Gothitelle|Taunt|p2a: Tyranitar
|-start|p2a: Tyranitar|move: Taunt
|
|upkeep
|turn|22
|
|t:|1663022577
|move|p2a: Tyranitar|Rock Tomb|p1a: Gothitelle
|-damage|p1a: Gothitelle|44/100
|-unboost|p1a: Gothitelle|spe|1
|move|p1a: Gothitelle|Rest|p1a: Gothitelle
|-status|p1a: Gothitelle|slp|[from] move: Rest
|-heal|p1a: Gothitelle|100/100 slp|[silent]
|
|upkeep
|turn|23
|
|t:|1663022581
|move|p2a: Tyranitar|Pursuit|p1a: Gothitelle
|-supereffective|p1a: Gothitelle
|-damage|p1a: Gothitelle|98/100 slp
|cant|p1a: Gothitelle|slp
|
|upkeep
|turn|24
|
|t:|1663022584
|move|p2a: Tyranitar|Pursuit|p1a: Gothitelle
|-supereffective|p1a: Gothitelle
|-damage|p1a: Gothitelle|96/100 slp
|cant|p1a: Gothitelle|slp
|
|-end|p2a: Tyranitar|move: Taunt
|upkeep
|turn|25
|
|t:|1663022588
|move|p2a: Tyranitar|Pursuit|p1a: Gothitelle
|-supereffective|p1a: Gothitelle
|-damage|p1a: Gothitelle|94/100 slp
|-curestatus|p1a: Gothitelle|slp|[msg]
|move|p1a: Gothitelle|Taunt|p2a: Tyranitar
|-start|p2a: Tyranitar|move: Taunt
|
|upkeep
|turn|26
|
|t:|1663022593
|move|p2a: Tyranitar|Foul Play|p1a: Gothitelle
|-supereffective|p1a: Gothitelle
|-damage|p1a: Gothitelle|87/100
|move|p1a: Gothitelle|Charm|p2a: Tyranitar
|-unboost|p2a: Tyranitar|atk|0
|
|upkeep
|turn|27
|
|t:|1663022599
|move|p2a: Tyranitar|Foul Play|p1a: Gothitelle
|-supereffective|p1a: Gothitelle
|-damage|p1a: Gothitelle|80/100
|move|p1a: Gothitelle|Taunt||[still]
|-fail|p1a: Gothitelle
|
|upkeep
|turn|28
|
|t:|1663022604
|move|p2a: Tyranitar|Foul Play|p1a: Gothitelle
|-supereffective|p1a: Gothitelle
|-damage|p1a: Gothitelle|73/100
|move|p1a: Gothitelle|Charm|p2a: Tyranitar
|-unboost|p2a: Tyranitar|atk|0
|
|-end|p2a: Tyranitar|move: Taunt
|upkeep
|turn|29
|
|t:|1663022610
|move|p2a: Tyranitar|Foul Play|p1a: Gothitelle
|-supereffective|p1a: Gothitelle
|-damage|p1a: Gothitelle|66/100
|move|p1a: Gothitelle|Taunt|p2a: Tyranitar
|-start|p2a: Tyranitar|move: Taunt
|
|upkeep
|turn|30
|
|t:|1663022613
|move|p2a: Tyranitar|Foul Play|p1a: Gothitelle
|-supereffective|p1a: Gothitelle
|-damage|p1a: Gothitelle|59/100
|move|p1a: Gothitelle|Rest|p1a: Gothitelle
|-status|p1a: Gothitelle|slp|[from] move: Rest
|-heal|p1a: Gothitelle|100/100 slp|[silent]
|
|upkeep
|turn|31
|
|t:|1663022618
|move|p2a: Tyranitar|Pursuit|p1a: Gothitelle
|-supereffective|p1a: Gothitelle
|-damage|p1a: Gothitelle|98/100 slp
|cant|p1a: Gothitelle|slp
|
|upkeep
|turn|32
|
|t:|1663022621
|move|p2a: Tyranitar|Pursuit|p1a: Gothitelle
|-supereffective|p1a: Gothitelle
|-damage|p1a: Gothitelle|96/100 slp
|cant|p1a: Gothitelle|slp
|
|-end|p2a: Tyranitar|move: Taunt
|upkeep
|turn|33
|
|t:|1663022633
|move|p2a: Tyranitar|Pursuit|p1a: Gothitelle
|-supereffective|p1a: Gothitelle
|-damage|p1a: Gothitelle|94/100 slp
|-curestatus|p1a: Gothitelle|slp|[msg]
|move|p1a: Gothitelle|Taunt|p2a: Tyranitar
|-start|p2a: Tyranitar|move: Taunt
|
|upkeep
|turn|34
|
|t:|1663022644
|move|p2a: Tyranitar|Pursuit|p1a: Gothitelle
|-supereffective|p1a: Gothitelle
|-damage|p1a: Gothitelle|91/100
|move|p1a: Gothitelle|Taunt||[still]
|-fail|p1a: Gothitelle
|
|upkeep
|turn|35
|
|t:|1663022647
|move|p2a: Tyranitar|Foul Play|p1a: Gothitelle
|-supereffective|p1a: Gothitelle
|-damage|p1a: Gothitelle|84/100
|move|p1a: Gothitelle|Cosmic Power|p1a: Gothitelle
|-boost|p1a: Gothitelle|def|0
|-boost|p1a: Gothitelle|spd|0
|
|upkeep
|turn|36
|
|t:|1663022653
|move|p2a: Tyranitar|Pursuit|p1a: Gothitelle
|-supereffective|p1a: Gothitelle
|-damage|p1a: Gothitelle|82/100
|move|p1a: Gothitelle|Charm|p2a: Tyranitar
|-unboost|p2a: Tyranitar|atk|0
|
|-end|p2a: Tyranitar|move: Taunt
|upkeep
|turn|37
|
|t:|1663022656
|move|p2a: Tyranitar|Pursuit|p1a: Gothitelle
|-supereffective|p1a: Gothitelle
|-damage|p1a: Gothitelle|80/100
|move|p1a: Gothitelle|Taunt|p2a: Tyranitar
|-start|p2a: Tyranitar|move: Taunt
|
|upkeep
|turn|38
|
|t:|1663022661
|move|p2a: Tyranitar|Pursuit|p1a: Gothitelle
|-supereffective|p1a: Gothitelle
|-damage|p1a: Gothitelle|77/100
|move|p1a: Gothitelle|Cosmic Power|p1a: Gothitelle
|-boost|p1a: Gothitelle|def|0
|-boost|p1a: Gothitelle|spd|0
|
|upkeep
|turn|39
|
|t:|1663022665
|move|p2a: Tyranitar|Pursuit|p1a: Gothitelle
|-supereffective|p1a: Gothitelle
|-damage|p1a: Gothitelle|75/100
|move|p1a: Gothitelle|Charm|p2a: Tyranitar
|-unboost|p2a: Tyranitar|atk|0
|
|upkeep
|turn|40
|
|t:|1663022677
|move|p2a: Tyranitar|Pursuit|p1a: Gothitelle
|-supereffective|p1a: Gothitelle
|-damage|p1a: Gothitelle|73/100
|move|p1a: Gothitelle|Cosmic Power|p1a: Gothitelle
|-boost|p1a: Gothitelle|def|0
|-boost|p1a: Gothitelle|spd|0
|
|-end|p2a: Tyranitar|move: Taunt
|upkeep
|turn|41
|
|t:|1663022683
|move|p2a: Tyranitar|Rock Tomb|p1a: Gothitelle|[miss]
|-miss|p2a: Tyranitar|p1a: Gothitelle
|move|p1a: Gothitelle|Taunt|p2a: Tyranitar
|-start|p2a: Tyranitar|move: Taunt
|
|upkeep
|turn|42
|
|t:|1663022686
|move|p2a: Tyranitar|Rock Tomb|p1a: Gothitelle
|-damage|p1a: Gothitelle|71/100
|-unboost|p1a: Gothitelle|spe|1
|move|p1a: Gothitelle|Charm|p2a: Tyranitar
|-unboost|p2a: Tyranitar|atk|0
|
|upkeep
|turn|43
|
|t:|1663022690
|move|p2a: Tyranitar|Rock Tomb|p1a: Gothitelle
|-damage|p1a: Gothitelle|69/100
|-unboost|p1a: Gothitelle|spe|1
|move|p1a: Gothitelle|Charm|p2a: Tyranitar
|-unboost|p2a: Tyranitar|atk|0
|
|upkeep
|turn|44
|
|t:|1663022693
|move|p2a: Tyranitar|Rock Tomb|p1a: Gothitelle
|-damage|p1a: Gothitelle|67/100
|-unboost|p1a: Gothitelle|spe|1
|move|p1a: Gothitelle|Charm|p2a: Tyranitar
|-unboost|p2a: Tyranitar|atk|0
|
|-end|p2a: Tyranitar|move: Taunt
|upkeep
|turn|45
|
|t:|1663022697
|move|p2a: Tyranitar|Rest|p2a: Tyranitar
|-fail|p2a: Tyranitar|heal
|move|p1a: Gothitelle|Taunt|p2a: Tyranitar
|-start|p2a: Tyranitar|move: Taunt
|
|upkeep
|turn|46
|
|t:|1663022700
|move|p2a: Tyranitar|Rock Tomb|p1a: Gothitelle
|-damage|p1a: Gothitelle|66/100
|move|p1a: Gothitelle|Rest|p1a: Gothitelle
|-status|p1a: Gothitelle|slp|[from] move: Rest
|-heal|p1a: Gothitelle|100/100 slp|[silent]
|
|upkeep
|turn|47
|
|t:|1663022705
|move|p2a: Tyranitar|Pursuit|p1a: Gothitelle
|-supereffective|p1a: Gothitelle
|-damage|p1a: Gothitelle|98/100 slp
|cant|p1a: Gothitelle|slp
|
|upkeep
|turn|48
|
|t:|1663022710
|move|p2a: Tyranitar|Rock Tomb|p1a: Gothitelle
|-damage|p1a: Gothitelle|96/100 slp
|cant|p1a: Gothitelle|slp
|
|-end|p2a: Tyranitar|move: Taunt
|upkeep
|turn|49
|
|t:|1663022737
|move|p2a: Tyranitar|Rest|p2a: Tyranitar
|-fail|p2a: Tyranitar|heal
|-curestatus|p1a: Gothitelle|slp|[msg]
|move|p1a: Gothitelle|Taunt|p2a: Tyranitar
|-start|p2a: Tyranitar|move: Taunt
|
|upkeep
|turn|50
|
|t:|1663022741
|move|p2a: Tyranitar|Rock Tomb|p1a: Gothitelle
|-damage|p1a: Gothitelle|95/100
|move|p1a: Gothitelle|Rest|p1a: Gothitelle
|-status|p1a: Gothitelle|slp|[from] move: Rest
|-heal|p1a: Gothitelle|100/100 slp|[silent]
|
|upkeep
|turn|51
|
|t:|1663022747
|move|p2a: Tyranitar|Rock Tomb|p1a: Gothitelle
|-damage|p1a: Gothitelle|99/100 slp
|cant|p1a: Gothitelle|slp
|
|upkeep
|turn|52
|
|t:|1663022753
|move|p2a: Tyranitar|Rock Tomb|p1a: Gothitelle
|-damage|p1a: Gothitelle|97/100 slp
|cant|p1a: Gothitelle|slp
|
|-end|p2a: Tyranitar|move: Taunt
|upkeep
|turn|53
|
|t:|1663022755
|move|p2a: Tyranitar|Rest|p2a: Tyranitar
|-fail|p2a: Tyranitar|heal
|-curestatus|p1a: Gothitelle|slp|[msg]
|move|p1a: Gothitelle|Taunt|p2a: Tyranitar
|-start|p2a: Tyranitar|move: Taunt
|
|upkeep
|turn|54
|
|t:|1663022759
|move|p2a: Tyranitar|Pursuit|p1a: Gothitelle
|-supereffective|p1a: Gothitelle
|-damage|p1a: Gothitelle|95/100
|move|p1a: Gothitelle|Rest|p1a: Gothitelle
|-status|p1a: Gothitelle|slp|[from] move: Rest
|-heal|p1a: Gothitelle|100/100 slp|[silent]
|
|upkeep
|turn|55
|
|t:|1663022779
|move|p2a: Tyranitar|Pursuit|p1a: Gothitelle
|-supereffective|p1a: Gothitelle
|-damage|p1a: Gothitelle|98/100 slp
|cant|p1a: Gothitelle|slp
|
|upkeep
|turn|56
|
|t:|1663022783
|move|p2a: Tyranitar|Pursuit|p1a: Gothitelle
|-supereffective|p1a: Gothitelle
|-damage|p1a: Gothitelle|96/100 slp
|cant|p1a: Gothitelle|slp
|
|-end|p2a: Tyranitar|move: Taunt
|upkeep
|turn|57
|
|t:|1663022798
|move|p2a: Tyranitar|Pursuit|p1a: Gothitelle
|-supereffective|p1a: Gothitelle
|-damage|p1a: Gothitelle|94/100 slp
|-curestatus|p1a: Gothitelle|slp|[msg]
|move|p1a: Gothitelle|Taunt|p2a: Tyranitar
|-start|p2a: Tyranitar|move: Taunt
|
|upkeep
|turn|58
|
|t:|1663022801
|move|p2a: Tyranitar|Pursuit|p1a: Gothitelle
|-supereffective|p1a: Gothitelle
|-damage|p1a: Gothitelle|91/100
|move|p1a: Gothitelle|Cosmic Power|p1a: Gothitelle
|-boost|p1a: Gothitelle|def|0
|-boost|p1a: Gothitelle|spd|0
|
|upkeep
|turn|59
|
|t:|1663022804
|move|p2a: Tyranitar|Pursuit|p1a: Gothitelle
|-supereffective|p1a: Gothitelle
|-damage|p1a: Gothitelle|89/100
|move|p1a: Gothitelle|Taunt||[still]
|-fail|p1a: Gothitelle
|
|upkeep
|turn|60
|
|t:|1663022809
|move|p2a: Tyranitar|Pursuit|p1a: Gothitelle
|-supereffective|p1a: Gothitelle
|-damage|p1a: Gothitelle|87/100
|move|p1a: Gothitelle|Taunt||[still]
|-fail|p1a: Gothitelle
|
|-end|p2a: Tyranitar|move: Taunt
|upkeep
|turn|61
|
|t:|1663022814
|move|p2a: Tyranitar|Rest|p2a: Tyranitar
|-fail|p2a: Tyranitar|heal
|move|p1a: Gothitelle|Taunt|p2a: Tyranitar
|-start|p2a: Tyranitar|move: Taunt
|
|upkeep
|turn|62
|
|t:|1663022821
|move|p2a: Tyranitar|Pursuit|p1a: Gothitelle
|-supereffective|p1a: Gothitelle
|-damage|p1a: Gothitelle|84/100
|move|p1a: Gothitelle|Charm|p2a: Tyranitar
|-unboost|p2a: Tyranitar|atk|0
|
|upkeep
|turn|63
|
|t:|1663022826
|move|p2a: Tyranitar|Rock Tomb|p1a: Gothitelle
|-damage|p1a: Gothitelle|82/100
|move|p1a: Gothitelle|Cosmic Power|p1a: Gothitelle
|-boost|p1a: Gothitelle|def|0
|-boost|p1a: Gothitelle|spd|0
|
|upkeep
|turn|64
|
|t:|1663022829
|move|p2a: Tyranitar|Rock Tomb|p1a: Gothitelle
|-damage|p1a: Gothitelle|81/100
|move|p1a: Gothitelle|Cosmic Power|p1a: Gothitelle
|-boost|p1a: Gothitelle|def|0
|-boost|p1a: Gothitelle|spd|0
|
|-end|p2a: Tyranitar|move: Taunt
|upkeep
|turn|65
|
|t:|1663022832
|move|p2a: Tyranitar|Rock Tomb|p1a: Gothitelle
|-damage|p1a: Gothitelle|79/100
|move|p1a: Gothitelle|Taunt|p2a: Tyranitar
|-start|p2a: Tyranitar|move: Taunt
|
|upkeep
|turn|66
|
|t:|1663022835
|move|p2a: Tyranitar|Rock Tomb|p1a: Gothitelle
|-damage|p1a: Gothitelle|77/100
|move|p1a: Gothitelle|Rest|p1a: Gothitelle
|-status|p1a: Gothitelle|slp|[from] move: Rest
|-heal|p1a: Gothitelle|100/100 slp|[silent]
|
|upkeep
|turn|67
|
|t:|1663022839
|move|p2a: Tyranitar|Rock Tomb|p1a: Gothitelle
|-damage|p1a: Gothitelle|99/100 slp
|cant|p1a: Gothitelle|slp
|
|upkeep
|turn|68
|
|t:|1663022842
|move|p2a: Tyranitar|Rock Tomb|p1a: Gothitelle
|-damage|p1a: Gothitelle|97/100 slp
|cant|p1a: Gothitelle|slp
|
|-end|p2a: Tyranitar|move: Taunt
|upkeep
|turn|69
|inactive|Battle timer is ON: inactive players will automatically lose when time's up. (requested by Bobsican)
|
|t:|1663022854
|move|p2a: Tyranitar|Rest|p2a: Tyranitar
|-fail|p2a: Tyranitar|heal
|-curestatus|p1a: Gothitelle|slp|[msg]
|move|p1a: Gothitelle|Taunt|p2a: Tyranitar
|-start|p2a: Tyranitar|move: Taunt
|
|upkeep
|turn|70
|inactive|lemoncell0 has 120 seconds left.
|
|t:|1663022909
|move|p2a: Tyranitar|Rock Tomb|p1a: Gothitelle
|-damage|p1a: Gothitelle|95/100
|move|p1a: Gothitelle|Taunt||[still]
|-fail|p1a: Gothitelle
|
|upkeep
|turn|71
|
|t:|1663022917
|move|p2a: Tyranitar|Foul Play|p1a: Gothitelle
|-supereffective|p1a: Gothitelle
|-damage|p1a: Gothitelle|89/100
|move|p1a: Gothitelle|Taunt||[still]
|-fail|p1a: Gothitelle
|
|upkeep
|turn|72
|
|t:|1663022922
|move|p2a: Tyranitar|Rock Tomb|p1a: Gothitelle
|-crit|p1a: Gothitelle
|-damage|p1a: Gothitelle|54/100
|move|p1a: Gothitelle|Cosmic Power|p1a: Gothitelle
|-boost|p1a: Gothitelle|def|0
|-boost|p1a: Gothitelle|spd|0
|
|-end|p2a: Tyranitar|move: Taunt
|upkeep
|turn|73
|
|t:|1663022927
|move|p2a: Tyranitar|Rest|p2a: Tyranitar
|-fail|p2a: Tyranitar|heal
|move|p1a: Gothitelle|Taunt|p2a: Tyranitar
|-start|p2a: Tyranitar|move: Taunt
|
|upkeep
|turn|74
|
|t:|1663022931
|move|p2a: Tyranitar|Foul Play|p1a: Gothitelle
|-supereffective|p1a: Gothitelle
|-damage|p1a: Gothitelle|47/100
|move|p1a: Gothitelle|Rest|p1a: Gothitelle
|-status|p1a: Gothitelle|slp|[from] move: Rest
|-heal|p1a: Gothitelle|100/100 slp|[silent]
|
|upkeep
|turn|75
|
|t:|1663022937
|move|p2a: Tyranitar|Pursuit|p1a: Gothitelle
|-supereffective|p1a: Gothitelle
|-damage|p1a: Gothitelle|98/100 slp
|cant|p1a: Gothitelle|slp
|
|upkeep
|turn|76
|
|t:|1663022943
|move|p2a: Tyranitar|Pursuit|p1a: Gothitelle
|-supereffective|p1a: Gothitelle
|-damage|p1a: Gothitelle|96/100 slp
|cant|p1a: Gothitelle|slp
|
|-end|p2a: Tyranitar|move: Taunt
|upkeep
|turn|77
|
|t:|1663022950
|move|p2a: Tyranitar|Rest|p2a: Tyranitar
|-fail|p2a: Tyranitar|heal
|-curestatus|p1a: Gothitelle|slp|[msg]
|move|p1a: Gothitelle|Taunt|p2a: Tyranitar
|-start|p2a: Tyranitar|move: Taunt
|
|upkeep
|turn|78
|
|t:|1663022954
|move|p2a: Tyranitar|Pursuit|p1a: Gothitelle
|-supereffective|p1a: Gothitelle
|-damage|p1a: Gothitelle|94/100
|move|p1a: Gothitelle|Rest|p1a: Gothitelle
|-status|p1a: Gothitelle|slp|[from] move: Rest
|-heal|p1a: Gothitelle|100/100 slp|[silent]
|
|upkeep
|turn|79
|
|t:|1663022959
|move|p2a: Tyranitar|Pursuit|p1a: Gothitelle
|-supereffective|p1a: Gothitelle
|-damage|p1a: Gothitelle|98/100 slp
|cant|p1a: Gothitelle|slp
|
|upkeep
|turn|80
|
|t:|1663022986
|move|p2a: Tyranitar|Pursuit|p1a: Gothitelle
|-supereffective|p1a: Gothitelle
|-damage|p1a: Gothitelle|96/100 slp
|cant|p1a: Gothitelle|slp
|
|-end|p2a: Tyranitar|move: Taunt
|upkeep
|turn|81
|
|t:|1663022994
|move|p2a: Tyranitar|Pursuit|p1a: Gothitelle
|-supereffective|p1a: Gothitelle
|-damage|p1a: Gothitelle|94/100 slp
|-curestatus|p1a: Gothitelle|slp|[msg]
|move|p1a: Gothitelle|Taunt|p2a: Tyranitar
|-start|p2a: Tyranitar|move: Taunt
|
|upkeep
|turn|82
|
|t:|1663023011
|move|p2a: Tyranitar|Pursuit|p1a: Gothitelle
|-supereffective|p1a: Gothitelle
|-damage|p1a: Gothitelle|91/100
|move|p1a: Gothitelle|Rest|p1a: Gothitelle
|-status|p1a: Gothitelle|slp|[from] move: Rest
|-heal|p1a: Gothitelle|100/100 slp|[silent]
|
|upkeep
|turn|83
|
|t:|1663023021
|move|p2a: Tyranitar|Rock Tomb|p1a: Gothitelle
|-damage|p1a: Gothitelle|99/100 slp
|cant|p1a: Gothitelle|slp
|
|upkeep
|turn|84
|
|t:|1663023025
|move|p2a: Tyranitar|Rock Tomb|p1a: Gothitelle
|-crit|p1a: Gothitelle
|-damage|p1a: Gothitelle|65/100 slp
|cant|p1a: Gothitelle|slp
|
|-end|p2a: Tyranitar|move: Taunt
|upkeep
|turn|85
|
|t:|1663023030
|move|p2a: Tyranitar|Rest|p2a: Tyranitar
|-fail|p2a: Tyranitar|heal
|-curestatus|p1a: Gothitelle|slp|[msg]
|move|p1a: Gothitelle|Taunt|p2a: Tyranitar
|-start|p2a: Tyranitar|move: Taunt
|
|upkeep
|turn|86
|
|t:|1663023034
|move|p2a: Tyranitar|Pursuit|p1a: Gothitelle
|-supereffective|p1a: Gothitelle
|-damage|p1a: Gothitelle|63/100
|move|p1a: Gothitelle|Rest|p1a: Gothitelle
|-status|p1a: Gothitelle|slp|[from] move: Rest
|-heal|p1a: Gothitelle|100/100 slp|[silent]
|
|upkeep
|turn|87
|
|t:|1663023041
|move|p2a: Tyranitar|Rock Tomb|p1a: Gothitelle
|-damage|p1a: Gothitelle|99/100 slp
|cant|p1a: Gothitelle|slp
|
|upkeep
|turn|88
|
|t:|1663023051
|move|p2a: Tyranitar|Rock Tomb|p1a: Gothitelle|[miss]
|-miss|p2a: Tyranitar|p1a: Gothitelle
|cant|p1a: Gothitelle|slp
|
|-end|p2a: Tyranitar|move: Taunt
|upkeep
|turn|89
|
|t:|1663023054
|move|p2a: Tyranitar|Rest|p2a: Tyranitar
|-fail|p2a: Tyranitar|heal
|-curestatus|p1a: Gothitelle|slp|[msg]
|move|p1a: Gothitelle|Taunt|p2a: Tyranitar
|-start|p2a: Tyranitar|move: Taunt
|
|upkeep
|turn|90
|
|t:|1663023057
|move|p2a: Tyranitar|Pursuit|p1a: Gothitelle
|-supereffective|p1a: Gothitelle
|-damage|p1a: Gothitelle|96/100
|move|p1a: Gothitelle|Charm|p2a: Tyranitar
|-unboost|p2a: Tyranitar|atk|0
|
|upkeep
|turn|91
|
|t:|1663023065
|move|p2a: Tyranitar|Pursuit|p1a: Gothitelle
|-supereffective|p1a: Gothitelle
|-damage|p1a: Gothitelle|94/100
|move|p1a: Gothitelle|Taunt||[still]
|-fail|p1a: Gothitelle
|
|upkeep
|turn|92
|
|t:|1663023068
|move|p2a: Tyranitar|Foul Play|p1a: Gothitelle
|-supereffective|p1a: Gothitelle
|-crit|p1a: Gothitelle
|-damage|p1a: Gothitelle|60/100
|move|p1a: Gothitelle|Cosmic Power|p1a: Gothitelle
|-boost|p1a: Gothitelle|def|0
|-boost|p1a: Gothitelle|spd|0
|
|-end|p2a: Tyranitar|move: Taunt
|upkeep
|turn|93
|
|t:|1663023078
|move|p2a: Tyranitar|Rest|p2a: Tyranitar
|-fail|p2a: Tyranitar|heal
|move|p1a: Gothitelle|Taunt|p2a: Tyranitar
|-start|p2a: Tyranitar|move: Taunt
|
|upkeep
|turn|94
|
|t:|1663023081
|move|p2a: Tyranitar|Foul Play|p1a: Gothitelle
|-supereffective|p1a: Gothitelle
|-damage|p1a: Gothitelle|53/100
|move|p1a: Gothitelle|Charm|p2a: Tyranitar
|-unboost|p2a: Tyranitar|atk|0
|
|upkeep
|turn|95
|
|t:|1663023085
|move|p2a: Tyranitar|Foul Play|p1a: Gothitelle
|-supereffective|p1a: Gothitelle
|-damage|p1a: Gothitelle|48/100
|move|p1a: Gothitelle|Charm|p2a: Tyranitar
|-unboost|p2a: Tyranitar|atk|0
|
|upkeep
|turn|96
|
|t:|1663023088
|move|p2a: Tyranitar|Foul Play|p1a: Gothitelle
|-supereffective|p1a: Gothitelle
|-damage|p1a: Gothitelle|42/100
|move|p1a: Gothitelle|Rest|p1a: Gothitelle
|-status|p1a: Gothitelle|slp|[from] move: Rest
|-heal|p1a: Gothitelle|100/100 slp|[silent]
|
|-end|p2a: Tyranitar|move: Taunt
|upkeep
|turn|97
|
|t:|1663023093
|move|p2a: Tyranitar|Rest|p2a: Tyranitar
|-fail|p2a: Tyranitar|heal
|cant|p1a: Gothitelle|slp
|
|upkeep
|turn|98
|
|t:|1663023097
|move|p2a: Tyranitar|Rest|p2a: Tyranitar
|-fail|p2a: Tyranitar|heal
|cant|p1a: Gothitelle|slp
|
|upkeep
|turn|99
|
|t:|1663023100
|move|p2a: Tyranitar|Rest|p2a: Tyranitar
|-fail|p2a: Tyranitar|heal
|-curestatus|p1a: Gothitelle|slp|[msg]
|move|p1a: Gothitelle|Taunt|p2a: Tyranitar
|-start|p2a: Tyranitar|move: Taunt
|
|upkeep
|turn|100
|
|t:|1663023103
|move|p2a: Tyranitar|Foul Play|p1a: Gothitelle
|-supereffective|p1a: Gothitelle
|-damage|p1a: Gothitelle|94/100
|move|p1a: Gothitelle|Cosmic Power|p1a: Gothitelle
|-boost|p1a: Gothitelle|def|0
|-boost|p1a: Gothitelle|spd|0
|
|upkeep
|turn|101
|
|t:|1663023109
|move|p2a: Tyranitar|Foul Play|p1a: Gothitelle
|-supereffective|p1a: Gothitelle
|-damage|p1a: Gothitelle|88/100
|move|p1a: Gothitelle|Charm|p2a: Tyranitar
|-unboost|p2a: Tyranitar|atk|0
|
|upkeep
|turn|102
|
|t:|1663023114
|move|p2a: Tyranitar|Foul Play|p1a: Gothitelle
|-supereffective|p1a: Gothitelle
|-damage|p1a: Gothitelle|81/100
|move|p1a: Gothitelle|Cosmic Power|p1a: Gothitelle
|-boost|p1a: Gothitelle|def|0
|-boost|p1a: Gothitelle|spd|0
|
|-end|p2a: Tyranitar|move: Taunt
|upkeep
|turn|103
|
|t:|1663023117
|move|p2a: Tyranitar|Rest|p2a: Tyranitar
|-fail|p2a: Tyranitar|heal
|move|p1a: Gothitelle|Charm|p2a: Tyranitar
|-unboost|p2a: Tyranitar|atk|0
|
|upkeep
|turn|104
|
|t:|1663023122
|move|p2a: Tyranitar|Rest|p2a: Tyranitar
|-fail|p2a: Tyranitar|heal
|move|p1a: Gothitelle|Charm|p2a: Tyranitar
|-unboost|p2a: Tyranitar|atk|0
|
|upkeep
|turn|105
|
|t:|1663023125
|move|p2a: Tyranitar|Rest|p2a: Tyranitar
|-fail|p2a: Tyranitar|heal
|move|p1a: Gothitelle|Charm|p2a: Tyranitar
|-unboost|p2a: Tyranitar|atk|0
|
|upkeep
|turn|106
|
|t:|1663023130
|-activate|p2a: Tyranitar|move: Struggle
|move|p2a: Tyranitar|Struggle|p1a: Gothitelle
|-damage|p1a: Gothitelle|80/100
|-damage|p2a: Tyranitar|75/100|[from] recoil
|move|p1a: Gothitelle|Cosmic Power|p1a: Gothitelle
|-boost|p1a: Gothitelle|def|0
|-boost|p1a: Gothitelle|spd|0
|
|-heal|p2a: Tyranitar|82/100|[from] item: Leftovers
|upkeep
|turn|107
|
|t:|1663023138
|-activate|p2a: Tyranitar|move: Struggle
|move|p2a: Tyranitar|Struggle|p1a: Gothitelle
|-damage|p1a: Gothitelle|79/100
|-damage|p2a: Tyranitar|57/100|[from] recoil
|move|p1a: Gothitelle|Rest|p1a: Gothitelle
|-status|p1a: Gothitelle|slp|[from] move: Rest
|-heal|p1a: Gothitelle|100/100 slp|[silent]
|
|-heal|p2a: Tyranitar|63/100|[from] item: Leftovers
|upkeep
|turn|108
|
|t:|1663023142
|-activate|p2a: Tyranitar|move: Struggle
|move|p2a: Tyranitar|Struggle|p1a: Gothitelle
|-damage|p1a: Gothitelle|99/100 slp
|-damage|p2a: Tyranitar|38/100|[from] recoil
|cant|p1a: Gothitelle|slp
|
|-heal|p2a: Tyranitar|44/100|[from] item: Leftovers
|upkeep
|turn|109
|
|t:|1663023145
|-activate|p2a: Tyranitar|move: Struggle
|move|p2a: Tyranitar|Struggle|p1a: Gothitelle
|-damage|p1a: Gothitelle|99/100 slp
|-damage|p2a: Tyranitar|19/100|[from] recoil
|cant|p1a: Gothitelle|slp
|
|-heal|p2a: Tyranitar|25/100|[from] item: Leftovers
|upkeep
|turn|110
|
|t:|1663023152
|-activate|p2a: Tyranitar|move: Struggle
|move|p2a: Tyranitar|Struggle|p1a: Gothitelle
|-damage|p1a: Gothitelle|98/100 slp
|-damage|p2a: Tyranitar|0 fnt|[from] recoil
|faint|p2a: Tyranitar
|-curestatus|p1a: Gothitelle|slp|[msg]
|move|p1a: Gothitelle|Cosmic Power|p1a: Gothitelle
|-boost|p1a: Gothitelle|def|0
|-boost|p1a: Gothitelle|spd|0
|
|upkeep
|
|t:|1663023168
|switch|p2a: Gengar|Gengar, M|100/100
|turn|111
|
|t:|1663023185
|switch|p1a: Tyranitar|Tyranitar, M|100/100
|-damage|p1a: Tyranitar|88/100|[from] Stealth Rock
|-weather|Sandstorm|[from] ability: Sand Stream|[of] p1a: Tyranitar
|detailschange|p2a: Gengar|Gengar-Mega, M
|-mega|p2a: Gengar|Gengar|Gengarite
|move|p2a: Gengar|Substitute|p2a: Gengar
|-start|p2a: Gengar|Substitute
|-damage|p2a: Gengar|76/100
|
|-weather|Sandstorm|[upkeep]
|-damage|p2a: Gengar|69/100|[from] Sandstorm
|-heal|p1a: Tyranitar|94/100|[from] item: Leftovers
|upkeep
|turn|112
|
|t:|1663023189
|move|p2a: Gengar|Focus Blast|p1a: Tyranitar
|-supereffective|p1a: Tyranitar
|-damage|p1a: Tyranitar|13/100
|move|p1a: Tyranitar|Rock Blast|p2a: Gengar
|-activate|p2a: Gengar|move: Substitute|[damage]
|-end|p2a: Gengar|Substitute
|-damage|p2a: Gengar|51/100
|-damage|p2a: Gengar|33/100
|-hitcount|p2a: Gengar|4
|
|-weather|Sandstorm|[upkeep]
|-damage|p2a: Gengar|27/100|[from] Sandstorm
|-heal|p1a: Tyranitar|19/100|[from] item: Leftovers
|upkeep
|turn|113
|
|t:|1663023194
|move|p2a: Gengar|Focus Blast|p1a: Tyranitar
|-supereffective|p1a: Tyranitar
|-damage|p1a: Tyranitar|0 fnt
|faint|p1a: Tyranitar
|
|-weather|Sandstorm|[upkeep]
|-damage|p2a: Gengar|21/100|[from] Sandstorm
|upkeep
|
|t:|1663023198
|switch|p1a: Zacian|Zacian-Crowned|100/100
|-damage|p1a: Zacian|94/100|[from] Stealth Rock
|-ability|p1a: Zacian|Intrepid Sword|boost
|-boost|p1a: Zacian|atk|1
|turn|114
|
|t:|1663023205
|switch|p2a: Necrozma|Necrozma-Dusk-Mane|100/100
|move|p1a: Zacian|Behemoth Blade|p2a: Necrozma
|-resisted|p2a: Necrozma
|-damage|p2a: Necrozma|74/100
|-damage|p1a: Zacian|78/100|[from] item: Rocky Helmet|[of] p2a: Necrozma
|
|-weather|Sandstorm|[upkeep]
|upkeep
|turn|115
|
|t:|1663023215
|switch|p1a: Gothitelle|Gothitelle, F|98/100
|-damage|p1a: Gothitelle|85/100|[from] Stealth Rock
|move|p2a: Necrozma|Sunsteel Strike|p1a: Gothitelle
|-damage|p1a: Gothitelle|41/100
|
|-weather|none
|upkeep
|turn|116
|
|t:|1663023221
|-zpower|p1a: Gothitelle
|move|p1a: Gothitelle|Z-Charm|p2a: Necrozma|[anim]Charm
|-boost|p1a: Gothitelle|def|1|[zeffect]
|-unboost|p2a: Necrozma|atk|2
|move|p2a: Necrozma|Sunsteel Strike|p1a: Gothitelle
|-damage|p1a: Gothitelle|25/100
|
|upkeep
|turn|117
|
|t:|1663023239
|move|p1a: Gothitelle|Rest|p1a: Gothitelle
|-status|p1a: Gothitelle|slp|[from] move: Rest
|-heal|p1a: Gothitelle|100/100 slp|[silent]
|move|p2a: Necrozma|Sunsteel Strike|p1a: Gothitelle
|-damage|p1a: Gothitelle|88/100 slp
|
|upkeep
|turn|118
|
|t:|1663023242
|cant|p1a: Gothitelle|slp
|move|p2a: Necrozma|Knock Off|p1a: Gothitelle
|-supereffective|p1a: Gothitelle
|-crit|p1a: Gothitelle
|-damage|p1a: Gothitelle|32/100 slp
|
|upkeep
|turn|119
|
|t:|1663023245
|cant|p1a: Gothitelle|slp
|move|p2a: Necrozma|Knock Off|p1a: Gothitelle
|-supereffective|p1a: Gothitelle
|-damage|p1a: Gothitelle|19/100 slp
|
|upkeep
|turn|120
|
|t:|1663023252
|-curestatus|p1a: Gothitelle|slp|[msg]
|move|p1a: Gothitelle|Rest|p1a: Gothitelle
|-status|p1a: Gothitelle|slp|[from] move: Rest
|-heal|p1a: Gothitelle|100/100 slp|[silent]
|move|p2a: Necrozma|Sunsteel Strike|p1a: Gothitelle
|-damage|p1a: Gothitelle|85/100 slp
|
|upkeep
|turn|121
|
|t:|1663023256
|cant|p1a: Gothitelle|slp
|move|p2a: Necrozma|Knock Off|p1a: Gothitelle
|-supereffective|p1a: Gothitelle
|-damage|p1a: Gothitelle|74/100 slp
|
|upkeep
|turn|122
|
|t:|1663023259
|cant|p1a: Gothitelle|slp
|move|p2a: Necrozma|Knock Off|p1a: Gothitelle
|-supereffective|p1a: Gothitelle
|-damage|p1a: Gothitelle|62/100 slp
|
|upkeep
|turn|123
|
|t:|1663023262
|-curestatus|p1a: Gothitelle|slp|[msg]
|move|p1a: Gothitelle|Charm|p2a: Necrozma
|-unboost|p2a: Necrozma|atk|2
|move|p2a: Necrozma|Knock Off|p1a: Gothitelle
|-supereffective|p1a: Gothitelle
|-damage|p1a: Gothitelle|53/100
|
|upkeep
|turn|124
|
|t:|1663023266
|move|p1a: Gothitelle|Charm|p2a: Necrozma
|-unboost|p2a: Necrozma|atk|2
|move|p2a: Necrozma|Knock Off|p1a: Gothitelle
|-supereffective|p1a: Gothitelle
|-damage|p1a: Gothitelle|47/100
|
|upkeep
|turn|125
|
|t:|1663023271
|move|p1a: Gothitelle|Cosmic Power|p1a: Gothitelle
|-boost|p1a: Gothitelle|def|1
|-boost|p1a: Gothitelle|spd|1
|move|p2a: Necrozma|Knock Off|p1a: Gothitelle
|-supereffective|p1a: Gothitelle
|-damage|p1a: Gothitelle|41/100
|
|upkeep
|turn|126
|
|t:|1663023274
|move|p1a: Gothitelle|Charm|p2a: Necrozma
|-unboost|p2a: Necrozma|atk|0
|move|p2a: Necrozma|Knock Off|p1a: Gothitelle
|-supereffective|p1a: Gothitelle
|-damage|p1a: Gothitelle|36/100
|
|upkeep
|turn|127
|
|t:|1663023278
|move|p1a: Gothitelle|Charm|p2a: Necrozma
|-unboost|p2a: Necrozma|atk|0
|move|p2a: Necrozma|Knock Off|p1a: Gothitelle
|-supereffective|p1a: Gothitelle
|-damage|p1a: Gothitelle|31/100
|
|upkeep
|turn|128
|
|t:|1663023282
|move|p1a: Gothitelle|Cosmic Power|p1a: Gothitelle
|-boost|p1a: Gothitelle|def|1
|-boost|p1a: Gothitelle|spd|1
|move|p2a: Necrozma|Knock Off|p1a: Gothitelle
|-supereffective|p1a: Gothitelle
|-damage|p1a: Gothitelle|27/100
|
|upkeep
|turn|129
|
|t:|1663023285
|move|p1a: Gothitelle|Cosmic Power|p1a: Gothitelle
|-boost|p1a: Gothitelle|def|1
|-boost|p1a: Gothitelle|spd|1
|move|p2a: Necrozma|Knock Off|p1a: Gothitelle
|-supereffective|p1a: Gothitelle
|-damage|p1a: Gothitelle|23/100
|
|upkeep
|turn|130
|
|t:|1663023287
|move|p1a: Gothitelle|Cosmic Power|p1a: Gothitelle
|-boost|p1a: Gothitelle|def|1
|-boost|p1a: Gothitelle|spd|1
|move|p2a: Necrozma|Knock Off|p1a: Gothitelle
|-supereffective|p1a: Gothitelle
|-damage|p1a: Gothitelle|20/100
|
|upkeep
|turn|131
|
|t:|1663023290
|move|p1a: Gothitelle|Cosmic Power|p1a: Gothitelle
|-boost|p1a: Gothitelle|def|1
|-boost|p1a: Gothitelle|spd|1
|move|p2a: Necrozma|Knock Off|p1a: Gothitelle
|-supereffective|p1a: Gothitelle
|-damage|p1a: Gothitelle|17/100
|
|upkeep
|turn|132
|
|t:|1663023293
|move|p1a: Gothitelle|Taunt|p2a: Necrozma
|-start|p2a: Necrozma|move: Taunt
|move|p2a: Necrozma|Knock Off|p1a: Gothitelle
|-supereffective|p1a: Gothitelle
|-damage|p1a: Gothitelle|14/100
|
|upkeep
|turn|133
|
|t:|1663023296
|move|p1a: Gothitelle|Charm|p2a: Necrozma
|-unboost|p2a: Necrozma|atk|0
|move|p2a: Necrozma|Knock Off|p1a: Gothitelle
|-supereffective|p1a: Gothitelle
|-damage|p1a: Gothitelle|12/100
|
|upkeep
|turn|134
|
|t:|1663023302
|move|p1a: Gothitelle|Cosmic Power|p1a: Gothitelle
|-boost|p1a: Gothitelle|def|0
|-boost|p1a: Gothitelle|spd|1
|move|p2a: Necrozma|Knock Off|p1a: Gothitelle
|-supereffective|p1a: Gothitelle
|-damage|p1a: Gothitelle|9/100
|
|-end|p2a: Necrozma|move: Taunt
|upkeep
|turn|135
|
|t:|1663023304
|move|p1a: Gothitelle|Charm|p2a: Necrozma
|-unboost|p2a: Necrozma|atk|0
|move|p2a: Necrozma|Knock Off|p1a: Gothitelle
|-supereffective|p1a: Gothitelle
|-damage|p1a: Gothitelle|5/100
|
|upkeep
|turn|136
|
|t:|1663023307
|move|p1a: Gothitelle|Cosmic Power|p1a: Gothitelle
|-boost|p1a: Gothitelle|def|0
|-boost|p1a: Gothitelle|spd|0
|move|p2a: Necrozma|Morning Sun|p2a: Necrozma
|-heal|p2a: Necrozma|100/100
|
|upkeep
|turn|137
|
|t:|1663023309
|move|p1a: Gothitelle|Charm|p2a: Necrozma
|-unboost|p2a: Necrozma|atk|0
|move|p2a: Necrozma|Knock Off|p1a: Gothitelle
|-supereffective|p1a: Gothitelle
|-damage|p1a: Gothitelle|2/100
|
|upkeep
|turn|138
|
|t:|1663023313
|move|p1a: Gothitelle|Cosmic Power|p1a: Gothitelle
|-boost|p1a: Gothitelle|def|0
|-boost|p1a: Gothitelle|spd|0
|move|p2a: Necrozma|Knock Off|p1a: Gothitelle
|-supereffective|p1a: Gothitelle
|-damage|p1a: Gothitelle|0 fnt
|faint|p1a: Gothitelle
|
|upkeep
|
|t:|1663023318
|switch|p1a: Diancie|Diancie|100/100
|-damage|p1a: Diancie|88/100|[from] Stealth Rock
|turn|139
|
|t:|1663023323
|switch|p1a: Quagsire|Quagsire, M|100/100
|-damage|p1a: Quagsire|94/100|[from] Stealth Rock
|switch|p2a: Arceus|Arceus-Ground|100/100
|
|-heal|p1a: Quagsire|100/100|[from] item: Leftovers
|upkeep
|turn|140
|
|t:|1663023332
|switch|p1a: Blissey|Blissey, F|100/100
|-damage|p1a: Blissey|88/100|[from] Stealth Rock
|move|p2a: Arceus|Judgment|p1a: Blissey
|-damage|p1a: Blissey|74/100
|
|upkeep
|turn|141
|
|t:|1663023335
|switch|p2a: Ho-Oh|Ho-Oh|100/100
|switch|p1a: Zacian|Zacian-Crowned|78/100
|-damage|p1a: Zacian|72/100|[from] Stealth Rock
|-ability|p1a: Zacian|Intrepid Sword|boost
|-boost|p1a: Zacian|atk|1
|
|upkeep
|turn|142
|
|t:|1663023340
|switch|p1a: Diancie|Diancie|88/100
|-damage|p1a: Diancie|76/100|[from] Stealth Rock
|move|p2a: Ho-Oh|Sacred Fire|p1a: Diancie
|-resisted|p1a: Diancie
|-damage|p1a: Diancie|58/100
|-status|p1a: Diancie|brn
|
|-damage|p1a: Diancie|52/100 brn|[from] brn
|upkeep
|turn|143
|
|t:|1663023344
|switch|p2a: Arceus|Arceus-Ground|100/100
|detailschange|p1a: Diancie|Diancie-Mega
|-mega|p1a: Diancie|Diancie|Diancite
|move|p1a: Diancie|Earth Power|p2a: Arceus
|-damage|p2a: Arceus|80/100
|
|-damage|p1a: Diancie|46/100 brn|[from] brn
|upkeep
|turn|144
|
|t:|1663023350
|move|p1a: Diancie|Magnet Rise|p1a: Diancie
|-start|p1a: Diancie|Magnet Rise
|move|p2a: Arceus|Judgment|p1a: Diancie
|-immune|p1a: Diancie
|
|-damage|p1a: Diancie|40/100 brn|[from] brn
|upkeep
|turn|145
|
|t:|1663023353
|move|p1a: Diancie|Rest|p1a: Diancie
|-status|p1a: Diancie|slp|[from] move: Rest
|-heal|p1a: Diancie|100/100 slp|[silent]
|move|p2a: Arceus|Ice Beam|p1a: Diancie
|-damage|p1a: Diancie|70/100 slp
|
|upkeep
|turn|146
|
|t:|1663023358
|switch|p1a: Zacian|Zacian-Crowned|72/100
|-damage|p1a: Zacian|65/100|[from] Stealth Rock
|-ability|p1a: Zacian|Intrepid Sword|boost
|-boost|p1a: Zacian|atk|1
|switch|p2a: Necrozma|Necrozma-Dusk-Mane|100/100
|
|upkeep
|turn|147
|
|t:|1663023364
|switch|p1a: Quagsire|Quagsire, M|100/100
|-damage|p1a: Quagsire|94/100|[from] Stealth Rock
|switch|p2a: Ho-Oh|Ho-Oh|100/100
|
|-heal|p1a: Quagsire|100/100|[from] item: Leftovers
|upkeep
|turn|148
|c|☆lemoncell0|yeah gg
|c|☆Bobsican|gg
|-message|lemoncell0 forfeited.
|
|win|Bobsican
|raw|lemoncell0's rating: 1737 &rarr; <strong>1722</strong><br />(-15 for losing)
|raw|Bobsican's rating: 1818 &rarr; <strong>1833</strong><br />(+15 for winning)
|l|☆lemoncell0
