|j|☆Indua
|j|☆HelloWenston
|t:|1668627956
|gametype|singles
|player|p1|Indua|266|1669
|player|p2|HelloWenston|schoolkidf|1647
|teamsize|p1|6
|teamsize|p2|6
|gen|8
|tier|[Gen 8] National Dex AG
|rated|
|rule|HP Percentage Mod: HP is shown in percentages
|rule|Endless Battle Clause: Forcing endless battles is banned
|clearpoke
|poke|p1|Arceus-*|
|poke|p1|Calyrex-Shadow|
|poke|p1|Shaymin-Sky|
|poke|p1|Zacian-*|
|poke|p1|Tyranitar, M|
|poke|p1|Yveltal|
|poke|p2|Yveltal|
|poke|p2|Diancie|
|poke|p2|Calyrex-Shadow|
|poke|p2|Zacian-*|
|poke|p2|Ditto|
|poke|p2|Arceus-*|
|teampreview
|inactive|Battle timer is ON: inactive players will automatically lose when time's up. (requested by Indua)
|inactive|HelloWenston also wants the timer to be on.
|
|t:|1668627973
|start
|switch|p1a: Arceus|Arceus-Fire|100/100
|switch|p2a: ProfessorQuirrel|Calyrex-Shadow|100/100
|-ability|p2a: ProfessorQuirrel|As One
|-ability|p2a: ProfessorQuirrel|Unnerve
|turn|1
|
|t:|1668627981
|move|p2a: ProfessorQuirrel|Nasty Plot|p2a: ProfessorQuirrel
|-boost|p2a: ProfessorQuirrel|spa|2
|move|p1a: Arceus|Stealth Rock|p2a: ProfessorQuirrel
|-sidestart|p2: HelloWenston|move: Stealth Rock
|
|upkeep
|turn|2
|
|t:|1668627998
|move|p2a: ProfessorQuirrel|Astral Barrage|p1a: Arceus
|-damage|p1a: Arceus|0 fnt
|faint|p1a: Arceus
|-ability|p2a: ProfessorQuirrel|Grim Neigh|boost
|-boost|p2a: ProfessorQuirrel|spa|1
|
|upkeep
|
|t:|1668628000
|switch|p1a: Tyranitar|Tyranitar, M|100/100
|-weather|Sandstorm|[from] ability: Sand Stream|[of] p1a: Tyranitar
|turn|3
|
|t:|1668628003
|detailschange|p1a: Tyranitar|Tyranitar-Mega, M
|-mega|p1a: Tyranitar|Tyranitar|Tyranitarite
|move|p2a: ProfessorQuirrel|Baton Pass|p2a: ProfessorQuirrel
|
|t:|1668628015
|switch|p2a: Fluffy|Zacian-Crowned|100/100|[from]move: Baton Pass
|-damage|p2a: Fluffy|94/100|[from] Stealth Rock
|-ability|p2a: Fluffy|Intrepid Sword|boost
|-boost|p2a: Fluffy|atk|1
|move|p1a: Tyranitar|Crunch|p2a: Fluffy
|-resisted|p2a: Fluffy
|-damage|p2a: Fluffy|74/100
|
|-weather|Sandstorm|[upkeep]
|upkeep
|turn|4
|
|t:|1668628028
|switch|p1a: Zacian|Zacian-Crowned|100/100
|-ability|p1a: Zacian|Intrepid Sword|boost
|-boost|p1a: Zacian|atk|1
|move|p2a: Fluffy|Behemoth Blade|p1a: Zacian
|-damage|p1a: Zacian|18/100
|
|-weather|Sandstorm|[upkeep]
|upkeep
|turn|5
|
|t:|1668628044
|move|p2a: Fluffy|Behemoth Blade|p1a: Zacian
|-damage|p1a: Zacian|0 fnt
|faint|p1a: Zacian
|
|-weather|Sandstorm|[upkeep]
|upkeep
|
|t:|1668628049
|switch|p1a: Calyrex|Calyrex-Shadow|100/100
|-ability|p1a: Calyrex|As One
|-ability|p1a: Calyrex|Unnerve
|turn|6
|
|t:|1668628055
|switch|p2a: Voldemort|Yveltal|100/100
|-damage|p2a: Voldemort|76/100|[from] Stealth Rock
|-ability|p2a: Voldemort|Dark Aura
|move|p1a: Calyrex|Astral Barrage|p2a: Voldemort
|-resisted|p2a: Voldemort
|-damage|p2a: Voldemort|40/100
|
|-weather|Sandstorm|[upkeep]
|-damage|p1a: Calyrex|94/100|[from] Sandstorm
|-damage|p2a: Voldemort|34/100|[from] Sandstorm
|upkeep
|turn|7
|
|t:|1668628064
|move|p2a: Voldemort|Sucker Punch|p1a: Calyrex
|-supereffective|p1a: Calyrex
|-damage|p1a: Calyrex|0 fnt
|faint|p1a: Calyrex
|-damage|p2a: Voldemort|24/100|[from] item: Life Orb
|
|-weather|none
|upkeep
|
|t:|1668628068
|switch|p1a: Tyranitar|Tyranitar-Mega, M|100/100
|-weather|Sandstorm|[from] ability: Sand Stream|[of] p1a: Tyranitar
|turn|8
|
|t:|1668628073
|move|p2a: Voldemort|Dark Pulse|p1a: Tyranitar
|-resisted|p1a: Tyranitar
|-damage|p1a: Tyranitar|84/100
|-damage|p2a: Voldemort|14/100|[from] item: Life Orb
|move|p1a: Tyranitar|Stone Edge|p2a: Voldemort
|-supereffective|p2a: Voldemort
|-crit|p2a: Voldemort
|-damage|p2a: Voldemort|0 fnt
|faint|p2a: Voldemort
|
|-weather|Sandstorm|[upkeep]
|upkeep
|
|t:|1668628078
|switch|p2a: Fluffy|Zacian-Crowned|74/100
|-damage|p2a: Fluffy|68/100|[from] Stealth Rock
|-ability|p2a: Fluffy|Intrepid Sword|boost
|-boost|p2a: Fluffy|atk|1
|turn|9
|
|t:|1668628085
|move|p2a: Fluffy|Behemoth Blade|p1a: Tyranitar
|-supereffective|p1a: Tyranitar
|-damage|p1a: Tyranitar|0 fnt
|faint|p1a: Tyranitar
|
|-weather|Sandstorm|[upkeep]
|upkeep
|
|t:|1668628087
|switch|p1a: Shaymin|Shaymin-Sky|100/100
|turn|10
|
|t:|1668628093
|move|p1a: Shaymin|Air Slash|p2a: Fluffy
|-resisted|p2a: Fluffy
|-damage|p2a: Fluffy|50/100
|cant|p2a: Fluffy|flinch
|
|-weather|Sandstorm|[upkeep]
|-damage|p1a: Shaymin|94/100|[from] Sandstorm
|upkeep
|turn|11
|
|t:|1668628098
|move|p1a: Shaymin|Air Slash|p2a: Fluffy
|-resisted|p2a: Fluffy
|-damage|p2a: Fluffy|35/100
|move|p2a: Fluffy|Behemoth Blade|p1a: Shaymin
|-damage|p1a: Shaymin|0 fnt
|faint|p1a: Shaymin
|
|-weather|Sandstorm|[upkeep]
|upkeep
|
|t:|1668628101
|switch|p1a: Yveltal|Yveltal|100/100
|-ability|p1a: Yveltal|Dark Aura
|turn|12
|
|t:|1668628104
|-start|p1a: Yveltal|Dynamax|
|-heal|p1a: Yveltal|100/100|[silent]
|move|p2a: Fluffy|Substitute|p2a: Fluffy
|-start|p2a: Fluffy|Substitute
|-damage|p2a: Fluffy|10/100
|move|p1a: Yveltal|Max Airstream|p2a: Fluffy
|-resisted|p2a: Fluffy
|-end|p2a: Fluffy|Substitute
|-boost|p1a: Yveltal|spe|1
|
|-weather|none
|upkeep
|turn|13
|
|t:|1668628111
|move|p1a: Yveltal|Max Airstream|p2a: Fluffy
|-resisted|p2a: Fluffy
|-damage|p2a: Fluffy|0 fnt
|-boost|p1a: Yveltal|spe|1
|faint|p2a: Fluffy
|
|upkeep
|
|t:|1668628117
|switch|p2a: Harry Potter|Diancie|100/100
|-damage|p2a: Harry Potter|88/100|[from] Stealth Rock
|turn|14
|
|t:|1668628126
|detailschange|p2a: Harry Potter|Diancie-Mega
|-mega|p2a: Harry Potter|Diancie|Diancite
|move|p1a: Yveltal|Max Knuckle|p2a: Harry Potter
|-damage|p2a: Harry Potter|44/100
|-boost|p1a: Yveltal|atk|1
|move|p2a: Harry Potter|Diamond Storm|p1a: Yveltal
|-supereffective|p1a: Yveltal
|-damage|p1a: Yveltal|54/100
|-boost|p2a: Harry Potter|def|2
|
|-heal|p1a: Yveltal|57/100|[from] item: Leftovers
|upkeep
|-end|p1a: Yveltal|Dynamax
|-heal|p1a: Yveltal|57/100|[silent]
|turn|15
|
|t:|1668628132
|move|p1a: Yveltal|Focus Blast|p2a: Harry Potter
|-damage|p2a: Harry Potter|0 fnt
|faint|p2a: Harry Potter
|
|-heal|p1a: Yveltal|64/100|[from] item: Leftovers
|upkeep
|
|t:|1668628138
|switch|p2a: Chess Wizard|Arceus-Flying|100/100
|-damage|p2a: Chess Wizard|76/100|[from] Stealth Rock
|turn|16
|
|t:|1668628142
|move|p1a: Yveltal|Oblivion Wing|p2a: Chess Wizard
|-damage|p2a: Chess Wizard|48/100
|-heal|p1a: Yveltal|87/100|[from] drain|[of] p2a: Chess Wizard
|move|p2a: Chess Wizard|Perish Song|p2a: Chess Wizard
|-start|p1a: Yveltal|perish3|[silent]
|-start|p2a: Chess Wizard|perish3|[silent]
|-fieldactivate|move: Perish Song
|
|-heal|p1a: Yveltal|93/100|[from] item: Leftovers
|-start|p1a: Yveltal|perish3
|-start|p2a: Chess Wizard|perish3
|upkeep
|turn|17
|
|t:|1668628148
|move|p1a: Yveltal|Dark Pulse|p2a: Chess Wizard
|-damage|p2a: Chess Wizard|9/100
|cant|p2a: Chess Wizard|flinch
|
|-heal|p1a: Yveltal|99/100|[from] item: Leftovers
|-start|p1a: Yveltal|perish2
|-start|p2a: Chess Wizard|perish2
|upkeep
|turn|18
|
|t:|1668628151
|move|p1a: Yveltal|Dark Pulse|p2a: Chess Wizard
|-damage|p2a: Chess Wizard|0 fnt
|faint|p2a: Chess Wizard
|
|-heal|p1a: Yveltal|100/100|[from] item: Leftovers
|-start|p1a: Yveltal|perish1
|upkeep
|
|t:|1668628154
|switch|p2a: MirrorOfErised|Ditto|100/100
|-damage|p2a: MirrorOfErised|88/100|[from] Stealth Rock
|-transform|p2a: MirrorOfErised|p1a: Yveltal|[from] ability: Imposter
|-ability|p2a: MirrorOfErised|Dark Aura
|turn|19
|
|t:|1668628163
|-start|p2a: MirrorOfErised|Dynamax|
|-heal|p2a: MirrorOfErised|88/100|[silent]
|move|p1a: Yveltal|Oblivion Wing|p2a: MirrorOfErised
|-damage|p2a: MirrorOfErised|60/100
|move|p2a: MirrorOfErised|Max Airstream|p1a: Yveltal
|-crit|p1a: Yveltal
|-damage|p1a: Yveltal|0 fnt
|-boost|p2a: MirrorOfErised|spe|1
|faint|p1a: Yveltal
|
|win|HelloWenston
|raw|Indua's rating: 1669 &rarr; <strong>1648</strong><br />(-21 for losing)
|raw|HelloWenston's rating: 1647 &rarr; <strong>1668</strong><br />(+21 for winning)
|l|☆Indua
||Ladder isn't responding, score probably updated but might not have (Request timeout).
