|j|☆CLEAR GEM清瑜
|j|☆MVP2536
|t:|1664816366
|gametype|singles
|player|p1|CLEAR GEM清瑜|skierf|1890
|player|p2|MVP2536|giovanni|1823
|teamsize|p1|6
|teamsize|p2|6
|gen|8
|tier|[Gen 8] National Dex AG
|rated|
|rule|HP Percentage Mod: HP is shown in percentages
|rule|Endless Battle Clause: Forcing endless battles is banned
|clearpoke
|poke|p1|Rayquaza|
|poke|p1|Groudon|
|poke|p1|Necrozma-Dusk-Mane|
|poke|p1|Arceus-*|
|poke|p1|Arceus-*|
|poke|p1|Arceus-*|
|poke|p2|Groudon|
|poke|p2|Aegislash, M|
|poke|p2|Rotom-Wash|
|poke|p2|Scrafty, M|
|poke|p2|Whimsicott, F|
|poke|p2|Ditto|
|teampreview
|inactive|Battle timer is ON: inactive players will automatically lose when time's up. (requested by CLEAR GEM清瑜)
|
|t:|1664816372
|start
|switch|p1a: 不会(?)|Groudon|100/100
|switch|p2a: Rotom|Rotom-Wash|100/100
|detailschange|p1a: 不会(?)|Groudon-Primal
|-primal|p1a: 不会(?)
|-weather|DesolateLand|[from] ability: Desolate Land|[of] p1a: 不会(?)
|turn|1
|
|t:|1664816375
|move|p1a: 不会(?)|Thunder Wave|p2a: Rotom
|-immune|p2a: Rotom
|move|p2a: Rotom|Toxic|p1a: 不会(?)|[miss]
|-miss|p2a: Rotom|p1a: 不会(?)
|
|-weather|DesolateLand|[upkeep]
|upkeep
|turn|2
|
|t:|1664816382
|-weather|none
|switch|p1a: 钢铁之躯|Necrozma-Dusk-Mane|100/100
|move|p2a: Rotom|Toxic|p1a: 钢铁之躯
|-immune|p1a: 钢铁之躯
|
|upkeep
|turn|3
|
|t:|1664816385
|move|p2a: Rotom|Volt Switch|p1a: 钢铁之躯
|-damage|p1a: 钢铁之躯|80/100
|
|t:|1664816387
|switch|p2a: Ditto|Ditto|100/100|[from]move: Volt Switch
|-transform|p2a: Ditto|p1a: 钢铁之躯|[from] ability: Imposter
|move|p1a: 钢铁之躯|Dragon Dance|p1a: 钢铁之躯
|-boost|p1a: 钢铁之躯|atk|1
|-boost|p1a: 钢铁之躯|spe|1
|
|upkeep
|turn|4
|
|t:|1664816391
|switch|p2a: Rotom|Rotom-Wash|100/100
|detailschange|p1a: 钢铁之躯|Necrozma-Ultra
|-burst|p1a: 钢铁之躯|Necrozma|Ultranecrozium Z
|move|p1a: 钢铁之躯|Earthquake|p2a: Rotom
|-immune|p2a: Rotom|[from] ability: Levitate
|
|upkeep
|turn|5
|
|t:|1664816395
|switch|p2a: Scrafty|Scrafty, M|100/100
|-zpower|p1a: 钢铁之躯
|move|p1a: 钢铁之躯|Light That Burns the Sky|p2a: Scrafty|[zeffect]
|-immune|p2a: Scrafty
|
|upkeep
|turn|6
|
|t:|1664816399
|move|p1a: 钢铁之躯|Earthquake|p2a: Scrafty
|-damage|p2a: Scrafty|36/100
|move|p2a: Scrafty|Knock Off|p1a: 钢铁之躯
|-supereffective|p1a: 钢铁之躯
|-damage|p1a: 钢铁之躯|35/100
|
|upkeep
|turn|7
|
|t:|1664816405
|switch|p2a: Rotom|Rotom-Wash|100/100
|move|p1a: 钢铁之躯|Earthquake|p2a: Rotom
|-immune|p2a: Rotom|[from] ability: Levitate
|
|upkeep
|turn|8
|
|t:|1664816409
|switch|p2a: Aegislash|Aegislash, M|100/100
|move|p1a: 钢铁之躯|Photon Geyser|p2a: Aegislash
|-resisted|p2a: Aegislash
|-damage|p2a: Aegislash|60/100
|
|-heal|p2a: Aegislash|66/100|[from] item: Leftovers
|upkeep
|turn|9
|
|t:|1664816413
|-formechange|p2a: Aegislash|Aegislash-Blade||[from] ability: Stance Change
|move|p2a: Aegislash|Shadow Sneak|p1a: 钢铁之躯
|-supereffective|p1a: 钢铁之躯
|-crit|p1a: 钢铁之躯
|-damage|p1a: 钢铁之躯|0 fnt
|faint|p1a: 钢铁之躯
|
|-heal|p2a: Aegislash|72/100|[from] item: Leftovers
|upkeep
|
|t:|1664816416
|switch|p1a: 不会(?)|Groudon-Primal|100/100
|-weather|DesolateLand|[from] ability: Desolate Land|[of] p1a: 不会(?)
|turn|10
|
|t:|1664816423
|-weather|none
|switch|p1a: 烈龙无敌|Rayquaza|100/100
|-ability|p1a: 烈龙无敌|Air Lock
|switch|p2a: Rotom|Rotom-Wash|100/100
|
|upkeep
|turn|11
|
|t:|1664816429
|switch|p2a: Aegislash|Aegislash, M|72/100
|detailschange|p1a: 烈龙无敌|Rayquaza-Mega
|-mega|p1a: 烈龙无敌|Rayquaza|
|-weather|DeltaStream|[from] ability: Delta Stream|[of] p1a: 烈龙无敌
|move|p1a: 烈龙无敌|Scale Shot|p2a: Aegislash
|-resisted|p2a: Aegislash
|-damage|p2a: Aegislash|63/100
|-resisted|p2a: Aegislash
|-damage|p2a: Aegislash|53/100
|-resisted|p2a: Aegislash
|-damage|p2a: Aegislash|44/100
|-resisted|p2a: Aegislash
|-damage|p2a: Aegislash|34/100
|-hitcount|p2a: Aegislash|4
|-unboost|p1a: 烈龙无敌|def|1
|-boost|p1a: 烈龙无敌|spe|1
|-damage|p1a: 烈龙无敌|91/100|[from] item: Life Orb
|
|-weather|DeltaStream|[upkeep]
|-heal|p2a: Aegislash|41/100|[from] item: Leftovers
|upkeep
|turn|12
|
|t:|1664816435
|switch|p2a: Rotom|Rotom-Wash|100/100
|move|p1a: 烈龙无敌|Earthquake|p2a: Rotom
|-immune|p2a: Rotom|[from] ability: Levitate
|
|-weather|DeltaStream|[upkeep]
|upkeep
|turn|13
|
|t:|1664816441
|move|p1a: 烈龙无敌|Dragon Ascent|p2a: Rotom
|-resisted|p2a: Rotom
|-damage|p2a: Rotom|59/100
|-unboost|p1a: 烈龙无敌|def|1
|-unboost|p1a: 烈龙无敌|spd|1
|-damage|p1a: 烈龙无敌|74/100|[from] item: Rocky Helmet|[of] p2a: Rotom
|-damage|p1a: 烈龙无敌|64/100|[from] item: Life Orb
|move|p2a: Rotom|Foul Play|p1a: 烈龙无敌
|-damage|p1a: 烈龙无敌|0 fnt
|faint|p1a: 烈龙无敌
|-weather|none
|
|upkeep
|
|t:|1664816447
|switch|p1a: 悬空羊驼|Arceus-Flying|100/100
|turn|14
|
|t:|1664816450
|move|p1a: 悬空羊驼|Calm Mind|p1a: 悬空羊驼
|-boost|p1a: 悬空羊驼|spa|1
|-boost|p1a: 悬空羊驼|spd|1
|move|p2a: Rotom|Pain Split|p1a: 悬空羊驼
|-sethp|p1a: 悬空羊驼|72/100|[from] move: Pain Split|[silent]
|-sethp|p2a: Rotom|98/100|[from] move: Pain Split
|
|upkeep
|turn|15
|
|t:|1664816454
|move|p1a: 悬空羊驼|Calm Mind|p1a: 悬空羊驼
|-boost|p1a: 悬空羊驼|spa|1
|-boost|p1a: 悬空羊驼|spd|1
|move|p2a: Rotom|Toxic|p1a: 悬空羊驼
|-status|p1a: 悬空羊驼|tox
|
|-damage|p1a: 悬空羊驼|66/100 tox|[from] psn
|upkeep
|turn|16
|
|t:|1664816459
|move|p1a: 悬空羊驼|Recover|p1a: 悬空羊驼
|-heal|p1a: 悬空羊驼|100/100 tox
|move|p2a: Rotom|Volt Switch|p1a: 悬空羊驼
|-supereffective|p1a: 悬空羊驼
|-damage|p1a: 悬空羊驼|82/100 tox
|
|t:|1664816462
|switch|p2a: garbage|Groudon|100/100|[from]move: Volt Switch
|detailschange|p2a: garbage|Groudon-Primal
|-primal|p2a: garbage
|-weather|DesolateLand|[from] ability: Desolate Land|[of] p2a: garbage
|
|-weather|DesolateLand|[upkeep]
|-damage|p1a: 悬空羊驼|70/100 tox|[from] psn
|upkeep
|turn|17
|
|t:|1664816464
|-start|p1a: 悬空羊驼|Dynamax|
|-heal|p1a: 悬空羊驼|70/100 tox|[silent]
|move|p1a: 悬空羊驼|Max Airstream|p2a: garbage
|-damage|p2a: garbage|0 fnt
|-boost|p1a: 悬空羊驼|spe|1
|faint|p2a: garbage
|-weather|none
|
|-damage|p1a: 悬空羊驼|61/100 tox|[from] psn
|upkeep
|
|t:|1664816481
|switch|p2a: Rotom|Rotom-Wash|98/100
|turn|18
|
|t:|1664816491
|-start|p2a: Rotom|Dynamax|
|-heal|p2a: Rotom|98/100|[silent]
|move|p2a: Rotom|Max Guard|p2a: Rotom
|-singleturn|p2a: Rotom|Max Guard
|move|p1a: 悬空羊驼|Max Airstream|p2a: Rotom
|-activate|p2a: Rotom|move: Max Guard
|
|-damage|p1a: 悬空羊驼|48/100 tox|[from] psn
|upkeep
|turn|19
|
|t:|1664816495
|move|p1a: 悬空羊驼|Max Airstream|p2a: Rotom
|-resisted|p2a: Rotom
|-damage|p2a: Rotom|53/100
|-boost|p1a: 悬空羊驼|spe|1
|move|p2a: Rotom|Max Lightning|p1a: 悬空羊驼
|-supereffective|p1a: 悬空羊驼
|-damage|p1a: 悬空羊驼|33/100 tox
|-fieldstart|move: Electric Terrain
|
|-damage|p1a: 悬空羊驼|18/100 tox|[from] psn
|upkeep
|-end|p1a: 悬空羊驼|Dynamax
|-heal|p1a: 悬空羊驼|18/100 tox|[silent]
|turn|20
|
|t:|1664816500
|move|p1a: 悬空羊驼|Judgment|p2a: Rotom
|-resisted|p2a: Rotom
|-damage|p2a: Rotom|17/100
|move|p2a: Rotom|Max Lightning|p1a: 悬空羊驼
|-supereffective|p1a: 悬空羊驼
|-damage|p1a: 悬空羊驼|0 fnt
|faint|p1a: 悬空羊驼
|
|upkeep
|
|t:|1664816508
|switch|p1a: 究极辅助|Arceus-Dark|100/100
|-end|p2a: Rotom|Dynamax
|-heal|p2a: Rotom|17/100|[silent]
|turn|21
|
|t:|1664816515
|switch|p1a: 不会(?)|Groudon-Primal|100/100
|-weather|DesolateLand|[from] ability: Desolate Land|[of] p1a: 不会(?)
|switch|p2a: Scrafty|Scrafty, M|36/100
|
|-weather|DesolateLand|[upkeep]
|upkeep
|turn|22
|
|t:|1664816521
|switch|p2a: Rotom|Rotom-Wash|17/100
|move|p1a: 不会(?)|Fire Punch|p2a: Rotom
|-resisted|p2a: Rotom
|-damage|p2a: Rotom|0 fnt
|-damage|p1a: 不会(?)|84/100|[from] item: Rocky Helmet|[of] p2a: Rotom
|faint|p2a: Rotom
|
|-weather|DesolateLand|[upkeep]
|upkeep
|
|t:|1664816526
|switch|p2a: Ditto|Ditto|100/100
|-transform|p2a: Ditto|p1a: 不会(?)|[from] ability: Imposter
|turn|23
|
|t:|1664816539
|move|p1a: 不会(?)|Stealth Rock|p2a: Ditto
|-sidestart|p2: MVP2536|move: Stealth Rock
|move|p2a: Ditto|Roar|p1a: 不会(?)
|drag|p1a: 乱杀P固|Arceus-Ground|100/100
|
|-weather|DesolateLand|[upkeep]
|-fieldend|move: Electric Terrain
|upkeep
|turn|24
|
|t:|1664816549
|-weather|none
|switch|p2a: Aegislash|Aegislash, M|41/100
|-damage|p2a: Aegislash|34/100|[from] Stealth Rock
|move|p1a: 乱杀P固|Earthquake|p2a: Aegislash
|-supereffective|p2a: Aegislash
|-damage|p2a: Aegislash|0 fnt
|faint|p2a: Aegislash
|
|upkeep
|
|t:|1664816554
|switch|p2a: Whimsicott|Whimsicott, F|100/100
|turn|25
|
|t:|1664816562
|switch|p1a: 不会(?)|Groudon-Primal|84/100
|-weather|DesolateLand|[from] ability: Desolate Land|[of] p1a: 不会(?)
|move|p2a: Whimsicott|Leech Seed|p1a: 不会(?)
|-start|p1a: 不会(?)|move: Leech Seed
|
|-weather|DesolateLand|[upkeep]
|-damage|p1a: 不会(?)|72/100|[from] Leech Seed|[of] p2a: Whimsicott
|upkeep
|turn|26
|
|t:|1664816566
|switch|p2a: Ditto|Ditto|100/100
|-damage|p2a: Ditto|88/100|[from] Stealth Rock
|-transform|p2a: Ditto|p1a: 不会(?)|[from] ability: Imposter
|move|p1a: 不会(?)|Roar|p2a: Ditto
|drag|p2a: Scrafty|Scrafty, M|36/100
|-damage|p2a: Scrafty|30/100|[from] Stealth Rock
|
|-weather|DesolateLand|[upkeep]
|-damage|p1a: 不会(?)|59/100|[from] Leech Seed|[of] p2a: Scrafty
|-heal|p2a: Scrafty|44/100|[silent]
|upkeep
|turn|27
|
|t:|1664816570
|switch|p2a: Ditto|Ditto|88/100
|-damage|p2a: Ditto|76/100|[from] Stealth Rock
|-transform|p2a: Ditto|p1a: 不会(?)|[from] ability: Imposter
|move|p1a: 不会(?)|Fire Punch|p2a: Ditto
|-resisted|p2a: Ditto
|-damage|p2a: Ditto|58/100
|
|-weather|DesolateLand|[upkeep]
|-damage|p1a: 不会(?)|47/100|[from] Leech Seed|[of] p2a: Ditto
|-heal|p2a: Ditto|74/100|[silent]
|upkeep
|turn|28
|
|t:|1664816576
|switch|p1a: 究极辅助|Arceus-Dark|100/100
|move|p2a: Ditto|Fire Punch|p1a: 究极辅助
|-damage|p1a: 究极辅助|55/100
|
|-weather|DesolateLand|[upkeep]
|upkeep
|turn|29
|
|t:|1664816579
|move|p2a: Ditto|Fire Punch|p1a: 究极辅助
|-damage|p1a: 究极辅助|16/100
|move|p1a: 究极辅助|Roar|p2a: Ditto
|-weather|none
|drag|p2a: Whimsicott|Whimsicott, F|100/100
|
|upkeep
|turn|30
|
|t:|1664816586
|move|p2a: Whimsicott|Moonblast|p1a: 究极辅助
|-supereffective|p1a: 究极辅助
|-damage|p1a: 究极辅助|0 fnt
|faint|p1a: 究极辅助
|
|upkeep
|
|t:|1664816588
|switch|p1a: 乱杀P固|Arceus-Ground|100/100
|turn|31
|
|t:|1664816595
|move|p1a: 乱杀P固|Stone Edge|p2a: Whimsicott|[miss]
|-miss|p1a: 乱杀P固|p2a: Whimsicott
|move|p2a: Whimsicott|Leech Seed|p1a: 乱杀P固|[miss]
|-miss|p2a: Whimsicott|p1a: 乱杀P固
|
|upkeep
|turn|32
|
|t:|1664816601
|move|p1a: 乱杀P固|Stone Edge|p2a: Whimsicott
|-damage|p2a: Whimsicott|50/100
|move|p2a: Whimsicott|Leech Seed|p1a: 乱杀P固
|-start|p1a: 乱杀P固|move: Leech Seed
|
|-damage|p1a: 乱杀P固|88/100|[from] Leech Seed|[of] p2a: Whimsicott
|-heal|p2a: Whimsicott|68/100|[silent]
|upkeep
|turn|33
|
|t:|1664816603
|switch|p2a: Ditto|Ditto|74/100
|-damage|p2a: Ditto|62/100|[from] Stealth Rock
|-transform|p2a: Ditto|p1a: 乱杀P固|[from] ability: Imposter
|move|p1a: 乱杀P固|Stone Edge|p2a: Ditto
|-resisted|p2a: Ditto
|-damage|p2a: Ditto|47/100
|
|-damage|p1a: 乱杀P固|76/100|[from] Leech Seed|[of] p2a: Ditto
|-heal|p2a: Ditto|63/100|[silent]
|upkeep
|turn|34
|
|t:|1664816614
|move|p2a: Ditto|Bullet Seed|p1a: 乱杀P固
|-supereffective|p1a: 乱杀P固
|-damage|p1a: 乱杀P固|63/100
|-supereffective|p1a: 乱杀P固
|-damage|p1a: 乱杀P固|50/100
|-supereffective|p1a: 乱杀P固
|-crit|p1a: 乱杀P固
|-damage|p1a: 乱杀P固|30/100
|-hitcount|p1a: 乱杀P固|3
|move|p1a: 乱杀P固|Earthquake|p2a: Ditto
|-damage|p2a: Ditto|5/100
|
|-damage|p1a: 乱杀P固|17/100|[from] Leech Seed|[of] p2a: Ditto
|-heal|p2a: Ditto|20/100|[silent]
|upkeep
|turn|35
|
|t:|1664816625
|move|p2a: Ditto|Bullet Seed|p1a: 乱杀P固
|-supereffective|p1a: 乱杀P固
|-damage|p1a: 乱杀P固|5/100
|-supereffective|p1a: 乱杀P固
|-damage|p1a: 乱杀P固|0 fnt
|faint|p1a: 乱杀P固
|-hitcount|p1: 乱杀P固|2
|
|upkeep
|
|t:|1664816627
|switch|p1a: 不会(?)|Groudon-Primal|47/100
|-weather|DesolateLand|[from] ability: Desolate Land|[of] p1a: 不会(?)
|turn|36
|
|t:|1664816640
|move|p2a: Ditto|Bullet Seed|p1a: 不会(?)
|-damage|p1a: 不会(?)|43/100
|-damage|p1a: 不会(?)|39/100
|-damage|p1a: 不会(?)|36/100
|-hitcount|p1a: 不会(?)|3
|move|p1a: 不会(?)|Thunder Wave|p2a: Ditto
|-immune|p2a: Ditto
|
|-weather|DesolateLand|[upkeep]
|upkeep
|turn|37
|
|t:|1664816651
|switch|p2a: Scrafty|Scrafty, M|44/100
|-damage|p2a: Scrafty|38/100|[from] Stealth Rock
|move|p1a: 不会(?)|Roar|p2a: Scrafty
|drag|p2a: Ditto|Ditto|20/100
|-damage|p2a: Ditto|8/100|[from] Stealth Rock
|-transform|p2a: Ditto|p1a: 不会(?)|[from] ability: Imposter
|
|-weather|DesolateLand|[upkeep]
|upkeep
|turn|38
|
|t:|1664816656
|move|p2a: Ditto|Fire Punch|p1a: 不会(?)
|-resisted|p1a: 不会(?)
|-damage|p1a: 不会(?)|20/100
|move|p1a: 不会(?)|Roar|p2a: Ditto
|drag|p2a: Scrafty|Scrafty, M|38/100
|-damage|p2a: Scrafty|32/100|[from] Stealth Rock
|
|-weather|DesolateLand|[upkeep]
|upkeep
|turn|39
|
|t:|1664816665
|move|p1a: 不会(?)|Thunder Wave|p2a: Scrafty
|-status|p2a: Scrafty|par
|move|p2a: Scrafty|Drain Punch|p1a: 不会(?)
|-damage|p1a: 不会(?)|8/100
|-heal|p2a: Scrafty|40/100 par|[from] drain|[of] p1a: 不会(?)
|
|-weather|DesolateLand|[upkeep]
|upkeep
|turn|40
|
|t:|1664816671
|move|p1a: 不会(?)|Fire Punch|p2a: Scrafty
|-damage|p2a: Scrafty|0 fnt
|faint|p2a: Scrafty
|
|-weather|DesolateLand|[upkeep]
|upkeep
|c|☆MVP2536|gg
|
|t:|1664816676
|switch|p2a: Whimsicott|Whimsicott, F|68/100
|turn|41
|
|t:|1664816678
|move|p2a: Whimsicott|Moonblast|p1a: 不会(?)
|-resisted|p1a: 不会(?)
|-damage|p1a: 不会(?)|0 fnt
|faint|p1a: 不会(?)
|-weather|none
|
|win|MVP2536
|raw|CLEAR GEM清瑜's rating: 1890 &rarr; <strong>1866</strong><br />(-24 for losing)
|raw|MVP2536's rating: 1823 &rarr; <strong>1847</strong><br />(+24 for winning)
|l|☆CLEAR GEM清瑜
||Ladder isn't responding, score probably updated but might not have (Request timeout).
