|j|☆yoshikitty64
|j|☆Buck is stallish
|t:|1660952145
|gametype|singles
|player|p1|yoshikitty64|supernerd-gen1rb|1589
|player|p2|Buck is stallish|ethan-masters|1882
|teamsize|p1|6
|teamsize|p2|6
|gen|8
|tier|[Gen 8] National Dex AG
|rated|
|rule|HP Percentage Mod: HP is shown in percentages
|rule|Endless Battle Clause: Forcing endless battles is banned
|clearpoke
|poke|p1|Calyrex-Shadow|
|poke|p1|Ditto|
|poke|p1|Zacian-*|
|poke|p1|Groudon|
|poke|p1|Rayquaza|
|poke|p1|Arceus-*|
|poke|p2|Kyogre|
|poke|p2|Chansey, F|
|poke|p2|Sableye, F|
|poke|p2|Lugia|
|poke|p2|Yveltal|
|poke|p2|Arceus-*|
|teampreview
|inactive|Battle timer is ON: inactive players will automatically lose when time's up. (requested by yoshikitty64)
|inactive|Buck is stallish also wants the timer to be on.
|c|☆yoshikitty64|glhf
|
|t:|1660952153
|start
|switch|p1a: mr angry|Groudon|100/100
|switch|p2a: Pretty gem|Sableye, F|100/100
|detailschange|p1a: mr angry|Groudon-Primal
|-primal|p1a: mr angry
|-weather|DesolateLand|[from] ability: Desolate Land|[of] p1a: mr angry
|turn|1
|
|t:|1660952169
|detailschange|p2a: Pretty gem|Sableye-Mega, F
|-mega|p2a: Pretty gem|Sableye|Sablenite
|move|p2a: Pretty gem|Protect|p2a: Pretty gem
|-singleturn|p2a: Pretty gem|Protect
|move|p1a: mr angry|Stealth Rock|p2a: Pretty gem
|move|p2a: Pretty gem|Stealth Rock|p1a: mr angry|[from]ability: Magic Bounce
|-sidestart|p1: yoshikitty64|move: Stealth Rock
|
|-weather|DesolateLand|[upkeep]
|upkeep
|turn|2
|inactive|Buck is stallish has 120 seconds left.
|
|t:|1660952205
|-weather|none
|switch|p1a: Doggy|Zacian-Crowned|100/100
|-damage|p1a: Doggy|94/100|[from] Stealth Rock
|-ability|p1a: Doggy|Intrepid Sword|boost
|-boost|p1a: Doggy|atk|1
|move|p2a: Pretty gem|Recover||[still]
|-fail|p2a: Pretty gem|heal
|
|upkeep
|turn|3
|c|☆Buck is stallish|U2
|
|t:|1660952216
|switch|p2a: Fearless priest|Arceus-Ground|100/100
|move|p1a: Doggy|Behemoth Blade|p2a: Fearless priest
|-damage|p2a: Fearless priest|55/100
|
|upkeep
|turn|4
|
|t:|1660952222
|move|p1a: Doggy|Behemoth Blade|p2a: Fearless priest
|-damage|p2a: Fearless priest|8/100
|move|p2a: Fearless priest|Recover|p2a: Fearless priest
|-heal|p2a: Fearless priest|58/100
|
|upkeep
|turn|5
|
|t:|1660952232
|move|p1a: Doggy|Close Combat|p2a: Fearless priest
|-damage|p2a: Fearless priest|20/100
|-unboost|p1a: Doggy|def|1
|-unboost|p1a: Doggy|spd|1
|move|p2a: Fearless priest|Recover|p2a: Fearless priest
|-heal|p2a: Fearless priest|70/100
|
|upkeep
|turn|6
|
|t:|1660952243
|switch|p1a: How is this 1 mon|Calyrex-Shadow|100/100
|-ability|p1a: How is this 1 mon|As One
|-ability|p1a: How is this 1 mon|Unnerve
|-damage|p1a: How is this 1 mon|88/100|[from] Stealth Rock
|move|p2a: Fearless priest|Recover|p2a: Fearless priest
|-heal|p2a: Fearless priest|100/100
|
|upkeep
|turn|7
|
|t:|1660952252
|switch|p2a: Raven of death|Yveltal, shiny|100/100
|-ability|p2a: Raven of death|Dark Aura
|move|p1a: How is this 1 mon|Astral Barrage|p2a: Raven of death
|-resisted|p2a: Raven of death
|-damage|p2a: Raven of death|76/100
|
|upkeep
|turn|8
|
|t:|1660952267
|switch|p1a: dragon deez nuts|Rayquaza|100/100
|-damage|p1a: dragon deez nuts|75/100|[from] Stealth Rock
|-ability|p1a: dragon deez nuts|Air Lock
|move|p2a: Raven of death|Foul Play|p1a: dragon deez nuts
|-damage|p1a: dragon deez nuts|0 fnt
|faint|p1a: dragon deez nuts
|
|upkeep
|
|t:|1660952279
|switch|p1a: :trollface:|Ditto|100/100
|-damage|p1a: :trollface:|88/100|[from] Stealth Rock
|-transform|p1a: :trollface:|p2a: Raven of death|[from] ability: Imposter
|-ability|p1a: :trollface:|Dark Aura
|turn|9
|
|t:|1660952289
|switch|p2a: Fearless priest|Arceus-Ground|100/100
|move|p1a: :trollface:|U-turn|p2a: Fearless priest
|-damage|p2a: Fearless priest|90/100
|
|t:|1660952295
|switch|p1a: Doggy|Zacian-Crowned|94/100|[from]move: U-turn
|-damage|p1a: Doggy|88/100|[from] Stealth Rock
|-ability|p1a: Doggy|Intrepid Sword|boost
|-boost|p1a: Doggy|atk|1
|
|upkeep
|turn|10
|
|t:|1660952301
|switch|p1a: literally god|Arceus|100/100
|-damage|p1a: literally god|88/100|[from] Stealth Rock
|move|p2a: Fearless priest|Will-O-Wisp|p1a: literally god
|-status|p1a: literally god|brn
|
|-heal|p1a: literally god|94/100 brn|[from] item: Leftovers
|-damage|p1a: literally god|88/100 brn|[from] brn
|upkeep
|turn|11
|
|t:|1660952326
|switch|p2a: Pretty gem|Sableye-Mega, F|100/100
|move|p1a: literally god|Swords Dance|p1a: literally god
|-boost|p1a: literally god|atk|2
|
|-heal|p1a: literally god|94/100 brn|[from] item: Leftovers
|-damage|p1a: literally god|88/100 brn|[from] brn
|upkeep
|turn|12
|
|t:|1660952335
|move|p1a: literally god|Stone Edge|p2a: Pretty gem
|-damage|p2a: Pretty gem|77/100
|move|p2a: Pretty gem|Foul Play|p1a: literally god
|-damage|p1a: literally god|16/100 brn
|
|-heal|p1a: literally god|22/100 brn|[from] item: Leftovers
|-damage|p1a: literally god|16/100 brn|[from] brn
|upkeep
|turn|13
|
|t:|1660952346
|move|p1a: literally god|Stone Edge|p2a: Pretty gem|[miss]
|-miss|p1a: literally god|p2a: Pretty gem
|move|p2a: Pretty gem|Recover|p2a: Pretty gem
|-heal|p2a: Pretty gem|100/100
|
|-heal|p1a: literally god|22/100 brn|[from] item: Leftovers
|-damage|p1a: literally god|16/100 brn|[from] brn
|upkeep
|turn|14
|
|t:|1660952354
|move|p1a: literally god|Stone Edge|p2a: Pretty gem
|-crit|p2a: Pretty gem
|-damage|p2a: Pretty gem|66/100
|move|p2a: Pretty gem|Foul Play|p1a: literally god
|-damage|p1a: literally god|0 fnt
|faint|p1a: literally god
|
|upkeep
|
|t:|1660952361
|switch|p1a: :trollface:|Ditto|88/100
|-damage|p1a: :trollface:|76/100|[from] Stealth Rock
|-transform|p1a: :trollface:|p2a: Pretty gem|[from] ability: Imposter
|turn|15
|inactive|Buck is stallish has 120 seconds left.
|inactive|Buck is stallish has 90 seconds left.
|
|t:|1660952433
|move|p1a: :trollface:|Will-O-Wisp|p2a: Pretty gem
|move|p2a: Pretty gem|Will-O-Wisp|p1a: :trollface:|[from]ability: Magic Bounce
|-status|p1a: :trollface:|brn
|move|p2a: Pretty gem|Recover|p2a: Pretty gem
|-heal|p2a: Pretty gem|100/100
|
|-damage|p1a: :trollface:|70/100 brn|[from] brn
|upkeep
|turn|16
|-message|yoshikitty64 forfeited.
|
|win|Buck is stallish
|raw|yoshikitty64's rating: 1589 &rarr; <strong>1583</strong><br />(-6 for losing)
|raw|Buck is stallish's rating: 1882 &rarr; <strong>1888</strong><br />(+6 for winning)
|l|☆yoshikitty64
