|j|☆1upx
|j|☆Diancie_hhh
|t:|1664592664
|gametype|singles
|player|p1|1upx|medium|1791
|player|p2|Diancie_hhh|marnie|1784
|teamsize|p1|6
|teamsize|p2|6
|gen|8
|tier|[Gen 8] National Dex AG
|rated|
|rule|HP Percentage Mod: HP is shown in percentages
|rule|Endless Battle Clause: Forcing endless battles is banned
|clearpoke
|poke|p1|Smeargle, M|
|poke|p1|Ditto|
|poke|p1|Xerneas-*|
|poke|p1|Rayquaza|
|poke|p1|Yveltal|
|poke|p1|Groudon|
|poke|p2|Arceus-*|
|poke|p2|Zacian-*|
|poke|p2|Groudon|
|poke|p2|Ho-Oh|
|poke|p2|Zygarde|
|poke|p2|Weavile, F|
|teampreview
|inactive|Battle timer is ON: inactive players will automatically lose when time's up. (requested by 1upx)
|
|t:|1664592673
|start
|switch|p1a: Stickyweb|Smeargle, M, shiny|100/100
|switch|p2a: Weavile|Weavile, F, shiny|100/100
|-ability|p2a: Weavile|Pressure
|turn|1
|
|t:|1664592683
|move|p1a: Stickyweb|Protect|p1a: Stickyweb
|-singleturn|p1a: Stickyweb|Protect
|move|p2a: Weavile|Beat Up|p1a: Stickyweb
|-activate|p1a: Stickyweb|move: Protect
|
|-ability|p1a: Stickyweb|Moody|boost
|-boost|p1a: Stickyweb|spd|2
|-unboost|p1a: Stickyweb|spe|1
|upkeep
|turn|2
|
|t:|1664592690
|move|p2a: Weavile|Beat Up|p1a: Stickyweb
|-damage|p1a: Stickyweb|79/100
|-damage|p1a: Stickyweb|49/100
|-damage|p1a: Stickyweb|23/100
|-damage|p1a: Stickyweb|1/100
|-damage|p1a: Stickyweb|0 fnt
|faint|p1a: Stickyweb
|-hitcount|p1: Stickyweb|5
|
|upkeep
|
|t:|1664592699
|switch|p1a: Don'tTauntMe|Groudon, shiny|100/100
|detailschange|p1a: Don'tTauntMe|Groudon-Primal, shiny
|-primal|p1a: Don'tTauntMe
|-weather|DesolateLand|[from] ability: Desolate Land|[of] p1a: Don'tTauntMe
|turn|3
|
|t:|1664592702
|switch|p2a: Zygarde|Zygarde, shiny|100/100
|move|p1a: Don'tTauntMe|Fire Punch|p2a: Zygarde
|-resisted|p2a: Zygarde
|-damage|p2a: Zygarde|80/100
|-status|p2a: Zygarde|brn
|
|-weather|DesolateLand|[upkeep]
|-damage|p2a: Zygarde|74/100 brn|[from] brn
|upkeep
|turn|4
|
|t:|1664592708
|move|p1a: Don'tTauntMe|Stealth Rock|p2a: Zygarde
|-sidestart|p2: Diancie_hhh|move: Stealth Rock
|move|p2a: Zygarde|Glare|p1a: Don'tTauntMe
|-status|p1a: Don'tTauntMe|par
|
|-weather|DesolateLand|[upkeep]
|-damage|p2a: Zygarde|68/100 brn|[from] brn
|upkeep
|turn|5
|
|t:|1664592711
|move|p2a: Zygarde|Coil|p2a: Zygarde
|-boost|p2a: Zygarde|atk|1
|-boost|p2a: Zygarde|def|1
|-boost|p2a: Zygarde|accuracy|1
|move|p1a: Don'tTauntMe|Precipice Blades|p2a: Zygarde
|-damage|p2a: Zygarde|34/100 brn
|
|-weather|DesolateLand|[upkeep]
|-damage|p2a: Zygarde|27/100 brn|[from] brn
|-activate|p2a: Zygarde|ability: Power Construct
|detailschange|p2a: Zygarde|Zygarde-Complete, shiny
|-heal|p2a: Zygarde|53/100 brn|[silent]
|upkeep
|turn|6
|
|t:|1664592718
|move|p2a: Zygarde|Coil|p2a: Zygarde
|-boost|p2a: Zygarde|atk|1
|-boost|p2a: Zygarde|def|1
|-boost|p2a: Zygarde|accuracy|1
|move|p1a: Don'tTauntMe|Precipice Blades|p2a: Zygarde
|-damage|p2a: Zygarde|37/100 brn
|
|-weather|DesolateLand|[upkeep]
|-damage|p2a: Zygarde|30/100 brn|[from] brn
|upkeep
|turn|7
|
|t:|1664592729
|move|p2a: Zygarde|Coil|p2a: Zygarde
|-boost|p2a: Zygarde|atk|1
|-boost|p2a: Zygarde|def|1
|-boost|p2a: Zygarde|accuracy|1
|move|p1a: Don'tTauntMe|Precipice Blades|p2a: Zygarde|[miss]
|-miss|p1a: Don'tTauntMe|p2a: Zygarde
|
|-weather|DesolateLand|[upkeep]
|-damage|p2a: Zygarde|24/100 brn|[from] brn
|upkeep
|turn|8
|
|t:|1664592736
|move|p2a: Zygarde|Rest|p2a: Zygarde
|-status|p2a: Zygarde|slp|[from] move: Rest
|-heal|p2a: Zygarde|100/100 slp|[silent]
|-enditem|p2a: Zygarde|Chesto Berry|[eat]
|-curestatus|p2a: Zygarde|slp|[msg]
|move|p1a: Don'tTauntMe|Precipice Blades|p2a: Zygarde
|-damage|p2a: Zygarde|88/100
|
|-weather|DesolateLand|[upkeep]
|upkeep
|turn|9
|
|t:|1664592744
|move|p2a: Zygarde|Thousand Arrows|p1a: Don'tTauntMe
|-supereffective|p1a: Don'tTauntMe
|-damage|p1a: Don'tTauntMe|0 fnt
|faint|p1a: Don'tTauntMe
|-weather|none
|
|upkeep
|
|t:|1664592748
|switch|p1a: Rayquaza--Mega|Ditto, shiny|100/100
|-transform|p1a: Rayquaza--Mega|p2a: Zygarde|[from] ability: Imposter
|turn|10
|
|t:|1664592753
|move|p1a: Rayquaza--Mega|Thousand Arrows|p2a: Zygarde
|-damage|p2a: Zygarde|75/100
|move|p2a: Zygarde|Glare|p1a: Rayquaza--Mega
|-status|p1a: Rayquaza--Mega|par
|
|upkeep
|turn|11
|
|t:|1664592764
|switch|p1a: HerbDaddy|Xerneas, shiny|100/100
|-ability|p1a: HerbDaddy|Fairy Aura
|move|p2a: Zygarde|Thousand Arrows|p1a: HerbDaddy
|-damage|p1a: HerbDaddy|26/100
|
|upkeep
|turn|12
|
|t:|1664592768
|-start|p2a: Zygarde|Dynamax|
|-heal|p2a: Zygarde|75/100|[silent]
|move|p1a: HerbDaddy|Moonblast|p2a: Zygarde
|-supereffective|p2a: Zygarde
|-crit|p2a: Zygarde
|-damage|p2a: Zygarde|17/100
|move|p2a: Zygarde|Max Quake|p1a: HerbDaddy
|-damage|p1a: HerbDaddy|0 fnt
|-boost|p2a: Zygarde|spd|1
|faint|p1a: HerbDaddy
|
|upkeep
|
|t:|1664592774
|switch|p1a: Rayquaza--Mega|Ditto, shiny|100/100 par
|-transform|p1a: Rayquaza--Mega|p2a: Zygarde|[from] ability: Imposter
|turn|13
|
|t:|1664592783
|move|p2a: Zygarde|Max Guard|p2a: Zygarde
|-singleturn|p2a: Zygarde|Max Guard
|move|p1a: Rayquaza--Mega|Glare|p2a: Zygarde
|-activate|p2a: Zygarde|move: Max Guard
|
|upkeep
|turn|14
|
|t:|1664592789
|move|p2a: Zygarde|Max Quake|p1a: Rayquaza--Mega
|-damage|p1a: Rayquaza--Mega|59/100 par
|-boost|p2a: Zygarde|spd|1
|move|p1a: Rayquaza--Mega|Glare|p2a: Zygarde
|-status|p2a: Zygarde|par
|
|upkeep
|-end|p2a: Zygarde|Dynamax
|-heal|p2a: Zygarde|17/100 par|[silent]
|turn|15
|
|t:|1664592796
|switch|p1a: PappiFly|Rayquaza|100/100
|-ability|p1a: PappiFly|Air Lock
|move|p2a: Zygarde|Rest|p2a: Zygarde
|-status|p2a: Zygarde|slp|[from] move: Rest
|-heal|p2a: Zygarde|100/100 slp|[silent]
|
|upkeep
|turn|16
|
|t:|1664592799
|detailschange|p1a: PappiFly|Rayquaza-Mega
|-mega|p1a: PappiFly|Rayquaza|
|-weather|DeltaStream|[from] ability: Delta Stream|[of] p1a: PappiFly
|move|p1a: PappiFly|Dragon Dance|p1a: PappiFly
|-boost|p1a: PappiFly|atk|1
|-boost|p1a: PappiFly|spe|1
|cant|p2a: Zygarde|slp
|
|-weather|DeltaStream|[upkeep]
|upkeep
|turn|17
|
|t:|1664592804
|move|p1a: PappiFly|Dragon Dance|p1a: PappiFly
|-boost|p1a: PappiFly|atk|1
|-boost|p1a: PappiFly|spe|1
|cant|p2a: Zygarde|slp
|
|-weather|DeltaStream|[upkeep]
|upkeep
|turn|18
|
|t:|1664592814
|move|p1a: PappiFly|Dragon Ascent|p2a: Zygarde
|-damage|p2a: Zygarde|73/100 slp
|-unboost|p1a: PappiFly|def|1
|-unboost|p1a: PappiFly|spd|1
|-curestatus|p2a: Zygarde|slp|[msg]
|move|p2a: Zygarde|Glare|p1a: PappiFly
|-status|p1a: PappiFly|par
|
|-weather|DeltaStream|[upkeep]
|upkeep
|turn|19
|
|t:|1664592820
|cant|p1a: PappiFly|par
|move|p2a: Zygarde|Thousand Arrows|p1a: PappiFly
|-enditem|p1a: PappiFly|Focus Sash
|-damage|p1a: PappiFly|1/100 par
|-start|p1a: PappiFly|Smack Down
|
|-weather|DeltaStream|[upkeep]
|upkeep
|turn|20
|
|t:|1664592824
|move|p1a: PappiFly|Dragon Ascent|p2a: Zygarde
|-damage|p2a: Zygarde|50/100
|-unboost|p1a: PappiFly|def|1
|-unboost|p1a: PappiFly|spd|1
|move|p2a: Zygarde|Thousand Arrows|p1a: PappiFly
|-damage|p1a: PappiFly|0 fnt
|faint|p1a: PappiFly
|-weather|none
|
|upkeep
|
|t:|1664592829
|switch|p1a: HpTank|Yveltal, shiny|100/100
|-ability|p1a: HpTank|Dark Aura
|turn|21
|
|t:|1664592833
|-start|p1a: HpTank|Dynamax|
|-heal|p1a: HpTank|100/100|[silent]
|move|p1a: HpTank|Max Airstream|p2a: Zygarde
|-damage|p2a: Zygarde|30/100
|-boost|p1a: HpTank|spe|1
|-damage|p1a: HpTank|96/100|[from] item: Life Orb
|move|p2a: Zygarde|Glare|p1a: HpTank
|-status|p1a: HpTank|par
|
|upkeep
|turn|22
|
|t:|1664592842
|move|p1a: HpTank|Max Airstream|p2a: Zygarde
|-damage|p2a: Zygarde|8/100
|-boost|p1a: HpTank|spe|1
|-damage|p1a: HpTank|91/100 par|[from] item: Life Orb
|move|p2a: Zygarde|Thousand Arrows|p1a: HpTank
|-damage|p1a: HpTank|50/100 par
|-start|p1a: HpTank|Smack Down
|
|upkeep
|turn|23
|
|t:|1664592847
|cant|p1a: HpTank|par
|move|p2a: Zygarde|Rest|p2a: Zygarde
|-status|p2a: Zygarde|slp|[from] move: Rest
|-heal|p2a: Zygarde|100/100 slp|[silent]
|
|upkeep
|-end|p1a: HpTank|Dynamax
|-heal|p1a: HpTank|50/100 par|[silent]
|turn|24
|
|t:|1664592851
|move|p1a: HpTank|Oblivion Wing|p2a: Zygarde
|-damage|p2a: Zygarde|87/100 slp
|-heal|p1a: HpTank|66/100 par|[from] drain|[of] p2a: Zygarde
|-damage|p1a: HpTank|56/100 par|[from] item: Life Orb
|cant|p2a: Zygarde|slp
|
|upkeep
|turn|25
|
|t:|1664592856
|move|p1a: HpTank|Oblivion Wing|p2a: Zygarde
|-damage|p2a: Zygarde|74/100 slp
|-heal|p1a: HpTank|72/100 par|[from] drain|[of] p2a: Zygarde
|-damage|p1a: HpTank|62/100 par|[from] item: Life Orb
|cant|p2a: Zygarde|slp
|
|upkeep
|turn|26
|
|t:|1664592861
|cant|p1a: HpTank|par
|-curestatus|p2a: Zygarde|slp|[msg]
|move|p2a: Zygarde|Thousand Arrows|p1a: HpTank
|-damage|p1a: HpTank|0 fnt
|faint|p1a: HpTank
|
|upkeep
|-message|1upx forfeited.
|
|win|Diancie_hhh
|raw|1upx's rating: 1791 &rarr; <strong>1771</strong><br />(-20 for losing)
|raw|Diancie_hhh's rating: 1784 &rarr; <strong>1804</strong><br />(+20 for winning)
|l|☆1upx
||Ladder isn't responding, score probably updated but might not have (Request timeout).
