|j|☆moyv123
|j|☆funky8787
|t:|1666182621
|gametype|singles
|player|p1|moyv123|101|1725
|player|p2|funky8787|lillie-masters3|1714
|teamsize|p1|6
|teamsize|p2|6
|gen|8
|tier|[Gen 8] National Dex AG
|rated|
|rule|HP Percentage Mod: HP is shown in percentages
|rule|Endless Battle Clause: Forcing endless battles is banned
|clearpoke
|poke|p1|Arceus-*|
|poke|p1|Arceus-*|
|poke|p1|Rayquaza|
|poke|p1|Lugia|
|poke|p1|Zacian-*|
|poke|p1|Calyrex-Shadow|
|poke|p2|Groudon|
|poke|p2|Calyrex-Shadow|
|poke|p2|Yveltal|
|poke|p2|Arceus-*|
|poke|p2|Arceus-*|
|poke|p2|Arceus-*|
|teampreview
|
|t:|1666182653
|start
|switch|p1a: Arceus|Arceus|100/100
|switch|p2a: Calyrex|Calyrex-Shadow|100/100
|-ability|p2a: Calyrex|As One
|-ability|p2a: Calyrex|Unnerve
|turn|1
|inactive|Battle timer is ON: inactive players will automatically lose when time's up. (requested by funky8787)
|
|t:|1666182662
|switch|p2a: Arceus|Arceus|100/100
|move|p1a: Arceus|Swords Dance|p1a: Arceus
|-boost|p1a: Arceus|atk|2
|
|upkeep
|turn|2
|
|t:|1666182670
|-start|p1a: Arceus|Dynamax|
|-heal|p1a: Arceus|100/100|[silent]
|move|p2a: Arceus|Extreme Speed|p1a: Arceus
|-damage|p1a: Arceus|82/100
|-damage|p2a: Arceus|91/100|[from] item: Life Orb
|move|p1a: Arceus|Max Strike|p2a: Arceus
|-damage|p2a: Arceus|0 fnt
|faint|p2a: Arceus
|
|upkeep
|
|t:|1666182686
|switch|p2a: Groudon|Groudon|100/100
|detailschange|p2a: Groudon|Groudon-Primal
|-primal|p2a: Groudon
|-weather|DesolateLand|[from] ability: Desolate Land|[of] p2a: Groudon
|turn|3
|
|t:|1666182692
|move|p1a: Arceus|Max Strike|p2a: Groudon
|-damage|p2a: Groudon|16/100
|-unboost|p2a: Groudon|spe|1
|move|p2a: Groudon|Stealth Rock|p1a: Arceus
|-sidestart|p1: moyv123|move: Stealth Rock
|
|-weather|DesolateLand|[upkeep]
|upkeep
|turn|4
|
|t:|1666182701
|-weather|none
|switch|p2a: Calyrex|Calyrex-Shadow|100/100
|-ability|p2a: Calyrex|As One
|-ability|p2a: Calyrex|Unnerve
|move|p1a: Arceus|Max Phantasm|p2a: Calyrex
|-supereffective|p2a: Calyrex
|-enditem|p2a: Calyrex|Focus Sash
|-damage|p2a: Calyrex|1/100
|-unboost|p2a: Calyrex|def|1
|
|upkeep
|-end|p1a: Arceus|Dynamax
|-heal|p1a: Arceus|82/100|[silent]
|turn|5
|
|t:|1666182730
|move|p2a: Calyrex|Psyshock|p1a: Arceus
|-damage|p1a: Arceus|51/100
|move|p1a: Arceus|Shadow Claw|p2a: Calyrex
|-supereffective|p2a: Calyrex
|-damage|p2a: Calyrex|0 fnt
|faint|p2a: Calyrex
|
|upkeep
|
|t:|1666182735
|switch|p2a: Arceus|Arceus-Ground|100/100
|turn|6
|
|t:|1666182743
|-start|p2a: Arceus|Dynamax|
|-heal|p2a: Arceus|100/100|[silent]
|move|p2a: Arceus|Max Quake|p1a: Arceus
|-damage|p1a: Arceus|13/100
|-boost|p2a: Arceus|spd|1
|move|p1a: Arceus|Defog|p2a: Arceus
|-unboost|p2a: Arceus|evasion|1
|-sideend|p1: moyv123|Stealth Rock|[from] move: Defog|[of] p1a: Arceus
|
|upkeep
|turn|7
|
|t:|1666182754
|move|p1a: Arceus|Extreme Speed|p2a: Arceus
|-damage|p2a: Arceus|80/100
|move|p2a: Arceus|Max Hailstorm|p1a: Arceus
|-damage|p1a: Arceus|0 fnt
|-weather|Hail
|faint|p1a: Arceus
|
|-weather|Hail|[upkeep]
|-damage|p2a: Arceus|77/100|[from] Hail
|upkeep
|
|t:|1666182772
|switch|p1a: Lugia|Lugia|100/100
|turn|8
|
|t:|1666182778
|move|p2a: Arceus|Max Hailstorm|p1a: Lugia
|-supereffective|p1a: Lugia
|-damage|p1a: Lugia|81/100
|move|p1a: Lugia|Roost|p1a: Lugia
|-heal|p1a: Lugia|100/100
|-singleturn|p1a: Lugia|move: Roost
|
|-weather|Hail|[upkeep]
|-damage|p2a: Arceus|74/100|[from] Hail
|-damage|p1a: Lugia|94/100|[from] Hail
|upkeep
|-end|p2a: Arceus|Dynamax
|-heal|p2a: Arceus|74/100|[silent]
|turn|9
|
|t:|1666182802
|move|p2a: Arceus|Ice Beam|p1a: Lugia
|-supereffective|p1a: Lugia
|-damage|p1a: Lugia|66/100
|move|p1a: Lugia|Toxic|p2a: Arceus
|-status|p2a: Arceus|tox
|
|-weather|Hail|[upkeep]
|-damage|p2a: Arceus|68/100 tox|[from] Hail
|-damage|p1a: Lugia|60/100|[from] Hail
|-damage|p2a: Arceus|62/100 tox|[from] psn
|upkeep
|turn|10
|
|t:|1666182812
|move|p2a: Arceus|Refresh|p2a: Arceus
|-curestatus|p2a: Arceus|tox|[msg]
|move|p1a: Lugia|Roost|p1a: Lugia
|-heal|p1a: Lugia|100/100
|-singleturn|p1a: Lugia|move: Roost
|
|-weather|Hail|[upkeep]
|-damage|p2a: Arceus|56/100|[from] Hail
|-damage|p1a: Lugia|94/100|[from] Hail
|upkeep
|turn|11
|
|t:|1666182823
|move|p2a: Arceus|Recover|p2a: Arceus
|-heal|p2a: Arceus|100/100
|move|p1a: Lugia|Whirlwind|p2a: Arceus
|drag|p2a: Arceus|Arceus-Fairy|100/100
|
|-weather|none
|upkeep
|turn|12
|
|t:|1666182831
|move|p2a: Arceus|Judgment|p1a: Lugia
|-damage|p1a: Lugia|59/100
|move|p1a: Lugia|Thunder Wave|p2a: Arceus
|-status|p2a: Arceus|par
|
|upkeep
|turn|13
|
|t:|1666182840
|switch|p2a: Groudon|Groudon-Primal|16/100
|-weather|DesolateLand|[from] ability: Desolate Land|[of] p2a: Groudon
|move|p1a: Lugia|Roost|p1a: Lugia
|-heal|p1a: Lugia|100/100
|-singleturn|p1a: Lugia|move: Roost
|
|-weather|DesolateLand|[upkeep]
|upkeep
|turn|14
|
|t:|1666182849
|switch|p1a: Rayquaza|Rayquaza, shiny|100/100
|-ability|p1a: Rayquaza|Air Lock
|move|p2a: Groudon|Toxic|p1a: Rayquaza
|-status|p1a: Rayquaza|tox
|
|-weather|DesolateLand|[upkeep]
|-damage|p1a: Rayquaza|94/100 tox|[from] psn
|upkeep
|turn|15
|
|t:|1666182859
|detailschange|p1a: Rayquaza|Rayquaza-Mega, shiny
|-mega|p1a: Rayquaza|Rayquaza|
|-weather|DeltaStream|[from] ability: Delta Stream|[of] p1a: Rayquaza
|move|p1a: Rayquaza|Scale Shot|p2a: Groudon
|-damage|p2a: Groudon|2/100
|-damage|p2a: Groudon|0 fnt
|faint|p2a: Groudon
|-hitcount|p2: Groudon|2
|-unboost|p1a: Rayquaza|def|1
|-boost|p1a: Rayquaza|spe|1
|-damage|p1a: Rayquaza|84/100 tox|[from] item: Life Orb
|
|-weather|DeltaStream|[upkeep]
|-damage|p1a: Rayquaza|72/100 tox|[from] psn
|upkeep
|
|t:|1666182864
|switch|p2a: Arceus|Arceus-Fairy|100/100 par
|turn|16
|
|t:|1666182875
|move|p1a: Rayquaza|Dragon Ascent|p2a: Arceus
|-damage|p2a: Arceus|18/100 par
|-unboost|p1a: Rayquaza|def|1
|-unboost|p1a: Rayquaza|spd|1
|-damage|p1a: Rayquaza|62/100 tox|[from] item: Life Orb
|cant|p2a: Arceus|par
|
|-weather|DeltaStream|[upkeep]
|-damage|p1a: Rayquaza|44/100 tox|[from] psn
|upkeep
|turn|17
|c|☆funky8787|NOOOOOOOOOOOOO
|
|t:|1666182887
|move|p1a: Rayquaza|Dragon Ascent|p2a: Arceus
|-damage|p2a: Arceus|0 fnt
|-unboost|p1a: Rayquaza|def|1
|-unboost|p1a: Rayquaza|spd|1
|faint|p2a: Arceus
|-damage|p1a: Rayquaza|34/100 tox|[from] item: Life Orb
|
|-weather|DeltaStream|[upkeep]
|-damage|p1a: Rayquaza|10/100 tox|[from] psn
|upkeep
|
|t:|1666182891
|switch|p2a: Yveltal|Yveltal, shiny|100/100
|-ability|p2a: Yveltal|Dark Aura
|turn|18
|
|t:|1666182901
|move|p1a: Rayquaza|Extreme Speed|p2a: Yveltal
|-crit|p2a: Yveltal
|-damage|p2a: Yveltal|44/100
|-damage|p1a: Rayquaza|0 fnt|[from] item: Life Orb
|faint|p1a: Rayquaza
|-weather|none
|move|p2a: Yveltal|Sucker Punch|p1: Rayquaza|[notarget]
|-fail|p2a: Yveltal
|
|upkeep
|c|☆funky8787|and crit to top it off ofc
|
|t:|1666182912
|switch|p1a: Zacian|Zacian-Crowned, shiny|100/100
|-ability|p1a: Zacian|Intrepid Sword|boost
|-boost|p1a: Zacian|atk|1
|turn|19
|
|t:|1666182916
|switch|p2a: Arceus|Arceus-Ground|100/100
|move|p1a: Zacian|Behemoth Blade|p2a: Arceus
|-damage|p2a: Arceus|48/100
|
|upkeep
|turn|20
|
|t:|1666182923
|move|p1a: Zacian|Behemoth Blade|p2a: Arceus
|-damage|p2a: Arceus|0 fnt
|faint|p2a: Arceus
|
|upkeep
|-message|funky8787 forfeited.
|
|win|moyv123
|raw|moyv123's rating: 1725 &rarr; <strong>1744</strong><br />(+19 for winning)
|raw|funky8787's rating: 1714 &rarr; <strong>1695</strong><br />(-19 for losing)
|l|☆funky8787
