|j|☆kqlpqpq
|j|☆Adnan13
|t:|1666851805
|gametype|singles
|player|p1|kqlpqpq|101|1884
|player|p2|Adnan13|101|1976
|teamsize|p1|6
|teamsize|p2|6
|gen|8
|tier|[Gen 8] National Dex AG
|rated|
|rule|HP Percentage Mod: HP is shown in percentages
|rule|Endless Battle Clause: Forcing endless battles is banned
|clearpoke
|poke|p1|Rayquaza|
|poke|p1|Arceus-*|
|poke|p1|Necrozma-Dusk-Mane|
|poke|p1|Marshadow|
|poke|p1|Yveltal|
|poke|p1|Groudon|
|poke|p2|Calyrex-Shadow|
|poke|p2|Groudon|
|poke|p2|Yveltal|
|poke|p2|Ho-Oh|
|poke|p2|Rayquaza|
|poke|p2|Arceus-*|
|teampreview
|j| alteluse
|
|t:|1666851837
|start
|switch|p1a: Rayquaza|Rayquaza|100/100
|switch|p2a: Yveltal|Yveltal|100/100
|-ability|p1a: Rayquaza|Air Lock
|-ability|p2a: Yveltal|Dark Aura
|turn|1
|inactive|Battle timer is ON: inactive players will automatically lose when time's up. (requested by kqlpqpq)
|
|t:|1666851843
|detailschange|p1a: Rayquaza|Rayquaza-Mega
|-mega|p1a: Rayquaza|Rayquaza|
|-weather|DeltaStream|[from] ability: Delta Stream|[of] p1a: Rayquaza
|-start|p2a: Yveltal|Dynamax|
|-heal|p2a: Yveltal|100/100|[silent]
|move|p1a: Rayquaza|Dragon Ascent|p2a: Yveltal
|-damage|p2a: Yveltal|49/100
|-unboost|p1a: Rayquaza|def|1
|-unboost|p1a: Rayquaza|spd|1
|-damage|p1a: Rayquaza|91/100|[from] item: Life Orb
|move|p2a: Yveltal|Max Airstream|p1a: Rayquaza
|-damage|p1a: Rayquaza|0 fnt
|-boost|p2a: Yveltal|spe|1
|faint|p1a: Rayquaza
|-weather|none
|-damage|p2a: Yveltal|44/100|[from] item: Life Orb
|
|upkeep
|inactive|kqlpqpq has 120 seconds left.
|
|t:|1666851875
|switch|p1a: Arceus|Arceus-Fairy|100/100
|turn|2
|inactive|kqlpqpq has 120 seconds left.
|
|t:|1666851893
|-end|p2a: Yveltal|Dynamax
|-heal|p2a: Yveltal|44/100|[silent]
|switch|p2a: Ho-Oh|Ho-Oh|100/100
|move|p1a: Arceus|Judgment|p2a: Ho-Oh
|-resisted|p2a: Ho-Oh
|-damage|p2a: Ho-Oh|82/100
|
|upkeep
|turn|3
|inactive|kqlpqpq has 120 seconds left.
|
|t:|1666851902
|move|p1a: Arceus|Calm Mind|p1a: Arceus
|-boost|p1a: Arceus|spa|1
|-boost|p1a: Arceus|spd|1
|move|p2a: Ho-Oh|Toxic|p1a: Arceus
|-status|p1a: Arceus|tox
|
|-damage|p1a: Arceus|94/100 tox|[from] psn
|upkeep
|turn|4
|
|t:|1666851909
|move|p1a: Arceus|Ancient Power|p2a: Ho-Oh
|-supereffective|p2a: Ho-Oh
|-damage|p2a: Ho-Oh|16/100
|move|p2a: Ho-Oh|Sacred Fire|p1a: Arceus
|-damage|p1a: Arceus|63/100 tox
|
|-damage|p1a: Arceus|51/100 tox|[from] psn
|upkeep
|turn|5
|
|t:|1666851915
|switch|p2a: Arceus|Arceus-Fairy|100/100
|move|p1a: Arceus|Judgment|p2a: Arceus
|-damage|p2a: Arceus|51/100
|
|-damage|p1a: Arceus|33/100 tox|[from] psn
|upkeep
|turn|6
|
|t:|1666851921
|move|p1a: Arceus|Judgment|p2a: Arceus
|-damage|p2a: Arceus|5/100
|move|p2a: Arceus|Recover|p2a: Arceus
|-heal|p2a: Arceus|55/100
|
|-damage|p1a: Arceus|9/100 tox|[from] psn
|upkeep
|turn|7
|
|t:|1666851927
|move|p1a: Arceus|Judgment|p2a: Arceus
|-damage|p2a: Arceus|10/100
|move|p2a: Arceus|Recover|p2a: Arceus
|-heal|p2a: Arceus|60/100
|
|-damage|p1a: Arceus|0 fnt|[from] psn
|faint|p1a: Arceus
|upkeep
|
|t:|1666851942
|switch|p1a: Groudon|Groudon|100/100
|detailschange|p1a: Groudon|Groudon-Primal
|-primal|p1a: Groudon
|-weather|DesolateLand|[from] ability: Desolate Land|[of] p1a: Groudon
|turn|8
|
|t:|1666851948
|move|p2a: Arceus|Toxic|p1a: Groudon
|-status|p1a: Groudon|tox
|move|p1a: Groudon|Thunder Wave|p2a: Arceus
|-status|p2a: Arceus|par
|
|-weather|DesolateLand|[upkeep]
|-damage|p1a: Groudon|94/100 tox|[from] psn
|upkeep
|turn|9
|
|t:|1666851955
|move|p1a: Groudon|Stealth Rock|p2a: Arceus
|-sidestart|p2: Adnan13|move: Stealth Rock
|move|p2a: Arceus|Refresh|p2a: Arceus
|-curestatus|p2a: Arceus|par|[msg]
|
|-weather|DesolateLand|[upkeep]
|-damage|p1a: Groudon|82/100 tox|[from] psn
|upkeep
|turn|10
|
|t:|1666851962
|move|p2a: Arceus|Judgment|p1a: Groudon
|-resisted|p1a: Groudon
|-damage|p1a: Groudon|58/100 tox
|move|p1a: Groudon|Thunder Wave|p2a: Arceus
|-status|p2a: Arceus|par
|
|-weather|DesolateLand|[upkeep]
|-damage|p1a: Groudon|39/100 tox|[from] psn
|upkeep
|turn|11
|
|t:|1666851969
|move|p1a: Groudon|Fire Punch|p2a: Arceus
|-damage|p2a: Arceus|20/100 par
|move|p2a: Arceus|Refresh|p2a: Arceus
|-curestatus|p2a: Arceus|par|[msg]
|
|-weather|DesolateLand|[upkeep]
|-damage|p1a: Groudon|15/100 tox|[from] psn
|upkeep
|turn|12
|
|t:|1666851976
|move|p2a: Arceus|Recover|p2a: Arceus
|-heal|p2a: Arceus|70/100
|move|p1a: Groudon|Fire Punch|p2a: Arceus
|-damage|p2a: Arceus|31/100
|
|-weather|DesolateLand|[upkeep]
|-damage|p1a: Groudon|0 fnt|[from] psn
|faint|p1a: Groudon
|-weather|none
|upkeep
|
|t:|1666851982
|switch|p1a: Yveltal|Yveltal|100/100
|-ability|p1a: Yveltal|Dark Aura
|turn|13
|
|t:|1666851989
|-start|p1a: Yveltal|Dynamax|
|-heal|p1a: Yveltal|100/100|[silent]
|move|p1a: Yveltal|Max Airstream|p2a: Arceus
|-damage|p2a: Arceus|0 fnt
|-boost|p1a: Yveltal|spe|1
|faint|p2a: Arceus
|-damage|p1a: Yveltal|96/100|[from] item: Life Orb
|
|upkeep
|inactive|Adnan13 has 120 seconds left.
|
|t:|1666852026
|switch|p2a: Yveltal|Yveltal|44/100
|-damage|p2a: Yveltal|19/100|[from] Stealth Rock
|-ability|p2a: Yveltal|Dark Aura
|turn|14
|
|t:|1666852040
|move|p2a: Yveltal|Sucker Punch|p1a: Yveltal
|-resisted|p1a: Yveltal
|-damage|p1a: Yveltal|84/100
|-damage|p2a: Yveltal|9/100|[from] item: Life Orb
|move|p1a: Yveltal|Max Knuckle|p2a: Yveltal
|-damage|p2a: Yveltal|0 fnt
|-boost|p1a: Yveltal|atk|1
|faint|p2a: Yveltal
|-damage|p1a: Yveltal|79/100|[from] item: Life Orb
|
|upkeep
|inactive|Adnan13 has 120 seconds left.
|
|t:|1666852052
|switch|p2a: Ho-Oh|Ho-Oh|49/100
|turn|15
|
|t:|1666852057
|move|p1a: Yveltal|Max Darkness|p2a: Ho-Oh
|-damage|p2a: Ho-Oh|0 fnt
|faint|p2a: Ho-Oh
|-damage|p1a: Yveltal|74/100|[from] item: Life Orb
|
|upkeep
|
|t:|1666852059
|switch|p2a: Rayquaza|Rayquaza|100/100
|-damage|p2a: Rayquaza|75/100|[from] Stealth Rock
|-ability|p2a: Rayquaza|Air Lock
|-end|p1a: Yveltal|Dynamax
|-heal|p1a: Yveltal|74/100|[silent]
|turn|16
|
|t:|1666852072
|detailschange|p2a: Rayquaza|Rayquaza-Mega
|-mega|p2a: Rayquaza|Rayquaza|
|-weather|DeltaStream|[from] ability: Delta Stream|[of] p2a: Rayquaza
|move|p1a: Yveltal|Knock Off|p2a: Rayquaza
|-damage|p2a: Rayquaza|0 fnt
|-enditem|p2a: Rayquaza|Focus Sash|[from] move: Knock Off|[of] p1a: Yveltal
|faint|p2a: Rayquaza
|-weather|none
|-damage|p1a: Yveltal|64/100|[from] item: Life Orb
|
|upkeep
|
|t:|1666852078
|switch|p2a: Groudon|Groudon|100/100
|-damage|p2a: Groudon|94/100|[from] Stealth Rock
|detailschange|p2a: Groudon|Groudon-Primal
|-primal|p2a: Groudon
|-weather|DesolateLand|[from] ability: Desolate Land|[of] p2a: Groudon
|turn|17
|
|t:|1666852080
|move|p1a: Yveltal|Knock Off|p2a: Groudon
|-damage|p2a: Groudon|53/100
|-damage|p1a: Yveltal|54/100|[from] item: Life Orb
|move|p2a: Groudon|Overheat|p1a: Yveltal
|-damage|p1a: Yveltal|0 fnt
|-unboost|p2a: Groudon|spa|2
|faint|p1a: Yveltal
|
|-weather|DesolateLand|[upkeep]
|upkeep
|
|t:|1666852087
|switch|p1a: Necrozma|Necrozma-Dusk-Mane|100/100
|turn|18
|
|t:|1666852097
|-weather|none
|switch|p2a: Calyrex|Calyrex-Shadow|100/100
|-ability|p2a: Calyrex|As One
|-ability|p2a: Calyrex|Unnerve
|-damage|p2a: Calyrex|88/100|[from] Stealth Rock
|detailschange|p1a: Necrozma|Necrozma-Ultra
|-burst|p1a: Necrozma|Necrozma|Ultranecrozium Z
|move|p1a: Necrozma|Dragon Dance|p1a: Necrozma
|-boost|p1a: Necrozma|atk|1
|-boost|p1a: Necrozma|spe|1
|
|upkeep
|turn|19
|
|t:|1666852102
|-zpower|p1a: Necrozma
|move|p1a: Necrozma|Light That Burns the Sky|p2a: Calyrex|[zeffect]
|-resisted|p2a: Calyrex
|-damage|p2a: Calyrex|0 fnt
|faint|p2a: Calyrex
|
|upkeep
|-message|Adnan13 forfeited.
|
|win|kqlpqpq
|raw|kqlpqpq's rating: 1884 &rarr; <strong>1909</strong><br />(+25 for winning)
|raw|Adnan13's rating: 1976 &rarr; <strong>1951</strong><br />(-25 for losing)
|l|☆Adnan13
|l| alteluse
