|j|☆defame TV
|j|☆CLEAR GEM清瑜
|t:|1664718615
|gametype|singles
|player|p1|defame TV|hilbert-wonderlauncher|1801
|player|p2|CLEAR GEM清瑜|skierf|1803
|teamsize|p1|6
|teamsize|p2|6
|gen|8
|tier|[Gen 8] National Dex AG
|rated|
|rule|HP Percentage Mod: HP is shown in percentages
|rule|Endless Battle Clause: Forcing endless battles is banned
|clearpoke
|poke|p1|Excadrill, M|
|poke|p1|Rayquaza|
|poke|p1|Yveltal|
|poke|p1|Arceus-*|
|poke|p1|Marshadow|
|poke|p1|Regieleki|
|poke|p2|Rayquaza|
|poke|p2|Groudon|
|poke|p2|Necrozma-Dusk-Mane|
|poke|p2|Arceus-*|
|poke|p2|Zacian-*|
|poke|p2|Yveltal|
|teampreview
|inactive|Battle timer is ON: inactive players will automatically lose when time's up. (requested by CLEAR GEM清瑜)
|j| Splatdude431
|
|t:|1664718634
|start
|switch|p1a: Rayquaza|Rayquaza|100/100
|switch|p2a: 老烈|Rayquaza, shiny|100/100
|-ability|p1a: Rayquaza|Air Lock
|-ability|p2a: 老烈|Air Lock
|turn|1
|
|t:|1664718642
|detailschange|p1a: Rayquaza|Rayquaza-Mega
|-mega|p1a: Rayquaza|Rayquaza|
|-weather|DeltaStream|[from] ability: Delta Stream|[of] p1a: Rayquaza
|detailschange|p2a: 老烈|Rayquaza-Mega, shiny
|-mega|p2a: 老烈|Rayquaza|
|move|p1a: Rayquaza|Scale Shot|p2a: 老烈
|-supereffective|p2a: 老烈
|-damage|p2a: 老烈|72/100
|-supereffective|p2a: 老烈
|-damage|p2a: 老烈|42/100
|-hitcount|p2a: 老烈|2
|-unboost|p1a: Rayquaza|def|1
|-boost|p1a: Rayquaza|spe|1
|move|p2a: 老烈|Dragon Ascent|p1a: Rayquaza
|-enditem|p1a: Rayquaza|Focus Sash
|-damage|p1a: Rayquaza|1/100
|-unboost|p2a: 老烈|def|1
|-unboost|p2a: 老烈|spd|1
|
|-weather|DeltaStream|[upkeep]
|upkeep
|turn|2
|
|t:|1664718658
|move|p1a: Rayquaza|Extreme Speed|p2a: 老烈
|-damage|p2a: 老烈|0 fnt
|faint|p2a: 老烈
|
|-weather|DeltaStream|[upkeep]
|upkeep
|
|t:|1664718661
|switch|p2a: 嘉然小姐的狗|Zacian-Crowned|100/100
|-ability|p2a: 嘉然小姐的狗|Intrepid Sword|boost
|-boost|p2a: 嘉然小姐的狗|atk|1
|turn|3
|
|t:|1664718665
|move|p2a: 嘉然小姐的狗|Quick Attack|p1a: Rayquaza
|-damage|p1a: Rayquaza|0 fnt
|faint|p1a: Rayquaza
|-weather|none
|
|upkeep
|
|t:|1664718675
|switch|p1a: Excadrill|Excadrill, M, shiny|100/100
|-ability|p1a: Excadrill|Mold Breaker
|turn|4
|
|t:|1664718680
|move|p2a: 嘉然小姐的狗|Behemoth Blade|p1a: Excadrill
|-resisted|p1a: Excadrill
|-damage|p1a: Excadrill|35/100
|move|p1a: Excadrill|Earthquake|p2a: 嘉然小姐的狗
|-supereffective|p2a: 嘉然小姐的狗
|-damage|p2a: 嘉然小姐的狗|13/100
|
|upkeep
|turn|5
|
|t:|1664718688
|move|p2a: 嘉然小姐的狗|Behemoth Blade|p1a: Excadrill
|-resisted|p1a: Excadrill
|-damage|p1a: Excadrill|0 fnt
|faint|p1a: Excadrill
|
|upkeep
|
|t:|1664718693
|switch|p1a: Marshadow|Marshadow|100/100
|turn|6
|
|t:|1664718703
|move|p1a: Marshadow|Shadow Sneak|p2a: 嘉然小姐的狗
|-damage|p2a: 嘉然小姐的狗|0 fnt
|faint|p2a: 嘉然小姐的狗
|
|upkeep
|
|t:|1664718705
|switch|p2a: 不会(?)|Groudon|100/100
|detailschange|p2a: 不会(?)|Groudon-Primal
|-primal|p2a: 不会(?)
|-weather|DesolateLand|[from] ability: Desolate Land|[of] p2a: 不会(?)
|turn|7
|
|t:|1664718712
|move|p1a: Marshadow|Close Combat|p2a: 不会(?)
|-damage|p2a: 不会(?)|66/100
|-unboost|p1a: Marshadow|def|1
|-unboost|p1a: Marshadow|spd|1
|move|p2a: 不会(?)|Stealth Rock|p1a: Marshadow
|-sidestart|p1: defame TV|move: Stealth Rock
|
|-weather|DesolateLand|[upkeep]
|upkeep
|turn|8
|
|t:|1664718718
|move|p1a: Marshadow|Close Combat|p2a: 不会(?)
|-damage|p2a: 不会(?)|31/100
|-unboost|p1a: Marshadow|def|1
|-unboost|p1a: Marshadow|spd|1
|move|p2a: 不会(?)|Heat Crash|p1a: Marshadow
|-enditem|p1a: Marshadow|Focus Sash
|-damage|p1a: Marshadow|1/100
|
|-weather|DesolateLand|[upkeep]
|upkeep
|turn|9
|
|t:|1664718726
|move|p1a: Marshadow|Close Combat|p2a: 不会(?)
|-damage|p2a: 不会(?)|0 fnt
|-unboost|p1a: Marshadow|def|1
|-unboost|p1a: Marshadow|spd|1
|faint|p2a: 不会(?)
|-weather|none
|
|upkeep
|
|t:|1664718731
|switch|p2a: 悬空羊驼|Arceus-Flying|100/100
|turn|10
|
|t:|1664718735
|move|p1a: Marshadow|Rock Tomb|p2a: 悬空羊驼
|-supereffective|p2a: 悬空羊驼
|-damage|p2a: 悬空羊驼|60/100
|-unboost|p2a: 悬空羊驼|spe|1
|move|p2a: 悬空羊驼|Judgment|p1a: Marshadow
|-supereffective|p1a: Marshadow
|-damage|p1a: Marshadow|0 fnt
|faint|p1a: Marshadow
|
|upkeep
|
|t:|1664718744
|switch|p1a: Regieleki|Regieleki, shiny|100/100
|-damage|p1a: Regieleki|88/100|[from] Stealth Rock
|turn|11
|
|t:|1664718748
|-start|p1a: Regieleki|Dynamax|
|-heal|p1a: Regieleki|88/100|[silent]
|move|p1a: Regieleki|Max Lightning|p2a: 悬空羊驼
|-supereffective|p2a: 悬空羊驼
|-damage|p2a: 悬空羊驼|0 fnt
|-fieldstart|move: Electric Terrain
|faint|p2a: 悬空羊驼
|-damage|p1a: Regieleki|83/100|[from] item: Life Orb
|
|upkeep
|
|t:|1664718751
|switch|p2a: 钢铁之躯|Necrozma-Dusk-Mane|100/100
|turn|12
|
|t:|1664718758
|detailschange|p2a: 钢铁之躯|Necrozma-Ultra
|-burst|p2a: 钢铁之躯|Necrozma|Ultranecrozium Z
|move|p1a: Regieleki|Max Lightning|p2a: 钢铁之躯
|-resisted|p2a: 钢铁之躯
|-damage|p2a: 钢铁之躯|19/100
|-damage|p1a: Regieleki|78/100|[from] item: Life Orb
|move|p2a: 钢铁之躯|Earthquake|p1a: Regieleki
|-supereffective|p1a: Regieleki
|-damage|p1a: Regieleki|0 fnt
|faint|p1a: Regieleki
|
|upkeep
|j| armormew2
|
|t:|1664718770
|switch|p1a: Arceus|Arceus-Electric|100/100
|-damage|p1a: Arceus|88/100|[from] Stealth Rock
|turn|13
|
|t:|1664718777
|move|p1a: Arceus|Judgment|p2a: 钢铁之躯
|-resisted|p2a: 钢铁之躯
|-damage|p2a: 钢铁之躯|0 fnt
|faint|p2a: 钢铁之躯
|
|upkeep
|
|t:|1664718779
|switch|p2a: Y鸟|Yveltal|100/100
|-ability|p2a: Y鸟|Dark Aura
|turn|14
|
|t:|1664718785
|-start|p2a: Y鸟|Dynamax|
|-heal|p2a: Y鸟|100/100|[silent]
|move|p1a: Arceus|Judgment|p2a: Y鸟
|-supereffective|p2a: Y鸟
|-damage|p2a: Y鸟|28/100
|move|p2a: Y鸟|Max Airstream|p1a: Arceus
|-resisted|p1a: Arceus
|-damage|p1a: Arceus|50/100
|-boost|p2a: Y鸟|spe|1
|-damage|p2a: Y鸟|23/100|[from] item: Life Orb
|
|upkeep
|turn|15
|
|t:|1664718798
|move|p2a: Y鸟|Max Darkness|p1a: Arceus
|-damage|p1a: Arceus|0 fnt
|faint|p1a: Arceus
|-damage|p2a: Y鸟|18/100|[from] item: Life Orb
|
|-fieldend|move: Electric Terrain
|upkeep
|
|t:|1664718805
|switch|p1a: Yveltal|Yveltal, shiny|100/100
|-damage|p1a: Yveltal|76/100|[from] Stealth Rock
|-ability|p1a: Yveltal|Dark Aura
|turn|16
|
|t:|1664718812
|move|p2a: Y鸟|Max Airstream|p1a: Yveltal
|-damage|p1a: Yveltal|0 fnt
|-boost|p2a: Y鸟|spe|1
|faint|p1a: Yveltal
|-damage|p2a: Y鸟|13/100|[from] item: Life Orb
|
|win|CLEAR GEM清瑜
|raw|defame TV's rating: 1801 &rarr; <strong>1781</strong><br />(-20 for losing)
|raw|CLEAR GEM清瑜's rating: 1803 &rarr; <strong>1823</strong><br />(+20 for winning)
|l|☆defame TV
|l| armormew2
|l| Splatdude431
||Ladder isn't responding, score probably updated but might not have (Request timeout).
