|j|☆Alkir
|j|☆LinktheAnnihilator
|t:|1611061489
|player|p1|Alkir|grimsley|1641
|player|p2|LinktheAnnihilator|n|1605
|teamsize|p1|6
|teamsize|p2|6
|gametype|singles
|gen|8
|tier|[Gen 8] National Dex AG
|rated|
|clearpoke
|poke|p1|Zacian-Crowned|
|poke|p1|Xerneas|
|poke|p1|Groudon|
|poke|p1|Rayquaza|
|poke|p1|Lugia|
|poke|p1|Marshadow|
|poke|p2|Groudon|
|poke|p2|Zacian-Crowned|
|poke|p2|Necrozma-Dusk-Mane|
|poke|p2|Arceus-*|
|poke|p2|Yveltal|
|poke|p2|Calyrex-Shadow|
|rule|HP Percentage Mod: HP is shown in percentages
|rule|Endless Battle Clause: Forcing endless battles is banned
|teampreview
|inactive|Battle timer is ON: inactive players will automatically lose when time's up. (requested by LinktheAnnihilator)
|
|t:|1611061494
|start
|switch|p1a: Groudon|Groudon, shiny|100/100
|switch|p2a: not ur lion|Necrozma-Dusk-Mane|100/100
|detailschange|p1a: Groudon|Groudon-Primal, shiny
|-primal|p1a: Groudon
|-weather|DesolateLand|[from] ability: Desolate Land|[of] p1a: Groudon
|turn|1
|
|t:|1611061503
|move|p1a: Groudon|Stealth Rock|p2a: not ur lion
|-sidestart|p2: LinktheAnnihilator|move: Stealth Rock
|move|p2a: not ur lion|Stealth Rock|p1a: Groudon
|-sidestart|p1: Alkir|move: Stealth Rock
|
|-weather|DesolateLand|[upkeep]
|upkeep
|turn|2
|
|t:|1611061512
|move|p1a: Groudon|Precipice Blades|p2a: not ur lion
|-supereffective|p2a: not ur lion
|-damage|p2a: not ur lion|44/100
|move|p2a: not ur lion|Earthquake|p1a: Groudon
|-supereffective|p1a: Groudon
|-damage|p1a: Groudon|64/100
|
|-weather|DesolateLand|[upkeep]
|upkeep
|turn|3
|
|t:|1611061524
|switch|p2a: ...|Yveltal, shiny|100/100
|-ability|p2a: ...|Dark Aura
|move|p1a: Groudon|Precipice Blades|p2a: ...
|-immune|p2a: ...
|
|-weather|DesolateLand|[upkeep]
|upkeep
|turn|4
|inactive|LinktheAnnihilator has 120 seconds left.
|
|t:|1611061570
|move|p2a: ...|Foul Play|p1a: Groudon
|-damage|p1a: Groudon|22/100
|move|p1a: Groudon|Stone Edge|p2a: ...
|-supereffective|p2a: ...
|-crit|p2a: ...
|-damage|p2a: ...|14/100
|
|-weather|DesolateLand|[upkeep]
|upkeep
|turn|5
|c|☆LinktheAnnihilator|...
|c|☆LinktheAnnihilator|crit
|inactive|Alkir has 120 seconds left.
|
|t:|1611061603
|move|p2a: ...|Roost|p2a: ...
|-heal|p2a: ...|64/100
|-singleturn|p2a: ...|move: Roost
|move|p1a: Groudon|Stone Edge|p2a: ...
|-damage|p2a: ...|32/100
|
|-weather|DesolateLand|[upkeep]
|upkeep
|turn|6
|inactive|LinktheAnnihilator has 120 seconds left.
|
|t:|1611061625
|move|p2a: ...|Roost|p2a: ...
|-heal|p2a: ...|82/100
|-singleturn|p2a: ...|move: Roost
|move|p1a: Groudon|Precipice Blades|p2a: ...
|-damage|p2a: ...|25/100
|
|-weather|DesolateLand|[upkeep]
|upkeep
|turn|7
|
|t:|1611061632
|move|p2a: ...|Foul Play|p1a: Groudon
|-damage|p1a: Groudon|0 fnt
|faint|p1a: Groudon
|-weather|none
|
|upkeep
|
|t:|1611061637
|switch|p1a: Rayquaza|Rayquaza|100/100
|-damage|p1a: Rayquaza|76/100|[from] Stealth Rock
|-ability|p1a: Rayquaza|Air Lock
|turn|8
|inactive|LinktheAnnihilator has 120 seconds left.
|
|t:|1611061652
|detailschange|p1a: Rayquaza|Rayquaza-Mega
|-mega|p1a: Rayquaza|Rayquaza|
|-weather|DeltaStream|[from] ability: Delta Stream|[of] p1a: Rayquaza
|move|p2a: ...|Sucker Punch|p1a: Rayquaza
|-damage|p1a: Rayquaza|37/100
|move|p1a: Rayquaza|V-create|p2a: ...
|-damage|p2a: ...|0 fnt
|-unboost|p1a: Rayquaza|spe|1
|-unboost|p1a: Rayquaza|def|1
|-unboost|p1a: Rayquaza|spd|1
|faint|p2a: ...
|
|-weather|DeltaStream|[upkeep]
|upkeep
|inactive|LinktheAnnihilator has 120 seconds left.
|
|t:|1611061667
|switch|p2a: not ur pet ogre|Groudon, shiny|100/100
|-damage|p2a: not ur pet ogre|94/100|[from] Stealth Rock
|detailschange|p2a: not ur pet ogre|Groudon-Primal, shiny
|-primal|p2a: not ur pet ogre
|-weather|DesolateLand|[from] ability: Desolate Land|[of] p2a: not ur pet ogre
|turn|9
|
|t:|1611061671
|switch|p1a: Lugia|Lugia|100/100
|move|p2a: not ur pet ogre|Rock Polish|p2a: not ur pet ogre
|-boost|p2a: not ur pet ogre|spe|2
|
|-weather|DesolateLand|[upkeep]
|upkeep
|turn|10
|
|t:|1611061676
|move|p2a: not ur pet ogre|Stone Edge|p1a: Lugia
|-supereffective|p1a: Lugia
|-damage|p1a: Lugia|76/100
|move|p1a: Lugia|Defog|p2a: not ur pet ogre
|-unboost|p2a: not ur pet ogre|evasion|1
|-sideend|p2: LinktheAnnihilator|Stealth Rock|[from] move: Defog|[of] p1a: Lugia
|-sideend|p1: Alkir|Stealth Rock|[from] move: Defog|[of] p1a: Lugia
|
|-weather|DesolateLand|[upkeep]
|upkeep
|turn|11
|
|t:|1611061700
|-weather|none
|switch|p2a: not ur lion|Necrozma-Dusk-Mane|44/100
|move|p1a: Lugia|Toxic|p2a: not ur lion
|-immune|p2a: not ur lion
|
|upkeep
|turn|12
|
|t:|1611061703
|move|p1a: Lugia|Thunder Wave|p2a: not ur lion
|-status|p2a: not ur lion|par
|move|p2a: not ur lion|Morning Sun|p2a: not ur lion
|-heal|p2a: not ur lion|94/100 par
|
|upkeep
|turn|13
|
|t:|1611061709
|move|p1a: Lugia|Roost|p1a: Lugia
|-heal|p1a: Lugia|100/100
|-singleturn|p1a: Lugia|move: Roost
|move|p2a: not ur lion|Knock Off|p1a: Lugia
|-supereffective|p1a: Lugia
|-damage|p1a: Lugia|83/100
|-enditem|p1a: Lugia|Heavy-Duty Boots|[from] move: Knock Off|[of] p2a: not ur lion
|
|upkeep
|turn|14
|
|t:|1611061711
|move|p1a: Lugia|Roost|p1a: Lugia
|-heal|p1a: Lugia|100/100
|-singleturn|p1a: Lugia|move: Roost
|move|p2a: not ur lion|Stealth Rock|p1a: Lugia
|-sidestart|p1: Alkir|move: Stealth Rock
|
|upkeep
|turn|15
|
|t:|1611061716
|move|p1a: Lugia|Defog|p2a: not ur lion
|-unboost|p2a: not ur lion|evasion|1
|-sideend|p1: Alkir|Stealth Rock|[from] move: Defog|[of] p1a: Lugia
|move|p2a: not ur lion|Knock Off|p1a: Lugia
|-supereffective|p1a: Lugia
|-damage|p1a: Lugia|89/100
|
|upkeep
|turn|16
|
|t:|1611061721
|move|p1a: Lugia|Roost|p1a: Lugia
|-heal|p1a: Lugia|100/100
|-singleturn|p1a: Lugia|move: Roost
|move|p2a: not ur lion|Stealth Rock|p1a: Lugia
|-sidestart|p1: Alkir|move: Stealth Rock
|
|upkeep
|turn|17
|
|t:|1611061724
|move|p1a: Lugia|Defog|p2a: not ur lion
|-unboost|p2a: not ur lion|evasion|1
|-sideend|p1: Alkir|Stealth Rock|[from] move: Defog|[of] p1a: Lugia
|move|p2a: not ur lion|Knock Off|p1a: Lugia
|-supereffective|p1a: Lugia
|-damage|p1a: Lugia|90/100
|
|upkeep
|turn|18
|
|t:|1611061728
|move|p1a: Lugia|Roost|p1a: Lugia
|-heal|p1a: Lugia|100/100
|-singleturn|p1a: Lugia|move: Roost
|move|p2a: not ur lion|Stealth Rock|p1a: Lugia
|-sidestart|p1: Alkir|move: Stealth Rock
|
|upkeep
|turn|19
|
|t:|1611061730
|move|p1a: Lugia|Defog|p2a: not ur lion
|-unboost|p2a: not ur lion|evasion|1
|-sideend|p1: Alkir|Stealth Rock|[from] move: Defog|[of] p1a: Lugia
|cant|p2a: not ur lion|par
|
|upkeep
|turn|20
|
|t:|1611061737
|switch|p1a: Rayquaza|Rayquaza-Mega|37/100
|-weather|DeltaStream|[from] ability: Delta Stream|[of] p1a: Rayquaza
|move|p2a: not ur lion|Knock Off|p1a: Rayquaza
|-damage|p1a: Rayquaza|8/100
|-enditem|p1a: Rayquaza|Choice Scarf|[from] move: Knock Off|[of] p2a: not ur lion
|
|-weather|DeltaStream|[upkeep]
|upkeep
|turn|21
|
|t:|1611061742
|move|p1a: Rayquaza|V-create|p2a: not ur lion
|-supereffective|p2a: not ur lion
|-damage|p2a: not ur lion|34/100 par
|-unboost|p1a: Rayquaza|spe|1
|-unboost|p1a: Rayquaza|def|1
|-unboost|p1a: Rayquaza|spd|1
|-damage|p1a: Rayquaza|0 fnt|[from] item: Rocky Helmet|[of] p2a: not ur lion
|faint|p1a: Rayquaza
|-weather|none
|move|p2a: not ur lion|Morning Sun|p2a: not ur lion
|-heal|p2a: not ur lion|84/100 par
|
|upkeep
|
|t:|1611061746
|switch|p1a: Zacian|Zacian-Crowned|100/100
|-ability|p1a: Zacian|Intrepid Sword|boost
|-boost|p1a: Zacian|atk|1
|turn|22
|
|t:|1611061759
|switch|p1a: Marshadow|Marshadow|100/100
|move|p2a: not ur lion|Earthquake|p1a: Marshadow
|-damage|p1a: Marshadow|58/100
|
|upkeep
|turn|23
|
|t:|1611061767
|move|p1a: Marshadow|Spectral Thief|p2a: not ur lion
|-supereffective|p2a: not ur lion
|-damage|p2a: not ur lion|45/100 par
|-damage|p1a: Marshadow|42/100|[from] item: Rocky Helmet|[of] p2a: not ur lion
|move|p2a: not ur lion|Morning Sun|p2a: not ur lion
|-heal|p2a: not ur lion|95/100 par
|
|upkeep
|turn|24
|
|t:|1611061782
|move|p1a: Marshadow|Bulk Up|p1a: Marshadow
|-boost|p1a: Marshadow|atk|1
|-boost|p1a: Marshadow|def|1
|move|p2a: not ur lion|Knock Off|p1a: Marshadow
|-damage|p1a: Marshadow|12/100
|-enditem|p1a: Marshadow|Focus Sash|[from] move: Knock Off|[of] p2a: not ur lion
|
|upkeep
|turn|25
|
|t:|1611061807
|-start|p1a: Marshadow|Dynamax
|-heal|p1a: Marshadow|12/100|[silent]
|move|p1a: Marshadow|Max Phantasm|p2a: not ur lion
|-supereffective|p2a: not ur lion
|-damage|p2a: not ur lion|10/100 par
|-unboost|p2a: not ur lion|def|1
|cant|p2a: not ur lion|par
|
|upkeep
|turn|26
|c|☆LinktheAnnihilator|LMFAO
|c|☆LinktheAnnihilator|ggs bro
|inactive|LinktheAnnihilator has 120 seconds left.
|
|t:|1611061824
|switch|p2a: not god|Arceus-Dark|100/100
|move|p1a: Marshadow|Max Knuckle|p2a: not god
|-supereffective|p2a: not god
|-damage|p2a: not god|29/100
|-boost|p1a: Marshadow|atk|1
|
|upkeep
|turn|27
|
|t:|1611061831
|move|p1a: Marshadow|Max Knuckle|p2a: not god
|-supereffective|p2a: not god
|-damage|p2a: not god|0 fnt
|-boost|p1a: Marshadow|atk|1
|faint|p2a: not god
|
|-end|p1a: Marshadow|Dynamax
|-heal|p1a: Marshadow|12/100|[silent]
|upkeep
|
|t:|1611061840
|switch|p2a: not ur dog|Zacian-Crowned|100/100
|-ability|p2a: not ur dog|Intrepid Sword|boost
|-boost|p2a: not ur dog|atk|1
|turn|28
|
|t:|1611061846
|move|p1a: Marshadow|Shadow Sneak|p2a: not ur dog
|-damage|p2a: not ur dog|27/100
|move|p2a: not ur dog|Behemoth Blade|p1a: Marshadow
|-damage|p1a: Marshadow|0 fnt
|faint|p1a: Marshadow
|
|upkeep
|c|☆LinktheAnnihilator|ouch
|
|t:|1611061854
|switch|p1a: Zacian|Zacian-Crowned|100/100
|-ability|p1a: Zacian|Intrepid Sword|boost
|-boost|p1a: Zacian|atk|1
|turn|29
|c|☆LinktheAnnihilator|imagine speedtie
|
|t:|1611061866
|move|p2a: not ur dog|Behemoth Blade|p1a: Zacian
|-damage|p1a: Zacian|6/100
|move|p1a: Zacian|Behemoth Blade|p2a: not ur dog
|-damage|p2a: not ur dog|0 fnt
|faint|p2a: not ur dog
|
|upkeep
|c|☆LinktheAnnihilator|dam ok
|
|t:|1611061871
|switch|p2a: not ur mum|Calyrex-Shadow|100/100
|-ability|p2a: not ur mum|As One
|-ability|p2a: not ur mum|Unnerve|p1: Alkir
|turn|30
|
|t:|1611061880
|move|p2a: not ur mum|Astral Barrage|p1a: Zacian
|-damage|p1a: Zacian|0 fnt
|faint|p1a: Zacian
|-ability|p2a: not ur mum|Grim Neigh|boost
|-boost|p2a: not ur mum|spa|1
|
|upkeep
|
|t:|1611061881
|switch|p1a: Xerneas|Xerneas|100/100
|-ability|p1a: Xerneas|Fairy Aura
|turn|31
|
|t:|1611061886
|move|p2a: not ur mum|Astral Barrage|p1a: Xerneas
|-damage|p1a: Xerneas|10/100
|move|p1a: Xerneas|Geomancy||[still]
|-prepare|p1a: Xerneas|Geomancy
|-enditem|p1a: Xerneas|Power Herb
|-anim|p1a: Xerneas|Geomancy|p1a: Xerneas
|-boost|p1a: Xerneas|spa|2
|-boost|p1a: Xerneas|spd|2
|-boost|p1a: Xerneas|spe|2
|
|upkeep
|turn|32
|
|t:|1611061889
|move|p2a: not ur mum|Astral Barrage|p1a: Xerneas
|-damage|p1a: Xerneas|0 fnt
|faint|p1a: Xerneas
|-ability|p2a: not ur mum|Grim Neigh|boost
|-boost|p2a: not ur mum|spa|1
|
|upkeep
|c|☆LinktheAnnihilator|ggs
|
|t:|1611061893
|switch|p1a: Lugia|Lugia|100/100
|turn|33
|
|t:|1611061898
|move|p2a: not ur mum|Astral Barrage|p1a: Lugia
|-supereffective|p1a: Lugia
|-damage|p1a: Lugia|18/100
|move|p1a: Lugia|Toxic|p2a: not ur mum
|-status|p2a: not ur mum|tox
|
|-damage|p2a: not ur mum|94/100 tox|[from] psn
|upkeep
|turn|34
|
|t:|1611061900
|move|p2a: not ur mum|Astral Barrage|p1a: Lugia
|-supereffective|p1a: Lugia
|-damage|p1a: Lugia|0 fnt
|faint|p1a: Lugia
|
|win|LinktheAnnihilator
|l|☆Alkir
|raw|Alkir's rating: 1641 &rarr; <strong>1619</strong><br />(-22 for losing)
|raw|LinktheAnnihilator's rating: 1605 &rarr; <strong>1627</strong><br />(+22 for winning)
