|j|☆Lotus Bigus
|j|☆Schweppess
|t:|1653254523
|gametype|singles
|player|p1|Lotus Bigus|pokemonranger-gen4|1393
|player|p2|Schweppess|gambler|1502
|teamsize|p1|6
|teamsize|p2|6
|gen|8
|tier|[Gen 8] National Dex AG
|rated|
|rule|HP Percentage Mod: HP is shown in percentages
|rule|Endless Battle Clause: Forcing endless battles is banned
|clearpoke
|poke|p1|Zacian-*|
|poke|p1|Rayquaza|
|poke|p1|Groudon|
|poke|p1|Kyogre|
|poke|p1|Calyrex-Shadow|
|poke|p1|Arceus-*|
|poke|p2|Kyogre|
|poke|p2|Groudon|
|poke|p2|Rayquaza|
|poke|p2|Palkia|
|poke|p2|Dialga|
|poke|p2|Giratina|
|teampreview
|inactive|Battle timer is ON: inactive players will automatically lose when time's up. (requested by Schweppess)
|inactive|Schweppess has 120 seconds left.
|
|t:|1653254579
|start
|switch|p1a: Zacian|Zacian-Crowned|100/100
|switch|p2a: Groudon|Groudon|100/100
|-ability|p1a: Zacian|Intrepid Sword|boost
|-boost|p1a: Zacian|atk|1
|detailschange|p2a: Groudon|Groudon-Primal
|-primal|p2a: Groudon
|-weather|DesolateLand|[from] ability: Desolate Land|[of] p2a: Groudon
|turn|1
|
|t:|1653254584
|switch|p1a: Rayquaza|Rayquaza|100/100
|-ability|p1a: Rayquaza|Air Lock
|move|p2a: Groudon|Stealth Rock|p1a: Rayquaza
|-sidestart|p1: Lotus Bigus|move: Stealth Rock
|
|-weather|DesolateLand|[upkeep]
|upkeep
|turn|2
|
|t:|1653254597
|-weather|none
|switch|p2a: Dialga|Dialga|100/100
|-ability|p2a: Dialga|Pressure
|detailschange|p1a: Rayquaza|Rayquaza-Mega
|-mega|p1a: Rayquaza|Rayquaza|
|-weather|DeltaStream|[from] ability: Delta Stream|[of] p1a: Rayquaza
|move|p1a: Rayquaza|Dragon Claw|p2a: Dialga
|-damage|p2a: Dialga|54/100
|
|-weather|DeltaStream|[upkeep]
|upkeep
|turn|3
|
|t:|1653254607
|move|p1a: Rayquaza|Dragon Claw|p2a: Dialga
|-damage|p2a: Dialga|10/100
|move|p2a: Dialga|Ice Beam|p1a: Rayquaza
|-activate||deltastream
|-supereffective|p1a: Rayquaza
|-damage|p1a: Rayquaza|38/100
|
|-weather|DeltaStream|[upkeep]
|upkeep
|turn|4
|inactive|Schweppess has 120 seconds left.
|inactive|Schweppess has 90 seconds left.
|
|t:|1653254673
|move|p1a: Rayquaza|Dragon Claw|p2a: Dialga
|-damage|p2a: Dialga|0 fnt
|faint|p2a: Dialga
|
|-weather|DeltaStream|[upkeep]
|upkeep
|
|t:|1653254687
|switch|p2a: Giratina|Giratina|100/100
|-ability|p2a: Giratina|Pressure
|turn|5
|
|t:|1653254690
|move|p1a: Rayquaza|Dragon Claw|p2a: Giratina
|-supereffective|p2a: Giratina
|-crit|p2a: Giratina
|-damage|p2a: Giratina|37/100
|move|p2a: Giratina|Will-O-Wisp|p1a: Rayquaza
|-status|p1a: Rayquaza|brn
|
|-weather|DeltaStream|[upkeep]
|-heal|p2a: Giratina|43/100|[from] item: Leftovers
|-damage|p1a: Rayquaza|32/100 brn|[from] brn
|upkeep
|turn|6
|inactive|Schweppess has 90 seconds left.
|
|t:|1653254701
|move|p1a: Rayquaza|Dragon Claw|p2a: Giratina
|-supereffective|p2a: Giratina
|-damage|p2a: Giratina|18/100
|move|p2a: Giratina|Rest|p2a: Giratina
|-status|p2a: Giratina|slp|[from] move: Rest
|-heal|p2a: Giratina|100/100 slp|[silent]
|
|-weather|DeltaStream|[upkeep]
|-damage|p1a: Rayquaza|25/100 brn|[from] brn
|upkeep
|turn|7
|inactive|Schweppess has 90 seconds left.
|
|t:|1653254726
|move|p1a: Rayquaza|Dragon Ascent|p2a: Giratina
|-damage|p2a: Giratina|83/100 slp
|-unboost|p1a: Rayquaza|def|1
|-unboost|p1a: Rayquaza|spd|1
|-enditem|p1a: Rayquaza|White Herb
|-clearnegativeboost|p1a: Rayquaza|[silent]
|cant|p2a: Giratina|slp
|
|-weather|DeltaStream|[upkeep]
|-heal|p2a: Giratina|89/100 slp|[from] item: Leftovers
|-damage|p1a: Rayquaza|19/100 brn|[from] brn
|upkeep
|turn|8
|
|t:|1653254731
|-weather|none
|switch|p1a: Zacian|Zacian-Crowned|100/100
|-damage|p1a: Zacian|94/100|[from] Stealth Rock
|-ability|p1a: Zacian|Intrepid Sword|boost
|-boost|p1a: Zacian|atk|1
|cant|p2a: Giratina|slp
|
|-heal|p2a: Giratina|96/100 slp|[from] item: Leftovers
|upkeep
|turn|9
|
|t:|1653254735
|move|p1a: Zacian|Substitute|p1a: Zacian
|-start|p1a: Zacian|Substitute
|-damage|p1a: Zacian|70/100
|-curestatus|p2a: Giratina|slp|[msg]
|move|p2a: Giratina|Will-O-Wisp|p1a: Zacian|[miss]
|-miss|p2a: Giratina|p1a: Zacian
|
|-heal|p2a: Giratina|100/100|[from] item: Leftovers
|upkeep
|turn|10
|
|t:|1653254740
|switch|p2a: Groudon|Groudon-Primal|100/100
|-weather|DesolateLand|[from] ability: Desolate Land|[of] p2a: Groudon
|move|p1a: Zacian|Play Rough|p2a: Groudon
|-resisted|p2a: Groudon
|-damage|p2a: Groudon|78/100
|
|-weather|DesolateLand|[upkeep]
|upkeep
|turn|11
|
|t:|1653254745
|move|p1a: Zacian|Sacred Sword|p2a: Groudon
|-damage|p2a: Groudon|48/100
|move|p2a: Groudon|Precipice Blades|p1a: Zacian
|-supereffective|p1a: Zacian
|-end|p1a: Zacian|Substitute
|
|-weather|DesolateLand|[upkeep]
|upkeep
|turn|12
|inactive|Schweppess has 120 seconds left.
|
|t:|1653254752
|switch|p1a: Rayquaza|Rayquaza-Mega|19/100 brn
|-damage|p1a: Rayquaza|0 fnt|[from] Stealth Rock
|faint|p1a: Rayquaza
|move|p2a: Groudon|Rock Tomb|p1: Rayquaza|[notarget]
|-fail|p2a: Groudon
|
|-weather|DesolateLand|[upkeep]
|upkeep
|
|t:|1653254759
|switch|p1a: Calyrex|Calyrex-Shadow|100/100
|-ability|p1a: Calyrex|As One
|-ability|p1a: Calyrex|Unnerve
|-damage|p1a: Calyrex|88/100|[from] Stealth Rock
|turn|13
|
|t:|1653254762
|move|p1a: Calyrex|Astral Barrage|p2a: Groudon
|-damage|p2a: Groudon|0 fnt
|faint|p2a: Groudon
|-weather|none
|-ability|p1a: Calyrex|Grim Neigh|boost
|-boost|p1a: Calyrex|spa|1
|
|upkeep
|
|t:|1653254773
|switch|p2a: Rayquaza|Rayquaza, shiny|100/100
|-ability|p2a: Rayquaza|Air Lock
|turn|14
|
|t:|1653254776
|detailschange|p2a: Rayquaza|Rayquaza-Mega, shiny
|-mega|p2a: Rayquaza|Rayquaza|
|-weather|DeltaStream|[from] ability: Delta Stream|[of] p2a: Rayquaza
|move|p1a: Calyrex|Astral Barrage|p2a: Rayquaza
|-enditem|p2a: Rayquaza|Focus Sash
|-damage|p2a: Rayquaza|1/100
|move|p2a: Rayquaza|Dragon Dance|p2a: Rayquaza
|-boost|p2a: Rayquaza|atk|1
|-boost|p2a: Rayquaza|spe|1
|
|-weather|DeltaStream|[upkeep]
|upkeep
|turn|15
|
|t:|1653254787
|move|p2a: Rayquaza|Dragon Ascent|p1a: Calyrex
|-damage|p1a: Calyrex|0 fnt
|-unboost|p2a: Rayquaza|def|1
|-unboost|p2a: Rayquaza|spd|1
|faint|p1a: Calyrex
|
|-weather|DeltaStream|[upkeep]
|upkeep
|
|t:|1653254791
|switch|p1a: Arceus|Arceus|100/100
|-damage|p1a: Arceus|88/100|[from] Stealth Rock
|turn|16
|
|t:|1653254794
|move|p2a: Rayquaza|Extreme Speed|p1a: Arceus
|-damage|p1a: Arceus|51/100
|move|p1a: Arceus|Extreme Speed|p2a: Rayquaza
|-damage|p2a: Rayquaza|0 fnt
|faint|p2a: Rayquaza
|-weather|none
|
|upkeep
|
|t:|1653254807
|switch|p2a: Giratina|Giratina|100/100
|-ability|p2a: Giratina|Pressure
|turn|17
|
|t:|1653254809
|switch|p1a: Groudon|Groudon|100/100
|-damage|p1a: Groudon|94/100|[from] Stealth Rock
|detailschange|p1a: Groudon|Groudon-Primal
|-primal|p1a: Groudon
|-weather|DesolateLand|[from] ability: Desolate Land|[of] p1a: Groudon
|move|p2a: Giratina|Will-O-Wisp|p1a: Groudon
|-immune|p1a: Groudon
|
|-weather|DesolateLand|[upkeep]
|upkeep
|turn|18
|
|t:|1653254817
|move|p1a: Groudon|Earthquake|p2a: Giratina
|-damage|p2a: Giratina|71/100
|move|p2a: Giratina|Toxic|p1a: Groudon
|-status|p1a: Groudon|tox
|
|-weather|DesolateLand|[upkeep]
|-heal|p2a: Giratina|77/100|[from] item: Leftovers
|-damage|p1a: Groudon|88/100 tox|[from] psn
|upkeep
|turn|19
|
|t:|1653254823
|move|p1a: Groudon|Rock Polish|p1a: Groudon
|-boost|p1a: Groudon|spe|2
|move|p2a: Giratina|Rest|p2a: Giratina
|-status|p2a: Giratina|slp|[from] move: Rest
|-heal|p2a: Giratina|100/100 slp|[silent]
|
|-weather|DesolateLand|[upkeep]
|-damage|p1a: Groudon|76/100 tox|[from] psn
|upkeep
|turn|20
|
|t:|1653254828
|move|p1a: Groudon|Swords Dance|p1a: Groudon
|-boost|p1a: Groudon|atk|2
|cant|p2a: Giratina|slp
|
|-weather|DesolateLand|[upkeep]
|-damage|p1a: Groudon|58/100 tox|[from] psn
|upkeep
|turn|21
|
|t:|1653254833
|move|p1a: Groudon|Swords Dance|p1a: Groudon
|-boost|p1a: Groudon|atk|2
|cant|p2a: Giratina|slp
|
|-weather|DesolateLand|[upkeep]
|-damage|p1a: Groudon|33/100 tox|[from] psn
|upkeep
|turn|22
|
|t:|1653254839
|move|p1a: Groudon|Earthquake|p2a: Giratina
|-damage|p2a: Giratina|0 fnt
|faint|p2a: Giratina
|
|-weather|DesolateLand|[upkeep]
|-damage|p1a: Groudon|2/100 tox|[from] psn
|upkeep
|
|t:|1653254844
|switch|p2a: Kyogre|Kyogre|100/100
|-ability|p2a: Kyogre|Drizzle|[from] desolateland|[fail]
|turn|23
|
|t:|1653254861
|move|p1a: Groudon|Earthquake|p2a: Kyogre
|-damage|p2a: Kyogre|0 fnt
|faint|p2a: Kyogre
|
|-weather|DesolateLand|[upkeep]
|-damage|p1a: Groudon|0 fnt|[from] psn
|faint|p1a: Groudon
|-weather|none
|upkeep
|
|t:|1653254866
|switch|p2a: Palkia|Palkia|100/100
|switch|p1a: Zacian|Zacian-Crowned|70/100
|-damage|p1a: Zacian|64/100|[from] Stealth Rock
|-ability|p1a: Zacian|Intrepid Sword|boost
|-boost|p1a: Zacian|atk|1
|-ability|p2a: Palkia|Pressure
|turn|24
|
|t:|1653254871
|-start|p2a: Palkia|Dynamax|
|-heal|p2a: Palkia|100/100|[silent]
|move|p1a: Zacian|Play Rough|p2a: Palkia
|-supereffective|p2a: Palkia
|-damage|p2a: Palkia|18/100
|move|p2a: Palkia|Max Flare|p1a: Zacian
|-supereffective|p1a: Zacian
|-damage|p1a: Zacian|0 fnt
|-weather|SunnyDay
|faint|p1a: Zacian
|
|-weather|SunnyDay|[upkeep]
|-heal|p2a: Palkia|21/100|[from] item: Leftovers
|upkeep
|
|t:|1653254875
|switch|p1a: Kyogre|Kyogre|100/100
|-damage|p1a: Kyogre|88/100|[from] Stealth Rock
|detailschange|p1a: Kyogre|Kyogre-Primal
|-primal|p1a: Kyogre
|-weather|PrimordialSea|[from] ability: Primordial Sea|[of] p1a: Kyogre
|turn|25
|
|t:|1653254880
|move|p2a: Palkia|Max Lightning|p1a: Kyogre
|-supereffective|p1a: Kyogre
|-damage|p1a: Kyogre|27/100
|-fieldstart|move: Electric Terrain
|move|p1a: Kyogre|Thunder|p2a: Palkia
|-damage|p2a: Palkia|0 fnt
|faint|p2a: Palkia
|
|win|Lotus Bigus
|raw|Lotus Bigus's rating: 1393 &rarr; <strong>1419</strong><br />(+26 for winning)
|raw|Schweppess's rating: 1502 &rarr; <strong>1476</strong><br />(-26 for losing)
|l|☆Schweppess
