|j|☆thicsucttv
|j|☆RafikRoflan
|t:|1661517857
|gametype|singles
|player|p1|thicsucttv|265|1656
|player|p2|RafikRoflan|marnie-masters2|1741
|teamsize|p1|6
|teamsize|p2|6
|gen|8
|tier|[Gen 8] National Dex AG
|rated|
|rule|HP Percentage Mod: HP is shown in percentages
|rule|Endless Battle Clause: Forcing endless battles is banned
|clearpoke
|poke|p1|Shuckle, F|
|poke|p1|Marshadow|
|poke|p1|Yveltal|
|poke|p1|Necrozma-Dusk-Mane|
|poke|p1|Ditto|
|poke|p1|Lucario, F|
|poke|p2|Quagsire, F|
|poke|p2|Salamence, M|
|poke|p2|Ferrothorn, M|
|poke|p2|Zacian-*|
|poke|p2|Tyranitar, M|
|poke|p2|Ditto|
|teampreview
|inactive|Battle timer is ON: inactive players will automatically lose when time's up. (requested by RafikRoflan)
|
|t:|1661517866
|start
|switch|p1a: Shuckle|Shuckle, F, shiny|100/100
|switch|p2a: Zacian|Zacian-Crowned|100/100
|-ability|p2a: Zacian|Intrepid Sword|boost
|-boost|p2a: Zacian|atk|1
|turn|1
|
|t:|1661517873
|move|p2a: Zacian|Behemoth Blade|p1a: Shuckle
|-supereffective|p1a: Shuckle
|-ability|p1a: Shuckle|Sturdy
|-damage|p1a: Shuckle|1/100
|move|p1a: Shuckle|Stealth Rock|p2a: Zacian
|-sidestart|p2: RafikRoflan|move: Stealth Rock
|
|upkeep
|turn|2
|
|t:|1661517881
|move|p2a: Zacian|Substitute|p2a: Zacian
|-start|p2a: Zacian|Substitute
|-damage|p2a: Zacian|76/100
|move|p1a: Shuckle|Sticky Web|p2a: Zacian
|-sidestart|p2: RafikRoflan|move: Sticky Web
|
|upkeep
|turn|3
|
|t:|1661517887
|move|p2a: Zacian|Behemoth Blade|p1a: Shuckle
|-supereffective|p1a: Shuckle
|-crit|p1a: Shuckle
|-damage|p1a: Shuckle|0 fnt
|faint|p1a: Shuckle
|
|upkeep
|
|t:|1661517899
|switch|p1a: Lucario|Lucario, F|100/100
|turn|4
|
|t:|1661517903
|detailschange|p1a: Lucario|Lucario-Mega, F
|-mega|p1a: Lucario|Lucario|Lucarionite
|move|p1a: Lucario|Bullet Punch|p2a: Zacian
|-end|p2a: Zacian|Substitute
|move|p2a: Zacian|Close Combat|p1a: Lucario
|-supereffective|p1a: Lucario
|-damage|p1a: Lucario|0 fnt
|-unboost|p2a: Zacian|def|1
|-unboost|p2a: Zacian|spd|1
|faint|p1a: Lucario
|
|upkeep
|j| Farce Of The Death
|
|t:|1661517914
|switch|p1a: Ditto|Ditto|100/100
|-transform|p1a: Ditto|p2a: Zacian|[from] ability: Imposter
|-ability|p1a: Ditto|Intrepid Sword|boost
|-boost|p1a: Ditto|atk|1
|turn|5
|
|t:|1661517920
|switch|p2a: Quagsire|Quagsire, F|100/100
|-damage|p2a: Quagsire|94/100|[from] Stealth Rock
|-activate|p2a: Quagsire|move: Sticky Web
|-unboost|p2a: Quagsire|spe|1
|move|p1a: Ditto|Behemoth Blade|p2a: Quagsire
|-resisted|p2a: Quagsire
|-damage|p2a: Quagsire|71/100
|-damage|p1a: Ditto|84/100|[from] item: Rocky Helmet|[of] p2a: Quagsire
|
|upkeep
|turn|6
|
|t:|1661517933
|switch|p1a: Necrozma|Necrozma-Dusk-Mane|100/100
|move|p2a: Quagsire|Recover|p2a: Quagsire
|-heal|p2a: Quagsire|100/100
|
|upkeep
|turn|7
|
|t:|1661517939
|switch|p2a: Ferrothorn|Ferrothorn, M|100/100
|-damage|p2a: Ferrothorn|94/100|[from] Stealth Rock
|-activate|p2a: Ferrothorn|move: Sticky Web
|-unboost|p2a: Ferrothorn|spe|1
|detailschange|p1a: Necrozma|Necrozma-Ultra
|-burst|p1a: Necrozma|Necrozma|Ultranecrozium Z
|move|p1a: Necrozma|Dragon Dance|p1a: Necrozma
|-boost|p1a: Necrozma|atk|1
|-boost|p1a: Necrozma|spe|1
|
|-heal|p2a: Ferrothorn|100/100|[from] item: Leftovers
|upkeep
|turn|8
|
|t:|1661517953
|-zpower|p1a: Necrozma
|move|p1a: Necrozma|Light That Burns the Sky|p2a: Ferrothorn|[zeffect]
|-resisted|p2a: Ferrothorn
|-damage|p2a: Ferrothorn|30/100
|move|p2a: Ferrothorn|Leech Seed|p1a: Necrozma
|-start|p1a: Necrozma|move: Leech Seed
|
|-heal|p2a: Ferrothorn|36/100|[from] item: Leftovers
|-damage|p1a: Necrozma|88/100|[from] Leech Seed|[of] p2a: Ferrothorn
|-heal|p2a: Ferrothorn|48/100|[silent]
|upkeep
|turn|9
|
|t:|1661517965
|move|p2a: Ferrothorn|Protect|p2a: Ferrothorn
|-singleturn|p2a: Ferrothorn|Protect
|move|p1a: Necrozma|Dragon Dance|p1a: Necrozma
|-boost|p1a: Necrozma|atk|1
|-boost|p1a: Necrozma|spe|1
|
|-heal|p2a: Ferrothorn|54/100|[from] item: Leftovers
|-damage|p1a: Necrozma|76/100|[from] Leech Seed|[of] p2a: Ferrothorn
|-heal|p2a: Ferrothorn|66/100|[silent]
|upkeep
|turn|10
|
|t:|1661517975
|move|p1a: Necrozma|Photon Geyser|p2a: Ferrothorn
|-resisted|p2a: Ferrothorn
|-damage|p2a: Ferrothorn|18/100
|move|p2a: Ferrothorn|Knock Off|p1a: Necrozma
|-supereffective|p1a: Necrozma
|-damage|p1a: Necrozma|45/100
|
|-heal|p2a: Ferrothorn|25/100|[from] item: Leftovers
|-damage|p1a: Necrozma|33/100|[from] Leech Seed|[of] p2a: Ferrothorn
|-heal|p2a: Ferrothorn|37/100|[silent]
|upkeep
|turn|11
|j| 69399375www
|
|t:|1661517994
|move|p2a: Ferrothorn|Protect|p2a: Ferrothorn
|-singleturn|p2a: Ferrothorn|Protect
|move|p1a: Necrozma|Dragon Dance|p1a: Necrozma
|-boost|p1a: Necrozma|atk|1
|-boost|p1a: Necrozma|spe|1
|
|-heal|p2a: Ferrothorn|43/100|[from] item: Leftovers
|-damage|p1a: Necrozma|20/100|[from] Leech Seed|[of] p2a: Ferrothorn
|-heal|p2a: Ferrothorn|55/100|[silent]
|upkeep
|turn|12
|
|t:|1661518003
|move|p2a: Ferrothorn|Protect||[still]
|-fail|p2a: Ferrothorn
|move|p1a: Necrozma|Photon Geyser|p2a: Ferrothorn
|-resisted|p2a: Ferrothorn
|-damage|p2a: Ferrothorn|0 fnt
|faint|p2a: Ferrothorn
|
|upkeep
|
|t:|1661518011
|switch|p2a: Ditto|Ditto|100/100
|-damage|p2a: Ditto|88/100|[from] Stealth Rock
|-activate|p2a: Ditto|move: Sticky Web
|-unboost|p2a: Ditto|spe|1
|-transform|p2a: Ditto|p1a: Necrozma|[from] ability: Imposter
|turn|13
|
|t:|1661518020
|move|p2a: Ditto|Stone Edge|p1a: Necrozma
|-damage|p1a: Necrozma|0 fnt
|faint|p1a: Necrozma
|
|upkeep
|
|t:|1661518026
|switch|p1a: Marshadow|Marshadow|100/100
|turn|14
|
|t:|1661518033
|switch|p2a: Quagsire|Quagsire, F|100/100
|-damage|p2a: Quagsire|94/100|[from] Stealth Rock
|-activate|p2a: Quagsire|move: Sticky Web
|-unboost|p2a: Quagsire|spe|1
|move|p1a: Marshadow|Shadow Sneak|p2a: Quagsire
|-damage|p2a: Quagsire|71/100
|-damage|p1a: Marshadow|84/100|[from] item: Rocky Helmet|[of] p2a: Quagsire
|
|upkeep
|turn|15
|
|t:|1661518043
|switch|p1a: Yveltal|Yveltal|100/100
|-ability|p1a: Yveltal|Dark Aura
|move|p2a: Quagsire|Recover|p2a: Quagsire
|-heal|p2a: Quagsire|100/100
|
|upkeep
|turn|16
|
|t:|1661518050
|switch|p2a: Tyranitar|Tyranitar, M|100/100
|-damage|p2a: Tyranitar|88/100|[from] Stealth Rock
|-activate|p2a: Tyranitar|move: Sticky Web
|-unboost|p2a: Tyranitar|spe|1
|-weather|Sandstorm|[from] ability: Sand Stream|[of] p2a: Tyranitar
|move|p1a: Yveltal|Knock Off|p2a: Tyranitar
|-resisted|p2a: Tyranitar
|-damage|p2a: Tyranitar|47/100
|-enditem|p2a: Tyranitar|Leftovers|[from] move: Knock Off|[of] p1a: Yveltal
|-damage|p1a: Yveltal|91/100|[from] item: Life Orb
|
|-weather|Sandstorm|[upkeep]
|-damage|p1a: Yveltal|85/100|[from] Sandstorm
|upkeep
|turn|17
|
|t:|1661518065
|-start|p1a: Yveltal|Dynamax|
|-heal|p1a: Yveltal|85/100|[silent]
|move|p1a: Yveltal|Max Airstream|p2a: Tyranitar
|-resisted|p2a: Tyranitar
|-damage|p2a: Tyranitar|12/100
|-boost|p1a: Yveltal|spe|1
|-damage|p1a: Yveltal|80/100|[from] item: Life Orb
|move|p2a: Tyranitar|Rock Blast|p1a: Yveltal|[miss]
|-miss|p2a: Tyranitar|p1a: Yveltal
|
|-weather|Sandstorm|[upkeep]
|-damage|p1a: Yveltal|77/100|[from] Sandstorm
|upkeep
|turn|18
|
|t:|1661518079
|move|p1a: Yveltal|Max Airstream|p2a: Tyranitar
|-resisted|p2a: Tyranitar
|-damage|p2a: Tyranitar|0 fnt
|-boost|p1a: Yveltal|spe|1
|faint|p2a: Tyranitar
|-damage|p1a: Yveltal|72/100|[from] item: Life Orb
|
|-weather|Sandstorm|[upkeep]
|-damage|p1a: Yveltal|69/100|[from] Sandstorm
|upkeep
|
|t:|1661518081
|switch|p2a: Ditto|Ditto|88/100
|-damage|p2a: Ditto|76/100|[from] Stealth Rock
|-activate|p2a: Ditto|move: Sticky Web
|-unboost|p2a: Ditto|spe|1
|-transform|p2a: Ditto|p1a: Yveltal|[from] ability: Imposter
|-ability|p2a: Ditto|Dark Aura
|turn|19
|
|t:|1661518097
|-start|p2a: Ditto|Dynamax|
|-heal|p2a: Ditto|76/100|[silent]
|move|p2a: Ditto|Max Airstream|p1a: Yveltal
|-damage|p1a: Yveltal|34/100
|-boost|p2a: Ditto|spe|1
|move|p1a: Yveltal|Max Airstream|p2a: Ditto
|-damage|p2a: Ditto|21/100
|-boost|p1a: Yveltal|spe|1
|-damage|p1a: Yveltal|29/100|[from] item: Life Orb
|
|-weather|Sandstorm|[upkeep]
|-damage|p1a: Yveltal|26/100|[from] Sandstorm
|-damage|p2a: Ditto|18/100|[from] Sandstorm
|upkeep
|-end|p1a: Yveltal|Dynamax
|-heal|p1a: Yveltal|26/100|[silent]
|turn|20
|
|t:|1661518117
|-end|p2a: Ditto|Dynamax
|-heal|p2a: Ditto|18/100|[silent]
|switch|p2a: Quagsire|Quagsire, F|100/100
|-damage|p2a: Quagsire|94/100|[from] Stealth Rock
|-activate|p2a: Quagsire|move: Sticky Web
|-unboost|p2a: Quagsire|spe|1
|move|p1a: Yveltal|Sucker Punch||[still]
|-fail|p1a: Yveltal
|
|-weather|none
|upkeep
|turn|21
|
|t:|1661518128
|move|p1a: Yveltal|Knock Off|p2a: Quagsire
|-damage|p2a: Quagsire|31/100
|-damage|p1a: Yveltal|10/100|[from] item: Rocky Helmet|[of] p2a: Quagsire
|-enditem|p2a: Quagsire|Rocky Helmet|[from] move: Knock Off|[of] p1a: Yveltal
|-damage|p1a: Yveltal|0 fnt|[from] item: Life Orb
|faint|p1a: Yveltal
|move|p2a: Quagsire|Haze|p2a: Quagsire
|-clearallboost
|
|upkeep
|
|t:|1661518139
|switch|p1a: Marshadow|Marshadow|84/100
|turn|22
|
|t:|1661518143
|move|p1a: Marshadow|Spectral Thief|p2a: Quagsire
|-damage|p2a: Quagsire|0 fnt
|faint|p2a: Quagsire
|
|upkeep
|
|t:|1661518147
|switch|p2a: Ditto|Ditto|18/100
|-damage|p2a: Ditto|6/100|[from] Stealth Rock
|-activate|p2a: Ditto|move: Sticky Web
|-unboost|p2a: Ditto|spe|1
|-transform|p2a: Ditto|p1a: Marshadow|[from] ability: Imposter
|turn|23
|
|t:|1661518156
|move|p2a: Ditto|Shadow Sneak|p1a: Marshadow
|-supereffective|p1a: Marshadow
|-crit|p1a: Marshadow
|-damage|p1a: Marshadow|0 fnt
|faint|p1a: Marshadow
|
|upkeep
|
|t:|1661518161
|switch|p1a: Ditto|Ditto|84/100
|turn|24
|-message|thicsucttv forfeited.
|
|win|RafikRoflan
|raw|thicsucttv's rating: 1656 &rarr; <strong>1641</strong><br />(-15 for losing)
|raw|RafikRoflan's rating: 1741 &rarr; <strong>1756</strong><br />(+15 for winning)
|l|☆thicsucttv
|l|☆RafikRoflan
||Ladder isn't responding, score probably updated but might not have (Request timeout).
|l| 69399375www
