|j|‽Tonymontana555
|j|☆Lord Rekkuza
|t:|1645452633
|gametype|singles
|player|p1|Tonymontana555|giovanni|1494
|player|p2|Lord Rekkuza|lance-gen1|1791
|teamsize|p1|6
|teamsize|p2|6
|gen|8
|tier|[Gen 8] National Dex AG
|rated|
|rule|HP Percentage Mod: HP is shown in percentages
|rule|Endless Battle Clause: Forcing endless battles is banned
|clearpoke
|poke|p1|Arceus-*|
|poke|p1|Arceus-*|
|poke|p1|Arceus-*|
|poke|p1|Chansey, F|
|poke|p1|Quagsire, F|
|poke|p1|Lugia|
|poke|p2|Necrozma-Dusk-Mane|
|poke|p2|Arceus-*|
|poke|p2|Yveltal|
|poke|p2|Chansey, F|
|poke|p2|Lugia|
|poke|p2|Eternatus|
|teampreview
|inactive|Battle timer is ON: inactive players will automatically lose when time's up. (requested by Tonymontana555)
|j| mia_2.0
|
|t:|1645452656
|start
|switch|p1a: Arceus|Arceus-Ground|100/100
|switch|p2a: Arceus|Arceus-Ground|100/100
|turn|1
|
|t:|1645452662
|switch|p2a: Chansey|Chansey, F|100/100
|move|p1a: Arceus|Stealth Rock|p2a: Chansey
|-sidestart|p2: Lord Rekkuza|move: Stealth Rock
|
|upkeep
|turn|2
|
|t:|1645452673
|switch|p1a: Chansey|Chansey, F|100/100
|move|p2a: Chansey|Toxic|p1a: Chansey
|-status|p1a: Chansey|tox
|
|-damage|p1a: Chansey|94/100 tox|[from] psn
|upkeep
|turn|3
|
|t:|1645452680
|switch|p2a: Yveltal|Yveltal, shiny|100/100
|-ability|p2a: Yveltal|Dark Aura
|move|p1a: Chansey|Toxic|p2a: Yveltal
|-status|p2a: Yveltal|tox
|
|-damage|p2a: Yveltal|94/100 tox|[from] psn
|-damage|p1a: Chansey|82/100 tox|[from] psn
|upkeep
|turn|4
|inactive|Tonymontana555 has 120 seconds left.
|
|t:|1645452710
|-curestatus|p1a: Chansey|tox|[from] ability: Natural Cure
|switch|p1a: Arceus|Arceus-Dark|100/100
|move|p2a: Yveltal|Defog|p1a: Arceus
|-unboost|p1a: Arceus|evasion|1
|-sideend|p2: Lord Rekkuza|Stealth Rock|[from] move: Defog|[of] p2a: Yveltal
|
|-damage|p2a: Yveltal|82/100 tox|[from] psn
|upkeep
|turn|5
|inactive|Tonymontana555 has 120 seconds left.
|
|t:|1645452724
|switch|p2a: Eternatus|Eternatus|100/100
|-ability|p2a: Eternatus|Pressure
|move|p1a: Arceus|Whirlpool|p2a: Eternatus
|-resisted|p2a: Eternatus
|-damage|p2a: Eternatus|98/100
|-activate|p2a: Eternatus|move: Whirlpool|[of] p1a: Arceus
|
|-heal|p2a: Eternatus|100/100|[from] item: Black Sludge
|-damage|p2a: Eternatus|88/100|[from] move: Whirlpool|[partiallytrapped]
|upkeep
|turn|6
|inactive|Tonymontana555 has 120 seconds left.
|
|t:|1645452737
|move|p2a: Eternatus|Toxic Spikes|p1a: Arceus
|-sidestart|p1: Tonymontana555|move: Toxic Spikes
|move|p1a: Arceus|Perish Song|p1a: Arceus
|-start|p1a: Arceus|perish3|[silent]
|-start|p2a: Eternatus|perish3|[silent]
|-fieldactivate|move: Perish Song
|
|-heal|p2a: Eternatus|94/100|[from] item: Black Sludge
|-damage|p2a: Eternatus|82/100|[from] move: Whirlpool|[partiallytrapped]
|-start|p2a: Eternatus|perish3
|-start|p1a: Arceus|perish3
|upkeep
|turn|7
|inactive|Tonymontana555 has 120 seconds left.
|
|t:|1645452747
|move|p2a: Eternatus|Toxic Spikes|p1a: Arceus
|-sidestart|p1: Tonymontana555|move: Toxic Spikes
|move|p1a: Arceus|Recover||[still]
|-fail|p1a: Arceus|heal
|
|-heal|p2a: Eternatus|88/100|[from] item: Black Sludge
|-damage|p2a: Eternatus|76/100|[from] move: Whirlpool|[partiallytrapped]
|-start|p2a: Eternatus|perish2
|-start|p1a: Arceus|perish2
|upkeep
|turn|8
|
|t:|1645452756
|move|p1a: Arceus|Recover||[still]
|-fail|p1a: Arceus|heal
|move|p2a: Eternatus|Dragon Tail|p1a: Arceus
|-damage|p1a: Arceus|91/100
|drag|p1a: Quagsire|Quagsire, F|100/100
|-status|p1a: Quagsire|tox
|
|-heal|p2a: Eternatus|82/100|[from] item: Black Sludge
|-damage|p1a: Quagsire|94/100 tox|[from] psn
|-end|p2a: Eternatus|Whirlpool|[partiallytrapped]|[silent]
|-start|p2a: Eternatus|perish1
|upkeep
|turn|9
|inactive|Tonymontana555 has 120 seconds left.
|
|t:|1645452786
|switch|p2a: Yveltal|Yveltal, shiny|82/100 tox
|-ability|p2a: Yveltal|Dark Aura
|move|p1a: Quagsire|Earthquake|p2a: Yveltal
|-immune|p2a: Yveltal
|
|-damage|p2a: Yveltal|75/100 tox|[from] psn
|-damage|p1a: Quagsire|82/100 tox|[from] psn
|upkeep
|turn|10
|
|t:|1645452797
|switch|p1a: Arceus|Arceus-Dark|91/100
|-status|p1a: Arceus|tox
|move|p2a: Yveltal|Roost|p2a: Yveltal
|-heal|p2a: Yveltal|100/100 tox
|-singleturn|p2a: Yveltal|move: Roost
|
|-damage|p1a: Arceus|85/100 tox|[from] psn
|-damage|p2a: Yveltal|88/100 tox|[from] psn
|upkeep
|turn|11
|
|t:|1645452809
|move|p1a: Arceus|Whirlpool|p2a: Yveltal
|-damage|p2a: Yveltal|82/100 tox
|-activate|p2a: Yveltal|move: Whirlpool|[of] p1a: Arceus
|move|p2a: Yveltal|Taunt|p1a: Arceus
|-start|p1a: Arceus|move: Taunt
|
|-damage|p1a: Arceus|73/100 tox|[from] psn
|-damage|p2a: Yveltal|64/100 tox|[from] psn
|-damage|p2a: Yveltal|51/100 tox|[from] move: Whirlpool|[partiallytrapped]
|upkeep
|turn|12
|
|t:|1645452818
|move|p1a: Arceus|Snarl|p2a: Yveltal
|-resisted|p2a: Yveltal
|-damage|p2a: Yveltal|41/100 tox
|-unboost|p2a: Yveltal|spa|1
|move|p2a: Yveltal|Roost|p2a: Yveltal
|-heal|p2a: Yveltal|91/100 tox
|-singleturn|p2a: Yveltal|move: Roost
|
|-damage|p1a: Arceus|54/100 tox|[from] psn
|-damage|p2a: Yveltal|66/100 tox|[from] psn
|-damage|p2a: Yveltal|54/100 tox|[from] move: Whirlpool|[partiallytrapped]
|upkeep
|turn|13
|
|t:|1645452831
|switch|p1a: Chansey|Chansey, F|82/100
|-status|p1a: Chansey|tox
|move|p2a: Yveltal|Roost|p2a: Yveltal
|-heal|p2a: Yveltal|100/100 tox
|-singleturn|p2a: Yveltal|move: Roost
|
|-damage|p2a: Yveltal|69/100 tox|[from] psn
|-damage|p1a: Chansey|76/100 tox|[from] psn
|-end|p2a: Yveltal|Whirlpool|[partiallytrapped]|[silent]
|upkeep
|turn|14
|
|t:|1645452843
|move|p2a: Yveltal|Knock Off|p1a: Chansey
|-damage|p1a: Chansey|39/100 tox
|-enditem|p1a: Chansey|Eviolite|[from] move: Knock Off|[of] p2a: Yveltal
|move|p1a: Chansey|Heal Bell|p1a: Chansey
|-activate|p1a: Chansey|move: Heal Bell
|-curestatus|p1a: Chansey|tox|[msg]
|-curestatus|p1: Arceus|tox|[msg]
|-curestatus|p1: Quagsire|tox|[msg]
|
|-damage|p2a: Yveltal|32/100 tox|[from] psn
|upkeep
|turn|15
|inactive|Tonymontana555 has 120 seconds left.
|
|t:|1645452868
|switch|p2a: Eternatus|Eternatus|82/100
|-ability|p2a: Eternatus|Pressure
|switch|p1a: Arceus|Arceus-Ground|100/100
|-status|p1a: Arceus|tox
|
|-heal|p2a: Eternatus|88/100|[from] item: Black Sludge
|-damage|p1a: Arceus|94/100 tox|[from] psn
|upkeep
|turn|16
|
|t:|1645452878
|switch|p2a: Chansey|Chansey, F|100/100
|move|p1a: Arceus|Defog|p2a: Chansey
|-unboost|p2a: Chansey|evasion|1
|-sideend|p1: Tonymontana555|Toxic Spikes|[from] move: Defog|[of] p1a: Arceus
|
|-damage|p1a: Arceus|82/100 tox|[from] psn
|upkeep
|turn|17
|
|t:|1645452892
|switch|p1a: Chansey|Chansey, F|39/100
|move|p2a: Chansey|Aromatherapy|p2a: Chansey
|-activate|p2a: Chansey|move: Aromatherapy
|-curestatus|p2: Yveltal|tox|[msg]
|
|upkeep
|turn|18
|
|t:|1645452900
|switch|p2a: Yveltal|Yveltal, shiny|32/100
|-ability|p2a: Yveltal|Dark Aura
|move|p1a: Chansey|Soft-Boiled|p1a: Chansey
|-heal|p1a: Chansey|89/100
|
|upkeep
|turn|19
|
|t:|1645452922
|move|p2a: Yveltal|Roost|p2a: Yveltal
|-heal|p2a: Yveltal|82/100
|-singleturn|p2a: Yveltal|move: Roost
|move|p1a: Chansey|Toxic|p2a: Yveltal
|-status|p2a: Yveltal|tox
|
|-damage|p2a: Yveltal|75/100 tox|[from] psn
|upkeep
|turn|20
|inactive|Tonymontana555 has 90 seconds left.
|inactive|Lord Rekkuza has 120 seconds left.
|
|t:|1645452961
|switch|p2a: Chansey|Chansey, F|100/100
|switch|p1a: Arceus|Arceus-Water|100/100
|
|upkeep
|turn|21
|
|t:|1645452972
|move|p1a: Arceus|Calm Mind|p1a: Arceus
|-boost|p1a: Arceus|spa|1
|-boost|p1a: Arceus|spd|1
|move|p2a: Chansey|Toxic|p1a: Arceus
|-status|p1a: Arceus|tox
|
|-damage|p1a: Arceus|94/100 tox|[from] psn
|upkeep
|turn|22
|inactive|Lord Rekkuza has 120 seconds left.
|inactive|Lord Rekkuza has 90 seconds left.
|
|t:|1645453034
|move|p1a: Arceus|Refresh|p1a: Arceus
|-curestatus|p1a: Arceus|tox|[msg]
|move|p2a: Chansey|Confide|p1a: Arceus
|-unboost|p1a: Arceus|spa|1
|
|upkeep
|turn|23
|
|t:|1645453042
|move|p1a: Arceus|Calm Mind|p1a: Arceus
|-boost|p1a: Arceus|spa|1
|-boost|p1a: Arceus|spd|1
|move|p2a: Chansey|Toxic|p1a: Arceus
|-status|p1a: Arceus|tox
|
|-damage|p1a: Arceus|88/100 tox|[from] psn
|upkeep
|turn|24
|inactive|Tonymontana555 has 90 seconds left.
|inactive|Lord Rekkuza has 90 seconds left.
|
|t:|1645453050
|move|p1a: Arceus|Refresh|p1a: Arceus
|-curestatus|p1a: Arceus|tox|[msg]
|move|p2a: Chansey|Confide|p1a: Arceus
|-unboost|p1a: Arceus|spa|1
|
|upkeep
|turn|25
|
|t:|1645453056
|move|p1a: Arceus|Calm Mind|p1a: Arceus
|-boost|p1a: Arceus|spa|1
|-boost|p1a: Arceus|spd|1
|move|p2a: Chansey|Confide|p1a: Arceus
|-unboost|p1a: Arceus|spa|1
|
|upkeep
|turn|26
|
|t:|1645453064
|move|p1a: Arceus|Calm Mind|p1a: Arceus
|-boost|p1a: Arceus|spa|1
|-boost|p1a: Arceus|spd|1
|move|p2a: Chansey|Confide|p1a: Arceus
|-unboost|p1a: Arceus|spa|1
|
|upkeep
|turn|27
|
|t:|1645453072
|move|p1a: Arceus|Calm Mind|p1a: Arceus
|-boost|p1a: Arceus|spa|1
|-boost|p1a: Arceus|spd|1
|move|p2a: Chansey|Confide|p1a: Arceus
|-unboost|p1a: Arceus|spa|1
|
|upkeep
|turn|28
|
|t:|1645453086
|move|p1a: Arceus|Calm Mind|p1a: Arceus
|-boost|p1a: Arceus|spa|1
|-boost|p1a: Arceus|spd|1
|move|p2a: Chansey|Confide|p1a: Arceus
|-unboost|p1a: Arceus|spa|1
|
|upkeep
|turn|29
|
|t:|1645453091
|move|p1a: Arceus|Calm Mind|p1a: Arceus
|-boost|p1a: Arceus|spa|1
|-boost|p1a: Arceus|spd|0
|move|p2a: Chansey|Confide|p1a: Arceus
|-unboost|p1a: Arceus|spa|1
|
|upkeep
|turn|30
|inactive|Tonymontana555 has 120 seconds left.
|
|t:|1645453097
|move|p1a: Arceus|Calm Mind|p1a: Arceus
|-boost|p1a: Arceus|spa|1
|-boost|p1a: Arceus|spd|0
|move|p2a: Chansey|Confide|p1a: Arceus
|-unboost|p1a: Arceus|spa|1
|
|upkeep
|turn|31
|
|t:|1645453103
|move|p1a: Arceus|Calm Mind|p1a: Arceus
|-boost|p1a: Arceus|spa|1
|-boost|p1a: Arceus|spd|0
|move|p2a: Chansey|Confide|p1a: Arceus
|-unboost|p1a: Arceus|spa|1
|
|upkeep
|turn|32
|
|t:|1645453109
|move|p1a: Arceus|Calm Mind|p1a: Arceus
|-boost|p1a: Arceus|spa|1
|-boost|p1a: Arceus|spd|0
|move|p2a: Chansey|Confide|p1a: Arceus
|-unboost|p1a: Arceus|spa|1
|
|upkeep
|turn|33
|
|t:|1645453114
|move|p1a: Arceus|Calm Mind|p1a: Arceus
|-boost|p1a: Arceus|spa|1
|-boost|p1a: Arceus|spd|0
|move|p2a: Chansey|Confide|p1a: Arceus
|-unboost|p1a: Arceus|spa|1
|
|upkeep
|turn|34
|
|t:|1645453120
|move|p1a: Arceus|Calm Mind|p1a: Arceus
|-boost|p1a: Arceus|spa|1
|-boost|p1a: Arceus|spd|0
|move|p2a: Chansey|Toxic|p1a: Arceus|[miss]
|-miss|p2a: Chansey|p1a: Arceus
|
|upkeep
|turn|35
|
|t:|1645453127
|move|p1a: Arceus|Judgment|p2a: Chansey
|-damage|p2a: Chansey|80/100
|move|p2a: Chansey|Confide|p1a: Arceus
|-unboost|p1a: Arceus|spa|1
|
|upkeep
|turn|36
|
|t:|1645453137
|move|p1a: Arceus|Recover|p1a: Arceus
|-heal|p1a: Arceus|100/100
|move|p2a: Chansey|Soft-Boiled|p2a: Chansey
|-heal|p2a: Chansey|100/100
|
|upkeep
|turn|37
|
|t:|1645453148
|move|p1a: Arceus|Calm Mind|p1a: Arceus
|-boost|p1a: Arceus|spa|1
|-boost|p1a: Arceus|spd|0
|move|p2a: Chansey|Toxic|p1a: Arceus
|-status|p1a: Arceus|tox
|
|-damage|p1a: Arceus|94/100 tox|[from] psn
|upkeep
|turn|38
|
|t:|1645453156
|move|p1a: Arceus|Refresh|p1a: Arceus
|-curestatus|p1a: Arceus|tox|[msg]
|move|p2a: Chansey|Confide|p1a: Arceus
|-unboost|p1a: Arceus|spa|1
|
|upkeep
|turn|39
|
|t:|1645453161
|move|p1a: Arceus|Calm Mind|p1a: Arceus
|-boost|p1a: Arceus|spa|1
|-boost|p1a: Arceus|spd|0
|move|p2a: Chansey|Confide|p1a: Arceus
|-unboost|p1a: Arceus|spa|1
|
|upkeep
|turn|40
|
|t:|1645453172
|switch|p1a: Arceus|Arceus-Dark|54/100
|switch|p2a: Eternatus|Eternatus|88/100
|-ability|p2a: Eternatus|Pressure
|
|-heal|p2a: Eternatus|94/100|[from] item: Black Sludge
|upkeep
|turn|41
|
|t:|1645453185
|move|p2a: Eternatus|Toxic Spikes|p1a: Arceus
|-sidestart|p1: Tonymontana555|move: Toxic Spikes
|move|p1a: Arceus|Recover|p1a: Arceus
|-heal|p1a: Arceus|100/100
|
|-heal|p2a: Eternatus|100/100|[from] item: Black Sludge
|upkeep
|turn|42
|
|t:|1645453197
|switch|p1a: Lugia|Lugia|100/100
|move|p2a: Eternatus|Toxic Spikes|p1a: Lugia
|-sidestart|p1: Tonymontana555|move: Toxic Spikes
|
|upkeep
|turn|43
|
|t:|1645453206
|move|p1a: Lugia|Ice Beam|p2a: Eternatus
|-supereffective|p2a: Eternatus
|-damage|p2a: Eternatus|78/100
|-status|p2a: Eternatus|frz
|cant|p2a: Eternatus|frz
|
|-heal|p2a: Eternatus|84/100 frz|[from] item: Black Sludge
|upkeep
|turn|44
|
|t:|1645453213
|move|p1a: Lugia|Ice Beam|p2a: Eternatus
|-supereffective|p2a: Eternatus
|-damage|p2a: Eternatus|64/100 frz
|cant|p2a: Eternatus|frz
|
|-heal|p2a: Eternatus|70/100 frz|[from] item: Black Sludge
|upkeep
|turn|45
|
|t:|1645453220
|-start|p1a: Lugia|Dynamax
|-heal|p1a: Lugia|100/100|[silent]
|cant|p2a: Eternatus|frz
|move|p1a: Lugia|Max Hailstorm|p2a: Eternatus
|-supereffective|p2a: Eternatus
|-damage|p2a: Eternatus|41/100 frz
|-weather|Hail
|
|-weather|Hail|[upkeep]
|-damage|p2a: Eternatus|35/100 frz|[from] Hail
|-damage|p1a: Lugia|97/100|[from] Hail
|-heal|p2a: Eternatus|41/100 frz|[from] item: Black Sludge
|upkeep
|turn|46
|
|t:|1645453231
|cant|p2a: Eternatus|frz
|move|p1a: Lugia|Max Hailstorm|p2a: Eternatus
|-supereffective|p2a: Eternatus
|-damage|p2a: Eternatus|10/100 frz
|
|-weather|Hail|[upkeep]
|-damage|p2a: Eternatus|4/100 frz|[from] Hail
|-damage|p1a: Lugia|94/100|[from] Hail
|-heal|p2a: Eternatus|10/100 frz|[from] item: Black Sludge
|upkeep
|turn|47
|
|t:|1645453239
|switch|p2a: Chansey|Chansey, F|100/100
|move|p1a: Lugia|Max Hailstorm|p2a: Chansey
|-damage|p2a: Chansey|93/100
|
|-weather|Hail|[upkeep]
|-damage|p1a: Lugia|91/100|[from] Hail
|-damage|p2a: Chansey|87/100|[from] Hail
|-end|p1a: Lugia|Dynamax
|-heal|p1a: Lugia|91/100|[silent]
|upkeep
|turn|48
|
|t:|1645453262
|switch|p1a: Arceus|Arceus-Ground|82/100 tox
|move|p2a: Chansey|Aromatherapy|p2a: Chansey
|-activate|p2a: Chansey|move: Aromatherapy
|-curestatus|p2: Eternatus|frz|[msg]
|-curestatus|p2: Yveltal|tox|[msg]
|
|-weather|Hail|[upkeep]
|-damage|p1a: Arceus|76/100 tox|[from] Hail
|-damage|p2a: Chansey|81/100|[from] Hail
|-damage|p1a: Arceus|70/100 tox|[from] psn
|upkeep
|turn|49
|
|t:|1645453285
|switch|p2a: Arceus|Arceus-Ground|100/100
|move|p1a: Arceus|Defog|p2a: Arceus
|-unboost|p2a: Arceus|evasion|1
|-sideend|p1: Tonymontana555|Toxic Spikes|[from] move: Defog|[of] p1a: Arceus
|
|-weather|none
|-damage|p1a: Arceus|58/100 tox|[from] psn
|upkeep
|turn|50
|inactive|Tonymontana555 has 120 seconds left.
|
|t:|1645453308
|switch|p2a: Chansey|Chansey, F|81/100
|switch|p1a: Arceus|Arceus-Water|94/100
|
|upkeep
|turn|51
|
|t:|1645453319
|move|p1a: Arceus|Calm Mind|p1a: Arceus
|-boost|p1a: Arceus|spa|1
|-boost|p1a: Arceus|spd|1
|move|p2a: Chansey|Soft-Boiled|p2a: Chansey
|-heal|p2a: Chansey|100/100
|
|upkeep
|turn|52
|
|t:|1645453325
|move|p1a: Arceus|Calm Mind|p1a: Arceus
|-boost|p1a: Arceus|spa|1
|-boost|p1a: Arceus|spd|1
|move|p2a: Chansey|Confide|p1a: Arceus
|-unboost|p1a: Arceus|spa|1
|
|upkeep
|turn|53
|
|t:|1645453330
|move|p1a: Arceus|Calm Mind|p1a: Arceus
|-boost|p1a: Arceus|spa|1
|-boost|p1a: Arceus|spd|1
|move|p2a: Chansey|Confide|p1a: Arceus
|-unboost|p1a: Arceus|spa|1
|
|upkeep
|turn|54
|
|t:|1645453342
|move|p1a: Arceus|Calm Mind|p1a: Arceus
|-boost|p1a: Arceus|spa|1
|-boost|p1a: Arceus|spd|1
|move|p2a: Chansey|Confide|p1a: Arceus
|-unboost|p1a: Arceus|spa|1
|
|upkeep
|turn|55
|
|t:|1645453358
|move|p1a: Arceus|Calm Mind|p1a: Arceus
|-boost|p1a: Arceus|spa|1
|-boost|p1a: Arceus|spd|1
|move|p2a: Chansey|Confide|p1a: Arceus
|-unboost|p1a: Arceus|spa|1
|
|upkeep
|turn|56
|
|t:|1645453364
|switch|p1a: Chansey|Chansey, F|89/100
|move|p2a: Chansey|Confide|p1a: Chansey
|-unboost|p1a: Chansey|spa|1
|
|upkeep
|turn|57
|
|t:|1645453372
|switch|p2a: Eternatus|Eternatus|10/100
|-ability|p2a: Eternatus|Pressure
|move|p1a: Chansey|Heal Bell|p1a: Chansey
|-activate|p1a: Chansey|move: Heal Bell
|-curestatus|p1: Arceus|tox|[msg]
|
|-heal|p2a: Eternatus|17/100|[from] item: Black Sludge
|upkeep
|turn|58
|
|t:|1645453383
|move|p2a: Eternatus|Recover|p2a: Eternatus
|-heal|p2a: Eternatus|67/100
|move|p1a: Chansey|Seismic Toss|p2a: Eternatus
|-damage|p2a: Eternatus|46/100
|
|-heal|p2a: Eternatus|52/100|[from] item: Black Sludge
|upkeep
|turn|59
|
|t:|1645453408
|switch|p1a: Arceus|Arceus-Ground|58/100
|move|p2a: Eternatus|Recover|p2a: Eternatus
|-heal|p2a: Eternatus|100/100
|
|upkeep
|turn|60
|
|t:|1645453418
|switch|p2a: Yveltal|Yveltal, shiny|75/100
|-ability|p2a: Yveltal|Dark Aura
|move|p1a: Arceus|Recover|p1a: Arceus
|-heal|p1a: Arceus|100/100
|
|upkeep
|turn|61
|inactive|Tonymontana555 has 120 seconds left.
|
|t:|1645453445
|switch|p1a: Arceus|Arceus-Dark|100/100
|move|p2a: Yveltal|Roost|p2a: Yveltal
|-heal|p2a: Yveltal|100/100
|-singleturn|p2a: Yveltal|move: Roost
|
|upkeep
|turn|62
|inactive|Tonymontana555 has 120 seconds left.
|
|t:|1645453453
|switch|p2a: Eternatus|Eternatus|100/100
|-ability|p2a: Eternatus|Pressure
|move|p1a: Arceus|Whirlpool|p2a: Eternatus|[miss]
|-miss|p1a: Arceus|p2a: Eternatus
|
|upkeep
|turn|63
|
|t:|1645453461
|switch|p1a: Arceus|Arceus-Ground|100/100
|move|p2a: Eternatus|Toxic Spikes|p1a: Arceus
|-sidestart|p1: Tonymontana555|move: Toxic Spikes
|
|upkeep
|turn|64
|
|t:|1645453467
|switch|p2a: Yveltal|Yveltal, shiny|100/100
|-ability|p2a: Yveltal|Dark Aura
|move|p1a: Arceus|Judgment|p2a: Yveltal
|-immune|p2a: Yveltal
|
|upkeep
|turn|65
|
|t:|1645453474
|move|p1a: Arceus|Defog|p2a: Yveltal
|-unboost|p2a: Yveltal|evasion|1
|-sideend|p1: Tonymontana555|Toxic Spikes|[from] move: Defog|[of] p1a: Arceus
|move|p2a: Yveltal|Taunt|p1a: Arceus
|-start|p1a: Arceus|move: Taunt
|
|upkeep
|turn|66
|
|t:|1645453488
|switch|p1a: Arceus|Arceus-Dark|100/100
|move|p2a: Yveltal|Knock Off|p1a: Arceus
|-resisted|p1a: Arceus
|-damage|p1a: Arceus|88/100
|
|upkeep
|turn|67
|
|t:|1645453498
|switch|p2a: Eternatus|Eternatus|100/100
|-ability|p2a: Eternatus|Pressure
|move|p1a: Arceus|Whirlpool|p2a: Eternatus
|-resisted|p2a: Eternatus
|-damage|p2a: Eternatus|98/100
|-activate|p2a: Eternatus|move: Whirlpool|[of] p1a: Arceus
|
|-heal|p2a: Eternatus|100/100|[from] item: Black Sludge
|-damage|p2a: Eternatus|88/100|[from] move: Whirlpool|[partiallytrapped]
|upkeep
|turn|68
|
|t:|1645453509
|move|p2a: Eternatus|Toxic Spikes|p1a: Arceus
|-sidestart|p1: Tonymontana555|move: Toxic Spikes
|move|p1a: Arceus|Snarl|p2a: Eternatus
|-damage|p2a: Eternatus|73/100
|-unboost|p2a: Eternatus|spa|1
|
|-heal|p2a: Eternatus|79/100|[from] item: Black Sludge
|-damage|p2a: Eternatus|67/100|[from] move: Whirlpool|[partiallytrapped]
|upkeep
|turn|69
|
|t:|1645453519
|switch|p1a: Arceus|Arceus-Ground|100/100
|-status|p1a: Arceus|psn
|move|p2a: Eternatus|Toxic Spikes|p1a: Arceus
|-sidestart|p1: Tonymontana555|move: Toxic Spikes
|
|-heal|p2a: Eternatus|73/100|[from] item: Black Sludge
|-damage|p1a: Arceus|88/100 psn|[from] psn
|-end|p2a: Eternatus|Whirlpool|[partiallytrapped]|[silent]
|upkeep
|turn|70
|
|t:|1645453529
|switch|p2a: Yveltal|Yveltal, shiny|100/100
|-ability|p2a: Yveltal|Dark Aura
|move|p1a: Arceus|Defog|p2a: Yveltal
|-unboost|p2a: Yveltal|evasion|1
|-sideend|p1: Tonymontana555|Toxic Spikes|[from] move: Defog|[of] p1a: Arceus
|
|-damage|p1a: Arceus|76/100 psn|[from] psn
|upkeep
|turn|71
|
|t:|1645453551
|switch|p1a: Arceus|Arceus-Dark|88/100
|move|p2a: Yveltal|Taunt|p1a: Arceus
|-start|p1a: Arceus|move: Taunt
|
|upkeep
|turn|72
|
|t:|1645453564
|switch|p2a: Eternatus|Eternatus|73/100
|-ability|p2a: Eternatus|Pressure
|move|p1a: Arceus|Whirlpool|p2a: Eternatus
|-resisted|p2a: Eternatus
|-damage|p2a: Eternatus|71/100
|-activate|p2a: Eternatus|move: Whirlpool|[of] p1a: Arceus
|
|-heal|p2a: Eternatus|77/100|[from] item: Black Sludge
|-damage|p2a: Eternatus|64/100|[from] move: Whirlpool|[partiallytrapped]
|upkeep
|turn|73
|
|t:|1645453578
|switch|p1a: Arceus|Arceus-Ground|76/100 psn
|move|p2a: Eternatus|Recover|p2a: Eternatus
|-heal|p2a: Eternatus|100/100
|
|-damage|p1a: Arceus|63/100 psn|[from] psn
|-end|p2a: Eternatus|Whirlpool|[partiallytrapped]|[silent]
|upkeep
|turn|74
|
|t:|1645453586
|switch|p2a: Yveltal|Yveltal, shiny|100/100
|-ability|p2a: Yveltal|Dark Aura
|move|p1a: Arceus|Recover|p1a: Arceus
|-heal|p1a: Arceus|100/100 psn
|
|-damage|p1a: Arceus|88/100 psn|[from] psn
|upkeep
|turn|75
|
|t:|1645453596
|switch|p1a: Arceus|Arceus-Dark|88/100
|switch|p2a: Chansey|Chansey, F|100/100
|
|upkeep
|turn|76
|
|t:|1645453605
|switch|p2a: Eternatus|Eternatus|100/100
|-ability|p2a: Eternatus|Pressure
|move|p1a: Arceus|Whirlpool|p2a: Eternatus
|-resisted|p2a: Eternatus
|-damage|p2a: Eternatus|98/100
|-activate|p2a: Eternatus|move: Whirlpool|[of] p1a: Arceus
|
|-heal|p2a: Eternatus|100/100|[from] item: Black Sludge
|-damage|p2a: Eternatus|88/100|[from] move: Whirlpool|[partiallytrapped]
|upkeep
|turn|77
|
|t:|1645453616
|switch|p1a: Chansey|Chansey, F|89/100
|move|p2a: Eternatus|Toxic Spikes|p1a: Chansey
|-sidestart|p1: Tonymontana555|move: Toxic Spikes
|
|-heal|p2a: Eternatus|94/100|[from] item: Black Sludge
|-end|p2a: Eternatus|Whirlpool|[partiallytrapped]|[silent]
|upkeep
|turn|78
|
|t:|1645453625
|switch|p1a: Arceus|Arceus-Ground|88/100 psn
|move|p2a: Eternatus|Toxic Spikes|p1a: Arceus
|-sidestart|p1: Tonymontana555|move: Toxic Spikes
|
|-heal|p2a: Eternatus|100/100|[from] item: Black Sludge
|-damage|p1a: Arceus|76/100 psn|[from] psn
|upkeep
|turn|79
|
|t:|1645453633
|switch|p2a: Chansey|Chansey, F|100/100
|move|p1a: Arceus|Defog|p2a: Chansey
|-unboost|p2a: Chansey|evasion|1
|-sideend|p1: Tonymontana555|Toxic Spikes|[from] move: Defog|[of] p1a: Arceus
|
|-damage|p1a: Arceus|63/100 psn|[from] psn
|upkeep
|turn|80
|
|t:|1645453646
|switch|p2a: Yveltal|Yveltal, shiny|100/100
|-ability|p2a: Yveltal|Dark Aura
|move|p1a: Arceus|Recover|p1a: Arceus
|-heal|p1a: Arceus|100/100 psn
|
|-damage|p1a: Arceus|88/100 psn|[from] psn
|upkeep
|turn|81
|
|t:|1645453658
|switch|p1a: Arceus|Arceus-Dark|88/100
|switch|p2a: Chansey|Chansey, F|100/100
|
|upkeep
|turn|82
|
|t:|1645453666
|switch|p2a: Eternatus|Eternatus|100/100
|-ability|p2a: Eternatus|Pressure
|move|p1a: Arceus|Whirlpool|p2a: Eternatus
|-resisted|p2a: Eternatus
|-damage|p2a: Eternatus|98/100
|-activate|p2a: Eternatus|move: Whirlpool|[of] p1a: Arceus
|
|-heal|p2a: Eternatus|100/100|[from] item: Black Sludge
|-damage|p2a: Eternatus|88/100|[from] move: Whirlpool|[partiallytrapped]
|upkeep
|turn|83
|
|t:|1645453688
|switch|p1a: Arceus|Arceus-Ground|88/100 psn
|move|p2a: Eternatus|Toxic Spikes|p1a: Arceus
|-sidestart|p1: Tonymontana555|move: Toxic Spikes
|
|-heal|p2a: Eternatus|94/100|[from] item: Black Sludge
|-damage|p1a: Arceus|76/100 psn|[from] psn
|-end|p2a: Eternatus|Whirlpool|[partiallytrapped]|[silent]
|upkeep
|turn|84
|
|t:|1645453696
|switch|p2a: Chansey|Chansey, F|100/100
|move|p1a: Arceus|Judgment|p2a: Chansey
|-damage|p2a: Chansey|87/100
|
|-damage|p1a: Arceus|63/100 psn|[from] psn
|upkeep
|turn|85
|
|t:|1645453704
|switch|p2a: Yveltal|Yveltal, shiny|100/100
|-ability|p2a: Yveltal|Dark Aura
|move|p1a: Arceus|Defog|p2a: Yveltal
|-unboost|p2a: Yveltal|evasion|1
|-sideend|p1: Tonymontana555|Toxic Spikes|[from] move: Defog|[of] p1a: Arceus
|
|-damage|p1a: Arceus|51/100 psn|[from] psn
|upkeep
|turn|86
|
|t:|1645453717
|switch|p1a: Arceus|Arceus-Dark|88/100
|switch|p2a: Chansey|Chansey, F|87/100
|
|upkeep
|turn|87
|
|t:|1645453723
|switch|p1a: Chansey|Chansey, F|89/100
|switch|p2a: Eternatus|Eternatus|94/100
|-ability|p2a: Eternatus|Pressure
|
|-heal|p2a: Eternatus|100/100|[from] item: Black Sludge
|upkeep
|turn|88
|
|t:|1645453737
|switch|p1a: Arceus|Arceus-Ground|51/100 psn
|move|p2a: Eternatus|Sludge Bomb|p1a: Arceus
|-resisted|p1a: Arceus
|-damage|p1a: Arceus|36/100 psn
|
|-damage|p1a: Arceus|24/100 psn|[from] psn
|upkeep
|turn|89
|
|t:|1645453746
|move|p2a: Eternatus|Sludge Bomb|p1a: Arceus
|-resisted|p1a: Arceus
|-crit|p1a: Arceus
|-damage|p1a: Arceus|2/100 psn
|move|p1a: Arceus|Recover|p1a: Arceus
|-heal|p1a: Arceus|52/100 psn
|
|-damage|p1a: Arceus|39/100 psn|[from] psn
|upkeep
|turn|90
|
|t:|1645453759
|switch|p2a: Yveltal|Yveltal, shiny|100/100
|-ability|p2a: Yveltal|Dark Aura
|switch|p1a: Lugia|Lugia|91/100
|
|upkeep
|turn|91
|
|t:|1645453768
|move|p2a: Yveltal|Knock Off|p1a: Lugia
|-supereffective|p1a: Lugia
|-damage|p1a: Lugia|39/100
|-enditem|p1a: Lugia|Heavy-Duty Boots|[from] move: Knock Off|[of] p2a: Yveltal
|move|p1a: Lugia|Ice Beam|p2a: Yveltal
|-supereffective|p2a: Yveltal
|-damage|p2a: Yveltal|79/100
|
|upkeep
|turn|92
|
|t:|1645453778
|move|p2a: Yveltal|Knock Off|p1a: Lugia
|-supereffective|p1a: Lugia
|-damage|p1a: Lugia|4/100
|move|p1a: Lugia|Roost|p1a: Lugia
|-heal|p1a: Lugia|54/100
|-singleturn|p1a: Lugia|move: Roost
|
|upkeep
|turn|93
|
|t:|1645453785
|move|p2a: Yveltal|Taunt|p1a: Lugia
|-start|p1a: Lugia|move: Taunt
|cant|p1a: Lugia|move: Taunt|Roost
|
|upkeep
|turn|94
|
|t:|1645453795
|switch|p1a: Arceus|Arceus-Dark|88/100
|move|p2a: Yveltal|Knock Off|p1a: Arceus
|-resisted|p1a: Arceus
|-damage|p1a: Arceus|76/100
|
|upkeep
|turn|95
|
|t:|1645453804
|switch|p2a: Eternatus|Eternatus|100/100
|-ability|p2a: Eternatus|Pressure
|move|p1a: Arceus|Snarl|p2a: Eternatus|[miss]
|-miss|p1a: Arceus|p2a: Eternatus
|
|upkeep
|turn|96
|
|t:|1645453812
|move|p2a: Eternatus|Toxic Spikes|p1a: Arceus
|-sidestart|p1: Tonymontana555|move: Toxic Spikes
|move|p1a: Arceus|Snarl|p2a: Eternatus
|-damage|p2a: Eternatus|85/100
|-unboost|p2a: Eternatus|spa|1
|
|-heal|p2a: Eternatus|91/100|[from] item: Black Sludge
|upkeep
|turn|97
|
|t:|1645453830
|switch|p1a: Arceus|Arceus-Ground|39/100 psn
|move|p2a: Eternatus|Dragon Tail|p1a: Arceus|[miss]
|-miss|p2a: Eternatus|p1a: Arceus
|
|-heal|p2a: Eternatus|97/100|[from] item: Black Sludge
|-damage|p1a: Arceus|27/100 psn|[from] psn
|upkeep
|turn|98
|
|t:|1645453840
|switch|p2a: Yveltal|Yveltal, shiny|79/100
|-ability|p2a: Yveltal|Dark Aura
|move|p1a: Arceus|Recover|p1a: Arceus
|-heal|p1a: Arceus|77/100 psn
|
|-damage|p1a: Arceus|64/100 psn|[from] psn
|upkeep
|turn|99
|
|t:|1645453847
|move|p1a: Arceus|Defog|p2a: Yveltal
|-unboost|p2a: Yveltal|evasion|1
|-sideend|p1: Tonymontana555|Toxic Spikes|[from] move: Defog|[of] p1a: Arceus
|move|p2a: Yveltal|Taunt|p1a: Arceus
|-start|p1a: Arceus|move: Taunt
|
|-damage|p1a: Arceus|52/100 psn|[from] psn
|upkeep
|turn|100
|
|t:|1645453855
|switch|p1a: Chansey|Chansey, F|89/100
|switch|p2a: Eternatus|Eternatus|97/100
|-ability|p2a: Eternatus|Pressure
|
|-heal|p2a: Eternatus|100/100|[from] item: Black Sludge
|upkeep
|turn|101
|
|t:|1645453865
|move|p2a: Eternatus|Toxic Spikes|p1a: Chansey
|-sidestart|p1: Tonymontana555|move: Toxic Spikes
|move|p1a: Chansey|Heal Bell|p1a: Chansey
|-activate|p1a: Chansey|move: Heal Bell
|-curestatus|p1: Arceus|psn|[msg]
|
|upkeep
|turn|102
|
|t:|1645453894
|switch|p1a: Arceus|Arceus-Ground|52/100
|-status|p1a: Arceus|psn
|move|p2a: Eternatus|Toxic Spikes|p1a: Arceus
|-sidestart|p1: Tonymontana555|move: Toxic Spikes
|
|-damage|p1a: Arceus|40/100 psn|[from] psn
|upkeep
|turn|103
|
|t:|1645453902
|move|p1a: Arceus|Recover|p1a: Arceus
|-heal|p1a: Arceus|90/100 psn
|move|p2a: Eternatus|Dragon Tail|p1a: Arceus|[miss]
|-miss|p2a: Eternatus|p1a: Arceus
|
|-damage|p1a: Arceus|77/100 psn|[from] psn
|upkeep
|turn|104
|
|t:|1645453911
|move|p1a: Arceus|Defog|p2a: Eternatus
|-unboost|p2a: Eternatus|evasion|1
|-sideend|p1: Tonymontana555|Toxic Spikes|[from] move: Defog|[of] p1a: Arceus
|move|p2a: Eternatus|Dragon Tail|p1a: Arceus
|-crit|p1a: Arceus
|-damage|p1a: Arceus|64/100 psn
|drag|p1a: Arceus|Arceus-Dark|76/100
|
|upkeep
|turn|105
|inactive|Tonymontana555 has 120 seconds left.
|
|t:|1645453922
|move|p2a: Eternatus|Toxic Spikes|p1a: Arceus
|-sidestart|p1: Tonymontana555|move: Toxic Spikes
|move|p1a: Arceus|Whirlpool|p2a: Eternatus
|-resisted|p2a: Eternatus
|-damage|p2a: Eternatus|98/100
|-activate|p2a: Eternatus|move: Whirlpool|[of] p1a: Arceus
|
|-heal|p2a: Eternatus|100/100|[from] item: Black Sludge
|-damage|p2a: Eternatus|88/100|[from] move: Whirlpool|[partiallytrapped]
|upkeep
|turn|106
|inactive|Tonymontana555 has 120 seconds left.
|
|t:|1645453932
|switch|p1a: Arceus|Arceus-Ground|64/100 psn
|move|p2a: Eternatus|Toxic Spikes|p1a: Arceus
|-sidestart|p1: Tonymontana555|move: Toxic Spikes
|
|-heal|p2a: Eternatus|94/100|[from] item: Black Sludge
|-damage|p1a: Arceus|52/100 psn|[from] psn
|-end|p2a: Eternatus|Whirlpool|[partiallytrapped]|[silent]
|upkeep
|turn|107
|inactive|Tonymontana555 has 120 seconds left.
|
|t:|1645453939
|move|p1a: Arceus|Recover|p1a: Arceus
|-heal|p1a: Arceus|100/100 psn
|move|p2a: Eternatus|Dragon Tail|p1a: Arceus
|-damage|p1a: Arceus|92/100 psn
|drag|p1a: Arceus|Arceus-Water|94/100
|-status|p1a: Arceus|tox
|
|-heal|p2a: Eternatus|100/100|[from] item: Black Sludge
|-damage|p1a: Arceus|88/100 tox|[from] psn
|upkeep
|turn|108
|inactive|Tonymontana555 has 120 seconds left.
|
|t:|1645453954
|move|p1a: Arceus|Judgment|p2a: Eternatus
|-resisted|p2a: Eternatus
|-damage|p2a: Eternatus|86/100
|move|p2a: Eternatus|Sludge Bomb|p1a: Arceus
|-damage|p1a: Arceus|61/100 tox
|
|-heal|p2a: Eternatus|92/100|[from] item: Black Sludge
|-damage|p1a: Arceus|49/100 tox|[from] psn
|upkeep
|turn|109
|
|t:|1645453964
|move|p1a: Arceus|Refresh|p1a: Arceus
|-curestatus|p1a: Arceus|tox|[msg]
|move|p2a: Eternatus|Sludge Bomb|p1a: Arceus
|-damage|p1a: Arceus|22/100
|
|-heal|p2a: Eternatus|99/100|[from] item: Black Sludge
|upkeep
|turn|110
|
|t:|1645453971
|move|p1a: Arceus|Recover|p1a: Arceus
|-heal|p1a: Arceus|72/100
|move|p2a: Eternatus|Dragon Tail|p1a: Arceus
|-damage|p1a: Arceus|61/100
|drag|p1a: Chansey|Chansey, F|89/100
|-status|p1a: Chansey|tox
|
|-heal|p2a: Eternatus|100/100|[from] item: Black Sludge
|-damage|p1a: Chansey|83/100 tox|[from] psn
|upkeep
|turn|111
|
|t:|1645453982
|switch|p2a: Yveltal|Yveltal, shiny|79/100
|-ability|p2a: Yveltal|Dark Aura
|move|p1a: Chansey|Heal Bell|p1a: Chansey
|-activate|p1a: Chansey|move: Heal Bell
|-curestatus|p1a: Chansey|tox|[msg]
|-curestatus|p1: Arceus|psn|[msg]
|
|upkeep
|turn|112
|
|t:|1645453997
|move|p2a: Yveltal|Taunt|p1a: Chansey
|-start|p1a: Chansey|move: Taunt
|cant|p1a: Chansey|move: Taunt|Toxic
|
|upkeep
|turn|113
|
|t:|1645454006
|switch|p1a: Arceus|Arceus-Ground|92/100
|-status|p1a: Arceus|tox
|move|p2a: Yveltal|Knock Off|p1a: Arceus
|-damage|p1a: Arceus|71/100 tox
|
|-damage|p1a: Arceus|65/100 tox|[from] psn
|upkeep
|turn|114
|
|t:|1645454015
|move|p1a: Arceus|Defog|p2a: Yveltal
|-unboost|p2a: Yveltal|evasion|1
|-sideend|p1: Tonymontana555|Toxic Spikes|[from] move: Defog|[of] p1a: Arceus
|move|p2a: Yveltal|Taunt|p1a: Arceus
|-start|p1a: Arceus|move: Taunt
|
|-damage|p1a: Arceus|53/100 tox|[from] psn
|upkeep
|turn|115
|inactive|Tonymontana555 has 90 seconds left.
|
|t:|1645454030
|switch|p1a: Quagsire|Quagsire, F|82/100
|switch|p2a: Chansey|Chansey, F|87/100
|
|upkeep
|turn|116
|inactive|Tonymontana555 has 90 seconds left.
|
|t:|1645454047
|move|p2a: Chansey|Toxic|p1a: Quagsire
|-status|p1a: Quagsire|tox
|move|p1a: Quagsire|Yawn|p2a: Chansey
|-start|p2a: Chansey|move: Yawn|[of] p1a: Quagsire
|
|-damage|p1a: Quagsire|76/100 tox|[from] psn
|upkeep
|turn|117
|inactive|Tonymontana555 has 90 seconds left.
|
|t:|1645454061
|switch|p2a: Yveltal|Yveltal, shiny|79/100
|-ability|p2a: Yveltal|Dark Aura
|move|p1a: Quagsire|Earthquake|p2a: Yveltal
|-immune|p2a: Yveltal
|
|-damage|p1a: Quagsire|64/100 tox|[from] psn
|upkeep
|turn|118
|inactive|Lord Rekkuza has 120 seconds left.
|
|t:|1645454089
|switch|p1a: Arceus|Arceus-Dark|76/100
|move|p2a: Yveltal|Taunt|p1a: Arceus
|-start|p1a: Arceus|move: Taunt
|
|upkeep
|turn|119
|
|t:|1645454096
|switch|p2a: Eternatus|Eternatus|100/100
|-ability|p2a: Eternatus|Pressure
|move|p1a: Arceus|Snarl|p2a: Eternatus
|-damage|p2a: Eternatus|86/100
|-unboost|p2a: Eternatus|spa|1
|
|-heal|p2a: Eternatus|92/100|[from] item: Black Sludge
|upkeep
|turn|120
|
|t:|1645454106
|switch|p1a: Arceus|Arceus-Ground|53/100 tox
|move|p2a: Eternatus|Toxic Spikes|p1a: Arceus
|-sidestart|p1: Tonymontana555|move: Toxic Spikes
|
|-heal|p2a: Eternatus|98/100|[from] item: Black Sludge
|-damage|p1a: Arceus|47/100 tox|[from] psn
|upkeep
|turn|121
|
|t:|1645454113
|switch|p2a: Chansey|Chansey, F|87/100
|move|p1a: Arceus|Recover|p1a: Arceus
|-heal|p1a: Arceus|97/100 tox
|
|-damage|p1a: Arceus|85/100 tox|[from] psn
|upkeep
|turn|122
|
|t:|1645454119
|switch|p2a: Yveltal|Yveltal, shiny|79/100
|-ability|p2a: Yveltal|Dark Aura
|move|p1a: Arceus|Defog|p2a: Yveltal
|-unboost|p2a: Yveltal|evasion|1
|-sideend|p1: Tonymontana555|Toxic Spikes|[from] move: Defog|[of] p1a: Arceus
|
|-damage|p1a: Arceus|66/100 tox|[from] psn
|upkeep
|turn|123
|inactive|Tonymontana555 has 60 seconds left.
|
|t:|1645454140
|switch|p1a: Arceus|Arceus-Dark|76/100
|switch|p2a: Chansey|Chansey, F|87/100
|
|upkeep
|turn|124
|inactive|Tonymontana555 has 60 seconds left.
|
|t:|1645454149
|switch|p2a: Eternatus|Eternatus|98/100
|-ability|p2a: Eternatus|Pressure
|move|p1a: Arceus|Whirlpool|p2a: Eternatus
|-resisted|p2a: Eternatus
|-damage|p2a: Eternatus|95/100
|-activate|p2a: Eternatus|move: Whirlpool|[of] p1a: Arceus
|
|-heal|p2a: Eternatus|100/100|[from] item: Black Sludge
|-damage|p2a: Eternatus|88/100|[from] move: Whirlpool|[partiallytrapped]
|upkeep
|turn|125
|inactive|Tonymontana555 has 60 seconds left.
|
|t:|1645454164
|switch|p1a: Arceus|Arceus-Ground|66/100 tox
|move|p2a: Eternatus|Toxic Spikes|p1a: Arceus
|-sidestart|p1: Tonymontana555|move: Toxic Spikes
|
|-heal|p2a: Eternatus|94/100|[from] item: Black Sludge
|-damage|p1a: Arceus|60/100 tox|[from] psn
|-end|p2a: Eternatus|Whirlpool|[partiallytrapped]|[silent]
|upkeep
|turn|126
|
|t:|1645454172
|switch|p2a: Yveltal|Yveltal, shiny|79/100
|-ability|p2a: Yveltal|Dark Aura
|move|p1a: Arceus|Recover|p1a: Arceus
|-heal|p1a: Arceus|100/100 tox
|
|-damage|p1a: Arceus|88/100 tox|[from] psn
|upkeep
|turn|127
|
|t:|1645454180
|switch|p2a: Eternatus|Eternatus|94/100
|-ability|p2a: Eternatus|Pressure
|move|p1a: Arceus|Defog|p2a: Eternatus
|-unboost|p2a: Eternatus|evasion|1
|-sideend|p1: Tonymontana555|Toxic Spikes|[from] move: Defog|[of] p1a: Arceus
|
|-heal|p2a: Eternatus|100/100|[from] item: Black Sludge
|-damage|p1a: Arceus|70/100 tox|[from] psn
|upkeep
|turn|128
|
|t:|1645454190
|switch|p2a: Yveltal|Yveltal, shiny|79/100
|-ability|p2a: Yveltal|Dark Aura
|move|p1a: Arceus|Judgment|p2a: Yveltal
|-immune|p2a: Yveltal
|
|-damage|p1a: Arceus|46/100 tox|[from] psn
|upkeep
|turn|129
|
|t:|1645454203
|switch|p1a: Chansey|Chansey, F|83/100
|move|p2a: Yveltal|Knock Off|p1a: Chansey
|-damage|p1a: Chansey|44/100
|
|upkeep
|turn|130
|
|t:|1645454211
|move|p2a: Yveltal|Taunt|p1a: Chansey
|-start|p1a: Chansey|move: Taunt
|cant|p1a: Chansey|move: Taunt|Soft-Boiled
|
|upkeep
|turn|131
|
|t:|1645454220
|switch|p1a: Arceus|Arceus-Dark|76/100
|move|p2a: Yveltal|Knock Off|p1a: Arceus
|-resisted|p1a: Arceus
|-damage|p1a: Arceus|64/100
|
|upkeep
|turn|132
|
|t:|1645454227
|switch|p1a: Chansey|Chansey, F|44/100
|switch|p2a: Eternatus|Eternatus|100/100
|-ability|p2a: Eternatus|Pressure
|
|upkeep
|turn|133
|
|t:|1645454235
|move|p2a: Eternatus|Sludge Bomb|p1a: Chansey
|-crit|p1a: Chansey
|-damage|p1a: Chansey|18/100
|-status|p1a: Chansey|psn
|move|p1a: Chansey|Soft-Boiled|p1a: Chansey
|-heal|p1a: Chansey|68/100 psn
|
|-damage|p1a: Chansey|55/100 psn|[from] psn
|upkeep
|turn|134
|
|t:|1645454244
|move|p2a: Eternatus|Toxic Spikes|p1a: Chansey
|-sidestart|p1: Tonymontana555|move: Toxic Spikes
|move|p1a: Chansey|Heal Bell|p1a: Chansey
|-activate|p1a: Chansey|move: Heal Bell
|-curestatus|p1a: Chansey|psn|[msg]
|-curestatus|p1: Arceus|tox|[msg]
|-curestatus|p1: Quagsire|tox|[msg]
|
|upkeep
|turn|135
|
|t:|1645454252
|move|p2a: Eternatus|Toxic Spikes|p1a: Chansey
|-sidestart|p1: Tonymontana555|move: Toxic Spikes
|move|p1a: Chansey|Soft-Boiled|p1a: Chansey
|-heal|p1a: Chansey|100/100
|
|upkeep
|turn|136
|
|t:|1645454259
|switch|p1a: Arceus|Arceus-Ground|46/100
|-status|p1a: Arceus|tox
|move|p2a: Eternatus|Dragon Tail|p1a: Arceus
|-damage|p1a: Arceus|37/100 tox
|drag|p1a: Lugia|Lugia|54/100
|
|upkeep
|turn|137
|
|t:|1645454275
|move|p2a: Eternatus|Sludge Bomb|p1a: Lugia
|-damage|p1a: Lugia|29/100
|move|p1a: Lugia|Roost|p1a: Lugia
|-heal|p1a: Lugia|79/100
|-singleturn|p1a: Lugia|move: Roost
|
|upkeep
|turn|138
|
|t:|1645454281
|switch|p2a: Yveltal|Yveltal, shiny|79/100
|-ability|p2a: Yveltal|Dark Aura
|move|p1a: Lugia|Ice Beam|p2a: Yveltal
|-supereffective|p2a: Yveltal
|-damage|p2a: Yveltal|56/100
|
|upkeep
|turn|139
|
|t:|1645454290
|move|p2a: Yveltal|Roost|p2a: Yveltal
|-heal|p2a: Yveltal|100/100
|-singleturn|p2a: Yveltal|move: Roost
|move|p1a: Lugia|Roost|p1a: Lugia
|-heal|p1a: Lugia|100/100
|-singleturn|p1a: Lugia|move: Roost
|
|upkeep
|turn|140
|inactive|Tonymontana555 has 30 seconds left.
|
|t:|1645454304
|move|p2a: Yveltal|Taunt|p1a: Lugia
|-start|p1a: Lugia|move: Taunt
|cant|p1a: Lugia|move: Taunt|Whirlwind
|
|upkeep
|turn|141
|inactive|Tonymontana555 has 30 seconds left.
|
|t:|1645454310
|switch|p1a: Arceus|Arceus-Ground|37/100 tox
|move|p2a: Yveltal|Knock Off|p1a: Arceus
|-damage|p1a: Arceus|18/100 tox
|
|-damage|p1a: Arceus|12/100 tox|[from] psn
|upkeep
|turn|142
|inactive|Tonymontana555 has 30 seconds left.
|
|t:|1645454317
|move|p1a: Arceus|Recover|p1a: Arceus
|-heal|p1a: Arceus|62/100 tox
|move|p2a: Yveltal|Taunt|p1a: Arceus
|-start|p1a: Arceus|move: Taunt
|
|-damage|p1a: Arceus|50/100 tox|[from] psn
|upkeep
|turn|143
|inactive|Tonymontana555 has 30 seconds left.
|
|t:|1645454331
|switch|p1a: Arceus|Arceus-Dark|64/100
|-status|p1a: Arceus|tox
|switch|p2a: Eternatus|Eternatus|100/100
|-ability|p2a: Eternatus|Pressure
|
|-damage|p1a: Arceus|58/100 tox|[from] psn
|upkeep
|turn|144
|inactive|Tonymontana555 has 30 seconds left this turn.
|inactive|Tonymontana555 has 20 seconds left.
|
|t:|1645454341
|move|p2a: Eternatus|Sludge Bomb|p1a: Arceus
|-damage|p1a: Arceus|36/100 tox
|move|p1a: Arceus|Recover|p1a: Arceus
|-heal|p1a: Arceus|87/100 tox
|
|-damage|p1a: Arceus|74/100 tox|[from] psn
|upkeep
|turn|145
|inactive|Tonymontana555 has 25 seconds left this turn.
|inactive|Tonymontana555 has 20 seconds left.
|
|t:|1645454351
|switch|p1a: Arceus|Arceus-Ground|50/100 tox
|move|p2a: Eternatus|Dragon Tail|p1a: Arceus
|-damage|p1a: Arceus|42/100 tox
|drag|p1a: Lugia|Lugia|100/100
|
|upkeep
|turn|146
|inactive|Tonymontana555 has 25 seconds left this turn.
|inactive|Tonymontana555 has 20 seconds left.
|
|t:|1645454359
|move|p2a: Eternatus|Sludge Bomb|p1a: Lugia
|-damage|p1a: Lugia|89/100
|move|p1a: Lugia|Whirlwind|p2a: Eternatus
|drag|p2a: Necrozma|Necrozma-Dusk-Mane|100/100
|
|upkeep
|turn|147
|inactive|Tonymontana555 has 25 seconds left this turn.
|inactive|Tonymontana555 has 20 seconds left.
|
|t:|1645454367
|move|p1a: Lugia|Ice Beam|p2a: Necrozma
|-resisted|p2a: Necrozma
|-damage|p2a: Necrozma|93/100
|move|p2a: Necrozma|Stealth Rock|p1a: Lugia
|-sidestart|p1: Tonymontana555|move: Stealth Rock
|
|upkeep
|turn|148
|inactive|Tonymontana555 has 25 seconds left this turn.
|inactive|Tonymontana555 has 20 seconds left.
|
|t:|1645454376
|move|p2a: Necrozma|Sunsteel Strike|p1a: Lugia
|-damage|p1a: Lugia|64/100
|move|p1a: Lugia|Whirlwind|p2a: Necrozma
|drag|p2a: Eternatus|Eternatus|100/100
|-ability|p2a: Eternatus|Pressure
|
|upkeep
|turn|149
|inactive|Tonymontana555 has 25 seconds left this turn.
|l| mia_2.0
|inactive|Tonymontana555 has 20 seconds left.
|
|t:|1645454384
|move|p2a: Eternatus|Sludge Bomb|p1a: Lugia
|-damage|p1a: Lugia|38/100
|move|p1a: Lugia|Roost|p1a: Lugia
|-heal|p1a: Lugia|88/100
|-singleturn|p1a: Lugia|move: Roost
|
|upkeep
|turn|150
|inactive|Tonymontana555 has 25 seconds left this turn.
|inactive|Tonymontana555 has 20 seconds left.
|
|t:|1645454393
|switch|p1a: Arceus|Arceus-Ground|42/100 tox
|-damage|p1a: Arceus|36/100 tox|[from] Stealth Rock
|move|p2a: Eternatus|Sludge Bomb|p1a: Arceus
|-resisted|p1a: Arceus
|-damage|p1a: Arceus|22/100 tox
|
|-damage|p1a: Arceus|16/100 tox|[from] psn
|upkeep
|turn|151
|inactive|Tonymontana555 has 25 seconds left this turn.
|inactive|Tonymontana555 has 20 seconds left.
|
|t:|1645454403
|move|p2a: Eternatus|Sludge Bomb|p1a: Arceus
|-resisted|p1a: Arceus
|-damage|p1a: Arceus|3/100 tox
|move|p1a: Arceus|Recover|p1a: Arceus
|-heal|p1a: Arceus|53/100 tox
|
|-damage|p1a: Arceus|41/100 tox|[from] psn
|upkeep
|turn|152
|inactive|Tonymontana555 has 25 seconds left this turn.
|inactive|Tonymontana555 has 20 seconds left.
|
|t:|1645454410
|move|p1a: Arceus|Defog|p2a: Eternatus
|-unboost|p2a: Eternatus|evasion|1
|-sideend|p1: Tonymontana555|Toxic Spikes|[from] move: Defog|[of] p1a: Arceus
|-sideend|p1: Tonymontana555|Stealth Rock|[from] move: Defog|[of] p1a: Arceus
|move|p2a: Eternatus|Sludge Bomb|p1a: Arceus
|-resisted|p1a: Arceus
|-damage|p1a: Arceus|28/100 tox
|
|-damage|p1a: Arceus|9/100 tox|[from] psn
|upkeep
|turn|153
|inactive|Tonymontana555 has 25 seconds left this turn.
|inactive|Tonymontana555 has 20 seconds left.
|
|t:|1645454419
|move|p1a: Arceus|Recover|p1a: Arceus
|-heal|p1a: Arceus|59/100 tox
|move|p2a: Eternatus|Sludge Bomb|p1a: Arceus
|-resisted|p1a: Arceus
|-damage|p1a: Arceus|46/100 tox
|
|-damage|p1a: Arceus|22/100 tox|[from] psn
|upkeep
|turn|154
|inactive|Tonymontana555 has 25 seconds left this turn.
|inactive|Tonymontana555 has 20 seconds left.
|
|t:|1645454426
|switch|p1a: Chansey|Chansey, F|100/100
|switch|p2a: Yveltal|Yveltal, shiny|100/100
|-ability|p2a: Yveltal|Dark Aura
|
|upkeep
|turn|155
|inactive|Tonymontana555 has 25 seconds left this turn.
|inactive|Tonymontana555 has 20 seconds left.
|
|t:|1645454433
|move|p2a: Yveltal|Taunt|p1a: Chansey
|-start|p1a: Chansey|move: Taunt
|cant|p1a: Chansey|move: Taunt|Heal Bell
|
|upkeep
|turn|156
|inactive|Tonymontana555 has 25 seconds left this turn.
|inactive|Tonymontana555 has 20 seconds left.
|
|t:|1645454441
|switch|p1a: Arceus|Arceus-Dark|74/100 tox
|move|p2a: Yveltal|Knock Off|p1a: Arceus
|-resisted|p1a: Arceus
|-damage|p1a: Arceus|61/100 tox
|
|-damage|p1a: Arceus|55/100 tox|[from] psn
|upkeep
|turn|157
|inactive|Tonymontana555 has 25 seconds left this turn.
|inactive|Tonymontana555 has 20 seconds left.
|
|t:|1645454449
|switch|p1a: Arceus|Arceus-Ground|22/100 tox
|move|p2a: Yveltal|Taunt|p1a: Arceus
|-start|p1a: Arceus|move: Taunt
|
|-damage|p1a: Arceus|16/100 tox|[from] psn
|upkeep
|turn|158
|inactive|Tonymontana555 has 25 seconds left this turn.
|inactive|Tonymontana555 has 20 seconds left.
|inactive|Tonymontana555 has 15 seconds left.
|
|t:|1645454459
|switch|p1a: Arceus|Arceus-Dark|55/100 tox
|move|p2a: Yveltal|Knock Off|p1a: Arceus
|-resisted|p1a: Arceus
|-damage|p1a: Arceus|42/100 tox
|
|-damage|p1a: Arceus|36/100 tox|[from] psn
|upkeep
|turn|159
|inactive|Tonymontana555 has 20 seconds left this turn.
|inactive|Tonymontana555 has 15 seconds left.
|
|t:|1645454467
|move|p1a: Arceus|Whirlpool|p2a: Yveltal
|-damage|p2a: Yveltal|95/100
|-activate|p2a: Yveltal|move: Whirlpool|[of] p1a: Arceus
|move|p2a: Yveltal|Taunt|p1a: Arceus
|-start|p1a: Arceus|move: Taunt
|
|-damage|p1a: Arceus|24/100 tox|[from] psn
|-damage|p2a: Yveltal|82/100|[from] move: Whirlpool|[partiallytrapped]
|upkeep
|turn|160
|inactive|Tonymontana555 has 20 seconds left this turn.
|inactive|Tonymontana555 has 15 seconds left.
|inactive|Tonymontana555 has 10 seconds left.
|
|t:|1645454478
|switch|p1a: Lugia|Lugia|88/100
|move|p2a: Yveltal|Knock Off|p1a: Lugia
|-supereffective|p1a: Lugia
|-damage|p1a: Lugia|53/100
|
|-end|p2a: Yveltal|Whirlpool|[partiallytrapped]|[silent]
|upkeep
|turn|161
|inactive|Tonymontana555 has 15 seconds left this turn.
|inactive|Tonymontana555 has 10 seconds left.
|
|t:|1645454483
|move|p2a: Yveltal|Taunt|p1a: Lugia
|-start|p1a: Lugia|move: Taunt
|cant|p1a: Lugia|move: Taunt|Roost
|
|upkeep
|turn|162
|inactive|Tonymontana555 has 15 seconds left this turn.
|inactive|Tonymontana555 has 10 seconds left.
|
|t:|1645454495
|switch|p1a: Quagsire|Quagsire, F|64/100
|move|p2a: Yveltal|Knock Off|p1a: Quagsire
|-damage|p1a: Quagsire|23/100
|-damage|p2a: Yveltal|66/100|[from] item: Rocky Helmet|[of] p1a: Quagsire
|-enditem|p1a: Quagsire|Rocky Helmet|[from] move: Knock Off|[of] p2a: Yveltal
|
|upkeep
|turn|163
|inactive|Tonymontana555 has 15 seconds left this turn.
|inactive|Tonymontana555 has 10 seconds left.
|
|t:|1645454503
|move|p2a: Yveltal|Taunt|p1a: Quagsire
|-start|p1a: Quagsire|move: Taunt
|cant|p1a: Quagsire|move: Taunt|Recover
|
|upkeep
|turn|164
|inactive|Tonymontana555 has 15 seconds left this turn.
|inactive|Tonymontana555 has 10 seconds left.
|
|t:|1645454513
|switch|p1a: Arceus|Arceus-Water|61/100
|move|p2a: Yveltal|Knock Off|p1a: Arceus
|-damage|p1a: Arceus|37/100
|
|upkeep
|turn|165
|inactive|Tonymontana555 has 15 seconds left this turn.
|inactive|Tonymontana555 has 10 seconds left.
|
|t:|1645454519
|move|p1a: Arceus|Recover|p1a: Arceus
|-heal|p1a: Arceus|87/100
|move|p2a: Yveltal|Taunt|p1a: Arceus
|-start|p1a: Arceus|move: Taunt
|
|upkeep
|turn|166
|inactive|Tonymontana555 has 15 seconds left this turn.
|inactive|Tonymontana555 has 10 seconds left.
|
|t:|1645454525
|move|p1a: Arceus|Judgment|p2a: Yveltal
|-damage|p2a: Yveltal|37/100
|move|p2a: Yveltal|Roost|p2a: Yveltal
|-heal|p2a: Yveltal|87/100
|-singleturn|p2a: Yveltal|move: Roost
|
|upkeep
|turn|167
|inactive|Tonymontana555 has 15 seconds left this turn.
|inactive|Tonymontana555 has 10 seconds left.
|
|t:|1645454533
|move|p1a: Arceus|Judgment|p2a: Yveltal
|-damage|p2a: Yveltal|58/100
|move|p2a: Yveltal|Knock Off|p1a: Arceus
|-damage|p1a: Arceus|62/100
|
|upkeep
|turn|168
|inactive|Tonymontana555 has 15 seconds left this turn.
|inactive|Tonymontana555 has 10 seconds left.
|
|t:|1645454539
|move|p1a: Arceus|Judgment|p2a: Yveltal
|-damage|p2a: Yveltal|31/100
|move|p2a: Yveltal|Roost|p2a: Yveltal
|-heal|p2a: Yveltal|81/100
|-singleturn|p2a: Yveltal|move: Roost
|
|-end|p1a: Arceus|move: Taunt
|upkeep
|turn|169
|inactive|Tonymontana555 has 15 seconds left this turn.
|inactive|Tonymontana555 has 10 seconds left.
|
|t:|1645454549
|switch|p2a: Eternatus|Eternatus|100/100
|-ability|p2a: Eternatus|Pressure
|move|p1a: Arceus|Calm Mind|p1a: Arceus
|-boost|p1a: Arceus|spa|1
|-boost|p1a: Arceus|spd|1
|
|upkeep
|turn|170
|inactive|Tonymontana555 has 15 seconds left this turn.
|inactive|Tonymontana555 has 10 seconds left.
|
|t:|1645454555
|move|p1a: Arceus|Recover|p1a: Arceus
|-heal|p1a: Arceus|100/100
|move|p2a: Eternatus|Dragon Tail|p1a: Arceus
|-damage|p1a: Arceus|91/100
|drag|p1a: Arceus|Arceus-Ground|16/100 tox
|
|-damage|p1a: Arceus|10/100 tox|[from] psn
|upkeep
|turn|171
|inactive|Tonymontana555 has 15 seconds left this turn.
|inactive|Tonymontana555 has 10 seconds left.
|
|t:|1645454563
|move|p2a: Eternatus|Sludge Bomb|p1a: Arceus
|-resisted|p1a: Arceus
|-damage|p1a: Arceus|0 fnt
|faint|p1a: Arceus
|
|upkeep
|inactive|Tonymontana555 has 15 seconds left this turn.
|inactive|Tonymontana555 has 10 seconds left.
|inactive|Tonymontana555 has 5 seconds left.
|
|t:|1645454574
|switch|p1a: Arceus|Arceus-Water|91/100
|turn|172
|inactive|Tonymontana555 has 10 seconds left this turn.
|
|t:|1645454578
|move|p1a: Arceus|Judgment|p2a: Eternatus
|-resisted|p2a: Eternatus
|-damage|p2a: Eternatus|87/100
|move|p2a: Eternatus|Toxic Spikes|p1a: Arceus
|-sidestart|p1: Tonymontana555|move: Toxic Spikes
|
|-heal|p2a: Eternatus|93/100|[from] item: Black Sludge
|upkeep
|turn|173
|inactive|Tonymontana555 has 15 seconds left this turn.
|inactive|Tonymontana555 has 10 seconds left.
|
|t:|1645454586
|switch|p1a: Lugia|Lugia|53/100
|move|p2a: Eternatus|Toxic Spikes|p1a: Lugia
|-sidestart|p1: Tonymontana555|move: Toxic Spikes
|
|-heal|p2a: Eternatus|99/100|[from] item: Black Sludge
|upkeep
|turn|174
|inactive|Tonymontana555 has 15 seconds left this turn.
|inactive|Tonymontana555 has 10 seconds left.
|
|t:|1645454593
|move|p1a: Lugia|Roost|p1a: Lugia
|-heal|p1a: Lugia|100/100
|-singleturn|p1a: Lugia|move: Roost
|move|p2a: Eternatus|Dragon Tail|p1a: Lugia
|-damage|p1a: Lugia|96/100
|drag|p1a: Arceus|Arceus-Water|91/100
|-status|p1a: Arceus|tox
|
|-heal|p2a: Eternatus|100/100|[from] item: Black Sludge
|-damage|p1a: Arceus|85/100 tox|[from] psn
|upkeep
|turn|175
|inactive|Tonymontana555 has 15 seconds left this turn.
|inactive|Tonymontana555 has 10 seconds left.
|inactive|Tonymontana555 has 5 seconds left.
|
|t:|1645454604
|switch|p2a: Necrozma|Necrozma-Dusk-Mane|93/100
|move|p1a: Arceus|Refresh|p1a: Arceus
|-curestatus|p1a: Arceus|tox|[msg]
|
|upkeep
|turn|176
|inactive|Tonymontana555 has 10 seconds left this turn.
|inactive|Tonymontana555 has 5 seconds left.
|
|t:|1645454610
|move|p1a: Arceus|Judgment|p2a: Necrozma
|-damage|p2a: Necrozma|54/100
|move|p2a: Necrozma|Stealth Rock|p1a: Arceus
|-sidestart|p1: Tonymontana555|move: Stealth Rock
|
|upkeep
|turn|177
|inactive|Tonymontana555 has 10 seconds left this turn.
|
|t:|1645454615
|move|p1a: Arceus|Calm Mind|p1a: Arceus
|-boost|p1a: Arceus|spa|1
|-boost|p1a: Arceus|spd|1
|move|p2a: Necrozma|Morning Sun|p2a: Necrozma
|-heal|p2a: Necrozma|100/100
|
|upkeep
|turn|178
|inactive|Tonymontana555 has 15 seconds left this turn.
|inactive|Tonymontana555 has 10 seconds left.
|
|t:|1645454620
|switch|p2a: Eternatus|Eternatus|100/100
|-ability|p2a: Eternatus|Pressure
|move|p1a: Arceus|Judgment|p2a: Eternatus
|-resisted|p2a: Eternatus
|-damage|p2a: Eternatus|81/100
|
|-heal|p2a: Eternatus|87/100|[from] item: Black Sludge
|upkeep
|turn|179
|inactive|Tonymontana555 has 15 seconds left this turn.
|inactive|Tonymontana555 has 10 seconds left.
|
|t:|1645454629
|move|p1a: Arceus|Judgment|p2a: Eternatus
|-resisted|p2a: Eternatus
|-damage|p2a: Eternatus|68/100
|move|p2a: Eternatus|Dragon Tail|p1a: Arceus
|-damage|p1a: Arceus|75/100
|drag|p1a: Quagsire|Quagsire, F|23/100
|-damage|p1a: Quagsire|17/100|[from] Stealth Rock
|-status|p1a: Quagsire|tox
|
|-heal|p2a: Eternatus|74/100|[from] item: Black Sludge
|-damage|p1a: Quagsire|11/100 tox|[from] psn
|upkeep
|turn|180
|inactive|Tonymontana555 has 15 seconds left this turn.
|inactive|Tonymontana555 has 10 seconds left.
|inactive|Tonymontana555 has 5 seconds left.
|
|t:|1645454641
|move|p2a: Eternatus|Sludge Bomb|p1a: Quagsire
|-resisted|p1a: Quagsire
|-damage|p1a: Quagsire|0 fnt
|faint|p1a: Quagsire
|
|-heal|p2a: Eternatus|80/100|[from] item: Black Sludge
|upkeep
|inactive|Tonymontana555 has 10 seconds left this turn.
|inactive|Tonymontana555 has 5 seconds left.
|
|t:|1645454647
|switch|p1a: Arceus|Arceus-Dark|24/100 tox
|-damage|p1a: Arceus|12/100 tox|[from] Stealth Rock
|turn|181
|inactive|Tonymontana555 has 10 seconds left this turn.
|
|t:|1645454653
|move|p2a: Eternatus|Sludge Bomb|p1a: Arceus
|-damage|p1a: Arceus|0 fnt
|faint|p1a: Arceus
|
|-heal|p2a: Eternatus|86/100|[from] item: Black Sludge
|upkeep
|inactive|Tonymontana555 has 15 seconds left this turn.
|inactive|Tonymontana555 has 10 seconds left.
|
|t:|1645454658
|switch|p1a: Arceus|Arceus-Water|75/100
|-damage|p1a: Arceus|62/100|[from] Stealth Rock
|-status|p1a: Arceus|tox
|turn|182
|inactive|Tonymontana555 has 15 seconds left this turn.
|
|t:|1645454670
|move|p1a: Arceus|Recover|p1a: Arceus
|-heal|p1a: Arceus|100/100 tox
|move|p2a: Eternatus|Dragon Tail|p1a: Arceus
|-damage|p1a: Arceus|90/100 tox
|drag|p1a: Chansey|Chansey, F|100/100
|-status|p1a: Chansey|tox
|-damage|p1a: Chansey|88/100 tox|[from] Stealth Rock
|
|-heal|p2a: Eternatus|93/100|[from] item: Black Sludge
|-damage|p1a: Chansey|82/100 tox|[from] psn
|upkeep
|turn|183
|inactive|Tonymontana555 has 20 seconds left this turn.
|inactive|Tonymontana555 has 15 seconds left.
|inactive|Tonymontana555 has 10 seconds left.
|
|t:|1645454680
|switch|p2a: Yveltal|Yveltal, shiny|81/100
|-ability|p2a: Yveltal|Dark Aura
|move|p1a: Chansey|Heal Bell|p1a: Chansey
|-activate|p1a: Chansey|move: Heal Bell
|-curestatus|p1a: Chansey|tox|[msg]
|-curestatus|p1: Arceus|tox|[msg]
|
|upkeep
|turn|184
|inactive|Tonymontana555 has 15 seconds left this turn.
|inactive|Tonymontana555 has 10 seconds left.
|
|t:|1645454690
|switch|p1a: Arceus|Arceus-Water|90/100
|-status|p1a: Arceus|tox
|-damage|p1a: Arceus|78/100 tox|[from] Stealth Rock
|move|p2a: Yveltal|Taunt|p1a: Arceus
|-start|p1a: Arceus|move: Taunt
|
|-damage|p1a: Arceus|72/100 tox|[from] psn
|upkeep
|turn|185
|inactive|Tonymontana555 has 15 seconds left this turn.
|inactive|Tonymontana555 has 10 seconds left.
|
|t:|1645454699
|switch|p1a: Lugia|Lugia|96/100
|-damage|p1a: Lugia|71/100|[from] Stealth Rock
|switch|p2a: Eternatus|Eternatus|93/100
|-ability|p2a: Eternatus|Pressure
|
|-heal|p2a: Eternatus|99/100|[from] item: Black Sludge
|upkeep
|turn|186
|inactive|Tonymontana555 has 15 seconds left this turn.
|inactive|Tonymontana555 has 10 seconds left.
|
|t:|1645454710
|switch|p2a: Chansey|Chansey, F|87/100
|move|p1a: Lugia|Roost|p1a: Lugia
|-heal|p1a: Lugia|100/100
|-singleturn|p1a: Lugia|move: Roost
|
|upkeep
|turn|187
|inactive|Tonymontana555 has 15 seconds left this turn.
|inactive|Tonymontana555 has 10 seconds left.
|
|t:|1645454717
|move|p1a: Lugia|Toxic|p2a: Chansey
|-status|p2a: Chansey|tox
|move|p2a: Chansey|Toxic|p1a: Lugia
|-status|p1a: Lugia|tox
|
|-damage|p1a: Lugia|94/100 tox|[from] psn
|-damage|p2a: Chansey|81/100 tox|[from] psn
|upkeep
|turn|188
|inactive|Tonymontana555 has 15 seconds left this turn.
|inactive|Tonymontana555 has 10 seconds left.
|
|t:|1645454725
|-curestatus|p2a: Chansey|tox|[from] ability: Natural Cure
|switch|p2a: Eternatus|Eternatus|99/100
|-ability|p2a: Eternatus|Pressure
|move|p1a: Lugia|Ice Beam|p2a: Eternatus
|-supereffective|p2a: Eternatus
|-crit|p2a: Eternatus
|-damage|p2a: Eternatus|69/100
|
|-heal|p2a: Eternatus|75/100|[from] item: Black Sludge
|-damage|p1a: Lugia|82/100 tox|[from] psn
|upkeep
|turn|189
|inactive|Tonymontana555 has 15 seconds left this turn.
|inactive|Tonymontana555 has 10 seconds left.
|inactive|Tonymontana555 has 5 seconds left.
|
|t:|1645454735
|move|p2a: Eternatus|Recover|p2a: Eternatus
|-heal|p2a: Eternatus|100/100
|move|p1a: Lugia|Ice Beam|p2a: Eternatus
|-supereffective|p2a: Eternatus
|-damage|p2a: Eternatus|79/100
|
|-heal|p2a: Eternatus|85/100|[from] item: Black Sludge
|-damage|p1a: Lugia|63/100 tox|[from] psn
|upkeep
|turn|190
|inactive|Tonymontana555 has 10 seconds left this turn.
|inactive|Tonymontana555 has 5 seconds left.
|
|t:|1645454744
|switch|p2a: Arceus|Arceus-Ground|100/100
|switch|p1a: Chansey|Chansey, F|82/100
|-status|p1a: Chansey|tox
|-damage|p1a: Chansey|69/100 tox|[from] Stealth Rock
|
|-damage|p1a: Chansey|63/100 tox|[from] psn
|upkeep
|turn|191
|inactive|Tonymontana555 has 10 seconds left this turn.
|inactive|Tonymontana555 has 5 seconds left.
|
|t:|1645454753
|move|p2a: Arceus|Calm Mind|p2a: Arceus
|-boost|p2a: Arceus|spa|1
|-boost|p2a: Arceus|spd|1
|move|p1a: Chansey|Heal Bell|p1a: Chansey
|-activate|p1a: Chansey|move: Heal Bell
|-curestatus|p1a: Chansey|tox|[msg]
|-curestatus|p1: Arceus|tox|[msg]
|-curestatus|p1: Lugia|tox|[msg]
|
|upkeep
|turn|192
|inactive|Tonymontana555 has 10 seconds left this turn.
|inactive|Tonymontana555 has 5 seconds left.
|
|t:|1645454763
|move|p2a: Arceus|Calm Mind|p2a: Arceus
|-boost|p2a: Arceus|spa|1
|-boost|p2a: Arceus|spd|1
|move|p1a: Chansey|Soft-Boiled|p1a: Chansey
|-heal|p1a: Chansey|100/100
|
|upkeep
|turn|193
|inactive|Tonymontana555 has 10 seconds left this turn.
|inactive|Tonymontana555 has 5 seconds left.
|
|t:|1645454769
|move|p2a: Arceus|Calm Mind|p2a: Arceus
|-boost|p2a: Arceus|spa|1
|-boost|p2a: Arceus|spd|1
|move|p1a: Chansey|Toxic|p2a: Arceus
|-status|p2a: Arceus|tox
|
|-damage|p2a: Arceus|94/100 tox|[from] psn
|upkeep
|turn|194
|inactive|Tonymontana555 has 10 seconds left this turn.
|inactive|Tonymontana555 has 5 seconds left.
|
|t:|1645454776
|move|p2a: Arceus|Judgment|p1a: Chansey
|-damage|p1a: Chansey|48/100
|move|p1a: Chansey|Seismic Toss|p2a: Arceus
|-damage|p2a: Arceus|72/100 tox
|
|-damage|p2a: Arceus|60/100 tox|[from] psn
|upkeep
|turn|195
|inactive|Tonymontana555 has 10 seconds left this turn.
|inactive|Tonymontana555 has 5 seconds left.
|
|t:|1645454784
|move|p2a: Arceus|Ice Beam|p1a: Chansey
|-damage|p1a: Chansey|22/100
|-status|p1a: Chansey|frz
|cant|p1a: Chansey|frz
|
|-damage|p2a: Arceus|41/100 tox|[from] psn
|upkeep
|turn|196
|inactive|Tonymontana555 has 10 seconds left this turn.
|inactive|Tonymontana555 has 5 seconds left.
|
|t:|1645454791
|move|p2a: Arceus|Ice Beam|p1a: Chansey
|-damage|p1a: Chansey|0 fnt
|faint|p1a: Chansey
|
|-damage|p2a: Arceus|17/100 tox|[from] psn
|upkeep
|inactive|Tonymontana555 has 5 seconds left this turn.
|-message|Tonymontana555 lost due to inactivity.
|
|win|Lord Rekkuza
|raw|Tonymontana555's rating: 1494 &rarr; <strong>1488</strong><br />(-6 for losing)
|raw|Lord Rekkuza's rating: 1791 &rarr; <strong>1797</strong><br />(+6 for winning)
