|j|☆S!lc00n
|j|☆xLeonisx
|t:|1644366753
|gametype|singles
|player|p1|S!lc00n|clown|1558
|player|p2|xLeonisx|265|1700
|teamsize|p1|6
|teamsize|p2|6
|gen|8
|tier|[Gen 8] National Dex AG
|rated|
|rule|HP Percentage Mod: HP is shown in percentages
|rule|Endless Battle Clause: Forcing endless battles is banned
|clearpoke
|poke|p1|Shuckle, M|
|poke|p1|Deoxys-Attack|
|poke|p1|Torterra, M|
|poke|p1|Wobbuffet, M|
|poke|p1|Ditto|
|poke|p1|Yveltal|
|poke|p2|Arceus-*|
|poke|p2|Calyrex-Shadow|
|poke|p2|Yveltal|
|poke|p2|Zacian-*|
|poke|p2|Ditto|
|poke|p2|Deoxys-Speed|
|teampreview
|inactive|Battle timer is ON: inactive players will automatically lose when time's up. (requested by xLeonisx)
|
|t:|1644366761
|start
|switch|p1a: Akupāra|Torterra, M|100/100
|switch|p2a: Calyrex|Calyrex-Shadow|100/100
|-ability|p2a: Calyrex|As One
|-ability|p2a: Calyrex|Unnerve
|turn|1
|
|t:|1644366767
|move|p2a: Calyrex|Astral Barrage|p1a: Akupāra
|-damage|p1a: Akupāra|16/100
|move|p1a: Akupāra|Earthquake|p2a: Calyrex
|-damage|p2a: Calyrex|39/100
|
|upkeep
|turn|2
|
|t:|1644366771
|move|p2a: Calyrex|Astral Barrage|p1a: Akupāra
|-damage|p1a: Akupāra|0 fnt
|faint|p1a: Akupāra
|-ability|p2a: Calyrex|Grim Neigh|boost
|-boost|p2a: Calyrex|spa|1
|
|upkeep
|
|t:|1644366780
|switch|p1a: Bird of Hermes|Yveltal|100/100
|-ability|p1a: Bird of Hermes|Dark Aura
|turn|3
|
|t:|1644366784
|switch|p2a: Zacian|Zacian-Crowned|100/100
|-ability|p2a: Zacian|Intrepid Sword|boost
|-boost|p2a: Zacian|atk|1
|move|p1a: Bird of Hermes|Sucker Punch||[still]
|-fail|p1a: Bird of Hermes
|
|upkeep
|turn|4
|
|t:|1644366791
|move|p2a: Zacian|Play Rough|p1a: Bird of Hermes
|-supereffective|p1a: Bird of Hermes
|-damage|p1a: Bird of Hermes|0 fnt
|faint|p1a: Bird of Hermes
|
|upkeep
|
|t:|1644366793
|switch|p1a: Comodín|Ditto|100/100
|-transform|p1a: Comodín|p2a: Zacian|[from] ability: Imposter
|-ability|p1a: Comodín|Intrepid Sword|boost
|-boost|p1a: Comodín|atk|1
|turn|5
|
|t:|1644366797
|switch|p2a: Deoxys|Deoxys-Speed|100/100
|-ability|p2a: Deoxys|Pressure
|move|p1a: Comodín|Behemoth Blade|p2a: Deoxys
|-enditem|p2a: Deoxys|Focus Sash
|-damage|p2a: Deoxys|1/100
|
|upkeep
|turn|6
|
|t:|1644366802
|move|p1a: Comodín|Behemoth Blade|p2a: Deoxys
|-damage|p2a: Deoxys|0 fnt
|faint|p2a: Deoxys
|
|upkeep
|
|t:|1644366804
|switch|p2a: Yveltal|Yveltal|100/100
|-ability|p2a: Yveltal|Dark Aura
|turn|7
|
|t:|1644366806
|move|p2a: Yveltal|Sucker Punch|p1a: Comodín
|-resisted|p1a: Comodín
|-damage|p1a: Comodín|70/100
|-damage|p2a: Yveltal|91/100|[from] item: Life Orb
|move|p1a: Comodín|Behemoth Blade|p2a: Yveltal
|-damage|p2a: Yveltal|0 fnt
|faint|p2a: Yveltal
|
|upkeep
|
|t:|1644366817
|switch|p2a: Arceus|Arceus|100/100
|turn|8
|
|t:|1644366844
|switch|p1a: Saitama|Wobbuffet, M|100/100
|move|p2a: Arceus|Extreme Speed|p1a: Saitama
|-damage|p1a: Saitama|63/100
|-damage|p2a: Arceus|91/100|[from] item: Life Orb
|
|-heal|p1a: Saitama|69/100|[from] item: Leftovers
|upkeep
|turn|9
|
|t:|1644366851
|move|p2a: Arceus|Shadow Claw|p1a: Saitama
|-supereffective|p1a: Saitama
|-damage|p1a: Saitama|23/100
|-damage|p2a: Arceus|81/100|[from] item: Life Orb
|move|p1a: Saitama|Counter|p2a: Arceus
|-damage|p2a: Arceus|0 fnt
|faint|p2a: Arceus
|
|-heal|p1a: Saitama|29/100|[from] item: Leftovers
|upkeep
|inactive|xLeonisx has 120 seconds left.
|
|t:|1644366868
|switch|p2a: Calyrex|Calyrex-Shadow|39/100
|-ability|p2a: Calyrex|As One
|-ability|p2a: Calyrex|Unnerve
|turn|10
|
|t:|1644366877
|move|p2a: Calyrex|Draining Kiss|p1a: Saitama
|-damage|p1a: Saitama|12/100
|-heal|p2a: Calyrex|61/100|[from] drain|[of] p1a: Saitama
|move|p1a: Saitama|Destiny Bond|p1a: Saitama
|-singlemove|p1a: Saitama|Destiny Bond
|
|-heal|p1a: Saitama|18/100|[from] item: Leftovers
|upkeep
|turn|11
|
|t:|1644366882
|move|p2a: Calyrex|Taunt|p1a: Saitama
|-start|p1a: Saitama|move: Taunt
|cant|p1a: Saitama|move: Taunt|Encore
|
|-heal|p1a: Saitama|24/100|[from] item: Leftovers
|upkeep
|turn|12
|
|t:|1644366885
|move|p2a: Calyrex|Draining Kiss|p1a: Saitama
|-damage|p1a: Saitama|8/100
|-heal|p2a: Calyrex|82/100|[from] drain|[of] p1a: Saitama
|move|p1a: Saitama|Mirror Coat|p2a: Calyrex
|-damage|p2a: Calyrex|25/100
|
|-heal|p1a: Saitama|14/100|[from] item: Leftovers
|upkeep
|turn|13
|
|t:|1644366896
|move|p2a: Calyrex|Draining Kiss|p1a: Saitama
|-damage|p1a: Saitama|0 fnt
|-heal|p2a: Calyrex|42/100|[from] drain|[of] p1a: Saitama
|faint|p1a: Saitama
|-ability|p2a: Calyrex|Grim Neigh|boost
|-boost|p2a: Calyrex|spa|1
|
|upkeep
|
|t:|1644366904
|switch|p1a: Comodín|Ditto|70/100
|-transform|p1a: Comodín|p2a: Calyrex|[from] ability: Imposter
|turn|14
|
|t:|1644366913
|switch|p2a: I COPY but faster|Ditto|100/100
|move|p1a: Comodín|Draining Kiss|p2a: I COPY but faster
|-damage|p2a: I COPY but faster|41/100
|-heal|p1a: Comodín|100/100|[from] drain|[of] p2a: I COPY but faster
|
|upkeep
|turn|15
|
|t:|1644366922
|move|p1a: Comodín|Draining Kiss|p2a: I COPY but faster
|-damage|p2a: I COPY but faster|0 fnt
|faint|p2a: I COPY but faster
|-ability|p1a: Comodín|Grim Neigh|boost
|-boost|p1a: Comodín|spa|1
|
|upkeep
|
|t:|1644366923
|switch|p2a: Zacian|Zacian-Crowned|100/100
|-ability|p2a: Zacian|Intrepid Sword|boost
|-boost|p2a: Zacian|atk|1
|turn|16
|
|t:|1644366927
|switch|p1a: Š.H.Ï.Ê.L.Đ.|Shuckle, M, shiny|100/100
|move|p2a: Zacian|Behemoth Blade|p1a: Š.H.Ï.Ê.L.Đ.
|-supereffective|p1a: Š.H.Ï.Ê.L.Đ.
|-damage|p1a: Š.H.Ï.Ê.L.Đ.|0 fnt
|faint|p1a: Š.H.Ï.Ê.L.Đ.
|
|upkeep
|
|t:|1644366930
|switch|p1a: Comodín|Ditto|100/100
|-transform|p1a: Comodín|p2a: Zacian|[from] ability: Imposter
|-ability|p1a: Comodín|Intrepid Sword|boost
|-boost|p1a: Comodín|atk|1
|turn|17
|
|t:|1644366935
|move|p1a: Comodín|Behemoth Blade|p2a: Zacian
|-damage|p2a: Zacian|0 fnt
|faint|p2a: Zacian
|
|upkeep
|
|t:|1644366937
|switch|p2a: Calyrex|Calyrex-Shadow|42/100
|-ability|p2a: Calyrex|As One
|-ability|p2a: Calyrex|Unnerve
|turn|18
|c|☆S!lc00n|Gg
|
|t:|1644366942
|-start|p2a: Calyrex|Dynamax
|-heal|p2a: Calyrex|42/100|[silent]
|move|p1a: Comodín|Behemoth Blade|p2a: Calyrex
|-crit|p2a: Calyrex
|-damage|p2a: Calyrex|0 fnt
|faint|p2a: Calyrex
|
|win|S!lc00n
|raw|S!lc00n's rating: 1558 &rarr; <strong>1586</strong><br />(+28 for winning)
|raw|xLeonisx's rating: 1700 &rarr; <strong>1672</strong><br />(-28 for losing)
|l|☆xLeonisx
