|j|☆BandorBoy
|j|☆rajof
|t:|1614825060
|player|p1|BandorBoy|schoolkid-gen4|1798
|player|p2|rajof|youngster-gen4|1859
|teamsize|p1|6
|teamsize|p2|6
|gametype|singles
|gen|8
|tier|[Gen 8] National Dex AG
|rated|
|clearpoke
|poke|p1|Rayquaza|
|poke|p1|Necrozma-Dusk-Mane|
|poke|p1|Arceus-*|
|poke|p1|Calyrex-Shadow|
|poke|p1|Groudon|
|poke|p1|Lugia|
|poke|p2|Arceus-*|
|poke|p2|Ditto|
|poke|p2|Chansey, F|
|poke|p2|Lugia|
|poke|p2|Groudon|
|poke|p2|Arceus-*|
|rule|HP Percentage Mod: HP is shown in percentages
|rule|Endless Battle Clause: Forcing endless battles is banned
|teampreview
|j| Not Jefff
|j| Beatboxing_Phantom
|
|t:|1614825079
|start
|switch|p1a: Groudon|Groudon|100/100
|switch|p2a: 그란돈|Groudon|100/100
|detailschange|p1a: Groudon|Groudon-Primal
|-primal|p1a: Groudon
|-weather|DesolateLand|[from] ability: Desolate Land|[of] p1a: Groudon
|detailschange|p2a: 그란돈|Groudon-Primal
|-primal|p2a: 그란돈
|turn|1
|inactive|Battle timer is ON: inactive players will automatically lose when time's up. (requested by BandorBoy)
|
|t:|1614825090
|switch|p2a: 루기아|Lugia|100/100
|move|p1a: Groudon|Earth Power|p2a: 루기아
|-immune|p2a: 루기아
|
|-weather|DesolateLand|[upkeep]
|upkeep
|turn|2
|
|t:|1614825094
|move|p1a: Groudon|Toxic|p2a: 루기아
|-status|p2a: 루기아|tox
|move|p2a: 루기아|Toxic|p1a: Groudon
|-status|p1a: Groudon|tox
|
|-weather|DesolateLand|[upkeep]
|-damage|p1a: Groudon|95/100 tox|[from] psn
|-damage|p2a: 루기아|94/100 tox|[from] psn
|upkeep
|turn|3
|
|t:|1614825098
|switch|p2a: 럭키|Chansey, F|100/100
|move|p1a: Groudon|Stealth Rock|p2a: 럭키
|-sidestart|p2: rajof|move: Stealth Rock
|
|-weather|DesolateLand|[upkeep]
|-damage|p1a: Groudon|83/100 tox|[from] psn
|upkeep
|turn|4
|
|t:|1614825104
|-weather|none
|switch|p1a: Rayquaza|Rayquaza|100/100
|-ability|p1a: Rayquaza|Air Lock
|move|p2a: 럭키|Wish|p2a: 럭키
|
|upkeep
|turn|5
|
|t:|1614825110
|switch|p2a: 루기아|Lugia|94/100 tox
|-damage|p2a: 루기아|69/100 tox|[from] Stealth Rock
|detailschange|p1a: Rayquaza|Rayquaza-Mega
|-mega|p1a: Rayquaza|Rayquaza|
|-weather|DeltaStream|[from] ability: Delta Stream|[of] p1a: Rayquaza
|move|p1a: Rayquaza|Dragon Dance|p1a: Rayquaza
|-boost|p1a: Rayquaza|atk|1
|-boost|p1a: Rayquaza|spe|1
|
|-weather|DeltaStream|[upkeep]
|-heal|p2a: 루기아|100/100 tox|[from] move: Wish|[wisher] 럭키
|-damage|p2a: 루기아|94/100 tox|[from] psn
|upkeep
|turn|6
|
|t:|1614825120
|move|p1a: Rayquaza|Dragon Ascent|p2a: 루기아
|-damage|p2a: 루기아|36/100 tox
|-unboost|p1a: Rayquaza|def|1
|-unboost|p1a: Rayquaza|spd|1
|-damage|p1a: Rayquaza|84/100|[from] item: Rocky Helmet|[of] p2a: 루기아
|move|p2a: 루기아|Defog|p1a: Rayquaza
|-unboost|p1a: Rayquaza|evasion|1
|-sideend|p2: rajof|Stealth Rock|[from] move: Defog|[of] p2a: 루기아
|
|-weather|DeltaStream|[upkeep]
|-damage|p2a: 루기아|23/100 tox|[from] psn
|upkeep
|turn|7
|
|t:|1614825128
|move|p1a: Rayquaza|Extreme Speed|p2a: 루기아
|-damage|p2a: 루기아|0 fnt
|-damage|p1a: Rayquaza|68/100|[from] item: Rocky Helmet|[of] p2a: 루기아
|faint|p2a: 루기아
|
|-weather|DeltaStream|[upkeep]
|upkeep
|
|t:|1614825130
|switch|p2a: 메타몽|Ditto|100/100
|-transform|p2a: 메타몽|p1a: Rayquaza|[from] ability: Imposter
|turn|8
|
|t:|1614825135
|switch|p1a: Calyrex|Calyrex-Shadow|100/100
|-ability|p1a: Calyrex|As One
|-ability|p1a: Calyrex|Unnerve|p2: rajof
|move|p2a: 메타몽|Extreme Speed|p1a: Calyrex
|-immune|p1a: Calyrex
|
|-weather|DeltaStream|[upkeep]
|upkeep
|turn|9
|
|t:|1614825142
|-weather|none
|switch|p2a: 악르세우스|Arceus-Dark|100/100
|move|p1a: Calyrex|Draining Kiss|p2a: 악르세우스
|-supereffective|p2a: 악르세우스
|-damage|p2a: 악르세우스|72/100
|
|upkeep
|turn|10
|
|t:|1614825149
|move|p1a: Calyrex|Draining Kiss|p2a: 악르세우스
|-supereffective|p2a: 악르세우스
|-damage|p2a: 악르세우스|45/100
|move|p2a: 악르세우스|Recover|p2a: 악르세우스
|-heal|p2a: 악르세우스|95/100
|
|upkeep
|turn|11
|
|t:|1614825152
|move|p1a: Calyrex|Encore|p2a: 악르세우스
|-start|p2a: 악르세우스|Encore
|move|p2a: 악르세우스|Recover|p2a: 악르세우스
|-heal|p2a: 악르세우스|100/100
|
|upkeep
|turn|12
|l| Beatboxing_Phantom
|
|t:|1614825155
|switch|p2a: 럭키|Chansey, F|100/100
|move|p1a: Calyrex|Draining Kiss|p2a: 럭키
|-damage|p2a: 럭키|94/100
|
|upkeep
|turn|13
|
|t:|1614825160
|switch|p1a: Groudon|Groudon-Primal|83/100 tox
|-weather|DesolateLand|[from] ability: Desolate Land|[of] p1a: Groudon
|move|p2a: 럭키|Wish|p2a: 럭키
|
|-weather|DesolateLand|[upkeep]
|-damage|p1a: Groudon|77/100 tox|[from] psn
|upkeep
|turn|14
|
|t:|1614825169
|move|p1a: Groudon|Stealth Rock|p2a: 럭키
|-sidestart|p2: rajof|move: Stealth Rock
|move|p2a: 럭키|Seismic Toss|p1a: Groudon
|-damage|p1a: Groudon|49/100 tox
|
|-weather|DesolateLand|[upkeep]
|-heal|p2a: 럭키|100/100|[from] move: Wish|[wisher] 럭키
|-damage|p1a: Groudon|37/100 tox|[from] psn
|upkeep
|turn|15
|
|t:|1614825172
|move|p1a: Groudon|Toxic|p2a: 럭키
|-status|p2a: 럭키|tox
|move|p2a: 럭키|Wish|p2a: 럭키
|
|-weather|DesolateLand|[upkeep]
|-damage|p1a: Groudon|19/100 tox|[from] psn
|-damage|p2a: 럭키|94/100 tox|[from] psn
|upkeep
|turn|16
|
|t:|1614825181
|move|p1a: Groudon|Lava Plume|p2a: 럭키
|-damage|p2a: 럭키|74/100 tox
|move|p2a: 럭키|Seismic Toss|p1a: Groudon
|-damage|p1a: Groudon|0 fnt
|faint|p1a: Groudon
|-weather|none
|
|-heal|p2a: 럭키|100/100 tox|[from] move: Wish|[wisher] 럭키
|-damage|p2a: 럭키|88/100 tox|[from] psn
|upkeep
|
|t:|1614825184
|switch|p1a: Arceus|Arceus|100/100
|turn|17
|
|t:|1614825189
|move|p1a: Arceus|Swords Dance|p1a: Arceus
|-boost|p1a: Arceus|atk|2
|move|p2a: 럭키|Toxic|p1a: Arceus
|-status|p1a: Arceus|tox
|
|-damage|p1a: Arceus|94/100 tox|[from] psn
|-damage|p2a: 럭키|70/100 tox|[from] psn
|upkeep
|turn|18
|
|t:|1614825194
|move|p1a: Arceus|Swords Dance|p1a: Arceus
|-boost|p1a: Arceus|atk|2
|move|p2a: 럭키|Wish|p2a: 럭키
|
|-heal|p1a: Arceus|100/100 tox|[from] item: Leftovers
|-damage|p1a: Arceus|88/100 tox|[from] psn
|-damage|p2a: 럭키|45/100 tox|[from] psn
|upkeep
|turn|19
|
|t:|1614825199
|move|p1a: Arceus|Extreme Speed|p2a: 럭키
|-damage|p2a: 럭키|0 fnt
|faint|p2a: 럭키
|
|-heal|p1a: Arceus|94/100 tox|[from] item: Leftovers
|-damage|p1a: Arceus|76/100 tox|[from] psn
|upkeep
|
|t:|1614825203
|switch|p2a: 메타몽|Ditto|100/100
|-damage|p2a: 메타몽|88/100|[from] Stealth Rock
|-transform|p2a: 메타몽|p1a: Arceus|[from] ability: Imposter
|turn|20
|
|t:|1614825215
|switch|p1a: Calyrex|Calyrex-Shadow|100/100
|-ability|p1a: Calyrex|As One
|-ability|p1a: Calyrex|Unnerve|p2: rajof
|move|p2a: 메타몽|Shadow Claw|p1a: Calyrex
|-supereffective|p1a: Calyrex
|-enditem|p1a: Calyrex|Focus Sash
|-damage|p1a: Calyrex|1/100
|
|upkeep
|turn|21
|
|t:|1614825221
|-start|p2a: 메타몽|Dynamax
|-heal|p2a: 메타몽|88/100|[silent]
|move|p1a: Calyrex|Draining Kiss|p2a: 메타몽
|-damage|p2a: 메타몽|78/100
|-heal|p1a: Calyrex|15/100|[from] drain|[of] p2a: 메타몽
|move|p2a: 메타몽|Max Strike|p1a: Calyrex
|-immune|p1a: Calyrex
|
|upkeep
|turn|22
|
|t:|1614825228
|switch|p1a: Arceus|Arceus|76/100 tox
|move|p2a: 메타몽|Max Strike|p1a: Arceus
|-damage|p1a: Arceus|0 fnt
|faint|p1a: Arceus
|
|upkeep
|c|☆BandorBoy|insane read
|
|t:|1614825235
|switch|p1a: Lugia|Lugia|100/100
|turn|23
|
|t:|1614825240
|move|p2a: 메타몽|Max Phantasm|p1a: Lugia
|-supereffective|p1a: Lugia
|-damage|p1a: Lugia|32/100
|-unboost|p1a: Lugia|def|1
|move|p1a: Lugia|Thunder Wave|p2a: 메타몽
|-status|p2a: 메타몽|par
|
|-end|p2a: 메타몽|Dynamax
|-heal|p2a: 메타몽|78/100 par|[silent]
|upkeep
|turn|24
|
|t:|1614825247
|move|p1a: Lugia|Roost|p1a: Lugia
|-heal|p1a: Lugia|82/100
|-singleturn|p1a: Lugia|move: Roost
|move|p2a: 메타몽|Shadow Claw|p1a: Lugia
|-supereffective|p1a: Lugia
|-damage|p1a: Lugia|0 fnt
|faint|p1a: Lugia
|
|upkeep
|
|t:|1614825251
|switch|p1a: Calyrex|Calyrex-Shadow|15/100
|-ability|p1a: Calyrex|As One
|-ability|p1a: Calyrex|Unnerve|p2: rajof
|turn|25
|
|t:|1614825255
|switch|p2a: 악르세우스|Arceus-Dark|100/100
|-damage|p2a: 악르세우스|88/100|[from] Stealth Rock
|move|p1a: Calyrex|Grass Knot|p2a: 악르세우스
|-damage|p2a: 악르세우스|52/100
|
|upkeep
|turn|26
|
|t:|1614825266
|move|p1a: Calyrex|Grass Knot|p2a: 악르세우스
|-damage|p2a: 악르세우스|21/100
|move|p2a: 악르세우스|Recover|p2a: 악르세우스
|-heal|p2a: 악르세우스|71/100
|
|upkeep
|turn|27
|
|t:|1614825270
|move|p1a: Calyrex|Encore|p2a: 악르세우스
|-start|p2a: 악르세우스|Encore
|move|p2a: 악르세우스|Recover|p2a: 악르세우스
|-heal|p2a: 악르세우스|100/100
|
|upkeep
|turn|28
|
|t:|1614825277
|switch|p2a: 아르세우스|Arceus-Fairy|100/100
|-damage|p2a: 아르세우스|88/100|[from] Stealth Rock
|move|p1a: Calyrex|Draining Kiss|p2a: 아르세우스
|-damage|p2a: 아르세우스|75/100
|-heal|p1a: Calyrex|27/100|[from] drain|[of] p2a: 아르세우스
|
|upkeep
|turn|29
|
|t:|1614825280
|move|p1a: Calyrex|Astral Barrage|p2a: 아르세우스
|-damage|p2a: 아르세우스|27/100
|move|p2a: 아르세우스|Judgment|p1a: Calyrex
|-damage|p1a: Calyrex|0 fnt
|faint|p1a: Calyrex
|
|upkeep
|
|t:|1614825283
|switch|p1a: Wall|Necrozma-Dusk-Mane|100/100
|turn|30
|
|t:|1614825289
|-start|p1a: Wall|Dynamax
|-heal|p1a: Wall|100/100|[silent]
|move|p2a: 아르세우스|Earth Power|p1a: Wall
|-supereffective|p1a: Wall
|-damage|p1a: Wall|85/100
|-enditem|p1a: Wall|Weakness Policy
|-boost|p1a: Wall|atk|2|[from] item: Weakness Policy
|-boost|p1a: Wall|spa|2|[from] item: Weakness Policy
|move|p1a: Wall|Max Mindstorm|p2a: 아르세우스
|-damage|p2a: 아르세우스|0 fnt
|-fieldstart|move: Psychic Terrain
|faint|p2a: 아르세우스
|
|upkeep
|
|t:|1614825309
|switch|p2a: 악르세우스|Arceus-Dark|100/100
|-damage|p2a: 악르세우스|88/100|[from] Stealth Rock
|turn|31
|
|t:|1614825312
|switch|p2a: 메타몽|Ditto|78/100 par
|-damage|p2a: 메타몽|65/100 par|[from] Stealth Rock
|-transform|p2a: 메타몽|p1a: Wall|[from] ability: Imposter
|move|p1a: Wall|Max Quake|p2a: 메타몽
|-supereffective|p2a: 메타몽
|-damage|p2a: 메타몽|0 fnt
|-boost|p1a: Wall|spd|1
|faint|p2a: 메타몽
|
|upkeep
|
|t:|1614825325
|switch|p2a: 그란돈|Groudon-Primal|100/100
|-damage|p2a: 그란돈|88/100|[from] Stealth Rock
|-weather|DesolateLand|[from] ability: Desolate Land|[of] p2a: 그란돈
|turn|32
|
|t:|1614825330
|move|p1a: Wall|Max Quake|p2a: 그란돈
|-supereffective|p2a: 그란돈
|-crit|p2a: 그란돈
|-damage|p2a: 그란돈|0 fnt
|-boost|p1a: Wall|spd|1
|faint|p2a: 그란돈
|-weather|none
|
|-end|p1a: Wall|Dynamax
|-heal|p1a: Wall|85/100|[silent]
|upkeep
|
|t:|1614825335
|switch|p2a: 악르세우스|Arceus-Dark|88/100
|-damage|p2a: 악르세우스|76/100|[from] Stealth Rock
|turn|33
|
|t:|1614825338
|move|p2a: 악르세우스|Calm Mind|p2a: 악르세우스
|-boost|p2a: 악르세우스|spa|1
|-boost|p2a: 악르세우스|spd|1
|move|p1a: Wall|Earthquake|p2a: 악르세우스
|-damage|p2a: 악르세우스|25/100
|
|upkeep
|turn|34
|
|t:|1614825346
|move|p2a: 악르세우스|Recover|p2a: 악르세우스
|-heal|p2a: 악르세우스|75/100
|move|p1a: Wall|Earthquake|p2a: 악르세우스
|-damage|p2a: 악르세우스|23/100
|
|-fieldend|move: Psychic Terrain
|upkeep
|turn|35
|
|t:|1614825351
|move|p2a: 악르세우스|Recover|p2a: 악르세우스
|-heal|p2a: 악르세우스|73/100
|move|p1a: Wall|Earthquake|p2a: 악르세우스
|-damage|p2a: 악르세우스|24/100
|
|upkeep
|turn|36
|
|t:|1614825356
|move|p2a: 악르세우스|Recover|p2a: 악르세우스
|-heal|p2a: 악르세우스|74/100
|move|p1a: Wall|Earthquake|p2a: 악르세우스
|-damage|p2a: 악르세우스|24/100
|
|upkeep
|turn|37
|
|t:|1614825360
|move|p2a: 악르세우스|Recover|p2a: 악르세우스
|-heal|p2a: 악르세우스|74/100
|move|p1a: Wall|Earthquake|p2a: 악르세우스
|-damage|p2a: 악르세우스|23/100
|
|upkeep
|turn|38
|
|t:|1614825365
|move|p2a: 악르세우스|Recover|p2a: 악르세우스
|-heal|p2a: 악르세우스|73/100
|move|p1a: Wall|Rock Blast|p2a: 악르세우스
|-damage|p2a: 악르세우스|60/100
|-damage|p2a: 악르세우스|48/100
|-damage|p2a: 악르세우스|35/100
|-hitcount|p2a: 악르세우스|3
|
|upkeep
|turn|39
|
|t:|1614825372
|move|p2a: 악르세우스|Recover|p2a: 악르세우스
|-heal|p2a: 악르세우스|85/100
|move|p1a: Wall|Earthquake|p2a: 악르세우스
|-damage|p2a: 악르세우스|33/100
|
|upkeep
|turn|40
|
|t:|1614825377
|move|p2a: 악르세우스|Recover|p2a: 악르세우스
|-heal|p2a: 악르세우스|83/100
|move|p1a: Wall|Earthquake|p2a: 악르세우스
|-damage|p2a: 악르세우스|31/100
|
|upkeep
|turn|41
|
|t:|1614825382
|move|p2a: 악르세우스|Recover|p2a: 악르세우스
|-heal|p2a: 악르세우스|81/100
|move|p1a: Wall|Earthquake|p2a: 악르세우스
|-damage|p2a: 악르세우스|31/100
|
|upkeep
|turn|42
|
|t:|1614825386
|move|p2a: 악르세우스|Recover|p2a: 악르세우스
|-heal|p2a: 악르세우스|81/100
|move|p1a: Wall|Earthquake|p2a: 악르세우스
|-damage|p2a: 악르세우스|34/100
|
|upkeep
|turn|43
|
|t:|1614825391
|move|p2a: 악르세우스|Recover|p2a: 악르세우스
|-heal|p2a: 악르세우스|84/100
|move|p1a: Wall|Earthquake|p2a: 악르세우스
|-damage|p2a: 악르세우스|34/100
|
|upkeep
|turn|44
|
|t:|1614825396
|move|p2a: 악르세우스|Judgment|p1a: Wall
|-supereffective|p1a: Wall
|-damage|p1a: Wall|37/100
|move|p1a: Wall|Earthquake|p2a: 악르세우스
|-damage|p2a: 악르세우스|0 fnt
|faint|p2a: 악르세우스
|
|win|BandorBoy
|c|☆BandorBoy|you're just wasting time lol
|c|☆BandorBoy|gg
|c|☆BandorBoy|nice try
|c|☆BandorBoy|wp
|l|☆rajof
|raw|BandorBoy's rating: 1798 &rarr; <strong>1822</strong><br />(+24 for winning)
|raw|rajof's rating: 1859 &rarr; <strong>1836</strong><br />(-23 for losing)
