|j|☆Siyui
|j|☆JAY100064
|t:|1623272119
|gametype|singles
|player|p1|Siyui|skierf|1341
|player|p2|JAY100064|preschooler|1373
|teamsize|p1|6
|teamsize|p2|6
|gen|8
|tier|[Gen 8] National Dex AG
|rated|
|rule|HP Percentage Mod: HP is shown in percentages
|rule|Endless Battle Clause: Forcing endless battles is banned
|clearpoke
|poke|p1|Scizor, F|
|poke|p1|Tyranitar, F|
|poke|p1|Nihilego|
|poke|p1|Excadrill, F|
|poke|p1|Jellicent, F|
|poke|p1|Ferrothorn, M|
|poke|p2|Arceus-*|
|poke|p2|Ferrothorn, F|
|poke|p2|Giratina|
|poke|p2|Sableye, F|
|poke|p2|Clefable, F|
|poke|p2|Ho-Oh|
|teampreview
|inactive|Battle timer is ON: inactive players will automatically lose when time's up. (requested by Siyui)
|c|☆JAY100064|;3
|inactive|Siyui has 120 seconds left.
|
|t:|1623272155
|start
|switch|p1a: Ferrothorn|Ferrothorn, M|100/100
|switch|p2a: Sableye|Sableye, F, shiny|100/100
|turn|1
|
|t:|1623272171
|move|p2a: Sableye|Will-O-Wisp|p1a: Ferrothorn
|-status|p1a: Ferrothorn|brn
|move|p1a: Ferrothorn|Gyro Ball|p2a: Sableye
|-crit|p2a: Sableye
|-damage|p2a: Sableye|70/100
|
|-damage|p1a: Ferrothorn|95/100 brn|[from] brn
|upkeep
|turn|2
|
|t:|1623272183
|move|p2a: Sableye|Recover|p2a: Sableye
|-heal|p2a: Sableye|100/100
|move|p1a: Ferrothorn|Stealth Rock|p2a: Sableye
|-sidestart|p2: JAY100064|move: Stealth Rock
|
|-damage|p1a: Ferrothorn|89/100 brn|[from] brn
|upkeep
|turn|3
|
|t:|1623272194
|switch|p2a: Giratina|Giratina, shiny|100/100
|-damage|p2a: Giratina|88/100|[from] Stealth Rock
|-ability|p2a: Giratina|Pressure
|move|p1a: Ferrothorn|Power Whip|p2a: Giratina
|-resisted|p2a: Giratina
|-damage|p2a: Giratina|82/100
|
|-heal|p2a: Giratina|88/100|[from] item: Leftovers
|-damage|p1a: Ferrothorn|83/100 brn|[from] brn
|upkeep
|turn|4
|
|t:|1623272208
|switch|p1a: Tyranitar|Tyranitar, F|100/100
|-weather|Sandstorm|[from] ability: Sand Stream|[of] p1a: Tyranitar
|move|p2a: Giratina|Defog|p1a: Tyranitar
|-unboost|p1a: Tyranitar|evasion|1
|-sideend|p2: JAY100064|Stealth Rock|[from] move: Defog|[of] p2a: Giratina
|
|-weather|Sandstorm|[upkeep]
|-damage|p2a: Giratina|82/100|[from] Sandstorm
|-heal|p2a: Giratina|88/100|[from] item: Leftovers
|upkeep
|turn|5
|
|t:|1623272223
|move|p2a: Giratina|Toxic|p1a: Tyranitar
|-status|p1a: Tyranitar|tox
|move|p1a: Tyranitar|Pursuit|p2a: Giratina
|-supereffective|p2a: Giratina
|-damage|p2a: Giratina|74/100
|
|-weather|Sandstorm|[upkeep]
|-damage|p2a: Giratina|68/100|[from] Sandstorm
|-heal|p2a: Giratina|74/100|[from] item: Leftovers
|-damage|p1a: Tyranitar|94/100 tox|[from] psn
|upkeep
|turn|6
|
|t:|1623272234
|switch|p1a: Excadrill|Excadrill, F|100/100
|move|p2a: Giratina|Dragon Tail|p1a: Excadrill
|-resisted|p1a: Excadrill
|-damage|p1a: Excadrill|85/100
|drag|p1a: Nihilego|Nihilego|100/100
|
|-weather|Sandstorm|[upkeep]
|-damage|p2a: Giratina|68/100|[from] Sandstorm
|-heal|p2a: Giratina|74/100|[from] item: Leftovers
|upkeep
|turn|7
|
|t:|1623272259
|move|p1a: Nihilego|Meteor Beam||[still]
|-prepare|p1a: Nihilego|Meteor Beam
|-boost|p1a: Nihilego|spa|1
|-enditem|p1a: Nihilego|Power Herb
|-anim|p1a: Nihilego|Meteor Beam|p2a: Giratina|[miss]
|-miss|p1a: Nihilego|p2a: Giratina
|move|p2a: Giratina|Dragon Tail|p1a: Nihilego|[miss]
|-miss|p2a: Giratina|p1a: Nihilego
|
|-weather|Sandstorm|[upkeep]
|-damage|p2a: Giratina|68/100|[from] Sandstorm
|-heal|p2a: Giratina|74/100|[from] item: Leftovers
|upkeep
|turn|8
|
|t:|1623272272
|move|p1a: Nihilego|Grass Knot|p2a: Giratina
|-resisted|p2a: Giratina
|-damage|p2a: Giratina|56/100
|move|p2a: Giratina|Dragon Tail|p1a: Nihilego
|-damage|p1a: Nihilego|62/100
|drag|p1a: Jellicent|Jellicent, F|100/100
|
|-weather|none
|-heal|p2a: Giratina|62/100|[from] item: Leftovers
|upkeep
|turn|9
|
|t:|1623272289
|switch|p2a: Ferrothorn|Ferrothorn, F|100/100
|move|p1a: Jellicent|Toxic|p2a: Ferrothorn
|-immune|p2a: Ferrothorn
|
|upkeep
|turn|10
|
|t:|1623272296
|switch|p1a: Ferrothorn|Ferrothorn, M|83/100 brn
|move|p2a: Ferrothorn|Leech Seed|p1a: Ferrothorn
|-immune|p1a: Ferrothorn
|
|-damage|p1a: Ferrothorn|77/100 brn|[from] brn
|upkeep
|turn|11
|
|t:|1623272306
|move|p2a: Ferrothorn|Protect|p2a: Ferrothorn
|-singleturn|p2a: Ferrothorn|Protect
|move|p1a: Ferrothorn|Stealth Rock|p2a: Ferrothorn
|-sidestart|p2: JAY100064|move: Stealth Rock
|
|-damage|p1a: Ferrothorn|71/100 brn|[from] brn
|upkeep
|turn|12
|
|t:|1623272314
|switch|p2a: Giratina|Giratina, shiny|62/100
|-damage|p2a: Giratina|50/100|[from] Stealth Rock
|-ability|p2a: Giratina|Pressure
|move|p1a: Ferrothorn|Spikes|p2a: Giratina
|-sidestart|p2: JAY100064|Spikes
|
|-heal|p2a: Giratina|56/100|[from] item: Leftovers
|-damage|p1a: Ferrothorn|65/100 brn|[from] brn
|upkeep
|turn|13
|
|t:|1623272324
|move|p2a: Giratina|Defog|p1a: Ferrothorn
|-unboost|p1a: Ferrothorn|evasion|1
|-sideend|p2: JAY100064|Spikes|[from] move: Defog|[of] p2a: Giratina
|-sideend|p2: JAY100064|Stealth Rock|[from] move: Defog|[of] p2a: Giratina
|move|p1a: Ferrothorn|Gyro Ball|p2a: Giratina
|-damage|p2a: Giratina|42/100
|
|-heal|p2a: Giratina|48/100|[from] item: Leftovers
|-damage|p1a: Ferrothorn|59/100 brn|[from] brn
|upkeep
|turn|14
|
|t:|1623272334
|switch|p1a: Tyranitar|Tyranitar, F|94/100 tox
|-weather|Sandstorm|[from] ability: Sand Stream|[of] p1a: Tyranitar
|move|p2a: Giratina|Rest|p2a: Giratina
|-status|p2a: Giratina|slp|[from] move: Rest
|-heal|p2a: Giratina|100/100 slp|[silent]
|
|-weather|Sandstorm|[upkeep]
|-damage|p2a: Giratina|94/100 slp|[from] Sandstorm
|-heal|p2a: Giratina|100/100 slp|[from] item: Leftovers
|-heal|p1a: Tyranitar|100/100 tox|[from] item: Leftovers
|-damage|p1a: Tyranitar|94/100 tox|[from] psn
|upkeep
|turn|15
|
|t:|1623272357
|switch|p2a: Ferrothorn|Ferrothorn, F|100/100
|switch|p1a: Excadrill|Excadrill, F|85/100
|
|-weather|Sandstorm|[upkeep]
|upkeep
|turn|16
|
|t:|1623272372
|move|p2a: Ferrothorn|Protect|p2a: Ferrothorn
|-singleturn|p2a: Ferrothorn|Protect
|move|p1a: Excadrill|Earthquake|p2a: Ferrothorn
|-activate|p2a: Ferrothorn|move: Protect
|
|-weather|Sandstorm|[upkeep]
|upkeep
|turn|17
|
|t:|1623272380
|switch|p1a: Ferrothorn|Ferrothorn, M|59/100 brn
|switch|p2a: Ho-Oh|Ho-Oh, shiny|100/100
|
|-weather|Sandstorm|[upkeep]
|-damage|p2a: Ho-Oh|94/100|[from] Sandstorm
|-heal|p2a: Ho-Oh|100/100|[from] item: Leftovers
|-damage|p1a: Ferrothorn|53/100 brn|[from] brn
|upkeep
|turn|18
|inactive|JAY100064 has 120 seconds left.
|
|t:|1623272406
|move|p2a: Ho-Oh|Toxic||[still]
|-fail|p2a: Ho-Oh
|move|p1a: Ferrothorn|Stealth Rock|p2a: Ho-Oh
|-sidestart|p2: JAY100064|move: Stealth Rock
|
|-weather|none
|-damage|p1a: Ferrothorn|47/100 brn|[from] brn
|upkeep
|turn|19
|
|t:|1623272415
|switch|p2a: Giratina|Giratina, shiny|100/100 slp
|-damage|p2a: Giratina|88/100 slp|[from] Stealth Rock
|-ability|p2a: Giratina|Pressure
|switch|p1a: Tyranitar|Tyranitar, F|94/100 tox
|-weather|Sandstorm|[from] ability: Sand Stream|[of] p1a: Tyranitar
|
|-weather|Sandstorm|[upkeep]
|-damage|p2a: Giratina|82/100 slp|[from] Sandstorm
|-heal|p2a: Giratina|88/100 slp|[from] item: Leftovers
|-heal|p1a: Tyranitar|100/100 tox|[from] item: Leftovers
|-damage|p1a: Tyranitar|94/100 tox|[from] psn
|upkeep
|turn|20
|inactive|JAY100064 has 120 seconds left.
|
|t:|1623272433
|cant|p2a: Giratina|slp
|move|p1a: Tyranitar|Foul Play|p2a: Giratina
|-supereffective|p2a: Giratina
|-damage|p2a: Giratina|57/100 slp
|
|-weather|Sandstorm|[upkeep]
|-damage|p2a: Giratina|51/100 slp|[from] Sandstorm
|-heal|p2a: Giratina|57/100 slp|[from] item: Leftovers
|-heal|p1a: Tyranitar|100/100 tox|[from] item: Leftovers
|-damage|p1a: Tyranitar|88/100 tox|[from] psn
|upkeep
|turn|21
|inactive|JAY100064 has 120 seconds left.
|
|t:|1623272448
|cant|p2a: Giratina|slp
|move|p1a: Tyranitar|Foul Play|p2a: Giratina
|-supereffective|p2a: Giratina
|-damage|p2a: Giratina|31/100 slp
|
|-weather|Sandstorm|[upkeep]
|-damage|p2a: Giratina|25/100 slp|[from] Sandstorm
|-heal|p2a: Giratina|31/100 slp|[from] item: Leftovers
|-heal|p1a: Tyranitar|94/100 tox|[from] item: Leftovers
|-damage|p1a: Tyranitar|76/100 tox|[from] psn
|upkeep
|turn|22
|inactive|JAY100064 has 120 seconds left.
|
|t:|1623272464
|switch|p2a: Clefable|Clefable, F, shiny|100/100
|-damage|p2a: Clefable|88/100|[from] Stealth Rock
|move|p1a: Tyranitar|Foul Play|p2a: Clefable
|-resisted|p2a: Clefable
|-damage|p2a: Clefable|78/100
|
|-weather|Sandstorm|[upkeep]
|-damage|p2a: Clefable|72/100|[from] Sandstorm
|-heal|p1a: Tyranitar|82/100 tox|[from] item: Leftovers
|-heal|p2a: Clefable|78/100|[from] item: Leftovers
|-damage|p1a: Tyranitar|57/100 tox|[from] psn
|upkeep
|turn|23
|inactive|JAY100064 has 120 seconds left.
|
|t:|1623272480
|switch|p1a: Ferrothorn|Ferrothorn, M|47/100 brn
|move|p2a: Clefable|Wish|p2a: Clefable
|
|-weather|none
|-heal|p2a: Clefable|84/100|[from] item: Leftovers
|-damage|p1a: Ferrothorn|41/100 brn|[from] brn
|upkeep
|turn|24
|
|t:|1623272489
|switch|p2a: Giratina|Giratina, shiny|31/100 slp
|-damage|p2a: Giratina|19/100 slp|[from] Stealth Rock
|-ability|p2a: Giratina|Pressure
|move|p1a: Ferrothorn|Spikes|p2a: Giratina
|-sidestart|p2: JAY100064|Spikes
|
|-heal|p2a: Giratina|58/100 slp|[from] move: Wish|[wisher] Clefable
|-heal|p2a: Giratina|64/100 slp|[from] item: Leftovers
|-damage|p1a: Ferrothorn|35/100 brn|[from] brn
|upkeep
|turn|25
|inactive|JAY100064 has 120 seconds left.
|
|t:|1623272504
|switch|p1a: Jellicent|Jellicent, F|100/100
|-curestatus|p2a: Giratina|slp|[msg]
|move|p2a: Giratina|Defog|p1a: Jellicent
|-unboost|p1a: Jellicent|evasion|1
|-sideend|p2: JAY100064|Spikes|[from] move: Defog|[of] p2a: Giratina
|-sideend|p2: JAY100064|Stealth Rock|[from] move: Defog|[of] p2a: Giratina
|
|-heal|p2a: Giratina|70/100|[from] item: Leftovers
|upkeep
|turn|26
|inactive|JAY100064 has 120 seconds left.
|
|t:|1623272529
|switch|p2a: Ferrothorn|Ferrothorn, F|100/100
|move|p1a: Jellicent|Toxic|p2a: Ferrothorn
|-immune|p2a: Ferrothorn
|
|upkeep
|turn|27
|
|t:|1623272537
|switch|p1a: Ferrothorn|Ferrothorn, M|35/100 brn
|switch|p2a: Ho-Oh|Ho-Oh, shiny|100/100
|
|-damage|p1a: Ferrothorn|29/100 brn|[from] brn
|upkeep
|turn|28
|
|t:|1623272548
|switch|p1a: Tyranitar|Tyranitar, F|57/100 tox
|-weather|Sandstorm|[from] ability: Sand Stream|[of] p1a: Tyranitar
|move|p2a: Ho-Oh|Sacred Fire|p1a: Tyranitar
|-resisted|p1a: Tyranitar
|-damage|p1a: Tyranitar|41/100 tox
|
|-weather|Sandstorm|[upkeep]
|-damage|p2a: Ho-Oh|94/100|[from] Sandstorm
|-heal|p2a: Ho-Oh|100/100|[from] item: Leftovers
|-heal|p1a: Tyranitar|47/100 tox|[from] item: Leftovers
|-damage|p1a: Tyranitar|41/100 tox|[from] psn
|upkeep
|turn|29
|inactive|JAY100064 has 120 seconds left.
|
|t:|1623272564
|switch|p2a: Arceus|Arceus-Ground, shiny|100/100
|move|p1a: Tyranitar|Rest|p1a: Tyranitar
|-status|p1a: Tyranitar|slp|[from] move: Rest
|-heal|p1a: Tyranitar|100/100 slp|[silent]
|
|-weather|Sandstorm|[upkeep]
|upkeep
|turn|30
|
|t:|1623272576
|switch|p1a: Ferrothorn|Ferrothorn, M|29/100 brn
|move|p2a: Arceus|Stealth Rock|p1a: Ferrothorn
|-sidestart|p1: Siyui|move: Stealth Rock
|
|-weather|Sandstorm|[upkeep]
|-damage|p1a: Ferrothorn|23/100 brn|[from] brn
|upkeep
|turn|31
|inactive|JAY100064 has 120 seconds left.
|
|t:|1623272587
|switch|p2a: Ho-Oh|Ho-Oh, shiny|100/100
|move|p1a: Ferrothorn|Power Whip|p2a: Ho-Oh
|-resisted|p2a: Ho-Oh
|-damage|p2a: Ho-Oh|96/100
|
|-weather|Sandstorm|[upkeep]
|-damage|p2a: Ho-Oh|90/100|[from] Sandstorm
|-heal|p2a: Ho-Oh|96/100|[from] item: Leftovers
|-damage|p1a: Ferrothorn|17/100 brn|[from] brn
|upkeep
|turn|32
|inactive|JAY100064 has 120 seconds left.
|
|t:|1623272600
|switch|p2a: Arceus|Arceus-Ground, shiny|100/100
|move|p1a: Ferrothorn|Stealth Rock|p2a: Arceus
|-sidestart|p2: JAY100064|move: Stealth Rock
|
|-weather|none
|-damage|p1a: Ferrothorn|11/100 brn|[from] brn
|upkeep
|turn|33
|inactive|JAY100064 has 120 seconds left.
|
|t:|1623272611
|switch|p2a: Giratina|Giratina, shiny|70/100
|-damage|p2a: Giratina|58/100|[from] Stealth Rock
|-ability|p2a: Giratina|Pressure
|switch|p1a: Jellicent|Jellicent, F|100/100
|-damage|p1a: Jellicent|88/100|[from] Stealth Rock
|
|-heal|p2a: Giratina|64/100|[from] item: Leftovers
|upkeep
|turn|34
|inactive|JAY100064 has 120 seconds left.
|
|t:|1623272628
|switch|p2a: Ferrothorn|Ferrothorn, F|100/100
|-damage|p2a: Ferrothorn|95/100|[from] Stealth Rock
|move|p1a: Jellicent|Toxic|p2a: Ferrothorn
|-immune|p2a: Ferrothorn
|
|-heal|p2a: Ferrothorn|100/100|[from] item: Leftovers
|upkeep
|turn|35
|inactive|JAY100064 has 120 seconds left.
|
|t:|1623272651
|switch|p1a: Nihilego|Nihilego|62/100
|-damage|p1a: Nihilego|50/100|[from] Stealth Rock
|move|p2a: Ferrothorn|Leech Seed|p1a: Nihilego
|-start|p1a: Nihilego|move: Leech Seed
|
|-damage|p1a: Nihilego|37/100|[from] Leech Seed|[of] p2a: Ferrothorn
|upkeep
|turn|36
|
|t:|1623272663
|switch|p1a: Ferrothorn|Ferrothorn, M|11/100 brn
|-damage|p1a: Ferrothorn|5/100 brn|[from] Stealth Rock
|switch|p2a: Giratina|Giratina, shiny|64/100
|-damage|p2a: Giratina|51/100|[from] Stealth Rock
|-ability|p2a: Giratina|Pressure
|
|-heal|p2a: Giratina|58/100|[from] item: Leftovers
|-damage|p1a: Ferrothorn|0 fnt|[from] brn
|faint|p1a: Ferrothorn
|upkeep
|inactive|Siyui has 120 seconds left.
|
|t:|1623272686
|switch|p1a: Excadrill|Excadrill, F|85/100
|-damage|p1a: Excadrill|82/100|[from] Stealth Rock
|turn|37
|inactive|JAY100064 has 120 seconds left.
|
|t:|1623272699
|-start|p1a: Excadrill|Dynamax
|-heal|p1a: Excadrill|82/100|[silent]
|move|p1a: Excadrill|Max Phantasm|p2a: Giratina
|-supereffective|p2a: Giratina
|-damage|p2a: Giratina|13/100
|-unboost|p2a: Giratina|def|1
|move|p2a: Giratina|Defog|p1a: Excadrill
|-unboost|p1a: Excadrill|evasion|1
|-sideend|p1: Siyui|Stealth Rock|[from] move: Defog|[of] p2a: Giratina
|-sideend|p2: JAY100064|Stealth Rock|[from] move: Defog|[of] p2a: Giratina
|
|-heal|p2a: Giratina|20/100|[from] item: Leftovers
|upkeep
|turn|38
|inactive|JAY100064 has 120 seconds left.
|
|t:|1623272717
|switch|p2a: Ho-Oh|Ho-Oh, shiny|100/100
|move|p1a: Excadrill|Max Phantasm|p2a: Ho-Oh
|-damage|p2a: Ho-Oh|71/100
|-unboost|p2a: Ho-Oh|def|1
|
|-heal|p2a: Ho-Oh|77/100|[from] item: Leftovers
|upkeep
|turn|39
|
|t:|1623272728
|move|p1a: Excadrill|Max Phantasm|p2a: Ho-Oh
|-damage|p2a: Ho-Oh|26/100
|-unboost|p2a: Ho-Oh|def|1
|move|p2a: Ho-Oh|Sacred Fire|p1a: Excadrill
|-supereffective|p1a: Excadrill
|-damage|p1a: Excadrill|24/100
|
|-heal|p2a: Ho-Oh|32/100|[from] item: Leftovers
|-end|p1a: Excadrill|Dynamax
|-heal|p1a: Excadrill|24/100|[silent]
|upkeep
|turn|40
|
|t:|1623272745
|switch|p2a: Clefable|Clefable, F, shiny|84/100
|move|p1a: Excadrill|Shadow Claw|p2a: Clefable
|-damage|p2a: Clefable|40/100
|
|-heal|p2a: Clefable|46/100|[from] item: Leftovers
|upkeep
|turn|41
|
|t:|1623272753
|move|p2a: Clefable|Protect|p2a: Clefable
|-singleturn|p2a: Clefable|Protect
|move|p1a: Excadrill|Shadow Claw|p2a: Clefable
|-activate|p2a: Clefable|move: Protect
|
|-heal|p2a: Clefable|52/100|[from] item: Leftovers
|upkeep
|turn|42
|
|t:|1623272771
|switch|p1a: Nihilego|Nihilego|37/100
|move|p2a: Clefable|Wish|p2a: Clefable
|
|-heal|p2a: Clefable|58/100|[from] item: Leftovers
|upkeep
|turn|43
|
|t:|1623272779
|switch|p2a: Giratina|Giratina, shiny|20/100
|-ability|p2a: Giratina|Pressure
|move|p1a: Nihilego|Meteor Beam||[still]
|-prepare|p1a: Nihilego|Meteor Beam
|-boost|p1a: Nihilego|spa|1
|
|-heal|p2a: Giratina|59/100|[from] move: Wish|[wisher] Clefable
|-heal|p2a: Giratina|65/100|[from] item: Leftovers
|upkeep
|turn|44
|
|t:|1623272794
|move|p1a: Nihilego|Meteor Beam|p2a: Giratina|[from]lockedmove
|-damage|p2a: Giratina|8/100
|move|p2a: Giratina|Rest|p2a: Giratina
|-status|p2a: Giratina|slp|[from] move: Rest
|-heal|p2a: Giratina|100/100 slp|[silent]
|
|upkeep
|turn|45
|
|t:|1623272805
|switch|p2a: Arceus|Arceus-Ground, shiny|100/100
|move|p1a: Nihilego|Meteor Beam||[still]
|-prepare|p1a: Nihilego|Meteor Beam
|-boost|p1a: Nihilego|spa|1
|
|upkeep
|turn|46
|
|t:|1623272815
|-start|p2a: Arceus|Dynamax
|-heal|p2a: Arceus|100/100|[silent]
|move|p2a: Arceus|Max Quake|p1a: Nihilego
|-supereffective|p1a: Nihilego
|-damage|p1a: Nihilego|0 fnt
|-boost|p2a: Arceus|spd|1
|faint|p1a: Nihilego
|
|upkeep
|
|t:|1623272824
|switch|p1a: Jellicent|Jellicent, F|88/100
|turn|47
|inactive|JAY100064 has 120 seconds left.
|
|t:|1623272831
|move|p2a: Arceus|Max Quake|p1a: Jellicent
|-damage|p1a: Jellicent|50/100
|-boost|p2a: Arceus|spd|1
|move|p1a: Jellicent|Toxic|p2a: Arceus
|-status|p2a: Arceus|tox
|
|-damage|p2a: Arceus|97/100 tox|[from] psn
|upkeep
|turn|48
|inactive|JAY100064 has 120 seconds left.
|
|t:|1623272841
|move|p2a: Arceus|Max Quake|p1a: Jellicent
|-damage|p1a: Jellicent|11/100
|-boost|p2a: Arceus|spd|1
|-enditem|p1a: Jellicent|Aguav Berry|[eat]
|-heal|p1a: Jellicent|44/100|[from] item: Aguav Berry
|move|p1a: Jellicent|Recover|p1a: Jellicent
|-heal|p1a: Jellicent|94/100
|
|-damage|p2a: Arceus|91/100 tox|[from] psn
|-end|p2a: Arceus|Dynamax
|-heal|p2a: Arceus|91/100 tox|[silent]
|upkeep
|turn|49
|inactive|JAY100064 has 120 seconds left.
|
|t:|1623272858
|move|p2a: Arceus|Stealth Rock|p1a: Jellicent
|-sidestart|p1: Siyui|move: Stealth Rock
|move|p1a: Jellicent|Recover|p1a: Jellicent
|-heal|p1a: Jellicent|100/100
|
|-damage|p2a: Arceus|73/100 tox|[from] psn
|upkeep
|turn|50
|inactive|JAY100064 has 120 seconds left.
|
|t:|1623272873
|switch|p2a: Sableye|Sableye, F, shiny|100/100
|move|p1a: Jellicent|Scald|p2a: Sableye
|-damage|p2a: Sableye|60/100
|
|upkeep
|turn|51
|inactive|JAY100064 has 120 seconds left.
|
|t:|1623272883
|switch|p1a: Excadrill|Excadrill, F|24/100
|-damage|p1a: Excadrill|21/100|[from] Stealth Rock
|detailschange|p2a: Sableye|Sableye-Mega, F, shiny
|-mega|p2a: Sableye|Sableye|Sablenite
|move|p2a: Sableye|Fake Out|p1a: Excadrill
|-resisted|p1a: Excadrill
|-damage|p1a: Excadrill|15/100
|
|upkeep
|turn|52
|
|t:|1623272895
|move|p1a: Excadrill|Iron Head|p2a: Sableye
|-damage|p2a: Sableye|14/100
|move|p2a: Sableye|Recover|p2a: Sableye
|-heal|p2a: Sableye|64/100
|
|upkeep
|turn|53
|
|t:|1623272901
|move|p1a: Excadrill|Iron Head|p2a: Sableye
|-damage|p2a: Sableye|13/100
|cant|p2a: Sableye|flinch
|
|upkeep
|turn|54
|
|t:|1623272909
|switch|p2a: Ho-Oh|Ho-Oh, shiny|65/100
|move|p1a: Excadrill|Iron Head|p2a: Ho-Oh
|-resisted|p2a: Ho-Oh
|-damage|p2a: Ho-Oh|42/100
|
|-heal|p2a: Ho-Oh|48/100|[from] item: Leftovers
|upkeep
|turn|55
|
|t:|1623272918
|switch|p1a: Tyranitar|Tyranitar, F|100/100 slp
|-damage|p1a: Tyranitar|88/100 slp|[from] Stealth Rock
|-weather|Sandstorm|[from] ability: Sand Stream|[of] p1a: Tyranitar
|move|p2a: Ho-Oh|Recover|p2a: Ho-Oh
|-heal|p2a: Ho-Oh|98/100
|
|-weather|Sandstorm|[upkeep]
|-damage|p2a: Ho-Oh|92/100|[from] Sandstorm
|-heal|p2a: Ho-Oh|98/100|[from] item: Leftovers
|-heal|p1a: Tyranitar|94/100 slp|[from] item: Leftovers
|upkeep
|turn|56
|
|t:|1623272934
|switch|p2a: Sableye|Sableye-Mega, F, shiny|13/100
|cant|p1a: Tyranitar|slp
|
|-weather|Sandstorm|[upkeep]
|-damage|p2a: Sableye|7/100|[from] Sandstorm
|-heal|p1a: Tyranitar|100/100 slp|[from] item: Leftovers
|upkeep
|turn|57
|
|t:|1623272947
|switch|p1a: Jellicent|Jellicent, F|100/100
|-damage|p1a: Jellicent|88/100|[from] Stealth Rock
|move|p2a: Sableye|Recover|p2a: Sableye
|-heal|p2a: Sableye|58/100
|
|-weather|Sandstorm|[upkeep]
|-damage|p1a: Jellicent|82/100|[from] Sandstorm
|-damage|p2a: Sableye|52/100|[from] Sandstorm
|upkeep
|turn|58
|
|t:|1623272959
|move|p1a: Jellicent|Scald|p2a: Sableye
|-damage|p2a: Sableye|29/100
|move|p2a: Sableye|Recover|p2a: Sableye
|-heal|p2a: Sableye|79/100
|
|-weather|Sandstorm|[upkeep]
|-damage|p1a: Jellicent|76/100|[from] Sandstorm
|-damage|p2a: Sableye|73/100|[from] Sandstorm
|upkeep
|turn|59
|
|t:|1623272970
|move|p1a: Jellicent|Scald|p2a: Sableye
|-damage|p2a: Sableye|50/100
|-status|p2a: Sableye|brn
|move|p2a: Sableye|Recover|p2a: Sableye
|-heal|p2a: Sableye|100/100 brn
|
|-weather|none
|-damage|p2a: Sableye|95/100 brn|[from] brn
|upkeep
|turn|60
|
|t:|1623272986
|switch|p2a: Clefable|Clefable, F, shiny|58/100
|move|p1a: Jellicent|Hex|p2a: Clefable
|-damage|p2a: Clefable|44/100
|
|-heal|p2a: Clefable|50/100|[from] item: Leftovers
|upkeep
|turn|61
|
|t:|1623272996
|move|p2a: Clefable|Wish|p2a: Clefable
|move|p1a: Jellicent|Toxic|p2a: Clefable
|-status|p2a: Clefable|tox
|
|-heal|p2a: Clefable|56/100 tox|[from] item: Leftovers
|-damage|p2a: Clefable|50/100 tox|[from] psn
|upkeep
|turn|62
|
|t:|1623273015
|switch|p1a: Excadrill|Excadrill, F|15/100
|-damage|p1a: Excadrill|12/100|[from] Stealth Rock
|move|p2a: Clefable|Heal Bell|p2a: Clefable
|-activate|p2a: Clefable|move: Heal Bell
|-curestatus|p2a: Clefable|tox|[msg]
|-curestatus|p2: Arceus|tox|[msg]
|-curestatus|p2: Sableye|brn|[msg]
|-curestatus|p2: Giratina|slp|[msg]
|
|-heal|p2a: Clefable|99/100|[from] move: Wish|[wisher] Clefable
|-heal|p2a: Clefable|100/100|[from] item: Leftovers
|upkeep
|turn|63
|-message|Siyui forfeited.
|
|win|JAY100064
|l|☆Siyui
|raw|Siyui's rating: 1341 &rarr; <strong>1324</strong><br />(-17 for losing)
|raw|JAY100064's rating: 1393 &rarr; <strong>1410</strong><br />(+17 for winning)
||Ladder isn't responding, score probably updated but might not have (Request timeout).
