|j|☆Daviaozin
|j|☆aseeasase
|t:|1659423997
|gametype|singles
|player|p1|Daviaozin|2|1679
|player|p2|aseeasase|1|1803
|teamsize|p1|6
|teamsize|p2|6
|gen|8
|tier|[Gen 8] National Dex AG
|rated|
|rule|HP Percentage Mod: HP is shown in percentages
|rule|Endless Battle Clause: Forcing endless battles is banned
|clearpoke
|poke|p1|Zacian-*|
|poke|p1|Zygarde|
|poke|p1|Ho-Oh|
|poke|p1|Ditto|
|poke|p1|Necrozma-Dusk-Mane|
|poke|p1|Chansey, F|
|poke|p2|Arceus-*|
|poke|p2|Tyranitar, M|
|poke|p2|Calyrex-Shadow|
|poke|p2|Ditto|
|poke|p2|Reshiram|
|poke|p2|Giratina-Origin|
|teampreview
|inactive|Battle timer is ON: inactive players will automatically lose when time's up. (requested by Daviaozin)
|
|t:|1659424034
|start
|switch|p1a: Zygarde|Zygarde|100/100
|switch|p2a: Giratina|Giratina-Origin|100/100
|turn|1
|
|t:|1659424044
|move|p1a: Zygarde|Glare|p2a: Giratina
|-status|p2a: Giratina|par
|move|p2a: Giratina|Toxic|p1a: Zygarde
|-status|p1a: Zygarde|tox
|
|-damage|p1a: Zygarde|94/100 tox|[from] psn
|upkeep
|turn|2
|
|t:|1659424059
|switch|p1a: Zacian|Zacian-Crowned|100/100
|-ability|p1a: Zacian|Intrepid Sword|boost
|-boost|p1a: Zacian|atk|1
|move|p2a: Giratina|Hex|p1a: Zacian
|-damage|p1a: Zacian|68/100
|
|upkeep
|turn|3
|
|t:|1659424070
|move|p1a: Zacian|Play Rough|p2a: Giratina
|-supereffective|p2a: Giratina
|-damage|p2a: Giratina|0 fnt
|faint|p2a: Giratina
|
|upkeep
|
|t:|1659424078
|switch|p2a: Ditto|Ditto|100/100
|-transform|p2a: Ditto|p1a: Zacian|[from] ability: Imposter
|-ability|p2a: Ditto|Intrepid Sword|boost
|-boost|p2a: Ditto|atk|1
|turn|4
|
|t:|1659424097
|switch|p1a: Necrozma|Necrozma-Dusk-Mane|100/100
|move|p2a: Ditto|Behemoth Blade|p1a: Necrozma
|-resisted|p1a: Necrozma
|-damage|p1a: Necrozma|68/100
|-damage|p2a: Ditto|84/100|[from] item: Rocky Helmet|[of] p1a: Necrozma
|
|upkeep
|turn|5
|
|t:|1659424106
|switch|p2a: Tyranitar|Tyranitar, M|100/100
|-weather|Sandstorm|[from] ability: Sand Stream|[of] p2a: Tyranitar
|move|p1a: Necrozma|Moonlight|p1a: Necrozma
|-heal|p1a: Necrozma|93/100
|
|-weather|Sandstorm|[upkeep]
|upkeep
|turn|6
|
|t:|1659424118
|detailschange|p2a: Tyranitar|Tyranitar-Mega, M
|-mega|p2a: Tyranitar|Tyranitar|Tyranitarite
|move|p1a: Necrozma|Sunsteel Strike|p2a: Tyranitar
|-supereffective|p2a: Tyranitar
|-crit|p2a: Tyranitar
|-damage|p2a: Tyranitar|10/100
|move|p2a: Tyranitar|Thunder Wave|p1a: Necrozma
|-status|p1a: Necrozma|par
|
|-weather|Sandstorm|[upkeep]
|upkeep
|turn|7
|
|t:|1659424125
|move|p2a: Tyranitar|Stealth Rock|p1a: Necrozma
|-sidestart|p1: Daviaozin|move: Stealth Rock
|move|p1a: Necrozma|Sunsteel Strike|p2a: Tyranitar
|-supereffective|p2a: Tyranitar
|-damage|p2a: Tyranitar|0 fnt
|faint|p2a: Tyranitar
|
|-weather|Sandstorm|[upkeep]
|upkeep
|
|t:|1659424140
|switch|p2a: Calyrex|Calyrex-Shadow|100/100
|-ability|p2a: Calyrex|As One
|-ability|p2a: Calyrex|Unnerve
|turn|8
|
|t:|1659424148
|switch|p1a: Chansey|Chansey, F|100/100
|-damage|p1a: Chansey|88/100|[from] Stealth Rock
|move|p2a: Calyrex|Substitute|p2a: Calyrex
|-start|p2a: Calyrex|Substitute
|-damage|p2a: Calyrex|76/100
|
|-weather|Sandstorm|[upkeep]
|-damage|p2a: Calyrex|69/100|[from] Sandstorm
|-damage|p1a: Chansey|82/100|[from] Sandstorm
|-heal|p2a: Calyrex|76/100|[from] item: Leftovers
|-heal|p1a: Chansey|88/100|[from] item: Leftovers
|upkeep
|turn|9
|
|t:|1659424152
|move|p2a: Calyrex|Leech Seed|p1a: Chansey
|-start|p1a: Chansey|move: Leech Seed
|move|p1a: Chansey|Aromatherapy|p1a: Chansey
|-activate|p1a: Chansey|move: Aromatherapy
|-curestatus|p1: Zygarde|tox|[msg]
|-curestatus|p1: Necrozma|par|[msg]
|
|-weather|none
|-heal|p2a: Calyrex|82/100|[from] item: Leftovers
|-heal|p1a: Chansey|94/100|[from] item: Leftovers
|-damage|p1a: Chansey|82/100|[from] Leech Seed|[of] p2a: Calyrex
|-heal|p2a: Calyrex|100/100|[silent]
|upkeep
|turn|10
|
|t:|1659424176
|move|p2a: Calyrex|Encore|p1a: Chansey
|-start|p1a: Chansey|Encore
|move|p1a: Chansey|Aromatherapy||[still]
|-activate|p1a: Chansey|move: Aromatherapy
|-fail|p1a: Chansey
|
|-heal|p1a: Chansey|88/100|[from] item: Leftovers
|-damage|p1a: Chansey|75/100|[from] Leech Seed|[of] p2a: Calyrex
|upkeep
|turn|11
|
|t:|1659424189
|switch|p1a: Ho-Oh|Ho-Oh|100/100
|-damage|p1a: Ho-Oh|50/100|[from] Stealth Rock
|move|p2a: Calyrex|Leech Seed|p1a: Ho-Oh
|-start|p1a: Ho-Oh|move: Leech Seed
|
|-heal|p1a: Ho-Oh|57/100|[from] item: Leftovers
|-damage|p1a: Ho-Oh|44/100|[from] Leech Seed|[of] p2a: Calyrex
|upkeep
|turn|12
|
|t:|1659424201
|move|p2a: Calyrex|Astral Barrage|p1a: Ho-Oh
|-damage|p1a: Ho-Oh|2/100
|move|p1a: Ho-Oh|Roar|p2a: Calyrex
|drag|p2a: Ditto|Ditto|84/100
|-transform|p2a: Ditto|p1a: Ho-Oh|[from] ability: Imposter
|
|-heal|p1a: Ho-Oh|9/100|[from] item: Leftovers
|-damage|p1a: Ho-Oh|0 fnt|[from] Leech Seed|[of] p2a: Ditto
|-heal|p2a: Ditto|95/100|[silent]
|faint|p1a: Ho-Oh
|upkeep
|inactive|Daviaozin has 120 seconds left.
|
|t:|1659424218
|switch|p1a: Zygarde|Zygarde|94/100
|-damage|p1a: Zygarde|88/100|[from] Stealth Rock
|turn|13
|inactive|Daviaozin has 120 seconds left.
|
|t:|1659424229
|move|p1a: Zygarde|Glare|p2a: Ditto
|-status|p2a: Ditto|par
|move|p2a: Ditto|Roar|p1a: Zygarde
|drag|p1a: Zacian|Zacian-Crowned|68/100
|-damage|p1a: Zacian|62/100|[from] Stealth Rock
|-ability|p1a: Zacian|Intrepid Sword|boost
|-boost|p1a: Zacian|atk|1
|
|upkeep
|turn|14
|
|t:|1659424235
|switch|p1a: Zygarde|Zygarde|88/100
|-damage|p1a: Zygarde|82/100|[from] Stealth Rock
|move|p2a: Ditto|Roar|p1a: Zygarde
|drag|p1a: Chansey|Chansey, F|75/100
|-damage|p1a: Chansey|63/100|[from] Stealth Rock
|
|-heal|p1a: Chansey|69/100|[from] item: Leftovers
|upkeep
|turn|15
|
|t:|1659424248
|switch|p2a: Arceus|Arceus-Grass|100/100
|switch|p1a: Zygarde|Zygarde|82/100
|-damage|p1a: Zygarde|76/100|[from] Stealth Rock
|
|upkeep
|turn|16
|
|t:|1659424259
|switch|p2a: Ditto|Ditto|100/100 par
|-transform|p2a: Ditto|p1a: Zygarde|[from] ability: Imposter
|switch|p1a: Chansey|Chansey, F|69/100
|-damage|p1a: Chansey|57/100|[from] Stealth Rock
|
|-heal|p1a: Chansey|63/100|[from] item: Leftovers
|upkeep
|turn|17
|
|t:|1659424283
|switch|p2a: Arceus|Arceus-Grass|100/100
|switch|p1a: Necrozma|Necrozma-Dusk-Mane|93/100
|-damage|p1a: Necrozma|87/100|[from] Stealth Rock
|
|upkeep
|turn|18
|
|t:|1659424294
|switch|p2a: Ditto|Ditto|100/100 par
|-transform|p2a: Ditto|p1a: Necrozma|[from] ability: Imposter
|move|p1a: Necrozma|Earthquake|p2a: Ditto
|-supereffective|p2a: Ditto
|-damage|p2a: Ditto|62/100 par
|
|upkeep
|turn|19
|
|t:|1659424305
|switch|p2a: Calyrex|Calyrex-Shadow|100/100
|-ability|p2a: Calyrex|As One
|-ability|p2a: Calyrex|Unnerve
|-start|p1a: Necrozma|Dynamax|
|-heal|p1a: Necrozma|87/100|[silent]
|move|p1a: Necrozma|Max Quake|p2a: Calyrex
|-damage|p2a: Calyrex|47/100
|-boost|p1a: Necrozma|spd|1
|
|-heal|p2a: Calyrex|53/100|[from] item: Leftovers
|upkeep
|turn|20
|
|t:|1659424320
|switch|p2a: Ditto|Ditto|62/100 par
|-transform|p2a: Ditto|p1a: Necrozma|[from] ability: Imposter
|move|p1a: Necrozma|Max Quake|p2a: Ditto
|-supereffective|p2a: Ditto
|-crit|p2a: Ditto
|-damage|p2a: Ditto|0 fnt
|-boost|p1a: Necrozma|spd|1
|faint|p2a: Ditto
|
|upkeep
|
|t:|1659424335
|switch|p2a: Calyrex|Calyrex-Shadow|53/100
|-ability|p2a: Calyrex|As One
|-ability|p2a: Calyrex|Unnerve
|turn|21
|
|t:|1659424339
|move|p2a: Calyrex|Substitute|p2a: Calyrex
|-start|p2a: Calyrex|Substitute
|-damage|p2a: Calyrex|28/100
|move|p1a: Necrozma|Max Quake|p2a: Calyrex
|-end|p2a: Calyrex|Substitute
|-boost|p1a: Necrozma|spd|1
|
|-heal|p2a: Calyrex|35/100|[from] item: Leftovers
|upkeep
|-end|p1a: Necrozma|Dynamax
|-heal|p1a: Necrozma|87/100|[silent]
|turn|22
|
|t:|1659424361
|move|p2a: Calyrex|Leech Seed|p1a: Necrozma
|-start|p1a: Necrozma|move: Leech Seed
|move|p1a: Necrozma|Sunsteel Strike|p2a: Calyrex
|-damage|p2a: Calyrex|0 fnt
|faint|p2a: Calyrex
|
|upkeep
|
|t:|1659424368
|switch|p2a: Reshiram|Reshiram|100/100
|-ability|p2a: Reshiram|Turboblaze
|turn|23
|
|t:|1659424381
|move|p2a: Reshiram|Dragon Dance|p2a: Reshiram
|-boost|p2a: Reshiram|atk|1
|-boost|p2a: Reshiram|spe|1
|move|p1a: Necrozma|Earthquake|p2a: Reshiram
|-supereffective|p2a: Reshiram
|-damage|p2a: Reshiram|40/100
|
|-damage|p1a: Necrozma|75/100|[from] Leech Seed|[of] p2a: Reshiram
|-heal|p2a: Reshiram|54/100|[silent]
|upkeep
|turn|24
|
|t:|1659424395
|move|p2a: Reshiram|Roost|p2a: Reshiram
|-heal|p2a: Reshiram|100/100
|-singleturn|p2a: Reshiram|move: Roost
|move|p1a: Necrozma|Earthquake|p2a: Reshiram
|-supereffective|p2a: Reshiram
|-damage|p2a: Reshiram|36/100
|
|-damage|p1a: Necrozma|63/100|[from] Leech Seed|[of] p2a: Reshiram
|-heal|p2a: Reshiram|50/100|[silent]
|upkeep
|turn|25
|
|t:|1659424404
|move|p2a: Reshiram|Roost|p2a: Reshiram
|-heal|p2a: Reshiram|99/100
|-singleturn|p2a: Reshiram|move: Roost
|move|p1a: Necrozma|Moonlight|p1a: Necrozma
|-heal|p1a: Necrozma|100/100
|
|-damage|p1a: Necrozma|88/100|[from] Leech Seed|[of] p2a: Reshiram
|-heal|p2a: Reshiram|100/100|[silent]
|upkeep
|turn|26
|inactive|aseeasase has 120 seconds left.
|
|t:|1659424432
|move|p2a: Reshiram|Dragon Dance|p2a: Reshiram
|-boost|p2a: Reshiram|atk|1
|-boost|p2a: Reshiram|spe|1
|move|p1a: Necrozma|Earthquake|p2a: Reshiram
|-supereffective|p2a: Reshiram
|-damage|p2a: Reshiram|40/100
|
|-damage|p1a: Necrozma|76/100|[from] Leech Seed|[of] p2a: Reshiram
|-heal|p2a: Reshiram|54/100|[silent]
|upkeep
|turn|27
|
|t:|1659424441
|move|p2a: Reshiram|Roost|p2a: Reshiram
|-heal|p2a: Reshiram|100/100
|-singleturn|p2a: Reshiram|move: Roost
|move|p1a: Necrozma|Dragon Dance|p1a: Necrozma
|-boost|p1a: Necrozma|atk|1
|-boost|p1a: Necrozma|spe|1
|
|-damage|p1a: Necrozma|64/100|[from] Leech Seed|[of] p2a: Reshiram
|upkeep
|turn|28
|inactive|aseeasase has 120 seconds left.
|
|t:|1659424460
|move|p2a: Reshiram|Flare Blitz|p1a: Necrozma
|-supereffective|p1a: Necrozma
|-damage|p1a: Necrozma|0 fnt
|-damage|p2a: Reshiram|84/100|[from] item: Rocky Helmet|[of] p1a: Necrozma
|faint|p1a: Necrozma
|-damage|p2a: Reshiram|61/100|[from] Recoil
|-damage|p2a: Reshiram|51/100|[from] item: Life Orb
|
|upkeep
|
|t:|1659424464
|switch|p1a: Ditto|Ditto|100/100
|-damage|p1a: Ditto|88/100|[from] Stealth Rock
|-transform|p1a: Ditto|p2a: Reshiram|[from] ability: Imposter
|-ability|p1a: Ditto|Turboblaze
|turn|29
|
|t:|1659424479
|-start|p2a: Reshiram|Dynamax|
|-heal|p2a: Reshiram|51/100|[silent]
|move|p1a: Ditto|Flare Blitz|p2a: Reshiram
|-resisted|p2a: Reshiram
|-damage|p2a: Reshiram|37/100
|-damage|p1a: Ditto|78/100|[from] Recoil
|move|p2a: Reshiram|Max Wyrmwind|p1a: Ditto
|-supereffective|p1a: Ditto
|-damage|p1a: Ditto|0 fnt
|faint|p1a: Ditto
|-damage|p2a: Reshiram|32/100|[from] item: Life Orb
|
|upkeep
|
|t:|1659424486
|switch|p1a: Zygarde|Zygarde|76/100
|-damage|p1a: Zygarde|70/100|[from] Stealth Rock
|turn|30
|inactive|aseeasase has 120 seconds left.
|inactive|aseeasase has 90 seconds left.
|
|t:|1659424567
|move|p2a: Reshiram|Max Wyrmwind|p1a: Zygarde
|-supereffective|p1a: Zygarde
|-damage|p1a: Zygarde|0 fnt
|faint|p1a: Zygarde
|-damage|p2a: Reshiram|27/100|[from] item: Life Orb
|
|upkeep
|
|t:|1659424575
|switch|p1a: Zacian|Zacian-Crowned|62/100
|-damage|p1a: Zacian|56/100|[from] Stealth Rock
|-ability|p1a: Zacian|Intrepid Sword|boost
|-boost|p1a: Zacian|atk|1
|turn|31
|
|t:|1659424582
|move|p2a: Reshiram|Max Flare|p1a: Zacian
|-supereffective|p1a: Zacian
|-damage|p1a: Zacian|0 fnt
|-weather|SunnyDay
|faint|p1a: Zacian
|-damage|p2a: Reshiram|22/100|[from] item: Life Orb
|
|-weather|SunnyDay|[upkeep]
|upkeep
|-message|Daviaozin forfeited.
|
|win|aseeasase
|raw|Daviaozin's rating: 1679 &rarr; <strong>1666</strong><br />(-13 for losing)
|raw|aseeasase's rating: 1803 &rarr; <strong>1816</strong><br />(+13 for winning)
|l|☆Daviaozin
