|j|☆Arpitraj1
|j|☆Xlwdsb
|t:|1666838120
|gametype|singles
|player|p1|Arpitraj1|skyla|1543
|player|p2|Xlwdsb|veteranf|1708
|teamsize|p1|6
|teamsize|p2|6
|gen|8
|tier|[Gen 8] National Dex AG
|rated|
|rule|HP Percentage Mod: HP is shown in percentages
|rule|Endless Battle Clause: Forcing endless battles is banned
|clearpoke
|poke|p1|Zacian-*|
|poke|p1|Yveltal|
|poke|p1|Xerneas-*|
|poke|p1|Necrozma-Dusk-Mane|
|poke|p1|Ditto|
|poke|p1|Calyrex-Shadow|
|poke|p2|Yveltal|
|poke|p2|Zacian-*|
|poke|p2|Necrozma-Dusk-Mane|
|poke|p2|Ditto|
|poke|p2|Kyogre|
|poke|p2|Eternatus|
|teampreview
|inactive|Battle timer is ON: inactive players will automatically lose when time's up. (requested by Arpitraj1)
|
|t:|1666838131
|start
|switch|p1a: Itachi's susanoo|Calyrex-Shadow|100/100
|switch|p2a: Necrozma|Necrozma-Dusk-Mane|100/100
|-ability|p1a: Itachi's susanoo|As One
|-ability|p1a: Itachi's susanoo|Unnerve
|turn|1
|
|t:|1666838136
|switch|p2a: Eternatus|Eternatus|100/100
|-ability|p2a: Eternatus|Pressure
|move|p1a: Itachi's susanoo|Astral Barrage|p2a: Eternatus
|-damage|p2a: Eternatus|62/100
|
|-heal|p2a: Eternatus|68/100|[from] item: Black Sludge
|upkeep
|turn|2
|
|t:|1666838141
|move|p1a: Itachi's susanoo|Astral Barrage|p2a: Eternatus
|-damage|p2a: Eternatus|27/100
|move|p2a: Eternatus|Recover|p2a: Eternatus
|-heal|p2a: Eternatus|77/100
|
|-heal|p2a: Eternatus|83/100|[from] item: Black Sludge
|upkeep
|turn|3
|
|t:|1666838145
|switch|p1a: Ditto|Ditto|100/100
|-transform|p1a: Ditto|p2a: Eternatus|[from] ability: Imposter
|-ability|p1a: Ditto|Pressure
|move|p2a: Eternatus|Recover|p2a: Eternatus
|-heal|p2a: Eternatus|100/100
|
|upkeep
|turn|4
|
|t:|1666838149
|move|p1a: Ditto|Dynamax Cannon|p2a: Eternatus
|-supereffective|p2a: Eternatus
|-damage|p2a: Eternatus|45/100
|move|p2a: Eternatus|Dynamax Cannon|p1a: Ditto
|-supereffective|p1a: Ditto
|-damage|p1a: Ditto|10/100
|
|-heal|p2a: Eternatus|51/100|[from] item: Black Sludge
|upkeep
|turn|5
|
|t:|1666838154
|switch|p2a: Zacian|Zacian-Crowned|100/100
|-ability|p2a: Zacian|Intrepid Sword|boost
|-boost|p2a: Zacian|atk|1
|move|p1a: Ditto|Dynamax Cannon|p2a: Zacian
|-immune|p2a: Zacian
|
|upkeep
|turn|6
|
|t:|1666838161
|switch|p1a: Necrozma|Necrozma-Dusk-Mane|100/100
|move|p2a: Zacian|Crunch|p1a: Necrozma
|-supereffective|p1a: Necrozma
|-damage|p1a: Necrozma|64/100
|-damage|p2a: Zacian|84/100|[from] item: Rocky Helmet|[of] p1a: Necrozma
|
|upkeep
|turn|7
|
|t:|1666838169
|switch|p2a: Yveltal|Yveltal|100/100
|-ability|p2a: Yveltal|Dark Aura
|-start|p1a: Necrozma|Dynamax|
|-heal|p1a: Necrozma|64/100|[silent]
|move|p1a: Necrozma|Max Steelspike|p2a: Yveltal
|-damage|p2a: Yveltal|38/100
|-boost|p1a: Necrozma|def|1
|
|upkeep
|turn|8
|
|t:|1666838176
|move|p2a: Yveltal|Foul Play|p1a: Necrozma
|-supereffective|p1a: Necrozma
|-damage|p1a: Necrozma|40/100
|-damage|p2a: Yveltal|21/100|[from] item: Rocky Helmet|[of] p1a: Necrozma
|-damage|p2a: Yveltal|11/100|[from] item: Life Orb
|move|p1a: Necrozma|Max Steelspike|p2a: Yveltal
|-damage|p2a: Yveltal|0 fnt
|-boost|p1a: Necrozma|def|1
|faint|p2a: Yveltal
|
|upkeep
|
|t:|1666838184
|switch|p2a: Ditto|Ditto|100/100
|-transform|p2a: Ditto|p1a: Necrozma|[from] ability: Imposter
|turn|9
|
|t:|1666838192
|-start|p2a: Ditto|Dynamax|
|-heal|p2a: Ditto|100/100|[silent]
|move|p2a: Ditto|Max Quake|p1a: Necrozma
|-supereffective|p1a: Necrozma
|-damage|p1a: Necrozma|31/100
|-boost|p2a: Ditto|spd|1
|move|p1a: Necrozma|Max Steelspike|p2a: Ditto
|-resisted|p2a: Ditto
|-damage|p2a: Ditto|94/100
|-boost|p1a: Necrozma|def|1
|
|upkeep
|-end|p1a: Necrozma|Dynamax
|-heal|p1a: Necrozma|31/100|[silent]
|turn|10
|
|t:|1666838198
|move|p1a: Necrozma|Morning Sun|p1a: Necrozma
|-heal|p1a: Necrozma|81/100
|move|p2a: Ditto|Max Quake|p1a: Necrozma
|-supereffective|p1a: Necrozma
|-damage|p1a: Necrozma|67/100
|-boost|p2a: Ditto|spd|1
|
|upkeep
|turn|11
|
|t:|1666838201
|move|p2a: Ditto|Max Quake|p1a: Necrozma
|-supereffective|p1a: Necrozma
|-damage|p1a: Necrozma|53/100
|-boost|p2a: Ditto|spd|1
|move|p1a: Necrozma|Morning Sun|p1a: Necrozma
|-heal|p1a: Necrozma|100/100
|
|upkeep
|-end|p2a: Ditto|Dynamax
|-heal|p2a: Ditto|94/100|[silent]
|turn|12
|
|t:|1666838208
|move|p2a: Ditto|Stealth Rock|p1a: Necrozma
|-sidestart|p1: Arpitraj1|move: Stealth Rock
|move|p1a: Necrozma|Earthquake|p2a: Ditto
|-supereffective|p2a: Ditto
|-damage|p2a: Ditto|75/100
|
|upkeep
|turn|13
|
|t:|1666838212
|switch|p2a: Kyogre|Kyogre|100/100
|-weather|RainDance|[from] ability: Drizzle|[of] p2a: Kyogre
|move|p1a: Necrozma|Stealth Rock|p2a: Kyogre
|-sidestart|p2: Xlwdsb|move: Stealth Rock
|
|-weather|RainDance|[upkeep]
|upkeep
|turn|14
|
|t:|1666838217
|move|p2a: Kyogre|Scald|p1a: Necrozma
|-damage|p1a: Necrozma|54/100
|move|p1a: Necrozma|Sunsteel Strike|p2a: Kyogre
|-resisted|p2a: Kyogre
|-damage|p2a: Kyogre|82/100
|
|-weather|RainDance|[upkeep]
|-heal|p2a: Kyogre|88/100|[from] item: Leftovers
|upkeep
|turn|15
|
|t:|1666838224
|move|p2a: Kyogre|Scald|p1a: Necrozma
|-damage|p1a: Necrozma|0 fnt
|faint|p1a: Necrozma
|
|-weather|RainDance|[upkeep]
|-heal|p2a: Kyogre|94/100|[from] item: Leftovers
|upkeep
|
|t:|1666838228
|switch|p1a: Ditto|Ditto|10/100
|-damage|p1a: Ditto|0 fnt|[from] Stealth Rock
|faint|p1a: Ditto
|
|t:|1666838239
|switch|p1a: Madara will kill u|Zacian-Crowned|100/100
|-damage|p1a: Madara will kill u|94/100|[from] Stealth Rock
|-ability|p1a: Madara will kill u|Intrepid Sword|boost
|-boost|p1a: Madara will kill u|atk|1
|turn|16
|
|t:|1666838243
|move|p1a: Madara will kill u|Wild Charge|p2a: Kyogre
|-supereffective|p2a: Kyogre
|-damage|p2a: Kyogre|12/100
|-damage|p1a: Madara will kill u|68/100|[from] Recoil
|move|p2a: Kyogre|Scald|p1a: Madara will kill u
|-damage|p1a: Madara will kill u|3/100
|
|-weather|RainDance|[upkeep]
|-heal|p2a: Kyogre|18/100|[from] item: Leftovers
|upkeep
|turn|17
|
|t:|1666838251
|move|p1a: Madara will kill u|Behemoth Blade|p2a: Kyogre
|-resisted|p2a: Kyogre
|-damage|p2a: Kyogre|0 fnt
|faint|p2a: Kyogre
|
|-weather|none
|upkeep
|
|t:|1666838253
|switch|p2a: Ditto|Ditto|75/100
|-damage|p2a: Ditto|63/100|[from] Stealth Rock
|-transform|p2a: Ditto|p1a: Madara will kill u|[from] ability: Imposter
|-ability|p2a: Ditto|Intrepid Sword|boost
|-boost|p2a: Ditto|atk|1
|turn|18
|
|t:|1666838259
|move|p2a: Ditto|Behemoth Blade|p1a: Madara will kill u
|-damage|p1a: Madara will kill u|0 fnt
|faint|p1a: Madara will kill u
|
|upkeep
|
|t:|1666838265
|switch|p1a: Madara's rinnegan|Yveltal|100/100
|-damage|p1a: Madara's rinnegan|76/100|[from] Stealth Rock
|-ability|p1a: Madara's rinnegan|Dark Aura
|turn|19
|
|t:|1666838268
|move|p2a: Ditto|Behemoth Blade|p1a: Madara's rinnegan
|-damage|p1a: Madara's rinnegan|0 fnt
|faint|p1a: Madara's rinnegan
|
|upkeep
|
|t:|1666838273
|switch|p1a: Itachi's susanoo|Calyrex-Shadow|100/100
|-ability|p1a: Itachi's susanoo|As One
|-ability|p1a: Itachi's susanoo|Unnerve
|-damage|p1a: Itachi's susanoo|88/100|[from] Stealth Rock
|turn|20
|
|t:|1666838277
|move|p1a: Itachi's susanoo|Astral Barrage|p2a: Ditto
|-damage|p2a: Ditto|0 fnt
|faint|p2a: Ditto
|-ability|p1a: Itachi's susanoo|Grim Neigh|boost
|-boost|p1a: Itachi's susanoo|spa|1
|
|upkeep
|-message|Xlwdsb forfeited.
|
|win|Arpitraj1
|raw|Arpitraj1's rating: 1543 &rarr; <strong>1572</strong><br />(+29 for winning)
|raw|Xlwdsb's rating: 1708 &rarr; <strong>1679</strong><br />(-29 for losing)
|l|☆Xlwdsb
