|j|☆CLEAR GEM清瑜
|j|☆Emorawr79
|t:|1649659346
|gametype|singles
|player|p1|CLEAR GEM清瑜|skierf|1708
|player|p2|Emorawr79|ghetsis|1786
|teamsize|p1|6
|teamsize|p2|6
|gen|8
|tier|[Gen 8] National Dex AG
|rated|
|rule|HP Percentage Mod: HP is shown in percentages
|rule|Endless Battle Clause: Forcing endless battles is banned
|clearpoke
|poke|p1|Rayquaza|
|poke|p1|Groudon|
|poke|p1|Necrozma-Dusk-Mane|
|poke|p1|Arceus-*|
|poke|p1|Arceus-*|
|poke|p1|Arceus-*|
|poke|p2|Calyrex-Shadow|
|poke|p2|Smeargle, M|
|poke|p2|Ditto|
|poke|p2|Zygarde|
|poke|p2|Yveltal|
|poke|p2|Arceus-*|
|teampreview
|inactive|Battle timer is ON: inactive players will automatically lose when time's up. (requested by Emorawr79)
|
|t:|1649659354
|start
|switch|p1a: 究极辅助|Arceus-Dark|100/100
|switch|p2a: Smeargle|Smeargle, M|100/100
|turn|1
|
|t:|1649659356
|move|p1a: 究极辅助|Magic Coat|p1a: 究极辅助
|-singleturn|p1a: 究极辅助|move: Magic Coat
|move|p2a: Smeargle|Spore|p1a: 究极辅助
|move|p1a: 究极辅助|Spore|p2a: Smeargle|[from]Magic Coat
|-status|p2a: Smeargle|slp|[from] move: Spore
|
|-ability|p2a: Smeargle|Moody|boost
|-boost|p2a: Smeargle|def|2
|-unboost|p2a: Smeargle|spd|1
|upkeep
|turn|2
|
|t:|1649659363
|switch|p1a: 不会(?)|Groudon|100/100
|detailschange|p1a: 不会(?)|Groudon-Primal
|-primal|p1a: 不会(?)
|-weather|DesolateLand|[from] ability: Desolate Land|[of] p1a: 不会(?)
|cant|p2a: Smeargle|slp
|
|-weather|DesolateLand|[upkeep]
|-ability|p2a: Smeargle|Moody|boost
|-boost|p2a: Smeargle|spa|2
|-unboost|p2a: Smeargle|spd|1
|upkeep
|turn|3
|
|t:|1649659366
|-curestatus|p2a: Smeargle|slp|[msg]
|move|p2a: Smeargle|Spore|p1a: 不会(?)
|-status|p1a: 不会(?)|slp|[from] move: Spore
|cant|p1a: 不会(?)|slp
|
|-weather|DesolateLand|[upkeep]
|-ability|p2a: Smeargle|Moody|boost
|-boost|p2a: Smeargle|spe|2
|-unboost|p2a: Smeargle|spa|1
|upkeep
|turn|4
|
|t:|1649659370
|-weather|none
|switch|p1a: 究极辅助|Arceus-Dark|100/100
|move|p2a: Smeargle|Sticky Web|p1a: 究极辅助
|-sidestart|p1: CLEAR GEM清瑜|move: Sticky Web
|
|-ability|p2a: Smeargle|Moody|boost
|-boost|p2a: Smeargle|spd|2
|-unboost|p2a: Smeargle|spe|1
|upkeep
|turn|5
|
|t:|1649659377
|switch|p2a: Arceus|Arceus-Electric, shiny|100/100
|move|p1a: 究极辅助|Magic Coat|p1a: 究极辅助
|-singleturn|p1a: 究极辅助|move: Magic Coat
|
|upkeep
|turn|6
|l|☆CLEAR GEM清瑜
|inactive|CLEAR GEM清瑜 disconnected and has a minute to reconnect!
|player|p1|
|inactive|CLEAR GEM清瑜 has 30 seconds to reconnect!
|inactive|CLEAR GEM清瑜 has 20 seconds to reconnect!
|j|☆CLEAR GEM
|inactive|CLEAR GEM清瑜 reconnected and has 85 seconds left.
|player|p1|CLEAR GEM|skierf
|
|t:|1649659449
|switch|p1a: 不会(?)|Groudon-Primal|100/100 slp
|-activate|p1a: 不会(?)|move: Sticky Web
|-unboost|p1a: 不会(?)|spe|1
|-weather|DesolateLand|[from] ability: Desolate Land|[of] p1a: 不会(?)
|move|p2a: Arceus|Whirlpool||[still]
|-fail|p2a: Arceus|Whirlpool|[from] Desolate Land
|
|-weather|DesolateLand|[upkeep]
|upkeep
|turn|7
|
|t:|1649659454
|move|p2a: Arceus|Whirlpool||[still]
|-fail|p2a: Arceus|Whirlpool|[from] Desolate Land
|cant|p1a: 不会(?)|slp
|
|-weather|DesolateLand|[upkeep]
|upkeep
|turn|8
|
|t:|1649659457
|switch|p2a: Smeargle|Smeargle, M|100/100
|-curestatus|p1a: 不会(?)|slp|[msg]
|move|p1a: 不会(?)|Stealth Rock|p2a: Smeargle
|-sidestart|p2: Emorawr79|move: Stealth Rock
|
|-weather|DesolateLand|[upkeep]
|-ability|p2a: Smeargle|Moody|boost
|-boost|p2a: Smeargle|spd|2
|-unboost|p2a: Smeargle|spa|1
|upkeep
|turn|9
|
|t:|1649659462
|move|p2a: Smeargle|Spore|p1a: 不会(?)
|-status|p1a: 不会(?)|slp|[from] move: Spore
|cant|p1a: 不会(?)|slp
|
|-weather|DesolateLand|[upkeep]
|-ability|p2a: Smeargle|Moody|boost
|-boost|p2a: Smeargle|def|2
|-unboost|p2a: Smeargle|spe|1
|upkeep
|turn|10
|
|t:|1649659465
|move|p2a: Smeargle|Sticky Web||[still]
|-fail|p2a: Smeargle
|cant|p1a: 不会(?)|slp
|
|-weather|DesolateLand|[upkeep]
|-ability|p2a: Smeargle|Moody|boost
|-boost|p2a: Smeargle|spa|2
|-unboost|p2a: Smeargle|spd|1
|upkeep
|turn|11
|
|t:|1649659467
|move|p2a: Smeargle|Sticky Web||[still]
|-fail|p2a: Smeargle
|-curestatus|p1a: 不会(?)|slp|[msg]
|move|p1a: 不会(?)|Roar|p2a: Smeargle
|drag|p2a: Yveltal|Yveltal|100/100
|-damage|p2a: Yveltal|76/100|[from] Stealth Rock
|-ability|p2a: Yveltal|Dark Aura
|
|-weather|DesolateLand|[upkeep]
|upkeep
|turn|12
|
|t:|1649659474
|move|p2a: Yveltal|Taunt|p1a: 不会(?)
|-start|p1a: 不会(?)|move: Taunt
|move|p1a: 不会(?)|Heat Crash|p2a: Yveltal
|-damage|p2a: Yveltal|0 fnt
|faint|p2a: Yveltal
|
|-weather|DesolateLand|[upkeep]
|upkeep
|
|t:|1649659480
|switch|p2a: Zygarde|Zygarde|100/100
|-damage|p2a: Zygarde|94/100|[from] Stealth Rock
|turn|13
|
|t:|1649659485
|-weather|none
|switch|p1a: 乱杀P古|Arceus-Ground|100/100
|-activate|p1a: 乱杀P古|move: Sticky Web
|-unboost|p1a: 乱杀P古|spe|1
|move|p2a: Zygarde|Thousand Arrows|p1a: 乱杀P古
|-damage|p1a: 乱杀P古|80/100
|
|-heal|p2a: Zygarde|100/100|[from] item: Leftovers
|upkeep
|turn|14
|
|t:|1649659488
|move|p2a: Zygarde|Glare|p1a: 乱杀P古
|-status|p1a: 乱杀P古|par
|move|p1a: 乱杀P古|Ice Beam|p2a: Zygarde
|-supereffective|p2a: Zygarde
|-damage|p2a: Zygarde|0 fnt
|faint|p2a: Zygarde
|
|upkeep
|
|t:|1649659497
|switch|p2a: Calyrex|Calyrex-Shadow|100/100
|-ability|p2a: Calyrex|As One
|-ability|p2a: Calyrex|Unnerve
|-damage|p2a: Calyrex|88/100|[from] Stealth Rock
|turn|15
|
|t:|1649659500
|switch|p1a: 究极辅助|Arceus-Dark|100/100
|-activate|p1a: 究极辅助|move: Sticky Web
|-unboost|p1a: 究极辅助|spe|1
|move|p2a: Calyrex|Substitute|p2a: Calyrex
|-start|p2a: Calyrex|Substitute
|-damage|p2a: Calyrex|63/100
|
|upkeep
|turn|16
|
|t:|1649659503
|move|p2a: Calyrex|Nasty Plot|p2a: Calyrex
|-boost|p2a: Calyrex|spa|2
|move|p1a: 究极辅助|Roar|p2a: Calyrex
|drag|p2a: Arceus|Arceus-Electric, shiny|100/100
|-damage|p2a: Arceus|88/100|[from] Stealth Rock
|
|upkeep
|turn|17
|-message|Emorawr79 forfeited.
|
|win|CLEAR GEM清瑜
|raw|CLEAR GEM清瑜's rating: 1708 &rarr; <strong>1732</strong><br />(+24 for winning)
|raw|Emorawr79's rating: 1786 &rarr; <strong>1762</strong><br />(-24 for losing)
|l|☆Emorawr79
