|j|☆BigDuckie
|j|‽Mawm
|t:|1665877684
|gametype|singles
|player|p1|BigDuckie|workerice|1748
|player|p2|Mawm|beauty-gen6xy|1836
|teamsize|p1|6
|teamsize|p2|6
|gen|8
|tier|[Gen 8] National Dex AG
|rated|
|rule|HP Percentage Mod: HP is shown in percentages
|rule|Endless Battle Clause: Forcing endless battles is banned
|clearpoke
|poke|p1|Smeargle, F|
|poke|p1|Arceus-*|
|poke|p1|Marshadow|
|poke|p1|Zacian-*|
|poke|p1|Eternatus|
|poke|p1|Necrozma-Dusk-Mane|
|poke|p2|Arceus-*|
|poke|p2|Genesect|
|poke|p2|Yveltal|
|poke|p2|Necrozma-Dusk-Mane|
|poke|p2|Rayquaza|
|poke|p2|Groudon|
|teampreview
|inactive|Battle timer is ON: inactive players will automatically lose when time's up. (requested by Mawm)
|
|t:|1665877701
|start
|switch|p1a: Smeargle|Smeargle, F|100/100
|switch|p2a: Arceus|Arceus|100/100
|turn|1
|
|t:|1665877711
|move|p2a: Arceus|Extreme Speed|p1a: Smeargle
|-damage|p1a: Smeargle|1/100
|move|p1a: Smeargle|Spore|p2a: Arceus
|-status|p2a: Arceus|slp|[from] move: Spore
|-enditem|p2a: Arceus|Chesto Berry|[eat]
|-curestatus|p2a: Arceus|slp|[msg]
|
|upkeep
|turn|2
|
|t:|1665877715
|move|p2a: Arceus|Extreme Speed|p1a: Smeargle
|-damage|p1a: Smeargle|0 fnt
|faint|p1a: Smeargle
|
|upkeep
|
|t:|1665877731
|switch|p1a: Zacian|Zacian-Crowned|100/100
|-ability|p1a: Zacian|Intrepid Sword|boost
|-boost|p1a: Zacian|atk|1
|turn|3
|
|t:|1665877743
|switch|p1a: Eternatus|Eternatus|100/100
|-ability|p1a: Eternatus|Pressure
|move|p2a: Arceus|Swords Dance|p2a: Arceus
|-boost|p2a: Arceus|atk|2
|
|upkeep
|turn|4
|
|t:|1665877750
|move|p2a: Arceus|Extreme Speed|p1a: Eternatus
|-damage|p1a: Eternatus|36/100
|move|p1a: Eternatus|Toxic|p2a: Arceus
|-status|p2a: Arceus|tox
|
|-heal|p1a: Eternatus|43/100|[from] item: Black Sludge
|-damage|p2a: Arceus|94/100 tox|[from] psn
|upkeep
|turn|5
|
|t:|1665877754
|switch|p1a: Necrozma|Necrozma-Dusk-Mane|100/100
|move|p2a: Arceus|Shadow Claw|p1a: Necrozma
|-supereffective|p1a: Necrozma
|-damage|p1a: Necrozma|62/100
|-damage|p2a: Arceus|78/100 tox|[from] item: Rocky Helmet|[of] p1a: Necrozma
|
|-damage|p2a: Arceus|66/100 tox|[from] psn
|upkeep
|turn|6
|
|t:|1665877764
|switch|p1a: Eternatus|Eternatus|43/100
|-ability|p1a: Eternatus|Pressure
|move|p2a: Arceus|Swords Dance|p2a: Arceus
|-boost|p2a: Arceus|atk|2
|
|-heal|p1a: Eternatus|49/100|[from] item: Black Sludge
|-damage|p2a: Arceus|47/100 tox|[from] psn
|upkeep
|turn|7
|
|t:|1665877775
|move|p2a: Arceus|Extreme Speed|p1a: Eternatus
|-damage|p1a: Eternatus|0 fnt
|faint|p1a: Eternatus
|
|-damage|p2a: Arceus|23/100 tox|[from] psn
|upkeep
|
|t:|1665877778
|switch|p1a: Marshadow|Marshadow|100/100
|turn|8
|
|t:|1665877793
|move|p1a: Marshadow|Spectral Thief|p2a: Arceus
|-immune|p2a: Arceus
|move|p2a: Arceus|Shadow Claw|p1a: Marshadow
|-supereffective|p1a: Marshadow
|-damage|p1a: Marshadow|0 fnt
|faint|p1a: Marshadow
|
|-damage|p2a: Arceus|0 fnt|[from] psn
|faint|p2a: Arceus
|upkeep
|
|t:|1665877803
|switch|p1a: Arceus|Arceus-Ground|100/100
|switch|p2a: Genesect|Genesect, shiny|100/100
|-ability|p2a: Genesect|Download|boost
|-boost|p2a: Genesect|spa|1
|turn|9
|
|t:|1665877808
|move|p1a: Arceus|Swords Dance|p1a: Arceus
|-boost|p1a: Arceus|atk|2
|move|p2a: Genesect|Shift Gear|p2a: Genesect
|-boost|p2a: Genesect|spe|2
|-boost|p2a: Genesect|atk|1
|
|upkeep
|turn|10
|
|t:|1665877813
|-start|p2a: Genesect|Dynamax|
|-heal|p2a: Genesect|100/100|[silent]
|-start|p1a: Arceus|Dynamax|
|-heal|p1a: Arceus|100/100|[silent]
|move|p2a: Genesect|Max Guard|p2a: Genesect
|-singleturn|p2a: Genesect|Max Guard
|move|p1a: Arceus|Max Quake|p2a: Genesect
|-activate|p2a: Genesect|move: Max Guard
|
|upkeep
|turn|11
|
|t:|1665877818
|move|p2a: Genesect|Max Steelspike|p1a: Arceus
|-damage|p1a: Arceus|49/100
|-boost|p2a: Genesect|def|1
|-damage|p2a: Genesect|96/100|[from] item: Life Orb
|move|p1a: Arceus|Max Quake|p2a: Genesect
|-damage|p2a: Genesect|47/100
|-boost|p1a: Arceus|spd|1
|
|upkeep
|turn|12
|
|t:|1665877823
|move|p2a: Genesect|Max Steelspike|p1a: Arceus
|-damage|p1a: Arceus|0 fnt
|-boost|p2a: Genesect|def|1
|faint|p1a: Arceus
|-damage|p2a: Genesect|42/100|[from] item: Life Orb
|
|upkeep
|l|☆BigDuckie
|inactive|BigDuckie disconnected and has a minute to reconnect!
|player|p1|
|inactive|BigDuckie has 30 seconds to reconnect!
|inactive|BigDuckie has 20 seconds to reconnect!
|inactive|BigDuckie has 15 seconds to reconnect!
|inactive|BigDuckie has 10 seconds to reconnect!
|inactive|BigDuckie has 5 seconds to reconnect!
|j| in 90
|-message|BigDuckie lost due to inactivity.
|
|win|Mawm
|raw|BigDuckie's rating: 1748 &rarr; <strong>1733</strong><br />(-15 for losing)
|raw|Mawm's rating: 1836 &rarr; <strong>1851</strong><br />(+15 for winning)
