|j|☆Browneyes64
|j|☆ThyKingCharles
|t:|1639956129
|gametype|singles
|player|p1|Browneyes64|li|1695
|player|p2|ThyKingCharles|zinnia|1746
|teamsize|p1|6
|teamsize|p2|6
|gen|8
|tier|[Gen 8] National Dex AG
|rated|
|rule|HP Percentage Mod: HP is shown in percentages
|rule|Endless Battle Clause: Forcing endless battles is banned
|clearpoke
|poke|p1|Calyrex-Shadow|
|poke|p1|Groudon|
|poke|p1|Arceus-*|
|poke|p1|Ditto|
|poke|p1|Yveltal|
|poke|p1|Marshadow|
|poke|p2|Rayquaza|
|poke|p2|Arceus-*|
|poke|p2|Yveltal|
|poke|p2|Zacian-*|
|poke|p2|Necrozma-Dusk-Mane|
|poke|p2|Marshadow|
|teampreview
|
|t:|1639956137
|start
|switch|p1a: Arceus|Arceus-Ground|100/100
|switch|p2a: Arceus|Arceus|100/100
|turn|1
|
|t:|1639956140
|move|p1a: Arceus|Calm Mind|p1a: Arceus
|-boost|p1a: Arceus|spa|1
|-boost|p1a: Arceus|spd|1
|move|p2a: Arceus|Swords Dance|p2a: Arceus
|-boost|p2a: Arceus|atk|2
|
|upkeep
|turn|2
|
|t:|1639956145
|-start|p1a: Arceus|Dynamax
|-heal|p1a: Arceus|100/100|[silent]
|move|p2a: Arceus|Extreme Speed|p1a: Arceus
|-damage|p1a: Arceus|67/100
|move|p1a: Arceus|Max Quake|p2a: Arceus
|-damage|p2a: Arceus|31/100
|-boost|p1a: Arceus|spd|1
|
|upkeep
|turn|3
|
|t:|1639956152
|move|p2a: Arceus|Extreme Speed|p1a: Arceus
|-damage|p1a: Arceus|35/100
|move|p1a: Arceus|Max Quake|p2a: Arceus
|-damage|p2a: Arceus|0 fnt
|-boost|p1a: Arceus|spd|1
|faint|p2a: Arceus
|
|upkeep
|
|t:|1639956160
|switch|p2a: Zacian|Zacian-Crowned|100/100
|-ability|p2a: Zacian|Intrepid Sword|boost
|-boost|p2a: Zacian|atk|1
|turn|4
|
|t:|1639956164
|move|p2a: Zacian|Behemoth Blade|p1a: Arceus
|-damage|p1a: Arceus|0 fnt
|faint|p1a: Arceus
|
|upkeep
|
|t:|1639956167
|switch|p1a: spider man|Ditto, shiny|100/100
|-transform|p1a: spider man|p2a: Zacian|[from] ability: Imposter
|-ability|p1a: spider man|Intrepid Sword|boost
|-boost|p1a: spider man|atk|1
|turn|5
|
|t:|1639956172
|move|p1a: spider man|Behemoth Blade|p2a: Zacian
|-damage|p2a: Zacian|0 fnt
|faint|p2a: Zacian
|
|upkeep
|
|t:|1639956175
|switch|p2a: Marshadow|Marshadow|100/100
|turn|6
|
|t:|1639956179
|move|p1a: spider man|Behemoth Blade|p2a: Marshadow
|-enditem|p2a: Marshadow|Focus Sash
|-damage|p2a: Marshadow|1/100
|move|p2a: Marshadow|Rock Tomb|p1a: spider man
|-resisted|p1a: spider man
|-damage|p1a: spider man|85/100
|-unboost|p1a: spider man|spe|1
|
|upkeep
|turn|7
|
|t:|1639956182
|move|p2a: Marshadow|Shadow Sneak|p1a: spider man
|-damage|p1a: spider man|55/100
|move|p1a: spider man|Behemoth Blade|p2a: Marshadow
|-damage|p2a: Marshadow|0 fnt
|faint|p2a: Marshadow
|
|upkeep
|
|t:|1639956186
|switch|p2a: Necrozma|Necrozma-Dusk-Mane|100/100
|turn|8
|
|t:|1639956189
|move|p1a: spider man|Behemoth Blade|p2a: Necrozma
|-resisted|p2a: Necrozma
|-damage|p2a: Necrozma|46/100
|move|p2a: Necrozma|Dragon Dance|p2a: Necrozma
|-boost|p2a: Necrozma|atk|1
|-boost|p2a: Necrozma|spe|1
|
|upkeep
|turn|9
|
|t:|1639956194
|switch|p1a: Groudon|Groudon|100/100
|detailschange|p1a: Groudon|Groudon-Primal
|-primal|p1a: Groudon
|-weather|DesolateLand|[from] ability: Desolate Land|[of] p1a: Groudon
|detailschange|p2a: Necrozma|Necrozma-Ultra
|-burst|p2a: Necrozma|Necrozma|Ultranecrozium Z
|move|p2a: Necrozma|Earthquake|p1a: Groudon
|-supereffective|p1a: Groudon
|-damage|p1a: Groudon|18/100
|
|-weather|DesolateLand|[upkeep]
|upkeep
|turn|10
|
|t:|1639956202
|move|p2a: Necrozma|Earthquake|p1a: Groudon
|-supereffective|p1a: Groudon
|-crit|p1a: Groudon
|-damage|p1a: Groudon|0 fnt
|faint|p1a: Groudon
|-weather|none
|
|upkeep
|
|t:|1639956205
|switch|p1a: Marshadow|Marshadow|100/100
|turn|11
|
|t:|1639956209
|move|p2a: Necrozma|Photon Geyser|p1a: Marshadow
|-supereffective|p1a: Marshadow
|-enditem|p1a: Marshadow|Focus Sash
|-damage|p1a: Marshadow|1/100
|move|p1a: Marshadow|Spectral Thief||[still]
|-clearpositiveboost|p2a: Necrozma|p1a: Marshadow|move: Spectral Thief
|-boost|p1a: Marshadow|atk|1
|-boost|p1a: Marshadow|spe|1
|-anim|p1a: Marshadow|Spectral Thief|p2a: Necrozma
|-supereffective|p2a: Necrozma
|-damage|p2a: Necrozma|0 fnt
|faint|p2a: Necrozma
|
|upkeep
|
|t:|1639956215
|switch|p2a: Yveltal|Yveltal|100/100
|-ability|p2a: Yveltal|Dark Aura
|turn|12
|
|t:|1639956227
|move|p2a: Yveltal|Sucker Punch||[still]
|-fail|p2a: Yveltal
|move|p1a: Marshadow|Toxic|p2a: Yveltal
|-status|p2a: Yveltal|tox
|
|-damage|p2a: Yveltal|94/100 tox|[from] psn
|upkeep
|turn|13
|
|t:|1639956231
|move|p2a: Yveltal|Sucker Punch||[still]
|-fail|p2a: Yveltal
|move|p1a: Marshadow|Toxic|p2a: Yveltal
|-fail|p2a: Yveltal|tox
|
|-damage|p2a: Yveltal|82/100 tox|[from] psn
|upkeep
|turn|14
|
|t:|1639956234
|move|p1a: Marshadow|Shadow Sneak|p2a: Yveltal
|-resisted|p2a: Yveltal
|-damage|p2a: Yveltal|58/100 tox
|move|p2a: Yveltal|Sucker Punch||[still]
|-fail|p2a: Yveltal
|
|-damage|p2a: Yveltal|40/100 tox|[from] psn
|upkeep
|turn|15
|
|t:|1639956238
|move|p1a: Marshadow|Shadow Sneak|p2a: Yveltal
|-resisted|p2a: Yveltal
|-damage|p2a: Yveltal|15/100 tox
|move|p2a: Yveltal|Oblivion Wing|p1a: Marshadow
|-supereffective|p1a: Marshadow
|-damage|p1a: Marshadow|0 fnt
|-heal|p2a: Yveltal|15/100 tox|[from] drain|[of] p1a: Marshadow
|faint|p1a: Marshadow
|
|-damage|p2a: Yveltal|0 fnt|[from] psn
|faint|p2a: Yveltal
|upkeep
|c|☆Browneyes64|lol
|
|t:|1639956247
|switch|p1a: death bird|Yveltal|100/100
|switch|p2a: Rayquaza|Rayquaza|100/100
|-ability|p1a: death bird|Dark Aura
|-ability|p2a: Rayquaza|Air Lock
|turn|16
|
|t:|1639956251
|detailschange|p2a: Rayquaza|Rayquaza-Mega
|-mega|p2a: Rayquaza|Rayquaza|
|-weather|DeltaStream|[from] ability: Delta Stream|[of] p2a: Rayquaza
|move|p2a: Rayquaza|Dragon Ascent|p1a: death bird
|-damage|p1a: death bird|0 fnt
|-unboost|p2a: Rayquaza|def|1
|-unboost|p2a: Rayquaza|spd|1
|faint|p1a: death bird
|-damage|p2a: Rayquaza|91/100|[from] item: Life Orb
|
|-weather|DeltaStream|[upkeep]
|upkeep
|
|t:|1639956258
|switch|p1a: spider man|Ditto, shiny|55/100
|-transform|p1a: spider man|p2a: Rayquaza|[from] ability: Imposter
|turn|17
|
|t:|1639956262
|move|p2a: Rayquaza|Extreme Speed|p1a: spider man
|-damage|p1a: spider man|0 fnt
|faint|p1a: spider man
|-damage|p2a: Rayquaza|81/100|[from] item: Life Orb
|
|-weather|DeltaStream|[upkeep]
|upkeep
|
|t:|1639956265
|switch|p1a: Travis Scott|Calyrex-Shadow|100/100
|-ability|p1a: Travis Scott|As One
|-ability|p1a: Travis Scott|Unnerve
|turn|18
|
|t:|1639956267
|move|p1a: Travis Scott|Draining Kiss|p2a: Rayquaza
|-supereffective|p2a: Rayquaza
|-damage|p2a: Rayquaza|24/100
|move|p2a: Rayquaza|Dragon Ascent|p1a: Travis Scott
|-enditem|p1a: Travis Scott|Focus Sash
|-damage|p1a: Travis Scott|1/100
|-unboost|p2a: Rayquaza|def|1
|-unboost|p2a: Rayquaza|spd|1
|-damage|p2a: Rayquaza|14/100|[from] item: Life Orb
|
|-weather|DeltaStream|[upkeep]
|upkeep
|turn|19
|
|t:|1639956273
|move|p2a: Rayquaza|Extreme Speed|p1a: Travis Scott
|-immune|p1a: Travis Scott
|move|p1a: Travis Scott|Astral Barrage|p2a: Rayquaza
|-damage|p2a: Rayquaza|0 fnt
|faint|p2a: Rayquaza
|-weather|none
|
|win|Browneyes64
|raw|Browneyes64's rating: 1695 &rarr; <strong>1718</strong><br />(+23 for winning)
|raw|ThyKingCharles's rating: 1746 &rarr; <strong>1723</strong><br />(-23 for losing)
|c|☆Browneyes64|:)
|c|☆Browneyes64|gg
|l|☆ThyKingCharles
