|j|☆Hogwashimperial
|j|☆AntiVaxxMom69
|player|p1|Hogwashimperial|swimmer-gen4|1579
|player|p2|AntiVaxxMom69|bugcatcher|1476
|teamsize|p1|6
|teamsize|p2|6
|gametype|singles
|gen|8
|tier|[Gen 8] National Dex AG
|rated|
|clearpoke
|poke|p1|Rayquaza|
|poke|p1|Zacian-Crowned|
|poke|p1|Groudon|
|poke|p1|Smeargle, F|
|poke|p1|Necrozma-Dusk-Mane|
|poke|p1|Zygarde|
|poke|p2|Xerneas|
|poke|p2|Rayquaza|
|poke|p2|Zacian-Crowned|
|poke|p2|Ditto|
|poke|p2|Groudon|
|poke|p2|Zygarde|
|rule|HP Percentage Mod: HP is shown in percentages
|rule|Endless Battle Clause: Forcing endless battles is banned
|teampreview
|c|☆Hogwashimperial|hey again
|c|☆Hogwashimperial|i see u kept the zyg
|c|☆AntiVaxxMom69|I now know how to counter you
|
|start
|switch|p1a: Zygarde|Zygarde|100/100
|switch|p2a: Zygarde|Zygarde|100/100
|turn|1
|
|move|p1a: Zygarde|Glare|p2a: Zygarde
|-status|p2a: Zygarde|par
|move|p2a: Zygarde|Coil|p2a: Zygarde
|-boost|p2a: Zygarde|atk|1
|-boost|p2a: Zygarde|def|1
|-boost|p2a: Zygarde|accuracy|1
|
|upkeep
|turn|2
|c|☆Hogwashimperial|lmao
|c|☆Hogwashimperial|NOOOO
|c|☆Hogwashimperial|PLSSSS
|
|move|p1a: Zygarde|Substitute|p1a: Zygarde
|-start|p1a: Zygarde|Substitute
|-damage|p1a: Zygarde|76/100
|cant|p2a: Zygarde|par
|
|-heal|p1a: Zygarde|82/100|[from] item: Leftovers
|upkeep
|turn|3
|c|☆Hogwashimperial|dont do this
|
|move|p1a: Zygarde|Dragon Dance|p1a: Zygarde
|-boost|p1a: Zygarde|atk|1
|-boost|p1a: Zygarde|spe|1
|cant|p2a: Zygarde|par
|
|-heal|p1a: Zygarde|88/100|[from] item: Leftovers
|upkeep
|turn|4
|c|☆Hogwashimperial|dont be like this man
|c|☆AntiVaxxMom69|Coil
|c|☆Hogwashimperial|pls
|c|☆AntiVaxxMom69|Coiley
|c|☆Hogwashimperial|no
|c|☆Hogwashimperial|jsut odnt
|
|move|p1a: Zygarde|Dragon Dance|p1a: Zygarde
|-boost|p1a: Zygarde|atk|1
|-boost|p1a: Zygarde|spe|1
|move|p2a: Zygarde|Coil|p2a: Zygarde
|-boost|p2a: Zygarde|atk|1
|-boost|p2a: Zygarde|def|1
|-boost|p2a: Zygarde|accuracy|1
|
|-heal|p1a: Zygarde|94/100|[from] item: Leftovers
|upkeep
|turn|5
|c|☆Hogwashimperial|tahts toxic
|c|☆Hogwashimperial|thats so toxic
|
|move|p1a: Zygarde|Dragon Dance|p1a: Zygarde
|-boost|p1a: Zygarde|atk|1
|-boost|p1a: Zygarde|spe|1
|move|p2a: Zygarde|Coil|p2a: Zygarde
|-boost|p2a: Zygarde|atk|1
|-boost|p2a: Zygarde|def|1
|-boost|p2a: Zygarde|accuracy|1
|
|-heal|p1a: Zygarde|99/100|[from] item: Leftovers
|upkeep
|turn|6
|c|☆Hogwashimperial|and it only works against enemy zygs
|
|move|p1a: Zygarde|Dragon Dance|p1a: Zygarde
|-boost|p1a: Zygarde|atk|1
|-boost|p1a: Zygarde|spe|1
|move|p2a: Zygarde|Coil|p2a: Zygarde
|-boost|p2a: Zygarde|atk|1
|-boost|p2a: Zygarde|def|1
|-boost|p2a: Zygarde|accuracy|1
|
|-heal|p1a: Zygarde|100/100|[from] item: Leftovers
|upkeep
|turn|7
|c|☆Hogwashimperial|no effect against anybody else
|c|☆Hogwashimperial|its useless
|c|☆AntiVaxxMom69|Nah
|c|☆Hogwashimperial|stop
|c|☆Hogwashimperial|ur toxic
|c|☆Hogwashimperial|stop
|c|☆Hogwashimperial|forfeit with honor
|c|☆Hogwashimperial|or sub to hogwash56
|c|☆Hogwashimperial|and like my new vid
|c|☆AntiVaxxMom69|ill sub and like on one cindition
|c|☆Hogwashimperial|or ur a toxic little boy
|c|☆Hogwashimperial|ok what
|c|☆Hogwashimperial|im not forfeiting
|c|☆AntiVaxxMom69|Fine.
|c|☆AntiVaxxMom69|Sacrifice a pokemon
|c|☆Hogwashimperial|no
|c|☆AntiVaxxMom69|to the goddsss
|
|move|p1a: Zygarde|Dragon Dance|p1a: Zygarde
|-boost|p1a: Zygarde|atk|1
|-boost|p1a: Zygarde|spe|1
|move|p2a: Zygarde|Coil|p2a: Zygarde
|-boost|p2a: Zygarde|atk|1
|-boost|p2a: Zygarde|def|1
|-boost|p2a: Zygarde|accuracy|1
|
|upkeep
|turn|8
|c|☆Hogwashimperial|im not doing anything to my self this game
|c|☆AntiVaxxMom69|Do it
|c|☆Hogwashimperial|STOP IT
|
|move|p1a: Zygarde|Dragon Dance|p1a: Zygarde
|-boost|p1a: Zygarde|atk|1
|-boost|p1a: Zygarde|spe|1
|cant|p2a: Zygarde|par
|
|upkeep
|turn|9
|c|☆AntiVaxxMom69|UNLIMITED POWER
|c|☆Hogwashimperial|COIL ONE MORE TIME AND UR DEAD
|
|move|p1a: Zygarde|Thousand Arrows|p2a: Zygarde
|-damage|p2a: Zygarde|66/100 par
|move|p2a: Zygarde|Coil|p2a: Zygarde
|-boost|p2a: Zygarde|atk|1
|-boost|p2a: Zygarde|def|1
|-boost|p2a: Zygarde|accuracy|1
|
|upkeep
|turn|10
|c|☆Hogwashimperial|actually its not unlimited it stops here
|
|move|p1a: Zygarde|Thousand Arrows|p2a: Zygarde
|-damage|p2a: Zygarde|35/100 par
|move|p2a: Zygarde|Rest|p2a: Zygarde
|-status|p2a: Zygarde|slp|[from] move: Rest
|-heal|p2a: Zygarde|100/100 slp|[silent]
|
|upkeep
|turn|11
|c|☆Hogwashimperial|pls
|
|move|p1a: Zygarde|Thousand Arrows|p2a: Zygarde
|-damage|p2a: Zygarde|73/100 slp
|cant|p2a: Zygarde|slp
|
|upkeep
|turn|12
|c|☆Hogwashimperial|i just need a crit
|c|☆Hogwashimperial|and ur dead
|
|move|p1a: Zygarde|Thousand Arrows|p2a: Zygarde
|-damage|p2a: Zygarde|45/100 slp
|cant|p2a: Zygarde|slp
|
|-activate|p2a: Zygarde|ability: Power Construct
|detailschange|p2a: Zygarde|Zygarde-Complete
|-heal|p2a: Zygarde|64/100 slp|[silent]
|upkeep
|turn|13
|c|☆Hogwashimperial|where are hte high damage rolls
|c|☆Hogwashimperial|OH GOD I FORGOT ABOUT THAT
|
|move|p1a: Zygarde|Thousand Arrows|p2a: Zygarde
|-damage|p2a: Zygarde|44/100 slp
|-curestatus|p2a: Zygarde|slp|[msg]
|move|p2a: Zygarde|Thousand Arrows|p1a: Zygarde
|-end|p1a: Zygarde|Substitute
|
|upkeep
|turn|14
|
|move|p1a: Zygarde|Thousand Arrows|p2a: Zygarde
|-damage|p2a: Zygarde|24/100
|-enditem|p2a: Zygarde|Aguav Berry|[eat]
|-heal|p2a: Zygarde|57/100|[from] item: Aguav Berry
|move|p2a: Zygarde|Thousand Arrows|p1a: Zygarde
|-crit|p1a: Zygarde
|-damage|p1a: Zygarde|0 fnt
|faint|p1a: Zygarde
|
|upkeep
|c|☆Hogwashimperial|FUDGE
|c|☆AntiVaxxMom69|Buy bye
|c|☆Hogwashimperial|THE AGAUV
|
|switch|p1a: Smeargle|Smeargle, F|100/100
|turn|15
|
|move|p1a: Smeargle|Spore|p2a: Zygarde
|-status|p2a: Zygarde|slp|[from] move: Spore
|cant|p2a: Zygarde|slp
|
|-ability|p1a: Smeargle|Moody|boost
|-boost|p1a: Smeargle|atk|2
|-unboost|p1a: Smeargle|spe|1
|upkeep
|turn|16
|c|☆Hogwashimperial|my last resort
|c|☆AntiVaxxMom69|I have haze
|c|☆Hogwashimperial|ah shoot
|c|☆AntiVaxxMom69|u know that right
|
|switch|p1a: Necrozma|Necrozma-Dusk-Mane|100/100
|-curestatus|p2a: Zygarde|slp|[msg]
|move|p2a: Zygarde|Haze|p2a: Zygarde
|-clearallboost
|
|upkeep
|turn|17
|c|☆Hogwashimperial|RE U KIDDING
|c|☆Hogwashimperial|FIRST TURN WAKEUP
|c|☆AntiVaxxMom69|Smart boi
|c|☆Hogwashimperial|well u hazed urself
|
|move|p1a: Necrozma|Photon Geyser|p2a: Zygarde
|-damage|p2a: Zygarde|25/100
|move|p2a: Zygarde|Coil|p2a: Zygarde
|-boost|p2a: Zygarde|atk|1
|-boost|p2a: Zygarde|def|1
|-boost|p2a: Zygarde|accuracy|1
|
|upkeep
|turn|18
|c|☆Hogwashimperial|thats nice
|
|move|p1a: Necrozma|Photon Geyser|p2a: Zygarde
|-damage|p2a: Zygarde|3/100
|move|p2a: Zygarde|Rest|p2a: Zygarde
|-status|p2a: Zygarde|slp|[from] move: Rest
|-heal|p2a: Zygarde|100/100 slp|[silent]
|
|upkeep
|turn|19
|c|☆Hogwashimperial|stop
|c|☆AntiVaxxMom69|Time to set up again
|c|☆Hogwashimperial|no
|c|☆Hogwashimperial|yes
|c|☆Hogwashimperial|NO
|c|☆Hogwashimperial|STOP
|
|move|p1a: Necrozma|Photon Geyser|p2a: Zygarde
|-damage|p2a: Zygarde|81/100 slp
|cant|p2a: Zygarde|slp
|
|upkeep
|turn|20
|c|☆Hogwashimperial|GOD
|c|☆Hogwashimperial|THATS SO TOXIC
|
|move|p1a: Necrozma|Photon Geyser|p2a: Zygarde
|-damage|p2a: Zygarde|61/100 slp
|cant|p2a: Zygarde|slp
|
|upkeep
|turn|21
|
|move|p1a: Necrozma|Photon Geyser|p2a: Zygarde
|-damage|p2a: Zygarde|39/100 slp
|-curestatus|p2a: Zygarde|slp|[msg]
|move|p2a: Zygarde|Coil|p2a: Zygarde
|-boost|p2a: Zygarde|atk|1
|-boost|p2a: Zygarde|def|1
|-boost|p2a: Zygarde|accuracy|1
|
|upkeep
|turn|22
|c|☆AntiVaxxMom69|It’s yummy
|c|☆Hogwashimperial|no its not
|c|☆Hogwashimperial|GOD DANG IT
|c|☆AntiVaxxMom69|Alright
|c|☆AntiVaxxMom69|pledge your allegiances to snom to Ben spared for 2 turns
|c|☆Hogwashimperial|OK
|
|move|p1a: Necrozma|Photon Geyser|p2a: Zygarde
|-damage|p2a: Zygarde|24/100
|move|p2a: Zygarde|Rest|p2a: Zygarde
|-status|p2a: Zygarde|slp|[from] move: Rest
|-heal|p2a: Zygarde|100/100 slp|[silent]
|
|upkeep
|turn|23
|c|☆Hogwashimperial|I PLEDGE MYT ALLEGIENCE
|c|☆Hogwashimperial|GAH I KNEW U WERE GONNA DO THAT
|c|☆AntiVaxxMom69|THere u go
|c|☆Hogwashimperial|thx
|c|☆Hogwashimperial|i wanted taht
|c|☆AntiVaxxMom69|it’s better than a coil
|
|-start|p1a: Necrozma|Dynamax
|-heal|p1a: Necrozma|100/100|[silent]
|move|p1a: Necrozma|Max Mindstorm|p2a: Zygarde
|-damage|p2a: Zygarde|83/100 slp
|-fieldstart|move: Psychic Terrain
|cant|p2a: Zygarde|slp
|
|upkeep
|turn|24
|c|☆Hogwashimperial|no its not
|c|☆Hogwashimperial|WTH
|c|☆Hogwashimperial|IT DOES NO DAMAGE
|
|move|p1a: Necrozma|Max Mindstorm|p2a: Zygarde
|-damage|p2a: Zygarde|61/100 slp
|cant|p2a: Zygarde|slp
|
|upkeep
|turn|25
|
|move|p1a: Necrozma|Max Steelspike|p2a: Zygarde
|-damage|p2a: Zygarde|40/100 slp
|-boost|p1a: Necrozma|def|1
|-curestatus|p2a: Zygarde|slp|[msg]
|move|p2a: Zygarde|Rest|p2a: Zygarde
|-status|p2a: Zygarde|slp|[from] move: Rest
|-heal|p2a: Zygarde|100/100 slp|[silent]
|
|-end|p1a: Necrozma|Dynamax
|-heal|p1a: Necrozma|100/100|[silent]
|upkeep
|turn|26
|c|☆Hogwashimperial|hit
|c|☆Hogwashimperial|me
|
|move|p1a: Necrozma|Sunsteel Strike|p2a: Zygarde
|-damage|p2a: Zygarde|84/100 slp
|cant|p2a: Zygarde|slp
|
|upkeep
|turn|27
|c|☆Hogwashimperial|with
|c|☆Hogwashimperial|a
|c|☆Hogwashimperial|thousand
|c|☆Hogwashimperial|arrow
|c|☆Hogwashimperial|u
|c|☆Hogwashimperial|wont
|c|☆AntiVaxxMom69|Im
|c|☆AntiVaxxMom69|not
|c|☆AntiVaxxMom69|stupid
|
|move|p1a: Necrozma|Earthquake|p2a: Zygarde
|-damage|p2a: Zygarde|73/100 slp
|cant|p2a: Zygarde|slp
|
|-fieldend|move: Psychic Terrain
|upkeep
|turn|28
|c|☆Hogwashimperial|well
|c|☆Hogwashimperial|i mean
|
|switch|p1a: Rayquaza|Rayquaza|100/100
|-ability|p1a: Rayquaza|Air Lock
|-curestatus|p2a: Zygarde|slp|[msg]
|move|p2a: Zygarde|Coil|p2a: Zygarde
|-boost|p2a: Zygarde|atk|1
|-boost|p2a: Zygarde|def|1
|-boost|p2a: Zygarde|accuracy|1
|
|upkeep
|turn|29
|c|☆Hogwashimperial|gah
|
|detailschange|p1a: Rayquaza|Rayquaza-Mega
|-mega|p1a: Rayquaza|Rayquaza|
|-weather|DeltaStream|[from] ability: Delta Stream|[of] p1a: Rayquaza
|move|p1a: Rayquaza|Dragon Dance|p1a: Rayquaza
|-boost|p1a: Rayquaza|atk|1
|-boost|p1a: Rayquaza|spe|1
|move|p2a: Zygarde|Coil|p2a: Zygarde
|-boost|p2a: Zygarde|atk|1
|-boost|p2a: Zygarde|def|1
|-boost|p2a: Zygarde|accuracy|1
|
|-weather|DeltaStream|[upkeep]
|upkeep
|turn|30
|c|☆Hogwashimperial|this is so stupid
|c|☆Hogwashimperial|haze me
|c|☆Hogwashimperial|haze
|c|☆Hogwashimperial|haze
|c|☆Hogwashimperial|haz
|c|☆Hogwashimperial|haze
|c|☆Hogwashimperial|haze
|c|☆Hogwashimperial|hzae
|
|move|p1a: Rayquaza|Dragon Dance|p1a: Rayquaza
|-boost|p1a: Rayquaza|atk|1
|-boost|p1a: Rayquaza|spe|1
|move|p2a: Zygarde|Thousand Arrows|p1a: Rayquaza
|-damage|p1a: Rayquaza|3/100
|-start|p1a: Rayquaza|Smack Down
|
|-weather|DeltaStream|[upkeep]
|upkeep
|turn|31
|c|☆Hogwashimperial|ONO
|
|move|p1a: Rayquaza|Dragon Ascent|p2a: Zygarde
|-damage|p2a: Zygarde|51/100
|-unboost|p1a: Rayquaza|def|1
|-unboost|p1a: Rayquaza|spd|1
|move|p2a: Zygarde|Thousand Arrows|p1a: Rayquaza
|-damage|p1a: Rayquaza|0 fnt
|faint|p1a: Rayquaza
|-weather|none
|
|upkeep
|c|☆Hogwashimperial|HE ATTACKED
|c|☆Hogwashimperial|WTF
|
|switch|p1a: Smeargle|Smeargle, F|100/100
|turn|32
|c|☆Hogwashimperial|PLS
|c|☆Hogwashimperial|JUST
|c|☆Hogwashimperial|STOP
|
|move|p1a: Smeargle|Spore|p2a: Zygarde
|-status|p2a: Zygarde|slp|[from] move: Spore
|cant|p2a: Zygarde|slp
|
|-ability|p1a: Smeargle|Moody|boost
|-boost|p1a: Smeargle|def|2
|-unboost|p1a: Smeargle|spe|1
|upkeep
|turn|33
|c|☆AntiVaxxMom69|Coil> dd
|c|☆AntiVaxxMom69|You know don’t even try setting up
|c|☆Hogwashimperial|toxic<coil
|c|☆AntiVaxxMom69|i have a jiggles
|c|☆Hogwashimperial|?
|
|switch|p1a: Zacian|Zacian-Crowned|100/100
|-ability|p1a: Zacian|Intrepid Sword|boost
|-boost|p1a: Zacian|atk|1
|cant|p2a: Zygarde|slp
|
|upkeep
|turn|34
|c|☆AntiVaxxMom69|I have ditto
|
|move|p1a: Zacian|Play Rough|p2a: Zygarde
|-supereffective|p2a: Zygarde
|-damage|p2a: Zygarde|27/100 slp
|-curestatus|p2a: Zygarde|slp|[msg]
|move|p2a: Zygarde|Thousand Arrows|p1a: Zacian
|-supereffective|p1a: Zacian
|-damage|p1a: Zacian|0 fnt
|faint|p1a: Zacian
|
|upkeep
|c|☆Hogwashimperial|gg
|-message|Hogwashimperial forfeited.
|
|win|AntiVaxxMom69
|l|☆Hogwashimperial
||Ladder (probably) updated, but score could not be retrieved (Response not received).
