|j|☆Yandres
|j|☆i feel stabby
|t:|1614942730
|player|p1|Yandres|kimonogirl|1765
|player|p2|i feel stabby|bellelba|1671
|teamsize|p1|6
|teamsize|p2|6
|gametype|singles
|gen|8
|tier|[Gen 8] National Dex AG
|rated|
|clearpoke
|poke|p1|Ferrothorn, F|
|poke|p1|Ho-Oh|
|poke|p1|Necrozma-Dusk-Mane|
|poke|p1|Arceus-*|
|poke|p1|Rayquaza|
|poke|p1|Zekrom|
|poke|p2|Groudon|
|poke|p2|Groudon|
|poke|p2|Rayquaza|
|poke|p2|Arceus-*|
|poke|p2|Arceus-*|
|poke|p2|Zygarde|
|rule|HP Percentage Mod: HP is shown in percentages
|rule|Endless Battle Clause: Forcing endless battles is banned
|teampreview
|inactive|Battle timer is ON: inactive players will automatically lose when time's up. (requested by Yandres)
|c|☆i feel stabby|yandres
|c|☆i feel stabby|have mercy
|c|☆i feel stabby|please
|
|t:|1614942755
|start
|switch|p1a: Arceus|Arceus-Ground|100/100
|switch|p2a: Groudon|Groudon|100/100
|detailschange|p2a: Groudon|Groudon-Primal
|-primal|p2a: Groudon
|-weather|DesolateLand|[from] ability: Desolate Land|[of] p2a: Groudon
|turn|1
|c|☆Yandres|I get c teamed hard
|c|☆Yandres|If ur dons don't die I die
|
|t:|1614942776
|move|p1a: Arceus|Ice Beam|p2a: Groudon
|-damage|p2a: Groudon|82/100
|move|p2a: Groudon|Fire Punch|p1a: Arceus
|-damage|p1a: Arceus|68/100
|
|-weather|DesolateLand|[upkeep]
|upkeep
|turn|2
|
|t:|1614942781
|-weather|none
|switch|p2a: Rayquaza|Rayquaza|100/100
|-ability|p2a: Rayquaza|Air Lock
|move|p1a: Arceus|Recover|p1a: Arceus
|-heal|p1a: Arceus|100/100
|
|upkeep
|turn|3
|c|☆i feel stabby|wp
|j| VeroNero
|j| Makaai(pokechamp)
|
|t:|1614942790
|detailschange|p2a: Rayquaza|Rayquaza-Mega
|-mega|p2a: Rayquaza|Rayquaza|
|-weather|DeltaStream|[from] ability: Delta Stream|[of] p2a: Rayquaza
|move|p2a: Rayquaza|Dragon Ascent|p1a: Arceus
|-crit|p1a: Arceus
|-damage|p1a: Arceus|18/100
|-unboost|p2a: Rayquaza|def|1
|-unboost|p2a: Rayquaza|spd|1
|-damage|p2a: Rayquaza|91/100|[from] item: Life Orb
|move|p1a: Arceus|Ice Beam|p2a: Rayquaza
|-activate||deltastream
|-supereffective|p2a: Rayquaza
|-damage|p2a: Rayquaza|14/100
|
|-weather|DeltaStream|[upkeep]
|upkeep
|turn|4
|
|t:|1614942799
|switch|p1a: Necrozma|Necrozma-Dusk-Mane|100/100
|move|p2a: Rayquaza|Dragon Ascent|p1a: Necrozma
|-resisted|p1a: Necrozma
|-damage|p1a: Necrozma|75/100
|-unboost|p2a: Rayquaza|def|1
|-unboost|p2a: Rayquaza|spd|1
|-damage|p2a: Rayquaza|0 fnt|[from] item: Rocky Helmet|[of] p1a: Necrozma
|faint|p2a: Rayquaza
|-weather|none
|
|upkeep
|
|t:|1614942804
|switch|p2a: Arceus|Arceus-Ground|100/100
|turn|5
|
|t:|1614942818
|switch|p1a: Ferrothorn|Ferrothorn, F|100/100
|move|p2a: Arceus|Stealth Rock|p1a: Ferrothorn
|-sidestart|p1: Yandres|move: Stealth Rock
|
|upkeep
|turn|6
|
|t:|1614942822
|move|p2a: Arceus|Judgment|p1a: Ferrothorn
|-damage|p1a: Ferrothorn|69/100
|move|p1a: Ferrothorn|Leech Seed|p2a: Arceus
|-start|p2a: Arceus|move: Leech Seed
|
|-heal|p1a: Ferrothorn|75/100|[from] item: Leftovers
|-damage|p2a: Arceus|88/100|[from] Leech Seed|[of] p1a: Ferrothorn
|-heal|p1a: Ferrothorn|91/100|[silent]
|upkeep
|turn|7
|
|t:|1614942829
|switch|p2a: Groudon|Groudon|100/100
|detailschange|p2a: Groudon|Groudon-Primal
|-primal|p2a: Groudon
|-weather|DesolateLand|[from] ability: Desolate Land|[of] p2a: Groudon
|switch|p1a: Arceus|Arceus-Ground|18/100
|-damage|p1a: Arceus|12/100|[from] Stealth Rock
|
|-weather|DesolateLand|[upkeep]
|upkeep
|turn|8
|
|t:|1614942836
|-weather|none
|switch|p2a: Zygarde|Zygarde|100/100
|move|p1a: Arceus|Judgment|p2a: Zygarde
|-damage|p2a: Zygarde|68/100
|
|-heal|p2a: Zygarde|74/100|[from] item: Leftovers
|upkeep
|turn|9
|
|t:|1614942841
|switch|p2a: Arceus|Arceus|100/100
|move|p1a: Arceus|Ice Beam|p2a: Arceus
|-damage|p2a: Arceus|86/100
|
|upkeep
|turn|10
|
|t:|1614942853
|switch|p1a: Ho-Oh|Ho-Oh|100/100
|move|p2a: Arceus|Swords Dance|p2a: Arceus
|-boost|p2a: Arceus|atk|2
|
|upkeep
|turn|11
|
|t:|1614942863
|move|p2a: Arceus|Extreme Speed|p1a: Ho-Oh
|-damage|p1a: Ho-Oh|29/100
|move|p1a: Ho-Oh|Sacred Fire|p2a: Arceus
|-damage|p2a: Arceus|55/100
|-status|p2a: Arceus|brn
|
|-damage|p2a: Arceus|49/100 brn|[from] brn
|upkeep
|turn|12
|
|t:|1614942873
|switch|p1a: Ferrothorn|Ferrothorn, F|91/100
|-damage|p1a: Ferrothorn|85/100|[from] Stealth Rock
|move|p2a: Arceus|Recover|p2a: Arceus
|-heal|p2a: Arceus|99/100 brn
|
|-heal|p1a: Ferrothorn|91/100|[from] item: Leftovers
|-damage|p2a: Arceus|93/100 brn|[from] brn
|upkeep
|turn|13
|
|t:|1614942879
|move|p2a: Arceus|Swords Dance|p2a: Arceus
|-boost|p2a: Arceus|atk|2
|move|p1a: Ferrothorn|Leech Seed|p2a: Arceus
|-start|p2a: Arceus|move: Leech Seed
|
|-heal|p1a: Ferrothorn|97/100|[from] item: Leftovers
|-damage|p2a: Arceus|80/100 brn|[from] Leech Seed|[of] p1a: Ferrothorn
|-heal|p1a: Ferrothorn|100/100|[silent]
|-damage|p2a: Arceus|74/100 brn|[from] brn
|upkeep
|turn|14
|
|t:|1614942886
|move|p2a: Arceus|Swords Dance|p2a: Arceus
|-boost|p2a: Arceus|atk|2
|move|p1a: Ferrothorn|Spikes|p2a: Arceus
|-sidestart|p2: i feel stabby|Spikes
|
|-damage|p2a: Arceus|62/100 brn|[from] Leech Seed|[of] p1a: Ferrothorn
|-damage|p2a: Arceus|56/100 brn|[from] brn
|upkeep
|turn|15
|
|t:|1614942893
|switch|p2a: Groudon|Groudon-Primal|100/100
|-damage|p2a: Groudon|88/100|[from] Spikes
|-weather|DesolateLand|[from] ability: Desolate Land|[of] p2a: Groudon
|move|p1a: Ferrothorn|Protect||[still]
|-fail|p1a: Ferrothorn
|
|-weather|DesolateLand|[upkeep]
|upkeep
|turn|16
|
|t:|1614942908
|switch|p1a: Ho-Oh|Ho-Oh|62/100
|move|p2a: Groudon|Rock Polish|p2a: Groudon
|-boost|p2a: Groudon|spe|2
|
|-weather|DesolateLand|[upkeep]
|upkeep
|turn|17
|
|t:|1614942914
|move|p2a: Groudon|Bulk Up|p2a: Groudon
|-boost|p2a: Groudon|atk|1
|-boost|p2a: Groudon|def|1
|move|p1a: Ho-Oh|Whirlwind|p2a: Groudon
|-weather|none
|drag|p2a: Zygarde|Zygarde|74/100
|-damage|p2a: Zygarde|62/100|[from] Spikes
|
|-heal|p2a: Zygarde|68/100|[from] item: Leftovers
|upkeep
|turn|18
|c|☆i feel stabby|noo
|
|t:|1614942919
|move|p2a: Zygarde|Glare|p1a: Ho-Oh
|-status|p1a: Ho-Oh|par
|cant|p1a: Ho-Oh|par
|
|-heal|p2a: Zygarde|74/100|[from] item: Leftovers
|upkeep
|turn|19
|
|t:|1614942923
|move|p2a: Zygarde|Substitute|p2a: Zygarde
|-start|p2a: Zygarde|Substitute
|-damage|p2a: Zygarde|49/100
|move|p1a: Ho-Oh|Sacred Fire|p2a: Zygarde
|-resisted|p2a: Zygarde
|-activate|p2a: Zygarde|move: Substitute|[damage]
|
|-heal|p2a: Zygarde|55/100|[from] item: Leftovers
|upkeep
|turn|20
|
|t:|1614942928
|move|p2a: Zygarde|Thousand Arrows|p1a: Ho-Oh
|-damage|p1a: Ho-Oh|33/100 par
|-start|p1a: Ho-Oh|Smack Down
|move|p1a: Ho-Oh|Whirlwind|p2a: Zygarde
|drag|p2a: Arceus|Arceus-Ground|88/100
|-damage|p2a: Arceus|76/100|[from] Spikes
|
|upkeep
|turn|21
|
|t:|1614942933
|switch|p1a: Ferrothorn|Ferrothorn, F|100/100
|-damage|p1a: Ferrothorn|94/100|[from] Stealth Rock
|move|p2a: Arceus|Judgment|p1a: Ferrothorn
|-damage|p1a: Ferrothorn|63/100
|
|-heal|p1a: Ferrothorn|70/100|[from] item: Leftovers
|upkeep
|turn|22
|
|t:|1614942943
|move|p2a: Arceus|Judgment|p1a: Ferrothorn
|-damage|p1a: Ferrothorn|38/100
|move|p1a: Ferrothorn|Spikes|p2a: Arceus
|-sidestart|p2: i feel stabby|Spikes
|
|-heal|p1a: Ferrothorn|44/100|[from] item: Leftovers
|upkeep
|turn|23
|
|t:|1614942949
|move|p2a: Arceus|Judgment|p1a: Ferrothorn
|-damage|p1a: Ferrothorn|15/100
|move|p1a: Ferrothorn|Leech Seed|p2a: Arceus
|-start|p2a: Arceus|move: Leech Seed
|
|-heal|p1a: Ferrothorn|21/100|[from] item: Leftovers
|-damage|p2a: Arceus|63/100|[from] Leech Seed|[of] p1a: Ferrothorn
|-heal|p1a: Ferrothorn|37/100|[silent]
|upkeep
|turn|24
|
|t:|1614942953
|switch|p2a: Zygarde|Zygarde|55/100
|-damage|p2a: Zygarde|39/100|[from] Spikes
|move|p1a: Ferrothorn|Spikes|p2a: Zygarde
|-sidestart|p2: i feel stabby|Spikes
|
|-heal|p2a: Zygarde|45/100|[from] item: Leftovers
|-heal|p1a: Ferrothorn|43/100|[from] item: Leftovers
|-activate|p2a: Zygarde|ability: Power Construct
|detailschange|p2a: Zygarde|Zygarde-Complete
|-heal|p2a: Zygarde|64/100|[silent]
|upkeep
|turn|25
|
|t:|1614942960
|switch|p1a: Ho-Oh|Ho-Oh|66/100 par
|move|p2a: Zygarde|Substitute|p2a: Zygarde
|-start|p2a: Zygarde|Substitute
|-damage|p2a: Zygarde|39/100
|
|-heal|p2a: Zygarde|45/100|[from] item: Leftovers
|upkeep
|turn|26
|
|t:|1614942965
|move|p2a: Zygarde|Thousand Arrows|p1a: Ho-Oh
|-damage|p1a: Ho-Oh|40/100 par
|-start|p1a: Ho-Oh|Smack Down
|move|p1a: Ho-Oh|Whirlwind|p2a: Zygarde
|drag|p2a: Arceus|Arceus-Ground|63/100
|-damage|p2a: Arceus|38/100|[from] Spikes
|
|upkeep
|turn|27
|
|t:|1614942973
|move|p2a: Arceus|Judgment|p1a: Ho-Oh
|-supereffective|p1a: Ho-Oh
|-damage|p1a: Ho-Oh|0 fnt
|faint|p1a: Ho-Oh
|
|upkeep
|
|t:|1614942980
|switch|p1a: Ferrothorn|Ferrothorn, F|43/100
|-damage|p1a: Ferrothorn|37/100|[from] Stealth Rock
|turn|28
|
|t:|1614942990
|-start|p2a: Arceus|Dynamax
|-heal|p2a: Arceus|38/100|[silent]
|move|p2a: Arceus|Max Quake|p1a: Ferrothorn
|-damage|p1a: Ferrothorn|0 fnt
|-boost|p2a: Arceus|spd|1
|faint|p1a: Ferrothorn
|
|upkeep
|
|t:|1614943013
|switch|p1a: Arceus|Arceus-Ground|12/100
|-damage|p1a: Arceus|6/100|[from] Stealth Rock
|turn|29
|c|☆i feel stabby|welp still i think i did a good job against u
|
|t:|1614943023
|move|p2a: Arceus|Max Quake|p1a: Arceus
|-damage|p1a: Arceus|0 fnt
|-boost|p2a: Arceus|spd|1
|faint|p1a: Arceus
|
|upkeep
|
|t:|1614943029
|switch|p1a: Zekrom|Zekrom|100/100
|-damage|p1a: Zekrom|88/100|[from] Stealth Rock
|-ability|p1a: Zekrom|Teravolt
|turn|30
|c| Makaai(pokechamp)|Indeed
|c|☆i feel stabby|U want me to ice beam u?
|
|t:|1614943050
|-start|p1a: Zekrom|Dynamax
|-heal|p1a: Zekrom|88/100|[silent]
|move|p1a: Zekrom|Max Guard|p1a: Zekrom
|-singleturn|p1a: Zekrom|Max Guard
|move|p2a: Arceus|Max Quake|p1a: Zekrom
|-activate|p1a: Zekrom|move: Max Guard
|
|-end|p2a: Arceus|Dynamax
|-heal|p2a: Arceus|38/100|[silent]
|upkeep
|turn|31
|
|t:|1614943062
|move|p2a: Arceus|Judgment|p1a: Zekrom
|-supereffective|p1a: Zekrom
|-damage|p1a: Zekrom|38/100
|move|p1a: Zekrom|Max Wyrmwind|p2a: Arceus
|-damage|p2a: Arceus|0 fnt
|-damage|p1a: Zekrom|33/100|[from] item: Life Orb
|faint|p2a: Arceus
|
|upkeep
|c|☆i feel stabby|sadly i dont have it
|
|t:|1614943074
|switch|p2a: Groudon|Groudon-Primal|82/100
|-damage|p2a: Groudon|57/100|[from] Spikes
|-weather|DesolateLand|[from] ability: Desolate Land|[of] p2a: Groudon
|turn|32
|c|☆Yandres|People always bring like 10 counters against my team if I bring zek
|
|t:|1614943080
|move|p1a: Zekrom|Max Wyrmwind|p2a: Groudon
|-damage|p2a: Groudon|7/100
|-unboost|p2a: Groudon|atk|1
|-damage|p1a: Zekrom|28/100|[from] item: Life Orb
|move|p2a: Groudon|Seismic Toss|p1a: Zekrom
|-damage|p1a: Zekrom|13/100
|
|-weather|DesolateLand|[upkeep]
|-end|p1a: Zekrom|Dynamax
|-heal|p1a: Zekrom|13/100|[silent]
|upkeep
|turn|33
|
|t:|1614943088
|move|p1a: Zekrom|Dragon Claw|p2a: Groudon
|-damage|p2a: Groudon|0 fnt
|-damage|p1a: Zekrom|3/100|[from] item: Life Orb
|faint|p2a: Groudon
|-weather|none
|
|upkeep
|
|t:|1614943090
|switch|p2a: Arceus|Arceus|56/100 brn
|-damage|p2a: Arceus|31/100 brn|[from] Spikes
|turn|34
|
|t:|1614943094
|switch|p1a: Necrozma|Necrozma-Dusk-Mane|75/100
|-damage|p1a: Necrozma|69/100|[from] Stealth Rock
|move|p2a: Arceus|Shadow Claw|p1a: Necrozma
|-supereffective|p1a: Necrozma
|-crit|p1a: Necrozma
|-damage|p1a: Necrozma|54/100
|-damage|p2a: Arceus|14/100 brn|[from] item: Rocky Helmet|[of] p1a: Necrozma
|
|-damage|p2a: Arceus|8/100 brn|[from] brn
|upkeep
|turn|35
|
|t:|1614943100
|move|p2a: Arceus|Shadow Claw|p1a: Necrozma
|-supereffective|p1a: Necrozma
|-damage|p1a: Necrozma|44/100
|-damage|p2a: Arceus|0 fnt|[from] item: Rocky Helmet|[of] p1a: Necrozma
|faint|p2a: Arceus
|move|p1a: Necrozma|Morning Sun|p1a: Necrozma
|-heal|p1a: Necrozma|94/100
|
|upkeep
|
|t:|1614943103
|switch|p2a: Zygarde|Zygarde-Complete|45/100
|-damage|p2a: Zygarde|20/100|[from] Spikes
|turn|36
|
|t:|1614943111
|move|p2a: Zygarde|Glare|p1a: Necrozma
|-status|p1a: Necrozma|par
|move|p1a: Necrozma|Sunsteel Strike|p2a: Zygarde
|-damage|p2a: Zygarde|0 fnt
|faint|p2a: Zygarde
|
|upkeep
|
|t:|1614943114
|switch|p2a: Groudon|Groudon-Primal|88/100
|-damage|p2a: Groudon|63/100|[from] Spikes
|-weather|DesolateLand|[from] ability: Desolate Land|[of] p2a: Groudon
|turn|37
|
|t:|1614943118
|move|p2a: Groudon|Rock Polish|p2a: Groudon
|-boost|p2a: Groudon|spe|2
|cant|p1a: Necrozma|par
|
|-weather|DesolateLand|[upkeep]
|upkeep
|turn|38
|c|☆Yandres|The rocks was a very nice play
|
|t:|1614943123
|move|p2a: Groudon|Bulk Up|p2a: Groudon
|-boost|p2a: Groudon|atk|1
|-boost|p2a: Groudon|def|1
|cant|p1a: Necrozma|par
|
|-weather|DesolateLand|[upkeep]
|upkeep
|turn|39
|c|☆Yandres|The spikes
|c|☆i feel stabby|yep
|c|☆Yandres|Obviously have to hax me
|c|☆Yandres|Cuz why not
|c|☆i feel stabby|oof
|c|☆i feel stabby|my bad
|c|☆i feel stabby|u deserve the win tho
|c|☆Yandres|na
|c|☆Yandres|take it
|
|t:|1614943153
|move|p2a: Groudon|Fire Punch|p1a: Necrozma
|-supereffective|p1a: Necrozma
|-crit|p1a: Necrozma
|-damage|p1a: Necrozma|0 fnt
|-damage|p2a: Groudon|47/100|[from] item: Rocky Helmet|[of] p1a: Necrozma
|faint|p1a: Necrozma
|
|-weather|DesolateLand|[upkeep]
|upkeep
|c|☆Yandres|End it
|
|t:|1614943158
|switch|p1a: Zekrom|Zekrom|3/100
|-damage|p1a: Zekrom|0 fnt|[from] Stealth Rock
|faint|p1a: Zekrom
|
|t:|1614943159
|switch|p1a: Rayquaza|Rayquaza|100/100
|-damage|p1a: Rayquaza|76/100|[from] Stealth Rock
|-ability|p1a: Rayquaza|Air Lock
|turn|40
|
|t:|1614943163
|detailschange|p1a: Rayquaza|Rayquaza-Mega
|-mega|p1a: Rayquaza|Rayquaza|
|-weather|DeltaStream|[from] ability: Delta Stream|[of] p1a: Rayquaza
|move|p2a: Groudon|Fire Punch|p1a: Rayquaza
|-resisted|p1a: Rayquaza
|-damage|p1a: Rayquaza|34/100
|move|p1a: Rayquaza|Dragon Ascent|p2a: Groudon
|-damage|p2a: Groudon|0 fnt
|-unboost|p1a: Rayquaza|def|1
|-unboost|p1a: Rayquaza|spd|1
|-damage|p1a: Rayquaza|24/100|[from] item: Life Orb
|faint|p2a: Groudon
|
|win|Yandres
|c|☆i feel stabby|oh
|raw|Yandres's rating: 1766 &rarr; <strong>1780</strong><br />(+14 for winning)
|raw|i feel stabby's rating: 1671 &rarr; <strong>1656</strong><br />(-15 for losing)
|c|☆i feel stabby|gg wp
|c|☆Yandres|You didn't have edge?
|c|☆Yandres|Oops
|c|☆i feel stabby|nop
|c|☆Yandres|Well that was close
|c|☆Yandres|Ggs ig
