|j|☆Onoufrios
|j|☆85792195wwww
|player|p1|Onoufrios|psychic-gen4|1796
|player|p2|85792195wwww|lady|1702
|teamsize|p1|6
|teamsize|p2|6
|gametype|singles
|gen|8
|tier|[Gen 8] National Dex AG
|rated|
|clearpoke
|poke|p1|Necrozma-Dusk-Mane|
|poke|p1|Arceus-*|
|poke|p1|Xerneas|
|poke|p1|Zacian-Crowned|
|poke|p1|Lugia|
|poke|p1|Yveltal|
|poke|p2|Yveltal|
|poke|p2|Rayquaza|
|poke|p2|Zacian-Crowned|
|poke|p2|Arceus-*|
|poke|p2|Eternatus|
|poke|p2|Ditto|
|rule|HP Percentage Mod: HP is shown in percentages
|rule|Endless Battle Clause: Forcing endless battles is banned
|teampreview
|j| jbjbjbjbjb
|
|start
|switch|p1a: Lugia|Lugia|100/100
|switch|p2a: Eternatus|Eternatus|100/100
|-ability|p2a: Eternatus|Pressure
|turn|1
|
|move|p2a: Eternatus|Toxic|p1a: Lugia
|-status|p1a: Lugia|tox
|move|p1a: Lugia|Thunder Wave|p2a: Eternatus
|-status|p2a: Eternatus|par
|
|-damage|p1a: Lugia|94/100 tox|[from] psn
|upkeep
|turn|2
|
|move|p2a: Eternatus|Flamethrower|p1a: Lugia
|-damage|p1a: Lugia|73/100 tox
|move|p1a: Lugia|Whirlwind|p2a: Eternatus
|drag|p2a: Zacian|Zacian-Crowned|100/100
|-ability|p2a: Zacian|Intrepid Sword|boost
|-boost|p2a: Zacian|atk|1
|
|-damage|p1a: Lugia|61/100 tox|[from] psn
|upkeep
|turn|3
|
|move|p2a: Zacian|Wild Charge|p1a: Lugia
|-supereffective|p1a: Lugia
|-damage|p1a: Lugia|0 fnt
|-damage|p2a: Zacian|81/100|[from] Recoil
|faint|p1a: Lugia
|
|upkeep
|
|switch|p1a: Zacian|Zacian-Crowned|100/100
|-ability|p1a: Zacian|Intrepid Sword|boost
|-boost|p1a: Zacian|atk|1
|turn|4
|
|switch|p2a: Eternatus|Eternatus|100/100 par
|-ability|p2a: Eternatus|Pressure
|move|p1a: Zacian|Behemoth Blade|p2a: Eternatus
|-damage|p2a: Eternatus|8/100 par
|
|upkeep
|turn|5
|inactive|Battle timer is ON: inactive players will automatically lose when time's up. (requested by 85792195wwww)
|inactive|Onoufrios has 120 seconds left.
|
|switch|p1a: Xerneas|Xerneas|100/100
|-ability|p1a: Xerneas|Fairy Aura
|move|p2a: Eternatus|Flamethrower|p1a: Xerneas
|-damage|p1a: Xerneas|72/100
|
|upkeep
|turn|6
|
|move|p1a: Xerneas|Geomancy||[still]
|-prepare|p1a: Xerneas|Geomancy|p1a: Xerneas
|-enditem|p1a: Xerneas|Power Herb
|-anim|p1a: Xerneas|Geomancy|p1a: Xerneas
|-boost|p1a: Xerneas|spa|2
|-boost|p1a: Xerneas|spd|2
|-boost|p1a: Xerneas|spe|2
|move|p2a: Eternatus|Toxic|p1a: Xerneas
|-status|p1a: Xerneas|tox
|
|-damage|p1a: Xerneas|66/100 tox|[from] psn
|upkeep
|turn|7
|
|move|p1a: Xerneas|Moonblast|p2a: Eternatus
|-damage|p2a: Eternatus|0 fnt
|faint|p2a: Eternatus
|
|-damage|p1a: Xerneas|54/100 tox|[from] psn
|upkeep
|
|switch|p2a: Ditto|Ditto|100/100
|-transform|p2a: Ditto|p1a: Xerneas|[from] ability: Imposter
|-ability|p2a: Ditto|Fairy Aura
|turn|8
|inactive|Onoufrios has 120 seconds left.
|
|-start|p1a: Xerneas|Dynamax
|-heal|p1a: Xerneas|54/100 tox|[silent]
|move|p2a: Ditto|Moonblast|p1a: Xerneas
|-crit|p1a: Xerneas
|-damage|p1a: Xerneas|0 fnt
|faint|p1a: Xerneas
|
|upkeep
|inactive|Onoufrios has 120 seconds left.
|c|☆Onoufrios|Pfff luck
|
|switch|p1a: Zacian|Zacian-Crowned|100/100
|-ability|p1a: Zacian|Intrepid Sword|boost
|-boost|p1a: Zacian|atk|1
|turn|9
|
|switch|p2a: Zacian|Zacian-Crowned|81/100
|-ability|p2a: Zacian|Intrepid Sword|boost
|-boost|p2a: Zacian|atk|1
|move|p1a: Zacian|Behemoth Blade|p2a: Zacian
|-damage|p2a: Zacian|0 fnt
|faint|p2a: Zacian
|
|upkeep
|
|switch|p2a: Ditto|Ditto|100/100
|-transform|p2a: Ditto|p1a: Zacian|[from] ability: Imposter
|-ability|p2a: Ditto|Intrepid Sword|boost
|-boost|p2a: Ditto|atk|1
|turn|10
|inactive|Onoufrios has 120 seconds left.
|
|move|p2a: Ditto|Close Combat|p1a: Zacian
|-damage|p1a: Zacian|0 fnt
|-unboost|p2a: Ditto|def|1
|-unboost|p2a: Ditto|spd|1
|faint|p1a: Zacian
|
|upkeep
|inactive|Onoufrios has 120 seconds left.
|
|switch|p1a: Necrozma|Necrozma-Dusk-Mane|100/100
|turn|11
|
|detailschange|p1a: Necrozma|Necrozma-Ultra
|-burst|p1a: Necrozma|Necrozma|Ultranecrozium Z
|move|p2a: Ditto|Close Combat|p1a: Necrozma
|-resisted|p1a: Necrozma
|-damage|p1a: Necrozma|55/100
|-unboost|p2a: Ditto|def|1
|-unboost|p2a: Ditto|spd|1
|move|p1a: Necrozma|Dragon Dance|p1a: Necrozma
|-boost|p1a: Necrozma|atk|1
|-boost|p1a: Necrozma|spe|1
|
|upkeep
|turn|12
|inactive|Onoufrios has 120 seconds left.
|inactive|Onoufrios has 90 seconds left.
|
|move|p2a: Ditto|Close Combat|p1a: Necrozma
|-resisted|p1a: Necrozma
|-damage|p1a: Necrozma|3/100
|-unboost|p2a: Ditto|def|1
|-unboost|p2a: Ditto|spd|1
|-zpower|p1a: Necrozma
|move|p1a: Necrozma|Light That Burns the Sky|p2a: Ditto|[zeffect]
|-resisted|p2a: Ditto
|-damage|p2a: Ditto|0 fnt
|faint|p2a: Ditto
|
|upkeep
|
|switch|p2a: Yveltal|Yveltal|100/100
|-ability|p2a: Yveltal|Dark Aura
|turn|13
|
|-start|p2a: Yveltal|Dynamax
|-heal|p2a: Yveltal|100/100|[silent]
|move|p1a: Necrozma|Stone Edge|p2a: Yveltal
|-supereffective|p2a: Yveltal
|-damage|p2a: Yveltal|24/100
|move|p2a: Yveltal|Max Airstream|p1a: Necrozma
|-damage|p1a: Necrozma|0 fnt
|-boost|p2a: Yveltal|spe|1
|faint|p1a: Necrozma
|
|upkeep
|inactive|Onoufrios has 90 seconds left.
|
|switch|p1a: Arceus|Arceus|100/100
|turn|14
|
|move|p1a: Arceus|Extreme Speed|p2a: Yveltal
|-damage|p2a: Yveltal|0 fnt
|faint|p2a: Yveltal
|
|upkeep
|
|switch|p2a: Arceus|Arceus|100/100
|turn|15
|inactive|Onoufrios has 90 seconds left.
|
|move|p1a: Arceus|Extreme Speed|p2a: Arceus
|-damage|p2a: Arceus|60/100
|move|p2a: Arceus|Swords Dance|p2a: Arceus
|-boost|p2a: Arceus|atk|2
|
|upkeep
|turn|16
|
|move|p2a: Arceus|Extreme Speed|p1a: Arceus
|-damage|p1a: Arceus|31/100
|-damage|p2a: Arceus|51/100|[from] item: Life Orb
|move|p1a: Arceus|Extreme Speed|p2a: Arceus
|-damage|p2a: Arceus|13/100
|
|upkeep
|turn|17
|
|move|p2a: Arceus|Extreme Speed|p1a: Arceus
|-damage|p1a: Arceus|0 fnt
|-damage|p2a: Arceus|3/100|[from] item: Life Orb
|faint|p1a: Arceus
|
|upkeep
|
|switch|p1a: Yveltal|Yveltal|100/100
|-ability|p1a: Yveltal|Dark Aura
|turn|18
|
|move|p2a: Arceus|Extreme Speed|p1a: Yveltal
|-damage|p1a: Yveltal|0 fnt
|-damage|p2a: Arceus|0 fnt|[from] item: Life Orb
|faint|p1a: Yveltal
|faint|p2a: Arceus
|
|win|85792195wwww
