|j|☆ARandomFailure
|j|☆MasterDylanBowDown
|t:|1666277976
|gametype|singles
|player|p1|ARandomFailure|gentleman|1649
|player|p2|MasterDylanBowDown|flannery|1764
|teamsize|p1|6
|teamsize|p2|6
|gen|8
|tier|[Gen 8] National Dex AG
|rated|
|rule|HP Percentage Mod: HP is shown in percentages
|rule|Endless Battle Clause: Forcing endless battles is banned
|clearpoke
|poke|p1|Zacian-*|
|poke|p1|Slurpuff, M|
|poke|p1|Rayquaza|
|poke|p1|Kyogre|
|poke|p1|Groudon|
|poke|p1|Yveltal|
|poke|p2|Sableye, M|
|poke|p2|Chansey, F|
|poke|p2|Giratina|
|poke|p2|Lugia|
|poke|p2|Tyranitar, M|
|poke|p2|Quagsire, M|
|teampreview
|inactive|Battle timer is ON: inactive players will automatically lose when time's up. (requested by MasterDylanBowDown)
|
|t:|1666277981
|start
|switch|p1a: Slurpuff|Slurpuff, M|100/100
|switch|p2a: Sableye|Sableye, M|100/100
|turn|1
|
|t:|1666277985
|detailschange|p2a: Sableye|Sableye-Mega, M
|-mega|p2a: Sableye|Sableye|Sablenite
|move|p1a: Slurpuff|Magic Coat|p1a: Slurpuff
|-singleturn|p1a: Slurpuff|move: Magic Coat
|move|p2a: Sableye|Protect||[still]
|-fail|p2a: Sableye
|
|upkeep
|turn|2
|
|t:|1666277991
|switch|p2a: Chansey|Chansey, F|100/100
|move|p1a: Slurpuff|Magic Coat|p1a: Slurpuff
|-singleturn|p1a: Slurpuff|move: Magic Coat
|
|upkeep
|turn|3
|
|t:|1666277994
|move|p1a: Slurpuff|Endeavor|p2a: Chansey
|-damage|p2a: Chansey|43/100
|move|p2a: Chansey|Seismic Toss|p1a: Slurpuff
|-damage|p1a: Slurpuff|64/100
|
|upkeep
|turn|4
|
|t:|1666277998
|move|p1a: Slurpuff|Endeavor|p2a: Chansey
|-damage|p2a: Chansey|28/100
|move|p2a: Chansey|Soft-Boiled|p2a: Chansey
|-heal|p2a: Chansey|78/100
|
|upkeep
|turn|5
|
|t:|1666278001
|move|p1a: Slurpuff|Endeavor|p2a: Chansey
|-damage|p2a: Chansey|28/100
|move|p2a: Chansey|Soft-Boiled|p2a: Chansey
|-heal|p2a: Chansey|78/100
|
|upkeep
|turn|6
|
|t:|1666278005
|move|p1a: Slurpuff|Endeavor|p2a: Chansey
|-damage|p2a: Chansey|28/100
|move|p2a: Chansey|Soft-Boiled|p2a: Chansey
|-heal|p2a: Chansey|78/100
|
|upkeep
|turn|7
|
|t:|1666278008
|switch|p1a: Zacian|Zacian-Crowned|100/100
|-ability|p1a: Zacian|Intrepid Sword|boost
|-boost|p1a: Zacian|atk|1
|move|p2a: Chansey|Soft-Boiled|p2a: Chansey
|-heal|p2a: Chansey|100/100
|
|upkeep
|turn|8
|
|t:|1666278013
|switch|p2a: Quagsire|Quagsire, M, shiny|100/100
|move|p1a: Zacian|Close Combat|p2a: Quagsire
|-damage|p2a: Quagsire|66/100
|-unboost|p1a: Zacian|def|1
|-unboost|p1a: Zacian|spd|1
|-damage|p1a: Zacian|84/100|[from] item: Rocky Helmet|[of] p2a: Quagsire
|
|upkeep
|turn|9
|
|t:|1666278017
|switch|p1a: Slurpuff|Slurpuff, M|64/100
|move|p2a: Quagsire|Recover|p2a: Quagsire
|-heal|p2a: Quagsire|100/100
|
|upkeep
|turn|10
|
|t:|1666278021
|switch|p2a: Chansey|Chansey, F|100/100
|move|p1a: Slurpuff|Endeavor|p2a: Chansey
|-damage|p2a: Chansey|28/100
|
|upkeep
|turn|11
|
|t:|1666278026
|move|p1a: Slurpuff|Misty Explosion|p2a: Chansey
|-damage|p2a: Chansey|17/100
|faint|p1a: Slurpuff
|move|p2a: Chansey|Soft-Boiled|p2a: Chansey
|-heal|p2a: Chansey|67/100
|
|upkeep
|
|t:|1666278033
|switch|p1a: Yveltal|Yveltal|100/100
|-ability|p1a: Yveltal|Dark Aura
|turn|12
|
|t:|1666278035
|switch|p2a: Tyranitar|Tyranitar, M|100/100
|-weather|Sandstorm|[from] ability: Sand Stream|[of] p2a: Tyranitar
|move|p1a: Yveltal|Knock Off|p2a: Tyranitar
|-resisted|p2a: Tyranitar
|-damage|p2a: Tyranitar|69/100
|-enditem|p2a: Tyranitar|Leftovers|[from] move: Knock Off|[of] p1a: Yveltal
|-damage|p1a: Yveltal|91/100|[from] item: Life Orb
|
|-weather|Sandstorm|[upkeep]
|-damage|p1a: Yveltal|84/100|[from] Sandstorm
|upkeep
|turn|13
|
|t:|1666278039
|move|p1a: Yveltal|U-turn|p2a: Tyranitar
|-supereffective|p2a: Tyranitar
|-damage|p2a: Tyranitar|22/100
|-damage|p1a: Yveltal|75/100|[from] item: Life Orb
|-activate|p1a: Yveltal|move: Pursuit
|move|p2a: Tyranitar|Pursuit|p1a: Yveltal|[from]Pursuit
|-resisted|p1a: Yveltal
|-damage|p1a: Yveltal|51/100
|
|t:|1666278055
|switch|p1a: Kyogre|Kyogre|100/100|[from]move: U-turn
|-weather|RainDance|[from] ability: Drizzle|[of] p1a: Kyogre
|
|-weather|RainDance|[upkeep]
|upkeep
|turn|14
|
|t:|1666278064
|switch|p2a: Chansey|Chansey, F|67/100
|move|p1a: Kyogre|Ice Beam|p2a: Chansey
|-damage|p2a: Chansey|58/100
|
|-weather|RainDance|[upkeep]
|upkeep
|turn|15
|
|t:|1666278068
|switch|p1a: Groudon|Groudon|100/100
|detailschange|p1a: Groudon|Groudon-Primal
|-primal|p1a: Groudon
|-weather|DesolateLand|[from] ability: Desolate Land|[of] p1a: Groudon
|move|p2a: Chansey|Soft-Boiled|p2a: Chansey
|-heal|p2a: Chansey|100/100
|
|-weather|DesolateLand|[upkeep]
|upkeep
|turn|16
|
|t:|1666278072
|switch|p2a: Giratina|Giratina, shiny|100/100
|-ability|p2a: Giratina|Pressure
|move|p1a: Groudon|Stealth Rock|p2a: Giratina
|-sidestart|p2: MasterDylanBowDown|move: Stealth Rock
|
|-weather|DesolateLand|[upkeep]
|upkeep
|turn|17
|
|t:|1666278076
|move|p2a: Giratina|Will-O-Wisp|p1a: Groudon
|-immune|p1a: Groudon
|move|p1a: Groudon|Dragon Tail|p2a: Giratina
|-supereffective|p2a: Giratina
|-damage|p2a: Giratina|77/100
|drag|p2a: Lugia|Lugia, shiny|100/100
|
|-weather|DesolateLand|[upkeep]
|upkeep
|turn|18
|
|t:|1666278081
|move|p2a: Lugia|Defog|p1a: Groudon
|-unboost|p1a: Groudon|evasion|1
|-sideend|p2: MasterDylanBowDown|Stealth Rock|[from] move: Defog|[of] p2a: Lugia
|move|p1a: Groudon|Dragon Tail|p2a: Lugia|[miss]
|-miss|p1a: Groudon|p2a: Lugia
|
|-weather|DesolateLand|[upkeep]
|upkeep
|turn|19
|
|t:|1666278086
|move|p2a: Lugia|Ice Beam|p1a: Groudon
|-damage|p1a: Groudon|83/100
|move|p1a: Groudon|Stealth Rock|p2a: Lugia
|-sidestart|p2: MasterDylanBowDown|move: Stealth Rock
|
|-weather|DesolateLand|[upkeep]
|upkeep
|turn|20
|
|t:|1666278089
|move|p2a: Lugia|Defog|p1a: Groudon
|-unboost|p1a: Groudon|evasion|1
|-sideend|p2: MasterDylanBowDown|Stealth Rock|[from] move: Defog|[of] p2a: Lugia
|move|p1a: Groudon|Dragon Tail|p2a: Lugia
|-damage|p2a: Lugia|94/100
|drag|p2a: Sableye|Sableye-Mega, M|100/100
|
|-weather|DesolateLand|[upkeep]
|upkeep
|turn|21
|
|t:|1666278093
|move|p1a: Groudon|Precipice Blades|p2a: Sableye
|-damage|p2a: Sableye|41/100
|move|p2a: Sableye|Foul Play|p1a: Groudon
|-damage|p1a: Groudon|43/100
|
|-weather|DesolateLand|[upkeep]
|upkeep
|turn|22
|
|t:|1666278101
|move|p2a: Sableye|Protect|p2a: Sableye
|-singleturn|p2a: Sableye|Protect
|move|p1a: Groudon|Precipice Blades|p2a: Sableye
|-activate|p2a: Sableye|move: Protect
|
|-weather|DesolateLand|[upkeep]
|upkeep
|turn|23
|
|t:|1666278105
|move|p1a: Groudon|Stone Edge|p2a: Sableye
|-damage|p2a: Sableye|11/100
|move|p2a: Sableye|Recover|p2a: Sableye
|-heal|p2a: Sableye|61/100
|
|-weather|DesolateLand|[upkeep]
|upkeep
|turn|24
|
|t:|1666278110
|move|p2a: Sableye|Protect|p2a: Sableye
|-singleturn|p2a: Sableye|Protect
|move|p1a: Groudon|Precipice Blades|p2a: Sableye
|-activate|p2a: Sableye|move: Protect
|
|-weather|DesolateLand|[upkeep]
|upkeep
|turn|25
|
|t:|1666278114
|move|p2a: Sableye|Foul Play|p1a: Groudon
|-damage|p1a: Groudon|7/100
|move|p1a: Groudon|Dragon Tail|p2a: Sableye
|-damage|p2a: Sableye|41/100
|drag|p2a: Quagsire|Quagsire, M, shiny|100/100
|
|-weather|DesolateLand|[upkeep]
|upkeep
|turn|26
|
|t:|1666278120
|switch|p2a: Lugia|Lugia, shiny|94/100
|move|p1a: Groudon|Stealth Rock|p2a: Lugia
|-sidestart|p2: MasterDylanBowDown|move: Stealth Rock
|
|-weather|DesolateLand|[upkeep]
|upkeep
|turn|27
|
|t:|1666278124
|move|p2a: Lugia|Defog|p1a: Groudon
|-unboost|p1a: Groudon|evasion|1
|-sideend|p2: MasterDylanBowDown|Stealth Rock|[from] move: Defog|[of] p2a: Lugia
|move|p1a: Groudon|Stone Edge|p2a: Lugia
|-supereffective|p2a: Lugia
|-damage|p2a: Lugia|46/100
|
|-weather|DesolateLand|[upkeep]
|upkeep
|turn|28
|
|t:|1666278129
|move|p2a: Lugia|Roost|p2a: Lugia
|-heal|p2a: Lugia|96/100
|-singleturn|p2a: Lugia|move: Roost
|move|p1a: Groudon|Stealth Rock|p2a: Lugia
|-sidestart|p2: MasterDylanBowDown|move: Stealth Rock
|
|-weather|DesolateLand|[upkeep]
|upkeep
|turn|29
|
|t:|1666278137
|-weather|none
|switch|p1a: Zacian|Zacian-Crowned|84/100
|-ability|p1a: Zacian|Intrepid Sword|boost
|-boost|p1a: Zacian|atk|1
|move|p2a: Lugia|Ice Beam|p1a: Zacian
|-resisted|p1a: Zacian
|-damage|p1a: Zacian|75/100
|
|upkeep
|turn|30
|
|t:|1666278144
|switch|p1a: Kyogre|Kyogre|100/100
|-weather|RainDance|[from] ability: Drizzle|[of] p1a: Kyogre
|switch|p2a: Quagsire|Quagsire, M, shiny|100/100
|-damage|p2a: Quagsire|94/100|[from] Stealth Rock
|
|-weather|RainDance|[upkeep]
|upkeep
|turn|31
|
|t:|1666278151
|switch|p2a: Chansey|Chansey, F|100/100
|-damage|p2a: Chansey|88/100|[from] Stealth Rock
|move|p1a: Kyogre|Water Spout|p2a: Chansey
|-damage|p2a: Chansey|57/100
|
|-weather|RainDance|[upkeep]
|upkeep
|turn|32
|
|t:|1666278158
|switch|p1a: Zacian|Zacian-Crowned|75/100
|-ability|p1a: Zacian|Intrepid Sword|boost
|-boost|p1a: Zacian|atk|1
|move|p2a: Chansey|Soft-Boiled|p2a: Chansey
|-heal|p2a: Chansey|100/100
|
|-weather|RainDance|[upkeep]
|upkeep
|turn|33
|
|t:|1666278165
|switch|p1a: Groudon|Groudon-Primal|7/100
|-weather|DesolateLand|[from] ability: Desolate Land|[of] p1a: Groudon
|switch|p2a: Quagsire|Quagsire, M, shiny|94/100
|-damage|p2a: Quagsire|88/100|[from] Stealth Rock
|
|-weather|DesolateLand|[upkeep]
|upkeep
|turn|34
|
|t:|1666278177
|switch|p2a: Lugia|Lugia, shiny|96/100
|move|p1a: Groudon|Dragon Tail|p2a: Lugia
|-damage|p2a: Lugia|82/100
|drag|p2a: Sableye|Sableye-Mega, M|41/100
|-damage|p2a: Sableye|28/100|[from] Stealth Rock
|
|-weather|DesolateLand|[upkeep]
|upkeep
|turn|35
|
|t:|1666278184
|move|p2a: Sableye|Recover|p2a: Sableye
|-heal|p2a: Sableye|78/100
|move|p1a: Groudon|Dragon Tail|p2a: Sableye
|-damage|p2a: Sableye|60/100
|drag|p2a: Lugia|Lugia, shiny|82/100
|
|-weather|DesolateLand|[upkeep]
|upkeep
|turn|36
|
|t:|1666278188
|move|p2a: Lugia|Defog|p1a: Groudon
|-unboost|p1a: Groudon|evasion|1
|-sideend|p2: MasterDylanBowDown|Stealth Rock|[from] move: Defog|[of] p2a: Lugia
|move|p1a: Groudon|Stone Edge|p2a: Lugia
|-supereffective|p2a: Lugia
|-damage|p2a: Lugia|35/100
|
|-weather|DesolateLand|[upkeep]
|upkeep
|turn|37
|
|t:|1666278191
|move|p2a: Lugia|Roost|p2a: Lugia
|-heal|p2a: Lugia|85/100
|-singleturn|p2a: Lugia|move: Roost
|move|p1a: Groudon|Stealth Rock|p2a: Lugia
|-sidestart|p2: MasterDylanBowDown|move: Stealth Rock
|
|-weather|DesolateLand|[upkeep]
|upkeep
|turn|38
|
|t:|1666278196
|-weather|none
|switch|p1a: Rayquaza|Rayquaza|100/100
|-ability|p1a: Rayquaza|Air Lock
|move|p2a: Lugia|Defog|p1a: Rayquaza
|-unboost|p1a: Rayquaza|evasion|1
|-sideend|p2: MasterDylanBowDown|Stealth Rock|[from] move: Defog|[of] p2a: Lugia
|
|upkeep
|turn|39
|
|t:|1666278204
|detailschange|p1a: Rayquaza|Rayquaza-Mega
|-mega|p1a: Rayquaza|Rayquaza|
|-weather|DeltaStream|[from] ability: Delta Stream|[of] p1a: Rayquaza
|move|p1a: Rayquaza|Dragon Ascent|p2a: Lugia
|-damage|p2a: Lugia|25/100
|-unboost|p1a: Rayquaza|def|1
|-unboost|p1a: Rayquaza|spd|1
|move|p2a: Lugia|Ice Beam|p1a: Rayquaza
|-activate||deltastream
|-supereffective|p1a: Rayquaza
|-damage|p1a: Rayquaza|41/100
|
|-weather|DeltaStream|[upkeep]
|upkeep
|turn|40
|
|t:|1666278210
|-start|p2a: Lugia|Dynamax|
|-heal|p2a: Lugia|25/100|[silent]
|move|p1a: Rayquaza|Dragon Ascent|p2a: Lugia
|-damage|p2a: Lugia|0 fnt
|-unboost|p1a: Rayquaza|def|1
|-unboost|p1a: Rayquaza|spd|1
|faint|p2a: Lugia
|
|-weather|DeltaStream|[upkeep]
|upkeep
|
|t:|1666278214
|switch|p2a: Quagsire|Quagsire, M, shiny|88/100
|turn|41
|
|t:|1666278217
|-weather|none
|switch|p1a: Kyogre|Kyogre|100/100
|-weather|RainDance|[from] ability: Drizzle|[of] p1a: Kyogre
|move|p2a: Quagsire|Recover|p2a: Quagsire
|-heal|p2a: Quagsire|100/100
|
|-weather|RainDance|[upkeep]
|upkeep
|turn|42
|
|t:|1666278226
|switch|p1a: Zacian|Zacian-Crowned|75/100
|-ability|p1a: Zacian|Intrepid Sword|boost
|-boost|p1a: Zacian|atk|1
|switch|p2a: Chansey|Chansey, F|100/100
|
|-weather|RainDance|[upkeep]
|upkeep
|turn|43
|
|t:|1666278230
|switch|p1a: Kyogre|Kyogre|100/100
|switch|p2a: Quagsire|Quagsire, M, shiny|100/100
|
|-weather|RainDance|[upkeep]
|upkeep
|turn|44
|
|t:|1666278233
|switch|p1a: Yveltal|Yveltal|51/100
|-ability|p1a: Yveltal|Dark Aura
|switch|p2a: Chansey|Chansey, F|100/100
|
|-weather|RainDance|[upkeep]
|upkeep
|turn|45
|
|t:|1666278241
|switch|p2a: Sableye|Sableye-Mega, M|60/100
|move|p1a: Yveltal|Knock Off|p2a: Sableye
|-damage|p2a: Sableye|22/100
|-damage|p1a: Yveltal|41/100|[from] item: Life Orb
|
|-weather|none
|upkeep
|turn|46
|j| Lapo4ka
|
|t:|1666278245
|move|p1a: Yveltal|Oblivion Wing|p2a: Sableye
|-damage|p2a: Sableye|0 fnt
|-heal|p1a: Yveltal|53/100|[from] drain|[of] p2a: Sableye
|faint|p2a: Sableye
|-damage|p1a: Yveltal|43/100|[from] item: Life Orb
|
|upkeep
|l| Lapo4ka
|
|t:|1666278248
|switch|p2a: Tyranitar|Tyranitar, M|22/100
|-weather|Sandstorm|[from] ability: Sand Stream|[of] p2a: Tyranitar
|turn|47
|
|t:|1666278251
|switch|p2a: Quagsire|Quagsire, M, shiny|100/100
|move|p1a: Yveltal|U-turn|p2a: Quagsire
|-crit|p2a: Quagsire
|-damage|p2a: Quagsire|70/100
|-damage|p1a: Yveltal|26/100|[from] item: Rocky Helmet|[of] p2a: Quagsire
|-damage|p1a: Yveltal|17/100|[from] item: Life Orb
|
|t:|1666278257
|switch|p1a: Kyogre|Kyogre|100/100|[from]move: U-turn
|-weather|RainDance|[from] ability: Drizzle|[of] p1a: Kyogre
|
|-weather|RainDance|[upkeep]
|upkeep
|turn|48
|
|t:|1666278261
|switch|p1a: Rayquaza|Rayquaza-Mega|41/100
|-weather|DeltaStream|[from] ability: Delta Stream|[of] p1a: Rayquaza
|switch|p2a: Chansey|Chansey, F|100/100
|
|-weather|DeltaStream|[upkeep]
|upkeep
|turn|49
|j| Annabelle Scarlet
|
|t:|1666278270
|switch|p2a: Giratina|Giratina, shiny|77/100
|-ability|p2a: Giratina|Pressure
|move|p1a: Rayquaza|Dragon Ascent|p2a: Giratina
|-damage|p2a: Giratina|24/100
|-unboost|p1a: Rayquaza|def|1
|-unboost|p1a: Rayquaza|spd|1
|
|-weather|DeltaStream|[upkeep]
|-heal|p2a: Giratina|30/100|[from] item: Leftovers
|upkeep
|turn|50
|
|t:|1666278279
|switch|p2a: Tyranitar|Tyranitar, M|22/100
|-ability|p2a: Tyranitar|Sand Stream|[from] deltastream|[fail]
|move|p1a: Rayquaza|Dragon Ascent|p2a: Tyranitar
|-resisted|p2a: Tyranitar
|-damage|p2a: Tyranitar|0 fnt
|-unboost|p1a: Rayquaza|def|1
|-unboost|p1a: Rayquaza|spd|1
|faint|p2a: Tyranitar
|
|-weather|DeltaStream|[upkeep]
|upkeep
|
|t:|1666278282
|switch|p2a: Quagsire|Quagsire, M, shiny|70/100
|turn|51
|
|t:|1666278285
|move|p1a: Rayquaza|Dragon Ascent|p2a: Quagsire
|-damage|p2a: Quagsire|0 fnt
|-unboost|p1a: Rayquaza|def|1
|-unboost|p1a: Rayquaza|spd|1
|-damage|p1a: Rayquaza|24/100|[from] item: Rocky Helmet|[of] p2a: Quagsire
|faint|p2a: Quagsire
|
|-weather|DeltaStream|[upkeep]
|upkeep
|
|t:|1666278288
|switch|p2a: Giratina|Giratina, shiny|30/100
|-ability|p2a: Giratina|Pressure
|turn|52
|
|t:|1666278290
|move|p1a: Rayquaza|Dragon Ascent|p2a: Giratina
|-damage|p2a: Giratina|0 fnt
|-unboost|p1a: Rayquaza|def|1
|-unboost|p1a: Rayquaza|spd|1
|faint|p2a: Giratina
|
|-weather|DeltaStream|[upkeep]
|upkeep
|-message|MasterDylanBowDown forfeited.
|
|win|ARandomFailure
|raw|ARandomFailure's rating: 1649 &rarr; <strong>1675</strong><br />(+26 for winning)
|raw|MasterDylanBowDown's rating: 1764 &rarr; <strong>1738</strong><br />(-26 for losing)
|l|☆MasterDylanBowDown
|c|☆ARandomFailure|gg
