|j|☆TemmieUndertwale
|j|☆showdownplayer#1
|t:|1663904562
|gametype|singles
|player|p1|TemmieUndertwale|iris-gen5bw2|
|player|p2|showdownplayer#1|1|
|teamsize|p1|6
|teamsize|p2|6
|gen|8
|tier|[Gen 8] National Dex AG
|rule|HP Percentage Mod: HP is shown in percentages
|rule|Endless Battle Clause: Forcing endless battles is banned
|clearpoke
|poke|p1|Urshifu-*, F|
|poke|p1|Scizor, M|
|poke|p1|Rotom-Wash|
|poke|p1|Buzzwole|
|poke|p1|Blacephalon|
|poke|p1|Darkrai|
|poke|p2|Weavile, M|
|poke|p2|Kartana|
|poke|p2|Kyurem-Black|
|poke|p2|Landorus-Therian, M|
|poke|p2|Scizor, M|
|poke|p2|Darkrai|
|teampreview
|inactive|Battle timer is ON: inactive players will automatically lose when time's up. (requested by showdownplayer#1)
|c|☆TemmieUndertwale|last one.
|
|t:|1663904591
|start
|switch|p1a: Rotom|Rotom-Wash|100/100
|switch|p2a: Landorus|Landorus-Therian, M|100/100
|-ability|p2a: Landorus|Intimidate|boost
|-unboost|p1a: Rotom|atk|1
|turn|1
|
|t:|1663904597
|move|p1a: Rotom|Will-O-Wisp|p2a: Landorus
|-status|p2a: Landorus|brn
|move|p2a: Landorus|Stealth Rock|p1a: Rotom
|-sidestart|p1: TemmieUndertwale|move: Stealth Rock
|
|-damage|p2a: Landorus|94/100 brn|[from] brn
|upkeep
|turn|2
|
|t:|1663904599
|move|p1a: Rotom|Hydro Pump|p2a: Landorus
|-supereffective|p2a: Landorus
|-damage|p2a: Landorus|21/100 brn
|move|p2a: Landorus|U-turn|p1a: Rotom
|-damage|p1a: Rotom|84/100
|
|t:|1663904604
|switch|p2a: Kartana|Kartana|100/100|[from]move: U-turn
|
|-heal|p1a: Rotom|91/100|[from] item: Leftovers
|upkeep
|turn|3
|c|☆TemmieUndertwale|ayayaya
|
|t:|1663904614
|switch|p1a: Buffapple|Buzzwole|100/100
|-damage|p1a: Buffapple|88/100|[from] Stealth Rock
|move|p2a: Kartana|Knock Off|p1a: Buffapple
|-resisted|p1a: Buffapple
|-damage|p1a: Buffapple|78/100
|-damage|p2a: Kartana|84/100|[from] item: Rocky Helmet|[of] p1a: Buffapple
|-enditem|p1a: Buffapple|Rocky Helmet|[from] move: Knock Off|[of] p2a: Kartana
|
|upkeep
|turn|4
|
|t:|1663904621
|switch|p2a: Landorus|Landorus-Therian, M|21/100 brn
|-ability|p2a: Landorus|Intimidate|boost
|-unboost|p1a: Buffapple|atk|1
|move|p1a: Buffapple|Close Combat|p2a: Landorus
|-resisted|p2a: Landorus
|-damage|p2a: Landorus|2/100 brn
|-unboost|p1a: Buffapple|def|1
|-unboost|p1a: Buffapple|spd|1
|-damage|p1a: Buffapple|61/100|[from] item: Rocky Helmet|[of] p2a: Landorus
|
|-damage|p2a: Landorus|0 fnt|[from] brn
|faint|p2a: Landorus
|upkeep
|c|☆TemmieUndertwale|lol
|c|☆TemmieUndertwale|funny
|
|t:|1663904641
|switch|p2a: Darkrai|Darkrai|100/100
|turn|5
|
|t:|1663904647
|switch|p1a: Apple Thief|Urshifu, F|100/100
|-damage|p1a: Apple Thief|94/100|[from] Stealth Rock
|move|p2a: Darkrai|Spacial Rend|p1a: Apple Thief
|-damage|p1a: Apple Thief|43/100
|
|upkeep
|turn|6
|
|t:|1663904653
|move|p2a: Darkrai|Spacial Rend|p1a: Apple Thief
|-damage|p1a: Apple Thief|0 fnt
|faint|p1a: Apple Thief
|
|upkeep
|
|t:|1663904660
|switch|p1a: Green AppleThief|Scizor, M, shiny|100/100
|-damage|p1a: Green AppleThief|88/100|[from] Stealth Rock
|turn|7
|
|t:|1663904667
|switch|p2a: Scizor|Scizor, M|100/100
|detailschange|p1a: Green AppleThief|Scizor-Mega, M, shiny
|-mega|p1a: Green AppleThief|Scizor|Scizorite
|move|p1a: Green AppleThief|Bug Bite|p2a: Scizor
|-resisted|p2a: Scizor
|-damage|p2a: Scizor|74/100
|
|upkeep
|turn|8
|c|☆TemmieUndertwale|im lose
|
|t:|1663904677
|switch|p1a: Buffapple|Buzzwole|61/100
|-damage|p1a: Buffapple|49/100|[from] Stealth Rock
|detailschange|p2a: Scizor|Scizor-Mega, M
|-mega|p2a: Scizor|Scizor|Scizorite
|move|p2a: Scizor|Dual Wingbeat|p1a: Buffapple
|-supereffective|p1a: Buffapple
|-damage|p1a: Buffapple|3/100
|-supereffective|p1a: Buffapple
|-damage|p1a: Buffapple|0 fnt
|faint|p1a: Buffapple
|-hitcount|p1: Buffapple|2
|
|upkeep
|
|t:|1663904680
|switch|p1a: Thief Apple|Blacephalon, shiny|100/100
|-damage|p1a: Thief Apple|76/100|[from] Stealth Rock
|turn|9
|
|t:|1663904685
|switch|p2a: Darkrai|Darkrai|100/100
|move|p1a: Thief Apple|Flamethrower|p2a: Darkrai
|-damage|p2a: Darkrai|32/100
|-status|p2a: Darkrai|brn
|
|-damage|p2a: Darkrai|26/100 brn|[from] brn
|upkeep
|turn|10
|
|t:|1663904689
|move|p2a: Darkrai|Dark Pulse|p1a: Thief Apple
|-supereffective|p1a: Thief Apple
|-damage|p1a: Thief Apple|0 fnt
|faint|p1a: Thief Apple
|
|-damage|p2a: Darkrai|20/100 brn|[from] brn
|upkeep
|c|☆TemmieUndertwale|huh
|c|☆TemmieUndertwale|oh right
|c|☆TemmieUndertwale|fuck
|c|☆TemmieUndertwale|gg
|
|t:|1663904705
|switch|p1a: Green AppleThief|Scizor-Mega, M, shiny|88/100
|-damage|p1a: Green AppleThief|76/100|[from] Stealth Rock
|turn|11
|
|t:|1663904710
|move|p1a: Green AppleThief|Bullet Punch|p2a: Darkrai
|-damage|p2a: Darkrai|0 fnt
|faint|p2a: Darkrai
|
|upkeep
|
|t:|1663904715
|switch|p2a: Scizor|Scizor-Mega, M|74/100
|turn|12
|c|☆TemmieUndertwale|i lose now big haha
|
|t:|1663904721
|move|p1a: Green AppleThief|Swords Dance|p1a: Green AppleThief
|-boost|p1a: Green AppleThief|atk|2
|move|p2a: Scizor|Dual Wingbeat|p1a: Green AppleThief
|-damage|p1a: Green AppleThief|56/100
|-damage|p1a: Green AppleThief|36/100
|-hitcount|p1a: Green AppleThief|2
|
|upkeep
|turn|13
|
|t:|1663904724
|move|p1a: Green AppleThief|Bullet Punch|p2a: Scizor
|-resisted|p2a: Scizor
|-damage|p2a: Scizor|44/100
|move|p2a: Scizor|Dual Wingbeat|p1a: Green AppleThief|[miss]
|-miss|p2a: Scizor|p1a: Green AppleThief
|
|upkeep
|turn|14
|
|t:|1663904729
|move|p1a: Green AppleThief|Bullet Punch|p2a: Scizor
|-resisted|p2a: Scizor
|-crit|p2a: Scizor
|-damage|p2a: Scizor|0 fnt
|faint|p2a: Scizor
|
|upkeep
|c|☆TemmieUndertwale|big haha
|c|☆showdownplayer#1|You knew
|
|t:|1663904737
|switch|p2a: Kartana|Kartana|84/100
|turn|15
|l|☆TemmieUndertwale
|inactive|TemmieUndertwale disconnected and has 300 seconds to reconnect!
|player|p1|
|j|☆TemmieUndertwale
|inactive|TemmieUndertwale reconnected and has 300 seconds left.
|player|p1|TemmieUndertwale|iris-gen5bw2
|
|t:|1663904753
|move|p1a: Green AppleThief|Bullet Punch|p2a: Kartana
|-resisted|p2a: Kartana
|-damage|p2a: Kartana|41/100
|move|p2a: Kartana|Sacred Sword|p1a: Green AppleThief
|-damage|p1a: Green AppleThief|5/100
|
|upkeep
|turn|16
|
|t:|1663904755
|move|p1a: Green AppleThief|Bullet Punch|p2a: Kartana
|-resisted|p2a: Kartana
|-damage|p2a: Kartana|4/100
|move|p2a: Kartana|Sacred Sword|p1a: Green AppleThief
|-damage|p1a: Green AppleThief|0 fnt
|faint|p1a: Green AppleThief
|-ability|p2a: Kartana|Beast Boost|boost
|-boost|p2a: Kartana|atk|1
|
|upkeep
|
|t:|1663904761
|switch|p1a: Tempple|Darkrai|100/100
|-damage|p1a: Tempple|88/100|[from] Stealth Rock
|turn|17
|c|☆TemmieUndertwale|ggwp
|c|☆TemmieUndertwale|would be cool if i killed
|
|t:|1663904780
|move|p2a: Kartana|Sacred Sword|p1a: Tempple
|-supereffective|p1a: Tempple
|-damage|p1a: Tempple|0 fnt
|faint|p1a: Tempple
|-ability|p2a: Kartana|Beast Boost|boost
|-boost|p2a: Kartana|atk|1
|
|upkeep
|
|t:|1663904781
|switch|p1a: Rotom|Rotom-Wash|91/100
|-damage|p1a: Rotom|78/100|[from] Stealth Rock
|turn|18
|c|☆showdownplayer#1|Would be cool if I didn't miss and then get crit lol
|inactive|TemmieUndertwale has 270 seconds left.
|c|☆showdownplayer#1|Yeah having more than just DP on rai helped
|c|☆showdownplayer#1|Helped*
|inactive|TemmieUndertwale has 240 seconds left.
|
|t:|1663904853
|move|p2a: Kartana|Sacred Sword|p1a: Rotom
|-damage|p1a: Rotom|0 fnt
|faint|p1a: Rotom
|
|win|showdownplayer#1
|c|☆TemmieUndertwale|gg
|c|☆TemmieUndertwale|haha
|l|☆TemmieUndertwale
|l|☆showdownplayer#1
|j|☆showdownplayer#1
|player|p2|showdownplayer#1|1
