|j|☆Ike745
|j|☆CLEAR GEM清瑜
|t:|1663203532
|gametype|singles
|player|p1|Ike745|blue|1810
|player|p2|CLEAR GEM清瑜|skierf|1790
|teamsize|p1|6
|teamsize|p2|6
|gen|8
|tier|[Gen 8] National Dex AG
|rated|
|rule|HP Percentage Mod: HP is shown in percentages
|rule|Endless Battle Clause: Forcing endless battles is banned
|clearpoke
|poke|p1|Rayquaza|
|poke|p1|Groudon|
|poke|p1|Arceus-*|
|poke|p1|Calyrex-Shadow|
|poke|p1|Yveltal|
|poke|p1|Arceus-*|
|poke|p2|Rayquaza|
|poke|p2|Groudon|
|poke|p2|Necrozma-Dusk-Mane|
|poke|p2|Arceus-*|
|poke|p2|Zacian-*|
|poke|p2|Yveltal|
|teampreview
|inactive|Battle timer is ON: inactive players will automatically lose when time's up. (requested by CLEAR GEM清瑜)
|
|t:|1663203540
|start
|switch|p1a: Groudon|Groudon, shiny|100/100
|switch|p2a: Y鸟|Yveltal|100/100
|-ability|p2a: Y鸟|Dark Aura
|detailschange|p1a: Groudon|Groudon-Primal, shiny
|-primal|p1a: Groudon
|-weather|DesolateLand|[from] ability: Desolate Land|[of] p1a: Groudon
|turn|1
|
|t:|1663203550
|-weather|none
|switch|p1a: Arceus|Arceus-Fairy|100/100
|move|p2a: Y鸟|Taunt|p1a: Arceus
|-start|p1a: Arceus|move: Taunt
|
|upkeep
|turn|2
|
|t:|1663203554
|switch|p2a: 不会(?)|Groudon|100/100
|detailschange|p2a: 不会(?)|Groudon-Primal
|-primal|p2a: 不会(?)
|-weather|DesolateLand|[from] ability: Desolate Land|[of] p2a: 不会(?)
|move|p1a: Arceus|Judgment|p2a: 不会(?)
|-resisted|p2a: 不会(?)
|-damage|p2a: 不会(?)|78/100
|
|-weather|DesolateLand|[upkeep]
|upkeep
|turn|3
|
|t:|1663203559
|switch|p1a: Yveltal|Yveltal|100/100
|-ability|p1a: Yveltal|Dark Aura
|move|p2a: 不会(?)|Stealth Rock|p1a: Yveltal
|-sidestart|p1: Ike745|move: Stealth Rock
|
|-weather|DesolateLand|[upkeep]
|upkeep
|turn|4
|
|t:|1663203565
|move|p1a: Yveltal|Dark Pulse|p2a: 不会(?)
|-damage|p2a: 不会(?)|6/100
|-damage|p1a: Yveltal|91/100|[from] item: Life Orb
|move|p2a: 不会(?)|Heat Crash|p1a: Yveltal
|-damage|p1a: Yveltal|0 fnt
|faint|p1a: Yveltal
|
|-weather|DesolateLand|[upkeep]
|upkeep
|
|t:|1663203580
|switch|p1a: Arceus|Arceus-Fairy|100/100
|-damage|p1a: Arceus|88/100|[from] Stealth Rock
|turn|5
|
|t:|1663203582
|move|p1a: Arceus|Judgment|p2a: 不会(?)
|-resisted|p2a: 不会(?)
|-damage|p2a: 不会(?)|0 fnt
|faint|p2a: 不会(?)
|-weather|none
|
|upkeep
|
|t:|1663203585
|switch|p2a: 嘉然小姐的狗|Zacian-Crowned|100/100
|-ability|p2a: 嘉然小姐的狗|Intrepid Sword|boost
|-boost|p2a: 嘉然小姐的狗|atk|1
|turn|6
|
|t:|1663203590
|switch|p2a: Y鸟|Yveltal|100/100
|-ability|p2a: Y鸟|Dark Aura
|switch|p1a: Groudon|Groudon-Primal, shiny|100/100
|-damage|p1a: Groudon|88/100|[from] Stealth Rock
|-weather|DesolateLand|[from] ability: Desolate Land|[of] p1a: Groudon
|
|-weather|DesolateLand|[upkeep]
|upkeep
|turn|7
|
|t:|1663203595
|-start|p2a: Y鸟|Dynamax|
|-heal|p2a: Y鸟|100/100|[silent]
|move|p2a: Y鸟|Max Airstream|p1a: Groudon
|-damage|p1a: Groudon|3/100
|-boost|p2a: Y鸟|spe|1
|-damage|p2a: Y鸟|96/100|[from] item: Life Orb
|move|p1a: Groudon|Rock Tomb|p2a: Y鸟|[miss]
|-miss|p1a: Groudon|p2a: Y鸟
|
|-weather|DesolateLand|[upkeep]
|upkeep
|turn|8
|c|☆Ike745|bruh
|
|t:|1663203604
|-weather|none
|switch|p1a: Arceus|Arceus-Fairy|88/100
|-damage|p1a: Arceus|76/100|[from] Stealth Rock
|move|p2a: Y鸟|Max Airstream|p1a: Arceus
|-damage|p1a: Arceus|25/100
|-boost|p2a: Y鸟|spe|1
|-damage|p2a: Y鸟|91/100|[from] item: Life Orb
|
|upkeep
|turn|9
|c|☆Ike745|nah
|c|☆Ike745|thats so dumb
|inactive|Ike745 has 120 seconds left.
|
|t:|1663203634
|switch|p1a: Arceus|Arceus, shiny|100/100
|-damage|p1a: Arceus|88/100|[from] Stealth Rock
|move|p2a: Y鸟|Max Airstream|p1a: Arceus
|-damage|p1a: Arceus|28/100
|-boost|p2a: Y鸟|spe|1
|-damage|p2a: Y鸟|86/100|[from] item: Life Orb
|
|upkeep
|-end|p2a: Y鸟|Dynamax
|-heal|p2a: Y鸟|86/100|[silent]
|turn|10
|
|t:|1663203638
|move|p1a: Arceus|Extreme Speed|p2a: Y鸟
|-damage|p2a: Y鸟|46/100
|move|p2a: Y鸟|Dark Pulse|p1a: Arceus
|-damage|p1a: Arceus|0 fnt
|faint|p1a: Arceus
|-damage|p2a: Y鸟|36/100|[from] item: Life Orb
|
|upkeep
|
|t:|1663203646
|switch|p1a: Rayquaza|Rayquaza|100/100
|-damage|p1a: Rayquaza|76/100|[from] Stealth Rock
|-ability|p1a: Rayquaza|Air Lock
|turn|11
|
|t:|1663203656
|detailschange|p1a: Rayquaza|Rayquaza-Mega
|-mega|p1a: Rayquaza|Rayquaza|
|-weather|DeltaStream|[from] ability: Delta Stream|[of] p1a: Rayquaza
|move|p2a: Y鸟|Oblivion Wing|p1a: Rayquaza
|-damage|p1a: Rayquaza|21/100
|-heal|p2a: Y鸟|76/100|[from] drain|[of] p1a: Rayquaza
|-damage|p2a: Y鸟|66/100|[from] item: Life Orb
|move|p1a: Rayquaza|Dragon Dance|p1a: Rayquaza
|-boost|p1a: Rayquaza|atk|1
|-boost|p1a: Rayquaza|spe|1
|
|-weather|DeltaStream|[upkeep]
|upkeep
|turn|12
|
|t:|1663203659
|move|p1a: Rayquaza|Extreme Speed|p2a: Y鸟
|-damage|p2a: Y鸟|12/100
|move|p2a: Y鸟|Oblivion Wing|p1a: Rayquaza
|-damage|p1a: Rayquaza|0 fnt
|-heal|p2a: Y鸟|27/100|[from] drain|[of] p1a: Rayquaza
|faint|p1a: Rayquaza
|-weather|none
|-damage|p2a: Y鸟|18/100|[from] item: Life Orb
|
|upkeep
|
|t:|1663203664
|switch|p1a: Arceus|Arceus-Fairy|25/100
|-damage|p1a: Arceus|13/100|[from] Stealth Rock
|turn|13
|
|t:|1663203668
|move|p2a: Y鸟|Oblivion Wing|p1a: Arceus
|-damage|p1a: Arceus|0 fnt
|-heal|p2a: Y鸟|28/100|[from] drain|[of] p1a: Arceus
|faint|p1a: Arceus
|-damage|p2a: Y鸟|18/100|[from] item: Life Orb
|
|upkeep
|
|t:|1663203670
|switch|p1a: Calyrex|Calyrex-Shadow|100/100
|-ability|p1a: Calyrex|As One
|-ability|p1a: Calyrex|Unnerve
|-damage|p1a: Calyrex|88/100|[from] Stealth Rock
|turn|14
|
|t:|1663203673
|move|p2a: Y鸟|Dark Pulse|p1a: Calyrex
|-supereffective|p1a: Calyrex
|-crit|p1a: Calyrex
|-damage|p1a: Calyrex|0 fnt
|faint|p1a: Calyrex
|-damage|p2a: Y鸟|8/100|[from] item: Life Orb
|
|upkeep
|
|t:|1663203675
|switch|p1a: Groudon|Groudon-Primal, shiny|3/100
|-damage|p1a: Groudon|0 fnt|[from] Stealth Rock
|faint|p1a: Groudon
|
|win|CLEAR GEM清瑜
|raw|Ike745's rating: 1810 &rarr; <strong>1789</strong><br />(-21 for losing)
|raw|CLEAR GEM清瑜's rating: 1790 &rarr; <strong>1811</strong><br />(+21 for winning)
|c|☆Ike745|all luck
|c|☆Ike745|no skill
|l|☆Ike745
||Ladder isn't responding, score probably updated but might not have (Request timeout).
