|j|☆xLeonisx
|j|☆dividing by 0
|t:|1658888469
|gametype|singles
|player|p1|xLeonisx|170|1642
|player|p2|dividing by 0|pokemaniac|1709
|teamsize|p1|6
|teamsize|p2|6
|gen|8
|tier|[Gen 8] National Dex AG
|rated|
|rule|HP Percentage Mod: HP is shown in percentages
|rule|Endless Battle Clause: Forcing endless battles is banned
|clearpoke
|poke|p1|Deoxys-Speed|
|poke|p1|Ditto|
|poke|p1|Kyogre|
|poke|p1|Calyrex-Shadow|
|poke|p1|Lugia|
|poke|p1|Zacian-*|
|poke|p2|Rayquaza|
|poke|p2|Groudon|
|poke|p2|Kyogre|
|poke|p2|Yveltal|
|poke|p2|Necrozma-Dusk-Mane|
|poke|p2|Pheromosa|
|teampreview
|inactive|Battle timer is ON: inactive players will automatically lose when time's up. (requested by xLeonisx)
|
|t:|1658888476
|start
|switch|p1a: Deoxys|Deoxys-Speed|100/100
|switch|p2a: Pheromosa|Pheromosa|100/100
|-ability|p1a: Deoxys|Pressure
|turn|1
|
|t:|1658888480
|move|p1a: Deoxys|Thunder Wave|p2a: Pheromosa
|-status|p2a: Pheromosa|par
|move|p2a: Pheromosa|Rapid Spin|p1a: Deoxys
|-damage|p1a: Deoxys|71/100
|-boost|p2a: Pheromosa|spe|1
|
|upkeep
|turn|2
|
|t:|1658888485
|move|p1a: Deoxys|Knock Off|p2a: Pheromosa
|-resisted|p2a: Pheromosa
|-damage|p2a: Pheromosa|66/100 par
|-enditem|p2a: Pheromosa|Focus Sash|[from] move: Knock Off|[of] p1a: Deoxys
|move|p2a: Pheromosa|Throat Chop|p1a: Deoxys
|-supereffective|p1a: Deoxys
|-damage|p1a: Deoxys|0 fnt
|faint|p1a: Deoxys
|-ability|p2a: Pheromosa|Beast Boost|boost
|-boost|p2a: Pheromosa|spe|1
|
|upkeep
|
|t:|1658888490
|switch|p1a: Zacian|Zacian-Crowned|100/100
|-ability|p1a: Zacian|Intrepid Sword|boost
|-boost|p1a: Zacian|atk|1
|turn|3
|
|t:|1658888493
|move|p2a: Pheromosa|Close Combat|p1a: Zacian
|-damage|p1a: Zacian|39/100
|-unboost|p2a: Pheromosa|def|1
|-unboost|p2a: Pheromosa|spd|1
|move|p1a: Zacian|Behemoth Blade|p2a: Pheromosa
|-damage|p2a: Pheromosa|0 fnt
|faint|p2a: Pheromosa
|
|upkeep
|c|☆xLeonisx|?
|c|☆xLeonisx|how are u faster
|c|☆dividing by 0|I have x2 speed
|c|☆dividing by 0|one boost from rapid spin
|c|☆xLeonisx|tru
|c|☆xLeonisx|i forgot
|inactive|dividing by 0 has 120 seconds left.
|c|☆dividing by 0|!dt pheromosa
|raw|<div class="message"><ul class="utilichart"><li class="result"><span class="col numcol">795</span> <span class="col iconcol"><psicon pokemon="pheromosa"/></span> <span class="col pokemonnamecol" style="white-space:nowrap"><a href="https://dex.pokemonshowdown.com/pokemon/pheromosa" target="_blank">Pheromosa</a></span> <span class="col typecol"><img src="https://play.pokemonshowdown.com/sprites/types/Bug.png" alt="Bug" height="14" width="32"><img src="https://play.pokemonshowdown.com/sprites/types/Fighting.png" alt="Fighting" height="14" width="32"></span> <span style="float:left;min-height:26px"><span class="col abilitycol">Beast Boost</span><span class="col abilitycol"></span></span><span style="float:left;min-height:26px"><span class="col statcol"><em>HP</em><br />71</span> <span class="col statcol"><em>Atk</em><br />137</span> <span class="col statcol"><em>Def</em><br />37</span> <span class="col statcol"><em>SpA</em><br />137</span> <span class="col statcol"><em>SpD</em><br />37</span> <span class="col statcol"><em>Spe</em><br />151</span> <span class="col bstcol"><em>BST<br />570</em></span> </span></li><li style="clear:both"></li></ul></div>
|raw|<font size="1"><font color="#686868">Dex#:</font> 795&nbsp;|&ThickSpace;<font color="#686868">Gen:</font> 7&nbsp;|&ThickSpace;<font color="#686868">Height:</font> 1.8 m&nbsp;|&ThickSpace;<font color="#686868">Weight:</font> 25 kg <em>(60 BP)</em>&nbsp;|&ThickSpace;<font color="#686868">Dex Colour:</font> White&nbsp;|&ThickSpace;<font color="#686868">Egg Group(s):</font> Undiscovered&nbsp;|&ThickSpace;<font color="#686868">Does Not Evolve</font></font>

|c|☆dividing by 0|!dt zacian
|raw|<div class="message"><ul class="utilichart"><li class="result"><span class="col numcol">888</span> <span class="col iconcol"><psicon pokemon="zacian"/></span> <span class="col pokemonnamecol" style="white-space:nowrap"><a href="https://dex.pokemonshowdown.com/pokemon/zacian" target="_blank">Zacian</a></span> <span class="col typecol"><img src="https://play.pokemonshowdown.com/sprites/types/Fairy.png" alt="Fairy" height="14" width="32"></span> <span style="float:left;min-height:26px"><span class="col abilitycol">Intrepid Sword</span><span class="col abilitycol"></span></span><span style="float:left;min-height:26px"><span class="col statcol"><em>HP</em><br />92</span> <span class="col statcol"><em>Atk</em><br />130</span> <span class="col statcol"><em>Def</em><br />115</span> <span class="col statcol"><em>SpA</em><br />80</span> <span class="col statcol"><em>SpD</em><br />115</span> <span class="col statcol"><em>Spe</em><br />138</span> <span class="col bstcol"><em>BST<br />670</em></span> </span></li><li style="clear:both"></li></ul></div>
|raw|<font size="1"><font color="#686868">Dex#:</font> 888&nbsp;|&ThickSpace;<font color="#686868">Gen:</font> 8&nbsp;|&ThickSpace;<font color="#686868">Height:</font> 2.8 m&nbsp;|&ThickSpace;<font color="#686868">Weight:</font> 110 kg <em>(100 BP)</em>&nbsp;|&ThickSpace;<font color="#686868">Dex Colour:</font> Blue&nbsp;|&ThickSpace;<font color="#686868">Egg Group(s):</font> Undiscovered&nbsp;|&ThickSpace;<font color="#686868">Does Not Evolve</font></font>

|c|☆xLeonisx|yuh
|
|t:|1658888537
|switch|p2a: Necrozma|Necrozma-Dusk-Mane|100/100
|turn|4
|c|☆xLeonisx|but i thought para would be enough
|
|t:|1658888542
|switch|p1a: Kyogre|Kyogre|100/100
|detailschange|p1a: Kyogre|Kyogre-Primal
|-primal|p1a: Kyogre
|-weather|PrimordialSea|[from] ability: Primordial Sea|[of] p1a: Kyogre
|move|p2a: Necrozma|Thunder Wave|p1a: Kyogre
|-status|p1a: Kyogre|par
|
|-weather|PrimordialSea|[upkeep]
|upkeep
|turn|5
|c|☆dividing by 0|I have more base speed
|inactive|dividing by 0 has 120 seconds left.
|c|☆xLeonisx|yes
|c|☆xLeonisx|i kniw
|c|☆dividing by 0|Para only halves speed
|c|☆dividing by 0|and I have x2 in boosts
|c|☆xLeonisx|yes i forgot about the
|c|☆xLeonisx|rapid spin
|
|t:|1658888573
|switch|p2a: Groudon|Groudon|100/100
|detailschange|p2a: Groudon|Groudon-Primal
|-primal|p2a: Groudon
|-weather|DesolateLand|[from] ability: Desolate Land|[of] p2a: Groudon
|cant|p1a: Kyogre|par
|
|-weather|DesolateLand|[upkeep]
|upkeep
|turn|6
|inactive|dividing by 0 has 90 seconds left.
|
|t:|1658888595
|move|p2a: Groudon|Heat Crash|p1a: Kyogre
|-resisted|p1a: Kyogre
|-damage|p1a: Kyogre|65/100 par
|move|p1a: Kyogre|Ice Beam|p2a: Groudon
|-damage|p2a: Groudon|61/100
|
|-weather|DesolateLand|[upkeep]
|upkeep
|turn|7
|
|t:|1658888600
|move|p2a: Groudon|Stealth Rock|p1a: Kyogre
|-sidestart|p1: xLeonisx|move: Stealth Rock
|move|p1a: Kyogre|Ice Beam|p2a: Groudon
|-damage|p2a: Groudon|24/100
|
|-weather|DesolateLand|[upkeep]
|upkeep
|turn|8
|
|t:|1658888603
|move|p2a: Groudon|Precipice Blades|p1a: Kyogre
|-damage|p1a: Kyogre|0 fnt
|faint|p1a: Kyogre
|
|-weather|DesolateLand|[upkeep]
|upkeep
|
|t:|1658888605
|switch|p1a: Lugia|Lugia|100/100
|turn|9
|
|t:|1658888608
|move|p1a: Lugia|Toxic|p2a: Groudon
|-status|p2a: Groudon|tox
|move|p2a: Groudon|Heat Crash|p1a: Lugia
|-damage|p1a: Lugia|65/100
|
|-weather|DesolateLand|[upkeep]
|-damage|p2a: Groudon|17/100 tox|[from] psn
|upkeep
|turn|10
|
|t:|1658888611
|move|p1a: Lugia|Roost|p1a: Lugia
|-heal|p1a: Lugia|100/100
|-singleturn|p1a: Lugia|move: Roost
|move|p2a: Groudon|Heat Crash|p1a: Lugia
|-damage|p1a: Lugia|64/100
|
|-weather|DesolateLand|[upkeep]
|-damage|p2a: Groudon|5/100 tox|[from] psn
|upkeep
|turn|11
|
|t:|1658888613
|move|p1a: Lugia|Roost|p1a: Lugia
|-heal|p1a: Lugia|100/100
|-singleturn|p1a: Lugia|move: Roost
|move|p2a: Groudon|Heat Crash|p1a: Lugia
|-damage|p1a: Lugia|66/100
|
|-weather|DesolateLand|[upkeep]
|-damage|p2a: Groudon|0 fnt|[from] psn
|faint|p2a: Groudon
|-weather|none
|upkeep
|
|t:|1658888621
|switch|p2a: Kyogre|Kyogre|100/100
|-weather|RainDance|[from] ability: Drizzle|[of] p2a: Kyogre
|turn|12
|
|t:|1658888629
|move|p2a: Kyogre|Water Spout|p1a: Lugia
|-damage|p1a: Lugia|0 fnt
|faint|p1a: Lugia
|
|-weather|RainDance|[upkeep]
|upkeep
|
|t:|1658888630
|switch|p1a: Ditto|Ditto|100/100
|-damage|p1a: Ditto|88/100|[from] Stealth Rock
|-transform|p1a: Ditto|p2a: Kyogre|[from] ability: Imposter
|turn|13
|j| MeloMeloMeloetta
|
|t:|1658888637
|-start|p2a: Kyogre|Dynamax|
|-heal|p2a: Kyogre|100/100|[silent]
|move|p1a: Ditto|Thunder|p2a: Kyogre
|-supereffective|p2a: Kyogre
|-crit|p2a: Kyogre
|-damage|p2a: Kyogre|50/100
|move|p2a: Kyogre|Max Lightning|p1a: Ditto
|-supereffective|p1a: Ditto
|-damage|p1a: Ditto|2/100
|-fieldstart|move: Electric Terrain
|
|-weather|RainDance|[upkeep]
|upkeep
|turn|14
|
|t:|1658888639
|move|p1a: Ditto|Thunder|p2a: Kyogre
|-supereffective|p2a: Kyogre
|-damage|p2a: Kyogre|7/100
|move|p2a: Kyogre|Max Lightning|p1a: Ditto
|-supereffective|p1a: Ditto
|-damage|p1a: Ditto|0 fnt
|faint|p1a: Ditto
|
|-weather|RainDance|[upkeep]
|upkeep
|
|t:|1658888642
|switch|p1a: Calyrex|Calyrex-Shadow|100/100
|-ability|p1a: Calyrex|As One
|-ability|p1a: Calyrex|Unnerve
|-damage|p1a: Calyrex|88/100|[from] Stealth Rock
|turn|15
|
|t:|1658888645
|-end|p2a: Kyogre|Dynamax
|-heal|p2a: Kyogre|7/100|[silent]
|switch|p2a: Yveltal|Yveltal|100/100
|-ability|p2a: Yveltal|Dark Aura
|move|p1a: Calyrex|Astral Barrage|p2a: Yveltal
|-resisted|p2a: Yveltal
|-damage|p2a: Yveltal|70/100
|
|-weather|RainDance|[upkeep]
|upkeep
|turn|16
|
|t:|1658888650
|switch|p1a: Zacian|Zacian-Crowned|39/100
|-damage|p1a: Zacian|32/100|[from] Stealth Rock
|-ability|p1a: Zacian|Intrepid Sword|boost
|-boost|p1a: Zacian|atk|1
|move|p2a: Yveltal|Oblivion Wing|p1a: Zacian
|-resisted|p1a: Zacian
|-damage|p1a: Zacian|13/100
|-heal|p2a: Yveltal|81/100|[from] drain|[of] p1a: Zacian
|
|-weather|none
|upkeep
|turn|17
|
|t:|1658888654
|move|p2a: Yveltal|Sucker Punch|p1a: Zacian
|-resisted|p1a: Zacian
|-damage|p1a: Zacian|0 fnt
|faint|p1a: Zacian
|
|-fieldend|move: Electric Terrain
|upkeep
|
|t:|1658888655
|switch|p1a: Calyrex|Calyrex-Shadow|88/100
|-ability|p1a: Calyrex|As One
|-ability|p1a: Calyrex|Unnerve
|-damage|p1a: Calyrex|76/100|[from] Stealth Rock
|turn|18
|
|t:|1658888658
|-start|p1a: Calyrex|Dynamax|
|-heal|p1a: Calyrex|76/100|[silent]
|move|p1a: Calyrex|Max Starfall|p2a: Yveltal
|-supereffective|p2a: Yveltal
|-damage|p2a: Yveltal|17/100
|-fieldstart|move: Misty Terrain
|move|p2a: Yveltal|Oblivion Wing|p1a: Calyrex
|-damage|p1a: Calyrex|53/100
|-heal|p2a: Yveltal|43/100|[from] drain|[of] p1a: Calyrex
|
|upkeep
|turn|19
|
|t:|1658888661
|move|p1a: Calyrex|Max Guard|p1a: Calyrex
|-singleturn|p1a: Calyrex|Max Guard
|move|p2a: Yveltal|Sucker Punch||[still]
|-fail|p2a: Yveltal
|
|upkeep
|turn|20
|
|t:|1658888664
|move|p2a: Yveltal|Sucker Punch|p1a: Calyrex
|-supereffective|p1a: Calyrex
|-damage|p1a: Calyrex|0 fnt
|faint|p1a: Calyrex
|
|win|dividing by 0
|raw|xLeonisx's rating: 1642 &rarr; <strong>1626</strong><br />(-16 for losing)
|raw|dividing by 0's rating: 1709 &rarr; <strong>1725</strong><br />(+16 for winning)
|c|☆xLeonisx|gg
|l|☆xLeonisx
|c|☆dividing by 0|GG
|l|☆dividing by 0
||Ladder isn't responding, score probably updated but might not have (Request timeout).
