|j|☆thicsucttv
|j|☆CLEAR GEM清瑜
|t:|1661850777
|gametype|singles
|player|p1|thicsucttv|102|1672
|player|p2|CLEAR GEM清瑜|skierf|1751
|teamsize|p1|6
|teamsize|p2|6
|gen|8
|tier|[Gen 8] National Dex AG
|rated|
|rule|HP Percentage Mod: HP is shown in percentages
|rule|Endless Battle Clause: Forcing endless battles is banned
|clearpoke
|poke|p1|Shuckle, M|
|poke|p1|Marshadow|
|poke|p1|Yveltal|
|poke|p1|Necrozma-Dusk-Mane|
|poke|p1|Ditto|
|poke|p1|Lucario, F|
|poke|p2|Rayquaza|
|poke|p2|Groudon|
|poke|p2|Necrozma-Dusk-Mane|
|poke|p2|Arceus-*|
|poke|p2|Arceus-*|
|poke|p2|Arceus-*|
|teampreview
|inactive|Battle timer is ON: inactive players will automatically lose when time's up. (requested by thicsucttv)
|
|t:|1661850785
|start
|switch|p1a: Shuckle|Shuckle, M, shiny|100/100
|switch|p2a: 不会(?)|Groudon|100/100
|detailschange|p2a: 不会(?)|Groudon-Primal
|-primal|p2a: 不会(?)
|-weather|DesolateLand|[from] ability: Desolate Land|[of] p2a: 不会(?)
|turn|1
|
|t:|1661850794
|move|p2a: 不会(?)|Heat Crash|p1a: Shuckle
|-damage|p1a: Shuckle|28/100
|move|p1a: Shuckle|Sticky Web|p2a: 不会(?)
|-sidestart|p2: CLEAR GEM清瑜|move: Sticky Web
|
|-weather|DesolateLand|[upkeep]
|upkeep
|turn|2
|
|t:|1661850800
|move|p2a: 不会(?)|Heat Crash|p1a: Shuckle
|-damage|p1a: Shuckle|0 fnt
|faint|p1a: Shuckle
|
|-weather|DesolateLand|[upkeep]
|upkeep
|
|t:|1661850810
|switch|p1a: Necrozma|Necrozma-Dusk-Mane|100/100
|turn|3
|
|t:|1661850817
|detailschange|p1a: Necrozma|Necrozma-Ultra
|-burst|p1a: Necrozma|Necrozma|Ultranecrozium Z
|move|p1a: Necrozma|Earthquake|p2a: 不会(?)
|-supereffective|p2a: 不会(?)
|-damage|p2a: 不会(?)|45/100
|move|p2a: 不会(?)|Precipice Blades|p1a: Necrozma
|-damage|p1a: Necrozma|9/100
|
|-weather|DesolateLand|[upkeep]
|upkeep
|turn|4
|
|t:|1661850826
|move|p1a: Necrozma|Earthquake|p2a: 不会(?)
|-supereffective|p2a: 不会(?)
|-damage|p2a: 不会(?)|0 fnt
|faint|p2a: 不会(?)
|-weather|none
|
|upkeep
|
|t:|1661850828
|switch|p2a: 烈龙无敌|Rayquaza, shiny|100/100
|-ability|p2a: 烈龙无敌|Air Lock
|turn|5
|
|t:|1661850836
|switch|p1a: Marshadow|Marshadow|100/100
|detailschange|p2a: 烈龙无敌|Rayquaza-Mega, shiny
|-mega|p2a: 烈龙无敌|Rayquaza|
|-weather|DeltaStream|[from] ability: Delta Stream|[of] p2a: 烈龙无敌
|move|p2a: 烈龙无敌|Extreme Speed|p1a: Marshadow
|-immune|p1a: Marshadow
|
|-weather|DeltaStream|[upkeep]
|upkeep
|turn|6
|
|t:|1661850846
|move|p1a: Marshadow|Spectral Thief|p2a: 烈龙无敌
|-damage|p2a: 烈龙无敌|59/100
|move|p2a: 烈龙无敌|Dragon Ascent|p1a: Marshadow
|-supereffective|p1a: Marshadow
|-enditem|p1a: Marshadow|Focus Sash
|-damage|p1a: Marshadow|1/100
|-unboost|p2a: 烈龙无敌|def|1
|-unboost|p2a: 烈龙无敌|spd|1
|
|-weather|DeltaStream|[upkeep]
|upkeep
|turn|7
|
|t:|1661850858
|move|p1a: Marshadow|Spectral Thief|p2a: 烈龙无敌
|-damage|p2a: 烈龙无敌|0 fnt
|faint|p2a: 烈龙无敌
|-weather|none
|
|upkeep
|
|t:|1661850864
|switch|p2a: 乱杀P固|Arceus-Ground|100/100
|-activate|p2a: 乱杀P固|move: Sticky Web
|-unboost|p2a: 乱杀P固|spe|1
|turn|8
|
|t:|1661850871
|move|p1a: Marshadow|Close Combat|p2a: 乱杀P固
|-damage|p2a: 乱杀P固|55/100
|-unboost|p1a: Marshadow|def|1
|-unboost|p1a: Marshadow|spd|1
|move|p2a: 乱杀P固|Stealth Rock|p1a: Marshadow
|-sidestart|p1: thicsucttv|move: Stealth Rock
|
|upkeep
|turn|9
|
|t:|1661850880
|move|p1a: Marshadow|Close Combat|p2a: 乱杀P固
|-damage|p2a: 乱杀P固|9/100
|-unboost|p1a: Marshadow|def|1
|-unboost|p1a: Marshadow|spd|1
|move|p2a: 乱杀P固|Ice Beam|p1a: Marshadow
|-damage|p1a: Marshadow|0 fnt
|faint|p1a: Marshadow
|
|upkeep
|
|t:|1661850899
|switch|p1a: Necrozma|Necrozma-Ultra|9/100
|-damage|p1a: Necrozma|0 fnt|[from] Stealth Rock
|faint|p1a: Necrozma
|
|t:|1661850914
|switch|p1a: Yveltal|Yveltal|100/100
|-damage|p1a: Yveltal|76/100|[from] Stealth Rock
|-ability|p1a: Yveltal|Dark Aura
|turn|10
|
|t:|1661850921
|move|p1a: Yveltal|Knock Off|p2a: 乱杀P固
|-damage|p2a: 乱杀P固|0 fnt
|faint|p2a: 乱杀P固
|-damage|p1a: Yveltal|66/100|[from] item: Life Orb
|
|upkeep
|
|t:|1661850924
|switch|p2a: 悬空羊驼|Arceus-Flying|100/100
|turn|11
|
|t:|1661850934
|-start|p2a: 悬空羊驼|Dynamax|
|-heal|p2a: 悬空羊驼|100/100|[silent]
|-start|p1a: Yveltal|Dynamax|
|-heal|p1a: Yveltal|66/100|[silent]
|move|p2a: 悬空羊驼|Max Airstream|p1a: Yveltal
|-damage|p1a: Yveltal|26/100
|-boost|p2a: 悬空羊驼|spe|1
|move|p1a: Yveltal|Max Darkness|p2a: 悬空羊驼
|-damage|p2a: 悬空羊驼|55/100
|-unboost|p2a: 悬空羊驼|spd|1
|-damage|p1a: Yveltal|21/100|[from] item: Life Orb
|
|upkeep
|turn|12
|
|t:|1661850951
|move|p1a: Yveltal|Max Guard|p1a: Yveltal
|-singleturn|p1a: Yveltal|Max Guard
|move|p2a: 悬空羊驼|Max Airstream|p1a: Yveltal
|-activate|p1a: Yveltal|move: Max Guard
|
|upkeep
|turn|13
|
|t:|1661850975
|move|p1a: Yveltal|Max Guard||[still]
|-fail|p1a: Yveltal
|move|p2a: 悬空羊驼|Max Airstream|p1a: Yveltal
|-damage|p1a: Yveltal|0 fnt
|-boost|p2a: 悬空羊驼|spe|1
|faint|p1a: Yveltal
|
|upkeep
|inactive|thicsucttv has 120 seconds left.
|
|t:|1661850985
|switch|p1a: Ditto|Ditto|100/100
|-damage|p1a: Ditto|88/100|[from] Stealth Rock
|-transform|p1a: Ditto|p2a: 悬空羊驼|[from] ability: Imposter
|-end|p2a: 悬空羊驼|Dynamax
|-heal|p2a: 悬空羊驼|55/100|[silent]
|turn|14
|
|t:|1661850995
|move|p1a: Ditto|Judgment|p2a: 悬空羊驼
|-damage|p2a: 悬空羊驼|18/100
|move|p2a: 悬空羊驼|Recover|p2a: 悬空羊驼
|-heal|p2a: 悬空羊驼|68/100
|
|upkeep
|turn|15
|
|t:|1661851002
|move|p1a: Ditto|Judgment|p2a: 悬空羊驼
|-damage|p2a: 悬空羊驼|28/100
|move|p2a: 悬空羊驼|Calm Mind|p2a: 悬空羊驼
|-boost|p2a: 悬空羊驼|spa|1
|-boost|p2a: 悬空羊驼|spd|1
|
|upkeep
|turn|16
|
|t:|1661851009
|move|p1a: Ditto|Judgment|p2a: 悬空羊驼
|-crit|p2a: 悬空羊驼
|-damage|p2a: 悬空羊驼|0 fnt
|faint|p2a: 悬空羊驼
|
|upkeep
|
|t:|1661851012
|switch|p2a: 钢铁之躯|Necrozma-Dusk-Mane|100/100
|-activate|p2a: 钢铁之躯|move: Sticky Web
|-unboost|p2a: 钢铁之躯|spe|1
|turn|17
|
|t:|1661851018
|move|p1a: Ditto|Judgment|p2a: 钢铁之躯
|-resisted|p2a: 钢铁之躯
|-damage|p2a: 钢铁之躯|85/100
|move|p2a: 钢铁之躯|Photon Geyser|p1a: Ditto
|-damage|p1a: Ditto|1/100
|
|upkeep
|turn|18
|
|t:|1661851029
|move|p1a: Ditto|Judgment|p2a: 钢铁之躯
|-resisted|p2a: 钢铁之躯
|-damage|p2a: 钢铁之躯|71/100
|move|p2a: 钢铁之躯|Dragon Dance|p2a: 钢铁之躯
|-boost|p2a: 钢铁之躯|atk|1
|-boost|p2a: 钢铁之躯|spe|1
|
|upkeep
|turn|19
|
|t:|1661851039
|switch|p1a: Lucario|Lucario, F|100/100
|-damage|p1a: Lucario|98/100|[from] Stealth Rock
|move|p2a: 钢铁之躯|Dragon Dance|p2a: 钢铁之躯
|-boost|p2a: 钢铁之躯|atk|1
|-boost|p2a: 钢铁之躯|spe|1
|
|upkeep
|turn|20
|
|t:|1661851053
|detailschange|p1a: Lucario|Lucario-Mega, F
|-mega|p1a: Lucario|Lucario|Lucarionite
|move|p1a: Lucario|Dark Pulse|p2a: 钢铁之躯
|-supereffective|p2a: 钢铁之躯
|-damage|p2a: 钢铁之躯|36/100
|move|p2a: 钢铁之躯|Earthquake|p1a: Lucario
|-supereffective|p1a: Lucario
|-damage|p1a: Lucario|0 fnt
|faint|p1a: Lucario
|
|upkeep
|
|t:|1661851063
|switch|p1a: Ditto|Ditto|1/100
|-damage|p1a: Ditto|0 fnt|[from] Stealth Rock
|faint|p1a: Ditto
|
|win|CLEAR GEM清瑜
|raw|thicsucttv's rating: 1672 &rarr; <strong>1656</strong><br />(-16 for losing)
|raw|CLEAR GEM清瑜's rating: 1751 &rarr; <strong>1767</strong><br />(+16 for winning)
