|j|☆Flawred
|j|☆cllout
|t:|1668382503
|gametype|singles
|player|p1|Flawred|red|1618
|player|p2|cllout|misty-lgpe|1648
|teamsize|p1|6
|teamsize|p2|6
|gen|8
|tier|[Gen 8] National Dex AG
|rated|
|rule|HP Percentage Mod: HP is shown in percentages
|rule|Endless Battle Clause: Forcing endless battles is banned
|clearpoke
|poke|p1|Diancie|
|poke|p1|Calyrex-Shadow|
|poke|p1|Ditto|
|poke|p1|Necrozma-Dusk-Mane|
|poke|p1|Yveltal|
|poke|p1|Groudon|
|poke|p2|Arceus-*|
|poke|p2|Necrozma-Dusk-Mane|
|poke|p2|Yveltal|
|poke|p2|Calyrex-Shadow|
|poke|p2|Smeargle, M|
|poke|p2|Marshadow|
|teampreview
|inactive|Battle timer is ON: inactive players will automatically lose when time's up. (requested by cllout)
|
|t:|1668382515
|start
|switch|p1a: Diancie|Diancie|100/100
|switch|p2a: Dusk Mane|Necrozma-Dusk-Mane|100/100
|turn|1
|j| sedffvfvf
|
|t:|1668382524
|detailschange|p1a: Diancie|Diancie-Mega
|-mega|p1a: Diancie|Diancie|Diancite
|move|p1a: Diancie|Baton Pass|p1a: Diancie
|
|t:|1668382528
|switch|p1a: Groudon|Groudon|100/100|[from]move: Baton Pass
|detailschange|p1a: Groudon|Groudon-Primal
|-primal|p1a: Groudon
|-weather|DesolateLand|[from] ability: Desolate Land|[of] p1a: Groudon
|move|p2a: Dusk Mane|Sunsteel Strike|p1a: Groudon
|-resisted|p1a: Groudon
|-damage|p1a: Groudon|86/100
|
|-weather|DesolateLand|[upkeep]
|upkeep
|turn|2
|
|t:|1668382543
|switch|p2a: Smearg|Smeargle, M|100/100
|move|p1a: Groudon|Thunder Wave|p2a: Smearg
|-status|p2a: Smearg|par
|
|-weather|DesolateLand|[upkeep]
|-ability|p2a: Smearg|Moody|boost
|-boost|p2a: Smearg|atk|2
|-unboost|p2a: Smearg|spa|1
|upkeep
|turn|3
|
|t:|1668382552
|-weather|none
|switch|p1a: Diancie|Diancie-Mega|100/100
|move|p2a: Smearg|Spore|p1a: Diancie
|move|p1a: Diancie|Spore||[from]ability: Magic Bounce|[still]
|-fail|p1a: Diancie
|
|-ability|p2a: Smearg|Moody|boost
|-boost|p2a: Smearg|spd|2
|-unboost|p2a: Smearg|spa|1
|upkeep
|turn|4
|
|t:|1668382570
|move|p1a: Diancie|Diamond Storm|p2a: Smearg
|-enditem|p2a: Smearg|Focus Sash
|-damage|p2a: Smearg|1/100 par
|-boost|p1a: Diancie|def|2
|move|p2a: Smearg|Baton Pass|p2a: Smearg
|
|t:|1668382585
|switch|p2a: Arse|Arceus|100/100|[from]move: Baton Pass
|
|upkeep
|turn|5
|
|t:|1668382596
|move|p2a: Arse|Earthquake|p1a: Diancie
|-supereffective|p1a: Diancie
|-damage|p1a: Diancie|0 fnt
|faint|p1a: Diancie
|-damage|p2a: Arse|91/100|[from] item: Life Orb
|
|upkeep
|
|t:|1668382601
|switch|p1a: Yveltal|Yveltal|100/100
|-ability|p1a: Yveltal|Dark Aura
|turn|6
|
|t:|1668382619
|-start|p2a: Arse|Dynamax|
|-heal|p2a: Arse|91/100|[silent]
|move|p2a: Arse|Max Hailstorm|p1a: Yveltal
|-supereffective|p1a: Yveltal
|-damage|p1a: Yveltal|0 fnt
|-weather|Hail
|faint|p1a: Yveltal
|-damage|p2a: Arse|86/100|[from] item: Life Orb
|
|-weather|Hail|[upkeep]
|-damage|p2a: Arse|83/100|[from] Hail
|upkeep
|
|t:|1668382632
|switch|p1a: Necrozma|Necrozma-Dusk-Mane|100/100
|turn|7
|
|t:|1668382643
|move|p2a: Arse|Max Quake|p1a: Necrozma
|-supereffective|p1a: Necrozma
|-enditem|p1a: Necrozma|Shuca Berry|[eat]
|-enditem|p1a: Necrozma|Shuca Berry|[weaken]
|-damage|p1a: Necrozma|32/100
|-boost|p2a: Arse|spd|1
|-damage|p2a: Arse|78/100|[from] item: Life Orb
|move|p1a: Necrozma|Dragon Dance|p1a: Necrozma
|-boost|p1a: Necrozma|atk|1
|-boost|p1a: Necrozma|spe|1
|
|-weather|Hail|[upkeep]
|-damage|p2a: Arse|75/100|[from] Hail
|-damage|p1a: Necrozma|26/100|[from] Hail
|upkeep
|turn|8
|
|t:|1668382656
|move|p2a: Arse|Max Phantasm|p1a: Necrozma
|-supereffective|p1a: Necrozma
|-damage|p1a: Necrozma|0 fnt
|faint|p1a: Necrozma
|-damage|p2a: Arse|70/100|[from] item: Life Orb
|
|-weather|Hail|[upkeep]
|-damage|p2a: Arse|67/100|[from] Hail
|upkeep
|
|t:|1668382665
|switch|p1a: Ditto|Ditto|100/100
|-transform|p1a: Ditto|p2a: Arse|[from] ability: Imposter
|-end|p2a: Arse|Dynamax
|-heal|p2a: Arse|67/100|[silent]
|turn|9
|
|t:|1668382676
|move|p1a: Ditto|Extreme Speed|p2a: Arse
|-damage|p2a: Arse|4/100
|move|p2a: Arse|Extreme Speed|p1a: Ditto
|-damage|p1a: Ditto|0 fnt
|faint|p1a: Ditto
|-damage|p2a: Arse|0 fnt|[from] item: Life Orb
|faint|p2a: Arse
|
|-weather|Hail|[upkeep]
|upkeep
|
|t:|1668382706
|switch|p2a: Yvelt|Yveltal, shiny|100/100
|switch|p1a: Calyrex|Calyrex-Shadow|100/100
|-ability|p1a: Calyrex|As One
|-ability|p1a: Calyrex|Unnerve
|-ability|p2a: Yvelt|Dark Aura
|turn|10
|
|t:|1668382715
|move|p1a: Calyrex|Substitute|p1a: Calyrex
|-start|p1a: Calyrex|Substitute
|-damage|p1a: Calyrex|76/100
|move|p2a: Yvelt|Knock Off|p1a: Calyrex
|-supereffective|p1a: Calyrex
|-end|p1a: Calyrex|Substitute
|
|-weather|none
|upkeep
|turn|11
|
|t:|1668382726
|switch|p1a: Groudon|Groudon-Primal|86/100
|-weather|DesolateLand|[from] ability: Desolate Land|[of] p1a: Groudon
|move|p2a: Yvelt|Knock Off|p1a: Groudon
|-damage|p1a: Groudon|66/100
|
|-weather|DesolateLand|[upkeep]
|upkeep
|turn|12
|
|t:|1668382734
|move|p2a: Yvelt|Taunt|p1a: Groudon
|-start|p1a: Groudon|move: Taunt
|move|p1a: Groudon|Rock Tomb|p2a: Yvelt
|-supereffective|p2a: Yvelt
|-damage|p2a: Yvelt|56/100
|-unboost|p2a: Yvelt|spe|1
|
|-weather|DesolateLand|[upkeep]
|upkeep
|turn|13
|
|t:|1668382745
|switch|p2a: Smearg|Smeargle, M|1/100 par
|move|p1a: Groudon|Rock Tomb|p2a: Smearg
|-damage|p2a: Smearg|0 fnt
|faint|p2a: Smearg
|
|-weather|DesolateLand|[upkeep]
|upkeep
|
|t:|1668382755
|switch|p2a: Caly|Calyrex-Shadow|100/100
|-ability|p2a: Caly|As One
|-ability|p2a: Caly|Unnerve
|turn|14
|j| ddddddabai
|
|t:|1668382761
|move|p2a: Caly|Astral Barrage|p1a: Groudon
|-damage|p1a: Groudon|14/100
|move|p1a: Groudon|Rock Tomb|p2a: Caly
|-damage|p2a: Caly|70/100
|-unboost|p2a: Caly|spe|1
|
|-weather|DesolateLand|[upkeep]
|-end|p1a: Groudon|move: Taunt
|upkeep
|turn|15
|
|t:|1668382770
|move|p2a: Caly|Astral Barrage|p1a: Groudon
|-damage|p1a: Groudon|0 fnt
|faint|p1a: Groudon
|-weather|none
|-ability|p2a: Caly|Grim Neigh|boost
|-boost|p2a: Caly|spa|1
|
|upkeep
|
|t:|1668382777
|switch|p1a: Calyrex|Calyrex-Shadow|76/100
|-ability|p1a: Calyrex|As One
|-ability|p1a: Calyrex|Unnerve
|turn|16
|
|t:|1668382789
|move|p1a: Calyrex|Substitute|p1a: Calyrex
|-start|p1a: Calyrex|Substitute
|-damage|p1a: Calyrex|51/100
|move|p2a: Caly|Taunt|p1a: Calyrex
|-start|p1a: Calyrex|move: Taunt
|
|upkeep
|turn|17
|
|t:|1668382795
|move|p1a: Calyrex|Astral Barrage|p2a: Caly
|-supereffective|p2a: Caly
|-damage|p2a: Caly|0 fnt
|faint|p2a: Caly
|-ability|p1a: Calyrex|Grim Neigh|boost
|-boost|p1a: Calyrex|spa|1
|
|upkeep
|
|t:|1668382804
|switch|p2a: Marsh|Marshadow|100/100
|turn|18
|
|t:|1668382808
|move|p1a: Calyrex|Astral Barrage|p2a: Marsh
|-supereffective|p2a: Marsh
|-enditem|p2a: Marsh|Focus Sash
|-damage|p2a: Marsh|1/100
|move|p2a: Marsh|Spectral Thief||[still]
|-clearpositiveboost|p1a: Calyrex|p2a: Marsh|move: Spectral Thief
|-boost|p2a: Marsh|spa|1
|-anim|p2a: Marsh|Spectral Thief|p1a: Calyrex
|-supereffective|p1a: Calyrex
|-damage|p1a: Calyrex|0 fnt
|faint|p1a: Calyrex
|
|win|cllout
|raw|Flawred's rating: 1618 &rarr; <strong>1600</strong><br />(-18 for losing)
|raw|cllout's rating: 1648 &rarr; <strong>1666</strong><br />(+18 for winning)
