|j|☆Makiharo
|j|☆Celestia74
|inactive|Battle timer is ON: inactive players will automatically lose when time's up.
|t:|1666368490
|gametype|singles
|player|p1|Makiharo|ash-kalos|
|player|p2|Celestia74|skyla|
|teamsize|p1|6
|teamsize|p2|6
|gen|8
|tier|[Gen 8] National Dex AG
|rated|Tournament battle
|rule|HP Percentage Mod: HP is shown in percentages
|rule|Endless Battle Clause: Forcing endless battles is banned
|clearpoke
|poke|p1|Lucario, M|
|poke|p1|Greninja, M|
|poke|p1|Galvantula, F|
|poke|p1|Excadrill, M|
|poke|p1|Blaziken, M|
|poke|p1|Swellow, M|
|poke|p2|Swampert, M|
|poke|p2|Charizard, M|
|poke|p2|Scizor, M|
|poke|p2|Clefable, F|
|poke|p2|Garchomp, F|
|poke|p2|Greninja, M|
|teampreview
|inactive|Makiharo also wants the timer to be on.
|inactive|Celestia74 also wants the timer to be on.
|
|t:|1666368511
|start
|switch|p1a: Excadrill|Excadrill, M|100/100
|switch|p2a: Charizard|Charizard, M, shiny|100/100
|-ability|p1a: Excadrill|Mold Breaker
|turn|1
|
|t:|1666368516
|move|p2a: Charizard|Flamethrower|p1a: Excadrill
|-supereffective|p1a: Excadrill
|-enditem|p1a: Excadrill|Focus Sash
|-damage|p1a: Excadrill|1/100
|move|p1a: Excadrill|Stealth Rock|p2a: Charizard
|-sidestart|p2: Celestia74|move: Stealth Rock
|
|upkeep
|turn|2
|
|t:|1666368520
|move|p2a: Charizard|Flamethrower|p1a: Excadrill
|-supereffective|p1a: Excadrill
|-damage|p1a: Excadrill|0 fnt
|faint|p1a: Excadrill
|
|upkeep
|
|t:|1666368523
|switch|p1a: Blaziken|Blaziken, M|100/100
|turn|3
|
|t:|1666368526
|detailschange|p2a: Charizard|Charizard-Mega-Y, M, shiny
|-mega|p2a: Charizard|Charizard|Charizardite Y
|-weather|SunnyDay|[from] ability: Drought|[of] p2a: Charizard
|move|p1a: Blaziken|Protect|p1a: Blaziken
|-singleturn|p1a: Blaziken|Protect
|move|p2a: Charizard|Air Slash|p1a: Blaziken
|-activate|p1a: Blaziken|move: Protect
|
|-weather|SunnyDay|[upkeep]
|-ability|p1a: Blaziken|Speed Boost|boost
|-boost|p1a: Blaziken|spe|1
|upkeep
|turn|4
|
|t:|1666368531
|move|p1a: Blaziken|Thunder Punch|p2a: Charizard
|-supereffective|p2a: Charizard
|-damage|p2a: Charizard|8/100
|-damage|p1a: Blaziken|91/100|[from] item: Life Orb
|move|p2a: Charizard|Air Slash|p1a: Blaziken
|-supereffective|p1a: Blaziken
|-damage|p1a: Blaziken|0 fnt
|faint|p1a: Blaziken
|
|-weather|SunnyDay|[upkeep]
|upkeep
|
|t:|1666368535
|switch|p1a: Galvantula|Galvantula, F|100/100
|turn|5
|inactive|Celestia74 has 120 seconds left.
|
|t:|1666368589
|move|p1a: Galvantula|Hidden Power|p2a: Charizard
|-damage|p2a: Charizard|0 fnt
|faint|p2a: Charizard
|
|-weather|SunnyDay|[upkeep]
|upkeep
|inactive|Celestia74 has 90 seconds left.
|
|t:|1666368605
|switch|p2a: Sniper|Swampert, M|100/100
|-damage|p2a: Sniper|94/100|[from] Stealth Rock
|turn|6
|
|t:|1666368609
|move|p1a: Galvantula|Sticky Web|p2a: Sniper
|-sidestart|p2: Celestia74|move: Sticky Web
|move|p2a: Sniper|Stone Edge|p1a: Galvantula
|-supereffective|p1a: Galvantula
|-enditem|p1a: Galvantula|Focus Sash
|-damage|p1a: Galvantula|1/100
|
|-weather|SunnyDay|[upkeep]
|upkeep
|turn|7
|
|t:|1666368612
|move|p1a: Galvantula|Hidden Power|p2a: Sniper
|-damage|p2a: Sniper|75/100
|move|p2a: Sniper|Liquidation|p1a: Galvantula
|-damage|p1a: Galvantula|0 fnt
|faint|p1a: Galvantula
|
|-weather|none
|upkeep
|
|t:|1666368619
|switch|p1a: Lucario|Lucario, M|100/100
|turn|8
|inactive|Celestia74 has 120 seconds left.
|j| default0
|inactive|Celestia74 has 90 seconds left.
|
|t:|1666368671
|detailschange|p1a: Lucario|Lucario-Mega, M
|-mega|p1a: Lucario|Lucario|Lucarionite
|move|p1a: Lucario|High Jump Kick|p2a: Sniper
|-damage|p2a: Sniper|0 fnt
|faint|p2a: Sniper
|
|upkeep
|
|t:|1666368680
|switch|p2a: Garchomp|Garchomp, F|100/100
|-damage|p2a: Garchomp|94/100|[from] Stealth Rock
|-activate|p2a: Garchomp|move: Sticky Web
|-unboost|p2a: Garchomp|spe|1
|turn|9
|
|t:|1666368684
|-start|p2a: Garchomp|Dynamax|
|-heal|p2a: Garchomp|94/100|[silent]
|move|p1a: Lucario|High Jump Kick|p2a: Garchomp
|-damage|p2a: Garchomp|48/100
|-damage|p1a: Lucario|88/100|[from] ability: Rough Skin|[of] p2a: Garchomp
|move|p2a: Garchomp|Max Quake|p1a: Lucario
|-supereffective|p1a: Lucario
|-damage|p1a: Lucario|0 fnt
|-boost|p2a: Garchomp|spd|1
|faint|p1a: Lucario
|-damage|p2a: Garchomp|43/100|[from] item: Life Orb
|
|upkeep
|
|t:|1666368703
|switch|p1a: Swellow|Swellow, M, shiny|100/100
|turn|10
|
|t:|1666368707
|move|p1a: Swellow|Brave Bird|p2a: Garchomp
|-damage|p2a: Garchomp|22/100
|-damage|p1a: Swellow|88/100|[from] ability: Rough Skin|[of] p2a: Garchomp
|-damage|p1a: Swellow|68/100|[from] Recoil
|move|p2a: Garchomp|Max Steelspike|p1a: Swellow
|-damage|p1a: Swellow|0 fnt
|-boost|p2a: Garchomp|def|1
|faint|p1a: Swellow
|-damage|p2a: Garchomp|17/100|[from] item: Life Orb
|
|upkeep
|
|t:|1666368711
|switch|p1a: Greninja|Greninja, M|100/100
|turn|11
|
|t:|1666368716
|-start|p1a: Greninja|Dynamax|
|-heal|p1a: Greninja|100/100|[silent]
|move|p1a: Greninja|Max Geyser|p2a: Garchomp
|-damage|p2a: Garchomp|0 fnt
|-weather|RainDance
|faint|p2a: Garchomp
|-activate|p1a: Greninja|ability: Battle Bond
|detailschange|p1a: Greninja|Greninja-Ash, M
|-damage|p1a: Greninja|96/100|[from] item: Life Orb
|
|-weather|RainDance|[upkeep]
|upkeep
|
|t:|1666368725
|switch|p2a: Scizor|Scizor, M|100/100
|-damage|p2a: Scizor|88/100|[from] Stealth Rock
|-activate|p2a: Scizor|move: Sticky Web
|-unboost|p2a: Scizor|spe|1
|turn|12
|
|t:|1666368739
|move|p1a: Greninja|Max Geyser|p2a: Scizor
|-damage|p2a: Scizor|0 fnt
|faint|p2a: Scizor
|-damage|p1a: Greninja|91/100|[from] item: Life Orb
|
|-weather|RainDance|[upkeep]
|upkeep
|
|t:|1666368744
|switch|p2a: Greninja|Greninja, M|100/100
|-damage|p2a: Greninja|88/100|[from] Stealth Rock
|-activate|p2a: Greninja|move: Sticky Web
|-unboost|p2a: Greninja|spe|1
|turn|13
|
|t:|1666368749
|move|p2a: Greninja|Water Shuriken|p1a: Greninja
|-resisted|p1a: Greninja
|-damage|p1a: Greninja|85/100
|-resisted|p1a: Greninja
|-damage|p1a: Greninja|80/100
|-resisted|p1a: Greninja
|-damage|p1a: Greninja|74/100
|-resisted|p1a: Greninja
|-damage|p1a: Greninja|69/100
|-resisted|p1a: Greninja
|-damage|p1a: Greninja|65/100
|-hitcount|p1a: Greninja|5
|-damage|p2a: Greninja|78/100|[from] item: Life Orb
|move|p1a: Greninja|Max Geyser|p2a: Greninja
|-resisted|p2a: Greninja
|-damage|p2a: Greninja|0 fnt
|faint|p2a: Greninja
|-damage|p1a: Greninja|60/100|[from] item: Life Orb
|
|-weather|RainDance|[upkeep]
|upkeep
|
|t:|1666368761
|switch|p2a: Clefable|Clefable, F|100/100
|-damage|p2a: Clefable|88/100|[from] Stealth Rock
|-activate|p2a: Clefable|move: Sticky Web
|-unboost|p2a: Clefable|spe|1
|-end|p1a: Greninja|Dynamax
|-heal|p1a: Greninja|60/100|[silent]
|turn|14
|
|t:|1666368765
|move|p1a: Greninja|Hydro Pump|p2a: Clefable
|-damage|p2a: Clefable|0 fnt
|faint|p2a: Clefable
|-damage|p1a: Greninja|50/100|[from] item: Life Orb
|
|win|Makiharo
|n|☆Makiharo|makiharo
|n|☆Celestia74|celestia74
|n| default0|default0
|l|☆Celestia74
