|j|☆dasort
|j|☆RNG Wizard
|inactive|Battle timer is ON: inactive players will automatically lose when time's up.
|t:|1650716879
|gametype|singles
|player|p1|dasort|101|
|player|p2|RNG Wizard|wally|
|teamsize|p1|6
|teamsize|p2|6
|gen|8
|tier|[Gen 8] National Dex AG
|rated|Tournament battle
|rule|HP Percentage Mod: HP is shown in percentages
|rule|Endless Battle Clause: Forcing endless battles is banned
|clearpoke
|poke|p1|Rayquaza|
|poke|p1|Groudon|
|poke|p1|Necrozma-Dusk-Mane|
|poke|p1|Lugia|
|poke|p1|Yveltal|
|poke|p1|Arceus-*|
|poke|p2|Necrozma-Dusk-Mane|
|poke|p2|Rayquaza|
|poke|p2|Calyrex-Shadow|
|poke|p2|Yveltal|
|poke|p2|Xerneas-*|
|poke|p2|Arceus-*|
|teampreview
|
|t:|1650716887
|start
|switch|p1a: Lugia|Lugia|100/100
|switch|p2a: Necrozma|Necrozma-Dusk-Mane|100/100
|turn|1
|j| MetaAbuserLOL
|l| MetaAbuserLOL
|inactive|dasort has 120 seconds left.
|
|t:|1650716918
|switch|p1a: Groudon|Groudon|100/100
|detailschange|p1a: Groudon|Groudon-Primal
|-primal|p1a: Groudon
|-weather|DesolateLand|[from] ability: Desolate Land|[of] p1a: Groudon
|move|p2a: Necrozma|Stealth Rock|p1a: Groudon
|-sidestart|p1: dasort|move: Stealth Rock
|
|-weather|DesolateLand|[upkeep]
|upkeep
|turn|2
|j| Un a ain
|inactive|dasort has 120 seconds left.
|
|t:|1650716929
|switch|p2a: Rayquaza|Rayquaza|100/100
|-ability|p2a: Rayquaza|Air Lock
|move|p1a: Groudon|Dragon Tail|p2a: Rayquaza
|-supereffective|p2a: Rayquaza
|-damage|p2a: Rayquaza|41/100
|drag|p2a: Calyrex|Calyrex-Shadow|100/100
|-ability|p2a: Calyrex|As One
|-ability|p2a: Calyrex|Unnerve
|
|-weather|DesolateLand|[upkeep]
|upkeep
|turn|3
|inactive|dasort has 120 seconds left.
|
|t:|1650716940
|-weather|none
|switch|p1a: Yveltal|Yveltal|100/100
|-ability|p1a: Yveltal|Dark Aura
|move|p2a: Calyrex|Astral Barrage|p1a: Yveltal
|-resisted|p1a: Yveltal
|-damage|p1a: Yveltal|75/100
|-damage|p2a: Calyrex|91/100|[from] item: Life Orb
|
|upkeep
|turn|4
|
|t:|1650716950
|switch|p2a: Arceus|Arceus-Water|100/100
|move|p1a: Yveltal|Roost|p1a: Yveltal
|-heal|p1a: Yveltal|100/100
|-singleturn|p1a: Yveltal|move: Roost
|
|upkeep
|turn|5
|
|t:|1650716964
|switch|p1a: Arceus|Arceus-Dragon|100/100
|-damage|p1a: Arceus|88/100|[from] Stealth Rock
|move|p2a: Arceus|Whirlpool|p1a: Arceus
|-resisted|p1a: Arceus
|-damage|p1a: Arceus|82/100
|-activate|p1a: Arceus|move: Whirlpool|[of] p2a: Arceus
|
|-damage|p1a: Arceus|70/100|[from] move: Whirlpool|[partiallytrapped]
|upkeep
|turn|6
|j| WooperTrooper#1337
|
|t:|1650716972
|move|p1a: Arceus|Judgment|p2a: Arceus
|-damage|p2a: Arceus|69/100
|move|p2a: Arceus|Perish Song|p2a: Arceus
|-start|p1a: Arceus|perish3|[silent]
|-start|p2a: Arceus|perish3|[silent]
|-fieldactivate|move: Perish Song
|
|-damage|p1a: Arceus|57/100|[from] move: Whirlpool|[partiallytrapped]
|-start|p1a: Arceus|perish3
|-start|p2a: Arceus|perish3
|upkeep
|turn|7
|l| Un a ain
|
|t:|1650716977
|move|p1a: Arceus|Judgment|p2a: Arceus
|-damage|p2a: Arceus|37/100
|move|p2a: Arceus|Recover|p2a: Arceus
|-heal|p2a: Arceus|87/100
|
|-damage|p1a: Arceus|45/100|[from] move: Whirlpool|[partiallytrapped]
|-start|p1a: Arceus|perish2
|-start|p2a: Arceus|perish2
|upkeep
|turn|8
|
|t:|1650716984
|move|p1a: Arceus|Judgment|p2a: Arceus
|-damage|p2a: Arceus|57/100
|move|p2a: Arceus|Recover|p2a: Arceus
|-heal|p2a: Arceus|100/100
|
|-damage|p1a: Arceus|33/100|[from] move: Whirlpool|[partiallytrapped]
|-start|p1a: Arceus|perish1
|-start|p2a: Arceus|perish1
|upkeep
|turn|9
|
|t:|1650716995
|switch|p2a: Xerneas|Xerneas|100/100
|-ability|p2a: Xerneas|Fairy Aura
|move|p1a: Arceus|Judgment|p2a: Xerneas
|-immune|p2a: Xerneas
|
|-end|p1a: Arceus|Whirlpool|[partiallytrapped]
|-start|p1a: Arceus|perish0
|upkeep
|faint|p1a: Arceus
|inactive|dasort has 120 seconds left.
|
|t:|1650717034
|switch|p1a: Rayquaza|Rayquaza|100/100
|-damage|p1a: Rayquaza|76/100|[from] Stealth Rock
|-ability|p1a: Rayquaza|Air Lock
|turn|10
|
|t:|1650717039
|detailschange|p1a: Rayquaza|Rayquaza-Mega
|-mega|p1a: Rayquaza|Rayquaza|
|-weather|DeltaStream|[from] ability: Delta Stream|[of] p1a: Rayquaza
|move|p1a: Rayquaza|Dragon Ascent|p2a: Xerneas
|-damage|p2a: Xerneas|0 fnt
|-unboost|p1a: Rayquaza|def|1
|-unboost|p1a: Rayquaza|spd|1
|faint|p2a: Xerneas
|
|-weather|DeltaStream|[upkeep]
|upkeep
|
|t:|1650717060
|switch|p2a: Rayquaza|Rayquaza|41/100
|-ability|p2a: Rayquaza|Air Lock
|turn|11
|
|t:|1650717064
|-weather|none
|switch|p1a: Lugia|Lugia|100/100
|detailschange|p2a: Rayquaza|Rayquaza-Mega
|-mega|p2a: Rayquaza|Rayquaza|
|-weather|DeltaStream|[from] ability: Delta Stream|[of] p2a: Rayquaza
|move|p2a: Rayquaza|Dragon Ascent|p1a: Lugia
|-damage|p1a: Lugia|80/100
|-unboost|p2a: Rayquaza|def|1
|-unboost|p2a: Rayquaza|spd|1
|
|-weather|DeltaStream|[upkeep]
|upkeep
|turn|12
|
|t:|1650717074
|move|p2a: Rayquaza|Dragon Ascent|p1a: Lugia
|-damage|p1a: Lugia|39/100
|-unboost|p2a: Rayquaza|def|1
|-unboost|p2a: Rayquaza|spd|1
|move|p1a: Lugia|Roost|p1a: Lugia
|-heal|p1a: Lugia|89/100
|-singleturn|p1a: Lugia|move: Roost
|
|-weather|DeltaStream|[upkeep]
|upkeep
|turn|13
|
|t:|1650717086
|-weather|none
|switch|p2a: Arceus|Arceus-Water|100/100
|move|p1a: Lugia|Thunder Wave|p2a: Arceus
|-status|p2a: Arceus|par
|
|upkeep
|turn|14
|
|t:|1650717093
|switch|p1a: Groudon|Groudon-Primal|100/100
|-damage|p1a: Groudon|88/100|[from] Stealth Rock
|-weather|DesolateLand|[from] ability: Desolate Land|[of] p1a: Groudon
|move|p2a: Arceus|Whirlpool||[still]
|-fail|p2a: Arceus|Whirlpool|[from] Desolate Land
|
|-weather|DesolateLand|[upkeep]
|upkeep
|turn|15
|
|t:|1650717105
|move|p2a: Arceus|Perish Song|p2a: Arceus
|-start|p1a: Groudon|perish3|[silent]
|-start|p2a: Arceus|perish3|[silent]
|-fieldactivate|move: Perish Song
|move|p1a: Groudon|Dragon Tail|p2a: Arceus
|-damage|p2a: Arceus|85/100 par
|drag|p2a: Calyrex|Calyrex-Shadow|91/100
|-ability|p2a: Calyrex|As One
|-ability|p2a: Calyrex|Unnerve
|
|-weather|DesolateLand|[upkeep]
|-start|p1a: Groudon|perish3
|upkeep
|turn|16
|
|t:|1650717112
|-weather|none
|switch|p1a: Yveltal|Yveltal|100/100
|-ability|p1a: Yveltal|Dark Aura
|move|p2a: Calyrex|Astral Barrage|p1a: Yveltal
|-resisted|p1a: Yveltal
|-damage|p1a: Yveltal|75/100
|-damage|p2a: Calyrex|81/100|[from] item: Life Orb
|
|upkeep
|turn|17
|
|t:|1650717133
|switch|p2a: Rayquaza|Rayquaza-Mega|41/100
|-weather|DeltaStream|[from] ability: Delta Stream|[of] p2a: Rayquaza
|move|p1a: Yveltal|Foul Play|p2a: Rayquaza
|-damage|p2a: Rayquaza|0 fnt
|faint|p2a: Rayquaza
|-weather|none
|
|upkeep
|
|t:|1650717142
|switch|p2a: Arceus|Arceus-Water|85/100 par
|turn|18
|
|t:|1650717146
|move|p1a: Yveltal|Roost|p1a: Yveltal
|-heal|p1a: Yveltal|100/100
|-singleturn|p1a: Yveltal|move: Roost
|move|p2a: Arceus|Ice Beam|p1a: Yveltal
|-damage|p1a: Yveltal|86/100
|
|upkeep
|turn|19
|
|t:|1650717163
|move|p1a: Yveltal|U-turn|p2a: Arceus
|-damage|p2a: Arceus|73/100 par
|
|t:|1650717167
|switch|p1a: Groudon|Groudon-Primal|88/100|[from]move: U-turn
|-damage|p1a: Groudon|76/100|[from] Stealth Rock
|-weather|DesolateLand|[from] ability: Desolate Land|[of] p1a: Groudon
|move|p2a: Arceus|Whirlpool||[still]
|-fail|p2a: Arceus|Whirlpool|[from] Desolate Land
|
|-weather|DesolateLand|[upkeep]
|upkeep
|turn|20
|
|t:|1650717173
|move|p1a: Groudon|Precipice Blades|p2a: Arceus
|-damage|p2a: Arceus|30/100 par
|move|p2a: Arceus|Ice Beam|p1a: Groudon
|-damage|p1a: Groudon|49/100
|
|-weather|DesolateLand|[upkeep]
|upkeep
|turn|21
|
|t:|1650717179
|move|p1a: Groudon|Precipice Blades|p2a: Arceus
|-damage|p2a: Arceus|0 fnt
|faint|p2a: Arceus
|
|-weather|DesolateLand|[upkeep]
|upkeep
|j| De5tr0yr
|
|t:|1650717182
|switch|p2a: Calyrex|Calyrex-Shadow|81/100
|-ability|p2a: Calyrex|As One
|-ability|p2a: Calyrex|Unnerve
|turn|22
|
|t:|1650717185
|-weather|none
|switch|p1a: Yveltal|Yveltal|86/100
|-ability|p1a: Yveltal|Dark Aura
|-start|p2a: Calyrex|Dynamax|
|-heal|p2a: Calyrex|81/100|[silent]
|move|p2a: Calyrex|Max Starfall|p1a: Yveltal
|-supereffective|p1a: Yveltal
|-damage|p1a: Yveltal|30/100
|-fieldstart|move: Misty Terrain
|-damage|p2a: Calyrex|76/100|[from] item: Life Orb
|
|upkeep
|turn|23
|inactive|dasort has 120 seconds left.
|inactive|dasort has 90 seconds left.
|
|t:|1650717254
|switch|p1a: Lugia|Lugia|89/100
|move|p2a: Calyrex|Max Starfall|p1a: Lugia
|-damage|p1a: Lugia|60/100
|-damage|p2a: Calyrex|71/100|[from] item: Life Orb
|
|upkeep
|turn|24
|inactive|dasort has 90 seconds left.
|
|t:|1650717262
|move|p2a: Calyrex|Max Phantasm|p1a: Lugia
|-supereffective|p1a: Lugia
|-damage|p1a: Lugia|0 fnt
|faint|p1a: Lugia
|-ability|p2a: Calyrex|Grim Neigh|boost
|-boost|p2a: Calyrex|spa|1
|-damage|p2a: Calyrex|66/100|[from] item: Life Orb
|
|-end|p2a: Calyrex|Dynamax
|-heal|p2a: Calyrex|66/100|[silent]
|upkeep
|
|t:|1650717266
|switch|p1a: Yveltal|Yveltal|30/100
|-ability|p1a: Yveltal|Dark Aura
|turn|25
|
|t:|1650717277
|-start|p1a: Yveltal|Dynamax|
|-heal|p1a: Yveltal|30/100|[silent]
|move|p2a: Calyrex|Draining Kiss|p1a: Yveltal
|-supereffective|p1a: Yveltal
|-damage|p1a: Yveltal|8/100
|-heal|p2a: Calyrex|100/100|[from] drain|[of] p1a: Yveltal
|-damage|p2a: Calyrex|91/100|[from] item: Life Orb
|move|p1a: Yveltal|Max Darkness|p2a: Calyrex
|-supereffective|p2a: Calyrex
|-damage|p2a: Calyrex|0 fnt
|faint|p2a: Calyrex
|
|upkeep
|
|t:|1650717291
|switch|p2a: Yveltal|Yveltal|100/100
|-ability|p2a: Yveltal|Dark Aura
|turn|26
|
|t:|1650717293
|move|p2a: Yveltal|Sucker Punch|p1a: Yveltal
|-resisted|p1a: Yveltal
|-damage|p1a: Yveltal|0 fnt
|faint|p1a: Yveltal
|
|-fieldend|Misty Terrain
|upkeep
|
|t:|1650717301
|switch|p1a: Necrozma|Necrozma-Dusk-Mane|100/100
|-damage|p1a: Necrozma|94/100|[from] Stealth Rock
|turn|27
|j| gen8test1
|
|t:|1650717309
|move|p2a: Yveltal|Snarl|p1a: Necrozma
|-supereffective|p1a: Necrozma
|-damage|p1a: Necrozma|62/100
|-unboost|p1a: Necrozma|spa|1
|move|p1a: Necrozma|Sunsteel Strike|p2a: Yveltal
|-damage|p2a: Yveltal|58/100
|
|upkeep
|turn|28
|
|t:|1650717318
|move|p2a: Yveltal|Sucker Punch||[still]
|-fail|p2a: Yveltal
|move|p1a: Necrozma|Morning Sun|p1a: Necrozma
|-heal|p1a: Necrozma|100/100
|
|upkeep
|turn|29
|
|t:|1650717324
|move|p2a: Yveltal|Roost|p2a: Yveltal
|-heal|p2a: Yveltal|100/100
|-singleturn|p2a: Yveltal|move: Roost
|move|p1a: Necrozma|Knock Off|p2a: Yveltal
|-resisted|p2a: Yveltal
|-damage|p2a: Yveltal|84/100
|-enditem|p2a: Yveltal|Heavy-Duty Boots|[from] move: Knock Off|[of] p1a: Necrozma
|
|upkeep
|turn|30
|
|t:|1650717331
|move|p2a: Yveltal|Snarl|p1a: Necrozma
|-supereffective|p1a: Necrozma
|-damage|p1a: Necrozma|63/100
|-unboost|p1a: Necrozma|spa|1
|move|p1a: Necrozma|Stealth Rock|p2a: Yveltal
|-sidestart|p2: RNG Wizard|move: Stealth Rock
|
|upkeep
|turn|31
|
|t:|1650717338
|move|p2a: Yveltal|Snarl|p1a: Necrozma
|-supereffective|p1a: Necrozma
|-damage|p1a: Necrozma|31/100
|-unboost|p1a: Necrozma|spa|1
|move|p1a: Necrozma|Morning Sun|p1a: Necrozma
|-heal|p1a: Necrozma|81/100
|
|upkeep
|turn|32
|
|t:|1650717344
|move|p2a: Yveltal|Snarl|p1a: Necrozma
|-supereffective|p1a: Necrozma
|-damage|p1a: Necrozma|46/100
|-unboost|p1a: Necrozma|spa|1
|move|p1a: Necrozma|Sunsteel Strike|p2a: Yveltal
|-damage|p2a: Yveltal|47/100
|
|upkeep
|turn|33
|
|t:|1650717354
|move|p2a: Yveltal|Snarl|p1a: Necrozma
|-supereffective|p1a: Necrozma
|-damage|p1a: Necrozma|12/100
|-unboost|p1a: Necrozma|spa|1
|move|p1a: Necrozma|Sunsteel Strike|p2a: Yveltal
|-damage|p2a: Yveltal|9/100
|
|upkeep
|turn|34
|j| Darthepkefan
|j| Un a ain
|
|t:|1650717372
|move|p2a: Yveltal|Roost|p2a: Yveltal
|-heal|p2a: Yveltal|59/100
|-singleturn|p2a: Yveltal|move: Roost
|move|p1a: Necrozma|Sunsteel Strike|p2a: Yveltal
|-damage|p2a: Yveltal|22/100
|
|upkeep
|turn|35
|l| Darthepkefan
|
|t:|1650717392
|move|p2a: Yveltal|Snarl|p1a: Necrozma
|-supereffective|p1a: Necrozma
|-damage|p1a: Necrozma|0 fnt
|faint|p1a: Necrozma
|
|upkeep
|
|t:|1650717396
|switch|p1a: Rayquaza|Rayquaza-Mega|76/100
|-damage|p1a: Rayquaza|51/100|[from] Stealth Rock
|-weather|DeltaStream|[from] ability: Delta Stream|[of] p1a: Rayquaza
|turn|36
|
|t:|1650717402
|move|p1a: Rayquaza|Extreme Speed|p2a: Yveltal
|-damage|p2a: Yveltal|0 fnt
|faint|p2a: Yveltal
|
|-weather|DeltaStream|[upkeep]
|upkeep
|
|t:|1650717406
|switch|p2a: Necrozma|Necrozma-Dusk-Mane|100/100
|-damage|p2a: Necrozma|94/100|[from] Stealth Rock
|turn|37
|l| Un a ain
|
|t:|1650717412
|move|p1a: Rayquaza|Extreme Speed|p2a: Necrozma
|-resisted|p2a: Necrozma
|-damage|p2a: Necrozma|79/100
|-damage|p1a: Rayquaza|34/100|[from] item: Rocky Helmet|[of] p2a: Necrozma
|move|p2a: Necrozma|Sunsteel Strike|p1a: Rayquaza
|-damage|p1a: Rayquaza|0 fnt
|faint|p1a: Rayquaza
|-weather|none
|
|upkeep
|
|t:|1650717416
|switch|p1a: Groudon|Groudon-Primal|49/100
|-damage|p1a: Groudon|37/100|[from] Stealth Rock
|-weather|DesolateLand|[from] ability: Desolate Land|[of] p1a: Groudon
|turn|38
|
|t:|1650717420
|move|p1a: Groudon|Precipice Blades|p2a: Necrozma|[miss]
|-miss|p1a: Groudon|p2a: Necrozma
|move|p2a: Necrozma|Sunsteel Strike|p1a: Groudon
|-resisted|p1a: Groudon
|-damage|p1a: Groudon|19/100
|
|-weather|DesolateLand|[upkeep]
|upkeep
|turn|39
|
|t:|1650717427
|move|p1a: Groudon|Precipice Blades|p2a: Necrozma
|-supereffective|p2a: Necrozma
|-damage|p2a: Necrozma|13/100
|move|p2a: Necrozma|Sunsteel Strike|p1a: Groudon
|-resisted|p1a: Groudon
|-damage|p1a: Groudon|3/100
|
|-weather|DesolateLand|[upkeep]
|upkeep
|turn|40
|
|t:|1650717432
|move|p1a: Groudon|Precipice Blades|p2a: Necrozma
|-supereffective|p2a: Necrozma
|-damage|p2a: Necrozma|0 fnt
|faint|p2a: Necrozma
|
|win|dasort
|n|☆dasort|dasort
|n|☆RNG Wizard|rngwizard
|n| WooperTrooper#1337|woopertrooper1337
|n| De5tr0yr|de5tr0yr
|n| gen8test1|gen8test1
