|j|☆haveyes
|j|☆wysyb
|t:|1661865588
|gametype|singles
|player|p1|haveyes|2|1389
|player|p2|wysyb|red|1473
|teamsize|p1|6
|teamsize|p2|6
|gen|8
|tier|[Gen 8] National Dex AG
|rated|
|rule|HP Percentage Mod: HP is shown in percentages
|rule|Endless Battle Clause: Forcing endless battles is banned
|clearpoke
|poke|p1|Blaziken, F|
|poke|p1|Skarmory, F|
|poke|p1|Kartana|
|poke|p1|Excadrill, M|
|poke|p1|Galvantula, F|
|poke|p1|Gyarados, F|
|poke|p2|Rayquaza|
|poke|p2|Calyrex-Shadow|
|poke|p2|Zacian-*|
|poke|p2|Necrozma-Dusk-Mane|
|poke|p2|Groudon|
|poke|p2|Ho-Oh|
|teampreview
|inactive|Battle timer is ON: inactive players will automatically lose when time's up. (requested by haveyes)
|
|t:|1661865595
|start
|switch|p1a: Galvantula|Galvantula, F|100/100
|switch|p2a: Necrozma|Necrozma-Dusk-Mane|100/100
|turn|1
|
|t:|1661865607
|detailschange|p2a: Necrozma|Necrozma-Ultra
|-burst|p2a: Necrozma|Necrozma|Ultranecrozium Z
|move|p2a: Necrozma|Heat Wave|p1a: Galvantula
|-supereffective|p1a: Galvantula
|-enditem|p1a: Galvantula|Focus Sash
|-damage|p1a: Galvantula|1/100
|move|p1a: Galvantula|Thunder Wave|p2a: Necrozma
|-status|p2a: Necrozma|par
|
|upkeep
|turn|2
|
|t:|1661865613
|move|p1a: Galvantula|Sticky Web|p2a: Necrozma
|-sidestart|p2: wysyb|move: Sticky Web
|cant|p2a: Necrozma|par
|
|upkeep
|turn|3
|
|t:|1661865617
|move|p1a: Galvantula|Bug Buzz|p2a: Necrozma
|-supereffective|p2a: Necrozma
|-damage|p2a: Necrozma|15/100 par
|move|p2a: Necrozma|Heat Wave|p1a: Galvantula
|-supereffective|p1a: Galvantula
|-damage|p1a: Galvantula|0 fnt
|faint|p1a: Galvantula
|
|upkeep
|
|t:|1661865628
|switch|p1a: Excadrill|Excadrill, M|100/100
|-ability|p1a: Excadrill|Mold Breaker
|turn|4
|
|t:|1661865633
|move|p1a: Excadrill|Stealth Rock|p2a: Necrozma
|-sidestart|p2: wysyb|move: Stealth Rock
|cant|p2a: Necrozma|par
|
|upkeep
|turn|5
|
|t:|1661865640
|move|p1a: Excadrill|Earthquake|p2a: Necrozma
|-damage|p2a: Necrozma|0 fnt
|faint|p2a: Necrozma
|
|upkeep
|
|t:|1661865643
|switch|p2a: Ho-Oh|Ho-Oh|100/100
|turn|6
|inactive|haveyes has 120 seconds left.
|inactive|haveyes has 90 seconds left.
|
|t:|1661865710
|switch|p1a: Gyarados|Gyarados, F|100/100
|move|p2a: Ho-Oh|Defog|p1a: Gyarados
|-unboost|p1a: Gyarados|evasion|1
|-sideend|p2: wysyb|Stealth Rock|[from] move: Defog|[of] p2a: Ho-Oh
|-sideend|p2: wysyb|Sticky Web|[from] move: Defog|[of] p2a: Ho-Oh
|
|upkeep
|turn|7
|inactive|haveyes has 90 seconds left.
|
|t:|1661865717
|switch|p2a: Groudon|Groudon|100/100
|detailschange|p2a: Groudon|Groudon-Primal
|-primal|p2a: Groudon
|-weather|DesolateLand|[from] ability: Desolate Land|[of] p2a: Groudon
|move|p1a: Gyarados|Dragon Dance|p1a: Gyarados
|-boost|p1a: Gyarados|atk|1
|-boost|p1a: Gyarados|spe|1
|
|-weather|DesolateLand|[upkeep]
|upkeep
|turn|8
|
|t:|1661865726
|-start|p1a: Gyarados|Dynamax|
|-heal|p1a: Gyarados|100/100|[silent]
|move|p1a: Gyarados|Max Quake|p2a: Groudon
|-supereffective|p2a: Groudon
|-damage|p2a: Groudon|0 fnt
|-boost|p1a: Gyarados|spd|1
|faint|p2a: Groudon
|-weather|none
|-ability|p1a: Gyarados|Moxie|boost
|-boost|p1a: Gyarados|atk|1
|-damage|p1a: Gyarados|96/100|[from] item: Life Orb
|
|upkeep
|
|t:|1661865739
|switch|p2a: Rayquaza|Rayquaza|100/100
|-ability|p2a: Rayquaza|Air Lock
|turn|9
|
|t:|1661865747
|detailschange|p2a: Rayquaza|Rayquaza-Mega
|-mega|p2a: Rayquaza|Rayquaza|
|-weather|DeltaStream|[from] ability: Delta Stream|[of] p2a: Rayquaza
|move|p1a: Gyarados|Max Airstream|p2a: Rayquaza
|-enditem|p2a: Rayquaza|Focus Sash
|-damage|p2a: Rayquaza|1/100
|-boost|p1a: Gyarados|spe|1
|-damage|p1a: Gyarados|91/100|[from] item: Life Orb
|move|p2a: Rayquaza|Scale Shot|p1a: Gyarados
|-damage|p1a: Gyarados|80/100
|-damage|p1a: Gyarados|69/100
|-damage|p1a: Gyarados|60/100
|-hitcount|p1a: Gyarados|3
|-unboost|p2a: Rayquaza|def|1
|-boost|p2a: Rayquaza|spe|1
|
|-weather|DeltaStream|[upkeep]
|upkeep
|turn|10
|
|t:|1661865764
|move|p1a: Gyarados|Max Geyser|p2a: Rayquaza
|-resisted|p2a: Rayquaza
|-damage|p2a: Rayquaza|0 fnt
|-weather|RainDance
|faint|p2a: Rayquaza
|-ability|p1a: Gyarados|Moxie|boost
|-boost|p1a: Gyarados|atk|1
|-damage|p1a: Gyarados|55/100|[from] item: Life Orb
|
|-weather|RainDance|[upkeep]
|upkeep
|
|t:|1661865769
|switch|p2a: Calyrex|Calyrex-Shadow|100/100
|-ability|p2a: Calyrex|As One
|-ability|p2a: Calyrex|Unnerve
|-end|p1a: Gyarados|Dynamax
|-heal|p1a: Gyarados|55/100|[silent]
|turn|11
|inactive|haveyes has 120 seconds left.
|
|t:|1661865778
|move|p1a: Gyarados|Bounce||[still]
|-prepare|p1a: Gyarados|Bounce
|move|p2a: Calyrex|Astral Barrage|p1a: Gyarados|[miss]
|-miss|p2a: Calyrex|p1a: Gyarados
|
|-weather|RainDance|[upkeep]
|upkeep
|turn|12
|
|t:|1661865782
|move|p1a: Gyarados|Bounce|p2a: Calyrex|[from]lockedmove
|-enditem|p2a: Calyrex|Focus Sash
|-damage|p2a: Calyrex|1/100
|-damage|p1a: Gyarados|45/100|[from] item: Life Orb
|move|p2a: Calyrex|Astral Barrage|p1a: Gyarados
|-damage|p1a: Gyarados|0 fnt
|faint|p1a: Gyarados
|-ability|p2a: Calyrex|Grim Neigh|boost
|-boost|p2a: Calyrex|spa|1
|
|-weather|RainDance|[upkeep]
|upkeep
|inactive|haveyes has 120 seconds left.
|
|t:|1661865797
|switch|p1a: Blaziken|Blaziken, F|100/100
|turn|13
|
|t:|1661865800
|move|p1a: Blaziken|Protect|p1a: Blaziken
|-singleturn|p1a: Blaziken|Protect
|move|p2a: Calyrex|Astral Barrage|p1a: Blaziken
|-activate|p1a: Blaziken|move: Protect
|
|-weather|RainDance|[upkeep]
|-ability|p1a: Blaziken|Speed Boost|boost
|-boost|p1a: Blaziken|spe|1
|upkeep
|turn|14
|
|t:|1661865813
|detailschange|p1a: Blaziken|Blaziken-Mega, F
|-mega|p1a: Blaziken|Blaziken|Blazikenite
|move|p1a: Blaziken|Brave Bird|p2a: Calyrex
|-damage|p2a: Calyrex|0 fnt
|faint|p2a: Calyrex
|-damage|p1a: Blaziken|99/100|[from] Recoil
|
|-weather|none
|-ability|p1a: Blaziken|Speed Boost|boost
|-boost|p1a: Blaziken|spe|1
|upkeep
|
|t:|1661865816
|switch|p2a: Ho-Oh|Ho-Oh|100/100
|turn|15
|
|t:|1661865839
|-start|p2a: Ho-Oh|Dynamax|
|-heal|p2a: Ho-Oh|100/100|[silent]
|move|p1a: Blaziken|Brave Bird|p2a: Ho-Oh
|-damage|p2a: Ho-Oh|76/100
|-damage|p1a: Blaziken|81/100|[from] Recoil
|move|p2a: Ho-Oh|Max Airstream|p1a: Blaziken
|-supereffective|p1a: Blaziken
|-damage|p1a: Blaziken|0 fnt
|-boost|p2a: Ho-Oh|spe|1
|faint|p1a: Blaziken
|
|upkeep
|
|t:|1661865848
|switch|p1a: Skarmory|Skarmory, F|100/100
|turn|16
|
|t:|1661865853
|move|p2a: Ho-Oh|Max Flare|p1a: Skarmory
|-supereffective|p1a: Skarmory
|-ability|p1a: Skarmory|Sturdy
|-damage|p1a: Skarmory|1/100
|-weather|SunnyDay
|move|p1a: Skarmory|Counter|p2a: Ho-Oh
|-damage|p2a: Ho-Oh|0 fnt
|faint|p2a: Ho-Oh
|
|-weather|SunnyDay|[upkeep]
|upkeep
|
|t:|1661865855
|switch|p2a: Zacian|Zacian-Crowned|100/100
|-ability|p2a: Zacian|Intrepid Sword|boost
|-boost|p2a: Zacian|atk|1
|turn|17
|
|t:|1661865866
|move|p2a: Zacian|Quick Attack|p1a: Skarmory
|-resisted|p1a: Skarmory
|-damage|p1a: Skarmory|0 fnt
|-damage|p2a: Zacian|84/100|[from] item: Rocky Helmet|[of] p1a: Skarmory
|faint|p1a: Skarmory
|
|-weather|SunnyDay|[upkeep]
|upkeep
|
|t:|1661865871
|switch|p1a: Excadrill|Excadrill, M|100/100
|-ability|p1a: Excadrill|Mold Breaker
|turn|18
|
|t:|1661865874
|move|p2a: Zacian|Close Combat|p1a: Excadrill
|-supereffective|p1a: Excadrill
|-enditem|p1a: Excadrill|Focus Sash
|-damage|p1a: Excadrill|1/100
|-unboost|p2a: Zacian|def|1
|-unboost|p2a: Zacian|spd|1
|move|p1a: Excadrill|Earthquake|p2a: Zacian
|-supereffective|p2a: Zacian
|-damage|p2a: Zacian|0 fnt
|faint|p2a: Zacian
|
|win|haveyes
|raw|haveyes's rating: 1389 &rarr; <strong>1414</strong><br />(+25 for winning)
|raw|wysyb's rating: 1473 &rarr; <strong>1448</strong><br />(-25 for losing)
|c|☆haveyes|ez
|l|☆wysyb
||Ladder isn't responding, score probably updated but might not have (Request timeout).
