|j|☆Diancie_hhh
|j|☆Obito 2001
|t:|1667035074
|gametype|singles
|player|p1|Diancie_hhh|marnie|1755
|player|p2|Obito 2001|teamrocket|1958
|teamsize|p1|6
|teamsize|p2|6
|gen|8
|tier|[Gen 8] National Dex AG
|rated|
|rule|HP Percentage Mod: HP is shown in percentages
|rule|Endless Battle Clause: Forcing endless battles is banned
|clearpoke
|poke|p1|Arceus-*|
|poke|p1|Zacian-*|
|poke|p1|Groudon|
|poke|p1|Ho-Oh|
|poke|p1|Zygarde|
|poke|p1|Weavile, F|
|poke|p2|Mewtwo|
|poke|p2|Arceus-*|
|poke|p2|Mewtwo|
|poke|p2|Ditto|
|poke|p2|Mewtwo|
|poke|p2|Arceus-*|
|teampreview
|inactive|Battle timer is ON: inactive players will automatically lose when time's up. (requested by Obito 2001)
|j| ElysiaX
|
|t:|1667035095
|start
|switch|p1a: Ho-Oh|Ho-Oh|100/100
|switch|p2a: Arceus|Arceus-Fairy|100/100
|turn|1
|
|t:|1667035099
|move|p2a: Arceus|Stealth Rock|p1a: Ho-Oh
|-sidestart|p1: Diancie_hhh|move: Stealth Rock
|move|p1a: Ho-Oh|Toxic|p2a: Arceus
|-status|p2a: Arceus|tox
|
|-damage|p2a: Arceus|94/100 tox|[from] psn
|upkeep
|turn|2
|
|t:|1667035101
|move|p2a: Arceus|Toxic|p1a: Ho-Oh
|-status|p1a: Ho-Oh|tox
|move|p1a: Ho-Oh|Defog|p2a: Arceus
|-unboost|p2a: Arceus|evasion|1
|-sideend|p1: Diancie_hhh|Stealth Rock|[from] move: Defog|[of] p1a: Ho-Oh
|
|-damage|p2a: Arceus|82/100 tox|[from] psn
|-damage|p1a: Ho-Oh|94/100 tox|[from] psn
|upkeep
|turn|3
|
|t:|1667035104
|move|p2a: Arceus|Stealth Rock|p1a: Ho-Oh
|-sidestart|p1: Diancie_hhh|move: Stealth Rock
|move|p1a: Ho-Oh|Sacred Fire|p2a: Arceus
|-damage|p2a: Arceus|53/100 tox
|
|-damage|p2a: Arceus|34/100 tox|[from] psn
|-damage|p1a: Ho-Oh|82/100 tox|[from] psn
|upkeep
|turn|4
|
|t:|1667035111
|switch|p2a: Mewtwo|Mewtwo|100/100
|-ability|p2a: Mewtwo|Pressure
|move|p1a: Ho-Oh|Defog|p2a: Mewtwo
|-unboost|p2a: Mewtwo|evasion|1
|-sideend|p1: Diancie_hhh|Stealth Rock|[from] move: Defog|[of] p1a: Ho-Oh
|
|-damage|p1a: Ho-Oh|63/100 tox|[from] psn
|upkeep
|turn|5
|
|t:|1667035117
|switch|p1a: Weavile|Weavile, F, shiny|100/100
|-ability|p1a: Weavile|Pressure
|detailschange|p2a: Mewtwo|Mewtwo-Mega-X
|-mega|p2a: Mewtwo|Mewtwo|Mewtwonite X
|move|p2a: Mewtwo|Stone Edge|p1a: Weavile|[miss]
|-miss|p2a: Mewtwo|p1a: Weavile
|
|upkeep
|turn|6
|c|☆Diancie_hhh|危
|
|t:|1667035133
|move|p1a: Weavile|Beat Up|p2a: Mewtwo
|-damage|p2a: Mewtwo|91/100
|-damage|p2a: Mewtwo|78/100
|-damage|p2a: Mewtwo|67/100
|-damage|p2a: Mewtwo|58/100
|-damage|p2a: Mewtwo|50/100
|-hitcount|p2a: Mewtwo|5
|move|p2a: Mewtwo|Low Kick|p1a: Weavile
|-supereffective|p1a: Weavile
|-damage|p1a: Weavile|0 fnt
|faint|p1a: Weavile
|
|upkeep
|c| ElysiaX|粉色羊驼很好看
|c|☆Diancie_hhh|还有格斗系
|inactive|Diancie_hhh has 120 seconds left.
|c|☆Diancie_hhh|我忘记了
|c|☆Diancie_hhh|没克制
|
|t:|1667035171
|switch|p1a: Arceus|Arceus, shiny|100/100
|turn|7
|
|t:|1667035174
|move|p1a: Arceus|Extreme Speed|p2a: Mewtwo
|-damage|p2a: Mewtwo|0 fnt
|faint|p2a: Mewtwo
|-damage|p1a: Arceus|91/100|[from] item: Life Orb
|
|upkeep
|
|t:|1667035184
|switch|p2a: Mewtwo|Mewtwo|100/100
|-ability|p2a: Mewtwo|Pressure
|turn|8
|
|t:|1667035191
|-start|p1a: Arceus|Dynamax|
|-heal|p1a: Arceus|91/100|[silent]
|move|p2a: Mewtwo|Will-O-Wisp|p1a: Arceus
|-status|p1a: Arceus|brn
|move|p1a: Arceus|Max Strike|p2a: Mewtwo
|-damage|p2a: Mewtwo|61/100
|-unboost|p2a: Mewtwo|spe|1
|-damage|p1a: Arceus|86/100 brn|[from] item: Life Orb
|
|-heal|p2a: Mewtwo|67/100|[from] item: Leftovers
|-damage|p1a: Arceus|82/100 brn|[from] brn
|upkeep
|turn|9
|
|t:|1667035197
|switch|p2a: Arceus|Arceus|100/100
|move|p1a: Arceus|Max Strike|p2a: Arceus
|-damage|p2a: Arceus|72/100
|-unboost|p2a: Arceus|spe|1
|-damage|p1a: Arceus|77/100 brn|[from] item: Life Orb
|
|-damage|p1a: Arceus|74/100 brn|[from] brn
|upkeep
|turn|10
|
|t:|1667035212
|move|p1a: Arceus|Max Strike|p2a: Arceus
|-damage|p2a: Arceus|40/100
|-unboost|p2a: Arceus|spe|1
|-damage|p1a: Arceus|69/100 brn|[from] item: Life Orb
|move|p2a: Arceus|Recover|p2a: Arceus
|-heal|p2a: Arceus|90/100
|
|-damage|p1a: Arceus|66/100 brn|[from] brn
|upkeep
|-end|p1a: Arceus|Dynamax
|-heal|p1a: Arceus|66/100 brn|[silent]
|turn|11
|
|t:|1667035220
|switch|p1a: Zygarde|Zygarde, shiny|100/100
|switch|p2a: Mewtwo|Mewtwo|67/100
|-ability|p2a: Mewtwo|Pressure
|
|-heal|p2a: Mewtwo|73/100|[from] item: Leftovers
|upkeep
|turn|12
|
|t:|1667035227
|move|p2a: Mewtwo|Taunt|p1a: Zygarde
|-start|p1a: Zygarde|move: Taunt
|cant|p1a: Zygarde|move: Taunt|Glare
|
|-heal|p2a: Mewtwo|79/100|[from] item: Leftovers
|upkeep
|turn|13
|
|t:|1667035230
|move|p2a: Mewtwo|Will-O-Wisp|p1a: Zygarde
|-status|p1a: Zygarde|brn
|move|p1a: Zygarde|Thousand Arrows|p2a: Mewtwo
|-damage|p2a: Mewtwo|64/100
|
|-heal|p2a: Mewtwo|70/100|[from] item: Leftovers
|-damage|p1a: Zygarde|94/100 brn|[from] brn
|upkeep
|turn|14
|
|t:|1667035233
|move|p2a: Mewtwo|Psystrike|p1a: Zygarde
|-damage|p1a: Zygarde|65/100 brn
|move|p1a: Zygarde|Thousand Arrows|p2a: Mewtwo
|-damage|p2a: Mewtwo|56/100
|
|-heal|p2a: Mewtwo|62/100|[from] item: Leftovers
|-damage|p1a: Zygarde|59/100 brn|[from] brn
|-end|p1a: Zygarde|move: Taunt
|upkeep
|turn|15
|
|t:|1667035237
|move|p2a: Mewtwo|Taunt|p1a: Zygarde
|-start|p1a: Zygarde|move: Taunt
|move|p1a: Zygarde|Thousand Arrows|p2a: Mewtwo
|-damage|p2a: Mewtwo|47/100
|
|-heal|p2a: Mewtwo|53/100|[from] item: Leftovers
|-damage|p1a: Zygarde|52/100 brn|[from] brn
|upkeep
|turn|16
|
|t:|1667035241
|move|p2a: Mewtwo|Psystrike|p1a: Zygarde
|-damage|p1a: Zygarde|25/100 brn
|move|p1a: Zygarde|Thousand Arrows|p2a: Mewtwo
|-damage|p2a: Mewtwo|38/100
|
|-heal|p2a: Mewtwo|44/100|[from] item: Leftovers
|-damage|p1a: Zygarde|19/100 brn|[from] brn
|-activate|p1a: Zygarde|ability: Power Construct
|detailschange|p1a: Zygarde|Zygarde-Complete, shiny
|-heal|p1a: Zygarde|47/100 brn|[silent]
|upkeep
|turn|17
|
|t:|1667035249
|switch|p1a: Ho-Oh|Ho-Oh|97/100 tox
|move|p2a: Mewtwo|Recover|p2a: Mewtwo
|-heal|p2a: Mewtwo|94/100
|
|-heal|p2a: Mewtwo|100/100|[from] item: Leftovers
|-damage|p1a: Ho-Oh|90/100 tox|[from] psn
|upkeep
|turn|18
|c| ElysiaX|z本身力度太低
|
|t:|1667035257
|move|p2a: Mewtwo|Psystrike|p1a: Ho-Oh
|-damage|p1a: Ho-Oh|39/100 tox
|move|p1a: Ho-Oh|Toxic|p2a: Mewtwo
|-status|p2a: Mewtwo|tox
|
|-damage|p2a: Mewtwo|94/100 tox|[from] psn
|-damage|p1a: Ho-Oh|27/100 tox|[from] psn
|upkeep
|turn|19
|
|t:|1667035266
|switch|p1a: Arceus|Arceus, shiny|66/100 brn
|move|p2a: Mewtwo|Psystrike|p1a: Arceus
|-damage|p1a: Arceus|30/100 brn
|
|-heal|p2a: Mewtwo|100/100 tox|[from] item: Leftovers
|-damage|p2a: Mewtwo|88/100 tox|[from] psn
|-damage|p1a: Arceus|23/100 brn|[from] brn
|upkeep
|turn|20
|
|t:|1667035279
|switch|p2a: Arceus|Arceus|90/100
|move|p1a: Arceus|Extreme Speed|p2a: Arceus
|-damage|p2a: Arceus|71/100
|-damage|p1a: Arceus|13/100 brn|[from] item: Life Orb
|
|-damage|p1a: Arceus|7/100 brn|[from] brn
|upkeep
|turn|21
|
|t:|1667035292
|move|p1a: Arceus|Extreme Speed|p2a: Arceus
|-damage|p2a: Arceus|54/100
|-damage|p1a: Arceus|0 fnt|[from] item: Life Orb
|faint|p1a: Arceus
|move|p2a: Arceus|Recover|p2a: Arceus
|-heal|p2a: Arceus|100/100
|
|upkeep
|
|t:|1667035299
|switch|p1a: Zygarde|Zygarde-Complete, shiny|47/100 brn
|turn|22
|
|t:|1667035304
|switch|p2a: Arceus|Arceus-Fairy|34/100 tox
|move|p1a: Zygarde|Glare||[still]
|-fail|p1a: Zygarde
|
|-damage|p2a: Arceus|28/100 tox|[from] psn
|-damage|p1a: Zygarde|41/100 brn|[from] brn
|upkeep
|turn|23
|
|t:|1667035308
|switch|p1a: Ho-Oh|Ho-Oh|60/100 tox
|move|p2a: Arceus|Judgment|p1a: Ho-Oh
|-resisted|p1a: Ho-Oh
|-damage|p1a: Ho-Oh|49/100 tox
|
|-damage|p2a: Arceus|16/100 tox|[from] psn
|-damage|p1a: Ho-Oh|43/100 tox|[from] psn
|upkeep
|turn|24
|
|t:|1667035314
|move|p2a: Arceus|Stealth Rock|p1a: Ho-Oh
|-sidestart|p1: Diancie_hhh|move: Stealth Rock
|move|p1a: Ho-Oh|Roost|p1a: Ho-Oh
|-heal|p1a: Ho-Oh|93/100 tox
|-singleturn|p1a: Ho-Oh|move: Roost
|
|-damage|p2a: Arceus|0 fnt|[from] psn
|faint|p2a: Arceus
|-damage|p1a: Ho-Oh|81/100 tox|[from] psn
|upkeep
|
|t:|1667035318
|switch|p2a: Mewtwo|Mewtwo|100/100
|-ability|p2a: Mewtwo|Pressure
|turn|25
|
|t:|1667035323
|move|p2a: Mewtwo|Psystrike|p1a: Ho-Oh
|-damage|p1a: Ho-Oh|9/100 tox
|-damage|p2a: Mewtwo|91/100|[from] item: Life Orb
|move|p1a: Ho-Oh|Sacred Fire|p2a: Mewtwo
|-damage|p2a: Mewtwo|41/100
|
|-damage|p1a: Ho-Oh|0 fnt|[from] psn
|faint|p1a: Ho-Oh
|upkeep
|c|☆Diancie_hhh|两只不一样
|inactive|Diancie_hhh has 120 seconds left.
|c|☆Diancie_hhh|伤害差距这么大
|
|t:|1667035362
|switch|p1a: 大地之神|Groudon, shiny|100/100
|-damage|p1a: 大地之神|94/100|[from] Stealth Rock
|detailschange|p1a: 大地之神|Groudon-Primal, shiny
|-primal|p1a: 大地之神
|-weather|DesolateLand|[from] ability: Desolate Land|[of] p1a: 大地之神
|turn|26
|inactive|Diancie_hhh has 120 seconds left.
|
|t:|1667035376
|-start|p2a: Mewtwo|Dynamax|
|-heal|p2a: Mewtwo|41/100|[silent]
|move|p2a: Mewtwo|Max Airstream|p1a: 大地之神
|-damage|p1a: 大地之神|31/100
|-boost|p2a: Mewtwo|spe|1
|-damage|p2a: Mewtwo|36/100|[from] item: Life Orb
|move|p1a: 大地之神|Fire Punch|p2a: Mewtwo
|-damage|p2a: Mewtwo|0 fnt
|faint|p2a: Mewtwo
|
|-weather|DesolateLand|[upkeep]
|upkeep
|
|t:|1667035389
|switch|p2a: Arceus|Arceus|100/100
|turn|27
|
|t:|1667035396
|move|p2a: Arceus|Swords Dance|p2a: Arceus
|-boost|p2a: Arceus|atk|2
|move|p1a: 大地之神|Fire Punch|p2a: Arceus
|-damage|p2a: Arceus|46/100
|
|-weather|DesolateLand|[upkeep]
|upkeep
|turn|28
|
|t:|1667035404
|move|p2a: Arceus|Extreme Speed|p1a: 大地之神
|-damage|p1a: 大地之神|0 fnt
|faint|p1a: 大地之神
|-weather|none
|
|upkeep
|
|t:|1667035407
|switch|p1a: Zygarde|Zygarde-Complete, shiny|41/100 brn
|-damage|p1a: Zygarde|35/100 brn|[from] Stealth Rock
|turn|29
|
|t:|1667035411
|move|p2a: Arceus|Extreme Speed|p1a: Zygarde
|-damage|p1a: Zygarde|0 fnt
|faint|p1a: Zygarde
|
|upkeep
|c|☆Diancie_hhh|gg
|
|t:|1667035419
|switch|p1a: Zacian|Zacian-Crowned|100/100
|-damage|p1a: Zacian|94/100|[from] Stealth Rock
|-ability|p1a: Zacian|Intrepid Sword|boost
|-boost|p1a: Zacian|atk|1
|turn|30
|c|☆Obito 2001|Gg
|
|t:|1667035425
|move|p2a: Arceus|Extreme Speed|p1a: Zacian
|-resisted|p1a: Zacian
|-damage|p1a: Zacian|51/100
|move|p1a: Zacian|Behemoth Blade|p2a: Arceus
|-damage|p2a: Arceus|0 fnt
|faint|p2a: Arceus
|
|upkeep
|
|t:|1667035427
|switch|p2a: Ditto|Ditto, shiny|100/100
|-transform|p2a: Ditto|p1a: Zacian|[from] ability: Imposter
|-ability|p2a: Ditto|Intrepid Sword|boost
|-boost|p2a: Ditto|atk|1
|turn|31
|
|t:|1667035430
|move|p2a: Ditto|Behemoth Blade|p1a: Zacian
|-damage|p1a: Zacian|0 fnt
|faint|p1a: Zacian
|
|win|Obito 2001
|raw|Diancie_hhh's rating: 1755 &rarr; <strong>1746</strong><br />(-9 for losing)
|raw|Obito 2001's rating: 1958 &rarr; <strong>1967</strong><br />(+9 for winning)
