|j|☆Xgeniz
|j|☆RUiNtheExtinct
|t:|1635684950
|gametype|singles
|player|p1|Xgeniz|wallace|1543
|player|p2|RUiNtheExtinct|red-gen7|1794
|teamsize|p1|6
|teamsize|p2|6
|gen|8
|tier|[Gen 8] National Dex AG
|rated|
|rule|HP Percentage Mod: HP is shown in percentages
|rule|Endless Battle Clause: Forcing endless battles is banned
|clearpoke
|poke|p1|Excadrill, M|
|poke|p1|Yveltal|
|poke|p1|Rayquaza|
|poke|p1|Zacian-*|
|poke|p1|Ditto|
|poke|p1|Xerneas-*|
|poke|p2|Deoxys-Speed|
|poke|p2|Melmetal|
|poke|p2|Rayquaza|
|poke|p2|Yveltal|
|poke|p2|Calyrex-Shadow|
|poke|p2|Ditto|
|teampreview
|
|t:|1635684964
|start
|switch|p1a: Excadrill|Excadrill, M|100/100
|switch|p2a: Deoxys|Deoxys-Speed|100/100
|-ability|p2a: Deoxys|Pressure
|-ability|p1a: Excadrill|Mold Breaker
|turn|1
|
|t:|1635684975
|move|p2a: Deoxys|Magic Coat|p2a: Deoxys
|-singleturn|p2a: Deoxys|move: Magic Coat
|move|p1a: Excadrill|Rapid Spin|p2a: Deoxys
|-damage|p2a: Deoxys|76/100
|-boost|p1a: Excadrill|spe|1
|
|upkeep
|turn|2
|
|t:|1635684981
|move|p2a: Deoxys|Knock Off|p1a: Excadrill
|-damage|p1a: Excadrill|74/100
|-enditem|p1a: Excadrill|Focus Sash|[from] move: Knock Off|[of] p2a: Deoxys
|move|p1a: Excadrill|Rapid Spin|p2a: Deoxys
|-damage|p2a: Deoxys|53/100
|-boost|p1a: Excadrill|spe|1
|
|upkeep
|turn|3
|
|t:|1635684992
|move|p2a: Deoxys|Magic Coat|p2a: Deoxys
|-singleturn|p2a: Deoxys|move: Magic Coat
|move|p1a: Excadrill|Stealth Rock|p2a: Deoxys
|move|p2a: Deoxys|Stealth Rock|p1a: Excadrill|[from]Magic Coat
|-sidestart|p1: Xgeniz|move: Stealth Rock
|
|upkeep
|turn|4
|l|☆RUiNtheExtinct
|player|p2|
|c|☆Xgeniz|gas gas gas
|inactive|Battle timer is ON: inactive players will automatically lose when time's up. (requested by Xgeniz)
|j|☆RUiNtheExtinct
|inactive|RUiNtheExtinct reconnected and has 150 seconds left.
|player|p2|RUiNtheExtinct|red-gen7
|
|t:|1635685053
|move|p1a: Excadrill|Stealth Rock|p2a: Deoxys
|-sidestart|p2: RUiNtheExtinct|move: Stealth Rock
|move|p2a: Deoxys|Stealth Rock||[still]
|-fail|p2a: Deoxys
|
|upkeep
|turn|5
|
|t:|1635685060
|move|p1a: Excadrill|Rapid Spin|p2a: Deoxys
|-damage|p2a: Deoxys|28/100
|-boost|p1a: Excadrill|spe|1
|-sideend|p1: Xgeniz|Stealth Rock|[from] move: Rapid Spin|[of] p1a: Excadrill
|move|p2a: Deoxys|Stealth Rock|p1a: Excadrill
|-sidestart|p1: Xgeniz|move: Stealth Rock
|
|upkeep
|turn|6
|
|t:|1635685069
|move|p1a: Excadrill|Rapid Spin|p2a: Deoxys
|-damage|p2a: Deoxys|4/100
|-boost|p1a: Excadrill|spe|1
|-sideend|p1: Xgeniz|Stealth Rock|[from] move: Rapid Spin|[of] p1a: Excadrill
|move|p2a: Deoxys|Stealth Rock|p1a: Excadrill
|-sidestart|p1: Xgeniz|move: Stealth Rock
|
|upkeep
|turn|7
|
|t:|1635685077
|move|p1a: Excadrill|Rapid Spin|p2a: Deoxys
|-crit|p2a: Deoxys
|-damage|p2a: Deoxys|0 fnt
|-boost|p1a: Excadrill|spe|1
|-sideend|p1: Xgeniz|Stealth Rock|[from] move: Rapid Spin|[of] p1a: Excadrill
|faint|p2a: Deoxys
|
|upkeep
|
|t:|1635685085
|switch|p2a: Ditto|Ditto|100/100
|-damage|p2a: Ditto|88/100|[from] Stealth Rock
|-transform|p2a: Ditto|p1a: Excadrill|[from] ability: Imposter
|-ability|p2a: Ditto|Mold Breaker
|turn|8
|
|t:|1635685104
|move|p2a: Ditto|Earthquake|p1a: Excadrill
|-supereffective|p1a: Excadrill
|-damage|p1a: Excadrill|0 fnt
|faint|p1a: Excadrill
|
|upkeep
|
|t:|1635685111
|switch|p1a: Rayquaza|Rayquaza|100/100
|-ability|p1a: Rayquaza|Air Lock
|turn|9
|
|t:|1635685120
|switch|p2a: Melmetal|Melmetal|100/100
|-damage|p2a: Melmetal|94/100|[from] Stealth Rock
|detailschange|p1a: Rayquaza|Rayquaza-Mega
|-mega|p1a: Rayquaza|Rayquaza|
|-weather|DeltaStream|[from] ability: Delta Stream|[of] p1a: Rayquaza
|move|p1a: Rayquaza|V-create|p2a: Melmetal
|-supereffective|p2a: Melmetal
|-damage|p2a: Melmetal|4/100
|-unboost|p1a: Rayquaza|spe|1
|-unboost|p1a: Rayquaza|def|1
|-unboost|p1a: Rayquaza|spd|1
|
|-weather|DeltaStream|[upkeep]
|upkeep
|turn|10
|
|t:|1635685135
|move|p1a: Rayquaza|Extreme Speed|p2a: Melmetal
|-resisted|p2a: Melmetal
|-damage|p2a: Melmetal|0 fnt
|faint|p2a: Melmetal
|
|-weather|DeltaStream|[upkeep]
|upkeep
|
|t:|1635685141
|switch|p2a: Yveltal|Yveltal|100/100
|-damage|p2a: Yveltal|76/100|[from] Stealth Rock
|-ability|p2a: Yveltal|Dark Aura
|turn|11
|
|t:|1635685147
|-weather|none
|switch|p1a: Xerneas|Xerneas|100/100
|-ability|p1a: Xerneas|Fairy Aura
|-start|p2a: Yveltal|Dynamax
|-heal|p2a: Yveltal|76/100|[silent]
|move|p2a: Yveltal|Max Airstream|p1a: Xerneas
|-damage|p1a: Xerneas|20/100
|-boost|p2a: Yveltal|spe|1
|-damage|p2a: Yveltal|71/100|[from] item: Life Orb
|
|upkeep
|turn|12
|
|t:|1635685160
|move|p2a: Yveltal|Max Flare|p1a: Xerneas
|-damage|p1a: Xerneas|0 fnt
|-weather|SunnyDay
|faint|p1a: Xerneas
|-damage|p2a: Yveltal|66/100|[from] item: Life Orb
|
|-weather|SunnyDay|[upkeep]
|upkeep
|
|t:|1635685167
|switch|p1a: Rayquaza|Rayquaza-Mega|100/100
|-weather|DeltaStream|[from] ability: Delta Stream|[of] p1a: Rayquaza
|turn|13
|
|t:|1635685183
|move|p2a: Yveltal|Max Darkness|p1a: Rayquaza
|-enditem|p1a: Rayquaza|Focus Sash
|-damage|p1a: Rayquaza|1/100
|-unboost|p1a: Rayquaza|spd|1
|-damage|p2a: Yveltal|61/100|[from] item: Life Orb
|move|p1a: Rayquaza|Dragon Ascent|p2a: Yveltal
|-damage|p2a: Yveltal|20/100
|-unboost|p1a: Rayquaza|def|1
|-unboost|p1a: Rayquaza|spd|1
|
|-weather|DeltaStream|[upkeep]
|-end|p2a: Yveltal|Dynamax
|-heal|p2a: Yveltal|20/100|[silent]
|upkeep
|turn|14
|
|t:|1635685197
|move|p1a: Rayquaza|Extreme Speed|p2a: Yveltal
|-damage|p2a: Yveltal|0 fnt
|faint|p2a: Yveltal
|
|-weather|DeltaStream|[upkeep]
|upkeep
|
|t:|1635685204
|switch|p2a: Rayquaza|Rayquaza|100/100
|-damage|p2a: Rayquaza|76/100|[from] Stealth Rock
|-ability|p2a: Rayquaza|Air Lock
|turn|15
|
|t:|1635685216
|detailschange|p2a: Rayquaza|Rayquaza-Mega
|-mega|p2a: Rayquaza|Rayquaza|
|move|p1a: Rayquaza|Extreme Speed|p2a: Rayquaza
|-damage|p2a: Rayquaza|41/100
|move|p2a: Rayquaza|Dragon Dance|p2a: Rayquaza
|-boost|p2a: Rayquaza|atk|1
|-boost|p2a: Rayquaza|spe|1
|
|-weather|DeltaStream|[upkeep]
|upkeep
|turn|16
|
|t:|1635685224
|move|p2a: Rayquaza|Extreme Speed|p1a: Rayquaza
|-damage|p1a: Rayquaza|0 fnt
|faint|p1a: Rayquaza
|-damage|p2a: Rayquaza|31/100|[from] item: Life Orb
|
|-weather|DeltaStream|[upkeep]
|upkeep
|
|t:|1635685230
|switch|p1a: Ditto|Ditto|100/100
|-transform|p1a: Ditto|p2a: Rayquaza|[from] ability: Imposter
|turn|17
|
|t:|1635685239
|move|p1a: Ditto|Extreme Speed|p2a: Rayquaza
|-damage|p2a: Rayquaza|0 fnt
|faint|p2a: Rayquaza
|
|-weather|DeltaStream|[upkeep]
|upkeep
|
|t:|1635685244
|switch|p2a: Calyrex|Calyrex-Shadow|100/100
|-ability|p2a: Calyrex|As One
|-ability|p2a: Calyrex|Unnerve
|-damage|p2a: Calyrex|88/100|[from] Stealth Rock
|turn|18
|
|t:|1635685251
|-weather|none
|switch|p1a: Yveltal|Yveltal|100/100
|-ability|p1a: Yveltal|Dark Aura
|move|p2a: Calyrex|Astral Barrage|p1a: Yveltal
|-resisted|p1a: Yveltal
|-damage|p1a: Yveltal|61/100
|
|upkeep
|turn|19
|
|t:|1635685262
|move|p2a: Calyrex|Draining Kiss|p1a: Yveltal
|-supereffective|p1a: Yveltal
|-damage|p1a: Yveltal|21/100
|-heal|p2a: Calyrex|100/100|[from] drain|[of] p1a: Yveltal
|move|p1a: Yveltal|Dark Pulse|p2a: Calyrex
|-supereffective|p2a: Calyrex
|-enditem|p2a: Calyrex|Focus Sash
|-damage|p2a: Calyrex|1/100
|
|upkeep
|turn|20
|
|t:|1635685276
|move|p2a: Calyrex|Draining Kiss|p1a: Yveltal
|-supereffective|p1a: Yveltal
|-damage|p1a: Yveltal|0 fnt
|-heal|p2a: Calyrex|19/100|[from] drain|[of] p1a: Yveltal
|faint|p1a: Yveltal
|-ability|p2a: Calyrex|Grim Neigh|boost
|-boost|p2a: Calyrex|spa|1
|
|upkeep
|
|t:|1635685282
|switch|p1a: Ditto|Ditto|100/100
|-transform|p1a: Ditto|p2a: Calyrex|[from] ability: Imposter
|turn|21
|c|☆Xgeniz|gg
|c|☆Xgeniz|wp
|
|t:|1635685289
|move|p1a: Ditto|Astral Barrage|p2a: Calyrex
|-supereffective|p2a: Calyrex
|-damage|p2a: Calyrex|0 fnt
|faint|p2a: Calyrex
|-ability|p1a: Ditto|Grim Neigh|boost
|-boost|p1a: Ditto|spa|1
|
|upkeep
|c|☆RUiNtheExtinct|gg
|
|t:|1635685296
|switch|p2a: Ditto|Ditto|88/100
|-damage|p2a: Ditto|76/100|[from] Stealth Rock
|turn|22
|
|t:|1635685301
|-start|p1a: Ditto|Dynamax
|-heal|p1a: Ditto|100/100|[silent]
|move|p1a: Ditto|Max Starfall|p2a: Ditto
|-damage|p2a: Ditto|0 fnt
|-fieldstart|move: Misty Terrain
|faint|p2a: Ditto
|
|win|Xgeniz
|raw|Xgeniz's rating: 1543 &rarr; <strong>1575</strong><br />(+32 for winning)
|raw|RUiNtheExtinct's rating: 1794 &rarr; <strong>1762</strong><br />(-32 for losing)
|l|☆RUiNtheExtinct
