|j|☆Aurora guy
|j|☆09-10a
|t:|1652773458
|gametype|singles
|player|p1|Aurora guy|gambler|1692
|player|p2|09-10a|schoolkid-gen4dp|1913
|teamsize|p1|6
|teamsize|p2|6
|gen|8
|tier|[Gen 8] National Dex AG
|rated|
|rule|HP Percentage Mod: HP is shown in percentages
|rule|Endless Battle Clause: Forcing endless battles is banned
|clearpoke
|poke|p1|Arceus-*|
|poke|p1|Thundurus, M|
|poke|p1|Ditto|
|poke|p1|Xerneas-*|
|poke|p1|Yveltal|
|poke|p1|Zygarde|
|poke|p2|Necrozma-Dusk-Mane|
|poke|p2|Groudon|
|poke|p2|Arceus-*|
|poke|p2|Rayquaza|
|poke|p2|Giratina|
|poke|p2|Tyranitar, F|
|teampreview
|inactive|Battle timer is ON: inactive players will automatically lose when time's up. (requested by 09-10a)
|inactive|Aurora guy also wants the timer to be on.
|
|t:|1652773488
|start
|switch|p1a: zooguard|Zygarde, shiny|100/100
|switch|p2a: Groudon|Groudon|100/100
|detailschange|p2a: Groudon|Groudon-Primal
|-primal|p2a: Groudon
|-weather|DesolateLand|[from] ability: Desolate Land|[of] p2a: Groudon
|turn|1
|
|t:|1652773496
|-weather|none
|switch|p2a: Giratina|Giratina|100/100
|-ability|p2a: Giratina|Pressure
|move|p1a: zooguard|Dragon Dance|p1a: zooguard
|-boost|p1a: zooguard|atk|1
|-boost|p1a: zooguard|spe|1
|
|upkeep
|turn|2
|
|t:|1652773502
|move|p1a: zooguard|Substitute|p1a: zooguard
|-start|p1a: zooguard|Substitute
|-damage|p1a: zooguard|76/100
|move|p2a: Giratina|Will-O-Wisp|p1a: zooguard|[miss]
|-miss|p2a: Giratina|p1a: zooguard
|
|-heal|p1a: zooguard|82/100|[from] item: Leftovers
|upkeep
|turn|3
|
|t:|1652773507
|switch|p2a: Arceus|Arceus-Water|100/100
|move|p1a: zooguard|Glare|p2a: Arceus
|-status|p2a: Arceus|par
|
|-heal|p1a: zooguard|88/100|[from] item: Leftovers
|upkeep
|turn|4
|
|t:|1652773514
|move|p1a: zooguard|Thousand Arrows|p2a: Arceus
|-damage|p2a: Arceus|70/100 par
|move|p2a: Arceus|Ice Beam|p1a: zooguard
|-supereffective|p1a: zooguard
|-end|p1a: zooguard|Substitute
|
|-heal|p1a: zooguard|94/100|[from] item: Leftovers
|upkeep
|turn|5
|
|t:|1652773528
|move|p1a: zooguard|Substitute|p1a: zooguard
|-start|p1a: zooguard|Substitute
|-damage|p1a: zooguard|69/100
|cant|p2a: Arceus|par
|
|-heal|p1a: zooguard|75/100|[from] item: Leftovers
|upkeep
|turn|6
|
|t:|1652773533
|move|p1a: zooguard|Dragon Dance|p1a: zooguard
|-boost|p1a: zooguard|atk|1
|-boost|p1a: zooguard|spe|1
|move|p2a: Arceus|Recover|p2a: Arceus
|-heal|p2a: Arceus|100/100 par
|
|-heal|p1a: zooguard|81/100|[from] item: Leftovers
|upkeep
|turn|7
|
|t:|1652773540
|move|p1a: zooguard|Dragon Dance|p1a: zooguard
|-boost|p1a: zooguard|atk|1
|-boost|p1a: zooguard|spe|1
|cant|p2a: Arceus|par
|
|-heal|p1a: zooguard|87/100|[from] item: Leftovers
|upkeep
|turn|8
|
|t:|1652773543
|move|p1a: zooguard|Thousand Arrows|p2a: Arceus
|-damage|p2a: Arceus|57/100 par
|cant|p2a: Arceus|par
|
|-heal|p1a: zooguard|93/100|[from] item: Leftovers
|upkeep
|turn|9
|
|t:|1652773549
|move|p1a: zooguard|Thousand Arrows|p2a: Arceus
|-damage|p2a: Arceus|6/100 par
|cant|p2a: Arceus|par
|
|-heal|p1a: zooguard|99/100|[from] item: Leftovers
|upkeep
|turn|10
|-message|09-10a forfeited.
|
|win|Aurora guy
|raw|Aurora guy's rating: 1692 &rarr; <strong>1723</strong><br />(+31 for winning)
|raw|09-10a's rating: 1913 &rarr; <strong>1882</strong><br />(-31 for losing)
|l|☆09-10a
|c|☆Aurora guy|man
|c|☆Aurora guy|i feel bad for him
