|j|☆Matsui_Miyako
|j|☆G1lusterpurge
|t:|1661263964
|gametype|singles
|player|p1|Matsui_Miyako|steven-masters2|1486
|player|p2|G1lusterpurge|cynthia-masters|1511
|teamsize|p1|6
|teamsize|p2|6
|gen|8
|tier|[Gen 8] National Dex AG
|rated|
|rule|HP Percentage Mod: HP is shown in percentages
|rule|Endless Battle Clause: Forcing endless battles is banned
|clearpoke
|poke|p1|Arceus-*|
|poke|p1|Kyogre|
|poke|p1|Groudon|
|poke|p1|Crawdaunt, M|
|poke|p1|Victini|
|poke|p1|Slurpuff, M|
|poke|p2|Excadrill, F|
|poke|p2|Ho-Oh|
|poke|p2|Calyrex-Shadow|
|poke|p2|Xerneas-*|
|poke|p2|Arceus-*|
|poke|p2|Necrozma-Dusk-Mane|
|teampreview
|inactive|Battle timer is ON: inactive players will automatically lose when time's up. (requested by G1lusterpurge)
|
|t:|1661263993
|start
|switch|p1a: Slurpuff|Slurpuff, M|100/100
|switch|p2a: Excadrill|Excadrill, F|100/100
|-ability|p2a: Excadrill|Mold Breaker
|turn|1
|
|t:|1661264002
|move|p1a: Slurpuff|Magic Coat|p1a: Slurpuff
|-singleturn|p1a: Slurpuff|move: Magic Coat
|move|p2a: Excadrill|Rapid Spin|p1a: Slurpuff
|-damage|p1a: Slurpuff|71/100
|-boost|p2a: Excadrill|spe|1
|
|upkeep
|turn|2
|
|t:|1661264008
|move|p2a: Excadrill|Earthquake|p1a: Slurpuff
|-damage|p1a: Slurpuff|0 fnt
|faint|p1a: Slurpuff
|
|upkeep
|
|t:|1661264015
|switch|p1a: no speed...|Arceus|100/100
|turn|3
|
|t:|1661264018
|move|p2a: Excadrill|Stealth Rock|p1a: no speed...
|-sidestart|p1: Matsui_Miyako|move: Stealth Rock
|move|p1a: no speed...|Earthquake|p2a: Excadrill
|-supereffective|p2a: Excadrill
|-enditem|p2a: Excadrill|Focus Sash
|-damage|p2a: Excadrill|1/100
|
|upkeep
|turn|4
|
|t:|1661264021
|move|p2a: Excadrill|Earthquake|p1a: no speed...
|-damage|p1a: no speed...|62/100
|move|p1a: no speed...|Swords Dance|p1a: no speed...
|-boost|p1a: no speed...|atk|2
|
|-heal|p1a: no speed...|68/100|[from] item: Leftovers
|upkeep
|turn|5
|
|t:|1661264024
|move|p1a: no speed...|Extreme Speed|p2a: Excadrill
|-resisted|p2a: Excadrill
|-damage|p2a: Excadrill|0 fnt
|faint|p2a: Excadrill
|
|-heal|p1a: no speed...|74/100|[from] item: Leftovers
|upkeep
|
|t:|1661264031
|switch|p2a: Necrozma|Necrozma-Dusk-Mane|100/100
|turn|6
|c|☆Matsui_Miyako|lol ilost 2 u b4 didnt i
|
|t:|1661264034
|detailschange|p2a: Necrozma|Necrozma-Ultra
|-burst|p2a: Necrozma|Necrozma|Ultranecrozium Z
|move|p2a: Necrozma|Photon Geyser|p1a: no speed...
|-crit|p1a: no speed...
|-damage|p1a: no speed...|0 fnt
|faint|p1a: no speed...
|
|upkeep
|
|t:|1661264052
|switch|p1a: Groudon|Groudon|100/100
|-damage|p1a: Groudon|94/100|[from] Stealth Rock
|-weather|SunnyDay|[from] ability: Drought|[of] p1a: Groudon
|turn|7
|
|t:|1661264056
|move|p2a: Necrozma|Dragon Dance|p2a: Necrozma
|-boost|p2a: Necrozma|atk|1
|-boost|p2a: Necrozma|spe|1
|move|p1a: Groudon|Swords Dance|p1a: Groudon
|-boost|p1a: Groudon|atk|2
|
|-weather|SunnyDay|[upkeep]
|-heal|p1a: Groudon|100/100|[from] item: Leftovers
|upkeep
|turn|8
|
|t:|1661264059
|-start|p1a: Groudon|Dynamax|
|-heal|p1a: Groudon|100/100|[silent]
|-zpower|p2a: Necrozma
|move|p2a: Necrozma|Light That Burns the Sky|p1a: Groudon|[zeffect]
|-damage|p1a: Groudon|29/100
|move|p1a: Groudon|Max Airstream|p2a: Necrozma
|-damage|p2a: Necrozma|6/100
|-boost|p1a: Groudon|spe|1
|
|-weather|SunnyDay|[upkeep]
|-heal|p1a: Groudon|32/100|[from] item: Leftovers
|upkeep
|turn|9
|
|t:|1661264069
|move|p2a: Necrozma|Photon Geyser|p1a: Groudon
|-damage|p1a: Groudon|0 fnt
|faint|p1a: Groudon
|
|-weather|SunnyDay|[upkeep]
|upkeep
|
|t:|1661264075
|switch|p1a: Crawdaunt|Crawdaunt, M|100/100
|-damage|p1a: Crawdaunt|88/100|[from] Stealth Rock
|turn|10
|c|☆Matsui_Miyako|wth
|
|t:|1661264081
|move|p1a: Crawdaunt|Aqua Jet|p2a: Necrozma
|-resisted|p2a: Necrozma
|-damage|p2a: Necrozma|0 fnt
|faint|p2a: Necrozma
|
|-weather|SunnyDay|[upkeep]
|upkeep
|
|t:|1661264084
|switch|p2a: Xerneas|Xerneas|100/100
|-ability|p2a: Xerneas|Fairy Aura
|turn|11
|
|t:|1661264087
|move|p1a: Crawdaunt|Aqua Jet|p2a: Xerneas
|-damage|p2a: Xerneas|85/100
|move|p2a: Xerneas|Geomancy||[still]
|-prepare|p2a: Xerneas|Geomancy
|-enditem|p2a: Xerneas|Power Herb
|-anim|p2a: Xerneas|Geomancy|p2a: Xerneas
|-boost|p2a: Xerneas|spa|2
|-boost|p2a: Xerneas|spd|2
|-boost|p2a: Xerneas|spe|2
|
|-weather|none
|upkeep
|turn|12
|
|t:|1661264093
|move|p1a: Crawdaunt|Aqua Jet|p2a: Xerneas
|-damage|p2a: Xerneas|49/100
|move|p2a: Xerneas|Moonblast|p1a: Crawdaunt
|-supereffective|p1a: Crawdaunt
|-damage|p1a: Crawdaunt|0 fnt
|faint|p1a: Crawdaunt
|
|upkeep
|
|t:|1661264099
|switch|p1a: Kyogre|Kyogre|100/100
|-damage|p1a: Kyogre|88/100|[from] Stealth Rock
|-weather|RainDance|[from] ability: Drizzle|[of] p1a: Kyogre
|turn|13
|l|☆G1lusterpurge
|inactive|G1lusterpurge disconnected and has a minute to reconnect!
|player|p2|
|c|☆Matsui_Miyako|ggs
|j|☆G1lusterpurge
|inactive|G1lusterpurge reconnected and has 135 seconds left.
|player|p2|G1lusterpurge|cynthia-masters
|
|t:|1661264122
|move|p2a: Xerneas|Moonblast|p1a: Kyogre
|-damage|p1a: Kyogre|0 fnt
|faint|p1a: Kyogre
|
|-weather|RainDance|[upkeep]
|upkeep
|
|t:|1661264127
|switch|p1a: Victini|Victini|100/100
|-damage|p1a: Victini|75/100|[from] Stealth Rock
|turn|14
|
|t:|1661264133
|move|p1a: Victini|Final Gambit|p2a: Xerneas
|-damage|p2a: Xerneas|0 fnt
|faint|p1a: Victini
|faint|p2a: Xerneas
|
|win|G1lusterpurge
|raw|Matsui_Miyako's rating: 1486 &rarr; <strong>1467</strong><br />(-19 for losing)
|raw|G1lusterpurge's rating: 1511 &rarr; <strong>1530</strong><br />(+19 for winning)
