|j|☆Kingsalim23
|j|☆DarkboiJ
|t:|1668344104
|gametype|singles
|player|p1|Kingsalim23|265|1610
|player|p2|DarkboiJ|blue-gen3two|1929
|teamsize|p1|6
|teamsize|p2|6
|gen|8
|tier|[Gen 8] National Dex AG
|rated|
|rule|HP Percentage Mod: HP is shown in percentages
|rule|Endless Battle Clause: Forcing endless battles is banned
|clearpoke
|poke|p1|Yveltal|
|poke|p1|Marshadow|
|poke|p1|Groudon|
|poke|p1|Ditto|
|poke|p1|Zamazenta-*|
|poke|p1|Necrozma-Dusk-Mane|
|poke|p2|Darkrai|
|poke|p2|Arceus-*|
|poke|p2|Kyogre|
|poke|p2|Ditto|
|poke|p2|Zapdos|
|poke|p2|Arceus-*|
|teampreview
|inactive|Battle timer is ON: inactive players will automatically lose when time's up. (requested by DarkboiJ)
|
|t:|1668344112
|start
|switch|p1a: Groudon|Groudon|100/100
|switch|p2a: Arceus|Arceus-Fairy|100/100
|-weather|SunnyDay|[from] ability: Drought|[of] p1a: Groudon
|turn|1
|
|t:|1668344121
|switch|p2a: Kyogre|Kyogre|100/100
|detailschange|p2a: Kyogre|Kyogre-Primal
|-primal|p2a: Kyogre
|-weather|PrimordialSea|[from] ability: Primordial Sea|[of] p2a: Kyogre
|move|p1a: Groudon|Swords Dance|p1a: Groudon
|-boost|p1a: Groudon|atk|2
|
|-weather|PrimordialSea|[upkeep]
|upkeep
|turn|2
|
|t:|1668344130
|-start|p1a: Groudon|Dynamax|
|-heal|p1a: Groudon|100/100|[silent]
|move|p2a: Kyogre|Water Spout|p1a: Groudon
|-supereffective|p1a: Groudon
|-damage|p1a: Groudon|0 fnt
|faint|p1a: Groudon
|
|-weather|PrimordialSea|[upkeep]
|upkeep
|
|t:|1668344139
|switch|p1a: Yveltal|Yveltal|100/100
|-ability|p1a: Yveltal|Dark Aura
|turn|3
|
|t:|1668344143
|-weather|none
|switch|p2a: Arceus|Arceus-Fairy|100/100
|move|p1a: Yveltal|Sucker Punch||[still]
|-fail|p1a: Yveltal
|
|upkeep
|turn|4
|
|t:|1668344150
|switch|p1a: Necrozma|Necrozma-Dusk-Mane|100/100
|move|p2a: Arceus|Stealth Rock|p1a: Necrozma
|-sidestart|p1: Kingsalim23|move: Stealth Rock
|
|upkeep
|turn|5
|
|t:|1668344156
|switch|p2a: Kyogre|Kyogre-Primal|100/100
|-weather|PrimordialSea|[from] ability: Primordial Sea|[of] p2a: Kyogre
|move|p1a: Necrozma|Dragon Dance|p1a: Necrozma
|-boost|p1a: Necrozma|atk|1
|-boost|p1a: Necrozma|spe|1
|
|-weather|PrimordialSea|[upkeep]
|upkeep
|turn|6
|
|t:|1668344166
|move|p1a: Necrozma|Earthquake|p2a: Kyogre
|-damage|p2a: Kyogre|39/100
|move|p2a: Kyogre|Ice Beam|p1a: Necrozma
|-resisted|p1a: Necrozma
|-damage|p1a: Necrozma|84/100
|
|-weather|PrimordialSea|[upkeep]
|upkeep
|turn|7
|
|t:|1668344174
|move|p1a: Necrozma|Earthquake|p2a: Kyogre
|-damage|p2a: Kyogre|0 fnt
|faint|p2a: Kyogre
|-weather|none
|
|upkeep
|
|t:|1668344177
|switch|p2a: Ditto|Ditto, shiny|100/100
|-transform|p2a: Ditto|p1a: Necrozma|[from] ability: Imposter
|turn|8
|
|t:|1668344187
|switch|p2a: Zapdos|Zapdos|100/100
|switch|p1a: Yveltal|Yveltal|100/100
|-ability|p1a: Yveltal|Dark Aura
|
|upkeep
|turn|9
|
|t:|1668344195
|move|p1a: Yveltal|Knock Off|p2a: Zapdos
|-damage|p2a: Zapdos|52/100
|-enditem|p2a: Zapdos|Heavy-Duty Boots|[from] move: Knock Off|[of] p1a: Yveltal
|move|p2a: Zapdos|Volt Switch|p1a: Yveltal
|-supereffective|p1a: Yveltal
|-damage|p1a: Yveltal|50/100
|
|t:|1668344204
|switch|p2a: Darkrai|Darkrai|100/100|[from]move: Volt Switch
|
|upkeep
|turn|10
|
|t:|1668344208
|move|p2a: Darkrai|Hypnosis|p1a: Yveltal
|-status|p1a: Yveltal|slp|[from] move: Hypnosis
|cant|p1a: Yveltal|slp
|
|-damage|p1a: Yveltal|37/100 slp|[from] ability: Bad Dreams|[of] p2a: Darkrai
|upkeep
|turn|11
|
|t:|1668344216
|move|p2a: Darkrai|Substitute|p2a: Darkrai
|-start|p2a: Darkrai|Substitute
|-damage|p2a: Darkrai|76/100
|cant|p1a: Yveltal|slp
|
|-heal|p2a: Darkrai|82/100|[from] item: Leftovers
|-damage|p1a: Yveltal|25/100 slp|[from] ability: Bad Dreams|[of] p2a: Darkrai
|upkeep
|turn|12
|
|t:|1668344224
|move|p2a: Darkrai|Dark Pulse|p1a: Yveltal
|-resisted|p1a: Yveltal
|-damage|p1a: Yveltal|0 fnt
|faint|p1a: Yveltal
|
|-heal|p2a: Darkrai|88/100|[from] item: Leftovers
|upkeep
|
|t:|1668344232
|switch|p1a: Zamazenta|Zamazenta-Crowned|100/100
|-damage|p1a: Zamazenta|97/100|[from] Stealth Rock
|-ability|p1a: Zamazenta|Dauntless Shield|boost
|-boost|p1a: Zamazenta|def|1
|turn|13
|
|t:|1668344237
|move|p2a: Darkrai|Hypnosis|p1a: Zamazenta|[miss]
|-miss|p2a: Darkrai|p1a: Zamazenta
|move|p1a: Zamazenta|Substitute|p1a: Zamazenta
|-start|p1a: Zamazenta|Substitute
|-damage|p1a: Zamazenta|72/100
|
|-heal|p2a: Darkrai|94/100|[from] item: Leftovers
|upkeep
|turn|14
|
|t:|1668344247
|move|p2a: Darkrai|Dark Pulse|p1a: Zamazenta
|-resisted|p1a: Zamazenta
|-activate|p1a: Zamazenta|move: Substitute|[damage]
|move|p1a: Zamazenta|Behemoth Bash|p2a: Darkrai
|-end|p2a: Darkrai|Substitute
|
|-heal|p2a: Darkrai|99/100|[from] item: Leftovers
|upkeep
|turn|15
|
|t:|1668344270
|move|p2a: Darkrai|Dark Pulse|p1a: Zamazenta
|-resisted|p1a: Zamazenta
|-end|p1a: Zamazenta|Substitute
|move|p1a: Zamazenta|Behemoth Bash|p2a: Darkrai
|-damage|p2a: Darkrai|30/100
|
|-heal|p2a: Darkrai|36/100|[from] item: Leftovers
|upkeep
|turn|16
|
|t:|1668344281
|move|p2a: Darkrai|Hypnosis|p1a: Zamazenta
|-status|p1a: Zamazenta|slp|[from] move: Hypnosis
|cant|p1a: Zamazenta|slp
|
|-heal|p2a: Darkrai|42/100|[from] item: Leftovers
|-damage|p1a: Zamazenta|60/100 slp|[from] ability: Bad Dreams|[of] p2a: Darkrai
|upkeep
|turn|17
|
|t:|1668344290
|move|p2a: Darkrai|Substitute|p2a: Darkrai
|-start|p2a: Darkrai|Substitute
|-damage|p2a: Darkrai|17/100
|-curestatus|p1a: Zamazenta|slp|[msg]
|move|p1a: Zamazenta|Behemoth Bash|p2a: Darkrai
|-end|p2a: Darkrai|Substitute
|
|-heal|p2a: Darkrai|23/100|[from] item: Leftovers
|upkeep
|turn|18
|
|t:|1668344300
|switch|p2a: Zapdos|Zapdos|52/100
|move|p1a: Zamazenta|Behemoth Bash|p2a: Zapdos
|-resisted|p2a: Zapdos
|-crit|p2a: Zapdos
|-damage|p2a: Zapdos|24/100
|-status|p1a: Zamazenta|par|[from] ability: Static|[of] p2a: Zapdos
|
|upkeep
|turn|19
|
|t:|1668344308
|move|p2a: Zapdos|Roost|p2a: Zapdos
|-heal|p2a: Zapdos|74/100
|-singleturn|p2a: Zapdos|move: Roost
|move|p1a: Zamazenta|Substitute|p1a: Zamazenta
|-start|p1a: Zamazenta|Substitute
|-damage|p1a: Zamazenta|35/100 par
|
|upkeep
|turn|20
|
|t:|1668344316
|move|p2a: Zapdos|Heat Wave|p1a: Zamazenta
|-supereffective|p1a: Zamazenta
|-end|p1a: Zamazenta|Substitute
|move|p1a: Zamazenta|Fire Fang|p2a: Zapdos
|-damage|p2a: Zapdos|57/100
|
|upkeep
|turn|21
|
|t:|1668344323
|move|p2a: Zapdos|Volt Switch|p1a: Zamazenta
|-damage|p1a: Zamazenta|15/100 par
|
|t:|1668344326
|switch|p2a: Ditto|Ditto, shiny|100/100|[from]move: Volt Switch
|-transform|p2a: Ditto|p1a: Zamazenta|[from] ability: Imposter
|-ability|p2a: Ditto|Dauntless Shield|boost
|-boost|p2a: Ditto|def|1
|move|p1a: Zamazenta|Fire Fang|p2a: Ditto
|-supereffective|p2a: Ditto
|-damage|p2a: Ditto|82/100
|
|upkeep
|turn|22
|
|t:|1668344336
|move|p2a: Ditto|Fire Fang|p1a: Zamazenta
|-supereffective|p1a: Zamazenta
|-damage|p1a: Zamazenta|0 fnt
|faint|p1a: Zamazenta
|
|upkeep
|
|t:|1668344348
|switch|p1a: Marshadow|Marshadow|100/100
|-damage|p1a: Marshadow|94/100|[from] Stealth Rock
|turn|23
|
|t:|1668344354
|switch|p2a: Arceus|Arceus-Fairy|100/100
|move|p1a: Marshadow|Spectral Thief|p2a: Arceus
|-crit|p2a: Arceus
|-damage|p2a: Arceus|55/100
|
|upkeep
|turn|24
|
|t:|1668344362
|switch|p1a: Necrozma|Necrozma-Dusk-Mane|84/100
|-damage|p1a: Necrozma|78/100|[from] Stealth Rock
|move|p2a: Arceus|Judgment|p1a: Necrozma
|-resisted|p1a: Necrozma
|-damage|p1a: Necrozma|59/100
|
|upkeep
|turn|25
|
|t:|1668344371
|move|p1a: Necrozma|Dragon Dance|p1a: Necrozma
|-boost|p1a: Necrozma|atk|1
|-boost|p1a: Necrozma|spe|1
|move|p2a: Arceus|Judgment|p1a: Necrozma
|-resisted|p1a: Necrozma
|-damage|p1a: Necrozma|38/100
|
|upkeep
|turn|26
|
|t:|1668344380
|switch|p2a: Zapdos|Zapdos|57/100
|move|p1a: Necrozma|Sunsteel Strike|p2a: Zapdos
|-resisted|p2a: Zapdos
|-damage|p2a: Zapdos|31/100
|
|upkeep
|turn|27
|
|t:|1668344393
|move|p1a: Necrozma|Stored Power|p2a: Zapdos
|-damage|p2a: Zapdos|9/100
|move|p2a: Zapdos|Roost|p2a: Zapdos
|-heal|p2a: Zapdos|59/100
|-singleturn|p2a: Zapdos|move: Roost
|
|upkeep
|turn|28
|
|t:|1668344402
|move|p1a: Necrozma|Dragon Dance|p1a: Necrozma
|-boost|p1a: Necrozma|atk|1
|-boost|p1a: Necrozma|spe|1
|move|p2a: Zapdos|Volt Switch|p1a: Necrozma
|-damage|p1a: Necrozma|11/100
|
|t:|1668344406
|switch|p2a: Ditto|Ditto, shiny|82/100|[from]move: Volt Switch
|-transform|p2a: Ditto|p1a: Necrozma|[from] ability: Imposter
|
|upkeep
|turn|29
|
|t:|1668344414
|move|p2a: Ditto|Earthquake|p1a: Necrozma
|-supereffective|p1a: Necrozma
|-damage|p1a: Necrozma|0 fnt
|faint|p1a: Necrozma
|
|upkeep
|-message|Kingsalim23 forfeited.
|
|win|DarkboiJ
|raw|Kingsalim23's rating: 1610 &rarr; <strong>1605</strong><br />(-5 for losing)
|raw|DarkboiJ's rating: 1929 &rarr; <strong>1934</strong><br />(+5 for winning)
|l|☆Kingsalim23
