|j|☆Pedddroca
|j|☆arthurious
|t:|1618526846
|gametype|singles
|player|p1|Pedddroca|169|1341
|player|p2|arthurious|102|1314
|teamsize|p1|6
|teamsize|p2|6
|gen|8
|tier|[Gen 8] National Dex AG
|rated|
|clearpoke
|poke|p1|Yveltal|
|poke|p1|Dragonite, M|
|poke|p1|Shuckle, M|
|poke|p1|Xurkitree|
|poke|p1|Blaziken, M|
|poke|p1|Manaphy|
|poke|p2|Torkoal, M|
|poke|p2|Venusaur, F|
|poke|p2|Alomomola, M|
|poke|p2|Gliscor, M|
|poke|p2|Tyranitar, F|
|poke|p2|Pidgeot, M|
|rule|HP Percentage Mod: HP is shown in percentages
|rule|Endless Battle Clause: Forcing endless battles is banned
|teampreview
|
|t:|1618526850
|start
|switch|p1a: Xurkitree|Xurkitree|100/100
|switch|p2a: Heatah Faijita|Torkoal, M|100/100
|-weather|SunnyDay|[from] ability: Drought|[of] p2a: Heatah Faijita
|turn|1
|
|t:|1618526864
|-zpower|p1a: Xurkitree
|move|p1a: Xurkitree|Z-Hypnosis|p2a: Heatah Faijita|[anim]Hypnosis
|-boost|p1a: Xurkitree|spe|1|[zeffect]
|-status|p2a: Heatah Faijita|slp|[from] move: Hypnosis
|cant|p2a: Heatah Faijita|slp
|
|-weather|SunnyDay|[upkeep]
|upkeep
|turn|2
|
|t:|1618526872
|switch|p2a: BUY THE MERCH|Venusaur, F|100/100
|move|p1a: Xurkitree|Thunderbolt|p2a: BUY THE MERCH
|-resisted|p2a: BUY THE MERCH
|-damage|p2a: BUY THE MERCH|68/100
|
|-weather|SunnyDay|[upkeep]
|upkeep
|turn|3
|
|t:|1618526880
|-zpower|p2a: BUY THE MERCH
|move|p2a: BUY THE MERCH|Acid Downpour|p1a: Xurkitree|[zeffect]
|-damage|p1a: Xurkitree|0 fnt
|faint|p1a: Xurkitree
|
|-weather|SunnyDay|[upkeep]
|upkeep
|
|t:|1618526892
|switch|p1a: Dragonite|Dragonite, M|100/100
|turn|4
|
|t:|1618526896
|move|p2a: BUY THE MERCH|Weather Ball|p1a: Dragonite
|-resisted|p1a: Dragonite
|-damage|p1a: Dragonite|89/100
|move|p1a: Dragonite|Dual Wingbeat|p2a: BUY THE MERCH
|-supereffective|p2a: BUY THE MERCH
|-damage|p2a: BUY THE MERCH|0 fnt
|-hitcount|p2a: BUY THE MERCH|1
|faint|p2a: BUY THE MERCH
|
|-weather|SunnyDay|[upkeep]
|upkeep
|
|t:|1618526912
|switch|p2a: 3 THOUSAND LIKE|Alomomola, M|100/100
|turn|5
|
|t:|1618526919
|move|p1a: Dragonite|Dual Wingbeat|p2a: 3 THOUSAND LIKE
|-damage|p2a: 3 THOUSAND LIKE|86/100
|-damage|p2a: 3 THOUSAND LIKE|71/100
|-hitcount|p2a: 3 THOUSAND LIKE|2
|move|p2a: 3 THOUSAND LIKE|Toxic|p1a: Dragonite
|-status|p1a: Dragonite|tox
|
|-weather|SunnyDay|[upkeep]
|-heal|p2a: 3 THOUSAND LIKE|77/100|[from] item: Leftovers
|-damage|p1a: Dragonite|83/100 tox|[from] psn
|upkeep
|turn|6
|
|t:|1618526929
|move|p1a: Dragonite|Dual Wingbeat|p2a: 3 THOUSAND LIKE
|-damage|p2a: 3 THOUSAND LIKE|62/100
|-damage|p2a: 3 THOUSAND LIKE|47/100
|-hitcount|p2a: 3 THOUSAND LIKE|2
|move|p2a: 3 THOUSAND LIKE|Wish|p2a: 3 THOUSAND LIKE
|
|-weather|SunnyDay|[upkeep]
|-heal|p2a: 3 THOUSAND LIKE|53/100|[from] item: Leftovers
|-damage|p1a: Dragonite|70/100 tox|[from] psn
|upkeep
|turn|7
|
|t:|1618526937
|switch|p1a: Yveltal|Yveltal|100/100
|-ability|p1a: Yveltal|Dark Aura
|move|p2a: 3 THOUSAND LIKE|Protect||[still]
|-fail|p2a: 3 THOUSAND LIKE
|
|-weather|SunnyDay|[upkeep]
|-heal|p2a: 3 THOUSAND LIKE|100/100|[from] move: Wish|[wisher] 3 THOUSAND LIKE
|upkeep
|turn|8
|
|t:|1618526947
|move|p1a: Yveltal|Dark Pulse|p2a: 3 THOUSAND LIKE
|-damage|p2a: 3 THOUSAND LIKE|32/100
|-damage|p1a: Yveltal|91/100|[from] item: Life Orb
|move|p2a: 3 THOUSAND LIKE|Toxic|p1a: Yveltal
|-status|p1a: Yveltal|tox
|
|-weather|none
|-heal|p2a: 3 THOUSAND LIKE|39/100|[from] item: Leftovers
|-damage|p1a: Yveltal|84/100 tox|[from] psn
|upkeep
|turn|9
|
|t:|1618526957
|move|p2a: 3 THOUSAND LIKE|Protect|p2a: 3 THOUSAND LIKE
|-singleturn|p2a: 3 THOUSAND LIKE|Protect
|move|p1a: Yveltal|Oblivion Wing|p2a: 3 THOUSAND LIKE
|-activate|p2a: 3 THOUSAND LIKE|move: Protect
|
|-heal|p2a: 3 THOUSAND LIKE|45/100|[from] item: Leftovers
|-damage|p1a: Yveltal|72/100 tox|[from] psn
|upkeep
|turn|10
|
|t:|1618526967
|switch|p2a: Heatah Faijita|Torkoal, M|100/100 slp
|-weather|SunnyDay|[from] ability: Drought|[of] p2a: Heatah Faijita
|move|p1a: Yveltal|Oblivion Wing|p2a: Heatah Faijita
|-damage|p2a: Heatah Faijita|34/100 slp
|-heal|p1a: Yveltal|100/100 tox|[from] drain|[of] p2a: Heatah Faijita
|-damage|p1a: Yveltal|91/100 tox|[from] item: Life Orb
|
|-weather|SunnyDay|[upkeep]
|-damage|p1a: Yveltal|72/100 tox|[from] psn
|upkeep
|turn|11
|
|t:|1618526982
|move|p1a: Yveltal|Dark Pulse|p2a: Heatah Faijita
|-damage|p2a: Heatah Faijita|0 fnt
|-damage|p1a: Yveltal|62/100 tox|[from] item: Life Orb
|faint|p2a: Heatah Faijita
|
|-weather|SunnyDay|[upkeep]
|-damage|p1a: Yveltal|38/100 tox|[from] psn
|upkeep
|
|t:|1618526988
|switch|p2a: 3 THOUSAND LIKE|Alomomola, M|78/100
|turn|12
|
|t:|1618526993
|move|p2a: 3 THOUSAND LIKE|Protect|p2a: 3 THOUSAND LIKE
|-singleturn|p2a: 3 THOUSAND LIKE|Protect
|move|p1a: Yveltal|Oblivion Wing|p2a: 3 THOUSAND LIKE
|-activate|p2a: 3 THOUSAND LIKE|move: Protect
|
|-weather|SunnyDay|[upkeep]
|-heal|p2a: 3 THOUSAND LIKE|84/100|[from] item: Leftovers
|-damage|p1a: Yveltal|7/100 tox|[from] psn
|upkeep
|turn|13
|
|t:|1618527010
|move|p1a: Yveltal|Oblivion Wing|p2a: 3 THOUSAND LIKE
|-damage|p2a: 3 THOUSAND LIKE|36/100
|-heal|p1a: Yveltal|51/100 tox|[from] drain|[of] p2a: 3 THOUSAND LIKE
|-damage|p1a: Yveltal|41/100 tox|[from] item: Life Orb
|move|p2a: 3 THOUSAND LIKE|Wish|p2a: 3 THOUSAND LIKE
|
|-weather|SunnyDay|[upkeep]
|-heal|p2a: 3 THOUSAND LIKE|43/100|[from] item: Leftovers
|-damage|p1a: Yveltal|5/100 tox|[from] psn
|upkeep
|turn|14
|
|t:|1618527021
|move|p2a: 3 THOUSAND LIKE|Protect|p2a: 3 THOUSAND LIKE
|-singleturn|p2a: 3 THOUSAND LIKE|Protect
|move|p1a: Yveltal|Oblivion Wing|p2a: 3 THOUSAND LIKE
|-activate|p2a: 3 THOUSAND LIKE|move: Protect
|
|-weather|SunnyDay|[upkeep]
|-heal|p2a: 3 THOUSAND LIKE|93/100|[from] move: Wish|[wisher] 3 THOUSAND LIKE
|-heal|p2a: 3 THOUSAND LIKE|99/100|[from] item: Leftovers
|-damage|p1a: Yveltal|0 fnt|[from] psn
|faint|p1a: Yveltal
|upkeep
|
|t:|1618527026
|switch|p1a: Shuckle|Shuckle, M|100/100
|turn|15
|
|t:|1618527034
|move|p2a: 3 THOUSAND LIKE|Scald|p1a: Shuckle
|-supereffective|p1a: Shuckle
|-damage|p1a: Shuckle|91/100
|move|p1a: Shuckle|Sticky Web|p2a: 3 THOUSAND LIKE
|-sidestart|p2: arthurious|move: Sticky Web
|
|-weather|SunnyDay|[upkeep]
|-heal|p2a: 3 THOUSAND LIKE|100/100|[from] item: Leftovers
|-heal|p1a: Shuckle|97/100|[from] item: Leftovers
|upkeep
|turn|16
|
|t:|1618527042
|move|p2a: 3 THOUSAND LIKE|Toxic|p1a: Shuckle
|-status|p1a: Shuckle|tox
|move|p1a: Shuckle|Toxic|p2a: 3 THOUSAND LIKE|[miss]
|-miss|p1a: Shuckle|p2a: 3 THOUSAND LIKE
|
|-weather|SunnyDay|[upkeep]
|-heal|p1a: Shuckle|100/100 tox|[from] item: Leftovers
|-damage|p1a: Shuckle|94/100 tox|[from] psn
|upkeep
|turn|17
|
|t:|1618527055
|switch|p2a: AGENCY AGENCY|Gliscor, M|100/100
|move|p1a: Shuckle|Stealth Rock|p2a: AGENCY AGENCY
|-sidestart|p2: arthurious|move: Stealth Rock
|
|-weather|none
|-heal|p1a: Shuckle|100/100 tox|[from] item: Leftovers
|-damage|p1a: Shuckle|88/100 tox|[from] psn
|-status|p2a: AGENCY AGENCY|tox|[from] item: Toxic Orb
|upkeep
|turn|18
|
|t:|1618527065
|move|p2a: AGENCY AGENCY|Defog|p1a: Shuckle
|-unboost|p1a: Shuckle|evasion|1
|-sideend|p2: arthurious|Stealth Rock|[from] move: Defog|[of] p2a: AGENCY AGENCY
|-sideend|p2: arthurious|Sticky Web|[from] move: Defog|[of] p2a: AGENCY AGENCY
|move|p1a: Shuckle|Infestation|p2a: AGENCY AGENCY
|-resisted|p2a: AGENCY AGENCY
|-damage|p2a: AGENCY AGENCY|99/100 tox
|-activate|p2a: AGENCY AGENCY|move: Infestation|[of] p1a: Shuckle
|
|-heal|p1a: Shuckle|94/100 tox|[from] item: Leftovers
|-heal|p2a: AGENCY AGENCY|100/100 tox|[from] ability: Poison Heal
|-damage|p1a: Shuckle|76/100 tox|[from] psn
|-damage|p2a: AGENCY AGENCY|88/100 tox|[from] move: Infestation|[partiallytrapped]
|upkeep
|turn|19
|
|t:|1618527082
|move|p2a: AGENCY AGENCY|Earthquake|p1a: Shuckle
|-damage|p1a: Shuckle|51/100 tox
|move|p1a: Shuckle|Sticky Web|p2a: AGENCY AGENCY
|-sidestart|p2: arthurious|move: Sticky Web
|
|-heal|p1a: Shuckle|57/100 tox|[from] item: Leftovers
|-heal|p2a: AGENCY AGENCY|100/100 tox|[from] ability: Poison Heal
|-damage|p1a: Shuckle|33/100 tox|[from] psn
|-damage|p2a: AGENCY AGENCY|88/100 tox|[from] move: Infestation|[partiallytrapped]
|upkeep
|turn|20
|
|t:|1618527096
|switch|p1a: Manaphy|Manaphy|100/100
|move|p2a: AGENCY AGENCY|Defog|p1a: Manaphy
|-unboost|p1a: Manaphy|evasion|1
|-sideend|p2: arthurious|Sticky Web|[from] move: Defog|[of] p2a: AGENCY AGENCY
|
|-heal|p2a: AGENCY AGENCY|100/100 tox|[from] ability: Poison Heal
|-end|p2a: AGENCY AGENCY|Infestation|[partiallytrapped]|[silent]
|upkeep
|turn|21
|
|t:|1618527106
|switch|p2a: 3 THOUSAND LIKE|Alomomola, M|100/100
|move|p1a: Manaphy|Tail Glow|p1a: Manaphy
|-boost|p1a: Manaphy|spa|3
|
|upkeep
|turn|22
|
|t:|1618527113
|move|p1a: Manaphy|Psychic|p2a: 3 THOUSAND LIKE
|-damage|p2a: 3 THOUSAND LIKE|44/100
|move|p2a: 3 THOUSAND LIKE|Toxic|p1a: Manaphy
|-status|p1a: Manaphy|tox
|
|-heal|p2a: 3 THOUSAND LIKE|51/100|[from] item: Leftovers
|-damage|p1a: Manaphy|94/100 tox|[from] psn
|upkeep
|turn|23
|
|t:|1618527123
|move|p2a: 3 THOUSAND LIKE|Protect|p2a: 3 THOUSAND LIKE
|-singleturn|p2a: 3 THOUSAND LIKE|Protect
|move|p1a: Manaphy|Tail Glow|p1a: Manaphy
|-boost|p1a: Manaphy|spa|3
|
|-heal|p2a: 3 THOUSAND LIKE|57/100|[from] item: Leftovers
|-damage|p1a: Manaphy|82/100 tox|[from] psn
|upkeep
|turn|24
|
|t:|1618527133
|switch|p2a: AGENCY AGENCY|Gliscor, M|100/100 tox
|-start|p1a: Manaphy|Dynamax
|-heal|p1a: Manaphy|82/100 tox|[silent]
|move|p1a: Manaphy|Max Mindstorm|p2a: AGENCY AGENCY
|-damage|p2a: AGENCY AGENCY|0 fnt
|-fieldstart|move: Psychic Terrain
|faint|p2a: AGENCY AGENCY
|
|-damage|p1a: Manaphy|73/100 tox|[from] psn
|upkeep
|
|t:|1618527143
|switch|p2a: 3 THOUSAND LIKE|Alomomola, M|90/100
|turn|25
|
|t:|1618527147
|move|p2a: 3 THOUSAND LIKE|Protect|p2a: 3 THOUSAND LIKE
|-singleturn|p2a: 3 THOUSAND LIKE|Protect
|move|p1a: Manaphy|Max Mindstorm|p2a: 3 THOUSAND LIKE
|-zbroken|p2a: 3 THOUSAND LIKE
|-damage|p2a: 3 THOUSAND LIKE|44/100
|
|-heal|p2a: 3 THOUSAND LIKE|50/100|[from] item: Leftovers
|-damage|p1a: Manaphy|61/100 tox|[from] psn
|upkeep
|turn|26
|
|t:|1618527159
|switch|p2a: Drop A Draco|Tyranitar, F, shiny|100/100
|-weather|Sandstorm|[from] ability: Sand Stream|[of] p2a: Drop A Draco
|move|p1a: Manaphy|Max Geyser|p2a: Drop A Draco
|-supereffective|p2a: Drop A Draco
|-damage|p2a: Drop A Draco|0 fnt
|-weather|RainDance
|faint|p2a: Drop A Draco
|
|-weather|RainDance|[upkeep]
|-activate|p1a: Manaphy|ability: Hydration
|-curestatus|p1a: Manaphy|tox|[msg]
|-end|p1a: Manaphy|Dynamax
|-heal|p1a: Manaphy|61/100|[silent]
|upkeep
|
|t:|1618527171
|switch|p2a: MegaToTheTop|Pidgeot, M|100/100
|turn|27
|
|t:|1618527175
|detailschange|p2a: MegaToTheTop|Pidgeot-Mega, M
|-mega|p2a: MegaToTheTop|Pidgeot|Pidgeotite
|move|p2a: MegaToTheTop|Hurricane|p1a: Manaphy
|-damage|p1a: Manaphy|4/100
|move|p1a: Manaphy|Psychic|p2a: MegaToTheTop
|-damage|p2a: MegaToTheTop|0 fnt
|faint|p2a: MegaToTheTop
|
|-weather|RainDance|[upkeep]
|upkeep
|
|t:|1618527184
|switch|p2a: 3 THOUSAND LIKE|Alomomola, M|83/100
|turn|28
|
|t:|1618527188
|move|p1a: Manaphy|Psychic|p2a: 3 THOUSAND LIKE
|-damage|p2a: 3 THOUSAND LIKE|0 fnt
|faint|p2a: 3 THOUSAND LIKE
|
|win|Pedddroca
|raw|Pedddroca's rating: 1341 &rarr; <strong>1359</strong><br />(+18 for winning)
|raw|arthurious's rating: 1314 &rarr; <strong>1296</strong><br />(-18 for losing)
|l|☆arthurious
