|j|☆yiyi yizi
|j|☆High ladder bros
|t:|1634848419
|gametype|singles
|player|p1|yiyi yizi|hilbert|1417
|player|p2|High ladder bros|steven|1610
|teamsize|p1|6
|teamsize|p2|6
|gen|8
|tier|[Gen 8] National Dex AG
|rated|
|rule|HP Percentage Mod: HP is shown in percentages
|rule|Endless Battle Clause: Forcing endless battles is banned
|clearpoke
|poke|p1|Corsola-Galar, M|
|poke|p1|Aron, L1, F|
|poke|p1|Mew|
|poke|p1|Whimsicott, M|
|poke|p1|Gliscor, F|
|poke|p1|Salazzle, F|
|poke|p2|Xerneas-*|
|poke|p2|Arceus-*|
|poke|p2|Deoxys-Speed|
|poke|p2|Groudon|
|poke|p2|Xerneas-*|
|poke|p2|Arceus-*|
|teampreview
|inactive|Battle timer is ON: inactive players will automatically lose when time's up. (requested by High ladder bros)
|inactive|yiyi yizi also wants the timer to be on.
|
|t:|1634848439
|start
|switch|p1a: Mew|Mew|100/100
|switch|p2a: Deoxys|Deoxys-Speed|100/100
|-ability|p2a: Deoxys|Pressure
|turn|1
|
|t:|1634848447
|move|p1a: Mew|Magic Coat|p1a: Mew
|-singleturn|p1a: Mew|move: Magic Coat
|move|p2a: Deoxys|Taunt|p1a: Mew
|move|p1a: Mew|Taunt|p2a: Deoxys|[from]Magic Coat
|-start|p2a: Deoxys|move: Taunt
|
|upkeep
|turn|2
|
|t:|1634848474
|switch|p2a: Groudon|Groudon, shiny|100/100
|detailschange|p2a: Groudon|Groudon-Primal, shiny
|-primal|p2a: Groudon
|-weather|DesolateLand|[from] ability: Desolate Land|[of] p2a: Groudon
|move|p1a: Mew|Toxic|p2a: Groudon
|-status|p2a: Groudon|tox
|
|-weather|DesolateLand|[upkeep]
|-damage|p2a: Groudon|94/100 tox|[from] psn
|upkeep
|turn|3
|
|t:|1634848485
|move|p1a: Mew|Toxic Spikes|p2a: Groudon
|-sidestart|p2: High ladder bros|move: Toxic Spikes
|move|p2a: Groudon|Rock Tomb|p1a: Mew
|-damage|p1a: Mew|82/100
|-unboost|p1a: Mew|spe|1
|
|-weather|DesolateLand|[upkeep]
|-heal|p1a: Mew|89/100|[from] item: Leftovers
|-damage|p2a: Groudon|82/100 tox|[from] psn
|upkeep
|turn|4
|
|t:|1634848496
|move|p2a: Groudon|Stealth Rock|p1a: Mew
|-sidestart|p1: yiyi yizi|move: Stealth Rock
|move|p1a: Mew|Toxic Spikes|p2a: Groudon
|-sidestart|p2: High ladder bros|move: Toxic Spikes
|
|-weather|DesolateLand|[upkeep]
|-heal|p1a: Mew|95/100|[from] item: Leftovers
|-damage|p2a: Groudon|63/100 tox|[from] psn
|upkeep
|turn|5
|
|t:|1634848505
|switch|p1a: Gliscor|Gliscor, F|100/100
|-damage|p1a: Gliscor|88/100|[from] Stealth Rock
|move|p2a: Groudon|Overheat|p1a: Gliscor
|-damage|p1a: Gliscor|0 fnt
|-unboost|p2a: Groudon|spa|2
|faint|p1a: Gliscor
|
|-weather|DesolateLand|[upkeep]
|-damage|p2a: Groudon|38/100 tox|[from] psn
|upkeep
|
|t:|1634848514
|switch|p1a: Whimsicott|Whimsicott, M, shiny|100/100
|-damage|p1a: Whimsicott|88/100|[from] Stealth Rock
|turn|6
|
|t:|1634848520
|move|p1a: Whimsicott|Protect|p1a: Whimsicott
|-singleturn|p1a: Whimsicott|Protect
|move|p2a: Groudon|Overheat|p1a: Whimsicott
|-activate|p1a: Whimsicott|move: Protect
|
|-weather|DesolateLand|[upkeep]
|-heal|p1a: Whimsicott|94/100|[from] item: Leftovers
|-damage|p2a: Groudon|7/100 tox|[from] psn
|upkeep
|turn|7
|
|t:|1634848529
|move|p1a: Whimsicott|Substitute|p1a: Whimsicott
|-start|p1a: Whimsicott|Substitute
|-damage|p1a: Whimsicott|69/100
|move|p2a: Groudon|Overheat|p1a: Whimsicott
|-supereffective|p1a: Whimsicott
|-end|p1a: Whimsicott|Substitute
|-unboost|p2a: Groudon|spa|2
|
|-weather|DesolateLand|[upkeep]
|-heal|p1a: Whimsicott|75/100|[from] item: Leftovers
|-damage|p2a: Groudon|0 fnt|[from] psn
|faint|p2a: Groudon
|-weather|none
|upkeep
|
|t:|1634848547
|switch|p2a: Deoxys|Deoxys-Speed|100/100
|-status|p2a: Deoxys|tox
|-ability|p2a: Deoxys|Pressure
|turn|8
|
|t:|1634848556
|move|p1a: Whimsicott|Protect|p1a: Whimsicott
|-singleturn|p1a: Whimsicott|Protect
|move|p2a: Deoxys|Taunt|p1a: Whimsicott
|-activate|p1a: Whimsicott|move: Protect
|
|-heal|p1a: Whimsicott|82/100|[from] item: Leftovers
|-damage|p2a: Deoxys|95/100 tox|[from] psn
|upkeep
|turn|9
|
|t:|1634848566
|move|p1a: Whimsicott|Encore|p2a: Deoxys
|-start|p2a: Deoxys|Encore
|move|p2a: Deoxys|Taunt|p1a: Whimsicott
|-start|p1a: Whimsicott|move: Taunt
|
|-heal|p1a: Whimsicott|88/100|[from] item: Leftovers
|-damage|p2a: Deoxys|83/100 tox|[from] psn
|upkeep
|turn|10
|
|t:|1634848582
|switch|p2a: Arceus|Arceus-Fairy, shiny|100/100
|-status|p2a: Arceus|tox
|switch|p1a: Aron|Aron, L1, F, shiny|100/100
|-damage|p1a: Aron|92/100|[from] Stealth Rock
|
|-damage|p2a: Arceus|94/100 tox|[from] psn
|upkeep
|turn|11
|
|t:|1634848593
|move|p1a: Aron|Protect|p1a: Aron
|-singleturn|p1a: Aron|Protect
|move|p2a: Arceus|Judgment|p1a: Aron
|-activate|p1a: Aron|move: Protect
|
|-damage|p2a: Arceus|82/100 tox|[from] psn
|upkeep
|turn|12
|
|t:|1634848603
|switch|p1a: Mew|Mew|95/100
|-damage|p1a: Mew|82/100|[from] Stealth Rock
|move|p2a: Arceus|Refresh|p2a: Arceus
|-curestatus|p2a: Arceus|tox|[msg]
|
|-heal|p1a: Mew|89/100|[from] item: Leftovers
|upkeep
|turn|13
|
|t:|1634848613
|move|p1a: Mew|Roost|p1a: Mew
|-heal|p1a: Mew|100/100
|-singleturn|p1a: Mew|move: Roost
|move|p2a: Arceus|Judgment|p1a: Mew
|-damage|p1a: Mew|59/100
|
|-heal|p1a: Mew|66/100|[from] item: Leftovers
|upkeep
|turn|14
|
|t:|1634848623
|move|p1a: Mew|Toxic|p2a: Arceus
|-status|p2a: Arceus|tox
|move|p2a: Arceus|Judgment|p1a: Mew
|-damage|p1a: Mew|23/100
|
|-heal|p1a: Mew|29/100|[from] item: Leftovers
|-damage|p2a: Arceus|76/100 tox|[from] psn
|upkeep
|turn|15
|
|t:|1634848634
|move|p1a: Mew|Roost|p1a: Mew
|-heal|p1a: Mew|79/100
|-singleturn|p1a: Mew|move: Roost
|move|p2a: Arceus|Refresh|p2a: Arceus
|-curestatus|p2a: Arceus|tox|[msg]
|
|-heal|p1a: Mew|85/100|[from] item: Leftovers
|upkeep
|turn|16
|
|t:|1634848643
|move|p1a: Mew|Toxic|p2a: Arceus
|-status|p2a: Arceus|tox
|move|p2a: Arceus|Toxic|p1a: Mew
|-status|p1a: Mew|tox
|-activate|p1a: Mew|ability: Synchronize
|-fail|p2a: Arceus|tox
|
|-heal|p1a: Mew|92/100 tox|[from] item: Leftovers
|-damage|p1a: Mew|85/100 tox|[from] psn
|-damage|p2a: Arceus|70/100 tox|[from] psn
|upkeep
|turn|17
|
|t:|1634848655
|move|p1a: Mew|Toxic|p2a: Arceus
|-fail|p2a: Arceus|tox
|move|p2a: Arceus|Refresh|p2a: Arceus
|-curestatus|p2a: Arceus|tox|[msg]
|
|-heal|p1a: Mew|92/100 tox|[from] item: Leftovers
|-damage|p1a: Mew|79/100 tox|[from] psn
|upkeep
|turn|18
|
|t:|1634848665
|move|p1a: Mew|Toxic|p2a: Arceus
|-status|p2a: Arceus|tox
|move|p2a: Arceus|Recover|p2a: Arceus
|-heal|p2a: Arceus|100/100 tox
|
|-heal|p1a: Mew|85/100 tox|[from] item: Leftovers
|-damage|p1a: Mew|67/100 tox|[from] psn
|-damage|p2a: Arceus|94/100 tox|[from] psn
|upkeep
|turn|19
|
|t:|1634848679
|switch|p1a: Whimsicott|Whimsicott, M, shiny|88/100
|-damage|p1a: Whimsicott|75/100|[from] Stealth Rock
|move|p2a: Arceus|Refresh|p2a: Arceus
|-curestatus|p2a: Arceus|tox|[msg]
|
|-heal|p1a: Whimsicott|82/100|[from] item: Leftovers
|upkeep
|turn|20
|
|t:|1634848693
|move|p1a: Whimsicott|Leech Seed|p2a: Arceus
|-start|p2a: Arceus|move: Leech Seed
|move|p2a: Arceus|Judgment|p1a: Whimsicott
|-damage|p1a: Whimsicott|26/100
|
|-heal|p1a: Whimsicott|32/100|[from] item: Leftovers
|-damage|p2a: Arceus|82/100|[from] Leech Seed|[of] p1a: Whimsicott
|-heal|p1a: Whimsicott|48/100|[silent]
|upkeep
|turn|21
|
|t:|1634848704
|switch|p2a: Deoxys|Deoxys-Speed|83/100 tox
|-ability|p2a: Deoxys|Pressure
|move|p1a: Whimsicott|Substitute|p1a: Whimsicott
|-start|p1a: Whimsicott|Substitute
|-damage|p1a: Whimsicott|23/100
|
|-heal|p1a: Whimsicott|29/100|[from] item: Leftovers
|-damage|p2a: Deoxys|77/100 tox|[from] psn
|upkeep
|turn|22
|
|t:|1634848716
|move|p1a: Whimsicott|Protect|p1a: Whimsicott
|-singleturn|p1a: Whimsicott|Protect
|move|p2a: Deoxys|Taunt|p1a: Whimsicott
|-activate|p1a: Whimsicott|move: Protect
|
|-heal|p1a: Whimsicott|35/100|[from] item: Leftovers
|-damage|p2a: Deoxys|65/100 tox|[from] psn
|upkeep
|turn|23
|
|t:|1634848726
|move|p1a: Whimsicott|Leech Seed|p2a: Deoxys
|-start|p2a: Deoxys|move: Leech Seed
|move|p2a: Deoxys|Taunt|p1a: Whimsicott
|-start|p1a: Whimsicott|move: Taunt
|
|-heal|p1a: Whimsicott|42/100|[from] item: Leftovers
|-damage|p2a: Deoxys|53/100 tox|[from] Leech Seed|[of] p1a: Whimsicott
|-heal|p1a: Whimsicott|53/100|[silent]
|-damage|p2a: Deoxys|35/100 tox|[from] psn
|upkeep
|turn|24
|
|t:|1634848745
|switch|p2a: Arceus|Arceus-Ground, shiny|100/100
|-status|p2a: Arceus|tox
|switch|p1a: Aron|Aron, L1, F, shiny|92/100
|-damage|p1a: Aron|84/100|[from] Stealth Rock
|
|-damage|p2a: Arceus|94/100 tox|[from] psn
|upkeep
|turn|25
|
|t:|1634848757
|move|p1a: Aron|Protect|p1a: Aron
|-singleturn|p1a: Aron|Protect
|move|p2a: Arceus|Earthquake|p1a: Aron
|-activate|p1a: Aron|move: Protect
|
|-damage|p2a: Arceus|82/100 tox|[from] psn
|upkeep
|turn|26
|
|t:|1634848766
|switch|p1a: Corsola|Corsola-Galar, M, shiny|100/100
|-damage|p1a: Corsola|88/100|[from] Stealth Rock
|move|p2a: Arceus|Swords Dance|p2a: Arceus
|-boost|p2a: Arceus|atk|2
|
|-damage|p2a: Arceus|64/100 tox|[from] psn
|upkeep
|turn|27
|
|t:|1634848780
|move|p2a: Arceus|Earthquake|p1a: Corsola
|-damage|p1a: Corsola|26/100
|-start|p2a: Arceus|Disable|Earthquake|[from] ability: Cursed Body|[of] p1a: Corsola
|move|p1a: Corsola|Strength Sap|p2a: Arceus
|-unboost|p2a: Arceus|atk|1
|-heal|p1a: Corsola|100/100
|
|-damage|p2a: Arceus|39/100 tox|[from] psn
|upkeep
|turn|28
|
|t:|1634848792
|switch|p2a: Deoxys|Deoxys-Speed|35/100 tox
|-ability|p2a: Deoxys|Pressure
|move|p1a: Corsola|Whirlpool|p2a: Deoxys
|-crit|p2a: Deoxys
|-damage|p2a: Deoxys|25/100 tox
|-activate|p2a: Deoxys|move: Whirlpool|[of] p1a: Corsola
|
|-damage|p2a: Deoxys|19/100 tox|[from] psn
|-damage|p2a: Deoxys|6/100 tox|[from] move: Whirlpool|[partiallytrapped]
|upkeep
|turn|29
|
|t:|1634848804
|switch|p1a: Aron|Aron, L1, F, shiny|84/100
|-damage|p1a: Aron|75/100|[from] Stealth Rock
|move|p2a: Deoxys|Taunt|p1a: Aron
|-start|p1a: Aron|move: Taunt
|
|-damage|p2a: Deoxys|0 fnt|[from] psn
|faint|p2a: Deoxys
|upkeep
|
|t:|1634848821
|switch|p2a: Xerneas|Xerneas, shiny|100/100
|-status|p2a: Xerneas|tox
|-ability|p2a: Xerneas|Fairy Aura
|turn|30
|
|t:|1634848828
|switch|p1a: Salazzle|Salazzle, F, shiny|100/100
|-damage|p1a: Salazzle|76/100|[from] Stealth Rock
|move|p2a: Xerneas|Substitute|p2a: Xerneas
|-start|p2a: Xerneas|Substitute
|-damage|p2a: Xerneas|76/100 tox
|
|-damage|p2a: Xerneas|70/100 tox|[from] psn
|upkeep
|turn|31
|
|t:|1634848838
|-start|p1a: Salazzle|Dynamax
|-heal|p1a: Salazzle|76/100|[silent]
|move|p1a: Salazzle|Max Ooze|p2a: Xerneas
|-supereffective|p2a: Xerneas
|-end|p2a: Xerneas|Substitute
|-boost|p1a: Salazzle|spa|1
|move|p2a: Xerneas|Geomancy||[still]
|-prepare|p2a: Xerneas|Geomancy
|-enditem|p2a: Xerneas|Power Herb
|-anim|p2a: Xerneas|Geomancy|p2a: Xerneas
|-boost|p2a: Xerneas|spa|2
|-boost|p2a: Xerneas|spd|2
|-boost|p2a: Xerneas|spe|2
|
|-damage|p2a: Xerneas|57/100 tox|[from] psn
|upkeep
|turn|32
|
|t:|1634848856
|-start|p2a: Xerneas|Dynamax
|-heal|p2a: Xerneas|57/100 tox|[silent]
|move|p2a: Xerneas|Max Lightning|p1a: Salazzle
|-damage|p1a: Salazzle|0 fnt
|-fieldstart|move: Electric Terrain
|faint|p1a: Salazzle
|
|-damage|p2a: Xerneas|48/100 tox|[from] psn
|upkeep
|
|t:|1634848866
|switch|p1a: Whimsicott|Whimsicott, M, shiny|53/100
|-damage|p1a: Whimsicott|41/100|[from] Stealth Rock
|turn|33
|
|t:|1634848871
|move|p1a: Whimsicott|Substitute|p1a: Whimsicott
|-start|p1a: Whimsicott|Substitute
|-damage|p1a: Whimsicott|16/100
|move|p2a: Xerneas|Max Starfall|p1a: Whimsicott
|-end|p1a: Whimsicott|Substitute
|-fieldstart|move: Misty Terrain
|
|-heal|p1a: Whimsicott|22/100|[from] item: Leftovers
|-damage|p2a: Xerneas|36/100 tox|[from] psn
|upkeep
|turn|34
|
|t:|1634848881
|switch|p1a: Corsola|Corsola-Galar, M, shiny|100/100
|-damage|p1a: Corsola|88/100|[from] Stealth Rock
|move|p2a: Xerneas|Max Starfall|p1a: Corsola
|-damage|p1a: Corsola|0 fnt
|faint|p1a: Corsola
|
|-damage|p2a: Xerneas|20/100 tox|[from] psn
|-end|p2a: Xerneas|Dynamax
|-heal|p2a: Xerneas|20/100 tox|[silent]
|upkeep
|
|t:|1634848887
|switch|p1a: Mew|Mew|67/100 tox
|-damage|p1a: Mew|54/100 tox|[from] Stealth Rock
|turn|35
|
|t:|1634848899
|move|p2a: Xerneas|Moonblast|p1a: Mew
|-damage|p1a: Mew|0 fnt
|faint|p1a: Mew
|
|-damage|p2a: Xerneas|0 fnt|[from] psn
|faint|p2a: Xerneas
|upkeep
|
|t:|1634848910
|switch|p1a: Whimsicott|Whimsicott, M, shiny|22/100
|switch|p2a: Arceus|Arceus-Fairy, shiny|82/100
|-damage|p1a: Whimsicott|9/100|[from] Stealth Rock
|turn|36
|
|t:|1634848935
|move|p1a: Whimsicott|Leech Seed|p2a: Arceus
|-start|p2a: Arceus|move: Leech Seed
|move|p2a: Arceus|Judgment|p1a: Whimsicott
|-crit|p1a: Whimsicott
|-damage|p1a: Whimsicott|0 fnt
|faint|p1a: Whimsicott
|
|upkeep
|
|t:|1634848938
|switch|p1a: Aron|Aron, L1, F, shiny|75/100
|-damage|p1a: Aron|67/100|[from] Stealth Rock
|turn|37
|
|t:|1634848947
|move|p1a: Aron|Protect|p1a: Aron
|-singleturn|p1a: Aron|Protect
|move|p2a: Arceus|Judgment|p1a: Aron
|-activate|p1a: Aron|move: Protect
|
|-damage|p2a: Arceus|70/100|[from] Leech Seed|[of] p1a: Aron
|-heal|p1a: Aron|100/100|[silent]
|-fieldend|Misty Terrain
|upkeep
|turn|38
|
|t:|1634848961
|switch|p2a: Arceus|Arceus-Ground, shiny|39/100 tox
|move|p1a: Aron|Endeavor|p2a: Arceus
|-damage|p2a: Arceus|3/100 tox
|
|-damage|p2a: Arceus|0 fnt|[from] psn
|faint|p2a: Arceus
|upkeep
|
|t:|1634848971
|switch|p2a: Arceus|Arceus-Fairy, shiny|70/100
|-status|p2a: Arceus|tox
|turn|39
|
|t:|1634848980
|move|p2a: Arceus|Judgment|p1a: Aron
|-resisted|p1a: Aron
|-ability|p1a: Aron|Sturdy
|-damage|p1a: Aron|9/100
|move|p1a: Aron|Endeavor|p2a: Arceus
|-damage|p2a: Arceus|1/100 tox
|-heal|p1a: Aron|100/100|[from] item: Shell Bell|[of] p2a: Arceus
|
|-damage|p2a: Arceus|0 fnt|[from] psn
|faint|p2a: Arceus
|upkeep
|
|t:|1634848992
|switch|p2a: Xerneas|Xerneas, shiny|100/100
|-status|p2a: Xerneas|tox
|-ability|p2a: Xerneas|Fairy Aura
|turn|40
|
|t:|1634849000
|move|p2a: Xerneas|Substitute|p2a: Xerneas
|-start|p2a: Xerneas|Substitute
|-damage|p2a: Xerneas|76/100 tox
|move|p1a: Aron|Endeavor|p2a: Xerneas
|-end|p2a: Xerneas|Substitute
|
|-damage|p2a: Xerneas|70/100 tox|[from] psn
|upkeep
|turn|41
|c|☆yiyi yizi|; )
|
|t:|1634849010
|move|p2a: Xerneas|Moonblast|p1a: Aron
|-resisted|p1a: Aron
|-ability|p1a: Aron|Sturdy
|-damage|p1a: Aron|9/100
|move|p1a: Aron|Endeavor|p2a: Xerneas
|-damage|p2a: Xerneas|1/100 tox
|-heal|p1a: Aron|100/100|[from] item: Shell Bell|[of] p2a: Xerneas
|
|-damage|p2a: Xerneas|0 fnt|[from] psn
|faint|p2a: Xerneas
|
|win|yiyi yizi
|upkeep
|raw|yiyi yizi's rating: 1417 &rarr; <strong>1447</strong><br />(+30 for winning)
|raw|High ladder bros's rating: 1610 &rarr; <strong>1580</strong><br />(-30 for losing)
|l|☆High ladder bros
|c|☆yiyi yizi|gg wp
