|j|☆lyblwt123456
|j|☆moyv123
|t:|1667616352
|gametype|singles
|player|p1|lyblwt123456|cynthia-gen4|1731
|player|p2|moyv123|2|1676
|teamsize|p1|6
|teamsize|p2|6
|gen|8
|tier|[Gen 8] National Dex AG
|rated|
|rule|HP Percentage Mod: HP is shown in percentages
|rule|Endless Battle Clause: Forcing endless battles is banned
|clearpoke
|poke|p1|Arceus-*|
|poke|p1|Zacian-*|
|poke|p1|Rayquaza|
|poke|p1|Kyogre|
|poke|p1|Marshadow|
|poke|p1|Ditto|
|poke|p2|Zacian-*|
|poke|p2|Kyogre|
|poke|p2|Rayquaza|
|poke|p2|Marshadow|
|poke|p2|Ditto|
|poke|p2|Arceus-*|
|teampreview
|inactive|Battle timer is ON: inactive players will automatically lose when time's up. (requested by lyblwt123456)
|
|t:|1667616374
|start
|switch|p1a: Arceus|Arceus-Electric|100/100
|switch|p2a: Arceus|Arceus-Electric|100/100
|turn|1
|
|t:|1667616381
|-start|p1a: Arceus|Dynamax|
|-heal|p1a: Arceus|100/100|[silent]
|move|p1a: Arceus|Max Quake|p2a: Arceus
|-supereffective|p2a: Arceus
|-damage|p2a: Arceus|33/100
|-boost|p1a: Arceus|spd|1
|move|p2a: Arceus|Stealth Rock|p1a: Arceus
|-sidestart|p1: lyblwt123456|move: Stealth Rock
|
|upkeep
|turn|2
|
|t:|1667616393
|move|p1a: Arceus|Max Hailstorm|p2a: Arceus
|-damage|p2a: Arceus|2/100
|-weather|Hail
|move|p2a: Arceus|Earth Power|p1a: Arceus
|-supereffective|p1a: Arceus
|-damage|p1a: Arceus|86/100
|
|-weather|Hail|[upkeep]
|-damage|p2a: Arceus|0 fnt|[from] Hail
|-damage|p1a: Arceus|83/100|[from] Hail
|faint|p2a: Arceus
|upkeep
|inactive|moyv123 has 120 seconds left.
|
|t:|1667616433
|switch|p2a: Marshadow|Marshadow|100/100
|turn|3
|
|t:|1667616446
|-start|p2a: Marshadow|Dynamax|
|-heal|p2a: Marshadow|100/100|[silent]
|move|p2a: Marshadow|Max Phantasm|p1a: Arceus
|-damage|p1a: Arceus|47/100
|-unboost|p1a: Arceus|def|1
|-damage|p2a: Marshadow|96/100|[from] item: Life Orb
|move|p1a: Arceus|Max Lightning|p2a: Marshadow
|-damage|p2a: Marshadow|51/100
|-fieldstart|move: Electric Terrain
|
|-weather|Hail|[upkeep]
|-damage|p2a: Marshadow|48/100|[from] Hail
|-damage|p1a: Arceus|44/100|[from] Hail
|upkeep
|-end|p1a: Arceus|Dynamax
|-heal|p1a: Arceus|44/100|[silent]
|turn|4
|
|t:|1667616474
|move|p2a: Marshadow|Max Knuckle|p1a: Arceus
|-damage|p1a: Arceus|0 fnt
|-boost|p2a: Marshadow|atk|1
|faint|p1a: Arceus
|-damage|p2a: Marshadow|43/100|[from] item: Life Orb
|
|-weather|Hail|[upkeep]
|-damage|p2a: Marshadow|40/100|[from] Hail
|upkeep
|
|t:|1667616483
|switch|p1a: Ditto|Ditto|100/100
|-damage|p1a: Ditto|88/100|[from] Stealth Rock
|-transform|p1a: Ditto|p2a: Marshadow|[from] ability: Imposter
|turn|5
|
|t:|1667616493
|move|p1a: Ditto|Shadow Sneak|p2a: Marshadow
|-supereffective|p2a: Marshadow
|-damage|p2a: Marshadow|0 fnt
|faint|p2a: Marshadow
|
|-weather|Hail|[upkeep]
|-damage|p1a: Ditto|82/100|[from] Hail
|upkeep
|
|t:|1667616505
|switch|p2a: Zacian|Zacian-Crowned|100/100
|-ability|p2a: Zacian|Intrepid Sword|boost
|-boost|p2a: Zacian|atk|1
|turn|6
|
|t:|1667616529
|switch|p1a: Kyogre|Kyogre|100/100
|-damage|p1a: Kyogre|88/100|[from] Stealth Rock
|detailschange|p1a: Kyogre|Kyogre-Primal
|-primal|p1a: Kyogre
|-weather|PrimordialSea|[from] ability: Primordial Sea|[of] p1a: Kyogre
|move|p2a: Zacian|Substitute|p2a: Zacian
|-start|p2a: Zacian|Substitute
|-damage|p2a: Zacian|76/100
|
|-weather|PrimordialSea|[upkeep]
|upkeep
|turn|7
|
|t:|1667616539
|move|p2a: Zacian|Wild Charge|p1a: Kyogre
|-supereffective|p1a: Kyogre
|-damage|p1a: Kyogre|0 fnt
|faint|p1a: Kyogre
|-weather|none
|-damage|p2a: Zacian|48/100|[from] Recoil
|
|-fieldend|move: Electric Terrain
|upkeep
|inactive|lyblwt123456 has 120 seconds left.
|
|t:|1667616559
|switch|p1a: Rayquaza|Rayquaza|100/100
|-damage|p1a: Rayquaza|75/100|[from] Stealth Rock
|-ability|p1a: Rayquaza|Air Lock
|turn|8
|inactive|lyblwt123456 has 120 seconds left.
|
|t:|1667616566
|detailschange|p1a: Rayquaza|Rayquaza-Mega
|-mega|p1a: Rayquaza|Rayquaza|
|-weather|DeltaStream|[from] ability: Delta Stream|[of] p1a: Rayquaza
|move|p1a: Rayquaza|Extreme Speed|p2a: Zacian
|-resisted|p2a: Zacian
|-activate|p2a: Zacian|move: Substitute|[damage]
|-damage|p1a: Rayquaza|66/100|[from] item: Life Orb
|move|p2a: Zacian|Behemoth Blade|p1a: Rayquaza
|-damage|p1a: Rayquaza|0 fnt
|faint|p1a: Rayquaza
|-weather|none
|
|upkeep
|inactive|lyblwt123456 has 120 seconds left.
|
|t:|1667616577
|switch|p1a: Marshadow|Marshadow|100/100
|-damage|p1a: Marshadow|94/100|[from] Stealth Rock
|turn|9
|
|t:|1667616583
|move|p1a: Marshadow|Shadow Sneak|p2a: Zacian
|-end|p2a: Zacian|Substitute
|-damage|p1a: Marshadow|84/100|[from] item: Life Orb
|move|p2a: Zacian|Behemoth Blade|p1a: Marshadow
|-damage|p1a: Marshadow|0 fnt
|faint|p1a: Marshadow
|
|upkeep
|
|t:|1667616592
|switch|p1a: Ditto|Ditto|82/100
|-damage|p1a: Ditto|70/100|[from] Stealth Rock
|-transform|p1a: Ditto|p2a: Zacian|[from] ability: Imposter
|-ability|p1a: Ditto|Intrepid Sword|boost
|-boost|p1a: Ditto|atk|1
|turn|10
|
|t:|1667616607
|move|p1a: Ditto|Wild Charge|p2a: Zacian
|-damage|p2a: Zacian|0 fnt
|faint|p2a: Zacian
|-damage|p1a: Ditto|57/100|[from] Recoil
|
|upkeep
|
|t:|1667616617
|switch|p2a: Rayquaza|Rayquaza|100/100
|-ability|p2a: Rayquaza|Air Lock
|turn|11
|inactive|moyv123 has 120 seconds left.
|inactive|moyv123 has 90 seconds left.
|
|t:|1667616672
|detailschange|p2a: Rayquaza|Rayquaza-Mega
|-mega|p2a: Rayquaza|Rayquaza|
|-weather|DeltaStream|[from] ability: Delta Stream|[of] p2a: Rayquaza
|move|p2a: Rayquaza|Extreme Speed|p1a: Ditto
|-resisted|p1a: Ditto
|-damage|p1a: Ditto|27/100
|move|p1a: Ditto|Wild Charge|p2a: Rayquaza
|-activate||deltastream
|-resisted|p2a: Rayquaza
|-damage|p2a: Rayquaza|63/100
|-damage|p1a: Ditto|16/100|[from] Recoil
|
|-weather|DeltaStream|[upkeep]
|upkeep
|turn|12
|inactive|moyv123 has 90 seconds left.
|
|t:|1667616687
|switch|p1a: Zacian|Zacian-Crowned|100/100
|-damage|p1a: Zacian|94/100|[from] Stealth Rock
|-ability|p1a: Zacian|Intrepid Sword|boost
|-boost|p1a: Zacian|atk|1
|move|p2a: Rayquaza|Extreme Speed|p1a: Zacian
|-resisted|p1a: Zacian
|-damage|p1a: Zacian|67/100
|
|-weather|DeltaStream|[upkeep]
|upkeep
|turn|13
|
|t:|1667616703
|move|p2a: Rayquaza|Extreme Speed|p1a: Zacian
|-resisted|p1a: Zacian
|-damage|p1a: Zacian|41/100
|move|p1a: Zacian|Substitute|p1a: Zacian
|-start|p1a: Zacian|Substitute
|-damage|p1a: Zacian|16/100
|
|-weather|DeltaStream|[upkeep]
|upkeep
|turn|14
|
|t:|1667616711
|move|p2a: Rayquaza|Extreme Speed|p1a: Zacian
|-resisted|p1a: Zacian
|-end|p1a: Zacian|Substitute
|move|p1a: Zacian|Behemoth Blade|p2a: Rayquaza
|-damage|p2a: Rayquaza|0 fnt
|faint|p2a: Rayquaza
|-weather|none
|
|upkeep
|-message|lyblwt123456 forfeited.
|
|win|moyv123
|raw|lyblwt123456's rating: 1731 &rarr; <strong>1708</strong><br />(-23 for losing)
|raw|moyv123's rating: 1676 &rarr; <strong>1699</strong><br />(+23 for winning)
|l|☆lyblwt123456
