|j|☆PepsiPHD
|j|☆Fenixfyre007
|t:|1664598833
|gametype|singles
|player|p1|PepsiPHD|li|1572
|player|p2|Fenixfyre007|benga|1851
|teamsize|p1|6
|teamsize|p2|6
|gen|8
|tier|[Gen 8] National Dex AG
|rated|
|rule|HP Percentage Mod: HP is shown in percentages
|rule|Endless Battle Clause: Forcing endless battles is banned
|clearpoke
|poke|p1|Flygon, F|
|poke|p1|Banette, F|
|poke|p1|Scizor, F|
|poke|p1|Moltres-Galar|
|poke|p1|Lugia|
|poke|p1|Regieleki|
|poke|p2|Ho-Oh|
|poke|p2|Calyrex-Shadow|
|poke|p2|Necrozma-Dusk-Mane|
|poke|p2|Zacian-*|
|poke|p2|Rayquaza|
|poke|p2|Tyranitar, F|
|teampreview
|inactive|Battle timer is ON: inactive players will automatically lose when time's up. (requested by Fenixfyre007)
|
|t:|1664598858
|start
|switch|p1a: Flygon|Flygon, F|100/100
|switch|p2a: Rayquaza|Rayquaza|100/100
|-ability|p2a: Rayquaza|Air Lock
|turn|1
|
|t:|1664598872
|detailschange|p2a: Rayquaza|Rayquaza-Mega
|-mega|p2a: Rayquaza|Rayquaza|
|-weather|DeltaStream|[from] ability: Delta Stream|[of] p2a: Rayquaza
|move|p1a: Flygon|Outrage|p2a: Rayquaza
|-supereffective|p2a: Rayquaza
|-damage|p2a: Rayquaza|0 fnt
|faint|p2a: Rayquaza
|-weather|none
|
|upkeep
|
|t:|1664598876
|switch|p2a: Zacian|Zacian-Crowned|100/100
|-ability|p2a: Zacian|Intrepid Sword|boost
|-boost|p2a: Zacian|atk|1
|turn|2
|
|t:|1664598878
|move|p1a: Flygon|Outrage|p2a: Zacian|[from]lockedmove
|-immune|p2a: Zacian
|move|p2a: Zacian|Substitute|p2a: Zacian
|-start|p2a: Zacian|Substitute
|-damage|p2a: Zacian|76/100
|
|upkeep
|turn|3
|
|t:|1664598884
|switch|p1a: Scizor|Scizor, F|100/100
|move|p2a: Zacian|Behemoth Blade|p1a: Scizor
|-resisted|p1a: Scizor
|-damage|p1a: Scizor|52/100
|
|upkeep
|turn|4
|
|t:|1664598887
|move|p1a: Scizor|Bullet Punch|p2a: Zacian
|-end|p2a: Zacian|Substitute
|move|p2a: Zacian|Close Combat|p1a: Scizor
|-damage|p1a: Scizor|0 fnt
|-unboost|p2a: Zacian|def|1
|-unboost|p2a: Zacian|spd|1
|faint|p1a: Scizor
|
|upkeep
|
|t:|1664598890
|switch|p1a: Regieleki|Regieleki|100/100
|turn|5
|
|t:|1664598895
|switch|p2a: Tyranitar|Tyranitar, F, shiny|100/100
|-weather|Sandstorm|[from] ability: Sand Stream|[of] p2a: Tyranitar
|move|p1a: Regieleki|Volt Switch|p2a: Tyranitar
|-crit|p2a: Tyranitar
|-damage|p2a: Tyranitar|65/100
|
|t:|1664598900
|switch|p1a: Flygon|Flygon, F|100/100|[from]move: Volt Switch
|
|-weather|Sandstorm|[upkeep]
|-heal|p2a: Tyranitar|71/100|[from] item: Leftovers
|upkeep
|turn|6
|
|t:|1664598907
|switch|p2a: Necrozma|Necrozma-Dusk-Mane|100/100
|move|p1a: Flygon|U-turn|p2a: Necrozma
|-damage|p2a: Necrozma|90/100
|-damage|p1a: Flygon|84/100|[from] item: Rocky Helmet|[of] p2a: Necrozma
|
|t:|1664598910
|switch|p1a: Moltres|Moltres-Galar|100/100|[from]move: U-turn
|
|-weather|Sandstorm|[upkeep]
|-damage|p1a: Moltres|94/100|[from] Sandstorm
|-heal|p1a: Moltres|100/100|[from] item: Leftovers
|upkeep
|turn|7
|
|t:|1664598920
|move|p1a: Moltres|Nasty Plot|p1a: Moltres
|-boost|p1a: Moltres|spa|2
|move|p2a: Necrozma|Stealth Rock|p1a: Moltres
|-sidestart|p1: PepsiPHD|move: Stealth Rock
|
|-weather|Sandstorm|[upkeep]
|-damage|p1a: Moltres|94/100|[from] Sandstorm
|-heal|p1a: Moltres|100/100|[from] item: Leftovers
|upkeep
|turn|8
|
|t:|1664598924
|move|p1a: Moltres|Fiery Wrath|p2a: Necrozma
|-supereffective|p2a: Necrozma
|-damage|p2a: Necrozma|0 fnt
|faint|p2a: Necrozma
|
|-weather|Sandstorm|[upkeep]
|-damage|p1a: Moltres|94/100|[from] Sandstorm
|-heal|p1a: Moltres|100/100|[from] item: Leftovers
|upkeep
|
|t:|1664598929
|switch|p2a: Zacian|Zacian-Crowned|76/100
|-ability|p2a: Zacian|Intrepid Sword|boost
|-boost|p2a: Zacian|atk|1
|turn|9
|
|t:|1664598933
|move|p2a: Zacian|Play Rough|p1a: Moltres
|-supereffective|p1a: Moltres
|-damage|p1a: Moltres|0 fnt
|faint|p1a: Moltres
|
|-weather|none
|upkeep
|
|t:|1664598940
|switch|p1a: Regieleki|Regieleki|100/100
|-damage|p1a: Regieleki|88/100|[from] Stealth Rock
|turn|10
|
|t:|1664598945
|switch|p2a: Tyranitar|Tyranitar, F, shiny|71/100
|-weather|Sandstorm|[from] ability: Sand Stream|[of] p2a: Tyranitar
|move|p1a: Regieleki|Volt Switch|p2a: Tyranitar
|-damage|p2a: Tyranitar|49/100
|
|t:|1664598951
|switch|p1a: Flygon|Flygon, F|84/100|[from]move: Volt Switch
|-damage|p1a: Flygon|78/100|[from] Stealth Rock
|
|-weather|Sandstorm|[upkeep]
|-heal|p2a: Tyranitar|55/100|[from] item: Leftovers
|upkeep
|turn|11
|
|t:|1664598957
|move|p1a: Flygon|U-turn|p2a: Tyranitar
|-supereffective|p2a: Tyranitar
|-damage|p2a: Tyranitar|22/100
|
|t:|1664598959
|switch|p1a: Lugia|Lugia|100/100|[from]move: U-turn
|-damage|p1a: Lugia|76/100|[from] Stealth Rock
|-ability|p1a: Lugia|Pressure
|move|p2a: Tyranitar|Rock Tomb|p1a: Lugia
|-supereffective|p1a: Lugia
|-damage|p1a: Lugia|36/100
|-unboost|p1a: Lugia|spe|1
|
|-weather|Sandstorm|[upkeep]
|-damage|p1a: Lugia|30/100|[from] Sandstorm
|-heal|p2a: Tyranitar|28/100|[from] item: Leftovers
|upkeep
|turn|12
|
|t:|1664598968
|move|p1a: Lugia|Aeroblast|p2a: Tyranitar
|-resisted|p2a: Tyranitar
|-damage|p2a: Tyranitar|16/100
|move|p2a: Tyranitar|Thunder Wave|p1a: Lugia
|-status|p1a: Lugia|par
|
|-weather|Sandstorm|[upkeep]
|-damage|p1a: Lugia|23/100 par|[from] Sandstorm
|-heal|p2a: Tyranitar|23/100|[from] item: Leftovers
|upkeep
|turn|13
|
|t:|1664598972
|move|p2a: Tyranitar|Rock Tomb|p1a: Lugia
|-supereffective|p1a: Lugia
|-damage|p1a: Lugia|0 fnt
|faint|p1a: Lugia
|
|-weather|Sandstorm|[upkeep]
|-heal|p2a: Tyranitar|29/100|[from] item: Leftovers
|upkeep
|
|t:|1664598987
|switch|p1a: Regieleki|Regieleki|88/100
|-damage|p1a: Regieleki|76/100|[from] Stealth Rock
|turn|14
|
|t:|1664599008
|-start|p1a: Regieleki|Dynamax|
|-heal|p1a: Regieleki|76/100|[silent]
|move|p1a: Regieleki|Max Lightning|p2a: Tyranitar
|-crit|p2a: Tyranitar
|-damage|p2a: Tyranitar|0 fnt
|-fieldstart|move: Electric Terrain
|faint|p2a: Tyranitar
|
|-weather|none
|upkeep
|inactive|Fenixfyre007 has 120 seconds left.
|
|t:|1664599023
|switch|p2a: Ho-Oh|Ho-Oh|100/100
|turn|15
|
|t:|1664599026
|move|p1a: Regieleki|Max Lightning|p2a: Ho-Oh
|-supereffective|p2a: Ho-Oh
|-damage|p2a: Ho-Oh|0 fnt
|faint|p2a: Ho-Oh
|
|upkeep
|
|t:|1664599028
|switch|p2a: Zacian|Zacian-Crowned|76/100
|-ability|p2a: Zacian|Intrepid Sword|boost
|-boost|p2a: Zacian|atk|1
|turn|16
|
|t:|1664599029
|move|p1a: Regieleki|Max Lightning|p2a: Zacian
|-damage|p2a: Zacian|0 fnt
|faint|p2a: Zacian
|
|upkeep
|
|t:|1664599033
|switch|p2a: Calyrex|Calyrex-Shadow|100/100
|-ability|p2a: Calyrex|As One
|-ability|p2a: Calyrex|Unnerve
|-end|p1a: Regieleki|Dynamax
|-heal|p1a: Regieleki|76/100|[silent]
|turn|17
|
|t:|1664599034
|move|p2a: Calyrex|Astral Barrage|p1a: Regieleki
|-damage|p1a: Regieleki|0 fnt
|faint|p1a: Regieleki
|-ability|p2a: Calyrex|Grim Neigh|boost
|-boost|p2a: Calyrex|spa|1
|
|upkeep
|
|t:|1664599037
|switch|p1a: Banette|Banette, F|100/100
|-damage|p1a: Banette|88/100|[from] Stealth Rock
|turn|18
|inactive|Fenixfyre007 has 120 seconds left.
|
|t:|1664599068
|detailschange|p1a: Banette|Banette-Mega, F
|-mega|p1a: Banette|Banette|Banettite
|-start|p2a: Calyrex|Dynamax|
|-heal|p2a: Calyrex|100/100|[silent]
|move|p1a: Banette|Substitute|p1a: Banette
|-start|p1a: Banette|Substitute
|-damage|p1a: Banette|63/100
|move|p2a: Calyrex|Max Phantasm|p1a: Banette
|-supereffective|p1a: Banette
|-end|p1a: Banette|Substitute
|-unboost|p1a: Banette|def|1
|
|-fieldend|move: Electric Terrain
|upkeep
|turn|19
|
|t:|1664599075
|move|p1a: Banette|Substitute|p1a: Banette
|-start|p1a: Banette|Substitute
|-damage|p1a: Banette|38/100
|move|p2a: Calyrex|Max Mindstorm|p1a: Banette
|-end|p1a: Banette|Substitute
|-fieldstart|move: Psychic Terrain
|
|upkeep
|turn|20
|
|t:|1664599081
|move|p1a: Banette|Substitute|p1a: Banette
|-start|p1a: Banette|Substitute
|-damage|p1a: Banette|14/100
|move|p2a: Calyrex|Max Mindstorm|p1a: Banette
|-end|p1a: Banette|Substitute
|
|upkeep
|-end|p2a: Calyrex|Dynamax
|-heal|p2a: Calyrex|100/100|[silent]
|turn|21
|
|t:|1664599083
|move|p1a: Banette|Destiny Bond|p1a: Banette
|-singlemove|p1a: Banette|Destiny Bond
|move|p2a: Calyrex|Astral Barrage|p1a: Banette
|-supereffective|p1a: Banette
|-damage|p1a: Banette|0 fnt
|faint|p1a: Banette
|-activate|p1a: Banette|move: Destiny Bond
|faint|p2a: Calyrex
|
|win|PepsiPHD
|raw|PepsiPHD's rating: 1572 &rarr; <strong>1605</strong><br />(+33 for winning)
|raw|Fenixfyre007's rating: 1851 &rarr; <strong>1818</strong><br />(-33 for losing)
|l|☆Fenixfyre007
||Ladder isn't responding, score probably updated but might not have (Request timeout).
