|j|☆Blackstar152001
|j|☆hanwujiwandou
|t:|1664681524
|gametype|singles
|player|p1|Blackstar152001|blue-gen3two|1741
|player|p2|hanwujiwandou|lillie-z|1750
|teamsize|p1|6
|teamsize|p2|6
|gen|8
|tier|[Gen 8] National Dex AG
|rated|
|rule|HP Percentage Mod: HP is shown in percentages
|rule|Endless Battle Clause: Forcing endless battles is banned
|clearpoke
|poke|p1|Urshifu-*, F|
|poke|p1|Arceus-*|
|poke|p1|Ditto|
|poke|p1|Mew|
|poke|p1|Arceus-*|
|poke|p1|Zygarde|
|poke|p2|Zacian-*|
|poke|p2|Ho-Oh|
|poke|p2|Groudon|
|poke|p2|Calyrex-Shadow|
|poke|p2|Yveltal|
|poke|p2|Rayquaza|
|teampreview
|inactive|Battle timer is ON: inactive players will automatically lose when time's up. (requested by Blackstar152001)
|
|t:|1664681532
|start
|switch|p1a: Arceus|Arceus-Fairy|100/100
|switch|p2a: Ho-Oh|Ho-Oh|100/100
|turn|1
|
|t:|1664681536
|move|p1a: Arceus|Stealth Rock|p2a: Ho-Oh
|-sidestart|p2: hanwujiwandou|move: Stealth Rock
|move|p2a: Ho-Oh|Toxic|p1a: Arceus
|-status|p1a: Arceus|tox
|
|-damage|p1a: Arceus|94/100 tox|[from] psn
|upkeep
|turn|2
|
|t:|1664681557
|switch|p1a: Mew|Mew|100/100
|move|p2a: Ho-Oh|Defog|p1a: Mew
|-unboost|p1a: Mew|evasion|1
|-sideend|p2: hanwujiwandou|Stealth Rock|[from] move: Defog|[of] p2a: Ho-Oh
|
|upkeep
|turn|3
|
|t:|1664681562
|move|p1a: Mew|Nasty Plot|p1a: Mew
|-boost|p1a: Mew|spa|2
|move|p2a: Ho-Oh|Toxic|p1a: Mew
|-status|p1a: Mew|tox
|-activate|p1a: Mew|ability: Synchronize
|-status|p2a: Ho-Oh|tox
|
|-damage|p1a: Mew|94/100 tox|[from] psn
|-damage|p2a: Ho-Oh|94/100 tox|[from] psn
|upkeep
|turn|4
|
|t:|1664681568
|move|p1a: Mew|Psychic|p2a: Ho-Oh
|-damage|p2a: Ho-Oh|34/100 tox
|-damage|p1a: Mew|84/100 tox|[from] item: Life Orb
|move|p2a: Ho-Oh|Sacred Fire|p1a: Mew
|-damage|p1a: Mew|42/100 tox
|
|-damage|p1a: Mew|30/100 tox|[from] psn
|-damage|p2a: Ho-Oh|21/100 tox|[from] psn
|upkeep
|turn|5
|
|t:|1664681572
|switch|p2a: Yveltal|Yveltal|100/100
|-ability|p2a: Yveltal|Dark Aura
|move|p1a: Mew|Air Slash|p2a: Yveltal
|-damage|p2a: Yveltal|67/100
|-damage|p1a: Mew|20/100 tox|[from] item: Life Orb
|
|-damage|p1a: Mew|1/100 tox|[from] psn
|upkeep
|turn|6
|
|t:|1664681575
|move|p2a: Yveltal|Sucker Punch|p1a: Mew
|-supereffective|p1a: Mew
|-damage|p1a: Mew|0 fnt
|faint|p1a: Mew
|
|upkeep
|
|t:|1664681584
|switch|p1a: Zygarde|Zygarde, shiny|100/100
|turn|7
|
|t:|1664681588
|switch|p2a: Ho-Oh|Ho-Oh|55/100 tox
|move|p1a: Zygarde|Glare||[still]
|-fail|p1a: Zygarde
|
|-damage|p2a: Ho-Oh|48/100 tox|[from] psn
|upkeep
|turn|8
|
|t:|1664681592
|move|p1a: Zygarde|Thousand Arrows|p2a: Ho-Oh
|-damage|p2a: Ho-Oh|29/100 tox
|-start|p2a: Ho-Oh|Smack Down
|move|p2a: Ho-Oh|Toxic|p1a: Zygarde
|-status|p1a: Zygarde|tox
|
|-damage|p1a: Zygarde|94/100 tox|[from] psn
|-damage|p2a: Ho-Oh|17/100 tox|[from] psn
|upkeep
|turn|9
|
|t:|1664681598
|switch|p2a: Yveltal|Yveltal|67/100
|-ability|p2a: Yveltal|Dark Aura
|move|p1a: Zygarde|Glare|p2a: Yveltal
|-status|p2a: Yveltal|par
|
|-heal|p1a: Zygarde|100/100 tox|[from] item: Leftovers
|-damage|p1a: Zygarde|88/100 tox|[from] psn
|upkeep
|turn|10
|
|t:|1664681601
|switch|p2a: Ho-Oh|Ho-Oh|50/100 tox
|move|p1a: Zygarde|Thousand Arrows|p2a: Ho-Oh
|-damage|p2a: Ho-Oh|31/100 tox
|-start|p2a: Ho-Oh|Smack Down
|
|-heal|p1a: Zygarde|94/100 tox|[from] item: Leftovers
|-damage|p1a: Zygarde|76/100 tox|[from] psn
|-damage|p2a: Ho-Oh|25/100 tox|[from] psn
|upkeep
|turn|11
|
|t:|1664681603
|switch|p2a: Yveltal|Yveltal|67/100 par
|-ability|p2a: Yveltal|Dark Aura
|move|p1a: Zygarde|Thousand Arrows|p2a: Yveltal
|-damage|p2a: Yveltal|39/100 par
|-start|p2a: Yveltal|Smack Down
|
|-heal|p1a: Zygarde|82/100 tox|[from] item: Leftovers
|-damage|p1a: Zygarde|57/100 tox|[from] psn
|upkeep
|turn|12
|
|t:|1664681609
|switch|p2a: Ho-Oh|Ho-Oh|58/100 tox
|move|p1a: Zygarde|Thousand Arrows|p2a: Ho-Oh
|-damage|p2a: Ho-Oh|37/100 tox
|-start|p2a: Ho-Oh|Smack Down
|
|-heal|p1a: Zygarde|63/100 tox|[from] item: Leftovers
|-damage|p1a: Zygarde|32/100 tox|[from] psn
|-damage|p2a: Ho-Oh|31/100 tox|[from] psn
|-activate|p1a: Zygarde|ability: Power Construct
|detailschange|p1a: Zygarde|Zygarde-Complete, shiny
|-heal|p1a: Zygarde|56/100 tox|[silent]
|upkeep
|turn|13
|
|t:|1664681613
|switch|p2a: Yveltal|Yveltal|39/100 par
|-ability|p2a: Yveltal|Dark Aura
|move|p1a: Zygarde|Rest|p1a: Zygarde
|-status|p1a: Zygarde|slp|[from] move: Rest
|-heal|p1a: Zygarde|100/100 slp|[silent]
|
|upkeep
|turn|14
|
|t:|1664681621
|-start|p2a: Yveltal|Dynamax|
|-heal|p2a: Yveltal|39/100 par|[silent]
|cant|p1a: Zygarde|slp
|move|p2a: Yveltal|Max Darkness|p1a: Zygarde
|-damage|p1a: Zygarde|41/100 slp
|-unboost|p1a: Zygarde|spd|1
|
|-heal|p1a: Zygarde|48/100 slp|[from] item: Leftovers
|upkeep
|turn|15
|
|t:|1664681632
|switch|p1a: Arceus|Arceus-Fairy|94/100 tox
|cant|p2a: Yveltal|par
|
|-damage|p1a: Arceus|88/100 tox|[from] psn
|upkeep
|turn|16
|
|t:|1664681637
|move|p1a: Arceus|Judgment|p2a: Yveltal
|-supereffective|p2a: Yveltal
|-damage|p2a: Yveltal|13/100 par
|move|p2a: Yveltal|Max Airstream|p1a: Arceus
|-damage|p1a: Arceus|52/100 tox
|-boost|p2a: Yveltal|spe|1
|
|-damage|p1a: Arceus|40/100 tox|[from] psn
|upkeep
|-end|p2a: Yveltal|Dynamax
|-heal|p2a: Yveltal|13/100 par|[silent]
|turn|17
|
|t:|1664681643
|move|p1a: Arceus|Stealth Rock|p2a: Yveltal
|-sidestart|p2: hanwujiwandou|move: Stealth Rock
|move|p2a: Yveltal|Oblivion Wing|p1a: Arceus
|-damage|p1a: Arceus|19/100 tox
|-heal|p2a: Yveltal|31/100 par|[from] drain|[of] p1a: Arceus
|
|-damage|p1a: Arceus|0 fnt|[from] psn
|faint|p1a: Arceus
|upkeep
|
|t:|1664681646
|switch|p1a: Urshifu|Urshifu, F|100/100
|turn|18
|
|t:|1664681656
|-start|p1a: Urshifu|Dynamax|Gmax
|-heal|p1a: Urshifu|100/100|[silent]
|move|p2a: Yveltal|Sucker Punch|p1a: Urshifu
|-resisted|p1a: Urshifu
|-damage|p1a: Urshifu|96/100
|move|p1a: Urshifu|Max Airstream|p2a: Yveltal
|-damage|p2a: Yveltal|0 fnt
|-boost|p1a: Urshifu|spe|1
|faint|p2a: Yveltal
|-damage|p1a: Urshifu|91/100|[from] item: Life Orb
|
|upkeep
|
|t:|1664681674
|switch|p2a: Groudon|Groudon|100/100
|-damage|p2a: Groudon|94/100|[from] Stealth Rock
|detailschange|p2a: Groudon|Groudon-Primal
|-primal|p2a: Groudon
|-weather|DesolateLand|[from] ability: Desolate Land|[of] p2a: Groudon
|turn|19
|
|t:|1664681683
|move|p1a: Urshifu|Max Knuckle|p2a: Groudon
|-crit|p2a: Groudon
|-damage|p2a: Groudon|32/100
|-boost|p1a: Urshifu|atk|1
|-damage|p1a: Urshifu|86/100|[from] item: Life Orb
|move|p2a: Groudon|Precipice Blades|p1a: Urshifu|[miss]
|-miss|p2a: Groudon|p1a: Urshifu
|
|-weather|DesolateLand|[upkeep]
|upkeep
|turn|20
|
|t:|1664681689
|-weather|none
|switch|p2a: Ho-Oh|Ho-Oh|64/100 tox
|move|p1a: Urshifu|Max Airstream|p2a: Ho-Oh
|-damage|p2a: Ho-Oh|20/100 tox
|-boost|p1a: Urshifu|spe|1
|-damage|p1a: Urshifu|81/100|[from] item: Life Orb
|
|-damage|p2a: Ho-Oh|13/100 tox|[from] psn
|upkeep
|-end|p1a: Urshifu|Dynamax
|-heal|p1a: Urshifu|81/100|[silent]
|turn|21
|
|t:|1664681697
|switch|p2a: Groudon|Groudon-Primal|32/100
|-damage|p2a: Groudon|20/100|[from] Stealth Rock
|-weather|DesolateLand|[from] ability: Desolate Land|[of] p2a: Groudon
|move|p1a: Urshifu|Wicked Blow|p2a: Groudon
|-crit|p2a: Groudon
|-damage|p2a: Groudon|0 fnt
|faint|p2a: Groudon
|-weather|none
|-damage|p1a: Urshifu|71/100|[from] item: Life Orb
|
|upkeep
|
|t:|1664681699
|switch|p2a: Ho-Oh|Ho-Oh|47/100 tox
|turn|22
|
|t:|1664681702
|move|p1a: Urshifu|Wicked Blow|p2a: Ho-Oh
|-crit|p2a: Ho-Oh
|-damage|p2a: Ho-Oh|0 fnt
|faint|p2a: Ho-Oh
|-damage|p1a: Urshifu|61/100|[from] item: Life Orb
|
|upkeep
|
|t:|1664681713
|switch|p2a: Calyrex|Calyrex-Shadow|100/100
|-ability|p2a: Calyrex|As One
|-ability|p2a: Calyrex|Unnerve
|-damage|p2a: Calyrex|88/100|[from] Stealth Rock
|turn|23
|
|t:|1664681733
|move|p1a: Urshifu|Sucker Punch|p2a: Calyrex
|-supereffective|p2a: Calyrex
|-damage|p2a: Calyrex|0 fnt
|faint|p2a: Calyrex
|-damage|p1a: Urshifu|51/100|[from] item: Life Orb
|
|upkeep
|
|t:|1664681736
|switch|p2a: Rayquaza|Rayquaza|100/100
|-damage|p2a: Rayquaza|76/100|[from] Stealth Rock
|-ability|p2a: Rayquaza|Air Lock
|turn|24
|
|t:|1664681739
|detailschange|p2a: Rayquaza|Rayquaza-Mega
|-mega|p2a: Rayquaza|Rayquaza|
|-weather|DeltaStream|[from] ability: Delta Stream|[of] p2a: Rayquaza
|move|p1a: Urshifu|Wicked Blow|p2a: Rayquaza
|-crit|p2a: Rayquaza
|-damage|p2a: Rayquaza|0 fnt
|faint|p2a: Rayquaza
|-weather|none
|-damage|p1a: Urshifu|41/100|[from] item: Life Orb
|
|upkeep
|-message|hanwujiwandou forfeited.
|
|win|Blackstar152001
|raw|Blackstar152001's rating: 1741 &rarr; <strong>1762</strong><br />(+21 for winning)
|raw|hanwujiwandou's rating: 1750 &rarr; <strong>1729</strong><br />(-21 for losing)
|l|☆hanwujiwandou
