|j|☆v87
|j|☆alt1445645
|t:|1661660553
|gametype|singles
|player|p1|v87|265|1894
|player|p2|alt1445645|1|1843
|teamsize|p1|6
|teamsize|p2|6
|gen|8
|tier|[Gen 8] National Dex AG
|rated|
|rule|HP Percentage Mod: HP is shown in percentages
|rule|Endless Battle Clause: Forcing endless battles is banned
|clearpoke
|poke|p1|Zacian-*|
|poke|p1|Groudon|
|poke|p1|Yveltal|
|poke|p1|Rayquaza|
|poke|p1|Kyogre|
|poke|p1|Tornadus, M|
|poke|p2|Groudon|
|poke|p2|Rayquaza|
|poke|p2|Zygarde|
|poke|p2|Arceus-*|
|poke|p2|Calyrex-Shadow|
|poke|p2|Xerneas-*|
|teampreview
|
|t:|1661660560
|start
|switch|p1a: Rayquaza|Rayquaza|100/100
|switch|p2a: Shi Oh You|Zygarde, shiny|100/100
|-ability|p1a: Rayquaza|Air Lock
|turn|1
|
|t:|1661660603
|detailschange|p1a: Rayquaza|Rayquaza-Mega
|-mega|p1a: Rayquaza|Rayquaza|
|-weather|DeltaStream|[from] ability: Delta Stream|[of] p1a: Rayquaza
|move|p1a: Rayquaza|Scale Shot|p2a: Shi Oh You
|-supereffective|p2a: Shi Oh You
|-damage|p2a: Shi Oh You|82/100
|-supereffective|p2a: Shi Oh You
|-damage|p2a: Shi Oh You|62/100
|-hitcount|p2a: Shi Oh You|2
|-unboost|p1a: Rayquaza|def|1
|-boost|p1a: Rayquaza|spe|1
|move|p2a: Shi Oh You|Glare|p1a: Rayquaza
|-status|p1a: Rayquaza|par
|-enditem|p1a: Rayquaza|Lum Berry|[eat]
|-curestatus|p1a: Rayquaza|par|[msg]
|
|-weather|DeltaStream|[upkeep]
|-heal|p2a: Shi Oh You|68/100|[from] item: Leftovers
|upkeep
|turn|2
|c|☆alt1445645|lum ray is cool
|
|t:|1661660627
|move|p1a: Rayquaza|Scale Shot|p2a: Shi Oh You
|-supereffective|p2a: Shi Oh You
|-damage|p2a: Shi Oh You|47/100
|-supereffective|p2a: Shi Oh You
|-damage|p2a: Shi Oh You|28/100
|-supereffective|p2a: Shi Oh You
|-damage|p2a: Shi Oh You|8/100
|-supereffective|p2a: Shi Oh You
|-damage|p2a: Shi Oh You|0 fnt
|faint|p2a: Shi Oh You
|-hitcount|p2: Shi Oh You|4
|-unboost|p1a: Rayquaza|def|1
|-boost|p1a: Rayquaza|spe|1
|
|-weather|DeltaStream|[upkeep]
|upkeep
|
|t:|1661660631
|switch|p2a: Pneuma|Rayquaza|100/100
|-ability|p2a: Pneuma|Air Lock
|turn|3
|
|t:|1661660643
|detailschange|p2a: Pneuma|Rayquaza-Mega
|-mega|p2a: Pneuma|Rayquaza|
|move|p1a: Rayquaza|Scale Shot|p2a: Pneuma
|-supereffective|p2a: Pneuma
|-damage|p2a: Pneuma|64/100
|-supereffective|p2a: Pneuma
|-damage|p2a: Pneuma|29/100
|-supereffective|p2a: Pneuma
|-crit|p2a: Pneuma
|-damage|p2a: Pneuma|0 fnt
|faint|p2a: Pneuma
|-hitcount|p2: Pneuma|3
|-unboost|p1a: Rayquaza|def|1
|-boost|p1a: Rayquaza|spe|1
|
|-weather|DeltaStream|[upkeep]
|upkeep
|
|t:|1661660645
|switch|p2a: Arceus|Arceus|100/100
|turn|4
|
|t:|1661660659
|-weather|none
|switch|p1a: Zacian|Zacian-Crowned|100/100
|-ability|p1a: Zacian|Intrepid Sword|boost
|-boost|p1a: Zacian|atk|1
|move|p2a: Arceus|Extreme Speed|p1a: Zacian
|-resisted|p1a: Zacian
|-damage|p1a: Zacian|82/100
|
|upkeep
|turn|5
|
|t:|1661660669
|switch|p2a: Pyra|Groudon|100/100
|detailschange|p2a: Pyra|Groudon-Primal
|-primal|p2a: Pyra
|-weather|DesolateLand|[from] ability: Desolate Land|[of] p2a: Pyra
|move|p1a: Zacian|Close Combat|p2a: Pyra
|-damage|p2a: Pyra|59/100
|-unboost|p1a: Zacian|def|1
|-unboost|p1a: Zacian|spd|1
|
|-weather|DesolateLand|[upkeep]
|upkeep
|turn|6
|inactive|Battle timer is ON: inactive players will automatically lose when time's up. (requested by alt1445645)
|
|t:|1661660690
|switch|p1a: Rayquaza|Rayquaza-Mega|100/100
|-weather|DeltaStream|[from] ability: Delta Stream|[of] p1a: Rayquaza
|move|p2a: Pyra|Thunder Wave|p1a: Rayquaza
|-status|p1a: Rayquaza|par
|
|-weather|DeltaStream|[upkeep]
|upkeep
|turn|7
|
|t:|1661660699
|move|p2a: Pyra|Stealth Rock|p1a: Rayquaza
|-sidestart|p1: v87|move: Stealth Rock
|move|p1a: Rayquaza|Dragon Ascent|p2a: Pyra
|-damage|p2a: Pyra|9/100
|-unboost|p1a: Rayquaza|def|1
|-unboost|p1a: Rayquaza|spd|1
|
|-weather|DeltaStream|[upkeep]
|upkeep
|turn|8
|
|t:|1661660710
|move|p2a: Pyra|Heat Crash|p1a: Rayquaza
|-resisted|p1a: Rayquaza
|-damage|p1a: Rayquaza|69/100 par
|cant|p1a: Rayquaza|par
|
|-weather|DeltaStream|[upkeep]
|upkeep
|turn|9
|
|t:|1661660716
|move|p2a: Pyra|Heat Crash|p1a: Rayquaza
|-resisted|p1a: Rayquaza
|-damage|p1a: Rayquaza|39/100 par
|move|p1a: Rayquaza|Dragon Ascent|p2a: Pyra
|-damage|p2a: Pyra|0 fnt
|-unboost|p1a: Rayquaza|def|1
|-unboost|p1a: Rayquaza|spd|1
|faint|p2a: Pyra
|
|-weather|DeltaStream|[upkeep]
|upkeep
|
|t:|1661660719
|switch|p2a: Xerneas|Xerneas|100/100
|-ability|p2a: Xerneas|Fairy Aura
|turn|10
|
|t:|1661660730
|move|p2a: Xerneas|Geomancy||[still]
|-prepare|p2a: Xerneas|Geomancy
|-enditem|p2a: Xerneas|Power Herb
|-anim|p2a: Xerneas|Geomancy|p2a: Xerneas
|-boost|p2a: Xerneas|spa|2
|-boost|p2a: Xerneas|spd|2
|-boost|p2a: Xerneas|spe|2
|move|p1a: Rayquaza|Dragon Ascent|p2a: Xerneas
|-damage|p2a: Xerneas|35/100
|-unboost|p1a: Rayquaza|def|1
|-unboost|p1a: Rayquaza|spd|1
|
|-weather|DeltaStream|[upkeep]
|upkeep
|turn|11
|
|t:|1661660741
|move|p1a: Rayquaza|Extreme Speed|p2a: Xerneas
|-damage|p2a: Xerneas|5/100
|move|p2a: Xerneas|Draining Kiss|p1a: Rayquaza
|-supereffective|p1a: Rayquaza
|-damage|p1a: Rayquaza|0 fnt
|-heal|p2a: Xerneas|27/100|[from] drain|[of] p1a: Rayquaza
|faint|p1a: Rayquaza
|-weather|none
|
|upkeep
|j| High ladder bros
|
|t:|1661660751
|switch|p1a: Tornadus|Tornadus, M|100/100
|-damage|p1a: Tornadus|76/100|[from] Stealth Rock
|turn|12
|
|t:|1661660757
|move|p1a: Tornadus|Tailwind|p1a: Tornadus
|-sidestart|p1: v87|move: Tailwind
|move|p2a: Xerneas|Draining Kiss|p1a: Tornadus
|-damage|p1a: Tornadus|0 fnt
|-heal|p2a: Xerneas|65/100|[from] drain|[of] p1a: Tornadus
|faint|p1a: Tornadus
|
|upkeep
|
|t:|1661660765
|switch|p1a: Zacian|Zacian-Crowned|82/100
|-damage|p1a: Zacian|76/100|[from] Stealth Rock
|-ability|p1a: Zacian|Intrepid Sword|boost
|-boost|p1a: Zacian|atk|1
|turn|13
|
|t:|1661660771
|switch|p2a: Arceus|Arceus|100/100
|move|p1a: Zacian|Behemoth Blade|p2a: Arceus
|-crit|p2a: Arceus
|-damage|p2a: Arceus|15/100
|
|upkeep
|turn|14
|
|t:|1661660779
|move|p2a: Arceus|Extreme Speed|p1a: Zacian
|-resisted|p1a: Zacian
|-damage|p1a: Zacian|59/100
|move|p1a: Zacian|Behemoth Blade|p2a: Arceus
|-damage|p2a: Arceus|0 fnt
|faint|p2a: Arceus
|
|upkeep
|
|t:|1661660798
|switch|p2a: Xerneas|Xerneas|65/100
|-ability|p2a: Xerneas|Fairy Aura
|turn|15
|
|t:|1661660803
|move|p1a: Zacian|Behemoth Blade|p2a: Xerneas
|-supereffective|p2a: Xerneas
|-damage|p2a: Xerneas|0 fnt
|faint|p2a: Xerneas
|
|-sideend|p1: v87|move: Tailwind
|upkeep
|
|t:|1661660805
|switch|p2a: Calyrex|Calyrex-Shadow|100/100
|-ability|p2a: Calyrex|As One
|-ability|p2a: Calyrex|Unnerve
|turn|16
|c| High ladder bros|So this is the stuff high ladder be running huh
|
|t:|1661660814
|move|p2a: Calyrex|Astral Barrage|p1a: Zacian
|-damage|p1a: Zacian|0 fnt
|faint|p1a: Zacian
|-ability|p2a: Calyrex|Grim Neigh|boost
|-boost|p2a: Calyrex|spa|1
|
|upkeep
|c|☆alt1445645|nah
|c|☆alt1445645|this is my test team
|
|t:|1661660826
|switch|p1a: Yveltal|Yveltal|100/100
|-damage|p1a: Yveltal|76/100|[from] Stealth Rock
|-ability|p1a: Yveltal|Dark Aura
|turn|17
|
|t:|1661660837
|-start|p2a: Calyrex|Dynamax|
|-heal|p2a: Calyrex|100/100|[silent]
|-start|p1a: Yveltal|Dynamax|
|-heal|p1a: Yveltal|76/100|[silent]
|move|p2a: Calyrex|Max Starfall|p1a: Yveltal
|-supereffective|p1a: Yveltal
|-damage|p1a: Yveltal|17/100
|-fieldstart|move: Misty Terrain
|move|p1a: Yveltal|Max Airstream|p2a: Calyrex
|-damage|p2a: Calyrex|38/100
|-boost|p1a: Yveltal|spe|1
|-damage|p1a: Yveltal|12/100|[from] item: Life Orb
|
|-heal|p2a: Calyrex|41/100|[from] item: Leftovers
|upkeep
|turn|18
|
|t:|1661660856
|move|p1a: Yveltal|Max Airstream|p2a: Calyrex
|-damage|p2a: Calyrex|0 fnt
|-boost|p1a: Yveltal|spe|1
|faint|p2a: Calyrex
|-damage|p1a: Yveltal|7/100|[from] item: Life Orb
|
|win|v87
|raw|v87's rating: 1894 &rarr; <strong>1911</strong><br />(+17 for winning)
|raw|alt1445645's rating: 1843 &rarr; <strong>1826</strong><br />(-17 for losing)
|l|☆alt1445645
|l| High ladder bros
||Ladder isn't responding, score probably updated but might not have (Request timeout).
