|j|☆Czefkuu
|j|‽nostress12313
|t:|1637071019
|gametype|singles
|player|p1|Czefkuu|2|1845
|player|p2|nostress12313|lusamine-nihilego|1683
|teamsize|p1|6
|teamsize|p2|6
|gen|8
|tier|[Gen 8] National Dex AG
|rated|
|rule|HP Percentage Mod: HP is shown in percentages
|rule|Endless Battle Clause: Forcing endless battles is banned
|clearpoke
|poke|p1|Yveltal|
|poke|p1|Xerneas-*|
|poke|p1|Groudon|
|poke|p1|Ho-Oh|
|poke|p1|Marshadow|
|poke|p1|Rayquaza|
|poke|p2|Hatterene, F|
|poke|p2|Melmetal|
|poke|p2|Tyranitar, M|
|poke|p2|Calyrex-Ice|
|poke|p2|Rayquaza|
|poke|p2|Necrozma-Dusk-Mane|
|teampreview
|inactive|Battle timer is ON: inactive players will automatically lose when time's up. (requested by Czefkuu)
|
|t:|1637071055
|start
|switch|p1a: Rayquaza|Rayquaza|100/100
|switch|p2a: Rayquaza|Rayquaza|100/100
|-ability|p1a: Rayquaza|Air Lock
|-ability|p2a: Rayquaza|Air Lock
|turn|1
|
|t:|1637071064
|detailschange|p1a: Rayquaza|Rayquaza-Mega
|-mega|p1a: Rayquaza|Rayquaza|
|-weather|DeltaStream|[from] ability: Delta Stream|[of] p1a: Rayquaza
|detailschange|p2a: Rayquaza|Rayquaza-Mega
|-mega|p2a: Rayquaza|Rayquaza|
|move|p1a: Rayquaza|Dragon Claw|p2a: Rayquaza
|-supereffective|p2a: Rayquaza
|-enditem|p2a: Rayquaza|Focus Sash
|-damage|p2a: Rayquaza|1/100
|move|p2a: Rayquaza|Dragon Ascent|p1a: Rayquaza
|-damage|p1a: Rayquaza|18/100
|-unboost|p2a: Rayquaza|def|1
|-unboost|p2a: Rayquaza|spd|1
|
|-weather|DeltaStream|[upkeep]
|upkeep
|turn|2
|
|t:|1637071078
|switch|p1a: Marshadow|Marshadow|100/100
|move|p2a: Rayquaza|Extreme Speed|p1a: Marshadow
|-immune|p1a: Marshadow
|
|-weather|DeltaStream|[upkeep]
|upkeep
|turn|3
|
|t:|1637071090
|move|p1a: Marshadow|Shadow Sneak|p2a: Rayquaza
|-damage|p2a: Rayquaza|0 fnt
|faint|p2a: Rayquaza
|-weather|none
|
|upkeep
|
|t:|1637071098
|switch|p2a: Necrozma|Necrozma-Dusk-Mane|100/100
|turn|4
|
|t:|1637071110
|switch|p1a: Ho-Oh|Ho-Oh|100/100
|switch|p2a: Tyranitar|Tyranitar, M|100/100
|-weather|Sandstorm|[from] ability: Sand Stream|[of] p2a: Tyranitar
|
|-weather|Sandstorm|[upkeep]
|-damage|p1a: Ho-Oh|94/100|[from] Sandstorm
|upkeep
|turn|5
|
|t:|1637071119
|switch|p1a: Groudon|Groudon|100/100
|detailschange|p1a: Groudon|Groudon-Primal
|-primal|p1a: Groudon
|-weather|DesolateLand|[from] ability: Desolate Land|[of] p1a: Groudon
|move|p2a: Tyranitar|Stealth Rock|p1a: Groudon
|-sidestart|p1: Czefkuu|move: Stealth Rock
|
|-weather|DesolateLand|[upkeep]
|upkeep
|turn|6
|
|t:|1637071129
|switch|p2a: Hatterene|Hatterene, F|100/100
|move|p1a: Groudon|Overheat|p2a: Hatterene
|-damage|p2a: Hatterene|5/100
|-unboost|p1a: Groudon|spa|2
|
|-weather|DesolateLand|[upkeep]
|upkeep
|turn|7
|
|t:|1637071136
|move|p1a: Groudon|Earthquake|p2a: Hatterene
|-damage|p2a: Hatterene|0 fnt
|faint|p2a: Hatterene
|
|-weather|DesolateLand|[upkeep]
|upkeep
|
|t:|1637071140
|switch|p2a: Necrozma|Necrozma-Dusk-Mane|100/100
|turn|8
|
|t:|1637071145
|move|p1a: Groudon|Thunder Wave|p2a: Necrozma
|-status|p2a: Necrozma|par
|move|p2a: Necrozma|Trick Room|p2a: Necrozma
|-fieldstart|move: Trick Room|[of] p2a: Necrozma
|
|-weather|DesolateLand|[upkeep]
|upkeep
|turn|9
|
|t:|1637071149
|move|p2a: Necrozma|Swords Dance|p2a: Necrozma
|-boost|p2a: Necrozma|atk|2
|move|p1a: Groudon|Earthquake|p2a: Necrozma
|-supereffective|p2a: Necrozma
|-damage|p2a: Necrozma|56/100 par
|
|-weather|DesolateLand|[upkeep]
|upkeep
|turn|10
|
|t:|1637071156
|move|p2a: Necrozma|Earthquake|p1a: Groudon
|-supereffective|p1a: Groudon
|-damage|p1a: Groudon|36/100
|move|p1a: Groudon|Earthquake|p2a: Necrozma
|-supereffective|p2a: Necrozma
|-damage|p2a: Necrozma|12/100 par
|-enditem|p2a: Necrozma|Sitrus Berry|[eat]
|-heal|p2a: Necrozma|36/100 par|[from] item: Sitrus Berry
|
|-weather|DesolateLand|[upkeep]
|upkeep
|turn|11
|
|t:|1637071176
|-weather|none
|switch|p1a: Ho-Oh|Ho-Oh|100/100
|move|p2a: Necrozma|Sunsteel Strike|p1a: Ho-Oh
|-resisted|p1a: Ho-Oh
|-crit|p1a: Ho-Oh
|-damage|p1a: Ho-Oh|42/100
|
|upkeep
|turn|12
|
|t:|1637071196
|move|p2a: Necrozma|Sunsteel Strike|p1a: Ho-Oh
|-resisted|p1a: Ho-Oh
|-damage|p1a: Ho-Oh|5/100
|move|p1a: Ho-Oh|Sacred Fire|p2a: Necrozma
|-supereffective|p2a: Necrozma
|-damage|p2a: Necrozma|5/100 par
|
|-fieldend|move: Trick Room
|upkeep
|turn|13
|
|t:|1637071206
|move|p1a: Ho-Oh|Recover|p1a: Ho-Oh
|-heal|p1a: Ho-Oh|55/100
|cant|p2a: Necrozma|par
|
|upkeep
|turn|14
|
|t:|1637071211
|move|p1a: Ho-Oh|Sacred Fire|p2a: Necrozma
|-supereffective|p2a: Necrozma
|-damage|p2a: Necrozma|0 fnt
|faint|p2a: Necrozma
|
|upkeep
|
|t:|1637071220
|switch|p2a: Tyranitar|Tyranitar, M|100/100
|-weather|Sandstorm|[from] ability: Sand Stream|[of] p2a: Tyranitar
|turn|15
|
|t:|1637071235
|switch|p1a: Groudon|Groudon-Primal|36/100
|-damage|p1a: Groudon|24/100|[from] Stealth Rock
|-weather|DesolateLand|[from] ability: Desolate Land|[of] p1a: Groudon
|move|p2a: Tyranitar|Stone Edge|p1a: Groudon
|-damage|p1a: Groudon|4/100
|
|-weather|DesolateLand|[upkeep]
|upkeep
|turn|16
|
|t:|1637071243
|move|p1a: Groudon|Earthquake|p2a: Tyranitar
|-supereffective|p2a: Tyranitar
|-damage|p2a: Tyranitar|14/100
|move|p2a: Tyranitar|Foul Play|p1a: Groudon
|-damage|p1a: Groudon|0 fnt
|faint|p1a: Groudon
|-weather|none
|
|-heal|p2a: Tyranitar|20/100|[from] item: Leftovers
|upkeep
|
|t:|1637071250
|switch|p1a: Yveltal|Yveltal|100/100
|-damage|p1a: Yveltal|76/100|[from] Stealth Rock
|-ability|p1a: Yveltal|Dark Aura
|turn|17
|
|t:|1637071261
|-start|p1a: Yveltal|Dynamax
|-heal|p1a: Yveltal|76/100|[silent]
|-start|p2a: Tyranitar|Dynamax
|-heal|p2a: Tyranitar|20/100|[silent]
|move|p1a: Yveltal|Max Airstream|p2a: Tyranitar
|-resisted|p2a: Tyranitar
|-damage|p2a: Tyranitar|6/100
|-boost|p1a: Yveltal|spe|1
|-damage|p1a: Yveltal|71/100|[from] item: Life Orb
|move|p2a: Tyranitar|Max Rockfall|p1a: Yveltal
|-supereffective|p1a: Yveltal
|-damage|p1a: Yveltal|13/100
|-weather|Sandstorm
|
|-weather|Sandstorm|[upkeep]
|-damage|p1a: Yveltal|10/100|[from] Sandstorm
|-heal|p2a: Tyranitar|9/100|[from] item: Leftovers
|upkeep
|turn|18
|
|t:|1637071281
|move|p2a: Tyranitar|Max Guard|p2a: Tyranitar
|-singleturn|p2a: Tyranitar|Max Guard
|move|p1a: Yveltal|Max Airstream|p2a: Tyranitar
|-activate|p2a: Tyranitar|move: Max Guard
|
|-weather|Sandstorm|[upkeep]
|-damage|p1a: Yveltal|7/100|[from] Sandstorm
|-heal|p2a: Tyranitar|12/100|[from] item: Leftovers
|upkeep
|turn|19
|
|t:|1637071289
|move|p1a: Yveltal|Max Airstream|p2a: Tyranitar
|-resisted|p2a: Tyranitar
|-damage|p2a: Tyranitar|3/100
|-boost|p1a: Yveltal|spe|1
|-damage|p1a: Yveltal|2/100|[from] item: Life Orb
|move|p2a: Tyranitar|Max Rockfall|p1a: Yveltal
|-supereffective|p1a: Yveltal
|-damage|p1a: Yveltal|0 fnt
|faint|p1a: Yveltal
|
|-weather|Sandstorm|[upkeep]
|-heal|p2a: Tyranitar|6/100|[from] item: Leftovers
|-end|p2a: Tyranitar|Dynamax
|-heal|p2a: Tyranitar|6/100|[silent]
|upkeep
|
|t:|1637071304
|switch|p1a: Xerneas|Xerneas|100/100
|-damage|p1a: Xerneas|88/100|[from] Stealth Rock
|-ability|p1a: Xerneas|Fairy Aura
|turn|20
|
|t:|1637071311
|switch|p2a: Melmetal|Melmetal|100/100
|move|p1a: Xerneas|Moonblast|p2a: Melmetal
|-resisted|p2a: Melmetal
|-damage|p2a: Melmetal|62/100
|
|-weather|Sandstorm|[upkeep]
|-damage|p1a: Xerneas|82/100|[from] Sandstorm
|upkeep
|turn|21
|
|t:|1637071319
|switch|p1a: Ho-Oh|Ho-Oh|88/100
|move|p2a: Melmetal|Double Iron Bash|p1a: Ho-Oh
|-resisted|p1a: Ho-Oh
|-damage|p1a: Ho-Oh|68/100
|-resisted|p1a: Ho-Oh
|-damage|p1a: Ho-Oh|47/100
|-hitcount|p1a: Ho-Oh|2
|-damage|p2a: Melmetal|52/100|[from] item: Life Orb
|
|-weather|none
|upkeep
|turn|22
|
|t:|1637071328
|move|p1a: Ho-Oh|Sacred Fire|p2a: Melmetal
|-supereffective|p2a: Melmetal
|-damage|p2a: Melmetal|3/100
|-status|p2a: Melmetal|brn
|move|p2a: Melmetal|Thunder Punch|p1a: Ho-Oh
|-supereffective|p1a: Ho-Oh
|-damage|p1a: Ho-Oh|15/100
|-damage|p2a: Melmetal|0 fnt|[from] item: Life Orb
|faint|p2a: Melmetal
|
|upkeep
|
|t:|1637071337
|switch|p2a: Calyrex|Calyrex-Ice|100/100
|-ability|p2a: Calyrex|As One
|-ability|p2a: Calyrex|Unnerve
|turn|23
|
|t:|1637071353
|move|p1a: Ho-Oh|Sacred Fire|p2a: Calyrex
|-supereffective|p2a: Calyrex
|-damage|p2a: Calyrex|48/100
|-status|p2a: Calyrex|brn
|-enditem|p2a: Calyrex|Lum Berry|[eat]
|-curestatus|p2a: Calyrex|brn|[msg]
|move|p2a: Calyrex|Trick Room|p2a: Calyrex
|-fieldstart|move: Trick Room|[of] p2a: Calyrex
|
|upkeep
|turn|24
|
|t:|1637071361
|move|p2a: Calyrex|Glacial Lance|p1a: Ho-Oh
|-damage|p1a: Ho-Oh|0 fnt
|faint|p1a: Ho-Oh
|-ability|p2a: Calyrex|Chilling Neigh|boost
|-boost|p2a: Calyrex|atk|1
|
|upkeep
|
|t:|1637071374
|switch|p1a: Marshadow|Marshadow|100/100
|-damage|p1a: Marshadow|94/100|[from] Stealth Rock
|turn|25
|inactive|nostress12313 has 120 seconds left.
|
|t:|1637071421
|move|p1a: Marshadow|Shadow Sneak|p2a: Calyrex
|-supereffective|p2a: Calyrex
|-damage|p2a: Calyrex|11/100
|move|p2a: Calyrex|Glacial Lance|p1a: Marshadow
|-damage|p1a: Marshadow|0 fnt
|faint|p1a: Marshadow
|-ability|p2a: Calyrex|Chilling Neigh|boost
|-boost|p2a: Calyrex|atk|1
|
|upkeep
|
|t:|1637071427
|switch|p1a: Xerneas|Xerneas|82/100
|-damage|p1a: Xerneas|69/100|[from] Stealth Rock
|-ability|p1a: Xerneas|Fairy Aura
|turn|26
|
|t:|1637071434
|switch|p1a: Rayquaza|Rayquaza-Mega|18/100
|-damage|p1a: Rayquaza|0 fnt|[from] Stealth Rock
|faint|p1a: Rayquaza
|move|p2a: Calyrex|Glacial Lance|p1: Rayquaza|[notarget]
|-fail|p2a: Calyrex
|
|upkeep
|
|t:|1637071437
|switch|p1a: Xerneas|Xerneas|69/100
|-damage|p1a: Xerneas|57/100|[from] Stealth Rock
|-ability|p1a: Xerneas|Fairy Aura
|turn|27
|
|t:|1637071445
|move|p2a: Calyrex|Glacial Lance|p1a: Xerneas
|-damage|p1a: Xerneas|0 fnt
|faint|p1a: Xerneas
|
|win|nostress12313
|raw|Czefkuu's rating: 1845 &rarr; <strong>1816</strong><br />(-29 for losing)
|raw|nostress12313's rating: 1683 &rarr; <strong>1712</strong><br />(+29 for winning)
|l|☆Czefkuu
||Ladder isn't responding, score probably updated but might not have (Request timeout).
