|j|☆CLEAR GEM清瑜
|j|☆thicsucttv
|t:|1662222632
|gametype|singles
|player|p1|CLEAR GEM清瑜|skierf|1772
|player|p2|thicsucttv|102|1723
|teamsize|p1|6
|teamsize|p2|6
|gen|8
|tier|[Gen 8] National Dex AG
|rated|
|rule|HP Percentage Mod: HP is shown in percentages
|rule|Endless Battle Clause: Forcing endless battles is banned
|clearpoke
|poke|p1|Rayquaza|
|poke|p1|Groudon|
|poke|p1|Necrozma-Dusk-Mane|
|poke|p1|Arceus-*|
|poke|p1|Arceus-*|
|poke|p1|Arceus-*|
|poke|p2|Shuckle, M|
|poke|p2|Marshadow|
|poke|p2|Yveltal|
|poke|p2|Necrozma-Dusk-Mane|
|poke|p2|Ditto|
|poke|p2|Lucario, F|
|teampreview
|inactive|Battle timer is ON: inactive players will automatically lose when time's up. (requested by thicsucttv)
|
|t:|1662222641
|start
|switch|p1a: 不会(?)|Groudon|100/100
|switch|p2a: Shuckle|Shuckle, M, shiny|100/100
|detailschange|p1a: 不会(?)|Groudon-Primal
|-primal|p1a: 不会(?)
|-weather|DesolateLand|[from] ability: Desolate Land|[of] p1a: 不会(?)
|turn|1
|
|t:|1662222652
|move|p1a: 不会(?)|Stealth Rock|p2a: Shuckle
|-sidestart|p2: thicsucttv|move: Stealth Rock
|move|p2a: Shuckle|Encore|p1a: 不会(?)
|-start|p1a: 不会(?)|Encore
|
|-weather|DesolateLand|[upkeep]
|upkeep
|turn|2
|
|t:|1662222657
|-weather|none
|switch|p1a: 钢铁之躯|Necrozma-Dusk-Mane|100/100
|move|p2a: Shuckle|Stealth Rock|p1a: 钢铁之躯
|-sidestart|p1: CLEAR GEM清瑜|move: Stealth Rock
|
|upkeep
|turn|3
|
|t:|1662222664
|move|p1a: 钢铁之躯|Photon Geyser|p2a: Shuckle
|-damage|p2a: Shuckle|65/100
|move|p2a: Shuckle|Sticky Web|p1a: 钢铁之躯
|-sidestart|p1: CLEAR GEM清瑜|move: Sticky Web
|
|upkeep
|turn|4
|
|t:|1662222672
|move|p1a: 钢铁之躯|Dragon Dance|p1a: 钢铁之躯
|-boost|p1a: 钢铁之躯|atk|1
|-boost|p1a: 钢铁之躯|spe|1
|move|p2a: Shuckle|Encore|p1a: 钢铁之躯
|-start|p1a: 钢铁之躯|Encore
|
|upkeep
|turn|5
|
|t:|1662222680
|switch|p1a: 不会(?)|Groudon-Primal|100/100
|-damage|p1a: 不会(?)|88/100|[from] Stealth Rock
|-activate|p1a: 不会(?)|move: Sticky Web
|-unboost|p1a: 不会(?)|spe|1
|-weather|DesolateLand|[from] ability: Desolate Land|[of] p1a: 不会(?)
|switch|p2a: Marshadow|Marshadow|100/100
|-damage|p2a: Marshadow|94/100|[from] Stealth Rock
|
|-weather|DesolateLand|[upkeep]
|upkeep
|turn|6
|
|t:|1662222692
|move|p2a: Marshadow|Close Combat|p1a: 不会(?)
|-damage|p1a: 不会(?)|53/100
|-unboost|p2a: Marshadow|def|1
|-unboost|p2a: Marshadow|spd|1
|move|p1a: 不会(?)|Heat Crash|p2a: Marshadow
|-damage|p2a: Marshadow|0 fnt
|faint|p2a: Marshadow
|
|-weather|DesolateLand|[upkeep]
|upkeep
|inactive|thicsucttv has 120 seconds left.
|
|t:|1662222731
|switch|p2a: Necrozma|Necrozma-Dusk-Mane|100/100
|-damage|p2a: Necrozma|95/100|[from] Stealth Rock
|turn|7
|
|t:|1662222739
|detailschange|p2a: Necrozma|Necrozma-Ultra
|-burst|p2a: Necrozma|Necrozma|Ultranecrozium Z
|move|p2a: Necrozma|Earthquake|p1a: 不会(?)
|-supereffective|p1a: 不会(?)
|-damage|p1a: 不会(?)|0 fnt
|faint|p1a: 不会(?)
|-weather|none
|
|upkeep
|
|t:|1662222745
|switch|p1a: 究极辅助|Arceus-Dark|100/100
|-damage|p1a: 究极辅助|88/100|[from] Stealth Rock
|-activate|p1a: 究极辅助|move: Sticky Web
|-unboost|p1a: 究极辅助|spe|1
|turn|8
|
|t:|1662222752
|switch|p2a: Shuckle|Shuckle, M, shiny|65/100
|-damage|p2a: Shuckle|40/100|[from] Stealth Rock
|move|p1a: 究极辅助|Roar|p2a: Shuckle
|drag|p2a: Ditto|Ditto|100/100
|-damage|p2a: Ditto|88/100|[from] Stealth Rock
|-transform|p2a: Ditto|p1a: 究极辅助|[from] ability: Imposter
|
|upkeep
|turn|9
|inactive|thicsucttv has 120 seconds left.
|
|t:|1662222790
|switch|p2a: Lucario|Lucario, F|100/100
|-damage|p2a: Lucario|98/100|[from] Stealth Rock
|move|p1a: 究极辅助|Roar|p2a: Lucario
|drag|p2a: Yveltal|Yveltal|100/100
|-damage|p2a: Yveltal|76/100|[from] Stealth Rock
|-ability|p2a: Yveltal|Dark Aura
|
|upkeep
|turn|10
|
|t:|1662222802
|move|p2a: Yveltal|Knock Off|p1a: 究极辅助
|-resisted|p1a: 究极辅助
|-damage|p1a: 究极辅助|65/100
|-damage|p2a: Yveltal|66/100|[from] item: Life Orb
|move|p1a: 究极辅助|Roar|p2a: Yveltal
|drag|p2a: Shuckle|Shuckle, M, shiny|40/100
|-damage|p2a: Shuckle|15/100|[from] Stealth Rock
|
|upkeep
|turn|11
|
|t:|1662222814
|move|p2a: Shuckle|Encore|p1a: 究极辅助
|-start|p1a: 究极辅助|Encore
|move|p1a: 究极辅助|Roar|p2a: Shuckle
|drag|p2a: Lucario|Lucario, F|98/100
|-damage|p2a: Lucario|95/100|[from] Stealth Rock
|
|upkeep
|turn|12
|
|t:|1662222822
|detailschange|p2a: Lucario|Lucario-Mega, F
|-mega|p2a: Lucario|Lucario|Lucarionite
|move|p2a: Lucario|Close Combat|p1a: 究极辅助
|-supereffective|p1a: 究极辅助
|-damage|p1a: 究极辅助|0 fnt
|-unboost|p2a: Lucario|def|1
|-unboost|p2a: Lucario|spd|1
|faint|p1a: 究极辅助
|
|upkeep
|
|t:|1662222825
|switch|p1a: 烈龙无敌|Rayquaza|100/100
|-damage|p1a: 烈龙无敌|76/100|[from] Stealth Rock
|-ability|p1a: 烈龙无敌|Air Lock
|turn|13
|
|t:|1662222837
|switch|p2a: Shuckle|Shuckle, M, shiny|15/100
|-damage|p2a: Shuckle|0 fnt|[from] Stealth Rock
|faint|p2a: Shuckle
|detailschange|p1a: 烈龙无敌|Rayquaza-Mega
|-mega|p1a: 烈龙无敌|Rayquaza|
|-weather|DeltaStream|[from] ability: Delta Stream|[of] p1a: 烈龙无敌
|move|p1a: 烈龙无敌|Dragon Ascent|p2: Shuckle|[notarget]
|-fail|p1a: 烈龙无敌
|
|-weather|DeltaStream|[upkeep]
|upkeep
|inactive|thicsucttv has 90 seconds left.
|
|t:|1662222889
|switch|p2a: Ditto|Ditto|88/100
|-damage|p2a: Ditto|76/100|[from] Stealth Rock
|-transform|p2a: Ditto|p1a: 烈龙无敌|[from] ability: Imposter
|turn|14
|
|t:|1662222898
|move|p2a: Ditto|Dragon Ascent|p1a: 烈龙无敌
|-damage|p1a: 烈龙无敌|0 fnt
|-unboost|p2a: Ditto|def|1
|-unboost|p2a: Ditto|spd|1
|faint|p1a: 烈龙无敌
|
|-weather|DeltaStream|[upkeep]
|upkeep
|
|t:|1662222902
|switch|p1a: 钢铁之躯|Necrozma-Dusk-Mane|100/100
|-damage|p1a: 钢铁之躯|94/100|[from] Stealth Rock
|-activate|p1a: 钢铁之躯|move: Sticky Web
|-unboost|p1a: 钢铁之躯|spe|1
|turn|15
|
|t:|1662222914
|move|p2a: Ditto|Dragon Ascent|p1a: 钢铁之躯
|-resisted|p1a: 钢铁之躯
|-damage|p1a: 钢铁之躯|63/100
|-unboost|p2a: Ditto|def|1
|-unboost|p2a: Ditto|spd|1
|move|p1a: 钢铁之躯|Stone Edge|p2a: Ditto|[miss]
|-miss|p1a: 钢铁之躯|p2a: Ditto
|
|-weather|DeltaStream|[upkeep]
|upkeep
|turn|16
|
|t:|1662222936
|-weather|none
|switch|p2a: Lucario|Lucario-Mega, F|95/100
|-damage|p2a: Lucario|92/100|[from] Stealth Rock
|move|p1a: 钢铁之躯|Photon Geyser|p2a: Lucario
|-damage|p2a: Lucario|4/100
|
|upkeep
|turn|17
|
|t:|1662222947
|move|p2a: Lucario|Close Combat|p1a: 钢铁之躯
|-damage|p1a: 钢铁之躯|0 fnt
|-unboost|p2a: Lucario|def|1
|-unboost|p2a: Lucario|spd|1
|faint|p1a: 钢铁之躯
|
|upkeep
|
|t:|1662222952
|switch|p1a: 乱杀P固|Arceus-Ground|100/100
|-damage|p1a: 乱杀P固|94/100|[from] Stealth Rock
|-activate|p1a: 乱杀P固|move: Sticky Web
|-unboost|p1a: 乱杀P固|spe|1
|turn|18
|
|t:|1662222958
|move|p2a: Lucario|Close Combat|p1a: 乱杀P固
|-damage|p1a: 乱杀P固|29/100
|-unboost|p2a: Lucario|def|1
|-unboost|p2a: Lucario|spd|1
|move|p1a: 乱杀P固|Judgment|p2a: Lucario
|-supereffective|p2a: Lucario
|-damage|p2a: Lucario|0 fnt
|faint|p2a: Lucario
|
|upkeep
|
|t:|1662222974
|switch|p2a: Yveltal|Yveltal|66/100
|-damage|p2a: Yveltal|41/100|[from] Stealth Rock
|-ability|p2a: Yveltal|Dark Aura
|turn|19
|
|t:|1662222980
|-start|p2a: Yveltal|Dynamax|
|-heal|p2a: Yveltal|41/100|[silent]
|move|p2a: Yveltal|Max Darkness|p1a: 乱杀P固
|-crit|p1a: 乱杀P固
|-damage|p1a: 乱杀P固|0 fnt
|faint|p1a: 乱杀P固
|-damage|p2a: Yveltal|36/100|[from] item: Life Orb
|
|upkeep
|
|t:|1662222983
|switch|p1a: 悬空羊驼|Arceus-Flying|100/100
|-damage|p1a: 悬空羊驼|76/100|[from] Stealth Rock
|turn|20
|
|t:|1662222994
|-start|p1a: 悬空羊驼|Dynamax|
|-heal|p1a: 悬空羊驼|76/100|[silent]
|move|p1a: 悬空羊驼|Max Guard|p1a: 悬空羊驼
|-singleturn|p1a: 悬空羊驼|Max Guard
|move|p2a: Yveltal|Max Darkness|p1a: 悬空羊驼
|-activate|p1a: 悬空羊驼|move: Max Guard
|
|upkeep
|turn|21
|
|t:|1662223003
|move|p1a: 悬空羊驼|Max Airstream|p2a: Yveltal
|-damage|p2a: Yveltal|0 fnt
|-boost|p1a: 悬空羊驼|spe|1
|faint|p2a: Yveltal
|
|upkeep
|
|t:|1662223010
|switch|p2a: Ditto|Ditto|76/100
|-damage|p2a: Ditto|64/100|[from] Stealth Rock
|-transform|p2a: Ditto|p1a: 悬空羊驼|[from] ability: Imposter
|turn|22
|
|t:|1662223020
|move|p2a: Ditto|Judgment|p1a: 悬空羊驼
|-damage|p1a: 悬空羊驼|63/100
|move|p1a: 悬空羊驼|Max Airstream|p2a: Ditto
|-crit|p2a: Ditto
|-damage|p2a: Ditto|0 fnt
|-boost|p1a: 悬空羊驼|spe|1
|faint|p2a: Ditto
|
|upkeep
|
|t:|1662223030
|switch|p2a: Necrozma|Necrozma-Ultra|95/100
|-damage|p2a: Necrozma|82/100|[from] Stealth Rock
|-end|p1a: 悬空羊驼|Dynamax
|-heal|p1a: 悬空羊驼|63/100|[silent]
|turn|23
|
|t:|1662223044
|move|p1a: 悬空羊驼|Judgment|p2a: Necrozma
|-damage|p2a: Necrozma|20/100
|-zpower|p2a: Necrozma
|move|p2a: Necrozma|Light That Burns the Sky|p1a: 悬空羊驼|[zeffect]
|-damage|p1a: 悬空羊驼|0 fnt
|faint|p1a: 悬空羊驼
|
|win|thicsucttv
|raw|CLEAR GEM清瑜's rating: 1772 &rarr; <strong>1749</strong><br />(-23 for losing)
|raw|thicsucttv's rating: 1723 &rarr; <strong>1746</strong><br />(+23 for winning)
||Ladder isn't responding, score probably updated but might not have (Request timeout).
