|j|☆Yang xiaao
|j|☆09-10a
|t:|1667397138
|gametype|singles
|player|p1|Yang xiaao|lucas|1738
|player|p2|09-10a|schoolkid-gen4dp|1955
|teamsize|p1|6
|teamsize|p2|6
|gen|8
|tier|[Gen 8] National Dex AG
|rated|
|rule|HP Percentage Mod: HP is shown in percentages
|rule|Endless Battle Clause: Forcing endless battles is banned
|clearpoke
|poke|p1|Kyogre|
|poke|p1|Ho-Oh|
|poke|p1|Yveltal|
|poke|p1|Necrozma-Dusk-Mane|
|poke|p1|Zacian-*|
|poke|p1|Ditto|
|poke|p2|Yveltal|
|poke|p2|Rayquaza|
|poke|p2|Arceus-*|
|poke|p2|Calyrex-Shadow|
|poke|p2|Donphan, F|
|poke|p2|Marshadow|
|teampreview
|inactive|Battle timer is ON: inactive players will automatically lose when time's up. (requested by Yang xiaao)
|inactive|09-10a also wants the timer to be on.
|inactive|09-10a has 120 seconds left.
|inactive|09-10a has 90 seconds left.
|
|t:|1667397200
|start
|switch|p1a: Yveltal|Yveltal, shiny|100/100
|switch|p2a: Rayquaza|Rayquaza|100/100
|-ability|p1a: Yveltal|Dark Aura
|-ability|p2a: Rayquaza|Air Lock
|turn|1
|j| Buckfromgothamcity
|
|t:|1667397213
|switch|p2a: Donphan|Donphan, F|100/100
|move|p1a: Yveltal|Dark Pulse|p2a: Donphan
|-ability|p2a: Donphan|Sturdy
|-damage|p2a: Donphan|1/100
|-damage|p1a: Yveltal|91/100|[from] item: Life Orb
|
|upkeep
|turn|2
|-enditem|p2a: Donphan|Custap Berry|[eat]
|-activate|p2a: Donphan|item: Custap Berry|[consumed]
|
|t:|1667397224
|move|p2a: Donphan|Stealth Rock|p1a: Yveltal
|-sidestart|p1: Yang xiaao|move: Stealth Rock
|move|p1a: Yveltal|Dark Pulse|p2a: Donphan
|-damage|p2a: Donphan|0 fnt
|faint|p2a: Donphan
|-damage|p1a: Yveltal|81/100|[from] item: Life Orb
|
|upkeep
|
|t:|1667397227
|switch|p2a: Rayquaza|Rayquaza|100/100
|-ability|p2a: Rayquaza|Air Lock
|turn|3
|
|t:|1667397233
|detailschange|p2a: Rayquaza|Rayquaza-Mega
|-mega|p2a: Rayquaza|Rayquaza|
|-weather|DeltaStream|[from] ability: Delta Stream|[of] p2a: Rayquaza
|move|p2a: Rayquaza|Dragon Dance|p2a: Rayquaza
|-boost|p2a: Rayquaza|atk|1
|-boost|p2a: Rayquaza|spe|1
|move|p1a: Yveltal|Dark Pulse|p2a: Rayquaza
|-damage|p2a: Rayquaza|25/100
|-damage|p1a: Yveltal|71/100|[from] item: Life Orb
|
|-weather|DeltaStream|[upkeep]
|upkeep
|turn|4
|
|t:|1667397237
|move|p2a: Rayquaza|Extreme Speed|p1a: Yveltal
|-damage|p1a: Yveltal|4/100
|-damage|p2a: Rayquaza|15/100|[from] item: Life Orb
|move|p1a: Yveltal|Sucker Punch||[still]
|-fail|p1a: Yveltal
|
|-weather|DeltaStream|[upkeep]
|upkeep
|turn|5
|
|t:|1667397267
|move|p2a: Rayquaza|Extreme Speed|p1a: Yveltal
|-damage|p1a: Yveltal|0 fnt
|faint|p1a: Yveltal
|-damage|p2a: Rayquaza|5/100|[from] item: Life Orb
|
|-weather|DeltaStream|[upkeep]
|upkeep
|
|t:|1667397279
|switch|p1a: Ditto|Ditto, shiny|100/100
|-damage|p1a: Ditto|88/100|[from] Stealth Rock
|-transform|p1a: Ditto|p2a: Rayquaza|[from] ability: Imposter
|turn|6
|inactive|09-10a has 120 seconds left.
|
|t:|1667397310
|switch|p1a: Necrozma|Necrozma-Dusk-Mane, shiny|100/100
|-damage|p1a: Necrozma|94/100|[from] Stealth Rock
|move|p2a: Rayquaza|Extreme Speed|p1a: Necrozma
|-resisted|p1a: Necrozma
|-damage|p1a: Necrozma|76/100
|-damage|p2a: Rayquaza|0 fnt|[from] item: Life Orb
|faint|p2a: Rayquaza
|-weather|none
|
|-heal|p1a: Necrozma|82/100|[from] item: Leftovers
|upkeep
|
|t:|1667397313
|switch|p2a: Calyrex|Calyrex-Shadow|100/100
|-ability|p2a: Calyrex|As One
|-ability|p2a: Calyrex|Unnerve
|turn|7
|
|t:|1667397325
|move|p2a: Calyrex|Substitute|p2a: Calyrex
|-start|p2a: Calyrex|Substitute
|-damage|p2a: Calyrex|76/100
|move|p1a: Necrozma|Thunder Wave||[still]
|-fail|p1a: Necrozma
|
|-heal|p1a: Necrozma|88/100|[from] item: Leftovers
|upkeep
|turn|8
|
|t:|1667397337
|move|p2a: Calyrex|Astral Barrage|p1a: Necrozma
|-supereffective|p1a: Necrozma
|-damage|p1a: Necrozma|0 fnt
|faint|p1a: Necrozma
|-ability|p2a: Calyrex|Grim Neigh|boost
|-boost|p2a: Calyrex|spa|1
|
|upkeep
|
|t:|1667397343
|switch|p1a: Ho-Oh|Ho-Oh, shiny|100/100
|turn|9
|
|t:|1667397361
|move|p2a: Calyrex|Taunt|p1a: Ho-Oh
|-start|p1a: Ho-Oh|move: Taunt
|move|p1a: Ho-Oh|Sacred Fire|p2a: Calyrex
|-end|p2a: Calyrex|Substitute
|
|upkeep
|turn|10
|
|t:|1667397365
|-zpower|p2a: Calyrex
|move|p2a: Calyrex|Never-Ending Nightmare|p1a: Ho-Oh|[zeffect]
|-damage|p1a: Ho-Oh|22/100
|move|p1a: Ho-Oh|Sacred Fire|p2a: Calyrex
|-damage|p2a: Calyrex|27/100
|
|upkeep
|turn|11
|
|t:|1667397380
|move|p2a: Calyrex|Astral Barrage|p1a: Ho-Oh
|-damage|p1a: Ho-Oh|0 fnt
|faint|p1a: Ho-Oh
|-ability|p2a: Calyrex|Grim Neigh|boost
|-boost|p2a: Calyrex|spa|1
|
|upkeep
|
|t:|1667397382
|switch|p1a: Ditto|Ditto, shiny|88/100
|-damage|p1a: Ditto|76/100|[from] Stealth Rock
|-transform|p1a: Ditto|p2a: Calyrex|[from] ability: Imposter
|turn|12
|
|t:|1667397405
|switch|p2a: Arceus|Arceus|100/100
|move|p1a: Ditto|Baton Pass|p1a: Ditto
|
|t:|1667397411
|switch|p1a: Kyogre|Kyogre|100/100|[from]move: Baton Pass
|-damage|p1a: Kyogre|88/100|[from] Stealth Rock
|-weather|RainDance|[from] ability: Drizzle|[of] p1a: Kyogre
|
|-weather|RainDance|[upkeep]
|upkeep
|turn|13
|
|t:|1667397427
|-start|p1a: Kyogre|Dynamax|
|-heal|p1a: Kyogre|88/100|[silent]
|move|p2a: Arceus|Extreme Speed|p1a: Kyogre
|-damage|p1a: Kyogre|67/100
|move|p1a: Kyogre|Max Geyser|p2a: Arceus
|-damage|p2a: Arceus|0 fnt
|faint|p2a: Arceus
|
|-weather|RainDance|[upkeep]
|upkeep
|
|t:|1667397434
|switch|p2a: Calyrex|Calyrex-Shadow|27/100
|-ability|p2a: Calyrex|As One
|-ability|p2a: Calyrex|Unnerve
|turn|14
|
|t:|1667397437
|move|p2a: Calyrex|Substitute|p2a: Calyrex
|-start|p2a: Calyrex|Substitute
|-damage|p2a: Calyrex|2/100
|move|p1a: Kyogre|Max Geyser|p2a: Calyrex
|-end|p2a: Calyrex|Substitute
|
|-weather|RainDance|[upkeep]
|upkeep
|turn|15
|
|t:|1667397464
|move|p2a: Calyrex|Astral Barrage|p1a: Kyogre
|-damage|p1a: Kyogre|37/100
|move|p1a: Kyogre|Max Geyser|p2a: Calyrex
|-damage|p2a: Calyrex|0 fnt
|faint|p2a: Calyrex
|
|-weather|RainDance|[upkeep]
|upkeep
|
|t:|1667397469
|switch|p2a: Yveltal|Yveltal|100/100
|-ability|p2a: Yveltal|Dark Aura
|-end|p1a: Kyogre|Dynamax
|-heal|p1a: Kyogre|38/100|[silent]
|turn|16
|
|t:|1667397472
|-start|p2a: Yveltal|Dynamax|
|-heal|p2a: Yveltal|100/100|[silent]
|move|p1a: Kyogre|Ice Beam|p2a: Yveltal
|-supereffective|p2a: Yveltal
|-damage|p2a: Yveltal|3/100
|move|p2a: Yveltal|Max Airstream|p1a: Kyogre
|-damage|p1a: Kyogre|0 fnt
|-boost|p2a: Yveltal|spe|1
|faint|p1a: Kyogre
|-damage|p2a: Yveltal|0 fnt|[from] item: Life Orb
|faint|p2a: Yveltal
|
|-weather|none
|upkeep
|-message|09-10a forfeited.
|
|win|Yang xiaao
|raw|Yang xiaao's rating: 1738 &rarr; <strong>1769</strong><br />(+31 for winning)
|raw|09-10a's rating: 1955 &rarr; <strong>1924</strong><br />(-31 for losing)
|l|☆09-10a
||Ladder isn't responding, score probably updated but might not have (Request timeout).
|l| Buckfromgothamcity
|l|☆Yang xiaao
|j|☆Yang xiaao
|player|p1|Yang xiaao|lucas
