|j|‽AG Main Infernape
|j|☆NOAH MK2
|t:|1629010200
|gametype|singles
|player|p1|AG Main Infernape|lance|1696
|player|p2|NOAH MK2|2|1759
|teamsize|p1|6
|teamsize|p2|6
|gen|8
|tier|[Gen 8] National Dex AG
|rated|
|rule|HP Percentage Mod: HP is shown in percentages
|rule|Endless Battle Clause: Forcing endless battles is banned
|clearpoke
|poke|p1|Sableye, M|
|poke|p1|Quagsire, M|
|poke|p1|Chansey, F|
|poke|p1|Tyranitar, M|
|poke|p1|Lugia|
|poke|p1|Giratina|
|poke|p2|Klefki, F|
|poke|p2|Hatterene, F|
|poke|p2|Calyrex-Ice|
|poke|p2|Smeargle, F|
|poke|p2|Groudon|
|poke|p2|Rayquaza|
|teampreview
|inactive|Battle timer is ON: inactive players will automatically lose when time's up. (requested by AG Main Infernape)
|inactive|NOAH MK2 has 120 seconds left.
|
|t:|1629010238
|start
|switch|p1a: Sableye|Sableye, M|100/100
|switch|p2a: Hatterene|Hatterene, F|100/100
|turn|1
|
|t:|1629010243
|detailschange|p1a: Sableye|Sableye-Mega, M
|-mega|p1a: Sableye|Sableye|Sablenite
|move|p1a: Sableye|Protect|p1a: Sableye
|-singleturn|p1a: Sableye|Protect
|move|p2a: Hatterene|Calm Mind|p2a: Hatterene
|-boost|p2a: Hatterene|spa|1
|-boost|p2a: Hatterene|spd|1
|
|upkeep
|turn|2
|
|t:|1629010254
|switch|p1a: Chansey|Chansey, F|100/100
|move|p2a: Hatterene|Draining Kiss|p1a: Chansey
|-damage|p1a: Chansey|89/100
|
|upkeep
|turn|3
|
|t:|1629010260
|move|p1a: Chansey|Seismic Toss|p2a: Hatterene
|-damage|p2a: Hatterene|69/100
|move|p2a: Hatterene|Draining Kiss|p1a: Chansey
|-damage|p1a: Chansey|78/100
|-heal|p2a: Hatterene|86/100|[from] drain|[of] p1a: Chansey
|
|upkeep
|turn|4
|
|t:|1629010268
|move|p1a: Chansey|Seismic Toss|p2a: Hatterene
|-damage|p2a: Hatterene|55/100
|move|p2a: Hatterene|Draining Kiss|p1a: Chansey
|-damage|p1a: Chansey|67/100
|-heal|p2a: Hatterene|71/100|[from] drain|[of] p1a: Chansey
|
|upkeep
|turn|5
|
|t:|1629010277
|move|p1a: Chansey|Seismic Toss|p2a: Hatterene
|-damage|p2a: Hatterene|40/100
|move|p2a: Hatterene|Calm Mind|p2a: Hatterene
|-boost|p2a: Hatterene|spa|1
|-boost|p2a: Hatterene|spd|1
|
|upkeep
|turn|6
|
|t:|1629010281
|move|p1a: Chansey|Soft-Boiled|p1a: Chansey
|-heal|p1a: Chansey|100/100
|move|p2a: Hatterene|Draining Kiss|p1a: Chansey
|-damage|p1a: Chansey|87/100
|-heal|p2a: Hatterene|61/100|[from] drain|[of] p1a: Chansey
|
|upkeep
|turn|7
|
|t:|1629010285
|move|p1a: Chansey|Seismic Toss|p2a: Hatterene
|-damage|p2a: Hatterene|29/100
|move|p2a: Hatterene|Calm Mind|p2a: Hatterene
|-boost|p2a: Hatterene|spa|1
|-boost|p2a: Hatterene|spd|1
|
|upkeep
|turn|8
|
|t:|1629010289
|move|p1a: Chansey|Seismic Toss|p2a: Hatterene
|-damage|p2a: Hatterene|0 fnt
|faint|p2a: Hatterene
|
|upkeep
|
|t:|1629010292
|switch|p2a: Calyrex|Calyrex-Ice|100/100
|-ability|p2a: Calyrex|As One
|-ability|p2a: Calyrex|Unnerve
|turn|9
|
|t:|1629010306
|switch|p1a: Tyranitar|Tyranitar, M|100/100
|-weather|Sandstorm|[from] ability: Sand Stream|[of] p1a: Tyranitar
|move|p2a: Calyrex|Glacial Lance|p1a: Tyranitar
|-damage|p1a: Tyranitar|35/100
|
|-weather|Sandstorm|[upkeep]
|-damage|p2a: Calyrex|94/100|[from] Sandstorm
|-heal|p1a: Tyranitar|41/100|[from] item: Leftovers
|upkeep
|turn|10
|
|t:|1629010312
|move|p1a: Tyranitar|Rock Tomb|p2a: Calyrex
|-supereffective|p2a: Calyrex
|-damage|p2a: Calyrex|65/100
|-unboost|p2a: Calyrex|spe|1
|-enditem|p2a: Calyrex|Weakness Policy
|-boost|p2a: Calyrex|atk|2|[from] item: Weakness Policy
|-boost|p2a: Calyrex|spa|2|[from] item: Weakness Policy
|move|p2a: Calyrex|Glacial Lance|p1a: Tyranitar
|-damage|p1a: Tyranitar|0 fnt
|faint|p1a: Tyranitar
|-ability|p2a: Calyrex|Chilling Neigh|boost
|-boost|p2a: Calyrex|atk|1
|
|-weather|Sandstorm|[upkeep]
|-damage|p2a: Calyrex|58/100|[from] Sandstorm
|upkeep
|
|t:|1629010322
|switch|p1a: Sableye|Sableye-Mega, M|100/100
|turn|11
|
|t:|1629010325
|move|p1a: Sableye|Foul Play|p2a: Calyrex
|-supereffective|p2a: Calyrex
|-damage|p2a: Calyrex|0 fnt
|faint|p2a: Calyrex
|
|-weather|Sandstorm|[upkeep]
|-damage|p1a: Sableye|95/100|[from] Sandstorm
|upkeep
|
|t:|1629010332
|switch|p2a: Klefki|Klefki, F|100/100
|turn|12
|
|t:|1629010337
|switch|p1a: Chansey|Chansey, F|87/100
|move|p2a: Klefki|Reflect|p2a: Klefki
|-sidestart|p2: NOAH MK2|Reflect
|
|-weather|Sandstorm|[upkeep]
|-damage|p1a: Chansey|81/100|[from] Sandstorm
|upkeep
|turn|13
|
|t:|1629010348
|switch|p2a: Smeargle|Smeargle, F|100/100
|move|p1a: Chansey|Seismic Toss|p2a: Smeargle
|-damage|p2a: Smeargle|69/100
|
|-weather|none
|-ability|p2a: Smeargle|Moody|boost
|-boost|p2a: Smeargle|def|2
|-unboost|p2a: Smeargle|spa|1
|upkeep
|turn|14
|
|t:|1629010358
|switch|p1a: Sableye|Sableye-Mega, M|95/100
|move|p2a: Smeargle|Substitute|p2a: Smeargle
|-start|p2a: Smeargle|Substitute
|-damage|p2a: Smeargle|44/100
|
|-ability|p2a: Smeargle|Moody|boost
|-boost|p2a: Smeargle|spe|2
|-unboost|p2a: Smeargle|atk|1
|upkeep
|turn|15
|
|t:|1629010364
|move|p2a: Smeargle|Shift Gear|p2a: Smeargle
|-boost|p2a: Smeargle|spe|2
|-boost|p2a: Smeargle|atk|1
|move|p1a: Sableye|Foul Play|p2a: Smeargle
|-activate|p2a: Smeargle|move: Substitute|[damage]
|
|-ability|p2a: Smeargle|Moody|boost
|-boost|p2a: Smeargle|spa|2
|-unboost|p2a: Smeargle|atk|1
|upkeep
|turn|16
|
|t:|1629010371
|move|p2a: Smeargle|Shift Gear|p2a: Smeargle
|-boost|p2a: Smeargle|spe|2
|-boost|p2a: Smeargle|atk|1
|move|p1a: Sableye|Foul Play|p2a: Smeargle
|-activate|p2a: Smeargle|move: Substitute|[damage]
|
|-ability|p2a: Smeargle|Moody|boost
|-boost|p2a: Smeargle|spd|2
|-unboost|p2a: Smeargle|def|1
|upkeep
|turn|17
|
|t:|1629010380
|move|p2a: Smeargle|Shift Gear|p2a: Smeargle
|-boost|p2a: Smeargle|spe|0
|-boost|p2a: Smeargle|atk|1
|move|p1a: Sableye|Foul Play|p2a: Smeargle
|-activate|p2a: Smeargle|move: Substitute|[damage]
|
|-ability|p2a: Smeargle|Moody|boost
|-boost|p2a: Smeargle|atk|2
|-unboost|p2a: Smeargle|spe|1
|upkeep
|turn|18
|
|t:|1629010392
|move|p2a: Smeargle|Baton Pass|p2a: Smeargle
|
|t:|1629010395
|switch|p2a: Rayquaza|Rayquaza|100/100|[from]move: Baton Pass
|-ability|p2a: Rayquaza|Air Lock
|move|p1a: Sableye|Foul Play|p2a: Rayquaza
|-end|p2a: Rayquaza|Substitute
|
|upkeep
|turn|19
|
|t:|1629010406
|detailschange|p2a: Rayquaza|Rayquaza-Mega
|-mega|p2a: Rayquaza|Rayquaza|
|-weather|DeltaStream|[from] ability: Delta Stream|[of] p2a: Rayquaza
|move|p1a: Sableye|Protect|p1a: Sableye
|-singleturn|p1a: Sableye|Protect
|move|p2a: Rayquaza|Dragon Ascent|p1a: Sableye
|-activate|p1a: Sableye|move: Protect
|
|-weather|DeltaStream|[upkeep]
|-sideend|p2: NOAH MK2|Reflect
|upkeep
|turn|20
|
|t:|1629010414
|move|p2a: Rayquaza|Dragon Ascent|p1a: Sableye
|-damage|p1a: Sableye|0 fnt
|-unboost|p2a: Rayquaza|def|1
|-unboost|p2a: Rayquaza|spd|1
|faint|p1a: Sableye
|-damage|p2a: Rayquaza|91/100|[from] item: Life Orb
|
|-weather|DeltaStream|[upkeep]
|upkeep
|
|t:|1629010419
|switch|p1a: Quagsire|Quagsire, M|100/100
|turn|21
|
|t:|1629010421
|move|p2a: Rayquaza|Dragon Ascent|p1a: Quagsire
|-damage|p1a: Quagsire|27/100
|-unboost|p2a: Rayquaza|def|1
|-unboost|p2a: Rayquaza|spd|1
|-damage|p2a: Rayquaza|74/100|[from] item: Rocky Helmet|[of] p1a: Quagsire
|-damage|p2a: Rayquaza|64/100|[from] item: Life Orb
|move|p1a: Quagsire|Toxic|p2a: Rayquaza
|-status|p2a: Rayquaza|tox
|
|-weather|DeltaStream|[upkeep]
|-damage|p2a: Rayquaza|58/100 tox|[from] psn
|upkeep
|turn|22
|
|t:|1629010434
|move|p2a: Rayquaza|Dragon Ascent|p1a: Quagsire
|-damage|p1a: Quagsire|0 fnt
|-unboost|p2a: Rayquaza|def|1
|-unboost|p2a: Rayquaza|spd|1
|-damage|p2a: Rayquaza|42/100 tox|[from] item: Rocky Helmet|[of] p1a: Quagsire
|faint|p1a: Quagsire
|-damage|p2a: Rayquaza|32/100 tox|[from] item: Life Orb
|
|-weather|DeltaStream|[upkeep]
|-damage|p2a: Rayquaza|20/100 tox|[from] psn
|upkeep
|
|t:|1629010437
|switch|p1a: Lugia|Lugia|100/100
|turn|23
|
|t:|1629010441
|-weather|none
|switch|p2a: Smeargle|Smeargle, F|44/100
|move|p1a: Lugia|Roost||[still]
|-fail|p1a: Lugia|heal
|
|-ability|p2a: Smeargle|Moody|boost
|-boost|p2a: Smeargle|def|2
|-unboost|p2a: Smeargle|spa|1
|upkeep
|turn|24
|
|t:|1629010449
|move|p2a: Smeargle|Spore|p1a: Lugia
|-status|p1a: Lugia|slp|[from] move: Spore
|cant|p1a: Lugia|slp
|
|-ability|p2a: Smeargle|Moody|boost
|-boost|p2a: Smeargle|def|2
|-unboost|p2a: Smeargle|spe|1
|upkeep
|turn|25
|
|t:|1629010453
|move|p2a: Smeargle|Substitute|p2a: Smeargle
|-start|p2a: Smeargle|Substitute
|-damage|p2a: Smeargle|19/100
|cant|p1a: Lugia|slp
|
|-ability|p2a: Smeargle|Moody|boost
|-boost|p2a: Smeargle|spa|2
|-unboost|p2a: Smeargle|atk|1
|upkeep
|turn|26
|
|t:|1629010459
|move|p2a: Smeargle|Shift Gear|p2a: Smeargle
|-boost|p2a: Smeargle|spe|2
|-boost|p2a: Smeargle|atk|1
|cant|p1a: Lugia|slp
|
|-ability|p2a: Smeargle|Moody|boost
|-boost|p2a: Smeargle|spa|2
|-unboost|p2a: Smeargle|def|1
|upkeep
|turn|27
|
|t:|1629010465
|move|p2a: Smeargle|Shift Gear|p2a: Smeargle
|-boost|p2a: Smeargle|spe|2
|-boost|p2a: Smeargle|atk|1
|-curestatus|p1a: Lugia|slp|[msg]
|move|p1a: Lugia|Whirlwind|p2a: Smeargle
|drag|p2a: Rayquaza|Rayquaza-Mega|20/100 tox
|-weather|DeltaStream|[from] ability: Delta Stream|[of] p2a: Rayquaza
|
|-weather|DeltaStream|[upkeep]
|-damage|p2a: Rayquaza|14/100 tox|[from] psn
|upkeep
|turn|28
|
|t:|1629010475
|-weather|none
|switch|p2a: Klefki|Klefki, F|100/100
|move|p1a: Lugia|Roost||[still]
|-fail|p1a: Lugia|heal
|
|upkeep
|turn|29
|
|t:|1629010482
|switch|p1a: Chansey|Chansey, F|81/100
|move|p2a: Klefki|Reflect|p2a: Klefki
|-sidestart|p2: NOAH MK2|Reflect
|
|upkeep
|turn|30
|
|t:|1629010486
|move|p2a: Klefki|Steel Beam|p1a: Chansey
|-damage|p1a: Chansey|70/100
|-damage|p2a: Klefki|50/100|[from] mindblown
|move|p1a: Chansey|Seismic Toss|p2a: Klefki
|-damage|p2a: Klefki|19/100
|
|upkeep
|turn|31
|
|t:|1629010492
|move|p2a: Klefki|Steel Beam|p1a: Chansey
|-damage|p1a: Chansey|59/100
|-damage|p2a: Klefki|0 fnt|[from] mindblown
|faint|p2a: Klefki
|move|p1a: Chansey|Seismic Toss|p2: Klefki|[notarget]
|-fail|p1a: Chansey
|
|upkeep
|
|t:|1629010495
|switch|p2a: Smeargle|Smeargle, F|19/100
|turn|32
|
|t:|1629010499
|switch|p1a: Lugia|Lugia|100/100
|move|p2a: Smeargle|Spore|p1a: Lugia
|-status|p1a: Lugia|slp|[from] move: Spore
|
|-ability|p2a: Smeargle|Moody|boost
|-boost|p2a: Smeargle|atk|2
|-unboost|p2a: Smeargle|def|1
|upkeep
|turn|33
|
|t:|1629010507
|move|p2a: Smeargle|Baton Pass|p2a: Smeargle
|
|t:|1629010509
|switch|p2a: Groudon|Groudon|100/100|[from]move: Baton Pass
|detailschange|p2a: Groudon|Groudon-Primal
|-primal|p2a: Groudon
|-weather|DesolateLand|[from] ability: Desolate Land|[of] p2a: Groudon
|cant|p1a: Lugia|slp
|
|-weather|DesolateLand|[upkeep]
|upkeep
|turn|34
|
|t:|1629010516
|cant|p1a: Lugia|slp
|move|p2a: Groudon|Stone Edge|p1a: Lugia
|-supereffective|p1a: Lugia
|-damage|p1a: Lugia|65/100 slp
|
|-weather|DesolateLand|[upkeep]
|-heal|p1a: Lugia|71/100 slp|[from] item: Leftovers
|upkeep
|turn|35
|
|t:|1629010523
|-curestatus|p1a: Lugia|slp|[msg]
|move|p1a: Lugia|Roost|p1a: Lugia
|-heal|p1a: Lugia|100/100
|-singleturn|p1a: Lugia|move: Roost
|move|p2a: Groudon|Stone Edge|p1a: Lugia
|-damage|p1a: Lugia|82/100
|
|-weather|DesolateLand|[upkeep]
|-heal|p1a: Lugia|88/100|[from] item: Leftovers
|upkeep
|turn|36
|
|t:|1629010532
|move|p1a: Lugia|Toxic|p2a: Groudon
|-status|p2a: Groudon|tox
|move|p2a: Groudon|Stone Edge|p1a: Lugia
|-supereffective|p1a: Lugia
|-damage|p1a: Lugia|17/100
|
|-weather|DesolateLand|[upkeep]
|-heal|p1a: Lugia|23/100|[from] item: Leftovers
|-damage|p2a: Groudon|94/100 tox|[from] psn
|-sideend|p2: NOAH MK2|Reflect
|upkeep
|turn|37
|
|t:|1629010546
|switch|p1a: Giratina|Giratina|100/100
|-ability|p1a: Giratina|Pressure
|move|p2a: Groudon|Fire Punch|p1a: Giratina
|-resisted|p1a: Giratina
|-damage|p1a: Giratina|71/100
|
|-weather|DesolateLand|[upkeep]
|-heal|p1a: Giratina|77/100|[from] item: Leftovers
|-damage|p2a: Groudon|82/100 tox|[from] psn
|upkeep
|turn|38
|
|t:|1629010559
|move|p2a: Groudon|Stone Edge|p1a: Giratina
|-damage|p1a: Giratina|43/100
|move|p1a: Giratina|Rest|p1a: Giratina
|-status|p1a: Giratina|slp|[from] move: Rest
|-heal|p1a: Giratina|100/100 slp|[silent]
|
|-weather|DesolateLand|[upkeep]
|-damage|p2a: Groudon|63/100 tox|[from] psn
|upkeep
|turn|39
|-message|NOAH MK2 forfeited.
|
|win|AG Main Infernape
|raw|AG Main Infernape's rating: 1696 &rarr; <strong>1720</strong><br />(+24 for winning)
|raw|NOAH MK2's rating: 1759 &rarr; <strong>1735</strong><br />(-24 for losing)
|l|☆NOAH MK2
