|j|☆Aedui
|j|☆MVP2536
|t:|1661766931
|gametype|singles
|player|p1|Aedui|266|1698
|player|p2|MVP2536|giovanni|1792
|teamsize|p1|6
|teamsize|p2|6
|gen|8
|tier|[Gen 8] National Dex AG
|rated|
|rule|HP Percentage Mod: HP is shown in percentages
|rule|Endless Battle Clause: Forcing endless battles is banned
|clearpoke
|poke|p1|Chansey, F|
|poke|p1|Giratina|
|poke|p1|Arceus-*|
|poke|p1|Lugia|
|poke|p1|Quagsire, F|
|poke|p1|Sableye, M|
|poke|p2|Groudon|
|poke|p2|Aegislash, M|
|poke|p2|Rotom-Wash|
|poke|p2|Scrafty, M|
|poke|p2|Whimsicott, F|
|poke|p2|Ditto|
|teampreview
|inactive|Battle timer is ON: inactive players will automatically lose when time's up. (requested by MVP2536)
|
|t:|1661766975
|start
|switch|p1a: Sableye|Sableye, M|100/100
|switch|p2a: Whimsicott|Whimsicott, F|100/100
|turn|1
|
|t:|1661766981
|move|p1a: Sableye|Fake Out|p2a: Whimsicott
|-damage|p2a: Whimsicott|91/100
|cant|p2a: Whimsicott|flinch
|
|upkeep
|turn|2
|
|t:|1661766988
|detailschange|p1a: Sableye|Sableye-Mega, M
|-mega|p1a: Sableye|Sableye|Sablenite
|move|p2a: Whimsicott|Moonblast|p1a: Sableye
|-supereffective|p1a: Sableye
|-damage|p1a: Sableye|25/100
|move|p1a: Sableye|Toxic|p2a: Whimsicott
|-status|p2a: Whimsicott|tox
|
|-damage|p2a: Whimsicott|85/100 tox|[from] psn
|upkeep
|turn|3
|
|t:|1661767004
|switch|p1a: Lugia|Lugia|100/100
|move|p2a: Whimsicott|Stun Spore|p1a: Lugia
|-status|p1a: Lugia|par
|
|-damage|p2a: Whimsicott|72/100 tox|[from] psn
|upkeep
|turn|4
|
|t:|1661767012
|switch|p2a: garbage|Groudon|100/100
|detailschange|p2a: garbage|Groudon-Primal
|-primal|p2a: garbage
|-weather|DesolateLand|[from] ability: Desolate Land|[of] p2a: garbage
|move|p1a: Lugia|Psychic|p2a: garbage
|-damage|p2a: garbage|79/100
|
|-weather|DesolateLand|[upkeep]
|upkeep
|turn|5
|
|t:|1661767031
|switch|p1a: Giratina|Giratina|100/100
|-ability|p1a: Giratina|Pressure
|move|p2a: garbage|Heat Crash|p1a: Giratina
|-resisted|p1a: Giratina
|-damage|p1a: Giratina|90/100
|
|-weather|DesolateLand|[upkeep]
|-heal|p1a: Giratina|96/100|[from] item: Leftovers
|upkeep
|turn|6
|
|t:|1661767048
|-weather|none
|switch|p2a: Scrafty|Scrafty, M|100/100
|move|p1a: Giratina|Toxic|p2a: Scrafty|[miss]
|-miss|p1a: Giratina|p2a: Scrafty
|
|-heal|p1a: Giratina|100/100|[from] item: Leftovers
|upkeep
|turn|7
|
|t:|1661767056
|switch|p1a: Arceus|Arceus-Dark|100/100
|move|p2a: Scrafty|Knock Off|p1a: Arceus
|-resisted|p1a: Arceus
|-damage|p1a: Arceus|92/100
|
|upkeep
|turn|8
|
|t:|1661767064
|switch|p1a: Lugia|Lugia|100/100 par
|move|p2a: Scrafty|Drain Punch|p1a: Lugia
|-resisted|p1a: Lugia
|-damage|p1a: Lugia|99/100 par
|
|upkeep
|turn|9
|
|t:|1661767076
|switch|p1a: Quagsire|Quagsire, F|100/100
|move|p2a: Scrafty|Knock Off|p1a: Quagsire
|-damage|p1a: Quagsire|78/100
|-enditem|p1a: Quagsire|Leftovers|[from] move: Knock Off|[of] p2a: Scrafty
|
|upkeep
|turn|10
|
|t:|1661767083
|switch|p2a: Whimsicott|Whimsicott, F|72/100 tox
|move|p1a: Quagsire|Scald|p2a: Whimsicott
|-resisted|p2a: Whimsicott
|-damage|p2a: Whimsicott|60/100 tox
|
|-damage|p2a: Whimsicott|54/100 tox|[from] psn
|upkeep
|turn|11
|
|t:|1661767097
|switch|p1a: Sableye|Sableye-Mega, M|25/100
|move|p2a: Whimsicott|Leech Seed|p1a: Sableye
|move|p1a: Sableye|Leech Seed|p2a: Whimsicott|[from]ability: Magic Bounce
|-immune|p2a: Whimsicott
|
|-damage|p2a: Whimsicott|41/100 tox|[from] psn
|upkeep
|turn|12
|
|t:|1661767106
|switch|p2a: garbage|Groudon-Primal|79/100
|-weather|DesolateLand|[from] ability: Desolate Land|[of] p2a: garbage
|switch|p1a: Giratina|Giratina|100/100
|-ability|p1a: Giratina|Pressure
|
|-weather|DesolateLand|[upkeep]
|upkeep
|turn|13
|
|t:|1661767114
|-weather|none
|switch|p2a: Scrafty|Scrafty, M|100/100
|move|p1a: Giratina|Toxic|p2a: Scrafty
|-status|p2a: Scrafty|tox
|
|-damage|p2a: Scrafty|95/100 tox|[from] psn
|upkeep
|turn|14
|
|t:|1661767123
|switch|p1a: Arceus|Arceus-Dark|92/100
|move|p2a: Scrafty|Knock Off|p1a: Arceus
|-resisted|p1a: Arceus
|-damage|p1a: Arceus|84/100
|
|-damage|p2a: Scrafty|83/100 tox|[from] psn
|upkeep
|turn|15
|
|t:|1661767131
|move|p1a: Arceus|Recover|p1a: Arceus
|-heal|p1a: Arceus|100/100
|move|p2a: Scrafty|Knock Off|p1a: Arceus
|-resisted|p1a: Arceus
|-damage|p1a: Arceus|92/100
|
|-activate|p2a: Scrafty|ability: Shed Skin
|-curestatus|p2a: Scrafty|tox|[msg]
|upkeep
|turn|16
|
|t:|1661767141
|move|p1a: Arceus|Whirlpool|p2a: Scrafty
|-damage|p2a: Scrafty|78/100
|-activate|p2a: Scrafty|move: Whirlpool|[of] p1a: Arceus
|move|p2a: Scrafty|Knock Off|p1a: Arceus
|-resisted|p1a: Arceus
|-damage|p1a: Arceus|84/100
|
|-damage|p2a: Scrafty|65/100|[from] move: Whirlpool|[partiallytrapped]
|upkeep
|turn|17
|c|☆MVP2536|oh crap
|
|t:|1661767158
|-start|p2a: Scrafty|Dynamax|
|-heal|p2a: Scrafty|65/100|[silent]
|move|p1a: Arceus|Perish Song|p1a: Arceus
|-start|p1a: Arceus|perish3|[silent]
|-start|p2a: Scrafty|perish3|[silent]
|-fieldactivate|move: Perish Song
|move|p2a: Scrafty|Max Knuckle|p1a: Arceus
|-supereffective|p1a: Arceus
|-damage|p1a: Arceus|38/100
|-boost|p2a: Scrafty|atk|1
|
|-damage|p2a: Scrafty|59/100|[from] move: Whirlpool|[partiallytrapped]
|-start|p1a: Arceus|perish3
|-start|p2a: Scrafty|perish3
|upkeep
|turn|18
|
|t:|1661767172
|switch|p1a: Lugia|Lugia|99/100 par
|move|p2a: Scrafty|Max Knuckle|p1a: Lugia
|-resisted|p1a: Lugia
|-damage|p1a: Lugia|94/100 par
|-boost|p2a: Scrafty|atk|1
|
|-end|p2a: Scrafty|Whirlpool|[partiallytrapped]|[silent]
|-start|p2a: Scrafty|perish2
|upkeep
|turn|19
|
|t:|1661767188
|switch|p1a: Arceus|Arceus-Dark|38/100
|move|p2a: Scrafty|Max Darkness|p1a: Arceus
|-resisted|p1a: Arceus
|-damage|p1a: Arceus|7/100
|-unboost|p1a: Arceus|spd|1
|
|-start|p2a: Scrafty|perish1
|upkeep
|-end|p2a: Scrafty|Dynamax
|-heal|p2a: Scrafty|59/100|[silent]
|turn|20
|
|t:|1661767202
|switch|p2a: Whimsicott|Whimsicott, F|41/100 tox
|move|p1a: Arceus|Recover|p1a: Arceus
|-heal|p1a: Arceus|57/100
|
|-damage|p2a: Whimsicott|35/100 tox|[from] psn
|upkeep
|turn|21
|
|t:|1661767216
|switch|p1a: Chansey|Chansey, F|100/100
|move|p2a: Whimsicott|Leech Seed|p1a: Chansey
|-start|p1a: Chansey|move: Leech Seed
|
|-damage|p1a: Chansey|88/100|[from] Leech Seed|[of] p2a: Whimsicott
|-heal|p2a: Whimsicott|65/100 tox|[silent]
|-damage|p2a: Whimsicott|53/100 tox|[from] psn
|upkeep
|turn|22
|
|t:|1661767227
|switch|p2a: garbage|Groudon-Primal|79/100
|-weather|DesolateLand|[from] ability: Desolate Land|[of] p2a: garbage
|move|p1a: Chansey|Teleport|p1a: Chansey
|
|t:|1661767232
|switch|p1a: Giratina|Giratina|100/100|[from]move: Teleport
|-ability|p1a: Giratina|Pressure
|
|-weather|DesolateLand|[upkeep]
|upkeep
|turn|23
|
|t:|1661767250
|move|p2a: garbage|Precipice Blades|p1a: Giratina
|-damage|p1a: Giratina|62/100
|move|p1a: Giratina|Toxic|p2a: garbage
|-status|p2a: garbage|tox
|
|-weather|DesolateLand|[upkeep]
|-heal|p1a: Giratina|68/100|[from] item: Leftovers
|-damage|p2a: garbage|73/100 tox|[from] psn
|upkeep
|turn|24
|inactive|Aedui has 120 seconds left.
|
|t:|1661767297
|move|p2a: garbage|Rest|p2a: garbage
|-status|p2a: garbage|slp|[from] move: Rest
|-heal|p2a: garbage|100/100 slp|[silent]
|move|p1a: Giratina|Defog|p2a: garbage
|-unboost|p2a: garbage|evasion|1
|
|-weather|DesolateLand|[upkeep]
|-heal|p1a: Giratina|74/100|[from] item: Leftovers
|upkeep
|turn|25
|
|t:|1661767307
|cant|p2a: garbage|slp
|move|p2a: garbage|Sleep Talk|p2a: garbage
|move|p2a: garbage|Rest||[from]move: Sleep Talk|[still]
|-fail|p2a: garbage
|move|p1a: Giratina|Toxic||[still]
|-fail|p1a: Giratina
|
|-weather|DesolateLand|[upkeep]
|-heal|p1a: Giratina|80/100|[from] item: Leftovers
|upkeep
|turn|26
|
|t:|1661767316
|cant|p2a: garbage|slp
|move|p2a: garbage|Sleep Talk|p2a: garbage
|move|p2a: garbage|Heat Crash|p1a: Giratina|[from]move: Sleep Talk
|-resisted|p1a: Giratina
|-damage|p1a: Giratina|71/100
|move|p1a: Giratina|Toxic||[still]
|-fail|p1a: Giratina
|
|-weather|DesolateLand|[upkeep]
|-heal|p1a: Giratina|77/100|[from] item: Leftovers
|upkeep
|turn|27
|
|t:|1661767325
|-weather|none
|switch|p2a: Scrafty|Scrafty, M|59/100
|move|p1a: Giratina|Toxic|p2a: Scrafty
|-status|p2a: Scrafty|tox
|
|-heal|p1a: Giratina|83/100|[from] item: Leftovers
|-damage|p2a: Scrafty|53/100 tox|[from] psn
|upkeep
|turn|28
|
|t:|1661767333
|switch|p1a: Arceus|Arceus-Dark|57/100
|move|p2a: Scrafty|Drain Punch|p1a: Arceus
|-supereffective|p1a: Arceus
|-damage|p1a: Arceus|20/100
|-heal|p2a: Scrafty|78/100 tox|[from] drain|[of] p1a: Arceus
|
|-activate|p2a: Scrafty|ability: Shed Skin
|-curestatus|p2a: Scrafty|tox|[msg]
|upkeep
|turn|29
|
|t:|1661767343
|move|p1a: Arceus|Recover|p1a: Arceus
|-heal|p1a: Arceus|70/100
|move|p2a: Scrafty|Drain Punch|p1a: Arceus
|-supereffective|p1a: Arceus
|-damage|p1a: Arceus|31/100
|-heal|p2a: Scrafty|100/100|[from] drain|[of] p1a: Arceus
|
|upkeep
|turn|30
|
|t:|1661767359
|switch|p2a: garbage|Groudon-Primal|100/100 slp
|-weather|DesolateLand|[from] ability: Desolate Land|[of] p2a: garbage
|move|p1a: Arceus|Recover|p1a: Arceus
|-heal|p1a: Arceus|82/100
|
|-weather|DesolateLand|[upkeep]
|upkeep
|turn|31
|
|t:|1661767366
|move|p1a: Arceus|Judgment|p2a: garbage
|-damage|p2a: garbage|66/100 slp
|-curestatus|p2a: garbage|slp|[msg]
|move|p2a: garbage|Precipice Blades|p1a: Arceus
|-damage|p1a: Arceus|36/100
|
|-weather|DesolateLand|[upkeep]
|upkeep
|turn|32
|
|t:|1661767374
|move|p1a: Arceus|Recover|p1a: Arceus
|-heal|p1a: Arceus|86/100
|move|p2a: garbage|Heat Crash|p1a: Arceus
|-damage|p1a: Arceus|38/100
|
|-weather|DesolateLand|[upkeep]
|upkeep
|turn|33
|
|t:|1661767379
|move|p1a: Arceus|Recover|p1a: Arceus
|-heal|p1a: Arceus|89/100
|move|p2a: garbage|Heat Crash|p1a: Arceus
|-damage|p1a: Arceus|45/100
|
|-weather|DesolateLand|[upkeep]
|upkeep
|turn|34
|
|t:|1661767385
|switch|p1a: Giratina|Giratina|83/100
|-ability|p1a: Giratina|Pressure
|move|p2a: garbage|Precipice Blades|p1a: Giratina
|-damage|p1a: Giratina|44/100
|
|-weather|DesolateLand|[upkeep]
|-heal|p1a: Giratina|50/100|[from] item: Leftovers
|upkeep
|turn|35
|
|t:|1661767393
|move|p2a: garbage|Precipice Blades|p1a: Giratina
|-damage|p1a: Giratina|9/100
|move|p1a: Giratina|Rest|p1a: Giratina
|-status|p1a: Giratina|slp|[from] move: Rest
|-heal|p1a: Giratina|100/100 slp|[silent]
|
|-weather|DesolateLand|[upkeep]
|upkeep
|turn|36
|
|t:|1661767401
|-weather|none
|switch|p2a: Whimsicott|Whimsicott, F|53/100 tox
|cant|p1a: Giratina|slp
|
|-damage|p2a: Whimsicott|47/100 tox|[from] psn
|upkeep
|turn|37
|
|t:|1661767407
|switch|p1a: Lugia|Lugia|94/100 par
|move|p2a: Whimsicott|Moonblast|p1a: Lugia
|-damage|p1a: Lugia|75/100 par
|
|-damage|p2a: Whimsicott|35/100 tox|[from] psn
|upkeep
|turn|38
|
|t:|1661767414
|switch|p2a: Rotom|Rotom-Wash|100/100
|move|p1a: Lugia|Roost|p1a: Lugia
|-heal|p1a: Lugia|100/100 par
|-singleturn|p1a: Lugia|move: Roost
|
|upkeep
|turn|39
|
|t:|1661767422
|switch|p1a: Quagsire|Quagsire, F|78/100
|move|p2a: Rotom|Volt Switch|p1a: Quagsire
|-immune|p1a: Quagsire
|
|upkeep
|turn|40
|
|t:|1661767428
|move|p1a: Quagsire|Protect|p1a: Quagsire
|-singleturn|p1a: Quagsire|Protect
|move|p2a: Rotom|Toxic|p1a: Quagsire
|-activate|p1a: Quagsire|move: Protect
|
|upkeep
|turn|41
|
|t:|1661767434
|switch|p1a: Sableye|Sableye-Mega, M|25/100
|move|p2a: Rotom|Volt Switch|p1a: Sableye
|-damage|p1a: Sableye|1/100
|
|t:|1661767451
|switch|p2a: Aegislash|Aegislash, M|100/100|[from]move: Volt Switch
|
|upkeep
|turn|42
|
|t:|1661767461
|-formechange|p2a: Aegislash|Aegislash-Blade||[from] ability: Stance Change
|move|p2a: Aegislash|Iron Head|p1a: Sableye
|-damage|p1a: Sableye|0 fnt
|faint|p1a: Sableye
|
|upkeep
|
|t:|1661767488
|switch|p1a: Lugia|Lugia|100/100 par
|turn|43
|
|t:|1661767493
|switch|p2a: Rotom|Rotom-Wash|100/100
|cant|p1a: Lugia|par
|
|upkeep
|turn|44
|
|t:|1661767498
|move|p2a: Rotom|Volt Switch|p1a: Lugia
|-supereffective|p1a: Lugia
|-damage|p1a: Lugia|85/100 par
|
|t:|1661767502
|switch|p2a: garbage|Groudon-Primal|66/100|[from]move: Volt Switch
|-weather|DesolateLand|[from] ability: Desolate Land|[of] p2a: garbage
|cant|p1a: Lugia|par
|
|-weather|DesolateLand|[upkeep]
|upkeep
|turn|45
|
|t:|1661767509
|-weather|none
|switch|p2a: Rotom|Rotom-Wash|100/100
|switch|p1a: Giratina|Giratina|100/100 slp
|-ability|p1a: Giratina|Pressure
|
|upkeep
|turn|46
|
|t:|1661767516
|cant|p1a: Giratina|slp
|move|p2a: Rotom|Volt Switch|p1a: Giratina
|-resisted|p1a: Giratina
|-damage|p1a: Giratina|95/100 slp
|
|t:|1661767521
|switch|p2a: Scrafty|Scrafty, M|100/100|[from]move: Volt Switch
|
|-heal|p1a: Giratina|100/100 slp|[from] item: Leftovers
|upkeep
|turn|47
|
|t:|1661767527
|-curestatus|p1a: Giratina|slp|[msg]
|move|p1a: Giratina|Toxic|p2a: Scrafty
|-status|p2a: Scrafty|tox
|move|p2a: Scrafty|Knock Off|p1a: Giratina
|-supereffective|p1a: Giratina
|-damage|p1a: Giratina|61/100
|-enditem|p1a: Giratina|Leftovers|[from] move: Knock Off|[of] p2a: Scrafty
|
|-damage|p2a: Scrafty|95/100 tox|[from] psn
|upkeep
|turn|48
|
|t:|1661767537
|move|p1a: Giratina|Defog|p2a: Scrafty
|-unboost|p2a: Scrafty|evasion|1
|move|p2a: Scrafty|Drain Punch|p1a: Giratina
|-immune|p1a: Giratina
|
|-damage|p2a: Scrafty|83/100 tox|[from] psn
|upkeep
|turn|49
|
|t:|1661767545
|switch|p2a: garbage|Groudon-Primal|66/100
|-weather|DesolateLand|[from] ability: Desolate Land|[of] p2a: garbage
|move|p1a: Giratina|Toxic|p2a: garbage
|-status|p2a: garbage|tox
|
|-weather|DesolateLand|[upkeep]
|-damage|p2a: garbage|59/100 tox|[from] psn
|upkeep
|turn|50
|
|t:|1661767554
|move|p2a: garbage|Rest|p2a: garbage
|-status|p2a: garbage|slp|[from] move: Rest
|-heal|p2a: garbage|100/100 slp|[silent]
|move|p1a: Giratina|Toxic||[still]
|-fail|p1a: Giratina
|
|-weather|DesolateLand|[upkeep]
|upkeep
|turn|51
|
|t:|1661767560
|cant|p2a: garbage|slp
|move|p2a: garbage|Sleep Talk|p2a: garbage
|move|p2a: garbage|Precipice Blades|p1a: Giratina|[from]move: Sleep Talk
|-damage|p1a: Giratina|21/100
|move|p1a: Giratina|Defog|p2a: garbage
|-unboost|p2a: garbage|evasion|1
|
|-weather|DesolateLand|[upkeep]
|upkeep
|turn|52
|
|t:|1661767567
|cant|p2a: garbage|slp
|move|p2a: garbage|Sleep Talk|p2a: garbage
|move|p2a: garbage|Rest||[from]move: Sleep Talk|[still]
|-fail|p2a: garbage
|move|p1a: Giratina|Rest|p1a: Giratina
|-status|p1a: Giratina|slp|[from] move: Rest
|-heal|p1a: Giratina|100/100 slp|[silent]
|
|-weather|DesolateLand|[upkeep]
|upkeep
|turn|53
|
|t:|1661767578
|-weather|none
|switch|p2a: Whimsicott|Whimsicott, F|35/100 tox
|cant|p1a: Giratina|slp
|
|-damage|p2a: Whimsicott|29/100 tox|[from] psn
|upkeep
|turn|54
|
|t:|1661767588
|switch|p1a: Lugia|Lugia|85/100 par
|move|p2a: Whimsicott|Leech Seed|p1a: Lugia
|-start|p1a: Lugia|move: Leech Seed
|
|-damage|p1a: Lugia|73/100 par|[from] Leech Seed|[of] p2a: Whimsicott
|-heal|p2a: Whimsicott|46/100 tox|[silent]
|-damage|p2a: Whimsicott|34/100 tox|[from] psn
|upkeep
|turn|55
|
|t:|1661767596
|switch|p2a: Rotom|Rotom-Wash|100/100
|switch|p1a: Chansey|Chansey, F|88/100
|
|upkeep
|turn|56
|
|t:|1661767601
|move|p2a: Rotom|Volt Switch|p1a: Chansey
|-damage|p1a: Chansey|82/100
|
|t:|1661767605
|switch|p2a: garbage|Groudon-Primal|100/100 slp|[from]move: Volt Switch
|-weather|DesolateLand|[from] ability: Desolate Land|[of] p2a: garbage
|move|p1a: Chansey|Aromatherapy|p1a: Chansey
|-activate|p1a: Chansey|move: Aromatherapy
|-curestatus|p1: Lugia|par|[msg]
|-curestatus|p1: Giratina|slp|[msg]
|
|-weather|DesolateLand|[upkeep]
|upkeep
|turn|57
|
|t:|1661767615
|-weather|none
|switch|p2a: Ditto|Ditto|100/100
|-transform|p2a: Ditto|p1a: Chansey|[from] ability: Imposter
|switch|p1a: Giratina|Giratina|100/100
|-ability|p1a: Giratina|Pressure
|
|upkeep
|turn|58
|
|t:|1661767625
|move|p1a: Giratina|Toxic|p2a: Ditto
|-status|p2a: Ditto|tox
|move|p2a: Ditto|Aromatherapy|p2a: Ditto
|-activate|p2a: Ditto|move: Aromatherapy
|-curestatus|p2a: Ditto|tox|[msg]
|-curestatus|p2: Whimsicott|tox|[msg]
|-curestatus|p2: Scrafty|tox|[msg]
|-curestatus|p2: garbage|slp|[msg]
|
|upkeep
|turn|59
|
|t:|1661767634
|switch|p2a: garbage|Groudon-Primal|100/100
|-weather|DesolateLand|[from] ability: Desolate Land|[of] p2a: garbage
|move|p1a: Giratina|Will-O-Wisp|p2a: garbage
|-immune|p2a: garbage
|
|-weather|DesolateLand|[upkeep]
|upkeep
|turn|60
|
|t:|1661767642
|-weather|none
|switch|p2a: Rotom|Rotom-Wash|100/100
|move|p1a: Giratina|Toxic|p2a: Rotom
|-status|p2a: Rotom|tox
|
|-damage|p2a: Rotom|95/100 tox|[from] psn
|upkeep
|turn|61
|
|t:|1661767650
|move|p1a: Giratina|Defog|p2a: Rotom
|-unboost|p2a: Rotom|evasion|1
|move|p2a: Rotom|Volt Switch|p1a: Giratina
|-resisted|p1a: Giratina
|-damage|p1a: Giratina|95/100
|
|t:|1661767660
|switch|p2a: Scrafty|Scrafty, M|83/100|[from]move: Volt Switch
|
|upkeep
|turn|62
|
|t:|1661767665
|switch|p2a: Rotom|Rotom-Wash|95/100 tox
|move|p1a: Giratina|Will-O-Wisp||[still]
|-fail|p1a: Giratina
|
|-damage|p2a: Rotom|89/100 tox|[from] psn
|upkeep
|turn|63
|
|t:|1661767671
|move|p1a: Giratina|Defog|p2a: Rotom
|-unboost|p2a: Rotom|evasion|1
|move|p2a: Rotom|Toxic|p1a: Giratina
|-status|p1a: Giratina|tox
|
|-damage|p1a: Giratina|89/100 tox|[from] psn
|-damage|p2a: Rotom|77/100 tox|[from] psn
|upkeep
|turn|64
|
|t:|1661767679
|move|p1a: Giratina|Will-O-Wisp||[still]
|-fail|p1a: Giratina
|move|p2a: Rotom|Volt Switch|p1a: Giratina
|-resisted|p1a: Giratina
|-damage|p1a: Giratina|84/100 tox
|
|t:|1661767684
|switch|p2a: garbage|Groudon-Primal|100/100|[from]move: Volt Switch
|-weather|DesolateLand|[from] ability: Desolate Land|[of] p2a: garbage
|
|-weather|DesolateLand|[upkeep]
|-damage|p1a: Giratina|71/100 tox|[from] psn
|upkeep
|turn|65
|
|t:|1661767706
|move|p2a: garbage|Precipice Blades|p1a: Giratina|[miss]
|-miss|p2a: garbage|p1a: Giratina
|move|p1a: Giratina|Toxic|p2a: garbage
|-status|p2a: garbage|tox
|
|-weather|DesolateLand|[upkeep]
|-damage|p2a: garbage|94/100 tox|[from] psn
|-damage|p1a: Giratina|53/100 tox|[from] psn
|upkeep
|turn|66
|
|t:|1661767715
|move|p2a: garbage|Precipice Blades|p1a: Giratina
|-damage|p1a: Giratina|13/100 tox
|move|p1a: Giratina|Rest|p1a: Giratina
|-status|p1a: Giratina|slp|[from] move: Rest
|-heal|p1a: Giratina|100/100 slp|[silent]
|
|-weather|DesolateLand|[upkeep]
|-damage|p2a: garbage|82/100 tox|[from] psn
|upkeep
|turn|67
|inactive|Aedui has 120 seconds left.
|inactive|Aedui has 90 seconds left.
|
|t:|1661767792
|move|p2a: garbage|Rest|p2a: garbage
|-status|p2a: garbage|slp|[from] move: Rest
|-heal|p2a: garbage|100/100 slp|[silent]
|cant|p1a: Giratina|slp
|
|-weather|DesolateLand|[upkeep]
|upkeep
|turn|68
|
|t:|1661767798
|-weather|none
|switch|p2a: Whimsicott|Whimsicott, F|34/100
|cant|p1a: Giratina|slp
|
|upkeep
|turn|69
|
|t:|1661767804
|switch|p2a: garbage|Groudon-Primal|100/100 slp
|-weather|DesolateLand|[from] ability: Desolate Land|[of] p2a: garbage
|-curestatus|p1a: Giratina|slp|[msg]
|move|p1a: Giratina|Toxic||[still]
|-fail|p1a: Giratina
|
|-weather|DesolateLand|[upkeep]
|upkeep
|turn|70
|
|t:|1661767811
|cant|p2a: garbage|slp
|move|p1a: Giratina|Defog|p2a: garbage
|-unboost|p2a: garbage|evasion|1
|
|-weather|DesolateLand|[upkeep]
|upkeep
|turn|71
|inactive|Aedui has 90 seconds left.
|
|t:|1661767843
|cant|p2a: garbage|slp
|move|p1a: Giratina|Will-O-Wisp||[still]
|-fail|p1a: Giratina
|
|-weather|DesolateLand|[upkeep]
|upkeep
|turn|72
|
|t:|1661767849
|-weather|none
|switch|p2a: Scrafty|Scrafty, M|83/100
|move|p1a: Giratina|Will-O-Wisp|p2a: Scrafty
|-status|p2a: Scrafty|brn
|
|-activate|p2a: Scrafty|ability: Shed Skin
|-curestatus|p2a: Scrafty|brn|[msg]
|upkeep
|turn|73
|
|t:|1661767858
|switch|p2a: Rotom|Rotom-Wash|77/100 tox
|move|p1a: Giratina|Will-O-Wisp||[still]
|-fail|p1a: Giratina
|
|-damage|p2a: Rotom|71/100 tox|[from] psn
|upkeep
|turn|74
|
|t:|1661767865
|move|p1a: Giratina|Defog|p2a: Rotom
|-unboost|p2a: Rotom|evasion|1
|move|p2a: Rotom|Pain Split|p1a: Giratina
|-sethp|p1a: Giratina|72/100|[from] move: Pain Split|[silent]
|-sethp|p2a: Rotom|100/100 tox|[from] move: Pain Split
|
|-damage|p2a: Rotom|89/100 tox|[from] psn
|upkeep
|turn|75
|
|t:|1661767876
|move|p1a: Giratina|Will-O-Wisp||[still]
|-fail|p1a: Giratina
|move|p2a: Rotom|Toxic|p1a: Giratina
|-status|p1a: Giratina|tox
|
|-damage|p1a: Giratina|65/100 tox|[from] psn
|-damage|p2a: Rotom|71/100 tox|[from] psn
|upkeep
|turn|76
|
|t:|1661767884
|move|p1a: Giratina|Rest|p1a: Giratina
|-status|p1a: Giratina|slp|[from] move: Rest
|-heal|p1a: Giratina|100/100 slp|[silent]
|move|p2a: Rotom|Foul Play|p1a: Giratina
|-supereffective|p1a: Giratina
|-damage|p1a: Giratina|81/100 slp
|
|-damage|p2a: Rotom|47/100 tox|[from] psn
|upkeep
|turn|77
|inactive|Aedui has 120 seconds left.
|
|t:|1661767905
|switch|p2a: Whimsicott|Whimsicott, F|34/100
|cant|p1a: Giratina|slp
|
|upkeep
|turn|78
|
|t:|1661767912
|move|p2a: Whimsicott|Leech Seed|p1a: Giratina
|-start|p1a: Giratina|move: Leech Seed
|cant|p1a: Giratina|slp
|
|-damage|p1a: Giratina|69/100 slp|[from] Leech Seed|[of] p2a: Whimsicott
|-heal|p2a: Whimsicott|55/100|[silent]
|upkeep
|turn|79
|
|t:|1661767919
|move|p2a: Whimsicott|Moonblast|p1a: Giratina
|-supereffective|p1a: Giratina
|-damage|p1a: Giratina|40/100 slp
|-unboost|p1a: Giratina|spa|1
|-curestatus|p1a: Giratina|slp|[msg]
|move|p1a: Giratina|Toxic|p2a: Whimsicott
|-status|p2a: Whimsicott|tox
|
|-damage|p1a: Giratina|27/100|[from] Leech Seed|[of] p2a: Whimsicott
|-heal|p2a: Whimsicott|77/100 tox|[silent]
|-damage|p2a: Whimsicott|70/100 tox|[from] psn
|upkeep
|turn|80
|inactive|Aedui has 120 seconds left.
|
|t:|1661767930
|switch|p1a: Chansey|Chansey, F|82/100
|move|p2a: Whimsicott|Moonblast|p1a: Chansey
|-damage|p1a: Chansey|75/100
|
|-damage|p2a: Whimsicott|58/100 tox|[from] psn
|upkeep
|turn|81
|inactive|Aedui has 120 seconds left.
|
|t:|1661767946
|switch|p2a: Aegislash|Aegislash, M|100/100
|switch|p1a: Giratina|Giratina|27/100
|-ability|p1a: Giratina|Pressure
|
|upkeep
|turn|82
|
|t:|1661767954
|-formechange|p2a: Aegislash|Aegislash-Blade||[from] ability: Stance Change
|move|p2a: Aegislash|Shadow Sneak|p1a: Giratina
|-supereffective|p1a: Giratina
|-damage|p1a: Giratina|1/100
|move|p1a: Giratina|Rest|p1a: Giratina
|-status|p1a: Giratina|slp|[from] move: Rest
|-heal|p1a: Giratina|100/100 slp|[silent]
|
|upkeep
|turn|83
|
|t:|1661767964
|switch|p2a: Whimsicott|Whimsicott, F|58/100 tox
|cant|p1a: Giratina|slp
|
|-damage|p2a: Whimsicott|52/100 tox|[from] psn
|upkeep
|turn|84
|
|t:|1661767970
|move|p2a: Whimsicott|Leech Seed|p1a: Giratina|[miss]
|-miss|p2a: Whimsicott|p1a: Giratina
|cant|p1a: Giratina|slp
|
|-damage|p2a: Whimsicott|40/100 tox|[from] psn
|upkeep
|turn|85
|
|t:|1661767979
|switch|p2a: garbage|Groudon-Primal|100/100 slp
|-weather|DesolateLand|[from] ability: Desolate Land|[of] p2a: garbage
|-curestatus|p1a: Giratina|slp|[msg]
|move|p1a: Giratina|Defog|p2a: garbage
|-unboost|p2a: garbage|evasion|1
|
|-weather|DesolateLand|[upkeep]
|upkeep
|turn|86
|
|t:|1661767989
|-weather|none
|switch|p2a: Rotom|Rotom-Wash|47/100 tox
|move|p1a: Giratina|Defog|p2a: Rotom
|-unboost|p2a: Rotom|evasion|1
|
|-damage|p2a: Rotom|41/100 tox|[from] psn
|upkeep
|turn|87
|
|t:|1661767996
|move|p1a: Giratina|Will-O-Wisp||[still]
|-fail|p1a: Giratina
|move|p2a: Rotom|Pain Split|p1a: Giratina
|-sethp|p1a: Giratina|63/100|[from] move: Pain Split|[silent]
|-sethp|p2a: Rotom|100/100 tox|[from] move: Pain Split
|
|-damage|p2a: Rotom|89/100 tox|[from] psn
|upkeep
|turn|88
|
|t:|1661768015
|move|p1a: Giratina|Will-O-Wisp||[still]
|-fail|p1a: Giratina
|move|p2a: Rotom|Volt Switch|p1a: Giratina
|-resisted|p1a: Giratina
|-damage|p1a: Giratina|57/100
|
|t:|1661768025
|switch|p2a: Scrafty|Scrafty, M|83/100|[from]move: Volt Switch
|
|upkeep
|turn|89
|
|t:|1661768029
|move|p1a: Giratina|Rest|p1a: Giratina
|-status|p1a: Giratina|slp|[from] move: Rest
|-heal|p1a: Giratina|100/100 slp|[silent]
|move|p2a: Scrafty|Ice Punch|p1a: Giratina
|-supereffective|p1a: Giratina
|-damage|p1a: Giratina|81/100 slp
|
|upkeep
|turn|90
|
|t:|1661768038
|cant|p1a: Giratina|slp
|move|p2a: Scrafty|Ice Punch|p1a: Giratina
|-supereffective|p1a: Giratina
|-damage|p1a: Giratina|59/100 slp
|
|upkeep
|turn|91
|
|t:|1661768044
|cant|p1a: Giratina|slp
|move|p2a: Scrafty|Ice Punch|p1a: Giratina
|-supereffective|p1a: Giratina
|-damage|p1a: Giratina|37/100 slp
|
|upkeep
|turn|92
|
|t:|1661768050
|-curestatus|p1a: Giratina|slp|[msg]
|move|p1a: Giratina|Rest|p1a: Giratina
|-status|p1a: Giratina|slp|[from] move: Rest
|-heal|p1a: Giratina|100/100 slp|[silent]
|move|p2a: Scrafty|Ice Punch|p1a: Giratina
|-supereffective|p1a: Giratina
|-damage|p1a: Giratina|80/100 slp
|
|upkeep
|turn|93
|
|t:|1661768058
|switch|p2a: Whimsicott|Whimsicott, F|40/100 tox
|cant|p1a: Giratina|slp
|
|-damage|p2a: Whimsicott|34/100 tox|[from] psn
|upkeep
|turn|94
|
|t:|1661768065
|switch|p1a: Lugia|Lugia|73/100
|move|p2a: Whimsicott|Leech Seed|p1a: Lugia
|-start|p1a: Lugia|move: Leech Seed
|
|-damage|p1a: Lugia|60/100|[from] Leech Seed|[of] p2a: Whimsicott
|-heal|p2a: Whimsicott|52/100 tox|[silent]
|-damage|p2a: Whimsicott|39/100 tox|[from] psn
|upkeep
|turn|95
|
|t:|1661768072
|switch|p2a: Ditto|Ditto|100/100
|-transform|p2a: Ditto|p1a: Lugia|[from] ability: Imposter
|move|p1a: Lugia|Roost|p1a: Lugia
|-heal|p1a: Lugia|100/100
|-singleturn|p1a: Lugia|move: Roost
|
|-damage|p1a: Lugia|88/100|[from] Leech Seed|[of] p2a: Ditto
|upkeep
|turn|96
|
|t:|1661768085
|switch|p2a: garbage|Groudon-Primal|100/100 slp
|-weather|DesolateLand|[from] ability: Desolate Land|[of] p2a: garbage
|switch|p1a: Giratina|Giratina|80/100 slp
|-ability|p1a: Giratina|Pressure
|
|-weather|DesolateLand|[upkeep]
|upkeep
|turn|97
|
|t:|1661768095
|-weather|none
|switch|p2a: Ditto|Ditto|100/100
|-transform|p2a: Ditto|p1a: Giratina|[from] ability: Imposter
|-ability|p2a: Ditto|Pressure
|cant|p1a: Giratina|slp
|
|upkeep
|turn|98
|
|t:|1661768113
|switch|p2a: Rotom|Rotom-Wash|89/100 tox
|switch|p1a: Arceus|Arceus-Dark|45/100
|
|-damage|p2a: Rotom|83/100 tox|[from] psn
|upkeep
|turn|99
|
|t:|1661768120
|move|p1a: Arceus|Recover|p1a: Arceus
|-heal|p1a: Arceus|95/100
|move|p2a: Rotom|Toxic|p1a: Arceus
|-status|p1a: Arceus|tox
|
|-damage|p1a: Arceus|89/100 tox|[from] psn
|-damage|p2a: Rotom|71/100 tox|[from] psn
|upkeep
|turn|100
|
|t:|1661768127
|switch|p2a: Scrafty|Scrafty, M|83/100
|move|p1a: Arceus|Whirlpool|p2a: Scrafty|[miss]
|-miss|p1a: Arceus|p2a: Scrafty
|
|-damage|p1a: Arceus|76/100 tox|[from] psn
|upkeep
|turn|101
|
|t:|1661768134
|switch|p1a: Giratina|Giratina|80/100 slp
|-ability|p1a: Giratina|Pressure
|move|p2a: Scrafty|Ice Punch|p1a: Giratina
|-supereffective|p1a: Giratina
|-damage|p1a: Giratina|57/100 slp
|
|upkeep
|turn|102
|
|t:|1661768144
|switch|p2a: Ditto|Ditto|100/100
|-transform|p2a: Ditto|p1a: Giratina|[from] ability: Imposter
|-ability|p2a: Ditto|Pressure
|-curestatus|p1a: Giratina|slp|[msg]
|move|p1a: Giratina|Will-O-Wisp|p2a: Ditto
|-status|p2a: Ditto|brn
|
|-damage|p2a: Ditto|94/100 brn|[from] brn
|upkeep
|turn|103
|inactive|MVP2536 has 120 seconds left.
|
|t:|1661768156
|switch|p1a: Arceus|Arceus-Dark|76/100 tox
|move|p2a: Ditto|Toxic|p1a: Arceus
|-fail|p1a: Arceus|tox
|
|-damage|p1a: Arceus|70/100 tox|[from] psn
|-damage|p2a: Ditto|88/100 brn|[from] brn
|upkeep
|turn|104
|inactive|MVP2536 has 120 seconds left.
|
|t:|1661768164
|switch|p2a: garbage|Groudon-Primal|100/100 slp
|-weather|DesolateLand|[from] ability: Desolate Land|[of] p2a: garbage
|move|p1a: Arceus|Whirlpool||[still]
|-fail|p1a: Arceus|Whirlpool|[from] Desolate Land
|
|-weather|DesolateLand|[upkeep]
|-damage|p1a: Arceus|58/100 tox|[from] psn
|upkeep
|turn|105
|inactive|MVP2536 has 120 seconds left.
|
|t:|1661768175
|move|p1a: Arceus|Recover|p1a: Arceus
|-heal|p1a: Arceus|100/100 tox
|-curestatus|p2a: garbage|slp|[msg]
|move|p2a: garbage|Precipice Blades|p1a: Arceus
|-damage|p1a: Arceus|50/100 tox
|
|-weather|DesolateLand|[upkeep]
|-damage|p1a: Arceus|32/100 tox|[from] psn
|upkeep
|turn|106
|
|t:|1661768184
|switch|p1a: Giratina|Giratina|57/100
|-ability|p1a: Giratina|Pressure
|move|p2a: garbage|Heat Crash|p1a: Giratina
|-resisted|p1a: Giratina
|-damage|p1a: Giratina|46/100
|
|-weather|DesolateLand|[upkeep]
|upkeep
|turn|107
|
|t:|1661768192
|-weather|none
|switch|p2a: Ditto|Ditto|88/100 brn
|-transform|p2a: Ditto|p1a: Giratina|[from] ability: Imposter
|-ability|p2a: Ditto|Pressure
|move|p1a: Giratina|Rest|p1a: Giratina
|-status|p1a: Giratina|slp|[from] move: Rest
|-heal|p1a: Giratina|100/100 slp|[silent]
|
|-damage|p2a: Ditto|82/100 brn|[from] brn
|upkeep
|turn|108
|
|t:|1661768207
|move|p2a: Ditto|Rest|p2a: Ditto
|-status|p2a: Ditto|slp|[from] move: Rest
|-heal|p2a: Ditto|100/100 slp|[silent]
|cant|p1a: Giratina|slp
|
|upkeep
|turn|109
|
|t:|1661768232
|switch|p2a: Aegislash|Aegislash, M|100/100
|switch|p1a: Chansey|Chansey, F|75/100
|
|upkeep
|turn|110
|
|t:|1661768239
|switch|p1a: Quagsire|Quagsire, F|78/100
|-formechange|p2a: Aegislash|Aegislash-Blade||[from] ability: Stance Change
|move|p2a: Aegislash|Sacred Sword|p1a: Quagsire
|-damage|p1a: Quagsire|51/100
|
|upkeep
|turn|111
|
|t:|1661768247
|switch|p2a: Ditto|Ditto|100/100 slp
|-transform|p2a: Ditto|p1a: Quagsire|[from] ability: Imposter
|move|p1a: Quagsire|Protect||[still]
|-fail|p1a: Quagsire
|
|upkeep
|turn|112
|
|t:|1661768259
|switch|p2a: Rotom|Rotom-Wash|71/100 tox
|move|p1a: Quagsire|Recover|p1a: Quagsire
|-heal|p1a: Quagsire|100/100
|
|-damage|p2a: Rotom|65/100 tox|[from] psn
|upkeep
|turn|113
|inactive|Aedui has 120 seconds left.
|
|t:|1661768280
|move|p2a: Rotom|Pain Split|p1a: Quagsire
|-sethp|p1a: Quagsire|75/100|[from] move: Pain Split|[silent]
|-sethp|p2a: Rotom|98/100 tox|[from] move: Pain Split
|move|p1a: Quagsire|Scald|p2a: Rotom
|-resisted|p2a: Rotom
|-damage|p2a: Rotom|88/100 tox
|
|-damage|p2a: Rotom|76/100 tox|[from] psn
|upkeep
|turn|114
|inactive|Aedui has 120 seconds left.
|
|t:|1661768292
|switch|p1a: Chansey|Chansey, F|75/100
|move|p2a: Rotom|Toxic|p1a: Chansey
|-status|p1a: Chansey|tox
|
|-damage|p2a: Rotom|58/100 tox|[from] psn
|-damage|p1a: Chansey|68/100 tox|[from] psn
|upkeep
|turn|115
|inactive|Aedui has 120 seconds left.
|
|t:|1661768298
|move|p2a: Rotom|Volt Switch|p1a: Chansey
|-damage|p1a: Chansey|62/100 tox
|
|t:|1661768305
|switch|p2a: Scrafty|Scrafty, M|83/100|[from]move: Volt Switch
|move|p1a: Chansey|Aromatherapy|p1a: Chansey
|-activate|p1a: Chansey|move: Aromatherapy
|-curestatus|p1a: Chansey|tox|[msg]
|-curestatus|p1: Giratina|slp|[msg]
|-curestatus|p1: Arceus|tox|[msg]
|
|upkeep
|turn|116
|
|t:|1661768315
|switch|p1a: Giratina|Giratina|100/100
|-ability|p1a: Giratina|Pressure
|move|p2a: Scrafty|Knock Off|p1a: Giratina
|-supereffective|p1a: Giratina
|-damage|p1a: Giratina|74/100
|
|upkeep
|turn|117
|
|t:|1661768322
|switch|p2a: Ditto|Ditto|100/100 slp
|-transform|p2a: Ditto|p1a: Giratina|[from] ability: Imposter
|-ability|p2a: Ditto|Pressure
|move|p1a: Giratina|Will-O-Wisp||[still]
|-fail|p1a: Giratina
|
|upkeep
|turn|118
|
|t:|1661768333
|switch|p1a: Arceus|Arceus-Dark|32/100
|cant|p2a: Ditto|slp
|
|upkeep
|turn|119
|
|t:|1661768342
|switch|p2a: garbage|Groudon-Primal|100/100
|-weather|DesolateLand|[from] ability: Desolate Land|[of] p2a: garbage
|move|p1a: Arceus|Recover|p1a: Arceus
|-heal|p1a: Arceus|82/100
|
|-weather|DesolateLand|[upkeep]
|upkeep
|turn|120
|
|t:|1661768349
|switch|p1a: Giratina|Giratina|74/100
|-ability|p1a: Giratina|Pressure
|-weather|none
|switch|p2a: Scrafty|Scrafty, M|83/100
|
|upkeep
|turn|121
|
|t:|1661768356
|switch|p1a: Arceus|Arceus-Dark|82/100
|move|p2a: Scrafty|Knock Off|p1a: Arceus
|-resisted|p1a: Arceus
|-crit|p1a: Arceus
|-damage|p1a: Arceus|71/100
|
|upkeep
|turn|122
|
|t:|1661768362
|switch|p2a: garbage|Groudon-Primal|100/100
|-weather|DesolateLand|[from] ability: Desolate Land|[of] p2a: garbage
|move|p1a: Arceus|Whirlpool||[still]
|-fail|p1a: Arceus|Whirlpool|[from] Desolate Land
|
|-weather|DesolateLand|[upkeep]
|upkeep
|turn|123
|
|t:|1661768368
|switch|p1a: Giratina|Giratina|74/100
|-ability|p1a: Giratina|Pressure
|move|p2a: garbage|Heat Crash|p1a: Giratina
|-resisted|p1a: Giratina
|-damage|p1a: Giratina|64/100
|
|-weather|DesolateLand|[upkeep]
|upkeep
|turn|124
|
|t:|1661768375
|-weather|none
|switch|p2a: Rotom|Rotom-Wash|58/100 tox
|move|p1a: Giratina|Defog|p2a: Rotom
|-unboost|p2a: Rotom|evasion|1
|
|-damage|p2a: Rotom|52/100 tox|[from] psn
|upkeep
|turn|125
|
|t:|1661768381
|switch|p1a: Arceus|Arceus-Dark|71/100
|move|p2a: Rotom|Pain Split|p1a: Arceus
|-sethp|p1a: Arceus|53/100|[from] move: Pain Split|[silent]
|-sethp|p2a: Rotom|78/100 tox|[from] move: Pain Split
|
|-damage|p2a: Rotom|66/100 tox|[from] psn
|upkeep
|turn|126
|
|t:|1661768385
|move|p1a: Arceus|Perish Song|p1a: Arceus
|-start|p1a: Arceus|perish3|[silent]
|-start|p2a: Rotom|perish3|[silent]
|-fieldactivate|move: Perish Song
|move|p2a: Rotom|Volt Switch|p1a: Arceus
|-crit|p1a: Arceus
|-damage|p1a: Arceus|34/100
|
|t:|1661768390
|switch|p2a: Whimsicott|Whimsicott, F|39/100 tox|[from]move: Volt Switch
|
|-damage|p2a: Whimsicott|33/100 tox|[from] psn
|-start|p1a: Arceus|perish3
|upkeep
|turn|127
|
|t:|1661768401
|switch|p2a: Rotom|Rotom-Wash|66/100 tox
|move|p1a: Arceus|Recover|p1a: Arceus
|-heal|p1a: Arceus|84/100
|
|-damage|p2a: Rotom|60/100 tox|[from] psn
|-start|p1a: Arceus|perish2
|upkeep
|turn|128
|
|t:|1661768409
|switch|p1a: Quagsire|Quagsire, F|75/100
|move|p2a: Rotom|Toxic|p1a: Quagsire
|-status|p1a: Quagsire|tox
|
|-damage|p2a: Rotom|48/100 tox|[from] psn
|-damage|p1a: Quagsire|69/100 tox|[from] psn
|upkeep
|turn|129
|
|t:|1661768417
|switch|p2a: Aegislash|Aegislash, M|100/100
|move|p1a: Quagsire|Scald|p2a: Aegislash
|-crit|p2a: Aegislash
|-damage|p2a: Aegislash|80/100
|-status|p2a: Aegislash|brn
|
|-heal|p2a: Aegislash|86/100 brn|[from] item: Leftovers
|-damage|p1a: Quagsire|57/100 tox|[from] psn
|-damage|p2a: Aegislash|80/100 brn|[from] brn
|upkeep
|turn|130
|
|t:|1661768429
|switch|p2a: garbage|Groudon-Primal|100/100
|-weather|DesolateLand|[from] ability: Desolate Land|[of] p2a: garbage
|move|p1a: Quagsire|Recover|p1a: Quagsire
|-heal|p1a: Quagsire|100/100 tox
|
|-weather|DesolateLand|[upkeep]
|-damage|p1a: Quagsire|82/100 tox|[from] psn
|upkeep
|turn|131
|
|t:|1661768443
|-weather|none
|switch|p2a: Scrafty|Scrafty, M|83/100
|switch|p1a: Giratina|Giratina|64/100
|-ability|p1a: Giratina|Pressure
|
|upkeep
|turn|132
|
|t:|1661768446
|move|p1a: Giratina|Rest|p1a: Giratina
|-status|p1a: Giratina|slp|[from] move: Rest
|-heal|p1a: Giratina|100/100 slp|[silent]
|move|p2a: Scrafty|Ice Punch|p1a: Giratina
|-supereffective|p1a: Giratina
|-damage|p1a: Giratina|79/100 slp
|
|upkeep
|turn|133
|
|t:|1661768451
|switch|p2a: garbage|Groudon-Primal|100/100
|-weather|DesolateLand|[from] ability: Desolate Land|[of] p2a: garbage
|cant|p1a: Giratina|slp
|
|-weather|DesolateLand|[upkeep]
|upkeep
|turn|134
|
|t:|1661768456
|-weather|none
|switch|p2a: Ditto|Ditto|100/100 slp
|-transform|p2a: Ditto|p1a: Giratina|[from] ability: Imposter
|-ability|p2a: Ditto|Pressure
|cant|p1a: Giratina|slp
|
|upkeep
|turn|135
|
|t:|1661768462
|switch|p1a: Arceus|Arceus-Dark|84/100
|cant|p2a: Ditto|slp
|
|upkeep
|turn|136
|
|t:|1661768473
|switch|p1a: Lugia|Lugia|88/100
|-curestatus|p2a: Ditto|slp|[msg]
|move|p2a: Ditto|Toxic|p1a: Lugia
|-status|p1a: Lugia|tox
|
|-damage|p1a: Lugia|82/100 tox|[from] psn
|upkeep
|turn|137
|
|t:|1661768481
|switch|p2a: Rotom|Rotom-Wash|48/100 tox
|switch|p1a: Chansey|Chansey, F|62/100
|
|-damage|p2a: Rotom|42/100 tox|[from] psn
|upkeep
|turn|138
|
|t:|1661768487
|move|p2a: Rotom|Volt Switch|p1a: Chansey
|-damage|p1a: Chansey|57/100
|
|t:|1661768490
|switch|p2a: Aegislash|Aegislash, M|80/100 brn|[from]move: Volt Switch
|move|p1a: Chansey|Soft-Boiled|p1a: Chansey
|-heal|p1a: Chansey|100/100
|
|-heal|p2a: Aegislash|86/100 brn|[from] item: Leftovers
|-damage|p2a: Aegislash|80/100 brn|[from] brn
|upkeep
|turn|139
|inactive|MVP2536 has 120 seconds left.
|
|t:|1661768509
|switch|p2a: Ditto|Ditto|100/100
|-transform|p2a: Ditto|p1a: Chansey|[from] ability: Imposter
|switch|p1a: Arceus|Arceus-Dark|84/100
|
|upkeep
|turn|140
|inactive|MVP2536 has 120 seconds left.
|
|t:|1661768520
|switch|p2a: Scrafty|Scrafty, M|83/100
|move|p1a: Arceus|Whirlpool|p2a: Scrafty
|-damage|p2a: Scrafty|78/100
|-activate|p2a: Scrafty|move: Whirlpool|[of] p1a: Arceus
|
|-damage|p2a: Scrafty|65/100|[from] move: Whirlpool|[partiallytrapped]
|upkeep
|turn|141
|
|t:|1661768527
|move|p1a: Arceus|Perish Song|p1a: Arceus
|-start|p1a: Arceus|perish3|[silent]
|-start|p2a: Scrafty|perish3|[silent]
|-fieldactivate|move: Perish Song
|move|p2a: Scrafty|Drain Punch|p1a: Arceus
|-supereffective|p1a: Arceus
|-damage|p1a: Arceus|46/100
|-heal|p2a: Scrafty|91/100|[from] drain|[of] p1a: Arceus
|
|-damage|p2a: Scrafty|79/100|[from] move: Whirlpool|[partiallytrapped]
|-start|p1a: Arceus|perish3
|-start|p2a: Scrafty|perish3
|upkeep
|turn|142
|
|t:|1661768537
|move|p1a: Arceus|Recover|p1a: Arceus
|-heal|p1a: Arceus|96/100
|move|p2a: Scrafty|Drain Punch|p1a: Arceus
|-supereffective|p1a: Arceus
|-damage|p1a: Arceus|57/100
|-heal|p2a: Scrafty|100/100|[from] drain|[of] p1a: Arceus
|
|-damage|p2a: Scrafty|88/100|[from] move: Whirlpool|[partiallytrapped]
|-start|p1a: Arceus|perish2
|-start|p2a: Scrafty|perish2
|upkeep
|turn|143
|
|t:|1661768547
|move|p1a: Arceus|Recover|p1a: Arceus
|-heal|p1a: Arceus|100/100
|move|p2a: Scrafty|Drain Punch|p1a: Arceus
|-supereffective|p1a: Arceus
|-damage|p1a: Arceus|65/100
|-heal|p2a: Scrafty|100/100|[from] drain|[of] p1a: Arceus
|
|-damage|p2a: Scrafty|88/100|[from] move: Whirlpool|[partiallytrapped]
|-start|p1a: Arceus|perish1
|-start|p2a: Scrafty|perish1
|upkeep
|turn|144
|
|t:|1661768560
|switch|p1a: Lugia|Lugia|82/100 tox
|move|p2a: Scrafty|Ice Punch|p1a: Lugia
|-supereffective|p1a: Lugia
|-damage|p1a: Lugia|64/100 tox
|
|-damage|p1a: Lugia|58/100 tox|[from] psn
|-end|p2a: Scrafty|Whirlpool|[partiallytrapped]|[silent]
|-start|p2a: Scrafty|perish0
|upkeep
|faint|p2a: Scrafty
|
|t:|1661768568
|switch|p2a: garbage|Groudon-Primal|100/100
|-weather|DesolateLand|[from] ability: Desolate Land|[of] p2a: garbage
|turn|145
|
|t:|1661768573
|move|p1a: Lugia|Roost|p1a: Lugia
|-heal|p1a: Lugia|100/100 tox
|-singleturn|p1a: Lugia|move: Roost
|move|p2a: garbage|Precipice Blades|p1a: Lugia
|-damage|p1a: Lugia|84/100 tox
|
|-weather|DesolateLand|[upkeep]
|-damage|p1a: Lugia|71/100 tox|[from] psn
|upkeep
|turn|146
|
|t:|1661768581
|move|p1a: Lugia|Toxic|p2a: garbage
|-status|p2a: garbage|tox
|move|p2a: garbage|Heat Crash|p1a: Lugia
|-damage|p1a: Lugia|30/100 tox
|
|-weather|DesolateLand|[upkeep]
|-damage|p1a: Lugia|11/100 tox|[from] psn
|-damage|p2a: garbage|94/100 tox|[from] psn
|upkeep
|turn|147
|
|t:|1661768588
|move|p1a: Lugia|Roost|p1a: Lugia
|-heal|p1a: Lugia|61/100 tox
|-singleturn|p1a: Lugia|move: Roost
|move|p2a: garbage|Heat Crash|p1a: Lugia
|-damage|p1a: Lugia|20/100 tox
|
|-weather|DesolateLand|[upkeep]
|-damage|p1a: Lugia|0 fnt|[from] psn
|faint|p1a: Lugia
|-damage|p2a: garbage|82/100 tox|[from] psn
|upkeep
|
|t:|1661768598
|switch|p1a: Giratina|Giratina|79/100 slp
|-ability|p1a: Giratina|Pressure
|turn|148
|
|t:|1661768603
|-weather|none
|switch|p2a: Ditto|Ditto|100/100
|-transform|p2a: Ditto|p1a: Giratina|[from] ability: Imposter
|-ability|p2a: Ditto|Pressure
|-curestatus|p1a: Giratina|slp|[msg]
|move|p1a: Giratina|Defog|p2a: Ditto
|-unboost|p2a: Ditto|evasion|1
|
|upkeep
|turn|149
|
|t:|1661768607
|switch|p1a: Chansey|Chansey, F|100/100
|move|p2a: Ditto|Toxic|p1a: Chansey
|-status|p1a: Chansey|tox
|
|-damage|p1a: Chansey|94/100 tox|[from] psn
|upkeep
|turn|150
|inactive|MVP2536 has 120 seconds left.
|
|t:|1661768615
|switch|p2a: Aegislash|Aegislash, M|80/100 brn
|move|p1a: Chansey|Aromatherapy|p1a: Chansey
|-activate|p1a: Chansey|move: Aromatherapy
|-curestatus|p1a: Chansey|tox|[msg]
|-curestatus|p1: Quagsire|tox|[msg]
|
|-heal|p2a: Aegislash|86/100 brn|[from] item: Leftovers
|-damage|p2a: Aegislash|80/100 brn|[from] brn
|upkeep
|turn|151
|
|t:|1661768618
|switch|p2a: Ditto|Ditto|100/100
|-transform|p2a: Ditto|p1a: Chansey|[from] ability: Imposter
|switch|p1a: Arceus|Arceus-Dark|65/100
|
|upkeep
|turn|152
|
|t:|1661768627
|switch|p2a: garbage|Groudon-Primal|82/100 tox
|-weather|DesolateLand|[from] ability: Desolate Land|[of] p2a: garbage
|move|p1a: Arceus|Whirlpool||[still]
|-fail|p1a: Arceus|Whirlpool|[from] Desolate Land
|
|-weather|DesolateLand|[upkeep]
|-damage|p2a: garbage|76/100 tox|[from] psn
|upkeep
|turn|153
|
|t:|1661768633
|switch|p1a: Giratina|Giratina|79/100
|-ability|p1a: Giratina|Pressure
|move|p2a: garbage|Rest|p2a: garbage
|-status|p2a: garbage|slp|[from] move: Rest
|-heal|p2a: garbage|100/100 slp|[silent]
|
|-weather|DesolateLand|[upkeep]
|upkeep
|turn|154
|
|t:|1661768661
|-weather|none
|switch|p2a: Aegislash|Aegislash, M|80/100 brn
|switch|p1a: Quagsire|Quagsire, F|82/100
|
|-heal|p2a: Aegislash|86/100 brn|[from] item: Leftovers
|-damage|p2a: Aegislash|80/100 brn|[from] brn
|upkeep
|turn|155
|
|t:|1661768668
|switch|p2a: Rotom|Rotom-Wash|42/100 tox
|move|p1a: Quagsire|Earthquake|p2a: Rotom
|-immune|p2a: Rotom|[from] ability: Levitate
|
|-damage|p2a: Rotom|36/100 tox|[from] psn
|upkeep
|turn|156
|
|t:|1661768673
|move|p1a: Quagsire|Protect|p1a: Quagsire
|-singleturn|p1a: Quagsire|Protect
|move|p2a: Rotom|Pain Split|p1a: Quagsire
|-activate|p1a: Quagsire|move: Protect
|
|-damage|p2a: Rotom|24/100 tox|[from] psn
|upkeep
|turn|157
|
|t:|1661768681
|switch|p1a: Arceus|Arceus-Dark|65/100
|move|p2a: Rotom|Pain Split|p1a: Arceus
|-sethp|p1a: Arceus|41/100|[from] move: Pain Split|[silent]
|-sethp|p2a: Rotom|60/100 tox|[from] move: Pain Split
|
|-damage|p2a: Rotom|42/100 tox|[from] psn
|upkeep
|turn|158
|
|t:|1661768685
|switch|p2a: garbage|Groudon-Primal|100/100 slp
|-weather|DesolateLand|[from] ability: Desolate Land|[of] p2a: garbage
|move|p1a: Arceus|Whirlpool||[still]
|-fail|p1a: Arceus|Whirlpool|[from] Desolate Land
|
|-weather|DesolateLand|[upkeep]
|upkeep
|turn|159
|
|t:|1661768691
|move|p1a: Arceus|Recover|p1a: Arceus
|-heal|p1a: Arceus|91/100
|cant|p2a: garbage|slp
|move|p2a: garbage|Sleep Talk|p2a: garbage
|move|p2a: garbage|Rest||[from]move: Sleep Talk|[still]
|-fail|p2a: garbage
|
|-weather|DesolateLand|[upkeep]
|upkeep
|turn|160
|
|t:|1661768699
|switch|p1a: Giratina|Giratina|79/100
|-ability|p1a: Giratina|Pressure
|cant|p2a: garbage|slp
|move|p2a: garbage|Sleep Talk|p2a: garbage
|move|p2a: garbage|Rest||[from]move: Sleep Talk|[still]
|-fail|p2a: garbage
|
|-weather|DesolateLand|[upkeep]
|upkeep
|turn|161
|
|t:|1661768708
|-weather|none
|switch|p2a: Ditto|Ditto|100/100
|-transform|p2a: Ditto|p1a: Giratina|[from] ability: Imposter
|-ability|p2a: Ditto|Pressure
|switch|p1a: Arceus|Arceus-Dark|91/100
|
|upkeep
|turn|162
|
|t:|1661768717
|switch|p2a: garbage|Groudon-Primal|100/100 slp
|-weather|DesolateLand|[from] ability: Desolate Land|[of] p2a: garbage
|move|p1a: Arceus|Judgment|p2a: garbage
|-damage|p2a: garbage|66/100 slp
|
|-weather|DesolateLand|[upkeep]
|upkeep
|turn|163
|
|t:|1661768724
|move|p1a: Arceus|Judgment|p2a: garbage
|-crit|p2a: garbage
|-damage|p2a: garbage|17/100 slp
|-curestatus|p2a: garbage|slp|[msg]
|move|p2a: garbage|Rest|p2a: garbage
|-status|p2a: garbage|slp|[from] move: Rest
|-heal|p2a: garbage|100/100 slp|[silent]
|
|-weather|DesolateLand|[upkeep]
|upkeep
|turn|164
|
|t:|1661768733
|switch|p1a: Quagsire|Quagsire, F|82/100
|cant|p2a: garbage|slp
|move|p2a: garbage|Sleep Talk|p2a: garbage
|move|p2a: garbage|Heat Crash|p1a: Quagsire|[from]move: Sleep Talk
|-resisted|p1a: Quagsire
|-damage|p1a: Quagsire|46/100
|
|-weather|DesolateLand|[upkeep]
|upkeep
|turn|165
|
|t:|1661768741
|cant|p2a: garbage|slp
|move|p2a: garbage|Sleep Talk|p2a: garbage
|move|p2a: garbage|Heat Crash|p1a: Quagsire|[from]move: Sleep Talk
|-resisted|p1a: Quagsire
|-damage|p1a: Quagsire|6/100
|move|p1a: Quagsire|Recover|p1a: Quagsire
|-heal|p1a: Quagsire|56/100
|
|-weather|DesolateLand|[upkeep]
|upkeep
|turn|166
|
|t:|1661768752
|-weather|none
|switch|p2a: Aegislash|Aegislash, M|80/100 brn
|move|p1a: Quagsire|Recover|p1a: Quagsire
|-heal|p1a: Quagsire|100/100
|
|-heal|p2a: Aegislash|86/100 brn|[from] item: Leftovers
|-damage|p2a: Aegislash|80/100 brn|[from] brn
|upkeep
|turn|167
|
|t:|1661768758
|switch|p2a: Rotom|Rotom-Wash|42/100 tox
|move|p1a: Quagsire|Earthquake|p2a: Rotom
|-immune|p2a: Rotom|[from] ability: Levitate
|
|-damage|p2a: Rotom|36/100 tox|[from] psn
|upkeep
|turn|168
|
|t:|1661768764
|switch|p1a: Giratina|Giratina|79/100
|-ability|p1a: Giratina|Pressure
|move|p2a: Rotom|Pain Split|p1a: Giratina
|-sethp|p1a: Giratina|50/100|[from] move: Pain Split|[silent]
|-sethp|p2a: Rotom|83/100 tox|[from] move: Pain Split
|
|-damage|p2a: Rotom|71/100 tox|[from] psn
|upkeep
|turn|169
|
|t:|1661768775
|switch|p2a: garbage|Groudon-Primal|100/100 slp
|-weather|DesolateLand|[from] ability: Desolate Land|[of] p2a: garbage
|move|p1a: Giratina|Defog|p2a: garbage
|-unboost|p2a: garbage|evasion|1
|
|-weather|DesolateLand|[upkeep]
|upkeep
|turn|170
|
|t:|1661768782
|-weather|none
|switch|p2a: Rotom|Rotom-Wash|71/100 tox
|move|p1a: Giratina|Rest|p1a: Giratina
|-status|p1a: Giratina|slp|[from] move: Rest
|-heal|p1a: Giratina|100/100 slp|[silent]
|
|-damage|p2a: Rotom|65/100 tox|[from] psn
|upkeep
|turn|171
|
|t:|1661768809
|switch|p1a: Quagsire|Quagsire, F|100/100
|switch|p2a: garbage|Groudon-Primal|100/100 slp
|-weather|DesolateLand|[from] ability: Desolate Land|[of] p2a: garbage
|
|-weather|DesolateLand|[upkeep]
|upkeep
|turn|172
|
|t:|1661768817
|-weather|none
|switch|p2a: Rotom|Rotom-Wash|65/100 tox
|move|p1a: Quagsire|Earthquake|p2a: Rotom
|-immune|p2a: Rotom|[from] ability: Levitate
|
|-damage|p2a: Rotom|59/100 tox|[from] psn
|upkeep
|turn|173
|
|t:|1661768824
|switch|p1a: Arceus|Arceus-Dark|91/100
|move|p2a: Rotom|Pain Split|p1a: Arceus
|-sethp|p1a: Arceus|66/100|[from] move: Pain Split|[silent]
|-sethp|p2a: Rotom|96/100 tox|[from] move: Pain Split
|
|-damage|p2a: Rotom|84/100 tox|[from] psn
|upkeep
|turn|174
|
|t:|1661768834
|move|p1a: Arceus|Judgment|p2a: Rotom
|-damage|p2a: Rotom|30/100 tox
|move|p2a: Rotom|Volt Switch|p1a: Arceus
|-damage|p1a: Arceus|52/100
|
|t:|1661768839
|switch|p2a: garbage|Groudon-Primal|100/100 slp|[from]move: Volt Switch
|-weather|DesolateLand|[from] ability: Desolate Land|[of] p2a: garbage
|
|-weather|DesolateLand|[upkeep]
|upkeep
|turn|175
|
|t:|1661768844
|switch|p1a: Giratina|Giratina|100/100 slp
|-ability|p1a: Giratina|Pressure
|-curestatus|p2a: garbage|slp|[msg]
|move|p2a: garbage|Heat Crash|p1a: Giratina
|-resisted|p1a: Giratina
|-damage|p1a: Giratina|90/100 slp
|
|-weather|DesolateLand|[upkeep]
|upkeep
|turn|176
|
|t:|1661768854
|-weather|none
|switch|p2a: Rotom|Rotom-Wash|30/100 tox
|switch|p1a: Quagsire|Quagsire, F|100/100
|
|-damage|p2a: Rotom|24/100 tox|[from] psn
|upkeep
|turn|177
|
|t:|1661768866
|move|p2a: Rotom|Pain Split|p1a: Quagsire
|-sethp|p1a: Quagsire|59/100|[from] move: Pain Split|[silent]
|-sethp|p2a: Rotom|77/100 tox|[from] move: Pain Split
|move|p1a: Quagsire|Scald|p2a: Rotom
|-resisted|p2a: Rotom
|-damage|p2a: Rotom|68/100 tox
|
|-damage|p2a: Rotom|56/100 tox|[from] psn
|upkeep
|turn|178
|
|t:|1661768875
|switch|p2a: garbage|Groudon-Primal|100/100
|-weather|DesolateLand|[from] ability: Desolate Land|[of] p2a: garbage
|move|p1a: Quagsire|Recover|p1a: Quagsire
|-heal|p1a: Quagsire|100/100
|
|-weather|DesolateLand|[upkeep]
|upkeep
|turn|179
|
|t:|1661768883
|-weather|none
|switch|p2a: Rotom|Rotom-Wash|56/100 tox
|move|p1a: Quagsire|Earthquake|p2a: Rotom
|-immune|p2a: Rotom|[from] ability: Levitate
|
|-damage|p2a: Rotom|50/100 tox|[from] psn
|upkeep
|turn|180
|
|t:|1661768887
|switch|p2a: Aegislash|Aegislash, M|80/100 brn
|move|p1a: Quagsire|Protect||[still]
|-fail|p1a: Quagsire
|
|-heal|p2a: Aegislash|86/100 brn|[from] item: Leftovers
|-damage|p2a: Aegislash|80/100 brn|[from] brn
|upkeep
|turn|181
|
|t:|1661768898
|switch|p2a: Rotom|Rotom-Wash|50/100 tox
|switch|p1a: Giratina|Giratina|90/100 slp
|-ability|p1a: Giratina|Pressure
|
|-damage|p2a: Rotom|44/100 tox|[from] psn
|upkeep
|turn|182
|
|t:|1661768906
|switch|p1a: Arceus|Arceus-Dark|52/100
|move|p2a: Rotom|Pain Split|p1a: Arceus
|-sethp|p1a: Arceus|41/100|[from] move: Pain Split|[silent]
|-sethp|p2a: Rotom|60/100 tox|[from] move: Pain Split
|
|-damage|p2a: Rotom|48/100 tox|[from] psn
|upkeep
|turn|183
|
|t:|1661768914
|switch|p2a: garbage|Groudon-Primal|100/100
|-weather|DesolateLand|[from] ability: Desolate Land|[of] p2a: garbage
|move|p1a: Arceus|Recover|p1a: Arceus
|-heal|p1a: Arceus|91/100
|
|-weather|DesolateLand|[upkeep]
|upkeep
|turn|184
|
|t:|1661768924
|-weather|none
|switch|p2a: Ditto|Ditto|100/100
|-transform|p2a: Ditto|p1a: Arceus|[from] ability: Imposter
|move|p1a: Arceus|Whirlpool|p2a: Ditto
|-damage|p2a: Ditto|93/100
|-activate|p2a: Ditto|move: Whirlpool|[of] p1a: Arceus
|
|-damage|p2a: Ditto|81/100|[from] move: Whirlpool|[partiallytrapped]
|upkeep
|turn|185
|
|t:|1661768934
|move|p2a: Ditto|Whirlpool|p1a: Arceus
|-damage|p1a: Arceus|86/100
|-activate|p1a: Arceus|move: Whirlpool|[of] p2a: Ditto
|move|p1a: Arceus|Perish Song|p1a: Arceus
|-start|p1a: Arceus|perish3|[silent]
|-start|p2a: Ditto|perish3|[silent]
|-fieldactivate|move: Perish Song
|
|-damage|p2a: Ditto|68/100|[from] move: Whirlpool|[partiallytrapped]
|-damage|p1a: Arceus|74/100|[from] move: Whirlpool|[partiallytrapped]
|-start|p2a: Ditto|perish3
|-start|p1a: Arceus|perish3
|upkeep
|turn|186
|
|t:|1661768944
|move|p2a: Ditto|Whirlpool|p1a: Arceus
|-damage|p1a: Arceus|69/100
|move|p1a: Arceus|Recover|p1a: Arceus
|-heal|p1a: Arceus|100/100
|
|-damage|p2a: Ditto|56/100|[from] move: Whirlpool|[partiallytrapped]
|-damage|p1a: Arceus|88/100|[from] move: Whirlpool|[partiallytrapped]
|-start|p2a: Ditto|perish2
|-start|p1a: Arceus|perish2
|upkeep
|turn|187
|
|t:|1661768954
|move|p2a: Ditto|Whirlpool|p1a: Arceus
|-damage|p1a: Arceus|83/100
|move|p1a: Arceus|Judgment|p2a: Ditto
|-resisted|p2a: Ditto
|-damage|p2a: Ditto|37/100
|
|-damage|p2a: Ditto|25/100|[from] move: Whirlpool|[partiallytrapped]
|-damage|p1a: Arceus|71/100|[from] move: Whirlpool|[partiallytrapped]
|-start|p2a: Ditto|perish1
|-start|p1a: Arceus|perish1
|upkeep
|turn|188
|inactive|MVP2536 has 120 seconds left.
|
|t:|1661768964
|move|p2a: Ditto|Whirlpool|p1a: Arceus
|-damage|p1a: Arceus|66/100
|move|p1a: Arceus|Judgment|p2a: Ditto
|-resisted|p2a: Ditto
|-damage|p2a: Ditto|6/100
|
|-end|p2a: Ditto|Whirlpool|[partiallytrapped]
|-damage|p1a: Arceus|53/100|[from] move: Whirlpool|[partiallytrapped]
|-start|p2a: Ditto|perish0
|-start|p1a: Arceus|perish0
|upkeep
|faint|p2a: Ditto
|faint|p1a: Arceus
|
|t:|1661768974
|switch|p1a: Giratina|Giratina|90/100 slp
|switch|p2a: Whimsicott|Whimsicott, F|33/100 tox
|-ability|p1a: Giratina|Pressure
|turn|189
|inactive|MVP2536 has 120 seconds left.
|
|t:|1661768981
|move|p2a: Whimsicott|Leech Seed|p1a: Giratina
|-start|p1a: Giratina|move: Leech Seed
|cant|p1a: Giratina|slp
|
|-damage|p1a: Giratina|77/100 slp|[from] Leech Seed|[of] p2a: Whimsicott
|-heal|p2a: Whimsicott|55/100 tox|[silent]
|-damage|p2a: Whimsicott|48/100 tox|[from] psn
|upkeep
|turn|190
|inactive|Aedui has 120 seconds left.
|
|t:|1661768991
|switch|p2a: Aegislash|Aegislash, M|80/100 brn
|switch|p1a: Quagsire|Quagsire, F|100/100
|
|-heal|p2a: Aegislash|86/100 brn|[from] item: Leftovers
|-damage|p2a: Aegislash|80/100 brn|[from] brn
|upkeep
|turn|191
|inactive|Aedui has 120 seconds left.
|
|t:|1661769004
|switch|p2a: Rotom|Rotom-Wash|48/100 tox
|switch|p1a: Chansey|Chansey, F|94/100
|
|-damage|p2a: Rotom|42/100 tox|[from] psn
|upkeep
|turn|192
|
|t:|1661769016
|switch|p1a: Giratina|Giratina|77/100 slp
|-ability|p1a: Giratina|Pressure
|move|p2a: Rotom|Pain Split|p1a: Giratina
|-sethp|p1a: Giratina|51/100 slp|[from] move: Pain Split|[silent]
|-sethp|p2a: Rotom|85/100 tox|[from] move: Pain Split
|
|-damage|p2a: Rotom|73/100 tox|[from] psn
|upkeep
|turn|193
|
|t:|1661769024
|cant|p1a: Giratina|slp
|move|p2a: Rotom|Volt Switch|p1a: Giratina
|-resisted|p1a: Giratina
|-damage|p1a: Giratina|46/100 slp
|
|t:|1661769028
|switch|p2a: garbage|Groudon-Primal|100/100|[from]move: Volt Switch
|-weather|DesolateLand|[from] ability: Desolate Land|[of] p2a: garbage
|
|-weather|DesolateLand|[upkeep]
|upkeep
|turn|194
|
|t:|1661769036
|-weather|none
|switch|p2a: Whimsicott|Whimsicott, F|48/100 tox
|-curestatus|p1a: Giratina|slp|[msg]
|move|p1a: Giratina|Rest|p1a: Giratina
|-status|p1a: Giratina|slp|[from] move: Rest
|-heal|p1a: Giratina|100/100 slp|[silent]
|
|-damage|p2a: Whimsicott|42/100 tox|[from] psn
|upkeep
|turn|195
|inactive|MVP2536 has 90 seconds left.
|
|t:|1661769047
|switch|p1a: Quagsire|Quagsire, F|100/100
|move|p2a: Whimsicott|Moonblast|p1a: Quagsire
|-damage|p1a: Quagsire|58/100
|
|-damage|p2a: Whimsicott|30/100 tox|[from] psn
|upkeep
|turn|196
|
|t:|1661769054
|switch|p2a: Rotom|Rotom-Wash|73/100 tox
|move|p1a: Quagsire|Protect||[still]
|-fail|p1a: Quagsire
|
|-damage|p2a: Rotom|67/100 tox|[from] psn
|upkeep
|turn|197
|
|t:|1661769062
|move|p2a: Rotom|Volt Switch|p1a: Quagsire
|-immune|p1a: Quagsire
|move|p1a: Quagsire|Recover|p1a: Quagsire
|-heal|p1a: Quagsire|100/100
|
|-damage|p2a: Rotom|56/100 tox|[from] psn
|upkeep
|turn|198
|inactive|Aedui has 120 seconds left.
|
|t:|1661769069
|switch|p2a: garbage|Groudon-Primal|100/100
|-weather|DesolateLand|[from] ability: Desolate Land|[of] p2a: garbage
|switch|p1a: Giratina|Giratina|100/100 slp
|-ability|p1a: Giratina|Pressure
|
|-weather|DesolateLand|[upkeep]
|upkeep
|turn|199
|
|t:|1661769077
|-weather|none
|switch|p2a: Rotom|Rotom-Wash|56/100 tox
|cant|p1a: Giratina|slp
|
|-damage|p2a: Rotom|50/100 tox|[from] psn
|upkeep
|turn|200
|
|t:|1661769084
|switch|p1a: Chansey|Chansey, F|94/100
|move|p2a: Rotom|Pain Split|p1a: Chansey
|-sethp|p1a: Chansey|58/100|[from] move: Pain Split|[silent]
|-sethp|p2a: Rotom|100/100 tox|[from] move: Pain Split
|
|-damage|p2a: Rotom|89/100 tox|[from] psn
|upkeep
|turn|201
|inactive|Aedui has 120 seconds left.
|
|t:|1661769092
|switch|p2a: garbage|Groudon-Primal|100/100
|-weather|DesolateLand|[from] ability: Desolate Land|[of] p2a: garbage
|move|p1a: Chansey|Teleport|p1a: Chansey
|
|t:|1661769094
|switch|p1a: Giratina|Giratina|100/100 slp|[from]move: Teleport
|-ability|p1a: Giratina|Pressure
|
|-weather|DesolateLand|[upkeep]
|upkeep
|turn|202
|inactive|Aedui has 120 seconds left.
|
|t:|1661769100
|-weather|none
|switch|p2a: Aegislash|Aegislash, M|80/100 brn
|switch|p1a: Quagsire|Quagsire, F|100/100
|
|-heal|p2a: Aegislash|86/100 brn|[from] item: Leftovers
|-damage|p2a: Aegislash|80/100 brn|[from] brn
|upkeep
|turn|203
|inactive|Aedui has 120 seconds left.
|
|t:|1661769109
|switch|p1a: Giratina|Giratina|100/100 slp
|-ability|p1a: Giratina|Pressure
|-formechange|p2a: Aegislash|Aegislash-Blade||[from] ability: Stance Change
|move|p2a: Aegislash|Sacred Sword|p1a: Giratina
|-immune|p1a: Giratina
|
|-heal|p2a: Aegislash|86/100 brn|[from] item: Leftovers
|-damage|p2a: Aegislash|80/100 brn|[from] brn
|upkeep
|turn|204
|
|t:|1661769116
|switch|p1a: Quagsire|Quagsire, F|100/100
|move|p2a: Aegislash|Shadow Sneak|p1a: Quagsire
|-damage|p1a: Quagsire|92/100
|
|-heal|p2a: Aegislash|86/100 brn|[from] item: Leftovers
|-damage|p2a: Aegislash|80/100 brn|[from] brn
|upkeep
|turn|205
|
|t:|1661769120
|switch|p1a: Giratina|Giratina|100/100 slp
|-ability|p1a: Giratina|Pressure
|-formechange|p2a: Aegislash|Aegislash||[from] ability: Stance Change
|move|p2a: Aegislash|King's Shield||[still]
|-fail|p2a: Aegislash
|
|-heal|p2a: Aegislash|86/100 brn|[from] item: Leftovers
|-damage|p2a: Aegislash|80/100 brn|[from] brn
|upkeep
|turn|206
|
|t:|1661769126
|switch|p1a: Quagsire|Quagsire, F|92/100
|-formechange|p2a: Aegislash|Aegislash-Blade||[from] ability: Stance Change
|move|p2a: Aegislash|Shadow Sneak|p1a: Quagsire
|-damage|p1a: Quagsire|83/100
|
|-heal|p2a: Aegislash|86/100 brn|[from] item: Leftovers
|-damage|p2a: Aegislash|80/100 brn|[from] brn
|upkeep
|turn|207
|
|t:|1661769131
|switch|p2a: Rotom|Rotom-Wash|89/100 tox
|switch|p1a: Giratina|Giratina|100/100 slp
|-ability|p1a: Giratina|Pressure
|
|-damage|p2a: Rotom|83/100 tox|[from] psn
|upkeep
|turn|208
|inactive|MVP2536 has 60 seconds left.
|
|t:|1661769136
|switch|p1a: Quagsire|Quagsire, F|83/100
|switch|p2a: garbage|Groudon-Primal|100/100
|-weather|DesolateLand|[from] ability: Desolate Land|[of] p2a: garbage
|
|-weather|DesolateLand|[upkeep]
|upkeep
|turn|209
|
|t:|1661769141
|-weather|none
|switch|p2a: Rotom|Rotom-Wash|83/100 tox
|move|p1a: Quagsire|Earthquake|p2a: Rotom
|-immune|p2a: Rotom|[from] ability: Levitate
|
|-damage|p2a: Rotom|77/100 tox|[from] psn
|upkeep
|turn|210
|inactive|MVP2536 has 60 seconds left.
|
|t:|1661769149
|switch|p1a: Chansey|Chansey, F|58/100
|move|p2a: Rotom|Foul Play|p1a: Chansey
|-damage|p1a: Chansey|56/100
|
|-damage|p2a: Rotom|65/100 tox|[from] psn
|upkeep
|turn|211
|inactive|MVP2536 has 60 seconds left.
|
|t:|1661769155
|switch|p2a: Whimsicott|Whimsicott, F|30/100 tox
|move|p1a: Chansey|Teleport|p1a: Chansey
|
|t:|1661769158
|switch|p1a: Giratina|Giratina|100/100 slp|[from]move: Teleport
|-ability|p1a: Giratina|Pressure
|
|-damage|p2a: Whimsicott|24/100 tox|[from] psn
|upkeep
|turn|212
|inactive|MVP2536 has 60 seconds left.
|
|t:|1661769165
|move|p2a: Whimsicott|Leech Seed|p1a: Giratina
|-start|p1a: Giratina|move: Leech Seed
|cant|p1a: Giratina|slp
|
|-damage|p1a: Giratina|88/100 slp|[from] Leech Seed|[of] p2a: Whimsicott
|-heal|p2a: Whimsicott|45/100 tox|[silent]
|-damage|p2a: Whimsicott|33/100 tox|[from] psn
|upkeep
|turn|213
|
|t:|1661769173
|switch|p2a: garbage|Groudon-Primal|100/100
|-weather|DesolateLand|[from] ability: Desolate Land|[of] p2a: garbage
|switch|p1a: Chansey|Chansey, F|56/100
|
|-weather|DesolateLand|[upkeep]
|upkeep
|turn|214
|
|t:|1661769180
|switch|p1a: Quagsire|Quagsire, F|83/100
|move|p2a: garbage|Heat Crash|p1a: Quagsire
|-resisted|p1a: Quagsire
|-damage|p1a: Quagsire|50/100
|
|-weather|DesolateLand|[upkeep]
|upkeep
|turn|215
|
|t:|1661769185
|move|p1a: Quagsire|Protect|p1a: Quagsire
|-singleturn|p1a: Quagsire|Protect
|move|p2a: garbage|Precipice Blades|p1a: Quagsire
|-activate|p1a: Quagsire|move: Protect
|
|-weather|DesolateLand|[upkeep]
|upkeep
|turn|216
|
|t:|1661769191
|-weather|none
|switch|p2a: Rotom|Rotom-Wash|65/100 tox
|switch|p1a: Giratina|Giratina|88/100 slp
|-ability|p1a: Giratina|Pressure
|
|-damage|p2a: Rotom|59/100 tox|[from] psn
|upkeep
|turn|217
|
|t:|1661769197
|-curestatus|p1a: Giratina|slp|[msg]
|move|p1a: Giratina|Defog|p2a: Rotom
|-unboost|p2a: Rotom|evasion|1
|move|p2a: Rotom|Pain Split|p1a: Giratina
|-sethp|p1a: Giratina|62/100|[from] move: Pain Split|[silent]
|-sethp|p2a: Rotom|100/100 tox|[from] move: Pain Split
|
|-damage|p2a: Rotom|89/100 tox|[from] psn
|upkeep
|turn|218
|
|t:|1661769203
|move|p1a: Giratina|Will-O-Wisp||[still]
|-fail|p1a: Giratina
|move|p2a: Rotom|Volt Switch|p1a: Giratina
|-resisted|p1a: Giratina
|-damage|p1a: Giratina|56/100
|
|t:|1661769208
|switch|p2a: Aegislash|Aegislash, M|80/100 brn|[from]move: Volt Switch
|
|-heal|p2a: Aegislash|86/100 brn|[from] item: Leftovers
|-damage|p2a: Aegislash|80/100 brn|[from] brn
|upkeep
|turn|219
|
|t:|1661769216
|switch|p1a: Quagsire|Quagsire, F|50/100
|switch|p2a: Rotom|Rotom-Wash|89/100 tox
|
|-damage|p2a: Rotom|83/100 tox|[from] psn
|upkeep
|turn|220
|
|t:|1661769222
|move|p2a: Rotom|Toxic|p1a: Quagsire
|-status|p1a: Quagsire|tox
|move|p1a: Quagsire|Recover|p1a: Quagsire
|-heal|p1a: Quagsire|99/100 tox
|
|-damage|p2a: Rotom|71/100 tox|[from] psn
|-damage|p1a: Quagsire|94/100 tox|[from] psn
|upkeep
|turn|221
|
|t:|1661769239
|switch|p2a: garbage|Groudon-Primal|100/100
|-weather|DesolateLand|[from] ability: Desolate Land|[of] p2a: garbage
|switch|p1a: Chansey|Chansey, F|56/100
|
|-weather|DesolateLand|[upkeep]
|upkeep
|turn|222
|
|t:|1661769243
|switch|p1a: Giratina|Giratina|56/100
|-ability|p1a: Giratina|Pressure
|move|p2a: garbage|Heat Crash|p1a: Giratina
|-resisted|p1a: Giratina
|-damage|p1a: Giratina|46/100
|
|-weather|DesolateLand|[upkeep]
|upkeep
|turn|223
|
|t:|1661769249
|-weather|none
|switch|p2a: Aegislash|Aegislash, M|80/100 brn
|move|p1a: Giratina|Rest|p1a: Giratina
|-status|p1a: Giratina|slp|[from] move: Rest
|-heal|p1a: Giratina|100/100 slp|[silent]
|
|-heal|p2a: Aegislash|86/100 brn|[from] item: Leftovers
|-damage|p2a: Aegislash|80/100 brn|[from] brn
|upkeep
|turn|224
|
|t:|1661769259
|switch|p1a: Quagsire|Quagsire, F|94/100 tox
|switch|p2a: garbage|Groudon-Primal|100/100
|-weather|DesolateLand|[from] ability: Desolate Land|[of] p2a: garbage
|
|-weather|DesolateLand|[upkeep]
|-damage|p1a: Quagsire|88/100 tox|[from] psn
|upkeep
|turn|225
|
|t:|1661769264
|-weather|none
|switch|p2a: Rotom|Rotom-Wash|71/100 tox
|switch|p1a: Giratina|Giratina|100/100 slp
|-ability|p1a: Giratina|Pressure
|
|-damage|p2a: Rotom|65/100 tox|[from] psn
|upkeep
|turn|226
|
|t:|1661769267
|switch|p1a: Chansey|Chansey, F|56/100
|move|p2a: Rotom|Pain Split|p1a: Chansey
|-sethp|p1a: Chansey|42/100|[from] move: Pain Split|[silent]
|-sethp|p2a: Rotom|97/100 tox|[from] move: Pain Split
|
|-damage|p2a: Rotom|85/100 tox|[from] psn
|upkeep
|turn|227
|
|t:|1661769271
|switch|p2a: garbage|Groudon-Primal|100/100
|-weather|DesolateLand|[from] ability: Desolate Land|[of] p2a: garbage
|move|p1a: Chansey|Aromatherapy|p1a: Chansey
|-activate|p1a: Chansey|move: Aromatherapy
|-curestatus|p1: Quagsire|tox|[msg]
|-curestatus|p1: Giratina|slp|[msg]
|
|-weather|DesolateLand|[upkeep]
|upkeep
|turn|228
|
|t:|1661769274
|-weather|none
|switch|p2a: Rotom|Rotom-Wash|85/100 tox
|switch|p1a: Quagsire|Quagsire, F|88/100
|
|-damage|p2a: Rotom|79/100 tox|[from] psn
|upkeep
|turn|229
|
|t:|1661769278
|switch|p2a: garbage|Groudon-Primal|100/100
|-weather|DesolateLand|[from] ability: Desolate Land|[of] p2a: garbage
|move|p1a: Quagsire|Earthquake|p2a: garbage
|-supereffective|p2a: garbage
|-damage|p2a: garbage|66/100
|
|-weather|DesolateLand|[upkeep]
|upkeep
|turn|230
|
|t:|1661769285
|switch|p1a: Giratina|Giratina|100/100
|-ability|p1a: Giratina|Pressure
|move|p2a: garbage|Rest|p2a: garbage
|-status|p2a: garbage|slp|[from] move: Rest
|-heal|p2a: garbage|100/100 slp|[silent]
|
|-weather|DesolateLand|[upkeep]
|upkeep
|turn|231
|
|t:|1661769291
|-weather|none
|switch|p2a: Rotom|Rotom-Wash|79/100 tox
|switch|p1a: Chansey|Chansey, F|42/100
|
|-damage|p2a: Rotom|73/100 tox|[from] psn
|upkeep
|turn|232
|
|t:|1661769294
|move|p2a: Rotom|Volt Switch|p1a: Chansey
|-damage|p1a: Chansey|36/100
|
|t:|1661769297
|switch|p2a: garbage|Groudon-Primal|100/100 slp|[from]move: Volt Switch
|-weather|DesolateLand|[from] ability: Desolate Land|[of] p2a: garbage
|move|p1a: Chansey|Soft-Boiled|p1a: Chansey
|-heal|p1a: Chansey|86/100
|
|-weather|DesolateLand|[upkeep]
|upkeep
|turn|233
|
|t:|1661769305
|switch|p1a: Giratina|Giratina|100/100
|-ability|p1a: Giratina|Pressure
|cant|p2a: garbage|slp
|move|p2a: garbage|Sleep Talk|p2a: garbage
|move|p2a: garbage|Precipice Blades|p1a: Giratina|[from]move: Sleep Talk|[miss]
|-miss|p2a: garbage|p1a: Giratina
|
|-weather|DesolateLand|[upkeep]
|upkeep
|turn|234
|
|t:|1661769309
|-weather|none
|switch|p2a: Aegislash|Aegislash, M|80/100 brn
|switch|p1a: Quagsire|Quagsire, F|88/100
|
|-heal|p2a: Aegislash|86/100 brn|[from] item: Leftovers
|-damage|p2a: Aegislash|80/100 brn|[from] brn
|upkeep
|turn|235
|
|t:|1661769317
|switch|p2a: Rotom|Rotom-Wash|73/100 tox
|move|p1a: Quagsire|Earthquake|p2a: Rotom
|-immune|p2a: Rotom|[from] ability: Levitate
|
|-damage|p2a: Rotom|67/100 tox|[from] psn
|upkeep
|turn|236
|
|t:|1661769321
|switch|p2a: garbage|Groudon-Primal|100/100 slp
|-weather|DesolateLand|[from] ability: Desolate Land|[of] p2a: garbage
|move|p1a: Quagsire|Scald||[still]
|-fail|p1a: Quagsire|Scald|[from] Desolate Land
|
|-weather|DesolateLand|[upkeep]
|upkeep
|turn|237
|
|t:|1661769328
|-weather|none
|switch|p2a: Rotom|Rotom-Wash|67/100 tox
|switch|p1a: Giratina|Giratina|100/100
|-ability|p1a: Giratina|Pressure
|
|-damage|p2a: Rotom|61/100 tox|[from] psn
|upkeep
|turn|238
|
|t:|1661769338
|switch|p1a: Quagsire|Quagsire, F|88/100
|switch|p2a: garbage|Groudon-Primal|100/100 slp
|-weather|DesolateLand|[from] ability: Desolate Land|[of] p2a: garbage
|
|-weather|DesolateLand|[upkeep]
|upkeep
|turn|239
|
|t:|1661769344
|-weather|none
|switch|p2a: Whimsicott|Whimsicott, F|33/100 tox
|switch|p1a: Giratina|Giratina|100/100
|-ability|p1a: Giratina|Pressure
|
|-damage|p2a: Whimsicott|27/100 tox|[from] psn
|upkeep
|turn|240
|
|t:|1661769350
|switch|p2a: garbage|Groudon-Primal|100/100 slp
|-weather|DesolateLand|[from] ability: Desolate Land|[of] p2a: garbage
|switch|p1a: Quagsire|Quagsire, F|88/100
|
|-weather|DesolateLand|[upkeep]
|upkeep
|turn|241
|inactive|MVP2536 has 60 seconds left.
|
|t:|1661769357
|switch|p1a: Giratina|Giratina|100/100
|-ability|p1a: Giratina|Pressure
|cant|p2a: garbage|slp
|move|p2a: garbage|Sleep Talk|p2a: garbage
|move|p2a: garbage|Rest||[from]move: Sleep Talk|[still]
|-fail|p2a: garbage
|
|-weather|DesolateLand|[upkeep]
|upkeep
|turn|242
|
|t:|1661769365
|-weather|none
|switch|p2a: Aegislash|Aegislash, M|80/100 brn
|switch|p1a: Quagsire|Quagsire, F|88/100
|
|-heal|p2a: Aegislash|86/100 brn|[from] item: Leftovers
|-damage|p2a: Aegislash|80/100 brn|[from] brn
|upkeep
|turn|243
|inactive|MVP2536 has 60 seconds left.
|
|t:|1661769370
|switch|p2a: Rotom|Rotom-Wash|61/100 tox
|move|p1a: Quagsire|Earthquake|p2a: Rotom
|-immune|p2a: Rotom|[from] ability: Levitate
|
|-damage|p2a: Rotom|55/100 tox|[from] psn
|upkeep
|turn|244
|
|t:|1661769374
|switch|p2a: Aegislash|Aegislash, M|80/100 brn
|move|p1a: Quagsire|Protect||[still]
|-fail|p1a: Quagsire
|
|-heal|p2a: Aegislash|86/100 brn|[from] item: Leftovers
|-damage|p2a: Aegislash|80/100 brn|[from] brn
|upkeep
|turn|245
|inactive|MVP2536 has 60 seconds left.
|
|t:|1661769382
|switch|p2a: Rotom|Rotom-Wash|55/100 tox
|move|p1a: Quagsire|Scald|p2a: Rotom
|-resisted|p2a: Rotom
|-damage|p2a: Rotom|45/100 tox
|
|-damage|p2a: Rotom|39/100 tox|[from] psn
|upkeep
|turn|246
|
|t:|1661769386
|switch|p1a: Giratina|Giratina|100/100
|-ability|p1a: Giratina|Pressure
|move|p2a: Rotom|Pain Split|p1a: Giratina
|-sethp|p1a: Giratina|62/100|[from] move: Pain Split|[silent]
|-sethp|p2a: Rotom|100/100 tox|[from] move: Pain Split
|
|-damage|p2a: Rotom|89/100 tox|[from] psn
|upkeep
|turn|247
|
|t:|1661769390
|switch|p2a: garbage|Groudon-Primal|100/100 slp
|-weather|DesolateLand|[from] ability: Desolate Land|[of] p2a: garbage
|move|p1a: Giratina|Defog|p2a: garbage
|-unboost|p2a: garbage|evasion|1
|
|-weather|DesolateLand|[upkeep]
|upkeep
|turn|248
|
|t:|1661769393
|-weather|none
|switch|p2a: Aegislash|Aegislash, M|80/100 brn
|move|p1a: Giratina|Will-O-Wisp|p2a: Aegislash
|-fail|p2a: Aegislash|brn
|
|-heal|p2a: Aegislash|86/100 brn|[from] item: Leftovers
|-damage|p2a: Aegislash|80/100 brn|[from] brn
|upkeep
|turn|249
|
|t:|1661769397
|switch|p2a: Rotom|Rotom-Wash|89/100 tox
|move|p1a: Giratina|Defog|p2a: Rotom
|-unboost|p2a: Rotom|evasion|1
|
|-damage|p2a: Rotom|83/100 tox|[from] psn
|upkeep
|turn|250
|
|t:|1661769400
|switch|p1a: Quagsire|Quagsire, F|88/100
|switch|p2a: Aegislash|Aegislash, M|80/100 brn
|
|-heal|p2a: Aegislash|86/100 brn|[from] item: Leftovers
|-damage|p2a: Aegislash|80/100 brn|[from] brn
|upkeep
|turn|251
|
|t:|1661769403
|switch|p2a: garbage|Groudon-Primal|100/100 slp
|-weather|DesolateLand|[from] ability: Desolate Land|[of] p2a: garbage
|switch|p1a: Giratina|Giratina|62/100
|-ability|p1a: Giratina|Pressure
|
|-weather|DesolateLand|[upkeep]
|upkeep
|turn|252
|
|t:|1661769406
|-weather|none
|switch|p2a: Rotom|Rotom-Wash|83/100 tox
|switch|p1a: Quagsire|Quagsire, F|88/100
|
|-damage|p2a: Rotom|77/100 tox|[from] psn
|upkeep
|turn|253
|
|t:|1661769413
|switch|p2a: garbage|Groudon-Primal|100/100 slp
|-weather|DesolateLand|[from] ability: Desolate Land|[of] p2a: garbage
|switch|p1a: Giratina|Giratina|62/100
|-ability|p1a: Giratina|Pressure
|
|-weather|DesolateLand|[upkeep]
|upkeep
|turn|254
|
|t:|1661769417
|-weather|none
|switch|p2a: Aegislash|Aegislash, M|80/100 brn
|switch|p1a: Chansey|Chansey, F|86/100
|
|-heal|p2a: Aegislash|86/100 brn|[from] item: Leftovers
|-damage|p2a: Aegislash|80/100 brn|[from] brn
|upkeep
|turn|255
|
|t:|1661769422
|switch|p2a: garbage|Groudon-Primal|100/100 slp
|-weather|DesolateLand|[from] ability: Desolate Land|[of] p2a: garbage
|switch|p1a: Quagsire|Quagsire, F|88/100
|
|-weather|DesolateLand|[upkeep]
|upkeep
|turn|256
|
|t:|1661769430
|-weather|none
|switch|p2a: Aegislash|Aegislash, M|80/100 brn
|switch|p1a: Giratina|Giratina|62/100
|-ability|p1a: Giratina|Pressure
|
|-heal|p2a: Aegislash|86/100 brn|[from] item: Leftovers
|-damage|p2a: Aegislash|80/100 brn|[from] brn
|upkeep
|turn|257
|
|t:|1661769433
|switch|p1a: Quagsire|Quagsire, F|88/100
|switch|p2a: garbage|Groudon-Primal|100/100 slp
|-weather|DesolateLand|[from] ability: Desolate Land|[of] p2a: garbage
|
|-weather|DesolateLand|[upkeep]
|upkeep
|turn|258
|
|t:|1661769439
|-weather|none
|switch|p2a: Aegislash|Aegislash, M|80/100 brn
|-start|p1a: Quagsire|Dynamax|
|-heal|p1a: Quagsire|88/100|[silent]
|move|p1a: Quagsire|Max Quake|p2a: Aegislash
|-supereffective|p2a: Aegislash
|-damage|p2a: Aegislash|15/100 brn
|-boost|p1a: Quagsire|spd|1
|
|-heal|p2a: Aegislash|21/100 brn|[from] item: Leftovers
|-damage|p2a: Aegislash|15/100 brn|[from] brn
|upkeep
|turn|259
|
|t:|1661769451
|switch|p2a: garbage|Groudon-Primal|100/100 slp
|-weather|DesolateLand|[from] ability: Desolate Land|[of] p2a: garbage
|move|p1a: Quagsire|Max Geyser||[still]
|-fail|p1a: Quagsire|Max Geyser|[from] Desolate Land
|
|-weather|DesolateLand|[upkeep]
|upkeep
|turn|260
|
|t:|1661769458
|-curestatus|p2a: garbage|slp|[msg]
|move|p2a: garbage|Heat Crash||[still]
|-fail|p2a: garbage|Dynamax
|move|p1a: Quagsire|Max Geyser||[still]
|-fail|p1a: Quagsire|Max Geyser|[from] Desolate Land
|
|-weather|DesolateLand|[upkeep]
|upkeep
|-end|p1a: Quagsire|Dynamax
|-heal|p1a: Quagsire|88/100|[silent]
|turn|261
|inactive|MVP2536 has 90 seconds left.
|
|t:|1661769465
|-weather|none
|switch|p2a: Rotom|Rotom-Wash|77/100 tox
|move|p1a: Quagsire|Earthquake|p2a: Rotom
|-immune|p2a: Rotom|[from] ability: Levitate
|
|-damage|p2a: Rotom|71/100 tox|[from] psn
|upkeep
|turn|262
|inactive|MVP2536 has 90 seconds left.
|
|t:|1661769472
|switch|p2a: garbage|Groudon-Primal|100/100
|-weather|DesolateLand|[from] ability: Desolate Land|[of] p2a: garbage
|switch|p1a: Giratina|Giratina|62/100
|-ability|p1a: Giratina|Pressure
|
|-weather|DesolateLand|[upkeep]
|upkeep
|turn|263
|
|t:|1661769475
|-weather|none
|switch|p2a: Rotom|Rotom-Wash|71/100 tox
|move|p1a: Giratina|Rest|p1a: Giratina
|-status|p1a: Giratina|slp|[from] move: Rest
|-heal|p1a: Giratina|100/100 slp|[silent]
|
|-damage|p2a: Rotom|65/100 tox|[from] psn
|upkeep
|turn|264
|j| idk how to name me
|
|t:|1661769480
|switch|p1a: Chansey|Chansey, F|86/100
|move|p2a: Rotom|Pain Split|p1a: Chansey
|-sethp|p1a: Chansey|57/100|[from] move: Pain Split|[silent]
|-sethp|p2a: Rotom|100/100 tox|[from] move: Pain Split
|
|-damage|p2a: Rotom|89/100 tox|[from] psn
|upkeep
|turn|265
|
|t:|1661769484
|switch|p2a: garbage|Groudon-Primal|100/100
|-weather|DesolateLand|[from] ability: Desolate Land|[of] p2a: garbage
|switch|p1a: Quagsire|Quagsire, F|88/100
|
|-weather|DesolateLand|[upkeep]
|upkeep
|turn|266
|
|t:|1661769488
|-weather|none
|switch|p2a: Rotom|Rotom-Wash|89/100 tox
|move|p1a: Quagsire|Scald|p2a: Rotom
|-resisted|p2a: Rotom
|-damage|p2a: Rotom|79/100 tox
|
|-damage|p2a: Rotom|73/100 tox|[from] psn
|upkeep
|turn|267
|
|t:|1661769493
|switch|p2a: garbage|Groudon-Primal|100/100
|-weather|DesolateLand|[from] ability: Desolate Land|[of] p2a: garbage
|switch|p1a: Chansey|Chansey, F|57/100
|
|-weather|DesolateLand|[upkeep]
|upkeep
|turn|268
|
|t:|1661769496
|-weather|none
|switch|p2a: Rotom|Rotom-Wash|73/100 tox
|switch|p1a: Quagsire|Quagsire, F|88/100
|
|-damage|p2a: Rotom|67/100 tox|[from] psn
|upkeep
|turn|269
|
|t:|1661769499
|switch|p2a: garbage|Groudon-Primal|100/100
|-weather|DesolateLand|[from] ability: Desolate Land|[of] p2a: garbage
|move|p1a: Quagsire|Scald||[still]
|-fail|p1a: Quagsire|Scald|[from] Desolate Land
|
|-weather|DesolateLand|[upkeep]
|upkeep
|turn|270
|
|t:|1661769502
|-weather|none
|switch|p2a: Rotom|Rotom-Wash|67/100 tox
|switch|p1a: Giratina|Giratina|100/100 slp
|-ability|p1a: Giratina|Pressure
|
|-damage|p2a: Rotom|61/100 tox|[from] psn
|upkeep
|turn|271
|
|t:|1661769507
|switch|p1a: Quagsire|Quagsire, F|88/100
|switch|p2a: garbage|Groudon-Primal|100/100
|-weather|DesolateLand|[from] ability: Desolate Land|[of] p2a: garbage
|
|-weather|DesolateLand|[upkeep]
|upkeep
|turn|272
|
|t:|1661769510
|-weather|none
|switch|p2a: Rotom|Rotom-Wash|61/100 tox
|move|p1a: Quagsire|Scald|p2a: Rotom
|-resisted|p2a: Rotom
|-damage|p2a: Rotom|52/100 tox
|
|-damage|p2a: Rotom|46/100 tox|[from] psn
|upkeep
|turn|273
|
|t:|1661769519
|switch|p1a: Giratina|Giratina|100/100 slp
|-ability|p1a: Giratina|Pressure
|move|p2a: Rotom|Pain Split|p1a: Giratina
|-sethp|p1a: Giratina|64/100 slp|[from] move: Pain Split|[silent]
|-sethp|p2a: Rotom|100/100 tox|[from] move: Pain Split
|
|-damage|p2a: Rotom|89/100 tox|[from] psn
|upkeep
|turn|274
|
|t:|1661769524
|switch|p1a: Quagsire|Quagsire, F|88/100
|switch|p2a: garbage|Groudon-Primal|100/100
|-weather|DesolateLand|[from] ability: Desolate Land|[of] p2a: garbage
|
|-weather|DesolateLand|[upkeep]
|upkeep
|turn|275
|
|t:|1661769528
|move|p2a: garbage|Rest|p2a: garbage
|-fail|p2a: garbage|heal
|move|p1a: Quagsire|Scald||[still]
|-fail|p1a: Quagsire|Scald|[from] Desolate Land
|
|-weather|DesolateLand|[upkeep]
|upkeep
|turn|276
|
|t:|1661769532
|switch|p1a: Chansey|Chansey, F|57/100
|move|p2a: garbage|Rest|p2a: garbage
|-fail|p2a: garbage|heal
|
|-weather|DesolateLand|[upkeep]
|upkeep
|turn|277
|
|t:|1661769536
|-weather|none
|switch|p2a: Aegislash|Aegislash, M|15/100 brn
|switch|p1a: Quagsire|Quagsire, F|88/100
|
|-heal|p2a: Aegislash|21/100 brn|[from] item: Leftovers
|-damage|p2a: Aegislash|15/100 brn|[from] brn
|upkeep
|turn|278
|c| idk how to name me|dude wtf
|
|t:|1661769541
|move|p2a: Aegislash|King's Shield|p2a: Aegislash
|-singleturn|p2a: Aegislash|Protect
|move|p1a: Quagsire|Scald|p2a: Aegislash
|-activate|p2a: Aegislash|move: Protect
|
|-heal|p2a: Aegislash|21/100 brn|[from] item: Leftovers
|-damage|p2a: Aegislash|15/100 brn|[from] brn
|upkeep
|turn|279
|
|t:|1661769546
|switch|p2a: garbage|Groudon-Primal|100/100
|-weather|DesolateLand|[from] ability: Desolate Land|[of] p2a: garbage
|move|p1a: Quagsire|Scald||[still]
|-fail|p1a: Quagsire|Scald|[from] Desolate Land
|
|-weather|DesolateLand|[upkeep]
|upkeep
|turn|280
|c|☆Aedui|wdym
|
|t:|1661769554
|-weather|none
|switch|p2a: Rotom|Rotom-Wash|89/100 tox
|switch|p1a: Giratina|Giratina|64/100 slp
|-ability|p1a: Giratina|Pressure
|
|-damage|p2a: Rotom|83/100 tox|[from] psn
|upkeep
|turn|281
|c| idk how to name me|nearly 300 turns
|inactive|MVP2536 has 120 seconds left.
|
|t:|1661769560
|switch|p1a: Quagsire|Quagsire, F|88/100
|switch|p2a: garbage|Groudon-Primal|100/100
|-weather|DesolateLand|[from] ability: Desolate Land|[of] p2a: garbage
|
|-weather|DesolateLand|[upkeep]
|upkeep
|turn|282
|c|☆Aedui|I don't think either can win at this point
|
|t:|1661769574
|-weather|none
|switch|p2a: Rotom|Rotom-Wash|83/100 tox
|switch|p1a: Chansey|Chansey, F|57/100
|
|-damage|p2a: Rotom|77/100 tox|[from] psn
|upkeep
|turn|283
|c|☆MVP2536|nah
|inactive|MVP2536 has 120 seconds left.
|
|t:|1661769581
|switch|p2a: garbage|Groudon-Primal|100/100
|-weather|DesolateLand|[from] ability: Desolate Land|[of] p2a: garbage
|switch|p1a: Giratina|Giratina|64/100 slp
|-ability|p1a: Giratina|Pressure
|
|-weather|DesolateLand|[upkeep]
|upkeep
|turn|284
|inactive|MVP2536 has 120 seconds left.
|
|t:|1661769587
|-weather|none
|switch|p2a: Whimsicott|Whimsicott, F|27/100 tox
|switch|p1a: Chansey|Chansey, F|57/100
|
|-damage|p2a: Whimsicott|21/100 tox|[from] psn
|upkeep
|turn|285
|
|t:|1661769590
|switch|p1a: Giratina|Giratina|64/100 slp
|-ability|p1a: Giratina|Pressure
|move|p2a: Whimsicott|Leech Seed|p1a: Giratina
|-start|p1a: Giratina|move: Leech Seed
|
|-damage|p1a: Giratina|52/100 slp|[from] Leech Seed|[of] p2a: Whimsicott
|-heal|p2a: Whimsicott|42/100 tox|[silent]
|-damage|p2a: Whimsicott|30/100 tox|[from] psn
|upkeep
|turn|286
|
|t:|1661769594
|switch|p1a: Quagsire|Quagsire, F|88/100
|move|p2a: Whimsicott|Moonblast|p1a: Quagsire
|-damage|p1a: Quagsire|42/100
|
|-damage|p2a: Whimsicott|12/100 tox|[from] psn
|upkeep
|turn|287
|inactive|MVP2536 has 120 seconds left.
|
|t:|1661769601
|move|p1a: Quagsire|Protect|p1a: Quagsire
|-singleturn|p1a: Quagsire|Protect
|move|p2a: Whimsicott|Leech Seed|p1a: Quagsire
|-activate|p1a: Quagsire|move: Protect
|
|-damage|p2a: Whimsicott|0 fnt|[from] psn
|faint|p2a: Whimsicott
|upkeep
|
|t:|1661769606
|switch|p2a: garbage|Groudon-Primal|100/100
|-weather|DesolateLand|[from] ability: Desolate Land|[of] p2a: garbage
|turn|288
|inactive|MVP2536 has 120 seconds left.
|
|t:|1661769612
|move|p2a: garbage|Precipice Blades|p1a: Quagsire
|-damage|p1a: Quagsire|0 fnt
|faint|p1a: Quagsire
|
|-weather|DesolateLand|[upkeep]
|upkeep
|
|t:|1661769615
|switch|p1a: Giratina|Giratina|52/100 slp
|-ability|p1a: Giratina|Pressure
|turn|289
|
|t:|1661769619
|-weather|none
|switch|p2a: Rotom|Rotom-Wash|77/100 tox
|cant|p1a: Giratina|slp
|
|-damage|p2a: Rotom|71/100 tox|[from] psn
|upkeep
|turn|290
|
|t:|1661769624
|switch|p2a: Aegislash|Aegislash, M|15/100 brn
|cant|p1a: Giratina|slp
|
|-heal|p2a: Aegislash|21/100 brn|[from] item: Leftovers
|-damage|p2a: Aegislash|15/100 brn|[from] brn
|upkeep
|turn|291
|c|☆MVP2536|oh i win
|
|t:|1661769632
|-curestatus|p1a: Giratina|slp|[msg]
|move|p1a: Giratina|Defog|p2a: Aegislash
|-unboost|p2a: Aegislash|evasion|1
|-formechange|p2a: Aegislash|Aegislash-Blade||[from] ability: Stance Change
|move|p2a: Aegislash|Iron Head|p1a: Giratina
|-damage|p1a: Giratina|37/100
|
|-heal|p2a: Aegislash|21/100 brn|[from] item: Leftovers
|-damage|p2a: Aegislash|15/100 brn|[from] brn
|upkeep
|turn|292
|
|t:|1661769638
|move|p2a: Aegislash|Shadow Sneak|p1a: Giratina
|-supereffective|p1a: Giratina
|-damage|p1a: Giratina|24/100
|move|p1a: Giratina|Rest|p1a: Giratina
|-status|p1a: Giratina|slp|[from] move: Rest
|-heal|p1a: Giratina|100/100 slp|[silent]
|
|-heal|p2a: Aegislash|21/100 brn|[from] item: Leftovers
|-damage|p2a: Aegislash|15/100 brn|[from] brn
|upkeep
|turn|293
|c|☆Aedui|oh yh probably
|
|t:|1661769650
|cant|p1a: Giratina|slp
|move|p2a: Aegislash|Iron Head|p1a: Giratina
|-crit|p1a: Giratina
|-damage|p1a: Giratina|78/100 slp
|
|-heal|p2a: Aegislash|21/100 brn|[from] item: Leftovers
|-damage|p2a: Aegislash|15/100 brn|[from] brn
|upkeep
|turn|294
|
|t:|1661769659
|move|p2a: Aegislash|Shadow Sneak|p1a: Giratina
|-supereffective|p1a: Giratina
|-damage|p1a: Giratina|65/100 slp
|cant|p1a: Giratina|slp
|
|-heal|p2a: Aegislash|21/100 brn|[from] item: Leftovers
|-damage|p2a: Aegislash|15/100 brn|[from] brn
|upkeep
|turn|295
|
|t:|1661769665
|switch|p1a: Chansey|Chansey, F|57/100
|move|p2a: Aegislash|Shadow Sneak|p1a: Chansey
|-immune|p1a: Chansey
|
|-heal|p2a: Aegislash|21/100 brn|[from] item: Leftovers
|-damage|p2a: Aegislash|15/100 brn|[from] brn
|upkeep
|turn|296
|
|t:|1661769670
|switch|p1a: Giratina|Giratina|65/100 slp
|-ability|p1a: Giratina|Pressure
|move|p2a: Aegislash|Sacred Sword|p1a: Giratina
|-immune|p1a: Giratina
|
|-heal|p2a: Aegislash|21/100 brn|[from] item: Leftovers
|-damage|p2a: Aegislash|15/100 brn|[from] brn
|upkeep
|turn|297
|
|t:|1661769674
|move|p2a: Aegislash|Shadow Sneak|p1a: Giratina
|-supereffective|p1a: Giratina
|-damage|p1a: Giratina|51/100 slp
|-curestatus|p1a: Giratina|slp|[msg]
|move|p1a: Giratina|Defog|p2a: Aegislash
|-unboost|p2a: Aegislash|evasion|1
|
|-heal|p2a: Aegislash|21/100 brn|[from] item: Leftovers
|-damage|p2a: Aegislash|15/100 brn|[from] brn
|upkeep
|turn|298
|
|t:|1661769689
|move|p1a: Giratina|Defog|p2a: Aegislash
|-unboost|p2a: Aegislash|evasion|1
|move|p2a: Aegislash|Iron Head|p1a: Giratina
|-damage|p1a: Giratina|38/100
|
|-heal|p2a: Aegislash|21/100 brn|[from] item: Leftovers
|-damage|p2a: Aegislash|15/100 brn|[from] brn
|upkeep
|turn|299
|
|t:|1661769693
|move|p2a: Aegislash|Shadow Sneak|p1a: Giratina
|-supereffective|p1a: Giratina
|-damage|p1a: Giratina|25/100
|move|p1a: Giratina|Will-O-Wisp|p2a: Aegislash
|-fail|p2a: Aegislash|brn
|
|-heal|p2a: Aegislash|21/100 brn|[from] item: Leftovers
|-damage|p2a: Aegislash|15/100 brn|[from] brn
|upkeep
|turn|300
|
|t:|1661769697
|move|p2a: Aegislash|Shadow Sneak|p1a: Giratina
|-supereffective|p1a: Giratina
|-damage|p1a: Giratina|10/100
|move|p1a: Giratina|Rest|p1a: Giratina
|-status|p1a: Giratina|slp|[from] move: Rest
|-heal|p1a: Giratina|100/100 slp|[silent]
|
|-heal|p2a: Aegislash|21/100 brn|[from] item: Leftovers
|-damage|p2a: Aegislash|15/100 brn|[from] brn
|upkeep
|turn|301
|
|t:|1661769706
|switch|p1a: Chansey|Chansey, F|57/100
|move|p2a: Aegislash|Iron Head|p1a: Chansey
|-damage|p1a: Chansey|20/100
|
|-heal|p2a: Aegislash|21/100 brn|[from] item: Leftovers
|-damage|p2a: Aegislash|15/100 brn|[from] brn
|upkeep
|turn|302
|
|t:|1661769712
|move|p2a: Aegislash|Iron Head|p1a: Chansey
|-damage|p1a: Chansey|0 fnt
|faint|p1a: Chansey
|
|-heal|p2a: Aegislash|21/100 brn|[from] item: Leftovers
|-damage|p2a: Aegislash|15/100 brn|[from] brn
|upkeep
|
|t:|1661769715
|switch|p1a: Giratina|Giratina|100/100 slp
|-ability|p1a: Giratina|Pressure
|turn|303
|c|☆Aedui|gg
|c|☆MVP2536|ye gg
|
|t:|1661769722
|move|p2a: Aegislash|Shadow Sneak|p1a: Giratina
|-supereffective|p1a: Giratina
|-damage|p1a: Giratina|87/100 slp
|cant|p1a: Giratina|slp
|
|-heal|p2a: Aegislash|21/100 brn|[from] item: Leftovers
|-damage|p2a: Aegislash|15/100 brn|[from] brn
|upkeep
|turn|304
|
|t:|1661769729
|move|p2a: Aegislash|Shadow Sneak|p1a: Giratina
|-supereffective|p1a: Giratina
|-damage|p1a: Giratina|73/100 slp
|cant|p1a: Giratina|slp
|
|-heal|p2a: Aegislash|21/100 brn|[from] item: Leftovers
|-damage|p2a: Aegislash|15/100 brn|[from] brn
|upkeep
|turn|305
|
|t:|1661769733
|move|p2a: Aegislash|Shadow Sneak|p1a: Giratina
|-supereffective|p1a: Giratina
|-damage|p1a: Giratina|60/100 slp
|-curestatus|p1a: Giratina|slp|[msg]
|move|p1a: Giratina|Will-O-Wisp|p2a: Aegislash
|-fail|p2a: Aegislash|brn
|
|-heal|p2a: Aegislash|21/100 brn|[from] item: Leftovers
|-damage|p2a: Aegislash|15/100 brn|[from] brn
|upkeep
|turn|306
|
|t:|1661769738
|move|p2a: Aegislash|Shadow Sneak|p1a: Giratina
|-supereffective|p1a: Giratina
|-damage|p1a: Giratina|45/100
|move|p1a: Giratina|Will-O-Wisp|p2a: Aegislash
|-fail|p2a: Aegislash|brn
|
|-heal|p2a: Aegislash|21/100 brn|[from] item: Leftovers
|-damage|p2a: Aegislash|15/100 brn|[from] brn
|upkeep
|turn|307
|c| idk how to name me|you guys have chills playing this out
|
|t:|1661769741
|move|p2a: Aegislash|Shadow Sneak|p1a: Giratina
|-supereffective|p1a: Giratina
|-damage|p1a: Giratina|31/100
|move|p1a: Giratina|Will-O-Wisp|p2a: Aegislash
|-fail|p2a: Aegislash|brn
|
|-heal|p2a: Aegislash|21/100 brn|[from] item: Leftovers
|-damage|p2a: Aegislash|15/100 brn|[from] brn
|upkeep
|turn|308
|
|t:|1661769746
|move|p2a: Aegislash|Shadow Sneak|p1a: Giratina
|-supereffective|p1a: Giratina
|-damage|p1a: Giratina|16/100
|move|p1a: Giratina|Will-O-Wisp|p2a: Aegislash
|-fail|p2a: Aegislash|brn
|
|-heal|p2a: Aegislash|21/100 brn|[from] item: Leftovers
|-damage|p2a: Aegislash|15/100 brn|[from] brn
|upkeep
|turn|309
|
|t:|1661769750
|move|p2a: Aegislash|Shadow Sneak|p1a: Giratina
|-supereffective|p1a: Giratina
|-crit|p1a: Giratina
|-damage|p1a: Giratina|0 fnt
|faint|p1a: Giratina
|
|win|MVP2536
|raw|Aedui's rating: 1698 &rarr; <strong>1683</strong><br />(-15 for losing)
|raw|MVP2536's rating: 1792 &rarr; <strong>1807</strong><br />(+15 for winning)
|c|☆MVP2536|gg
|c|☆Aedui|gg
|c|☆MVP2536|that was too long
|c| idk how to name me|true
|l| idk how to name me
