|j|☆v87
|j|☆Cocky but goated
|t:|1660665267
|gametype|singles
|player|p1|v87|1|1665
|player|p2|Cocky but goated|ethan-masters|1760
|teamsize|p1|6
|teamsize|p2|6
|gen|8
|tier|[Gen 8] National Dex AG
|rated|
|rule|HP Percentage Mod: HP is shown in percentages
|rule|Endless Battle Clause: Forcing endless battles is banned
|clearpoke
|poke|p1|Smeargle, M|
|poke|p1|Arceus-*|
|poke|p1|Calyrex-Shadow|
|poke|p1|Marshadow|
|poke|p1|Xerneas-*|
|poke|p1|Lucario, F|
|poke|p2|Deoxys-Speed|
|poke|p2|Zygarde|
|poke|p2|Calyrex-Shadow|
|poke|p2|Arceus-*|
|poke|p2|Ditto|
|poke|p2|Necrozma-Dusk-Mane|
|teampreview
|inactive|Battle timer is ON: inactive players will automatically lose when time's up. (requested by Cocky but goated)
|inactive|v87 has 120 seconds left.
|
|t:|1660665321
|start
|switch|p1a: Smeargle|Smeargle, M|100/100
|switch|p2a: Deoxys|Deoxys-Speed|100/100
|-ability|p2a: Deoxys|Pressure
|turn|1
|
|t:|1660665333
|move|p2a: Deoxys|Taunt|p1a: Smeargle
|-start|p1a: Smeargle|move: Taunt
|cant|p1a: Smeargle|move: Taunt|Sticky Web
|
|upkeep
|turn|2
|
|t:|1660665340
|move|p2a: Deoxys|Knock Off|p1a: Smeargle
|-damage|p1a: Smeargle|59/100
|-enditem|p1a: Smeargle|Focus Sash|[from] move: Knock Off|[of] p2a: Deoxys
|move|p1a: Smeargle|Rapid Spin|p2a: Deoxys
|-damage|p2a: Deoxys|94/100
|-boost|p1a: Smeargle|spe|1
|
|upkeep
|turn|3
|
|t:|1660665352
|switch|p2a: Calyrex|Calyrex-Shadow|100/100
|-ability|p2a: Calyrex|As One
|-ability|p2a: Calyrex|Unnerve
|switch|p1a: Lucario|Lucario, F|100/100
|
|upkeep
|turn|4
|
|t:|1660665381
|switch|p1a: Smeargle|Smeargle, M|59/100
|move|p2a: Calyrex|Astral Barrage|p1a: Smeargle
|-immune|p1a: Smeargle
|
|upkeep
|turn|5
|
|t:|1660665394
|move|p2a: Calyrex|Psyshock|p1a: Smeargle
|-damage|p1a: Smeargle|0 fnt
|faint|p1a: Smeargle
|-ability|p2a: Calyrex|Grim Neigh|boost
|-boost|p2a: Calyrex|spa|1
|
|upkeep
|
|t:|1660665406
|switch|p1a: Xerneas|Xerneas|100/100
|-ability|p1a: Xerneas|Fairy Aura
|turn|6
|
|t:|1660665426
|-start|p2a: Calyrex|Dynamax|
|-heal|p2a: Calyrex|100/100|[silent]
|-start|p1a: Xerneas|Dynamax|
|-heal|p1a: Xerneas|100/100|[silent]
|move|p2a: Calyrex|Max Phantasm|p1a: Xerneas
|-damage|p1a: Xerneas|51/100
|-unboost|p1a: Xerneas|def|1
|move|p1a: Xerneas|Max Starfall|p2a: Calyrex
|-crit|p2a: Calyrex
|-damage|p2a: Calyrex|25/100
|-fieldstart|move: Misty Terrain
|
|upkeep
|turn|7
|
|t:|1660665441
|move|p2a: Calyrex|Max Phantasm|p1a: Xerneas
|-damage|p1a: Xerneas|1/100
|-unboost|p1a: Xerneas|def|1
|move|p1a: Xerneas|Max Starfall|p2a: Calyrex
|-damage|p2a: Calyrex|0 fnt
|faint|p2a: Calyrex
|
|upkeep
|inactive|Cocky but goated has 120 seconds left.
|
|t:|1660665463
|switch|p2a: Deoxys|Deoxys-Speed|94/100
|-ability|p2a: Deoxys|Pressure
|turn|8
|
|t:|1660665475
|move|p2a: Deoxys|Stealth Rock|p1a: Xerneas
|-sidestart|p1: v87|move: Stealth Rock
|move|p1a: Xerneas|Max Starfall|p2a: Deoxys
|-damage|p2a: Deoxys|0 fnt
|faint|p2a: Deoxys
|
|upkeep
|inactive|Cocky but goated has 120 seconds left.
|
|t:|1660665493
|switch|p2a: Arceus|Arceus|100/100
|-end|p1a: Xerneas|Dynamax
|-heal|p1a: Xerneas|1/100|[silent]
|turn|9
|
|t:|1660665499
|move|p2a: Arceus|Extreme Speed|p1a: Xerneas
|-damage|p1a: Xerneas|0 fnt
|faint|p1a: Xerneas
|
|upkeep
|
|t:|1660665517
|switch|p1a: Marshadow|Marshadow|100/100
|-damage|p1a: Marshadow|94/100|[from] Stealth Rock
|turn|10
|
|t:|1660665522
|switch|p2a: Ditto|Ditto|100/100
|-transform|p2a: Ditto|p1a: Marshadow|[from] ability: Imposter
|move|p1a: Marshadow|Close Combat|p2a: Ditto
|-immune|p2a: Ditto
|
|-fieldend|Misty Terrain
|upkeep
|turn|11
|
|t:|1660665546
|move|p1a: Marshadow|Shadow Sneak|p2a: Ditto
|-supereffective|p2a: Ditto
|-damage|p2a: Ditto|0 fnt
|faint|p2a: Ditto
|-damage|p1a: Marshadow|84/100|[from] item: Life Orb
|
|upkeep
|
|t:|1660665550
|switch|p2a: Zygarde|Zygarde|100/100
|turn|12
|
|t:|1660665562
|move|p1a: Marshadow|Close Combat|p2a: Zygarde
|-damage|p2a: Zygarde|38/100
|-unboost|p1a: Marshadow|def|1
|-unboost|p1a: Marshadow|spd|1
|-damage|p1a: Marshadow|74/100|[from] item: Life Orb
|move|p2a: Zygarde|Dragon Dance|p2a: Zygarde
|-boost|p2a: Zygarde|atk|1
|-boost|p2a: Zygarde|spe|1
|
|-activate|p2a: Zygarde|ability: Power Construct
|detailschange|p2a: Zygarde|Zygarde-Complete
|-heal|p2a: Zygarde|61/100|[silent]
|upkeep
|turn|13
|
|t:|1660665584
|move|p2a: Zygarde|Earthquake|p1a: Marshadow
|-damage|p1a: Marshadow|0 fnt
|faint|p1a: Marshadow
|-damage|p2a: Zygarde|51/100|[from] item: Life Orb
|
|upkeep
|inactive|v87 has 120 seconds left.
|
|t:|1660665605
|switch|p1a: Calyrex|Calyrex-Shadow|100/100
|-ability|p1a: Calyrex|As One
|-ability|p1a: Calyrex|Unnerve
|-damage|p1a: Calyrex|88/100|[from] Stealth Rock
|turn|14
|
|t:|1660665619
|move|p2a: Zygarde|Outrage|p1a: Calyrex
|-damage|p1a: Calyrex|0 fnt
|faint|p1a: Calyrex
|-damage|p2a: Zygarde|42/100|[from] item: Life Orb
|
|upkeep
|inactive|v87 has 120 seconds left.
|
|t:|1660665631
|switch|p1a: Lucario|Lucario, F|100/100
|-damage|p1a: Lucario|98/100|[from] Stealth Rock
|turn|15
|inactive|v87 has 120 seconds left.
|
|t:|1660665648
|detailschange|p1a: Lucario|Lucario-Mega, F
|-mega|p1a: Lucario|Lucario|Lucarionite
|move|p2a: Zygarde|Outrage|p1a: Lucario|[from]lockedmove
|-resisted|p1a: Lucario
|-damage|p1a: Lucario|24/100
|-damage|p2a: Zygarde|32/100|[from] item: Life Orb
|-start|p2a: Zygarde|confusion|[fatigue]
|move|p1a: Lucario|Swords Dance|p1a: Lucario
|-boost|p1a: Lucario|atk|2
|
|upkeep
|turn|16
|inactive|v87 has 120 seconds left.
|
|t:|1660665660
|move|p1a: Lucario|Bullet Punch|p2a: Zygarde
|-damage|p2a: Zygarde|2/100
|-activate|p2a: Zygarde|confusion
|move|p2a: Zygarde|Earthquake|p1a: Lucario
|-supereffective|p1a: Lucario
|-damage|p1a: Lucario|0 fnt
|faint|p1a: Lucario
|-damage|p2a: Zygarde|0 fnt|[from] item: Life Orb
|faint|p2a: Zygarde
|
|upkeep
|inactive|v87 has 120 seconds left.
|
|t:|1660665671
|switch|p1a: Arceus|Arceus-Ghost|100/100
|switch|p2a: Necrozma|Necrozma-Dusk-Mane|100/100
|-damage|p1a: Arceus|88/100|[from] Stealth Rock
|turn|17
|inactive|v87 has 120 seconds left.
|
|t:|1660665684
|move|p1a: Arceus|Swords Dance|p1a: Arceus
|-boost|p1a: Arceus|atk|2
|-zpower|p2a: Necrozma
|move|p2a: Necrozma|Searing Sunraze Smash|p1a: Arceus|[zeffect]
|-damage|p1a: Arceus|0 fnt
|faint|p1a: Arceus
|
|win|Cocky but goated
|raw|v87's rating: 1665 &rarr; <strong>1650</strong><br />(-15 for losing)
|raw|Cocky but goated's rating: 1760 &rarr; <strong>1775</strong><br />(+15 for winning)
|l|☆v87
||Ladder isn't responding, score probably updated but might not have (Request timeout).
