|j|☆GalniusDex
|j|☆Snakethey
|t:|1654324141
|gametype|singles
|player|p1|GalniusDex|colress|1096
|player|p2|Snakethey|flint|1210
|teamsize|p1|6
|teamsize|p2|6
|gen|8
|tier|[Gen 8] National Dex AG
|rated|
|rule|HP Percentage Mod: HP is shown in percentages
|rule|Endless Battle Clause: Forcing endless battles is banned
|clearpoke
|poke|p1|Delibird, F|
|poke|p1|Delibird, M|
|poke|p1|Delibird, F|
|poke|p1|Delibird, M|
|poke|p1|Delibird, M|
|poke|p1|Delibird, F|
|poke|p2|Slurpuff, M|
|poke|p2|Blastoise, M|
|poke|p2|Smeargle, F|
|poke|p2|Shaymin-Sky|
|poke|p2|Pinsir, M|
|poke|p2|Charizard, F|
|teampreview
|
|t:|1654324146
|start
|switch|p1a: Delibird|Delibird, F|100/100
|switch|p2a: Smeargle|Smeargle, F|100/100
|turn|1
|
|t:|1654324152
|move|p2a: Smeargle|Spore|p1a: Delibird
|-immune|p1a: Delibird|[from] ability: Vital Spirit
|move|p1a: Delibird|Substitute|p1a: Delibird
|-start|p1a: Delibird|Substitute
|-damage|p1a: Delibird|76/100
|
|-ability|p2a: Smeargle|Moody|boost
|-boost|p2a: Smeargle|spa|2
|-unboost|p2a: Smeargle|def|1
|upkeep
|turn|2
|
|t:|1654324158
|move|p2a: Smeargle|Sticky Web|p1a: Delibird
|-sidestart|p1: GalniusDex|move: Sticky Web
|-zpower|p1a: Delibird
|move|p1a: Delibird|Z-Happy Hour|p1a: Delibird|[anim]Happy Hour
|-boost|p1a: Delibird|atk|1|[zeffect]
|-boost|p1a: Delibird|def|1|[zeffect]
|-boost|p1a: Delibird|spa|1|[zeffect]
|-boost|p1a: Delibird|spd|1|[zeffect]
|-boost|p1a: Delibird|spe|1|[zeffect]
|
|-ability|p2a: Smeargle|Moody|boost
|-boost|p2a: Smeargle|spe|2
|-unboost|p2a: Smeargle|spd|1
|upkeep
|turn|3
|
|t:|1654324165
|move|p2a: Smeargle|Stealth Rock|p1a: Delibird
|-sidestart|p1: GalniusDex|move: Stealth Rock
|move|p1a: Delibird|Double Team|p1a: Delibird
|-boost|p1a: Delibird|evasion|1
|
|-ability|p2a: Smeargle|Moody|boost
|-boost|p2a: Smeargle|spe|2
|-unboost|p2a: Smeargle|spa|1
|upkeep
|turn|4
|
|t:|1654324167
|move|p2a: Smeargle|Spikes|p1a: Delibird
|-sidestart|p1: GalniusDex|Spikes
|move|p1a: Delibird|Double Team|p1a: Delibird
|-boost|p1a: Delibird|evasion|1
|
|-ability|p2a: Smeargle|Moody|boost
|-boost|p2a: Smeargle|def|2
|-unboost|p2a: Smeargle|spa|1
|upkeep
|turn|5
|
|t:|1654324170
|move|p2a: Smeargle|Spikes|p1a: Delibird
|-sidestart|p1: GalniusDex|Spikes
|move|p1a: Delibird|Double Team|p1a: Delibird
|-boost|p1a: Delibird|evasion|1
|
|-ability|p2a: Smeargle|Moody|boost
|-boost|p2a: Smeargle|spe|2
|-unboost|p2a: Smeargle|spa|1
|upkeep
|turn|6
|
|t:|1654324172
|move|p2a: Smeargle|Spikes|p1a: Delibird
|-sidestart|p1: GalniusDex|Spikes
|move|p1a: Delibird|Baton Pass|p1a: Delibird
|
|t:|1654324182
|switch|p1a: Delibird|Delibird, F|100/100|[from]move: Baton Pass
|-damage|p1a: Delibird|51/100|[from] Stealth Rock
|
|-ability|p2a: Smeargle|Moody|boost
|-boost|p2a: Smeargle|def|2
|-unboost|p2a: Smeargle|spe|1
|upkeep
|turn|7
|
|t:|1654324207
|switch|p2a: Pinsir|Pinsir, M|100/100
|move|p1a: Delibird|Power-Up Punch|p2a: Pinsir
|-resisted|p2a: Pinsir
|-damage|p2a: Pinsir|93/100
|-boost|p1a: Delibird|atk|1
|
|upkeep
|turn|8
|
|t:|1654324216
|-start|p2a: Pinsir|Dynamax|
|-heal|p2a: Pinsir|93/100|[silent]
|move|p1a: Delibird|Dual Wingbeat|p2a: Pinsir
|-supereffective|p2a: Pinsir
|-damage|p2a: Pinsir|62/100
|-supereffective|p2a: Pinsir
|-crit|p2a: Pinsir
|-damage|p2a: Pinsir|17/100
|-hitcount|p2a: Pinsir|2
|move|p2a: Pinsir|Max Knuckle|p1a: Delibird
|-end|p1a: Delibird|Substitute
|-boost|p2a: Pinsir|atk|1
|
|upkeep
|turn|9
|
|t:|1654324240
|-end|p2a: Pinsir|Dynamax
|-heal|p2a: Pinsir|17/100|[silent]
|switch|p2a: Shaymin|Shaymin-Sky|100/100
|move|p1a: Delibird|Dual Wingbeat|p2a: Shaymin
|-supereffective|p2a: Shaymin
|-damage|p2a: Shaymin|48/100
|-supereffective|p2a: Shaymin
|-damage|p2a: Shaymin|0 fnt
|faint|p2a: Shaymin
|-hitcount|p2: Shaymin|2
|
|upkeep
|
|t:|1654324250
|switch|p2a: Pinsir|Pinsir, M|17/100
|turn|10
|
|t:|1654324257
|move|p2a: Pinsir|Close Combat|p1a: Delibird|[miss]
|-miss|p2a: Pinsir|p1a: Delibird
|move|p1a: Delibird|Dual Wingbeat|p2a: Pinsir
|-supereffective|p2a: Pinsir
|-damage|p2a: Pinsir|0 fnt
|faint|p2a: Pinsir
|-hitcount|p2: Pinsir|1
|
|upkeep
|
|t:|1654324264
|switch|p2a: Blastoise|Blastoise, M|100/100
|turn|11
|
|t:|1654324271
|detailschange|p2a: Blastoise|Blastoise-Mega, M
|-mega|p2a: Blastoise|Blastoise|Blastoisinite
|-start|p1a: Delibird|Dynamax|
|-heal|p1a: Delibird|51/100|[silent]
|move|p1a: Delibird|Max Airstream|p2a: Blastoise
|-damage|p2a: Blastoise|23/100
|-boost|p1a: Delibird|spe|1
|move|p2a: Blastoise|Water Pulse|p1a: Delibird|[miss]
|-miss|p2a: Blastoise|p1a: Delibird
|
|upkeep
|turn|12
|
|t:|1654324283
|move|p1a: Delibird|Max Knuckle|p2a: Blastoise
|-damage|p2a: Blastoise|0 fnt
|-boost|p1a: Delibird|atk|1
|faint|p2a: Blastoise
|
|upkeep
|
|t:|1654324289
|switch|p2a: Charizard|Charizard, F|100/100
|turn|13
|
|t:|1654324295
|move|p1a: Delibird|Max Hailstorm|p2a: Charizard
|-damage|p2a: Charizard|0 fnt
|-weather|Hail
|faint|p2a: Charizard
|
|-weather|Hail|[upkeep]
|upkeep
|
|t:|1654324298
|switch|p2a: Slurpuff|Slurpuff, M, shiny|100/100
|-end|p1a: Delibird|Dynamax
|-heal|p1a: Delibird|51/100|[silent]
|turn|14
|
|t:|1654324303
|move|p1a: Delibird|Triple Axel|p2a: Slurpuff
|-damage|p2a: Slurpuff|81/100
|-damage|p2a: Slurpuff|41/100
|-enditem|p2a: Slurpuff|Sitrus Berry|[eat]
|-heal|p2a: Slurpuff|66/100|[from] item: Sitrus Berry
|-damage|p2a: Slurpuff|11/100
|-hitcount|p2a: Slurpuff|3
|move|p2a: Slurpuff|Drain Punch|p1a: Delibird
|-damage|p1a: Delibird|13/100
|-heal|p2a: Slurpuff|26/100|[from] drain|[of] p1a: Delibird
|
|-weather|Hail|[upkeep]
|-damage|p2a: Slurpuff|20/100|[from] Hail
|upkeep
|turn|15
|
|t:|1654324316
|move|p1a: Delibird|Triple Axel|p2a: Slurpuff
|-damage|p2a: Slurpuff|1/100
|-damage|p2a: Slurpuff|0 fnt
|faint|p2a: Slurpuff
|-hitcount|p2: Slurpuff|2
|
|-weather|Hail|[upkeep]
|upkeep
|
|t:|1654324319
|switch|p2a: Smeargle|Smeargle, F|100/100
|turn|16
|
|t:|1654324322
|move|p1a: Delibird|Triple Axel|p2a: Smeargle
|-damage|p2a: Smeargle|63/100
|-damage|p2a: Smeargle|0 fnt
|faint|p2a: Smeargle
|-hitcount|p2: Smeargle|2
|
|win|GalniusDex
|raw|GalniusDex's rating: 1096 &rarr; <strong>1130</strong><br />(+34 for winning)
|raw|Snakethey's rating: 1210 &rarr; <strong>1177</strong><br />(-33 for losing)
|c|☆GalniusDex|Gg
|c|☆Snakethey|Gg
