|j|☆TaxFraud094
|j|☆default0
|inactive|Battle timer is ON: inactive players will automatically lose when time's up.
|t:|1667010089
|gametype|singles
|player|p1|TaxFraud094|skyla-masters2|
|player|p2|default0|skierf-gen4dp|
|teamsize|p1|6
|teamsize|p2|6
|gen|8
|tier|[Gen 8] National Dex AG
|rated|Tournament battle
|rule|HP Percentage Mod: HP is shown in percentages
|rule|Endless Battle Clause: Forcing endless battles is banned
|rule|Same Type Clause: Pokémon in a team must share a type
|clearpoke
|poke|p1|Calyrex-Shadow|
|poke|p1|Marshadow|
|poke|p1|Marshadow|
|poke|p1|Arceus-*|
|poke|p1|Lunala|
|poke|p1|Shedinja|
|poke|p2|Arceus-*|
|poke|p2|Yveltal|
|poke|p2|Muk-Alola, M|
|poke|p2|Sableye, F|
|poke|p2|Zarude|
|poke|p2|Darkrai|
|teampreview
|j|*Lady Monita ☽
|inactive|TaxFraud094 also wants the timer to be on.
|c|☆default0|hf
|c|☆TaxFraud094|lol
|c|☆TaxFraud094|u2
|j| thebiggestfatnoob
|inactive|default0 has 120 seconds left.
|
|t:|1667010133
|start
|switch|p1a: Shedinja|Shedinja|100/100
|switch|p2a: Sableye|Sableye, F|100/100
|turn|1
|c|☆TaxFraud094|happy halloween :D
|
|t:|1667010142
|detailschange|p2a: Sableye|Sableye-Mega, F
|-mega|p2a: Sableye|Sableye|Sablenite
|move|p1a: Shedinja|Toxic|p2a: Sableye
|move|p2a: Sableye|Toxic|p1a: Shedinja|[from]ability: Magic Bounce
|-status|p1a: Shedinja|tox
|move|p2a: Sableye|Foul Play|p1a: Shedinja
|-supereffective|p1a: Shedinja
|-damage|p1a: Shedinja|0 fnt
|faint|p1a: Shedinja
|
|upkeep
|
|t:|1667010164
|switch|p1a: Calyrex|Calyrex-Shadow|100/100
|-ability|p1a: Calyrex|As One
|-ability|p1a: Calyrex|Unnerve
|turn|2
|
|t:|1667010169
|switch|p2a: Muk|Muk-Alola, M|100/100
|move|p1a: Calyrex|Astral Barrage|p2a: Muk
|-resisted|p2a: Muk
|-damage|p2a: Muk|65/100
|
|-heal|p2a: Muk|71/100|[from] item: Black Sludge
|upkeep
|turn|3
|
|t:|1667010173
|move|p1a: Calyrex|Astral Barrage|p2a: Muk
|-resisted|p2a: Muk
|-damage|p2a: Muk|40/100
|move|p2a: Muk|Pursuit|p1a: Calyrex
|-supereffective|p1a: Calyrex
|-damage|p1a: Calyrex|36/100
|
|-heal|p2a: Muk|46/100|[from] item: Black Sludge
|upkeep
|turn|4
|
|t:|1667010181
|move|p1a: Calyrex|Astral Barrage|p2a: Muk
|-resisted|p2a: Muk
|-damage|p2a: Muk|15/100
|move|p2a: Muk|Pursuit|p1a: Calyrex
|-supereffective|p1a: Calyrex
|-damage|p1a: Calyrex|0 fnt
|faint|p1a: Calyrex
|
|-heal|p2a: Muk|21/100|[from] item: Black Sludge
|upkeep
|
|t:|1667010192
|switch|p1a: Arceus|Arceus-Ghost|100/100
|turn|5
|l| thebiggestfatnoob
|
|t:|1667010203
|move|p1a: Arceus|Calm Mind|p1a: Arceus
|-boost|p1a: Arceus|spa|1
|-boost|p1a: Arceus|spd|1
|move|p2a: Muk|Poison Fang|p1a: Arceus
|-resisted|p1a: Arceus
|-damage|p1a: Arceus|93/100
|
|-heal|p2a: Muk|27/100|[from] item: Black Sludge
|upkeep
|turn|6
|
|t:|1667010210
|move|p1a: Arceus|Calm Mind|p1a: Arceus
|-boost|p1a: Arceus|spa|1
|-boost|p1a: Arceus|spd|1
|move|p2a: Muk|Clear Smog|p1a: Arceus
|-resisted|p1a: Arceus
|-damage|p1a: Arceus|91/100
|-clearboost|p1a: Arceus
|
|-heal|p2a: Muk|33/100|[from] item: Black Sludge
|upkeep
|turn|7
|
|t:|1667010216
|move|p1a: Arceus|Calm Mind|p1a: Arceus
|-boost|p1a: Arceus|spa|1
|-boost|p1a: Arceus|spd|1
|move|p2a: Muk|Poison Fang|p1a: Arceus
|-resisted|p1a: Arceus
|-damage|p1a: Arceus|83/100
|-status|p1a: Arceus|tox
|
|-heal|p2a: Muk|39/100|[from] item: Black Sludge
|-damage|p1a: Arceus|77/100 tox|[from] psn
|upkeep
|turn|8
|
|t:|1667010220
|move|p1a: Arceus|Focus Blast|p2a: Muk
|-damage|p2a: Muk|5/100
|move|p2a: Muk|Clear Smog|p1a: Arceus
|-resisted|p1a: Arceus
|-damage|p1a: Arceus|74/100 tox
|-clearboost|p1a: Arceus
|
|-heal|p2a: Muk|11/100|[from] item: Black Sludge
|-damage|p1a: Arceus|62/100 tox|[from] psn
|upkeep
|turn|9
|
|t:|1667010232
|move|p1a: Arceus|Calm Mind|p1a: Arceus
|-boost|p1a: Arceus|spa|1
|-boost|p1a: Arceus|spd|1
|move|p2a: Muk|Rest|p2a: Muk
|-status|p2a: Muk|slp|[from] move: Rest
|-heal|p2a: Muk|100/100 slp|[silent]
|
|-damage|p1a: Arceus|44/100 tox|[from] psn
|upkeep
|turn|10
|
|t:|1667010238
|-activate|p1a: Arceus|move: Pursuit
|cant|p2a: Muk|slp
|switch|p1a: Marshadow|Marshadow|100/100
|
|upkeep
|turn|11
|
|t:|1667010257
|switch|p2a: Sableye|Sableye-Mega, F|100/100
|move|p1a: Marshadow|Bulk Up|p1a: Marshadow
|-boost|p1a: Marshadow|atk|1
|-boost|p1a: Marshadow|def|1
|
|upkeep
|turn|12
|
|t:|1667010269
|-start|p1a: Marshadow|Dynamax|
|-heal|p1a: Marshadow|100/100|[silent]
|move|p1a: Marshadow|Max Phantasm|p2a: Sableye
|-damage|p2a: Sableye|5/100
|-unboost|p2a: Sableye|def|1
|-damage|p1a: Marshadow|96/100|[from] item: Life Orb
|move|p2a: Sableye|Foul Play|p1a: Marshadow
|-damage|p1a: Marshadow|69/100
|
|upkeep
|turn|13
|c|☆default0|same team whole tourny?
|c|☆TaxFraud094|no
|c|☆TaxFraud094|mono ground r1
|c|☆TaxFraud094|flying next 2
|inactive|TaxFraud094 has 120 seconds left.
|c|☆TaxFraud094|opponent didn't respond for last round
|
|t:|1667010303
|move|p1a: Marshadow|Max Knuckle|p2a: Sableye
|-immune|p2a: Sableye
|move|p2a: Sableye|Foul Play|p1a: Marshadow
|-damage|p1a: Marshadow|43/100
|
|upkeep
|turn|14
|inactive|TaxFraud094 has 120 seconds left.
|c|☆default0|ah okay just bad luck on the matchup then
|c|☆TaxFraud094|i didn't think just then
|c|☆TaxFraud094|yeah
|c|☆TaxFraud094|I thought it would be fun
|
|t:|1667010329
|move|p1a: Marshadow|Max Phantasm|p2a: Sableye
|-damage|p2a: Sableye|0 fnt
|faint|p2a: Sableye
|-damage|p1a: Marshadow|38/100|[from] item: Life Orb
|
|upkeep
|c|☆default0|i used water, ground, and dark
|
|t:|1667010339
|switch|p2a: Yveltal|Yveltal|100/100
|-ability|p2a: Yveltal|Dark Aura
|-end|p1a: Marshadow|Dynamax
|-heal|p1a: Marshadow|38/100|[silent]
|turn|15
|c|☆TaxFraud094|I saw the Ground team
|c|☆TaxFraud094|for Ground I just used Don spam
|
|t:|1667010359
|-start|p2a: Yveltal|Dynamax|
|-heal|p2a: Yveltal|100/100|[silent]
|move|p1a: Marshadow|Close Combat|p2a: Yveltal
|-damage|p2a: Yveltal|51/100
|-unboost|p1a: Marshadow|def|1
|-unboost|p1a: Marshadow|spd|1
|-damage|p1a: Marshadow|28/100|[from] item: Life Orb
|move|p2a: Yveltal|Max Airstream|p1a: Marshadow
|-supereffective|p1a: Marshadow
|-damage|p1a: Marshadow|0 fnt
|-boost|p2a: Yveltal|spe|1
|faint|p1a: Marshadow
|-damage|p2a: Yveltal|46/100|[from] item: Life Orb
|
|upkeep
|
|t:|1667010364
|switch|p1a: Arceus|Arceus-Ghost|44/100 tox
|turn|16
|c|☆default0|i had a mono ground natdex team from awhile ago but couldn't find it
|c|☆default0|so i just threw something together
|c|☆TaxFraud094|https://pokepast.es/7ef17cac54ca8a35
|
|t:|1667010386
|move|p2a: Yveltal|Max Airstream|p1a: Arceus
|-damage|p1a: Arceus|0 fnt
|-boost|p2a: Yveltal|spe|1
|faint|p1a: Arceus
|-damage|p2a: Yveltal|41/100|[from] item: Life Orb
|
|upkeep
|c|☆TaxFraud094|this was what I used for flying
|
|t:|1667010393
|switch|p1a: Marshadow|Marshadow|100/100
|turn|17
|
|t:|1667010398
|move|p2a: Yveltal|Max Airstream|p1a: Marshadow
|-supereffective|p1a: Marshadow
|-damage|p1a: Marshadow|0 fnt
|-boost|p2a: Yveltal|spe|1
|faint|p1a: Marshadow
|-damage|p2a: Yveltal|36/100|[from] item: Life Orb
|
|upkeep
|
|t:|1667010402
|switch|p1a: Lunala|Lunala|100/100
|-end|p2a: Yveltal|Dynamax
|-heal|p2a: Yveltal|36/100|[silent]
|turn|18
|c|☆TaxFraud094|I got this
|c|☆default0|nice
|c|☆TaxFraud094|Lunala clutch
|
|t:|1667010414
|move|p2a: Yveltal|Dark Pulse|p1a: Lunala
|-supereffective|p1a: Lunala
|-damage|p1a: Lunala|0 fnt
|faint|p1a: Lunala
|-damage|p2a: Yveltal|26/100|[from] item: Life Orb
|
|win|default0
|n|☆TaxFraud094|taxfraud094
|n|☆default0|default0
|n|*Lady Monita ☽|ladymonita
