|j|☆hjk0hr1
|j|☆Shad0w Thi3f
|t:|1664235034
|gametype|singles
|player|p1|hjk0hr1|lucas|1913
|player|p2|Shad0w Thi3f|cheren|1788
|teamsize|p1|6
|teamsize|p2|6
|gen|8
|tier|[Gen 8] National Dex AG
|rated|
|rule|HP Percentage Mod: HP is shown in percentages
|rule|Endless Battle Clause: Forcing endless battles is banned
|clearpoke
|poke|p1|Zacian-*|
|poke|p1|Necrozma-Dusk-Mane|
|poke|p1|Eternatus|
|poke|p1|Arceus-*|
|poke|p1|Arceus-*|
|poke|p1|Rayquaza|
|poke|p2|Calyrex-Shadow|
|poke|p2|Necrozma-Dusk-Mane|
|poke|p2|Arceus-*|
|poke|p2|Arceus-*|
|poke|p2|Rayquaza|
|poke|p2|Yveltal|
|teampreview
|inactive|Battle timer is ON: inactive players will automatically lose when time's up. (requested by Shad0w Thi3f)
|
|t:|1664235043
|start
|switch|p1a: Necrozma|Necrozma-Dusk-Mane, shiny|100/100
|switch|p2a: Calyrex|Calyrex-Shadow|100/100
|-ability|p2a: Calyrex|As One
|-ability|p2a: Calyrex|Unnerve
|turn|1
|
|t:|1664235047
|switch|p1a: Arceus|Arceus-Dark|100/100
|move|p2a: Calyrex|Nasty Plot|p2a: Calyrex
|-boost|p2a: Calyrex|spa|2
|
|upkeep
|turn|2
|
|t:|1664235050
|-start|p2a: Calyrex|Dynamax|
|-heal|p2a: Calyrex|100/100|[silent]
|move|p2a: Calyrex|Max Starfall|p1a: Arceus
|-supereffective|p1a: Arceus
|-damage|p1a: Arceus|15/100
|-fieldstart|move: Misty Terrain
|move|p1a: Arceus|Snarl|p2a: Calyrex
|-supereffective|p2a: Calyrex
|-enditem|p2a: Calyrex|Colbur Berry|[eat]
|-enditem|p2a: Calyrex|Colbur Berry|[weaken]
|-damage|p2a: Calyrex|71/100
|-unboost|p2a: Calyrex|spa|1
|
|upkeep
|turn|3
|
|t:|1664235058
|move|p2a: Calyrex|Max Starfall|p1a: Arceus
|-supereffective|p1a: Arceus
|-damage|p1a: Arceus|0 fnt
|faint|p1a: Arceus
|-ability|p2a: Calyrex|Grim Neigh|boost
|-boost|p2a: Calyrex|spa|1
|
|upkeep
|
|t:|1664235063
|switch|p1a: Arceus|Arceus-Fairy|100/100
|turn|4
|
|t:|1664235068
|-start|p1a: Arceus|Dynamax|
|-heal|p1a: Arceus|100/100|[silent]
|move|p1a: Arceus|Max Guard|p1a: Arceus
|-singleturn|p1a: Arceus|Max Guard
|move|p2a: Calyrex|Max Phantasm|p1a: Arceus
|-activate|p1a: Arceus|move: Max Guard
|
|upkeep
|-end|p2a: Calyrex|Dynamax
|-heal|p2a: Calyrex|71/100|[silent]
|turn|5
|
|t:|1664235075
|switch|p2a: Necrozma|Necrozma-Dusk-Mane|100/100
|move|p1a: Arceus|Max Starfall|p2a: Necrozma
|-resisted|p2a: Necrozma
|-damage|p2a: Necrozma|78/100
|
|upkeep
|turn|6
|
|t:|1664235081
|-end|p1a: Arceus|Dynamax
|-heal|p1a: Arceus|100/100|[silent]
|switch|p1a: Necrozma|Necrozma-Dusk-Mane, shiny|100/100
|move|p2a: Necrozma|Stealth Rock|p1a: Necrozma
|-sidestart|p1: hjk0hr1|move: Stealth Rock
|
|-fieldend|Misty Terrain
|upkeep
|turn|7
|
|t:|1664235087
|switch|p2a: Arceus|Arceus-Dark|100/100
|move|p1a: Necrozma|Thunder Wave|p2a: Arceus
|-status|p2a: Arceus|par
|
|upkeep
|turn|8
|
|t:|1664235096
|switch|p1a: Arceus|Arceus-Fairy|100/100
|-damage|p1a: Arceus|88/100|[from] Stealth Rock
|move|p2a: Arceus|Judgment|p1a: Arceus
|-resisted|p1a: Arceus
|-damage|p1a: Arceus|74/100
|
|upkeep
|turn|9
|
|t:|1664235099
|switch|p2a: Necrozma|Necrozma-Dusk-Mane|78/100
|move|p1a: Arceus|Defog|p2a: Necrozma
|-unboost|p2a: Necrozma|evasion|1
|-sideend|p1: hjk0hr1|Stealth Rock|[from] move: Defog|[of] p1a: Arceus
|
|upkeep
|turn|10
|
|t:|1664235103
|switch|p1a: Necrozma|Necrozma-Dusk-Mane, shiny|100/100
|switch|p2a: Calyrex|Calyrex-Shadow|71/100
|-ability|p2a: Calyrex|As One
|-ability|p2a: Calyrex|Unnerve
|
|upkeep
|turn|11
|
|t:|1664235110
|switch|p2a: Arceus|Arceus-Dark|100/100 par
|move|p1a: Necrozma|Thunder Wave|p2a: Arceus
|-fail|p2a: Arceus|par
|
|upkeep
|turn|12
|
|t:|1664235112
|move|p1a: Necrozma|Stealth Rock|p2a: Arceus
|-sidestart|p2: Shad0w Thi3f|move: Stealth Rock
|cant|p2a: Arceus|par
|
|upkeep
|turn|13
|
|t:|1664235117
|switch|p1a: Arceus|Arceus-Fairy|74/100
|switch|p2a: Necrozma|Necrozma-Dusk-Mane|78/100
|-damage|p2a: Necrozma|72/100|[from] Stealth Rock
|
|upkeep
|turn|14
|
|t:|1664235130
|switch|p1a: Necrozma|Necrozma-Dusk-Mane, shiny|100/100
|move|p2a: Necrozma|Moonlight|p2a: Necrozma
|-heal|p2a: Necrozma|100/100
|
|upkeep
|turn|15
|
|t:|1664235148
|move|p2a: Necrozma|Stealth Rock|p1a: Necrozma
|-sidestart|p1: hjk0hr1|move: Stealth Rock
|move|p1a: Necrozma|Thunder Wave|p2a: Necrozma
|-status|p2a: Necrozma|par
|
|upkeep
|turn|16
|
|t:|1664235153
|move|p1a: Necrozma|Sunsteel Strike|p2a: Necrozma
|-resisted|p2a: Necrozma
|-damage|p2a: Necrozma|88/100 par
|-damage|p1a: Necrozma|84/100|[from] item: Rocky Helmet|[of] p2a: Necrozma
|cant|p2a: Necrozma|par
|
|upkeep
|turn|17
|
|t:|1664235158
|switch|p2a: Calyrex|Calyrex-Shadow|71/100
|-ability|p2a: Calyrex|As One
|-ability|p2a: Calyrex|Unnerve
|-damage|p2a: Calyrex|59/100|[from] Stealth Rock
|move|p1a: Necrozma|Sunsteel Strike|p2a: Calyrex
|-damage|p2a: Calyrex|1/100
|
|upkeep
|turn|18
|
|t:|1664235170
|switch|p1a: Arceus|Arceus-Fairy|74/100
|-damage|p1a: Arceus|62/100|[from] Stealth Rock
|move|p2a: Calyrex|Astral Barrage|p1a: Arceus
|-damage|p1a: Arceus|28/100
|
|upkeep
|turn|19
|
|t:|1664235176
|move|p2a: Calyrex|Astral Barrage|p1a: Arceus
|-damage|p1a: Arceus|0 fnt
|faint|p1a: Arceus
|-ability|p2a: Calyrex|Grim Neigh|boost
|-boost|p2a: Calyrex|spa|1
|
|upkeep
|
|t:|1664235178
|switch|p1a: Rayquaza|Rayquaza|100/100
|-damage|p1a: Rayquaza|76/100|[from] Stealth Rock
|-ability|p1a: Rayquaza|Air Lock
|turn|20
|
|t:|1664235181
|detailschange|p1a: Rayquaza|Rayquaza-Mega
|-mega|p1a: Rayquaza|Rayquaza|
|-weather|DeltaStream|[from] ability: Delta Stream|[of] p1a: Rayquaza
|move|p1a: Rayquaza|Flamethrower|p2a: Calyrex
|-damage|p2a: Calyrex|0 fnt
|faint|p2a: Calyrex
|
|-weather|DeltaStream|[upkeep]
|upkeep
|
|t:|1664235187
|switch|p2a: Rayquaza|Rayquaza|100/100
|-damage|p2a: Rayquaza|76/100|[from] Stealth Rock
|-ability|p2a: Rayquaza|Air Lock
|turn|21
|
|t:|1664235189
|-weather|none
|switch|p1a: Necrozma|Necrozma-Dusk-Mane, shiny|84/100
|-damage|p1a: Necrozma|78/100|[from] Stealth Rock
|detailschange|p2a: Rayquaza|Rayquaza-Mega
|-mega|p2a: Rayquaza|Rayquaza|
|-weather|DeltaStream|[from] ability: Delta Stream|[of] p2a: Rayquaza
|move|p2a: Rayquaza|V-create|p1a: Necrozma
|-supereffective|p1a: Necrozma
|-damage|p1a: Necrozma|0 fnt
|-unboost|p2a: Rayquaza|spe|1
|-unboost|p2a: Rayquaza|def|1
|-unboost|p2a: Rayquaza|spd|1
|-damage|p2a: Rayquaza|59/100|[from] item: Rocky Helmet|[of] p1a: Necrozma
|faint|p1a: Necrozma
|
|-weather|DeltaStream|[upkeep]
|upkeep
|j| fail55
|
|t:|1664235199
|switch|p1a: Eternatus|Eternatus|100/100
|-damage|p1a: Eternatus|88/100|[from] Stealth Rock
|-ability|p1a: Eternatus|Pressure
|turn|22
|
|t:|1664235204
|-weather|none
|switch|p2a: Yveltal|Yveltal|100/100
|-ability|p2a: Yveltal|Dark Aura
|move|p1a: Eternatus|Meteor Beam||[still]
|-prepare|p1a: Eternatus|Meteor Beam
|-boost|p1a: Eternatus|spa|1
|-enditem|p1a: Eternatus|Power Herb
|-anim|p1a: Eternatus|Meteor Beam|p2a: Yveltal
|-supereffective|p2a: Yveltal
|-damage|p2a: Yveltal|21/100
|
|upkeep
|turn|23
|
|t:|1664235209
|move|p1a: Eternatus|Dynamax Cannon|p2a: Yveltal
|-damage|p2a: Yveltal|0 fnt
|faint|p2a: Yveltal
|
|upkeep
|
|t:|1664235214
|switch|p2a: Arceus|Arceus-Dark|100/100 par
|-damage|p2a: Arceus|88/100 par|[from] Stealth Rock
|turn|24
|
|t:|1664235216
|move|p1a: Eternatus|Dynamax Cannon|p2a: Arceus
|-damage|p2a: Arceus|20/100 par
|cant|p2a: Arceus|par
|
|upkeep
|turn|25
|
|t:|1664235221
|move|p1a: Eternatus|Dynamax Cannon|p2a: Arceus
|-damage|p2a: Arceus|0 fnt
|faint|p2a: Arceus
|
|upkeep
|
|t:|1664235224
|switch|p2a: Arceus|Arceus-Fairy|100/100
|-damage|p2a: Arceus|88/100|[from] Stealth Rock
|turn|26
|
|t:|1664235226
|move|p1a: Eternatus|Sludge Wave|p2a: Arceus
|-supereffective|p2a: Arceus
|-damage|p2a: Arceus|0 fnt
|faint|p2a: Arceus
|
|upkeep
|-message|Shad0w Thi3f forfeited.
|
|win|hjk0hr1
|raw|hjk0hr1's rating: 1913 &rarr; <strong>1926</strong><br />(+13 for winning)
|raw|Shad0w Thi3f's rating: 1788 &rarr; <strong>1775</strong><br />(-13 for losing)
|l|☆Shad0w Thi3f
