|j|☆TwentyTwan
|j|☆Smartymen
|player|p1|TwentyTwan|265|
|player|p2|Smartymen|marley|
|teamsize|p1|6
|teamsize|p2|6
|gametype|singles
|gen|8
|tier|[Gen 8] National Dex AG
|clearpoke
|poke|p1|Hydreigon, F|
|poke|p1|Tyranitar, M|
|poke|p1|Kartana|
|poke|p1|Amoonguss, M|
|poke|p1|Coalossal, M|
|poke|p1|Magnezone|
|poke|p2|Obstagoon, M|
|poke|p2|Corviknight, M|
|poke|p2|Toxicroak, F|
|poke|p2|Mimikyu, M|
|poke|p2|Grimmsnarl, M|
|poke|p2|Blacephalon|
|rule|HP Percentage Mod: HP is shown in percentages
|rule|Endless Battle Clause: Forcing endless battles is banned
|teampreview
|j| piemelboer
|
|start
|switch|p1a: BurningPile|Coalossal, M|100/100
|switch|p2a: JewishGoblin|Grimmsnarl, M|100/100
|turn|1
|
|move|p2a: JewishGoblin|Fake Out|p1a: BurningPile
|-resisted|p1a: BurningPile
|-damage|p1a: BurningPile|96/100
|cant|p1a: BurningPile|flinch
|
|-heal|p1a: BurningPile|100/100|[from] item: Leftovers
|upkeep
|turn|2
|
|move|p2a: JewishGoblin|Stomping Tantrum|p1a: BurningPile
|-supereffective|p1a: BurningPile
|-damage|p1a: BurningPile|22/100
|move|p1a: BurningPile|Stealth Rock|p2a: JewishGoblin
|-sidestart|p2: Smartymen|move: Stealth Rock
|
|-heal|p1a: BurningPile|28/100|[from] item: Leftovers
|upkeep
|turn|3
|
|switch|p1a: GermanDragon|Hydreigon, F|100/100
|move|p2a: JewishGoblin|Stomping Tantrum|p1a: GermanDragon
|-immune|p1a: GermanDragon|[from] ability: Levitate
|
|upkeep
|turn|4
|
|switch|p2a: Pika Rip-off|Mimikyu, M|100/100
|-damage|p2a: Pika Rip-off|88/100|[from] Stealth Rock
|move|p1a: GermanDragon|Flash Cannon|p2a: Pika Rip-off
|-activate|p2a: Pika Rip-off|ability: Disguise
|-damage|p2a: Pika Rip-off|88/100
|detailschange|p2a: Pika Rip-off|Mimikyu-Busted, M
|-damage|p2a: Pika Rip-off|76/100|[from] pokemon: mimikyubusted
|
|upkeep
|turn|5
|
|move|p1a: GermanDragon|Flash Cannon|p2a: Pika Rip-off
|-supereffective|p2a: Pika Rip-off
|-damage|p2a: Pika Rip-off|0 fnt
|faint|p2a: Pika Rip-off
|
|upkeep
|
|switch|p2a: Peter|Obstagoon, M|100/100
|-damage|p2a: Peter|88/100|[from] Stealth Rock
|turn|6
|
|move|p2a: Peter|Obstruct|p2a: Peter
|-singleturn|p2a: Peter|Protect
|move|p1a: GermanDragon|Flash Cannon|p2a: Peter
|-activate|p2a: Peter|move: Protect
|
|-status|p2a: Peter|brn|[from] item: Flame Orb
|upkeep
|turn|7
|
|move|p1a: GermanDragon|Flash Cannon|p2a: Peter
|-damage|p2a: Peter|42/100 brn
|move|p2a: Peter|Ice Punch|p1a: GermanDragon
|-supereffective|p1a: GermanDragon
|-damage|p1a: GermanDragon|25/100
|
|-damage|p2a: Peter|36/100 brn|[from] brn
|upkeep
|turn|8
|
|switch|p2a: StraightEdge|Corviknight, M|100/100
|-damage|p2a: StraightEdge|88/100|[from] Stealth Rock
|move|p1a: GermanDragon|Flash Cannon|p2a: StraightEdge
|-resisted|p2a: StraightEdge
|-crit|p2a: StraightEdge
|-damage|p2a: StraightEdge|56/100
|-ability|p2a: StraightEdge|Mirror Armor
|-unboost|p1a: GermanDragon|spd|1
|
|-heal|p2a: StraightEdge|62/100|[from] item: Leftovers
|upkeep
|turn|9
|
|move|p1a: GermanDragon|Flash Cannon|p2a: StraightEdge
|-resisted|p2a: StraightEdge
|-damage|p2a: StraightEdge|43/100
|-ability|p2a: StraightEdge|Mirror Armor
|-unboost|p1a: GermanDragon|spd|1
|move|p2a: StraightEdge|Brave Bird|p1a: GermanDragon
|-damage|p1a: GermanDragon|0 fnt
|-damage|p2a: StraightEdge|36/100|[from] Recoil
|faint|p1a: GermanDragon
|
|-heal|p2a: StraightEdge|42/100|[from] item: Leftovers
|upkeep
|
|switch|p1a: Hidden OP|Amoonguss, M, shiny|100/100
|turn|10
|
|move|p2a: StraightEdge|Brave Bird|p1a: Hidden OP
|-supereffective|p1a: Hidden OP
|-damage|p1a: Hidden OP|3/100
|-damage|p2a: StraightEdge|7/100|[from] Recoil
|move|p1a: Hidden OP|Spore|p2a: StraightEdge
|-status|p2a: StraightEdge|slp|[from] move: Spore
|
|-heal|p2a: StraightEdge|13/100 slp|[from] item: Leftovers
|-heal|p1a: Hidden OP|9/100|[from] item: Black Sludge
|upkeep
|turn|11
|
|switch|p1a: Paperman|Kartana, shiny|100/100
|cant|p2a: StraightEdge|slp
|
|-heal|p2a: StraightEdge|19/100 slp|[from] item: Leftovers
|upkeep
|turn|12
|
|move|p1a: Paperman|Knock Off|p2a: StraightEdge
|-damage|p2a: StraightEdge|0 fnt
|-enditem|p2a: StraightEdge|Leftovers|[from] move: Knock Off|[of] p1a: Paperman
|faint|p2a: StraightEdge
|-ability|p1a: Paperman|Beast Boost|boost
|-boost|p1a: Paperman|atk|1
|
|upkeep
|
|switch|p2a: JewishGoblin|Grimmsnarl, M|100/100
|-damage|p2a: JewishGoblin|88/100|[from] Stealth Rock
|turn|13
|
|move|p2a: JewishGoblin|Fake Out|p1a: Paperman
|-resisted|p1a: Paperman
|-damage|p1a: Paperman|93/100
|cant|p1a: Paperman|flinch
|
|upkeep
|turn|14
|
|move|p1a: Paperman|Knock Off|p2a: JewishGoblin
|-resisted|p2a: JewishGoblin
|-damage|p2a: JewishGoblin|76/100
|-enditem|p1a: Paperman|Choice Scarf|[silent]|[from] ability: Pickpocket|[of] p1a: Paperman
|-item|p2a: JewishGoblin|Choice Scarf|[from] ability: Pickpocket|[of] p1a: Paperman
|move|p2a: JewishGoblin|Fire Punch|p1a: Paperman
|-supereffective|p1a: Paperman
|-damage|p1a: Paperman|0 fnt
|faint|p1a: Paperman
|
|upkeep
|
|switch|p1a: Steelbait|Magnezone|100/100
|turn|15
|
|move|p2a: JewishGoblin|Fire Punch|p1a: Steelbait
|-supereffective|p1a: Steelbait
|-damage|p1a: Steelbait|41/100
|move|p1a: Steelbait|Flash Cannon|p2a: JewishGoblin
|-supereffective|p2a: JewishGoblin
|-damage|p2a: JewishGoblin|0 fnt
|faint|p2a: JewishGoblin
|
|upkeep
|
|switch|p2a: Toxic behaviour|Toxicroak, F|100/100
|-damage|p2a: Toxic behaviour|94/100|[from] Stealth Rock
|turn|16
|
|move|p2a: Toxic behaviour|Brick Break|p1a: Steelbait
|-supereffective|p1a: Steelbait
|-damage|p1a: Steelbait|0 fnt
|faint|p1a: Steelbait
|
|upkeep
|
|switch|p1a: Hidden OP|Amoonguss, M, shiny|42/100
|turn|17
|
|move|p2a: Toxic behaviour|Brick Break|p1a: Hidden OP
|-resisted|p1a: Hidden OP
|-damage|p1a: Hidden OP|23/100
|move|p1a: Hidden OP|Spore|p2a: Toxic behaviour
|-status|p2a: Toxic behaviour|slp|[from] move: Spore
|
|-heal|p1a: Hidden OP|30/100|[from] item: Black Sludge
|upkeep
|turn|18
|
|cant|p2a: Toxic behaviour|slp
|move|p1a: Hidden OP|Giga Drain|p2a: Toxic behaviour
|-resisted|p2a: Toxic behaviour
|-damage|p2a: Toxic behaviour|78/100 slp
|-heal|p1a: Hidden OP|36/100|[from] drain|[of] p2a: Toxic behaviour
|
|-heal|p1a: Hidden OP|42/100|[from] item: Black Sludge
|upkeep
|turn|19
|
|-curestatus|p2a: Toxic behaviour|slp|[msg]
|move|p2a: Toxic behaviour|Brick Break|p1a: Hidden OP
|-resisted|p1a: Hidden OP
|-damage|p1a: Hidden OP|24/100
|move|p1a: Hidden OP|Hidden Power|p2a: Toxic behaviour
|-damage|p2a: Toxic behaviour|58/100
|
|-heal|p1a: Hidden OP|30/100|[from] item: Black Sludge
|upkeep
|turn|20
|
|move|p2a: Toxic behaviour|Brick Break|p1a: Hidden OP
|-resisted|p1a: Hidden OP
|-damage|p1a: Hidden OP|12/100
|move|p1a: Hidden OP|Spore|p2a: Toxic behaviour
|-status|p2a: Toxic behaviour|slp|[from] move: Spore
|
|-heal|p1a: Hidden OP|18/100|[from] item: Black Sludge
|upkeep
|turn|21
|
|switch|p1a: Mr T-Tar|Tyranitar, M, shiny|100/100
|-weather|Sandstorm|[from] ability: Sand Stream|[of] p1a: Mr T-Tar
|cant|p2a: Toxic behaviour|slp
|
|-weather|Sandstorm|[upkeep]
|-damage|p2a: Toxic behaviour|52/100 slp|[from] Sandstorm
|upkeep
|turn|22
|
|detailschange|p1a: Mr T-Tar|Tyranitar-Mega, M, shiny
|-mega|p1a: Mr T-Tar|Tyranitar|Tyranitarite
|cant|p2a: Toxic behaviour|slp
|move|p1a: Mr T-Tar|Stone Edge|p2a: Toxic behaviour|[miss]
|-miss|p1a: Mr T-Tar|p2a: Toxic behaviour
|
|-weather|Sandstorm|[upkeep]
|-damage|p2a: Toxic behaviour|46/100 slp|[from] Sandstorm
|upkeep
|turn|23
|
|cant|p2a: Toxic behaviour|slp
|move|p1a: Mr T-Tar|Fire Punch|p2a: Toxic behaviour
|-damage|p2a: Toxic behaviour|0 fnt
|faint|p2a: Toxic behaviour
|
|-weather|Sandstorm|[upkeep]
|upkeep
|
|switch|p2a: Peter|Obstagoon, M|36/100 brn
|-damage|p2a: Peter|24/100 brn|[from] Stealth Rock
|turn|24
|
|move|p2a: Peter|Close Combat|p1a: Mr T-Tar
|-supereffective|p1a: Mr T-Tar
|-damage|p1a: Mr T-Tar|0 fnt
|-unboost|p2a: Peter|def|1
|-unboost|p2a: Peter|spd|1
|faint|p1a: Mr T-Tar
|
|-weather|Sandstorm|[upkeep]
|-damage|p2a: Peter|18/100 brn|[from] Sandstorm
|-damage|p2a: Peter|12/100 brn|[from] brn
|upkeep
|
|switch|p1a: Hidden OP|Amoonguss, M, shiny|51/100
|turn|25
|
|switch|p1a: BurningPile|Coalossal, M|28/100
|move|p2a: Peter|Ice Punch|p1a: BurningPile
|-resisted|p1a: BurningPile
|-damage|p1a: BurningPile|18/100
|
|-weather|none
|-heal|p1a: BurningPile|24/100|[from] item: Leftovers
|-damage|p2a: Peter|6/100 brn|[from] brn
|upkeep
|turn|26
|
|move|p2a: Peter|Facade|p1a: BurningPile
|-resisted|p1a: BurningPile
|-damage|p1a: BurningPile|0 fnt
|faint|p1a: BurningPile
|
|-damage|p2a: Peter|0 fnt|[from] brn
|faint|p2a: Peter
|upkeep
|
|switch|p2a: KillerClewn|Blacephalon, shiny|100/100
|switch|p1a: Hidden OP|Amoonguss, M, shiny|84/100
|-damage|p2a: KillerClewn|76/100|[from] Stealth Rock
|turn|27
|
|move|p2a: KillerClewn|Flamethrower|p1a: Hidden OP
|-supereffective|p1a: Hidden OP
|-damage|p1a: Hidden OP|14/100
|move|p1a: Hidden OP|Spore|p2a: KillerClewn
|-status|p2a: KillerClewn|slp|[from] move: Spore
|
|-heal|p1a: Hidden OP|20/100|[from] item: Black Sludge
|upkeep
|turn|28
|
|cant|p2a: KillerClewn|slp
|move|p1a: Hidden OP|Sludge Bomb|p2a: KillerClewn
|-resisted|p2a: KillerClewn
|-damage|p2a: KillerClewn|60/100 slp
|
|-heal|p1a: Hidden OP|26/100|[from] item: Black Sludge
|upkeep
|turn|29
|
|-curestatus|p2a: KillerClewn|slp|[msg]
|move|p2a: KillerClewn|Flamethrower|p1a: Hidden OP
|-supereffective|p1a: Hidden OP
|-damage|p1a: Hidden OP|0 fnt
|faint|p1a: Hidden OP
|
|win|Smartymen
