|j|☆D→luxe
|j|‽Flynn Watson ^~^
|t:|1646059123
|gametype|singles
|player|p1|D→luxe|cyclist|
|player|p2|Flynn Watson ^~^|darach|
|teamsize|p1|6
|teamsize|p2|6
|gen|8
|tier|[Gen 8] National Dex AG
|rule|HP Percentage Mod: HP is shown in percentages
|rule|Endless Battle Clause: Forcing endless battles is banned
|clearpoke
|poke|p1|Eternatus|
|poke|p1|Yveltal|
|poke|p1|Zygarde|
|poke|p1|Necrozma-Dusk-Mane|
|poke|p1|Arceus-*|
|poke|p1|Zacian-*|
|poke|p2|Calyrex-Shadow|
|poke|p2|Zacian-*|
|poke|p2|Arceus-*|
|poke|p2|Necrozma-Dusk-Mane|
|poke|p2|Ferrothorn, F|
|poke|p2|Arceus-*|
|teampreview
|inactive|Battle timer is ON: inactive players will automatically lose when time's up. (requested by Flynn Watson ^~^)
|inactive|D→luxe has 270 seconds left.
|
|t:|1646059175
|start
|switch|p1a: Eternatus|Eternatus|100/100
|switch|p2a: Zacian|Zacian-Crowned|100/100
|-ability|p2a: Zacian|Intrepid Sword|boost
|-boost|p2a: Zacian|atk|1
|-ability|p1a: Eternatus|Pressure
|turn|1
|
|t:|1646059185
|switch|p2a: Arceus|Arceus-Dark|100/100
|switch|p1a: Necrozma|Necrozma-Dusk-Mane|100/100
|
|upkeep
|turn|2
|
|t:|1646059190
|switch|p1a: Eternatus|Eternatus|100/100
|-ability|p1a: Eternatus|Pressure
|move|p2a: Arceus|Toxic|p1a: Eternatus
|-immune|p1a: Eternatus
|
|upkeep
|turn|3
|
|t:|1646059200
|switch|p2a: Ferrothorn|Ferrothorn, F|100/100
|move|p1a: Eternatus|Toxic Spikes|p2a: Ferrothorn
|-sidestart|p2: Flynn Watson ^~^|move: Toxic Spikes
|
|upkeep
|turn|4
|
|t:|1646059203
|move|p2a: Ferrothorn|Protect|p2a: Ferrothorn
|-singleturn|p2a: Ferrothorn|Protect
|move|p1a: Eternatus|Flamethrower|p2a: Ferrothorn
|-activate|p2a: Ferrothorn|move: Protect
|
|upkeep
|turn|5
|
|t:|1646059210
|move|p1a: Eternatus|Toxic Spikes|p2a: Ferrothorn
|-sidestart|p2: Flynn Watson ^~^|move: Toxic Spikes
|move|p2a: Ferrothorn|Leech Seed|p1a: Eternatus
|-start|p1a: Eternatus|move: Leech Seed
|
|-damage|p1a: Eternatus|88/100|[from] Leech Seed|[of] p2a: Ferrothorn
|upkeep
|turn|6
|j| 21$avaage
|
|t:|1646059231
|switch|p1a: Zygarde|Zygarde|100/100
|move|p2a: Ferrothorn|Spikes|p1a: Zygarde
|-sidestart|p1: D→luxe|Spikes
|
|upkeep
|turn|7
|
|t:|1646059239
|move|p1a: Zygarde|Coil|p1a: Zygarde
|-boost|p1a: Zygarde|atk|1
|-boost|p1a: Zygarde|def|1
|-boost|p1a: Zygarde|accuracy|1
|move|p2a: Ferrothorn|Spikes|p1a: Zygarde
|-sidestart|p1: D→luxe|Spikes
|
|upkeep
|turn|8
|
|t:|1646059246
|move|p1a: Zygarde|Scale Shot|p2a: Ferrothorn
|-resisted|p2a: Ferrothorn
|-damage|p2a: Ferrothorn|95/100
|-resisted|p2a: Ferrothorn
|-damage|p2a: Ferrothorn|91/100
|-hitcount|p2a: Ferrothorn|2
|-unboost|p1a: Zygarde|def|1
|-boost|p1a: Zygarde|spe|1
|move|p2a: Ferrothorn|Leech Seed|p1a: Zygarde
|-start|p1a: Zygarde|move: Leech Seed
|
|-heal|p2a: Ferrothorn|97/100|[from] item: Leftovers
|-damage|p1a: Zygarde|88/100|[from] Leech Seed|[of] p2a: Ferrothorn
|-heal|p2a: Ferrothorn|100/100|[silent]
|upkeep
|turn|9
|
|t:|1646059261
|switch|p2a: Arceus|Arceus-Water|100/100
|-status|p2a: Arceus|tox
|move|p1a: Zygarde|Scale Shot|p2a: Arceus
|-damage|p2a: Arceus|94/100 tox
|-damage|p2a: Arceus|88/100 tox
|-hitcount|p2a: Arceus|2
|-unboost|p1a: Zygarde|def|1
|-boost|p1a: Zygarde|spe|1
|
|-heal|p1a: Zygarde|94/100|[from] item: Leftovers
|-damage|p1a: Zygarde|82/100|[from] Leech Seed|[of] p2a: Arceus
|-heal|p2a: Arceus|99/100 tox|[silent]
|-damage|p2a: Arceus|94/100 tox|[from] psn
|upkeep
|turn|10
|
|t:|1646059277
|move|p1a: Zygarde|Thousand Waves|p2a: Arceus
|-damage|p2a: Arceus|71/100 tox
|-activate|p2a: Arceus|trapped
|move|p2a: Arceus|Ice Beam|p1a: Zygarde
|-supereffective|p1a: Zygarde
|-damage|p1a: Zygarde|0 fnt
|faint|p1a: Zygarde
|
|-damage|p2a: Arceus|59/100 tox|[from] psn
|upkeep
|inactive|D→luxe has 270 seconds left.
|
|t:|1646059316
|switch|p1a: Zacian|Zacian-Crowned|100/100
|-damage|p1a: Zacian|84/100|[from] Spikes
|-ability|p1a: Zacian|Intrepid Sword|boost
|-boost|p1a: Zacian|atk|1
|turn|11
|
|t:|1646059331
|move|p1a: Zacian|Close Combat|p2a: Arceus
|-damage|p2a: Arceus|20/100 tox
|-unboost|p1a: Zacian|def|1
|-unboost|p1a: Zacian|spd|1
|move|p2a: Arceus|Will-O-Wisp|p1a: Zacian
|-status|p1a: Zacian|brn
|
|-damage|p2a: Arceus|2/100 tox|[from] psn
|-damage|p1a: Zacian|78/100 brn|[from] brn
|upkeep
|turn|12
|inactive|D→luxe has 240 seconds left.
|
|t:|1646059366
|switch|p2a: Necrozma|Necrozma-Dusk-Mane|100/100
|move|p1a: Zacian|Close Combat|p2a: Necrozma
|-damage|p2a: Necrozma|80/100
|-unboost|p1a: Zacian|def|1
|-unboost|p1a: Zacian|spd|1
|-damage|p1a: Zacian|61/100 brn|[from] item: Rocky Helmet|[of] p2a: Necrozma
|
|-damage|p1a: Zacian|55/100 brn|[from] brn
|upkeep
|turn|13
|
|t:|1646059380
|switch|p1a: Yveltal|Yveltal|100/100
|-ability|p1a: Yveltal|Dark Aura
|move|p2a: Necrozma|Stealth Rock|p1a: Yveltal
|-sidestart|p1: D→luxe|move: Stealth Rock
|
|upkeep
|turn|14
|
|t:|1646059383
|move|p1a: Yveltal|U-turn|p2a: Necrozma
|-damage|p2a: Necrozma|71/100
|-damage|p1a: Yveltal|84/100|[from] item: Rocky Helmet|[of] p2a: Necrozma
|
|t:|1646059387
|switch|p1a: Zacian|Zacian-Crowned|55/100 brn|[from]move: U-turn
|-damage|p1a: Zacian|49/100 brn|[from] Stealth Rock
|-damage|p1a: Zacian|32/100 brn|[from] Spikes
|-ability|p1a: Zacian|Intrepid Sword|boost
|-boost|p1a: Zacian|atk|1
|move|p2a: Necrozma|Thunder Wave||[still]
|-fail|p2a: Necrozma
|
|-damage|p1a: Zacian|26/100 brn|[from] brn
|upkeep
|turn|15
|
|t:|1646059391
|move|p1a: Zacian|Behemoth Blade|p2a: Necrozma
|-resisted|p2a: Necrozma
|-damage|p2a: Necrozma|59/100
|-damage|p1a: Zacian|9/100 brn|[from] item: Rocky Helmet|[of] p2a: Necrozma
|move|p2a: Necrozma|Morning Sun|p2a: Necrozma
|-heal|p2a: Necrozma|100/100
|
|-damage|p1a: Zacian|3/100 brn|[from] brn
|upkeep
|turn|16
|
|t:|1646059401
|switch|p2a: Arceus|Arceus-Water|2/100 tox
|move|p1a: Zacian|Protect||[still]
|-fail|p1a: Zacian
|
|-damage|p2a: Arceus|0 fnt|[from] psn
|faint|p2a: Arceus
|-damage|p1a: Zacian|0 fnt|[from] brn
|faint|p1a: Zacian
|upkeep
|inactive|D→luxe has 270 seconds left.
|
|t:|1646059409
|switch|p1a: Arceus|Arceus-Fairy|100/100
|switch|p2a: Zacian|Zacian-Crowned|100/100
|-ability|p2a: Zacian|Intrepid Sword|boost
|-boost|p2a: Zacian|atk|1
|-damage|p1a: Arceus|88/100|[from] Stealth Rock
|-damage|p1a: Arceus|71/100|[from] Spikes
|turn|17
|
|t:|1646059416
|move|p2a: Zacian|Behemoth Blade|p1a: Arceus
|-supereffective|p1a: Arceus
|-damage|p1a: Arceus|0 fnt
|faint|p1a: Arceus
|
|upkeep
|
|t:|1646059421
|switch|p1a: Eternatus|Eternatus|88/100
|-damage|p1a: Eternatus|72/100|[from] Spikes
|-damage|p1a: Eternatus|59/100|[from] Stealth Rock
|-ability|p1a: Eternatus|Pressure
|turn|18
|
|t:|1646059432
|move|p2a: Zacian|Behemoth Blade|p1a: Eternatus
|-damage|p1a: Eternatus|0 fnt
|faint|p1a: Eternatus
|
|upkeep
|
|t:|1646059444
|switch|p1a: Necrozma|Necrozma-Dusk-Mane|100/100
|-damage|p1a: Necrozma|94/100|[from] Stealth Rock
|-damage|p1a: Necrozma|78/100|[from] Spikes
|turn|19
|
|t:|1646059452
|switch|p2a: Ferrothorn|Ferrothorn, F|100/100
|move|p1a: Necrozma|Morning Sun|p1a: Necrozma
|-heal|p1a: Necrozma|100/100
|
|upkeep
|turn|20
|
|t:|1646059456
|move|p1a: Necrozma|Dragon Dance|p1a: Necrozma
|-boost|p1a: Necrozma|atk|1
|-boost|p1a: Necrozma|spe|1
|move|p2a: Ferrothorn|Leech Seed|p1a: Necrozma
|-start|p1a: Necrozma|move: Leech Seed
|
|-damage|p1a: Necrozma|88/100|[from] Leech Seed|[of] p2a: Ferrothorn
|upkeep
|turn|21
|
|t:|1646059464
|switch|p2a: Necrozma|Necrozma-Dusk-Mane|100/100
|move|p1a: Necrozma|Dragon Dance|p1a: Necrozma
|-boost|p1a: Necrozma|atk|1
|-boost|p1a: Necrozma|spe|1
|
|-damage|p1a: Necrozma|76/100|[from] Leech Seed|[of] p2a: Necrozma
|upkeep
|turn|22
|
|t:|1646059472
|-start|p1a: Necrozma|Dynamax
|-heal|p1a: Necrozma|76/100|[silent]
|-start|p2a: Necrozma|Dynamax
|-heal|p2a: Necrozma|100/100|[silent]
|move|p1a: Necrozma|Max Quake|p2a: Necrozma
|-supereffective|p2a: Necrozma
|-damage|p2a: Necrozma|64/100
|-boost|p1a: Necrozma|spd|1
|move|p2a: Necrozma|Max Steelspike|p1a: Necrozma
|-resisted|p1a: Necrozma
|-damage|p1a: Necrozma|67/100
|-boost|p2a: Necrozma|def|1
|
|-damage|p1a: Necrozma|61/100|[from] Leech Seed|[of] p2a: Necrozma
|-heal|p2a: Necrozma|70/100|[silent]
|upkeep
|turn|23
|
|t:|1646059476
|move|p1a: Necrozma|Max Quake|p2a: Necrozma
|-supereffective|p2a: Necrozma
|-damage|p2a: Necrozma|46/100
|-boost|p1a: Necrozma|spd|1
|move|p2a: Necrozma|Max Steelspike|p1a: Necrozma
|-resisted|p1a: Necrozma
|-damage|p1a: Necrozma|53/100
|-boost|p2a: Necrozma|def|1
|
|-damage|p1a: Necrozma|46/100|[from] Leech Seed|[of] p2a: Necrozma
|-heal|p2a: Necrozma|52/100|[silent]
|upkeep
|turn|24
|
|t:|1646059480
|move|p2a: Necrozma|Max Guard|p2a: Necrozma
|-singleturn|p2a: Necrozma|Max Guard
|move|p1a: Necrozma|Max Quake|p2a: Necrozma
|-activate|p2a: Necrozma|move: Max Guard
|
|-damage|p1a: Necrozma|40/100|[from] Leech Seed|[of] p2a: Necrozma
|-heal|p2a: Necrozma|58/100|[silent]
|-end|p1a: Necrozma|Dynamax
|-heal|p1a: Necrozma|40/100|[silent]
|-end|p2a: Necrozma|Dynamax
|-heal|p2a: Necrozma|58/100|[silent]
|upkeep
|turn|25
|
|t:|1646059484
|move|p1a: Necrozma|Earthquake|p2a: Necrozma
|-supereffective|p2a: Necrozma
|-damage|p2a: Necrozma|33/100
|move|p2a: Necrozma|Thunder Wave|p1a: Necrozma
|-status|p1a: Necrozma|par
|
|-damage|p1a: Necrozma|28/100 par|[from] Leech Seed|[of] p2a: Necrozma
|-heal|p2a: Necrozma|46/100|[silent]
|upkeep
|turn|26
|
|t:|1646059492
|cant|p1a: Necrozma|par
|move|p2a: Necrozma|Morning Sun|p2a: Necrozma
|-heal|p2a: Necrozma|96/100
|
|-damage|p1a: Necrozma|16/100 par|[from] Leech Seed|[of] p2a: Necrozma
|-heal|p2a: Necrozma|100/100|[silent]
|upkeep
|turn|27
|
|t:|1646059494
|move|p2a: Necrozma|Sunsteel Strike|p1a: Necrozma
|-resisted|p1a: Necrozma
|-damage|p1a: Necrozma|4/100 par
|-damage|p2a: Necrozma|84/100|[from] item: Rocky Helmet|[of] p1a: Necrozma
|cant|p1a: Necrozma|par
|
|-damage|p1a: Necrozma|0 fnt|[from] Leech Seed|[of] p2a: Necrozma
|-heal|p2a: Necrozma|87/100|[silent]
|faint|p1a: Necrozma
|upkeep
|
|t:|1646059496
|switch|p1a: Yveltal|Yveltal|84/100
|-ability|p1a: Yveltal|Dark Aura
|turn|28
|
|t:|1646059499
|switch|p2a: Zacian|Zacian-Crowned|100/100
|-ability|p2a: Zacian|Intrepid Sword|boost
|-boost|p2a: Zacian|atk|1
|move|p1a: Yveltal|Snarl|p2a: Zacian
|-resisted|p2a: Zacian
|-damage|p2a: Zacian|87/100
|-unboost|p2a: Zacian|spa|1
|
|upkeep
|turn|29
|
|t:|1646059503
|move|p1a: Yveltal|Sucker Punch|p2a: Zacian
|-resisted|p2a: Zacian
|-damage|p2a: Zacian|69/100
|move|p2a: Zacian|Wild Charge|p1a: Yveltal
|-supereffective|p1a: Yveltal
|-damage|p1a: Yveltal|0 fnt
|faint|p1a: Yveltal
|-damage|p2a: Zacian|40/100|[from] Recoil
|
|win|Flynn Watson ^~^
|l|☆D→luxe
|j| testaltv4神
|l| testaltv4神
