|j|☆CycleOnYourMum
|j|☆MegVGC
|t:|1668232067
|gametype|singles
|player|p1|CycleOnYourMum|cyclist-gen4|1701
|player|p2|MegVGC|dawn|1770
|teamsize|p1|6
|teamsize|p2|6
|gen|8
|tier|[Gen 8] National Dex AG
|rated|
|rule|HP Percentage Mod: HP is shown in percentages
|rule|Endless Battle Clause: Forcing endless battles is banned
|clearpoke
|poke|p1|Igglybuff, F|
|poke|p1|Rayquaza|
|poke|p1|Zacian-*|
|poke|p1|Arceus-*|
|poke|p1|Marshadow|
|poke|p1|Yveltal|
|poke|p2|Kyogre|
|poke|p2|Rayquaza|
|poke|p2|Zacian-*|
|poke|p2|Ho-Oh|
|poke|p2|Marshadow|
|poke|p2|Groudon|
|teampreview
|inactive|Battle timer is ON: inactive players will automatically lose when time's up. (requested by MegVGC)
|
|t:|1668232081
|start
|switch|p1a: Igglybuff|Igglybuff, F|100/100
|switch|p2a: Groudon|Groudon|100/100
|detailschange|p2a: Groudon|Groudon-Primal
|-primal|p2a: Groudon
|-weather|DesolateLand|[from] ability: Desolate Land|[of] p2a: Groudon
|turn|1
|
|t:|1668232086
|move|p1a: Igglybuff|Magic Coat|p1a: Igglybuff
|-singleturn|p1a: Igglybuff|move: Magic Coat
|move|p2a: Groudon|Stealth Rock|p1a: Igglybuff
|move|p1a: Igglybuff|Stealth Rock|p2a: Groudon|[from]Magic Coat
|-sidestart|p2: MegVGC|move: Stealth Rock
|
|-weather|DesolateLand|[upkeep]
|upkeep
|turn|2
|
|t:|1668232093
|switch|p1a: Rayquaza|Rayquaza|100/100
|-ability|p1a: Rayquaza|Air Lock
|move|p2a: Groudon|Stealth Rock|p1a: Rayquaza
|-sidestart|p1: CycleOnYourMum|move: Stealth Rock
|
|-weather|DesolateLand|[upkeep]
|upkeep
|turn|3
|j| Obito 2001
|
|t:|1668232109
|detailschange|p1a: Rayquaza|Rayquaza-Mega
|-mega|p1a: Rayquaza|Rayquaza|
|-weather|DeltaStream|[from] ability: Delta Stream|[of] p1a: Rayquaza
|move|p1a: Rayquaza|Waterfall|p2a: Groudon
|-supereffective|p2a: Groudon
|-damage|p2a: Groudon|0 fnt
|faint|p2a: Groudon
|
|-weather|DeltaStream|[upkeep]
|upkeep
|
|t:|1668232115
|switch|p2a: Ho-Oh|Ho-Oh|100/100
|turn|4
|
|t:|1668232121
|-start|p2a: Ho-Oh|Dynamax|
|-heal|p2a: Ho-Oh|100/100|[silent]
|move|p1a: Rayquaza|Waterfall|p2a: Ho-Oh
|-supereffective|p2a: Ho-Oh
|-damage|p2a: Ho-Oh|54/100
|move|p2a: Ho-Oh|Max Airstream|p1a: Rayquaza
|-damage|p1a: Rayquaza|31/100
|-boost|p2a: Ho-Oh|spe|1
|
|-weather|DeltaStream|[upkeep]
|upkeep
|turn|5
|
|t:|1668232126
|-weather|none
|switch|p1a: Arceus|Arceus-Water|100/100
|-damage|p1a: Arceus|88/100|[from] Stealth Rock
|move|p2a: Ho-Oh|Max Airstream|p1a: Arceus
|-damage|p1a: Arceus|56/100
|-boost|p2a: Ho-Oh|spe|1
|
|upkeep
|turn|6
|
|t:|1668232130
|move|p2a: Ho-Oh|Max Flare|p1a: Arceus
|-resisted|p1a: Arceus
|-damage|p1a: Arceus|40/100
|-weather|SunnyDay
|move|p1a: Arceus|Recover|p1a: Arceus
|-heal|p1a: Arceus|90/100
|
|-weather|SunnyDay|[upkeep]
|upkeep
|-end|p2a: Ho-Oh|Dynamax
|-heal|p2a: Ho-Oh|54/100|[silent]
|turn|7
|
|t:|1668232135
|move|p2a: Ho-Oh|Defog|p1a: Arceus
|-unboost|p1a: Arceus|evasion|1
|-sideend|p1: CycleOnYourMum|Stealth Rock|[from] move: Defog|[of] p2a: Ho-Oh
|-sideend|p2: MegVGC|Stealth Rock|[from] move: Defog|[of] p2a: Ho-Oh
|move|p1a: Arceus|Toxic|p2a: Ho-Oh|[miss]
|-miss|p1a: Arceus|p2a: Ho-Oh
|
|-weather|SunnyDay|[upkeep]
|upkeep
|turn|8
|
|t:|1668232141
|move|p2a: Ho-Oh|Sacred Fire|p1a: Arceus
|-resisted|p1a: Arceus
|-damage|p1a: Arceus|73/100
|move|p1a: Arceus|Judgment|p2a: Ho-Oh
|-supereffective|p2a: Ho-Oh
|-damage|p2a: Ho-Oh|23/100
|
|-weather|SunnyDay|[upkeep]
|upkeep
|turn|9
|
|t:|1668232146
|move|p2a: Ho-Oh|Sacred Fire|p1a: Arceus
|-resisted|p1a: Arceus
|-damage|p1a: Arceus|55/100
|-status|p1a: Arceus|brn
|move|p1a: Arceus|Toxic|p2a: Ho-Oh
|-status|p2a: Ho-Oh|tox
|
|-weather|SunnyDay|[upkeep]
|-damage|p2a: Ho-Oh|17/100 tox|[from] psn
|-damage|p1a: Arceus|49/100 brn|[from] brn
|upkeep
|turn|10
|
|t:|1668232152
|move|p2a: Ho-Oh|Brave Bird|p1a: Arceus
|-damage|p1a: Arceus|21/100 brn
|-damage|p2a: Ho-Oh|6/100 tox|[from] Recoil
|move|p1a: Arceus|Recover|p1a: Arceus
|-heal|p1a: Arceus|71/100 brn
|
|-weather|none
|-damage|p2a: Ho-Oh|0 fnt|[from] psn
|faint|p2a: Ho-Oh
|-damage|p1a: Arceus|65/100 brn|[from] brn
|upkeep
|
|t:|1668232162
|switch|p2a: Kyogre|Kyogre|100/100
|detailschange|p2a: Kyogre|Kyogre-Primal
|-primal|p2a: Kyogre
|-weather|PrimordialSea|[from] ability: Primordial Sea|[of] p2a: Kyogre
|turn|11
|
|t:|1668232174
|move|p2a: Kyogre|Thunder|p1a: Arceus
|-supereffective|p1a: Arceus
|-damage|p1a: Arceus|3/100 brn
|move|p1a: Arceus|Stealth Rock|p2a: Kyogre
|-sidestart|p2: MegVGC|move: Stealth Rock
|
|-weather|PrimordialSea|[upkeep]
|-damage|p1a: Arceus|0 fnt|[from] brn
|faint|p1a: Arceus
|upkeep
|
|t:|1668232188
|switch|p1a: Rayquaza|Rayquaza-Mega|31/100
|-weather|DeltaStream|[from] ability: Delta Stream|[of] p1a: Rayquaza
|turn|12
|
|t:|1668232192
|move|p1a: Rayquaza|Dragon Ascent|p2a: Kyogre
|-damage|p2a: Kyogre|0 fnt
|-unboost|p1a: Rayquaza|def|1
|-unboost|p1a: Rayquaza|spd|1
|faint|p2a: Kyogre
|
|-weather|DeltaStream|[upkeep]
|upkeep
|
|t:|1668232200
|switch|p2a: Zacian|Zacian-Crowned|100/100
|-damage|p2a: Zacian|94/100|[from] Stealth Rock
|-ability|p2a: Zacian|Intrepid Sword|boost
|-boost|p2a: Zacian|atk|1
|turn|13
|
|t:|1668232202
|move|p2a: Zacian|Behemoth Blade|p1a: Rayquaza
|-damage|p1a: Rayquaza|0 fnt
|faint|p1a: Rayquaza
|-weather|none
|
|upkeep
|
|t:|1668232210
|switch|p1a: Igglybuff|Igglybuff, F|100/100
|turn|14
|
|t:|1668232213
|move|p2a: Zacian|Behemoth Blade|p1a: Igglybuff
|-supereffective|p1a: Igglybuff
|-enditem|p1a: Igglybuff|Focus Sash
|-damage|p1a: Igglybuff|1/100
|move|p1a: Igglybuff|Counter|p2a: Zacian
|-damage|p2a: Zacian|0 fnt
|faint|p2a: Zacian
|
|upkeep
|
|t:|1668232229
|switch|p2a: Marshadow|Marshadow|100/100
|-damage|p2a: Marshadow|94/100|[from] Stealth Rock
|turn|15
|
|t:|1668232233
|move|p2a: Marshadow|Shadow Sneak|p1a: Igglybuff
|-immune|p1a: Igglybuff
|move|p1a: Igglybuff|Thunder Wave|p2a: Marshadow
|-status|p2a: Marshadow|par
|
|upkeep
|turn|16
|-message|MegVGC forfeited.
|
|win|CycleOnYourMum
|raw|CycleOnYourMum's rating: 1701 &rarr; <strong>1725</strong><br />(+24 for winning)
|raw|MegVGC's rating: 1770 &rarr; <strong>1746</strong><br />(-24 for losing)
|l|☆MegVGC
||Ladder isn't responding, score probably updated but might not have (Request timeout).
