|j|☆RazboiX4
|j|☆theChikunEater
|t:|1666492897
|gametype|singles
|player|p1|RazboiX4|gentleman-gen4|1293
|player|p2|theChikunEater|karen|1343
|teamsize|p1|6
|teamsize|p2|6
|gen|8
|tier|[Gen 8] National Dex AG
|rated|
|rule|HP Percentage Mod: HP is shown in percentages
|rule|Endless Battle Clause: Forcing endless battles is banned
|clearpoke
|poke|p1|Vivillon, F|
|poke|p1|Wobbuffet, F|
|poke|p1|Dragapult, M|
|poke|p1|Snorlax, M|
|poke|p1|Banette, M|
|poke|p1|Donphan, M|
|poke|p2|Slurpuff, F|
|poke|p2|Flygon, F|
|poke|p2|Mawile, F|
|poke|p2|Roserade, M|
|poke|p2|Greninja, M|
|poke|p2|Blaziken, M|
|teampreview
|inactive|Battle timer is ON: inactive players will automatically lose when time's up. (requested by theChikunEater)
|c|☆theChikunEater|glhf
|
|t:|1666492910
|start
|switch|p1a: Banette|Banette, M|100/100
|switch|p2a: Flygon|Flygon, F|100/100
|turn|1
|
|t:|1666492920
|switch|p2a: Greninja|Greninja, M|100/100
|detailschange|p1a: Banette|Banette-Mega, M
|-mega|p1a: Banette|Banette|Banettite
|move|p1a: Banette|Taunt|p2a: Greninja
|-hint|Since gen 7, Dark is immune to Prankster moves.
|-immune|p2a: Greninja
|
|upkeep
|turn|2
|
|t:|1666492929
|move|p1a: Banette|Destiny Bond|p1a: Banette
|-singlemove|p1a: Banette|Destiny Bond
|move|p2a: Greninja|Toxic Spikes|p1a: Banette
|-start|p2a: Greninja|typechange|Poison|[from] ability: Protean
|-sidestart|p1: RazboiX4|move: Toxic Spikes
|
|upkeep
|turn|3
|
|t:|1666492940
|move|p2a: Greninja|Dark Pulse|p1a: Banette
|-start|p2a: Greninja|typechange|Dark|[from] ability: Protean
|-supereffective|p1a: Banette
|-crit|p1a: Banette
|-damage|p1a: Banette|0 fnt
|faint|p1a: Banette
|-activate|p1a: Banette|move: Destiny Bond
|faint|p2a: Greninja
|
|upkeep
|
|t:|1666492950
|switch|p2a: Slurpuff|Slurpuff, F|100/100
|switch|p1a: Donphan|Donphan, M|100/100
|turn|4
|
|t:|1666492956
|move|p2a: Slurpuff|Yawn|p1a: Donphan
|-start|p1a: Donphan|move: Yawn|[of] p2a: Slurpuff
|move|p1a: Donphan|Rapid Spin|p2a: Slurpuff
|-damage|p2a: Slurpuff|75/100
|-boost|p1a: Donphan|spe|1
|-sideend|p1: RazboiX4|Toxic Spikes|[from] move: Rapid Spin|[of] p1a: Donphan
|
|upkeep
|turn|5
|
|t:|1666492966
|switch|p1a: Snorlax|Snorlax, M, shiny|100/100
|move|p2a: Slurpuff|Endeavor|p1a: Snorlax
|-damage|p1a: Snorlax|46/100
|
|upkeep
|turn|6
|
|t:|1666492989
|-start|p1a: Snorlax|Dynamax|
|-heal|p1a: Snorlax|46/100|[silent]
|move|p2a: Slurpuff|Sticky Web|p1a: Snorlax
|-sidestart|p1: RazboiX4|move: Sticky Web
|move|p1a: Snorlax|Max Ooze|p2a: Slurpuff
|-supereffective|p2a: Slurpuff
|-damage|p2a: Slurpuff|0 fnt
|-boost|p1a: Snorlax|spa|1
|faint|p2a: Slurpuff
|
|upkeep
|
|t:|1666492994
|switch|p2a: Blaziken|Blaziken, M|100/100
|turn|7
|c|☆theChikunEater|why not gmax?
|
|t:|1666493010
|-end|p1a: Snorlax|Dynamax
|-heal|p1a: Snorlax|46/100|[silent]
|switch|p1a: Dragapult|Dragapult, M|100/100
|-activate|p1a: Dragapult|move: Sticky Web
|-unboost|p1a: Dragapult|spe|1
|move|p2a: Blaziken|Aura Sphere|p1a: Dragapult
|-immune|p1a: Dragapult
|
|-ability|p2a: Blaziken|Speed Boost|boost
|-boost|p2a: Blaziken|spe|1
|upkeep
|turn|8
|c|☆theChikunEater|good play
|
|t:|1666493026
|move|p2a: Blaziken|Protect|p2a: Blaziken
|-singleturn|p2a: Blaziken|Protect
|move|p1a: Dragapult|Phantom Force||[still]
|-prepare|p1a: Dragapult|Phantom Force
|
|-ability|p2a: Blaziken|Speed Boost|boost
|-boost|p2a: Blaziken|spe|1
|upkeep
|turn|9
|
|t:|1666493033
|move|p2a: Blaziken|Flamethrower|p1a: Dragapult|[miss]
|-miss|p2a: Blaziken|p1a: Dragapult
|move|p1a: Dragapult|Phantom Force|p2a: Blaziken|[from]lockedmove
|-damage|p2a: Blaziken|42/100
|
|-ability|p2a: Blaziken|Speed Boost|boost
|-boost|p2a: Blaziken|spe|1
|upkeep
|turn|10
|
|t:|1666493045
|move|p2a: Blaziken|Protect|p2a: Blaziken
|-singleturn|p2a: Blaziken|Protect
|move|p1a: Dragapult|Phantom Force||[still]
|-prepare|p1a: Dragapult|Phantom Force
|
|-ability|p2a: Blaziken|Speed Boost|boost
|-boost|p2a: Blaziken|spe|1
|upkeep
|turn|11
|
|t:|1666493052
|move|p2a: Blaziken|Baton Pass|p2a: Blaziken
|
|t:|1666493057
|switch|p2a: Flygon|Flygon, F|100/100|[from]move: Baton Pass
|move|p1a: Dragapult|Phantom Force|p2a: Flygon|[from]lockedmove
|-damage|p2a: Flygon|35/100
|
|upkeep
|turn|12
|
|t:|1666493065
|move|p2a: Flygon|Earthquake|p1a: Dragapult
|-damage|p1a: Dragapult|42/100
|move|p1a: Dragapult|Phantom Force||[still]
|-prepare|p1a: Dragapult|Phantom Force
|
|upkeep
|turn|13
|
|t:|1666493072
|-start|p2a: Flygon|Dynamax|
|-heal|p2a: Flygon|35/100|[silent]
|move|p2a: Flygon|Max Guard|p2a: Flygon
|-singleturn|p2a: Flygon|Max Guard
|move|p1a: Dragapult|Phantom Force|p2a: Flygon|[from]lockedmove
|-activate|p2a: Flygon|move: Max Guard
|
|upkeep
|turn|14
|
|t:|1666493090
|switch|p1a: Donphan|Donphan, M|100/100
|move|p2a: Flygon|Max Rockfall|p1a: Donphan
|-resisted|p1a: Donphan
|-damage|p1a: Donphan|87/100
|-weather|Sandstorm
|
|-weather|Sandstorm|[upkeep]
|upkeep
|turn|15
|inactive|theChikunEater has 120 seconds left.
|
|t:|1666493122
|move|p2a: Flygon|Max Quake|p1a: Donphan
|-damage|p1a: Donphan|44/100
|-boost|p2a: Flygon|spd|1
|move|p1a: Donphan|Rapid Spin|p2a: Flygon
|-damage|p2a: Flygon|23/100
|-boost|p1a: Donphan|spe|1
|-sideend|p1: RazboiX4|Sticky Web|[from] move: Rapid Spin|[of] p1a: Donphan
|
|-weather|Sandstorm|[upkeep]
|upkeep
|-end|p2a: Flygon|Dynamax
|-heal|p2a: Flygon|23/100|[silent]
|turn|16
|c|☆theChikunEater|shards of ice
|c|☆theChikunEater|i wont switch
|inactive|RazboiX4 has 120 seconds left.
|
|t:|1666493153
|move|p2a: Flygon|Earthquake|p1a: Donphan
|-damage|p1a: Donphan|9/100
|move|p1a: Donphan|Counter|p2a: Flygon
|-damage|p2a: Flygon|0 fnt
|faint|p2a: Flygon
|
|-weather|Sandstorm|[upkeep]
|upkeep
|
|t:|1666493157
|switch|p2a: Blaziken|Blaziken, M|42/100
|turn|17
|
|t:|1666493167
|switch|p1a: Dragapult|Dragapult, M|42/100
|move|p2a: Blaziken|Protect||[still]
|-fail|p2a: Blaziken
|
|-weather|Sandstorm|[upkeep]
|-damage|p1a: Dragapult|36/100|[from] Sandstorm
|-damage|p2a: Blaziken|36/100|[from] Sandstorm
|-ability|p2a: Blaziken|Speed Boost|boost
|-boost|p2a: Blaziken|spe|1
|upkeep
|turn|18
|
|t:|1666493177
|move|p2a: Blaziken|Baton Pass|p2a: Blaziken
|
|t:|1666493179
|switch|p2a: Mawile|Mawile, F|100/100|[from]move: Baton Pass
|-ability|p2a: Mawile|Intimidate|boost
|-unboost|p1a: Dragapult|atk|1
|move|p1a: Dragapult|Dragon Darts|p2a: Mawile
|-immune|p2a: Mawile
|
|-weather|none
|upkeep
|turn|19
|
|t:|1666493195
|detailschange|p2a: Mawile|Mawile-Mega, F
|-mega|p2a: Mawile|Mawile|Mawilite
|move|p1a: Dragapult|Steel Wing|p2a: Mawile
|-damage|p2a: Mawile|82/100
|move|p2a: Mawile|Iron Head|p1a: Dragapult
|-damage|p1a: Dragapult|0 fnt
|faint|p1a: Dragapult
|
|upkeep
|inactive|RazboiX4 has 120 seconds left.
|
|t:|1666493206
|switch|p1a: Wobbuffet|Wobbuffet, F|100/100
|turn|20
|
|t:|1666493228
|move|p2a: Mawile|Iron Head|p1a: Wobbuffet
|-damage|p1a: Wobbuffet|56/100
|move|p1a: Wobbuffet|Counter|p2a: Mawile
|-damage|p2a: Mawile|0 fnt
|faint|p2a: Mawile
|
|upkeep
|
|t:|1666493233
|switch|p2a: Blaziken|Blaziken, M|36/100
|turn|21
|
|t:|1666493239
|move|p2a: Blaziken|Aura Sphere|p1a: Wobbuffet
|-resisted|p1a: Wobbuffet
|-damage|p1a: Wobbuffet|44/100
|move|p1a: Wobbuffet|Counter||[still]
|-fail|p1a: Wobbuffet
|
|-ability|p2a: Blaziken|Speed Boost|boost
|-boost|p2a: Blaziken|spe|1
|upkeep
|turn|22
|
|t:|1666493249
|move|p2a: Blaziken|Flamethrower|p1a: Wobbuffet
|-damage|p1a: Wobbuffet|15/100
|move|p1a: Wobbuffet|Counter||[still]
|-fail|p1a: Wobbuffet
|
|-ability|p2a: Blaziken|Speed Boost|boost
|-boost|p2a: Blaziken|spe|1
|upkeep
|turn|23
|
|t:|1666493257
|move|p2a: Blaziken|Baton Pass|p2a: Blaziken
|
|t:|1666493259
|switch|p2a: Roserade|Roserade, M|100/100|[from]move: Baton Pass
|move|p1a: Wobbuffet|Encore||[still]
|-fail|p1a: Wobbuffet
|
|upkeep
|turn|24
|
|t:|1666493269
|move|p2a: Roserade|Magical Leaf|p1a: Wobbuffet
|-damage|p1a: Wobbuffet|0 fnt
|faint|p1a: Wobbuffet
|
|upkeep
|
|t:|1666493276
|switch|p1a: Snorlax|Snorlax, M, shiny|46/100
|turn|25
|
|t:|1666493282
|move|p2a: Roserade|Magical Leaf|p1a: Snorlax
|-damage|p1a: Snorlax|17/100
|move|p1a: Snorlax|Rest|p1a: Snorlax
|-status|p1a: Snorlax|slp|[from] move: Rest
|-heal|p1a: Snorlax|100/100 slp|[silent]
|-enditem|p1a: Snorlax|Chesto Berry|[eat]
|-curestatus|p1a: Snorlax|slp|[msg]
|
|upkeep
|turn|26
|
|t:|1666493293
|move|p2a: Roserade|Magical Leaf|p1a: Snorlax
|-damage|p1a: Snorlax|72/100
|move|p1a: Snorlax|Ice Punch|p2a: Roserade
|-supereffective|p2a: Roserade
|-damage|p2a: Roserade|5/100
|
|upkeep
|turn|27
|c|☆theChikunEater|dayum
|
|t:|1666493300
|move|p2a: Roserade|Magical Leaf|p1a: Snorlax
|-damage|p1a: Snorlax|41/100
|move|p1a: Snorlax|Ice Punch|p2a: Roserade
|-supereffective|p2a: Roserade
|-damage|p2a: Roserade|0 fnt
|faint|p2a: Roserade
|
|upkeep
|
|t:|1666493303
|switch|p2a: Blaziken|Blaziken, M|36/100
|turn|28
|
|t:|1666493316
|move|p2a: Blaziken|Aura Sphere|p1a: Snorlax
|-supereffective|p1a: Snorlax
|-damage|p1a: Snorlax|0 fnt
|faint|p1a: Snorlax
|
|-ability|p2a: Blaziken|Speed Boost|boost
|-boost|p2a: Blaziken|spe|1
|upkeep
|
|t:|1666493324
|switch|p1a: Vivillon|Vivillon, F|100/100
|turn|29
|
|t:|1666493335
|move|p2a: Blaziken|Flamethrower|p1a: Vivillon
|-supereffective|p1a: Vivillon
|-enditem|p1a: Vivillon|Focus Sash
|-damage|p1a: Vivillon|1/100
|move|p1a: Vivillon|Sleep Powder|p2a: Blaziken
|-status|p2a: Blaziken|slp|[from] move: Sleep Powder
|
|-ability|p2a: Blaziken|Speed Boost|boost
|-boost|p2a: Blaziken|spe|1
|upkeep
|turn|30
|c|☆theChikunEater|ggs
|
|t:|1666493345
|cant|p2a: Blaziken|slp
|move|p1a: Vivillon|Hurricane|p2a: Blaziken
|-supereffective|p2a: Blaziken
|-damage|p2a: Blaziken|0 fnt
|faint|p2a: Blaziken
|
|win|RazboiX4
|raw|RazboiX4's rating: 1293 &rarr; <strong>1322</strong><br />(+29 for winning)
|raw|theChikunEater's rating: 1343 &rarr; <strong>1320</strong><br />(-23 for losing)
|l|☆theChikunEater
|c|☆RazboiX4|Gg
||Ladder isn't responding, score probably updated but might not have (Request timeout).
