|j|☆v87
|j|☆inoion
|t:|1660667266
|gametype|singles
|player|p1|v87|1|1675
|player|p2|inoion|tateandliza-gen6|1820
|teamsize|p1|6
|teamsize|p2|6
|gen|8
|tier|[Gen 8] National Dex AG
|rated|
|rule|HP Percentage Mod: HP is shown in percentages
|rule|Endless Battle Clause: Forcing endless battles is banned
|clearpoke
|poke|p1|Smeargle, M|
|poke|p1|Arceus-*|
|poke|p1|Calyrex-Shadow|
|poke|p1|Marshadow|
|poke|p1|Xerneas-*|
|poke|p1|Lucario, M|
|poke|p2|Deoxys-Speed|
|poke|p2|Necrozma-Dusk-Mane|
|poke|p2|Mewtwo|
|poke|p2|Arceus-*|
|poke|p2|Marshadow|
|poke|p2|Groudon|
|teampreview
|
|t:|1660667273
|start
|switch|p1a: Smeargle|Smeargle, M|100/100
|switch|p2a: Deoxys|Deoxys-Speed|100/100
|-ability|p2a: Deoxys|Pressure
|turn|1
|inactive|Battle timer is ON: inactive players will automatically lose when time's up. (requested by inoion)
|
|t:|1660667282
|move|p2a: Deoxys|Magic Coat|p2a: Deoxys
|-singleturn|p2a: Deoxys|move: Magic Coat
|move|p1a: Smeargle|Sticky Web|p2a: Deoxys
|move|p2a: Deoxys|Sticky Web|p1a: Smeargle|[from]Magic Coat
|-sidestart|p1: v87|move: Sticky Web
|
|upkeep
|turn|2
|
|t:|1660667289
|move|p2a: Deoxys|Taunt|p1a: Smeargle
|-start|p1a: Smeargle|move: Taunt
|move|p1a: Smeargle|Rapid Spin|p2a: Deoxys
|-damage|p2a: Deoxys|94/100
|-boost|p1a: Smeargle|spe|1
|-sideend|p1: v87|Sticky Web|[from] move: Rapid Spin|[of] p1a: Smeargle
|
|upkeep
|turn|3
|
|t:|1660667299
|switch|p1a: Lucario|Lucario, M|100/100
|move|p2a: Deoxys|Stealth Rock|p1a: Lucario
|-sidestart|p1: v87|move: Stealth Rock
|
|upkeep
|turn|4
|
|t:|1660667312
|detailschange|p1a: Lucario|Lucario-Mega, M
|-mega|p1a: Lucario|Lucario|Lucarionite
|move|p2a: Deoxys|Thunder Wave|p1a: Lucario
|-status|p1a: Lucario|par
|move|p1a: Lucario|Swords Dance|p1a: Lucario
|-boost|p1a: Lucario|atk|2
|
|upkeep
|turn|5
|
|t:|1660667329
|move|p2a: Deoxys|Taunt|p1a: Lucario
|-start|p1a: Lucario|move: Taunt
|cant|p1a: Lucario|move: Taunt|Swords Dance
|
|upkeep
|turn|6
|inactive|inoion has 120 seconds left.
|
|t:|1660667364
|cant|p1a: Lucario|par
|move|p2a: Deoxys|Taunt||[still]
|-fail|p2a: Deoxys
|
|upkeep
|turn|7
|j| f1r35t0rm_96
|
|t:|1660667386
|switch|p2a: Marshadow|Marshadow|100/100
|move|p1a: Lucario|Bullet Punch|p2a: Marshadow
|-damage|p2a: Marshadow|26/100
|
|-end|p1a: Lucario|move: Taunt
|upkeep
|turn|8
|
|t:|1660667396
|move|p1a: Lucario|Bullet Punch|p2a: Marshadow
|-damage|p2a: Marshadow|0 fnt
|faint|p2a: Marshadow
|
|upkeep
|
|t:|1660667401
|switch|p2a: Necrozma|Necrozma-Dusk-Mane|100/100
|turn|9
|
|t:|1660667416
|move|p2a: Necrozma|Earthquake|p1a: Lucario
|-supereffective|p1a: Lucario
|-damage|p1a: Lucario|0 fnt
|faint|p1a: Lucario
|-damage|p2a: Necrozma|91/100|[from] item: Life Orb
|
|upkeep
|j| Solid_Xen
|
|t:|1660667425
|switch|p1a: Smeargle|Smeargle, M|100/100
|-damage|p1a: Smeargle|88/100|[from] Stealth Rock
|turn|10
|
|t:|1660667437
|move|p1a: Smeargle|Sticky Web|p2a: Necrozma
|-sidestart|p2: inoion|move: Sticky Web
|move|p2a: Necrozma|Sunsteel Strike|p1a: Smeargle
|-damage|p1a: Smeargle|0 fnt
|faint|p1a: Smeargle
|-damage|p2a: Necrozma|81/100|[from] item: Life Orb
|
|upkeep
|
|t:|1660667449
|switch|p1a: Calyrex|Calyrex-Shadow|100/100
|-ability|p1a: Calyrex|As One
|-ability|p1a: Calyrex|Unnerve
|-damage|p1a: Calyrex|88/100|[from] Stealth Rock
|turn|11
|
|t:|1660667457
|switch|p2a: Deoxys|Deoxys-Speed|94/100
|-activate|p2a: Deoxys|move: Sticky Web
|-unboost|p2a: Deoxys|spe|1
|-ability|p2a: Deoxys|Pressure
|move|p1a: Calyrex|Reflect|p1a: Calyrex
|-sidestart|p1: v87|Reflect
|
|upkeep
|turn|12
|
|t:|1660667465
|move|p1a: Calyrex|Astral Barrage|p2a: Deoxys
|-supereffective|p2a: Deoxys
|-damage|p2a: Deoxys|0 fnt
|faint|p2a: Deoxys
|-ability|p1a: Calyrex|Grim Neigh|boost
|-boost|p1a: Calyrex|spa|1
|
|upkeep
|
|t:|1660667474
|switch|p2a: Arceus|Arceus-Ground|100/100
|-activate|p2a: Arceus|move: Sticky Web
|-unboost|p2a: Arceus|spe|1
|turn|13
|
|t:|1660667485
|-start|p2a: Arceus|Dynamax|
|-heal|p2a: Arceus|100/100|[silent]
|move|p1a: Calyrex|Light Screen|p1a: Calyrex
|-sidestart|p1: v87|move: Light Screen
|move|p2a: Arceus|Max Quake|p1a: Calyrex
|-damage|p1a: Calyrex|54/100
|-boost|p2a: Arceus|spd|1
|
|upkeep
|turn|14
|
|t:|1660667497
|move|p1a: Calyrex|Astral Barrage|p2a: Arceus
|-damage|p2a: Arceus|78/100
|move|p2a: Arceus|Max Quake|p1a: Calyrex
|-damage|p1a: Calyrex|22/100
|-boost|p2a: Arceus|spd|1
|
|upkeep
|turn|15
|
|t:|1660667508
|move|p2a: Arceus|Max Guard|p2a: Arceus
|-singleturn|p2a: Arceus|Max Guard
|move|p1a: Calyrex|Taunt|p2a: Arceus
|-activate|p2a: Arceus|move: Max Guard
|
|upkeep
|-end|p2a: Arceus|Dynamax
|-heal|p2a: Arceus|78/100|[silent]
|turn|16
|
|t:|1660667516
|move|p1a: Calyrex|Taunt|p2a: Arceus
|-start|p2a: Arceus|move: Taunt
|move|p2a: Arceus|Judgment|p1a: Calyrex
|-damage|p1a: Calyrex|0 fnt
|faint|p1a: Calyrex
|
|upkeep
|
|t:|1660667527
|switch|p1a: Arceus|Arceus-Ghost|100/100
|-damage|p1a: Arceus|88/100|[from] Stealth Rock
|turn|17
|
|t:|1660667545
|move|p1a: Arceus|Swords Dance|p1a: Arceus
|-boost|p1a: Arceus|atk|2
|move|p2a: Arceus|Judgment|p1a: Arceus
|-damage|p1a: Arceus|65/100
|
|upkeep
|turn|18
|
|t:|1660667554
|move|p1a: Arceus|Shadow Force||[still]
|-prepare|p1a: Arceus|Shadow Force
|move|p2a: Arceus|Judgment|p1a: Arceus|[miss]
|-miss|p2a: Arceus|p1a: Arceus
|
|-end|p2a: Arceus|move: Taunt
|-sideend|p1: v87|Reflect
|upkeep
|turn|19
|j| Cocky but goated
|
|t:|1660667563
|move|p1a: Arceus|Shadow Force|p2a: Arceus|[from]lockedmove
|-damage|p2a: Arceus|0 fnt
|faint|p2a: Arceus
|
|upkeep
|
|t:|1660667568
|switch|p2a: Groudon|Groudon|100/100
|-activate|p2a: Groudon|move: Sticky Web
|-unboost|p2a: Groudon|spe|1
|detailschange|p2a: Groudon|Groudon-Primal
|-primal|p2a: Groudon
|-weather|DesolateLand|[from] ability: Desolate Land|[of] p2a: Groudon
|turn|20
|
|t:|1660667576
|-zpower|p1a: Arceus
|move|p1a: Arceus|Never-Ending Nightmare|p2a: Groudon|[zeffect]
|-damage|p2a: Groudon|0 fnt
|faint|p2a: Groudon
|-weather|none
|
|-sideend|p1: v87|move: Light Screen
|upkeep
|
|t:|1660667580
|switch|p2a: Mewtwo|Mewtwo|100/100
|-activate|p2a: Mewtwo|move: Sticky Web
|-unboost|p2a: Mewtwo|spe|1
|-ability|p2a: Mewtwo|Pressure
|turn|21
|
|t:|1660667592
|move|p1a: Arceus|Shadow Force||[still]
|-prepare|p1a: Arceus|Shadow Force
|move|p2a: Mewtwo|Shadow Ball|p1a: Arceus|[miss]
|-miss|p2a: Mewtwo|p1a: Arceus
|
|upkeep
|turn|22
|
|t:|1660667600
|move|p1a: Arceus|Shadow Force|p2a: Mewtwo|[from]lockedmove
|-supereffective|p2a: Mewtwo
|-damage|p2a: Mewtwo|0 fnt
|faint|p2a: Mewtwo
|
|upkeep
|-message|inoion forfeited.
|
|win|v87
|raw|v87's rating: 1675 &rarr; <strong>1703</strong><br />(+28 for winning)
|raw|inoion's rating: 1820 &rarr; <strong>1792</strong><br />(-28 for losing)
|l|☆inoion
|l| Cocky but goated
||Ladder isn't responding, score probably updated but might not have (Request timeout).
