|j|☆moyv123
|j|‽Mawm
|t:|1665804259
|gametype|singles
|player|p1|moyv123|101|1772
|player|p2|Mawm|170|1826
|teamsize|p1|6
|teamsize|p2|6
|gen|8
|tier|[Gen 8] National Dex AG
|rated|
|rule|HP Percentage Mod: HP is shown in percentages
|rule|Endless Battle Clause: Forcing endless battles is banned
|clearpoke
|poke|p1|Arceus-*|
|poke|p1|Arceus-*|
|poke|p1|Rayquaza|
|poke|p1|Lugia|
|poke|p1|Zacian-*|
|poke|p1|Zygarde|
|poke|p2|Arceus-*|
|poke|p2|Genesect|
|poke|p2|Yveltal|
|poke|p2|Necrozma-Dusk-Mane|
|poke|p2|Rayquaza|
|poke|p2|Groudon|
|teampreview
|inactive|Battle timer is ON: inactive players will automatically lose when time's up. (requested by Mawm)
|
|t:|1665804283
|start
|switch|p1a: Lugia|Lugia|100/100
|switch|p2a: Rayquaza|Rayquaza|100/100
|-ability|p2a: Rayquaza|Air Lock
|turn|1
|
|t:|1665804290
|switch|p2a: Groudon|Groudon|100/100
|detailschange|p2a: Groudon|Groudon-Primal
|-primal|p2a: Groudon
|-weather|DesolateLand|[from] ability: Desolate Land|[of] p2a: Groudon
|move|p1a: Lugia|Thunder Wave|p2a: Groudon
|-immune|p2a: Groudon
|
|-weather|DesolateLand|[upkeep]
|upkeep
|turn|2
|
|t:|1665804317
|switch|p1a: Zygarde|Zygarde|100/100
|move|p2a: Groudon|Rock Tomb|p1a: Zygarde
|-resisted|p1a: Zygarde
|-damage|p1a: Zygarde|92/100
|-unboost|p1a: Zygarde|spe|1
|
|-weather|DesolateLand|[upkeep]
|upkeep
|turn|3
|
|t:|1665804326
|move|p2a: Groudon|Eruption|p1a: Zygarde
|-resisted|p1a: Zygarde
|-damage|p1a: Zygarde|33/100
|move|p1a: Zygarde|Dragon Dance|p1a: Zygarde
|-boost|p1a: Zygarde|atk|1
|-boost|p1a: Zygarde|spe|1
|
|-weather|DesolateLand|[upkeep]
|-activate|p1a: Zygarde|ability: Power Construct
|detailschange|p1a: Zygarde|Zygarde-Complete
|-heal|p1a: Zygarde|57/100|[silent]
|upkeep
|turn|4
|inactive|moyv123 has 120 seconds left.
|
|t:|1665804353
|move|p2a: Groudon|Eruption|p1a: Zygarde
|-resisted|p1a: Zygarde
|-damage|p1a: Zygarde|20/100
|-zpower|p1a: Zygarde
|move|p1a: Zygarde|Tectonic Rage|p2a: Groudon|[zeffect]
|-supereffective|p2a: Groudon
|-damage|p2a: Groudon|0 fnt
|faint|p2a: Groudon
|-weather|none
|
|upkeep
|
|t:|1665804363
|switch|p2a: Arceus|Arceus|100/100
|turn|5
|
|t:|1665804368
|move|p2a: Arceus|Extreme Speed|p1a: Zygarde
|-damage|p1a: Zygarde|0 fnt
|faint|p1a: Zygarde
|
|upkeep
|inactive|moyv123 has 120 seconds left.
|
|t:|1665804391
|switch|p1a: Arceus|Arceus|100/100
|turn|6
|
|t:|1665804395
|move|p2a: Arceus|Swords Dance|p2a: Arceus
|-boost|p2a: Arceus|atk|2
|move|p1a: Arceus|Swords Dance|p1a: Arceus
|-boost|p1a: Arceus|atk|2
|
|upkeep
|turn|7
|
|t:|1665804403
|-start|p1a: Arceus|Dynamax|
|-heal|p1a: Arceus|100/100|[silent]
|move|p2a: Arceus|Extreme Speed|p1a: Arceus
|-damage|p1a: Arceus|74/100
|move|p1a: Arceus|Max Strike|p2a: Arceus
|-damage|p2a: Arceus|3/100
|-unboost|p2a: Arceus|spe|1
|-enditem|p2a: Arceus|Red Card|[of] p1a: Arceus
|-block|p1a: Arceus|Dynamax
|
|upkeep
|turn|8
|
|t:|1665804414
|move|p2a: Arceus|Extreme Speed|p1a: Arceus
|-damage|p1a: Arceus|47/100
|move|p1a: Arceus|Max Strike|p2a: Arceus
|-damage|p2a: Arceus|0 fnt
|faint|p2a: Arceus
|
|upkeep
|
|t:|1665804436
|switch|p2a: Genesect|Genesect, shiny|100/100
|-ability|p2a: Genesect|Download|boost
|-boost|p2a: Genesect|spa|1
|turn|9
|
|t:|1665804441
|move|p1a: Arceus|Max Phantasm|p2a: Genesect
|-damage|p2a: Genesect|14/100
|-unboost|p2a: Genesect|def|1
|move|p2a: Genesect|Shift Gear|p2a: Genesect
|-boost|p2a: Genesect|spe|2
|-boost|p2a: Genesect|atk|1
|
|upkeep
|-end|p1a: Arceus|Dynamax
|-heal|p1a: Arceus|47/100|[silent]
|turn|10
|
|t:|1665804453
|move|p2a: Genesect|Extreme Speed|p1a: Arceus
|-damage|p1a: Arceus|9/100
|-damage|p2a: Genesect|5/100|[from] item: Life Orb
|move|p1a: Arceus|Extreme Speed|p2a: Genesect
|-resisted|p2a: Genesect
|-damage|p2a: Genesect|0 fnt
|faint|p2a: Genesect
|
|upkeep
|
|t:|1665804461
|switch|p2a: Yveltal|Yveltal, shiny|100/100
|-ability|p2a: Yveltal|Dark Aura
|turn|11
|
|t:|1665804466
|-start|p2a: Yveltal|Dynamax|
|-heal|p2a: Yveltal|100/100|[silent]
|move|p1a: Arceus|Extreme Speed|p2a: Yveltal
|-damage|p2a: Yveltal|59/100
|move|p2a: Yveltal|Max Airstream|p1a: Arceus
|-damage|p1a: Arceus|0 fnt
|-boost|p2a: Yveltal|spe|1
|faint|p1a: Arceus
|
|upkeep
|
|t:|1665804480
|switch|p1a: Arceus|Arceus-Dark|100/100
|turn|12
|
|t:|1665804488
|move|p2a: Yveltal|Max Ooze|p1a: Arceus
|-damage|p1a: Arceus|80/100
|-boost|p2a: Yveltal|spa|1
|move|p1a: Arceus|Thunder Wave|p2a: Yveltal
|-status|p2a: Yveltal|par
|
|upkeep
|turn|13
|
|t:|1665804502
|move|p1a: Arceus|Recover|p1a: Arceus
|-heal|p1a: Arceus|100/100
|move|p2a: Yveltal|Max Airstream|p1a: Arceus
|-damage|p1a: Arceus|44/100
|-boost|p2a: Yveltal|spe|1
|
|upkeep
|-end|p2a: Yveltal|Dynamax
|-heal|p2a: Yveltal|59/100 par|[silent]
|turn|14
|
|t:|1665804513
|move|p2a: Yveltal|Oblivion Wing|p1a: Arceus
|-damage|p1a: Arceus|9/100
|-heal|p2a: Yveltal|89/100 par|[from] drain|[of] p1a: Arceus
|move|p1a: Arceus|Recover|p1a: Arceus
|-heal|p1a: Arceus|59/100
|
|upkeep
|turn|15
|
|t:|1665804525
|cant|p2a: Yveltal|par
|move|p1a: Arceus|Recover|p1a: Arceus
|-heal|p1a: Arceus|100/100
|
|upkeep
|turn|16
|
|t:|1665804531
|move|p2a: Yveltal|Oblivion Wing|p1a: Arceus
|-damage|p1a: Arceus|67/100
|-heal|p2a: Yveltal|100/100 par|[from] drain|[of] p1a: Arceus
|move|p1a: Arceus|Stealth Rock|p2a: Yveltal
|-sidestart|p2: Mawm|move: Stealth Rock
|
|upkeep
|turn|17
|
|t:|1665804547
|switch|p1a: Zacian|Zacian-Crowned, shiny|100/100
|-ability|p1a: Zacian|Intrepid Sword|boost
|-boost|p1a: Zacian|atk|1
|move|p2a: Yveltal|Heat Wave|p1a: Zacian
|-supereffective|p1a: Zacian
|-damage|p1a: Zacian|0 fnt
|faint|p1a: Zacian
|
|upkeep
|inactive|moyv123 has 120 seconds left.
|
|t:|1665804570
|switch|p1a: Lugia|Lugia|100/100
|turn|18
|
|t:|1665804574
|move|p2a: Yveltal|Dark Pulse|p1a: Lugia
|-supereffective|p1a: Lugia
|-damage|p1a: Lugia|49/100
|move|p1a: Lugia|Whirlwind|p2a: Yveltal
|drag|p2a: Rayquaza|Rayquaza|100/100
|-damage|p2a: Rayquaza|76/100|[from] Stealth Rock
|-ability|p2a: Rayquaza|Air Lock
|
|upkeep
|turn|19
|
|t:|1665804584
|detailschange|p2a: Rayquaza|Rayquaza-Mega
|-mega|p2a: Rayquaza|Rayquaza|
|-weather|DeltaStream|[from] ability: Delta Stream|[of] p2a: Rayquaza
|move|p2a: Rayquaza|Dragon Ascent|p1a: Lugia
|-damage|p1a: Lugia|0 fnt
|-unboost|p2a: Rayquaza|def|1
|-unboost|p2a: Rayquaza|spd|1
|faint|p1a: Lugia
|-damage|p2a: Rayquaza|66/100|[from] item: Life Orb
|
|-weather|DeltaStream|[upkeep]
|upkeep
|
|t:|1665804595
|switch|p1a: Arceus|Arceus-Dark|67/100
|turn|20
|
|t:|1665804600
|move|p2a: Rayquaza|Dragon Ascent|p1a: Arceus
|-damage|p1a: Arceus|0 fnt
|-unboost|p2a: Rayquaza|def|1
|-unboost|p2a: Rayquaza|spd|1
|faint|p1a: Arceus
|-damage|p2a: Rayquaza|56/100|[from] item: Life Orb
|
|-weather|DeltaStream|[upkeep]
|upkeep
|
|t:|1665804608
|switch|p1a: Rayquaza|Rayquaza, shiny|100/100
|-ability|p1a: Rayquaza|Air Lock
|turn|21
|
|t:|1665804614
|detailschange|p1a: Rayquaza|Rayquaza-Mega, shiny
|-mega|p1a: Rayquaza|Rayquaza|
|move|p1a: Rayquaza|Extreme Speed|p2a: Rayquaza
|-damage|p2a: Rayquaza|0 fnt
|faint|p2a: Rayquaza
|-damage|p1a: Rayquaza|91/100|[from] item: Life Orb
|
|-weather|DeltaStream|[upkeep]
|upkeep
|
|t:|1665804621
|switch|p2a: Necrozma|Necrozma-Dusk-Mane, shiny|100/100
|-damage|p2a: Necrozma|94/100|[from] Stealth Rock
|turn|22
|
|t:|1665804627
|move|p1a: Rayquaza|Dragon Dance|p1a: Rayquaza
|-boost|p1a: Rayquaza|atk|1
|-boost|p1a: Rayquaza|spe|1
|move|p2a: Necrozma|Dragon Dance|p2a: Necrozma
|-boost|p2a: Necrozma|atk|1
|-boost|p2a: Necrozma|spe|1
|
|-weather|DeltaStream|[upkeep]
|upkeep
|turn|23
|
|t:|1665804640
|detailschange|p2a: Necrozma|Necrozma-Ultra, shiny
|-burst|p2a: Necrozma|Necrozma|Ultranecrozium Z
|move|p1a: Rayquaza|Dragon Ascent|p2a: Necrozma
|-damage|p2a: Necrozma|0 fnt
|-unboost|p1a: Rayquaza|def|1
|-unboost|p1a: Rayquaza|spd|1
|faint|p2a: Necrozma
|-damage|p1a: Rayquaza|81/100|[from] item: Life Orb
|
|-weather|DeltaStream|[upkeep]
|upkeep
|
|t:|1665804643
|switch|p2a: Yveltal|Yveltal, shiny|100/100 par
|-damage|p2a: Yveltal|76/100 par|[from] Stealth Rock
|-ability|p2a: Yveltal|Dark Aura
|turn|24
|
|t:|1665804655
|move|p1a: Rayquaza|Dragon Ascent|p2a: Yveltal
|-damage|p2a: Yveltal|0 fnt
|-unboost|p1a: Rayquaza|def|1
|-unboost|p1a: Rayquaza|spd|1
|faint|p2a: Yveltal
|-damage|p1a: Rayquaza|71/100|[from] item: Life Orb
|
|win|moyv123
|raw|moyv123's rating: 1772 &rarr; <strong>1795</strong><br />(+23 for winning)
|raw|Mawm's rating: 1826 &rarr; <strong>1803</strong><br />(-23 for losing)
