|j|☆OnMaWa
|j|‽big brain hour
|player|p1|OnMaWa|psychic-gen4|1866
|player|p2|big brain hour|kindler-gen3|1574
|teamsize|p1|6
|teamsize|p2|6
|gametype|singles
|gen|8
|tier|[Gen 8] National Dex AG
|rated|
|clearpoke
|poke|p1|Arceus-*|
|poke|p1|Lugia|
|poke|p1|Yveltal|
|poke|p1|Rayquaza|
|poke|p1|Zacian-Crowned|
|poke|p1|Necrozma-Dusk-Mane|
|poke|p2|Arceus-*|
|poke|p2|Arceus-*|
|poke|p2|Arceus-*|
|poke|p2|Necrozma-Dusk-Mane|
|poke|p2|Zygarde|
|poke|p2|Eternatus|
|rule|HP Percentage Mod: HP is shown in percentages
|rule|Endless Battle Clause: Forcing endless battles is banned
|teampreview
|inactive|Battle timer is ON: inactive players will automatically lose when time's up. (requested by big brain hour)
|
|start
|switch|p1a: Rayquaza|Rayquaza|100/100
|switch|p2a: Eternatus|Eternatus|100/100
|-ability|p2a: Eternatus|Pressure
|-ability|p1a: Rayquaza|Air Lock
|turn|1
|
|switch|p1a: Lugia|Lugia|100/100
|move|p2a: Eternatus|Toxic Spikes|p1a: Lugia
|-sidestart|p1: OnMaWa|move: Toxic Spikes
|
|upkeep
|turn|2
|
|move|p2a: Eternatus|Sludge Bomb|p1a: Lugia
|-damage|p1a: Lugia|88/100
|-status|p1a: Lugia|psn
|move|p1a: Lugia|Thunder Wave|p2a: Eternatus
|-status|p2a: Eternatus|par
|
|-damage|p1a: Lugia|76/100 psn|[from] psn
|upkeep
|turn|3
|
|move|p1a: Lugia|Defog|p2a: Eternatus
|-unboost|p2a: Eternatus|evasion|1
|-sideend|p1: OnMaWa|Toxic Spikes|[from] move: Defog|[of] p1a: Lugia
|move|p2a: Eternatus|Toxic Spikes|p1a: Lugia
|-sidestart|p1: OnMaWa|move: Toxic Spikes
|
|-damage|p1a: Lugia|63/100 psn|[from] psn
|upkeep
|turn|4
|
|switch|p2a: Arceus|Arceus|100/100
|move|p1a: Lugia|Defog|p2a: Arceus
|-unboost|p2a: Arceus|evasion|1
|-sideend|p1: OnMaWa|Toxic Spikes|[from] move: Defog|[of] p1a: Lugia
|
|-damage|p1a: Lugia|51/100 psn|[from] psn
|upkeep
|turn|5
|
|switch|p1a: Zacian|Zacian-Crowned|100/100
|-ability|p1a: Zacian|Intrepid Sword|boost
|-boost|p1a: Zacian|atk|1
|move|p2a: Arceus|Swords Dance|p2a: Arceus
|-boost|p2a: Arceus|atk|2
|
|upkeep
|turn|6
|
|switch|p2a: Necrozma|Necrozma-Dusk-Mane|100/100
|move|p1a: Zacian|Close Combat|p2a: Necrozma
|-damage|p2a: Necrozma|63/100
|-unboost|p1a: Zacian|def|1
|-unboost|p1a: Zacian|spd|1
|
|upkeep
|turn|7
|
|switch|p1a: Yveltal|Yveltal, shiny|100/100
|-ability|p1a: Yveltal|Dark Aura
|move|p2a: Necrozma|Moonlight|p2a: Necrozma
|-heal|p2a: Necrozma|100/100
|
|upkeep
|turn|8
|
|switch|p2a: Arceus|Arceus-Fairy|100/100
|move|p1a: Yveltal|Dark Pulse|p2a: Arceus
|-resisted|p2a: Arceus
|-damage|p2a: Arceus|79/100
|-damage|p1a: Yveltal|91/100|[from] item: Life Orb
|
|upkeep
|turn|9
|
|switch|p1a: Zacian|Zacian-Crowned|100/100
|-ability|p1a: Zacian|Intrepid Sword|boost
|-boost|p1a: Zacian|atk|1
|switch|p2a: Zygarde|Zygarde|100/100
|
|upkeep
|turn|10
|
|switch|p2a: Necrozma|Necrozma-Dusk-Mane|100/100
|move|p1a: Zacian|Play Rough|p2a: Necrozma
|-resisted|p2a: Necrozma
|-damage|p2a: Necrozma|77/100
|
|upkeep
|turn|11
|
|switch|p1a: Yveltal|Yveltal, shiny|91/100
|-ability|p1a: Yveltal|Dark Aura
|move|p2a: Necrozma|Stealth Rock|p1a: Yveltal
|-sidestart|p1: OnMaWa|move: Stealth Rock
|
|upkeep
|turn|12
|
|switch|p2a: Arceus|Arceus-Fairy|79/100
|-start|p1a: Yveltal|Dynamax
|-heal|p1a: Yveltal|91/100|[silent]
|move|p1a: Yveltal|Max Ooze|p2a: Arceus
|-supereffective|p2a: Arceus
|-damage|p2a: Arceus|25/100
|-boost|p1a: Yveltal|spa|1
|-damage|p1a: Yveltal|86/100|[from] item: Life Orb
|
|upkeep
|turn|13
|
|move|p1a: Yveltal|Max Airstream|p2a: Arceus
|-damage|p2a: Arceus|0 fnt
|-boost|p1a: Yveltal|spe|1
|-damage|p1a: Yveltal|81/100|[from] item: Life Orb
|faint|p2a: Arceus
|
|upkeep
|
|switch|p2a: Eternatus|Eternatus|100/100 par
|-ability|p2a: Eternatus|Pressure
|turn|14
|
|move|p1a: Yveltal|Max Darkness|p2a: Eternatus
|-damage|p2a: Eternatus|0 fnt
|-damage|p1a: Yveltal|76/100|[from] item: Life Orb
|faint|p2a: Eternatus
|
|-end|p1a: Yveltal|Dynamax
|-heal|p1a: Yveltal|76/100|[silent]
|upkeep
|
|switch|p2a: Arceus|Arceus|100/100
|turn|15
|
|-start|p2a: Arceus|Dynamax
|-heal|p2a: Arceus|100/100|[silent]
|move|p1a: Yveltal|Oblivion Wing|p2a: Arceus
|-damage|p2a: Arceus|66/100
|-heal|p1a: Yveltal|100/100|[from] drain|[of] p2a: Arceus
|-damage|p1a: Yveltal|91/100|[from] item: Life Orb
|move|p2a: Arceus|Max Strike|p1a: Yveltal
|-damage|p1a: Yveltal|14/100
|-unboost|p1a: Yveltal|spe|1
|
|upkeep
|turn|16
|
|move|p2a: Arceus|Max Strike|p1a: Yveltal
|-damage|p1a: Yveltal|0 fnt
|faint|p1a: Yveltal
|
|upkeep
|
|switch|p1a: Lugia|Lugia|51/100 psn
|turn|17
|
|move|p2a: Arceus|Max Strike|p1a: Lugia
|-damage|p1a: Lugia|8/100 psn
|-unboost|p1a: Lugia|spe|1
|move|p1a: Lugia|Defog|p2a: Arceus
|-unboost|p2a: Arceus|evasion|1
|-sideend|p1: OnMaWa|Stealth Rock|[from] move: Defog|[of] p1a: Lugia
|
|-damage|p1a: Lugia|0 fnt|[from] psn
|faint|p1a: Lugia
|-end|p2a: Arceus|Dynamax
|-heal|p2a: Arceus|66/100|[silent]
|upkeep
|inactive|OnMaWa has 120 seconds left.
|
|switch|p1a: Zacian|Zacian-Crowned|100/100
|-ability|p1a: Zacian|Intrepid Sword|boost
|-boost|p1a: Zacian|atk|1
|turn|18
|inactive|big brain hour has 120 seconds left.
|inactive|big brain hour has 90 seconds left.
|
|move|p1a: Zacian|Close Combat|p2a: Arceus
|-supereffective|p2a: Arceus
|-damage|p2a: Arceus|0 fnt
|-unboost|p1a: Zacian|def|1
|-unboost|p1a: Zacian|spd|1
|faint|p2a: Arceus
|
|upkeep
|
|switch|p2a: Necrozma|Necrozma-Dusk-Mane|77/100
|turn|19
|
|switch|p1a: Necrozma|Necrozma-Dusk-Mane|100/100
|move|p2a: Necrozma|Thunder Wave|p1a: Necrozma
|-status|p1a: Necrozma|par
|
|upkeep
|turn|20
|
|switch|p2a: Zygarde|Zygarde|100/100
|move|p1a: Necrozma|Dragon Dance|p1a: Necrozma
|-boost|p1a: Necrozma|atk|1
|-boost|p1a: Necrozma|spe|1
|
|upkeep
|turn|21
|
|detailschange|p1a: Necrozma|Necrozma-Ultra
|-burst|p1a: Necrozma|Necrozma|Ultranecrozium Z
|move|p2a: Zygarde|Dragon Dance|p2a: Zygarde
|-boost|p2a: Zygarde|atk|1
|-boost|p2a: Zygarde|spe|1
|move|p1a: Necrozma|Dragon Dance|p1a: Necrozma
|-boost|p1a: Necrozma|atk|1
|-boost|p1a: Necrozma|spe|1
|
|upkeep
|turn|22
|inactive|big brain hour has 120 seconds left.
|
|move|p2a: Zygarde|Substitute|p2a: Zygarde
|-start|p2a: Zygarde|Substitute
|-damage|p2a: Zygarde|76/100
|cant|p1a: Necrozma|par
|
|-heal|p2a: Zygarde|82/100|[from] item: Leftovers
|upkeep
|turn|23
|inactive|OnMaWa has 120 seconds left.
|
|switch|p1a: Zacian|Zacian-Crowned|100/100
|-ability|p1a: Zacian|Intrepid Sword|boost
|-boost|p1a: Zacian|atk|1
|move|p2a: Zygarde|Thousand Arrows|p1a: Zacian
|-supereffective|p1a: Zacian
|-damage|p1a: Zacian|0 fnt
|faint|p1a: Zacian
|
|-heal|p2a: Zygarde|88/100|[from] item: Leftovers
|upkeep
|inactive|OnMaWa has 120 seconds left.
|
|switch|p1a: Necrozma|Necrozma-Ultra|100/100 par
|turn|24
|
|move|p2a: Zygarde|Dragon Dance|p2a: Zygarde
|-boost|p2a: Zygarde|atk|1
|-boost|p2a: Zygarde|spe|1
|move|p1a: Necrozma|Photon Geyser|p2a: Zygarde
|-end|p2a: Zygarde|Substitute
|
|-heal|p2a: Zygarde|94/100|[from] item: Leftovers
|upkeep
|turn|25
|inactive|OnMaWa has 120 seconds left.
|
|move|p2a: Zygarde|Substitute|p2a: Zygarde
|-start|p2a: Zygarde|Substitute
|-damage|p2a: Zygarde|69/100
|move|p1a: Necrozma|Dragon Dance|p1a: Necrozma
|-boost|p1a: Necrozma|atk|1
|-boost|p1a: Necrozma|spe|1
|
|-heal|p2a: Zygarde|75/100|[from] item: Leftovers
|upkeep
|turn|26
|inactive|OnMaWa has 120 seconds left.
|
|move|p2a: Zygarde|Thousand Arrows|p1a: Necrozma
|-damage|p1a: Necrozma|37/100 par
|move|p1a: Necrozma|Photon Geyser|p2a: Zygarde
|-end|p2a: Zygarde|Substitute
|
|-heal|p2a: Zygarde|81/100|[from] item: Leftovers
|upkeep
|turn|27
|inactive|OnMaWa has 120 seconds left.
|
|move|p2a: Zygarde|Substitute|p2a: Zygarde
|-start|p2a: Zygarde|Substitute
|-damage|p2a: Zygarde|56/100
|cant|p1a: Necrozma|par
|
|-heal|p2a: Zygarde|62/100|[from] item: Leftovers
|upkeep
|turn|28
|inactive|OnMaWa has 120 seconds left.
|j| Cava1
|
|move|p2a: Zygarde|Thousand Arrows|p1a: Necrozma
|-damage|p1a: Necrozma|0 fnt
|faint|p1a: Necrozma
|
|-heal|p2a: Zygarde|68/100|[from] item: Leftovers
|upkeep
|inactive|OnMaWa has 120 seconds left.
|
|switch|p1a: Rayquaza|Rayquaza|100/100
|-ability|p1a: Rayquaza|Air Lock
|turn|29
|inactive|OnMaWa has 120 seconds left.
|
|detailschange|p1a: Rayquaza|Rayquaza-Mega
|-mega|p1a: Rayquaza|Rayquaza|
|-weather|DeltaStream|[from] ability: Delta Stream|[of] p1a: Rayquaza
|move|p1a: Rayquaza|Extreme Speed|p2a: Zygarde
|-end|p2a: Zygarde|Substitute
|move|p2a: Zygarde|Thousand Arrows|p1a: Rayquaza
|-damage|p1a: Rayquaza|32/100
|-start|p1a: Rayquaza|Smack Down
|
|-weather|DeltaStream|[upkeep]
|-heal|p2a: Zygarde|74/100|[from] item: Leftovers
|upkeep
|turn|30
|inactive|OnMaWa has 120 seconds left.
|
|move|p1a: Rayquaza|Extreme Speed|p2a: Zygarde
|-damage|p2a: Zygarde|33/100
|move|p2a: Zygarde|Thousand Arrows|p1a: Rayquaza
|-damage|p1a: Rayquaza|0 fnt
|faint|p1a: Rayquaza
|-weather|none
|
|-heal|p2a: Zygarde|39/100|[from] item: Leftovers
|-activate|p2a: Zygarde|ability: Power Construct
|detailschange|p2a: Zygarde|Zygarde-Complete
|-heal|p2a: Zygarde|62/100|[silent]
|upkeep
|
|switch|p1a: Arceus|Arceus|100/100
|turn|31
|
|move|p2a: Zygarde|Thousand Arrows|p1a: Arceus
|-damage|p1a: Arceus|45/100
|move|p1a: Arceus|Swords Dance|p1a: Arceus
|-boost|p1a: Arceus|atk|2
|
|-heal|p2a: Zygarde|68/100|[from] item: Leftovers
|upkeep
|turn|32
|
|move|p1a: Arceus|Extreme Speed|p2a: Zygarde
|-damage|p2a: Zygarde|22/100
|move|p2a: Zygarde|Thousand Arrows|p1a: Arceus
|-damage|p1a: Arceus|0 fnt
|faint|p1a: Arceus
|
|win|big brain hour
|raw|OnMaWa's rating: 1866 &rarr; <strong>1832</strong><br />(-34 for losing)
|raw|big brain hour's rating: 1575 &rarr; <strong>1608</strong><br />(+33 for winning)
|l|☆OnMaWa
|l|‽big brain hour
|j|‽big brain hour
|player|p2|big brain hour|kindler-gen3
