|j|☆Dugtrio Is Broken
|j|☆amnael01
|t:|1658788428
|gametype|singles
|player|p1|Dugtrio Is Broken|ballguy|1742
|player|p2|amnael01|dawn|1739
|teamsize|p1|6
|teamsize|p2|6
|gen|8
|tier|[Gen 8] National Dex AG
|rated|
|rule|HP Percentage Mod: HP is shown in percentages
|rule|Endless Battle Clause: Forcing endless battles is banned
|clearpoke
|poke|p1|Arceus-*|
|poke|p1|Excadrill, M|
|poke|p1|Smeargle, F|
|poke|p1|Smeargle, F|
|poke|p1|Xerneas-*|
|poke|p1|Rayquaza|
|poke|p2|Smeargle, F|
|poke|p2|Groudon|
|poke|p2|Espeon, F|
|poke|p2|Rayquaza|
|poke|p2|Xerneas-*|
|poke|p2|Zacian-*|
|teampreview
|
|t:|1658788450
|start
|switch|p1a: Excadrill|Excadrill, M|100/100
|switch|p2a: Rayquaza|Rayquaza|100/100
|-ability|p2a: Rayquaza|Air Lock
|-ability|p1a: Excadrill|Mold Breaker
|turn|1
|
|t:|1658788455
|detailschange|p2a: Rayquaza|Rayquaza-Mega
|-mega|p2a: Rayquaza|Rayquaza|
|-weather|DeltaStream|[from] ability: Delta Stream|[of] p2a: Rayquaza
|move|p2a: Rayquaza|Earthquake|p1a: Excadrill
|-supereffective|p1a: Excadrill
|-enditem|p1a: Excadrill|Focus Sash
|-damage|p1a: Excadrill|1/100
|move|p1a: Excadrill|Stealth Rock|p2a: Rayquaza
|-sidestart|p2: amnael01|move: Stealth Rock
|
|-weather|DeltaStream|[upkeep]
|upkeep
|turn|2
|
|t:|1658788458
|move|p2a: Rayquaza|Earthquake|p1a: Excadrill
|-supereffective|p1a: Excadrill
|-damage|p1a: Excadrill|0 fnt
|faint|p1a: Excadrill
|
|-weather|DeltaStream|[upkeep]
|upkeep
|
|t:|1658788484
|switch|p1a: Smeargle|Smeargle, F|100/100
|turn|3
|
|t:|1658788486
|move|p2a: Rayquaza|Earthquake|p1a: Smeargle
|-enditem|p1a: Smeargle|Focus Sash
|-damage|p1a: Smeargle|1/100
|move|p1a: Smeargle|Spore|p2a: Rayquaza
|-status|p2a: Rayquaza|slp|[from] move: Spore
|
|-weather|DeltaStream|[upkeep]
|-ability|p1a: Smeargle|Moody|boost
|-boost|p1a: Smeargle|spd|2
|-unboost|p1a: Smeargle|spa|1
|upkeep
|turn|4
|
|t:|1658788497
|cant|p2a: Rayquaza|slp
|move|p1a: Smeargle|Sticky Web|p2a: Rayquaza
|-sidestart|p2: amnael01|move: Sticky Web
|
|-weather|DeltaStream|[upkeep]
|-ability|p1a: Smeargle|Moody|boost
|-boost|p1a: Smeargle|atk|2
|-unboost|p1a: Smeargle|spe|1
|upkeep
|turn|5
|
|t:|1658788505
|cant|p2a: Rayquaza|slp
|move|p1a: Smeargle|Baton Pass|p1a: Smeargle
|
|t:|1658788507
|switch|p1a: Smeargle|Smeargle, F|100/100|[from]move: Baton Pass
|
|-weather|DeltaStream|[upkeep]
|-ability|p1a: Smeargle|Moody|boost
|-boost|p1a: Smeargle|def|2
|-unboost|p1a: Smeargle|atk|1
|upkeep
|turn|6
|
|t:|1658788509
|-curestatus|p2a: Rayquaza|slp|[msg]
|move|p2a: Rayquaza|Earthquake|p1a: Smeargle
|-damage|p1a: Smeargle|37/100
|move|p1a: Smeargle|Substitute|p1a: Smeargle
|-start|p1a: Smeargle|Substitute
|-damage|p1a: Smeargle|12/100
|
|-weather|DeltaStream|[upkeep]
|-heal|p1a: Smeargle|18/100|[from] item: Leftovers
|-ability|p1a: Smeargle|Moody|boost
|-boost|p1a: Smeargle|def|2
|-unboost|p1a: Smeargle|atk|1
|upkeep
|turn|7
|
|t:|1658788514
|move|p2a: Rayquaza|Extreme Speed|p1a: Smeargle
|-end|p1a: Smeargle|Substitute
|move|p1a: Smeargle|Spore|p2a: Rayquaza
|-status|p2a: Rayquaza|slp|[from] move: Spore
|
|-weather|DeltaStream|[upkeep]
|-heal|p1a: Smeargle|24/100|[from] item: Leftovers
|-ability|p1a: Smeargle|Moody|boost
|-boost|p1a: Smeargle|spd|2
|-unboost|p1a: Smeargle|def|1
|upkeep
|turn|8
|
|t:|1658788518
|cant|p2a: Rayquaza|slp
|move|p1a: Smeargle|Shell Smash|p1a: Smeargle
|-unboost|p1a: Smeargle|def|1
|-unboost|p1a: Smeargle|spd|1
|-boost|p1a: Smeargle|atk|2
|-boost|p1a: Smeargle|spa|2
|-boost|p1a: Smeargle|spe|2
|
|-weather|DeltaStream|[upkeep]
|-heal|p1a: Smeargle|30/100|[from] item: Leftovers
|-ability|p1a: Smeargle|Moody|boost
|-boost|p1a: Smeargle|atk|2
|-unboost|p1a: Smeargle|def|1
|upkeep
|turn|9
|
|t:|1658788519
|move|p1a: Smeargle|Power Trip|p2a: Rayquaza
|-damage|p2a: Rayquaza|18/100 slp
|cant|p2a: Rayquaza|slp
|
|-weather|DeltaStream|[upkeep]
|-heal|p1a: Smeargle|36/100|[from] item: Leftovers
|-ability|p1a: Smeargle|Moody|boost
|-boost|p1a: Smeargle|spe|2
|-unboost|p1a: Smeargle|spd|1
|upkeep
|turn|10
|
|t:|1658788524
|cant|p2a: Rayquaza|slp
|move|p1a: Smeargle|Power Trip|p2a: Rayquaza
|-crit|p2a: Rayquaza
|-damage|p2a: Rayquaza|0 fnt
|faint|p2a: Rayquaza
|-weather|none
|
|-heal|p1a: Smeargle|42/100|[from] item: Leftovers
|-ability|p1a: Smeargle|Moody|boost
|-boost|p1a: Smeargle|spe|2
|-unboost|p1a: Smeargle|spd|1
|upkeep
|
|t:|1658788527
|switch|p2a: Xerneas|Xerneas|100/100
|-damage|p2a: Xerneas|88/100|[from] Stealth Rock
|-activate|p2a: Xerneas|move: Sticky Web
|-unboost|p2a: Xerneas|spe|1
|-ability|p2a: Xerneas|Fairy Aura
|turn|11
|
|t:|1658788530
|move|p1a: Smeargle|Spore|p2a: Xerneas
|-status|p2a: Xerneas|slp|[from] move: Spore
|cant|p2a: Xerneas|slp
|
|-heal|p1a: Smeargle|48/100|[from] item: Leftovers
|-ability|p1a: Smeargle|Moody|boost
|-boost|p1a: Smeargle|def|2
|-unboost|p1a: Smeargle|spa|1
|upkeep
|turn|12
|
|t:|1658788532
|move|p1a: Smeargle|Substitute|p1a: Smeargle
|-start|p1a: Smeargle|Substitute
|-damage|p1a: Smeargle|24/100
|cant|p2a: Xerneas|slp
|
|-heal|p1a: Smeargle|30/100|[from] item: Leftovers
|-ability|p1a: Smeargle|Moody|boost
|-boost|p1a: Smeargle|spd|2
|-unboost|p1a: Smeargle|def|1
|upkeep
|turn|13
|
|t:|1658788535
|-start|p2a: Xerneas|Dynamax|
|-heal|p2a: Xerneas|88/100 slp|[silent]
|move|p1a: Smeargle|Shell Smash|p1a: Smeargle
|-unboost|p1a: Smeargle|def|1
|-unboost|p1a: Smeargle|spd|1
|-boost|p1a: Smeargle|atk|2
|-boost|p1a: Smeargle|spa|2
|-boost|p1a: Smeargle|spe|1
|cant|p2a: Xerneas|slp
|
|-heal|p1a: Smeargle|36/100|[from] item: Leftovers
|-ability|p1a: Smeargle|Moody|boost
|-boost|p1a: Smeargle|def|2
|-unboost|p1a: Smeargle|spe|1
|upkeep
|turn|14
|
|t:|1658788540
|move|p1a: Smeargle|Shell Smash|p1a: Smeargle
|-unboost|p1a: Smeargle|def|1
|-unboost|p1a: Smeargle|spd|1
|-boost|p1a: Smeargle|atk|0
|-boost|p1a: Smeargle|spa|2
|-boost|p1a: Smeargle|spe|1
|-curestatus|p2a: Xerneas|slp|[msg]
|move|p2a: Xerneas|Max Starfall|p1a: Smeargle
|-end|p1a: Smeargle|Substitute
|-fieldstart|move: Misty Terrain
|
|-heal|p1a: Smeargle|42/100|[from] item: Leftovers
|-ability|p1a: Smeargle|Moody|boost
|-boost|p1a: Smeargle|spa|2
|-unboost|p1a: Smeargle|spe|1
|upkeep
|turn|15
|
|t:|1658788542
|move|p1a: Smeargle|Substitute|p1a: Smeargle
|-start|p1a: Smeargle|Substitute
|-damage|p1a: Smeargle|17/100
|move|p2a: Xerneas|Max Starfall|p1a: Smeargle
|-end|p1a: Smeargle|Substitute
|
|-heal|p1a: Smeargle|23/100|[from] item: Leftovers
|-ability|p1a: Smeargle|Moody|boost
|-boost|p1a: Smeargle|spd|2
|-unboost|p1a: Smeargle|spa|1
|upkeep
|-end|p2a: Xerneas|Dynamax
|-heal|p2a: Xerneas|88/100|[silent]
|turn|16
|
|t:|1658788546
|move|p1a: Smeargle|Power Trip|p2a: Xerneas
|-resisted|p2a: Xerneas
|-damage|p2a: Xerneas|0 fnt
|faint|p2a: Xerneas
|
|-heal|p1a: Smeargle|29/100|[from] item: Leftovers
|-ability|p1a: Smeargle|Moody|boost
|-boost|p1a: Smeargle|spa|1
|-unboost|p1a: Smeargle|atk|1
|upkeep
|
|t:|1658788551
|switch|p2a: Zacian|Zacian-Crowned|100/100
|-damage|p2a: Zacian|94/100|[from] Stealth Rock
|-activate|p2a: Zacian|move: Sticky Web
|-unboost|p2a: Zacian|spe|1
|-ability|p2a: Zacian|Intrepid Sword|boost
|-boost|p2a: Zacian|atk|1
|turn|17
|
|t:|1658788560
|move|p1a: Smeargle|Power Trip|p2a: Zacian
|-resisted|p2a: Zacian
|-damage|p2a: Zacian|0 fnt
|faint|p2a: Zacian
|
|-heal|p1a: Smeargle|35/100|[from] item: Leftovers
|-ability|p1a: Smeargle|Moody|boost
|-boost|p1a: Smeargle|atk|1
|-unboost|p1a: Smeargle|spd|1
|upkeep
|
|t:|1658788562
|switch|p2a: Groudon|Groudon|100/100
|-damage|p2a: Groudon|94/100|[from] Stealth Rock
|-activate|p2a: Groudon|move: Sticky Web
|-unboost|p2a: Groudon|spe|1
|detailschange|p2a: Groudon|Groudon-Primal
|-primal|p2a: Groudon
|-weather|DesolateLand|[from] ability: Desolate Land|[of] p2a: Groudon
|turn|18
|
|t:|1658788565
|move|p1a: Smeargle|Substitute|p1a: Smeargle
|-start|p1a: Smeargle|Substitute
|-damage|p1a: Smeargle|10/100
|move|p2a: Groudon|Fire Punch|p1a: Smeargle
|-end|p1a: Smeargle|Substitute
|
|-weather|DesolateLand|[upkeep]
|-heal|p1a: Smeargle|16/100|[from] item: Leftovers
|-fieldend|Misty Terrain
|-ability|p1a: Smeargle|Moody|boost
|-boost|p1a: Smeargle|spe|1
|-unboost|p1a: Smeargle|atk|1
|upkeep
|turn|19
|
|t:|1658788566
|move|p1a: Smeargle|Spore|p2a: Groudon
|-status|p2a: Groudon|slp|[from] move: Spore
|cant|p2a: Groudon|slp
|
|-weather|DesolateLand|[upkeep]
|-heal|p1a: Smeargle|22/100|[from] item: Leftovers
|-ability|p1a: Smeargle|Moody|boost
|-boost|p1a: Smeargle|def|2
|-unboost|p1a: Smeargle|spa|1
|upkeep
|turn|20
|-message|amnael01 forfeited.
|
|win|Dugtrio Is Broken
|raw|Dugtrio Is Broken's rating: 1748 &rarr; <strong>1767</strong><br />(+19 for winning)
|raw|amnael01's rating: 1739 &rarr; <strong>1720</strong><br />(-19 for losing)
|l|☆amnael01
