|j|‽Black Fatalis 37
|j|☆cutestripes
|t:|1601736130
|player|p1|Black Fatalis 37|veteranf|1705
|player|p2|cutestripes|cynthia|1620
|teamsize|p1|6
|teamsize|p2|6
|gametype|singles
|gen|8
|tier|[Gen 8] National Dex AG
|rated|
|clearpoke
|poke|p1|Palkia|
|poke|p1|Necrozma-Dusk-Mane|
|poke|p1|Arceus-*|
|poke|p1|Xerneas|
|poke|p1|Rayquaza|
|poke|p1|Groudon|
|poke|p2|Yveltal|
|poke|p2|Necrozma-Dusk-Mane|
|poke|p2|Zacian-Crowned|
|poke|p2|Zygarde|
|poke|p2|Groudon|
|poke|p2|Ho-Oh|
|rule|HP Percentage Mod: HP is shown in percentages
|rule|Endless Battle Clause: Forcing endless battles is banned
|teampreview
|inactive|Battle timer is ON: inactive players will automatically lose when time's up. (requested by Black Fatalis 37)
|
|t:|1601736138
|start
|switch|p1a: Rayquaza|Rayquaza|100/100
|switch|p2a: Zygarde|Zygarde|100/100
|-ability|p1a: Rayquaza|Air Lock
|turn|1
|
|t:|1601736142
|detailschange|p1a: Rayquaza|Rayquaza-Mega
|-mega|p1a: Rayquaza|Rayquaza|
|-weather|DeltaStream|[from] ability: Delta Stream|[of] p1a: Rayquaza
|move|p1a: Rayquaza|Draco Meteor|p2a: Zygarde
|-supereffective|p2a: Zygarde
|-enditem|p2a: Zygarde|Haban Berry|[eat]
|-enditem|p2a: Zygarde|Haban Berry|[weaken]
|-damage|p2a: Zygarde|35/100
|-unboost|p1a: Rayquaza|spa|2
|move|p2a: Zygarde|Glare|p1a: Rayquaza
|-status|p1a: Rayquaza|par
|
|-weather|DeltaStream|[upkeep]
|-activate|p2a: Zygarde|ability: Power Construct
|detailschange|p2a: Zygarde|Zygarde-Complete
|-heal|p2a: Zygarde|57/100|[silent]
|upkeep
|turn|2
|
|t:|1601736157
|-weather|none
|switch|p1a: Xerneas|Xerneas|100/100
|-ability|p1a: Xerneas|Fairy Aura
|move|p2a: Zygarde|Thousand Arrows|p1a: Xerneas
|-damage|p1a: Xerneas|83/100
|
|-heal|p1a: Xerneas|89/100|[from] item: Leftovers
|upkeep
|turn|3
|
|t:|1601736167
|switch|p2a: Zacian|Zacian-Crowned|100/100
|-ability|p2a: Zacian|Intrepid Sword|boost
|-boost|p2a: Zacian|atk|1
|move|p1a: Xerneas|Moonblast|p2a: Zacian
|-resisted|p2a: Zacian
|-damage|p2a: Zacian|74/100
|
|-heal|p1a: Xerneas|95/100|[from] item: Leftovers
|upkeep
|turn|4
|
|t:|1601736176
|switch|p1a: Groudon|Groudon|100/100
|detailschange|p1a: Groudon|Groudon-Primal
|-primal|p1a: Groudon
|-weather|DesolateLand|[from] ability: Desolate Land|[of] p1a: Groudon
|move|p2a: Zacian|Substitute|p2a: Zacian
|-start|p2a: Zacian|Substitute
|-damage|p2a: Zacian|49/100
|
|-weather|DesolateLand|[upkeep]
|upkeep
|turn|5
|
|t:|1601736179
|move|p2a: Zacian|Close Combat|p1a: Groudon
|-damage|p1a: Groudon|53/100
|-unboost|p2a: Zacian|def|1
|-unboost|p2a: Zacian|spd|1
|move|p1a: Groudon|Stealth Rock|p2a: Zacian
|-sidestart|p2: cutestripes|move: Stealth Rock
|
|-weather|DesolateLand|[upkeep]
|upkeep
|turn|6
|
|t:|1601736186
|move|p2a: Zacian|Behemoth Blade|p1a: Groudon
|-resisted|p1a: Groudon
|-damage|p1a: Groudon|26/100
|move|p1a: Groudon|Roar|p2a: Zacian
|drag|p2a: Yveltal|Yveltal|100/100
|-damage|p2a: Yveltal|76/100|[from] Stealth Rock
|-ability|p2a: Yveltal|Dark Aura
|
|-weather|DesolateLand|[upkeep]
|upkeep
|turn|7
|
|t:|1601736195
|move|p2a: Yveltal|Oblivion Wing|p1a: Groudon
|-damage|p1a: Groudon|0 fnt
|-heal|p2a: Yveltal|95/100|[from] drain|[of] p1a: Groudon
|-damage|p2a: Yveltal|85/100|[from] item: Life Orb
|faint|p1a: Groudon
|-weather|none
|
|upkeep
|
|t:|1601736204
|switch|p1a: Xerneas|Xerneas|95/100
|-ability|p1a: Xerneas|Fairy Aura
|turn|8
|
|t:|1601736208
|switch|p2a: Ho-Oh|Ho-Oh|100/100
|move|p1a: Xerneas|Moonblast|p2a: Ho-Oh
|-resisted|p2a: Ho-Oh
|-damage|p2a: Ho-Oh|88/100
|
|-heal|p1a: Xerneas|100/100|[from] item: Leftovers
|upkeep
|turn|9
|
|t:|1601736211
|move|p1a: Xerneas|Toxic|p2a: Ho-Oh
|-status|p2a: Ho-Oh|tox
|move|p2a: Ho-Oh|Defog|p1a: Xerneas
|-unboost|p1a: Xerneas|evasion|1
|-sideend|p2: cutestripes|Stealth Rock|[from] move: Defog|[of] p2a: Ho-Oh
|
|-damage|p2a: Ho-Oh|82/100 tox|[from] psn
|upkeep
|turn|10
|
|t:|1601736216
|move|p1a: Xerneas|Moonblast|p2a: Ho-Oh
|-resisted|p2a: Ho-Oh
|-damage|p2a: Ho-Oh|70/100 tox
|move|p2a: Ho-Oh|Toxic|p1a: Xerneas
|-status|p1a: Xerneas|tox
|
|-damage|p1a: Xerneas|94/100 tox|[from] psn
|-damage|p2a: Ho-Oh|58/100 tox|[from] psn
|upkeep
|turn|11
|
|t:|1601736224
|switch|p2a: Necrozma|Necrozma-Dusk-Mane|100/100
|move|p1a: Xerneas|Aromatherapy|p1a: Xerneas
|-activate|p1a: Xerneas|move: Aromatherapy
|-curestatus|p1a: Xerneas|tox|[msg]
|-curestatus|p1: Rayquaza|par|[msg]
|
|-heal|p1a: Xerneas|100/100|[from] item: Leftovers
|upkeep
|turn|12
|
|t:|1601736234
|switch|p1a: Palkia|Palkia, shiny|100/100
|-ability|p1a: Palkia|Pressure
|move|p2a: Necrozma|Sunsteel Strike|p1a: Palkia
|-resisted|p1a: Palkia
|-damage|p1a: Palkia|79/100
|
|upkeep
|turn|13
|
|t:|1601736242
|switch|p2a: Groudon|Groudon|100/100
|detailschange|p2a: Groudon|Groudon-Primal
|-primal|p2a: Groudon
|-weather|DesolateLand|[from] ability: Desolate Land|[of] p2a: Groudon
|move|p1a: Palkia|Thunder Wave|p2a: Groudon
|-immune|p2a: Groudon
|
|-weather|DesolateLand|[upkeep]
|upkeep
|turn|14
|
|t:|1601736249
|move|p1a: Palkia|Spacial Rend|p2a: Groudon
|-damage|p2a: Groudon|46/100
|move|p2a: Groudon|Stealth Rock|p1a: Palkia
|-sidestart|p1: Black Fatalis 37|move: Stealth Rock
|
|-weather|DesolateLand|[upkeep]
|upkeep
|turn|15
|
|t:|1601736257
|move|p1a: Palkia|Spacial Rend|p2a: Groudon
|-damage|p2a: Groudon|0 fnt
|faint|p2a: Groudon
|-weather|none
|
|upkeep
|
|t:|1601736268
|switch|p2a: Ho-Oh|Ho-Oh|91/100 tox
|turn|16
|j| clozap9
|
|t:|1601736271
|move|p1a: Palkia|Surf|p2a: Ho-Oh
|-supereffective|p2a: Ho-Oh
|-damage|p2a: Ho-Oh|28/100 tox
|move|p2a: Ho-Oh|Toxic|p1a: Palkia|[miss]
|-miss|p2a: Ho-Oh|p1a: Palkia
|
|-damage|p2a: Ho-Oh|22/100 tox|[from] psn
|upkeep
|turn|17
|
|t:|1601736278
|move|p1a: Palkia|Surf|p2a: Ho-Oh
|-supereffective|p2a: Ho-Oh
|-damage|p2a: Ho-Oh|0 fnt
|faint|p2a: Ho-Oh
|
|upkeep
|
|t:|1601736293
|switch|p2a: Yveltal|Yveltal|85/100
|-ability|p2a: Yveltal|Dark Aura
|turn|18
|
|t:|1601736298
|move|p2a: Yveltal|Dark Pulse|p1a: Palkia
|-damage|p1a: Palkia|14/100
|-damage|p2a: Yveltal|75/100|[from] item: Life Orb
|move|p1a: Palkia|Thunder Wave|p2a: Yveltal
|-status|p2a: Yveltal|par
|
|upkeep
|turn|19
|
|t:|1601736306
|move|p1a: Palkia|Spacial Rend|p2a: Yveltal
|-damage|p2a: Yveltal|5/100 par
|move|p2a: Yveltal|Dark Pulse|p1a: Palkia
|-damage|p1a: Palkia|0 fnt
|-damage|p2a: Yveltal|0 fnt|[from] item: Life Orb
|faint|p1a: Palkia
|faint|p2a: Yveltal
|
|upkeep
|
|t:|1601736321
|switch|p2a: Zacian|Zacian-Crowned|49/100
|switch|p1a: Rayquaza|Rayquaza-Mega|100/100
|-damage|p1a: Rayquaza|76/100|[from] Stealth Rock
|-weather|DeltaStream|[from] ability: Delta Stream|[of] p1a: Rayquaza
|-ability|p2a: Zacian|Intrepid Sword|boost
|-boost|p2a: Zacian|atk|1
|turn|20
|
|t:|1601736331
|move|p1a: Rayquaza|V-create|p2a: Zacian
|-supereffective|p2a: Zacian
|-damage|p2a: Zacian|0 fnt
|-unboost|p1a: Rayquaza|spe|1
|-unboost|p1a: Rayquaza|def|1
|-unboost|p1a: Rayquaza|spd|1
|faint|p2a: Zacian
|
|-weather|DeltaStream|[upkeep]
|upkeep
|-message|cutestripes forfeited.
|
|win|Black Fatalis 37
|l|☆cutestripes
|raw|Black Fatalis 37's rating: 1706 &rarr; <strong>1719</strong><br />(+13 for winning)
|raw|cutestripes's rating: 1592 &rarr; <strong>1578</strong><br />(-14 for losing)
