|j|☆BigDuckie
|j|☆PepsiPHD
|t:|1663730265
|gametype|singles
|player|p1|BigDuckie|workerice|1714
|player|p2|PepsiPHD|li|1631
|teamsize|p1|6
|teamsize|p2|6
|gen|8
|tier|[Gen 8] National Dex AG
|rated|
|rule|HP Percentage Mod: HP is shown in percentages
|rule|Endless Battle Clause: Forcing endless battles is banned
|clearpoke
|poke|p1|Arceus-*|
|poke|p1|Zacian-*|
|poke|p1|Necrozma-Dusk-Mane|
|poke|p1|Ho-Oh|
|poke|p1|Arceus-*|
|poke|p1|Marshadow|
|poke|p2|Flygon, F|
|poke|p2|Banette, M|
|poke|p2|Scizor, F|
|poke|p2|Moltres-Galar|
|poke|p2|Lugia|
|poke|p2|Regieleki|
|teampreview
|
|t:|1663730276
|start
|switch|p1a: Dirt|Arceus-Ground|100/100
|switch|p2a: Regieleki|Regieleki|100/100
|turn|1
|
|t:|1663730281
|switch|p2a: Lugia|Lugia|100/100
|-ability|p2a: Lugia|Pressure
|move|p1a: Dirt|Ice Beam|p2a: Lugia
|-supereffective|p2a: Lugia
|-damage|p2a: Lugia|73/100
|
|upkeep
|turn|2
|
|t:|1663730288
|move|p2a: Lugia|Ice Beam|p1a: Dirt
|-supereffective|p1a: Dirt
|-damage|p1a: Dirt|49/100
|move|p1a: Dirt|Ice Beam|p2a: Lugia
|-supereffective|p2a: Lugia
|-damage|p2a: Lugia|44/100
|
|upkeep
|turn|3
|
|t:|1663730298
|switch|p1a: Drows|Zacian-Crowned|100/100
|-ability|p1a: Drows|Intrepid Sword|boost
|-boost|p1a: Drows|atk|1
|move|p2a: Lugia|Ice Beam|p1a: Drows
|-resisted|p1a: Drows
|-damage|p1a: Drows|84/100
|-status|p1a: Drows|frz
|
|upkeep
|turn|4
|
|t:|1663730310
|switch|p1a: Marshadow|Marshadow|100/100
|switch|p2a: Scizor|Scizor, F|100/100
|
|upkeep
|turn|5
|
|t:|1663730318
|move|p1a: Marshadow|Poltergeist|p2a: Scizor
|-activate|p2a: Scizor|move: Poltergeist|Lum Berry
|-damage|p2a: Scizor|17/100
|-damage|p1a: Marshadow|91/100|[from] item: Life Orb
|move|p2a: Scizor|Dual Wingbeat|p1a: Marshadow
|-supereffective|p1a: Marshadow
|-damage|p1a: Marshadow|32/100
|-supereffective|p1a: Marshadow
|-damage|p1a: Marshadow|0 fnt
|faint|p1a: Marshadow
|-hitcount|p1: Marshadow|2
|
|upkeep
|
|t:|1663730335
|switch|p1a: Dirt|Arceus-Ground|49/100
|turn|6
|
|t:|1663730338
|move|p2a: Scizor|Bullet Punch|p1a: Dirt
|-damage|p1a: Dirt|22/100
|move|p1a: Dirt|Judgment|p2a: Scizor
|-damage|p2a: Scizor|0 fnt
|faint|p2a: Scizor
|
|upkeep
|
|t:|1663730357
|switch|p2a: Lugia|Lugia|44/100
|-ability|p2a: Lugia|Pressure
|turn|7
|
|t:|1663730363
|move|p2a: Lugia|Aeroblast|p1a: Dirt
|-damage|p1a: Dirt|0 fnt
|faint|p1a: Dirt
|
|upkeep
|
|t:|1663730369
|switch|p1a: Drows|Zacian-Crowned|84/100 frz
|-ability|p1a: Drows|Intrepid Sword|boost
|-boost|p1a: Drows|atk|1
|turn|8
|
|t:|1663730372
|switch|p2a: Flygon|Flygon, F|100/100
|-curestatus|p1a: Drows|frz|[msg]
|move|p1a: Drows|Behemoth Blade|p2a: Flygon
|-damage|p2a: Flygon|0 fnt
|faint|p2a: Flygon
|
|upkeep
|
|t:|1663730374
|switch|p2a: Regieleki|Regieleki|100/100
|turn|9
|
|t:|1663730380
|switch|p1a: Arceus|Arceus-Fairy|100/100
|-start|p2a: Regieleki|Dynamax|
|-heal|p2a: Regieleki|100/100|[silent]
|move|p2a: Regieleki|Max Lightning|p1a: Arceus
|-damage|p1a: Arceus|42/100
|-fieldstart|move: Electric Terrain
|
|upkeep
|turn|10
|
|t:|1663730392
|-start|p1a: Arceus|Dynamax|
|-heal|p1a: Arceus|42/100|[silent]
|move|p1a: Arceus|Max Guard|p1a: Arceus
|-singleturn|p1a: Arceus|Max Guard
|move|p2a: Regieleki|Max Lightning|p1a: Arceus
|-activate|p1a: Arceus|move: Max Guard
|
|upkeep
|turn|11
|
|t:|1663730396
|move|p2a: Regieleki|Max Lightning|p1a: Arceus
|-damage|p1a: Arceus|8/100
|move|p1a: Arceus|Max Starfall|p2a: Regieleki
|-damage|p2a: Regieleki|44/100
|-fieldstart|move: Misty Terrain
|
|upkeep
|-end|p2a: Regieleki|Dynamax
|-heal|p2a: Regieleki|44/100|[silent]
|turn|12
|
|t:|1663730401
|move|p2a: Regieleki|Rising Voltage|p1a: Arceus
|-damage|p1a: Arceus|0 fnt
|faint|p1a: Arceus
|
|upkeep
|
|t:|1663730408
|switch|p1a: Drows|Zacian-Crowned|84/100
|-ability|p1a: Drows|Intrepid Sword|boost
|-boost|p1a: Drows|atk|1
|turn|13
|
|t:|1663730410
|move|p2a: Regieleki|Volt Switch|p1a: Drows
|-damage|p1a: Drows|35/100
|
|t:|1663730413
|switch|p2a: Lugia|Lugia|44/100|[from]move: Volt Switch
|-ability|p2a: Lugia|Pressure
|move|p1a: Drows|Behemoth Blade|p2a: Lugia
|-damage|p2a: Lugia|0 fnt
|faint|p2a: Lugia
|
|upkeep
|
|t:|1663730416
|switch|p2a: Regieleki|Regieleki|44/100
|turn|14
|
|t:|1663730421
|switch|p1a: Fawkes|Ho-Oh|100/100
|move|p2a: Regieleki|Volt Switch|p1a: Fawkes
|-supereffective|p1a: Fawkes
|-damage|p1a: Fawkes|41/100
|
|t:|1663730426
|switch|p2a: Moltres|Moltres-Galar|100/100|[from]move: Volt Switch
|
|upkeep
|turn|15
|
|t:|1663730433
|move|p2a: Moltres|Fiery Wrath|p1a: Fawkes
|-damage|p1a: Fawkes|20/100
|move|p1a: Fawkes|Toxic|p2a: Moltres
|-status|p2a: Moltres|tox
|
|-damage|p2a: Moltres|94/100 tox|[from] psn
|-fieldend|Misty Terrain
|upkeep
|turn|16
|
|t:|1663730443
|switch|p2a: Banette|Banette, M|100/100
|switch|p1a: Drows|Zacian-Crowned|35/100
|-ability|p1a: Drows|Intrepid Sword|boost
|-boost|p1a: Drows|atk|1
|
|upkeep
|turn|17
|
|t:|1663730450
|switch|p1a: Fawkes|Ho-Oh|53/100
|detailschange|p2a: Banette|Banette-Mega, M
|-mega|p2a: Banette|Banette|Banettite
|move|p2a: Banette|Destiny Bond|p2a: Banette
|-singlemove|p2a: Banette|Destiny Bond
|
|upkeep
|turn|18
|
|t:|1663730454
|move|p2a: Banette|Gunk Shot|p1a: Fawkes
|-damage|p1a: Fawkes|17/100
|move|p1a: Fawkes|Toxic|p2a: Banette|[miss]
|-miss|p1a: Fawkes|p2a: Banette
|
|upkeep
|turn|19
|
|t:|1663730459
|switch|p1a: Drows|Zacian-Crowned|35/100
|-ability|p1a: Drows|Intrepid Sword|boost
|-boost|p1a: Drows|atk|1
|move|p2a: Banette|Shadow Sneak|p1a: Drows
|-damage|p1a: Drows|10/100
|
|upkeep
|turn|20
|
|t:|1663730464
|switch|p1a: Leon|Necrozma-Dusk-Mane|100/100
|move|p2a: Banette|Shadow Sneak|p1a: Leon
|-supereffective|p1a: Leon
|-damage|p1a: Leon|80/100
|-damage|p2a: Banette|84/100|[from] item: Rocky Helmet|[of] p1a: Leon
|
|upkeep
|turn|21
|
|t:|1663730470
|move|p2a: Banette|Shadow Sneak|p1a: Leon
|-supereffective|p1a: Leon
|-damage|p1a: Leon|62/100
|-damage|p2a: Banette|68/100|[from] item: Rocky Helmet|[of] p1a: Leon
|move|p1a: Leon|Stealth Rock|p2a: Banette
|-sidestart|p2: PepsiPHD|move: Stealth Rock
|
|upkeep
|turn|22
|
|t:|1663730475
|move|p2a: Banette|Shadow Sneak|p1a: Leon
|-supereffective|p1a: Leon
|-damage|p1a: Leon|40/100
|-damage|p2a: Banette|51/100|[from] item: Rocky Helmet|[of] p1a: Leon
|move|p1a: Leon|Morning Sun|p1a: Leon
|-heal|p1a: Leon|90/100
|
|upkeep
|turn|23
|
|t:|1663730479
|move|p2a: Banette|Substitute|p2a: Banette
|-start|p2a: Banette|Substitute
|-damage|p2a: Banette|27/100
|move|p1a: Leon|Knock Off|p2a: Banette
|-supereffective|p2a: Banette
|-end|p2a: Banette|Substitute
|
|upkeep
|turn|24
|
|t:|1663730483
|move|p2a: Banette|Destiny Bond|p2a: Banette
|-singlemove|p2a: Banette|Destiny Bond
|move|p1a: Leon|Knock Off|p2a: Banette
|-supereffective|p2a: Banette
|-damage|p2a: Banette|0 fnt
|faint|p2a: Banette
|-activate|p2a: Banette|move: Destiny Bond
|faint|p1a: Leon
|
|upkeep
|-message|BigDuckie forfeited.
|
|win|PepsiPHD
|raw|BigDuckie's rating: 1714 &rarr; <strong>1689</strong><br />(-25 for losing)
|raw|PepsiPHD's rating: 1631 &rarr; <strong>1656</strong><br />(+25 for winning)
|l|☆BigDuckie
||Ladder isn't responding, score probably updated but might not have (Request timeout).
