|j|☆Hogwashimperial
|j|☆im trash lmaoo
|player|p1|Hogwashimperial|swimmer-gen4dp|1502
|player|p2|im trash lmaoo|266|1317
|teamsize|p1|6
|teamsize|p2|6
|gametype|singles
|gen|8
|tier|[Gen 8] National Dex AG
|rated|
|clearpoke
|poke|p1|Rayquaza|
|poke|p1|Zacian-Crowned|
|poke|p1|Groudon|
|poke|p1|Smeargle, M|
|poke|p1|Necrozma-Dusk-Mane|
|poke|p1|Yveltal|
|poke|p2|Groudon|
|poke|p2|Deoxys-Attack|
|poke|p2|Xerneas|
|poke|p2|Yveltal|
|poke|p2|Arceus-*|
|poke|p2|Solgaleo|
|rule|HP Percentage Mod: HP is shown in percentages
|rule|Endless Battle Clause: Forcing endless battles is banned
|teampreview
|
|start
|switch|p1a: Smeargle|Smeargle, M|100/100
|switch|p2a: Groudon|Groudon, shiny|100/100
|detailschange|p2a: Groudon|Groudon-Primal, shiny
|-primal|p2a: Groudon
|-weather|DesolateLand|[from] ability: Desolate Land|[of] p2a: Groudon
|turn|1
|inactive|Battle timer is ON: inactive players will automatically lose when time's up. (requested by Hogwashimperial)
|
|move|p1a: Smeargle|Spore|p2a: Groudon
|-status|p2a: Groudon|slp|[from] move: Spore
|cant|p2a: Groudon|slp
|
|-weather|DesolateLand|[upkeep]
|-ability|p1a: Smeargle|Moody|boost
|-boost|p1a: Smeargle|spd|2
|-unboost|p1a: Smeargle|def|1
|upkeep
|turn|2
|
|-weather|none
|switch|p2a: Deoxys|Deoxys-Attack, shiny|100/100
|-ability|p2a: Deoxys|Pressure
|move|p1a: Smeargle|Shell Smash|p1a: Smeargle
|-unboost|p1a: Smeargle|def|1
|-unboost|p1a: Smeargle|spd|1
|-boost|p1a: Smeargle|atk|2
|-boost|p1a: Smeargle|spa|2
|-boost|p1a: Smeargle|spe|2
|
|-ability|p1a: Smeargle|Moody|boost
|-boost|p1a: Smeargle|spe|2
|-unboost|p1a: Smeargle|spd|1
|upkeep
|turn|3
|
|move|p2a: Deoxys|Extreme Speed|p1a: Smeargle
|-enditem|p1a: Smeargle|Focus Sash
|-damage|p1a: Smeargle|1/100
|move|p1a: Smeargle|Spore|p2a: Deoxys
|-status|p2a: Deoxys|slp|[from] move: Spore
|
|-ability|p1a: Smeargle|Moody|boost
|-boost|p1a: Smeargle|def|2
|-unboost|p1a: Smeargle|atk|1
|upkeep
|turn|4
|
|switch|p2a: Arceus|Arceus|100/100
|move|p1a: Smeargle|Baton Pass|p1a: Smeargle
|
|switch|p1a: Groudon|Groudon|100/100|[from]move: Baton Pass
|detailschange|p1a: Groudon|Groudon-Primal
|-primal|p1a: Groudon
|-weather|DesolateLand|[from] ability: Desolate Land|[of] p1a: Groudon
|
|-weather|DesolateLand|[upkeep]
|upkeep
|turn|5
|inactive|im trash lmaoo has 120 seconds left.
|
|move|p1a: Groudon|Eruption|p2a: Arceus
|-damage|p2a: Arceus|0 fnt
|faint|p2a: Arceus
|
|-weather|DesolateLand|[upkeep]
|upkeep
|inactive|im trash lmaoo has 120 seconds left.
|-message|im trash lmaoo forfeited.
|
|win|Hogwashimperial
|l|☆im trash lmaoo
|raw|Hogwashimperial's rating: 1502 &rarr; <strong>1512</strong><br />(+10 for winning)
|raw|im trash lmaoo's rating: 1317 &rarr; <strong>1307</strong><br />(-10 for losing)
|l|☆Hogwashimperial
