|j|☆PokemonLeagueThoma
|j|☆starkorea74
|t:|1609287799
|player|p1|PokemonLeagueThoma|steven|1674
|player|p2|starkorea74|266|1922
|teamsize|p1|6
|teamsize|p2|6
|gametype|singles
|gen|8
|tier|[Gen 8] National Dex AG
|rated|
|clearpoke
|poke|p1|Whimsicott, M|
|poke|p1|Xerneas|
|poke|p1|Yveltal|
|poke|p1|Groudon|
|poke|p1|Kyogre|
|poke|p1|Arceus-*|
|poke|p2|Yveltal|
|poke|p2|Arceus-*|
|poke|p2|Necrozma-Dusk-Mane|
|poke|p2|Ho-Oh|
|poke|p2|Ditto|
|poke|p2|Rayquaza|
|rule|HP Percentage Mod: HP is shown in percentages
|rule|Endless Battle Clause: Forcing endless battles is banned
|teampreview
|
|t:|1609287843
|start
|switch|p1a: Kyogre|Kyogre, shiny|100/100
|switch|p2a: Rayquaza|Rayquaza|100/100
|-weather|RainDance|[from] ability: Drizzle|[of] p1a: Kyogre
|-ability|p2a: Rayquaza|Air Lock
|turn|1
|
|t:|1609287853
|detailschange|p2a: Rayquaza|Rayquaza-Mega
|-mega|p2a: Rayquaza|Rayquaza|
|-weather|DeltaStream|[from] ability: Delta Stream|[of] p2a: Rayquaza
|move|p1a: Kyogre|Ice Beam|p2a: Rayquaza
|-activate||deltastream
|-supereffective|p2a: Rayquaza
|-damage|p2a: Rayquaza|33/100
|move|p2a: Rayquaza|Dragon Ascent|p1a: Kyogre
|-damage|p1a: Kyogre|0 fnt
|-unboost|p2a: Rayquaza|def|1
|-unboost|p2a: Rayquaza|spd|1
|-damage|p2a: Rayquaza|23/100|[from] item: Life Orb
|faint|p1a: Kyogre
|
|-weather|DeltaStream|[upkeep]
|upkeep
|
|t:|1609287865
|switch|p1a: Arceus|Arceus-Ground, shiny|100/100
|turn|2
|inactive|Battle timer is ON: inactive players will automatically lose when time's up. (requested by PokemonLeagueThoma)
|inactive|starkorea74 has 120 seconds left.
|
|t:|1609287921
|-weather|none
|switch|p2a: Ho-Oh|Ho-Oh|100/100
|move|p1a: Arceus|Extreme Speed|p2a: Ho-Oh
|-damage|p2a: Ho-Oh|84/100
|
|upkeep
|turn|3
|
|t:|1609287940
|switch|p2a: Necrozma|Necrozma-Dusk-Mane|100/100
|move|p1a: Arceus|Stone Edge|p2a: Necrozma
|-resisted|p2a: Necrozma
|-damage|p2a: Necrozma|91/100
|
|-heal|p2a: Necrozma|97/100|[from] item: Leftovers
|upkeep
|turn|4
|
|t:|1609287947
|move|p1a: Arceus|Swords Dance|p1a: Arceus
|-boost|p1a: Arceus|atk|2
|move|p2a: Necrozma|Toxic|p1a: Arceus
|-status|p1a: Arceus|tox
|
|-heal|p2a: Necrozma|100/100|[from] item: Leftovers
|-damage|p1a: Arceus|94/100 tox|[from] psn
|upkeep
|turn|5
|
|t:|1609287962
|switch|p2a: Ho-Oh|Ho-Oh|100/100
|move|p1a: Arceus|Earthquake|p2a: Ho-Oh
|-immune|p2a: Ho-Oh
|
|-damage|p1a: Arceus|82/100 tox|[from] psn
|upkeep
|turn|6
|
|t:|1609287975
|switch|p1a: Xerneas|Xerneas, shiny|100/100
|-ability|p1a: Xerneas|Fairy Aura
|move|p2a: Ho-Oh|Sacred Fire|p1a: Xerneas
|-damage|p1a: Xerneas|69/100
|
|-heal|p1a: Xerneas|75/100|[from] item: Leftovers
|upkeep
|turn|7
|
|t:|1609287986
|move|p1a: Xerneas|Aromatherapy|p1a: Xerneas
|-activate|p1a: Xerneas|move: Aromatherapy
|-curestatus|p1: Arceus|tox|[msg]
|move|p2a: Ho-Oh|Toxic|p1a: Xerneas
|-status|p1a: Xerneas|tox
|
|-heal|p1a: Xerneas|81/100 tox|[from] item: Leftovers
|-damage|p1a: Xerneas|75/100 tox|[from] psn
|upkeep
|turn|8
|
|t:|1609287996
|move|p1a: Xerneas|Aromatherapy|p1a: Xerneas
|-activate|p1a: Xerneas|move: Aromatherapy
|-curestatus|p1a: Xerneas|tox|[msg]
|move|p2a: Ho-Oh|Toxic|p1a: Xerneas
|-status|p1a: Xerneas|tox
|
|-heal|p1a: Xerneas|81/100 tox|[from] item: Leftovers
|-damage|p1a: Xerneas|75/100 tox|[from] psn
|upkeep
|turn|9
|
|t:|1609288006
|switch|p2a: Rayquaza|Rayquaza-Mega|23/100
|-weather|DeltaStream|[from] ability: Delta Stream|[of] p2a: Rayquaza
|move|p1a: Xerneas|Toxic|p2a: Rayquaza
|-status|p2a: Rayquaza|tox
|
|-weather|DeltaStream|[upkeep]
|-heal|p1a: Xerneas|81/100 tox|[from] item: Leftovers
|-damage|p2a: Rayquaza|17/100 tox|[from] psn
|-damage|p1a: Xerneas|69/100 tox|[from] psn
|upkeep
|turn|10
|
|t:|1609288019
|switch|p1a: Groudon|Groudon, shiny|100/100
|detailschange|p1a: Groudon|Groudon-Primal, shiny
|-primal|p1a: Groudon
|-weather|DesolateLand|[from] ability: Desolate Land|[of] p1a: Groudon
|move|p2a: Rayquaza|Dragon Ascent|p1a: Groudon
|-damage|p1a: Groudon|25/100
|-unboost|p2a: Rayquaza|def|1
|-unboost|p2a: Rayquaza|spd|1
|-damage|p2a: Rayquaza|7/100 tox|[from] item: Life Orb
|
|-weather|DesolateLand|[upkeep]
|-damage|p2a: Rayquaza|0 fnt|[from] psn
|faint|p2a: Rayquaza
|upkeep
|
|t:|1609288034
|switch|p2a: Yveltal|Yveltal|100/100
|-ability|p2a: Yveltal|Dark Aura
|turn|11
|
|t:|1609288040
|move|p1a: Groudon|Fire Punch|p2a: Yveltal
|-damage|p2a: Yveltal|37/100
|move|p2a: Yveltal|Oblivion Wing|p1a: Groudon
|-damage|p1a: Groudon|0 fnt
|-heal|p2a: Yveltal|53/100|[from] drain|[of] p1a: Groudon
|-damage|p2a: Yveltal|43/100|[from] item: Life Orb
|faint|p1a: Groudon
|-weather|none
|
|upkeep
|
|t:|1609288045
|switch|p1a: Xerneas|Xerneas, shiny|69/100 tox
|-ability|p1a: Xerneas|Fairy Aura
|turn|12
|
|t:|1609288054
|switch|p2a: Necrozma|Necrozma-Dusk-Mane|100/100
|move|p1a: Xerneas|Thunder Wave|p2a: Necrozma
|-status|p2a: Necrozma|par
|
|-heal|p1a: Xerneas|75/100 tox|[from] item: Leftovers
|-damage|p1a: Xerneas|69/100 tox|[from] psn
|upkeep
|turn|13
|
|t:|1609288063
|move|p1a: Xerneas|Aromatherapy|p1a: Xerneas
|-activate|p1a: Xerneas|move: Aromatherapy
|-curestatus|p1a: Xerneas|tox|[msg]
|move|p2a: Necrozma|Stealth Rock|p1a: Xerneas
|-sidestart|p1: PokemonLeagueThoma|move: Stealth Rock
|
|-heal|p1a: Xerneas|75/100|[from] item: Leftovers
|upkeep
|turn|14
|
|t:|1609288070
|switch|p1a: Yveltal|Yveltal, shiny|100/100
|-ability|p1a: Yveltal|Dark Aura
|move|p2a: Necrozma|Sunsteel Strike|p1a: Yveltal
|-damage|p1a: Yveltal|59/100
|
|upkeep
|turn|15
|
|t:|1609288079
|switch|p2a: Arceus|Arceus-Dark|100/100
|move|p1a: Yveltal|Foul Play|p2a: Arceus
|-resisted|p2a: Arceus
|-damage|p2a: Arceus|88/100
|
|upkeep
|turn|16
|
|t:|1609288085
|move|p2a: Arceus|Calm Mind|p2a: Arceus
|-boost|p2a: Arceus|spa|1
|-boost|p2a: Arceus|spd|1
|move|p1a: Yveltal|Toxic|p2a: Arceus
|-status|p2a: Arceus|tox
|
|-damage|p2a: Arceus|82/100 tox|[from] psn
|upkeep
|turn|17
|
|t:|1609288092
|move|p2a: Arceus|Refresh|p2a: Arceus
|-curestatus|p2a: Arceus|tox|[msg]
|move|p1a: Yveltal|Roost|p1a: Yveltal
|-heal|p1a: Yveltal|100/100
|-singleturn|p1a: Yveltal|move: Roost
|
|upkeep
|turn|18
|
|t:|1609288098
|switch|p1a: Xerneas|Xerneas, shiny|75/100
|-damage|p1a: Xerneas|62/100|[from] Stealth Rock
|-ability|p1a: Xerneas|Fairy Aura
|move|p2a: Arceus|Calm Mind|p2a: Arceus
|-boost|p2a: Arceus|spa|1
|-boost|p2a: Arceus|spd|1
|
|-heal|p1a: Xerneas|68/100|[from] item: Leftovers
|upkeep
|turn|19
|
|t:|1609288107
|move|p2a: Arceus|Calm Mind|p2a: Arceus
|-boost|p2a: Arceus|spa|1
|-boost|p2a: Arceus|spd|1
|move|p1a: Xerneas|Thunder Wave|p2a: Arceus
|-status|p2a: Arceus|par
|
|-heal|p1a: Xerneas|75/100|[from] item: Leftovers
|upkeep
|turn|20
|
|t:|1609288114
|move|p1a: Xerneas|Moonblast|p2a: Arceus
|-supereffective|p2a: Arceus
|-damage|p2a: Arceus|60/100 par
|-unboost|p2a: Arceus|spa|1
|cant|p2a: Arceus|par
|
|-heal|p1a: Xerneas|81/100|[from] item: Leftovers
|upkeep
|turn|21
|
|t:|1609288121
|move|p1a: Xerneas|Moonblast|p2a: Arceus
|-supereffective|p2a: Arceus
|-damage|p2a: Arceus|39/100 par
|move|p2a: Arceus|Refresh|p2a: Arceus
|-curestatus|p2a: Arceus|par|[msg]
|
|-heal|p1a: Xerneas|87/100|[from] item: Leftovers
|upkeep
|turn|22
|
|t:|1609288128
|move|p2a: Arceus|Recover|p2a: Arceus
|-heal|p2a: Arceus|89/100
|move|p1a: Xerneas|Thunder Wave|p2a: Arceus
|-status|p2a: Arceus|par
|
|-heal|p1a: Xerneas|93/100|[from] item: Leftovers
|upkeep
|turn|23
|
|t:|1609288136
|-start|p1a: Xerneas|Dynamax
|-heal|p1a: Xerneas|93/100|[silent]
|move|p1a: Xerneas|Max Starfall|p2a: Arceus
|-supereffective|p2a: Arceus
|-damage|p2a: Arceus|61/100 par
|-fieldstart|move: Misty Terrain
|move|p2a: Arceus|Refresh|p2a: Arceus
|-curestatus|p2a: Arceus|par|[msg]
|
|-heal|p1a: Xerneas|96/100|[from] item: Leftovers
|upkeep
|turn|24
|
|t:|1609288146
|move|p2a: Arceus|Recover|p2a: Arceus
|-heal|p2a: Arceus|100/100
|move|p1a: Xerneas|Max Starfall|p2a: Arceus
|-supereffective|p2a: Arceus
|-damage|p2a: Arceus|71/100
|
|-heal|p1a: Xerneas|99/100|[from] item: Leftovers
|upkeep
|turn|25
|
|t:|1609288153
|move|p2a: Arceus|Recover|p2a: Arceus
|-heal|p2a: Arceus|100/100
|move|p1a: Xerneas|Max Starfall|p2a: Arceus
|-supereffective|p2a: Arceus
|-damage|p2a: Arceus|70/100
|
|-heal|p1a: Xerneas|100/100|[from] item: Leftovers
|-end|p1a: Xerneas|Dynamax
|-heal|p1a: Xerneas|100/100|[silent]
|upkeep
|turn|26
|
|t:|1609288163
|switch|p2a: Ho-Oh|Ho-Oh|100/100
|move|p1a: Xerneas|Thunder Wave|p2a: Ho-Oh
|-status|p2a: Ho-Oh|par
|
|upkeep
|turn|27
|
|t:|1609288169
|switch|p1a: Whimsicott|Whimsicott, M|100/100
|move|p2a: Ho-Oh|Toxic|p1a: Whimsicott
|-activate|p1a: Whimsicott|move: Misty Terrain
|
|-fieldend|Misty Terrain
|upkeep
|turn|28
|
|t:|1609288175
|move|p1a: Whimsicott|Defog|p2a: Ho-Oh
|-unboost|p2a: Ho-Oh|evasion|1
|-sideend|p1: PokemonLeagueThoma|Stealth Rock|[from] move: Defog|[of] p1a: Whimsicott
|move|p2a: Ho-Oh|Sacred Fire|p1a: Whimsicott
|-supereffective|p1a: Whimsicott
|-damage|p1a: Whimsicott|21/100
|-status|p1a: Whimsicott|brn
|
|-damage|p1a: Whimsicott|15/100 brn|[from] brn
|upkeep
|turn|29
|
|t:|1609288184
|move|p1a: Whimsicott|Moonblast|p2a: Ho-Oh
|-resisted|p2a: Ho-Oh
|-damage|p2a: Ho-Oh|93/100 par
|-unboost|p2a: Ho-Oh|spa|1
|move|p2a: Ho-Oh|Sacred Fire|p1a: Whimsicott
|-supereffective|p1a: Whimsicott
|-damage|p1a: Whimsicott|0 fnt
|faint|p1a: Whimsicott
|
|upkeep
|
|t:|1609288190
|switch|p1a: Arceus|Arceus-Ground, shiny|82/100
|turn|30
|
|t:|1609288196
|move|p1a: Arceus|Swords Dance|p1a: Arceus
|-boost|p1a: Arceus|atk|2
|cant|p2a: Ho-Oh|par
|
|upkeep
|turn|31
|
|t:|1609288209
|move|p1a: Arceus|Stone Edge|p2a: Ho-Oh
|-supereffective|p2a: Ho-Oh
|-damage|p2a: Ho-Oh|0 fnt
|faint|p2a: Ho-Oh
|
|upkeep
|
|t:|1609288213
|switch|p2a: Ditto|Ditto|100/100
|-transform|p2a: Ditto|p1a: Arceus|[from] ability: Imposter
|turn|32
|
|t:|1609288219
|-start|p2a: Ditto|Dynamax
|-heal|p2a: Ditto|100/100|[silent]
|move|p1a: Arceus|Earthquake|p2a: Ditto
|-damage|p2a: Ditto|48/100
|move|p2a: Ditto|Max Quake|p1a: Arceus
|-damage|p1a: Arceus|0 fnt
|-boost|p2a: Ditto|spd|1
|faint|p1a: Arceus
|
|upkeep
|
|t:|1609288226
|switch|p1a: Yveltal|Yveltal, shiny|100/100
|-ability|p1a: Yveltal|Dark Aura
|turn|33
|
|t:|1609288232
|move|p1a: Yveltal|Sucker Punch|p2a: Ditto
|-damage|p2a: Ditto|29/100
|move|p2a: Ditto|Max Rockfall|p1a: Yveltal
|-supereffective|p1a: Yveltal
|-damage|p1a: Yveltal|0 fnt
|-weather|Sandstorm
|faint|p1a: Yveltal
|
|-weather|Sandstorm|[upkeep]
|upkeep
|
|t:|1609288236
|switch|p1a: Xerneas|Xerneas, shiny|100/100
|-ability|p1a: Xerneas|Fairy Aura
|turn|34
|
|t:|1609288243
|move|p2a: Ditto|Max Quake|p1a: Xerneas
|-damage|p1a: Xerneas|3/100
|-boost|p2a: Ditto|spd|1
|move|p1a: Xerneas|Moonblast|p2a: Ditto
|-crit|p2a: Ditto
|-damage|p2a: Ditto|0 fnt
|faint|p2a: Ditto
|
|-weather|Sandstorm|[upkeep]
|-damage|p1a: Xerneas|0 fnt|[from] Sandstorm
|faint|p1a: Xerneas
|
|win|starkorea74
|upkeep
|raw|PokemonLeagueThoma's rating: 1674 &rarr; <strong>1667</strong><br />(-7 for losing)
|raw|starkorea74's rating: 1922 &rarr; <strong>1930</strong><br />(+8 for winning)
|l|☆PokemonLeagueThoma
