|j|☆nevergonnagibleuup
|j|☆Reincarnation of .
|t:|1667303222
|gametype|singles
|player|p1|nevergonnagibleuup|266|1856
|player|p2|Reincarnation of .|blue-gen3two|2118
|teamsize|p1|6
|teamsize|p2|6
|gen|8
|tier|[Gen 8] National Dex AG
|rated|
|rule|HP Percentage Mod: HP is shown in percentages
|rule|Endless Battle Clause: Forcing endless battles is banned
|clearpoke
|poke|p1|Necrozma-Dusk-Mane|
|poke|p1|Arceus-*|
|poke|p1|Rayquaza|
|poke|p1|Xerneas-*|
|poke|p1|Arceus-*|
|poke|p1|Yveltal|
|poke|p2|Rayquaza|
|poke|p2|Rayquaza|
|poke|p2|Ditto|
|poke|p2|Necrozma-Dusk-Mane|
|poke|p2|Arceus-*|
|poke|p2|Groudon|
|teampreview
|inactive|Battle timer is ON: inactive players will automatically lose when time's up. (requested by Reincarnation of .)
|c|☆nevergonnagibleuup|wtf
|c|☆nevergonnagibleuup|i swear i fought this team
|
|t:|1667303240
|start
|switch|p1a: hehe boi|Necrozma-Dusk-Mane|100/100
|switch|p2a: Rayquaza|Rayquaza|100/100
|-ability|p2a: Rayquaza|Air Lock
|turn|1
|
|t:|1667303244
|switch|p2a: Groudon|Groudon|100/100
|detailschange|p2a: Groudon|Groudon-Primal
|-primal|p2a: Groudon
|-weather|DesolateLand|[from] ability: Desolate Land|[of] p2a: Groudon
|move|p1a: hehe boi|Thunder Wave|p2a: Groudon
|-immune|p2a: Groudon
|
|-weather|DesolateLand|[upkeep]
|upkeep
|turn|2
|
|t:|1667303253
|switch|p1a: Rayquaza|Rayquaza|100/100
|-ability|p1a: Rayquaza|Air Lock
|move|p2a: Groudon|Stealth Rock|p1a: Rayquaza
|-sidestart|p1: nevergonnagibleuup|move: Stealth Rock
|
|-weather|DesolateLand|[upkeep]
|upkeep
|turn|3
|
|t:|1667303260
|detailschange|p1a: Rayquaza|Rayquaza-Mega
|-mega|p1a: Rayquaza|Rayquaza|
|-weather|DeltaStream|[from] ability: Delta Stream|[of] p1a: Rayquaza
|move|p1a: Rayquaza|Waterfall|p2a: Groudon
|-supereffective|p2a: Groudon
|-damage|p2a: Groudon|10/100
|move|p2a: Groudon|Dragon Tail|p1a: Rayquaza
|-supereffective|p1a: Rayquaza
|-damage|p1a: Rayquaza|59/100
|-weather|none
|drag|p1a: THE DEER|Xerneas|100/100
|-damage|p1a: THE DEER|88/100|[from] Stealth Rock
|-ability|p1a: THE DEER|Fairy Aura
|
|-heal|p1a: THE DEER|94/100|[from] item: Leftovers
|upkeep
|turn|4
|c|☆nevergonnagibleuup|WHAT
|c|☆nevergonnagibleuup|HOW
|c|☆nevergonnagibleuup|BRO WTF
|c|☆nevergonnagibleuup|THATS QUAD
|
|t:|1667303284
|move|p1a: THE DEER|Moonblast|p2a: Groudon
|-resisted|p2a: Groudon
|-damage|p2a: Groudon|0 fnt
|faint|p2a: Groudon
|
|-heal|p1a: THE DEER|100/100|[from] item: Leftovers
|upkeep
|
|t:|1667303291
|switch|p2a: Arceus|Arceus|100/100
|turn|5
|
|t:|1667303296
|-start|p1a: THE DEER|Dynamax|
|-heal|p1a: THE DEER|100/100|[silent]
|move|p2a: Arceus|Swords Dance|p2a: Arceus
|-boost|p2a: Arceus|atk|2
|move|p1a: THE DEER|Max Starfall|p2a: Arceus
|-damage|p2a: Arceus|53/100
|-fieldstart|move: Misty Terrain
|
|upkeep
|turn|6
|
|t:|1667303298
|move|p2a: Arceus|Recover|p2a: Arceus
|-heal|p2a: Arceus|100/100
|move|p1a: THE DEER|Max Starfall|p2a: Arceus
|-damage|p2a: Arceus|53/100
|
|upkeep
|turn|7
|
|t:|1667303303
|move|p2a: Arceus|Recover|p2a: Arceus
|-heal|p2a: Arceus|100/100
|move|p1a: THE DEER|Max Starfall|p2a: Arceus
|-damage|p2a: Arceus|48/100
|
|upkeep
|-end|p1a: THE DEER|Dynamax
|-heal|p1a: THE DEER|100/100|[silent]
|turn|8
|
|t:|1667303307
|move|p2a: Arceus|Recover|p2a: Arceus
|-heal|p2a: Arceus|98/100
|move|p1a: THE DEER|Moonblast|p2a: Arceus
|-damage|p2a: Arceus|64/100
|
|upkeep
|turn|9
|
|t:|1667303318
|switch|p1a: AG|Arceus-Ground|100/100
|-damage|p1a: AG|94/100|[from] Stealth Rock
|move|p2a: Arceus|Recover|p2a: Arceus
|-heal|p2a: Arceus|100/100
|
|-fieldend|Misty Terrain
|upkeep
|turn|10
|j| Lonely grandpa
|
|t:|1667303324
|-zpower|p1a: AG
|move|p1a: AG|Tectonic Rage|p2a: Arceus|[zeffect]
|-damage|p2a: Arceus|56/100
|move|p2a: Arceus|Swords Dance|p2a: Arceus
|-boost|p2a: Arceus|atk|2
|
|upkeep
|turn|11
|
|t:|1667303327
|move|p1a: AG|Swords Dance|p1a: AG
|-boost|p1a: AG|atk|2
|move|p2a: Arceus|Recover|p2a: Arceus
|-heal|p2a: Arceus|100/100
|
|upkeep
|turn|12
|
|t:|1667303335
|-start|p2a: Arceus|Dynamax|
|-heal|p2a: Arceus|100/100|[silent]
|move|p1a: AG|Earthquake|p2a: Arceus
|-damage|p2a: Arceus|74/100
|move|p2a: Arceus|Max Strike|p1a: AG
|-damage|p1a: AG|0 fnt
|faint|p1a: AG
|
|upkeep
|c|☆nevergonnagibleuup|how am i even suppose to beat that reliably bruh
|inactive|nevergonnagibleuup has 120 seconds left.
|c|☆Reincarnation of .|Once it's set it's not possible to stop
|c|☆nevergonnagibleuup|bruh ik that
|c|☆Reincarnation of .|Gg then
|l| Lonely grandpa
|c|☆nevergonnagibleuup|how tf do i even stop it without marshadow
|inactive|nevergonnagibleuup has 90 seconds left.
|c|☆nevergonnagibleuup|i cant run marshadow in every single team
|c|☆Reincarnation of .|Haze Zygarde might stop
|c|☆Reincarnation of .|Counter quagsire
|
|t:|1667303422
|switch|p1a: Rayquaza|Rayquaza-Mega|59/100
|-damage|p1a: Rayquaza|34/100|[from] Stealth Rock
|-weather|DeltaStream|[from] ability: Delta Stream|[of] p1a: Rayquaza
|turn|13
|j| Lonely grandpa
|inactive|nevergonnagibleuup has 60 seconds left.
|inactive|nevergonnagibleuup has 30 seconds left.
|inactive|nevergonnagibleuup has 20 seconds left.
|inactive|nevergonnagibleuup has 15 seconds left.
|inactive|nevergonnagibleuup has 10 seconds left.
|
|t:|1667303492
|move|p1a: Rayquaza|Dragon Ascent|p2a: Arceus
|-damage|p2a: Arceus|32/100
|-unboost|p1a: Rayquaza|def|1
|-unboost|p1a: Rayquaza|spd|1
|move|p2a: Arceus|Max Strike|p1a: Rayquaza
|-damage|p1a: Rayquaza|0 fnt
|faint|p1a: Rayquaza
|-weather|none
|
|upkeep
|inactive|nevergonnagibleuup has 15 seconds left this turn.
|inactive|nevergonnagibleuup has 10 seconds left.
|j|+Dragonillis
|l| Lonely grandpa
|inactive|nevergonnagibleuup has 5 seconds left.
|
|t:|1667303503
|switch|p1a: hehe boi|Necrozma-Dusk-Mane|100/100
|-damage|p1a: hehe boi|94/100|[from] Stealth Rock
|turn|14
|inactive|nevergonnagibleuup has 15 seconds left this turn.
|
|t:|1667303505
|move|p2a: Arceus|Max Phantasm|p1a: hehe boi
|-supereffective|p1a: hehe boi
|-damage|p1a: hehe boi|0 fnt
|faint|p1a: hehe boi
|
|upkeep
|inactive|nevergonnagibleuup has 20 seconds left this turn.
|inactive|nevergonnagibleuup has 15 seconds left.
|inactive|nevergonnagibleuup has 10 seconds left.
|
|t:|1667303517
|switch|p1a: THE DEER|Xerneas|100/100
|-damage|p1a: THE DEER|88/100|[from] Stealth Rock
|-ability|p1a: THE DEER|Fairy Aura
|-end|p2a: Arceus|Dynamax
|-heal|p2a: Arceus|32/100|[silent]
|turn|15
|inactive|nevergonnagibleuup has 20 seconds left this turn.
|
|t:|1667303521
|move|p2a: Arceus|Recover|p2a: Arceus
|-heal|p2a: Arceus|82/100
|move|p1a: THE DEER|Moonblast|p2a: Arceus
|-damage|p2a: Arceus|47/100
|
|-heal|p1a: THE DEER|94/100|[from] item: Leftovers
|upkeep
|turn|16
|inactive|nevergonnagibleuup has 30 seconds left this turn.
|inactive|nevergonnagibleuup has 20 seconds left.
|c|☆nevergonnagibleuup|this is why i hate ekiller so much
|-message|nevergonnagibleuup forfeited.
|
|win|Reincarnation of .
|inactive|nevergonnagibleuup has 25 seconds left this turn.
|raw|nevergonnagibleuup's rating: 1856 &rarr; <strong>1849</strong><br />(-7 for losing)
|raw|Reincarnation of .'s rating: 2118 &rarr; <strong>2125</strong><br />(+7 for winning)
|l|☆nevergonnagibleuup
|l|☆Reincarnation of .
||Ladder isn't responding, score probably updated but might not have (Request timeout).
