|j|☆Gamer_X360
|j|☆frostcrush
|t:|1655208860
|gametype|singles
|player|p1|Gamer_X360|unknown|1476
|player|p2|frostcrush|101|1532
|teamsize|p1|6
|teamsize|p2|6
|gen|8
|tier|[Gen 8] National Dex AG
|rated|
|rule|HP Percentage Mod: HP is shown in percentages
|rule|Endless Battle Clause: Forcing endless battles is banned
|clearpoke
|poke|p1|Zacian-*|
|poke|p1|Rayquaza|
|poke|p1|Garchomp, F|
|poke|p1|Darmanitan-Galar, F|
|poke|p1|Chansey, F|
|poke|p1|Blaziken, F|
|poke|p2|Marshadow|
|poke|p2|Mewtwo|
|poke|p2|Deoxys-Attack|
|poke|p2|Calyrex-Shadow|
|poke|p2|Darmanitan-Galar, M|
|poke|p2|Forretress, F|
|teampreview
|inactive|Battle timer is ON: inactive players will automatically lose when time's up. (requested by Gamer_X360)
|
|t:|1655208872
|start
|switch|p1a: *Vine Boom*|Garchomp, F|100/100
|switch|p2a: Forretress|Forretress, F|100/100
|turn|1
|
|t:|1655208879
|move|p1a: *Vine Boom*|Scale Shot|p2a: Forretress
|-resisted|p2a: Forretress
|-damage|p2a: Forretress|93/100
|-resisted|p2a: Forretress
|-damage|p2a: Forretress|86/100
|-hitcount|p2a: Forretress|2
|-unboost|p1a: *Vine Boom*|def|1
|-boost|p1a: *Vine Boom*|spe|1
|move|p2a: Forretress|Stealth Rock|p1a: *Vine Boom*
|-sidestart|p1: Gamer_X360|move: Stealth Rock
|
|upkeep
|turn|2
|
|t:|1655208892
|-start|p1a: *Vine Boom*|Dynamax|
|-heal|p1a: *Vine Boom*|100/100|[silent]
|move|p1a: *Vine Boom*|Max Flare|p2a: Forretress
|-supereffective|p2a: Forretress
|-damage|p2a: Forretress|0 fnt
|-weather|SunnyDay
|faint|p2a: Forretress
|
|-weather|SunnyDay|[upkeep]
|upkeep
|
|t:|1655208905
|switch|p2a: Deoxys|Deoxys-Attack|100/100
|-ability|p2a: Deoxys|Pressure
|turn|3
|
|t:|1655208916
|move|p1a: *Vine Boom*|Max Wyrmwind|p2a: Deoxys
|-enditem|p2a: Deoxys|Focus Sash
|-damage|p2a: Deoxys|1/100
|-unboost|p2a: Deoxys|atk|1
|move|p2a: Deoxys|Ice Beam|p1a: *Vine Boom*
|-supereffective|p1a: *Vine Boom*
|-damage|p1a: *Vine Boom*|0 fnt
|faint|p1a: *Vine Boom*
|
|-weather|SunnyDay|[upkeep]
|upkeep
|
|t:|1655208924
|switch|p1a: HEHEHEHA|Blaziken, F|100/100
|-damage|p1a: HEHEHEHA|88/100|[from] Stealth Rock
|turn|4
|
|t:|1655208936
|move|p1a: HEHEHEHA|Endure|p1a: HEHEHEHA
|-singleturn|p1a: HEHEHEHA|move: Endure
|move|p2a: Deoxys|Psycho Boost|p1a: HEHEHEHA|[miss]
|-miss|p2a: Deoxys|p1a: HEHEHEHA
|
|-weather|SunnyDay|[upkeep]
|-ability|p1a: HEHEHEHA|Speed Boost|boost
|-boost|p1a: HEHEHEHA|spe|1
|upkeep
|turn|5
|
|t:|1655208942
|move|p1a: HEHEHEHA|Endure||[still]
|-fail|p1a: HEHEHEHA
|move|p2a: Deoxys|Psycho Boost|p1a: HEHEHEHA
|-supereffective|p1a: HEHEHEHA
|-damage|p1a: HEHEHEHA|0 fnt
|-unboost|p2a: Deoxys|spa|2
|faint|p1a: HEHEHEHA
|
|-weather|SunnyDay|[upkeep]
|upkeep
|
|t:|1655208954
|switch|p1a: Monke|Darmanitan-Galar, F|100/100
|-damage|p1a: Monke|76/100|[from] Stealth Rock
|turn|6
|c|☆frostcrush|why did you endure again
|c|☆frostcrush|you shouldve been at 426speed
|
|t:|1655208971
|move|p1a: Monke|Icicle Crash|p2a: Deoxys
|-damage|p2a: Deoxys|0 fnt
|faint|p2a: Deoxys
|
|-weather|none
|upkeep
|
|t:|1655208977
|switch|p2a: Mewtwo|Mewtwo|100/100
|-ability|p2a: Mewtwo|Unnerve
|turn|7
|c|☆Gamer_X360|Dont you out speed it still?
|c|☆frostcrush|mine is 399
|inactive|Gamer_X360 has 120 seconds left.
|c|☆Gamer_X360|Ah
|
|t:|1655209023
|detailschange|p2a: Mewtwo|Mewtwo-Mega-X
|-mega|p2a: Mewtwo|Mewtwo|Mewtwonite X
|move|p1a: Monke|Icicle Crash|p2a: Mewtwo
|-damage|p2a: Mewtwo|28/100
|move|p2a: Mewtwo|Drain Punch|p1a: Monke
|-supereffective|p1a: Monke
|-damage|p1a: Monke|0 fnt
|-heal|p2a: Mewtwo|65/100|[from] drain|[of] p1a: Monke
|faint|p1a: Monke
|
|upkeep
|
|t:|1655209034
|switch|p1a: Gotta go fast|Rayquaza|100/100
|-damage|p1a: Gotta go fast|76/100|[from] Stealth Rock
|-ability|p1a: Gotta go fast|Air Lock
|turn|8
|
|t:|1655209042
|detailschange|p1a: Gotta go fast|Rayquaza-Mega
|-mega|p1a: Gotta go fast|Rayquaza|
|-weather|DeltaStream|[from] ability: Delta Stream|[of] p1a: Gotta go fast
|move|p1a: Gotta go fast|Dragon Ascent|p2a: Mewtwo
|-supereffective|p2a: Mewtwo
|-damage|p2a: Mewtwo|0 fnt
|-unboost|p1a: Gotta go fast|def|1
|-unboost|p1a: Gotta go fast|spd|1
|faint|p2a: Mewtwo
|-damage|p1a: Gotta go fast|66/100|[from] item: Life Orb
|
|-weather|DeltaStream|[upkeep]
|upkeep
|
|t:|1655209048
|switch|p2a: Darmanitan|Darmanitan-Galar, M|100/100
|turn|9
|
|t:|1655209057
|-weather|none
|switch|p1a: I am THE EGGMAN|Chansey, F|100/100
|-damage|p1a: I am THE EGGMAN|88/100|[from] Stealth Rock
|move|p2a: Darmanitan|Ice Punch|p1a: I am THE EGGMAN
|-damage|p1a: I am THE EGGMAN|48/100
|
|upkeep
|turn|10
|inactive|Gamer_X360 has 120 seconds left.
|
|t:|1655209062
|move|p2a: Darmanitan|Ice Punch|p1a: I am THE EGGMAN
|-damage|p1a: I am THE EGGMAN|5/100
|move|p1a: I am THE EGGMAN|Soft-Boiled|p1a: I am THE EGGMAN
|-heal|p1a: I am THE EGGMAN|55/100
|
|upkeep
|turn|11
|
|t:|1655209068
|-start|p2a: Darmanitan|Dynamax|
|-heal|p2a: Darmanitan|100/100|[silent]
|move|p2a: Darmanitan|Max Hailstorm|p1a: I am THE EGGMAN
|-damage|p1a: I am THE EGGMAN|13/100
|-weather|Hail
|move|p1a: I am THE EGGMAN|Soft-Boiled|p1a: I am THE EGGMAN
|-heal|p1a: I am THE EGGMAN|63/100
|
|-weather|Hail|[upkeep]
|-damage|p1a: I am THE EGGMAN|57/100|[from] Hail
|upkeep
|turn|12
|
|t:|1655209076
|move|p2a: Darmanitan|Max Hailstorm|p1a: I am THE EGGMAN
|-damage|p1a: I am THE EGGMAN|11/100
|move|p1a: I am THE EGGMAN|Soft-Boiled|p1a: I am THE EGGMAN
|-heal|p1a: I am THE EGGMAN|61/100
|
|-weather|Hail|[upkeep]
|-damage|p1a: I am THE EGGMAN|55/100|[from] Hail
|upkeep
|turn|13
|
|t:|1655209087
|move|p2a: Darmanitan|Max Quake|p1a: I am THE EGGMAN
|-damage|p1a: I am THE EGGMAN|22/100
|-boost|p2a: Darmanitan|spd|1
|move|p1a: I am THE EGGMAN|Soft-Boiled|p1a: I am THE EGGMAN
|-heal|p1a: I am THE EGGMAN|72/100
|
|-weather|Hail|[upkeep]
|-damage|p1a: I am THE EGGMAN|66/100|[from] Hail
|upkeep
|-end|p2a: Darmanitan|Dynamax
|-heal|p2a: Darmanitan|100/100|[silent]
|turn|14
|
|t:|1655209096
|switch|p2a: Marshadow|Marshadow|100/100
|move|p1a: I am THE EGGMAN|Soft-Boiled|p1a: I am THE EGGMAN
|-heal|p1a: I am THE EGGMAN|100/100
|
|-weather|Hail|[upkeep]
|-damage|p2a: Marshadow|94/100|[from] Hail
|-damage|p1a: I am THE EGGMAN|94/100|[from] Hail
|upkeep
|turn|15
|
|t:|1655209098
|move|p2a: Marshadow|Drain Punch|p1a: I am THE EGGMAN
|-supereffective|p1a: I am THE EGGMAN
|-damage|p1a: I am THE EGGMAN|46/100
|-heal|p2a: Marshadow|100/100|[from] drain|[of] p1a: I am THE EGGMAN
|move|p1a: I am THE EGGMAN|Toxic|p2a: Marshadow
|-status|p2a: Marshadow|tox
|
|-weather|none
|-damage|p2a: Marshadow|94/100 tox|[from] psn
|upkeep
|turn|16
|
|t:|1655209108
|switch|p1a: Gotta go fast|Rayquaza-Mega|66/100
|-damage|p1a: Gotta go fast|41/100|[from] Stealth Rock
|-weather|DeltaStream|[from] ability: Delta Stream|[of] p1a: Gotta go fast
|move|p2a: Marshadow|Drain Punch|p1a: Gotta go fast
|-resisted|p1a: Gotta go fast
|-damage|p1a: Gotta go fast|24/100
|-heal|p2a: Marshadow|100/100 tox|[from] drain|[of] p1a: Gotta go fast
|
|-weather|DeltaStream|[upkeep]
|-damage|p2a: Marshadow|88/100 tox|[from] psn
|upkeep
|turn|17
|
|t:|1655209120
|move|p2a: Marshadow|Shadow Sneak|p1a: Gotta go fast
|-damage|p1a: Gotta go fast|0 fnt
|faint|p1a: Gotta go fast
|-weather|none
|
|-damage|p2a: Marshadow|69/100 tox|[from] psn
|upkeep
|
|t:|1655209128
|switch|p1a: What da dog doin?|Zacian-Crowned, shiny|100/100
|-damage|p1a: What da dog doin?|94/100|[from] Stealth Rock
|-ability|p1a: What da dog doin?|Intrepid Sword|boost
|-boost|p1a: What da dog doin?|atk|1
|turn|18
|
|t:|1655209135
|move|p2a: Marshadow|Shadow Sneak|p1a: What da dog doin?
|-damage|p1a: What da dog doin?|65/100
|move|p1a: What da dog doin?|Play Rough|p2a: Marshadow
|-supereffective|p2a: Marshadow
|-damage|p2a: Marshadow|0 fnt
|faint|p2a: Marshadow
|
|upkeep
|
|t:|1655209137
|switch|p2a: Darmanitan|Darmanitan-Galar, M|100/100
|turn|19
|
|t:|1655209143
|switch|p1a: I am THE EGGMAN|Chansey, F|46/100
|-damage|p1a: I am THE EGGMAN|34/100|[from] Stealth Rock
|move|p2a: Darmanitan|Flare Blitz|p1a: I am THE EGGMAN
|-damage|p1a: I am THE EGGMAN|0 fnt
|faint|p1a: I am THE EGGMAN
|-damage|p2a: Darmanitan|78/100|[from] Recoil
|
|upkeep
|
|t:|1655209147
|switch|p1a: What da dog doin?|Zacian-Crowned, shiny|65/100
|-damage|p1a: What da dog doin?|59/100|[from] Stealth Rock
|-ability|p1a: What da dog doin?|Intrepid Sword|boost
|-boost|p1a: What da dog doin?|atk|1
|turn|20
|
|t:|1655209150
|move|p2a: Darmanitan|Flare Blitz|p1a: What da dog doin?
|-supereffective|p1a: What da dog doin?
|-damage|p1a: What da dog doin?|0 fnt
|faint|p1a: What da dog doin?
|-damage|p2a: Darmanitan|61/100|[from] Recoil
|
|win|frostcrush
|raw|Gamer_X360's rating: 1476 &rarr; <strong>1459</strong><br />(-17 for losing)
|raw|frostcrush's rating: 1532 &rarr; <strong>1549</strong><br />(+17 for winning)
|c|☆frostcrush|gg
|l|☆frostcrush
|c|☆Gamer_X360|gg
