|j|☆kkrok
|j|☆Exkeon
|t:|1667017775
|gametype|singles
|player|p1|kkrok|rocketgrunt|1569
|player|p2|Exkeon|rosa|1482
|teamsize|p1|6
|teamsize|p2|6
|gen|8
|tier|[Gen 8] National Dex AG
|rated|
|rule|HP Percentage Mod: HP is shown in percentages
|rule|Endless Battle Clause: Forcing endless battles is banned
|clearpoke
|poke|p1|Quagsire, F|
|poke|p1|Zacian-*|
|poke|p1|Rayquaza|
|poke|p1|Excadrill, F|
|poke|p1|Marshadow|
|poke|p1|Yveltal|
|poke|p2|Zekrom|
|poke|p2|Infernape, M|
|poke|p2|Milotic, F|
|poke|p2|Bisharp, M|
|poke|p2|Eternatus|
|poke|p2|Espeon, F|
|teampreview
|
|t:|1667017778
|start
|switch|p1a: Excadrill|Excadrill, F|100/100
|switch|p2a: Zekrom|Zekrom, shiny|100/100
|-ability|p2a: Zekrom|Teravolt
|-ability|p1a: Excadrill|Mold Breaker
|turn|1
|
|t:|1667017781
|move|p2a: Zekrom|Dragon Dance|p2a: Zekrom
|-boost|p2a: Zekrom|atk|1
|-boost|p2a: Zekrom|spe|1
|move|p1a: Excadrill|Stealth Rock|p2a: Zekrom
|-sidestart|p2: Exkeon|move: Stealth Rock
|
|upkeep
|turn|2
|
|t:|1667017783
|-start|p2a: Zekrom|Dynamax|
|-heal|p2a: Zekrom|100/100|[silent]
|move|p2a: Zekrom|Max Wyrmwind|p1a: Excadrill
|-resisted|p1a: Excadrill
|-enditem|p1a: Excadrill|Focus Sash
|-damage|p1a: Excadrill|1/100
|-unboost|p1a: Excadrill|atk|1
|-damage|p2a: Zekrom|96/100|[from] item: Life Orb
|move|p1a: Excadrill|Earthquake|p2a: Zekrom
|-supereffective|p2a: Zekrom
|-damage|p2a: Zekrom|64/100
|
|upkeep
|turn|3
|
|t:|1667017788
|move|p2a: Zekrom|Max Wyrmwind|p1a: Excadrill
|-resisted|p1a: Excadrill
|-damage|p1a: Excadrill|0 fnt
|faint|p1a: Excadrill
|-damage|p2a: Zekrom|59/100|[from] item: Life Orb
|
|upkeep
|
|t:|1667017791
|switch|p1a: Quagsire|Quagsire, F|100/100
|turn|4
|
|t:|1667017794
|move|p2a: Zekrom|Max Wyrmwind|p1a: Quagsire
|-damage|p1a: Quagsire|0 fnt
|faint|p1a: Quagsire
|-damage|p2a: Zekrom|54/100|[from] item: Life Orb
|
|upkeep
|inactive|Battle timer is ON: inactive players will automatically lose when time's up. (requested by Exkeon)
|
|t:|1667017819
|switch|p1a: Marshadow|Marshadow|100/100
|-end|p2a: Zekrom|Dynamax
|-heal|p2a: Zekrom|54/100|[silent]
|turn|5
|
|t:|1667017822
|move|p2a: Zekrom|Dragon Claw|p1a: Marshadow
|-crit|p1a: Marshadow
|-damage|p1a: Marshadow|0 fnt
|faint|p1a: Marshadow
|-damage|p2a: Zekrom|44/100|[from] item: Life Orb
|
|upkeep
|-message|kkrok forfeited.
|
|win|Exkeon
|raw|kkrok's rating: 1569 &rarr; <strong>1544</strong><br />(-25 for losing)
|raw|Exkeon's rating: 1482 &rarr; <strong>1507</strong><br />(+25 for winning)
|l|☆kkrok
|c|☆Exkeon|ggs
