|j|☆Mori Jin Kato
|j|☆Momentai24
|t:|1667837775
|gametype|singles
|player|p1|Mori Jin Kato|red|1730
|player|p2|Momentai24|guitarist|1710
|teamsize|p1|6
|teamsize|p2|6
|gen|8
|tier|[Gen 8] National Dex AG
|rated|
|rule|HP Percentage Mod: HP is shown in percentages
|rule|Endless Battle Clause: Forcing endless battles is banned
|clearpoke
|poke|p1|Eternatus|
|poke|p1|Dragapult, F|
|poke|p1|Rayquaza|
|poke|p1|Dragonite, M|
|poke|p1|Ditto|
|poke|p1|Regieleki|
|poke|p2|Zacian-*|
|poke|p2|Groudon|
|poke|p2|Rayquaza|
|poke|p2|Arceus-*|
|poke|p2|Yveltal|
|poke|p2|Shaymin-Sky|
|teampreview
|inactive|Battle timer is ON: inactive players will automatically lose when time's up. (requested by Mori Jin Kato)
|
|t:|1667837800
|start
|switch|p1a: Yeoui|Dragonite, M|100/100
|switch|p2a: Yveltal|Yveltal|100/100
|-ability|p2a: Yveltal|Dark Aura
|turn|1
|
|t:|1667837810
|-start|p1a: Yeoui|Dynamax|
|-heal|p1a: Yeoui|100/100|[silent]
|move|p1a: Yeoui|Max Airstream|p2a: Yveltal
|-damage|p2a: Yveltal|50/100
|-boost|p1a: Yeoui|spe|1
|move|p2a: Yveltal|Knock Off|p1a: Yeoui
|-damage|p1a: Yeoui|87/100
|-enditem|p1a: Yeoui|Weakness Policy|[from] move: Knock Off|[of] p2a: Yveltal
|
|upkeep
|turn|2
|
|t:|1667837820
|switch|p2a: Zacian|Zacian-Crowned, shiny|100/100
|-ability|p2a: Zacian|Intrepid Sword|boost
|-boost|p2a: Zacian|atk|1
|move|p1a: Yeoui|Max Airstream|p2a: Zacian
|-resisted|p2a: Zacian
|-damage|p2a: Zacian|70/100
|-boost|p1a: Yeoui|spe|1
|
|upkeep
|turn|3
|
|t:|1667837836
|move|p1a: Yeoui|Max Quake|p2a: Zacian
|-supereffective|p2a: Zacian
|-damage|p2a: Zacian|0 fnt
|-boost|p1a: Yeoui|spd|1
|faint|p2a: Zacian
|
|upkeep
|
|t:|1667837845
|switch|p2a: Groudon|Groudon|100/100
|detailschange|p2a: Groudon|Groudon-Primal
|-primal|p2a: Groudon
|-weather|DesolateLand|[from] ability: Desolate Land|[of] p2a: Groudon
|-end|p1a: Yeoui|Dynamax
|-heal|p1a: Yeoui|87/100|[silent]
|turn|4
|
|t:|1667837851
|move|p1a: Yeoui|Earthquake|p2a: Groudon
|-supereffective|p2a: Groudon
|-damage|p2a: Groudon|64/100
|move|p2a: Groudon|Stone Edge|p1a: Yeoui|[miss]
|-miss|p2a: Groudon|p1a: Yeoui
|
|-weather|DesolateLand|[upkeep]
|upkeep
|turn|5
|
|t:|1667837857
|move|p1a: Yeoui|Dragon Dance|p1a: Yeoui
|-boost|p1a: Yeoui|atk|1
|-boost|p1a: Yeoui|spe|1
|move|p2a: Groudon|Stone Edge|p1a: Yeoui
|-supereffective|p1a: Yeoui
|-damage|p1a: Yeoui|15/100
|
|-weather|DesolateLand|[upkeep]
|upkeep
|turn|6
|
|t:|1667837865
|move|p1a: Yeoui|Earthquake|p2a: Groudon
|-supereffective|p2a: Groudon
|-damage|p2a: Groudon|12/100
|move|p2a: Groudon|Overheat|p1a: Yeoui
|-resisted|p1a: Yeoui
|-damage|p1a: Yeoui|0 fnt
|-unboost|p2a: Groudon|spa|2
|faint|p1a: Yeoui
|
|-weather|DesolateLand|[upkeep]
|upkeep
|
|t:|1667837890
|switch|p1a: #102 Goliath|Eternatus|100/100
|-ability|p1a: #102 Goliath|Pressure
|turn|7
|
|t:|1667837895
|move|p1a: #102 Goliath|Dynamax Cannon|p2a: Groudon
|-damage|p2a: Groudon|0 fnt
|faint|p2a: Groudon
|-weather|none
|
|upkeep
|
|t:|1667837903
|switch|p2a: Arceus|Arceus-Electric|100/100
|turn|8
|
|t:|1667837909
|move|p1a: #102 Goliath|Dynamax Cannon|p2a: Arceus
|-damage|p2a: Arceus|57/100
|move|p2a: Arceus|Calm Mind|p2a: Arceus
|-boost|p2a: Arceus|spa|1
|-boost|p2a: Arceus|spd|1
|
|upkeep
|turn|9
|
|t:|1667837917
|switch|p1a: Ancient DragonKing|Rayquaza|100/100
|-ability|p1a: Ancient DragonKing|Air Lock
|move|p2a: Arceus|Recover|p2a: Arceus
|-heal|p2a: Arceus|100/100
|
|upkeep
|turn|10
|
|t:|1667837924
|detailschange|p1a: Ancient DragonKing|Rayquaza-Mega
|-mega|p1a: Ancient DragonKing|Rayquaza|
|-weather|DeltaStream|[from] ability: Delta Stream|[of] p1a: Ancient DragonKing
|move|p2a: Arceus|Ice Beam|p1a: Ancient DragonKing
|-activate||deltastream
|-supereffective|p1a: Ancient DragonKing
|-damage|p1a: Ancient DragonKing|44/100
|-enditem|p1a: Ancient DragonKing|Sitrus Berry|[eat]
|-heal|p1a: Ancient DragonKing|69/100|[from] item: Sitrus Berry
|move|p1a: Ancient DragonKing|Swords Dance|p1a: Ancient DragonKing
|-boost|p1a: Ancient DragonKing|atk|2
|
|-weather|DeltaStream|[upkeep]
|upkeep
|turn|11
|
|t:|1667837943
|switch|p2a: Shaymin|Shaymin-Sky|100/100
|move|p1a: Ancient DragonKing|Extreme Speed|p2a: Shaymin
|-damage|p2a: Shaymin|0 fnt
|faint|p2a: Shaymin
|
|-weather|DeltaStream|[upkeep]
|upkeep
|c|☆Mori Jin Kato|gg
|c|☆Mori Jin Kato|wp
|
|t:|1667837955
|switch|p2a: Rayquaza|Rayquaza|100/100
|-ability|p2a: Rayquaza|Air Lock
|turn|12
|
|t:|1667837959
|detailschange|p2a: Rayquaza|Rayquaza-Mega
|-mega|p2a: Rayquaza|Rayquaza|
|move|p1a: Ancient DragonKing|Extreme Speed|p2a: Rayquaza
|-damage|p2a: Rayquaza|25/100
|move|p2a: Rayquaza|Dragon Ascent|p1a: Ancient DragonKing
|-damage|p1a: Ancient DragonKing|4/100
|-unboost|p2a: Rayquaza|def|1
|-unboost|p2a: Rayquaza|spd|1
|
|-weather|DeltaStream|[upkeep]
|upkeep
|turn|13
|
|t:|1667837968
|move|p2a: Rayquaza|Extreme Speed|p1a: Ancient DragonKing
|-damage|p1a: Ancient DragonKing|0 fnt
|faint|p1a: Ancient DragonKing
|
|-weather|DeltaStream|[upkeep]
|upkeep
|c|☆Mori Jin Kato|very nice
|
|t:|1667837980
|switch|p1a: #102 Goliath|Eternatus|100/100
|-ability|p1a: #102 Goliath|Pressure
|turn|14
|
|t:|1667837984
|move|p2a: Rayquaza|Extreme Speed|p1a: #102 Goliath
|-damage|p1a: #102 Goliath|69/100
|move|p1a: #102 Goliath|Dynamax Cannon|p2a: Rayquaza
|-supereffective|p2a: Rayquaza
|-damage|p2a: Rayquaza|0 fnt
|faint|p2a: Rayquaza
|-weather|none
|
|upkeep
|
|t:|1667837989
|switch|p2a: Arceus|Arceus-Electric|100/100
|turn|15
|
|t:|1667837996
|move|p1a: #102 Goliath|Dynamax Cannon|p2a: Arceus
|-damage|p2a: Arceus|62/100
|move|p2a: Arceus|Calm Mind|p2a: Arceus
|-boost|p2a: Arceus|spa|1
|-boost|p2a: Arceus|spd|1
|
|upkeep
|turn|16
|
|t:|1667838008
|switch|p1a: #62MoonShadow|Dragapult, F|100/100
|move|p2a: Arceus|Recover|p2a: Arceus
|-heal|p2a: Arceus|100/100
|
|upkeep
|turn|17
|
|t:|1667838031
|move|p1a: #62MoonShadow|Dragon Darts|p2a: Arceus
|-damage|p2a: Arceus|76/100
|-anim|p1a: #62MoonShadow|Dragon Darts|p2a: Arceus
|-damage|p2a: Arceus|54/100
|-damage|p1a: #62MoonShadow|91/100|[from] item: Life Orb
|move|p2a: Arceus|Ice Beam|p1a: #62MoonShadow
|-supereffective|p1a: #62MoonShadow
|-damage|p1a: #62MoonShadow|0 fnt
|faint|p1a: #62MoonShadow
|
|upkeep
|
|t:|1667838040
|switch|p1a: Regieleki|Regieleki|100/100
|turn|18
|
|t:|1667838043
|move|p1a: Regieleki|Explosion|p2a: Arceus
|-damage|p2a: Arceus|0 fnt
|faint|p1a: Regieleki
|faint|p2a: Arceus
|
|upkeep
|c|☆Mori Jin Kato|ez
|
|t:|1667838050
|switch|p1a: #102 Goliath|Eternatus|69/100
|switch|p2a: Yveltal|Yveltal|50/100
|-ability|p1a: #102 Goliath|Pressure
|-ability|p2a: Yveltal|Dark Aura
|turn|19
|c|☆Mori Jin Kato|dynamax now
|c|☆Mori Jin Kato|pls
|c|☆Mori Jin Kato|so this can have 100 extra
|c|☆Mori Jin Kato|dmg
|
|t:|1667838066
|move|p1a: #102 Goliath|Dynamax Cannon|p2a: Yveltal
|-damage|p2a: Yveltal|15/100
|move|p2a: Yveltal|Roost|p2a: Yveltal
|-heal|p2a: Yveltal|65/100
|-singleturn|p2a: Yveltal|move: Roost
|
|upkeep
|turn|20
|
|t:|1667838072
|move|p1a: #102 Goliath|Dynamax Cannon|p2a: Yveltal
|-damage|p2a: Yveltal|29/100
|move|p2a: Yveltal|Roost|p2a: Yveltal
|-heal|p2a: Yveltal|79/100
|-singleturn|p2a: Yveltal|move: Roost
|
|upkeep
|turn|21
|c|☆Mori Jin Kato|or keep roosting
|
|t:|1667838082
|move|p1a: #102 Goliath|Dynamax Cannon|p2a: Yveltal
|-damage|p2a: Yveltal|43/100
|move|p2a: Yveltal|Roost|p2a: Yveltal
|-heal|p2a: Yveltal|93/100
|-singleturn|p2a: Yveltal|move: Roost
|
|upkeep
|turn|22
|
|t:|1667838089
|move|p1a: #102 Goliath|Dynamax Cannon|p2a: Yveltal
|-damage|p2a: Yveltal|59/100
|move|p2a: Yveltal|Knock Off|p1a: #102 Goliath
|-damage|p1a: #102 Goliath|17/100
|-enditem|p1a: #102 Goliath|Choice Scarf|[from] move: Knock Off|[of] p2a: Yveltal
|
|upkeep
|turn|23
|
|t:|1667838102
|move|p2a: Yveltal|Sucker Punch|p1a: #102 Goliath
|-damage|p1a: #102 Goliath|0 fnt
|faint|p1a: #102 Goliath
|
|upkeep
|
|t:|1667838106
|switch|p1a: Seventh Owner|Ditto|100/100
|-transform|p1a: Seventh Owner|p2a: Yveltal|[from] ability: Imposter
|-ability|p1a: Seventh Owner|Dark Aura
|turn|24
|
|t:|1667838121
|move|p1a: Seventh Owner|Knock Off|p2a: Yveltal
|-resisted|p2a: Yveltal
|-crit|p2a: Yveltal
|-damage|p2a: Yveltal|26/100
|-enditem|p2a: Yveltal|Heavy-Duty Boots|[from] move: Knock Off|[of] p1a: Seventh Owner
|move|p2a: Yveltal|Roost|p2a: Yveltal
|-heal|p2a: Yveltal|76/100
|-singleturn|p2a: Yveltal|move: Roost
|
|upkeep
|turn|25
|c|☆Mori Jin Kato|wow
|c|☆Mori Jin Kato|nice turn around
|c|☆Mori Jin Kato|yvetal still
|c|☆Mori Jin Kato|busted
|
|t:|1667838135
|move|p1a: Seventh Owner|Knock Off|p2a: Yveltal
|-resisted|p2a: Yveltal
|-damage|p2a: Yveltal|62/100
|move|p2a: Yveltal|Roost|p2a: Yveltal
|-heal|p2a: Yveltal|100/100
|-singleturn|p2a: Yveltal|move: Roost
|
|upkeep
|turn|26
|c|☆Mori Jin Kato|such a beta male
|
|t:|1667838142
|move|p1a: Seventh Owner|Knock Off|p2a: Yveltal
|-resisted|p2a: Yveltal
|-damage|p2a: Yveltal|85/100
|move|p2a: Yveltal|Roost|p2a: Yveltal
|-heal|p2a: Yveltal|100/100
|-singleturn|p2a: Yveltal|move: Roost
|
|upkeep
|turn|27
|-message|Mori Jin Kato forfeited.
|
|win|Momentai24
|raw|Mori Jin Kato's rating: 1730 &rarr; <strong>1709</strong><br />(-21 for losing)
|raw|Momentai24's rating: 1710 &rarr; <strong>1731</strong><br />(+21 for winning)
|l|☆Mori Jin Kato
||Ladder isn't responding, score probably updated but might not have (Request timeout).
