|j|☆Goku Uchiha 2001
|j|☆mardydu
|t:|1664514282
|gametype|singles
|player|p1|Goku Uchiha 2001|1|1864
|player|p2|mardydu|boarder|1817
|teamsize|p1|6
|teamsize|p2|6
|gen|8
|tier|[Gen 8] National Dex AG
|rated|
|rule|HP Percentage Mod: HP is shown in percentages
|rule|Endless Battle Clause: Forcing endless battles is banned
|clearpoke
|poke|p1|Ditto|
|poke|p1|Mawile, F|
|poke|p1|Yveltal|
|poke|p1|Arceus-*|
|poke|p1|Calyrex-Shadow|
|poke|p1|Arceus-*|
|poke|p2|Kyurem-White|
|poke|p2|Calyrex-Shadow|
|poke|p2|Rayquaza|
|poke|p2|Regieleki|
|poke|p2|Smeargle, M|
|poke|p2|Skarmory, M|
|teampreview
|inactive|Battle timer is ON: inactive players will automatically lose when time's up. (requested by mardydu)
|
|t:|1664514306
|start
|switch|p1a: Yveltal|Yveltal, shiny|100/100
|switch|p2a: Skarmory|Skarmory, M|100/100
|-ability|p1a: Yveltal|Dark Aura
|turn|1
|
|t:|1664514326
|move|p1a: Yveltal|Knock Off|p2a: Skarmory
|-damage|p2a: Skarmory|63/100
|-damage|p1a: Yveltal|84/100|[from] item: Rocky Helmet|[of] p2a: Skarmory
|-enditem|p2a: Skarmory|Rocky Helmet|[from] move: Knock Off|[of] p1a: Yveltal
|move|p2a: Skarmory|Stealth Rock|p1a: Yveltal
|-sidestart|p1: Goku Uchiha 2001|move: Stealth Rock
|
|upkeep
|turn|2
|
|t:|1664514337
|switch|p1a: Arceus|Arceus-Fairy|100/100
|-damage|p1a: Arceus|88/100|[from] Stealth Rock
|move|p2a: Skarmory|Taunt|p1a: Arceus
|-start|p1a: Arceus|move: Taunt
|
|upkeep
|turn|3
|
|t:|1664514343
|switch|p1a: Calyrex|Calyrex-Shadow|100/100
|-ability|p1a: Calyrex|As One
|-ability|p1a: Calyrex|Unnerve
|-damage|p1a: Calyrex|88/100|[from] Stealth Rock
|move|p2a: Skarmory|Whirlwind|p1a: Calyrex
|drag|p1a: Mawile|Mawile, F|100/100
|-damage|p1a: Mawile|95/100|[from] Stealth Rock
|-ability|p1a: Mawile|Intimidate|boost
|-unboost|p2a: Skarmory|atk|1
|
|upkeep
|turn|4
|
|t:|1664514355
|move|p2a: Skarmory|Taunt|p1a: Mawile
|-start|p1a: Mawile|move: Taunt
|cant|p1a: Mawile|move: Taunt|Swords Dance
|
|upkeep
|turn|5
|
|t:|1664514364
|move|p2a: Skarmory|Body Press|p1a: Mawile
|-damage|p1a: Mawile|57/100
|move|p1a: Mawile|Iron Head|p2a: Skarmory
|-resisted|p2a: Skarmory
|-damage|p2a: Skarmory|52/100
|
|upkeep
|turn|6
|j| Hamster schmamster
|
|t:|1664514371
|switch|p1a: Arceus|Arceus-Fairy|88/100
|-damage|p1a: Arceus|76/100|[from] Stealth Rock
|move|p2a: Skarmory|Body Press|p1a: Arceus
|-resisted|p1a: Arceus
|-damage|p1a: Arceus|66/100
|
|upkeep
|turn|7
|
|t:|1664514374
|move|p1a: Arceus|Stealth Rock|p2a: Skarmory
|-sidestart|p2: mardydu|move: Stealth Rock
|move|p2a: Skarmory|Stealth Rock||[still]
|-fail|p2a: Skarmory
|
|upkeep
|turn|8
|
|t:|1664514379
|move|p1a: Arceus|Recover|p1a: Arceus
|-heal|p1a: Arceus|100/100
|move|p2a: Skarmory|Taunt|p1a: Arceus
|-start|p1a: Arceus|move: Taunt
|
|upkeep
|turn|9
|
|t:|1664514382
|move|p1a: Arceus|Judgment|p2a: Skarmory
|-resisted|p2a: Skarmory
|-damage|p2a: Skarmory|18/100
|move|p2a: Skarmory|Whirlwind|p1a: Arceus
|drag|p1a: Mawile|Mawile, F|57/100
|-damage|p1a: Mawile|51/100|[from] Stealth Rock
|-ability|p1a: Mawile|Intimidate|boost
|-unboost|p2a: Skarmory|atk|1
|
|upkeep
|turn|10
|
|t:|1664514392
|detailschange|p1a: Mawile|Mawile-Mega, F
|-mega|p1a: Mawile|Mawile|Mawilite
|move|p2a: Skarmory|Taunt|p1a: Mawile
|-start|p1a: Mawile|move: Taunt
|move|p1a: Mawile|Iron Head|p2a: Skarmory
|-resisted|p2a: Skarmory
|-damage|p2a: Skarmory|0 fnt
|faint|p2a: Skarmory
|
|upkeep
|
|t:|1664514400
|switch|p2a: JumpingMan|Regieleki|100/100
|-damage|p2a: JumpingMan|88/100|[from] Stealth Rock
|turn|11
|
|t:|1664514406
|move|p1a: Mawile|Sucker Punch|p2a: JumpingMan
|-damage|p2a: JumpingMan|0 fnt
|faint|p2a: JumpingMan
|
|upkeep
|
|t:|1664514414
|switch|p2a: Smeargle|Smeargle, M|100/100
|-damage|p2a: Smeargle|88/100|[from] Stealth Rock
|turn|12
|
|t:|1664514420
|switch|p1a: Arceus|Arceus|100/100
|-damage|p1a: Arceus|88/100|[from] Stealth Rock
|move|p2a: Smeargle|Spore|p1a: Arceus
|-status|p1a: Arceus|slp|[from] move: Spore
|-enditem|p1a: Arceus|Lum Berry|[eat]
|-curestatus|p1a: Arceus|slp|[msg]
|
|-ability|p2a: Smeargle|Moody|boost
|-boost|p2a: Smeargle|atk|2
|-unboost|p2a: Smeargle|spd|1
|upkeep
|turn|13
|l|hamsterschmamster
|
|t:|1664514426
|move|p1a: Arceus|Extreme Speed|p2a: Smeargle
|-damage|p2a: Smeargle|0 fnt
|faint|p2a: Smeargle
|
|upkeep
|
|t:|1664514429
|switch|p2a: Rayquaza|Rayquaza|100/100
|-damage|p2a: Rayquaza|76/100|[from] Stealth Rock
|-ability|p2a: Rayquaza|Air Lock
|turn|14
|
|t:|1664514438
|switch|p1a: Arceus|Arceus-Fairy|100/100
|-damage|p1a: Arceus|88/100|[from] Stealth Rock
|detailschange|p2a: Rayquaza|Rayquaza-Mega
|-mega|p2a: Rayquaza|Rayquaza|
|-weather|DeltaStream|[from] ability: Delta Stream|[of] p2a: Rayquaza
|move|p2a: Rayquaza|Scale Shot|p1a: Arceus
|-immune|p1a: Arceus
|
|-weather|DeltaStream|[upkeep]
|upkeep
|turn|15
|
|t:|1664514441
|move|p2a: Rayquaza|Dragon Ascent|p1a: Arceus
|-damage|p1a: Arceus|23/100
|-unboost|p2a: Rayquaza|def|1
|-unboost|p2a: Rayquaza|spd|1
|-damage|p2a: Rayquaza|66/100|[from] item: Life Orb
|move|p1a: Arceus|Judgment|p2a: Rayquaza
|-supereffective|p2a: Rayquaza
|-damage|p2a: Rayquaza|0 fnt
|faint|p2a: Rayquaza
|-weather|none
|
|upkeep
|
|t:|1664514445
|switch|p2a: Horse in cali|Calyrex-Shadow|100/100
|-ability|p2a: Horse in cali|As One
|-ability|p2a: Horse in cali|Unnerve
|-damage|p2a: Horse in cali|88/100|[from] Stealth Rock
|turn|16
|
|t:|1664514450
|move|p2a: Horse in cali|Draining Kiss|p1a: Arceus
|-damage|p1a: Arceus|12/100
|-heal|p2a: Horse in cali|98/100|[from] drain|[of] p1a: Arceus
|move|p1a: Arceus|Judgment|p2a: Horse in cali
|-damage|p2a: Horse in cali|49/100
|
|upkeep
|turn|17
|
|t:|1664514455
|switch|p1a: Mawile|Mawile-Mega, F|51/100
|-damage|p1a: Mawile|45/100|[from] Stealth Rock
|move|p2a: Horse in cali|Draining Kiss|p1a: Mawile
|-resisted|p1a: Mawile
|-damage|p1a: Mawile|34/100
|-heal|p2a: Horse in cali|57/100|[from] drain|[of] p1a: Mawile
|
|upkeep
|turn|18
|
|t:|1664514463
|move|p2a: Horse in cali|Astral Barrage|p1a: Mawile
|-damage|p1a: Mawile|0 fnt
|faint|p1a: Mawile
|-ability|p2a: Horse in cali|Grim Neigh|boost
|-boost|p2a: Horse in cali|spa|1
|
|upkeep
|
|t:|1664514467
|switch|p1a: Ditto|Ditto, shiny|100/100
|-damage|p1a: Ditto|88/100|[from] Stealth Rock
|-transform|p1a: Ditto|p2a: Horse in cali|[from] ability: Imposter
|turn|19
|
|t:|1664514469
|move|p1a: Ditto|Astral Barrage|p2a: Horse in cali
|-supereffective|p2a: Horse in cali
|-damage|p2a: Horse in cali|0 fnt
|faint|p2a: Horse in cali
|-ability|p1a: Ditto|Grim Neigh|boost
|-boost|p1a: Ditto|spa|1
|
|upkeep
|
|t:|1664514471
|switch|p2a: Kurem|Kyurem-White, shiny|100/100
|-damage|p2a: Kurem|76/100|[from] Stealth Rock
|-ability|p2a: Kurem|Turboblaze
|turn|20
|
|t:|1664514474
|-start|p2a: Kurem|Dynamax|
|-heal|p2a: Kurem|76/100|[silent]
|move|p1a: Ditto|Astral Barrage|p2a: Kurem
|-damage|p2a: Kurem|14/100
|move|p2a: Kurem|Max Phantasm|p1a: Ditto
|-supereffective|p1a: Ditto
|-damage|p1a: Ditto|0 fnt
|faint|p1a: Ditto
|
|upkeep
|
|t:|1664514477
|switch|p1a: Calyrex|Calyrex-Shadow|88/100
|-ability|p1a: Calyrex|As One
|-ability|p1a: Calyrex|Unnerve
|-damage|p1a: Calyrex|76/100|[from] Stealth Rock
|turn|21
|
|t:|1664514480
|move|p1a: Calyrex|Astral Barrage|p2a: Kurem
|-damage|p2a: Kurem|0 fnt
|faint|p2a: Kurem
|
|win|Goku Uchiha 2001
|raw|Goku Uchiha 2001's rating: 1864 &rarr; <strong>1881</strong><br />(+17 for winning)
|raw|mardydu's rating: 1817 &rarr; <strong>1800</strong><br />(-17 for losing)
|l|☆mardydu
