|j|☆Direhands
|j|☆HYDRA PIKACHU
|t:|1648740860
|gametype|singles
|player|p1|Direhands|whitney|1658
|player|p2|HYDRA PIKACHU|jogger|1683
|teamsize|p1|6
|teamsize|p2|6
|gen|8
|tier|[Gen 8] National Dex AG
|rated|
|rule|HP Percentage Mod: HP is shown in percentages
|rule|Endless Battle Clause: Forcing endless battles is banned
|clearpoke
|poke|p1|Hatterene, F|
|poke|p1|Hatterene, F|
|poke|p1|Calyrex-Ice|
|poke|p1|Melmetal|
|poke|p1|Gigalith, F|
|poke|p1|Yveltal|
|poke|p2|Calyrex-Shadow|
|poke|p2|Yveltal|
|poke|p2|Groudon|
|poke|p2|Marshadow|
|poke|p2|Ditto|
|poke|p2|Xerneas-*|
|teampreview
|inactive|Battle timer is ON: inactive players will automatically lose when time's up. (requested by HYDRA PIKACHU)
|
|t:|1648740872
|start
|switch|p1a: Gigalith|Gigalith, F|100/100
|switch|p2a: Groudon|Groudon, shiny|100/100
|detailschange|p2a: Groudon|Groudon-Primal, shiny
|-primal|p2a: Groudon
|-weather|DesolateLand|[from] ability: Desolate Land|[of] p2a: Groudon
|turn|1
|
|t:|1648740890
|move|p2a: Groudon|Precipice Blades|p1a: Gigalith
|-supereffective|p1a: Gigalith
|-ability|p1a: Gigalith|Sturdy
|-damage|p1a: Gigalith|1/100
|move|p1a: Gigalith|Earthquake|p2a: Groudon
|-supereffective|p2a: Groudon
|-damage|p2a: Groudon|45/100
|
|-weather|DesolateLand|[upkeep]
|upkeep
|turn|2
|-enditem|p1a: Gigalith|Custap Berry|[eat]
|-activate|p1a: Gigalith|item: Custap Berry|[consumed]
|
|t:|1648740895
|move|p1a: Gigalith|Earthquake|p2a: Groudon
|-supereffective|p2a: Groudon
|-crit|p2a: Groudon
|-damage|p2a: Groudon|0 fnt
|faint|p2a: Groudon
|-weather|none
|
|upkeep
|inactive|HYDRA PIKACHU has 120 seconds left.
|
|t:|1648740942
|switch|p2a: Marshadow|Marshadow|100/100
|turn|3
|inactive|Direhands has 120 seconds left.
|
|t:|1648740987
|move|p2a: Marshadow|Shadow Sneak|p1a: Gigalith
|-damage|p1a: Gigalith|0 fnt
|faint|p1a: Gigalith
|
|upkeep
|
|t:|1648740993
|switch|p1a: Yveltal|Yveltal|100/100
|-ability|p1a: Yveltal|Dark Aura
|turn|4
|inactive|HYDRA PIKACHU has 120 seconds left.
|
|t:|1648741010
|-start|p1a: Yveltal|Dynamax|
|-heal|p1a: Yveltal|100/100|[silent]
|move|p2a: Marshadow|Rock Tomb|p1a: Yveltal
|-supereffective|p1a: Yveltal
|-damage|p1a: Yveltal|72/100
|-unboost|p1a: Yveltal|spe|1
|move|p1a: Yveltal|Max Airstream|p2a: Marshadow
|-supereffective|p2a: Marshadow
|-enditem|p2a: Marshadow|Focus Sash
|-damage|p2a: Marshadow|1/100
|-boost|p1a: Yveltal|spe|1
|-damage|p1a: Yveltal|67/100|[from] item: Life Orb
|
|upkeep
|turn|5
|inactive|HYDRA PIKACHU has 120 seconds left.
|inactive|Direhands has 120 seconds left.
|
|t:|1648741024
|move|p2a: Marshadow|Close Combat|p1a: Yveltal
|-damage|p1a: Yveltal|39/100
|-unboost|p2a: Marshadow|def|1
|-unboost|p2a: Marshadow|spd|1
|move|p1a: Yveltal|Max Airstream|p2a: Marshadow
|-supereffective|p2a: Marshadow
|-damage|p2a: Marshadow|0 fnt
|-boost|p1a: Yveltal|spe|1
|faint|p2a: Marshadow
|-damage|p1a: Yveltal|34/100|[from] item: Life Orb
|
|upkeep
|
|t:|1648741028
|switch|p2a: Xerneas|Xerneas, shiny|100/100
|-ability|p2a: Xerneas|Fairy Aura
|turn|6
|
|t:|1648741031
|move|p1a: Yveltal|Max Ooze|p2a: Xerneas
|-supereffective|p2a: Xerneas
|-damage|p2a: Xerneas|17/100
|-boost|p1a: Yveltal|spa|1
|-damage|p1a: Yveltal|29/100|[from] item: Life Orb
|move|p2a: Xerneas|Geomancy||[still]
|-prepare|p2a: Xerneas|Geomancy
|-enditem|p2a: Xerneas|Power Herb
|-anim|p2a: Xerneas|Geomancy|p2a: Xerneas
|-boost|p2a: Xerneas|spa|2
|-boost|p2a: Xerneas|spd|2
|-boost|p2a: Xerneas|spe|2
|
|-end|p1a: Yveltal|Dynamax
|-heal|p1a: Yveltal|29/100|[silent]
|upkeep
|turn|7
|
|t:|1648741050
|-start|p2a: Xerneas|Dynamax|
|-heal|p2a: Xerneas|17/100|[silent]
|move|p2a: Xerneas|Max Starfall|p1a: Yveltal
|-supereffective|p1a: Yveltal
|-damage|p1a: Yveltal|0 fnt
|-fieldstart|move: Misty Terrain
|faint|p1a: Yveltal
|
|upkeep
|
|t:|1648741057
|switch|p1a: Hatterene|Hatterene, F|100/100
|turn|8
|
|t:|1648741060
|move|p2a: Xerneas|Max Starfall|p1a: Hatterene
|-enditem|p1a: Hatterene|Focus Sash
|-damage|p1a: Hatterene|1/100
|move|p1a: Hatterene|Trick Room|p1a: Hatterene
|-fieldstart|move: Trick Room|[of] p1a: Hatterene
|
|upkeep
|turn|9
|inactive|Direhands has 120 seconds left.
|
|t:|1648741097
|move|p2a: Xerneas|Max Guard|p2a: Xerneas
|-singleturn|p2a: Xerneas|Max Guard
|move|p1a: Hatterene|Misty Explosion|p2a: Xerneas
|-activate|p2a: Xerneas|move: Max Guard
|faint|p1a: Hatterene
|
|-end|p2a: Xerneas|Dynamax
|-heal|p2a: Xerneas|17/100|[silent]
|upkeep
|
|t:|1648741101
|switch|p1a: Juan|Calyrex-Ice|100/100
|-ability|p1a: Juan|As One
|-ability|p1a: Juan|Unnerve
|turn|10
|
|t:|1648741105
|move|p1a: Juan|Glacial Lance|p2a: Xerneas
|-damage|p2a: Xerneas|0 fnt
|faint|p2a: Xerneas
|-ability|p1a: Juan|Chilling Neigh|boost
|-boost|p1a: Juan|atk|1
|
|upkeep
|
|t:|1648741108
|switch|p2a: Ditto|Ditto, shiny|100/100
|-transform|p2a: Ditto|p1a: Juan|[from] ability: Imposter
|turn|11
|
|t:|1648741126
|move|p1a: Juan|Throat Chop|p2a: Ditto
|-supereffective|p2a: Ditto
|-damage|p2a: Ditto|6/100
|-start|p2a: Ditto|Throat Chop|[silent]
|move|p2a: Ditto|Throat Chop|p1a: Juan
|-supereffective|p1a: Juan
|-damage|p1a: Juan|31/100
|-start|p1a: Juan|Throat Chop|[silent]
|
|-fieldend|Misty Terrain
|upkeep
|turn|12
|
|t:|1648741131
|move|p1a: Juan|Glacial Lance|p2a: Ditto
|-resisted|p2a: Ditto
|-damage|p2a: Ditto|0 fnt
|faint|p2a: Ditto
|-ability|p1a: Juan|Chilling Neigh|boost
|-boost|p1a: Juan|atk|1
|
|-end|p1a: Juan|Throat Chop|[silent]
|-fieldend|move: Trick Room
|upkeep
|
|t:|1648741134
|switch|p2a: Yveltal|Yveltal, shiny|100/100
|-ability|p2a: Yveltal|Dark Aura
|turn|13
|
|t:|1648741139
|switch|p1a: Melmetal|Melmetal|100/100
|move|p2a: Yveltal|Sucker Punch||[still]
|-fail|p2a: Yveltal
|
|upkeep
|turn|14
|
|t:|1648741143
|move|p2a: Yveltal|Knock Off|p1a: Melmetal
|-damage|p1a: Melmetal|54/100
|-enditem|p1a: Melmetal|Choice Band|[from] move: Knock Off|[of] p2a: Yveltal
|-damage|p2a: Yveltal|91/100|[from] item: Life Orb
|move|p1a: Melmetal|Double Iron Bash|p2a: Yveltal
|-damage|p2a: Yveltal|45/100
|-damage|p2a: Yveltal|0 fnt
|faint|p2a: Yveltal
|-hitcount|p2: Yveltal|2
|
|upkeep
|
|t:|1648741146
|switch|p2a: Calyrex|Calyrex-Shadow|100/100
|-ability|p2a: Calyrex|As One
|-ability|p2a: Calyrex|Unnerve
|turn|15
|inactive|Direhands has 120 seconds left.
|
|t:|1648741181
|move|p2a: Calyrex|Astral Barrage|p1a: Melmetal
|-damage|p1a: Melmetal|0 fnt
|faint|p1a: Melmetal
|-ability|p2a: Calyrex|Grim Neigh|boost
|-boost|p2a: Calyrex|spa|1
|
|upkeep
|
|t:|1648741190
|switch|p1a: Hatterene|Hatterene, F|100/100
|turn|16
|
|t:|1648741195
|move|p2a: Calyrex|Astral Barrage|p1a: Hatterene
|-supereffective|p1a: Hatterene
|-enditem|p1a: Hatterene|Focus Sash
|-damage|p1a: Hatterene|1/100
|move|p1a: Hatterene|Trick Room|p1a: Hatterene
|-fieldstart|move: Trick Room|[of] p1a: Hatterene
|
|upkeep
|turn|17
|
|t:|1648741201
|move|p1a: Hatterene|Misty Explosion|p2a: Calyrex
|-damage|p2a: Calyrex|44/100
|faint|p1a: Hatterene
|move|p2a: Calyrex|Psycho Cut|p1: Hatterene|[notarget]
|-fail|p2a: Calyrex
|
|upkeep
|
|t:|1648741204
|switch|p1a: Juan|Calyrex-Ice|31/100
|-ability|p1a: Juan|As One
|-ability|p1a: Juan|Unnerve
|turn|18
|
|t:|1648741206
|move|p1a: Juan|Close Combat|p2a: Calyrex
|-immune|p2a: Calyrex
|move|p2a: Calyrex|Astral Barrage|p1a: Juan
|-supereffective|p1a: Juan
|-damage|p1a: Juan|0 fnt
|faint|p1a: Juan
|
|win|HYDRA PIKACHU
|raw|Direhands's rating: 1658 &rarr; <strong>1639</strong><br />(-19 for losing)
|raw|HYDRA PIKACHU's rating: 1683 &rarr; <strong>1702</strong><br />(+19 for winning)
|l|☆Direhands
||Ladder isn't responding, score probably updated but might not have (Request timeout).
