|j|☆starkorea74
|j|☆troy04
|t:|1597677531
|player|p1|starkorea74|cynthia|1830
|player|p2|troy04|lucas|1653
|teamsize|p1|6
|teamsize|p2|6
|gametype|singles
|gen|8
|tier|[Gen 8] National Dex AG
|rated|
|clearpoke
|poke|p1|Necrozma-Dusk-Mane|
|poke|p1|Ho-Oh|
|poke|p1|Ditto|
|poke|p1|Arceus-*|
|poke|p1|Rayquaza|
|poke|p1|Yveltal|
|poke|p2|Rayquaza|
|poke|p2|Ho-Oh|
|poke|p2|Yveltal|
|poke|p2|Arceus-*|
|poke|p2|Ferrothorn, M|
|poke|p2|Zacian-Crowned|
|rule|HP Percentage Mod: HP is shown in percentages
|rule|Endless Battle Clause: Forcing endless battles is banned
|teampreview
|inactive|Battle timer is ON: inactive players will automatically lose when time's up. (requested by troy04)
|
|t:|1597677553
|start
|switch|p1a: Necrozma|Necrozma-Dusk-Mane|100/100
|switch|p2a: Zacian|Zacian-Crowned|100/100
|-ability|p2a: Zacian|Intrepid Sword|boost
|-boost|p2a: Zacian|atk|1
|turn|1
|
|t:|1597677559
|move|p2a: Zacian|Close Combat|p1a: Necrozma
|-damage|p1a: Necrozma|58/100
|-unboost|p2a: Zacian|def|1
|-unboost|p2a: Zacian|spd|1
|move|p1a: Necrozma|Stealth Rock|p2a: Zacian
|-sidestart|p2: troy04|move: Stealth Rock
|
|-heal|p1a: Necrozma|64/100|[from] item: Leftovers
|upkeep
|turn|2
|
|t:|1597677568
|switch|p2a: Ho-Oh|Ho-Oh|100/100
|move|p1a: Necrozma|Morning Sun|p1a: Necrozma
|-heal|p1a: Necrozma|100/100
|
|upkeep
|turn|3
|
|t:|1597677574
|move|p2a: Ho-Oh|Sacred Fire|p1a: Necrozma
|-supereffective|p1a: Necrozma
|-crit|p1a: Necrozma
|-damage|p1a: Necrozma|50/100
|move|p1a: Necrozma|Toxic|p2a: Ho-Oh
|-status|p2a: Ho-Oh|tox
|
|-heal|p1a: Necrozma|56/100|[from] item: Leftovers
|-damage|p2a: Ho-Oh|94/100 tox|[from] psn
|upkeep
|turn|4
|
|t:|1597677583
|move|p2a: Ho-Oh|Defog|p1a: Necrozma
|-unboost|p1a: Necrozma|evasion|1
|-sideend|p2: troy04|Stealth Rock|[from] move: Defog|[of] p2a: Ho-Oh
|move|p1a: Necrozma|Morning Sun|p1a: Necrozma
|-heal|p1a: Necrozma|100/100
|
|-damage|p2a: Ho-Oh|82/100 tox|[from] psn
|upkeep
|turn|5
|
|t:|1597677590
|switch|p2a: Yveltal|Yveltal|100/100
|-ability|p2a: Yveltal|Dark Aura
|switch|p1a: Ho-Oh|Ho-Oh|100/100
|
|upkeep
|turn|6
|
|t:|1597677598
|-start|p2a: Yveltal|Dynamax
|-heal|p2a: Yveltal|100/100|[silent]
|move|p2a: Yveltal|Max Darkness|p1a: Ho-Oh
|-damage|p1a: Ho-Oh|42/100
|-unboost|p1a: Ho-Oh|spd|1
|move|p1a: Ho-Oh|Toxic|p2a: Yveltal
|-status|p2a: Yveltal|tox
|
|-damage|p2a: Yveltal|97/100 tox|[from] psn
|upkeep
|turn|7
|
|t:|1597677611
|switch|p1a: Arceus|Arceus-Dark|100/100
|move|p2a: Yveltal|Max Airstream|p1a: Arceus
|-crit|p1a: Arceus
|-damage|p1a: Arceus|41/100
|-boost|p2a: Yveltal|spe|1
|
|-damage|p2a: Yveltal|91/100 tox|[from] psn
|upkeep
|turn|8
|
|t:|1597677623
|switch|p1a: Ho-Oh|Ho-Oh|75/100
|move|p2a: Yveltal|Max Darkness|p1a: Ho-Oh
|-damage|p1a: Ho-Oh|19/100
|-unboost|p1a: Ho-Oh|spd|1
|
|-damage|p2a: Yveltal|82/100 tox|[from] psn
|-end|p2a: Yveltal|Dynamax
|-heal|p2a: Yveltal|82/100 tox|[silent]
|upkeep
|turn|9
|
|t:|1597677646
|switch|p1a: Arceus|Arceus-Dark|41/100
|move|p2a: Yveltal|Dark Pulse|p1a: Arceus
|-resisted|p1a: Arceus
|-damage|p1a: Arceus|27/100
|
|-damage|p2a: Yveltal|58/100 tox|[from] psn
|upkeep
|turn|10
|
|t:|1597677655
|move|p2a: Yveltal|Oblivion Wing|p1a: Arceus
|-damage|p1a: Arceus|4/100
|-heal|p2a: Yveltal|77/100 tox|[from] drain|[of] p1a: Arceus
|move|p1a: Arceus|Recover|p1a: Arceus
|-heal|p1a: Arceus|54/100
|
|-damage|p2a: Yveltal|47/100 tox|[from] psn
|upkeep
|turn|11
|
|t:|1597677664
|move|p2a: Yveltal|Taunt|p1a: Arceus
|-start|p1a: Arceus|move: Taunt
|cant|p1a: Arceus|move: Taunt|Recover
|
|-damage|p2a: Yveltal|10/100 tox|[from] psn
|upkeep
|turn|12
|
|t:|1597677671
|switch|p1a: Ho-Oh|Ho-Oh|52/100
|move|p2a: Yveltal|Dark Pulse|p1a: Ho-Oh
|-damage|p1a: Ho-Oh|16/100
|
|-damage|p2a: Yveltal|0 fnt|[from] psn
|faint|p2a: Yveltal
|upkeep
|
|t:|1597677674
|switch|p2a: Rayquaza|Rayquaza|100/100
|-ability|p2a: Rayquaza|Air Lock
|turn|13
|
|t:|1597677685
|switch|p1a: Necrozma|Necrozma-Dusk-Mane|100/100
|detailschange|p2a: Rayquaza|Rayquaza-Mega
|-mega|p2a: Rayquaza|Rayquaza|
|-weather|DeltaStream|[from] ability: Delta Stream|[of] p2a: Rayquaza
|move|p2a: Rayquaza|Extreme Speed|p1a: Necrozma
|-resisted|p1a: Necrozma
|-damage|p1a: Necrozma|90/100
|
|-weather|DeltaStream|[upkeep]
|-heal|p1a: Necrozma|96/100|[from] item: Leftovers
|upkeep
|turn|14
|
|t:|1597677695
|move|p2a: Rayquaza|V-create|p1a: Necrozma
|-supereffective|p1a: Necrozma
|-damage|p1a: Necrozma|35/100
|-unboost|p2a: Rayquaza|spe|1
|-unboost|p2a: Rayquaza|def|1
|-unboost|p2a: Rayquaza|spd|1
|move|p1a: Necrozma|Sunsteel Strike|p2a: Rayquaza
|-damage|p2a: Rayquaza|24/100
|
|-weather|DeltaStream|[upkeep]
|-heal|p1a: Necrozma|41/100|[from] item: Leftovers
|upkeep
|turn|15
|
|t:|1597677709
|switch|p1a: Rayquaza|Rayquaza|100/100
|-ability|p1a: Rayquaza|Air Lock
|move|p2a: Rayquaza|V-create|p1a: Rayquaza
|-resisted|p1a: Rayquaza
|-damage|p1a: Rayquaza|56/100
|-unboost|p2a: Rayquaza|spe|1
|-unboost|p2a: Rayquaza|def|1
|-unboost|p2a: Rayquaza|spd|1
|
|-weather|DeltaStream|[upkeep]
|upkeep
|turn|16
|
|t:|1597677719
|-weather|none
|switch|p2a: Zacian|Zacian-Crowned|100/100
|-ability|p2a: Zacian|Intrepid Sword|boost
|-boost|p2a: Zacian|atk|1
|detailschange|p1a: Rayquaza|Rayquaza-Mega
|-mega|p1a: Rayquaza|Rayquaza|
|-weather|DeltaStream|[from] ability: Delta Stream|[of] p1a: Rayquaza
|move|p1a: Rayquaza|Extreme Speed|p2a: Zacian
|-resisted|p2a: Zacian
|-damage|p2a: Zacian|76/100
|-damage|p1a: Rayquaza|46/100|[from] item: Life Orb
|
|-weather|DeltaStream|[upkeep]
|upkeep
|turn|17
|
|t:|1597677735
|-weather|none
|switch|p1a: Ho-Oh|Ho-Oh|50/100
|move|p2a: Zacian|Behemoth Blade|p1a: Ho-Oh
|-resisted|p1a: Ho-Oh
|-damage|p1a: Ho-Oh|14/100
|
|upkeep
|turn|18
|
|t:|1597677742
|switch|p1a: Necrozma|Necrozma-Dusk-Mane|41/100
|move|p2a: Zacian|Behemoth Blade|p1a: Necrozma
|-resisted|p1a: Necrozma
|-damage|p1a: Necrozma|13/100
|
|-heal|p1a: Necrozma|19/100|[from] item: Leftovers
|upkeep
|turn|19
|
|t:|1597677753
|switch|p1a: Ho-Oh|Ho-Oh|47/100
|move|p2a: Zacian|Behemoth Blade|p1a: Ho-Oh
|-resisted|p1a: Ho-Oh
|-damage|p1a: Ho-Oh|12/100
|
|upkeep
|turn|20
|
|t:|1597677760
|switch|p1a: Necrozma|Necrozma-Dusk-Mane|19/100
|move|p2a: Zacian|Behemoth Blade|p1a: Necrozma
|-resisted|p1a: Necrozma
|-damage|p1a: Necrozma|0 fnt
|faint|p1a: Necrozma
|
|upkeep
|
|t:|1597677767
|switch|p1a: Ditto|Ditto|100/100
|-transform|p1a: Ditto|p2a: Zacian|[from] ability: Imposter
|-ability|p1a: Ditto|Intrepid Sword|boost
|-boost|p1a: Ditto|atk|1
|turn|21
|
|t:|1597677776
|switch|p2a: Rayquaza|Rayquaza-Mega|24/100
|-weather|DeltaStream|[from] ability: Delta Stream|[of] p2a: Rayquaza
|move|p1a: Ditto|Close Combat|p2a: Rayquaza
|-resisted|p2a: Rayquaza
|-damage|p2a: Rayquaza|0 fnt
|-unboost|p1a: Ditto|def|1
|-unboost|p1a: Ditto|spd|1
|faint|p2a: Rayquaza
|-weather|none
|
|upkeep
|
|t:|1597677779
|switch|p2a: Ho-Oh|Ho-Oh|100/100 tox
|turn|22
|
|t:|1597677788
|switch|p1a: Ho-Oh|Ho-Oh|45/100
|move|p2a: Ho-Oh|Sacred Fire|p1a: Ho-Oh
|-resisted|p1a: Ho-Oh
|-damage|p1a: Ho-Oh|31/100
|
|-damage|p2a: Ho-Oh|94/100 tox|[from] psn
|upkeep
|turn|23
|j| Viral Q
|
|t:|1597677799
|move|p1a: Ho-Oh|Recover|p1a: Ho-Oh
|-heal|p1a: Ho-Oh|81/100
|move|p2a: Ho-Oh|Toxic|p1a: Ho-Oh
|-status|p1a: Ho-Oh|tox
|
|-damage|p1a: Ho-Oh|75/100 tox|[from] psn
|-damage|p2a: Ho-Oh|82/100 tox|[from] psn
|upkeep
|turn|24
|l|viralq
|
|t:|1597677807
|switch|p2a: Arceus|Arceus-Fairy|100/100
|move|p1a: Ho-Oh|Recover|p1a: Ho-Oh
|-heal|p1a: Ho-Oh|100/100 tox
|
|-damage|p1a: Ho-Oh|88/100 tox|[from] psn
|upkeep
|turn|25
|
|t:|1597677814
|move|p2a: Arceus|Calm Mind|p2a: Arceus
|-boost|p2a: Arceus|spa|1
|-boost|p2a: Arceus|spd|1
|move|p1a: Ho-Oh|Toxic|p2a: Arceus
|-status|p2a: Arceus|tox
|
|-damage|p2a: Arceus|94/100 tox|[from] psn
|-damage|p1a: Ho-Oh|70/100 tox|[from] psn
|upkeep
|turn|26
|
|t:|1597677832
|switch|p1a: Arceus|Arceus-Dark|54/100
|move|p2a: Arceus|Calm Mind|p2a: Arceus
|-boost|p2a: Arceus|spa|1
|-boost|p2a: Arceus|spd|1
|
|-damage|p2a: Arceus|82/100 tox|[from] psn
|upkeep
|turn|27
|
|t:|1597677841
|switch|p1a: Ho-Oh|Ho-Oh|100/100 tox
|move|p2a: Arceus|Judgment|p1a: Ho-Oh
|-resisted|p1a: Ho-Oh
|-damage|p1a: Ho-Oh|62/100 tox
|
|-damage|p2a: Arceus|64/100 tox|[from] psn
|-damage|p1a: Ho-Oh|56/100 tox|[from] psn
|upkeep
|turn|28
|
|t:|1597677849
|move|p2a: Arceus|Judgment|p1a: Ho-Oh
|-resisted|p1a: Ho-Oh
|-damage|p1a: Ho-Oh|18/100 tox
|move|p1a: Ho-Oh|Sacred Fire|p2a: Arceus
|-damage|p2a: Arceus|40/100 tox
|
|-damage|p2a: Arceus|16/100 tox|[from] psn
|-damage|p1a: Ho-Oh|6/100 tox|[from] psn
|upkeep
|turn|29
|j| jerryl309
|
|t:|1597677871
|move|p2a: Arceus|Judgment|p1a: Ho-Oh
|-resisted|p1a: Ho-Oh
|-damage|p1a: Ho-Oh|0 fnt
|faint|p1a: Ho-Oh
|
|-damage|p2a: Arceus|0 fnt|[from] psn
|faint|p2a: Arceus
|upkeep
|
|t:|1597677878
|switch|p2a: Zacian|Zacian-Crowned|76/100
|switch|p1a: Ditto|Ditto|100/100
|-ability|p2a: Zacian|Intrepid Sword|boost
|-boost|p2a: Zacian|atk|1
|-transform|p1a: Ditto|p2a: Zacian|[from] ability: Imposter
|-ability|p1a: Ditto|Intrepid Sword|boost
|-boost|p1a: Ditto|atk|1
|turn|30
|
|t:|1597677887
|switch|p2a: Ferrothorn|Ferrothorn, M|100/100
|move|p1a: Ditto|Behemoth Blade|p2a: Ferrothorn
|-resisted|p2a: Ferrothorn
|-damage|p2a: Ferrothorn|61/100
|-damage|p1a: Ditto|88/100|[from] ability: Iron Barbs|[of] p2a: Ferrothorn
|
|-heal|p2a: Ferrothorn|68/100|[from] item: Leftovers
|upkeep
|turn|31
|
|t:|1597677901
|switch|p1a: Arceus|Arceus-Dark|54/100
|move|p2a: Ferrothorn|Leech Seed|p1a: Arceus
|-start|p1a: Arceus|move: Leech Seed
|
|-heal|p2a: Ferrothorn|74/100|[from] item: Leftovers
|-damage|p1a: Arceus|41/100|[from] Leech Seed|[of] p2a: Ferrothorn
|-heal|p2a: Ferrothorn|89/100|[silent]
|upkeep
|turn|32
|
|t:|1597677911
|move|p1a: Arceus|Recover|p1a: Arceus
|-heal|p1a: Arceus|91/100
|move|p2a: Ferrothorn|Stealth Rock|p1a: Arceus
|-sidestart|p1: starkorea74|move: Stealth Rock
|
|-heal|p2a: Ferrothorn|96/100|[from] item: Leftovers
|-damage|p1a: Arceus|79/100|[from] Leech Seed|[of] p2a: Ferrothorn
|-heal|p2a: Ferrothorn|100/100|[silent]
|upkeep
|turn|33
|
|t:|1597677919
|switch|p1a: Ditto|Ditto|88/100
|-damage|p1a: Ditto|76/100|[from] Stealth Rock
|-transform|p1a: Ditto|p2a: Ferrothorn|[from] ability: Imposter
|move|p2a: Ferrothorn|Toxic|p1a: Ditto|[miss]
|-miss|p2a: Ferrothorn|p1a: Ditto
|
|upkeep
|turn|34
|
|t:|1597677927
|switch|p2a: Ho-Oh|Ho-Oh|100/100 tox
|move|p1a: Ditto|Stealth Rock|p2a: Ho-Oh
|-sidestart|p2: troy04|move: Stealth Rock
|
|-damage|p2a: Ho-Oh|94/100 tox|[from] psn
|upkeep
|turn|35
|
|t:|1597677937
|switch|p1a: Arceus|Arceus-Dark|79/100
|-damage|p1a: Arceus|66/100|[from] Stealth Rock
|move|p2a: Ho-Oh|Sacred Fire|p1a: Arceus
|-damage|p1a: Arceus|37/100
|
|-damage|p2a: Ho-Oh|82/100 tox|[from] psn
|upkeep
|turn|36
|
|t:|1597677945
|move|p1a: Arceus|Recover|p1a: Arceus
|-heal|p1a: Arceus|87/100
|move|p2a: Ho-Oh|Sacred Fire|p1a: Arceus
|-damage|p1a: Arceus|60/100
|
|-damage|p2a: Ho-Oh|63/100 tox|[from] psn
|upkeep
|turn|37
|
|t:|1597677951
|move|p1a: Arceus|Judgment|p2a: Ho-Oh
|-damage|p2a: Ho-Oh|33/100 tox
|move|p2a: Ho-Oh|Toxic|p1a: Arceus
|-status|p1a: Arceus|tox
|
|-damage|p1a: Arceus|54/100 tox|[from] psn
|-damage|p2a: Ho-Oh|8/100 tox|[from] psn
|upkeep
|turn|38
|
|t:|1597677959
|switch|p2a: Ferrothorn|Ferrothorn, M|100/100
|-damage|p2a: Ferrothorn|94/100|[from] Stealth Rock
|move|p1a: Arceus|Judgment|p2a: Ferrothorn
|-damage|p2a: Ferrothorn|52/100
|
|-heal|p2a: Ferrothorn|59/100|[from] item: Leftovers
|-damage|p1a: Arceus|42/100 tox|[from] psn
|upkeep
|turn|39
|
|t:|1597677968
|move|p1a: Arceus|Refresh|p1a: Arceus
|-curestatus|p1a: Arceus|tox|[msg]
|move|p2a: Ferrothorn|Leech Seed|p1a: Arceus
|-start|p1a: Arceus|move: Leech Seed
|
|-heal|p2a: Ferrothorn|65/100|[from] item: Leftovers
|-damage|p1a: Arceus|29/100|[from] Leech Seed|[of] p2a: Ferrothorn
|-heal|p2a: Ferrothorn|81/100|[silent]
|upkeep
|turn|40
|
|t:|1597677984
|move|p1a: Arceus|Recover|p1a: Arceus
|-heal|p1a: Arceus|79/100
|move|p2a: Ferrothorn|Toxic|p1a: Arceus
|-status|p1a: Arceus|tox
|
|-heal|p2a: Ferrothorn|87/100|[from] item: Leftovers
|-damage|p1a: Arceus|67/100 tox|[from] Leech Seed|[of] p2a: Ferrothorn
|-heal|p2a: Ferrothorn|100/100|[silent]
|-damage|p1a: Arceus|61/100 tox|[from] psn
|upkeep
|turn|41
|
|t:|1597677993
|move|p1a: Arceus|Calm Mind|p1a: Arceus
|-boost|p1a: Arceus|spa|1
|-boost|p1a: Arceus|spd|1
|move|p2a: Ferrothorn|Gyro Ball|p1a: Arceus
|-damage|p1a: Arceus|28/100 tox
|
|-damage|p1a: Arceus|15/100 tox|[from] Leech Seed|[of] p2a: Ferrothorn
|-damage|p1a: Arceus|3/100 tox|[from] psn
|upkeep
|turn|42
|
|t:|1597678002
|move|p1a: Arceus|Judgment|p2a: Ferrothorn
|-damage|p2a: Ferrothorn|36/100
|move|p2a: Ferrothorn|Gyro Ball|p1a: Arceus
|-damage|p1a: Arceus|0 fnt
|faint|p1a: Arceus
|
|-heal|p2a: Ferrothorn|42/100|[from] item: Leftovers
|upkeep
|
|t:|1597678009
|switch|p1a: Yveltal|Yveltal, shiny|100/100
|-damage|p1a: Yveltal|76/100|[from] Stealth Rock
|-ability|p1a: Yveltal|Dark Aura
|turn|43
|
|t:|1597678015
|-start|p1a: Yveltal|Dynamax
|-heal|p1a: Yveltal|76/100|[silent]
|move|p1a: Yveltal|Max Airstream|p2a: Ferrothorn
|-damage|p2a: Ferrothorn|0 fnt
|-boost|p1a: Yveltal|spe|1
|-damage|p1a: Yveltal|71/100|[from] item: Life Orb
|faint|p2a: Ferrothorn
|
|upkeep
|
|t:|1597678018
|switch|p2a: Zacian|Zacian-Crowned|76/100
|-damage|p2a: Zacian|70/100|[from] Stealth Rock
|-ability|p2a: Zacian|Intrepid Sword|boost
|-boost|p2a: Zacian|atk|1
|turn|44
|
|t:|1597678028
|move|p1a: Yveltal|Max Flare|p2a: Zacian
|-supereffective|p2a: Zacian
|-damage|p2a: Zacian|0 fnt
|-weather|SunnyDay
|-damage|p1a: Yveltal|66/100|[from] item: Life Orb
|faint|p2a: Zacian
|
|-weather|SunnyDay|[upkeep]
|upkeep
|l| jerryl309
|c|☆troy04|gg
|c|☆starkorea74|gg
|
|t:|1597678048
|switch|p2a: Ho-Oh|Ho-Oh|42/100 tox
|turn|45
|
|t:|1597678052
|move|p1a: Yveltal|Max Darkness|p2a: Ho-Oh
|-damage|p2a: Ho-Oh|0 fnt
|-damage|p1a: Yveltal|61/100|[from] item: Life Orb
|faint|p2a: Ho-Oh
|
|win|starkorea74
|l|☆troy04
|l|☆starkorea74
||Ladder (probably) updated, but score could not be retrieved (Request timeout).
