|j|☆JAY100064
|j|☆Lord Dirk
|t:|1619911046
|gametype|singles
|player|p1|JAY100064|buck|1178
|player|p2|Lord Dirk|ghetsis-gen5bw|1027
|teamsize|p1|6
|teamsize|p2|1
|gen|8
|tier|[Gen 8] National Dex AG
|rated|
|clearpoke
|poke|p1|Metagross|
|poke|p1|Garchomp, M|
|poke|p1|Kommo-o, M|
|poke|p1|Volcarona, F|
|poke|p1|Braviary, M|
|poke|p1|Eelektross, F|
|poke|p2|Necrozma-Dusk-Mane|
|rule|HP Percentage Mod: HP is shown in percentages
|rule|Endless Battle Clause: Forcing endless battles is banned
|teampreview
|inactive|Battle timer is ON: inactive players will automatically lose when time's up. (requested by Lord Dirk)
|
|t:|1619911100
|start
|switch|p1a: Volcarona|Volcarona, F, shiny|100/100
|switch|p2a: Necrozma|Necrozma-Dusk-Mane|100/100
|turn|1
|
|t:|1619911109
|-start|p1a: Volcarona|Dynamax
|-heal|p1a: Volcarona|100/100|[silent]
|move|p1a: Volcarona|Max Flare|p2a: Necrozma
|-supereffective|p2a: Necrozma
|-damage|p2a: Necrozma|12/100
|-weather|SunnyDay
|-enditem|p2a: Necrozma|Weakness Policy
|-boost|p2a: Necrozma|atk|2|[from] item: Weakness Policy
|-boost|p2a: Necrozma|spa|2|[from] item: Weakness Policy
|move|p2a: Necrozma|Dragon Dance|p2a: Necrozma
|-boost|p2a: Necrozma|atk|1
|-boost|p2a: Necrozma|spe|1
|
|-weather|SunnyDay|[upkeep]
|upkeep
|turn|2
|
|t:|1619911129
|-start|p2a: Necrozma|Dynamax
|-heal|p2a: Necrozma|12/100|[silent]
|move|p2a: Necrozma|Max Quake|p1a: Volcarona
|-damage|p1a: Volcarona|0 fnt
|-boost|p2a: Necrozma|spd|1
|faint|p1a: Volcarona
|
|-weather|SunnyDay|[upkeep]
|upkeep
|
|t:|1619911129
|switch|p1a: Kommo-o|Kommo-o, M, shiny|100/100
|turn|3
|
|t:|1619911155
|move|p2a: Necrozma|Max Steelspike|p1a: Kommo-o
|-damage|p1a: Kommo-o|0 fnt
|-boost|p2a: Necrozma|def|1
|faint|p1a: Kommo-o
|
|-weather|SunnyDay|[upkeep]
|upkeep
|
|t:|1619911163
|switch|p1a: Garchomp|Garchomp, M, shiny|100/100
|turn|4
|
|t:|1619911168
|move|p2a: Necrozma|Max Steelspike|p1a: Garchomp
|-damage|p1a: Garchomp|0 fnt
|-boost|p2a: Necrozma|def|1
|faint|p1a: Garchomp
|
|-weather|SunnyDay|[upkeep]
|-end|p2a: Necrozma|Dynamax
|-heal|p2a: Necrozma|12/100|[silent]
|upkeep
|
|t:|1619911179
|switch|p1a: Eelektross|Eelektross, F, shiny|100/100
|turn|5
|
|t:|1619911185
|move|p2a: Necrozma|Morning Sun|p2a: Necrozma
|-heal|p2a: Necrozma|78/100
|move|p1a: Eelektross|Wild Charge|p2a: Necrozma
|-damage|p2a: Necrozma|65/100
|-damage|p1a: Eelektross|98/100|[from] Recoil
|
|-weather|none
|upkeep
|turn|6
|
|t:|1619911198
|move|p2a: Necrozma|Morning Sun|p2a: Necrozma
|-heal|p2a: Necrozma|100/100
|move|p1a: Eelektross|Coil|p1a: Eelektross
|-boost|p1a: Eelektross|atk|1
|-boost|p1a: Eelektross|def|1
|-boost|p1a: Eelektross|accuracy|1
|
|upkeep
|turn|7
|
|t:|1619911206
|move|p2a: Necrozma|Sunsteel Strike|p1a: Eelektross
|-resisted|p1a: Eelektross
|-crit|p1a: Eelektross
|-damage|p1a: Eelektross|0 fnt
|faint|p1a: Eelektross
|
|upkeep
|
|t:|1619911213
|switch|p1a: Metagross|Metagross, shiny|100/100
|turn|8
|
|t:|1619911220
|detailschange|p1a: Metagross|Metagross-Mega, shiny
|-mega|p1a: Metagross|Metagross|Metagrossite
|move|p2a: Necrozma|Earthquake|p1a: Metagross
|-supereffective|p1a: Metagross
|-damage|p1a: Metagross|0 fnt
|faint|p1a: Metagross
|
|upkeep
|inactive|JAY100064 has 120 seconds left.
|
|t:|1619911260
|switch|p1a: Braviary|Braviary, M, shiny|100/100
|turn|9
|c|☆JAY100064|cheap
|-message|JAY100064 forfeited.
|
|win|Lord Dirk
|raw|JAY100064's rating: 1178 &rarr; <strong>1143</strong><br />(-35 for losing)
|raw|Lord Dirk's rating: 1027 &rarr; <strong>1078</strong><br />(+51 for winning)
|l|☆JAY100064
