|j|☆cllout
|j|☆pologizephichi
|t:|1668043805
|gametype|singles
|player|p1|cllout|misty-lgpe|1634
|player|p2|pologizephichi|volkner|1566
|teamsize|p1|6
|teamsize|p2|6
|gen|8
|tier|[Gen 8] National Dex AG
|rated|
|rule|HP Percentage Mod: HP is shown in percentages
|rule|Endless Battle Clause: Forcing endless battles is banned
|clearpoke
|poke|p1|Rayquaza|
|poke|p1|Groudon|
|poke|p1|Necrozma-Dusk-Mane|
|poke|p1|Yveltal|
|poke|p1|Calyrex-Shadow|
|poke|p1|Shaymin-Sky|
|poke|p2|Zacian-*|
|poke|p2|Rayquaza|
|poke|p2|Ditto|
|poke|p2|Groudon|
|poke|p2|Xerneas-*|
|poke|p2|Lugia|
|teampreview
|inactive|Battle timer is ON: inactive players will automatically lose when time's up. (requested by cllout)
|
|t:|1668043824
|start
|switch|p1a: Calyrex|Calyrex-Shadow|100/100
|switch|p2a: Groudon|Groudon, shiny|100/100
|-ability|p1a: Calyrex|As One
|-ability|p1a: Calyrex|Unnerve
|detailschange|p2a: Groudon|Groudon-Primal, shiny
|-primal|p2a: Groudon
|-weather|DesolateLand|[from] ability: Desolate Land|[of] p2a: Groudon
|turn|1
|
|t:|1668043836
|move|p1a: Calyrex|Taunt|p2a: Groudon
|-start|p2a: Groudon|move: Taunt
|cant|p2a: Groudon|move: Taunt|Roar
|
|-weather|DesolateLand|[upkeep]
|upkeep
|turn|2
|
|t:|1668043842
|move|p1a: Calyrex|Nasty Plot|p1a: Calyrex
|-boost|p1a: Calyrex|spa|2
|move|p2a: Groudon|Stone Edge|p1a: Calyrex
|-damage|p1a: Calyrex|38/100
|
|-weather|DesolateLand|[upkeep]
|upkeep
|turn|3
|
|t:|1668043848
|move|p1a: Calyrex|Astral Barrage|p2a: Groudon
|-damage|p2a: Groudon|0 fnt
|faint|p2a: Groudon
|-weather|none
|-ability|p1a: Calyrex|Grim Neigh|boost
|-boost|p1a: Calyrex|spa|1
|
|upkeep
|
|t:|1668043854
|switch|p2a: Lugia|Lugia, shiny|100/100
|turn|4
|
|t:|1668043859
|move|p1a: Calyrex|Astral Barrage|p2a: Lugia
|-supereffective|p2a: Lugia
|-damage|p2a: Lugia|3/100
|move|p2a: Lugia|Ice Beam|p1a: Calyrex
|-damage|p1a: Calyrex|19/100
|
|upkeep
|turn|5
|c|☆pologizephichi|ggwp
|c|☆cllout|wym?
|inactive|cllout has 120 seconds left.
|c|☆pologizephichi|you've pretty much already won
|c|☆cllout|nah, you got ditto
|
|t:|1668043911
|switch|p1a: Groudon|Groudon|100/100
|detailschange|p1a: Groudon|Groudon-Primal
|-primal|p1a: Groudon
|-weather|DesolateLand|[from] ability: Desolate Land|[of] p1a: Groudon
|move|p2a: Lugia|Toxic|p1a: Groudon
|-status|p1a: Groudon|tox
|
|-weather|DesolateLand|[upkeep]
|-damage|p1a: Groudon|94/100 tox|[from] psn
|upkeep
|turn|6
|
|t:|1668043928
|move|p2a: Lugia|Roost|p2a: Lugia
|-heal|p2a: Lugia|53/100
|-singleturn|p2a: Lugia|move: Roost
|move|p1a: Groudon|Stealth Rock|p2a: Lugia
|-sidestart|p2: pologizephichi|move: Stealth Rock
|
|-weather|DesolateLand|[upkeep]
|-damage|p1a: Groudon|82/100 tox|[from] psn
|upkeep
|turn|7
|c|☆pologizephichi|eh, im not great with this in general
|
|t:|1668043941
|-weather|none
|switch|p1a: Calyrex|Calyrex-Shadow|19/100
|-ability|p1a: Calyrex|As One
|-ability|p1a: Calyrex|Unnerve
|move|p2a: Lugia|Roost|p2a: Lugia
|-heal|p2a: Lugia|100/100
|-singleturn|p2a: Lugia|move: Roost
|
|upkeep
|turn|8
|
|t:|1668043951
|move|p1a: Calyrex|Astral Barrage|p2a: Lugia
|-supereffective|p2a: Lugia
|-damage|p2a: Lugia|61/100
|move|p2a: Lugia|Toxic|p1a: Calyrex
|-status|p1a: Calyrex|tox
|
|-damage|p1a: Calyrex|13/100 tox|[from] psn
|upkeep
|turn|9
|
|t:|1668043961
|move|p1a: Calyrex|Astral Barrage|p2a: Lugia
|-supereffective|p2a: Lugia
|-damage|p2a: Lugia|0 fnt
|faint|p2a: Lugia
|-ability|p1a: Calyrex|Grim Neigh|boost
|-boost|p1a: Calyrex|spa|1
|
|-damage|p1a: Calyrex|0 fnt|[from] psn
|faint|p1a: Calyrex
|upkeep
|inactive|cllout has 120 seconds left.
|
|t:|1668043985
|switch|p1a: Groudon|Groudon-Primal|82/100 tox
|switch|p2a: Xerneas|Xerneas, shiny|100/100
|-damage|p2a: Xerneas|88/100|[from] Stealth Rock
|-ability|p2a: Xerneas|Fairy Aura
|-weather|DesolateLand|[from] ability: Desolate Land|[of] p1a: Groudon
|turn|10
|
|t:|1668043993
|move|p2a: Xerneas|Geomancy||[still]
|-prepare|p2a: Xerneas|Geomancy
|-enditem|p2a: Xerneas|Power Herb
|-anim|p2a: Xerneas|Geomancy|p2a: Xerneas
|-boost|p2a: Xerneas|spa|2
|-boost|p2a: Xerneas|spd|2
|-boost|p2a: Xerneas|spe|2
|move|p1a: Groudon|Thunder Wave|p2a: Xerneas
|-status|p2a: Xerneas|par
|
|-weather|DesolateLand|[upkeep]
|-damage|p1a: Groudon|76/100 tox|[from] psn
|upkeep
|turn|11
|
|t:|1668044004
|-start|p2a: Xerneas|Dynamax|
|-heal|p2a: Xerneas|88/100 par|[silent]
|move|p2a: Xerneas|Max Starfall|p1a: Groudon
|-resisted|p1a: Groudon
|-damage|p1a: Groudon|5/100 tox
|-fieldstart|move: Misty Terrain
|move|p1a: Groudon|Precipice Blades|p2a: Xerneas
|-damage|p2a: Xerneas|62/100 par
|
|-weather|DesolateLand|[upkeep]
|-damage|p1a: Groudon|0 fnt|[from] psn
|faint|p1a: Groudon
|-weather|none
|upkeep
|
|t:|1668044021
|switch|p1a: Necrozma|Necrozma-Dusk-Mane|100/100
|turn|12
|
|t:|1668044031
|-start|p1a: Necrozma|Dynamax|
|-heal|p1a: Necrozma|100/100|[silent]
|cant|p2a: Xerneas|par
|move|p1a: Necrozma|Max Steelspike|p2a: Xerneas
|-supereffective|p2a: Xerneas
|-damage|p2a: Xerneas|5/100 par
|-boost|p1a: Necrozma|def|1
|
|upkeep
|turn|13
|
|t:|1668044041
|cant|p2a: Xerneas|par
|move|p1a: Necrozma|Max Quake|p2a: Xerneas
|-damage|p2a: Xerneas|0 fnt
|-boost|p1a: Necrozma|spd|1
|faint|p2a: Xerneas
|
|upkeep
|
|t:|1668044050
|switch|p2a: Rayquaza|Rayquaza|100/100
|-damage|p2a: Rayquaza|76/100|[from] Stealth Rock
|-ability|p2a: Rayquaza|Air Lock
|turn|14
|inactive|cllout has 120 seconds left.
|
|t:|1668044061
|detailschange|p2a: Rayquaza|Rayquaza-Mega
|-mega|p2a: Rayquaza|Rayquaza|
|-weather|DeltaStream|[from] ability: Delta Stream|[of] p2a: Rayquaza
|move|p2a: Rayquaza|V-create|p1a: Necrozma
|-supereffective|p1a: Necrozma
|-damage|p1a: Necrozma|73/100
|-unboost|p2a: Rayquaza|spe|1
|-unboost|p2a: Rayquaza|def|1
|-unboost|p2a: Rayquaza|spd|1
|-damage|p2a: Rayquaza|59/100|[from] item: Rocky Helmet|[of] p1a: Necrozma
|-damage|p2a: Rayquaza|49/100|[from] item: Life Orb
|move|p1a: Necrozma|Max Steelspike|p2a: Rayquaza
|-damage|p2a: Rayquaza|0 fnt
|-boost|p1a: Necrozma|def|1
|faint|p2a: Rayquaza
|-weather|none
|
|upkeep
|c|☆cllout|shoulda dittoed
|
|t:|1668044082
|switch|p2a: Ditto|Ditto, shiny|100/100
|-damage|p2a: Ditto|88/100|[from] Stealth Rock
|-transform|p2a: Ditto|p1a: Necrozma|[from] ability: Imposter
|-end|p1a: Necrozma|Dynamax
|-heal|p1a: Necrozma|73/100|[silent]
|turn|15
|
|t:|1668044097
|move|p2a: Ditto|Thunder Wave|p1a: Necrozma
|-activate|p1a: Necrozma|move: Misty Terrain
|move|p1a: Necrozma|Thunder Wave|p2a: Ditto
|-activate|p2a: Ditto|move: Misty Terrain
|
|-fieldend|Misty Terrain
|upkeep
|turn|16
|c|☆cllout|lol
|
|t:|1668044107
|move|p2a: Ditto|Thunder Wave|p1a: Necrozma
|-status|p1a: Necrozma|par
|move|p1a: Necrozma|Thunder Wave|p2a: Ditto|[miss]
|-miss|p1a: Necrozma|p2a: Ditto
|
|upkeep
|turn|17
|c|☆pologizephichi|loll!!
|
|t:|1668044114
|switch|p2a: Zacian|Zacian-Crowned, shiny|100/100
|-damage|p2a: Zacian|94/100|[from] Stealth Rock
|-ability|p2a: Zacian|Intrepid Sword|boost
|-boost|p2a: Zacian|atk|1
|cant|p1a: Necrozma|par
|
|upkeep
|turn|18
|
|t:|1668044131
|move|p2a: Zacian|Swords Dance|p2a: Zacian
|-boost|p2a: Zacian|atk|2
|move|p1a: Necrozma|Morning Sun|p1a: Necrozma
|-heal|p1a: Necrozma|100/100 par
|
|upkeep
|turn|19
|j| Mata Trapos UBD
|
|t:|1668044138
|move|p2a: Zacian|Swords Dance|p2a: Zacian
|-boost|p2a: Zacian|atk|2
|move|p1a: Necrozma|Earthquake|p2a: Zacian
|-supereffective|p2a: Zacian
|-damage|p2a: Zacian|32/100
|
|upkeep
|turn|20
|j| hfddwwwweh
|
|t:|1668044145
|move|p2a: Zacian|Sacred Sword|p1a: Necrozma
|-damage|p1a: Necrozma|37/100 par
|-damage|p2a: Zacian|16/100|[from] item: Rocky Helmet|[of] p1a: Necrozma
|move|p1a: Necrozma|Earthquake|p2a: Zacian
|-supereffective|p2a: Zacian
|-damage|p2a: Zacian|0 fnt
|faint|p2a: Zacian
|
|upkeep
|
|t:|1668044153
|switch|p2a: Ditto|Ditto, shiny|88/100
|-damage|p2a: Ditto|76/100|[from] Stealth Rock
|-transform|p2a: Ditto|p1a: Necrozma|[from] ability: Imposter
|turn|21
|c|☆pologizephichi|ggwp
|
|t:|1668044167
|move|p2a: Ditto|Sunsteel Strike|p1a: Necrozma
|-resisted|p1a: Necrozma
|-damage|p1a: Necrozma|31/100 par
|-damage|p2a: Ditto|59/100|[from] item: Rocky Helmet|[of] p1a: Necrozma
|move|p1a: Necrozma|Earthquake|p2a: Ditto
|-supereffective|p2a: Ditto
|-damage|p2a: Ditto|40/100
|
|upkeep
|turn|22
|
|t:|1668044177
|move|p2a: Ditto|Sunsteel Strike|p1a: Necrozma
|-resisted|p1a: Necrozma
|-damage|p1a: Necrozma|24/100 par
|-damage|p2a: Ditto|24/100|[from] item: Rocky Helmet|[of] p1a: Necrozma
|move|p1a: Necrozma|Earthquake|p2a: Ditto
|-supereffective|p2a: Ditto
|-damage|p2a: Ditto|5/100
|
|upkeep
|turn|23
|
|t:|1668044186
|move|p2a: Ditto|Sunsteel Strike|p1a: Necrozma
|-resisted|p1a: Necrozma
|-damage|p1a: Necrozma|18/100 par
|-damage|p2a: Ditto|0 fnt|[from] item: Rocky Helmet|[of] p1a: Necrozma
|faint|p2a: Ditto
|
|win|cllout
|raw|cllout's rating: 1634 &rarr; <strong>1650</strong><br />(+16 for winning)
|raw|pologizephichi's rating: 1566 &rarr; <strong>1550</strong><br />(-16 for losing)
|c|☆cllout|gg
|c|☆pologizephichi|gg
|l|☆pologizephichi
|c|☆cllout|you shoulda dittoed earlier
