|j|☆lmisdreavus
|j|☆Obito152001
|t:|1665120481
|gametype|singles
|player|p1|lmisdreavus|266|1827
|player|p2|Obito152001|blue-gen3two|1910
|teamsize|p1|6
|teamsize|p2|6
|gen|8
|tier|[Gen 8] National Dex AG
|rated|
|rule|HP Percentage Mod: HP is shown in percentages
|rule|Endless Battle Clause: Forcing endless battles is banned
|clearpoke
|poke|p1|Landorus-Therian, M|
|poke|p1|Ho-Oh|
|poke|p1|Arceus-*|
|poke|p1|Gengar, F|
|poke|p1|Zacian-*|
|poke|p1|Groudon|
|poke|p2|Groudon|
|poke|p2|Kyogre|
|poke|p2|Groudon|
|poke|p2|Kyogre|
|poke|p2|Groudon|
|poke|p2|Kyogre|
|teampreview
|inactive|Battle timer is ON: inactive players will automatically lose when time's up. (requested by Obito152001)
|inactive|Obito152001 has 120 seconds left.
|
|t:|1665120513
|start
|switch|p1a: Gengar|Gengar, F, shiny|100/100
|switch|p2a: Kyogre|Kyogre|100/100
|-weather|RainDance|[from] ability: Drizzle|[of] p2a: Kyogre
|turn|1
|
|t:|1665120518
|switch|p1a: Groudon|Groudon, shiny|100/100
|detailschange|p1a: Groudon|Groudon-Primal, shiny
|-primal|p1a: Groudon
|-weather|DesolateLand|[from] ability: Desolate Land|[of] p1a: Groudon
|move|p2a: Kyogre|Water Spout||[still]
|-fail|p2a: Kyogre|Water Spout|[from] Desolate Land
|
|-weather|DesolateLand|[upkeep]
|upkeep
|turn|2
|
|t:|1665120521
|switch|p2a: Groudon|Groudon|100/100
|-ability|p2a: Groudon|Drought|[from] desolateland|[fail]
|move|p1a: Groudon|Precipice Blades|p2a: Groudon
|-damage|p2a: Groudon|68/100
|
|-weather|DesolateLand|[upkeep]
|-heal|p2a: Groudon|74/100|[from] item: Leftovers
|upkeep
|turn|3
|
|t:|1665120526
|-weather|none
|switch|p1a: Gengar|Gengar, F, shiny|100/100
|move|p2a: Groudon|Stealth Rock|p1a: Gengar
|-sidestart|p1: lmisdreavus|move: Stealth Rock
|
|-heal|p2a: Groudon|80/100|[from] item: Leftovers
|upkeep
|turn|4
|
|t:|1665120539
|detailschange|p1a: Gengar|Gengar-Mega, F, shiny
|-mega|p1a: Gengar|Gengar|Gengarite
|move|p1a: Gengar|Encore|p2a: Groudon
|-start|p2a: Groudon|Encore
|move|p2a: Groudon|Stealth Rock||[still]
|-fail|p2a: Groudon
|
|-heal|p2a: Groudon|86/100|[from] item: Leftovers
|upkeep
|turn|5
|
|t:|1665120548
|move|p1a: Gengar|Substitute|p1a: Gengar
|-start|p1a: Gengar|Substitute
|-damage|p1a: Gengar|76/100
|move|p2a: Groudon|Stealth Rock||[still]
|-fail|p2a: Groudon
|
|-heal|p2a: Groudon|92/100|[from] item: Leftovers
|upkeep
|turn|6
|
|t:|1665120551
|move|p1a: Gengar|Shadow Ball|p2a: Groudon
|-damage|p2a: Groudon|54/100
|move|p2a: Groudon|Stealth Rock||[still]
|-fail|p2a: Groudon
|
|-heal|p2a: Groudon|61/100|[from] item: Leftovers
|-end|p2a: Groudon|Encore
|upkeep
|turn|7
|
|t:|1665120561
|move|p1a: Gengar|Encore|p2a: Groudon
|-start|p2a: Groudon|Encore
|move|p2a: Groudon|Stealth Rock||[still]
|-fail|p2a: Groudon
|
|-heal|p2a: Groudon|67/100|[from] item: Leftovers
|upkeep
|turn|8
|
|t:|1665120565
|move|p1a: Gengar|Shadow Ball|p2a: Groudon
|-damage|p2a: Groudon|26/100
|-unboost|p2a: Groudon|spd|1
|move|p2a: Groudon|Stealth Rock||[still]
|-fail|p2a: Groudon
|
|-heal|p2a: Groudon|32/100|[from] item: Leftovers
|upkeep
|turn|9
|
|t:|1665120571
|move|p1a: Gengar|Shadow Ball|p2a: Groudon
|-crit|p2a: Groudon
|-damage|p2a: Groudon|0 fnt
|faint|p2a: Groudon
|
|upkeep
|
|t:|1665120587
|switch|p2a: Groudon|Groudon|100/100
|-weather|SunnyDay|[from] ability: Drought|[of] p2a: Groudon
|turn|10
|
|t:|1665120592
|-start|p2a: Groudon|Dynamax|
|-heal|p2a: Groudon|100/100|[silent]
|move|p1a: Gengar|Shadow Ball|p2a: Groudon
|-damage|p2a: Groudon|76/100
|-unboost|p2a: Groudon|spd|1
|move|p2a: Groudon|Max Airstream|p1a: Gengar
|-end|p1a: Gengar|Substitute
|-boost|p2a: Groudon|spe|1
|-damage|p2a: Groudon|71/100|[from] item: Life Orb
|
|-weather|SunnyDay|[upkeep]
|upkeep
|turn|11
|
|t:|1665120602
|switch|p1a: Landorus|Landorus-Therian, M, shiny|100/100
|-damage|p1a: Landorus|88/100|[from] Stealth Rock
|-ability|p1a: Landorus|Intimidate|boost
|-unboost|p2a: Groudon|atk|1
|move|p2a: Groudon|Max Airstream|p1a: Landorus
|-damage|p1a: Landorus|64/100
|-boost|p2a: Groudon|spe|1
|-damage|p2a: Groudon|66/100|[from] item: Life Orb
|
|-weather|SunnyDay|[upkeep]
|upkeep
|turn|12
|
|t:|1665120607
|switch|p1a: Ho-Oh|Ho-Oh, shiny|100/100
|move|p2a: Groudon|Max Knuckle|p1a: Ho-Oh
|-resisted|p1a: Ho-Oh
|-damage|p1a: Ho-Oh|91/100
|-boost|p2a: Groudon|atk|1
|-damage|p2a: Groudon|61/100|[from] item: Life Orb
|
|-weather|SunnyDay|[upkeep]
|upkeep
|-end|p2a: Groudon|Dynamax
|-heal|p2a: Groudon|61/100|[silent]
|turn|13
|
|t:|1665120616
|move|p2a: Groudon|Rock Slide|p1a: Ho-Oh
|-supereffective|p1a: Ho-Oh
|-damage|p1a: Ho-Oh|0 fnt
|faint|p1a: Ho-Oh
|-damage|p2a: Groudon|51/100|[from] item: Life Orb
|
|-weather|SunnyDay|[upkeep]
|upkeep
|
|t:|1665120620
|switch|p1a: Landorus|Landorus-Therian, M, shiny|64/100
|-damage|p1a: Landorus|51/100|[from] Stealth Rock
|-ability|p1a: Landorus|Intimidate|boost
|-unboost|p2a: Groudon|atk|1
|turn|14
|
|t:|1665120634
|move|p2a: Groudon|Rock Slide|p1a: Landorus
|-damage|p1a: Landorus|33/100
|-damage|p2a: Groudon|41/100|[from] item: Life Orb
|move|p1a: Landorus|Knock Off|p2a: Groudon
|-damage|p2a: Groudon|18/100
|-enditem|p2a: Groudon|Life Orb|[from] move: Knock Off|[of] p1a: Landorus
|
|-weather|none
|upkeep
|turn|15
|
|t:|1665120662
|move|p2a: Groudon|Rock Slide|p1a: Landorus
|-damage|p1a: Landorus|20/100
|move|p1a: Landorus|Stealth Rock|p2a: Groudon
|-sidestart|p2: Obito152001|move: Stealth Rock
|
|upkeep
|turn|16
|
|t:|1665120668
|move|p2a: Groudon|Rock Slide|p1a: Landorus
|-damage|p1a: Landorus|6/100
|cant|p1a: Landorus|flinch
|
|upkeep
|turn|17
|
|t:|1665120675
|move|p2a: Groudon|Rock Slide|p1a: Landorus
|-damage|p1a: Landorus|0 fnt
|faint|p1a: Landorus
|
|upkeep
|
|t:|1665120679
|switch|p1a: Arceus|Arceus-Dark, shiny|100/100
|-damage|p1a: Arceus|88/100|[from] Stealth Rock
|turn|18
|
|t:|1665120682
|move|p2a: Groudon|Brick Break|p1a: Arceus
|-supereffective|p1a: Arceus
|-damage|p1a: Arceus|61/100
|move|p1a: Arceus|Whirlpool|p2a: Groudon
|-supereffective|p2a: Groudon
|-damage|p2a: Groudon|0 fnt
|faint|p2a: Groudon
|
|upkeep
|inactive|Obito152001 has 120 seconds left.
|
|t:|1665120714
|switch|p2a: Kyogre|Kyogre|100/100
|-damage|p2a: Kyogre|88/100|[from] Stealth Rock
|detailschange|p2a: Kyogre|Kyogre-Primal
|-primal|p2a: Kyogre
|-weather|PrimordialSea|[from] ability: Primordial Sea|[of] p2a: Kyogre
|turn|19
|inactive|Obito152001 has 120 seconds left.
|inactive|lmisdreavus has 120 seconds left.
|
|t:|1665120757
|switch|p1a: Groudon|Groudon-Primal, shiny|100/100
|-damage|p1a: Groudon|88/100|[from] Stealth Rock
|-weather|DesolateLand|[from] ability: Desolate Land|[of] p1a: Groudon
|move|p2a: Kyogre|Ice Beam|p1a: Groudon
|-damage|p1a: Groudon|55/100
|
|-weather|DesolateLand|[upkeep]
|upkeep
|turn|20
|inactive|Obito152001 has 120 seconds left.
|
|t:|1665120773
|switch|p2a: Kyogre|Kyogre|100/100
|-damage|p2a: Kyogre|88/100|[from] Stealth Rock
|detailschange|p2a: Kyogre|Kyogre-Primal
|-primal|p2a: Kyogre
|-weather|PrimordialSea|[from] ability: Primordial Sea|[of] p2a: Kyogre
|move|p1a: Groudon|Precipice Blades|p2a: Kyogre
|-damage|p2a: Kyogre|46/100
|
|-weather|PrimordialSea|[upkeep]
|upkeep
|turn|21
|inactive|Obito152001 has 120 seconds left.
|inactive|lmisdreavus has 120 seconds left.
|
|t:|1665120789
|switch|p1a: Arceus|Arceus-Dark, shiny|61/100
|-damage|p1a: Arceus|49/100|[from] Stealth Rock
|move|p2a: Kyogre|Surf|p1a: Arceus
|-damage|p1a: Arceus|8/100
|
|-weather|PrimordialSea|[upkeep]
|upkeep
|turn|22
|
|t:|1665120797
|move|p1a: Arceus|Snarl|p2a: Kyogre
|-damage|p2a: Kyogre|33/100
|-unboost|p2a: Kyogre|spa|1
|move|p2a: Kyogre|Surf|p1a: Arceus
|-damage|p1a: Arceus|0 fnt
|faint|p1a: Arceus
|
|-weather|PrimordialSea|[upkeep]
|upkeep
|inactive|lmisdreavus has 120 seconds left.
|
|t:|1665120820
|switch|p1a: Gengar|Gengar-Mega, F, shiny|76/100
|-damage|p1a: Gengar|63/100|[from] Stealth Rock
|turn|23
|
|t:|1665120825
|move|p1a: Gengar|Sludge Bomb|p2a: Kyogre
|-damage|p2a: Kyogre|4/100
|move|p2a: Kyogre|Surf|p1a: Gengar
|-damage|p1a: Gengar|1/100
|
|-weather|PrimordialSea|[upkeep]
|upkeep
|turn|24
|
|t:|1665120830
|move|p1a: Gengar|Sludge Bomb|p2a: Kyogre
|-damage|p2a: Kyogre|0 fnt
|faint|p2a: Kyogre
|-weather|none
|
|upkeep
|
|t:|1665120836
|switch|p2a: Kyogre|Kyogre|100/100
|-damage|p2a: Kyogre|88/100|[from] Stealth Rock
|-weather|RainDance|[from] ability: Drizzle|[of] p2a: Kyogre
|turn|25
|
|t:|1665120841
|switch|p1a: Zacian|Zacian-Crowned, shiny|100/100
|-damage|p1a: Zacian|94/100|[from] Stealth Rock
|-ability|p1a: Zacian|Intrepid Sword|boost
|-boost|p1a: Zacian|atk|1
|move|p2a: Kyogre|Ice Beam|p1a: Zacian
|-resisted|p1a: Zacian
|-damage|p1a: Zacian|79/100
|
|-weather|RainDance|[upkeep]
|upkeep
|turn|26
|
|t:|1665120847
|switch|p2a: Groudon|Groudon|100/100
|-damage|p2a: Groudon|94/100|[from] Stealth Rock
|detailschange|p2a: Groudon|Groudon-Primal
|-primal|p2a: Groudon
|-weather|DesolateLand|[from] ability: Desolate Land|[of] p2a: Groudon
|move|p1a: Zacian|Behemoth Blade|p2a: Groudon
|-resisted|p2a: Groudon
|-damage|p2a: Groudon|61/100
|
|-weather|DesolateLand|[upkeep]
|upkeep
|turn|27
|inactive|lmisdreavus has 120 seconds left.
|
|t:|1665120885
|move|p1a: Zacian|Close Combat|p2a: Groudon
|-damage|p2a: Groudon|11/100
|-unboost|p1a: Zacian|def|1
|-unboost|p1a: Zacian|spd|1
|move|p2a: Groudon|Precipice Blades|p1a: Zacian
|-supereffective|p1a: Zacian
|-damage|p1a: Zacian|0 fnt
|faint|p1a: Zacian
|
|-weather|DesolateLand|[upkeep]
|upkeep
|
|t:|1665120888
|switch|p1a: Gengar|Gengar-Mega, F, shiny|1/100
|-damage|p1a: Gengar|0 fnt|[from] Stealth Rock
|faint|p1a: Gengar
|
|t:|1665120890
|switch|p1a: Groudon|Groudon-Primal, shiny|55/100
|-damage|p1a: Groudon|42/100|[from] Stealth Rock
|turn|28
|
|t:|1665120894
|move|p2a: Groudon|Precipice Blades|p1a: Groudon
|-supereffective|p1a: Groudon
|-damage|p1a: Groudon|0 fnt
|faint|p1a: Groudon
|
|win|Obito152001
|raw|lmisdreavus's rating: 1827 &rarr; <strong>1812</strong><br />(-15 for losing)
|raw|Obito152001's rating: 1910 &rarr; <strong>1925</strong><br />(+15 for winning)
|l|☆lmisdreavus
