|j|☆Morale Booster
|j|‽Mawm
|t:|1665884880
|gametype|singles
|player|p1|Morale Booster|klara|1679
|player|p2|Mawm|beauty-gen6xy|1777
|teamsize|p1|6
|teamsize|p2|6
|gen|8
|tier|[Gen 8] National Dex AG
|rated|
|rule|HP Percentage Mod: HP is shown in percentages
|rule|Endless Battle Clause: Forcing endless battles is banned
|clearpoke
|poke|p1|Marshadow|
|poke|p1|Lugia|
|poke|p1|Groudon|
|poke|p1|Smeargle, F|
|poke|p1|Xerneas-*|
|poke|p1|Hattrem, F|
|poke|p2|Arceus-*|
|poke|p2|Genesect|
|poke|p2|Yveltal|
|poke|p2|Necrozma-Dusk-Mane|
|poke|p2|Rayquaza|
|poke|p2|Groudon|
|teampreview
|inactive|Battle timer is ON: inactive players will automatically lose when time's up. (requested by Mawm)
|
|t:|1665884889
|start
|switch|p1a: Sack|Groudon|100/100
|switch|p2a: Arceus|Arceus|100/100
|detailschange|p1a: Sack|Groudon-Primal
|-primal|p1a: Sack
|-weather|DesolateLand|[from] ability: Desolate Land|[of] p1a: Sack
|turn|1
|
|t:|1665884896
|move|p2a: Arceus|Swords Dance|p2a: Arceus
|-boost|p2a: Arceus|atk|2
|move|p1a: Sack|Roar|p2a: Arceus
|drag|p2a: Genesect|Genesect, shiny|100/100
|-ability|p2a: Genesect|Download|boost
|-boost|p2a: Genesect|spa|1
|
|-weather|DesolateLand|[upkeep]
|upkeep
|turn|2
|
|t:|1665884905
|switch|p2a: Rayquaza|Rayquaza|100/100
|-ability|p2a: Rayquaza|Air Lock
|move|p1a: Sack|Fire Punch|p2a: Rayquaza
|-resisted|p2a: Rayquaza
|-damage|p2a: Rayquaza|75/100
|
|-weather|DesolateLand|[upkeep]
|upkeep
|turn|3
|
|t:|1665884913
|-weather|none
|switch|p1a: 1000%|Lugia|100/100
|detailschange|p2a: Rayquaza|Rayquaza-Mega
|-mega|p2a: Rayquaza|Rayquaza|
|-weather|DeltaStream|[from] ability: Delta Stream|[of] p2a: Rayquaza
|move|p2a: Rayquaza|Dragon Ascent|p1a: 1000%
|-damage|p1a: 1000%|72/100
|-unboost|p2a: Rayquaza|def|1
|-unboost|p2a: Rayquaza|spd|1
|-damage|p2a: Rayquaza|65/100|[from] item: Life Orb
|
|-weather|DeltaStream|[upkeep]
|-heal|p1a: 1000%|79/100|[from] item: Leftovers
|upkeep
|turn|4
|
|t:|1665884925
|move|p2a: Rayquaza|Dragon Dance|p2a: Rayquaza
|-boost|p2a: Rayquaza|atk|1
|-boost|p2a: Rayquaza|spe|1
|move|p1a: 1000%|Roost|p1a: 1000%
|-heal|p1a: 1000%|100/100
|-singleturn|p1a: 1000%|move: Roost
|
|-weather|DeltaStream|[upkeep]
|upkeep
|turn|5
|
|t:|1665884932
|move|p2a: Rayquaza|Scale Shot|p1a: 1000%|[miss]
|-miss|p2a: Rayquaza|p1a: 1000%
|move|p1a: 1000%|Toxic|p2a: Rayquaza
|-status|p2a: Rayquaza|tox
|
|-weather|DeltaStream|[upkeep]
|-damage|p2a: Rayquaza|58/100 tox|[from] psn
|upkeep
|turn|6
|
|t:|1665884939
|move|p2a: Rayquaza|Scale Shot|p1a: 1000%|[miss]
|-miss|p2a: Rayquaza|p1a: 1000%
|move|p1a: 1000%|Roost||[still]
|-fail|p1a: 1000%|heal
|
|-weather|DeltaStream|[upkeep]
|-damage|p2a: Rayquaza|46/100 tox|[from] psn
|upkeep
|turn|7
|c|☆Morale Booster|tough luck
|
|t:|1665884947
|move|p2a: Rayquaza|Scale Shot|p1a: 1000%|[miss]
|-miss|p2a: Rayquaza|p1a: 1000%
|move|p1a: 1000%|Roost||[still]
|-fail|p1a: 1000%|heal
|
|-weather|DeltaStream|[upkeep]
|-damage|p2a: Rayquaza|27/100 tox|[from] psn
|upkeep
|turn|8
|c|☆Morale Booster|ok, that just suck
|c|☆Morale Booster|thats unlucky
|
|t:|1665884964
|move|p2a: Rayquaza|Scale Shot|p1a: 1000%
|-damage|p1a: 1000%|91/100
|-damage|p1a: 1000%|72/100
|-hitcount|p1a: 1000%|2
|-unboost|p2a: Rayquaza|def|1
|-boost|p2a: Rayquaza|spe|1
|-damage|p2a: Rayquaza|17/100 tox|[from] item: Life Orb
|move|p1a: 1000%|Roost|p1a: 1000%
|-heal|p1a: 1000%|100/100
|-singleturn|p1a: 1000%|move: Roost
|
|-weather|DeltaStream|[upkeep]
|-damage|p2a: Rayquaza|0 fnt|[from] psn
|faint|p2a: Rayquaza
|-weather|none
|upkeep
|
|t:|1665884977
|switch|p2a: Groudon|Groudon|100/100
|detailschange|p2a: Groudon|Groudon-Primal
|-primal|p2a: Groudon
|-weather|DesolateLand|[from] ability: Desolate Land|[of] p2a: Groudon
|turn|9
|
|t:|1665884982
|switch|p1a: idk|Hattrem, F|100/100
|move|p2a: Groudon|Rock Tomb|p1a: idk
|-damage|p1a: idk|66/100
|-unboost|p1a: idk|spe|1
|
|-weather|DesolateLand|[upkeep]
|upkeep
|turn|10
|
|t:|1665884990
|move|p2a: Groudon|Eruption|p1a: idk
|-damage|p1a: idk|0 fnt
|faint|p1a: idk
|
|-weather|DesolateLand|[upkeep]
|upkeep
|
|t:|1665884996
|switch|p1a: Spectral move|Smeargle, F|100/100
|turn|11
|
|t:|1665885000
|move|p2a: Groudon|Eruption|p1a: Spectral move
|-enditem|p1a: Spectral move|Focus Sash
|-damage|p1a: Spectral move|1/100
|move|p1a: Spectral move|Shell Smash|p1a: Spectral move
|-unboost|p1a: Spectral move|def|1
|-unboost|p1a: Spectral move|spd|1
|-boost|p1a: Spectral move|atk|2
|-boost|p1a: Spectral move|spa|2
|-boost|p1a: Spectral move|spe|2
|
|-weather|DesolateLand|[upkeep]
|upkeep
|turn|12
|
|t:|1665885009
|move|p1a: Spectral move|Spore|p2a: Groudon
|-status|p2a: Groudon|slp|[from] move: Spore
|cant|p2a: Groudon|slp
|
|-weather|DesolateLand|[upkeep]
|upkeep
|turn|13
|
|t:|1665885015
|-weather|none
|switch|p2a: Arceus|Arceus|100/100
|move|p1a: Spectral move|Power Trip|p2a: Arceus
|-damage|p2a: Arceus|75/100
|
|upkeep
|turn|14
|
|t:|1665885023
|switch|p1a: 1000%|Lugia|100/100
|move|p2a: Arceus|Extreme Speed|p1a: 1000%
|-damage|p1a: 1000%|89/100
|
|-heal|p1a: 1000%|95/100|[from] item: Leftovers
|upkeep
|turn|15
|
|t:|1665885030
|switch|p2a: Groudon|Groudon-Primal|100/100 slp
|-weather|DesolateLand|[from] ability: Desolate Land|[of] p2a: Groudon
|move|p1a: 1000%|Toxic||[still]
|-fail|p1a: 1000%
|
|-weather|DesolateLand|[upkeep]
|-heal|p1a: 1000%|100/100|[from] item: Leftovers
|upkeep
|turn|16
|
|t:|1665885038
|-curestatus|p2a: Groudon|slp|[msg]
|move|p2a: Groudon|Stealth Rock|p1a: 1000%
|-sidestart|p1: Morale Booster|move: Stealth Rock
|move|p1a: 1000%|Calm Mind|p1a: 1000%
|-boost|p1a: 1000%|spa|1
|-boost|p1a: 1000%|spd|1
|
|-weather|DesolateLand|[upkeep]
|upkeep
|turn|17
|
|t:|1665885045
|move|p2a: Groudon|Rock Tomb|p1a: 1000%
|-supereffective|p1a: 1000%
|-damage|p1a: 1000%|88/100
|-unboost|p1a: 1000%|spe|1
|move|p1a: 1000%|Calm Mind|p1a: 1000%
|-boost|p1a: 1000%|spa|1
|-boost|p1a: 1000%|spd|1
|
|-weather|DesolateLand|[upkeep]
|-heal|p1a: 1000%|94/100|[from] item: Leftovers
|upkeep
|turn|18
|
|t:|1665885053
|-weather|none
|switch|p2a: Necrozma|Necrozma-Dusk-Mane, shiny|100/100
|move|p1a: 1000%|Calm Mind|p1a: 1000%
|-boost|p1a: 1000%|spa|1
|-boost|p1a: 1000%|spd|1
|
|-heal|p1a: 1000%|100/100|[from] item: Leftovers
|upkeep
|turn|19
|
|t:|1665885060
|move|p2a: Necrozma|Dragon Dance|p2a: Necrozma
|-boost|p2a: Necrozma|atk|1
|-boost|p2a: Necrozma|spe|1
|move|p1a: 1000%|Calm Mind|p1a: 1000%
|-boost|p1a: 1000%|spa|1
|-boost|p1a: 1000%|spd|1
|
|upkeep
|turn|20
|
|t:|1665885067
|-start|p1a: 1000%|Dynamax|
|-heal|p1a: 1000%|100/100|[silent]
|move|p2a: Necrozma|Dragon Dance|p2a: Necrozma
|-boost|p2a: Necrozma|atk|1
|-boost|p2a: Necrozma|spe|1
|move|p1a: 1000%|Max Airstream|p2a: Necrozma
|-resisted|p2a: Necrozma
|-damage|p2a: Necrozma|53/100
|-boost|p1a: 1000%|spe|1
|
|upkeep
|turn|21
|
|t:|1665885077
|move|p2a: Necrozma|Moonlight|p2a: Necrozma
|-heal|p2a: Necrozma|100/100
|move|p1a: 1000%|Max Airstream|p2a: Necrozma
|-resisted|p2a: Necrozma
|-damage|p2a: Necrozma|48/100
|-boost|p1a: 1000%|spe|1
|
|upkeep
|turn|22
|
|t:|1665885089
|detailschange|p2a: Necrozma|Necrozma-Ultra, shiny
|-burst|p2a: Necrozma|Necrozma|Ultranecrozium Z
|move|p2a: Necrozma|Moonlight|p2a: Necrozma
|-heal|p2a: Necrozma|98/100
|move|p1a: 1000%|Max Airstream|p2a: Necrozma
|-damage|p2a: Necrozma|0 fnt
|-boost|p1a: 1000%|spe|1
|faint|p2a: Necrozma
|
|upkeep
|
|t:|1665885096
|switch|p2a: Arceus|Arceus|75/100
|-end|p1a: 1000%|Dynamax
|-heal|p1a: 1000%|100/100|[silent]
|turn|23
|c|☆Morale Booster|ndm that form sucks just saying
|
|t:|1665885122
|move|p1a: 1000%|Toxic|p2a: Arceus
|-status|p2a: Arceus|tox
|move|p2a: Arceus|Swords Dance|p2a: Arceus
|-boost|p2a: Arceus|atk|2
|
|-damage|p2a: Arceus|69/100 tox|[from] psn
|upkeep
|turn|24
|
|t:|1665885137
|move|p1a: 1000%|Aeroblast|p2a: Arceus
|-damage|p2a: Arceus|6/100 tox
|move|p2a: Arceus|Shadow Claw|p1a: 1000%
|-supereffective|p1a: 1000%
|-crit|p1a: 1000%
|-damage|p1a: 1000%|61/100
|
|-heal|p1a: 1000%|68/100|[from] item: Leftovers
|-damage|p2a: Arceus|0 fnt|[from] psn
|faint|p2a: Arceus
|upkeep
|c|☆Morale Booster|a crit
|
|t:|1665885147
|switch|p2a: Genesect|Genesect, shiny|100/100
|-ability|p2a: Genesect|Download|boost
|-boost|p2a: Genesect|atk|1
|turn|25
|
|t:|1665885155
|-start|p2a: Genesect|Dynamax|
|-heal|p2a: Genesect|100/100|[silent]
|move|p1a: 1000%|Roost|p1a: 1000%
|-heal|p1a: 1000%|100/100
|-singleturn|p1a: 1000%|move: Roost
|move|p2a: Genesect|Max Flutterby|p1a: 1000%
|-supereffective|p1a: 1000%
|-damage|p1a: 1000%|35/100
|-unboost|p1a: 1000%|spa|1
|-damage|p2a: Genesect|96/100|[from] item: Life Orb
|
|-heal|p1a: 1000%|41/100|[from] item: Leftovers
|upkeep
|turn|26
|
|t:|1665885172
|move|p1a: 1000%|Aeroblast|p2a: Genesect
|-damage|p2a: Genesect|56/100
|move|p2a: Genesect|Max Flutterby|p1a: 1000%
|-damage|p1a: 1000%|0 fnt
|faint|p1a: 1000%
|-damage|p2a: Genesect|51/100|[from] item: Life Orb
|
|upkeep
|
|t:|1665885180
|switch|p1a: Sack|Groudon-Primal|100/100
|-damage|p1a: Sack|88/100|[from] Stealth Rock
|-weather|DesolateLand|[from] ability: Desolate Land|[of] p1a: Sack
|turn|27
|
|t:|1665885185
|-end|p2a: Genesect|Dynamax
|-heal|p2a: Genesect|51/100|[silent]
|switch|p2a: Groudon|Groudon-Primal|100/100
|move|p1a: Sack|Fire Punch|p2a: Groudon
|-resisted|p2a: Groudon
|-crit|p2a: Groudon
|-damage|p2a: Groudon|61/100
|
|-weather|DesolateLand|[upkeep]
|upkeep
|turn|28
|
|t:|1665885193
|move|p2a: Groudon|Precipice Blades|p1a: Sack
|-supereffective|p1a: Sack
|-damage|p1a: Sack|14/100
|move|p1a: Sack|Precipice Blades|p2a: Groudon
|-supereffective|p2a: Groudon
|-damage|p2a: Groudon|0 fnt
|faint|p2a: Groudon
|
|-weather|DesolateLand|[upkeep]
|upkeep
|
|t:|1665885198
|switch|p2a: Yveltal|Yveltal, shiny|100/100
|-ability|p2a: Yveltal|Dark Aura
|turn|29
|
|t:|1665885204
|-weather|none
|switch|p1a: Spectral move|Smeargle, F|1/100
|-damage|p1a: Spectral move|0 fnt|[from] Stealth Rock
|faint|p1a: Spectral move
|move|p2a: Yveltal|Oblivion Wing|p1: Spectral move|[notarget]
|-fail|p2a: Yveltal
|
|upkeep
|
|t:|1665885211
|switch|p1a: Not important|Xerneas|100/100
|-damage|p1a: Not important|88/100|[from] Stealth Rock
|-ability|p1a: Not important|Fairy Aura
|turn|30
|
|t:|1665885216
|move|p2a: Yveltal|Oblivion Wing|p1a: Not important
|-crit|p1a: Not important
|-damage|p1a: Not important|33/100
|move|p1a: Not important|Moonblast|p2a: Yveltal
|-supereffective|p2a: Yveltal
|-damage|p2a: Yveltal|19/100
|-unboost|p2a: Yveltal|spa|1
|
|upkeep
|turn|31
|
|t:|1665885226
|move|p2a: Yveltal|Oblivion Wing|p1a: Not important
|-damage|p1a: Not important|10/100
|-heal|p2a: Yveltal|39/100|[from] drain|[of] p1a: Not important
|move|p1a: Not important|Moonblast|p2a: Yveltal
|-supereffective|p2a: Yveltal
|-damage|p2a: Yveltal|0 fnt
|faint|p2a: Yveltal
|
|upkeep
|
|t:|1665885227
|switch|p2a: Genesect|Genesect, shiny|51/100
|-ability|p2a: Genesect|Download|boost
|-boost|p2a: Genesect|atk|1
|turn|32
|
|t:|1665885238
|move|p1a: Not important|Defog|p2a: Genesect
|-unboost|p2a: Genesect|evasion|1
|-sideend|p1: Morale Booster|Stealth Rock|[from] move: Defog|[of] p1a: Not important
|move|p2a: Genesect|Shift Gear|p2a: Genesect
|-boost|p2a: Genesect|spe|2
|-boost|p2a: Genesect|atk|1
|
|upkeep
|turn|33
|
|t:|1665885246
|move|p2a: Genesect|Leech Life|p1a: Not important
|-resisted|p1a: Not important
|-damage|p1a: Not important|0 fnt
|-heal|p2a: Genesect|57/100|[from] drain|[of] p1a: Not important
|faint|p1a: Not important
|-damage|p2a: Genesect|47/100|[from] item: Life Orb
|
|upkeep
|
|t:|1665885253
|switch|p1a: Sack|Groudon-Primal|14/100
|-weather|DesolateLand|[from] ability: Desolate Land|[of] p1a: Sack
|turn|34
|c|☆Morale Booster|gg wp
|
|t:|1665885259
|move|p2a: Genesect|Leech Life|p1a: Sack
|-resisted|p1a: Sack
|-crit|p1a: Sack
|-damage|p1a: Sack|0 fnt
|-heal|p2a: Genesect|55/100|[from] drain|[of] p1a: Sack
|faint|p1a: Sack
|-weather|none
|-damage|p2a: Genesect|45/100|[from] item: Life Orb
|
|upkeep
|
|t:|1665885266
|switch|p1a: Watch out|Marshadow|100/100
|turn|35
|
|t:|1665885269
|move|p2a: Genesect|Iron Head|p1a: Watch out
|-enditem|p1a: Watch out|Focus Sash
|-damage|p1a: Watch out|1/100
|-damage|p2a: Genesect|35/100|[from] item: Life Orb
|cant|p1a: Watch out|flinch
|
|upkeep
|turn|36
|c|☆Morale Booster|bruh, your luck is crazy muti crits and a flinch
|c|☆Morale Booster|which savedyou
|inactive|Morale Booster has 120 seconds left.
|c|☆Morale Booster|saved you'
|
|t:|1665885302
|move|p1a: Watch out|Protect|p1a: Watch out
|-singleturn|p1a: Watch out|Protect
|move|p2a: Genesect|Iron Head|p1a: Watch out
|-activate|p1a: Watch out|move: Protect
|
|upkeep
|turn|37
|
|t:|1665885308
|move|p1a: Watch out|Shadow Sneak|p2a: Genesect
|-damage|p2a: Genesect|3/100
|move|p2a: Genesect|Iron Head|p1a: Watch out
|-damage|p1a: Watch out|0 fnt
|faint|p1a: Watch out
|-damage|p2a: Genesect|0 fnt|[from] item: Life Orb
|faint|p2a: Genesect
|
|win|Mawm
|raw|Morale Booster's rating: 1679 &rarr; <strong>1664</strong><br />(-15 for losing)
|raw|Mawm's rating: 1777 &rarr; <strong>1792</strong><br />(+15 for winning)
|l|☆Morale Booster
||Ladder isn't responding, score probably updated but might not have (Request timeout).
