|j|☆poigf
|j|☆Snakethey
|t:|1663706217
|gametype|singles
|player|p1|poigf|chuck|1409
|player|p2|Snakethey|steven|1678
|teamsize|p1|6
|teamsize|p2|6
|gen|8
|tier|[Gen 8] National Dex AG
|rated|
|rule|HP Percentage Mod: HP is shown in percentages
|rule|Endless Battle Clause: Forcing endless battles is banned
|clearpoke
|poke|p1|Slowbro, F|
|poke|p1|Tyranitar, F|
|poke|p1|Corviknight, F|
|poke|p1|Toxapex, M|
|poke|p1|Clefable, F|
|poke|p1|Wobbuffet, F|
|poke|p2|Calyrex-Shadow|
|poke|p2|Salamence, M|
|poke|p2|Arceus-*|
|poke|p2|Groudon|
|poke|p2|Arceus-*|
|poke|p2|Grimmsnarl, M|
|teampreview
|
|t:|1663706246
|start
|switch|p1a: Slowbro|Slowbro, F|100/100
|switch|p2a: Groudon|Groudon|100/100
|detailschange|p2a: Groudon|Groudon-Primal
|-primal|p2a: Groudon
|-weather|DesolateLand|[from] ability: Desolate Land|[of] p2a: Groudon
|turn|1
|
|t:|1663706255
|move|p2a: Groudon|Rock Polish|p2a: Groudon
|-boost|p2a: Groudon|spe|2
|move|p1a: Slowbro|Teleport|p1a: Slowbro
|
|t:|1663706259
|switch|p1a: Wobbuffet|Wobbuffet, F|100/100|[from]move: Teleport
|
|-weather|DesolateLand|[upkeep]
|upkeep
|turn|2
|
|t:|1663706267
|move|p2a: Groudon|Rock Slide|p1a: Wobbuffet
|-damage|p1a: Wobbuffet|67/100
|cant|p1a: Wobbuffet|flinch
|
|-weather|DesolateLand|[upkeep]
|upkeep
|turn|3
|
|t:|1663706274
|move|p2a: Groudon|Rock Slide|p1a: Wobbuffet
|-damage|p1a: Wobbuffet|34/100
|move|p1a: Wobbuffet|Counter|p2a: Groudon
|-damage|p2a: Groudon|0 fnt
|faint|p2a: Groudon
|-weather|none
|
|upkeep
|
|t:|1663706295
|switch|p2a: Calyrex|Calyrex-Shadow|100/100
|-ability|p2a: Calyrex|As One
|-ability|p2a: Calyrex|Unnerve
|turn|4
|
|t:|1663706302
|switch|p2a: Arceus|Arceus-Water|100/100
|switch|p1a: Tyranitar|Tyranitar, F|100/100
|-weather|Sandstorm|[from] ability: Sand Stream|[of] p1a: Tyranitar
|
|-weather|Sandstorm|[upkeep]
|-damage|p2a: Arceus|94/100|[from] Sandstorm
|upkeep
|turn|5
|
|t:|1663706313
|switch|p1a: Wobbuffet|Wobbuffet, F|34/100
|move|p2a: Arceus|Judgment|p1a: Wobbuffet
|-crit|p1a: Wobbuffet
|-damage|p1a: Wobbuffet|0 fnt
|faint|p1a: Wobbuffet
|
|-weather|Sandstorm|[upkeep]
|-damage|p2a: Arceus|88/100|[from] Sandstorm
|upkeep
|
|t:|1663706334
|switch|p1a: Slowbro|Slowbro, F|100/100
|turn|6
|
|t:|1663706348
|switch|p2a: Grimmsnarl|Grimmsnarl, M|100/100
|move|p1a: Slowbro|Teleport|p1a: Slowbro
|
|t:|1663706358
|switch|p1a: Clefable|Clefable, F|100/100|[from]move: Teleport
|
|-weather|Sandstorm|[upkeep]
|-damage|p2a: Grimmsnarl|94/100|[from] Sandstorm
|-damage|p1a: Clefable|94/100|[from] Sandstorm
|-heal|p1a: Clefable|100/100|[from] item: Leftovers
|upkeep
|turn|7
|
|t:|1663706369
|move|p2a: Grimmsnarl|Light Screen|p2a: Grimmsnarl
|-sidestart|p2: Snakethey|move: Light Screen
|move|p1a: Clefable|Moonblast|p2a: Grimmsnarl
|-supereffective|p2a: Grimmsnarl
|-damage|p2a: Grimmsnarl|59/100
|
|-weather|Sandstorm|[upkeep]
|-damage|p1a: Clefable|94/100|[from] Sandstorm
|-damage|p2a: Grimmsnarl|53/100|[from] Sandstorm
|-heal|p1a: Clefable|100/100|[from] item: Leftovers
|upkeep
|turn|8
|
|t:|1663706377
|move|p2a: Grimmsnarl|Reflect|p2a: Grimmsnarl
|-sidestart|p2: Snakethey|Reflect
|move|p1a: Clefable|Stealth Rock|p2a: Grimmsnarl
|-sidestart|p2: Snakethey|move: Stealth Rock
|
|-weather|none
|upkeep
|turn|9
|
|t:|1663706382
|move|p1a: Clefable|Moonblast|p2a: Grimmsnarl
|-supereffective|p2a: Grimmsnarl
|-damage|p2a: Grimmsnarl|18/100
|move|p2a: Grimmsnarl|Spirit Break|p1a: Clefable
|-damage|p1a: Clefable|68/100
|-unboost|p1a: Clefable|spa|1
|
|-heal|p1a: Clefable|74/100|[from] item: Leftovers
|upkeep
|turn|10
|
|t:|1663706390
|move|p1a: Clefable|Moonblast|p2a: Grimmsnarl
|-supereffective|p2a: Grimmsnarl
|-damage|p2a: Grimmsnarl|0 fnt
|faint|p2a: Grimmsnarl
|
|-heal|p1a: Clefable|80/100|[from] item: Leftovers
|upkeep
|
|t:|1663706394
|switch|p2a: Arceus|Arceus-Water|88/100
|-damage|p2a: Arceus|76/100|[from] Stealth Rock
|turn|11
|
|t:|1663706400
|switch|p1a: Toxapex|Toxapex, M|100/100
|move|p2a: Arceus|Defog|p1a: Toxapex
|-unboost|p1a: Toxapex|evasion|1
|-sideend|p2: Snakethey|Stealth Rock|[from] move: Defog|[of] p2a: Arceus
|
|upkeep
|turn|12
|
|t:|1663706408
|switch|p2a: Salamence|Salamence, M|100/100
|-ability|p2a: Salamence|Intimidate|boost
|-unboost|p1a: Toxapex|atk|1
|move|p1a: Toxapex|Knock Off|p2a: Salamence
|-damage|p2a: Salamence|97/100
|
|upkeep
|turn|13
|
|t:|1663706417
|detailschange|p2a: Salamence|Salamence-Mega, M
|-mega|p2a: Salamence|Salamence|Salamencite
|move|p2a: Salamence|Dragon Dance|p2a: Salamence
|-boost|p2a: Salamence|atk|1
|-boost|p2a: Salamence|spe|1
|move|p1a: Toxapex|Scald|p2a: Salamence
|-resisted|p2a: Salamence
|-damage|p2a: Salamence|92/100
|
|upkeep
|turn|14
|
|t:|1663706429
|switch|p1a: Corviknight|Corviknight, F|100/100
|-ability|p1a: Corviknight|Pressure
|move|p2a: Salamence|Double-Edge|p1a: Corviknight
|-resisted|p1a: Corviknight
|-damage|p1a: Corviknight|60/100
|-damage|p2a: Salamence|76/100|[from] Recoil
|
|-sideend|p2: Snakethey|move: Light Screen
|upkeep
|turn|15
|
|t:|1663706439
|move|p2a: Salamence|Dragon Dance|p2a: Salamence
|-boost|p2a: Salamence|atk|1
|-boost|p2a: Salamence|spe|1
|move|p1a: Corviknight|Roost|p1a: Corviknight
|-heal|p1a: Corviknight|100/100
|-singleturn|p1a: Corviknight|move: Roost
|
|-sideend|p2: Snakethey|Reflect
|upkeep
|turn|16
|
|t:|1663706448
|-start|p1a: Corviknight|Dynamax|
|-heal|p1a: Corviknight|100/100|[silent]
|move|p2a: Salamence|Double-Edge|p1a: Corviknight
|-resisted|p1a: Corviknight
|-damage|p1a: Corviknight|69/100
|-damage|p2a: Salamence|52/100|[from] Recoil
|move|p1a: Corviknight|Max Airstream|p2a: Salamence
|-damage|p2a: Salamence|15/100
|-boost|p1a: Corviknight|spe|1
|
|upkeep
|turn|17
|
|t:|1663706460
|move|p2a: Salamence|Double-Edge|p1a: Corviknight
|-resisted|p1a: Corviknight
|-damage|p1a: Corviknight|39/100
|-damage|p2a: Salamence|0 fnt|[from] Recoil
|faint|p2a: Salamence
|move|p1a: Corviknight|Max Airstream|p2: Salamence|[notarget]
|-fail|p1a: Corviknight
|
|upkeep
|
|t:|1663706465
|switch|p2a: Calyrex|Calyrex-Shadow|100/100
|-ability|p2a: Calyrex|As One
|-ability|p2a: Calyrex|Unnerve
|turn|18
|
|t:|1663706475
|-start|p2a: Calyrex|Dynamax|
|-heal|p2a: Calyrex|100/100|[silent]
|move|p2a: Calyrex|Max Phantasm|p1a: Corviknight
|-damage|p1a: Corviknight|0 fnt
|faint|p1a: Corviknight
|-ability|p2a: Calyrex|Grim Neigh|boost
|-boost|p2a: Calyrex|spa|1
|
|upkeep
|
|t:|1663706484
|switch|p1a: Tyranitar|Tyranitar, F|100/100
|-weather|Sandstorm|[from] ability: Sand Stream|[of] p1a: Tyranitar
|turn|19
|
|t:|1663706495
|move|p2a: Calyrex|Max Overgrowth|p1a: Tyranitar
|-supereffective|p1a: Tyranitar
|-damage|p1a: Tyranitar|55/100
|-fieldstart|move: Grassy Terrain
|move|p1a: Tyranitar|Crunch|p2a: Calyrex
|-supereffective|p2a: Calyrex
|-damage|p2a: Calyrex|7/100
|
|-weather|Sandstorm|[upkeep]
|-damage|p2a: Calyrex|4/100|[from] Sandstorm
|-heal|p2a: Calyrex|7/100|[from] Grassy Terrain
|-heal|p1a: Tyranitar|61/100|[from] Grassy Terrain
|upkeep
|turn|20
|
|t:|1663706529
|switch|p1a: Clefable|Clefable, F|80/100
|move|p2a: Calyrex|Max Overgrowth|p1a: Clefable
|-damage|p1a: Clefable|37/100
|
|-weather|Sandstorm|[upkeep]
|-damage|p2a: Calyrex|4/100|[from] Sandstorm
|-damage|p1a: Clefable|31/100|[from] Sandstorm
|-heal|p2a: Calyrex|7/100|[from] Grassy Terrain
|-heal|p1a: Clefable|37/100|[from] Grassy Terrain
|-heal|p1a: Clefable|43/100|[from] item: Leftovers
|upkeep
|-end|p2a: Calyrex|Dynamax
|-heal|p2a: Calyrex|7/100|[silent]
|turn|21
|
|t:|1663706542
|move|p2a: Calyrex|Astral Barrage|p1a: Clefable
|-damage|p1a: Clefable|0 fnt
|faint|p1a: Clefable
|-ability|p2a: Calyrex|Grim Neigh|boost
|-boost|p2a: Calyrex|spa|1
|
|-weather|Sandstorm|[upkeep]
|-damage|p2a: Calyrex|1/100|[from] Sandstorm
|-heal|p2a: Calyrex|7/100|[from] Grassy Terrain
|upkeep
|
|t:|1663706551
|switch|p1a: Tyranitar|Tyranitar, F|61/100
|turn|22
|
|t:|1663706558
|move|p2a: Calyrex|Energy Ball|p1a: Tyranitar
|-supereffective|p1a: Tyranitar
|-damage|p1a: Tyranitar|4/100
|move|p1a: Tyranitar|Crunch|p2a: Calyrex
|-supereffective|p2a: Calyrex
|-damage|p2a: Calyrex|0 fnt
|faint|p2a: Calyrex
|
|-weather|Sandstorm|[upkeep]
|-heal|p1a: Tyranitar|10/100|[from] Grassy Terrain
|upkeep
|
|t:|1663706566
|switch|p2a: Arceus|Arceus|100/100
|turn|23
|
|t:|1663706574
|move|p2a: Arceus|Swords Dance|p2a: Arceus
|-boost|p2a: Arceus|atk|2
|move|p1a: Tyranitar|Rock Blast|p2a: Arceus
|-crit|p2a: Arceus
|-damage|p2a: Arceus|89/100
|-damage|p2a: Arceus|82/100
|-damage|p2a: Arceus|74/100
|-damage|p2a: Arceus|66/100
|-hitcount|p2a: Arceus|4
|
|-weather|none
|-heal|p2a: Arceus|72/100|[from] Grassy Terrain
|-heal|p1a: Tyranitar|17/100|[from] Grassy Terrain
|-fieldend|move: Grassy Terrain
|upkeep
|turn|24
|
|t:|1663706585
|move|p2a: Arceus|Extreme Speed|p1a: Tyranitar
|-resisted|p1a: Tyranitar
|-damage|p1a: Tyranitar|0 fnt
|faint|p1a: Tyranitar
|-damage|p2a: Arceus|62/100|[from] item: Life Orb
|
|upkeep
|
|t:|1663706591
|switch|p1a: Slowbro|Slowbro, F|100/100
|turn|25
|
|t:|1663706595
|move|p2a: Arceus|Shadow Claw|p1a: Slowbro
|-supereffective|p1a: Slowbro
|-damage|p1a: Slowbro|29/100
|-damage|p2a: Arceus|52/100|[from] item: Life Orb
|move|p1a: Slowbro|Scald|p2a: Arceus
|-damage|p2a: Arceus|34/100
|
|upkeep
|turn|26
|
|t:|1663706605
|move|p2a: Arceus|Extreme Speed|p1a: Slowbro
|-damage|p1a: Slowbro|0 fnt
|faint|p1a: Slowbro
|-damage|p2a: Arceus|24/100|[from] item: Life Orb
|
|upkeep
|
|t:|1663706610
|switch|p1a: Toxapex|Toxapex, M|100/100
|turn|27
|
|t:|1663706614
|move|p2a: Arceus|Earthquake|p1a: Toxapex
|-supereffective|p1a: Toxapex
|-damage|p1a: Toxapex|0 fnt
|faint|p1a: Toxapex
|-damage|p2a: Arceus|14/100|[from] item: Life Orb
|
|win|Snakethey
|raw|poigf's rating: 1409 &rarr; <strong>1402</strong><br />(-7 for losing)
|raw|Snakethey's rating: 1678 &rarr; <strong>1685</strong><br />(+7 for winning)
|c|☆Snakethey|Gg
|c|☆poigf|gg
|l|☆poigf
