|j|☆PoopedDoggyDog
|j|☆JAY100064
|t:|1620328745
|gametype|singles
|player|p1|PoopedDoggyDog|n|1205
|player|p2|JAY100064|preschooler|1232
|teamsize|p1|6
|teamsize|p2|6
|gen|8
|tier|[Gen 8] National Dex AG
|rated|
|clearpoke
|poke|p1|Slurpuff, F|
|poke|p1|Swellow, M|
|poke|p1|Jolteon, F|
|poke|p1|Cinderace, M|
|poke|p1|Beedrill, M|
|poke|p1|Buzzwole|
|poke|p2|Aron, L1, M|
|poke|p2|Pineco, L1, M|
|poke|p2|Riolu, M|
|poke|p2|Skarmory, L1, M|
|poke|p2|Rattata-Alola, L1, F|
|poke|p2|Zacian-Crowned|
|rule|HP Percentage Mod: HP is shown in percentages
|rule|Endless Battle Clause: Forcing endless battles is banned
|teampreview
|
|t:|1620328753
|start
|switch|p1a: Cinderace|Cinderace, M|100/100
|switch|p2a: :FEAR2:|Pineco, L1, M|100/100
|turn|1
|
|t:|1620328758
|move|p1a: Cinderace|Work Up|p1a: Cinderace
|-start|p1a: Cinderace|typechange|Normal|[from] ability: Libero
|-boost|p1a: Cinderace|atk|1
|-boost|p1a: Cinderace|spa|1
|move|p2a: :FEAR2:|Toxic Spikes|p1a: Cinderace
|-sidestart|p1: PoopedDoggyDog|move: Toxic Spikes
|
|upkeep
|turn|2
|j| wingedmemer
|
|t:|1620328767
|move|p1a: Cinderace|Work Up|p1a: Cinderace
|-boost|p1a: Cinderace|atk|1
|-boost|p1a: Cinderace|spa|1
|move|p2a: :FEAR2:|Toxic Spikes|p1a: Cinderace
|-sidestart|p1: PoopedDoggyDog|move: Toxic Spikes
|
|upkeep
|turn|3
|
|t:|1620328773
|move|p1a: Cinderace|Work Up|p1a: Cinderace
|-boost|p1a: Cinderace|atk|1
|-boost|p1a: Cinderace|spa|1
|move|p2a: :FEAR2:|Toxic|p1a: Cinderace
|-status|p1a: Cinderace|tox
|
|-damage|p1a: Cinderace|94/100 tox|[from] psn
|upkeep
|turn|4
|
|t:|1620328782
|move|p1a: Cinderace|Work Up|p1a: Cinderace
|-boost|p1a: Cinderace|atk|1
|-boost|p1a: Cinderace|spa|1
|move|p2a: :FEAR2:|Pain Split|p1a: Cinderace
|-sethp|p1a: Cinderace|49/100 tox|[from] move: Pain Split|[silent]
|-sethp|p2a: :FEAR2:|100/100|[from] move: Pain Split
|
|-heal|p1a: Cinderace|55/100 tox|[from] item: Leftovers
|-damage|p1a: Cinderace|43/100 tox|[from] psn
|upkeep
|turn|5
|
|t:|1620328791
|move|p1a: Cinderace|Baton Pass|p1a: Cinderace
|
|t:|1620328797
|switch|p1a: Swellow|Swellow, M, shiny|100/100|[from]move: Baton Pass
|move|p2a: :FEAR2:|Pain Split|p1a: Swellow
|-sethp|p1a: Swellow|53/100|[from] move: Pain Split|[silent]
|-sethp|p2a: :FEAR2:|100/100|[from] move: Pain Split
|
|-status|p1a: Swellow|brn|[from] item: Flame Orb
|upkeep
|turn|6
|
|t:|1620328810
|move|p1a: Swellow|Facade|p2a: :FEAR2:
|-ability|p2a: :FEAR2:|Sturdy
|-damage|p2a: :FEAR2:|9/100
|-enditem|p2a: :FEAR2:|Berry Juice
|-heal|p2a: :FEAR2:|100/100|[from] item: Berry Juice
|move|p2a: :FEAR2:|Pain Split|p1a: Swellow
|-sethp|p1a: Swellow|29/100 brn|[from] move: Pain Split|[silent]
|-sethp|p2a: :FEAR2:|100/100|[from] move: Pain Split
|
|-damage|p1a: Swellow|23/100 brn|[from] brn
|upkeep
|turn|7
|
|t:|1620328823
|move|p1a: Swellow|Quick Attack|p2a: :FEAR2:
|-ability|p2a: :FEAR2:|Sturdy
|-damage|p2a: :FEAR2:|9/100
|move|p2a: :FEAR2:|Pain Split|p1a: Swellow
|-sethp|p1a: Swellow|12/100 brn|[from] move: Pain Split|[silent]
|-sethp|p2a: :FEAR2:|100/100|[from] move: Pain Split
|
|-damage|p1a: Swellow|5/100 brn|[from] brn
|upkeep
|turn|8
|
|t:|1620328856
|switch|p2a: Lol!|Zacian-Crowned|100/100
|-ability|p2a: Lol!|Intrepid Sword|boost
|-boost|p2a: Lol!|atk|1
|move|p1a: Swellow|Quick Attack|p2a: Lol!
|-resisted|p2a: Lol!
|-damage|p2a: Lol!|68/100
|
|-damage|p1a: Swellow|0 fnt|[from] brn
|faint|p1a: Swellow
|upkeep
|
|t:|1620328865
|switch|p1a: Jolteon|Jolteon, F|100/100
|-status|p1a: Jolteon|tox
|turn|9
|
|t:|1620328872
|move|p1a: Jolteon|Discharge|p2a: Lol!
|-damage|p2a: Lol!|29/100
|-status|p2a: Lol!|par
|cant|p2a: Lol!|par
|
|-damage|p1a: Jolteon|95/100 tox|[from] psn
|upkeep
|turn|10
|
|t:|1620328882
|move|p2a: Lol!|Quick Attack|p1a: Jolteon
|-damage|p1a: Jolteon|45/100 tox
|move|p1a: Jolteon|Discharge|p2a: Lol!
|-damage|p2a: Lol!|0 fnt
|faint|p2a: Lol!
|
|-damage|p1a: Jolteon|33/100 tox|[from] psn
|upkeep
|
|t:|1620328924
|switch|p2a: :FEAR2:|Pineco, L1, M|100/100
|turn|11
|
|t:|1620328929
|move|p1a: Jolteon|Volt Switch|p2a: :FEAR2:
|-ability|p2a: :FEAR2:|Sturdy
|-damage|p2a: :FEAR2:|9/100
|
|t:|1620328934
|switch|p1a: Cinderace|Cinderace, M|43/100 tox|[from]move: Volt Switch
|move|p2a: :FEAR2:|Pain Split|p1a: Cinderace
|-sethp|p1a: Cinderace|22/100 tox|[from] move: Pain Split|[silent]
|-sethp|p2a: :FEAR2:|100/100|[from] move: Pain Split
|
|-heal|p1a: Cinderace|28/100 tox|[from] item: Leftovers
|-damage|p1a: Cinderace|22/100 tox|[from] psn
|upkeep
|turn|12
|
|t:|1620328947
|move|p1a: Cinderace|Court Change|p1a: Cinderace
|-start|p1a: Cinderace|typechange|Normal|[from] ability: Libero
|-sideend|p1: PoopedDoggyDog|Toxic Spikes|[silent]
|-sidestart|p2: JAY100064|Toxic Spikes|[silent]
|-sidestart|p2: JAY100064|Toxic Spikes|[silent]
|-activate|p1a: Cinderace|move: Court Change
|move|p2a: :FEAR2:|Pain Split|p1a: Cinderace
|-sethp|p1a: Cinderace|13/100 tox|[from] move: Pain Split|[silent]
|-sethp|p2a: :FEAR2:|100/100|[from] move: Pain Split
|
|-heal|p1a: Cinderace|19/100 tox|[from] item: Leftovers
|-damage|p1a: Cinderace|7/100 tox|[from] psn
|upkeep
|turn|13
|
|t:|1620328977
|switch|p1a: JOHN CENA|Buzzwole, shiny|100/100
|move|p2a: :FEAR2:|Rapid Spin|p1a: JOHN CENA
|-damage|p1a: JOHN CENA|99/100
|-boost|p2a: :FEAR2:|spe|1
|-sideend|p2: JAY100064|Toxic Spikes|[from] move: Rapid Spin|[of] p2a: :FEAR2:
|
|upkeep
|turn|14
|
|t:|1620328997
|move|p1a: JOHN CENA|Dual Wingbeat|p2a: :FEAR2:
|-supereffective|p2a: :FEAR2:
|-ability|p2a: :FEAR2:|Sturdy
|-damage|p2a: :FEAR2:|9/100
|-supereffective|p2a: :FEAR2:
|-damage|p2a: :FEAR2:|0 fnt
|-hitcount|p2a: :FEAR2:|2
|faint|p2a: :FEAR2:
|-ability|p1a: JOHN CENA|Beast Boost|boost
|-boost|p1a: JOHN CENA|atk|1
|
|upkeep
|
|t:|1620329016
|switch|p2a: :FEAR4:|Skarmory, L1, M|100/100
|turn|15
|
|t:|1620329021
|move|p1a: JOHN CENA|Dual Wingbeat|p2a: :FEAR4:
|-resisted|p2a: :FEAR4:
|-ability|p2a: :FEAR4:|Sturdy
|-damage|p2a: :FEAR4:|9/100
|-resisted|p2a: :FEAR4:
|-damage|p2a: :FEAR4:|0 fnt
|-hitcount|p2a: :FEAR4:|2
|faint|p2a: :FEAR4:
|-ability|p1a: JOHN CENA|Beast Boost|boost
|-boost|p1a: JOHN CENA|atk|1
|
|upkeep
|-message|JAY100064 forfeited.
|
|win|PoopedDoggyDog
|raw|PoopedDoggyDog's rating: 1207 &rarr; <strong>1234</strong><br />(+27 for winning)
|raw|JAY100064's rating: 1232 &rarr; <strong>1205</strong><br />(-27 for losing)
|l|☆JAY100064
