|j|☆C0ld as Ice
|j|☆Spacespeakers
|inactive|Battle timer is ON: inactive players will automatically lose when time's up.
|t:|1650021901
|gametype|singles
|player|p1|C0ld as Ice|schoolkid-gen4dp|
|player|p2|Spacespeakers|maid|
|teamsize|p1|6
|teamsize|p2|6
|gen|8
|tier|[Gen 8] National Dex AG
|rated|Tournament battle
|rule|HP Percentage Mod: HP is shown in percentages
|rule|Endless Battle Clause: Forcing endless battles is banned
|clearpoke
|poke|p1|Arceus-*|
|poke|p1|Tyranitar, M|
|poke|p1|Ho-Oh|
|poke|p1|Necrozma-Dusk-Mane|
|poke|p1|Eternatus|
|poke|p1|Groudon|
|poke|p2|Ho-Oh|
|poke|p2|Arceus-*|
|poke|p2|Rayquaza|
|poke|p2|Yveltal|
|poke|p2|Necrozma-Dusk-Mane|
|poke|p2|Ditto|
|teampreview
|inactive|C0ld as Ice also wants the timer to be on.
|
|t:|1650021906
|start
|switch|p1a: Eternatus|Eternatus|100/100
|switch|p2a: Rayquaza|Rayquaza|100/100
|-ability|p1a: Eternatus|Pressure
|-ability|p2a: Rayquaza|Air Lock
|turn|1
|
|t:|1650021916
|switch|p2a: Necrozma|Necrozma-Dusk-Mane|100/100
|move|p1a: Eternatus|Flamethrower|p2a: Necrozma
|-supereffective|p2a: Necrozma
|-damage|p2a: Necrozma|49/100
|-damage|p1a: Eternatus|91/100|[from] item: Life Orb
|
|upkeep
|turn|2
|
|t:|1650021926
|switch|p2a: Arceus|Arceus-Ground|100/100
|move|p1a: Eternatus|Dynamax Cannon|p2a: Arceus
|-damage|p2a: Arceus|55/100
|-damage|p1a: Eternatus|81/100|[from] item: Life Orb
|
|upkeep
|turn|3
|
|t:|1650021944
|switch|p1a: Ho-Oh|Ho-Oh|100/100
|move|p2a: Arceus|Recover|p2a: Arceus
|-heal|p2a: Arceus|100/100
|
|upkeep
|turn|4
|
|t:|1650021951
|switch|p2a: Ho-Oh|Ho-Oh|100/100
|-ability|p2a: Ho-Oh|Pressure
|move|p1a: Ho-Oh|Toxic|p2a: Ho-Oh
|-status|p2a: Ho-Oh|tox
|
|-damage|p2a: Ho-Oh|94/100 tox|[from] psn
|upkeep
|turn|5
|
|t:|1650021959
|switch|p1a: Eternatus|Eternatus|81/100
|-ability|p1a: Eternatus|Pressure
|move|p2a: Ho-Oh|Toxic|p1a: Eternatus
|-immune|p1a: Eternatus
|
|-damage|p2a: Ho-Oh|82/100 tox|[from] psn
|upkeep
|turn|6
|
|t:|1650021969
|switch|p2a: Necrozma|Necrozma-Dusk-Mane|49/100
|move|p1a: Eternatus|Sludge Bomb|p2a: Necrozma
|-immune|p2a: Necrozma
|
|upkeep
|turn|7
|
|t:|1650021976
|switch|p2a: Ditto|Ditto|100/100
|-transform|p2a: Ditto|p1a: Eternatus|[from] ability: Imposter
|-ability|p2a: Ditto|Pressure
|move|p1a: Eternatus|Flamethrower|p2a: Ditto
|-resisted|p2a: Ditto
|-damage|p2a: Ditto|74/100
|-status|p2a: Ditto|brn
|-damage|p1a: Eternatus|71/100|[from] item: Life Orb
|
|-damage|p2a: Ditto|68/100 brn|[from] brn
|upkeep
|turn|8
|
|t:|1650021983
|switch|p1a: Tyranitar|Tyranitar, M|100/100
|-weather|Sandstorm|[from] ability: Sand Stream|[of] p1a: Tyranitar
|move|p2a: Ditto|Dynamax Cannon|p1a: Tyranitar
|-damage|p1a: Tyranitar|79/100
|
|-weather|Sandstorm|[upkeep]
|-damage|p2a: Ditto|62/100 brn|[from] Sandstorm
|-damage|p2a: Ditto|56/100 brn|[from] brn
|upkeep
|turn|9
|
|t:|1650021988
|-activate|p2a: Ditto|move: Pursuit
|move|p1a: Tyranitar|Pursuit|p2a: Ditto|[from]Pursuit
|-damage|p2a: Ditto|16/100 brn
|switch|p2a: Arceus|Arceus-Ground|100/100
|
|-weather|Sandstorm|[upkeep]
|upkeep
|turn|10
|
|t:|1650021995
|switch|p2a: Ditto|Ditto|16/100 brn
|-transform|p2a: Ditto|p1a: Tyranitar|[from] ability: Imposter
|switch|p1a: Ho-Oh|Ho-Oh|100/100
|
|-weather|Sandstorm|[upkeep]
|-damage|p1a: Ho-Oh|94/100|[from] Sandstorm
|-damage|p2a: Ditto|10/100 brn|[from] brn
|upkeep
|turn|11
|
|t:|1650022002
|switch|p1a: Necrozma|Necrozma-Dusk-Mane|100/100
|move|p2a: Ditto|Rest|p2a: Ditto
|-status|p2a: Ditto|slp|[from] move: Rest
|-heal|p2a: Ditto|100/100 slp|[silent]
|
|-weather|Sandstorm|[upkeep]
|upkeep
|turn|12
|
|t:|1650022005
|switch|p2a: Yveltal|Yveltal|100/100
|-ability|p2a: Yveltal|Dark Aura
|move|p1a: Necrozma|Stealth Rock|p2a: Yveltal
|-sidestart|p2: Spacespeakers|move: Stealth Rock
|
|-weather|none
|upkeep
|turn|13
|j|+Trade
|
|t:|1650022010
|move|p2a: Yveltal|Defog|p1a: Necrozma
|-unboost|p1a: Necrozma|evasion|1
|-sideend|p2: Spacespeakers|Stealth Rock|[from] move: Defog|[of] p2a: Yveltal
|move|p1a: Necrozma|Thunder Wave|p2a: Yveltal
|-status|p2a: Yveltal|par
|
|upkeep
|turn|14
|
|t:|1650022013
|move|p1a: Necrozma|Stealth Rock|p2a: Yveltal
|-sidestart|p2: Spacespeakers|move: Stealth Rock
|move|p2a: Yveltal|Dark Pulse|p1a: Necrozma
|-supereffective|p1a: Necrozma
|-crit|p1a: Necrozma
|-damage|p1a: Necrozma|0 fnt
|faint|p1a: Necrozma
|
|upkeep
|
|t:|1650022019
|switch|p1a: Groudon|Groudon|100/100
|detailschange|p1a: Groudon|Groudon-Primal
|-primal|p1a: Groudon
|-weather|DesolateLand|[from] ability: Desolate Land|[of] p1a: Groudon
|turn|15
|
|t:|1650022027
|move|p1a: Groudon|Stone Edge|p2a: Yveltal|[miss]
|-miss|p1a: Groudon|p2a: Yveltal
|move|p2a: Yveltal|Defog|p1a: Groudon
|-unboost|p1a: Groudon|evasion|1
|-sideend|p2: Spacespeakers|Stealth Rock|[from] move: Defog|[of] p2a: Yveltal
|
|-weather|DesolateLand|[upkeep]
|upkeep
|turn|16
|
|t:|1650022030
|switch|p2a: Arceus|Arceus-Ground|100/100
|move|p1a: Groudon|Precipice Blades|p2a: Arceus
|-crit|p2a: Arceus
|-damage|p2a: Arceus|47/100
|
|-weather|DesolateLand|[upkeep]
|upkeep
|turn|17
|
|t:|1650022036
|-weather|none
|switch|p1a: Ho-Oh|Ho-Oh|100/100
|move|p2a: Arceus|Recover|p2a: Arceus
|-heal|p2a: Arceus|97/100
|
|upkeep
|turn|18
|
|t:|1650022052
|switch|p2a: Ditto|Ditto|100/100 slp
|-transform|p2a: Ditto|p1a: Ho-Oh|[from] ability: Imposter
|switch|p1a: Eternatus|Eternatus|71/100
|-ability|p1a: Eternatus|Pressure
|
|upkeep
|turn|19
|
|t:|1650022063
|switch|p2a: Arceus|Arceus-Ground|97/100
|move|p1a: Eternatus|Sludge Bomb|p2a: Arceus
|-resisted|p2a: Arceus
|-damage|p2a: Arceus|76/100
|-status|p2a: Arceus|psn
|-damage|p1a: Eternatus|61/100|[from] item: Life Orb
|
|-damage|p2a: Arceus|64/100 psn|[from] psn
|upkeep
|turn|20
|
|t:|1650022072
|switch|p1a: Ho-Oh|Ho-Oh|100/100
|move|p2a: Arceus|Judgment|p1a: Ho-Oh
|-immune|p1a: Ho-Oh
|
|-damage|p2a: Arceus|51/100 psn|[from] psn
|upkeep
|turn|21
|
|t:|1650022078
|switch|p1a: Tyranitar|Tyranitar, M|79/100
|-weather|Sandstorm|[from] ability: Sand Stream|[of] p1a: Tyranitar
|move|p2a: Arceus|Recover|p2a: Arceus
|-heal|p2a: Arceus|100/100 psn
|
|-weather|Sandstorm|[upkeep]
|-damage|p2a: Arceus|88/100 psn|[from] psn
|upkeep
|turn|22
|l|+Trade
|
|t:|1650022088
|switch|p2a: Rayquaza|Rayquaza|100/100
|-ability|p2a: Rayquaza|Air Lock
|switch|p1a: Ho-Oh|Ho-Oh|100/100
|
|-weather|Sandstorm|[upkeep]
|upkeep
|turn|23
|
|t:|1650022096
|detailschange|p2a: Rayquaza|Rayquaza-Mega
|-mega|p2a: Rayquaza|Rayquaza|
|-weather|DeltaStream|[from] ability: Delta Stream|[of] p2a: Rayquaza
|move|p2a: Rayquaza|Dragon Ascent|p1a: Ho-Oh
|-damage|p1a: Ho-Oh|23/100
|-unboost|p2a: Rayquaza|def|1
|-unboost|p2a: Rayquaza|spd|1
|move|p1a: Ho-Oh|Sacred Fire|p2a: Rayquaza
|-resisted|p2a: Rayquaza
|-damage|p2a: Rayquaza|70/100
|-status|p2a: Rayquaza|brn
|
|-weather|DeltaStream|[upkeep]
|-damage|p2a: Rayquaza|64/100 brn|[from] brn
|upkeep
|turn|24
|
|t:|1650022103
|-weather|none
|switch|p2a: Necrozma|Necrozma-Dusk-Mane|49/100
|switch|p1a: Arceus|Arceus-Water|100/100
|
|upkeep
|turn|25
|
|t:|1650022110
|move|p1a: Arceus|Earth Power|p2a: Necrozma
|-supereffective|p2a: Necrozma
|-damage|p2a: Necrozma|23/100
|-zpower|p2a: Necrozma
|move|p2a: Necrozma|Searing Sunraze Smash|p1a: Arceus|[zeffect]
|-resisted|p1a: Arceus
|-damage|p1a: Arceus|74/100
|
|upkeep
|turn|26
|
|t:|1650022117
|switch|p2a: Yveltal|Yveltal|100/100 par
|-ability|p2a: Yveltal|Dark Aura
|move|p1a: Arceus|Earth Power|p2a: Yveltal
|-immune|p2a: Yveltal
|
|upkeep
|turn|27
|
|t:|1650022127
|move|p1a: Arceus|Ice Beam|p2a: Yveltal
|-supereffective|p2a: Yveltal
|-damage|p2a: Yveltal|72/100 par
|cant|p2a: Yveltal|par
|
|upkeep
|turn|28
|
|t:|1650022136
|move|p1a: Arceus|Ice Beam|p2a: Yveltal
|-supereffective|p2a: Yveltal
|-damage|p2a: Yveltal|42/100 par
|move|p2a: Yveltal|Roost|p2a: Yveltal
|-heal|p2a: Yveltal|92/100 par
|-singleturn|p2a: Yveltal|move: Roost
|
|upkeep
|turn|29
|
|t:|1650022142
|switch|p1a: Tyranitar|Tyranitar, M|79/100
|-weather|Sandstorm|[from] ability: Sand Stream|[of] p1a: Tyranitar
|move|p2a: Yveltal|Dark Pulse|p1a: Tyranitar
|-resisted|p1a: Tyranitar
|-damage|p1a: Tyranitar|68/100
|
|-weather|Sandstorm|[upkeep]
|-damage|p2a: Yveltal|86/100 par|[from] Sandstorm
|upkeep
|turn|30
|
|t:|1650022149
|-activate|p2a: Yveltal|move: Pursuit
|move|p1a: Tyranitar|Pursuit|p2a: Yveltal|[from]Pursuit
|-resisted|p2a: Yveltal
|-damage|p2a: Yveltal|69/100 par
|switch|p2a: Arceus|Arceus-Ground|88/100 psn
|
|-weather|Sandstorm|[upkeep]
|-damage|p2a: Arceus|76/100 psn|[from] psn
|upkeep
|turn|31
|
|t:|1650022153
|switch|p1a: Ho-Oh|Ho-Oh|56/100
|move|p2a: Arceus|Calm Mind|p2a: Arceus
|-boost|p2a: Arceus|spa|1
|-boost|p2a: Arceus|spd|1
|
|-weather|Sandstorm|[upkeep]
|-damage|p1a: Ho-Oh|50/100|[from] Sandstorm
|-damage|p2a: Arceus|63/100 psn|[from] psn
|upkeep
|turn|32
|
|t:|1650022160
|switch|p1a: Arceus|Arceus-Water|74/100
|move|p2a: Arceus|Calm Mind|p2a: Arceus
|-boost|p2a: Arceus|spa|1
|-boost|p2a: Arceus|spd|1
|
|-weather|Sandstorm|[upkeep]
|-damage|p1a: Arceus|68/100|[from] Sandstorm
|-damage|p2a: Arceus|51/100 psn|[from] psn
|upkeep
|turn|33
|
|t:|1650022170
|move|p1a: Arceus|Recover|p1a: Arceus
|-heal|p1a: Arceus|100/100
|move|p2a: Arceus|Recover|p2a: Arceus
|-heal|p2a: Arceus|100/100 psn
|
|-weather|none
|-damage|p2a: Arceus|88/100 psn|[from] psn
|upkeep
|turn|34
|
|t:|1650022174
|switch|p1a: Ho-Oh|Ho-Oh|83/100
|move|p2a: Arceus|Ice Beam|p1a: Ho-Oh
|-damage|p1a: Ho-Oh|54/100
|
|-damage|p2a: Arceus|76/100 psn|[from] psn
|upkeep
|turn|35
|
|t:|1650022181
|move|p2a: Arceus|Ice Beam|p1a: Ho-Oh
|-damage|p1a: Ho-Oh|27/100
|move|p1a: Ho-Oh|Whirlwind|p2a: Arceus
|drag|p2a: Necrozma|Necrozma-Dusk-Mane|23/100
|
|upkeep
|turn|36
|
|t:|1650022187
|move|p1a: Ho-Oh|Sacred Fire|p2a: Necrozma
|-supereffective|p2a: Necrozma
|-damage|p2a: Necrozma|0 fnt
|faint|p2a: Necrozma
|
|upkeep
|
|t:|1650022190
|switch|p2a: Rayquaza|Rayquaza-Mega|64/100 brn
|-weather|DeltaStream|[from] ability: Delta Stream|[of] p2a: Rayquaza
|turn|37
|
|t:|1650022197
|switch|p1a: Tyranitar|Tyranitar, M|68/100
|-ability|p1a: Tyranitar|Sand Stream|[from] deltastream|[fail]
|move|p2a: Rayquaza|Outrage|p1a: Tyranitar
|-damage|p1a: Tyranitar|24/100
|
|-weather|DeltaStream|[upkeep]
|-damage|p2a: Rayquaza|58/100 brn|[from] brn
|upkeep
|turn|38
|
|t:|1650022205
|switch|p1a: Arceus|Arceus-Water|100/100
|move|p2a: Rayquaza|Outrage|p1a: Arceus|[from]lockedmove
|-damage|p1a: Arceus|71/100
|-start|p2a: Rayquaza|confusion|[fatigue]
|
|-weather|DeltaStream|[upkeep]
|-damage|p2a: Rayquaza|52/100 brn|[from] brn
|upkeep
|turn|39
|
|t:|1650022214
|-weather|none
|switch|p2a: Yveltal|Yveltal|69/100 par
|-ability|p2a: Yveltal|Dark Aura
|move|p1a: Arceus|Ice Beam|p2a: Yveltal
|-supereffective|p2a: Yveltal
|-damage|p2a: Yveltal|37/100 par
|
|upkeep
|turn|40
|j|+AGCL6 Swas
|l|+AGCL6 Swas
|
|t:|1650022221
|-start|p1a: Arceus|Dynamax|
|-heal|p1a: Arceus|71/100|[silent]
|move|p1a: Arceus|Max Hailstorm|p2a: Yveltal
|-supereffective|p2a: Yveltal
|-damage|p2a: Yveltal|0 fnt
|-weather|Hail
|faint|p2a: Yveltal
|
|-weather|Hail|[upkeep]
|-damage|p1a: Arceus|68/100|[from] Hail
|upkeep
|
|t:|1650022235
|switch|p2a: Rayquaza|Rayquaza-Mega|52/100 brn
|-weather|DeltaStream|[from] ability: Delta Stream|[of] p2a: Rayquaza
|turn|41
|
|t:|1650022238
|-weather|none
|switch|p2a: Ho-Oh|Ho-Oh|82/100 tox
|-ability|p2a: Ho-Oh|Pressure
|move|p1a: Arceus|Max Hailstorm|p2a: Ho-Oh
|-damage|p2a: Ho-Oh|64/100 tox
|-weather|Hail
|
|-weather|Hail|[upkeep]
|-damage|p1a: Arceus|65/100|[from] Hail
|-damage|p2a: Ho-Oh|57/100 tox|[from] Hail
|-damage|p2a: Ho-Oh|51/100 tox|[from] psn
|upkeep
|turn|42
|
|t:|1650022247
|-end|p1a: Arceus|Dynamax
|-heal|p1a: Arceus|65/100|[silent]
|switch|p1a: Tyranitar|Tyranitar, M|24/100
|-weather|Sandstorm|[from] ability: Sand Stream|[of] p1a: Tyranitar
|switch|p2a: Ditto|Ditto|100/100 slp
|-transform|p2a: Ditto|p1a: Tyranitar|[from] ability: Imposter
|
|-weather|Sandstorm|[upkeep]
|upkeep
|turn|43
|j| Orbanian
|
|t:|1650022253
|switch|p1a: Groudon|Groudon-Primal|100/100
|-weather|DesolateLand|[from] ability: Desolate Land|[of] p1a: Groudon
|cant|p2a: Ditto|slp
|
|-weather|DesolateLand|[upkeep]
|upkeep
|turn|44
|
|t:|1650022260
|switch|p2a: Rayquaza|Rayquaza-Mega|52/100 brn
|-weather|DeltaStream|[from] ability: Delta Stream|[of] p2a: Rayquaza
|move|p1a: Groudon|Precipice Blades|p2a: Rayquaza
|-immune|p2a: Rayquaza
|
|-weather|DeltaStream|[upkeep]
|-damage|p2a: Rayquaza|46/100 brn|[from] brn
|upkeep
|turn|45
|
|t:|1650022274
|switch|p1a: Tyranitar|Tyranitar, M|24/100
|-ability|p1a: Tyranitar|Sand Stream|[from] deltastream|[fail]
|move|p2a: Rayquaza|Dragon Ascent|p1a: Tyranitar
|-resisted|p1a: Tyranitar
|-damage|p1a: Tyranitar|1/100
|-unboost|p2a: Rayquaza|def|1
|-unboost|p2a: Rayquaza|spd|1
|
|-weather|DeltaStream|[upkeep]
|-damage|p2a: Rayquaza|40/100 brn|[from] brn
|upkeep
|turn|46
|
|t:|1650022281
|switch|p1a: Arceus|Arceus-Water|65/100
|move|p2a: Rayquaza|Dragon Ascent|p1a: Arceus
|-damage|p1a: Arceus|35/100
|-unboost|p2a: Rayquaza|def|1
|-unboost|p2a: Rayquaza|spd|1
|
|-weather|DeltaStream|[upkeep]
|-damage|p2a: Rayquaza|34/100 brn|[from] brn
|upkeep
|turn|47
|
|t:|1650022287
|-weather|none
|switch|p2a: Ditto|Ditto|100/100 slp
|-transform|p2a: Ditto|p1a: Arceus|[from] ability: Imposter
|move|p1a: Arceus|Recover|p1a: Arceus
|-heal|p1a: Arceus|85/100
|
|upkeep
|turn|48
|
|t:|1650022295
|switch|p1a: Tyranitar|Tyranitar, M|1/100
|-weather|Sandstorm|[from] ability: Sand Stream|[of] p1a: Tyranitar
|cant|p2a: Ditto|slp
|
|-weather|Sandstorm|[upkeep]
|-damage|p2a: Ditto|94/100 slp|[from] Sandstorm
|upkeep
|turn|49
|
|t:|1650022302
|switch|p1a: Ho-Oh|Ho-Oh|60/100
|-curestatus|p2a: Ditto|slp|[msg]
|move|p2a: Ditto|Ice Beam|p1a: Ho-Oh
|-damage|p1a: Ho-Oh|48/100
|
|-weather|Sandstorm|[upkeep]
|-damage|p2a: Ditto|88/100|[from] Sandstorm
|-damage|p1a: Ho-Oh|42/100|[from] Sandstorm
|upkeep
|turn|50
|
|t:|1650022309
|switch|p2a: Rayquaza|Rayquaza-Mega|34/100 brn
|-weather|DeltaStream|[from] ability: Delta Stream|[of] p2a: Rayquaza
|switch|p1a: Tyranitar|Tyranitar, M|1/100
|-ability|p1a: Tyranitar|Sand Stream|[from] deltastream|[fail]
|
|-weather|DeltaStream|[upkeep]
|-damage|p2a: Rayquaza|28/100 brn|[from] brn
|upkeep
|turn|51
|
|t:|1650022315
|switch|p1a: Arceus|Arceus-Water|85/100
|move|p2a: Rayquaza|Dragon Ascent|p1a: Arceus
|-damage|p1a: Arceus|50/100
|-unboost|p2a: Rayquaza|def|1
|-unboost|p2a: Rayquaza|spd|1
|
|-weather|DeltaStream|[upkeep]
|-damage|p2a: Rayquaza|22/100 brn|[from] brn
|upkeep
|turn|52
|
|t:|1650022320
|-weather|none
|switch|p2a: Ho-Oh|Ho-Oh|51/100 tox
|-ability|p2a: Ho-Oh|Pressure
|move|p1a: Arceus|Recover|p1a: Arceus
|-heal|p1a: Arceus|99/100
|
|-damage|p2a: Ho-Oh|45/100 tox|[from] psn
|upkeep
|turn|53
|
|t:|1650022325
|switch|p1a: Eternatus|Eternatus|61/100
|-ability|p1a: Eternatus|Pressure
|move|p2a: Ho-Oh|Sacred Fire|p1a: Eternatus
|-resisted|p1a: Eternatus
|-crit|p1a: Eternatus
|-damage|p1a: Eternatus|31/100
|-status|p1a: Eternatus|brn
|
|-damage|p2a: Ho-Oh|32/100 tox|[from] psn
|-damage|p1a: Eternatus|25/100 brn|[from] brn
|upkeep
|turn|54
|
|t:|1650022332
|switch|p2a: Arceus|Arceus-Ground|76/100 psn
|move|p1a: Eternatus|Recover|p1a: Eternatus
|-heal|p1a: Eternatus|75/100 brn
|
|-damage|p2a: Arceus|63/100 psn|[from] psn
|-damage|p1a: Eternatus|69/100 brn|[from] brn
|upkeep
|turn|55
|
|t:|1650022340
|switch|p1a: Tyranitar|Tyranitar, M|1/100
|-weather|Sandstorm|[from] ability: Sand Stream|[of] p1a: Tyranitar
|move|p2a: Arceus|Recover|p2a: Arceus
|-heal|p2a: Arceus|100/100 psn
|
|-weather|Sandstorm|[upkeep]
|-damage|p2a: Arceus|88/100 psn|[from] psn
|upkeep
|turn|56
|
|t:|1650022345
|switch|p1a: Ho-Oh|Ho-Oh|75/100
|move|p2a: Arceus|Ice Beam|p1a: Ho-Oh
|-damage|p1a: Ho-Oh|62/100
|
|-weather|Sandstorm|[upkeep]
|-damage|p1a: Ho-Oh|55/100|[from] Sandstorm
|-damage|p2a: Arceus|76/100 psn|[from] psn
|upkeep
|turn|57
|
|t:|1650022350
|switch|p2a: Ho-Oh|Ho-Oh|32/100 tox
|-ability|p2a: Ho-Oh|Pressure
|move|p1a: Ho-Oh|Sacred Fire|p2a: Ho-Oh
|-resisted|p2a: Ho-Oh
|-damage|p2a: Ho-Oh|19/100 tox
|
|-weather|Sandstorm|[upkeep]
|-damage|p2a: Ho-Oh|13/100 tox|[from] Sandstorm
|-damage|p1a: Ho-Oh|49/100|[from] Sandstorm
|-damage|p2a: Ho-Oh|6/100 tox|[from] psn
|upkeep
|turn|58
|
|t:|1650022356
|switch|p1a: Tyranitar|Tyranitar, M|1/100
|move|p2a: Ho-Oh|Recover|p2a: Ho-Oh
|-heal|p2a: Ho-Oh|56/100 tox
|
|-weather|Sandstorm|[upkeep]
|-damage|p2a: Ho-Oh|50/100 tox|[from] Sandstorm
|-damage|p2a: Ho-Oh|38/100 tox|[from] psn
|upkeep
|turn|59
|
|t:|1650022360
|move|p2a: Ho-Oh|Sacred Fire|p1a: Tyranitar
|-resisted|p1a: Tyranitar
|-damage|p1a: Tyranitar|0 fnt
|faint|p1a: Tyranitar
|
|-weather|none
|-damage|p2a: Ho-Oh|19/100 tox|[from] psn
|upkeep
|
|t:|1650022362
|switch|p1a: Eternatus|Eternatus|69/100 brn
|-ability|p1a: Eternatus|Pressure
|turn|60
|
|t:|1650022368
|switch|p2a: Arceus|Arceus-Ground|76/100 psn
|move|p1a: Eternatus|Dynamax Cannon|p2a: Arceus
|-damage|p2a: Arceus|27/100 psn
|-damage|p1a: Eternatus|59/100 brn|[from] item: Life Orb
|
|-damage|p2a: Arceus|15/100 psn|[from] psn
|-damage|p1a: Eternatus|53/100 brn|[from] brn
|upkeep
|turn|61
|
|t:|1650022371
|move|p1a: Eternatus|Dynamax Cannon|p2a: Arceus
|-damage|p2a: Arceus|0 fnt
|faint|p2a: Arceus
|-damage|p1a: Eternatus|43/100 brn|[from] item: Life Orb
|
|-damage|p1a: Eternatus|37/100 brn|[from] brn
|upkeep
|
|t:|1650022374
|switch|p2a: Ditto|Ditto|88/100
|-transform|p2a: Ditto|p1a: Eternatus|[from] ability: Imposter
|-ability|p2a: Ditto|Pressure
|turn|62
|
|t:|1650022378
|switch|p1a: Ho-Oh|Ho-Oh|82/100
|move|p2a: Ditto|Dynamax Cannon|p1a: Ho-Oh
|-crit|p1a: Ho-Oh
|-damage|p1a: Ho-Oh|34/100
|
|upkeep
|turn|63
|
|t:|1650022393
|switch|p1a: Arceus|Arceus-Water|99/100
|move|p2a: Ditto|Dynamax Cannon|p1a: Arceus
|-damage|p1a: Arceus|62/100
|
|upkeep
|turn|64
|
|t:|1650022396
|move|p2a: Ditto|Dynamax Cannon|p1a: Arceus
|-crit|p1a: Arceus
|-damage|p1a: Arceus|6/100
|move|p1a: Arceus|Recover|p1a: Arceus
|-heal|p1a: Arceus|56/100
|
|upkeep
|turn|65
|
|t:|1650022400
|move|p2a: Ditto|Dynamax Cannon|p1a: Arceus
|-damage|p1a: Arceus|19/100
|move|p1a: Arceus|Recover|p1a: Arceus
|-heal|p1a: Arceus|69/100
|
|upkeep
|turn|66
|
|t:|1650022409
|switch|p2a: Ho-Oh|Ho-Oh|19/100 tox
|-ability|p2a: Ho-Oh|Pressure
|switch|p1a: Ho-Oh|Ho-Oh|68/100
|
|-damage|p2a: Ho-Oh|13/100 tox|[from] psn
|upkeep
|turn|67
|c|☆Spacespeakers|lol
|c|☆Spacespeakers|my ho oh is pressure
|c|☆Spacespeakers|lmaooooo
|c|☆Spacespeakers|im an idiot
|
|t:|1650022428
|switch|p1a: Eternatus|Eternatus|37/100 brn
|-ability|p1a: Eternatus|Pressure
|move|p2a: Ho-Oh|Recover|p2a: Ho-Oh
|-heal|p2a: Ho-Oh|63/100 tox
|
|-damage|p2a: Ho-Oh|50/100 tox|[from] psn
|-damage|p1a: Eternatus|31/100 brn|[from] brn
|upkeep
|turn|68
|
|t:|1650022432
|switch|p2a: Ditto|Ditto|88/100
|-transform|p2a: Ditto|p1a: Eternatus|[from] ability: Imposter
|-ability|p2a: Ditto|Pressure
|move|p1a: Eternatus|Dynamax Cannon|p2a: Ditto
|-supereffective|p2a: Ditto
|-crit|p2a: Ditto
|-damage|p2a: Ditto|0 fnt
|faint|p2a: Ditto
|-damage|p1a: Eternatus|21/100 brn|[from] item: Life Orb
|
|-damage|p1a: Eternatus|15/100 brn|[from] brn
|upkeep
|
|t:|1650022438
|switch|p2a: Rayquaza|Rayquaza-Mega|22/100 brn
|-weather|DeltaStream|[from] ability: Delta Stream|[of] p2a: Rayquaza
|turn|69
|
|t:|1650022444
|switch|p1a: Ho-Oh|Ho-Oh|100/100
|move|p2a: Rayquaza|Extreme Speed|p1a: Ho-Oh
|-damage|p1a: Ho-Oh|83/100
|
|-weather|DeltaStream|[upkeep]
|-damage|p2a: Rayquaza|16/100 brn|[from] brn
|upkeep
|turn|70
|c|☆Spacespeakers|gg
|-message|Spacespeakers forfeited.
|
|win|C0ld as Ice
|n|☆C0ld as Ice|c0ldasice
|n|☆Spacespeakers|spacespeakers
|n| Orbanian|orbanian
|l|☆Spacespeakers
