|j|☆11oyd
|j|‽Tahz
|t:|1667254976
|gametype|singles
|player|p1|11oyd|unknown|1762
|player|p2|Tahz|266|1724
|teamsize|p1|6
|teamsize|p2|6
|gen|8
|tier|[Gen 8] National Dex AG
|rated|
|rule|HP Percentage Mod: HP is shown in percentages
|rule|Endless Battle Clause: Forcing endless battles is banned
|clearpoke
|poke|p1|Breloom, M|
|poke|p1|Gengar, F|
|poke|p1|Yveltal|
|poke|p1|Landorus-Therian, M|
|poke|p1|Ribombee, F|
|poke|p1|Rotom-Wash|
|poke|p2|Arceus-*|
|poke|p2|Arceus-*|
|poke|p2|Zacian-*|
|poke|p2|Calyrex-Shadow|
|poke|p2|Ditto|
|poke|p2|Necrozma-Dusk-Mane|
|teampreview
|inactive|Battle timer is ON: inactive players will automatically lose when time's up. (requested by 11oyd)
|
|t:|1667254989
|start
|switch|p1a: Rotom|Rotom-Wash|100/100
|switch|p2a: Calyrex|Calyrex-Shadow|100/100
|-ability|p2a: Calyrex|As One
|-ability|p2a: Calyrex|Unnerve
|turn|1
|inactive|11oyd has 120 seconds left.
|
|t:|1667255020
|move|p2a: Calyrex|Astral Barrage|p1a: Rotom
|-damage|p1a: Rotom|0 fnt
|faint|p1a: Rotom
|-ability|p2a: Calyrex|Grim Neigh|boost
|-boost|p2a: Calyrex|spa|1
|
|upkeep
|inactive|11oyd has 120 seconds left.
|inactive|11oyd has 90 seconds left.
|
|t:|1667255056
|switch|p1a: Breloom|Breloom, M|100/100
|turn|2
|
|t:|1667255060
|switch|p2a: Ditto|Ditto|100/100
|-transform|p2a: Ditto|p1a: Breloom|[from] ability: Imposter
|move|p1a: Breloom|Spore|p2a: Ditto
|-immune|p2a: Ditto
|
|upkeep
|turn|3
|
|t:|1667255066
|switch|p1a: Gengar|Gengar, F, shiny|100/100
|move|p2a: Ditto|Mach Punch|p1a: Gengar
|-immune|p1a: Gengar
|
|upkeep
|turn|4
|
|t:|1667255072
|switch|p2a: Arceus|Arceus-Dark|100/100
|detailschange|p1a: Gengar|Gengar-Mega, F, shiny
|-mega|p1a: Gengar|Gengar|Gengarite
|move|p1a: Gengar|Substitute|p1a: Gengar
|-start|p1a: Gengar|Substitute
|-damage|p1a: Gengar|76/100
|
|upkeep
|turn|5
|
|t:|1667255077
|move|p1a: Gengar|Hypnosis|p2a: Arceus
|-status|p2a: Arceus|slp|[from] move: Hypnosis
|cant|p2a: Arceus|slp
|
|upkeep
|turn|6
|
|t:|1667255081
|move|p1a: Gengar|Sludge Bomb|p2a: Arceus
|-damage|p2a: Arceus|64/100 slp
|-curestatus|p2a: Arceus|slp|[msg]
|move|p2a: Arceus|Judgment|p1a: Gengar
|-supereffective|p1a: Gengar
|-end|p1a: Gengar|Substitute
|
|upkeep
|turn|7
|
|t:|1667255088
|switch|p1a: Ribombee|Ribombee, F|100/100
|move|p2a: Arceus|Judgment|p1a: Ribombee
|-resisted|p1a: Ribombee
|-crit|p1a: Ribombee
|-damage|p1a: Ribombee|40/100
|
|upkeep
|turn|8
|
|t:|1667255096
|switch|p2a: Zacian|Zacian-Crowned|100/100
|-ability|p2a: Zacian|Intrepid Sword|boost
|-boost|p2a: Zacian|atk|1
|move|p1a: Ribombee|Sticky Web|p2a: Zacian
|-sidestart|p2: Tahz|move: Sticky Web
|
|upkeep
|turn|9
|
|t:|1667255103
|move|p2a: Zacian|Behemoth Blade|p1a: Ribombee
|-supereffective|p1a: Ribombee
|-damage|p1a: Ribombee|0 fnt
|faint|p1a: Ribombee
|
|upkeep
|j|+Dragonillis
|inactive|11oyd has 120 seconds left.
|
|t:|1667255140
|switch|p1a: Breloom|Breloom, M|100/100
|turn|10
|
|t:|1667255163
|move|p2a: Zacian|Behemoth Blade|p1a: Breloom
|-enditem|p1a: Breloom|Focus Sash
|-damage|p1a: Breloom|1/100
|move|p1a: Breloom|Spore|p2a: Zacian
|-status|p2a: Zacian|slp|[from] move: Spore
|
|upkeep
|turn|11
|
|t:|1667255167
|move|p1a: Breloom|Mach Punch|p2a: Zacian
|-damage|p2a: Zacian|70/100 slp
|cant|p2a: Zacian|slp
|
|upkeep
|turn|12
|
|t:|1667255171
|move|p1a: Breloom|Mach Punch|p2a: Zacian
|-crit|p2a: Zacian
|-damage|p2a: Zacian|25/100 slp
|-curestatus|p2a: Zacian|slp|[msg]
|move|p2a: Zacian|Behemoth Blade|p1a: Breloom
|-damage|p1a: Breloom|0 fnt
|faint|p1a: Breloom
|
|upkeep
|inactive|11oyd has 120 seconds left.
|
|t:|1667255192
|switch|p1a: Yveltal|Yveltal|100/100
|-ability|p1a: Yveltal|Dark Aura
|turn|13
|
|t:|1667255200
|-start|p1a: Yveltal|Dynamax|
|-heal|p1a: Yveltal|100/100|[silent]
|move|p2a: Zacian|Behemoth Blade|p1a: Yveltal
|-damage|p1a: Yveltal|21/100
|move|p1a: Yveltal|Max Airstream|p2a: Zacian
|-resisted|p2a: Zacian
|-damage|p2a: Zacian|0 fnt
|-boost|p1a: Yveltal|spe|1
|faint|p2a: Zacian
|
|upkeep
|
|t:|1667255214
|switch|p2a: Arceus|Arceus-Dark|64/100
|-activate|p2a: Arceus|move: Sticky Web
|-unboost|p2a: Arceus|spe|1
|turn|14
|
|t:|1667255222
|-start|p2a: Arceus|Dynamax|
|-heal|p2a: Arceus|64/100|[silent]
|move|p1a: Yveltal|Max Darkness|p2a: Arceus
|-resisted|p2a: Arceus
|-damage|p2a: Arceus|48/100
|-unboost|p2a: Arceus|spd|1
|move|p2a: Arceus|Max Geyser|p1a: Yveltal
|-crit|p1a: Yveltal
|-damage|p1a: Yveltal|8/100
|-weather|RainDance
|
|-weather|RainDance|[upkeep]
|upkeep
|turn|15
|inactive|11oyd has 120 seconds left.
|
|t:|1667255250
|move|p1a: Yveltal|Max Airstream|p2a: Arceus
|-damage|p2a: Arceus|12/100
|-boost|p1a: Yveltal|spe|1
|move|p2a: Arceus|Max Geyser|p1a: Yveltal
|-damage|p1a: Yveltal|0 fnt
|faint|p1a: Yveltal
|
|-weather|RainDance|[upkeep]
|upkeep
|
|t:|1667255258
|switch|p1a: Landorus|Landorus-Therian, M|100/100
|-ability|p1a: Landorus|Intimidate|boost
|-unboost|p2a: Arceus|atk|1
|turn|16
|
|t:|1667255264
|move|p2a: Arceus|Max Guard|p2a: Arceus
|-singleturn|p2a: Arceus|Max Guard
|move|p1a: Landorus|Stealth Rock|p2a: Arceus
|-sidestart|p2: Tahz|move: Stealth Rock
|
|-weather|RainDance|[upkeep]
|upkeep
|-end|p2a: Arceus|Dynamax
|-heal|p2a: Arceus|12/100|[silent]
|turn|17
|inactive|11oyd has 120 seconds left.
|
|t:|1667255292
|move|p1a: Landorus|Gravity|p1a: Landorus
|-fieldstart|move: Gravity
|move|p2a: Arceus|Recover|p2a: Arceus
|-heal|p2a: Arceus|62/100
|
|-weather|RainDance|[upkeep]
|upkeep
|turn|18
|
|t:|1667255298
|switch|p2a: Arceus|Arceus-Water|100/100
|-activate|p2a: Arceus|move: Sticky Web
|-unboost|p2a: Arceus|spe|1
|-damage|p2a: Arceus|88/100|[from] Stealth Rock
|move|p1a: Landorus|Explosion|p2a: Arceus
|-damage|p2a: Arceus|51/100
|faint|p1a: Landorus
|
|-weather|none
|upkeep
|
|t:|1667255301
|switch|p1a: Gengar|Gengar-Mega, F, shiny|76/100
|turn|19
|inactive|11oyd has 120 seconds left.
|
|t:|1667255307
|move|p1a: Gengar|Hypnosis|p2a: Arceus
|-status|p2a: Arceus|slp|[from] move: Hypnosis
|cant|p2a: Arceus|slp
|
|upkeep
|turn|20
|
|t:|1667255309
|move|p1a: Gengar|Substitute|p1a: Gengar
|-start|p1a: Gengar|Substitute
|-damage|p1a: Gengar|51/100
|cant|p2a: Arceus|slp
|
|upkeep
|turn|21
|
|t:|1667255314
|move|p1a: Gengar|Hex|p2a: Arceus
|-damage|p2a: Arceus|0 fnt
|faint|p2a: Arceus
|
|-fieldend|move: Gravity
|upkeep
|
|t:|1667255324
|switch|p2a: Ditto|Ditto|100/100
|-activate|p2a: Ditto|move: Sticky Web
|-unboost|p2a: Ditto|spe|1
|-damage|p2a: Ditto|88/100|[from] Stealth Rock
|turn|22
|
|t:|1667255327
|move|p1a: Gengar|Sludge Bomb|p2a: Ditto
|-crit|p2a: Ditto
|-damage|p2a: Ditto|0 fnt
|faint|p2a: Ditto
|
|upkeep
|
|t:|1667255330
|switch|p2a: Necrozma|Necrozma-Dusk-Mane|100/100
|-activate|p2a: Necrozma|move: Sticky Web
|-unboost|p2a: Necrozma|spe|1
|-damage|p2a: Necrozma|94/100|[from] Stealth Rock
|turn|23
|
|t:|1667255335
|move|p1a: Gengar|Hypnosis|p2a: Necrozma|[miss]
|-miss|p1a: Gengar|p2a: Necrozma
|move|p2a: Necrozma|Knock Off|p1a: Gengar
|-supereffective|p1a: Gengar
|-end|p1a: Gengar|Substitute
|
|upkeep
|turn|24
|
|t:|1667255338
|move|p1a: Gengar|Hypnosis|p2a: Necrozma
|-status|p2a: Necrozma|slp|[from] move: Hypnosis
|cant|p2a: Necrozma|slp
|
|upkeep
|turn|25
|
|t:|1667255341
|move|p1a: Gengar|Substitute|p1a: Gengar
|-start|p1a: Gengar|Substitute
|-damage|p1a: Gengar|26/100
|cant|p2a: Necrozma|slp
|
|upkeep
|turn|26
|
|t:|1667255345
|move|p1a: Gengar|Hex|p2a: Necrozma
|-supereffective|p2a: Necrozma
|-damage|p2a: Necrozma|0 fnt
|faint|p2a: Necrozma
|
|upkeep
|
|t:|1667255349
|switch|p2a: Calyrex|Calyrex-Shadow|100/100
|-ability|p2a: Calyrex|As One
|-ability|p2a: Calyrex|Unnerve
|-activate|p2a: Calyrex|move: Sticky Web
|-unboost|p2a: Calyrex|spe|1
|-damage|p2a: Calyrex|88/100|[from] Stealth Rock
|turn|27
|
|t:|1667255354
|move|p1a: Gengar|Hex|p2a: Calyrex
|-supereffective|p2a: Calyrex
|-damage|p2a: Calyrex|0 fnt
|faint|p2a: Calyrex
|
|upkeep
|
|t:|1667255357
|switch|p2a: Arceus|Arceus-Dark|62/100
|-activate|p2a: Arceus|move: Sticky Web
|-unboost|p2a: Arceus|spe|1
|-damage|p2a: Arceus|49/100|[from] Stealth Rock
|turn|28
|
|t:|1667255359
|move|p1a: Gengar|Sludge Bomb|p2a: Arceus
|-damage|p2a: Arceus|11/100
|move|p2a: Arceus|Recover|p2a: Arceus
|-heal|p2a: Arceus|61/100
|
|upkeep
|turn|29
|
|t:|1667255378
|move|p1a: Gengar|Hypnosis|p2a: Arceus|[miss]
|-miss|p1a: Gengar|p2a: Arceus
|move|p2a: Arceus|Recover|p2a: Arceus
|-heal|p2a: Arceus|100/100
|
|upkeep
|turn|30
|
|t:|1667255380
|move|p1a: Gengar|Hypnosis|p2a: Arceus|[miss]
|-miss|p1a: Gengar|p2a: Arceus
|move|p2a: Arceus|Judgment|p1a: Gengar
|-supereffective|p1a: Gengar
|-end|p1a: Gengar|Substitute
|
|upkeep
|turn|31
|
|t:|1667255384
|move|p1a: Gengar|Hypnosis|p2a: Arceus
|-status|p2a: Arceus|slp|[from] move: Hypnosis
|cant|p2a: Arceus|slp
|
|upkeep
|turn|32
|
|t:|1667255386
|move|p1a: Gengar|Substitute|p1a: Gengar
|-start|p1a: Gengar|Substitute
|-damage|p1a: Gengar|1/100
|cant|p2a: Arceus|slp
|
|upkeep
|turn|33
|
|t:|1667255388
|move|p1a: Gengar|Sludge Bomb|p2a: Arceus
|-damage|p2a: Arceus|61/100 slp
|-curestatus|p2a: Arceus|slp|[msg]
|move|p2a: Arceus|Judgment|p1a: Gengar
|-supereffective|p1a: Gengar
|-end|p1a: Gengar|Substitute
|
|upkeep
|turn|34
|
|t:|1667255396
|move|p1a: Gengar|Hypnosis|p2a: Arceus
|-status|p2a: Arceus|slp|[from] move: Hypnosis
|cant|p2a: Arceus|slp
|
|upkeep
|turn|35
|
|t:|1667255398
|move|p1a: Gengar|Sludge Bomb|p2a: Arceus
|-damage|p2a: Arceus|24/100 slp
|cant|p2a: Arceus|slp
|
|upkeep
|turn|36
|
|t:|1667255402
|move|p1a: Gengar|Sludge Bomb|p2a: Arceus
|-damage|p2a: Arceus|0 fnt
|faint|p2a: Arceus
|
|win|11oyd
|raw|11oyd's rating: 1762 &rarr; <strong>1780</strong><br />(+18 for winning)
|raw|Tahz's rating: 1724 &rarr; <strong>1706</strong><br />(-18 for losing)
|l|‽Tahz
|l|☆11oyd
|j|‽Tahz
|player|p2|Tahz|266
||Ladder isn't responding, score probably updated but might not have (Request timeout).
|l|‽Tahz
|player|p2|
