|j|☆PlatinumEA
|j|☆wolfie_olson
|t:|1648693854
|gametype|singles
|player|p1|PlatinumEA|2|
|player|p2|wolfie_olson|101|
|teamsize|p1|6
|teamsize|p2|6
|gen|8
|tier|[Gen 8] National Dex AG
|rule|HP Percentage Mod: HP is shown in percentages
|rule|Endless Battle Clause: Forcing endless battles is banned
|clearpoke
|poke|p1|Groudon|
|poke|p1|Necrozma-Dusk-Mane|
|poke|p1|Arceus-*|
|poke|p1|Yveltal|
|poke|p1|Arceus-*|
|poke|p1|Arceus-*|
|poke|p2|Pyukumuku, F|
|poke|p2|Eiscue, F|
|poke|p2|Slowbro-Galar, M|
|poke|p2|Incineroar, F|
|poke|p2|Corviknight, M|
|poke|p2|Steelix, M|
|teampreview
|inactive|Battle timer is ON: inactive players will automatically lose when time's up. (requested by wolfie_olson)
|
|t:|1648693865
|start
|switch|p1a: Arceus|Arceus-Water|100/100
|switch|p2a: Pyukumuku|Pyukumuku, F|100/100
|turn|1
|
|t:|1648693872
|switch|p1a: Necrozma|Necrozma-Dusk-Mane|100/100
|move|p2a: Pyukumuku|Block|p1a: Necrozma
|-activate|p1a: Necrozma|trapped
|
|upkeep
|turn|2
|
|t:|1648693881
|move|p1a: Necrozma|Stealth Rock|p2a: Pyukumuku
|-sidestart|p2: wolfie_olson|move: Stealth Rock
|move|p2a: Pyukumuku|Soak|p1a: Necrozma
|-start|p1a: Necrozma|typechange|Water
|
|upkeep
|turn|3
|
|t:|1648693887
|move|p1a: Necrozma|Toxic|p2a: Pyukumuku
|-status|p2a: Pyukumuku|tox
|move|p2a: Pyukumuku|Toxic|p1a: Necrozma
|-status|p1a: Necrozma|tox
|
|-damage|p1a: Necrozma|94/100 tox|[from] psn
|-damage|p2a: Pyukumuku|94/100 tox|[from] psn
|upkeep
|turn|4
|
|t:|1648693898
|switch|p2a: Corviknight|Corviknight, M|100/100
|-damage|p2a: Corviknight|88/100|[from] Stealth Rock
|move|p1a: Necrozma|Sunsteel Strike|p2a: Corviknight
|-resisted|p2a: Corviknight
|-damage|p2a: Corviknight|77/100
|
|-damage|p1a: Necrozma|82/100 tox|[from] psn
|upkeep
|turn|5
|
|t:|1648693908
|switch|p1a: Groudon|Groudon|100/100
|detailschange|p1a: Groudon|Groudon-Primal
|-primal|p1a: Groudon
|-weather|DesolateLand|[from] ability: Desolate Land|[of] p1a: Groudon
|move|p2a: Corviknight|Bulk Up|p2a: Corviknight
|-boost|p2a: Corviknight|atk|1
|-boost|p2a: Corviknight|def|1
|
|-weather|DesolateLand|[upkeep]
|upkeep
|turn|6
|
|t:|1648693913
|move|p2a: Corviknight|Agility|p2a: Corviknight
|-boost|p2a: Corviknight|spe|2
|move|p1a: Groudon|Dragon Tail|p2a: Corviknight
|-resisted|p2a: Corviknight
|-damage|p2a: Corviknight|71/100
|drag|p2a: Slowbro|Slowbro-Galar, M|100/100
|-damage|p2a: Slowbro|88/100|[from] Stealth Rock
|
|-weather|DesolateLand|[upkeep]
|upkeep
|turn|7
|
|t:|1648693920
|move|p1a: Groudon|Precipice Blades|p2a: Slowbro
|-supereffective|p2a: Slowbro
|-damage|p2a: Slowbro|0 fnt
|faint|p2a: Slowbro
|
|-weather|DesolateLand|[upkeep]
|upkeep
|
|t:|1648693931
|switch|p2a: Eiscue|Eiscue, F|100/100
|-damage|p2a: Eiscue|75/100|[from] Stealth Rock
|turn|8
|
|t:|1648693939
|move|p1a: Groudon|Precipice Blades|p2a: Eiscue
|-activate|p2a: Eiscue|ability: Ice Face
|-damage|p2a: Eiscue|75/100
|detailschange|p2a: Eiscue|Eiscue-Noice, F
|move|p2a: Eiscue|Belly Drum|p2a: Eiscue
|-damage|p2a: Eiscue|25/100
|-setboost|p2a: Eiscue|atk|6|[from] move: Belly Drum
|-enditem|p2a: Eiscue|Sitrus Berry|[eat]
|-heal|p2a: Eiscue|50/100|[from] item: Sitrus Berry
|
|-weather|DesolateLand|[upkeep]
|upkeep
|turn|9
|
|t:|1648693950
|-start|p2a: Eiscue|Dynamax|
|-heal|p2a: Eiscue|50/100|[silent]
|move|p2a: Eiscue|Max Hailstorm|p1a: Groudon
|-damage|p1a: Groudon|0 fnt
|-weather|Hail
|-activate|p2a: Eiscue|ability: Ice Face
|detailschange|p2a: Eiscue|Eiscue, F
|faint|p1a: Groudon
|
|-weather|Hail|[upkeep]
|upkeep
|
|t:|1648693964
|switch|p1a: Yveltal|Yveltal|100/100
|-ability|p1a: Yveltal|Dark Aura
|turn|10
|
|t:|1648693973
|move|p1a: Yveltal|Foul Play|p2a: Eiscue
|-activate|p2a: Eiscue|ability: Ice Face
|-damage|p2a: Eiscue|50/100
|detailschange|p2a: Eiscue|Eiscue-Noice, F
|move|p2a: Eiscue|Max Hailstorm|p1a: Yveltal
|-supereffective|p1a: Yveltal
|-damage|p1a: Yveltal|0 fnt
|faint|p1a: Yveltal
|
|-weather|Hail|[upkeep]
|upkeep
|
|t:|1648693988
|switch|p1a: Necrozma|Necrozma-Dusk-Mane|82/100 tox
|turn|11
|
|t:|1648693991
|move|p2a: Eiscue|Max Hailstorm|p1a: Necrozma
|-resisted|p1a: Necrozma
|-damage|p1a: Necrozma|28/100 tox
|move|p1a: Necrozma|Moonlight|p1a: Necrozma
|-heal|p1a: Necrozma|53/100 tox
|
|-weather|Hail|[upkeep]
|-damage|p1a: Necrozma|47/100 tox|[from] Hail
|-damage|p1a: Necrozma|41/100 tox|[from] psn
|-end|p2a: Eiscue|Dynamax
|-heal|p2a: Eiscue|50/100|[silent]
|upkeep
|turn|12
|
|t:|1648694002
|move|p2a: Eiscue|Icicle Crash|p1a: Necrozma
|-resisted|p1a: Necrozma
|-damage|p1a: Necrozma|6/100 tox
|move|p1a: Necrozma|Sunsteel Strike|p2a: Eiscue
|-supereffective|p2a: Eiscue
|-damage|p2a: Eiscue|0 fnt
|faint|p2a: Eiscue
|
|-weather|Hail|[upkeep]
|-damage|p1a: Necrozma|0 fnt|[from] Hail
|faint|p1a: Necrozma
|upkeep
|
|t:|1648694012
|switch|p2a: Pyukumuku|Pyukumuku, F|94/100 tox
|switch|p1a: Arceus|Arceus-Water|100/100
|-damage|p2a: Pyukumuku|82/100 tox|[from] Stealth Rock
|turn|13
|
|t:|1648694020
|switch|p1a: Arceus|Arceus-Fairy|100/100
|move|p2a: Pyukumuku|Toxic|p1a: Arceus
|-status|p1a: Arceus|tox
|
|-weather|none
|-heal|p2a: Pyukumuku|88/100 tox|[from] item: Leftovers
|-damage|p1a: Arceus|94/100 tox|[from] psn
|-damage|p2a: Pyukumuku|82/100 tox|[from] psn
|upkeep
|turn|14
|
|t:|1648694026
|move|p1a: Arceus|Calm Mind|p1a: Arceus
|-boost|p1a: Arceus|spa|1
|-boost|p1a: Arceus|spd|1
|move|p2a: Pyukumuku|Block|p1a: Arceus
|-activate|p1a: Arceus|trapped
|
|-heal|p2a: Pyukumuku|88/100 tox|[from] item: Leftovers
|-damage|p1a: Arceus|82/100 tox|[from] psn
|-damage|p2a: Pyukumuku|76/100 tox|[from] psn
|upkeep
|turn|15
|
|t:|1648694034
|switch|p2a: Corviknight|Corviknight, M|71/100
|-damage|p2a: Corviknight|58/100|[from] Stealth Rock
|move|p1a: Arceus|Refresh|p1a: Arceus
|-curestatus|p1a: Arceus|tox|[msg]
|
|upkeep
|turn|16
|
|t:|1648694038
|move|p1a: Arceus|Calm Mind|p1a: Arceus
|-boost|p1a: Arceus|spa|1
|-boost|p1a: Arceus|spd|1
|move|p2a: Corviknight|Roost|p2a: Corviknight
|-heal|p2a: Corviknight|100/100
|-singleturn|p2a: Corviknight|move: Roost
|
|upkeep
|turn|17
|
|t:|1648694044
|-start|p1a: Arceus|Dynamax|
|-heal|p1a: Arceus|82/100|[silent]
|move|p1a: Arceus|Max Starfall|p2a: Corviknight
|-resisted|p2a: Corviknight
|-damage|p2a: Corviknight|44/100
|-fieldstart|move: Misty Terrain
|move|p2a: Corviknight|Agility|p2a: Corviknight
|-boost|p2a: Corviknight|spe|2
|
|upkeep
|turn|18
|
|t:|1648694053
|move|p2a: Corviknight|Agility|p2a: Corviknight
|-boost|p2a: Corviknight|spe|2
|move|p1a: Arceus|Max Starfall|p2a: Corviknight
|-resisted|p2a: Corviknight
|-damage|p2a: Corviknight|0 fnt
|faint|p2a: Corviknight
|
|upkeep
|
|t:|1648694059
|switch|p2a: Steelix|Steelix, M|100/100
|-damage|p2a: Steelix|97/100|[from] Stealth Rock
|turn|19
|
|t:|1648694066
|move|p1a: Arceus|Max Starfall|p2a: Steelix
|-resisted|p2a: Steelix
|-damage|p2a: Steelix|14/100
|move|p2a: Steelix|Curse|p2a: Steelix
|-unboost|p2a: Steelix|spe|1
|-boost|p2a: Steelix|atk|1
|-boost|p2a: Steelix|def|1
|
|-heal|p2a: Steelix|21/100|[from] item: Leftovers
|-end|p1a: Arceus|Dynamax
|-heal|p1a: Arceus|82/100|[silent]
|upkeep
|turn|20
|
|t:|1648694070
|move|p1a: Arceus|Judgment|p2a: Steelix
|-resisted|p2a: Steelix
|-damage|p2a: Steelix|0 fnt
|faint|p2a: Steelix
|
|upkeep
|
|t:|1648694076
|switch|p2a: Pyukumuku|Pyukumuku, F|76/100 tox
|-damage|p2a: Pyukumuku|64/100 tox|[from] Stealth Rock
|turn|21
|
|t:|1648694079
|move|p1a: Arceus|Judgment|p2a: Pyukumuku
|-damage|p2a: Pyukumuku|23/100 tox
|move|p2a: Pyukumuku|Toxic|p1a: Arceus
|-activate|p1a: Arceus|move: Misty Terrain
|
|-heal|p2a: Pyukumuku|29/100 tox|[from] item: Leftovers
|-damage|p2a: Pyukumuku|23/100 tox|[from] psn
|-fieldend|Misty Terrain
|upkeep
|turn|22
|c|☆PlatinumEA|GG
|
|t:|1648694087
|switch|p2a: Incineroar|Incineroar, F|100/100
|-damage|p2a: Incineroar|76/100|[from] Stealth Rock
|-ability|p2a: Incineroar|Intimidate|boost
|-unboost|p1a: Arceus|atk|1
|move|p1a: Arceus|Judgment|p2a: Incineroar
|-damage|p2a: Incineroar|0 fnt
|faint|p2a: Incineroar
|
|upkeep
|
|t:|1648694089
|switch|p2a: Pyukumuku|Pyukumuku, F|23/100 tox
|-damage|p2a: Pyukumuku|11/100 tox|[from] Stealth Rock
|turn|23
|c|☆PlatinumEA|You still did pretty well
|c|☆wolfie_olson|gg
|
|t:|1648694096
|move|p1a: Arceus|Judgment|p2a: Pyukumuku
|-damage|p2a: Pyukumuku|0 fnt
|faint|p2a: Pyukumuku
|
|win|PlatinumEA
