|j|☆amnael1
|j|☆LazyWRLD
|t:|1660847779
|gametype|singles
|player|p1|amnael1|dawn|1888
|player|p2|LazyWRLD|brawly|1729
|teamsize|p1|6
|teamsize|p2|6
|gen|8
|tier|[Gen 8] National Dex AG
|rated|
|rule|HP Percentage Mod: HP is shown in percentages
|rule|Endless Battle Clause: Forcing endless battles is banned
|clearpoke
|poke|p1|Smeargle, F|
|poke|p1|Groudon|
|poke|p1|Espeon, F|
|poke|p1|Rayquaza|
|poke|p1|Xerneas-*|
|poke|p1|Zacian-*|
|poke|p2|Venusaur, F|
|poke|p2|Necrozma-Dusk-Mane|
|poke|p2|Yveltal|
|poke|p2|Arceus-*|
|poke|p2|Calyrex-Shadow|
|poke|p2|Zygarde|
|teampreview
|inactive|Battle timer is ON: inactive players will automatically lose when time's up. (requested by LazyWRLD)
|
|t:|1660847798
|start
|switch|p1a: Rayquaza|Rayquaza|100/100
|switch|p2a: BENUSAUR|Venusaur, F, shiny|100/100
|-ability|p1a: Rayquaza|Air Lock
|turn|1
|
|t:|1660847806
|detailschange|p1a: Rayquaza|Rayquaza-Mega
|-mega|p1a: Rayquaza|Rayquaza|
|-weather|DeltaStream|[from] ability: Delta Stream|[of] p1a: Rayquaza
|detailschange|p2a: BENUSAUR|Venusaur-Mega, F, shiny
|-mega|p2a: BENUSAUR|Venusaur|Venusaurite
|move|p2a: BENUSAUR|Protect|p2a: BENUSAUR
|-singleturn|p2a: BENUSAUR|Protect
|move|p1a: Rayquaza|Dragon Dance|p1a: Rayquaza
|-boost|p1a: Rayquaza|atk|1
|-boost|p1a: Rayquaza|spe|1
|
|-weather|DeltaStream|[upkeep]
|upkeep
|turn|2
|
|t:|1660847812
|switch|p2a: Big Body|Necrozma-Dusk-Mane, shiny|100/100
|move|p1a: Rayquaza|Dragon Ascent|p2a: Big Body
|-resisted|p2a: Big Body
|-damage|p2a: Big Body|70/100
|-unboost|p1a: Rayquaza|def|1
|-unboost|p1a: Rayquaza|spd|1
|-damage|p1a: Rayquaza|84/100|[from] item: Rocky Helmet|[of] p2a: Big Body
|
|-weather|DeltaStream|[upkeep]
|upkeep
|turn|3
|
|t:|1660847817
|switch|p2a: Zygyatt|Zygarde, shiny|100/100
|move|p1a: Rayquaza|Earthquake|p2a: Zygyatt
|-damage|p2a: Zygyatt|65/100
|
|-weather|DeltaStream|[upkeep]
|-heal|p2a: Zygyatt|71/100|[from] item: Leftovers
|upkeep
|turn|4
|
|t:|1660847823
|move|p1a: Rayquaza|Dragon Ascent|p2a: Zygyatt
|-damage|p2a: Zygyatt|5/100
|-unboost|p1a: Rayquaza|def|1
|-unboost|p1a: Rayquaza|spd|1
|move|p2a: Zygyatt|Glare|p1a: Rayquaza
|-status|p1a: Rayquaza|par
|
|-weather|DeltaStream|[upkeep]
|-heal|p2a: Zygyatt|12/100|[from] item: Leftovers
|-activate|p2a: Zygyatt|ability: Power Construct
|detailschange|p2a: Zygyatt|Zygarde-Complete, shiny
|-heal|p2a: Zygyatt|42/100|[silent]
|upkeep
|turn|5
|
|t:|1660847829
|move|p1a: Rayquaza|Dragon Ascent|p2a: Zygyatt
|-damage|p2a: Zygyatt|0 fnt
|-unboost|p1a: Rayquaza|def|1
|-unboost|p1a: Rayquaza|spd|1
|faint|p2a: Zygyatt
|
|-weather|DeltaStream|[upkeep]
|upkeep
|
|t:|1660847835
|switch|p2a: Carter Slade|Calyrex-Shadow|100/100
|-ability|p2a: Carter Slade|As One
|-ability|p2a: Carter Slade|Unnerve
|turn|6
|
|t:|1660847843
|-weather|none
|switch|p1a: Smeargle|Smeargle, F|100/100
|move|p2a: Carter Slade|Psyshock|p1a: Smeargle
|-enditem|p1a: Smeargle|Focus Sash
|-damage|p1a: Smeargle|1/100
|
|-ability|p1a: Smeargle|Moody|boost
|-boost|p1a: Smeargle|spe|2
|-unboost|p1a: Smeargle|spa|1
|upkeep
|turn|7
|
|t:|1660847847
|switch|p2a: BENUSAUR|Venusaur-Mega, F, shiny|100/100
|move|p1a: Smeargle|Spore|p2a: BENUSAUR
|-immune|p2a: BENUSAUR
|
|-ability|p1a: Smeargle|Moody|boost
|-boost|p1a: Smeargle|atk|2
|-unboost|p1a: Smeargle|spd|1
|upkeep
|turn|8
|
|t:|1660847856
|move|p1a: Smeargle|Baton Pass|p1a: Smeargle
|j| TaxFraud094
|
|t:|1660847858
|switch|p1a: Espeon|Espeon, F|100/100|[from]move: Baton Pass
|move|p2a: BENUSAUR|Leech Seed|p1a: Espeon
|move|p1a: Espeon|Leech Seed|p2a: BENUSAUR|[from]ability: Magic Bounce
|-immune|p2a: BENUSAUR
|
|upkeep
|turn|9
|
|t:|1660847864
|move|p1a: Espeon|Psychic|p2a: BENUSAUR
|-supereffective|p2a: BENUSAUR
|-damage|p2a: BENUSAUR|59/100
|move|p2a: BENUSAUR|Sludge Bomb|p1a: Espeon
|-damage|p1a: Espeon|27/100
|
|upkeep
|turn|10
|
|t:|1660847872
|switch|p2a: Lazy|Yveltal, shiny|100/100
|-ability|p2a: Lazy|Dark Aura
|move|p1a: Espeon|Baton Pass|p1a: Espeon
|
|t:|1660847875
|switch|p1a: Zacian|Zacian-Crowned|100/100|[from]move: Baton Pass
|-ability|p1a: Zacian|Intrepid Sword|boost
|-boost|p1a: Zacian|atk|1
|
|upkeep
|turn|11
|
|t:|1660847878
|move|p1a: Zacian|Behemoth Blade|p2a: Lazy
|-damage|p2a: Lazy|0 fnt
|faint|p2a: Lazy
|
|upkeep
|
|t:|1660847883
|switch|p2a: Big Body|Necrozma-Dusk-Mane, shiny|70/100
|turn|12
|
|t:|1660847887
|-start|p2a: Big Body|Dynamax|
|-heal|p2a: Big Body|70/100|[silent]
|move|p1a: Zacian|Close Combat|p2a: Big Body
|-damage|p2a: Big Body|40/100
|-unboost|p1a: Zacian|def|1
|-unboost|p1a: Zacian|spd|1
|-damage|p1a: Zacian|84/100|[from] item: Rocky Helmet|[of] p2a: Big Body
|move|p2a: Big Body|Max Steelspike|p1a: Zacian
|-damage|p1a: Zacian|0 fnt
|-boost|p2a: Big Body|def|1
|faint|p1a: Zacian
|
|upkeep
|
|t:|1660847890
|switch|p1a: Smeargle|Smeargle, F|1/100
|turn|13
|
|t:|1660847892
|-end|p2a: Big Body|Dynamax
|-heal|p2a: Big Body|40/100|[silent]
|switch|p2a: BENUSAUR|Venusaur-Mega, F, shiny|59/100
|move|p1a: Smeargle|Spore|p2a: BENUSAUR
|-immune|p2a: BENUSAUR
|
|-ability|p1a: Smeargle|Moody|boost
|-boost|p1a: Smeargle|atk|2
|-unboost|p1a: Smeargle|spd|1
|upkeep
|turn|14
|
|t:|1660847896
|move|p1a: Smeargle|Baton Pass|p1a: Smeargle
|
|t:|1660847898
|switch|p1a: Groudon|Groudon|100/100|[from]move: Baton Pass
|detailschange|p1a: Groudon|Groudon-Primal
|-primal|p1a: Groudon
|-weather|DesolateLand|[from] ability: Desolate Land|[of] p1a: Groudon
|move|p2a: BENUSAUR|Sludge Bomb|p1a: Groudon
|-resisted|p1a: Groudon
|-damage|p1a: Groudon|73/100
|
|-weather|DesolateLand|[upkeep]
|upkeep
|turn|15
|
|t:|1660847903
|move|p1a: Groudon|Stealth Rock|p2a: BENUSAUR
|-sidestart|p2: LazyWRLD|move: Stealth Rock
|move|p2a: BENUSAUR|Leech Seed|p1a: Groudon
|-start|p1a: Groudon|move: Leech Seed
|
|-weather|DesolateLand|[upkeep]
|-damage|p1a: Groudon|61/100|[from] Leech Seed|[of] p2a: BENUSAUR
|-heal|p2a: BENUSAUR|71/100|[silent]
|upkeep
|turn|16
|
|t:|1660847908
|-weather|none
|switch|p1a: Smeargle|Smeargle, F|1/100
|move|p2a: BENUSAUR|Protect||[still]
|-fail|p2a: BENUSAUR
|
|-ability|p1a: Smeargle|Moody|boost
|-boost|p1a: Smeargle|atk|2
|-unboost|p1a: Smeargle|spe|1
|upkeep
|turn|17
|
|t:|1660847916
|move|p1a: Smeargle|Spiky Shield|p1a: Smeargle
|-singleturn|p1a: Smeargle|move: Protect
|move|p2a: BENUSAUR|Leech Seed|p1a: Smeargle
|-activate|p1a: Smeargle|move: Protect
|
|-ability|p1a: Smeargle|Moody|boost
|-boost|p1a: Smeargle|spd|2
|-unboost|p1a: Smeargle|def|1
|upkeep
|turn|18
|
|t:|1660847921
|switch|p1a: Espeon|Espeon, F|27/100
|move|p2a: BENUSAUR|Leech Seed|p1a: Espeon
|move|p1a: Espeon|Leech Seed|p2a: BENUSAUR|[from]ability: Magic Bounce
|-immune|p2a: BENUSAUR
|
|upkeep
|turn|19
|
|t:|1660847923
|move|p1a: Espeon|Psychic|p2a: BENUSAUR
|-supereffective|p2a: BENUSAUR
|-damage|p2a: BENUSAUR|16/100
|move|p2a: BENUSAUR|Sludge Bomb|p1a: Espeon
|-crit|p1a: Espeon
|-damage|p1a: Espeon|0 fnt
|faint|p1a: Espeon
|
|upkeep
|j| SweeperGatr
|
|t:|1660847932
|switch|p1a: Xerneas|Xerneas|100/100
|-ability|p1a: Xerneas|Fairy Aura
|turn|20
|
|t:|1660847934
|move|p1a: Xerneas|Geomancy||[still]
|-prepare|p1a: Xerneas|Geomancy
|-enditem|p1a: Xerneas|Power Herb
|-anim|p1a: Xerneas|Geomancy|p1a: Xerneas
|-boost|p1a: Xerneas|spa|2
|-boost|p1a: Xerneas|spd|2
|-boost|p1a: Xerneas|spe|2
|move|p2a: BENUSAUR|Synthesis|p2a: BENUSAUR
|-heal|p2a: BENUSAUR|66/100
|
|upkeep
|turn|21
|
|t:|1660847939
|-start|p1a: Xerneas|Dynamax|
|-heal|p1a: Xerneas|100/100|[silent]
|move|p1a: Xerneas|Max Flare|p2a: BENUSAUR
|-supereffective|p2a: BENUSAUR
|-damage|p2a: BENUSAUR|22/100
|-weather|SunnyDay
|move|p2a: BENUSAUR|Leech Seed|p1a: Xerneas
|-start|p1a: Xerneas|move: Leech Seed
|
|-weather|SunnyDay|[upkeep]
|-damage|p1a: Xerneas|94/100|[from] Leech Seed|[of] p2a: BENUSAUR
|-heal|p2a: BENUSAUR|38/100|[silent]
|upkeep
|turn|22
|
|t:|1660847944
|move|p2a: BENUSAUR|Protect|p2a: BENUSAUR
|-singleturn|p2a: BENUSAUR|Protect
|move|p1a: Xerneas|Max Flare|p2a: BENUSAUR
|-supereffective|p2a: BENUSAUR
|-zbroken|p2a: BENUSAUR
|-damage|p2a: BENUSAUR|22/100
|
|-weather|SunnyDay|[upkeep]
|-damage|p1a: Xerneas|88/100|[from] Leech Seed|[of] p2a: BENUSAUR
|-heal|p2a: BENUSAUR|37/100|[silent]
|upkeep
|turn|23
|
|t:|1660847952
|switch|p2a: Tinkerbelle|Arceus-Fairy|100/100
|-damage|p2a: Tinkerbelle|88/100|[from] Stealth Rock
|move|p1a: Xerneas|Max Flare|p2a: Tinkerbelle
|-damage|p2a: Tinkerbelle|25/100
|
|-weather|SunnyDay|[upkeep]
|-damage|p1a: Xerneas|82/100|[from] Leech Seed|[of] p2a: Tinkerbelle
|-heal|p2a: Tinkerbelle|38/100|[silent]
|upkeep
|-end|p1a: Xerneas|Dynamax
|-heal|p1a: Xerneas|82/100|[silent]
|turn|24
|
|t:|1660847955
|move|p1a: Xerneas|Moonblast|p2a: Tinkerbelle
|-damage|p2a: Tinkerbelle|0 fnt
|faint|p2a: Tinkerbelle
|
|-weather|SunnyDay|[upkeep]
|upkeep
|
|t:|1660847958
|switch|p2a: BENUSAUR|Venusaur-Mega, F, shiny|37/100
|-damage|p2a: BENUSAUR|25/100|[from] Stealth Rock
|turn|25
|
|t:|1660847962
|move|p2a: BENUSAUR|Protect|p2a: BENUSAUR
|-singleturn|p2a: BENUSAUR|Protect
|move|p1a: Xerneas|Hidden Power|p2a: BENUSAUR
|-activate|p2a: BENUSAUR|move: Protect
|
|-weather|none
|-damage|p1a: Xerneas|69/100|[from] Leech Seed|[of] p2a: BENUSAUR
|-heal|p2a: BENUSAUR|41/100|[silent]
|upkeep
|turn|26
|
|t:|1660847968
|move|p1a: Xerneas|Hidden Power|p2a: BENUSAUR
|-supereffective|p2a: BENUSAUR
|-damage|p2a: BENUSAUR|18/100
|move|p2a: BENUSAUR|Synthesis|p2a: BENUSAUR
|-heal|p2a: BENUSAUR|68/100
|
|-damage|p1a: Xerneas|57/100|[from] Leech Seed|[of] p2a: BENUSAUR
|-heal|p2a: BENUSAUR|83/100|[silent]
|upkeep
|turn|27
|
|t:|1660847975
|move|p1a: Xerneas|Moonblast|p2a: BENUSAUR
|-resisted|p2a: BENUSAUR
|-damage|p2a: BENUSAUR|49/100
|move|p2a: BENUSAUR|Sludge Bomb|p1a: Xerneas
|-supereffective|p1a: Xerneas
|-damage|p1a: Xerneas|32/100
|-status|p1a: Xerneas|psn
|
|-damage|p1a: Xerneas|19/100 psn|[from] Leech Seed|[of] p2a: BENUSAUR
|-heal|p2a: BENUSAUR|65/100|[silent]
|-damage|p1a: Xerneas|7/100 psn|[from] psn
|upkeep
|turn|28
|
|t:|1660847983
|move|p1a: Xerneas|Moonblast|p2a: BENUSAUR
|-resisted|p2a: BENUSAUR
|-damage|p2a: BENUSAUR|26/100
|-unboost|p2a: BENUSAUR|spa|1
|move|p2a: BENUSAUR|Synthesis|p2a: BENUSAUR
|-heal|p2a: BENUSAUR|76/100
|
|-damage|p1a: Xerneas|0 fnt|[from] Leech Seed|[of] p2a: BENUSAUR
|-heal|p2a: BENUSAUR|84/100|[silent]
|faint|p1a: Xerneas
|upkeep
|
|t:|1660847985
|switch|p1a: Rayquaza|Rayquaza-Mega|84/100 par
|-weather|DeltaStream|[from] ability: Delta Stream|[of] p1a: Rayquaza
|turn|29
|
|t:|1660847993
|switch|p2a: Big Body|Necrozma-Dusk-Mane, shiny|40/100
|-damage|p2a: Big Body|34/100|[from] Stealth Rock
|cant|p1a: Rayquaza|par
|
|-weather|DeltaStream|[upkeep]
|upkeep
|turn|30
|
|t:|1660847995
|move|p2a: Big Body|Stealth Rock|p1a: Rayquaza
|-sidestart|p1: amnael1|move: Stealth Rock
|move|p1a: Rayquaza|Earthquake|p2a: Big Body
|-supereffective|p2a: Big Body
|-damage|p2a: Big Body|2/100
|
|-weather|DeltaStream|[upkeep]
|upkeep
|turn|31
|
|t:|1660847998
|move|p2a: Big Body|Sunsteel Strike|p1a: Rayquaza
|-damage|p1a: Rayquaza|38/100 par
|move|p1a: Rayquaza|Earthquake|p2a: Big Body
|-supereffective|p2a: Big Body
|-damage|p2a: Big Body|0 fnt
|faint|p2a: Big Body
|
|-weather|DeltaStream|[upkeep]
|upkeep
|
|t:|1660848001
|switch|p2a: Carter Slade|Calyrex-Shadow|100/100
|-ability|p2a: Carter Slade|As One
|-ability|p2a: Carter Slade|Unnerve
|-damage|p2a: Carter Slade|88/100|[from] Stealth Rock
|turn|32
|
|t:|1660848005
|-weather|none
|switch|p1a: Smeargle|Smeargle, F|1/100
|-damage|p1a: Smeargle|0 fnt|[from] Stealth Rock
|faint|p1a: Smeargle
|move|p2a: Carter Slade|Astral Barrage|p1: Smeargle|[notarget]
|-fail|p2a: Carter Slade
|
|upkeep
|c|☆LazyWRLD|gg
|
|t:|1660848007
|switch|p1a: Groudon|Groudon-Primal|61/100
|-damage|p1a: Groudon|48/100|[from] Stealth Rock
|-weather|DesolateLand|[from] ability: Desolate Land|[of] p1a: Groudon
|turn|33
|
|t:|1660848009
|move|p2a: Carter Slade|Astral Barrage|p1a: Groudon
|-damage|p1a: Groudon|0 fnt
|faint|p1a: Groudon
|-weather|none
|-ability|p2a: Carter Slade|Grim Neigh|boost
|-boost|p2a: Carter Slade|spa|1
|
|upkeep
|-message|amnael1 forfeited.
|l|☆amnael1
|inactive|amnael1 disconnected and has a minute to reconnect!
|player|p1|
|
|win|LazyWRLD
|raw|amnael1's rating: 1888 &rarr; <strong>1859</strong><br />(-29 for losing)
|raw|LazyWRLD's rating: 1729 &rarr; <strong>1758</strong><br />(+29 for winning)
|j|☆amnael1
|player|p1|amnael1|dawn
|l|☆amnael1
|player|p1|
|c| TaxFraud094|Venusaur is based as hell
|c|☆LazyWRLD|u would be surprised
|l| TaxFraud094
|c|☆LazyWRLD|this thing puts in alot of work
|c| SweeperGatr|that thing is phat
||Ladder isn't responding, score probably updated but might not have (Request timeout).
