|j|☆DiegoDM©
|j|☆Nobodi_Nowan
|t:|1654636960
|gametype|singles
|player|p1|DiegoDM©|wikstrom|1781
|player|p2|Nobodi_Nowan|acerola|1722
|teamsize|p1|6
|teamsize|p2|6
|gen|8
|tier|[Gen 8] National Dex AG
|rated|
|rule|HP Percentage Mod: HP is shown in percentages
|rule|Endless Battle Clause: Forcing endless battles is banned
|clearpoke
|poke|p1|Deoxys-Attack|
|poke|p1|Calyrex-Shadow|
|poke|p1|Lugia|
|poke|p1|Xerneas-*|
|poke|p1|Rayquaza|
|poke|p1|Yveltal|
|poke|p2|Forretress, M|
|poke|p2|Arceus-*|
|poke|p2|Kyogre|
|poke|p2|Calyrex-Shadow|
|poke|p2|Zacian-*|
|poke|p2|Rayquaza|
|teampreview
|inactive|Battle timer is ON: inactive players will automatically lose when time's up. (requested by DiegoDM©)
|
|t:|1654636984
|start
|switch|p1a: Xerneas|Xerneas|100/100
|switch|p2a: Forretress|Forretress, M|100/100
|-ability|p1a: Xerneas|Fairy Aura
|turn|1
|
|t:|1654636990
|move|p1a: Xerneas|Geomancy||[still]
|-prepare|p1a: Xerneas|Geomancy
|-enditem|p1a: Xerneas|Power Herb
|-anim|p1a: Xerneas|Geomancy|p1a: Xerneas
|-boost|p1a: Xerneas|spa|2
|-boost|p1a: Xerneas|spd|2
|-boost|p1a: Xerneas|spe|2
|move|p2a: Forretress|Volt Switch|p1a: Xerneas
|-damage|p1a: Xerneas|96/100
|
|t:|1654636998
|switch|p2a: Arceus|Arceus|100/100|[from]move: Volt Switch
|
|upkeep
|turn|2
|
|t:|1654637010
|-start|p2a: Arceus|Dynamax|
|-heal|p2a: Arceus|100/100|[silent]
|move|p2a: Arceus|Max Guard|p2a: Arceus
|-singleturn|p2a: Arceus|Max Guard
|move|p1a: Xerneas|Moonblast|p2a: Arceus
|-activate|p2a: Arceus|move: Max Guard
|
|upkeep
|turn|3
|
|t:|1654637016
|move|p1a: Xerneas|Moonblast|p2a: Arceus
|-damage|p2a: Arceus|47/100
|move|p2a: Arceus|Max Strike|p1a: Xerneas
|-damage|p1a: Xerneas|44/100
|-unboost|p1a: Xerneas|spe|1
|
|upkeep
|turn|4
|
|t:|1654637034
|move|p1a: Xerneas|Moonblast|p2a: Arceus
|-damage|p2a: Arceus|0 fnt
|faint|p2a: Arceus
|
|upkeep
|
|t:|1654637046
|switch|p2a: Rayquaza|Rayquaza|100/100
|-ability|p2a: Rayquaza|Air Lock
|turn|5
|
|t:|1654637058
|move|p2a: Rayquaza|Endure|p2a: Rayquaza
|-singleturn|p2a: Rayquaza|move: Endure
|move|p1a: Xerneas|Moonblast|p2a: Rayquaza
|-supereffective|p2a: Rayquaza
|-activate|p2a: Rayquaza|move: Endure
|-damage|p2a: Rayquaza|1/100
|
|upkeep
|turn|6
|-enditem|p2a: Rayquaza|Custap Berry|[eat]
|-activate|p2a: Rayquaza|item: Custap Berry|[consumed]
|
|t:|1654637065
|detailschange|p2a: Rayquaza|Rayquaza-Mega
|-mega|p2a: Rayquaza|Rayquaza|
|-weather|DeltaStream|[from] ability: Delta Stream|[of] p2a: Rayquaza
|move|p2a: Rayquaza|Dragon Ascent|p1a: Xerneas
|-damage|p1a: Xerneas|0 fnt
|-unboost|p2a: Rayquaza|def|1
|-unboost|p2a: Rayquaza|spd|1
|faint|p1a: Xerneas
|
|-weather|DeltaStream|[upkeep]
|upkeep
|
|t:|1654637070
|switch|p1a: Deoxys|Deoxys-Attack|100/100
|-ability|p1a: Deoxys|Pressure
|turn|7
|
|t:|1654637077
|move|p1a: Deoxys|Stealth Rock|p2a: Rayquaza
|-sidestart|p2: Nobodi_Nowan|move: Stealth Rock
|move|p2a: Rayquaza|Dragon Ascent|p1a: Deoxys
|-enditem|p1a: Deoxys|Focus Sash
|-damage|p1a: Deoxys|1/100
|-unboost|p2a: Rayquaza|def|1
|-unboost|p2a: Rayquaza|spd|1
|
|-weather|DeltaStream|[upkeep]
|upkeep
|turn|8
|
|t:|1654637085
|-weather|none
|switch|p2a: Forretress|Forretress, M|100/100
|-damage|p2a: Forretress|88/100|[from] Stealth Rock
|move|p1a: Deoxys|Extreme Speed|p2a: Forretress
|-resisted|p2a: Forretress
|-damage|p2a: Forretress|80/100
|
|-heal|p2a: Forretress|86/100|[from] item: Leftovers
|upkeep
|turn|9
|
|t:|1654637094
|move|p1a: Deoxys|Taunt|p2a: Forretress
|-start|p2a: Forretress|move: Taunt
|cant|p2a: Forretress|move: Taunt|Stealth Rock
|
|-heal|p2a: Forretress|92/100|[from] item: Leftovers
|upkeep
|turn|10
|
|t:|1654637101
|move|p1a: Deoxys|Thunderbolt|p2a: Forretress
|-damage|p2a: Forretress|38/100
|move|p2a: Forretress|Rapid Spin|p1a: Deoxys
|-damage|p1a: Deoxys|0 fnt
|-boost|p2a: Forretress|spe|1
|-sideend|p2: Nobodi_Nowan|Stealth Rock|[from] move: Rapid Spin|[of] p2a: Forretress
|faint|p1a: Deoxys
|
|-heal|p2a: Forretress|44/100|[from] item: Leftovers
|upkeep
|
|t:|1654637112
|switch|p1a: Yveltal|Yveltal|100/100
|-ability|p1a: Yveltal|Dark Aura
|turn|11
|
|t:|1654637116
|-start|p1a: Yveltal|Dynamax|
|-heal|p1a: Yveltal|100/100|[silent]
|move|p1a: Yveltal|Max Airstream|p2a: Forretress
|-damage|p2a: Forretress|0 fnt
|-boost|p1a: Yveltal|spe|1
|faint|p2a: Forretress
|-damage|p1a: Yveltal|96/100|[from] item: Life Orb
|
|upkeep
|
|t:|1654637127
|switch|p2a: Zacian|Zacian-Crowned|100/100
|-ability|p2a: Zacian|Intrepid Sword|boost
|-boost|p2a: Zacian|atk|1
|turn|12
|
|t:|1654637137
|move|p1a: Yveltal|Max Flare|p2a: Zacian
|-supereffective|p2a: Zacian
|-damage|p2a: Zacian|0 fnt
|-weather|SunnyDay
|faint|p2a: Zacian
|-damage|p1a: Yveltal|91/100|[from] item: Life Orb
|
|-weather|SunnyDay|[upkeep]
|upkeep
|-message|Nobodi_Nowan forfeited.
|
|win|DiegoDM©
|raw|DiegoDM©'s rating: 1781 &rarr; <strong>1798</strong><br />(+17 for winning)
|raw|Nobodi_Nowan's rating: 1722 &rarr; <strong>1705</strong><br />(-17 for losing)
|l|☆Nobodi_Nowan
||Ladder isn't responding, score probably updated but might not have (Request timeout).
