|j|☆niun
|j|☆Nazari7395
|t:|1602833852
|player|p1|niun|266|1580
|player|p2|Nazari7395|hilbert|1332
|teamsize|p1|6
|teamsize|p2|6
|gametype|singles
|gen|8
|tier|[Gen 8] National Dex AG
|rated|
|clearpoke
|poke|p1|Zacian-Crowned|
|poke|p1|Heatran, F|
|poke|p1|Zygarde|
|poke|p1|Marshadow|
|poke|p1|Arceus-*|
|poke|p1|Rayquaza|
|poke|p2|Greninja, M|
|poke|p2|Serperior, F|
|poke|p2|Sharpedo, M|
|poke|p2|Solgaleo|
|poke|p2|Jirachi|
|poke|p2|Slurpuff, F|
|rule|HP Percentage Mod: HP is shown in percentages
|rule|Endless Battle Clause: Forcing endless battles is banned
|teampreview
|c|☆Nazari7395|hi
|j| Pceice
|
|t:|1602833868
|start
|switch|p1a: Heatran|Heatran, F|100/100
|switch|p2a: Meitte|Slurpuff, F, shiny|100/100
|turn|1
|
|t:|1602833875
|move|p2a: Meitte|Sticky Web|p1a: Heatran
|-sidestart|p1: niun|move: Sticky Web
|move|p1a: Heatran|Roar|p2a: Meitte
|drag|p2a: Sharky|Sharpedo, M|100/100
|
|upkeep
|turn|2
|l| Pceice
|
|t:|1602833880
|move|p2a: Sharky|Protect|p2a: Sharky
|-singleturn|p2a: Sharky|Protect
|move|p1a: Heatran|Stealth Rock|p2a: Sharky
|-sidestart|p2: Nazari7395|move: Stealth Rock
|
|-ability|p2a: Sharky|Speed Boost|boost
|-boost|p2a: Sharky|spe|1
|upkeep
|turn|3
|
|t:|1602833893
|detailschange|p2a: Sharky|Sharpedo-Mega, M
|-mega|p2a: Sharky|Sharpedo|Sharpedonite
|move|p2a: Sharky|Liquidation|p1a: Heatran
|-supereffective|p1a: Heatran
|-damage|p1a: Heatran|13/100
|-unboost|p1a: Heatran|def|1
|move|p1a: Heatran|Roar|p2a: Sharky
|drag|p2a: Greninja-Nas|Greninja, M|100/100
|-damage|p2a: Greninja-Nas|88/100|[from] Stealth Rock
|
|-heal|p1a: Heatran|20/100|[from] item: Leftovers
|upkeep
|turn|4
|
|t:|1602833905
|switch|p1a: Arceus|Arceus-Water|100/100
|-activate|p1a: Arceus|move: Sticky Web
|-unboost|p1a: Arceus|spe|1
|move|p2a: Greninja-Nas|Water Shuriken|p1a: Arceus
|-resisted|p1a: Arceus
|-damage|p1a: Arceus|98/100
|-resisted|p1a: Arceus
|-damage|p1a: Arceus|96/100
|-hitcount|p1a: Arceus|2
|
|upkeep
|turn|5
|
|t:|1602833918
|move|p2a: Greninja-Nas|Grass Knot|p1a: Arceus
|-supereffective|p1a: Arceus
|-damage|p1a: Arceus|50/100
|move|p1a: Arceus|Judgment|p2a: Greninja-Nas
|-resisted|p2a: Greninja-Nas
|-damage|p2a: Greninja-Nas|46/100
|
|upkeep
|turn|6
|
|t:|1602833929
|move|p2a: Greninja-Nas|Grass Knot|p1a: Arceus
|-supereffective|p1a: Arceus
|-damage|p1a: Arceus|3/100
|move|p1a: Arceus|Perish Song|p1a: Arceus
|-start|p1a: Arceus|perish3|[silent]
|-start|p2a: Greninja-Nas|perish3|[silent]
|-fieldactivate|move: Perish Song
|
|-start|p2a: Greninja-Nas|perish3
|-start|p1a: Arceus|perish3
|upkeep
|turn|7
|
|t:|1602833939
|move|p2a: Greninja-Nas|Water Shuriken|p1a: Arceus
|-resisted|p1a: Arceus
|-damage|p1a: Arceus|1/100
|-resisted|p1a: Arceus
|-damage|p1a: Arceus|0 fnt
|-hitcount|p1a: Arceus|2
|faint|p1a: Arceus
|-activate|p2a: Greninja-Nas|ability: Battle Bond
|detailschange|p2a: Greninja-Nas|Greninja-Ash, M
|
|-start|p2a: Greninja-Nas|perish2
|upkeep
|
|t:|1602833949
|switch|p1a: Heatran|Heatran, F|20/100
|-activate|p1a: Heatran|move: Sticky Web
|-unboost|p1a: Heatran|spe|1
|turn|8
|
|t:|1602833953
|move|p2a: Greninja-Nas|Water Shuriken|p1a: Heatran
|-supereffective|p1a: Heatran
|-damage|p1a: Heatran|4/100
|-supereffective|p1a: Heatran
|-damage|p1a: Heatran|0 fnt
|-hitcount|p1a: Heatran|2
|faint|p1a: Heatran
|
|-start|p2a: Greninja-Nas|perish1
|upkeep
|
|t:|1602833966
|switch|p1a: Zacian|Zacian-Crowned|100/100
|-activate|p1a: Zacian|move: Sticky Web
|-unboost|p1a: Zacian|spe|1
|-ability|p1a: Zacian|Intrepid Sword|boost
|-boost|p1a: Zacian|atk|1
|turn|9
|
|t:|1602833980
|move|p2a: Greninja-Nas|Grass Knot|p1a: Zacian
|-resisted|p1a: Zacian
|-damage|p1a: Zacian|78/100
|move|p1a: Zacian|Wild Charge|p2a: Greninja-Nas
|-supereffective|p2a: Greninja-Nas
|-damage|p2a: Greninja-Nas|0 fnt
|-damage|p1a: Zacian|68/100|[from] Recoil
|faint|p2a: Greninja-Nas
|
|upkeep
|
|t:|1602833998
|switch|p2a: Solgaleo|Solgaleo|100/100
|-damage|p2a: Solgaleo|94/100|[from] Stealth Rock
|turn|10
|
|t:|1602834004
|-zpower|p2a: Solgaleo
|move|p2a: Solgaleo|Searing Sunraze Smash|p1a: Zacian|[zeffect]
|-damage|p1a: Zacian|0 fnt
|faint|p1a: Zacian
|
|upkeep
|
|t:|1602834021
|switch|p1a: Zygarde|Zygarde|100/100
|-activate|p1a: Zygarde|move: Sticky Web
|-unboost|p1a: Zygarde|spe|1
|turn|11
|
|t:|1602834026
|move|p2a: Solgaleo|Sunsteel Strike|p1a: Zygarde
|-damage|p1a: Zygarde|61/100
|move|p1a: Zygarde|Glare|p2a: Solgaleo
|-status|p2a: Solgaleo|par
|
|-heal|p1a: Zygarde|67/100|[from] item: Leftovers
|upkeep
|turn|12
|
|t:|1602834034
|move|p2a: Solgaleo|Sunsteel Strike|p1a: Zygarde
|-damage|p1a: Zygarde|31/100
|move|p1a: Zygarde|Coil|p1a: Zygarde
|-boost|p1a: Zygarde|atk|1
|-boost|p1a: Zygarde|def|1
|-boost|p1a: Zygarde|accuracy|1
|
|-heal|p1a: Zygarde|37/100|[from] item: Leftovers
|-activate|p1a: Zygarde|ability: Power Construct
|detailschange|p1a: Zygarde|Zygarde-Complete
|-heal|p1a: Zygarde|59/100|[silent]
|upkeep
|turn|13
|
|t:|1602834047
|cant|p2a: Solgaleo|par
|move|p1a: Zygarde|Thousand Arrows|p2a: Solgaleo
|-supereffective|p2a: Solgaleo
|-damage|p2a: Solgaleo|20/100 par
|
|-heal|p1a: Zygarde|65/100|[from] item: Leftovers
|upkeep
|turn|14
|
|t:|1602834058
|move|p2a: Solgaleo|Sunsteel Strike|p1a: Zygarde
|-damage|p1a: Zygarde|49/100
|move|p1a: Zygarde|Coil|p1a: Zygarde
|-boost|p1a: Zygarde|atk|1
|-boost|p1a: Zygarde|def|1
|-boost|p1a: Zygarde|accuracy|1
|
|-heal|p1a: Zygarde|55/100|[from] item: Leftovers
|upkeep
|turn|15
|
|t:|1602834070
|move|p2a: Solgaleo|Zen Headbutt|p1a: Zygarde
|-damage|p1a: Zygarde|46/100
|cant|p1a: Zygarde|flinch
|
|-heal|p1a: Zygarde|52/100|[from] item: Leftovers
|upkeep
|turn|16
|
|t:|1602834077
|move|p2a: Solgaleo|Sunsteel Strike|p1a: Zygarde
|-damage|p1a: Zygarde|39/100
|move|p1a: Zygarde|Thousand Arrows|p2a: Solgaleo
|-supereffective|p2a: Solgaleo
|-damage|p2a: Solgaleo|0 fnt
|faint|p2a: Solgaleo
|
|-heal|p1a: Zygarde|45/100|[from] item: Leftovers
|upkeep
|
|t:|1602834079
|switch|p2a: Banana|Serperior, F, shiny|100/100
|-damage|p2a: Banana|88/100|[from] Stealth Rock
|turn|17
|
|t:|1602834092
|-start|p2a: Banana|Dynamax
|-heal|p2a: Banana|88/100|[silent]
|-start|p1a: Zygarde|Dynamax
|-heal|p1a: Zygarde|45/100|[silent]
|move|p2a: Banana|Max Overgrowth|p1a: Zygarde
|-damage|p1a: Zygarde|36/100
|-fieldstart|move: Grassy Terrain
|move|p1a: Zygarde|Max Steelspike|p2a: Banana
|-damage|p2a: Banana|53/100
|-boost|p1a: Zygarde|def|1
|
|-heal|p2a: Banana|56/100|[from] item: Leftovers
|-heal|p2a: Banana|59/100|[from] Grassy Terrain
|-heal|p1a: Zygarde|39/100|[from] item: Leftovers
|-heal|p1a: Zygarde|42/100|[from] Grassy Terrain
|upkeep
|turn|18
|
|t:|1602834109
|move|p2a: Banana|Max Wyrmwind|p1a: Zygarde
|-supereffective|p1a: Zygarde
|-damage|p1a: Zygarde|29/100
|-unboost|p1a: Zygarde|atk|1
|move|p1a: Zygarde|Max Quake|p2a: Banana
|-resisted|p2a: Banana
|-damage|p2a: Banana|38/100
|-boost|p1a: Zygarde|spd|1
|
|-heal|p2a: Banana|41/100|[from] item: Leftovers
|-heal|p2a: Banana|44/100|[from] Grassy Terrain
|-heal|p1a: Zygarde|32/100|[from] item: Leftovers
|-heal|p1a: Zygarde|35/100|[from] Grassy Terrain
|upkeep
|turn|19
|
|t:|1602834123
|move|p2a: Banana|Max Wyrmwind|p1a: Zygarde
|-supereffective|p1a: Zygarde
|-damage|p1a: Zygarde|27/100
|-unboost|p1a: Zygarde|atk|1
|move|p1a: Zygarde|Max Steelspike|p2a: Banana
|-damage|p2a: Banana|28/100
|-boost|p1a: Zygarde|def|1
|
|-heal|p2a: Banana|31/100|[from] item: Leftovers
|-heal|p2a: Banana|34/100|[from] Grassy Terrain
|-heal|p1a: Zygarde|30/100|[from] item: Leftovers
|-heal|p1a: Zygarde|33/100|[from] Grassy Terrain
|-end|p2a: Banana|Dynamax
|-heal|p2a: Banana|34/100|[silent]
|-end|p1a: Zygarde|Dynamax
|-heal|p1a: Zygarde|33/100|[silent]
|upkeep
|turn|20
|
|t:|1602834142
|move|p2a: Banana|Leaf Storm|p1a: Zygarde
|-damage|p1a: Zygarde|17/100
|-boost|p2a: Banana|spa|2
|move|p1a: Zygarde|Glare|p2a: Banana
|-status|p2a: Banana|par
|
|-heal|p2a: Banana|40/100 par|[from] item: Leftovers
|-heal|p2a: Banana|46/100 par|[from] Grassy Terrain
|-heal|p1a: Zygarde|23/100|[from] item: Leftovers
|-heal|p1a: Zygarde|29/100|[from] Grassy Terrain
|upkeep
|turn|21
|
|t:|1602834164
|move|p2a: Banana|Leaf Storm|p1a: Zygarde
|-damage|p1a: Zygarde|0 fnt
|-boost|p2a: Banana|spa|2
|faint|p1a: Zygarde
|
|-heal|p2a: Banana|52/100 par|[from] item: Leftovers
|-heal|p2a: Banana|59/100 par|[from] Grassy Terrain
|-fieldend|move: Grassy Terrain
|upkeep
|
|t:|1602834171
|switch|p1a: Rayquaza|Rayquaza|100/100
|-ability|p1a: Rayquaza|Air Lock
|turn|22
|
|t:|1602834177
|detailschange|p1a: Rayquaza|Rayquaza-Mega
|-mega|p1a: Rayquaza|Rayquaza|
|-weather|DeltaStream|[from] ability: Delta Stream|[of] p1a: Rayquaza
|move|p1a: Rayquaza|Dragon Ascent|p2a: Banana
|-supereffective|p2a: Banana
|-damage|p2a: Banana|0 fnt
|-unboost|p1a: Rayquaza|def|1
|-unboost|p1a: Rayquaza|spd|1
|faint|p2a: Banana
|
|-weather|DeltaStream|[upkeep]
|upkeep
|
|t:|1602834190
|switch|p2a: Star|Jirachi, shiny|100/100
|-damage|p2a: Star|94/100|[from] Stealth Rock
|turn|23
|
|t:|1602834196
|move|p2a: Star|Iron Head|p1a: Rayquaza
|-damage|p1a: Rayquaza|53/100
|move|p1a: Rayquaza|Surf|p2a: Star
|-damage|p2a: Star|62/100
|
|-weather|DeltaStream|[upkeep]
|upkeep
|turn|24
|
|t:|1602834206
|move|p2a: Star|Iron Head|p1a: Rayquaza
|-damage|p1a: Rayquaza|3/100
|cant|p1a: Rayquaza|flinch
|
|-weather|DeltaStream|[upkeep]
|upkeep
|turn|25
|
|t:|1602834213
|move|p1a: Rayquaza|Extreme Speed|p2a: Star
|-resisted|p2a: Star
|-damage|p2a: Star|46/100
|move|p2a: Star|Iron Head|p1a: Rayquaza
|-damage|p1a: Rayquaza|0 fnt
|faint|p1a: Rayquaza
|-weather|none
|
|upkeep
|-message|niun forfeited.
|
|win|Nazari7395
|l|☆niun
|raw|niun's rating: 1580 &rarr; <strong>1548</strong><br />(-32 for losing)
|raw|Nazari7395's rating: 1333 &rarr; <strong>1365</strong><br />(+32 for winning)
