|j|☆NiteFurry
|j|☆JAY100064
|t:|1621880545
|gametype|singles
|player|p1|NiteFurry|pokemaniac|1252
|player|p2|JAY100064|101|1342
|teamsize|p1|6
|teamsize|p2|6
|gen|8
|tier|[Gen 8] National Dex AG
|rated|
|rule|HP Percentage Mod: HP is shown in percentages
|rule|Endless Battle Clause: Forcing endless battles is banned
|clearpoke
|poke|p1|Calyrex-Shadow|
|poke|p1|Raichu-Alola, F|
|poke|p1|Diancie|
|poke|p1|Eternatus|
|poke|p1|Corviknight, M|
|poke|p1|Charizard, M|
|poke|p2|Blissey, F|
|poke|p2|Skarmory, M|
|poke|p2|Tyranitar, M|
|poke|p2|Starmie|
|poke|p2|Metagross|
|poke|p2|Breloom, M|
|teampreview
|
|t:|1621880555
|start
|switch|p1a: cart titan|Calyrex-Shadow|100/100
|switch|p2a: Breloom|Breloom, M, shiny|100/100
|-ability|p1a: cart titan|As One
|-ability|p1a: cart titan|Unnerve
|turn|1
|
|t:|1621880566
|switch|p2a: Tyranitar|Tyranitar, M, shiny|100/100
|-weather|Sandstorm|[from] ability: Sand Stream|[of] p2a: Tyranitar
|move|p1a: cart titan|Psyshock|p2a: Tyranitar
|-immune|p2a: Tyranitar
|
|-weather|Sandstorm|[upkeep]
|-damage|p1a: cart titan|94/100|[from] Sandstorm
|upkeep
|turn|2
|
|t:|1621880582
|detailschange|p2a: Tyranitar|Tyranitar-Mega, M, shiny
|-mega|p2a: Tyranitar|Tyranitar|Tyranitarite
|move|p1a: cart titan|Draining Kiss|p2a: Tyranitar
|-supereffective|p2a: Tyranitar
|-damage|p2a: Tyranitar|73/100
|-heal|p1a: cart titan|100/100|[from] drain|[of] p2a: Tyranitar
|move|p2a: Tyranitar|Substitute|p2a: Tyranitar
|-start|p2a: Tyranitar|Substitute
|-damage|p2a: Tyranitar|48/100
|
|-weather|Sandstorm|[upkeep]
|-damage|p1a: cart titan|94/100|[from] Sandstorm
|upkeep
|turn|3
|
|t:|1621880594
|switch|p1a: female titan|Diancie, shiny|100/100
|move|p2a: Tyranitar|Crunch|p1a: female titan
|-resisted|p1a: female titan
|-damage|p1a: female titan|80/100
|
|-weather|Sandstorm|[upkeep]
|upkeep
|turn|4
|
|t:|1621880607
|-singleturn|p2a: Tyranitar|move: Focus Punch
|detailschange|p1a: female titan|Diancie-Mega, shiny
|-mega|p1a: female titan|Diancie|Diancite
|move|p1a: female titan|Moonblast|p2a: Tyranitar
|-supereffective|p2a: Tyranitar
|-end|p2a: Tyranitar|Substitute
|move|p2a: Tyranitar|Focus Punch|p1a: female titan
|-damage|p1a: female titan|14/100
|
|-weather|Sandstorm|[upkeep]
|upkeep
|turn|5
|
|t:|1621880631
|switch|p2a: Metagross|Metagross, shiny|100/100
|move|p1a: female titan|Moonblast|p2a: Metagross
|-resisted|p2a: Metagross
|-damage|p2a: Metagross|68/100
|
|-weather|none
|upkeep
|turn|6
|
|t:|1621880645
|switch|p1a: founding titan|Charizard, M, shiny|100/100
|move|p2a: Metagross|Agility|p2a: Metagross
|-boost|p2a: Metagross|spe|2
|
|upkeep
|turn|7
|
|t:|1621880657
|-start|p1a: founding titan|Dynamax
|-heal|p1a: founding titan|100/100|[silent]
|move|p2a: Metagross|Explosion|p1a: founding titan
|-damage|p1a: founding titan|10/100
|faint|p2a: Metagross
|move|p1a: founding titan|Max Flare|p2: Metagross|[notarget]
|-fail|p1a: founding titan
|
|upkeep
|c|☆NiteFurry|...
|
|t:|1621880680
|switch|p2a: Blissey|Blissey, F, shiny|100/100
|turn|8
|
|t:|1621880697
|move|p1a: founding titan|Max Flare|p2a: Blissey
|-damage|p2a: Blissey|81/100
|-weather|SunnyDay
|move|p2a: Blissey|Toxic|p1a: founding titan|[miss]
|-miss|p2a: Blissey|p1a: founding titan
|
|-weather|SunnyDay|[upkeep]
|-damage|p1a: founding titan|4/100|[from] ability: Solar Power|[of] p1a: founding titan
|-heal|p2a: Blissey|88/100|[from] item: Leftovers
|upkeep
|turn|9
|
|t:|1621880713
|move|p1a: founding titan|Max Flare|p2a: Blissey
|-damage|p2a: Blissey|44/100
|move|p2a: Blissey|Toxic|p1a: founding titan
|-status|p1a: founding titan|tox
|
|-weather|SunnyDay|[upkeep]
|-damage|p1a: founding titan|0 fnt|[from] ability: Solar Power|[of] p1a: founding titan
|faint|p1a: founding titan
|-heal|p2a: Blissey|50/100|[from] item: Leftovers
|upkeep
|
|t:|1621880727
|switch|p1a: armored titan|Corviknight, M, shiny|100/100
|turn|10
|
|t:|1621880736
|move|p1a: armored titan|Body Press|p2a: Blissey
|-supereffective|p2a: Blissey
|-damage|p2a: Blissey|0 fnt
|faint|p2a: Blissey
|
|-weather|SunnyDay|[upkeep]
|upkeep
|
|t:|1621880762
|switch|p2a: Starmie|Starmie, shiny|100/100
|turn|11
|
|t:|1621880770
|-start|p2a: Starmie|Dynamax
|-heal|p2a: Starmie|100/100|[silent]
|move|p2a: Starmie|Max Lightning|p1a: armored titan
|-supereffective|p1a: armored titan
|-damage|p1a: armored titan|43/100
|-fieldstart|move: Electric Terrain
|move|p1a: armored titan|U-turn|p2a: Starmie
|-supereffective|p2a: Starmie
|-damage|p2a: Starmie|81/100
|
|t:|1621880779
|switch|p1a: war hammer titan|Raichu-Alola, F, shiny|100/100|[from]move: U-turn
|
|-weather|SunnyDay|[upkeep]
|upkeep
|turn|12
|
|t:|1621880791
|move|p1a: war hammer titan|Thunderbolt|p2a: Starmie
|-supereffective|p2a: Starmie
|-damage|p2a: Starmie|36/100
|move|p2a: Starmie|Max Hailstorm|p1a: war hammer titan
|-damage|p1a: war hammer titan|55/100
|-weather|Hail
|
|-weather|Hail|[upkeep]
|-damage|p1a: war hammer titan|49/100|[from] Hail
|-damage|p2a: Starmie|33/100|[from] Hail
|upkeep
|turn|13
|inactive|Battle timer is ON: inactive players will automatically lose when time's up. (requested by JAY100064)
|
|t:|1621880820
|move|p1a: war hammer titan|Thunderbolt|p2a: Starmie
|-supereffective|p2a: Starmie
|-damage|p2a: Starmie|0 fnt
|faint|p2a: Starmie
|
|-weather|Hail|[upkeep]
|-damage|p1a: war hammer titan|43/100|[from] Hail
|upkeep
|
|t:|1621880835
|switch|p2a: Tyranitar|Tyranitar-Mega, M, shiny|48/100
|-weather|Sandstorm|[from] ability: Sand Stream|[of] p2a: Tyranitar
|turn|14
|
|t:|1621880842
|move|p1a: war hammer titan|Surf|p2a: Tyranitar
|-supereffective|p2a: Tyranitar
|-damage|p2a: Tyranitar|20/100
|move|p2a: Tyranitar|Substitute|p2a: Tyranitar
|-fail|p2a: Tyranitar|move: Substitute|[weak]
|
|-weather|Sandstorm|[upkeep]
|-damage|p1a: war hammer titan|37/100|[from] Sandstorm
|upkeep
|turn|15
|
|t:|1621880854
|move|p1a: war hammer titan|Surf|p2a: Tyranitar
|-supereffective|p2a: Tyranitar
|-damage|p2a: Tyranitar|0 fnt
|faint|p2a: Tyranitar
|
|-weather|Sandstorm|[upkeep]
|-damage|p1a: war hammer titan|31/100|[from] Sandstorm
|-fieldend|move: Electric Terrain
|upkeep
|
|t:|1621880873
|switch|p2a: Breloom|Breloom, M, shiny|100/100
|turn|16
|
|t:|1621880878
|move|p1a: war hammer titan|Psychic|p2a: Breloom
|-supereffective|p2a: Breloom
|-damage|p2a: Breloom|0 fnt
|faint|p2a: Breloom
|
|-weather|Sandstorm|[upkeep]
|-damage|p1a: war hammer titan|25/100|[from] Sandstorm
|-enditem|p1a: war hammer titan|Salac Berry|[eat]
|-boost|p1a: war hammer titan|spe|1|[from] item: Salac Berry
|upkeep
|-message|JAY100064 forfeited.
|
|win|NiteFurry
|l|☆JAY100064
|raw|NiteFurry's rating: 1252 &rarr; <strong>1283</strong><br />(+31 for winning)
|raw|JAY100064's rating: 1342 &rarr; <strong>1317</strong><br />(-25 for losing)
||Ladder isn't responding, score probably updated but might not have (Request timeout).
