|j|☆TwTv Bepersch
|j|☆amnael01
|t:|1645912323
|gametype|singles
|player|p1|TwTv Bepersch|ramos|1681
|player|p2|amnael01|dawn|1861
|teamsize|p1|6
|teamsize|p2|6
|gen|8
|tier|[Gen 8] National Dex AG
|rated|
|rule|HP Percentage Mod: HP is shown in percentages
|rule|Endless Battle Clause: Forcing endless battles is banned
|clearpoke
|poke|p1|Yveltal|
|poke|p1|Deoxys-Speed|
|poke|p1|Zacian-*|
|poke|p1|Eternatus|
|poke|p1|Ditto|
|poke|p1|Calyrex-Shadow|
|poke|p2|Smeargle, M|
|poke|p2|Groudon|
|poke|p2|Espeon, F|
|poke|p2|Rayquaza|
|poke|p2|Xerneas-*|
|poke|p2|Zacian-*|
|teampreview
|
|t:|1645912329
|start
|switch|p1a: Ditto|Ditto|100/100
|switch|p2a: Espeon|Espeon, F|100/100
|-transform|p1a: Ditto|p2a: Espeon|[from] ability: Imposter
|turn|1
|inactive|Battle timer is ON: inactive players will automatically lose when time's up. (requested by amnael01)
|
|t:|1645912334
|move|p1a: Ditto|Baton Pass|p1a: Ditto
|
|t:|1645912337
|switch|p1a: Yveltal|Yveltal|100/100|[from]move: Baton Pass
|-ability|p1a: Yveltal|Dark Aura
|move|p2a: Espeon|Shadow Ball|p1a: Yveltal
|-resisted|p1a: Yveltal
|-damage|p1a: Yveltal|89/100
|
|upkeep
|turn|2
|
|t:|1645912341
|switch|p2a: Zacian|Zacian-Crowned|100/100
|-ability|p2a: Zacian|Intrepid Sword|boost
|-boost|p2a: Zacian|atk|1
|move|p1a: Yveltal|Dark Pulse|p2a: Zacian
|-resisted|p2a: Zacian
|-crit|p2a: Zacian
|-damage|p2a: Zacian|51/100
|-damage|p1a: Yveltal|79/100|[from] item: Life Orb
|
|upkeep
|turn|3
|
|t:|1645912346
|switch|p1a: Deoxys|Deoxys-Speed|100/100
|-ability|p1a: Deoxys|Pressure
|move|p2a: Zacian|Behemoth Blade|p1a: Deoxys
|-enditem|p1a: Deoxys|Focus Sash
|-damage|p1a: Deoxys|1/100
|
|upkeep
|turn|4
|
|t:|1645912349
|switch|p2a: Espeon|Espeon, F|100/100
|move|p1a: Deoxys|Knock Off|p2a: Espeon
|-supereffective|p2a: Espeon
|-damage|p2a: Espeon|23/100
|-enditem|p2a: Espeon|Focus Sash|[from] move: Knock Off|[of] p1a: Deoxys
|
|upkeep
|turn|5
|
|t:|1645912353
|move|p1a: Deoxys|Knock Off|p2a: Espeon
|-supereffective|p2a: Espeon
|-damage|p2a: Espeon|0 fnt
|faint|p2a: Espeon
|
|upkeep
|
|t:|1645912355
|switch|p2a: Rayquaza|Rayquaza|100/100
|-ability|p2a: Rayquaza|Air Lock
|turn|6
|
|t:|1645912357
|switch|p1a: Calyrex|Calyrex-Shadow|100/100
|-ability|p1a: Calyrex|As One
|-ability|p1a: Calyrex|Unnerve
|detailschange|p2a: Rayquaza|Rayquaza-Mega
|-mega|p2a: Rayquaza|Rayquaza|
|-weather|DeltaStream|[from] ability: Delta Stream|[of] p2a: Rayquaza
|move|p2a: Rayquaza|Extreme Speed|p1a: Calyrex
|-immune|p1a: Calyrex
|
|-weather|DeltaStream|[upkeep]
|upkeep
|turn|7
|
|t:|1645912361
|move|p1a: Calyrex|Psyshock|p2a: Rayquaza
|-damage|p2a: Rayquaza|51/100
|move|p2a: Rayquaza|Dragon Dance|p2a: Rayquaza
|-boost|p2a: Rayquaza|atk|1
|-boost|p2a: Rayquaza|spe|1
|
|-weather|DeltaStream|[upkeep]
|upkeep
|turn|8
|
|t:|1645912366
|move|p1a: Calyrex|Psyshock|p2a: Rayquaza
|-damage|p2a: Rayquaza|0 fnt
|faint|p2a: Rayquaza
|-weather|none
|-ability|p1a: Calyrex|Grim Neigh|boost
|-boost|p1a: Calyrex|spa|1
|
|upkeep
|
|t:|1645912370
|switch|p2a: Zacian|Zacian-Crowned|51/100
|-ability|p2a: Zacian|Intrepid Sword|boost
|-boost|p2a: Zacian|atk|1
|turn|9
|
|t:|1645912383
|switch|p1a: Yveltal|Yveltal|79/100
|-ability|p1a: Yveltal|Dark Aura
|move|p2a: Zacian|Behemoth Blade|p1a: Yveltal
|-damage|p1a: Yveltal|0 fnt
|faint|p1a: Yveltal
|
|upkeep
|
|t:|1645912384
|switch|p1a: Deoxys|Deoxys-Speed|1/100
|-ability|p1a: Deoxys|Pressure
|turn|10
|
|t:|1645912387
|switch|p2a: Smeargle|Smeargle, M|100/100
|move|p1a: Deoxys|Stealth Rock|p2a: Smeargle
|-sidestart|p2: amnael01|move: Stealth Rock
|
|-ability|p2a: Smeargle|Moody|boost
|-boost|p2a: Smeargle|def|2
|-unboost|p2a: Smeargle|spa|1
|upkeep
|turn|11
|j| ewewew44
|
|t:|1645912392
|move|p2a: Smeargle|Spiky Shield|p2a: Smeargle
|-singleturn|p2a: Smeargle|move: Protect
|move|p1a: Deoxys|Taunt|p2a: Smeargle
|-activate|p2a: Smeargle|move: Protect
|
|-ability|p2a: Smeargle|Moody|boost
|-boost|p2a: Smeargle|def|2
|-unboost|p2a: Smeargle|atk|1
|upkeep
|turn|12
|
|t:|1645912396
|switch|p2a: Zacian|Zacian-Crowned|51/100
|-damage|p2a: Zacian|45/100|[from] Stealth Rock
|-ability|p2a: Zacian|Intrepid Sword|boost
|-boost|p2a: Zacian|atk|1
|move|p1a: Deoxys|Taunt|p2a: Zacian
|-start|p2a: Zacian|move: Taunt
|
|upkeep
|turn|13
|
|t:|1645912399
|move|p1a: Deoxys|Knock Off|p2a: Zacian
|-resisted|p2a: Zacian
|-damage|p2a: Zacian|39/100
|move|p2a: Zacian|Behemoth Blade|p1a: Deoxys
|-damage|p1a: Deoxys|0 fnt
|faint|p1a: Deoxys
|
|upkeep
|
|t:|1645912402
|switch|p1a: Calyrex|Calyrex-Shadow|100/100
|-ability|p1a: Calyrex|As One
|-ability|p1a: Calyrex|Unnerve
|turn|14
|
|t:|1645912405
|move|p1a: Calyrex|Astral Barrage|p2a: Zacian
|-damage|p2a: Zacian|0 fnt
|faint|p2a: Zacian
|-ability|p1a: Calyrex|Grim Neigh|boost
|-boost|p1a: Calyrex|spa|1
|
|upkeep
|
|t:|1645912407
|switch|p2a: Smeargle|Smeargle, M|100/100
|-damage|p2a: Smeargle|88/100|[from] Stealth Rock
|turn|15
|
|t:|1645912411
|-start|p1a: Calyrex|Dynamax
|-heal|p1a: Calyrex|100/100|[silent]
|move|p1a: Calyrex|Max Mindstorm|p2a: Smeargle
|-damage|p2a: Smeargle|0 fnt
|-fieldstart|move: Psychic Terrain
|faint|p2a: Smeargle
|-ability|p1a: Calyrex|Grim Neigh|boost
|-boost|p1a: Calyrex|spa|1
|
|upkeep
|
|t:|1645912416
|switch|p2a: Xerneas|Xerneas|100/100
|-damage|p2a: Xerneas|88/100|[from] Stealth Rock
|-ability|p2a: Xerneas|Fairy Aura
|turn|16
|
|t:|1645912419
|-start|p2a: Xerneas|Dynamax
|-heal|p2a: Xerneas|88/100|[silent]
|move|p2a: Xerneas|Max Guard|p2a: Xerneas
|-singleturn|p2a: Xerneas|Max Guard
|move|p1a: Calyrex|Max Phantasm|p2a: Xerneas
|-activate|p2a: Xerneas|move: Max Guard
|
|upkeep
|turn|17
|
|t:|1645912422
|move|p2a: Xerneas|Max Guard||[still]
|-fail|p2a: Xerneas
|move|p1a: Calyrex|Max Phantasm|p2a: Xerneas
|-damage|p2a: Xerneas|26/100
|-unboost|p2a: Xerneas|def|1
|
|-end|p1a: Calyrex|Dynamax
|-heal|p1a: Calyrex|100/100|[silent]
|upkeep
|turn|18
|
|t:|1645912425
|move|p1a: Calyrex|Astral Barrage|p2a: Xerneas
|-damage|p2a: Xerneas|0 fnt
|faint|p2a: Xerneas
|-ability|p1a: Calyrex|Grim Neigh|boost
|-boost|p1a: Calyrex|spa|1
|
|upkeep
|
|t:|1645912427
|switch|p2a: Groudon|Groudon|100/100
|-damage|p2a: Groudon|94/100|[from] Stealth Rock
|detailschange|p2a: Groudon|Groudon-Primal
|-primal|p2a: Groudon
|-weather|DesolateLand|[from] ability: Desolate Land|[of] p2a: Groudon
|turn|19
|
|t:|1645912430
|move|p1a: Calyrex|Astral Barrage|p2a: Groudon
|-damage|p2a: Groudon|0 fnt
|faint|p2a: Groudon
|-weather|none
|
|win|TwTv Bepersch
|raw|TwTv Bepersch's rating: 1681 &rarr; <strong>1711</strong><br />(+30 for winning)
|raw|amnael01's rating: 1861 &rarr; <strong>1831</strong><br />(-30 for losing)
|l|☆amnael01
||Ladder isn't responding, score probably updated but might not have (Request timeout).
