|j|☆Alice_Finnemore
|j|☆KabutoBv
|t:|1658191345
|gametype|singles
|player|p1|Alice_Finnemore|cynthia|
|player|p2|KabutoBv|riley|
|teamsize|p1|6
|teamsize|p2|6
|gen|8
|tier|[Gen 8] National Dex AG
|rule|HP Percentage Mod: HP is shown in percentages
|rule|Endless Battle Clause: Forcing endless battles is banned
|clearpoke
|poke|p1|Zygarde|
|poke|p1|Ho-Oh|
|poke|p1|Yveltal|
|poke|p1|Necrozma-Dusk-Mane|
|poke|p1|Rayquaza|
|poke|p1|Zacian-*|
|poke|p2|Rayquaza|
|poke|p2|Groudon|
|poke|p2|Kyogre|
|poke|p2|Xerneas-*|
|poke|p2|Zacian-*|
|poke|p2|Ditto|
|teampreview
|inactive|Battle timer is ON: inactive players will automatically lose when time's up. (requested by Alice_Finnemore)
|
|t:|1658191352
|start
|switch|p1a: Necrozma|Necrozma-Dusk-Mane|100/100
|switch|p2a: Groudon|Groudon|100/100
|detailschange|p2a: Groudon|Groudon-Primal
|-primal|p2a: Groudon
|-weather|DesolateLand|[from] ability: Desolate Land|[of] p2a: Groudon
|turn|1
|
|t:|1658191357
|move|p1a: Necrozma|Toxic|p2a: Groudon
|-status|p2a: Groudon|tox
|move|p2a: Groudon|Dragon Tail|p1a: Necrozma
|-resisted|p1a: Necrozma
|-damage|p1a: Necrozma|93/100
|drag|p1a: Zygarde|Zygarde|100/100
|
|-weather|DesolateLand|[upkeep]
|-damage|p2a: Groudon|94/100 tox|[from] psn
|upkeep
|turn|2
|
|t:|1658191365
|move|p1a: Zygarde|Coil|p1a: Zygarde
|-boost|p1a: Zygarde|atk|1
|-boost|p1a: Zygarde|def|1
|-boost|p1a: Zygarde|accuracy|1
|move|p2a: Groudon|Dragon Tail|p1a: Zygarde
|-supereffective|p1a: Zygarde
|-damage|p1a: Zygarde|82/100
|drag|p1a: Rayquaza|Rayquaza|100/100
|-ability|p1a: Rayquaza|Air Lock
|
|-weather|DesolateLand|[upkeep]
|-damage|p2a: Groudon|82/100 tox|[from] psn
|upkeep
|turn|3
|
|t:|1658191373
|move|p1a: Rayquaza|Surf|p2a: Groudon
|-supereffective|p2a: Groudon
|-damage|p2a: Groudon|0 fnt
|faint|p2a: Groudon
|-weather|none
|
|upkeep
|
|t:|1658191376
|switch|p2a: Kyogre|Kyogre|100/100
|detailschange|p2a: Kyogre|Kyogre-Primal
|-primal|p2a: Kyogre
|-weather|PrimordialSea|[from] ability: Primordial Sea|[of] p2a: Kyogre
|turn|4
|
|t:|1658191380
|switch|p1a: Necrozma|Necrozma-Dusk-Mane|93/100
|move|p2a: Kyogre|Calm Mind|p2a: Kyogre
|-boost|p2a: Kyogre|spa|1
|-boost|p2a: Kyogre|spd|1
|
|-weather|PrimordialSea|[upkeep]
|-heal|p1a: Necrozma|99/100|[from] item: Leftovers
|upkeep
|turn|5
|
|t:|1658191384
|move|p2a: Kyogre|Origin Pulse|p1a: Necrozma
|-damage|p1a: Necrozma|0 fnt
|faint|p1a: Necrozma
|
|-weather|PrimordialSea|[upkeep]
|upkeep
|
|t:|1658191388
|switch|p1a: Yveltal|Yveltal|100/100
|-ability|p1a: Yveltal|Dark Aura
|turn|6
|
|t:|1658191392
|-start|p1a: Yveltal|Dynamax|
|-heal|p1a: Yveltal|100/100|[silent]
|move|p1a: Yveltal|Max Airstream|p2a: Kyogre
|-damage|p2a: Kyogre|60/100
|-boost|p1a: Yveltal|spe|1
|-damage|p1a: Yveltal|96/100|[from] item: Life Orb
|move|p2a: Kyogre|Calm Mind|p2a: Kyogre
|-boost|p2a: Kyogre|spa|1
|-boost|p2a: Kyogre|spd|1
|
|-weather|PrimordialSea|[upkeep]
|upkeep
|turn|7
|
|t:|1658191399
|move|p1a: Yveltal|Max Darkness|p2a: Kyogre
|-damage|p2a: Kyogre|18/100
|-unboost|p2a: Kyogre|spd|1
|-damage|p1a: Yveltal|91/100|[from] item: Life Orb
|move|p2a: Kyogre|Thunder|p1a: Yveltal
|-supereffective|p1a: Yveltal
|-damage|p1a: Yveltal|7/100
|
|-weather|PrimordialSea|[upkeep]
|upkeep
|turn|8
|
|t:|1658191404
|move|p1a: Yveltal|Max Airstream|p2a: Kyogre
|-damage|p2a: Kyogre|0 fnt
|-boost|p1a: Yveltal|spe|1
|faint|p2a: Kyogre
|-weather|none
|-damage|p1a: Yveltal|2/100|[from] item: Life Orb
|
|upkeep
|
|t:|1658191406
|switch|p2a: Rayquaza|Rayquaza|100/100
|-ability|p2a: Rayquaza|Air Lock
|-end|p1a: Yveltal|Dynamax
|-heal|p1a: Yveltal|2/100|[silent]
|turn|9
|j| mcflappingston
|
|t:|1658191411
|detailschange|p2a: Rayquaza|Rayquaza-Mega
|-mega|p2a: Rayquaza|Rayquaza|
|-weather|DeltaStream|[from] ability: Delta Stream|[of] p2a: Rayquaza
|move|p2a: Rayquaza|Extreme Speed|p1a: Yveltal
|-damage|p1a: Yveltal|0 fnt
|faint|p1a: Yveltal
|-damage|p2a: Rayquaza|91/100|[from] item: Life Orb
|
|-weather|DeltaStream|[upkeep]
|upkeep
|
|t:|1658191414
|switch|p1a: Zacian|Zacian-Crowned|100/100
|-ability|p1a: Zacian|Intrepid Sword|boost
|-boost|p1a: Zacian|atk|1
|turn|10
|
|t:|1658191424
|-weather|none
|switch|p2a: Zacian|Zacian-Crowned|100/100
|-ability|p2a: Zacian|Intrepid Sword|boost
|-boost|p2a: Zacian|atk|1
|move|p1a: Zacian|Play Rough|p2a: Zacian
|-resisted|p2a: Zacian
|-damage|p2a: Zacian|63/100
|-unboost|p2a: Zacian|atk|1
|
|upkeep
|turn|11
|
|t:|1658191431
|move|p1a: Zacian|Close Combat|p2a: Zacian
|-damage|p2a: Zacian|0 fnt
|-unboost|p1a: Zacian|def|1
|-unboost|p1a: Zacian|spd|1
|faint|p2a: Zacian
|
|upkeep
|
|t:|1658191435
|switch|p2a: Ditto|Ditto|100/100
|-transform|p2a: Ditto|p1a: Zacian|[from] ability: Imposter
|-ability|p2a: Ditto|Intrepid Sword|boost
|-boost|p2a: Ditto|atk|1
|turn|12
|
|t:|1658191446
|switch|p1a: Zygarde|Zygarde|82/100
|move|p2a: Ditto|Close Combat|p1a: Zygarde
|-damage|p1a: Zygarde|29/100
|-unboost|p2a: Ditto|def|1
|-unboost|p2a: Ditto|spd|1
|
|-heal|p1a: Zygarde|35/100|[from] item: Leftovers
|-activate|p1a: Zygarde|ability: Power Construct
|detailschange|p1a: Zygarde|Zygarde-Complete
|-heal|p1a: Zygarde|58/100|[silent]
|upkeep
|turn|13
|
|t:|1658191454
|switch|p2a: Rayquaza|Rayquaza-Mega|91/100
|-weather|DeltaStream|[from] ability: Delta Stream|[of] p2a: Rayquaza
|move|p1a: Zygarde|Glare|p2a: Rayquaza
|-status|p2a: Rayquaza|par
|
|-weather|DeltaStream|[upkeep]
|-heal|p1a: Zygarde|64/100|[from] item: Leftovers
|upkeep
|turn|14
|
|t:|1658191459
|move|p1a: Zygarde|Coil|p1a: Zygarde
|-boost|p1a: Zygarde|atk|1
|-boost|p1a: Zygarde|def|1
|-boost|p1a: Zygarde|accuracy|1
|move|p2a: Rayquaza|Dragon Dance|p2a: Rayquaza
|-boost|p2a: Rayquaza|atk|1
|-boost|p2a: Rayquaza|spe|1
|
|-weather|DeltaStream|[upkeep]
|-heal|p1a: Zygarde|70/100|[from] item: Leftovers
|upkeep
|turn|15
|
|t:|1658191465
|move|p2a: Rayquaza|Dragon Ascent|p1a: Zygarde
|-damage|p1a: Zygarde|33/100
|-unboost|p2a: Rayquaza|def|1
|-unboost|p2a: Rayquaza|spd|1
|-damage|p2a: Rayquaza|81/100 par|[from] item: Life Orb
|move|p1a: Zygarde|Thousand Arrows|p2a: Rayquaza
|-damage|p2a: Rayquaza|13/100 par
|-start|p2a: Rayquaza|Smack Down
|
|-weather|DeltaStream|[upkeep]
|-heal|p1a: Zygarde|39/100|[from] item: Leftovers
|upkeep
|turn|16
|
|t:|1658191474
|cant|p2a: Rayquaza|par
|move|p1a: Zygarde|Thousand Arrows|p2a: Rayquaza
|-damage|p2a: Rayquaza|0 fnt
|faint|p2a: Rayquaza
|-weather|none
|
|-heal|p1a: Zygarde|45/100|[from] item: Leftovers
|upkeep
|
|t:|1658191476
|switch|p2a: Xerneas|Xerneas|100/100
|-ability|p2a: Xerneas|Fairy Aura
|turn|17
|
|t:|1658191485
|move|p2a: Xerneas|Geomancy||[still]
|-prepare|p2a: Xerneas|Geomancy
|-enditem|p2a: Xerneas|Power Herb
|-anim|p2a: Xerneas|Geomancy|p2a: Xerneas
|-boost|p2a: Xerneas|spa|2
|-boost|p2a: Xerneas|spd|2
|-boost|p2a: Xerneas|spe|2
|move|p1a: Zygarde|Glare|p2a: Xerneas
|-status|p2a: Xerneas|par
|
|-heal|p1a: Zygarde|51/100|[from] item: Leftovers
|upkeep
|turn|18
|
|t:|1658191488
|cant|p2a: Xerneas|par
|move|p1a: Zygarde|Thousand Arrows|p2a: Xerneas
|-damage|p2a: Xerneas|56/100 par
|
|-heal|p1a: Zygarde|58/100|[from] item: Leftovers
|upkeep
|turn|19
|
|t:|1658191490
|move|p2a: Xerneas|Moonblast|p1a: Zygarde
|-supereffective|p1a: Zygarde
|-damage|p1a: Zygarde|0 fnt
|faint|p1a: Zygarde
|
|upkeep
|
|t:|1658191493
|switch|p1a: Ho-Oh|Ho-Oh|100/100
|turn|20
|
|t:|1658191495
|-start|p2a: Xerneas|Dynamax|
|-heal|p2a: Xerneas|56/100 par|[silent]
|cant|p2a: Xerneas|par
|move|p1a: Ho-Oh|Whirlwind|p2a: Xerneas
|-block|p2a: Xerneas|Dynamax
|
|upkeep
|turn|21
|
|t:|1658191507
|switch|p1a: Zacian|Zacian-Crowned|100/100
|-ability|p1a: Zacian|Intrepid Sword|boost
|-boost|p1a: Zacian|atk|1
|cant|p2a: Xerneas|par
|
|upkeep
|turn|22
|
|t:|1658191513
|move|p1a: Zacian|Substitute|p1a: Zacian
|-start|p1a: Zacian|Substitute
|-damage|p1a: Zacian|76/100
|cant|p2a: Xerneas|par
|
|upkeep
|-end|p2a: Xerneas|Dynamax
|-heal|p2a: Xerneas|56/100 par|[silent]
|turn|23
|
|t:|1658191517
|move|p1a: Zacian|Play Rough|p2a: Xerneas
|-damage|p2a: Xerneas|0 fnt
|faint|p2a: Xerneas
|
|upkeep
|c|☆KabutoBv|Nooo
|c|☆Alice_Finnemore|ja
|c|☆KabutoBv|Los 3 turnos se paralizó xD
|
|t:|1658191528
|switch|p2a: Ditto|Ditto|100/100
|turn|24
|c|☆Alice_Finnemore|este team lo acabo de crear
|
|t:|1658191533
|move|p1a: Zacian|Play Rough|p2a: Ditto|[miss]
|-miss|p1a: Zacian|p2a: Ditto
|move|p2a: Ditto|Transform||[still]
|-fail|p2a: Ditto
|
|upkeep
|turn|25
|c|☆KabutoBv|Esta re op
|
|t:|1658191544
|move|p1a: Zacian|Play Rough|p2a: Ditto
|-damage|p2a: Ditto|0 fnt
|faint|p2a: Ditto
|
|win|Alice_Finnemore
|c|☆Alice_Finnemore|otro
|l|☆Alice_Finnemore
|c|☆KabutoBv|Vava
|l|☆KabutoBv
