|j|☆NOAH MK2
|j|☆Whitedevil12345678
|t:|1665467676
|gametype|singles
|player|p1|NOAH MK2|265|1735
|player|p2|Whitedevil12345678|blue-gen3two|2037
|teamsize|p1|6
|teamsize|p2|6
|gen|8
|tier|[Gen 8] National Dex AG
|rated|
|rule|HP Percentage Mod: HP is shown in percentages
|rule|Endless Battle Clause: Forcing endless battles is banned
|clearpoke
|poke|p1|Marshadow|
|poke|p1|Ditto|
|poke|p1|Whimsicott, M|
|poke|p1|Klefki, M|
|poke|p1|Rayquaza|
|poke|p1|Calyrex-Shadow|
|poke|p2|Necrozma-Dusk-Mane|
|poke|p2|Yveltal|
|poke|p2|Zygarde|
|poke|p2|Arceus-*|
|poke|p2|Ditto|
|poke|p2|Arceus-*|
|teampreview
|inactive|Battle timer is ON: inactive players will automatically lose when time's up. (requested by Whitedevil12345678)
|
|t:|1665467689
|start
|switch|p1a: Calyrex|Calyrex-Shadow|100/100
|switch|p2a: Yveltal|Yveltal, shiny|100/100
|-ability|p1a: Calyrex|As One
|-ability|p1a: Calyrex|Unnerve
|-ability|p2a: Yveltal|Dark Aura
|turn|1
|
|t:|1665467694
|switch|p1a: Klefki|Klefki, M|100/100
|move|p2a: Yveltal|Knock Off|p1a: Klefki
|-resisted|p1a: Klefki
|-damage|p1a: Klefki|76/100
|-enditem|p1a: Klefki|Light Clay|[from] move: Knock Off|[of] p2a: Yveltal
|
|upkeep
|turn|2
|
|t:|1665467699
|move|p1a: Klefki|Reflect|p1a: Klefki
|-sidestart|p1: NOAH MK2|Reflect
|move|p2a: Yveltal|U-turn|p1a: Klefki
|-resisted|p1a: Klefki
|-damage|p1a: Klefki|74/100
|
|t:|1665467711
|switch|p2a: Necrozma|Necrozma-Dusk-Mane|100/100|[from]move: U-turn
|
|upkeep
|turn|3
|
|t:|1665467717
|switch|p1a: Calyrex|Calyrex-Shadow|100/100
|-ability|p1a: Calyrex|As One
|-ability|p1a: Calyrex|Unnerve
|move|p2a: Necrozma|Stealth Rock|p1a: Calyrex
|-sidestart|p1: NOAH MK2|move: Stealth Rock
|
|upkeep
|turn|4
|
|t:|1665467720
|switch|p2a: Yveltal|Yveltal, shiny|100/100
|-ability|p2a: Yveltal|Dark Aura
|move|p1a: Calyrex|Nasty Plot|p1a: Calyrex
|-boost|p1a: Calyrex|spa|2
|
|upkeep
|turn|5
|
|t:|1665467726
|-start|p1a: Calyrex|Dynamax|
|-heal|p1a: Calyrex|100/100|[silent]
|move|p1a: Calyrex|Max Starfall|p2a: Yveltal
|-supereffective|p2a: Yveltal
|-damage|p2a: Yveltal|10/100
|-fieldstart|move: Misty Terrain
|move|p2a: Yveltal|Knock Off|p1a: Calyrex
|-supereffective|p1a: Calyrex
|-damage|p1a: Calyrex|38/100
|-enditem|p1a: Calyrex|Focus Sash|[from] move: Knock Off|[of] p2a: Yveltal
|
|upkeep
|turn|6
|
|t:|1665467750
|move|p1a: Calyrex|Max Phantasm|p2a: Yveltal
|-resisted|p2a: Yveltal
|-damage|p2a: Yveltal|0 fnt
|faint|p2a: Yveltal
|-ability|p1a: Calyrex|Grim Neigh|boost
|-boost|p1a: Calyrex|spa|1
|
|-sideend|p1: NOAH MK2|Reflect
|upkeep
|
|t:|1665467753
|switch|p2a: Ditto|Ditto, shiny|100/100
|-transform|p2a: Ditto|p1a: Calyrex|[from] ability: Imposter
|turn|7
|
|t:|1665467762
|-end|p1a: Calyrex|Dynamax
|-heal|p1a: Calyrex|38/100|[silent]
|switch|p1a: Whimsicott|Whimsicott, M|100/100
|-damage|p1a: Whimsicott|88/100|[from] Stealth Rock
|move|p2a: Ditto|Astral Barrage|p1a: Whimsicott
|-crit|p1a: Whimsicott
|-damage|p1a: Whimsicott|0 fnt
|faint|p1a: Whimsicott
|-ability|p2a: Ditto|Grim Neigh|boost
|-boost|p2a: Ditto|spa|1
|
|upkeep
|
|t:|1665467765
|switch|p1a: Marshadow|Marshadow|100/100
|-damage|p1a: Marshadow|94/100|[from] Stealth Rock
|turn|8
|
|t:|1665467769
|switch|p2a: Zygarde|Zygarde, shiny|100/100
|move|p1a: Marshadow|Shadow Sneak|p2a: Zygarde
|-damage|p2a: Zygarde|85/100
|
|-heal|p2a: Zygarde|91/100|[from] item: Leftovers
|upkeep
|turn|9
|
|t:|1665467777
|switch|p1a: Klefki|Klefki, M|74/100
|-damage|p1a: Klefki|68/100|[from] Stealth Rock
|switch|p2a: Necrozma|Necrozma-Dusk-Mane|100/100
|
|-fieldend|Misty Terrain
|upkeep
|turn|10
|
|t:|1665467788
|move|p1a: Klefki|Reflect|p1a: Klefki
|-sidestart|p1: NOAH MK2|Reflect
|move|p2a: Necrozma|Sunsteel Strike|p1a: Klefki
|-damage|p1a: Klefki|45/100
|
|upkeep
|turn|11
|
|t:|1665467794
|move|p1a: Klefki|Defog|p2a: Necrozma
|-unboost|p2a: Necrozma|evasion|1
|-sideend|p1: NOAH MK2|Stealth Rock|[from] move: Defog|[of] p1a: Klefki
|move|p2a: Necrozma|Sunsteel Strike|p1a: Klefki
|-damage|p1a: Klefki|24/100
|
|upkeep
|turn|12
|
|t:|1665467797
|switch|p1a: Rayquaza|Rayquaza|100/100
|-ability|p1a: Rayquaza|Air Lock
|move|p2a: Necrozma|Stealth Rock|p1a: Rayquaza
|-sidestart|p1: NOAH MK2|move: Stealth Rock
|
|upkeep
|turn|13
|
|t:|1665467800
|switch|p2a: Zygarde|Zygarde, shiny|91/100
|detailschange|p1a: Rayquaza|Rayquaza-Mega
|-mega|p1a: Rayquaza|Rayquaza|
|-weather|DeltaStream|[from] ability: Delta Stream|[of] p1a: Rayquaza
|move|p1a: Rayquaza|Dragon Dance|p1a: Rayquaza
|-boost|p1a: Rayquaza|atk|1
|-boost|p1a: Rayquaza|spe|1
|
|-weather|DeltaStream|[upkeep]
|-heal|p2a: Zygarde|98/100|[from] item: Leftovers
|upkeep
|turn|14
|
|t:|1665467807
|move|p1a: Rayquaza|Dragon Ascent|p2a: Zygarde
|-damage|p2a: Zygarde|15/100
|-unboost|p1a: Rayquaza|def|1
|-unboost|p1a: Rayquaza|spd|1
|-damage|p1a: Rayquaza|91/100|[from] item: Life Orb
|move|p2a: Zygarde|Glare|p1a: Rayquaza
|-status|p1a: Rayquaza|par
|
|-weather|DeltaStream|[upkeep]
|-heal|p2a: Zygarde|21/100|[from] item: Leftovers
|-sideend|p1: NOAH MK2|Reflect
|-activate|p2a: Zygarde|ability: Power Construct
|detailschange|p2a: Zygarde|Zygarde-Complete, shiny
|-heal|p2a: Zygarde|48/100|[silent]
|upkeep
|turn|15
|
|t:|1665467825
|switch|p2a: Necrozma|Necrozma-Dusk-Mane|100/100
|move|p1a: Rayquaza|Dragon Ascent|p2a: Necrozma
|-resisted|p2a: Necrozma
|-damage|p2a: Necrozma|54/100
|-unboost|p1a: Rayquaza|def|1
|-unboost|p1a: Rayquaza|spd|1
|-damage|p1a: Rayquaza|74/100 par|[from] item: Rocky Helmet|[of] p2a: Necrozma
|-damage|p1a: Rayquaza|64/100 par|[from] item: Life Orb
|
|-weather|DeltaStream|[upkeep]
|upkeep
|turn|16
|
|t:|1665467833
|switch|p2a: Ditto|Ditto, shiny|100/100
|-transform|p2a: Ditto|p1a: Rayquaza|[from] ability: Imposter
|move|p1a: Rayquaza|Earthquake|p2a: Ditto
|-immune|p2a: Ditto
|
|-weather|DeltaStream|[upkeep]
|upkeep
|turn|17
|
|t:|1665467837
|move|p2a: Ditto|Extreme Speed|p1a: Rayquaza
|-damage|p1a: Rayquaza|0 fnt
|faint|p1a: Rayquaza
|
|-weather|DeltaStream|[upkeep]
|upkeep
|
|t:|1665467840
|switch|p1a: Marshadow|Marshadow|94/100
|-damage|p1a: Marshadow|88/100|[from] Stealth Rock
|turn|18
|
|t:|1665467849
|-weather|none
|switch|p2a: Arceus|Arceus-Fairy|100/100
|move|p1a: Marshadow|Spectral Thief|p2a: Arceus
|-damage|p2a: Arceus|71/100
|
|upkeep
|turn|19
|
|t:|1665467855
|switch|p1a: Klefki|Klefki, M|24/100
|-damage|p1a: Klefki|18/100|[from] Stealth Rock
|move|p2a: Arceus|Judgment|p1a: Klefki
|-resisted|p1a: Klefki
|-damage|p1a: Klefki|0 fnt
|faint|p1a: Klefki
|
|upkeep
|-message|NOAH MK2 forfeited.
|
|win|Whitedevil12345678
|raw|NOAH MK2's rating: 1735 &rarr; <strong>1729</strong><br />(-6 for losing)
|raw|Whitedevil12345678's rating: 2037 &rarr; <strong>2043</strong><br />(+6 for winning)
|l|☆NOAH MK2
