|j|☆ggfdkhhhkh
|j|☆C0ld as Ice
|t:|1648295740
|gametype|singles
|player|p1|ggfdkhhhkh|crasherwake|1683
|player|p2|C0ld as Ice|schoolkid-gen4dp|1804
|teamsize|p1|6
|teamsize|p2|6
|gen|8
|tier|[Gen 8] National Dex AG
|rated|
|rule|HP Percentage Mod: HP is shown in percentages
|rule|Endless Battle Clause: Forcing endless battles is banned
|clearpoke
|poke|p1|Calyrex-Shadow|
|poke|p1|Arceus-*|
|poke|p1|Arceus-*|
|poke|p1|Rayquaza|
|poke|p1|Yveltal|
|poke|p1|Lugia|
|poke|p2|Necrozma-Dusk-Mane|
|poke|p2|Calyrex-Shadow|
|poke|p2|Donphan, F|
|poke|p2|Arceus-*|
|poke|p2|Yveltal|
|poke|p2|Marshadow|
|teampreview
|inactive|Battle timer is ON: inactive players will automatically lose when time's up. (requested by ggfdkhhhkh)
|inactive|C0ld as Ice also wants the timer to be on.
|
|t:|1648295767
|start
|switch|p1a: Arceus|Arceus-Ground|100/100
|switch|p2a: Donphan|Donphan, F|100/100
|turn|1
|
|t:|1648295778
|move|p1a: Arceus|Swords Dance|p1a: Arceus
|-boost|p1a: Arceus|atk|2
|move|p2a: Donphan|Stealth Rock|p1a: Arceus
|-sidestart|p1: ggfdkhhhkh|move: Stealth Rock
|
|upkeep
|turn|2
|
|t:|1648295784
|move|p1a: Arceus|Earthquake|p2a: Donphan
|-damage|p2a: Donphan|23/100
|move|p2a: Donphan|Toxic|p1a: Arceus
|-status|p1a: Arceus|tox
|
|-damage|p1a: Arceus|94/100 tox|[from] psn
|upkeep
|turn|3
|
|t:|1648295788
|move|p1a: Arceus|Earthquake|p2a: Donphan
|-damage|p2a: Donphan|0 fnt
|faint|p2a: Donphan
|
|-damage|p1a: Arceus|82/100 tox|[from] psn
|upkeep
|
|t:|1648295790
|switch|p2a: Marshadow|Marshadow|100/100
|turn|4
|
|t:|1648295805
|switch|p1a: Arceus|Arceus-Steel|100/100
|-damage|p1a: Arceus|94/100|[from] Stealth Rock
|move|p2a: Marshadow|Spectral Thief|p1a: Arceus
|-damage|p1a: Arceus|60/100
|
|upkeep
|turn|5
|
|t:|1648295813
|switch|p1a: Lugia|Lugia|100/100
|move|p2a: Marshadow|Close Combat|p1a: Lugia
|-resisted|p1a: Lugia
|-damage|p1a: Lugia|97/100
|-unboost|p2a: Marshadow|def|1
|-unboost|p2a: Marshadow|spd|1
|
|upkeep
|turn|6
|
|t:|1648295817
|switch|p2a: Necrozma|Necrozma-Dusk-Mane|100/100
|move|p1a: Lugia|Defog|p2a: Necrozma
|-unboost|p2a: Necrozma|evasion|1
|-sideend|p1: ggfdkhhhkh|Stealth Rock|[from] move: Defog|[of] p1a: Lugia
|
|upkeep
|turn|7
|
|t:|1648295826
|switch|p2a: Arceus|Arceus|100/100
|move|p1a: Lugia|Thunder Wave|p2a: Arceus
|-status|p2a: Arceus|par
|
|upkeep
|turn|8
|
|t:|1648295832
|move|p1a: Lugia|Roost|p1a: Lugia
|-heal|p1a: Lugia|100/100
|-singleturn|p1a: Lugia|move: Roost
|move|p2a: Arceus|Swords Dance|p2a: Arceus
|-boost|p2a: Arceus|atk|2
|
|upkeep
|turn|9
|
|t:|1648295835
|move|p2a: Arceus|Will-O-Wisp|p1a: Lugia
|-status|p1a: Lugia|brn
|move|p1a: Lugia|Whirlwind|p2a: Arceus
|drag|p2a: Necrozma|Necrozma-Dusk-Mane|100/100
|
|-damage|p1a: Lugia|94/100 brn|[from] brn
|upkeep
|turn|10
|
|t:|1648295840
|switch|p2a: Arceus|Arceus|100/100 par
|move|p1a: Lugia|Thunder Wave|p2a: Arceus
|-fail|p2a: Arceus|par
|
|-damage|p1a: Lugia|88/100 brn|[from] brn
|upkeep
|turn|11
|
|t:|1648295844
|move|p2a: Arceus|Swords Dance|p2a: Arceus
|-boost|p2a: Arceus|atk|2
|move|p1a: Lugia|Whirlwind|p2a: Arceus
|drag|p2a: Marshadow|Marshadow|100/100
|
|-damage|p1a: Lugia|82/100 brn|[from] brn
|upkeep
|turn|12
|
|t:|1648295849
|switch|p2a: Arceus|Arceus|100/100 par
|move|p1a: Lugia|Roost|p1a: Lugia
|-heal|p1a: Lugia|100/100 brn
|-singleturn|p1a: Lugia|move: Roost
|
|-damage|p1a: Lugia|94/100 brn|[from] brn
|upkeep
|turn|13
|
|t:|1648295867
|move|p2a: Arceus|Swords Dance|p2a: Arceus
|-boost|p2a: Arceus|atk|2
|move|p1a: Lugia|Whirlwind|p2a: Arceus
|drag|p2a: Barry|Calyrex-Shadow|100/100
|-ability|p2a: Barry|As One
|-ability|p2a: Barry|Unnerve
|
|-damage|p1a: Lugia|88/100 brn|[from] brn
|upkeep
|turn|14
|
|t:|1648295876
|switch|p2a: Arceus|Arceus|100/100 par
|switch|p1a: Yveltal|Yveltal|100/100
|-ability|p1a: Yveltal|Dark Aura
|
|upkeep
|turn|15
|
|t:|1648295881
|-start|p1a: Yveltal|Dynamax
|-heal|p1a: Yveltal|100/100|[silent]
|move|p1a: Yveltal|Max Airstream|p2a: Arceus
|-damage|p2a: Arceus|29/100 par
|-boost|p1a: Yveltal|spe|1
|-damage|p1a: Yveltal|96/100|[from] item: Life Orb
|cant|p2a: Arceus|par
|
|upkeep
|turn|16
|
|t:|1648295884
|move|p2a: Arceus|Extreme Speed|p1a: Yveltal
|-damage|p1a: Yveltal|77/100
|move|p1a: Yveltal|Max Airstream|p2a: Arceus
|-damage|p2a: Arceus|0 fnt
|-boost|p1a: Yveltal|spe|1
|faint|p2a: Arceus
|-damage|p1a: Yveltal|72/100|[from] item: Life Orb
|
|upkeep
|
|t:|1648295889
|switch|p2a: Drake|Yveltal|100/100
|-ability|p2a: Drake|Dark Aura
|turn|17
|
|t:|1648295893
|-start|p2a: Drake|Dynamax
|-heal|p2a: Drake|100/100|[silent]
|move|p2a: Drake|Max Guard|p2a: Drake
|-singleturn|p2a: Drake|Max Guard
|move|p1a: Yveltal|Max Airstream|p2a: Drake
|-activate|p2a: Drake|move: Max Guard
|
|-end|p1a: Yveltal|Dynamax
|-heal|p1a: Yveltal|72/100|[silent]
|upkeep
|turn|18
|
|t:|1648295906
|move|p1a: Yveltal|Oblivion Wing|p2a: Drake
|-damage|p2a: Drake|77/100
|-heal|p1a: Yveltal|100/100|[from] drain|[of] p2a: Drake
|-damage|p1a: Yveltal|91/100|[from] item: Life Orb
|move|p2a: Drake|Max Airstream|p1a: Yveltal
|-damage|p1a: Yveltal|0 fnt
|-boost|p2a: Drake|spe|1
|faint|p1a: Yveltal
|-damage|p2a: Drake|73/100|[from] item: Life Orb
|
|upkeep
|
|t:|1648295934
|switch|p1a: Arceus|Arceus-Steel|60/100
|turn|19
|
|t:|1648295944
|move|p2a: Drake|Max Darkness|p1a: Arceus
|-damage|p1a: Arceus|0 fnt
|faint|p1a: Arceus
|-damage|p2a: Drake|68/100|[from] item: Life Orb
|
|-end|p2a: Drake|Dynamax
|-heal|p2a: Drake|68/100|[silent]
|upkeep
|
|t:|1648295952
|switch|p1a: Rayquaza|Rayquaza|100/100
|-ability|p1a: Rayquaza|Air Lock
|turn|20
|inactive|C0ld as Ice has 120 seconds left.
|
|t:|1648295997
|detailschange|p1a: Rayquaza|Rayquaza-Mega
|-mega|p1a: Rayquaza|Rayquaza|
|-weather|DeltaStream|[from] ability: Delta Stream|[of] p1a: Rayquaza
|move|p2a: Drake|Dark Pulse|p1a: Rayquaza
|-damage|p1a: Rayquaza|22/100
|-damage|p2a: Drake|58/100|[from] item: Life Orb
|move|p1a: Rayquaza|Dragon Dance|p1a: Rayquaza
|-boost|p1a: Rayquaza|atk|1
|-boost|p1a: Rayquaza|spe|1
|
|-weather|DeltaStream|[upkeep]
|upkeep
|turn|21
|
|t:|1648296000
|move|p1a: Rayquaza|Dragon Ascent|p2a: Drake
|-damage|p2a: Drake|0 fnt
|-unboost|p1a: Rayquaza|def|1
|-unboost|p1a: Rayquaza|spd|1
|faint|p2a: Drake
|-damage|p1a: Rayquaza|12/100|[from] item: Life Orb
|
|-weather|DeltaStream|[upkeep]
|upkeep
|inactive|C0ld as Ice has 120 seconds left.
|
|t:|1648296008
|switch|p2a: Marshadow|Marshadow|100/100
|turn|22
|
|t:|1648296011
|move|p1a: Rayquaza|Dragon Ascent|p2a: Marshadow
|-supereffective|p2a: Marshadow
|-enditem|p2a: Marshadow|Focus Sash
|-damage|p2a: Marshadow|1/100
|-unboost|p1a: Rayquaza|def|1
|-unboost|p1a: Rayquaza|spd|1
|-damage|p1a: Rayquaza|2/100|[from] item: Life Orb
|move|p2a: Marshadow|Spectral Thief||[still]
|-clearpositiveboost|p1a: Rayquaza|p2a: Marshadow|move: Spectral Thief
|-boost|p2a: Marshadow|atk|1
|-boost|p2a: Marshadow|spe|1
|-anim|p2a: Marshadow|Spectral Thief|p1a: Rayquaza
|-damage|p1a: Rayquaza|0 fnt
|faint|p1a: Rayquaza
|-weather|none
|
|upkeep
|
|t:|1648296019
|switch|p1a: Arceus|Arceus-Ground|82/100 tox
|turn|23
|inactive|C0ld as Ice has 120 seconds left.
|
|t:|1648296045
|switch|p2a: Barry|Calyrex-Shadow|100/100
|-ability|p2a: Barry|As One
|-ability|p2a: Barry|Unnerve
|move|p1a: Arceus|Earthquake|p2a: Barry
|-damage|p2a: Barry|33/100
|
|-damage|p1a: Arceus|76/100 tox|[from] psn
|upkeep
|turn|24
|
|t:|1648296050
|move|p2a: Barry|Astral Barrage|p1a: Arceus
|-damage|p1a: Arceus|12/100 tox
|-damage|p2a: Barry|23/100|[from] item: Life Orb
|-zpower|p1a: Arceus
|move|p1a: Arceus|Tectonic Rage|p2a: Barry|[zeffect]
|-damage|p2a: Barry|0 fnt
|faint|p2a: Barry
|
|-damage|p1a: Arceus|0 fnt|[from] psn
|faint|p1a: Arceus
|upkeep
|
|t:|1648296056
|switch|p2a: Marshadow|Marshadow|1/100
|switch|p1a: Calyrex|Calyrex-Shadow|100/100
|-ability|p1a: Calyrex|As One
|-ability|p1a: Calyrex|Unnerve
|turn|25
|j| pokemasterelio
|
|t:|1648296058
|move|p2a: Marshadow|Shadow Sneak|p1a: Calyrex
|-supereffective|p1a: Calyrex
|-enditem|p1a: Calyrex|Focus Sash
|-damage|p1a: Calyrex|1/100
|move|p1a: Calyrex|Astral Barrage|p2a: Marshadow
|-supereffective|p2a: Marshadow
|-damage|p2a: Marshadow|0 fnt
|faint|p2a: Marshadow
|-ability|p1a: Calyrex|Grim Neigh|boost
|-boost|p1a: Calyrex|spa|1
|
|upkeep
|c|☆C0ld as Ice|gg
|-message|C0ld as Ice forfeited.
|
|win|ggfdkhhhkh
|raw|ggfdkhhhkh's rating: 1683 &rarr; <strong>1710</strong><br />(+27 for winning)
|raw|C0ld as Ice's rating: 1810 &rarr; <strong>1783</strong><br />(-27 for losing)
|l|☆C0ld as Ice
