|j|☆Leafstorm121❤
|j|☆IB2
|t:|1613965191
|player|p1|Leafstorm121❤|sina|
|player|p2|IB2|waiter-gen4dp|
|teamsize|p1|6
|teamsize|p2|6
|gametype|singles
|gen|8
|tier|[Gen 8] National Dex AG
|rated|Tournament battle
|clearpoke
|poke|p1|Smeargle, F|
|poke|p1|Rayquaza|
|poke|p1|Groudon|
|poke|p1|Yveltal|
|poke|p1|Arceus-*|
|poke|p1|Calyrex-Shadow|
|poke|p2|Sandaconda, F|
|poke|p2|Chandelure, F|
|poke|p2|Cinderace, F|
|poke|p2|Landorus-Therian, M|
|poke|p2|Muk-Alola, M|
|poke|p2|Greninja, M|
|rule|HP Percentage Mod: HP is shown in percentages
|rule|Endless Battle Clause: Forcing endless battles is banned
|teampreview
|
|t:|1613965204
|start
|switch|p1a: Smeargle|Smeargle, F|100/100
|switch|p2a: Cinderace|Cinderace, F|100/100
|turn|1
|
|t:|1613965207
|move|p2a: Cinderace|Double Kick|p1a: Smeargle
|-start|p2a: Cinderace|typechange|Fighting|[from] ability: Libero
|-supereffective|p1a: Smeargle
|-damage|p1a: Smeargle|10/100
|-supereffective|p1a: Smeargle
|-damage|p1a: Smeargle|0 fnt
|-hitcount|p1a: Smeargle|2
|faint|p1a: Smeargle
|
|upkeep
|
|t:|1613965215
|switch|p1a: Groudon|Groudon|100/100
|detailschange|p1a: Groudon|Groudon-Primal
|-primal|p1a: Groudon
|-weather|DesolateLand|[from] ability: Desolate Land|[of] p1a: Groudon
|turn|2
|
|t:|1613965217
|switch|p2a: Landorus|Landorus-Therian, M|100/100
|-ability|p2a: Landorus|Intimidate|boost
|-unboost|p1a: Groudon|atk|1
|move|p1a: Groudon|Stealth Rock|p2a: Landorus
|-sidestart|p2: IB2|move: Stealth Rock
|
|-weather|DesolateLand|[upkeep]
|upkeep
|turn|3
|
|t:|1613965222
|move|p2a: Landorus|Earthquake|p1a: Groudon
|-supereffective|p1a: Groudon
|-damage|p1a: Groudon|22/100
|move|p1a: Groudon|Eruption|p2a: Landorus
|-damage|p2a: Landorus|62/100
|
|-weather|DesolateLand|[upkeep]
|upkeep
|turn|4
|
|t:|1613965230
|move|p2a: Landorus|Rock Slide|p1a: Groudon
|-damage|p1a: Groudon|5/100
|move|p1a: Groudon|Stealth Rock||[still]
|-fail|p1a: Groudon
|
|-weather|DesolateLand|[upkeep]
|upkeep
|turn|5
|
|t:|1613965242
|move|p2a: Landorus|Swords Dance|p2a: Landorus
|-boost|p2a: Landorus|atk|2
|move|p1a: Groudon|Stealth Rock||[still]
|-fail|p1a: Groudon
|
|-weather|DesolateLand|[upkeep]
|upkeep
|turn|6
|
|t:|1613965246
|-start|p2a: Landorus|Dynamax
|-heal|p2a: Landorus|62/100|[silent]
|move|p2a: Landorus|Max Airstream|p1a: Groudon
|-damage|p1a: Groudon|0 fnt
|-boost|p2a: Landorus|spe|1
|faint|p1a: Groudon
|-weather|none
|
|upkeep
|
|t:|1613965253
|switch|p1a: Yveltal|Yveltal|100/100
|-ability|p1a: Yveltal|Dark Aura
|turn|7
|j| 1SNO PAIN
|
|t:|1613965257
|-start|p1a: Yveltal|Dynamax
|-heal|p1a: Yveltal|100/100|[silent]
|move|p2a: Landorus|Max Rockfall|p1a: Yveltal
|-supereffective|p1a: Yveltal
|-damage|p1a: Yveltal|0 fnt
|-weather|Sandstorm
|faint|p1a: Yveltal
|
|-weather|Sandstorm|[upkeep]
|upkeep
|
|t:|1613965260
|switch|p1a: Rayquaza|Rayquaza|100/100
|-ability|p1a: Rayquaza|Air Lock
|turn|8
|
|t:|1613965262
|detailschange|p1a: Rayquaza|Rayquaza-Mega
|-mega|p1a: Rayquaza|Rayquaza|
|-weather|DeltaStream|[from] ability: Delta Stream|[of] p1a: Rayquaza
|move|p2a: Landorus|Max Airstream|p1a: Rayquaza
|-damage|p1a: Rayquaza|0 fnt
|-boost|p2a: Landorus|spe|1
|faint|p1a: Rayquaza
|-weather|none
|
|-end|p2a: Landorus|Dynamax
|-heal|p2a: Landorus|62/100|[silent]
|upkeep
|
|t:|1613965273
|switch|p1a: Arceus|Arceus|100/100
|turn|9
|
|t:|1613965276
|move|p1a: Arceus|Extreme Speed|p2a: Landorus
|-damage|p2a: Landorus|0 fnt
|-damage|p1a: Arceus|91/100|[from] item: Life Orb
|faint|p2a: Landorus
|
|upkeep
|j| Beatboxing_Phantom
|
|t:|1613965283
|switch|p2a: Sandaconda|Sandaconda, F|100/100
|-damage|p2a: Sandaconda|94/100|[from] Stealth Rock
|turn|10
|
|t:|1613965287
|switch|p1a: Calyrex|Calyrex-Shadow|100/100
|-ability|p1a: Calyrex|As One
|-ability|p1a: Calyrex|Unnerve|p2: IB2
|move|p2a: Sandaconda|Glare|p1a: Calyrex
|-status|p1a: Calyrex|par
|
|-heal|p2a: Sandaconda|100/100|[from] item: Leftovers
|upkeep
|turn|11
|l| Beatboxing_Phantom
|
|t:|1613965293
|switch|p2a: Muk|Muk-Alola, M|100/100
|-damage|p2a: Muk|88/100|[from] Stealth Rock
|move|p1a: Calyrex|Nasty Plot|p1a: Calyrex
|-boost|p1a: Calyrex|spa|2
|
|-heal|p2a: Muk|94/100|[from] item: Leftovers
|upkeep
|turn|12
|
|t:|1613965296
|move|p1a: Calyrex|Astral Barrage|p2a: Muk
|-resisted|p2a: Muk
|-damage|p2a: Muk|41/100
|-damage|p1a: Calyrex|91/100 par|[from] item: Life Orb
|move|p2a: Muk|Payback|p1a: Calyrex
|-supereffective|p1a: Calyrex
|-damage|p1a: Calyrex|0 fnt
|faint|p1a: Calyrex
|
|-heal|p2a: Muk|47/100|[from] item: Leftovers
|upkeep
|
|t:|1613965301
|switch|p1a: Arceus|Arceus|91/100
|turn|13
|
|t:|1613965303
|move|p1a: Arceus|Substitute|p1a: Arceus
|-start|p1a: Arceus|Substitute
|-damage|p1a: Arceus|66/100
|move|p2a: Muk|Poison Fang|p1a: Arceus
|-activate|p1a: Arceus|move: Substitute|[damage]
|
|-heal|p2a: Muk|53/100|[from] item: Leftovers
|upkeep
|turn|14
|
|t:|1613965306
|move|p1a: Arceus|Swords Dance|p1a: Arceus
|-boost|p1a: Arceus|atk|2
|move|p2a: Muk|Payback|p1a: Arceus
|-end|p1a: Arceus|Substitute
|
|-heal|p2a: Muk|59/100|[from] item: Leftovers
|upkeep
|turn|15
|
|t:|1613965311
|move|p1a: Arceus|Extreme Speed|p2a: Muk
|-damage|p2a: Muk|0 fnt
|-damage|p1a: Arceus|56/100|[from] item: Life Orb
|faint|p2a: Muk
|
|upkeep
|
|t:|1613965313
|switch|p2a: Sandaconda|Sandaconda, F|100/100
|-damage|p2a: Sandaconda|94/100|[from] Stealth Rock
|turn|16
|
|t:|1613965316
|move|p1a: Arceus|Substitute|p1a: Arceus
|-start|p1a: Arceus|Substitute
|-damage|p1a: Arceus|31/100
|move|p2a: Sandaconda|Minimize|p2a: Sandaconda
|-boost|p2a: Sandaconda|evasion|2
|
|-heal|p2a: Sandaconda|100/100|[from] item: Leftovers
|upkeep
|turn|17
|j| iwjaa2w
|
|t:|1613965319
|move|p1a: Arceus|Extreme Speed|p2a: Sandaconda
|-damage|p2a: Sandaconda|36/100
|-damage|p1a: Arceus|21/100|[from] item: Life Orb
|move|p2a: Sandaconda|Minimize|p2a: Sandaconda
|-boost|p2a: Sandaconda|evasion|2
|
|-heal|p2a: Sandaconda|42/100|[from] item: Leftovers
|upkeep
|turn|18
|
|t:|1613965325
|move|p1a: Arceus|Extreme Speed|p2a: Sandaconda
|-damage|p2a: Sandaconda|0 fnt
|-damage|p1a: Arceus|11/100|[from] item: Life Orb
|faint|p2a: Sandaconda
|
|upkeep
|c| iwjaa2w|IB2 is too good
|
|t:|1613965331
|switch|p2a: Greninja|Greninja, M|100/100
|-damage|p2a: Greninja|88/100|[from] Stealth Rock
|turn|19
|
|t:|1613965335
|move|p1a: Arceus|Extreme Speed|p2a: Greninja
|-damage|p2a: Greninja|0 fnt
|-damage|p1a: Arceus|1/100|[from] item: Life Orb
|faint|p2a: Greninja
|
|upkeep
|
|t:|1613965340
|switch|p2a: Cinderace|Cinderace, F|100/100
|-damage|p2a: Cinderace|76/100|[from] Stealth Rock
|turn|20
|
|t:|1613965342
|move|p1a: Arceus|Extreme Speed|p2a: Cinderace
|-damage|p2a: Cinderace|0 fnt
|-damage|p1a: Arceus|0 fnt|[from] item: Life Orb
|faint|p2a: Cinderace
|faint|p1a: Arceus
|
|win|IB2
|n|☆Leafstorm121❤|leafstorm121
|n|☆IB2|ib2
|n| 1SNO PAIN|1snopain
|n| iwjaa2w|iwjaa2w
