|j|☆starkorea74
|j|☆Shadow Thief
|t:|1595882651
|player|p1|starkorea74|cynthia|1903
|player|p2|Shadow Thief|unknown|1725
|teamsize|p1|6
|teamsize|p2|6
|gametype|singles
|gen|8
|tier|[Gen 8] National Dex AG
|rated|
|clearpoke
|poke|p1|Necrozma-Dusk-Mane|
|poke|p1|Ho-Oh|
|poke|p1|Ditto|
|poke|p1|Arceus-*|
|poke|p1|Rayquaza|
|poke|p1|Yveltal|
|poke|p2|Smeargle, F|
|poke|p2|Rayquaza|
|poke|p2|Groudon|
|poke|p2|Yveltal|
|poke|p2|Arceus-*|
|poke|p2|Smeargle, F|
|rule|HP Percentage Mod: HP is shown in percentages
|rule|Endless Battle Clause: Forcing endless battles is banned
|teampreview
|inactive|Battle timer is ON: inactive players will automatically lose when time's up. (requested by Shadow Thief)
|
|t:|1595882708
|start
|switch|p1a: Arceus|Arceus-Dark|100/100
|switch|p2a: Smeargle|Smeargle, F|100/100
|turn|1
|
|t:|1595882718
|move|p1a: Arceus|Judgment|p2a: Smeargle
|-damage|p2a: Smeargle|6/100
|move|p2a: Smeargle|Nuzzle|p1a: Arceus
|-damage|p1a: Arceus|99/100
|-status|p1a: Arceus|par
|
|upkeep
|turn|2
|
|t:|1595882725
|move|p2a: Smeargle|Sticky Web|p1a: Arceus
|-sidestart|p1: starkorea74|move: Sticky Web
|move|p1a: Arceus|Refresh|p1a: Arceus
|-curestatus|p1a: Arceus|par|[msg]
|
|upkeep
|turn|3
|
|t:|1595882733
|move|p1a: Arceus|Calm Mind|p1a: Arceus
|-boost|p1a: Arceus|spa|1
|-boost|p1a: Arceus|spd|1
|move|p2a: Smeargle|Nuzzle|p1a: Arceus
|-damage|p1a: Arceus|98/100
|-status|p1a: Arceus|par
|
|upkeep
|turn|4
|
|t:|1595882740
|cant|p1a: Arceus|par
|move|p2a: Smeargle|Whirlwind|p1a: Arceus
|drag|p1a: Ditto|Ditto|100/100
|-activate|p1a: Ditto|move: Sticky Web
|-unboost|p1a: Ditto|spe|1
|-transform|p1a: Ditto|p2a: Smeargle|[from] ability: Imposter
|
|upkeep
|turn|5
|
|t:|1595882749
|switch|p2a: Arceus|Arceus-Ghost|100/100
|move|p1a: Ditto|Rapid Spin|p2a: Arceus
|-immune|p2a: Arceus
|
|upkeep
|turn|6
|
|t:|1595882758
|switch|p1a: Ho-Oh|Ho-Oh|100/100
|switch|p2a: Groudon|Groudon|100/100
|detailschange|p2a: Groudon|Groudon-Primal
|-primal|p2a: Groudon
|-weather|DesolateLand|[from] ability: Desolate Land|[of] p2a: Groudon
|
|-weather|DesolateLand|[upkeep]
|upkeep
|turn|7
|
|t:|1595882771
|move|p2a: Groudon|Stone Edge|p1a: Ho-Oh
|-supereffective|p1a: Ho-Oh
|-damage|p1a: Ho-Oh|0 fnt
|faint|p1a: Ho-Oh
|
|-weather|DesolateLand|[upkeep]
|upkeep
|
|t:|1595882776
|switch|p1a: Rayquaza|Rayquaza|100/100
|-ability|p1a: Rayquaza|Air Lock
|turn|8
|
|t:|1595882782
|detailschange|p1a: Rayquaza|Rayquaza-Mega
|-mega|p1a: Rayquaza|Rayquaza|
|-weather|DeltaStream|[from] ability: Delta Stream|[of] p1a: Rayquaza
|move|p1a: Rayquaza|Draco Meteor|p2a: Groudon
|-damage|p2a: Groudon|0 fnt
|-unboost|p1a: Rayquaza|spa|2
|-damage|p1a: Rayquaza|91/100|[from] item: Life Orb
|faint|p2a: Groudon
|
|-weather|DeltaStream|[upkeep]
|upkeep
|inactive|Shadow Thief has 120 seconds left.
|
|t:|1595882823
|switch|p2a: Rayquaza|Rayquaza|100/100
|-ability|p2a: Rayquaza|Air Lock
|turn|9
|
|t:|1595882832
|-weather|none
|switch|p1a: Necrozma|Necrozma-Dusk-Mane|100/100
|-activate|p1a: Necrozma|move: Sticky Web
|-unboost|p1a: Necrozma|spe|1
|detailschange|p2a: Rayquaza|Rayquaza-Mega
|-mega|p2a: Rayquaza|Rayquaza|
|-weather|DeltaStream|[from] ability: Delta Stream|[of] p2a: Rayquaza
|move|p2a: Rayquaza|Dragon Ascent|p1a: Necrozma
|-resisted|p1a: Necrozma
|-damage|p1a: Necrozma|73/100
|-unboost|p2a: Rayquaza|def|1
|-unboost|p2a: Rayquaza|spd|1
|-damage|p2a: Rayquaza|91/100|[from] item: Life Orb
|
|-weather|DeltaStream|[upkeep]
|-heal|p1a: Necrozma|79/100|[from] item: Leftovers
|upkeep
|turn|10
|inactive|Shadow Thief has 120 seconds left.
|
|t:|1595882848
|-weather|none
|switch|p2a: Smeargle|Smeargle, F|6/100
|move|p1a: Necrozma|Stealth Rock|p2a: Smeargle
|-sidestart|p2: Shadow Thief|move: Stealth Rock
|
|-heal|p1a: Necrozma|85/100|[from] item: Leftovers
|upkeep
|turn|11
|
|t:|1595882855
|switch|p1a: Arceus|Arceus-Dark|98/100 par
|-activate|p1a: Arceus|move: Sticky Web
|-unboost|p1a: Arceus|spe|1
|move|p2a: Smeargle|Rapid Spin|p1a: Arceus
|-damage|p1a: Arceus|94/100 par
|-boost|p2a: Smeargle|spe|1
|-sideend|p2: Shadow Thief|Stealth Rock|[from] move: Rapid Spin|[of] p2a: Smeargle
|
|upkeep
|turn|12
|
|t:|1595882863
|move|p1a: Arceus|Judgment|p2a: Smeargle
|-damage|p2a: Smeargle|0 fnt
|faint|p2a: Smeargle
|
|upkeep
|
|t:|1595882870
|switch|p2a: Rayquaza|Rayquaza-Mega|91/100
|-weather|DeltaStream|[from] ability: Delta Stream|[of] p2a: Rayquaza
|turn|13
|
|t:|1595882875
|switch|p1a: Necrozma|Necrozma-Dusk-Mane|85/100
|-activate|p1a: Necrozma|move: Sticky Web
|-unboost|p1a: Necrozma|spe|1
|move|p2a: Rayquaza|Swords Dance|p2a: Rayquaza
|-boost|p2a: Rayquaza|atk|2
|
|-weather|DeltaStream|[upkeep]
|-heal|p1a: Necrozma|91/100|[from] item: Leftovers
|upkeep
|turn|14
|
|t:|1595882885
|switch|p1a: Ditto|Ditto|100/100
|-activate|p1a: Ditto|move: Sticky Web
|-unboost|p1a: Ditto|spe|1
|-transform|p1a: Ditto|p2a: Rayquaza|[from] ability: Imposter
|move|p2a: Rayquaza|Earthquake|p1a: Ditto
|-immune|p1a: Ditto
|
|-weather|DeltaStream|[upkeep]
|upkeep
|turn|15
|
|t:|1595882894
|move|p2a: Rayquaza|Extreme Speed|p1a: Ditto
|-damage|p1a: Ditto|0 fnt
|-damage|p2a: Rayquaza|81/100|[from] item: Life Orb
|faint|p1a: Ditto
|
|-weather|DeltaStream|[upkeep]
|upkeep
|
|t:|1595882912
|switch|p1a: Rayquaza|Rayquaza-Mega|91/100
|turn|16
|
|t:|1595882925
|move|p2a: Rayquaza|Extreme Speed|p1a: Rayquaza
|-damage|p1a: Rayquaza|0 fnt
|-damage|p2a: Rayquaza|71/100|[from] item: Life Orb
|faint|p1a: Rayquaza
|
|-weather|DeltaStream|[upkeep]
|upkeep
|
|t:|1595882931
|switch|p1a: Necrozma|Necrozma-Dusk-Mane|91/100
|-activate|p1a: Necrozma|move: Sticky Web
|-unboost|p1a: Necrozma|spe|1
|turn|17
|
|t:|1595882938
|-start|p1a: Necrozma|Dynamax
|-heal|p1a: Necrozma|91/100|[silent]
|move|p2a: Rayquaza|Earthquake|p1a: Necrozma
|-supereffective|p1a: Necrozma
|-damage|p1a: Necrozma|47/100
|-damage|p2a: Rayquaza|61/100|[from] item: Life Orb
|move|p1a: Necrozma|Max Steelspike|p2a: Rayquaza
|-damage|p2a: Rayquaza|0 fnt
|-boost|p1a: Necrozma|def|1
|faint|p2a: Rayquaza
|-weather|none
|
|-heal|p1a: Necrozma|50/100|[from] item: Leftovers
|upkeep
|inactive|Shadow Thief has 120 seconds left.
|
|t:|1595882977
|switch|p2a: Arceus|Arceus-Ghost|100/100
|turn|18
|
|t:|1595882980
|move|p2a: Arceus|Calm Mind|p2a: Arceus
|-boost|p2a: Arceus|spa|1
|-boost|p2a: Arceus|spd|1
|move|p1a: Necrozma|Max Steelspike|p2a: Arceus
|-damage|p2a: Arceus|48/100
|-boost|p1a: Necrozma|def|1
|
|-heal|p1a: Necrozma|53/100|[from] item: Leftovers
|upkeep
|turn|19
|
|t:|1595882988
|move|p2a: Arceus|Judgment|p1a: Necrozma
|-supereffective|p1a: Necrozma
|-damage|p1a: Necrozma|9/100
|move|p1a: Necrozma|Max Steelspike|p2a: Arceus
|-damage|p2a: Arceus|0 fnt
|-boost|p1a: Necrozma|def|1
|faint|p2a: Arceus
|
|-heal|p1a: Necrozma|12/100|[from] item: Leftovers
|-end|p1a: Necrozma|Dynamax
|-heal|p1a: Necrozma|12/100|[silent]
|upkeep
|
|t:|1595882998
|switch|p2a: Smeargle|Smeargle, F|100/100
|turn|20
|
|t:|1595883003
|move|p2a: Smeargle|Spore|p1a: Necrozma
|-status|p1a: Necrozma|slp|[from] move: Spore
|cant|p1a: Necrozma|slp
|
|-heal|p1a: Necrozma|18/100 slp|[from] item: Leftovers
|-ability|p2a: Smeargle|Moody|boost
|-boost|p2a: Smeargle|spa|2
|-unboost|p2a: Smeargle|def|1
|upkeep
|turn|21
|
|t:|1595883012
|move|p2a: Smeargle|Shell Smash|p2a: Smeargle
|-unboost|p2a: Smeargle|def|1
|-unboost|p2a: Smeargle|spd|1
|-boost|p2a: Smeargle|atk|2
|-boost|p2a: Smeargle|spa|2
|-boost|p2a: Smeargle|spe|2
|-curestatus|p1a: Necrozma|slp|[msg]
|move|p1a: Necrozma|Sunsteel Strike|p2a: Smeargle
|-enditem|p2a: Smeargle|Focus Sash
|-damage|p2a: Smeargle|1/100
|
|-heal|p1a: Necrozma|24/100|[from] item: Leftovers
|-ability|p2a: Smeargle|Moody|boost
|-boost|p2a: Smeargle|spe|2
|-unboost|p2a: Smeargle|atk|1
|upkeep
|turn|22
|c|☆starkorea74|!dt spore
|raw|<ul class="utilichart"><li class="result"><span class="col movenamecol"><a href="https://dex.pokemonshowdown.com/moves/spore">Spore</a></span> <span class="col typecol"><img src="//play.pokemonshowdown.com/sprites/types/Grass.png" alt="Grass" width="32" height="14"><img src="//play.pokemonshowdown.com/sprites/categories/Status.png" alt="Status" width="32" height="14"></span> <span class="col widelabelcol"><em>Accuracy</em><br>100%</span> <span class="col pplabelcol"><em>PP</em><br>24</span> <span class="col movedesccol">Causes the target to fall asleep.</span> </li><li style="clear:both"></li></ul>
|raw|<font size="1"><font color="#686868">Priority:</font> 0&nbsp;|&ThickSpace;<font color="#686868">Gen:</font> 1&nbsp;|&ThickSpace;&#10003; Powder&nbsp;|&ThickSpace;&#10003; Bounceable&nbsp;|&ThickSpace;<font color="#686868">Z-Effect:</font> Restores negative stat stages to 0&nbsp;|&ThickSpace;<font color="#686868">Target:</font> One Adjacent Pokémon</font>

|
|t:|1595883041
|switch|p1a: Arceus|Arceus-Dark|94/100 par
|-activate|p1a: Arceus|move: Sticky Web
|-unboost|p1a: Arceus|spe|1
|move|p2a: Smeargle|Spore||[still]
|-fail|p2a: Smeargle
|
|-ability|p2a: Smeargle|Moody|boost
|-boost|p2a: Smeargle|atk|2
|-unboost|p2a: Smeargle|def|1
|upkeep
|turn|23
|
|t:|1595883051
|move|p2a: Smeargle|Baton Pass|p2a: Smeargle
|
|t:|1595883053
|switch|p2a: Yveltal|Yveltal|100/100|[from]move: Baton Pass
|-ability|p2a: Yveltal|Dark Aura
|move|p1a: Arceus|Calm Mind|p1a: Arceus
|-boost|p1a: Arceus|spa|1
|-boost|p1a: Arceus|spd|1
|
|upkeep
|turn|24
|
|t:|1595883069
|-start|p2a: Yveltal|Dynamax
|-heal|p2a: Yveltal|100/100|[silent]
|move|p2a: Yveltal|Max Airstream|p1a: Arceus
|-damage|p1a: Arceus|0 fnt
|-boost|p2a: Yveltal|spe|1
|-damage|p2a: Yveltal|96/100|[from] item: Life Orb
|faint|p1a: Arceus
|
|upkeep
|inactive|starkorea74 has 120 seconds left.
|-message|starkorea74 forfeited.
|
|win|Shadow Thief
|l|☆starkorea74
||Ladder (probably) updated, but score could not be retrieved (Request timeout).
