|j|☆Dr. Drake6782
|j|☆Buck is stallish
|t:|1660948336
|gametype|singles
|player|p1|Dr. Drake6782|ash-kalos|
|player|p2|Buck is stallish|ethan-masters|
|teamsize|p1|6
|teamsize|p2|6
|gen|8
|tier|[Gen 8] National Dex AG
|rule|HP Percentage Mod: HP is shown in percentages
|rule|Endless Battle Clause: Forcing endless battles is banned
|clearpoke
|poke|p1|Rayquaza|
|poke|p1|Arceus-*|
|poke|p1|Arceus-*|
|poke|p1|Arceus-*|
|poke|p1|Arceus-*|
|poke|p1|Marshadow|
|poke|p2|Kyogre|
|poke|p2|Chansey, F|
|poke|p2|Sableye, F|
|poke|p2|Lugia|
|poke|p2|Yveltal|
|poke|p2|Arceus-*|
|teampreview
|inactive|Battle timer is ON: inactive players will automatically lose when time's up. (requested by Dr. Drake6782)
|inactive|Buck is stallish also wants the timer to be on.
|inactive|Dr. Drake6782 has 270 seconds left.
|c|☆Dr. Drake6782|nani
|
|t:|1660948386
|start
|switch|p1a: Arceus|Arceus-Flying|100/100
|switch|p2a: Pretty gem|Sableye, F|100/100
|turn|1
|
|t:|1660948392
|detailschange|p2a: Pretty gem|Sableye-Mega, F
|-mega|p2a: Pretty gem|Sableye|Sablenite
|move|p2a: Pretty gem|Protect|p2a: Pretty gem
|-singleturn|p2a: Pretty gem|Protect
|move|p1a: Arceus|Judgment|p2a: Pretty gem
|-activate|p2a: Pretty gem|move: Protect
|
|upkeep
|turn|2
|
|t:|1660948395
|switch|p2a: Tough pink lady|Chansey, F|100/100
|move|p1a: Arceus|Judgment|p2a: Tough pink lady
|-damage|p2a: Tough pink lady|86/100
|
|upkeep
|turn|3
|
|t:|1660948397
|switch|p2a: Pretty gem|Sableye-Mega, F|100/100
|move|p1a: Arceus|Magic Coat|p1a: Arceus
|-singleturn|p1a: Arceus|move: Magic Coat
|
|upkeep
|turn|4
|
|t:|1660948401
|move|p2a: Pretty gem|Protect|p2a: Pretty gem
|-singleturn|p2a: Pretty gem|Protect
|move|p1a: Arceus|Judgment|p2a: Pretty gem
|-activate|p2a: Pretty gem|move: Protect
|
|upkeep
|turn|5
|
|t:|1660948403
|move|p1a: Arceus|Judgment|p2a: Pretty gem
|-damage|p2a: Pretty gem|43/100
|move|p2a: Pretty gem|Recover|p2a: Pretty gem
|-heal|p2a: Pretty gem|93/100
|
|upkeep
|turn|6
|
|t:|1660948407
|move|p2a: Pretty gem|Protect|p2a: Pretty gem
|-singleturn|p2a: Pretty gem|Protect
|move|p1a: Arceus|Defog|p2a: Pretty gem
|-activate|p2a: Pretty gem|move: Protect
|
|upkeep
|turn|7
|
|t:|1660948424
|switch|p2a: Fearless priest|Arceus-Ground|100/100
|move|p1a: Arceus|Stealth Rock|p2a: Fearless priest
|-sidestart|p2: Buck is stallish|move: Stealth Rock
|
|upkeep
|turn|8
|c|☆Dr. Drake6782|lol
|
|t:|1660948430
|move|p1a: Arceus|Magic Coat|p1a: Arceus
|-singleturn|p1a: Arceus|move: Magic Coat
|move|p2a: Fearless priest|Stealth Rock|p1a: Arceus
|move|p1a: Arceus|Stealth Rock||[from]Magic Coat|[still]
|-fail|p1a: Arceus
|
|upkeep
|turn|9
|
|t:|1660948436
|move|p1a: Arceus|Magic Coat|p1a: Arceus
|-singleturn|p1a: Arceus|move: Magic Coat
|move|p2a: Fearless priest|Stealth Rock|p1a: Arceus
|move|p1a: Arceus|Stealth Rock||[from]Magic Coat|[still]
|-fail|p1a: Arceus
|
|upkeep
|turn|10
|
|t:|1660948438
|move|p1a: Arceus|Judgment|p2a: Fearless priest
|-damage|p2a: Fearless priest|61/100
|move|p2a: Fearless priest|Stealth Rock|p1a: Arceus
|-sidestart|p1: Dr. Drake6782|move: Stealth Rock
|
|upkeep
|turn|11
|inactive|Buck is stallish has 270 seconds left.
|inactive|Buck is stallish has 240 seconds left.
|
|t:|1660948503
|move|p1a: Arceus|Defog|p2a: Fearless priest
|-unboost|p2a: Fearless priest|evasion|1
|-sideend|p2: Buck is stallish|Stealth Rock|[from] move: Defog|[of] p1a: Arceus
|-sideend|p1: Dr. Drake6782|Stealth Rock|[from] move: Defog|[of] p1a: Arceus
|move|p2a: Fearless priest|Recover|p2a: Fearless priest
|-heal|p2a: Fearless priest|100/100
|
|upkeep
|turn|12
|
|t:|1660948518
|move|p1a: Arceus|Judgment|p2a: Fearless priest
|-damage|p2a: Fearless priest|59/100
|move|p2a: Fearless priest|Will-O-Wisp|p1a: Arceus
|-status|p1a: Arceus|brn
|
|-damage|p1a: Arceus|94/100 brn|[from] brn
|upkeep
|turn|13
|
|t:|1660948521
|move|p1a: Arceus|Judgment|p2a: Fearless priest
|-damage|p2a: Fearless priest|18/100
|move|p2a: Fearless priest|Recover|p2a: Fearless priest
|-heal|p2a: Fearless priest|68/100
|
|-damage|p1a: Arceus|88/100 brn|[from] brn
|upkeep
|turn|14
|
|t:|1660948529
|switch|p1a: Arceus|Arceus-Water|100/100
|move|p2a: Fearless priest|Recover|p2a: Fearless priest
|-heal|p2a: Fearless priest|100/100
|
|upkeep
|turn|15
|
|t:|1660948536
|switch|p2a: Tough pink lady|Chansey, F|86/100
|move|p1a: Arceus|Substitute|p1a: Arceus
|-start|p1a: Arceus|Substitute
|-damage|p1a: Arceus|76/100
|
|upkeep
|turn|16
|
|t:|1660948539
|switch|p2a: White phoenix|Lugia|100/100
|move|p1a: Arceus|Swords Dance|p1a: Arceus
|-boost|p1a: Arceus|atk|2
|
|upkeep
|turn|17
|
|t:|1660948542
|move|p1a: Arceus|Liquidation|p2a: White phoenix
|-damage|p2a: White phoenix|81/100
|move|p2a: White phoenix|Whirlwind|p1a: Arceus
|drag|p1a: Marshadow|Marshadow|100/100
|
|-heal|p2a: White phoenix|87/100|[from] item: Leftovers
|upkeep
|turn|18
|
|t:|1660948546
|switch|p2a: Fearless priest|Arceus-Ground|100/100
|move|p1a: Marshadow|Spectral Thief|p2a: Fearless priest
|-damage|p2a: Fearless priest|71/100
|-damage|p1a: Marshadow|91/100|[from] item: Life Orb
|
|upkeep
|turn|19
|
|t:|1660948549
|move|p1a: Marshadow|Close Combat|p2a: Fearless priest
|-damage|p2a: Fearless priest|30/100
|-unboost|p1a: Marshadow|def|1
|-unboost|p1a: Marshadow|spd|1
|-damage|p1a: Marshadow|81/100|[from] item: Life Orb
|move|p2a: Fearless priest|Recover|p2a: Fearless priest
|-heal|p2a: Fearless priest|80/100
|
|upkeep
|turn|20
|
|t:|1660948569
|move|p1a: Marshadow|Substitute|p1a: Marshadow
|-start|p1a: Marshadow|Substitute
|-damage|p1a: Marshadow|56/100
|move|p2a: Fearless priest|Will-O-Wisp||[still]
|-fail|p2a: Fearless priest
|
|upkeep
|turn|21
|inactive|Dr. Drake6782 has 270 seconds left.
|inactive|Dr. Drake6782 has 240 seconds left.
|
|t:|1660948646
|move|p1a: Marshadow|Close Combat|p2a: Fearless priest
|-damage|p2a: Fearless priest|40/100
|-unboost|p1a: Marshadow|def|1
|-unboost|p1a: Marshadow|spd|1
|-damage|p1a: Marshadow|46/100|[from] item: Life Orb
|move|p2a: Fearless priest|Recover|p2a: Fearless priest
|-heal|p2a: Fearless priest|90/100
|
|upkeep
|turn|22
|
|t:|1660948653
|switch|p1a: Arceus|Arceus-Flying|88/100 brn
|move|p2a: Fearless priest|Stealth Rock|p1a: Arceus
|-sidestart|p1: Dr. Drake6782|move: Stealth Rock
|
|-damage|p1a: Arceus|82/100 brn|[from] brn
|upkeep
|turn|23
|
|t:|1660948657
|switch|p2a: Pretty gem|Sableye-Mega, F|93/100
|move|p1a: Arceus|Defog|p2a: Pretty gem
|move|p2a: Pretty gem|Defog|p1a: Arceus|[from]ability: Magic Bounce
|-unboost|p1a: Arceus|evasion|1
|-sideend|p1: Dr. Drake6782|Stealth Rock|[from] move: Defog|[of] p2a: Pretty gem
|
|-damage|p1a: Arceus|76/100 brn|[from] brn
|upkeep
|turn|24
|
|t:|1660948663
|move|p1a: Arceus|Judgment|p2a: Pretty gem
|-damage|p2a: Pretty gem|35/100
|move|p2a: Pretty gem|Recover|p2a: Pretty gem
|-heal|p2a: Pretty gem|85/100
|
|-damage|p1a: Arceus|70/100 brn|[from] brn
|upkeep
|turn|25
|
|t:|1660948668
|move|p2a: Pretty gem|Protect|p2a: Pretty gem
|-singleturn|p2a: Pretty gem|Protect
|move|p1a: Arceus|Defog|p2a: Pretty gem
|-activate|p2a: Pretty gem|move: Protect
|
|-damage|p1a: Arceus|64/100 brn|[from] brn
|upkeep
|turn|26
|
|t:|1660948672
|move|p1a: Arceus|Judgment|p2a: Pretty gem
|-damage|p2a: Pretty gem|25/100
|move|p2a: Pretty gem|Recover|p2a: Pretty gem
|-heal|p2a: Pretty gem|75/100
|
|-damage|p1a: Arceus|58/100 brn|[from] brn
|upkeep
|turn|27
|
|t:|1660948676
|move|p1a: Arceus|Defog|p2a: Pretty gem
|move|p2a: Pretty gem|Defog|p1a: Arceus|[from]ability: Magic Bounce
|-unboost|p1a: Arceus|evasion|1
|move|p2a: Pretty gem|Recover|p2a: Pretty gem
|-heal|p2a: Pretty gem|100/100
|
|-damage|p1a: Arceus|52/100 brn|[from] brn
|upkeep
|turn|28
|
|t:|1660948679
|move|p2a: Pretty gem|Protect|p2a: Pretty gem
|-singleturn|p2a: Pretty gem|Protect
|move|p1a: Arceus|Judgment|p2a: Pretty gem
|-activate|p2a: Pretty gem|move: Protect
|
|-damage|p1a: Arceus|46/100 brn|[from] brn
|upkeep
|turn|29
|
|t:|1660948685
|switch|p2a: Fearless priest|Arceus-Ground|90/100
|move|p1a: Arceus|Magic Coat|p1a: Arceus
|-singleturn|p1a: Arceus|move: Magic Coat
|
|-damage|p1a: Arceus|40/100 brn|[from] brn
|upkeep
|turn|30
|
|t:|1660948690
|switch|p2a: Pretty gem|Sableye-Mega, F|100/100
|move|p1a: Arceus|Stealth Rock|p2a: Pretty gem
|move|p2a: Pretty gem|Stealth Rock|p1a: Arceus|[from]ability: Magic Bounce
|-sidestart|p1: Dr. Drake6782|move: Stealth Rock
|
|-damage|p1a: Arceus|34/100 brn|[from] brn
|upkeep
|turn|31
|
|t:|1660948692
|move|p1a: Arceus|Defog|p2a: Pretty gem
|move|p2a: Pretty gem|Defog|p1a: Arceus|[from]ability: Magic Bounce
|-unboost|p1a: Arceus|evasion|1
|-sideend|p1: Dr. Drake6782|Stealth Rock|[from] move: Defog|[of] p2a: Pretty gem
|move|p2a: Pretty gem|Foul Play|p1a: Arceus
|-damage|p1a: Arceus|12/100 brn
|
|-damage|p1a: Arceus|6/100 brn|[from] brn
|upkeep
|turn|32
|
|t:|1660948696
|move|p2a: Pretty gem|Protect|p2a: Pretty gem
|-singleturn|p2a: Pretty gem|Protect
|move|p1a: Arceus|Judgment|p2a: Pretty gem
|-activate|p2a: Pretty gem|move: Protect
|
|-damage|p1a: Arceus|0 fnt|[from] brn
|faint|p1a: Arceus
|upkeep
|
|t:|1660948710
|switch|p1a: Arceus|Arceus-Water|76/100
|turn|33
|
|t:|1660948716
|move|p1a: Arceus|Swords Dance|p1a: Arceus
|-boost|p1a: Arceus|atk|2
|move|p2a: Pretty gem|Foul Play|p1a: Arceus
|-damage|p1a: Arceus|3/100
|
|upkeep
|turn|34
|
|t:|1660948726
|-zpower|p1a: Arceus
|move|p1a: Arceus|Hydro Vortex|p2a: Pretty gem|[zeffect]
|-damage|p2a: Pretty gem|0 fnt
|faint|p2a: Pretty gem
|
|upkeep
|
|t:|1660948728
|switch|p2a: Raven of death|Yveltal, shiny|100/100
|-ability|p2a: Raven of death|Dark Aura
|turn|35
|
|t:|1660948732
|move|p2a: Raven of death|Foul Play|p1a: Arceus
|-damage|p1a: Arceus|0 fnt
|faint|p1a: Arceus
|
|upkeep
|
|t:|1660948736
|switch|p1a: Arceus|Arceus-Flying|100/100
|turn|36
|
|t:|1660948745
|switch|p2a: Fearless priest|Arceus-Ground|90/100
|move|p1a: Arceus|Calm Mind|p1a: Arceus
|-boost|p1a: Arceus|spa|1
|-boost|p1a: Arceus|spd|1
|
|upkeep
|turn|37
|
|t:|1660948749
|switch|p2a: Tough pink lady|Chansey, F|86/100
|move|p1a: Arceus|Calm Mind|p1a: Arceus
|-boost|p1a: Arceus|spa|1
|-boost|p1a: Arceus|spd|1
|
|upkeep
|turn|38
|
|t:|1660948751
|move|p1a: Arceus|Calm Mind|p1a: Arceus
|-boost|p1a: Arceus|spa|1
|-boost|p1a: Arceus|spd|1
|move|p2a: Tough pink lady|Confide|p1a: Arceus
|-unboost|p1a: Arceus|spa|1
|
|upkeep
|turn|39
|
|t:|1660948754
|move|p1a: Arceus|Calm Mind|p1a: Arceus
|-boost|p1a: Arceus|spa|1
|-boost|p1a: Arceus|spd|1
|move|p2a: Tough pink lady|Confide|p1a: Arceus
|-unboost|p1a: Arceus|spa|1
|
|upkeep
|turn|40
|
|t:|1660948772
|move|p1a: Arceus|Calm Mind|p1a: Arceus
|-boost|p1a: Arceus|spa|1
|-boost|p1a: Arceus|spd|1
|move|p2a: Tough pink lady|Confide|p1a: Arceus
|-unboost|p1a: Arceus|spa|1
|
|upkeep
|turn|41
|
|t:|1660948775
|switch|p1a: Marshadow|Marshadow|46/100
|move|p2a: Tough pink lady|Confide|p1a: Marshadow
|-unboost|p1a: Marshadow|spa|1
|
|upkeep
|turn|42
|
|t:|1660948784
|switch|p1a: Arceus|Arceus-Flying|100/100
|switch|p2a: White phoenix|Lugia|87/100
|
|-heal|p2a: White phoenix|93/100|[from] item: Leftovers
|upkeep
|turn|43
|inactive|Buck is stallish has 270 seconds left.
|c|☆Dr. Drake6782|if I win can I have the team
|inactive|Buck is stallish has 240 seconds left.
|
|t:|1660948848
|move|p1a: Arceus|Calm Mind|p1a: Arceus
|-boost|p1a: Arceus|spa|1
|-boost|p1a: Arceus|spd|1
|move|p2a: White phoenix|Toxic|p1a: Arceus
|-status|p1a: Arceus|tox
|
|-heal|p2a: White phoenix|99/100|[from] item: Leftovers
|-damage|p1a: Arceus|94/100 tox|[from] psn
|upkeep
|turn|44
|
|t:|1660948855
|switch|p2a: Tough pink lady|Chansey, F|86/100
|move|p1a: Arceus|Refresh|p1a: Arceus
|-curestatus|p1a: Arceus|tox|[msg]
|
|upkeep
|turn|45
|
|t:|1660948863
|move|p1a: Arceus|Judgment|p2a: Tough pink lady
|-damage|p2a: Tough pink lady|69/100
|move|p2a: Tough pink lady|Confide|p1a: Arceus
|-unboost|p1a: Arceus|spa|1
|
|upkeep
|turn|46
|
|t:|1660948870
|switch|p1a: Rayquaza|Rayquaza|100/100
|-ability|p1a: Rayquaza|Air Lock
|move|p2a: Tough pink lady|Soft-Boiled|p2a: Tough pink lady
|-heal|p2a: Tough pink lady|100/100
|
|upkeep
|turn|47
|inactive|Buck is stallish has 270 seconds left.
|
|t:|1660948900
|switch|p2a: White phoenix|Lugia|99/100
|detailschange|p1a: Rayquaza|Rayquaza-Mega
|-mega|p1a: Rayquaza|Rayquaza|
|-weather|DeltaStream|[from] ability: Delta Stream|[of] p1a: Rayquaza
|move|p1a: Rayquaza|Dragon Ascent|p2a: White phoenix
|-damage|p2a: White phoenix|55/100
|-unboost|p1a: Rayquaza|def|1
|-unboost|p1a: Rayquaza|spd|1
|
|-weather|DeltaStream|[upkeep]
|-heal|p2a: White phoenix|61/100|[from] item: Leftovers
|upkeep
|turn|48
|
|t:|1660948906
|move|p1a: Rayquaza|Dragon Ascent|p2a: White phoenix
|-crit|p2a: White phoenix
|-damage|p2a: White phoenix|0 fnt
|-unboost|p1a: Rayquaza|def|1
|-unboost|p1a: Rayquaza|spd|1
|faint|p2a: White phoenix
|
|-weather|DeltaStream|[upkeep]
|upkeep
|c|☆Buck is stallish|Fuck
|
|t:|1660948923
|switch|p2a: Raven of death|Yveltal, shiny|100/100
|-ability|p2a: Raven of death|Dark Aura
|turn|49
|c|☆Dr. Drake6782|can I have the team if I win
|
|t:|1660948933
|-weather|none
|switch|p1a: Arceus|Arceus-Steel|100/100
|move|p2a: Raven of death|Foul Play|p1a: Arceus
|-damage|p1a: Arceus|67/100
|
|upkeep
|turn|50
|
|t:|1660948947
|switch|p2a: Tough pink lady|Chansey, F|100/100
|move|p1a: Arceus|Recover|p1a: Arceus
|-heal|p1a: Arceus|100/100
|
|upkeep
|turn|51
|
|t:|1660948966
|switch|p1a: Marshadow|Marshadow|46/100
|switch|p2a: Fearless priest|Arceus-Ground|90/100
|
|upkeep
|turn|52
|
|t:|1660948974
|move|p1a: Marshadow|Substitute|p1a: Marshadow
|-start|p1a: Marshadow|Substitute
|-damage|p1a: Marshadow|21/100
|move|p2a: Fearless priest|Stealth Rock|p1a: Marshadow
|-sidestart|p1: Dr. Drake6782|move: Stealth Rock
|
|upkeep
|turn|53
|
|t:|1660948978
|move|p1a: Marshadow|Close Combat|p2a: Fearless priest
|-damage|p2a: Fearless priest|52/100
|-unboost|p1a: Marshadow|def|1
|-unboost|p1a: Marshadow|spd|1
|-damage|p1a: Marshadow|11/100|[from] item: Life Orb
|move|p2a: Fearless priest|Recover|p2a: Fearless priest
|-heal|p2a: Fearless priest|100/100
|
|upkeep
|turn|54
|
|t:|1660948989
|move|p1a: Marshadow|Close Combat|p2a: Fearless priest
|-damage|p2a: Fearless priest|63/100
|-unboost|p1a: Marshadow|def|1
|-unboost|p1a: Marshadow|spd|1
|-damage|p1a: Marshadow|1/100|[from] item: Life Orb
|move|p2a: Fearless priest|Recover|p2a: Fearless priest
|-heal|p2a: Fearless priest|100/100
|
|upkeep
|turn|55
|
|t:|1660948992
|move|p1a: Marshadow|Close Combat|p2a: Fearless priest
|-damage|p2a: Fearless priest|62/100
|-unboost|p1a: Marshadow|def|1
|-unboost|p1a: Marshadow|spd|1
|-damage|p1a: Marshadow|0 fnt|[from] item: Life Orb
|faint|p1a: Marshadow
|move|p2a: Fearless priest|Recover|p2a: Fearless priest
|-heal|p2a: Fearless priest|100/100
|
|upkeep
|
|t:|1660948997
|switch|p1a: Arceus|Arceus-Flying|94/100
|-damage|p1a: Arceus|69/100|[from] Stealth Rock
|turn|56
|
|t:|1660949010
|switch|p2a: Tough pink lady|Chansey, F|100/100
|move|p1a: Arceus|Calm Mind|p1a: Arceus
|-boost|p1a: Arceus|spa|1
|-boost|p1a: Arceus|spd|1
|
|upkeep
|turn|57
|
|t:|1660949015
|switch|p1a: Rayquaza|Rayquaza-Mega|100/100
|-damage|p1a: Rayquaza|76/100|[from] Stealth Rock
|-weather|DeltaStream|[from] ability: Delta Stream|[of] p1a: Rayquaza
|move|p2a: Tough pink lady|Confide|p1a: Rayquaza
|-unboost|p1a: Rayquaza|spa|1
|
|-weather|DeltaStream|[upkeep]
|upkeep
|turn|58
|c|☆Buck is stallish|Ur not winning
|
|t:|1660949024
|switch|p2a: Fearless priest|Arceus-Ground|100/100
|move|p1a: Rayquaza|Dragon Ascent|p2a: Fearless priest
|-damage|p2a: Fearless priest|58/100
|-unboost|p1a: Rayquaza|def|1
|-unboost|p1a: Rayquaza|spd|1
|
|-weather|DeltaStream|[upkeep]
|upkeep
|turn|59
|
|t:|1660949028
|move|p1a: Rayquaza|Dragon Ascent|p2a: Fearless priest
|-damage|p2a: Fearless priest|16/100
|-unboost|p1a: Rayquaza|def|1
|-unboost|p1a: Rayquaza|spd|1
|move|p2a: Fearless priest|Recover|p2a: Fearless priest
|-heal|p2a: Fearless priest|66/100
|
|-weather|DeltaStream|[upkeep]
|upkeep
|turn|60
|
|t:|1660949035
|-weather|none
|switch|p1a: Arceus|Arceus-Flying|69/100
|-damage|p1a: Arceus|44/100|[from] Stealth Rock
|move|p2a: Fearless priest|Recover|p2a: Fearless priest
|-heal|p2a: Fearless priest|100/100
|
|upkeep
|turn|61
|
|t:|1660949039
|switch|p2a: Tough pink lady|Chansey, F|100/100
|move|p1a: Arceus|Recover|p1a: Arceus
|-heal|p1a: Arceus|94/100
|
|upkeep
|turn|62
|c|☆Dr. Drake6782|true
|
|t:|1660949043
|switch|p1a: Arceus|Arceus-Steel|100/100
|-damage|p1a: Arceus|94/100|[from] Stealth Rock
|switch|p2a: Fearless priest|Arceus-Ground|100/100
|
|upkeep
|turn|63
|
|t:|1660949059
|switch|p2a: Eternal storm|Kyogre|100/100
|-weather|RainDance|[from] ability: Drizzle|[of] p2a: Eternal storm
|move|p1a: Arceus|Calm Mind|p1a: Arceus
|-boost|p1a: Arceus|spa|1
|-boost|p1a: Arceus|spd|1
|
|-weather|RainDance|[upkeep]
|upkeep
|turn|64
|
|t:|1660949067
|move|p1a: Arceus|Recover|p1a: Arceus
|-heal|p1a: Arceus|100/100
|move|p2a: Eternal storm|Calm Mind|p2a: Eternal storm
|-boost|p2a: Eternal storm|spa|1
|-boost|p2a: Eternal storm|spd|1
|
|-weather|RainDance|[upkeep]
|upkeep
|turn|65
|
|t:|1660949070
|move|p1a: Arceus|Calm Mind|p1a: Arceus
|-boost|p1a: Arceus|spa|1
|-boost|p1a: Arceus|spd|1
|move|p2a: Eternal storm|Calm Mind|p2a: Eternal storm
|-boost|p2a: Eternal storm|spa|1
|-boost|p2a: Eternal storm|spd|1
|
|-weather|RainDance|[upkeep]
|upkeep
|turn|66
|
|t:|1660949088
|move|p1a: Arceus|Calm Mind|p1a: Arceus
|-boost|p1a: Arceus|spa|1
|-boost|p1a: Arceus|spd|1
|move|p2a: Eternal storm|Calm Mind|p2a: Eternal storm
|-boost|p2a: Eternal storm|spa|1
|-boost|p2a: Eternal storm|spd|1
|
|-weather|RainDance|[upkeep]
|upkeep
|turn|67
|
|t:|1660949093
|move|p1a: Arceus|Calm Mind|p1a: Arceus
|-boost|p1a: Arceus|spa|1
|-boost|p1a: Arceus|spd|1
|move|p2a: Eternal storm|Calm Mind|p2a: Eternal storm
|-boost|p2a: Eternal storm|spa|1
|-boost|p2a: Eternal storm|spd|1
|
|-weather|none
|upkeep
|turn|68
|inactive|Buck is stallish has 270 seconds left.
|
|t:|1660949127
|move|p1a: Arceus|Calm Mind|p1a: Arceus
|-boost|p1a: Arceus|spa|1
|-boost|p1a: Arceus|spd|1
|move|p2a: Eternal storm|Calm Mind|p2a: Eternal storm
|-boost|p2a: Eternal storm|spa|1
|-boost|p2a: Eternal storm|spd|1
|
|upkeep
|turn|69
|
|t:|1660949131
|move|p1a: Arceus|Calm Mind|p1a: Arceus
|-boost|p1a: Arceus|spa|1
|-boost|p1a: Arceus|spd|1
|move|p2a: Eternal storm|Calm Mind|p2a: Eternal storm
|-boost|p2a: Eternal storm|spa|1
|-boost|p2a: Eternal storm|spd|1
|
|upkeep
|turn|70
|
|t:|1660949149
|move|p1a: Arceus|Earth Power|p2a: Eternal storm
|-damage|p2a: Eternal storm|81/100
|move|p2a: Eternal storm|Scald|p1a: Arceus
|-damage|p1a: Arceus|70/100
|-status|p1a: Arceus|brn
|
|-heal|p2a: Eternal storm|87/100|[from] item: Leftovers
|-damage|p1a: Arceus|64/100 brn|[from] brn
|upkeep
|turn|71
|
|t:|1660949155
|-start|p2a: Eternal storm|Dynamax|
|-heal|p2a: Eternal storm|87/100|[silent]
|move|p1a: Arceus|Recover|p1a: Arceus
|-heal|p1a: Arceus|100/100 brn
|move|p2a: Eternal storm|Max Geyser|p1a: Arceus
|-damage|p1a: Arceus|55/100 brn
|-weather|RainDance
|
|-weather|RainDance|[upkeep]
|-heal|p2a: Eternal storm|90/100|[from] item: Leftovers
|-damage|p1a: Arceus|49/100 brn|[from] brn
|upkeep
|turn|72
|
|t:|1660949169
|move|p1a: Arceus|Recover|p1a: Arceus
|-heal|p1a: Arceus|99/100 brn
|move|p2a: Eternal storm|Max Geyser|p1a: Arceus
|-damage|p1a: Arceus|24/100 brn
|
|-weather|RainDance|[upkeep]
|-heal|p2a: Eternal storm|94/100|[from] item: Leftovers
|-damage|p1a: Arceus|18/100 brn|[from] brn
|upkeep
|turn|73
|
|t:|1660949178
|-start|p1a: Arceus|Dynamax|
|-heal|p1a: Arceus|18/100 brn|[silent]
|move|p1a: Arceus|Max Quake|p2a: Eternal storm
|-damage|p2a: Eternal storm|79/100
|-boost|p1a: Arceus|spd|0
|move|p2a: Eternal storm|Max Geyser|p1a: Arceus
|-damage|p1a: Arceus|0 fnt
|faint|p1a: Arceus
|
|-weather|RainDance|[upkeep]
|-heal|p2a: Eternal storm|82/100|[from] item: Leftovers
|upkeep
|
|t:|1660949184
|switch|p1a: Rayquaza|Rayquaza-Mega|76/100
|-damage|p1a: Rayquaza|51/100|[from] Stealth Rock
|-weather|DeltaStream|[from] ability: Delta Stream|[of] p1a: Rayquaza
|-end|p2a: Eternal storm|Dynamax
|-heal|p2a: Eternal storm|82/100|[silent]
|turn|74
|
|t:|1660949211
|switch|p2a: Fearless priest|Arceus-Ground|100/100
|move|p1a: Rayquaza|Dragon Ascent|p2a: Fearless priest
|-damage|p2a: Fearless priest|59/100
|-unboost|p1a: Rayquaza|def|1
|-unboost|p1a: Rayquaza|spd|1
|
|-weather|DeltaStream|[upkeep]
|upkeep
|turn|75
|
|t:|1660949217
|move|p1a: Rayquaza|Dragon Ascent|p2a: Fearless priest
|-damage|p2a: Fearless priest|16/100
|-unboost|p1a: Rayquaza|def|1
|-unboost|p1a: Rayquaza|spd|1
|move|p2a: Fearless priest|Recover|p2a: Fearless priest
|-heal|p2a: Fearless priest|66/100
|
|-weather|DeltaStream|[upkeep]
|upkeep
|turn|76
|c|☆Dr. Drake6782|ggs
|
|t:|1660949227
|move|p1a: Rayquaza|Dragon Ascent|p2a: Fearless priest
|-damage|p2a: Fearless priest|19/100
|-unboost|p1a: Rayquaza|def|1
|-unboost|p1a: Rayquaza|spd|1
|move|p2a: Fearless priest|Recover|p2a: Fearless priest
|-heal|p2a: Fearless priest|69/100
|
|-weather|DeltaStream|[upkeep]
|upkeep
|turn|77
|
|t:|1660949231
|move|p1a: Rayquaza|Dragon Ascent|p2a: Fearless priest
|-crit|p2a: Fearless priest
|-damage|p2a: Fearless priest|10/100
|-unboost|p1a: Rayquaza|def|1
|-unboost|p1a: Rayquaza|spd|1
|move|p2a: Fearless priest|Will-O-Wisp|p1a: Rayquaza
|-status|p1a: Rayquaza|brn
|
|-weather|DeltaStream|[upkeep]
|-damage|p1a: Rayquaza|45/100 brn|[from] brn
|upkeep
|turn|78
|c|☆Buck is stallish|Gg
|c|☆Dr. Drake6782|gg
|
|t:|1660949240
|-activate|p1a: Rayquaza|move: Struggle
|move|p1a: Rayquaza|Struggle|p2a: Fearless priest
|-damage|p2a: Fearless priest|4/100
|-damage|p1a: Rayquaza|20/100 brn|[from] recoil
|move|p2a: Fearless priest|Recover|p2a: Fearless priest
|-heal|p2a: Fearless priest|54/100
|
|-weather|DeltaStream|[upkeep]
|-damage|p1a: Rayquaza|14/100 brn|[from] brn
|upkeep
|turn|79
|c|☆Dr. Drake6782|can I have the team
|c|☆Dr. Drake6782|lol
|c|☆Dr. Drake6782|ik its no
|c|☆Dr. Drake6782|fair and square win
|c|☆Dr. Drake6782|u evem recovered after the crit
|c|☆Buck is stallish|Yes
|
|t:|1660949259
|-activate|p1a: Rayquaza|move: Struggle
|move|p1a: Rayquaza|Struggle|p2a: Fearless priest
|-damage|p2a: Fearless priest|48/100
|-damage|p1a: Rayquaza|0 fnt|[from] recoil
|faint|p1a: Rayquaza
|-weather|none
|move|p2a: Fearless priest|Recover|p2a: Fearless priest
|-heal|p2a: Fearless priest|98/100
|
|upkeep
|c|☆Buck is stallish|u can
|
|t:|1660949263
|switch|p1a: Arceus|Arceus-Flying|94/100
|-damage|p1a: Arceus|69/100|[from] Stealth Rock
|turn|80
|c|☆Dr. Drake6782|oh
|c|☆Dr. Drake6782|ty
|c|☆Dr. Drake6782|veyr much
|
|t:|1660949270
|switch|p2a: Tough pink lady|Chansey, F|100/100
|move|p1a: Arceus|Calm Mind|p1a: Arceus
|-boost|p1a: Arceus|spa|1
|-boost|p1a: Arceus|spd|1
|
|upkeep
|turn|81
|
|t:|1660949272
|move|p1a: Arceus|Calm Mind|p1a: Arceus
|-boost|p1a: Arceus|spa|1
|-boost|p1a: Arceus|spd|1
|move|p2a: Tough pink lady|Confide|p1a: Arceus
|-unboost|p1a: Arceus|spa|1
|
|upkeep
|turn|82
|
|t:|1660949287
|move|p1a: Arceus|Calm Mind|p1a: Arceus
|-boost|p1a: Arceus|spa|1
|-boost|p1a: Arceus|spd|1
|move|p2a: Tough pink lady|Confide|p1a: Arceus
|-unboost|p1a: Arceus|spa|1
|
|upkeep
|turn|83
|inactive|Dr. Drake6782 has 270 seconds left.
|
|t:|1660949327
|move|p1a: Arceus|Calm Mind|p1a: Arceus
|-boost|p1a: Arceus|spa|1
|-boost|p1a: Arceus|spd|1
|move|p2a: Tough pink lady|Confide|p1a: Arceus
|-unboost|p1a: Arceus|spa|1
|
|upkeep
|turn|84
|c|☆Buck is stallish|I’ll paste it to you
|c|☆Dr. Drake6782|ty
|c|☆Buck is stallish|forfeit pls
|c|☆Buck is stallish|im in a rush
|-message|Dr. Drake6782 forfeited.
|
|win|Buck is stallish
|c|☆Dr. Drake6782|k
