|j|☆hjk0hr1
|j|☆Better Alone
|t:|1664076174
|gametype|singles
|player|p1|hjk0hr1|lucas|1614
|player|p2|Better Alone|swimmerf-gen4|1867
|teamsize|p1|6
|teamsize|p2|6
|gen|8
|tier|[Gen 8] National Dex AG
|rated|
|rule|HP Percentage Mod: HP is shown in percentages
|rule|Endless Battle Clause: Forcing endless battles is banned
|clearpoke
|poke|p1|Zacian-*|
|poke|p1|Necrozma-Dusk-Mane|
|poke|p1|Eternatus|
|poke|p1|Arceus-*|
|poke|p1|Arceus-*|
|poke|p1|Rayquaza|
|poke|p2|Ditto|
|poke|p2|Calyrex-Shadow|
|poke|p2|Groudon|
|poke|p2|Rayquaza|
|poke|p2|Tyranitar, F|
|poke|p2|Arceus-*|
|teampreview
|inactive|Battle timer is ON: inactive players will automatically lose when time's up. (requested by Better Alone)
|
|t:|1664076194
|start
|switch|p1a: Rayquaza|Rayquaza|100/100
|switch|p2a: Arceus|Arceus-Ground|100/100
|-ability|p1a: Rayquaza|Air Lock
|turn|1
|
|t:|1664076200
|switch|p1a: Arceus|Arceus-Dark|100/100
|move|p2a: Arceus|Stealth Rock|p1a: Arceus
|-sidestart|p1: hjk0hr1|move: Stealth Rock
|
|upkeep
|turn|2
|
|t:|1664076204
|move|p2a: Arceus|Toxic|p1a: Arceus
|-status|p1a: Arceus|tox
|move|p1a: Arceus|Toxic|p2a: Arceus
|-status|p2a: Arceus|tox
|
|-damage|p2a: Arceus|94/100 tox|[from] psn
|-damage|p1a: Arceus|94/100 tox|[from] psn
|upkeep
|turn|3
|
|t:|1664076206
|move|p2a: Arceus|Judgment|p1a: Arceus
|-damage|p1a: Arceus|72/100 tox
|move|p1a: Arceus|Refresh|p1a: Arceus
|-curestatus|p1a: Arceus|tox|[msg]
|
|-damage|p2a: Arceus|82/100 tox|[from] psn
|upkeep
|turn|4
|
|t:|1664076209
|move|p2a: Arceus|Judgment|p1a: Arceus
|-damage|p1a: Arceus|50/100
|move|p1a: Arceus|Snarl|p2a: Arceus
|-damage|p2a: Arceus|66/100 tox
|-unboost|p2a: Arceus|spa|1
|
|-damage|p2a: Arceus|48/100 tox|[from] psn
|upkeep
|turn|5
|
|t:|1664076212
|move|p2a: Arceus|Toxic|p1a: Arceus
|-status|p1a: Arceus|tox
|move|p1a: Arceus|Recover|p1a: Arceus
|-heal|p1a: Arceus|99/100 tox
|
|-damage|p2a: Arceus|23/100 tox|[from] psn
|-damage|p1a: Arceus|94/100 tox|[from] psn
|upkeep
|turn|6
|
|t:|1664076214
|move|p2a: Arceus|Judgment|p1a: Arceus
|-damage|p1a: Arceus|79/100 tox
|move|p1a: Arceus|Refresh|p1a: Arceus
|-curestatus|p1a: Arceus|tox|[msg]
|
|-damage|p2a: Arceus|0 fnt|[from] psn
|faint|p2a: Arceus
|upkeep
|
|t:|1664076217
|switch|p2a: Rayquaza|Rayquaza|100/100
|-ability|p2a: Rayquaza|Air Lock
|turn|7
|
|t:|1664076220
|switch|p1a: Necrozma|Necrozma-Dusk-Mane, shiny|100/100
|-damage|p1a: Necrozma|94/100|[from] Stealth Rock
|detailschange|p2a: Rayquaza|Rayquaza-Mega
|-mega|p2a: Rayquaza|Rayquaza|
|-weather|DeltaStream|[from] ability: Delta Stream|[of] p2a: Rayquaza
|move|p2a: Rayquaza|Dragon Ascent|p1a: Necrozma
|-resisted|p1a: Necrozma
|-damage|p1a: Necrozma|75/100
|-unboost|p2a: Rayquaza|def|1
|-unboost|p2a: Rayquaza|spd|1
|-damage|p2a: Rayquaza|84/100|[from] item: Rocky Helmet|[of] p1a: Necrozma
|
|-weather|DeltaStream|[upkeep]
|upkeep
|turn|8
|
|t:|1664076222
|move|p2a: Rayquaza|V-create|p1a: Necrozma
|-supereffective|p1a: Necrozma
|-damage|p1a: Necrozma|15/100
|-unboost|p2a: Rayquaza|spe|1
|-unboost|p2a: Rayquaza|def|1
|-unboost|p2a: Rayquaza|spd|1
|-damage|p2a: Rayquaza|68/100|[from] item: Rocky Helmet|[of] p1a: Necrozma
|move|p1a: Necrozma|Thunder Wave|p2a: Rayquaza
|-status|p2a: Rayquaza|par
|
|-weather|DeltaStream|[upkeep]
|upkeep
|turn|9
|
|t:|1664076227
|move|p1a: Necrozma|Morning Sun|p1a: Necrozma
|-heal|p1a: Necrozma|65/100
|move|p2a: Rayquaza|Dragon Ascent|p1a: Necrozma
|-resisted|p1a: Necrozma
|-damage|p1a: Necrozma|44/100
|-unboost|p2a: Rayquaza|def|1
|-unboost|p2a: Rayquaza|spd|1
|-damage|p2a: Rayquaza|51/100 par|[from] item: Rocky Helmet|[of] p1a: Necrozma
|
|-weather|DeltaStream|[upkeep]
|upkeep
|turn|10
|
|t:|1664076230
|move|p1a: Necrozma|Morning Sun|p1a: Necrozma
|-heal|p1a: Necrozma|94/100
|cant|p2a: Rayquaza|par
|
|-weather|DeltaStream|[upkeep]
|upkeep
|turn|11
|
|t:|1664076233
|move|p1a: Necrozma|Sunsteel Strike|p2a: Rayquaza
|-damage|p2a: Rayquaza|0 fnt
|faint|p2a: Rayquaza
|-weather|none
|
|upkeep
|
|t:|1664076237
|switch|p2a: Calyrex|Calyrex-Shadow|100/100
|-ability|p2a: Calyrex|As One
|-ability|p2a: Calyrex|Unnerve
|turn|12
|
|t:|1664076241
|switch|p1a: Arceus|Arceus-Dark|79/100
|-damage|p1a: Arceus|67/100|[from] Stealth Rock
|move|p2a: Calyrex|Astral Barrage|p1a: Arceus
|-resisted|p1a: Arceus
|-damage|p1a: Arceus|49/100
|
|upkeep
|turn|13
|j| sbycyy
|
|t:|1664076245
|switch|p2a: Tyranitar|Tyranitar, F|100/100
|-weather|Sandstorm|[from] ability: Sand Stream|[of] p2a: Tyranitar
|move|p1a: Arceus|Recover|p1a: Arceus
|-heal|p1a: Arceus|99/100
|
|-weather|Sandstorm|[upkeep]
|-damage|p1a: Arceus|93/100|[from] Sandstorm
|upkeep
|turn|14
|
|t:|1664076248
|switch|p1a: Arceus|Arceus-Fairy|100/100
|-damage|p1a: Arceus|88/100|[from] Stealth Rock
|move|p2a: Tyranitar|Stone Edge|p1a: Arceus
|-damage|p1a: Arceus|57/100
|
|-weather|Sandstorm|[upkeep]
|-damage|p1a: Arceus|51/100|[from] Sandstorm
|upkeep
|turn|15
|
|t:|1664076251
|move|p1a: Arceus|Defog|p2a: Tyranitar
|-unboost|p2a: Tyranitar|evasion|1
|-sideend|p1: hjk0hr1|Stealth Rock|[from] move: Defog|[of] p1a: Arceus
|move|p2a: Tyranitar|Stone Edge|p1a: Arceus
|-damage|p1a: Arceus|21/100
|
|-weather|Sandstorm|[upkeep]
|-damage|p1a: Arceus|15/100|[from] Sandstorm
|upkeep
|turn|16
|
|t:|1664076258
|move|p1a: Arceus|Judgment|p2a: Tyranitar
|-supereffective|p2a: Tyranitar
|-damage|p2a: Tyranitar|72/100
|move|p2a: Tyranitar|Foul Play|p1a: Arceus
|-resisted|p1a: Arceus
|-crit|p1a: Arceus
|-damage|p1a: Arceus|0 fnt
|faint|p1a: Arceus
|
|-weather|Sandstorm|[upkeep]
|upkeep
|
|t:|1664076262
|switch|p1a: Zacian|Zacian-Crowned|100/100
|-ability|p1a: Zacian|Intrepid Sword|boost
|-boost|p1a: Zacian|atk|1
|turn|17
|
|t:|1664076271
|switch|p2a: Groudon|Groudon, shiny|100/100
|detailschange|p2a: Groudon|Groudon-Primal, shiny
|-primal|p2a: Groudon
|-weather|DesolateLand|[from] ability: Desolate Land|[of] p2a: Groudon
|move|p1a: Zacian|Behemoth Blade|p2a: Groudon
|-resisted|p2a: Groudon
|-damage|p2a: Groudon|75/100
|
|-weather|DesolateLand|[upkeep]
|upkeep
|turn|18
|
|t:|1664076276
|switch|p1a: Rayquaza|Rayquaza|100/100
|-ability|p1a: Rayquaza|Air Lock
|move|p2a: Groudon|Fire Punch|p1a: Rayquaza
|-resisted|p1a: Rayquaza
|-damage|p1a: Rayquaza|69/100
|
|-weather|DesolateLand|[upkeep]
|upkeep
|turn|19
|
|t:|1664076279
|detailschange|p1a: Rayquaza|Rayquaza-Mega
|-mega|p1a: Rayquaza|Rayquaza|
|-weather|DeltaStream|[from] ability: Delta Stream|[of] p1a: Rayquaza
|move|p1a: Rayquaza|Surf|p2a: Groudon
|-supereffective|p2a: Groudon
|-damage|p2a: Groudon|0 fnt
|faint|p2a: Groudon
|
|-weather|DeltaStream|[upkeep]
|upkeep
|
|t:|1664076291
|switch|p2a: Calyrex|Calyrex-Shadow|100/100
|-ability|p2a: Calyrex|As One
|-ability|p2a: Calyrex|Unnerve
|turn|20
|
|t:|1664076295
|-weather|none
|switch|p1a: Arceus|Arceus-Dark|93/100
|-start|p2a: Calyrex|Dynamax|
|-heal|p2a: Calyrex|100/100|[silent]
|move|p2a: Calyrex|Max Starfall|p1a: Arceus
|-supereffective|p1a: Arceus
|-damage|p1a: Arceus|53/100
|-fieldstart|move: Misty Terrain
|
|upkeep
|turn|21
|
|t:|1664076300
|-start|p1a: Arceus|Dynamax|
|-heal|p1a: Arceus|53/100|[silent]
|move|p1a: Arceus|Max Guard|p1a: Arceus
|-singleturn|p1a: Arceus|Max Guard
|move|p2a: Calyrex|Max Starfall|p1a: Arceus
|-activate|p1a: Arceus|move: Max Guard
|
|upkeep
|turn|22
|
|t:|1664076305
|move|p2a: Calyrex|Max Starfall|p1a: Arceus
|-supereffective|p1a: Arceus
|-damage|p1a: Arceus|33/100
|move|p1a: Arceus|Max Darkness|p2a: Calyrex
|-supereffective|p2a: Calyrex
|-damage|p2a: Calyrex|0 fnt
|faint|p2a: Calyrex
|
|upkeep
|
|t:|1664076308
|switch|p2a: Tyranitar|Tyranitar, F|72/100
|-weather|Sandstorm|[from] ability: Sand Stream|[of] p2a: Tyranitar
|turn|23
|-message|Better Alone forfeited.
|
|win|hjk0hr1
|raw|hjk0hr1's rating: 1614 &rarr; <strong>1646</strong><br />(+32 for winning)
|raw|Better Alone's rating: 1867 &rarr; <strong>1835</strong><br />(-32 for losing)
|l|☆Better Alone
