|j|☆DarkboiJ
|j|☆BasakBooster1
|t:|1665392205
|gametype|singles
|player|p1|DarkboiJ|blue-gen3two|1833
|player|p2|BasakBooster1|lucas|1871
|teamsize|p1|6
|teamsize|p2|6
|gen|8
|tier|[Gen 8] National Dex AG
|rated|
|rule|HP Percentage Mod: HP is shown in percentages
|rule|Endless Battle Clause: Forcing endless battles is banned
|clearpoke
|poke|p1|Necrozma-Dusk-Mane|
|poke|p1|Ditto|
|poke|p1|Arceus-*|
|poke|p1|Groudon|
|poke|p1|Zygarde|
|poke|p1|Rayquaza|
|poke|p2|Groudon|
|poke|p2|Rayquaza|
|poke|p2|Zygarde|
|poke|p2|Calyrex-Shadow|
|poke|p2|Arceus-*|
|poke|p2|Arceus-*|
|teampreview
|inactive|Battle timer is ON: inactive players will automatically lose when time's up. (requested by DarkboiJ)
|l|☆DarkboiJ
|inactive|DarkboiJ disconnected and has a minute to reconnect!
|player|p1|
|inactive|BasakBooster1 has 120 seconds left.
|
|t:|1665392245
|start
|switch|p1a: Rayquaza|Rayquaza|100/100
|switch|p2a: the gwoat|Rayquaza|100/100
|-ability|p1a: Rayquaza|Air Lock
|-ability|p2a: the gwoat|Air Lock
|turn|1
|j|☆DarkboiJ
|inactive|DarkboiJ reconnected and has 135 seconds left.
|player|p1|DarkboiJ|blue-gen3two
|
|t:|1665392268
|detailschange|p1a: Rayquaza|Rayquaza-Mega
|-mega|p1a: Rayquaza|Rayquaza|
|-weather|DeltaStream|[from] ability: Delta Stream|[of] p1a: Rayquaza
|detailschange|p2a: the gwoat|Rayquaza-Mega
|-mega|p2a: the gwoat|Rayquaza|
|move|p1a: Rayquaza|Dragon Ascent|p2a: the gwoat
|-damage|p2a: the gwoat|8/100
|-unboost|p1a: Rayquaza|def|1
|-unboost|p1a: Rayquaza|spd|1
|move|p2a: the gwoat|Scale Shot|p1a: Rayquaza
|-supereffective|p1a: Rayquaza
|-damage|p1a: Rayquaza|34/100
|-supereffective|p1a: Rayquaza
|-damage|p1a: Rayquaza|0 fnt
|faint|p1a: Rayquaza
|-hitcount|p1: Rayquaza|2
|-unboost|p2a: the gwoat|def|1
|-boost|p2a: the gwoat|spe|1
|-damage|p2a: the gwoat|0 fnt|[from] item: Life Orb
|faint|p2a: the gwoat
|-weather|none
|
|upkeep
|inactive|BasakBooster1 has 120 seconds left.
|
|t:|1665392302
|switch|p1a: Zygarde|Zygarde, shiny|100/100
|switch|p2a: the goat|Zygarde, shiny|100/100
|turn|2
|inactive|BasakBooster1 has 120 seconds left.
|j| Shade Master 101
|inactive|DarkboiJ has 120 seconds left.
|
|t:|1665392327
|move|p1a: Zygarde|Substitute|p1a: Zygarde
|-start|p1a: Zygarde|Substitute
|-damage|p1a: Zygarde|76/100
|move|p2a: the goat|Substitute|p2a: the goat
|-start|p2a: the goat|Substitute
|-damage|p2a: the goat|75/100
|
|-heal|p1a: Zygarde|82/100|[from] item: Leftovers
|-heal|p2a: the goat|82/100|[from] item: Leftovers
|upkeep
|turn|3
|inactive|DarkboiJ has 120 seconds left.
|inactive|BasakBooster1 has 120 seconds left.
|
|t:|1665392352
|switch|p1a: Arceus|Arceus|100/100
|switch|p2a: Arceus|Arceus-Fairy|100/100
|
|upkeep
|turn|4
|j| Bluecifer
|inactive|BasakBooster1 has 120 seconds left.
|inactive|BasakBooster1 has 90 seconds left.
|
|t:|1665392406
|switch|p1a: Groudon|Groudon|100/100
|detailschange|p1a: Groudon|Groudon-Primal
|-primal|p1a: Groudon
|-weather|DesolateLand|[from] ability: Desolate Land|[of] p1a: Groudon
|move|p2a: Arceus|Thunder Wave|p1a: Groudon
|-immune|p1a: Groudon
|
|-weather|DesolateLand|[upkeep]
|upkeep
|turn|5
|
|t:|1665392412
|switch|p2a: the goat|Zygarde, shiny|82/100
|move|p1a: Groudon|Stealth Rock|p2a: the goat
|-sidestart|p2: BasakBooster1|move: Stealth Rock
|
|-weather|DesolateLand|[upkeep]
|-heal|p2a: the goat|88/100|[from] item: Leftovers
|upkeep
|turn|6
|
|t:|1665392414
|move|p2a: the goat|Glare|p1a: Groudon
|-status|p1a: Groudon|par
|move|p1a: Groudon|Dragon Tail|p2a: the goat
|-supereffective|p2a: the goat
|-damage|p2a: the goat|63/100
|drag|p2a: Pyra|Groudon|100/100
|-damage|p2a: Pyra|94/100|[from] Stealth Rock
|detailschange|p2a: Pyra|Groudon-Primal
|-primal|p2a: Pyra
|
|-weather|DesolateLand|[upkeep]
|upkeep
|turn|7
|
|t:|1665392420
|move|p2a: Pyra|Stealth Rock|p1a: Groudon
|-sidestart|p1: DarkboiJ|move: Stealth Rock
|move|p1a: Groudon|Precipice Blades|p2a: Pyra
|-supereffective|p2a: Pyra
|-damage|p2a: Pyra|37/100
|
|-weather|DesolateLand|[upkeep]
|upkeep
|turn|8
|
|t:|1665392424
|move|p2a: Pyra|Precipice Blades|p1a: Groudon
|-supereffective|p1a: Groudon
|-damage|p1a: Groudon|38/100 par
|move|p1a: Groudon|Precipice Blades|p2a: Pyra|[miss]
|-miss|p1a: Groudon|p2a: Pyra
|
|-weather|DesolateLand|[upkeep]
|upkeep
|turn|9
|
|t:|1665392427
|move|p2a: Pyra|Precipice Blades|p1a: Groudon
|-supereffective|p1a: Groudon
|-damage|p1a: Groudon|0 fnt
|faint|p1a: Groudon
|
|-weather|DesolateLand|[upkeep]
|upkeep
|
|t:|1665392441
|switch|p1a: Zygarde|Zygarde, shiny|82/100
|-damage|p1a: Zygarde|76/100|[from] Stealth Rock
|turn|10
|inactive|BasakBooster1 has 120 seconds left.
|inactive|BasakBooster1 has 90 seconds left.
|
|t:|1665392494
|-weather|none
|switch|p2a: Arceus|Arceus-Fairy|100/100
|-damage|p2a: Arceus|88/100|[from] Stealth Rock
|move|p1a: Zygarde|Dragon Dance|p1a: Zygarde
|-boost|p1a: Zygarde|atk|1
|-boost|p1a: Zygarde|spe|1
|
|-heal|p1a: Zygarde|82/100|[from] item: Leftovers
|upkeep
|turn|11
|
|t:|1665392505
|-start|p1a: Zygarde|Dynamax|
|-heal|p1a: Zygarde|82/100|[silent]
|move|p1a: Zygarde|Max Quake|p2a: Arceus
|-damage|p2a: Arceus|29/100
|-boost|p1a: Zygarde|spd|1
|move|p2a: Arceus|Perish Song|p2a: Arceus
|-start|p1a: Zygarde|perish3|[silent]
|-start|p2a: Arceus|perish3|[silent]
|-fieldactivate|move: Perish Song
|
|-heal|p1a: Zygarde|85/100|[from] item: Leftovers
|-start|p1a: Zygarde|perish3
|-start|p2a: Arceus|perish3
|upkeep
|turn|12
|
|t:|1665392510
|switch|p2a: the goat|Zygarde, shiny|63/100
|-damage|p2a: the goat|56/100|[from] Stealth Rock
|move|p1a: Zygarde|Max Quake|p2a: the goat
|-damage|p2a: the goat|10/100
|-boost|p1a: Zygarde|spd|1
|
|-heal|p1a: Zygarde|88/100|[from] item: Leftovers
|-heal|p2a: the goat|16/100|[from] item: Leftovers
|-start|p1a: Zygarde|perish2
|-activate|p2a: the goat|ability: Power Construct
|detailschange|p2a: the goat|Zygarde-Complete, shiny
|-heal|p2a: the goat|45/100|[silent]
|upkeep
|turn|13
|
|t:|1665392513
|move|p1a: Zygarde|Max Quake|p2a: the goat
|-damage|p2a: the goat|17/100
|-boost|p1a: Zygarde|spd|1
|move|p2a: the goat|Glare|p1a: Zygarde
|-status|p1a: Zygarde|par
|
|-heal|p1a: Zygarde|91/100 par|[from] item: Leftovers
|-heal|p2a: the goat|23/100|[from] item: Leftovers
|-start|p1a: Zygarde|perish1
|upkeep
|-end|p1a: Zygarde|Dynamax
|-heal|p1a: Zygarde|91/100 par|[silent]
|turn|14
|inactive|BasakBooster1 has 120 seconds left.
|j| CarlyLynch
|
|t:|1665392525
|switch|p1a: Arceus|Arceus|100/100
|-damage|p1a: Arceus|88/100|[from] Stealth Rock
|move|p2a: the goat|Glare|p1a: Arceus
|-status|p1a: Arceus|par
|-enditem|p1a: Arceus|Lum Berry|[eat]
|-curestatus|p1a: Arceus|par|[msg]
|
|-heal|p2a: the goat|29/100|[from] item: Leftovers
|upkeep
|turn|15
|
|t:|1665392535
|move|p1a: Arceus|Swords Dance|p1a: Arceus
|-boost|p1a: Arceus|atk|2
|move|p2a: the goat|Glare|p1a: Arceus
|-status|p1a: Arceus|par
|
|-heal|p2a: the goat|35/100|[from] item: Leftovers
|upkeep
|turn|16
|
|t:|1665392539
|cant|p1a: Arceus|par
|move|p2a: the goat|Coil|p2a: the goat
|-boost|p2a: the goat|atk|1
|-boost|p2a: the goat|def|1
|-boost|p2a: the goat|accuracy|1
|
|-heal|p2a: the goat|41/100|[from] item: Leftovers
|upkeep
|turn|17
|
|t:|1665392542
|move|p2a: the goat|Coil|p2a: the goat
|-boost|p2a: the goat|atk|1
|-boost|p2a: the goat|def|1
|-boost|p2a: the goat|accuracy|1
|move|p1a: Arceus|Swords Dance|p1a: Arceus
|-boost|p1a: Arceus|atk|2
|
|-heal|p2a: the goat|47/100|[from] item: Leftovers
|upkeep
|turn|18
|
|t:|1665392545
|move|p1a: Arceus|Extreme Speed|p2a: the goat
|-damage|p2a: the goat|24/100
|move|p2a: the goat|Coil|p2a: the goat
|-boost|p2a: the goat|atk|1
|-boost|p2a: the goat|def|1
|-boost|p2a: the goat|accuracy|1
|
|-heal|p2a: the goat|30/100|[from] item: Leftovers
|upkeep
|turn|19
|
|t:|1665392551
|move|p1a: Arceus|Extreme Speed|p2a: the goat
|-damage|p2a: the goat|12/100
|move|p2a: the goat|Coil|p2a: the goat
|-boost|p2a: the goat|atk|1
|-boost|p2a: the goat|def|1
|-boost|p2a: the goat|accuracy|1
|
|-heal|p2a: the goat|18/100|[from] item: Leftovers
|upkeep
|turn|20
|
|t:|1665392555
|move|p1a: Arceus|Extreme Speed|p2a: the goat
|-damage|p2a: the goat|2/100
|move|p2a: the goat|Thousand Arrows|p1a: Arceus
|-damage|p1a: Arceus|27/100 par
|
|-heal|p2a: the goat|8/100|[from] item: Leftovers
|upkeep
|turn|21
|
|t:|1665392559
|move|p1a: Arceus|Extreme Speed|p2a: the goat
|-damage|p2a: the goat|0 fnt
|faint|p2a: the goat
|
|upkeep
|
|t:|1665392561
|switch|p2a: Calyrex|Calyrex-Shadow|100/100
|-ability|p2a: Calyrex|As One
|-ability|p2a: Calyrex|Unnerve
|-damage|p2a: Calyrex|88/100|[from] Stealth Rock
|turn|22
|
|t:|1665392565
|move|p2a: Calyrex|Substitute|p2a: Calyrex
|-start|p2a: Calyrex|Substitute
|-damage|p2a: Calyrex|63/100
|move|p1a: Arceus|Recover|p1a: Arceus
|-heal|p1a: Arceus|77/100 par
|
|-heal|p2a: Calyrex|70/100|[from] item: Leftovers
|upkeep
|turn|23
|
|t:|1665392569
|move|p2a: Calyrex|Leech Seed|p1a: Arceus
|-start|p1a: Arceus|move: Leech Seed
|cant|p1a: Arceus|par
|
|-heal|p2a: Calyrex|76/100|[from] item: Leftovers
|-damage|p1a: Arceus|65/100 par|[from] Leech Seed|[of] p2a: Calyrex
|-heal|p2a: Calyrex|92/100|[silent]
|upkeep
|turn|24
|
|t:|1665392572
|move|p2a: Calyrex|Draining Kiss|p1a: Arceus
|-damage|p1a: Arceus|51/100 par
|-heal|p2a: Calyrex|100/100|[from] drain|[of] p1a: Arceus
|move|p1a: Arceus|Recover|p1a: Arceus
|-heal|p1a: Arceus|100/100 par
|
|-damage|p1a: Arceus|88/100 par|[from] Leech Seed|[of] p2a: Calyrex
|upkeep
|turn|25
|
|t:|1665392582
|move|p2a: Calyrex|Draining Kiss|p1a: Arceus
|-damage|p1a: Arceus|73/100 par
|cant|p1a: Arceus|par
|
|-damage|p1a: Arceus|61/100 par|[from] Leech Seed|[of] p2a: Calyrex
|upkeep
|turn|26
|
|t:|1665392585
|move|p2a: Calyrex|Draining Kiss|p1a: Arceus
|-damage|p1a: Arceus|48/100 par
|move|p1a: Arceus|Recover|p1a: Arceus
|-heal|p1a: Arceus|98/100 par
|
|-damage|p1a: Arceus|85/100 par|[from] Leech Seed|[of] p2a: Calyrex
|upkeep
|turn|27
|
|t:|1665392588
|switch|p2a: Arceus|Arceus-Fairy|29/100
|-damage|p2a: Arceus|16/100|[from] Stealth Rock
|move|p1a: Arceus|Shadow Claw|p2a: Arceus
|-damage|p2a: Arceus|0 fnt
|faint|p2a: Arceus
|
|upkeep
|
|t:|1665392591
|switch|p2a: Arceus|Arceus|100/100
|-damage|p2a: Arceus|88/100|[from] Stealth Rock
|turn|28
|
|t:|1665392596
|move|p2a: Arceus|Extreme Speed|p1a: Arceus
|-damage|p1a: Arceus|57/100 par
|move|p1a: Arceus|Extreme Speed|p2a: Arceus
|-damage|p2a: Arceus|0 fnt
|faint|p2a: Arceus
|
|upkeep
|
|t:|1665392600
|switch|p2a: Pyra|Groudon-Primal|37/100
|-damage|p2a: Pyra|25/100|[from] Stealth Rock
|-weather|DesolateLand|[from] ability: Desolate Land|[of] p2a: Pyra
|turn|29
|
|t:|1665392616
|move|p1a: Arceus|Extreme Speed|p2a: Pyra
|-damage|p2a: Pyra|0 fnt
|faint|p2a: Pyra
|-weather|none
|
|upkeep
|
|t:|1665392619
|switch|p2a: Calyrex|Calyrex-Shadow|100/100
|-ability|p2a: Calyrex|As One
|-ability|p2a: Calyrex|Unnerve
|-damage|p2a: Calyrex|88/100|[from] Stealth Rock
|turn|30
|
|t:|1665392622
|move|p2a: Calyrex|Substitute|p2a: Calyrex
|-start|p2a: Calyrex|Substitute
|-damage|p2a: Calyrex|63/100
|move|p1a: Arceus|Recover|p1a: Arceus
|-heal|p1a: Arceus|100/100 par
|
|-heal|p2a: Calyrex|70/100|[from] item: Leftovers
|-damage|p1a: Arceus|88/100 par|[from] Leech Seed|[of] p2a: Calyrex
|-heal|p2a: Calyrex|86/100|[silent]
|upkeep
|turn|31
|
|t:|1665392629
|move|p2a: Calyrex|Draining Kiss|p1a: Arceus
|-damage|p1a: Arceus|73/100 par
|-heal|p2a: Calyrex|99/100|[from] drain|[of] p1a: Arceus
|move|p1a: Arceus|Shadow Claw|p2a: Calyrex
|-supereffective|p2a: Calyrex
|-end|p2a: Calyrex|Substitute
|
|-heal|p2a: Calyrex|100/100|[from] item: Leftovers
|-damage|p1a: Arceus|61/100 par|[from] Leech Seed|[of] p2a: Calyrex
|upkeep
|turn|32
|
|t:|1665392632
|move|p2a: Calyrex|Substitute|p2a: Calyrex
|-start|p2a: Calyrex|Substitute
|-damage|p2a: Calyrex|76/100
|move|p1a: Arceus|Recover|p1a: Arceus
|-heal|p1a: Arceus|100/100 par
|
|-heal|p2a: Calyrex|82/100|[from] item: Leftovers
|-damage|p1a: Arceus|88/100 par|[from] Leech Seed|[of] p2a: Calyrex
|-heal|p2a: Calyrex|98/100|[silent]
|upkeep
|turn|33
|
|t:|1665392642
|move|p2a: Calyrex|Draining Kiss|p1a: Arceus
|-damage|p1a: Arceus|75/100 par
|-heal|p2a: Calyrex|100/100|[from] drain|[of] p1a: Arceus
|move|p1a: Arceus|Shadow Claw|p2a: Calyrex
|-supereffective|p2a: Calyrex
|-end|p2a: Calyrex|Substitute
|
|-damage|p1a: Arceus|63/100 par|[from] Leech Seed|[of] p2a: Calyrex
|upkeep
|turn|34
|
|t:|1665392648
|move|p2a: Calyrex|Substitute|p2a: Calyrex
|-start|p2a: Calyrex|Substitute
|-damage|p2a: Calyrex|76/100
|move|p1a: Arceus|Recover|p1a: Arceus
|-heal|p1a: Arceus|100/100 par
|
|-heal|p2a: Calyrex|82/100|[from] item: Leftovers
|-damage|p1a: Arceus|88/100 par|[from] Leech Seed|[of] p2a: Calyrex
|-heal|p2a: Calyrex|98/100|[silent]
|upkeep
|turn|35
|
|t:|1665392656
|switch|p1a: Zygarde|Zygarde, shiny|91/100 par
|-damage|p1a: Zygarde|85/100 par|[from] Stealth Rock
|move|p2a: Calyrex|Draining Kiss|p1a: Zygarde
|-supereffective|p1a: Zygarde
|-damage|p1a: Zygarde|44/100 par
|-heal|p2a: Calyrex|100/100|[from] drain|[of] p1a: Zygarde
|
|-heal|p1a: Zygarde|51/100 par|[from] item: Leftovers
|upkeep
|turn|36
|
|t:|1665392662
|switch|p1a: Arceus|Arceus|88/100 par
|-damage|p1a: Arceus|76/100 par|[from] Stealth Rock
|move|p2a: Calyrex|Astral Barrage|p1a: Arceus
|-immune|p1a: Arceus
|
|upkeep
|turn|37
|
|t:|1665392666
|move|p2a: Calyrex|Leech Seed|p1a: Arceus
|-start|p1a: Arceus|move: Leech Seed
|move|p1a: Arceus|Shadow Claw|p2a: Calyrex
|-supereffective|p2a: Calyrex
|-end|p2a: Calyrex|Substitute
|
|-damage|p1a: Arceus|63/100 par|[from] Leech Seed|[of] p2a: Calyrex
|upkeep
|turn|38
|
|t:|1665392674
|move|p2a: Calyrex|Substitute|p2a: Calyrex
|-start|p2a: Calyrex|Substitute
|-damage|p2a: Calyrex|76/100
|cant|p1a: Arceus|par
|
|-heal|p2a: Calyrex|82/100|[from] item: Leftovers
|-damage|p1a: Arceus|51/100 par|[from] Leech Seed|[of] p2a: Calyrex
|-heal|p2a: Calyrex|98/100|[silent]
|upkeep
|turn|39
|
|t:|1665392679
|move|p2a: Calyrex|Draining Kiss|p1a: Arceus
|-damage|p1a: Arceus|36/100 par
|-heal|p2a: Calyrex|100/100|[from] drain|[of] p1a: Arceus
|cant|p1a: Arceus|par
|
|-damage|p1a: Arceus|24/100 par|[from] Leech Seed|[of] p2a: Calyrex
|upkeep
|turn|40
|
|t:|1665392684
|move|p2a: Calyrex|Draining Kiss|p1a: Arceus
|-damage|p1a: Arceus|9/100 par
|cant|p1a: Arceus|par
|
|-damage|p1a: Arceus|0 fnt|[from] Leech Seed|[of] p2a: Calyrex
|faint|p1a: Arceus
|upkeep
|
|t:|1665392694
|switch|p1a: Zygarde|Zygarde, shiny|51/100 par
|-damage|p1a: Zygarde|44/100 par|[from] Stealth Rock
|turn|41
|
|t:|1665392699
|move|p2a: Calyrex|Astral Barrage|p1a: Zygarde
|-damage|p1a: Zygarde|0 fnt
|faint|p1a: Zygarde
|-ability|p2a: Calyrex|Grim Neigh|boost
|-boost|p2a: Calyrex|spa|1
|
|upkeep
|
|t:|1665392703
|switch|p1a: Necrozma|Necrozma-Dusk-Mane|100/100
|-damage|p1a: Necrozma|95/100|[from] Stealth Rock
|turn|42
|
|t:|1665392711
|switch|p1a: Ditto|Ditto|100/100
|-damage|p1a: Ditto|88/100|[from] Stealth Rock
|move|p2a: Calyrex|Astral Barrage|p1a: Ditto
|-immune|p1a: Ditto
|
|upkeep
|turn|43
|
|t:|1665392717
|switch|p1a: Necrozma|Necrozma-Dusk-Mane|95/100
|-damage|p1a: Necrozma|89/100|[from] Stealth Rock
|move|p2a: Calyrex|Draining Kiss|p1a: Necrozma
|-resisted|p1a: Necrozma
|-damage|p1a: Necrozma|73/100
|
|upkeep
|turn|44
|
|t:|1665392722
|switch|p1a: Ditto|Ditto|88/100
|-damage|p1a: Ditto|76/100|[from] Stealth Rock
|move|p2a: Calyrex|Astral Barrage|p1a: Ditto
|-immune|p1a: Ditto
|
|upkeep
|turn|45
|
|t:|1665392728
|move|p2a: Calyrex|Astral Barrage|p1a: Ditto
|-immune|p1a: Ditto
|move|p1a: Ditto|Transform||[still]
|-fail|p1a: Ditto
|
|upkeep
|turn|46
|
|t:|1665392735
|move|p2a: Calyrex|Astral Barrage|p1a: Ditto
|-immune|p1a: Ditto
|move|p1a: Ditto|Transform||[still]
|-fail|p1a: Ditto
|
|upkeep
|turn|47
|
|t:|1665392740
|switch|p1a: Necrozma|Necrozma-Dusk-Mane|73/100
|-damage|p1a: Necrozma|67/100|[from] Stealth Rock
|move|p2a: Calyrex|Draining Kiss|p1a: Necrozma
|-resisted|p1a: Necrozma
|-damage|p1a: Necrozma|52/100
|
|upkeep
|turn|48
|
|t:|1665392748
|move|p2a: Calyrex|Astral Barrage|p1a: Necrozma
|-supereffective|p1a: Necrozma
|-damage|p1a: Necrozma|0 fnt
|faint|p1a: Necrozma
|-ability|p2a: Calyrex|Grim Neigh|boost
|-boost|p2a: Calyrex|spa|1
|
|upkeep
|
|t:|1665392750
|switch|p1a: Ditto|Ditto|76/100
|-damage|p1a: Ditto|63/100|[from] Stealth Rock
|turn|49
|l| CarlyLynch
|-message|DarkboiJ forfeited.
|
|win|BasakBooster1
|raw|DarkboiJ's rating: 1833 &rarr; <strong>1815</strong><br />(-18 for losing)
|raw|BasakBooster1's rating: 1871 &rarr; <strong>1889</strong><br />(+18 for winning)
|l|☆DarkboiJ
|l| Shade Master 101
|c| Bluecifer|comedy
||Ladder isn't responding, score probably updated but might not have (Request timeout).
