|j|☆Apprenti Buck
|j|☆TaxFraud094
|t:|1664396526
|gametype|singles
|player|p1|Apprenti Buck|lance-masters|1902
|player|p2|TaxFraud094|skyla-masters2|1875
|teamsize|p1|6
|teamsize|p2|6
|gen|8
|tier|[Gen 8] National Dex AG
|rated|
|rule|HP Percentage Mod: HP is shown in percentages
|rule|Endless Battle Clause: Forcing endless battles is banned
|clearpoke
|poke|p1|Groudon|
|poke|p1|Rayquaza|
|poke|p1|Calyrex-Shadow|
|poke|p1|Arceus-*|
|poke|p1|Yveltal|
|poke|p1|Marshadow|
|poke|p2|Arceus-*|
|poke|p2|Necrozma-Dusk-Mane|
|poke|p2|Yveltal|
|poke|p2|Ho-Oh|
|poke|p2|Eternatus|
|poke|p2|Zygarde|
|teampreview
|inactive|Battle timer is ON: inactive players will automatically lose when time's up. (requested by TaxFraud094)
|inactive|Apprenti Buck also wants the timer to be on.
|c|☆Apprenti Buck|hf
|c|☆TaxFraud094|glhf
|
|t:|1664396543
|start
|switch|p1a: Dawn|Calyrex-Shadow|100/100
|switch|p2a: Zygarde|Zygarde|100/100
|-ability|p1a: Dawn|As One
|-ability|p1a: Dawn|Unnerve
|turn|1
|
|t:|1664396548
|switch|p2a: Arceus|Arceus|100/100
|move|p1a: Dawn|Substitute|p1a: Dawn
|-start|p1a: Dawn|Substitute
|-damage|p1a: Dawn|76/100
|
|upkeep
|turn|2
|
|t:|1664396554
|move|p1a: Dawn|Baton Pass|p1a: Dawn
|
|t:|1664396555
|switch|p1a: Transcendent Deity|Arceus|100/100|[from]move: Baton Pass
|move|p2a: Arceus|Shadow Claw|p1a: Transcendent Deity
|-immune|p1a: Transcendent Deity
|
|upkeep
|turn|3
|
|t:|1664396558
|move|p2a: Arceus|Extreme Speed|p1a: Transcendent Deity
|-end|p1a: Transcendent Deity|Substitute
|move|p1a: Transcendent Deity|Swords Dance|p1a: Transcendent Deity
|-boost|p1a: Transcendent Deity|atk|2
|
|upkeep
|turn|4
|
|t:|1664396565
|switch|p2a: Zygarde|Zygarde|100/100
|move|p1a: Transcendent Deity|Earthquake|p2a: Zygarde
|-damage|p2a: Zygarde|58/100
|-damage|p1a: Transcendent Deity|91/100|[from] item: Life Orb
|
|-heal|p2a: Zygarde|64/100|[from] item: Leftovers
|upkeep
|turn|5
|
|t:|1664396580
|switch|p2a: Necrozma|Necrozma-Dusk-Mane|100/100
|move|p1a: Transcendent Deity|Extreme Speed|p2a: Necrozma
|-resisted|p2a: Necrozma
|-damage|p2a: Necrozma|75/100
|-damage|p1a: Transcendent Deity|74/100|[from] item: Rocky Helmet|[of] p2a: Necrozma
|-damage|p1a: Transcendent Deity|64/100|[from] item: Life Orb
|
|upkeep
|turn|6
|
|t:|1664396589
|move|p1a: Transcendent Deity|Earthquake|p2a: Necrozma
|-supereffective|p2a: Necrozma
|-damage|p2a: Necrozma|8/100
|-damage|p1a: Transcendent Deity|54/100|[from] item: Life Orb
|move|p2a: Necrozma|Thunder Wave|p1a: Transcendent Deity
|-status|p1a: Transcendent Deity|par
|
|upkeep
|turn|7
|
|t:|1664396595
|cant|p1a: Transcendent Deity|par
|move|p2a: Necrozma|Moonlight|p2a: Necrozma
|-heal|p2a: Necrozma|58/100
|
|upkeep
|turn|8
|c|☆Apprenti Buck|l
|
|t:|1664396602
|switch|p2a: Zygarde|Zygarde|64/100
|switch|p1a: Behemoth|Groudon, shiny|100/100
|detailschange|p1a: Behemoth|Groudon-Primal, shiny
|-primal|p1a: Behemoth
|-weather|DesolateLand|[from] ability: Desolate Land|[of] p1a: Behemoth
|
|-weather|DesolateLand|[upkeep]
|-heal|p2a: Zygarde|70/100|[from] item: Leftovers
|upkeep
|turn|9
|c|☆TaxFraud094|much skill
|c|☆Apprenti Buck|>hax
|
|t:|1664396616
|move|p1a: Behemoth|Stealth Rock|p2a: Zygarde
|-sidestart|p2: TaxFraud094|move: Stealth Rock
|move|p2a: Zygarde|Coil|p2a: Zygarde
|-boost|p2a: Zygarde|atk|1
|-boost|p2a: Zygarde|def|1
|-boost|p2a: Zygarde|accuracy|1
|
|-weather|DesolateLand|[upkeep]
|-heal|p2a: Zygarde|77/100|[from] item: Leftovers
|upkeep
|turn|10
|
|t:|1664396622
|-weather|none
|switch|p1a: Ziz|Rayquaza, shiny|100/100
|-ability|p1a: Ziz|Air Lock
|move|p2a: Zygarde|Glare|p1a: Ziz
|-status|p1a: Ziz|par
|
|-heal|p2a: Zygarde|83/100|[from] item: Leftovers
|upkeep
|turn|11
|
|t:|1664396634
|detailschange|p1a: Ziz|Rayquaza-Mega, shiny
|-mega|p1a: Ziz|Rayquaza|
|-weather|DeltaStream|[from] ability: Delta Stream|[of] p1a: Ziz
|move|p2a: Zygarde|Thousand Arrows|p1a: Ziz
|-damage|p1a: Ziz|57/100 par
|-start|p1a: Ziz|Smack Down
|cant|p1a: Ziz|par
|
|-weather|DeltaStream|[upkeep]
|-heal|p2a: Zygarde|89/100|[from] item: Leftovers
|upkeep
|turn|12
|c|☆Apprenti Buck|man keeps doing it
|c|☆TaxFraud094|skill
|
|t:|1664396648
|move|p2a: Zygarde|Thousand Arrows|p1a: Ziz
|-damage|p1a: Ziz|14/100 par
|move|p1a: Ziz|Dragon Dance|p1a: Ziz
|-boost|p1a: Ziz|atk|1
|-boost|p1a: Ziz|spe|1
|
|-weather|DeltaStream|[upkeep]
|-heal|p2a: Zygarde|95/100|[from] item: Leftovers
|upkeep
|turn|13
|
|t:|1664396661
|move|p1a: Ziz|Dragon Ascent|p2a: Zygarde
|-damage|p2a: Zygarde|35/100
|-unboost|p1a: Ziz|def|1
|-unboost|p1a: Ziz|spd|1
|-damage|p1a: Ziz|4/100 par|[from] item: Life Orb
|move|p2a: Zygarde|Coil|p2a: Zygarde
|-boost|p2a: Zygarde|atk|1
|-boost|p2a: Zygarde|def|1
|-boost|p2a: Zygarde|accuracy|1
|
|-weather|DeltaStream|[upkeep]
|-heal|p2a: Zygarde|41/100|[from] item: Leftovers
|-activate|p2a: Zygarde|ability: Power Construct
|detailschange|p2a: Zygarde|Zygarde-Complete
|-heal|p2a: Zygarde|61/100|[silent]
|upkeep
|turn|14
|c|☆Apprenti Buck|>greedy
|inactive|TaxFraud094 has 120 seconds left.
|
|t:|1664396699
|cant|p1a: Ziz|par
|move|p2a: Zygarde|Coil|p2a: Zygarde
|-boost|p2a: Zygarde|atk|1
|-boost|p2a: Zygarde|def|1
|-boost|p2a: Zygarde|accuracy|1
|
|-weather|DeltaStream|[upkeep]
|-heal|p2a: Zygarde|67/100|[from] item: Leftovers
|upkeep
|turn|15
|inactive|TaxFraud094 has 120 seconds left.
|
|t:|1664396704
|cant|p1a: Ziz|par
|move|p2a: Zygarde|Thousand Arrows|p1a: Ziz
|-damage|p1a: Ziz|0 fnt
|faint|p1a: Ziz
|-weather|none
|
|-heal|p2a: Zygarde|74/100|[from] item: Leftovers
|upkeep
|c|☆TaxFraud094|skilllll
|c|☆Apprenti Buck|bruh
|
|t:|1664396724
|switch|p1a: Twilight|Yveltal|100/100
|-ability|p1a: Twilight|Dark Aura
|turn|16
|
|t:|1664396732
|move|p1a: Twilight|Taunt|p2a: Zygarde
|-start|p2a: Zygarde|move: Taunt
|move|p2a: Zygarde|Thousand Arrows|p1a: Twilight
|-crit|p1a: Twilight
|-damage|p1a: Twilight|0 fnt
|faint|p1a: Twilight
|
|-heal|p2a: Zygarde|80/100|[from] item: Leftovers
|upkeep
|
|t:|1664396735
|switch|p1a: Dawn|Calyrex-Shadow|76/100
|-ability|p1a: Dawn|As One
|-ability|p1a: Dawn|Unnerve
|turn|17
|
|t:|1664396749
|switch|p2a: Arceus|Arceus|100/100
|-damage|p2a: Arceus|88/100|[from] Stealth Rock
|-zpower|p1a: Dawn
|move|p1a: Dawn|Never-Ending Nightmare|p2a: Arceus|[zeffect]
|-immune|p2a: Arceus
|
|upkeep
|turn|18
|c|☆Apprenti Buck|>severely haxxed
|c|☆TaxFraud094|correct
|
|t:|1664396756
|move|p1a: Dawn|Baton Pass|p1a: Dawn
|
|t:|1664396758
|switch|p1a: Buck’s alter ego|Marshadow|100/100|[from]move: Baton Pass
|move|p2a: Arceus|Swords Dance|p2a: Arceus
|-boost|p2a: Arceus|atk|2
|
|upkeep
|turn|19
|
|t:|1664396763
|move|p1a: Buck’s alter ego|Close Combat|p2a: Arceus
|-supereffective|p2a: Arceus
|-enditem|p2a: Arceus|Chople Berry|[eat]
|-enditem|p2a: Arceus|Chople Berry|[weaken]
|-damage|p2a: Arceus|33/100
|-unboost|p1a: Buck’s alter ego|def|1
|-unboost|p1a: Buck’s alter ego|spd|1
|-damage|p1a: Buck’s alter ego|91/100|[from] item: Life Orb
|move|p2a: Arceus|Shadow Claw|p1a: Buck’s alter ego
|-supereffective|p1a: Buck’s alter ego
|-damage|p1a: Buck’s alter ego|0 fnt
|faint|p1a: Buck’s alter ego
|
|upkeep
|
|t:|1664396769
|switch|p1a: Transcendent Deity|Arceus|54/100 par
|turn|20
|
|t:|1664396773
|-start|p1a: Transcendent Deity|Dynamax|
|-heal|p1a: Transcendent Deity|54/100 par|[silent]
|move|p2a: Arceus|Extreme Speed|p1a: Transcendent Deity
|-damage|p1a: Transcendent Deity|21/100 par
|move|p1a: Transcendent Deity|Max Strike|p2a: Arceus
|-damage|p2a: Arceus|0 fnt
|faint|p2a: Arceus
|-damage|p1a: Transcendent Deity|16/100 par|[from] item: Life Orb
|
|upkeep
|
|t:|1664396786
|switch|p2a: Eternatus|Eternatus|100/100
|-damage|p2a: Eternatus|88/100|[from] Stealth Rock
|-ability|p2a: Eternatus|Pressure
|turn|21
|c|☆Apprenti Buck|actually
|c|☆Apprenti Buck|its not over
|
|t:|1664396795
|move|p2a: Eternatus|Toxic Spikes|p1a: Transcendent Deity
|-sidestart|p1: Apprenti Buck|move: Toxic Spikes
|cant|p1a: Transcendent Deity|par
|
|-heal|p2a: Eternatus|94/100|[from] item: Black Sludge
|upkeep
|turn|22
|c|☆TaxFraud094|it is
|c|☆Apprenti Buck|bruh
|c|☆Apprenti Buck|why do u keep doing this
|
|t:|1664396815
|move|p2a: Eternatus|Toxic Spikes|p1a: Transcendent Deity
|-sidestart|p1: Apprenti Buck|move: Toxic Spikes
|move|p1a: Transcendent Deity|Max Strike|p2a: Eternatus
|-damage|p2a: Eternatus|31/100
|-unboost|p2a: Eternatus|spe|1
|-damage|p1a: Transcendent Deity|11/100 par|[from] item: Life Orb
|
|-heal|p2a: Eternatus|38/100|[from] item: Black Sludge
|upkeep
|-end|p1a: Transcendent Deity|Dynamax
|-heal|p1a: Transcendent Deity|11/100 par|[silent]
|turn|23
|
|t:|1664396820
|move|p1a: Transcendent Deity|Extreme Speed|p2a: Eternatus
|-damage|p2a: Eternatus|2/100
|-damage|p1a: Transcendent Deity|1/100 par|[from] item: Life Orb
|move|p2a: Eternatus|Recover|p2a: Eternatus
|-heal|p2a: Eternatus|52/100
|
|-heal|p2a: Eternatus|58/100|[from] item: Black Sludge
|upkeep
|turn|24
|
|t:|1664396824
|move|p2a: Eternatus|Recover|p2a: Eternatus
|-heal|p2a: Eternatus|100/100
|cant|p1a: Transcendent Deity|par
|
|upkeep
|turn|25
|c|☆Apprenti Buck|hell nah
|
|t:|1664396840
|switch|p2a: Necrozma|Necrozma-Dusk-Mane|58/100
|-damage|p2a: Necrozma|52/100|[from] Stealth Rock
|move|p1a: Transcendent Deity|Earthquake|p2a: Necrozma
|-supereffective|p2a: Necrozma
|-damage|p2a: Necrozma|20/100
|-damage|p1a: Transcendent Deity|0 fnt|[from] item: Life Orb
|faint|p1a: Transcendent Deity
|
|upkeep
|
|t:|1664396848
|switch|p1a: Dawn|Calyrex-Shadow|76/100
|-ability|p1a: Dawn|As One
|-ability|p1a: Dawn|Unnerve
|-status|p1a: Dawn|tox
|turn|26
|
|t:|1664396851
|move|p1a: Dawn|Astral Barrage|p2a: Necrozma
|-supereffective|p2a: Necrozma
|-damage|p2a: Necrozma|0 fnt
|faint|p2a: Necrozma
|-ability|p1a: Dawn|Grim Neigh|boost
|-boost|p1a: Dawn|spa|1
|
|-damage|p1a: Dawn|70/100 tox|[from] psn
|upkeep
|
|t:|1664396853
|switch|p2a: Yveltal|Yveltal|100/100
|-ability|p2a: Yveltal|Dark Aura
|turn|27
|
|t:|1664396858
|move|p1a: Dawn|Astral Barrage|p2a: Yveltal
|-resisted|p2a: Yveltal
|-damage|p2a: Yveltal|62/100
|move|p2a: Yveltal|Foul Play|p1a: Dawn
|-supereffective|p1a: Dawn
|-damage|p1a: Dawn|0 fnt
|faint|p1a: Dawn
|
|upkeep
|c|☆Apprenti Buck|yh bg
|
|t:|1664396865
|switch|p1a: Behemoth|Groudon-Primal, shiny|100/100
|-status|p1a: Behemoth|tox
|-weather|DesolateLand|[from] ability: Desolate Land|[of] p1a: Behemoth
|turn|28
|c|☆TaxFraud094|correct
|
|t:|1664396873
|move|p2a: Yveltal|Foul Play|p1a: Behemoth
|-damage|p1a: Behemoth|46/100 tox
|move|p1a: Behemoth|Rock Tomb|p2a: Yveltal
|-supereffective|p2a: Yveltal
|-damage|p2a: Yveltal|19/100
|-unboost|p2a: Yveltal|spe|1
|
|-weather|DesolateLand|[upkeep]
|-damage|p1a: Behemoth|40/100 tox|[from] psn
|upkeep
|turn|29
|
|t:|1664396879
|move|p1a: Behemoth|Rock Tomb|p2a: Yveltal
|-supereffective|p2a: Yveltal
|-damage|p2a: Yveltal|0 fnt
|faint|p2a: Yveltal
|
|-weather|DesolateLand|[upkeep]
|-damage|p1a: Behemoth|27/100 tox|[from] psn
|upkeep
|
|t:|1664396881
|switch|p2a: Zygarde|Zygarde-Complete|80/100
|-damage|p2a: Zygarde|74/100|[from] Stealth Rock
|turn|30
|
|t:|1664396885
|move|p1a: Behemoth|Swords Dance|p1a: Behemoth
|-boost|p1a: Behemoth|atk|2
|move|p2a: Zygarde|Thousand Arrows|p1a: Behemoth
|-supereffective|p1a: Behemoth
|-damage|p1a: Behemoth|0 fnt
|faint|p1a: Behemoth
|-weather|none
|
|win|TaxFraud094
|raw|Apprenti Buck's rating: 1902 &rarr; <strong>1880</strong><br />(-22 for losing)
|raw|TaxFraud094's rating: 1875 &rarr; <strong>1897</strong><br />(+22 for winning)
