|j|☆cheziqua
|j|☆Ryan&Ditto
|t:|1598148205
|player|p1|cheziqua|hilbert-dueldisk|1247
|player|p2|Ryan&Ditto|unknown|1156
|teamsize|p1|6
|teamsize|p2|6
|gametype|singles
|gen|8
|tier|[Gen 8] National Dex AG
|rated|
|clearpoke
|poke|p1|Mewtwo|
|poke|p1|Groudon|
|poke|p1|Zacian-Crowned|
|poke|p1|Urshifu-*, F|
|poke|p1|Xerneas|
|poke|p1|Gyarados, M|
|poke|p2|Tangela, M|
|poke|p2|Shieldon, F|
|poke|p2|Golduck, F|
|poke|p2|Morpeko, F|
|poke|p2|Cryogonal|
|poke|p2|Krookodile, F|
|rule|HP Percentage Mod: HP is shown in percentages
|rule|Endless Battle Clause: Forcing endless battles is banned
|teampreview
|c|☆Ryan&Ditto|Oof
|
|t:|1598148226
|start
|switch|p1a: Urshifu|Urshifu-Rapid-Strike, F|100/100
|switch|p2a: Golduck|Golduck, F|100/100
|-ability|p2a: Golduck|Cloud Nine
|turn|1
|
|t:|1598148244
|move|p2a: Golduck|Flip Turn|p1a: Urshifu
|-resisted|p1a: Urshifu
|-damage|p1a: Urshifu|93/100
|
|t:|1598148248
|switch|p2a: Tangela|Tangela, M|100/100|[from]move: Flip Turn
|move|p1a: Urshifu|Surging Strikes|p2a: Tangela
|-resisted|p2a: Tangela
|-crit|p2a: Tangela
|-damage|p2a: Tangela|96/100
|-resisted|p2a: Tangela
|-crit|p2a: Tangela
|-damage|p2a: Tangela|91/100
|-resisted|p2a: Tangela
|-crit|p2a: Tangela
|-damage|p2a: Tangela|86/100
|-hitcount|p2a: Tangela|3
|
|upkeep
|turn|2
|
|t:|1598148259
|move|p1a: Urshifu|Ice Punch|p2a: Tangela
|-supereffective|p2a: Tangela
|-damage|p2a: Tangela|61/100
|move|p2a: Tangela|Leech Seed|p1a: Urshifu|[miss]
|-miss|p2a: Tangela|p1a: Urshifu
|
|upkeep
|turn|3
|
|t:|1598148271
|move|p1a: Urshifu|Ice Punch|p2a: Tangela
|-supereffective|p2a: Tangela
|-damage|p2a: Tangela|36/100
|-status|p2a: Tangela|frz
|cant|p2a: Tangela|frz
|
|upkeep
|turn|4
|c|☆Ryan&Ditto|??????
|
|t:|1598148279
|move|p1a: Urshifu|Ice Punch|p2a: Tangela
|-supereffective|p2a: Tangela
|-damage|p2a: Tangela|12/100 frz
|-curestatus|p2a: Tangela|frz|[msg]
|move|p2a: Tangela|Leech Seed|p1a: Urshifu
|-start|p1a: Urshifu|move: Leech Seed
|
|-damage|p1a: Urshifu|81/100|[from] Leech Seed|[of] p2a: Tangela
|-heal|p2a: Tangela|27/100|[silent]
|upkeep
|turn|5
|
|t:|1598148293
|move|p1a: Urshifu|Ice Punch|p2a: Tangela
|-supereffective|p2a: Tangela
|-damage|p2a: Tangela|0 fnt
|faint|p2a: Tangela
|
|upkeep
|c|☆Ryan&Ditto|Dude
|
|t:|1598148300
|switch|p2a: Morpeko|Morpeko, F|100/100
|turn|6
|
|t:|1598148315
|move|p2a: Morpeko|Aura Wheel|p1a: Urshifu
|-supereffective|p1a: Urshifu
|-damage|p1a: Urshifu|0 fnt
|-boost|p2a: Morpeko|spe|1
|faint|p1a: Urshifu
|
|-formechange|p2a: Morpeko|Morpeko-Hangry||[from] ability: Hunger Switch
|upkeep
|
|t:|1598148321
|switch|p1a: Groudon|Groudon|100/100
|detailschange|p1a: Groudon|Groudon-Primal
|-primal|p1a: Groudon
|-weather|DesolateLand|[from] ability: Desolate Land|[of] p1a: Groudon
|turn|7
|
|t:|1598148329
|move|p2a: Morpeko|Super Fang|p1a: Groudon
|-damage|p1a: Groudon|51/100
|move|p1a: Groudon|Stealth Rock|p2a: Morpeko
|-sidestart|p2: Ryan&Ditto|move: Stealth Rock
|
|-weather|DesolateLand|[upkeep]
|-formechange|p2a: Morpeko|Morpeko||[from] ability: Hunger Switch
|upkeep
|turn|8
|
|t:|1598148336
|move|p2a: Morpeko|Protect|p2a: Morpeko
|-singleturn|p2a: Morpeko|Protect
|move|p1a: Groudon|Earthquake|p2a: Morpeko
|-activate|p2a: Morpeko|move: Protect
|
|-weather|DesolateLand|[upkeep]
|-formechange|p2a: Morpeko|Morpeko-Hangry||[from] ability: Hunger Switch
|upkeep
|turn|9
|
|t:|1598148341
|move|p2a: Morpeko|Aura Wheel|p1a: Groudon
|-damage|p1a: Groudon|20/100
|-boost|p2a: Morpeko|spe|1
|move|p1a: Groudon|Roar|p2a: Morpeko
|drag|p2a: Cryogonal|Cryogonal|100/100
|
|-weather|DesolateLand|[upkeep]
|upkeep
|turn|10
|
|t:|1598148349
|move|p2a: Cryogonal|Rapid Spin|p1a: Groudon
|-damage|p1a: Groudon|17/100
|-boost|p2a: Cryogonal|spe|1
|-sideend|p2: Ryan&Ditto|Stealth Rock|[from] move: Rapid Spin|[of] p2a: Cryogonal
|move|p1a: Groudon|Fire Punch|p2a: Cryogonal
|-supereffective|p2a: Cryogonal
|-damage|p2a: Cryogonal|0 fnt
|faint|p2a: Cryogonal
|
|-weather|DesolateLand|[upkeep]
|upkeep
|
|t:|1598148356
|switch|p2a: Morpeko|Morpeko, F|100/100
|turn|11
|
|t:|1598148360
|move|p2a: Morpeko|Taunt|p1a: Groudon
|-start|p1a: Groudon|move: Taunt
|cant|p1a: Groudon|move: Taunt|Stealth Rock
|
|-weather|DesolateLand|[upkeep]
|-formechange|p2a: Morpeko|Morpeko-Hangry||[from] ability: Hunger Switch
|upkeep
|turn|12
|
|t:|1598148365
|move|p2a: Morpeko|Aura Wheel|p1a: Groudon
|-damage|p1a: Groudon|0 fnt
|-boost|p2a: Morpeko|spe|1
|faint|p1a: Groudon
|-weather|none
|
|-formechange|p2a: Morpeko|Morpeko||[from] ability: Hunger Switch
|upkeep
|
|t:|1598148372
|switch|p1a: Xerneas|Xerneas|100/100
|-ability|p1a: Xerneas|Fairy Aura
|turn|13
|
|t:|1598148379
|move|p2a: Morpeko|Taunt|p1a: Xerneas
|-start|p1a: Xerneas|move: Taunt
|cant|p1a: Xerneas|move: Taunt|Geomancy
|
|-formechange|p2a: Morpeko|Morpeko-Hangry||[from] ability: Hunger Switch
|upkeep
|turn|14
|
|t:|1598148387
|move|p2a: Morpeko|Protect|p2a: Morpeko
|-singleturn|p2a: Morpeko|Protect
|move|p1a: Xerneas|Moonblast|p2a: Morpeko
|-activate|p2a: Morpeko|move: Protect
|
|-formechange|p2a: Morpeko|Morpeko||[from] ability: Hunger Switch
|upkeep
|turn|15
|
|t:|1598148394
|move|p2a: Morpeko|Aura Wheel|p1a: Xerneas
|-damage|p1a: Xerneas|56/100
|-boost|p2a: Morpeko|spe|1
|move|p1a: Xerneas|Psychic|p2a: Morpeko
|-immune|p2a: Morpeko
|
|-end|p1a: Xerneas|move: Taunt
|-formechange|p2a: Morpeko|Morpeko-Hangry||[from] ability: Hunger Switch
|upkeep
|turn|16
|
|t:|1598148406
|move|p2a: Morpeko|Taunt|p1a: Xerneas
|-start|p1a: Xerneas|move: Taunt
|cant|p1a: Xerneas|move: Taunt|Geomancy
|
|-formechange|p2a: Morpeko|Morpeko||[from] ability: Hunger Switch
|upkeep
|turn|17
|
|t:|1598148410
|move|p2a: Morpeko|Aura Wheel|p1a: Xerneas
|-damage|p1a: Xerneas|13/100
|-boost|p2a: Morpeko|spe|1
|move|p1a: Xerneas|Moonblast|p2a: Morpeko
|-supereffective|p2a: Morpeko
|-enditem|p2a: Morpeko|Focus Sash
|-damage|p2a: Morpeko|1/100
|-unboost|p2a: Morpeko|spa|1
|
|-formechange|p2a: Morpeko|Morpeko-Hangry||[from] ability: Hunger Switch
|upkeep
|turn|18
|
|t:|1598148420
|move|p2a: Morpeko|Protect|p2a: Morpeko
|-singleturn|p2a: Morpeko|Protect
|move|p1a: Xerneas|Moonblast|p2a: Morpeko
|-activate|p2a: Morpeko|move: Protect
|
|-end|p1a: Xerneas|move: Taunt
|-formechange|p2a: Morpeko|Morpeko||[from] ability: Hunger Switch
|upkeep
|turn|19
|
|t:|1598148431
|move|p2a: Morpeko|Aura Wheel|p1a: Xerneas
|-damage|p1a: Xerneas|0 fnt
|-boost|p2a: Morpeko|spe|1
|faint|p1a: Xerneas
|
|-formechange|p2a: Morpeko|Morpeko-Hangry||[from] ability: Hunger Switch
|upkeep
|
|t:|1598148439
|switch|p1a: Zacian|Zacian-Crowned|100/100
|-ability|p1a: Zacian|Intrepid Sword|boost
|-boost|p1a: Zacian|atk|1
|turn|20
|
|t:|1598148443
|move|p2a: Morpeko|Super Fang|p1a: Zacian
|-damage|p1a: Zacian|51/100
|move|p1a: Zacian|Behemoth Blade|p2a: Morpeko
|-resisted|p2a: Morpeko
|-damage|p2a: Morpeko|0 fnt
|faint|p2a: Morpeko
|
|upkeep
|
|t:|1598148452
|switch|p2a: Krookodile|Krookodile, F|100/100
|turn|21
|
|t:|1598148458
|move|p2a: Krookodile|Earthquake|p1a: Zacian
|-supereffective|p1a: Zacian
|-damage|p1a: Zacian|0 fnt
|faint|p1a: Zacian
|-ability|p2a: Krookodile|Moxie|boost
|-boost|p2a: Krookodile|atk|1
|
|upkeep
|
|t:|1598148461
|switch|p1a: Gyarados|Gyarados, M|100/100
|turn|22
|
|t:|1598148466
|-start|p2a: Krookodile|Dynamax
|-heal|p2a: Krookodile|100/100|[silent]
|-start|p1a: Gyarados|Dynamax
|-heal|p1a: Gyarados|100/100|[silent]
|move|p2a: Krookodile|Max Rockfall|p1a: Gyarados
|-supereffective|p1a: Gyarados
|-damage|p1a: Gyarados|27/100
|-weather|Sandstorm
|move|p1a: Gyarados|Max Airstream|p2a: Krookodile
|-damage|p2a: Krookodile|48/100
|-boost|p1a: Gyarados|spe|1
|-damage|p1a: Gyarados|22/100|[from] item: Life Orb
|
|-weather|Sandstorm|[upkeep]
|-damage|p1a: Gyarados|19/100|[from] Sandstorm
|upkeep
|turn|23
|
|t:|1598148485
|move|p1a: Gyarados|Max Geyser|p2a: Krookodile
|-supereffective|p2a: Krookodile
|-damage|p2a: Krookodile|0 fnt
|-weather|RainDance
|-damage|p1a: Gyarados|14/100|[from] item: Life Orb
|faint|p2a: Krookodile
|-ability|p1a: Gyarados|Moxie|boost
|-boost|p1a: Gyarados|atk|1
|
|-weather|RainDance|[upkeep]
|upkeep
|
|t:|1598148489
|switch|p2a: Shieldon|Shieldon, F|100/100
|turn|24
|
|t:|1598148495
|move|p1a: Gyarados|Max Geyser|p2a: Shieldon
|-supereffective|p2a: Shieldon
|-ability|p2a: Shieldon|Sturdy
|-damage|p2a: Shieldon|1/100
|-damage|p1a: Gyarados|9/100|[from] item: Life Orb
|move|p2a: Shieldon|Metal Burst|p1a: Gyarados
|-damage|p1a: Gyarados|0 fnt
|faint|p1a: Gyarados
|
|-weather|RainDance|[upkeep]
|upkeep
|
|t:|1598148506
|switch|p1a: Mewtwo|Mewtwo|100/100
|-ability|p1a: Mewtwo|Unnerve|p2: Ryan&Ditto
|turn|25
|
|t:|1598148510
|detailschange|p1a: Mewtwo|Mewtwo-Mega-Y
|-mega|p1a: Mewtwo|Mewtwo|Mewtwonite Y
|move|p1a: Mewtwo|Aura Sphere|p2a: Shieldon
|-supereffective|p2a: Shieldon
|-damage|p2a: Shieldon|0 fnt
|faint|p2a: Shieldon
|
|-weather|RainDance|[upkeep]
|upkeep
|
|t:|1598148514
|switch|p2a: Golduck|Golduck, F|100/100
|-ability|p2a: Golduck|Cloud Nine
|turn|26
|
|t:|1598148518
|move|p2a: Golduck|Hydro Pump|p1a: Mewtwo
|-damage|p1a: Mewtwo|60/100
|move|p1a: Mewtwo|Psystrike|p2a: Golduck
|-damage|p2a: Golduck|0 fnt
|faint|p2a: Golduck
|
|win|cheziqua
|raw|cheziqua's rating: 1267 &rarr; <strong>1284</strong><br />(+17 for winning)
|raw|Ryan&amp;Ditto's rating: 1156 &rarr; <strong>1139</strong><br />(-17 for losing)
