|j|☆tiggi7
|j|☆Nintendo Corp
|t:|1640806164
|gametype|singles
|player|p1|tiggi7|ethan|1585
|player|p2|Nintendo Corp|lusamine-nihilego|1693
|teamsize|p1|6
|teamsize|p2|6
|gen|8
|tier|[Gen 8] National Dex AG
|rated|
|rule|HP Percentage Mod: HP is shown in percentages
|rule|Endless Battle Clause: Forcing endless battles is banned
|clearpoke
|poke|p1|Diancie|
|poke|p1|Chansey, F|
|poke|p1|Necrozma-Dusk-Mane|
|poke|p1|Zygarde|
|poke|p1|Tyranitar, F|
|poke|p1|Ho-Oh|
|poke|p2|Arceus-*|
|poke|p2|Necrozma-Dusk-Mane|
|poke|p2|Arceus-*|
|poke|p2|Arceus-*|
|poke|p2|Ditto|
|poke|p2|Groudon|
|teampreview
|inactive|Battle timer is ON: inactive players will automatically lose when time's up. (requested by tiggi7)
|
|t:|1640806211
|start
|switch|p1a: Diancie|Diancie, shiny|100/100
|switch|p2a: Groudon|Groudon|100/100
|detailschange|p2a: Groudon|Groudon-Primal
|-primal|p2a: Groudon
|-weather|DesolateLand|[from] ability: Desolate Land|[of] p2a: Groudon
|turn|1
|
|t:|1640806222
|detailschange|p1a: Diancie|Diancie-Mega, shiny
|-mega|p1a: Diancie|Diancie|Diancite
|move|p1a: Diancie|Toxic|p2a: Groudon
|-status|p2a: Groudon|tox
|move|p2a: Groudon|Precipice Blades|p1a: Diancie|[miss]
|-miss|p2a: Groudon|p1a: Diancie
|
|-weather|DesolateLand|[upkeep]
|-damage|p2a: Groudon|94/100 tox|[from] psn
|upkeep
|turn|2
|
|t:|1640806231
|switch|p1a: Zygarde|Zygarde|100/100
|move|p2a: Groudon|Precipice Blades|p1a: Zygarde
|-damage|p1a: Zygarde|65/100
|
|-weather|DesolateLand|[upkeep]
|-heal|p1a: Zygarde|71/100|[from] item: Leftovers
|-damage|p2a: Groudon|82/100 tox|[from] psn
|upkeep
|turn|3
|
|t:|1640806241
|move|p1a: Zygarde|Thousand Arrows|p2a: Groudon
|-supereffective|p2a: Groudon
|-damage|p2a: Groudon|46/100 tox
|move|p2a: Groudon|Stealth Rock|p1a: Zygarde
|-sidestart|p1: tiggi7|move: Stealth Rock
|
|-weather|DesolateLand|[upkeep]
|-heal|p1a: Zygarde|77/100|[from] item: Leftovers
|-damage|p2a: Groudon|27/100 tox|[from] psn
|upkeep
|turn|4
|
|t:|1640806255
|switch|p1a: Ho-Oh|Ho-Oh|100/100
|-weather|none
|switch|p2a: Arceus|Arceus-Water|100/100
|
|upkeep
|turn|5
|
|t:|1640806262
|move|p2a: Arceus|Whirlpool|p1a: Ho-Oh
|-supereffective|p1a: Ho-Oh
|-damage|p1a: Ho-Oh|80/100
|-activate|p1a: Ho-Oh|move: Whirlpool|[of] p2a: Arceus
|move|p1a: Ho-Oh|Defog|p2a: Arceus
|-unboost|p2a: Arceus|evasion|1
|-sideend|p1: tiggi7|Stealth Rock|[from] move: Defog|[of] p1a: Ho-Oh
|
|-damage|p1a: Ho-Oh|67/100|[from] move: Whirlpool|[partiallytrapped]
|upkeep
|turn|6
|
|t:|1640806271
|move|p2a: Arceus|Whirlpool|p1a: Ho-Oh
|-supereffective|p1a: Ho-Oh
|-damage|p1a: Ho-Oh|50/100
|move|p1a: Ho-Oh|Whirlwind|p2a: Arceus
|drag|p2a: Ditto|Ditto|100/100
|-transform|p2a: Ditto|p1a: Ho-Oh|[from] ability: Imposter
|
|-end|p1a: Ho-Oh|Whirlpool|[partiallytrapped]|[silent]
|upkeep
|turn|7
|
|t:|1640806290
|switch|p2a: Arceus|Arceus-Water|100/100
|switch|p1a: Chansey|Chansey, F|100/100
|
|upkeep
|turn|8
|
|t:|1640806303
|switch|p2a: Necrozma|Necrozma-Dusk-Mane|100/100
|switch|p1a: Ho-Oh|Ho-Oh|83/100
|
|upkeep
|turn|9
|
|t:|1640806315
|switch|p2a: Arceus|Arceus-Water|100/100
|move|p1a: Ho-Oh|Sacred Fire|p2a: Arceus
|-resisted|p2a: Arceus
|-damage|p2a: Arceus|89/100
|-status|p2a: Arceus|brn
|
|-damage|p2a: Arceus|83/100 brn|[from] brn
|upkeep
|turn|10
|
|t:|1640806325
|move|p2a: Arceus|Judgment|p1a: Ho-Oh
|-supereffective|p1a: Ho-Oh
|-damage|p1a: Ho-Oh|26/100
|move|p1a: Ho-Oh|Whirlwind|p2a: Arceus
|drag|p2a: Ditto|Ditto|100/100
|-transform|p2a: Ditto|p1a: Ho-Oh|[from] ability: Imposter
|
|upkeep
|turn|11
|
|t:|1640806336
|switch|p2a: Arceus|Arceus-Water|83/100 brn
|switch|p1a: Chansey|Chansey, F|100/100
|
|-damage|p2a: Arceus|77/100 brn|[from] brn
|upkeep
|turn|12
|inactive|tiggi7 has 120 seconds left.
|
|t:|1640806367
|switch|p1a: Necrozma|Necrozma-Dusk-Mane|100/100
|move|p2a: Arceus|Toxic|p1a: Necrozma
|-immune|p1a: Necrozma
|
|-damage|p2a: Arceus|71/100 brn|[from] brn
|upkeep
|turn|13
|
|t:|1640806375
|move|p2a: Arceus|Judgment|p1a: Necrozma
|-damage|p1a: Necrozma|61/100
|move|p1a: Necrozma|Stealth Rock|p2a: Arceus
|-sidestart|p2: Nintendo Corp|move: Stealth Rock
|
|-damage|p2a: Arceus|65/100 brn|[from] brn
|upkeep
|turn|14
|
|t:|1640806383
|move|p2a: Arceus|Judgment|p1a: Necrozma
|-damage|p1a: Necrozma|22/100
|move|p1a: Necrozma|Moonlight|p1a: Necrozma
|-heal|p1a: Necrozma|72/100
|
|-damage|p2a: Arceus|59/100 brn|[from] brn
|upkeep
|turn|15
|
|t:|1640806395
|move|p2a: Arceus|Refresh|p2a: Arceus
|-curestatus|p2a: Arceus|brn|[msg]
|move|p1a: Necrozma|Moonlight|p1a: Necrozma
|-heal|p1a: Necrozma|100/100
|
|upkeep
|turn|16
|
|t:|1640806403
|switch|p1a: Ho-Oh|Ho-Oh|59/100
|move|p2a: Arceus|Judgment|p1a: Ho-Oh
|-supereffective|p1a: Ho-Oh
|-damage|p1a: Ho-Oh|11/100
|
|upkeep
|turn|17
|
|t:|1640806413
|switch|p1a: Chansey|Chansey, F|100/100
|move|p2a: Arceus|Judgment|p1a: Chansey
|-damage|p1a: Chansey|89/100
|
|upkeep
|turn|18
|
|t:|1640806423
|move|p2a: Arceus|Toxic|p1a: Chansey
|-status|p1a: Chansey|tox
|move|p1a: Chansey|Toxic|p2a: Arceus
|-status|p2a: Arceus|tox
|
|-damage|p2a: Arceus|53/100 tox|[from] psn
|-damage|p1a: Chansey|83/100 tox|[from] psn
|upkeep
|turn|19
|
|t:|1640806427
|-curestatus|p1a: Chansey|tox|[from] ability: Natural Cure
|switch|p1a: Ho-Oh|Ho-Oh|44/100
|move|p2a: Arceus|Refresh|p2a: Arceus
|-curestatus|p2a: Arceus|tox|[msg]
|
|upkeep
|turn|20
|
|t:|1640806436
|switch|p1a: Necrozma|Necrozma-Dusk-Mane|100/100
|move|p2a: Arceus|Judgment|p1a: Necrozma
|-crit|p1a: Necrozma
|-damage|p1a: Necrozma|43/100
|
|upkeep
|turn|21
|
|t:|1640806447
|switch|p2a: Necrozma|Necrozma-Dusk-Mane|100/100
|-damage|p2a: Necrozma|95/100|[from] Stealth Rock
|move|p1a: Necrozma|Moonlight|p1a: Necrozma
|-heal|p1a: Necrozma|93/100
|
|upkeep
|turn|22
|
|t:|1640806455
|move|p2a: Necrozma|Dragon Dance|p2a: Necrozma
|-boost|p2a: Necrozma|atk|1
|-boost|p2a: Necrozma|spe|1
|move|p1a: Necrozma|Thunder Wave|p2a: Necrozma
|-status|p2a: Necrozma|par
|
|upkeep
|turn|23
|
|t:|1640806459
|switch|p1a: Zygarde|Zygarde|77/100
|move|p2a: Necrozma|Dragon Dance|p2a: Necrozma
|-boost|p2a: Necrozma|atk|1
|-boost|p2a: Necrozma|spe|1
|
|-heal|p1a: Zygarde|83/100|[from] item: Leftovers
|upkeep
|turn|24
|
|t:|1640806463
|-start|p2a: Necrozma|Dynamax
|-heal|p2a: Necrozma|95/100 par|[silent]
|move|p2a: Necrozma|Max Quake|p1a: Zygarde
|-damage|p1a: Zygarde|28/100
|-boost|p2a: Necrozma|spd|1
|move|p1a: Zygarde|Haze|p1a: Zygarde
|-clearallboost
|
|-heal|p1a: Zygarde|35/100|[from] item: Leftovers
|-activate|p1a: Zygarde|ability: Power Construct
|detailschange|p1a: Zygarde|Zygarde-Complete
|-heal|p1a: Zygarde|57/100|[silent]
|upkeep
|turn|25
|
|t:|1640806474
|move|p1a: Zygarde|Thousand Arrows|p2a: Necrozma
|-supereffective|p2a: Necrozma
|-damage|p2a: Necrozma|74/100 par
|-enditem|p2a: Necrozma|Weakness Policy
|-boost|p2a: Necrozma|atk|2|[from] item: Weakness Policy
|-boost|p2a: Necrozma|spa|2|[from] item: Weakness Policy
|move|p2a: Necrozma|Max Quake|p1a: Zygarde
|-damage|p1a: Zygarde|18/100
|-boost|p2a: Necrozma|spd|1
|
|-heal|p1a: Zygarde|24/100|[from] item: Leftovers
|upkeep
|turn|26
|
|t:|1640806488
|move|p1a: Zygarde|Haze|p1a: Zygarde
|-clearallboost
|move|p2a: Necrozma|Max Steelspike|p1a: Zygarde
|-damage|p1a: Zygarde|0 fnt
|-boost|p2a: Necrozma|def|1
|faint|p1a: Zygarde
|
|-end|p2a: Necrozma|Dynamax
|-heal|p2a: Necrozma|74/100 par|[silent]
|upkeep
|
|t:|1640806503
|switch|p1a: Ho-Oh|Ho-Oh|78/100
|turn|27
|
|t:|1640806509
|switch|p2a: Arceus|Arceus-Water|53/100
|-damage|p2a: Arceus|41/100|[from] Stealth Rock
|move|p1a: Ho-Oh|Whirlwind|p2a: Arceus
|drag|p2a: Necrozma|Necrozma-Dusk-Mane|74/100 par
|-damage|p2a: Necrozma|68/100 par|[from] Stealth Rock
|
|upkeep
|turn|28
|
|t:|1640806519
|switch|p1a: Necrozma|Necrozma-Dusk-Mane|93/100
|switch|p2a: Arceus|Arceus-Water|41/100
|-damage|p2a: Arceus|28/100|[from] Stealth Rock
|
|upkeep
|turn|29
|
|t:|1640806528
|move|p2a: Arceus|Recover|p2a: Arceus
|-heal|p2a: Arceus|78/100
|move|p1a: Necrozma|Sunsteel Strike|p2a: Arceus
|-resisted|p2a: Arceus
|-damage|p2a: Arceus|65/100
|
|upkeep
|turn|30
|
|t:|1640806548
|switch|p1a: Chansey|Chansey, F|83/100
|move|p2a: Arceus|Recover|p2a: Arceus
|-heal|p2a: Arceus|100/100
|
|upkeep
|turn|31
|
|t:|1640806557
|move|p2a: Arceus|Toxic|p1a: Chansey
|-status|p1a: Chansey|tox
|move|p1a: Chansey|Toxic|p2a: Arceus
|-status|p2a: Arceus|tox
|
|-damage|p2a: Arceus|94/100 tox|[from] psn
|-damage|p1a: Chansey|77/100 tox|[from] psn
|upkeep
|turn|32
|
|t:|1640806561
|-curestatus|p1a: Chansey|tox|[from] ability: Natural Cure
|switch|p1a: Necrozma|Necrozma-Dusk-Mane|93/100
|move|p2a: Arceus|Refresh|p2a: Arceus
|-curestatus|p2a: Arceus|tox|[msg]
|
|upkeep
|turn|33
|
|t:|1640806571
|switch|p1a: Chansey|Chansey, F|77/100
|move|p2a: Arceus|Judgment|p1a: Chansey
|-damage|p1a: Chansey|65/100
|
|upkeep
|turn|34
|
|t:|1640806580
|move|p2a: Arceus|Judgment|p1a: Chansey
|-damage|p1a: Chansey|53/100
|move|p1a: Chansey|Soft-Boiled|p1a: Chansey
|-heal|p1a: Chansey|100/100
|
|upkeep
|turn|35
|
|t:|1640806588
|switch|p2a: Arceus|Arceus-Water|100/100
|-damage|p2a: Arceus|88/100|[from] Stealth Rock
|move|p1a: Chansey|Toxic|p2a: Arceus
|-status|p2a: Arceus|tox
|
|-damage|p2a: Arceus|82/100 tox|[from] psn
|upkeep
|turn|36
|
|t:|1640806597
|switch|p1a: Ho-Oh|Ho-Oh|100/100
|move|p2a: Arceus|Whirlpool|p1a: Ho-Oh
|-supereffective|p1a: Ho-Oh
|-damage|p1a: Ho-Oh|83/100
|-activate|p1a: Ho-Oh|move: Whirlpool|[of] p2a: Arceus
|
|-damage|p2a: Arceus|70/100 tox|[from] psn
|-damage|p1a: Ho-Oh|71/100|[from] move: Whirlpool|[partiallytrapped]
|upkeep
|turn|37
|
|t:|1640806602
|move|p2a: Arceus|Refresh|p2a: Arceus
|-curestatus|p2a: Arceus|tox|[msg]
|move|p1a: Ho-Oh|Whirlwind|p2a: Arceus
|drag|p2a: Necrozma|Necrozma-Dusk-Mane|68/100 par
|-damage|p2a: Necrozma|62/100 par|[from] Stealth Rock
|
|-end|p1a: Ho-Oh|Whirlpool|[partiallytrapped]|[silent]
|upkeep
|turn|38
|
|t:|1640806609
|move|p1a: Ho-Oh|Sacred Fire|p2a: Necrozma
|-supereffective|p2a: Necrozma
|-damage|p2a: Necrozma|5/100 par
|cant|p2a: Necrozma|par
|
|upkeep
|turn|39
|
|t:|1640806616
|cant|p2a: Necrozma|par
|move|p1a: Ho-Oh|Whirlwind|p2a: Necrozma
|drag|p2a: Arceus|Arceus-Water|94/100
|-damage|p2a: Arceus|82/100|[from] Stealth Rock
|
|upkeep
|turn|40
|
|t:|1640806622
|move|p2a: Arceus|Judgment|p1a: Ho-Oh
|-supereffective|p1a: Ho-Oh
|-damage|p1a: Ho-Oh|23/100
|move|p1a: Ho-Oh|Toxic|p2a: Arceus
|-status|p2a: Arceus|tox
|
|-damage|p2a: Arceus|76/100 tox|[from] psn
|upkeep
|turn|41
|
|t:|1640806631
|switch|p1a: Chansey|Chansey, F|100/100
|move|p2a: Arceus|Refresh|p2a: Arceus
|-curestatus|p2a: Arceus|tox|[msg]
|
|upkeep
|turn|42
|
|t:|1640806639
|switch|p1a: Diancie|Diancie-Mega, shiny|100/100
|move|p2a: Arceus|Toxic|p1a: Diancie
|move|p1a: Diancie|Toxic|p2a: Arceus|[from]ability: Magic Bounce
|-status|p2a: Arceus|tox
|
|-damage|p2a: Arceus|70/100 tox|[from] psn
|upkeep
|turn|43
|
|t:|1640806648
|switch|p1a: Chansey|Chansey, F|100/100
|move|p2a: Arceus|Judgment|p1a: Chansey
|-damage|p1a: Chansey|89/100
|
|-damage|p2a: Arceus|58/100 tox|[from] psn
|upkeep
|turn|44
|
|t:|1640806655
|move|p2a: Arceus|Refresh|p2a: Arceus
|-curestatus|p2a: Arceus|tox|[msg]
|move|p1a: Chansey|Seismic Toss|p2a: Arceus
|-damage|p2a: Arceus|35/100
|
|upkeep
|turn|45
|
|t:|1640806661
|move|p2a: Arceus|Recover|p2a: Arceus
|-heal|p2a: Arceus|85/100
|move|p1a: Chansey|Toxic|p2a: Arceus
|-status|p2a: Arceus|tox
|
|-damage|p2a: Arceus|79/100 tox|[from] psn
|upkeep
|turn|46
|
|t:|1640806665
|move|p2a: Arceus|Refresh|p2a: Arceus
|-curestatus|p2a: Arceus|tox|[msg]
|move|p1a: Chansey|Seismic Toss|p2a: Arceus
|-damage|p2a: Arceus|57/100
|
|upkeep
|turn|47
|
|t:|1640806687
|switch|p2a: Arceus|Arceus-Fairy|100/100
|-damage|p2a: Arceus|88/100|[from] Stealth Rock
|move|p1a: Chansey|Toxic|p2a: Arceus|[miss]
|-miss|p1a: Chansey|p2a: Arceus
|
|upkeep
|turn|48
|
|t:|1640806693
|move|p2a: Arceus|Defog|p1a: Chansey
|-unboost|p1a: Chansey|evasion|1
|-sideend|p2: Nintendo Corp|Stealth Rock|[from] move: Defog|[of] p2a: Arceus
|move|p1a: Chansey|Toxic|p2a: Arceus
|-status|p2a: Arceus|tox
|
|-damage|p2a: Arceus|82/100 tox|[from] psn
|upkeep
|turn|49
|
|t:|1640806703
|switch|p2a: Arceus|Arceus-Water|70/100
|switch|p1a: Necrozma|Necrozma-Dusk-Mane|93/100
|
|upkeep
|turn|50
|
|t:|1640806717
|move|p2a: Arceus|Whirlpool|p1a: Necrozma
|-damage|p1a: Necrozma|80/100
|-activate|p1a: Necrozma|move: Whirlpool|[of] p2a: Arceus
|move|p1a: Necrozma|Stealth Rock|p2a: Arceus
|-sidestart|p2: Nintendo Corp|move: Stealth Rock
|
|-damage|p1a: Necrozma|68/100|[from] move: Whirlpool|[partiallytrapped]
|upkeep
|turn|51
|
|t:|1640806725
|move|p2a: Arceus|Perish Song|p2a: Arceus
|-start|p1a: Necrozma|perish3|[silent]
|-start|p2a: Arceus|perish3|[silent]
|-fieldactivate|move: Perish Song
|move|p1a: Necrozma|Moonlight|p1a: Necrozma
|-heal|p1a: Necrozma|100/100
|
|-damage|p1a: Necrozma|88/100|[from] move: Whirlpool|[partiallytrapped]
|-start|p2a: Arceus|perish3
|-start|p1a: Necrozma|perish3
|upkeep
|turn|52
|inactive|tiggi7 has 120 seconds left.
|
|t:|1640806762
|move|p2a: Arceus|Recover|p2a: Arceus
|-heal|p2a: Arceus|100/100
|move|p1a: Necrozma|Sunsteel Strike|p2a: Arceus
|-resisted|p2a: Arceus
|-damage|p2a: Arceus|88/100
|
|-damage|p1a: Necrozma|76/100|[from] move: Whirlpool|[partiallytrapped]
|-start|p2a: Arceus|perish2
|-start|p1a: Necrozma|perish2
|upkeep
|turn|53
|
|t:|1640806778
|move|p2a: Arceus|Recover|p2a: Arceus
|-heal|p2a: Arceus|100/100
|move|p1a: Necrozma|Sunsteel Strike|p2a: Arceus
|-resisted|p2a: Arceus
|-damage|p2a: Arceus|89/100
|
|-damage|p1a: Necrozma|64/100|[from] move: Whirlpool|[partiallytrapped]
|-start|p2a: Arceus|perish1
|-start|p1a: Necrozma|perish1
|upkeep
|turn|54
|inactive|tiggi7 has 120 seconds left.
|
|t:|1640806800
|switch|p2a: Arceus|Arceus-Water|57/100
|-damage|p2a: Arceus|44/100|[from] Stealth Rock
|move|p1a: Necrozma|Sunsteel Strike|p2a: Arceus
|-resisted|p2a: Arceus
|-damage|p2a: Arceus|31/100
|
|-end|p1a: Necrozma|Whirlpool|[partiallytrapped]|[silent]
|-start|p1a: Necrozma|perish0
|upkeep
|faint|p1a: Necrozma
|inactive|tiggi7 has 90 seconds left.
|
|t:|1640806830
|switch|p1a: Ho-Oh|Ho-Oh|56/100
|turn|55
|
|t:|1640806834
|switch|p1a: Chansey|Chansey, F|89/100
|move|p2a: Arceus|Recover|p2a: Arceus
|-heal|p2a: Arceus|81/100
|
|upkeep
|turn|56
|
|t:|1640806840
|move|p2a: Arceus|Toxic|p1a: Chansey
|-status|p1a: Chansey|tox
|move|p1a: Chansey|Toxic|p2a: Arceus
|-status|p2a: Arceus|tox
|
|-damage|p2a: Arceus|75/100 tox|[from] psn
|-damage|p1a: Chansey|83/100 tox|[from] psn
|upkeep
|turn|57
|
|t:|1640806849
|move|p2a: Arceus|Judgment|p1a: Chansey
|-damage|p1a: Chansey|71/100 tox
|move|p1a: Chansey|Seismic Toss|p2a: Arceus
|-damage|p2a: Arceus|52/100 tox
|
|-damage|p2a: Arceus|40/100 tox|[from] psn
|-damage|p1a: Chansey|59/100 tox|[from] psn
|upkeep
|turn|58
|
|t:|1640806853
|move|p2a: Arceus|Judgment|p1a: Chansey
|-damage|p1a: Chansey|47/100 tox
|move|p1a: Chansey|Soft-Boiled|p1a: Chansey
|-heal|p1a: Chansey|97/100 tox
|
|-damage|p2a: Arceus|22/100 tox|[from] psn
|-damage|p1a: Chansey|79/100 tox|[from] psn
|upkeep
|turn|59
|
|t:|1640806858
|-curestatus|p1a: Chansey|tox|[from] ability: Natural Cure
|switch|p1a: Tyranitar|Tyranitar, F|100/100
|-weather|Sandstorm|[from] ability: Sand Stream|[of] p1a: Tyranitar
|move|p2a: Arceus|Recover|p2a: Arceus
|-heal|p2a: Arceus|72/100 tox
|
|-weather|Sandstorm|[upkeep]
|-damage|p2a: Arceus|66/100 tox|[from] Sandstorm
|-damage|p2a: Arceus|41/100 tox|[from] psn
|upkeep
|turn|60
|inactive|tiggi7 has 120 seconds left.
|
|t:|1640806880
|switch|p2a: Arceus|Arceus-Water|89/100
|-damage|p2a: Arceus|76/100|[from] Stealth Rock
|move|p1a: Tyranitar|Rock Tomb|p2a: Arceus
|-damage|p2a: Arceus|62/100
|-unboost|p2a: Arceus|spe|1
|
|-weather|Sandstorm|[upkeep]
|-damage|p2a: Arceus|56/100|[from] Sandstorm
|upkeep
|turn|61
|inactive|tiggi7 has 120 seconds left.
|
|t:|1640806895
|switch|p1a: Ho-Oh|Ho-Oh|89/100
|move|p2a: Arceus|Recover|p2a: Arceus
|-heal|p2a: Arceus|100/100
|
|-weather|Sandstorm|[upkeep]
|-damage|p1a: Ho-Oh|83/100|[from] Sandstorm
|-damage|p2a: Arceus|94/100|[from] Sandstorm
|upkeep
|turn|62
|inactive|tiggi7 has 120 seconds left.
|
|t:|1640806908
|move|p1a: Ho-Oh|Toxic|p2a: Arceus
|-status|p2a: Arceus|tox
|move|p2a: Arceus|Whirlpool|p1a: Ho-Oh
|-supereffective|p1a: Ho-Oh
|-damage|p1a: Ho-Oh|62/100
|-activate|p1a: Ho-Oh|move: Whirlpool|[of] p2a: Arceus
|
|-weather|Sandstorm|[upkeep]
|-damage|p1a: Ho-Oh|56/100|[from] Sandstorm
|-damage|p2a: Arceus|88/100 tox|[from] Sandstorm
|-damage|p2a: Arceus|82/100 tox|[from] psn
|-damage|p1a: Ho-Oh|44/100|[from] move: Whirlpool|[partiallytrapped]
|upkeep
|turn|63
|
|t:|1640806913
|move|p2a: Arceus|Refresh|p2a: Arceus
|-curestatus|p2a: Arceus|tox|[msg]
|move|p1a: Ho-Oh|Whirlwind|p2a: Arceus
|drag|p2a: Groudon|Groudon-Primal|27/100 tox
|-damage|p2a: Groudon|15/100 tox|[from] Stealth Rock
|-weather|DesolateLand|[from] ability: Desolate Land|[of] p2a: Groudon
|
|-weather|DesolateLand|[upkeep]
|-damage|p2a: Groudon|9/100 tox|[from] psn
|-end|p1a: Ho-Oh|Whirlpool|[partiallytrapped]|[silent]
|upkeep
|turn|64
|
|t:|1640806929
|switch|p1a: Diancie|Diancie-Mega, shiny|100/100
|move|p2a: Groudon|Stone Edge|p1a: Diancie
|-damage|p1a: Diancie|58/100
|
|-weather|DesolateLand|[upkeep]
|-damage|p2a: Groudon|0 fnt|[from] psn
|faint|p2a: Groudon
|-weather|none
|upkeep
|
|t:|1640806939
|switch|p2a: Arceus|Arceus-Water|41/100 tox
|-damage|p2a: Arceus|29/100 tox|[from] Stealth Rock
|turn|65
|
|t:|1640806949
|move|p2a: Arceus|Recover|p2a: Arceus
|-heal|p2a: Arceus|79/100 tox
|move|p1a: Diancie|Power Gem|p2a: Arceus
|-damage|p2a: Arceus|50/100 tox
|
|-damage|p2a: Arceus|44/100 tox|[from] psn
|upkeep
|turn|66
|
|t:|1640806957
|move|p2a: Arceus|Refresh|p2a: Arceus
|-curestatus|p2a: Arceus|tox|[msg]
|move|p1a: Diancie|Power Gem|p2a: Arceus
|-damage|p2a: Arceus|16/100
|
|upkeep
|turn|67
|
|t:|1640806970
|move|p2a: Arceus|Recover|p2a: Arceus
|-heal|p2a: Arceus|66/100
|move|p1a: Diancie|Toxic|p2a: Arceus
|-status|p2a: Arceus|tox
|
|-damage|p2a: Arceus|60/100 tox|[from] psn
|upkeep
|turn|68
|
|t:|1640806978
|switch|p1a: Chansey|Chansey, F|79/100
|move|p2a: Arceus|Refresh|p2a: Arceus
|-curestatus|p2a: Arceus|tox|[msg]
|
|upkeep
|turn|69
|
|t:|1640806990
|move|p2a: Arceus|Toxic|p1a: Chansey
|-status|p1a: Chansey|tox
|move|p1a: Chansey|Toxic|p2a: Arceus
|-status|p2a: Arceus|tox
|
|-damage|p2a: Arceus|54/100 tox|[from] psn
|-damage|p1a: Chansey|72/100 tox|[from] psn
|upkeep
|turn|70
|
|t:|1640807008
|-curestatus|p1a: Chansey|tox|[from] ability: Natural Cure
|switch|p1a: Diancie|Diancie-Mega, shiny|58/100
|move|p2a: Arceus|Refresh|p2a: Arceus
|-curestatus|p2a: Arceus|tox|[msg]
|
|upkeep
|turn|71
|
|t:|1640807019
|move|p2a: Arceus|Toxic|p1a: Diancie
|move|p1a: Diancie|Toxic|p2a: Arceus|[from]ability: Magic Bounce
|-status|p2a: Arceus|tox
|move|p1a: Diancie|Toxic|p2a: Arceus|[miss]
|-miss|p1a: Diancie|p2a: Arceus
|
|-damage|p2a: Arceus|48/100 tox|[from] psn
|upkeep
|turn|72
|
|t:|1640807023
|move|p2a: Arceus|Refresh|p2a: Arceus
|-curestatus|p2a: Arceus|tox|[msg]
|move|p1a: Diancie|Power Gem|p2a: Arceus
|-damage|p2a: Arceus|23/100
|
|upkeep
|turn|73
|
|t:|1640807028
|move|p2a: Arceus|Recover|p2a: Arceus
|-heal|p2a: Arceus|73/100
|move|p1a: Diancie|Toxic|p2a: Arceus
|-status|p2a: Arceus|tox
|
|-damage|p2a: Arceus|66/100 tox|[from] psn
|upkeep
|turn|74
|
|t:|1640807034
|move|p2a: Arceus|Judgment|p1a: Diancie
|-supereffective|p1a: Diancie
|-damage|p1a: Diancie|0 fnt
|faint|p1a: Diancie
|
|-damage|p2a: Arceus|54/100 tox|[from] psn
|upkeep
|
|t:|1640807045
|switch|p1a: Chansey|Chansey, F|72/100
|turn|75
|
|t:|1640807051
|move|p2a: Arceus|Refresh|p2a: Arceus
|-curestatus|p2a: Arceus|tox|[msg]
|move|p1a: Chansey|Seismic Toss|p2a: Arceus
|-damage|p2a: Arceus|32/100
|
|upkeep
|turn|76
|
|t:|1640807056
|move|p2a: Arceus|Recover|p2a: Arceus
|-heal|p2a: Arceus|82/100
|move|p1a: Chansey|Toxic|p2a: Arceus
|-status|p2a: Arceus|tox
|
|-damage|p2a: Arceus|76/100 tox|[from] psn
|upkeep
|turn|77
|
|t:|1640807062
|move|p2a: Arceus|Refresh|p2a: Arceus
|-curestatus|p2a: Arceus|tox|[msg]
|move|p1a: Chansey|Seismic Toss|p2a: Arceus
|-damage|p2a: Arceus|53/100
|
|upkeep
|turn|78
|
|t:|1640807077
|switch|p2a: Arceus|Arceus-Fairy|82/100 tox
|-damage|p2a: Arceus|70/100 tox|[from] Stealth Rock
|move|p1a: Chansey|Toxic|p2a: Arceus|[miss]
|-miss|p1a: Chansey|p2a: Arceus
|
|-damage|p2a: Arceus|63/100 tox|[from] psn
|upkeep
|turn|79
|
|t:|1640807085
|move|p2a: Arceus|Defog|p1a: Chansey
|-unboost|p1a: Chansey|evasion|1
|-sideend|p2: Nintendo Corp|Stealth Rock|[from] move: Defog|[of] p2a: Arceus
|move|p1a: Chansey|Soft-Boiled|p1a: Chansey
|-heal|p1a: Chansey|100/100
|
|-damage|p2a: Arceus|51/100 tox|[from] psn
|upkeep
|turn|80
|
|t:|1640807090
|move|p2a: Arceus|Recover|p2a: Arceus
|-heal|p2a: Arceus|100/100 tox
|move|p1a: Chansey|Seismic Toss|p2a: Arceus
|-damage|p2a: Arceus|78/100 tox
|
|-damage|p2a: Arceus|60/100 tox|[from] psn
|upkeep
|turn|81
|
|t:|1640807093
|switch|p2a: Necrozma|Necrozma-Dusk-Mane|5/100 par
|move|p1a: Chansey|Seismic Toss|p2a: Necrozma
|-damage|p2a: Necrozma|0 fnt
|faint|p2a: Necrozma
|
|upkeep
|
|t:|1640807101
|switch|p2a: Arceus|Arceus-Water|82/100
|turn|82
|
|t:|1640807117
|move|p2a: Arceus|Whirlpool|p1a: Chansey
|-damage|p1a: Chansey|96/100
|-activate|p1a: Chansey|move: Whirlpool|[of] p2a: Arceus
|move|p1a: Chansey|Toxic|p2a: Arceus
|-status|p2a: Arceus|tox
|
|-damage|p2a: Arceus|76/100 tox|[from] psn
|-damage|p1a: Chansey|83/100|[from] move: Whirlpool|[partiallytrapped]
|upkeep
|turn|83
|
|t:|1640807125
|move|p2a: Arceus|Perish Song|p2a: Arceus
|-start|p1a: Chansey|perish3|[silent]
|-start|p2a: Arceus|perish3|[silent]
|-fieldactivate|move: Perish Song
|move|p1a: Chansey|Seismic Toss|p2a: Arceus
|-damage|p2a: Arceus|54/100 tox
|
|-damage|p2a: Arceus|41/100 tox|[from] psn
|-damage|p1a: Chansey|71/100|[from] move: Whirlpool|[partiallytrapped]
|-start|p2a: Arceus|perish3
|-start|p1a: Chansey|perish3
|upkeep
|turn|84
|
|t:|1640807150
|move|p2a: Arceus|Refresh|p2a: Arceus
|-curestatus|p2a: Arceus|tox|[msg]
|move|p1a: Chansey|Seismic Toss|p2a: Arceus
|-damage|p2a: Arceus|19/100
|
|-damage|p1a: Chansey|58/100|[from] move: Whirlpool|[partiallytrapped]
|-start|p2a: Arceus|perish2
|-start|p1a: Chansey|perish2
|upkeep
|turn|85
|
|t:|1640807162
|move|p2a: Arceus|Recover|p2a: Arceus
|-heal|p2a: Arceus|69/100
|move|p1a: Chansey|Toxic|p2a: Arceus
|-status|p2a: Arceus|tox
|
|-damage|p2a: Arceus|63/100 tox|[from] psn
|-damage|p1a: Chansey|46/100|[from] move: Whirlpool|[partiallytrapped]
|-start|p2a: Arceus|perish1
|-start|p1a: Chansey|perish1
|upkeep
|turn|86
|
|t:|1640807174
|switch|p2a: Arceus|Arceus-Water|53/100
|move|p1a: Chansey|Seismic Toss|p2a: Arceus
|-damage|p2a: Arceus|31/100
|
|-end|p1a: Chansey|Whirlpool|[partiallytrapped]
|-start|p1a: Chansey|perish0
|upkeep
|faint|p1a: Chansey
|
|t:|1640807182
|switch|p1a: Tyranitar|Tyranitar, F|100/100
|-weather|Sandstorm|[from] ability: Sand Stream|[of] p1a: Tyranitar
|turn|87
|
|t:|1640807188
|move|p2a: Arceus|Recover|p2a: Arceus
|-heal|p2a: Arceus|81/100
|move|p1a: Tyranitar|Rock Tomb|p2a: Arceus
|-damage|p2a: Arceus|66/100
|-unboost|p2a: Arceus|spe|1
|
|-weather|Sandstorm|[upkeep]
|-damage|p2a: Arceus|60/100|[from] Sandstorm
|upkeep
|turn|88
|
|t:|1640807193
|move|p2a: Arceus|Judgment|p1a: Tyranitar
|-supereffective|p1a: Tyranitar
|-damage|p1a: Tyranitar|58/100
|move|p1a: Tyranitar|Rock Tomb|p2a: Arceus
|-damage|p2a: Arceus|47/100
|-unboost|p2a: Arceus|spe|1
|
|-weather|Sandstorm|[upkeep]
|-damage|p2a: Arceus|41/100|[from] Sandstorm
|-heal|p1a: Tyranitar|65/100|[from] item: Leftovers
|upkeep
|turn|89
|
|t:|1640807199
|move|p1a: Tyranitar|Rock Tomb|p2a: Arceus
|-damage|p2a: Arceus|26/100
|-unboost|p2a: Arceus|spe|1
|move|p2a: Arceus|Recover|p2a: Arceus
|-heal|p2a: Arceus|76/100
|
|-weather|Sandstorm|[upkeep]
|-damage|p2a: Arceus|70/100|[from] Sandstorm
|-heal|p1a: Tyranitar|71/100|[from] item: Leftovers
|upkeep
|turn|90
|
|t:|1640807216
|-start|p1a: Tyranitar|Dynamax
|-heal|p1a: Tyranitar|71/100|[silent]
|move|p1a: Tyranitar|Max Darkness|p2a: Arceus
|-damage|p2a: Arceus|49/100
|-unboost|p2a: Arceus|spd|1
|move|p2a: Arceus|Judgment|p1a: Tyranitar
|-supereffective|p1a: Tyranitar
|-damage|p1a: Tyranitar|50/100
|
|-weather|Sandstorm|[upkeep]
|-damage|p2a: Arceus|43/100|[from] Sandstorm
|-heal|p1a: Tyranitar|53/100|[from] item: Leftovers
|upkeep
|turn|91
|
|t:|1640807232
|move|p1a: Tyranitar|Max Darkness|p2a: Arceus
|-damage|p2a: Arceus|22/100
|-unboost|p2a: Arceus|spd|1
|move|p2a: Arceus|Recover|p2a: Arceus
|-heal|p2a: Arceus|72/100
|
|-weather|none
|-heal|p1a: Tyranitar|56/100|[from] item: Leftovers
|upkeep
|turn|92
|l|☆Nintendo Corp
|inactive|Nintendo Corp disconnected and has a minute to reconnect!
|player|p2|
|j|☆Nintendo Corp
|inactive|Nintendo Corp reconnected and has 135 seconds left.
|player|p2|Nintendo Corp|lusamine-nihilego
|
|t:|1640807250
|move|p1a: Tyranitar|Max Rockfall|p2a: Arceus
|-damage|p2a: Arceus|48/100
|-weather|Sandstorm
|move|p2a: Arceus|Recover|p2a: Arceus
|-heal|p2a: Arceus|98/100
|
|-weather|Sandstorm|[upkeep]
|-damage|p2a: Arceus|92/100|[from] Sandstorm
|-heal|p1a: Tyranitar|59/100|[from] item: Leftovers
|-end|p1a: Tyranitar|Dynamax
|-heal|p1a: Tyranitar|59/100|[silent]
|upkeep
|turn|93
|
|t:|1640807259
|move|p1a: Tyranitar|Rock Tomb|p2a: Arceus|[miss]
|-miss|p1a: Tyranitar|p2a: Arceus
|move|p2a: Arceus|Judgment|p1a: Tyranitar
|-supereffective|p1a: Tyranitar
|-damage|p1a: Tyranitar|18/100
|
|-weather|Sandstorm|[upkeep]
|-damage|p2a: Arceus|86/100|[from] Sandstorm
|-heal|p1a: Tyranitar|24/100|[from] item: Leftovers
|upkeep
|turn|94
|
|t:|1640807264
|move|p1a: Tyranitar|Rest|p1a: Tyranitar
|-status|p1a: Tyranitar|slp|[from] move: Rest
|-heal|p1a: Tyranitar|100/100 slp|[silent]
|move|p2a: Arceus|Toxic||[still]
|-fail|p2a: Arceus
|
|-weather|Sandstorm|[upkeep]
|-damage|p2a: Arceus|80/100|[from] Sandstorm
|upkeep
|turn|95
|
|t:|1640807270
|switch|p2a: Arceus|Arceus-Water|63/100 tox
|cant|p1a: Tyranitar|slp
|
|-weather|Sandstorm|[upkeep]
|-damage|p2a: Arceus|57/100 tox|[from] Sandstorm
|-damage|p2a: Arceus|51/100 tox|[from] psn
|upkeep
|turn|96
|
|t:|1640807278
|switch|p1a: Ho-Oh|Ho-Oh|77/100
|move|p2a: Arceus|Whirlpool|p1a: Ho-Oh
|-supereffective|p1a: Ho-Oh
|-damage|p1a: Ho-Oh|57/100
|-activate|p1a: Ho-Oh|move: Whirlpool|[of] p2a: Arceus
|
|-weather|none
|-damage|p2a: Arceus|38/100 tox|[from] psn
|-damage|p1a: Ho-Oh|44/100|[from] move: Whirlpool|[partiallytrapped]
|upkeep
|turn|97
|l|☆tiggi7
|inactive|tiggi7 disconnected and has a minute to reconnect!
|player|p1|
|inactive|Nintendo Corp has 120 seconds left.
|
|t:|1640807336
|move|p2a: Arceus|Recover|p2a: Arceus
|-heal|p2a: Arceus|89/100 tox
|move|p1a: Ho-Oh|Whirlwind|p2a: Arceus
|drag|p2a: Arceus|Arceus-Water|80/100
|
|-end|p1a: Ho-Oh|Whirlpool|[partiallytrapped]|[silent]
|upkeep
|turn|98
|inactive|Nintendo Corp has 90 seconds left.
|inactive|tiggi7 has 30 seconds to reconnect!
|inactive|tiggi7 has 20 seconds to reconnect!
|inactive|tiggi7 has 15 seconds to reconnect!
|inactive|tiggi7 has 10 seconds to reconnect!
|inactive|tiggi7 has 5 seconds to reconnect!
|-message|tiggi7 lost due to inactivity.
|
|win|Nintendo Corp
|raw|tiggi7's rating: 1585 &rarr; <strong>1571</strong><br />(-14 for losing)
|raw|Nintendo Corp's rating: 1693 &rarr; <strong>1707</strong><br />(+14 for winning)
