|j|☆GorkleyMorgins
|j|☆Dominator296
|t:|1641812076
|gametype|singles
|player|p1|GorkleyMorgins|lady|1568
|player|p2|Dominator296|alder|1798
|teamsize|p1|6
|teamsize|p2|6
|gen|8
|tier|[Gen 8] National Dex AG
|rated|
|rule|HP Percentage Mod: HP is shown in percentages
|rule|Endless Battle Clause: Forcing endless battles is banned
|clearpoke
|poke|p1|Zygarde|
|poke|p1|Necrozma-Dusk-Mane|
|poke|p1|Kyogre|
|poke|p1|Arceus-*|
|poke|p1|Ferrothorn, M|
|poke|p1|Arceus-*|
|poke|p2|Kyogre|
|poke|p2|Groudon|
|poke|p2|Ho-Oh|
|poke|p2|Necrozma-Dusk-Mane|
|poke|p2|Arceus-*|
|poke|p2|Arceus-*|
|teampreview
|inactive|Battle timer is ON: inactive players will automatically lose when time's up. (requested by GorkleyMorgins)
|inactive|GorkleyMorgins has 120 seconds left.
|
|t:|1641812117
|start
|switch|p1a: Arceus|Arceus-Fairy|100/100
|switch|p2a: Ho-Oh|Ho-Oh, shiny|100/100
|turn|1
|
|t:|1641812127
|move|p1a: Arceus|Toxic|p2a: Ho-Oh
|-status|p2a: Ho-Oh|tox
|move|p2a: Ho-Oh|Curse|p2a: Ho-Oh
|-unboost|p2a: Ho-Oh|spe|1
|-boost|p2a: Ho-Oh|atk|1
|-boost|p2a: Ho-Oh|def|1
|
|-damage|p2a: Ho-Oh|94/100 tox|[from] psn
|upkeep
|turn|2
|
|t:|1641812146
|switch|p1a: Zygarde|Zygarde|100/100
|move|p2a: Ho-Oh|Sacred Fire|p1a: Zygarde
|-resisted|p1a: Zygarde
|-damage|p1a: Zygarde|83/100
|-status|p1a: Zygarde|brn
|
|-damage|p2a: Ho-Oh|82/100 tox|[from] psn
|-damage|p1a: Zygarde|76/100 brn|[from] brn
|upkeep
|turn|3
|
|t:|1641812151
|move|p1a: Zygarde|Haze|p1a: Zygarde
|-clearallboost
|move|p2a: Ho-Oh|Curse|p2a: Ho-Oh
|-unboost|p2a: Ho-Oh|spe|1
|-boost|p2a: Ho-Oh|atk|1
|-boost|p2a: Ho-Oh|def|1
|
|-damage|p2a: Ho-Oh|64/100 tox|[from] psn
|-damage|p1a: Zygarde|70/100 brn|[from] brn
|upkeep
|turn|4
|
|t:|1641812157
|switch|p1a: Kyogre|Kyogre|100/100
|detailschange|p1a: Kyogre|Kyogre-Primal
|-primal|p1a: Kyogre
|-weather|PrimordialSea|[from] ability: Primordial Sea|[of] p1a: Kyogre
|move|p2a: Ho-Oh|Brave Bird|p1a: Kyogre
|-damage|p1a: Kyogre|43/100
|-damage|p2a: Ho-Oh|46/100 tox|[from] Recoil
|
|-weather|PrimordialSea|[upkeep]
|-damage|p2a: Ho-Oh|22/100 tox|[from] psn
|upkeep
|turn|5
|
|t:|1641812162
|switch|p2a: Groudon|Groudon|100/100
|detailschange|p2a: Groudon|Groudon-Primal
|-primal|p2a: Groudon
|-weather|DesolateLand|[from] ability: Desolate Land|[of] p2a: Groudon
|move|p1a: Kyogre|Scald||[still]
|-fail|p1a: Kyogre|Scald|[from] Desolate Land
|
|-weather|DesolateLand|[upkeep]
|upkeep
|turn|6
|
|t:|1641812167
|switch|p1a: Zygarde|Zygarde|70/100 brn
|move|p2a: Groudon|Precipice Blades|p1a: Zygarde
|-damage|p1a: Zygarde|24/100 brn
|
|-weather|DesolateLand|[upkeep]
|-damage|p1a: Zygarde|18/100 brn|[from] brn
|-activate|p1a: Zygarde|ability: Power Construct
|detailschange|p1a: Zygarde|Zygarde-Complete
|-heal|p1a: Zygarde|46/100 brn|[silent]
|upkeep
|turn|7
|
|t:|1641812176
|move|p2a: Groudon|Precipice Blades|p1a: Zygarde|[miss]
|-miss|p2a: Groudon|p1a: Zygarde
|move|p1a: Zygarde|Rest|p1a: Zygarde
|-status|p1a: Zygarde|slp|[from] move: Rest
|-heal|p1a: Zygarde|100/100 slp|[silent]
|
|-weather|DesolateLand|[upkeep]
|upkeep
|turn|8
|
|t:|1641812180
|-weather|none
|switch|p2a: Kyogre|Kyogre|100/100
|-weather|RainDance|[from] ability: Drizzle|[of] p2a: Kyogre
|cant|p1a: Zygarde|slp
|
|-weather|RainDance|[upkeep]
|upkeep
|turn|9
|
|t:|1641812185
|switch|p1a: Kyogre|Kyogre-Primal|43/100
|-weather|PrimordialSea|[from] ability: Primordial Sea|[of] p1a: Kyogre
|move|p2a: Kyogre|Water Spout|p1a: Kyogre
|-resisted|p1a: Kyogre
|-damage|p1a: Kyogre|3/100
|
|-weather|PrimordialSea|[upkeep]
|upkeep
|turn|10
|
|t:|1641812190
|move|p2a: Kyogre|Water Spout|p1a: Kyogre
|-resisted|p1a: Kyogre
|-damage|p1a: Kyogre|0 fnt
|faint|p1a: Kyogre
|-weather|none
|
|upkeep
|
|t:|1641812193
|switch|p1a: Ferrothorn|Ferrothorn, M|100/100
|turn|11
|
|t:|1641812199
|switch|p2a: Ho-Oh|Ho-Oh, shiny|55/100 tox
|move|p1a: Ferrothorn|Leech Seed|p2a: Ho-Oh
|-start|p2a: Ho-Oh|move: Leech Seed
|
|-damage|p2a: Ho-Oh|43/100 tox|[from] Leech Seed|[of] p1a: Ferrothorn
|-damage|p2a: Ho-Oh|37/100 tox|[from] psn
|upkeep
|turn|12
|
|t:|1641812206
|move|p1a: Ferrothorn|Protect|p1a: Ferrothorn
|-singleturn|p1a: Ferrothorn|Protect
|move|p2a: Ho-Oh|Recover|p2a: Ho-Oh
|-heal|p2a: Ho-Oh|87/100 tox
|
|-damage|p2a: Ho-Oh|74/100 tox|[from] Leech Seed|[of] p1a: Ferrothorn
|-damage|p2a: Ho-Oh|62/100 tox|[from] psn
|upkeep
|turn|13
|
|t:|1641812212
|switch|p2a: Groudon|Groudon-Primal|100/100
|-weather|DesolateLand|[from] ability: Desolate Land|[of] p2a: Groudon
|switch|p1a: Zygarde|Zygarde-Complete|100/100 slp
|
|-weather|DesolateLand|[upkeep]
|upkeep
|turn|14
|
|t:|1641812217
|-weather|none
|switch|p2a: Kyogre|Kyogre|100/100
|-weather|RainDance|[from] ability: Drizzle|[of] p2a: Kyogre
|cant|p1a: Zygarde|slp
|
|-weather|RainDance|[upkeep]
|upkeep
|turn|15
|
|t:|1641812221
|switch|p1a: Ferrothorn|Ferrothorn, M|100/100
|move|p2a: Kyogre|Water Spout|p1a: Ferrothorn
|-resisted|p1a: Ferrothorn
|-damage|p1a: Ferrothorn|57/100
|
|-weather|RainDance|[upkeep]
|-heal|p1a: Ferrothorn|64/100|[from] item: Leftovers
|upkeep
|turn|16
|
|t:|1641812225
|switch|p2a: Ho-Oh|Ho-Oh, shiny|96/100 tox
|move|p1a: Ferrothorn|Leech Seed|p2a: Ho-Oh|[miss]
|-miss|p1a: Ferrothorn|p2a: Ho-Oh
|
|-weather|RainDance|[upkeep]
|-heal|p1a: Ferrothorn|70/100|[from] item: Leftovers
|-damage|p2a: Ho-Oh|90/100 tox|[from] psn
|upkeep
|turn|17
|
|t:|1641812231
|move|p2a: Ho-Oh|Curse|p2a: Ho-Oh
|-unboost|p2a: Ho-Oh|spe|1
|-boost|p2a: Ho-Oh|atk|1
|-boost|p2a: Ho-Oh|def|1
|move|p1a: Ferrothorn|Leech Seed|p2a: Ho-Oh
|-start|p2a: Ho-Oh|move: Leech Seed
|
|-weather|RainDance|[upkeep]
|-heal|p1a: Ferrothorn|76/100|[from] item: Leftovers
|-damage|p2a: Ho-Oh|77/100 tox|[from] Leech Seed|[of] p1a: Ferrothorn
|-heal|p1a: Ferrothorn|91/100|[silent]
|-damage|p2a: Ho-Oh|65/100 tox|[from] psn
|upkeep
|turn|18
|
|t:|1641812236
|move|p2a: Ho-Oh|Recover|p2a: Ho-Oh
|-heal|p2a: Ho-Oh|100/100 tox
|move|p1a: Ferrothorn|Spikes|p2a: Ho-Oh
|-sidestart|p2: Dominator296|Spikes
|
|-weather|none
|-heal|p1a: Ferrothorn|97/100|[from] item: Leftovers
|-damage|p2a: Ho-Oh|88/100 tox|[from] Leech Seed|[of] p1a: Ferrothorn
|-heal|p1a: Ferrothorn|100/100|[silent]
|-damage|p2a: Ho-Oh|70/100 tox|[from] psn
|upkeep
|turn|19
|
|t:|1641812240
|move|p1a: Ferrothorn|Protect|p1a: Ferrothorn
|-singleturn|p1a: Ferrothorn|Protect
|move|p2a: Ho-Oh|Sacred Fire|p1a: Ferrothorn
|-activate|p1a: Ferrothorn|move: Protect
|
|-damage|p2a: Ho-Oh|58/100 tox|[from] Leech Seed|[of] p1a: Ferrothorn
|-damage|p2a: Ho-Oh|34/100 tox|[from] psn
|upkeep
|turn|20
|
|t:|1641812244
|switch|p1a: Zygarde|Zygarde-Complete|100/100 slp
|move|p2a: Ho-Oh|Sacred Fire|p1a: Zygarde
|-resisted|p1a: Zygarde
|-damage|p1a: Zygarde|88/100 slp
|
|-damage|p2a: Ho-Oh|21/100 tox|[from] Leech Seed|[of] p1a: Zygarde
|-heal|p1a: Zygarde|96/100 slp|[silent]
|-damage|p2a: Ho-Oh|0 fnt|[from] psn
|faint|p2a: Ho-Oh
|upkeep
|
|t:|1641812251
|switch|p2a: Necrozma|Necrozma-Dusk-Mane|100/100
|-damage|p2a: Necrozma|88/100|[from] Spikes
|turn|21
|
|t:|1641812277
|move|p2a: Necrozma|Dragon Dance|p2a: Necrozma
|-boost|p2a: Necrozma|atk|1
|-boost|p2a: Necrozma|spe|1
|-curestatus|p1a: Zygarde|slp|[msg]
|move|p1a: Zygarde|Glare|p2a: Necrozma
|-status|p2a: Necrozma|par
|
|upkeep
|turn|22
|
|t:|1641812286
|detailschange|p2a: Necrozma|Necrozma-Ultra
|-burst|p2a: Necrozma|Necrozma|Ultranecrozium Z
|cant|p2a: Necrozma|par
|move|p1a: Zygarde|Haze|p1a: Zygarde
|-clearallboost
|
|upkeep
|turn|23
|
|t:|1641812298
|switch|p1a: Arceus|Arceus-Dark|100/100
|move|p2a: Necrozma|Dragon Dance|p2a: Necrozma
|-boost|p2a: Necrozma|atk|1
|-boost|p2a: Necrozma|spe|1
|
|upkeep
|turn|24
|
|t:|1641812305
|-start|p1a: Arceus|Dynamax
|-heal|p1a: Arceus|100/100|[silent]
|move|p1a: Arceus|Max Darkness|p2a: Necrozma
|-supereffective|p2a: Necrozma
|-damage|p2a: Necrozma|0 fnt
|faint|p2a: Necrozma
|
|upkeep
|
|t:|1641812325
|switch|p2a: Arceus|Arceus, shiny|100/100
|-damage|p2a: Arceus|88/100|[from] Spikes
|turn|25
|
|t:|1641812334
|move|p2a: Arceus|Extreme Speed|p1a: Arceus
|-damage|p1a: Arceus|85/100
|move|p1a: Arceus|Max Darkness|p2a: Arceus
|-damage|p2a: Arceus|50/100
|-unboost|p2a: Arceus|spd|1
|
|upkeep
|turn|26
|
|t:|1641812350
|move|p1a: Arceus|Max Darkness|p2a: Arceus
|-damage|p2a: Arceus|0 fnt
|faint|p2a: Arceus
|
|-end|p1a: Arceus|Dynamax
|-heal|p1a: Arceus|85/100|[silent]
|upkeep
|
|t:|1641812353
|switch|p2a: Arceus|Arceus-Flying|100/100
|turn|27
|inactive|GorkleyMorgins has 120 seconds left.
|
|t:|1641812409
|move|p2a: Arceus|Calm Mind|p2a: Arceus
|-boost|p2a: Arceus|spa|1
|-boost|p2a: Arceus|spd|1
|move|p1a: Arceus|Snarl|p2a: Arceus
|-damage|p2a: Arceus|88/100
|-unboost|p2a: Arceus|spa|1
|
|upkeep
|turn|28
|
|t:|1641812415
|move|p2a: Arceus|Calm Mind|p2a: Arceus
|-boost|p2a: Arceus|spa|1
|-boost|p2a: Arceus|spd|1
|move|p1a: Arceus|Toxic|p2a: Arceus
|-status|p2a: Arceus|tox
|
|-damage|p2a: Arceus|82/100 tox|[from] psn
|upkeep
|turn|29
|
|t:|1641812418
|switch|p1a: Ferrothorn|Ferrothorn, M|100/100
|move|p2a: Arceus|Refresh|p2a: Arceus
|-curestatus|p2a: Arceus|tox|[msg]
|
|upkeep
|turn|30
|
|t:|1641812425
|move|p2a: Arceus|Calm Mind|p2a: Arceus
|-boost|p2a: Arceus|spa|1
|-boost|p2a: Arceus|spd|1
|move|p1a: Ferrothorn|Leech Seed|p2a: Arceus
|-start|p2a: Arceus|move: Leech Seed
|
|-damage|p2a: Arceus|70/100|[from] Leech Seed|[of] p1a: Ferrothorn
|upkeep
|turn|31
|
|t:|1641812432
|switch|p1a: Zygarde|Zygarde-Complete|96/100
|move|p2a: Arceus|Calm Mind|p2a: Arceus
|-boost|p2a: Arceus|spa|1
|-boost|p2a: Arceus|spd|1
|
|-damage|p2a: Arceus|57/100|[from] Leech Seed|[of] p1a: Zygarde
|-heal|p1a: Zygarde|100/100|[silent]
|upkeep
|turn|32
|
|t:|1641812436
|-start|p2a: Arceus|Dynamax
|-heal|p2a: Arceus|57/100|[silent]
|move|p2a: Arceus|Max Airstream|p1a: Zygarde
|-damage|p1a: Zygarde|21/100
|-boost|p2a: Arceus|spe|1
|move|p1a: Zygarde|Haze|p1a: Zygarde
|-clearallboost
|
|-damage|p2a: Arceus|51/100|[from] Leech Seed|[of] p1a: Zygarde
|-heal|p1a: Zygarde|29/100|[silent]
|upkeep
|turn|33
|
|t:|1641812442
|switch|p1a: Necrozma|Necrozma-Dusk-Mane|100/100
|move|p2a: Arceus|Max Airstream|p1a: Necrozma
|-resisted|p1a: Necrozma
|-damage|p1a: Necrozma|78/100
|-boost|p2a: Arceus|spe|1
|
|-damage|p2a: Arceus|45/100|[from] Leech Seed|[of] p1a: Necrozma
|-heal|p1a: Necrozma|91/100|[silent]
|upkeep
|turn|34
|
|t:|1641812447
|move|p2a: Arceus|Max Guard|p2a: Arceus
|-singleturn|p2a: Arceus|Max Guard
|move|p1a: Necrozma|Stealth Rock|p2a: Arceus
|-sidestart|p2: Dominator296|move: Stealth Rock
|
|-damage|p2a: Arceus|39/100|[from] Leech Seed|[of] p1a: Necrozma
|-heal|p1a: Necrozma|100/100|[silent]
|-end|p2a: Arceus|Dynamax
|-heal|p2a: Arceus|39/100|[silent]
|upkeep
|turn|35
|
|t:|1641812451
|move|p2a: Arceus|Recover|p2a: Arceus
|-heal|p2a: Arceus|89/100
|move|p1a: Necrozma|Sunsteel Strike|p2a: Arceus
|-damage|p2a: Arceus|63/100
|
|-damage|p2a: Arceus|50/100|[from] Leech Seed|[of] p1a: Necrozma
|upkeep
|turn|36
|
|t:|1641812457
|move|p2a: Arceus|Calm Mind|p2a: Arceus
|-boost|p2a: Arceus|spa|1
|-boost|p2a: Arceus|spd|1
|move|p1a: Necrozma|Thunder Wave|p2a: Arceus|[miss]
|-miss|p1a: Necrozma|p2a: Arceus
|
|-damage|p2a: Arceus|38/100|[from] Leech Seed|[of] p1a: Necrozma
|upkeep
|turn|37
|
|t:|1641812460
|move|p2a: Arceus|Recover|p2a: Arceus
|-heal|p2a: Arceus|88/100
|move|p1a: Necrozma|Sunsteel Strike|p2a: Arceus
|-damage|p2a: Arceus|64/100
|
|-damage|p2a: Arceus|52/100|[from] Leech Seed|[of] p1a: Necrozma
|upkeep
|turn|38
|
|t:|1641812463
|move|p2a: Arceus|Recover|p2a: Arceus
|-heal|p2a: Arceus|100/100
|move|p1a: Necrozma|Thunder Wave|p2a: Arceus
|-status|p2a: Arceus|par
|
|-damage|p2a: Arceus|88/100 par|[from] Leech Seed|[of] p1a: Necrozma
|upkeep
|turn|39
|
|t:|1641812473
|switch|p1a: Zygarde|Zygarde-Complete|29/100
|move|p2a: Arceus|Refresh|p2a: Arceus
|-curestatus|p2a: Arceus|par|[msg]
|
|-damage|p2a: Arceus|76/100|[from] Leech Seed|[of] p1a: Zygarde
|-heal|p1a: Zygarde|38/100|[silent]
|upkeep
|turn|40
|
|t:|1641812478
|move|p2a: Arceus|Judgment|p1a: Zygarde
|-damage|p1a: Zygarde|0 fnt
|faint|p1a: Zygarde
|
|upkeep
|
|t:|1641812481
|switch|p1a: Ferrothorn|Ferrothorn, M|100/100
|turn|41
|
|t:|1641812483
|move|p2a: Arceus|Calm Mind|p2a: Arceus
|-boost|p2a: Arceus|spa|1
|-boost|p2a: Arceus|spd|1
|move|p1a: Ferrothorn|Spikes|p2a: Arceus
|-sidestart|p2: Dominator296|Spikes
|
|-damage|p2a: Arceus|64/100|[from] Leech Seed|[of] p1a: Ferrothorn
|upkeep
|turn|42
|
|t:|1641812487
|switch|p1a: Necrozma|Necrozma-Dusk-Mane|100/100
|move|p2a: Arceus|Judgment|p1a: Necrozma
|-resisted|p1a: Necrozma
|-damage|p1a: Necrozma|60/100
|
|-damage|p2a: Arceus|51/100|[from] Leech Seed|[of] p1a: Necrozma
|-heal|p1a: Necrozma|74/100|[silent]
|upkeep
|turn|43
|
|t:|1641812493
|move|p2a: Arceus|Recover|p2a: Arceus
|-heal|p2a: Arceus|100/100
|move|p1a: Necrozma|Sunsteel Strike|p2a: Arceus
|-damage|p2a: Arceus|74/100
|
|-damage|p2a: Arceus|62/100|[from] Leech Seed|[of] p1a: Necrozma
|-heal|p1a: Necrozma|87/100|[silent]
|upkeep
|turn|44
|
|t:|1641812500
|switch|p1a: Arceus|Arceus-Dark|85/100
|move|p2a: Arceus|Calm Mind|p2a: Arceus
|-boost|p2a: Arceus|spa|1
|-boost|p2a: Arceus|spd|1
|
|-damage|p2a: Arceus|50/100|[from] Leech Seed|[of] p1a: Arceus
|-heal|p1a: Arceus|97/100|[silent]
|upkeep
|turn|45
|
|t:|1641812503
|move|p2a: Arceus|Judgment|p1a: Arceus
|-damage|p1a: Arceus|39/100
|move|p1a: Arceus|Toxic|p2a: Arceus
|-status|p2a: Arceus|tox
|
|-damage|p2a: Arceus|37/100 tox|[from] Leech Seed|[of] p1a: Arceus
|-heal|p1a: Arceus|51/100|[silent]
|-damage|p2a: Arceus|31/100 tox|[from] psn
|upkeep
|turn|46
|
|t:|1641812511
|move|p2a: Arceus|Judgment|p1a: Arceus
|-damage|p1a: Arceus|0 fnt
|faint|p1a: Arceus
|
|-damage|p2a: Arceus|19/100 tox|[from] psn
|upkeep
|
|t:|1641812518
|switch|p1a: Necrozma|Necrozma-Dusk-Mane|87/100
|turn|47
|
|t:|1641812523
|move|p2a: Arceus|Recover|p2a: Arceus
|-heal|p2a: Arceus|69/100 tox
|move|p1a: Necrozma|Sunsteel Strike|p2a: Arceus
|-damage|p2a: Arceus|41/100 tox
|
|-damage|p2a: Arceus|28/100 tox|[from] Leech Seed|[of] p1a: Necrozma
|-heal|p1a: Necrozma|100/100|[silent]
|-damage|p2a: Arceus|10/100 tox|[from] psn
|upkeep
|turn|48
|
|t:|1641812543
|move|p2a: Arceus|Judgment|p1a: Necrozma
|-resisted|p1a: Necrozma
|-damage|p1a: Necrozma|56/100
|move|p1a: Necrozma|Sunsteel Strike|p2a: Arceus
|-damage|p2a: Arceus|0 fnt
|faint|p2a: Arceus
|
|upkeep
|
|t:|1641812554
|switch|p2a: Groudon|Groudon-Primal|100/100
|-damage|p2a: Groudon|84/100|[from] Spikes
|-damage|p2a: Groudon|71/100|[from] Stealth Rock
|-weather|DesolateLand|[from] ability: Desolate Land|[of] p2a: Groudon
|turn|49
|
|t:|1641812571
|move|p2a: Groudon|Rock Polish|p2a: Groudon
|-boost|p2a: Groudon|spe|2
|move|p1a: Necrozma|Sunsteel Strike|p2a: Groudon
|-resisted|p2a: Groudon
|-damage|p2a: Groudon|58/100
|
|-weather|DesolateLand|[upkeep]
|upkeep
|turn|50
|
|t:|1641812575
|move|p2a: Groudon|Fire Punch|p1a: Necrozma
|-supereffective|p1a: Necrozma
|-damage|p1a: Necrozma|0 fnt
|-damage|p2a: Groudon|41/100|[from] item: Rocky Helmet|[of] p1a: Necrozma
|faint|p1a: Necrozma
|
|-weather|DesolateLand|[upkeep]
|upkeep
|
|t:|1641812579
|switch|p1a: Arceus|Arceus-Fairy|100/100
|turn|51
|
|t:|1641812583
|move|p2a: Groudon|Precipice Blades|p1a: Arceus
|-damage|p1a: Arceus|60/100
|move|p1a: Arceus|Toxic|p2a: Groudon
|-status|p2a: Groudon|tox
|
|-weather|DesolateLand|[upkeep]
|-damage|p2a: Groudon|35/100 tox|[from] psn
|upkeep
|turn|52
|
|t:|1641812588
|move|p2a: Groudon|Rock Slide|p1a: Arceus
|-damage|p1a: Arceus|41/100
|move|p1a: Arceus|Recover|p1a: Arceus
|-heal|p1a: Arceus|91/100
|
|-weather|DesolateLand|[upkeep]
|-damage|p2a: Groudon|23/100 tox|[from] psn
|upkeep
|turn|53
|
|t:|1641812596
|move|p2a: Groudon|Fire Punch|p1a: Arceus
|-damage|p1a: Arceus|48/100
|move|p1a: Arceus|Recover|p1a: Arceus
|-heal|p1a: Arceus|98/100
|
|-weather|DesolateLand|[upkeep]
|-damage|p2a: Groudon|4/100 tox|[from] psn
|upkeep
|turn|54
|
|t:|1641812600
|move|p2a: Groudon|Precipice Blades|p1a: Arceus
|-damage|p1a: Arceus|59/100
|move|p1a: Arceus|Recover|p1a: Arceus
|-heal|p1a: Arceus|100/100
|
|-weather|DesolateLand|[upkeep]
|-damage|p2a: Groudon|0 fnt|[from] psn
|faint|p2a: Groudon
|-weather|none
|upkeep
|
|t:|1641812605
|switch|p2a: Kyogre|Kyogre|100/100
|-damage|p2a: Kyogre|84/100|[from] Spikes
|-damage|p2a: Kyogre|72/100|[from] Stealth Rock
|-weather|RainDance|[from] ability: Drizzle|[of] p2a: Kyogre
|turn|55
|
|t:|1641812612
|move|p2a: Kyogre|Origin Pulse|p1a: Arceus|[miss]
|-miss|p2a: Kyogre|p1a: Arceus
|move|p1a: Arceus|Recover||[still]
|-fail|p1a: Arceus|heal
|
|-weather|RainDance|[upkeep]
|upkeep
|turn|56
|
|t:|1641812618
|move|p2a: Kyogre|Origin Pulse|p1a: Arceus
|-damage|p1a: Arceus|34/100
|move|p1a: Arceus|Toxic|p2a: Kyogre
|-status|p2a: Kyogre|tox
|
|-weather|RainDance|[upkeep]
|-damage|p2a: Kyogre|66/100 tox|[from] psn
|upkeep
|turn|57
|
|t:|1641812624
|move|p2a: Kyogre|Origin Pulse|p1a: Arceus
|-damage|p1a: Arceus|0 fnt
|faint|p1a: Arceus
|
|-weather|RainDance|[upkeep]
|-damage|p2a: Kyogre|53/100 tox|[from] psn
|upkeep
|
|t:|1641812627
|switch|p1a: Ferrothorn|Ferrothorn, M|100/100
|turn|58
|
|t:|1641812629
|move|p2a: Kyogre|Origin Pulse|p1a: Ferrothorn
|-resisted|p1a: Ferrothorn
|-crit|p1a: Ferrothorn
|-damage|p1a: Ferrothorn|58/100
|move|p1a: Ferrothorn|Leech Seed|p2a: Kyogre
|-start|p2a: Kyogre|move: Leech Seed
|
|-weather|RainDance|[upkeep]
|-heal|p1a: Ferrothorn|64/100|[from] item: Leftovers
|-damage|p2a: Kyogre|41/100 tox|[from] Leech Seed|[of] p1a: Ferrothorn
|-heal|p1a: Ferrothorn|76/100|[silent]
|-damage|p2a: Kyogre|22/100 tox|[from] psn
|upkeep
|turn|59
|
|t:|1641812636
|move|p1a: Ferrothorn|Protect|p1a: Ferrothorn
|-singleturn|p1a: Ferrothorn|Protect
|move|p2a: Kyogre|Origin Pulse|p1a: Ferrothorn
|-activate|p1a: Ferrothorn|move: Protect
|
|-weather|none
|-heal|p1a: Ferrothorn|82/100|[from] item: Leftovers
|-damage|p2a: Kyogre|10/100 tox|[from] Leech Seed|[of] p1a: Ferrothorn
|-heal|p1a: Ferrothorn|94/100|[silent]
|-damage|p2a: Kyogre|0 fnt|[from] psn
|faint|p2a: Kyogre
|
|win|GorkleyMorgins
|upkeep
|raw|GorkleyMorgins's rating: 1568 &rarr; <strong>1600</strong><br />(+32 for winning)
|raw|Dominator296's rating: 1798 &rarr; <strong>1766</strong><br />(-32 for losing)
|l|☆Dominator296
|n| Flynn Watson ^~^|gorkleymorgins
