|j|☆IsoCon
|j|☆cotesmcgotes
|t:|1667855689
|gametype|singles
|player|p1|IsoCon|wicke|1578
|player|p2|cotesmcgotes|silver|1618
|teamsize|p1|6
|teamsize|p2|6
|gen|8
|tier|[Gen 8] National Dex AG
|rated|
|rule|HP Percentage Mod: HP is shown in percentages
|rule|Endless Battle Clause: Forcing endless battles is banned
|clearpoke
|poke|p1|Yveltal|
|poke|p1|Zacian-*|
|poke|p1|Arceus-*|
|poke|p1|Ho-Oh|
|poke|p1|Groudon|
|poke|p1|Gengar, M|
|poke|p2|Quagsire, F|
|poke|p2|Breloom, F|
|poke|p2|Kangaskhan, F|
|poke|p2|Rayquaza|
|poke|p2|Magearna|
|poke|p2|Zacian-*|
|teampreview
|inactive|Battle timer is ON: inactive players will automatically lose when time's up. (requested by IsoCon)
|
|t:|1667855693
|start
|switch|p1a: Gengar|Gengar, M|100/100
|switch|p2a: Rayquaza|Rayquaza, shiny|100/100
|-ability|p2a: Rayquaza|Air Lock
|turn|1
|
|t:|1667855708
|switch|p2a: Zacian|Zacian-Crowned, shiny|100/100
|-ability|p2a: Zacian|Intrepid Sword|boost
|-boost|p2a: Zacian|atk|1
|detailschange|p1a: Gengar|Gengar-Mega, M
|-mega|p1a: Gengar|Gengar|Gengarite
|move|p1a: Gengar|Substitute|p1a: Gengar
|-start|p1a: Gengar|Substitute
|-damage|p1a: Gengar|76/100
|
|upkeep
|turn|2
|
|t:|1667855715
|move|p2a: Zacian|Behemoth Blade|p1a: Gengar
|-end|p1a: Gengar|Substitute
|move|p1a: Gengar|Encore|p2a: Zacian
|-start|p2a: Zacian|Encore
|
|upkeep
|turn|3
|
|t:|1667855720
|switch|p1a: Ho-Oh|Ho-Oh|100/100
|move|p2a: Zacian|Behemoth Blade|p1a: Ho-Oh
|-resisted|p1a: Ho-Oh
|-damage|p1a: Ho-Oh|72/100
|
|upkeep
|turn|4
|
|t:|1667855727
|switch|p2a: Quagsire|Quagsire, F, shiny|100/100
|move|p1a: Ho-Oh|Toxic|p2a: Quagsire
|-status|p2a: Quagsire|tox
|
|-damage|p2a: Quagsire|94/100 tox|[from] psn
|upkeep
|turn|5
|
|t:|1667855734
|switch|p1a: Arceus|Arceus-Water|100/100
|switch|p2a: Zacian|Zacian-Crowned, shiny|100/100
|-ability|p2a: Zacian|Intrepid Sword|boost
|-boost|p2a: Zacian|atk|1
|
|upkeep
|turn|6
|
|t:|1667855740
|switch|p1a: Groudon|Groudon|100/100
|detailschange|p1a: Groudon|Groudon-Primal
|-primal|p1a: Groudon
|-weather|DesolateLand|[from] ability: Desolate Land|[of] p1a: Groudon
|move|p2a: Zacian|Wild Charge|p1a: Groudon
|-immune|p1a: Groudon
|
|-weather|DesolateLand|[upkeep]
|upkeep
|turn|7
|
|t:|1667855743
|switch|p2a: Rayquaza|Rayquaza, shiny|100/100
|-ability|p2a: Rayquaza|Air Lock
|move|p1a: Groudon|Stealth Rock|p2a: Rayquaza
|-sidestart|p2: cotesmcgotes|move: Stealth Rock
|
|-weather|DesolateLand|[upkeep]
|upkeep
|turn|8
|
|t:|1667855750
|-weather|none
|switch|p1a: Arceus|Arceus-Water|100/100
|move|p2a: Rayquaza|Surf|p1a: Arceus
|-resisted|p1a: Arceus
|-damage|p1a: Arceus|90/100
|
|upkeep
|turn|9
|
|t:|1667855757
|move|p2a: Rayquaza|Defog|p1a: Arceus
|-unboost|p1a: Arceus|evasion|1
|-sideend|p2: cotesmcgotes|Stealth Rock|[from] move: Defog|[of] p2a: Rayquaza
|move|p1a: Arceus|Ice Beam|p2a: Rayquaza
|-supereffective|p2a: Rayquaza
|-damage|p2a: Rayquaza|0 fnt
|faint|p2a: Rayquaza
|
|upkeep
|
|t:|1667855764
|switch|p2a: Magearna|Magearna|100/100
|turn|10
|
|t:|1667855771
|switch|p1a: Gengar|Gengar-Mega, M|76/100
|move|p2a: Magearna|Shift Gear|p2a: Magearna
|-boost|p2a: Magearna|spe|2
|-boost|p2a: Magearna|atk|1
|
|upkeep
|turn|11
|
|t:|1667855792
|move|p1a: Gengar|Encore|p2a: Magearna
|-start|p2a: Magearna|Encore
|move|p2a: Magearna|Shift Gear|p2a: Magearna
|-boost|p2a: Magearna|spe|2
|-boost|p2a: Magearna|atk|1
|
|upkeep
|turn|12
|
|t:|1667855798
|-start|p2a: Magearna|Dynamax|
|-heal|p2a: Magearna|100/100|[silent]
|move|p2a: Magearna|Max Steelspike|p1a: Gengar
|-damage|p1a: Gengar|0 fnt
|-boost|p2a: Magearna|def|1
|faint|p1a: Gengar
|-ability|p2a: Magearna|Soul-Heart|boost
|-boost|p2a: Magearna|spa|1
|
|upkeep
|
|t:|1667855807
|switch|p1a: Ho-Oh|Ho-Oh|100/100
|turn|13
|
|t:|1667855819
|move|p2a: Magearna|Max Mindstorm|p1a: Ho-Oh
|-damage|p1a: Ho-Oh|72/100
|-fieldstart|move: Psychic Terrain
|move|p1a: Ho-Oh|Sacred Fire|p2a: Magearna
|-supereffective|p2a: Magearna
|-damage|p2a: Magearna|77/100
|-status|p2a: Magearna|brn
|-enditem|p2a: Magearna|Weakness Policy
|-boost|p2a: Magearna|atk|2|[from] item: Weakness Policy
|-boost|p2a: Magearna|spa|2|[from] item: Weakness Policy
|
|-damage|p2a: Magearna|74/100 brn|[from] brn
|-end|p2a: Magearna|Encore
|upkeep
|turn|14
|
|t:|1667855843
|switch|p1a: Arceus|Arceus-Water|90/100
|move|p2a: Magearna|Max Mindstorm|p1a: Arceus
|-damage|p1a: Arceus|17/100
|
|-damage|p2a: Magearna|71/100 brn|[from] brn
|upkeep
|-end|p2a: Magearna|Dynamax
|-heal|p2a: Magearna|71/100 brn|[silent]
|turn|15
|
|t:|1667855853
|move|p2a: Magearna|Stored Power|p1a: Arceus
|-damage|p1a: Arceus|0 fnt
|faint|p1a: Arceus
|-ability|p2a: Magearna|Soul-Heart|boost
|-boost|p2a: Magearna|spa|1
|
|-damage|p2a: Magearna|65/100 brn|[from] brn
|upkeep
|inactive|IsoCon has 120 seconds left.
|
|t:|1667855876
|switch|p1a: Ho-Oh|Ho-Oh|100/100
|turn|16
|
|t:|1667855883
|-start|p1a: Ho-Oh|Dynamax|
|-heal|p1a: Ho-Oh|100/100|[silent]
|move|p2a: Magearna|Stored Power|p1a: Ho-Oh
|-crit|p1a: Ho-Oh
|-damage|p1a: Ho-Oh|0 fnt
|faint|p1a: Ho-Oh
|-ability|p2a: Magearna|Soul-Heart|boost
|-boost|p2a: Magearna|spa|1
|
|-damage|p2a: Magearna|59/100 brn|[from] brn
|upkeep
|-message|IsoCon forfeited.
|
|win|cotesmcgotes
|raw|IsoCon's rating: 1578 &rarr; <strong>1560</strong><br />(-18 for losing)
|raw|cotesmcgotes's rating: 1618 &rarr; <strong>1636</strong><br />(+18 for winning)
|l|☆IsoCon
