|j|☆Snakethey
|j|☆Tails72
|t:|1657180083
|gametype|singles
|player|p1|Snakethey|flint|1530
|player|p2|Tails72|lance-gen3|1577
|teamsize|p1|6
|teamsize|p2|6
|gen|8
|tier|[Gen 8] National Dex AG
|rated|
|rule|HP Percentage Mod: HP is shown in percentages
|rule|Endless Battle Clause: Forcing endless battles is banned
|clearpoke
|poke|p1|Groudon|
|poke|p1|Rayquaza|
|poke|p1|Ditto|
|poke|p1|Kyogre|
|poke|p1|Calyrex-Shadow|
|poke|p1|Golduck, F|
|poke|p2|Eternatus|
|poke|p2|Calyrex-Shadow|
|poke|p2|Zacian-*|
|poke|p2|Kyogre|
|poke|p2|Yveltal|
|poke|p2|Necrozma-Dusk-Mane|
|teampreview
|j| CanUrepeat
|l| CanUrepeat
|c|☆Tails72|Gl hf
|
|t:|1657180130
|start
|switch|p1a: Rayquaza|Rayquaza|100/100
|switch|p2a: Yahveltal|Yveltal|100/100
|-ability|p1a: Rayquaza|Air Lock
|-ability|p2a: Yahveltal|Dark Aura
|turn|1
|
|t:|1657180136
|detailschange|p1a: Rayquaza|Rayquaza-Mega
|-mega|p1a: Rayquaza|Rayquaza|
|-weather|DeltaStream|[from] ability: Delta Stream|[of] p1a: Rayquaza
|move|p1a: Rayquaza|Dragon Ascent|p2a: Yahveltal
|-damage|p2a: Yahveltal|21/100
|-unboost|p1a: Rayquaza|def|1
|-unboost|p1a: Rayquaza|spd|1
|-damage|p1a: Rayquaza|91/100|[from] item: Life Orb
|move|p2a: Yahveltal|Dark Pulse|p1a: Rayquaza
|-damage|p1a: Rayquaza|16/100
|
|-weather|DeltaStream|[upkeep]
|upkeep
|turn|2
|
|t:|1657180154
|-weather|none
|switch|p1a: Ditto|Ditto|100/100
|-transform|p1a: Ditto|p2a: Yahveltal|[from] ability: Imposter
|-ability|p1a: Ditto|Dark Aura
|move|p2a: Yahveltal|Sucker Punch||[still]
|-fail|p2a: Yahveltal
|
|upkeep
|turn|3
|
|t:|1657180170
|switch|p2a: Eternatus|Eternatus|100/100
|-ability|p2a: Eternatus|Pressure
|move|p1a: Ditto|Dark Pulse|p2a: Eternatus
|-damage|p2a: Eternatus|69/100
|
|-heal|p2a: Eternatus|75/100|[from] item: Black Sludge
|upkeep
|turn|4
|
|t:|1657180184
|move|p1a: Ditto|Dark Pulse|p2a: Eternatus
|-damage|p2a: Eternatus|46/100
|cant|p2a: Eternatus|flinch
|
|-heal|p2a: Eternatus|53/100|[from] item: Black Sludge
|upkeep
|turn|5
|c|☆Snakethey|Lol
|
|t:|1657180197
|move|p1a: Ditto|Dark Pulse|p2a: Eternatus
|-damage|p2a: Eternatus|24/100
|move|p2a: Eternatus|Toxic|p1a: Ditto
|-status|p1a: Ditto|tox
|
|-heal|p2a: Eternatus|30/100|[from] item: Black Sludge
|-damage|p1a: Ditto|95/100 tox|[from] psn
|upkeep
|turn|6
|
|t:|1657180208
|switch|p1a: Rayquaza|Rayquaza-Mega|16/100
|-weather|DeltaStream|[from] ability: Delta Stream|[of] p1a: Rayquaza
|move|p2a: Eternatus|Recover|p2a: Eternatus
|-heal|p2a: Eternatus|80/100
|
|-weather|DeltaStream|[upkeep]
|-heal|p2a: Eternatus|86/100|[from] item: Black Sludge
|upkeep
|turn|7
|
|t:|1657180214
|switch|p2a: Necrozma|Necrozma-Dusk-Mane|100/100
|move|p1a: Rayquaza|Dragon Ascent|p2a: Necrozma
|-resisted|p2a: Necrozma
|-damage|p2a: Necrozma|73/100
|-unboost|p1a: Rayquaza|def|1
|-unboost|p1a: Rayquaza|spd|1
|-damage|p1a: Rayquaza|6/100|[from] item: Life Orb
|
|-weather|DeltaStream|[upkeep]
|upkeep
|turn|8
|
|t:|1657180222
|move|p1a: Rayquaza|Earthquake|p2a: Necrozma
|-supereffective|p2a: Necrozma
|-damage|p2a: Necrozma|30/100
|-damage|p1a: Rayquaza|0 fnt|[from] item: Life Orb
|faint|p1a: Rayquaza
|-weather|none
|move|p2a: Necrozma|Morning Sun|p2a: Necrozma
|-heal|p2a: Necrozma|80/100
|
|upkeep
|j| CanUrepeat
|
|t:|1657180237
|switch|p1a: Calyrex|Calyrex-Shadow|100/100
|-ability|p1a: Calyrex|As One
|-ability|p1a: Calyrex|Unnerve
|turn|9
|
|t:|1657180246
|switch|p2a: Yahveltal|Yveltal|21/100
|-ability|p2a: Yahveltal|Dark Aura
|move|p1a: Calyrex|Astral Barrage|p2a: Yahveltal
|-resisted|p2a: Yahveltal
|-damage|p2a: Yahveltal|0 fnt
|faint|p2a: Yahveltal
|-ability|p1a: Calyrex|Grim Neigh|boost
|-boost|p1a: Calyrex|spa|1
|
|upkeep
|
|t:|1657180250
|switch|p2a: Calyrex|Calyrex-Shadow|100/100
|-ability|p2a: Calyrex|As One
|-ability|p2a: Calyrex|Unnerve
|turn|10
|
|t:|1657180263
|move|p2a: Calyrex|Astral Barrage|p1a: Calyrex
|-supereffective|p1a: Calyrex
|-crit|p1a: Calyrex
|-enditem|p1a: Calyrex|Focus Sash
|-damage|p1a: Calyrex|1/100
|move|p1a: Calyrex|Astral Barrage|p2a: Calyrex
|-supereffective|p2a: Calyrex
|-damage|p2a: Calyrex|0 fnt
|faint|p2a: Calyrex
|-ability|p1a: Calyrex|Grim Neigh|boost
|-boost|p1a: Calyrex|spa|1
|
|upkeep
|
|t:|1657180271
|switch|p2a: Feesh|Kyogre|100/100
|-weather|RainDance|[from] ability: Drizzle|[of] p2a: Feesh
|turn|11
|
|t:|1657180280
|switch|p1a: Groudon|Groudon|100/100
|detailschange|p1a: Groudon|Groudon-Primal
|-primal|p1a: Groudon
|-weather|DesolateLand|[from] ability: Desolate Land|[of] p1a: Groudon
|move|p2a: Feesh|Ice Beam|p1a: Groudon
|-damage|p1a: Groudon|63/100
|
|-weather|DesolateLand|[upkeep]
|upkeep
|turn|12
|
|t:|1657180294
|move|p2a: Feesh|Ice Beam|p1a: Groudon
|-damage|p1a: Groudon|27/100
|move|p1a: Groudon|Precipice Blades|p2a: Feesh
|-damage|p2a: Feesh|6/100
|
|-weather|DesolateLand|[upkeep]
|upkeep
|turn|13
|
|t:|1657180302
|-weather|none
|switch|p1a: Kyogre|Kyogre|100/100
|-weather|RainDance|[from] ability: Drizzle|[of] p1a: Kyogre
|move|p2a: Feesh|Ice Beam|p1a: Kyogre
|-resisted|p1a: Kyogre
|-damage|p1a: Kyogre|87/100
|
|-weather|RainDance|[upkeep]
|upkeep
|turn|14
|
|t:|1657180315
|switch|p2a: Eternatus|Eternatus|86/100
|-ability|p2a: Eternatus|Pressure
|move|p1a: Kyogre|Water Spout|p2a: Eternatus
|-resisted|p2a: Eternatus
|-damage|p2a: Eternatus|54/100
|
|-weather|RainDance|[upkeep]
|-heal|p2a: Eternatus|60/100|[from] item: Black Sludge
|upkeep
|turn|15
|
|t:|1657180327
|-start|p1a: Kyogre|Dynamax|
|-heal|p1a: Kyogre|87/100|[silent]
|move|p2a: Eternatus|Toxic|p1a: Kyogre
|-status|p1a: Kyogre|tox
|move|p1a: Kyogre|Max Geyser|p2a: Eternatus
|-resisted|p2a: Eternatus
|-damage|p2a: Eternatus|24/100
|
|-weather|RainDance|[upkeep]
|-heal|p2a: Eternatus|30/100|[from] item: Black Sludge
|-damage|p1a: Kyogre|84/100 tox|[from] psn
|upkeep
|turn|16
|
|t:|1657180337
|switch|p2a: Feesh|Kyogre|6/100
|move|p1a: Kyogre|Max Hailstorm|p2a: Feesh
|-resisted|p2a: Feesh
|-damage|p2a: Feesh|0 fnt
|-weather|Hail
|faint|p2a: Feesh
|
|-weather|Hail|[upkeep]
|-damage|p1a: Kyogre|81/100 tox|[from] Hail
|-damage|p1a: Kyogre|75/100 tox|[from] psn
|upkeep
|
|t:|1657180342
|switch|p2a: Eternatus|Eternatus|30/100
|-ability|p2a: Eternatus|Pressure
|turn|17
|
|t:|1657180345
|switch|p2a: Necrozma|Necrozma-Dusk-Mane|80/100
|move|p1a: Kyogre|Max Hailstorm|p2a: Necrozma
|-resisted|p2a: Necrozma
|-damage|p2a: Necrozma|60/100
|
|-weather|Hail|[upkeep]
|-damage|p1a: Kyogre|72/100 tox|[from] Hail
|-damage|p1a: Kyogre|63/100 tox|[from] psn
|upkeep
|-end|p1a: Kyogre|Dynamax
|-heal|p1a: Kyogre|63/100 tox|[silent]
|turn|18
|
|t:|1657180360
|switch|p1a: Groudon|Groudon-Primal|27/100
|-weather|DesolateLand|[from] ability: Desolate Land|[of] p1a: Groudon
|move|p2a: Necrozma|Stealth Rock|p1a: Groudon
|-sidestart|p1: Snakethey|move: Stealth Rock
|
|-weather|DesolateLand|[upkeep]
|upkeep
|turn|19
|
|t:|1657180369
|move|p1a: Groudon|Rock Polish|p1a: Groudon
|-boost|p1a: Groudon|spe|2
|move|p2a: Necrozma|Sunsteel Strike|p1a: Groudon
|-resisted|p1a: Groudon
|-damage|p1a: Groudon|11/100
|
|-weather|DesolateLand|[upkeep]
|upkeep
|turn|20
|
|t:|1657180378
|move|p1a: Groudon|Precipice Blades|p2a: Necrozma|[miss]
|-miss|p1a: Groudon|p2a: Necrozma
|move|p2a: Necrozma|Sunsteel Strike|p1a: Groudon
|-resisted|p1a: Groudon
|-damage|p1a: Groudon|0 fnt
|faint|p1a: Groudon
|-weather|none
|
|upkeep
|c|☆Snakethey|Lol
|
|t:|1657180392
|switch|p1a: Calyrex|Calyrex-Shadow|1/100
|-ability|p1a: Calyrex|As One
|-ability|p1a: Calyrex|Unnerve
|-damage|p1a: Calyrex|0 fnt|[from] Stealth Rock
|faint|p1a: Calyrex
|c|☆Tails72|Rip
|
|t:|1657180397
|switch|p1a: Golduck|Golduck, F|100/100
|-damage|p1a: Golduck|88/100|[from] Stealth Rock
|-ability|p1a: Golduck|Cloud Nine
|turn|21
|l| CanUrepeat
|
|t:|1657180403
|move|p1a: Golduck|Signal Beam|p2a: Necrozma
|-damage|p2a: Necrozma|44/100
|move|p2a: Necrozma|Thunder Wave|p1a: Golduck
|-status|p1a: Golduck|par
|
|upkeep
|turn|22
|
|t:|1657180409
|move|p1a: Golduck|Signal Beam|p2a: Necrozma
|-damage|p2a: Necrozma|27/100
|move|p2a: Necrozma|Morning Sun|p2a: Necrozma
|-heal|p2a: Necrozma|77/100
|
|upkeep
|turn|23
|
|t:|1657180415
|switch|p1a: Kyogre|Kyogre|63/100 tox
|-damage|p1a: Kyogre|50/100 tox|[from] Stealth Rock
|-weather|RainDance|[from] ability: Drizzle|[of] p1a: Kyogre
|switch|p2a: Eternatus|Eternatus|30/100
|-ability|p2a: Eternatus|Pressure
|
|-weather|RainDance|[upkeep]
|-heal|p2a: Eternatus|36/100|[from] item: Black Sludge
|-damage|p1a: Kyogre|44/100 tox|[from] psn
|upkeep
|turn|24
|
|t:|1657180422
|move|p1a: Kyogre|Ice Beam|p2a: Eternatus
|-supereffective|p2a: Eternatus
|-damage|p2a: Eternatus|0 fnt
|faint|p2a: Eternatus
|
|-weather|RainDance|[upkeep]
|-damage|p1a: Kyogre|32/100 tox|[from] psn
|upkeep
|
|t:|1657180426
|switch|p2a: Necrozma|Necrozma-Dusk-Mane|77/100
|turn|25
|
|t:|1657180430
|switch|p1a: Ditto|Ditto|95/100 tox
|-damage|p1a: Ditto|82/100 tox|[from] Stealth Rock
|-transform|p1a: Ditto|p2a: Necrozma|[from] ability: Imposter
|move|p2a: Necrozma|Sunsteel Strike|p1a: Ditto
|-resisted|p1a: Ditto
|-damage|p1a: Ditto|64/100 tox
|
|-weather|RainDance|[upkeep]
|-damage|p1a: Ditto|58/100 tox|[from] psn
|upkeep
|turn|26
|
|t:|1657180445
|switch|p2a: He Attac|Zacian-Crowned|100/100
|-ability|p2a: He Attac|Intrepid Sword|boost
|-boost|p2a: He Attac|atk|1
|move|p1a: Ditto|Stealth Rock|p2a: He Attac
|-sidestart|p2: Tails72|move: Stealth Rock
|
|-weather|RainDance|[upkeep]
|-damage|p1a: Ditto|46/100 tox|[from] psn
|upkeep
|turn|27
|
|t:|1657180452
|switch|p1a: Golduck|Golduck, F|88/100 par
|-damage|p1a: Golduck|76/100 par|[from] Stealth Rock
|-ability|p1a: Golduck|Cloud Nine
|move|p2a: He Attac|Behemoth Blade|p1a: Golduck
|-resisted|p1a: Golduck
|-damage|p1a: Golduck|10/100 par
|
|-weather|none
|upkeep
|turn|28
|
|t:|1657180461
|switch|p2a: Necrozma|Necrozma-Dusk-Mane|77/100
|-damage|p2a: Necrozma|71/100|[from] Stealth Rock
|cant|p1a: Golduck|par
|
|upkeep
|turn|29
|
|t:|1657180469
|move|p1a: Golduck|Surf|p2a: Necrozma
|-damage|p2a: Necrozma|38/100
|move|p2a: Necrozma|Sunsteel Strike|p1a: Golduck
|-resisted|p1a: Golduck
|-damage|p1a: Golduck|0 fnt
|faint|p1a: Golduck
|
|upkeep
|
|t:|1657180477
|switch|p1a: Ditto|Ditto|46/100 tox
|-damage|p1a: Ditto|34/100 tox|[from] Stealth Rock
|-transform|p1a: Ditto|p2a: Necrozma|[from] ability: Imposter
|turn|30
|
|t:|1657180483
|switch|p2a: He Attac|Zacian-Crowned|100/100
|-damage|p2a: He Attac|94/100|[from] Stealth Rock
|-ability|p2a: He Attac|Intrepid Sword|boost
|-boost|p2a: He Attac|atk|1
|move|p1a: Ditto|Morning Sun|p1a: Ditto
|-heal|p1a: Ditto|84/100 tox
|
|-damage|p1a: Ditto|78/100 tox|[from] psn
|upkeep
|turn|31
|l|☆Tails72
|player|p2|
|j|☆Tails72
|player|p2|Tails72|lance-gen3
|
|t:|1657180496
|switch|p1a: Kyogre|Kyogre|32/100 tox
|-damage|p1a: Kyogre|20/100 tox|[from] Stealth Rock
|-weather|RainDance|[from] ability: Drizzle|[of] p1a: Kyogre
|move|p2a: He Attac|Wild Charge|p1a: Kyogre
|-supereffective|p1a: Kyogre
|-damage|p1a: Kyogre|0 fnt
|faint|p1a: Kyogre
|-damage|p2a: He Attac|89/100|[from] Recoil
|
|-weather|RainDance|[upkeep]
|upkeep
|
|t:|1657180504
|switch|p1a: Ditto|Ditto|78/100 tox
|-damage|p1a: Ditto|66/100 tox|[from] Stealth Rock
|-transform|p1a: Ditto|p2a: He Attac|[from] ability: Imposter
|-ability|p1a: Ditto|Intrepid Sword|boost
|-boost|p1a: Ditto|atk|1
|turn|32
|
|t:|1657180510
|move|p2a: He Attac|Quick Attack|p1a: Ditto
|-resisted|p1a: Ditto
|-damage|p1a: Ditto|52/100 tox
|move|p1a: Ditto|Behemoth Blade|p2a: He Attac
|-damage|p2a: He Attac|0 fnt
|faint|p2a: He Attac
|
|-weather|RainDance|[upkeep]
|-damage|p1a: Ditto|46/100 tox|[from] psn
|upkeep
|
|t:|1657180512
|switch|p2a: Necrozma|Necrozma-Dusk-Mane|38/100
|-damage|p2a: Necrozma|32/100|[from] Stealth Rock
|turn|33
|
|t:|1657180517
|-start|p2a: Necrozma|Dynamax|
|-heal|p2a: Necrozma|32/100|[silent]
|move|p2a: Necrozma|Max Guard|p2a: Necrozma
|-singleturn|p2a: Necrozma|Max Guard
|move|p1a: Ditto|Behemoth Blade|p2a: Necrozma
|-activate|p2a: Necrozma|move: Max Guard
|
|-weather|RainDance|[upkeep]
|-damage|p1a: Ditto|35/100 tox|[from] psn
|upkeep
|turn|34
|
|t:|1657180523
|move|p1a: Ditto|Behemoth Blade|p2a: Necrozma
|-resisted|p2a: Necrozma
|-damage|p2a: Necrozma|0 fnt
|faint|p2a: Necrozma
|
|win|Snakethey
|raw|Snakethey's rating: 1530 &rarr; <strong>1553</strong><br />(+23 for winning)
|raw|Tails72's rating: 1577 &rarr; <strong>1554</strong><br />(-23 for losing)
|c|☆Tails72|gg
|l|☆Tails72
|c|☆Snakethey|Gg
