|j|☆AdamHaziq
|j|☆CLEAR GEM清瑜
|t:|1665032473
|gametype|singles
|player|p1|AdamHaziq|101|1675
|player|p2|CLEAR GEM清瑜|skierf|1972
|teamsize|p1|6
|teamsize|p2|6
|gen|8
|tier|[Gen 8] National Dex AG
|rated|
|rule|HP Percentage Mod: HP is shown in percentages
|rule|Endless Battle Clause: Forcing endless battles is banned
|clearpoke
|poke|p1|Smeargle, M|
|poke|p1|Zacian-*|
|poke|p1|Calyrex-Shadow|
|poke|p1|Necrozma-Dusk-Mane|
|poke|p1|Yveltal|
|poke|p1|Deoxys-Speed|
|poke|p2|Rayquaza|
|poke|p2|Groudon|
|poke|p2|Necrozma-Dusk-Mane|
|poke|p2|Arceus-*|
|poke|p2|Zacian-*|
|poke|p2|Yveltal|
|teampreview
|inactive|Battle timer is ON: inactive players will automatically lose when time's up. (requested by AdamHaziq)
|
|t:|1665032486
|start
|switch|p1a: Deoxys|Deoxys-Speed|100/100
|switch|p2a: 老烈|Rayquaza, shiny|100/100
|-ability|p1a: Deoxys|Pressure
|-ability|p2a: 老烈|Air Lock
|turn|1
|
|t:|1665032492
|detailschange|p2a: 老烈|Rayquaza-Mega, shiny
|-mega|p2a: 老烈|Rayquaza|
|-weather|DeltaStream|[from] ability: Delta Stream|[of] p2a: 老烈
|move|p1a: Deoxys|Stealth Rock|p2a: 老烈
|-sidestart|p2: CLEAR GEM清瑜|move: Stealth Rock
|move|p2a: 老烈|Scale Shot|p1a: Deoxys
|-damage|p1a: Deoxys|72/100
|-damage|p1a: Deoxys|39/100
|-damage|p1a: Deoxys|10/100
|-hitcount|p1a: Deoxys|3
|-unboost|p2a: 老烈|def|1
|-boost|p2a: 老烈|spe|1
|-damage|p2a: 老烈|91/100|[from] item: Life Orb
|
|-weather|DeltaStream|[upkeep]
|upkeep
|turn|2
|
|t:|1665032505
|move|p2a: 老烈|Extreme Speed|p1a: Deoxys
|-damage|p1a: Deoxys|0 fnt
|faint|p1a: Deoxys
|-damage|p2a: 老烈|81/100|[from] item: Life Orb
|
|-weather|DeltaStream|[upkeep]
|upkeep
|
|t:|1665032509
|switch|p1a: Necrozma|Necrozma-Dusk-Mane|100/100
|turn|3
|
|t:|1665032511
|move|p2a: 老烈|Earthquake|p1a: Necrozma
|-supereffective|p1a: Necrozma
|-damage|p1a: Necrozma|20/100
|-damage|p2a: 老烈|71/100|[from] item: Life Orb
|move|p1a: Necrozma|Photon Geyser|p2a: 老烈
|-damage|p2a: 老烈|0 fnt
|faint|p2a: 老烈
|-weather|none
|
|upkeep
|
|t:|1665032513
|switch|p2a: 不会(?)|Groudon|100/100
|-damage|p2a: 不会(?)|94/100|[from] Stealth Rock
|detailschange|p2a: 不会(?)|Groudon-Primal
|-primal|p2a: 不会(?)
|-weather|DesolateLand|[from] ability: Desolate Land|[of] p2a: 不会(?)
|turn|4
|
|t:|1665032520
|move|p1a: Necrozma|Dragon Dance|p1a: Necrozma
|-boost|p1a: Necrozma|atk|1
|-boost|p1a: Necrozma|spe|1
|move|p2a: 不会(?)|Stealth Rock|p1a: Necrozma
|-sidestart|p1: AdamHaziq|move: Stealth Rock
|
|-weather|DesolateLand|[upkeep]
|upkeep
|turn|5
|
|t:|1665032524
|detailschange|p1a: Necrozma|Necrozma-Ultra
|-burst|p1a: Necrozma|Necrozma|Ultranecrozium Z
|move|p1a: Necrozma|Earthquake|p2a: 不会(?)
|-supereffective|p2a: 不会(?)
|-crit|p2a: 不会(?)
|-damage|p2a: 不会(?)|0 fnt
|faint|p2a: 不会(?)
|-weather|none
|
|upkeep
|
|t:|1665032530
|switch|p2a: 嘉然小姐的狗|Zacian-Crowned|100/100
|-damage|p2a: 嘉然小姐的狗|94/100|[from] Stealth Rock
|-ability|p2a: 嘉然小姐的狗|Intrepid Sword|boost
|-boost|p2a: 嘉然小姐的狗|atk|1
|turn|6
|
|t:|1665032534
|move|p2a: 嘉然小姐的狗|Quick Attack|p1a: Necrozma
|-damage|p1a: Necrozma|0 fnt
|faint|p1a: Necrozma
|
|upkeep
|
|t:|1665032541
|switch|p1a: Zacian|Zacian-Crowned|100/100
|-damage|p1a: Zacian|94/100|[from] Stealth Rock
|-ability|p1a: Zacian|Intrepid Sword|boost
|-boost|p1a: Zacian|atk|1
|turn|7
|
|t:|1665032548
|switch|p2a: 钢铁之躯|Necrozma-Dusk-Mane|100/100
|-damage|p2a: 钢铁之躯|94/100|[from] Stealth Rock
|move|p1a: Zacian|Behemoth Blade|p2a: 钢铁之躯
|-resisted|p2a: 钢铁之躯
|-damage|p2a: 钢铁之躯|59/100
|
|upkeep
|turn|8
|
|t:|1665032557
|move|p1a: Zacian|Close Combat|p2a: 钢铁之躯
|-damage|p2a: 钢铁之躯|4/100
|-unboost|p1a: Zacian|def|1
|-unboost|p1a: Zacian|spd|1
|move|p2a: 钢铁之躯|Dragon Dance|p2a: 钢铁之躯
|-boost|p2a: 钢铁之躯|atk|1
|-boost|p2a: 钢铁之躯|spe|1
|
|upkeep
|turn|9
|
|t:|1665032560
|detailschange|p2a: 钢铁之躯|Necrozma-Ultra
|-burst|p2a: 钢铁之躯|Necrozma|Ultranecrozium Z
|move|p2a: 钢铁之躯|Earthquake|p1a: Zacian
|-supereffective|p1a: Zacian
|-damage|p1a: Zacian|0 fnt
|faint|p1a: Zacian
|
|upkeep
|
|t:|1665032564
|switch|p1a: Yveltal|Yveltal|100/100
|-damage|p1a: Yveltal|76/100|[from] Stealth Rock
|-ability|p1a: Yveltal|Dark Aura
|turn|10
|
|t:|1665032566
|move|p1a: Yveltal|Sucker Punch|p2a: 钢铁之躯
|-supereffective|p2a: 钢铁之躯
|-damage|p2a: 钢铁之躯|0 fnt
|faint|p2a: 钢铁之躯
|
|-heal|p1a: Yveltal|82/100|[from] item: Leftovers
|upkeep
|
|t:|1665032568
|switch|p2a: 嘉然小姐的狗|Zacian-Crowned|94/100
|-damage|p2a: 嘉然小姐的狗|88/100|[from] Stealth Rock
|-ability|p2a: 嘉然小姐的狗|Intrepid Sword|boost
|-boost|p2a: 嘉然小姐的狗|atk|1
|turn|11
|
|t:|1665032572
|switch|p1a: Smeargle|Smeargle, M|100/100
|-damage|p1a: Smeargle|88/100|[from] Stealth Rock
|move|p2a: 嘉然小姐的狗|Behemoth Blade|p1a: Smeargle
|-damage|p1a: Smeargle|0 fnt
|faint|p1a: Smeargle
|
|upkeep
|
|t:|1665032575
|switch|p1a: Calyrex|Calyrex-Shadow|100/100
|-ability|p1a: Calyrex|As One
|-ability|p1a: Calyrex|Unnerve
|-damage|p1a: Calyrex|88/100|[from] Stealth Rock
|turn|12
|
|t:|1665032578
|-start|p1a: Calyrex|Dynamax|
|-heal|p1a: Calyrex|88/100|[silent]
|move|p1a: Calyrex|Max Phantasm|p2a: 嘉然小姐的狗
|-damage|p2a: 嘉然小姐的狗|24/100
|-unboost|p2a: 嘉然小姐的狗|def|1
|move|p2a: 嘉然小姐的狗|Behemoth Blade|p1a: Calyrex
|-damage|p1a: Calyrex|0 fnt
|faint|p1a: Calyrex
|
|upkeep
|
|t:|1665032580
|switch|p1a: Yveltal|Yveltal|82/100
|-damage|p1a: Yveltal|57/100|[from] Stealth Rock
|-ability|p1a: Yveltal|Dark Aura
|turn|13
|
|t:|1665032582
|move|p1a: Yveltal|Sucker Punch|p2a: 嘉然小姐的狗
|-resisted|p2a: 嘉然小姐的狗
|-damage|p2a: 嘉然小姐的狗|3/100
|move|p2a: 嘉然小姐的狗|Behemoth Blade|p1a: Yveltal
|-damage|p1a: Yveltal|0 fnt
|faint|p1a: Yveltal
|
|win|CLEAR GEM清瑜
|raw|AdamHaziq's rating: 1675 &rarr; <strong>1669</strong><br />(-6 for losing)
|raw|CLEAR GEM清瑜's rating: 1972 &rarr; <strong>1978</strong><br />(+6 for winning)
|l|☆AdamHaziq
