|j|☆Wozafong the Great
|j|☆Matsui_Miyako
|t:|1662056439
|gametype|singles
|player|p1|Wozafong the Great|victor|1516
|player|p2|Matsui_Miyako|allister|1644
|teamsize|p1|6
|teamsize|p2|6
|gen|8
|tier|[Gen 8] National Dex AG
|rated|
|rule|HP Percentage Mod: HP is shown in percentages
|rule|Endless Battle Clause: Forcing endless battles is banned
|clearpoke
|poke|p1|Zacian-*|
|poke|p1|Zacian-*|
|poke|p1|Latias, F|
|poke|p1|Sableye, F|
|poke|p1|Skarmory, F|
|poke|p1|Calyrex-Shadow|
|poke|p2|Arceus-*|
|poke|p2|Kyogre|
|poke|p2|Groudon|
|poke|p2|Victini|
|poke|p2|Calyrex-Shadow|
|poke|p2|Yveltal|
|teampreview
|inactive|Battle timer is ON: inactive players will automatically lose when time's up. (requested by Wozafong the Great)
|
|t:|1662056447
|start
|switch|p1a: :)|Latias, F, shiny|100/100
|switch|p2a: Victini|Victini|100/100
|turn|1
|
|t:|1662056451
|switch|p2a: Groudon|Groudon|100/100
|detailschange|p2a: Groudon|Groudon-Primal
|-primal|p2a: Groudon
|-weather|DesolateLand|[from] ability: Desolate Land|[of] p2a: Groudon
|switch|p1a: Heart Gold Version|Sableye, F, shiny|100/100
|
|-weather|DesolateLand|[upkeep]
|upkeep
|turn|2
|
|t:|1662056459
|move|p1a: Heart Gold Version|Taunt|p2a: Groudon
|-start|p2a: Groudon|move: Taunt
|cant|p2a: Groudon|move: Taunt|Stealth Rock
|
|-weather|DesolateLand|[upkeep]
|upkeep
|turn|3
|
|t:|1662056469
|switch|p1a: :)|Latias, F, shiny|100/100
|move|p2a: Groudon|Heat Crash|p1a: :)
|-resisted|p1a: :)
|-damage|p1a: :)|50/100
|
|-weather|DesolateLand|[upkeep]
|upkeep
|turn|4
|
|t:|1662056478
|detailschange|p1a: :)|Latias-Mega, F, shiny
|-mega|p1a: :)|Latias|Latiasite
|move|p1a: :)|Recover|p1a: :)
|-heal|p1a: :)|99/100
|move|p2a: Groudon|Dragon Tail|p1a: :)
|-supereffective|p1a: :)
|-damage|p1a: :)|65/100
|drag|p1a: Howard|Zacian-Crowned, shiny|100/100
|-ability|p1a: Howard|Intrepid Sword|boost
|-boost|p1a: Howard|atk|1
|
|-weather|DesolateLand|[upkeep]
|-end|p2a: Groudon|move: Taunt
|upkeep
|turn|5
|
|t:|1662056483
|move|p1a: Howard|Close Combat|p2a: Groudon
|-damage|p2a: Groudon|52/100
|-unboost|p1a: Howard|def|1
|-unboost|p1a: Howard|spd|1
|move|p2a: Groudon|Heat Crash|p1a: Howard
|-supereffective|p1a: Howard
|-damage|p1a: Howard|0 fnt
|faint|p1a: Howard
|
|-weather|DesolateLand|[upkeep]
|upkeep
|
|t:|1662056493
|switch|p1a: Heart Gold Version|Sableye, F, shiny|100/100
|turn|6
|
|t:|1662056496
|move|p1a: Heart Gold Version|Disable|p2a: Groudon
|-start|p2a: Groudon|Disable|Heat Crash
|cant|p2a: Groudon|Disable|Heat Crash
|
|-weather|DesolateLand|[upkeep]
|upkeep
|turn|7
|
|t:|1662056502
|move|p1a: Heart Gold Version|Taunt|p2a: Groudon
|-start|p2a: Groudon|move: Taunt
|move|p2a: Groudon|Fire Punch|p1a: Heart Gold Version
|-damage|p1a: Heart Gold Version|0 fnt
|faint|p1a: Heart Gold Version
|
|-weather|DesolateLand|[upkeep]
|upkeep
|
|t:|1662056510
|switch|p1a: H o n s e|Calyrex-Shadow|100/100
|-ability|p1a: H o n s e|As One
|-ability|p1a: H o n s e|Unnerve
|turn|8
|-message|Wozafong the Great forfeited.
|
|win|Matsui_Miyako
|raw|Wozafong the Great's rating: 1516 &rarr; <strong>1503</strong><br />(-13 for losing)
|raw|Matsui_Miyako's rating: 1644 &rarr; <strong>1657</strong><br />(+13 for winning)
|l|☆Wozafong the Great
||Ladder isn't responding, score probably updated but might not have (Request timeout).
