|j|☆Alkir
|j|‽pokemh
|t:|1619897375
|gametype|singles
|player|p1|Alkir|pokemonranger-gen4|1646
|player|p2|pokemh|liza|1761
|teamsize|p1|6
|teamsize|p2|6
|gen|8
|tier|[Gen 8] National Dex AG
|rated|
|clearpoke
|poke|p1|Zacian-Crowned|
|poke|p1|Xerneas|
|poke|p1|Rayquaza|
|poke|p1|Lugia|
|poke|p1|Marshadow|
|poke|p1|Groudon|
|poke|p2|Ho-Oh|
|poke|p2|Slowking-Galar, F|
|poke|p2|Tyranitar, F|
|poke|p2|Giratina, L99|
|poke|p2|Giratina, L99|
|poke|p2|Quagsire, F|
|rule|HP Percentage Mod: HP is shown in percentages
|rule|Endless Battle Clause: Forcing endless battles is banned
|teampreview
|inactive|Battle timer is ON: inactive players will automatically lose when time's up. (requested by pokemh)
|
|t:|1619897389
|start
|switch|p1a: Groudon|Groudon|100/100
|switch|p2a: Giratina|Giratina, L99, shiny|100/100
|-ability|p2a: Giratina|Pressure
|detailschange|p1a: Groudon|Groudon-Primal
|-primal|p1a: Groudon
|-weather|DesolateLand|[from] ability: Desolate Land|[of] p1a: Groudon
|turn|1
|
|t:|1619897393
|move|p1a: Groudon|Stealth Rock|p2a: Giratina
|-sidestart|p2: pokemh|move: Stealth Rock
|move|p2a: Giratina|Toxic|p1a: Groudon
|-status|p1a: Groudon|tox
|
|-weather|DesolateLand|[upkeep]
|-damage|p1a: Groudon|94/100 tox|[from] psn
|upkeep
|turn|2
|
|t:|1619897403
|-weather|none
|switch|p1a: Zacian|Zacian-Crowned|100/100
|-ability|p1a: Zacian|Intrepid Sword|boost
|-boost|p1a: Zacian|atk|1
|move|p2a: Giratina|Toxic|p1a: Zacian|[miss]
|-miss|p2a: Giratina|p1a: Zacian
|
|upkeep
|turn|3
|
|t:|1619897411
|switch|p1a: Groudon|Groudon-Primal|94/100 tox
|-weather|DesolateLand|[from] ability: Desolate Land|[of] p1a: Groudon
|switch|p2a: Quagsire|Quagsire, F, shiny|100/100
|-damage|p2a: Quagsire|94/100|[from] Stealth Rock
|
|-weather|DesolateLand|[upkeep]
|-damage|p1a: Groudon|88/100 tox|[from] psn
|upkeep
|turn|4
|j| Beatboxing_Phantom
|c| Beatboxing_Phantom|sup
|
|t:|1619897419
|switch|p2a: Giratina|Giratina, L99, shiny|100/100
|-damage|p2a: Giratina|88/100|[from] Stealth Rock
|-ability|p2a: Giratina|Pressure
|move|p1a: Groudon|Precipice Blades|p2a: Giratina
|-damage|p2a: Giratina|57/100
|
|-weather|DesolateLand|[upkeep]
|-heal|p2a: Giratina|63/100|[from] item: Leftovers
|-damage|p1a: Groudon|76/100 tox|[from] psn
|upkeep
|turn|5
|
|t:|1619897424
|move|p1a: Groudon|Precipice Blades|p2a: Giratina
|-damage|p2a: Giratina|34/100
|move|p2a: Giratina|Defog|p1a: Groudon
|-unboost|p1a: Groudon|evasion|1
|-sideend|p2: pokemh|Stealth Rock|[from] move: Defog|[of] p2a: Giratina
|
|-weather|DesolateLand|[upkeep]
|-heal|p2a: Giratina|40/100|[from] item: Leftovers
|-damage|p1a: Groudon|57/100 tox|[from] psn
|upkeep
|turn|6
|
|t:|1619897428
|move|p1a: Groudon|Stealth Rock|p2a: Giratina
|-sidestart|p2: pokemh|move: Stealth Rock
|move|p2a: Giratina|Rest|p2a: Giratina
|-status|p2a: Giratina|slp|[from] move: Rest
|-heal|p2a: Giratina|100/100 slp|[silent]
|
|-weather|DesolateLand|[upkeep]
|-damage|p1a: Groudon|32/100 tox|[from] psn
|upkeep
|turn|7
|c| Beatboxing_Phantom|werent u using that team in shared power?
|
|t:|1619897437
|-weather|none
|switch|p1a: Rayquaza|Rayquaza|100/100
|-ability|p1a: Rayquaza|Air Lock
|cant|p2a: Giratina|slp
|
|upkeep
|turn|8
|
|t:|1619897445
|switch|p2a: Ho-Oh|Ho-Oh|100/100
|detailschange|p1a: Rayquaza|Rayquaza-Mega
|-mega|p1a: Rayquaza|Rayquaza|
|-weather|DeltaStream|[from] ability: Delta Stream|[of] p1a: Rayquaza
|move|p1a: Rayquaza|Draco Meteor|p2a: Ho-Oh
|-damage|p2a: Ho-Oh|61/100
|-unboost|p1a: Rayquaza|spa|2
|
|-weather|DeltaStream|[upkeep]
|upkeep
|turn|9
|
|t:|1619897456
|-weather|none
|switch|p1a: Groudon|Groudon-Primal|32/100 tox
|-weather|DesolateLand|[from] ability: Desolate Land|[of] p1a: Groudon
|move|p2a: Ho-Oh|Defog|p1a: Groudon
|-unboost|p1a: Groudon|evasion|1
|-sideend|p2: pokemh|Stealth Rock|[from] move: Defog|[of] p2a: Ho-Oh
|
|-weather|DesolateLand|[upkeep]
|-damage|p1a: Groudon|26/100 tox|[from] psn
|upkeep
|turn|10
|
|t:|1619897461
|switch|p2a: Giratina|Giratina, L99, shiny|100/100
|-ability|p2a: Giratina|Pressure
|move|p1a: Groudon|Stone Edge|p2a: Giratina|[miss]
|-miss|p1a: Groudon|p2a: Giratina
|
|-weather|DesolateLand|[upkeep]
|-damage|p1a: Groudon|14/100 tox|[from] psn
|upkeep
|turn|11
|
|t:|1619897464
|move|p1a: Groudon|Stealth Rock|p2a: Giratina
|-sidestart|p2: pokemh|move: Stealth Rock
|move|p2a: Giratina|Defog|p1a: Groudon
|-unboost|p1a: Groudon|evasion|1
|-sideend|p2: pokemh|Stealth Rock|[from] move: Defog|[of] p2a: Giratina
|
|-weather|DesolateLand|[upkeep]
|-damage|p1a: Groudon|0 fnt|[from] psn
|faint|p1a: Groudon
|-weather|none
|upkeep
|
|t:|1619897479
|switch|p1a: Xerneas|Xerneas|100/100
|-ability|p1a: Xerneas|Fairy Aura
|turn|12
|
|t:|1619897484
|move|p1a: Xerneas|Geomancy||[still]
|-prepare|p1a: Xerneas|Geomancy
|-enditem|p1a: Xerneas|Power Herb
|-anim|p1a: Xerneas|Geomancy|p1a: Xerneas
|-boost|p1a: Xerneas|spa|2
|-boost|p1a: Xerneas|spd|2
|-boost|p1a: Xerneas|spe|2
|move|p2a: Giratina|Toxic|p1a: Xerneas
|-status|p1a: Xerneas|tox
|
|-damage|p1a: Xerneas|94/100 tox|[from] psn
|upkeep
|turn|13
|
|t:|1619897488
|switch|p2a: Ho-Oh|Ho-Oh|94/100
|move|p1a: Xerneas|Moonblast|p2a: Ho-Oh
|-resisted|p2a: Ho-Oh
|-damage|p2a: Ho-Oh|57/100
|
|-damage|p1a: Xerneas|82/100 tox|[from] psn
|upkeep
|turn|14
|
|t:|1619897492
|-start|p1a: Xerneas|Dynamax
|-heal|p1a: Xerneas|82/100 tox|[silent]
|-start|p2a: Ho-Oh|Dynamax
|-heal|p2a: Ho-Oh|57/100|[silent]
|move|p2a: Ho-Oh|Max Guard|p2a: Ho-Oh
|-singleturn|p2a: Ho-Oh|Max Guard
|move|p1a: Xerneas|Max Lightning|p2a: Ho-Oh
|-activate|p2a: Ho-Oh|move: Max Guard
|
|-damage|p1a: Xerneas|73/100 tox|[from] psn
|upkeep
|turn|15
|
|t:|1619897500
|-end|p2a: Ho-Oh|Dynamax
|-heal|p2a: Ho-Oh|57/100|[silent]
|switch|p2a: Slowking|Slowking-Galar, F|100/100
|move|p1a: Xerneas|Max Lightning|p2a: Slowking
|-damage|p2a: Slowking|36/100
|-fieldstart|move: Electric Terrain
|
|-damage|p1a: Xerneas|61/100 tox|[from] psn
|upkeep
|turn|16
|
|t:|1619897510
|move|p2a: Slowking|Protect|p2a: Slowking
|-singleturn|p2a: Slowking|Protect
|move|p1a: Xerneas|Max Starfall|p2a: Slowking
|-resisted|p2a: Slowking
|-crit|p2a: Slowking
|-zbroken|p2a: Slowking
|-damage|p2a: Slowking|14/100
|-fieldstart|move: Misty Terrain
|
|-damage|p1a: Xerneas|46/100 tox|[from] psn
|-end|p1a: Xerneas|Dynamax
|-heal|p1a: Xerneas|46/100 tox|[silent]
|upkeep
|turn|17
|
|t:|1619897519
|move|p1a: Xerneas|Moonblast|p2a: Slowking
|-resisted|p2a: Slowking
|-damage|p2a: Slowking|0 fnt
|faint|p2a: Slowking
|
|-damage|p1a: Xerneas|9/100 tox|[from] psn
|upkeep
|
|t:|1619897522
|switch|p2a: Tyranitar|Tyranitar, F, shiny|100/100
|-weather|Sandstorm|[from] ability: Sand Stream|[of] p2a: Tyranitar
|turn|18
|
|t:|1619897527
|switch|p2a: Ho-Oh|Ho-Oh|91/100
|move|p1a: Xerneas|Moonblast|p2a: Ho-Oh
|-resisted|p2a: Ho-Oh
|-damage|p2a: Ho-Oh|49/100
|-unboost|p2a: Ho-Oh|spa|1
|
|-weather|Sandstorm|[upkeep]
|-damage|p1a: Xerneas|3/100 tox|[from] Sandstorm
|-damage|p2a: Ho-Oh|43/100|[from] Sandstorm
|-damage|p1a: Xerneas|0 fnt|[from] psn
|faint|p1a: Xerneas
|upkeep
|
|t:|1619897535
|switch|p1a: Rayquaza|Rayquaza-Mega|100/100
|-weather|DeltaStream|[from] ability: Delta Stream|[of] p1a: Rayquaza
|turn|19
|
|t:|1619897542
|switch|p2a: Tyranitar|Tyranitar, F, shiny|100/100
|-ability|p2a: Tyranitar|Sand Stream|[from] deltastream|[fail]
|move|p1a: Rayquaza|Dragon Ascent|p2a: Tyranitar
|-resisted|p2a: Tyranitar
|-damage|p2a: Tyranitar|67/100
|-unboost|p1a: Rayquaza|def|1
|-unboost|p1a: Rayquaza|spd|1
|
|-weather|DeltaStream|[upkeep]
|-heal|p2a: Tyranitar|73/100|[from] item: Leftovers
|upkeep
|turn|20
|
|t:|1619897550
|-weather|none
|switch|p1a: Zacian|Zacian-Crowned|100/100
|-ability|p1a: Zacian|Intrepid Sword|boost
|-boost|p1a: Zacian|atk|1
|move|p2a: Tyranitar|Stealth Rock|p1a: Zacian
|-sidestart|p1: Alkir|move: Stealth Rock
|
|-heal|p2a: Tyranitar|79/100|[from] item: Leftovers
|-fieldend|Misty Terrain
|upkeep
|turn|21
|
|t:|1619897556
|switch|p2a: Quagsire|Quagsire, F, shiny|94/100
|move|p1a: Zacian|Swords Dance|p1a: Zacian
|-boost|p1a: Zacian|atk|2
|
|upkeep
|turn|22
|
|t:|1619897563
|move|p1a: Zacian|Behemoth Blade|p2a: Quagsire
|-resisted|p2a: Quagsire
|-damage|p2a: Quagsire|71/100
|-damage|p1a: Zacian|84/100|[from] item: Rocky Helmet|[of] p2a: Quagsire
|move|p2a: Quagsire|Toxic|p1a: Zacian
|-immune|p1a: Zacian
|
|upkeep
|turn|23
|
|t:|1619897568
|switch|p1a: Lugia|Lugia|100/100
|move|p2a: Quagsire|Recover|p2a: Quagsire
|-heal|p2a: Quagsire|100/100
|
|upkeep
|turn|24
|
|t:|1619897575
|switch|p2a: Tyranitar|Tyranitar, F, shiny|79/100
|-weather|Sandstorm|[from] ability: Sand Stream|[of] p2a: Tyranitar
|move|p1a: Lugia|Toxic|p2a: Tyranitar
|-status|p2a: Tyranitar|tox
|
|-weather|Sandstorm|[upkeep]
|-damage|p1a: Lugia|94/100|[from] Sandstorm
|-heal|p2a: Tyranitar|86/100 tox|[from] item: Leftovers
|-damage|p2a: Tyranitar|79/100 tox|[from] psn
|upkeep
|turn|25
|
|t:|1619897580
|move|p1a: Lugia|Roost|p1a: Lugia
|-heal|p1a: Lugia|100/100
|-singleturn|p1a: Lugia|move: Roost
|move|p2a: Tyranitar|Foul Play|p1a: Lugia
|-supereffective|p1a: Lugia
|-damage|p1a: Lugia|88/100
|
|-weather|Sandstorm|[upkeep]
|-damage|p1a: Lugia|82/100|[from] Sandstorm
|-heal|p2a: Tyranitar|86/100 tox|[from] item: Leftovers
|-damage|p2a: Tyranitar|73/100 tox|[from] psn
|upkeep
|turn|26
|
|t:|1619897584
|move|p1a: Lugia|Defog|p2a: Tyranitar
|-unboost|p2a: Tyranitar|evasion|1
|-sideend|p1: Alkir|Stealth Rock|[from] move: Defog|[of] p1a: Lugia
|move|p2a: Tyranitar|Rock Tomb|p1a: Lugia
|-supereffective|p1a: Lugia
|-damage|p1a: Lugia|56/100
|-unboost|p1a: Lugia|spe|1
|
|-weather|Sandstorm|[upkeep]
|-damage|p1a: Lugia|50/100|[from] Sandstorm
|-heal|p2a: Tyranitar|79/100 tox|[from] item: Leftovers
|-damage|p2a: Tyranitar|61/100 tox|[from] psn
|upkeep
|turn|27
|
|t:|1619897589
|move|p1a: Lugia|Roost|p1a: Lugia
|-heal|p1a: Lugia|99/100
|-singleturn|p1a: Lugia|move: Roost
|move|p2a: Tyranitar|Rest|p2a: Tyranitar
|-status|p2a: Tyranitar|slp|[from] move: Rest
|-heal|p2a: Tyranitar|100/100 slp|[silent]
|
|-weather|Sandstorm|[upkeep]
|-damage|p1a: Lugia|94/100|[from] Sandstorm
|upkeep
|turn|28
|
|t:|1619897594
|switch|p1a: Zacian|Zacian-Crowned|84/100
|-ability|p1a: Zacian|Intrepid Sword|boost
|-boost|p1a: Zacian|atk|1
|switch|p2a: Giratina|Giratina, L99, shiny|100/100
|-ability|p2a: Giratina|Pressure
|
|-weather|none
|upkeep
|turn|29
|
|t:|1619897596
|switch|p2a: Quagsire|Quagsire, F, shiny|100/100
|move|p1a: Zacian|Play Rough|p2a: Quagsire
|-damage|p2a: Quagsire|63/100
|-unboost|p2a: Quagsire|atk|1
|-damage|p1a: Zacian|67/100|[from] item: Rocky Helmet|[of] p2a: Quagsire
|
|upkeep
|turn|30
|
|t:|1619897600
|move|p1a: Zacian|Behemoth Blade|p2a: Quagsire
|-resisted|p2a: Quagsire
|-damage|p2a: Quagsire|41/100
|-damage|p1a: Zacian|51/100|[from] item: Rocky Helmet|[of] p2a: Quagsire
|move|p2a: Quagsire|Recover|p2a: Quagsire
|-heal|p2a: Quagsire|91/100
|
|upkeep
|turn|31
|-message|Alkir forfeited.
|
|win|pokemh
|raw|Alkir's rating: 1646 &rarr; <strong>1632</strong><br />(-14 for losing)
|raw|pokemh's rating: 1761 &rarr; <strong>1775</strong><br />(+14 for winning)
|l|☆Alkir
