|j|☆defythelimits
|j|☆cllout
|t:|1668735616
|gametype|singles
|player|p1|defythelimits|emmet|1474
|player|p2|cllout|misty-lgpe|1618
|teamsize|p1|6
|teamsize|p2|6
|gen|8
|tier|[Gen 8] National Dex AG
|rated|
|rule|HP Percentage Mod: HP is shown in percentages
|rule|Endless Battle Clause: Forcing endless battles is banned
|clearpoke
|poke|p1|Arceus-*|
|poke|p1|Calyrex-Shadow|
|poke|p1|Zacian-*|
|poke|p1|Groudon|
|poke|p1|Rayquaza|
|poke|p1|Xerneas-*|
|poke|p2|Shaymin-Sky|
|poke|p2|Marshadow|
|poke|p2|Necrozma-Dusk-Mane|
|poke|p2|Eternatus|
|poke|p2|Yveltal|
|poke|p2|Calyrex-Shadow|
|teampreview
|inactive|Battle timer is ON: inactive players will automatically lose when time's up. (requested by cllout)
|inactive|defythelimits has 120 seconds left.
|
|t:|1668735671
|start
|switch|p1a: Xerneas|Xerneas, shiny|100/100
|switch|p2a: Necrozma|Necrozma-Dusk-Mane|100/100
|-ability|p1a: Xerneas|Fairy Aura
|turn|1
|
|t:|1668735689
|switch|p1a: Groudon|Groudon, shiny|100/100
|detailschange|p1a: Groudon|Groudon-Primal, shiny
|-primal|p1a: Groudon
|-weather|DesolateLand|[from] ability: Desolate Land|[of] p1a: Groudon
|move|p2a: Necrozma|Sunsteel Strike|p1a: Groudon
|-resisted|p1a: Groudon
|-damage|p1a: Groudon|82/100
|
|-weather|DesolateLand|[upkeep]
|upkeep
|turn|2
|
|t:|1668735713
|switch|p2a: Marshadow|Marshadow|100/100
|move|p1a: Groudon|Heat Crash|p2a: Marshadow
|-crit|p2a: Marshadow
|-enditem|p2a: Marshadow|Focus Sash
|-damage|p2a: Marshadow|1/100
|
|-weather|DesolateLand|[upkeep]
|upkeep
|turn|3
|inactive|cllout has 120 seconds left.
|
|t:|1668735745
|switch|p2a: Yveltal|Yveltal, shiny|100/100
|-ability|p2a: Yveltal|Dark Aura
|move|p1a: Groudon|Earthquake|p2a: Yveltal
|-immune|p2a: Yveltal
|
|-weather|DesolateLand|[upkeep]
|upkeep
|turn|4
|
|t:|1668735761
|move|p2a: Yveltal|Toxic|p1a: Groudon
|-status|p1a: Groudon|tox
|move|p1a: Groudon|Heat Crash|p2a: Yveltal
|-damage|p2a: Yveltal|5/100
|
|-weather|DesolateLand|[upkeep]
|-damage|p1a: Groudon|76/100 tox|[from] psn
|upkeep
|turn|5
|
|t:|1668735766
|move|p2a: Yveltal|Roost|p2a: Yveltal
|-heal|p2a: Yveltal|55/100
|-singleturn|p2a: Yveltal|move: Roost
|move|p1a: Groudon|Heat Crash|p2a: Yveltal
|-damage|p2a: Yveltal|0 fnt
|faint|p2a: Yveltal
|
|-weather|DesolateLand|[upkeep]
|-damage|p1a: Groudon|64/100 tox|[from] psn
|upkeep
|
|t:|1668735780
|switch|p2a: Shaymin|Shaymin-Sky, shiny|100/100
|turn|6
|
|t:|1668735790
|move|p2a: Shaymin|Healing Wish|p2a: Shaymin
|faint|p2a: Shaymin
|move|p1a: Groudon|Heat Crash|p2: Shaymin|[notarget]
|-fail|p1a: Groudon
|
|-weather|DesolateLand|[upkeep]
|-damage|p1a: Groudon|45/100 tox|[from] psn
|upkeep
|
|t:|1668735792
|switch|p2a: Marshadow|Marshadow|1/100
|-heal|p2a: Marshadow|100/100|[from] move: Healing Wish
|turn|7
|
|t:|1668735811
|move|p2a: Marshadow|Swagger|p1a: Groudon|[miss]
|-miss|p2a: Marshadow|p1a: Groudon
|move|p1a: Groudon|Heat Crash|p2a: Marshadow
|-damage|p2a: Marshadow|0 fnt
|faint|p2a: Marshadow
|
|-weather|DesolateLand|[upkeep]
|-damage|p1a: Groudon|21/100 tox|[from] psn
|upkeep
|
|t:|1668735828
|switch|p2a: Necrozma|Necrozma-Dusk-Mane|100/100
|turn|8
|
|t:|1668735834
|move|p1a: Groudon|Precipice Blades|p2a: Necrozma
|-supereffective|p2a: Necrozma
|-damage|p2a: Necrozma|43/100
|move|p2a: Necrozma|Stealth Rock|p1a: Groudon
|-sidestart|p1: defythelimits|move: Stealth Rock
|
|-weather|DesolateLand|[upkeep]
|-damage|p1a: Groudon|0 fnt|[from] psn
|faint|p1a: Groudon
|-weather|none
|upkeep
|
|t:|1668735843
|switch|p1a: Rayquaza|Rayquaza|100/100
|-damage|p1a: Rayquaza|76/100|[from] Stealth Rock
|-ability|p1a: Rayquaza|Air Lock
|turn|9
|
|t:|1668735849
|detailschange|p1a: Rayquaza|Rayquaza-Mega
|-mega|p1a: Rayquaza|Rayquaza|
|-weather|DeltaStream|[from] ability: Delta Stream|[of] p1a: Rayquaza
|move|p1a: Rayquaza|Dragon Ascent|p2a: Necrozma
|-resisted|p2a: Necrozma
|-damage|p2a: Necrozma|18/100
|-unboost|p1a: Rayquaza|def|1
|-unboost|p1a: Rayquaza|spd|1
|-damage|p1a: Rayquaza|59/100|[from] item: Rocky Helmet|[of] p2a: Necrozma
|-damage|p1a: Rayquaza|49/100|[from] item: Life Orb
|move|p2a: Necrozma|Thunder Wave|p1a: Rayquaza
|-status|p1a: Rayquaza|par
|
|-weather|DeltaStream|[upkeep]
|upkeep
|turn|10
|inactive|cllout has 120 seconds left.
|
|t:|1668735856
|move|p1a: Rayquaza|Extreme Speed|p2a: Necrozma
|-resisted|p2a: Necrozma
|-damage|p2a: Necrozma|6/100
|-damage|p1a: Rayquaza|33/100 par|[from] item: Rocky Helmet|[of] p2a: Necrozma
|-damage|p1a: Rayquaza|23/100 par|[from] item: Life Orb
|move|p2a: Necrozma|Morning Sun|p2a: Necrozma
|-heal|p2a: Necrozma|56/100
|
|-weather|DeltaStream|[upkeep]
|upkeep
|turn|11
|
|t:|1668735861
|move|p2a: Necrozma|Morning Sun|p2a: Necrozma
|-heal|p2a: Necrozma|100/100
|move|p1a: Rayquaza|V-create|p2a: Necrozma
|-supereffective|p2a: Necrozma
|-damage|p2a: Necrozma|24/100
|-unboost|p1a: Rayquaza|spe|1
|-unboost|p1a: Rayquaza|def|1
|-unboost|p1a: Rayquaza|spd|1
|-damage|p1a: Rayquaza|6/100 par|[from] item: Rocky Helmet|[of] p2a: Necrozma
|-damage|p1a: Rayquaza|0 fnt|[from] item: Life Orb
|faint|p1a: Rayquaza
|-weather|none
|
|upkeep
|
|t:|1668735867
|switch|p1a: Xerneas|Xerneas, shiny|100/100
|-damage|p1a: Xerneas|88/100|[from] Stealth Rock
|-ability|p1a: Xerneas|Fairy Aura
|turn|12
|
|t:|1668735880
|move|p1a: Xerneas|Geomancy||[still]
|-prepare|p1a: Xerneas|Geomancy
|-enditem|p1a: Xerneas|Power Herb
|-anim|p1a: Xerneas|Geomancy|p1a: Xerneas
|-boost|p1a: Xerneas|spa|2
|-boost|p1a: Xerneas|spd|2
|-boost|p1a: Xerneas|spe|2
|move|p2a: Necrozma|Sunsteel Strike|p1a: Xerneas
|-supereffective|p1a: Xerneas
|-damage|p1a: Xerneas|1/100
|
|upkeep
|turn|13
|
|t:|1668735892
|-start|p1a: Xerneas|Dynamax|
|-heal|p1a: Xerneas|1/100|[silent]
|move|p1a: Xerneas|Max Starfall|p2a: Necrozma
|-resisted|p2a: Necrozma
|-damage|p2a: Necrozma|0 fnt
|-fieldstart|move: Misty Terrain
|faint|p2a: Necrozma
|
|upkeep
|
|t:|1668735907
|switch|p2a: Calyrex|Calyrex-Shadow|100/100
|-ability|p2a: Calyrex|As One
|-ability|p2a: Calyrex|Unnerve
|turn|14
|
|t:|1668735913
|move|p1a: Xerneas|Max Starfall|p2a: Calyrex
|-enditem|p2a: Calyrex|Focus Sash
|-damage|p2a: Calyrex|1/100
|move|p2a: Calyrex|Astral Barrage|p1a: Xerneas
|-damage|p1a: Xerneas|0 fnt
|faint|p1a: Xerneas
|-ability|p2a: Calyrex|Grim Neigh|boost
|-boost|p2a: Calyrex|spa|1
|
|upkeep
|
|t:|1668735917
|switch|p1a: Calyrex|Calyrex-Shadow|100/100
|-ability|p1a: Calyrex|As One
|-ability|p1a: Calyrex|Unnerve
|-damage|p1a: Calyrex|88/100|[from] Stealth Rock
|turn|15
|
|t:|1668735926
|move|p2a: Calyrex|Astral Barrage|p1a: Calyrex
|-supereffective|p1a: Calyrex
|-damage|p1a: Calyrex|0 fnt
|faint|p1a: Calyrex
|-ability|p2a: Calyrex|Grim Neigh|boost
|-boost|p2a: Calyrex|spa|1
|
|upkeep
|
|t:|1668735932
|switch|p1a: Arceus|Arceus|100/100
|-damage|p1a: Arceus|88/100|[from] Stealth Rock
|turn|16
|
|t:|1668735960
|-start|p2a: Calyrex|Dynamax|
|-heal|p2a: Calyrex|1/100|[silent]
|move|p2a: Calyrex|Max Mindstorm|p1a: Arceus
|-damage|p1a: Arceus|0 fnt
|-fieldstart|move: Psychic Terrain
|faint|p1a: Arceus
|-ability|p2a: Calyrex|Grim Neigh|boost
|-boost|p2a: Calyrex|spa|1
|
|upkeep
|c|☆cllout|gg
|
|t:|1668735969
|switch|p1a: Zacian|Zacian-Crowned|100/100
|-damage|p1a: Zacian|94/100|[from] Stealth Rock
|-ability|p1a: Zacian|Intrepid Sword|boost
|-boost|p1a: Zacian|atk|1
|turn|17
|
|t:|1668735974
|move|p1a: Zacian|Quick Attack|p2a: Calyrex
|-activate|p2a: Calyrex|move: Psychic Terrain
|move|p2a: Calyrex|Max Phantasm|p1a: Zacian
|-damage|p1a: Zacian|0 fnt
|faint|p1a: Zacian
|
|win|cllout
|raw|defythelimits's rating: 1474 &rarr; <strong>1462</strong><br />(-12 for losing)
|raw|cllout's rating: 1618 &rarr; <strong>1630</strong><br />(+12 for winning)
|l|☆defythelimits
