|j|☆Crystraco
|j|☆Bunrphenix
|t:|1646497337
|gametype|singles
|player|p1|Crystraco|266|1857
|player|p2|Bunrphenix|hilda|1810
|teamsize|p1|6
|teamsize|p2|6
|gen|8
|tier|[Gen 8] National Dex AG
|rated|
|rule|HP Percentage Mod: HP is shown in percentages
|rule|Endless Battle Clause: Forcing endless battles is banned
|clearpoke
|poke|p1|Kyogre|
|poke|p1|Excadrill, F|
|poke|p1|Arceus-*|
|poke|p1|Ditto|
|poke|p1|Salamence, M|
|poke|p1|Xerneas-*|
|poke|p2|Rayquaza|
|poke|p2|Necrozma-Dusk-Mane|
|poke|p2|Xerneas-*|
|poke|p2|Marshadow|
|poke|p2|Arceus-*|
|poke|p2|Yveltal|
|teampreview
|
|t:|1646497345
|start
|switch|p1a: Excadrill|Excadrill, F|100/100
|switch|p2a: Arceus|Arceus-Ground|100/100
|-ability|p1a: Excadrill|Mold Breaker
|turn|1
|
|t:|1646497350
|move|p1a: Excadrill|Stealth Rock|p2a: Arceus
|-sidestart|p2: Bunrphenix|move: Stealth Rock
|move|p2a: Arceus|Ice Beam|p1a: Excadrill
|-damage|p1a: Excadrill|68/100
|
|upkeep
|turn|2
|
|t:|1646497376
|move|p1a: Excadrill|Iron Head|p2a: Arceus
|-crit|p2a: Arceus
|-damage|p2a: Arceus|70/100
|move|p2a: Arceus|Judgment|p1a: Excadrill
|-supereffective|p1a: Excadrill
|-damage|p1a: Excadrill|0 fnt
|faint|p1a: Excadrill
|
|upkeep
|
|t:|1646497381
|switch|p1a: Kyogre|Kyogre|100/100
|detailschange|p1a: Kyogre|Kyogre-Primal
|-primal|p1a: Kyogre
|-weather|PrimordialSea|[from] ability: Primordial Sea|[of] p1a: Kyogre
|turn|3
|
|t:|1646497406
|switch|p2a: Yveltal|Yveltal|100/100
|-ability|p2a: Yveltal|Dark Aura
|move|p1a: Kyogre|Origin Pulse|p2a: Yveltal
|-damage|p2a: Yveltal|30/100
|
|-weather|PrimordialSea|[upkeep]
|upkeep
|turn|4
|
|t:|1646497414
|move|p2a: Yveltal|Toxic|p1a: Kyogre
|-status|p1a: Kyogre|tox
|move|p1a: Kyogre|Origin Pulse|p2a: Yveltal
|-damage|p2a: Yveltal|0 fnt
|faint|p2a: Yveltal
|
|-weather|PrimordialSea|[upkeep]
|-damage|p1a: Kyogre|94/100 tox|[from] psn
|upkeep
|
|t:|1646497421
|switch|p2a: Rayquaza|Rayquaza|100/100
|-damage|p2a: Rayquaza|76/100|[from] Stealth Rock
|-ability|p2a: Rayquaza|Air Lock
|turn|5
|
|t:|1646497447
|detailschange|p2a: Rayquaza|Rayquaza-Mega
|-mega|p2a: Rayquaza|Rayquaza|
|-weather|DeltaStream|[from] ability: Delta Stream|[of] p2a: Rayquaza
|move|p2a: Rayquaza|Dragon Ascent|p1a: Kyogre
|-damage|p1a: Kyogre|0 fnt
|-unboost|p2a: Rayquaza|def|1
|-unboost|p2a: Rayquaza|spd|1
|faint|p1a: Kyogre
|-damage|p2a: Rayquaza|66/100|[from] item: Life Orb
|
|-weather|DeltaStream|[upkeep]
|upkeep
|
|t:|1646497451
|switch|p1a: Xerneas|Xerneas|100/100
|-ability|p1a: Xerneas|Fairy Aura
|turn|6
|
|t:|1646497479
|-weather|none
|switch|p2a: Necrozma|Necrozma-Dusk-Mane|100/100
|-damage|p2a: Necrozma|94/100|[from] Stealth Rock
|move|p1a: Xerneas|Moonblast|p2a: Necrozma
|-resisted|p2a: Necrozma
|-crit|p2a: Necrozma
|-damage|p2a: Necrozma|52/100
|
|upkeep
|turn|7
|
|t:|1646497491
|switch|p1a: Salamence|Salamence, M|100/100
|-ability|p1a: Salamence|Intimidate|boost
|-unboost|p2a: Necrozma|atk|1
|move|p2a: Necrozma|Morning Sun|p2a: Necrozma
|-heal|p2a: Necrozma|100/100
|
|upkeep
|turn|8
|
|t:|1646497505
|switch|p2a: Arceus|Arceus-Ground|70/100
|-damage|p2a: Arceus|64/100|[from] Stealth Rock
|detailschange|p1a: Salamence|Salamence-Mega, M
|-mega|p1a: Salamence|Salamence|Salamencite
|move|p1a: Salamence|Dragon Dance|p1a: Salamence
|-boost|p1a: Salamence|atk|1
|-boost|p1a: Salamence|spe|1
|
|upkeep
|turn|9
|
|t:|1646497518
|move|p1a: Salamence|Frustration|p2a: Arceus
|-damage|p2a: Arceus|13/100
|move|p2a: Arceus|Ice Beam|p1a: Salamence
|-supereffective|p1a: Salamence
|-damage|p1a: Salamence|0 fnt
|faint|p1a: Salamence
|
|upkeep
|
|t:|1646497523
|switch|p1a: Xerneas|Xerneas|100/100
|-ability|p1a: Xerneas|Fairy Aura
|turn|10
|
|t:|1646497529
|move|p1a: Xerneas|Moonblast|p2a: Arceus
|-damage|p2a: Arceus|0 fnt
|faint|p2a: Arceus
|
|upkeep
|
|t:|1646497532
|switch|p2a: Necrozma|Necrozma-Dusk-Mane|100/100
|-damage|p2a: Necrozma|94/100|[from] Stealth Rock
|turn|11
|
|t:|1646497536
|switch|p1a: Arceus|Arceus|100/100
|move|p2a: Necrozma|Trick Room|p2a: Necrozma
|-fieldstart|move: Trick Room|[of] p2a: Necrozma
|
|upkeep
|turn|12
|
|t:|1646497548
|-start|p2a: Necrozma|Dynamax
|-heal|p2a: Necrozma|94/100|[silent]
|-start|p1a: Arceus|Dynamax
|-heal|p1a: Arceus|100/100|[silent]
|move|p2a: Necrozma|Max Steelspike|p1a: Arceus
|-damage|p1a: Arceus|70/100
|-boost|p2a: Necrozma|def|1
|move|p1a: Arceus|Max Phantasm|p2a: Necrozma
|-supereffective|p2a: Necrozma
|-damage|p2a: Necrozma|79/100
|-unboost|p2a: Necrozma|def|1
|-enditem|p2a: Necrozma|Weakness Policy
|-boost|p2a: Necrozma|atk|2|[from] item: Weakness Policy
|-boost|p2a: Necrozma|spa|2|[from] item: Weakness Policy
|
|upkeep
|turn|13
|
|t:|1646497578
|move|p2a: Necrozma|Max Steelspike|p1a: Arceus
|-damage|p1a: Arceus|15/100
|-boost|p2a: Necrozma|def|1
|move|p1a: Arceus|Max Phantasm|p2a: Necrozma
|-supereffective|p2a: Necrozma
|-damage|p2a: Necrozma|63/100
|-unboost|p2a: Necrozma|def|1
|
|upkeep
|turn|14
|
|t:|1646497598
|move|p2a: Necrozma|Max Steelspike|p1a: Arceus
|-damage|p1a: Arceus|0 fnt
|-boost|p2a: Necrozma|def|1
|faint|p1a: Arceus
|
|-end|p2a: Necrozma|Dynamax
|-heal|p2a: Necrozma|64/100|[silent]
|upkeep
|
|t:|1646497600
|switch|p1a: Ditto|Ditto|100/100
|-transform|p1a: Ditto|p2a: Necrozma|[from] ability: Imposter
|turn|15
|
|t:|1646497620
|move|p2a: Necrozma|Earthquake|p1a: Ditto
|-supereffective|p1a: Ditto
|-damage|p1a: Ditto|19/100
|move|p1a: Ditto|Earthquake|p2a: Necrozma
|-supereffective|p2a: Necrozma
|-damage|p2a: Necrozma|5/100
|
|-fieldend|move: Trick Room
|upkeep
|turn|16
|
|t:|1646497644
|move|p1a: Ditto|Earthquake|p2a: Necrozma
|-supereffective|p2a: Necrozma
|-crit|p2a: Necrozma
|-damage|p2a: Necrozma|0 fnt
|faint|p2a: Necrozma
|
|upkeep
|inactive|Battle timer is ON: inactive players will automatically lose when time's up. (requested by Crystraco)
|
|t:|1646497707
|switch|p2a: Rayquaza|Rayquaza-Mega|66/100
|-damage|p2a: Rayquaza|41/100|[from] Stealth Rock
|-weather|DeltaStream|[from] ability: Delta Stream|[of] p2a: Rayquaza
|turn|17
|
|t:|1646497715
|move|p2a: Rayquaza|Dragon Ascent|p1a: Ditto
|-resisted|p1a: Ditto
|-damage|p1a: Ditto|0 fnt
|-unboost|p2a: Rayquaza|def|1
|-unboost|p2a: Rayquaza|spd|1
|faint|p1a: Ditto
|-damage|p2a: Rayquaza|31/100|[from] item: Life Orb
|
|-weather|DeltaStream|[upkeep]
|upkeep
|
|t:|1646497725
|switch|p1a: Xerneas|Xerneas|100/100
|-ability|p1a: Xerneas|Fairy Aura
|turn|18
|inactive|Bunrphenix has 120 seconds left.
|
|t:|1646497773
|move|p2a: Rayquaza|Extreme Speed|p1a: Xerneas
|-damage|p1a: Xerneas|52/100
|-damage|p2a: Rayquaza|21/100|[from] item: Life Orb
|move|p1a: Xerneas|Moonblast|p2a: Rayquaza
|-supereffective|p2a: Rayquaza
|-damage|p2a: Rayquaza|0 fnt
|faint|p2a: Rayquaza
|-weather|none
|
|upkeep
|
|t:|1646497788
|switch|p2a: Xerneas|Xerneas|100/100
|-damage|p2a: Xerneas|88/100|[from] Stealth Rock
|-ability|p2a: Xerneas|Fairy Aura
|turn|19
|
|t:|1646497791
|move|p1a: Xerneas|Moonblast|p2a: Xerneas
|-damage|p2a: Xerneas|32/100
|-unboost|p2a: Xerneas|spa|1
|move|p2a: Xerneas|Geomancy||[still]
|-prepare|p2a: Xerneas|Geomancy
|-enditem|p2a: Xerneas|Power Herb
|-anim|p2a: Xerneas|Geomancy|p2a: Xerneas
|-boost|p2a: Xerneas|spa|2
|-boost|p2a: Xerneas|spd|2
|-boost|p2a: Xerneas|spe|2
|
|upkeep
|turn|20
|
|t:|1646497796
|move|p2a: Xerneas|Moonblast|p1a: Xerneas
|-damage|p1a: Xerneas|0 fnt
|faint|p1a: Xerneas
|
|win|Bunrphenix
|raw|Crystraco's rating: 1857 &rarr; <strong>1835</strong><br />(-22 for losing)
|raw|Bunrphenix's rating: 1821 &rarr; <strong>1843</strong><br />(+22 for winning)
|l|☆Crystraco
