|j|☆5icg
|j|☆Emorawr79
|t:|1662244734
|gametype|singles
|player|p1|5icg|roughneck-gen4|1609
|player|p2|Emorawr79|ghetsis|1892
|teamsize|p1|6
|teamsize|p2|6
|gen|8
|tier|[Gen 8] National Dex AG
|rated|
|rule|HP Percentage Mod: HP is shown in percentages
|rule|Endless Battle Clause: Forcing endless battles is banned
|clearpoke
|poke|p1|Arceus-*|
|poke|p1|Kangaskhan, F|
|poke|p1|Calyrex-Shadow|
|poke|p1|Marshadow|
|poke|p1|Zacian-*|
|poke|p1|Urshifu-*, M|
|poke|p2|Calyrex-Shadow|
|poke|p2|Zygarde|
|poke|p2|Yveltal|
|poke|p2|Ho-Oh|
|poke|p2|Smeargle, M|
|poke|p2|Rayquaza|
|teampreview
|
|t:|1662244740
|start
|switch|p1a: Kangaskhan|Kangaskhan, F|100/100
|switch|p2a: Rayquaza|Rayquaza|100/100
|-ability|p2a: Rayquaza|Air Lock
|turn|1
|
|t:|1662244748
|switch|p2a: Calyrex|Calyrex-Shadow|100/100
|-ability|p2a: Calyrex|As One
|-ability|p2a: Calyrex|Unnerve
|detailschange|p1a: Kangaskhan|Kangaskhan-Mega, F
|-mega|p1a: Kangaskhan|Kangaskhan|Kangaskhanite
|move|p1a: Kangaskhan|Body Slam|p2a: Calyrex
|-immune|p2a: Calyrex
|
|upkeep
|turn|2
|
|t:|1662244751
|switch|p2a: Rayquaza|Rayquaza|100/100
|-ability|p2a: Rayquaza|Air Lock
|move|p1a: Kangaskhan|Earthquake|p2a: Rayquaza
|-immune|p2a: Rayquaza
|
|upkeep
|turn|3
|
|t:|1662244754
|detailschange|p2a: Rayquaza|Rayquaza-Mega
|-mega|p2a: Rayquaza|Rayquaza|
|-weather|DeltaStream|[from] ability: Delta Stream|[of] p2a: Rayquaza
|move|p2a: Rayquaza|Thunder Wave|p1a: Kangaskhan
|-status|p1a: Kangaskhan|par
|cant|p1a: Kangaskhan|par
|
|-weather|DeltaStream|[upkeep]
|upkeep
|turn|4
|
|t:|1662244760
|move|p2a: Rayquaza|Dragon Ascent|p1a: Kangaskhan
|-crit|p1a: Kangaskhan
|-damage|p1a: Kangaskhan|0 fnt
|-unboost|p2a: Rayquaza|def|1
|-unboost|p2a: Rayquaza|spd|1
|faint|p1a: Kangaskhan
|
|-weather|DeltaStream|[upkeep]
|upkeep
|c|☆5icg|good luck
|
|t:|1662244778
|switch|p1a: Marshadow|Marshadow|100/100
|turn|5
|
|t:|1662244783
|move|p1a: Marshadow|Ice Punch|p2a: Rayquaza
|-activate||deltastream
|-supereffective|p2a: Rayquaza
|-damage|p2a: Rayquaza|31/100
|move|p2a: Rayquaza|Scale Shot|p1a: Marshadow|[miss]
|-miss|p2a: Rayquaza|p1a: Marshadow
|
|-weather|DeltaStream|[upkeep]
|upkeep
|turn|6
|
|t:|1662244792
|move|p1a: Marshadow|Ice Punch|p2a: Rayquaza
|-activate||deltastream
|-supereffective|p2a: Rayquaza
|-damage|p2a: Rayquaza|0 fnt
|faint|p2a: Rayquaza
|-weather|none
|
|upkeep
|
|t:|1662244796
|switch|p2a: Smeargle|Smeargle, M|100/100
|turn|7
|
|t:|1662244802
|move|p1a: Marshadow|Close Combat|p2a: Smeargle
|-supereffective|p2a: Smeargle
|-enditem|p2a: Smeargle|Focus Sash
|-damage|p2a: Smeargle|1/100
|-unboost|p1a: Marshadow|def|1
|-unboost|p1a: Marshadow|spd|1
|move|p2a: Smeargle|Spore|p1a: Marshadow
|-status|p1a: Marshadow|slp|[from] move: Spore
|
|-ability|p2a: Smeargle|Moody|boost
|-boost|p2a: Smeargle|spe|2
|-unboost|p2a: Smeargle|def|1
|upkeep
|turn|8
|
|t:|1662244805
|switch|p1a: Zacian|Zacian-Crowned|100/100
|-ability|p1a: Zacian|Intrepid Sword|boost
|-boost|p1a: Zacian|atk|1
|move|p2a: Smeargle|Stealth Rock|p1a: Zacian
|-sidestart|p1: 5icg|move: Stealth Rock
|
|-ability|p2a: Smeargle|Moody|boost
|-boost|p2a: Smeargle|def|2
|-unboost|p2a: Smeargle|spd|1
|upkeep
|turn|9
|
|t:|1662244811
|move|p1a: Zacian|Quick Attack|p2a: Smeargle
|-damage|p2a: Smeargle|0 fnt
|faint|p2a: Smeargle
|
|upkeep
|
|t:|1662244815
|switch|p2a: Zygarde|Zygarde|100/100
|turn|10
|
|t:|1662244818
|switch|p1a: Marshadow|Marshadow|100/100 slp
|-damage|p1a: Marshadow|94/100 slp|[from] Stealth Rock
|move|p2a: Zygarde|Substitute|p2a: Zygarde
|-start|p2a: Zygarde|Substitute
|-damage|p2a: Zygarde|75/100
|
|-heal|p2a: Zygarde|82/100|[from] item: Leftovers
|upkeep
|turn|11
|
|t:|1662244822
|cant|p1a: Marshadow|slp
|move|p2a: Zygarde|Coil|p2a: Zygarde
|-boost|p2a: Zygarde|atk|1
|-boost|p2a: Zygarde|def|1
|-boost|p2a: Zygarde|accuracy|1
|
|-heal|p2a: Zygarde|88/100|[from] item: Leftovers
|upkeep
|turn|12
|
|t:|1662244826
|cant|p1a: Marshadow|slp
|move|p2a: Zygarde|Thousand Arrows|p1a: Marshadow
|-damage|p1a: Marshadow|38/100 slp
|
|-heal|p2a: Zygarde|94/100|[from] item: Leftovers
|upkeep
|turn|13
|
|t:|1662244832
|cant|p1a: Marshadow|slp
|move|p2a: Zygarde|Thousand Arrows|p1a: Marshadow
|-damage|p1a: Marshadow|0 fnt
|faint|p1a: Marshadow
|
|-heal|p2a: Zygarde|99/100|[from] item: Leftovers
|upkeep
|c|☆5icg|lucky man
|
|t:|1662244853
|switch|p1a: Urshifu|Urshifu, M|100/100
|-damage|p1a: Urshifu|94/100|[from] Stealth Rock
|turn|14
|
|t:|1662244856
|move|p1a: Urshifu|Ice Punch|p2a: Zygarde
|-supereffective|p2a: Zygarde
|-end|p2a: Zygarde|Substitute
|move|p2a: Zygarde|Glare|p1a: Urshifu
|-status|p1a: Urshifu|par
|
|-heal|p2a: Zygarde|100/100|[from] item: Leftovers
|upkeep
|turn|15
|
|t:|1662244858
|move|p2a: Zygarde|Substitute|p2a: Zygarde
|-start|p2a: Zygarde|Substitute
|-damage|p2a: Zygarde|75/100
|cant|p1a: Urshifu|par
|
|-heal|p2a: Zygarde|82/100|[from] item: Leftovers
|upkeep
|turn|16
|
|t:|1662244861
|move|p2a: Zygarde|Thousand Arrows|p1a: Urshifu
|-damage|p1a: Urshifu|52/100 par
|move|p1a: Urshifu|Ice Punch|p2a: Zygarde
|-supereffective|p2a: Zygarde
|-end|p2a: Zygarde|Substitute
|
|-heal|p2a: Zygarde|88/100|[from] item: Leftovers
|upkeep
|turn|17
|
|t:|1662244867
|move|p2a: Zygarde|Substitute|p2a: Zygarde
|-start|p2a: Zygarde|Substitute
|-damage|p2a: Zygarde|63/100
|move|p1a: Urshifu|Ice Punch|p2a: Zygarde
|-supereffective|p2a: Zygarde
|-end|p2a: Zygarde|Substitute
|
|-heal|p2a: Zygarde|69/100|[from] item: Leftovers
|upkeep
|turn|18
|
|t:|1662244874
|move|p2a: Zygarde|Substitute|p2a: Zygarde
|-start|p2a: Zygarde|Substitute
|-damage|p2a: Zygarde|44/100
|cant|p1a: Urshifu|par
|
|-heal|p2a: Zygarde|50/100|[from] item: Leftovers
|-activate|p2a: Zygarde|ability: Power Construct
|detailschange|p2a: Zygarde|Zygarde-Complete
|-heal|p2a: Zygarde|67/100|[silent]
|upkeep
|turn|19
|
|t:|1662244883
|move|p2a: Zygarde|Thousand Arrows|p1a: Urshifu
|-damage|p1a: Urshifu|4/100 par
|cant|p1a: Urshifu|par
|
|-heal|p2a: Zygarde|73/100|[from] item: Leftovers
|upkeep
|turn|20
|inactive|Battle timer is ON: inactive players will automatically lose when time's up. (requested by Emorawr79)
|
|t:|1662244888
|move|p2a: Zygarde|Thousand Arrows|p1a: Urshifu
|-crit|p1a: Urshifu
|-damage|p1a: Urshifu|0 fnt
|faint|p1a: Urshifu
|
|-heal|p2a: Zygarde|80/100|[from] item: Leftovers
|upkeep
|c|☆5icg|真就是
|c|☆5icg|能赢全靠天
|c|☆5icg|服了啊
|c|☆5icg|怎么能运气这么号
|
|t:|1662244912
|switch|p1a: Calyrex|Calyrex-Shadow|100/100
|-ability|p1a: Calyrex|As One
|-ability|p1a: Calyrex|Unnerve
|-damage|p1a: Calyrex|88/100|[from] Stealth Rock
|turn|21
|
|t:|1662244917
|move|p1a: Calyrex|Substitute|p1a: Calyrex
|-start|p1a: Calyrex|Substitute
|-damage|p1a: Calyrex|63/100
|move|p2a: Zygarde|Substitute|p2a: Zygarde
|-fail|p2a: Zygarde|move: Substitute
|
|-heal|p2a: Zygarde|86/100|[from] item: Leftovers
|upkeep
|turn|22
|
|t:|1662244922
|move|p1a: Calyrex|Astral Barrage|p2a: Zygarde
|-end|p2a: Zygarde|Substitute
|move|p2a: Zygarde|Thousand Arrows|p1a: Calyrex
|-crit|p1a: Calyrex
|-end|p1a: Calyrex|Substitute
|
|-heal|p2a: Zygarde|92/100|[from] item: Leftovers
|upkeep
|turn|23
|
|t:|1662244928
|-start|p1a: Calyrex|Dynamax|
|-heal|p1a: Calyrex|63/100|[silent]
|move|p1a: Calyrex|Max Phantasm|p2a: Zygarde
|-damage|p2a: Zygarde|40/100
|-unboost|p2a: Zygarde|def|1
|move|p2a: Zygarde|Thousand Arrows|p1a: Calyrex
|-damage|p1a: Calyrex|35/100
|
|-heal|p2a: Zygarde|47/100|[from] item: Leftovers
|upkeep
|turn|24
|
|t:|1662244931
|move|p1a: Calyrex|Max Phantasm|p2a: Zygarde
|-damage|p2a: Zygarde|1/100
|-unboost|p2a: Zygarde|def|1
|move|p2a: Zygarde|Thousand Arrows|p1a: Calyrex
|-crit|p1a: Calyrex
|-damage|p1a: Calyrex|0 fnt
|faint|p1a: Calyrex
|
|-heal|p2a: Zygarde|7/100|[from] item: Leftovers
|upkeep
|
|t:|1662244934
|switch|p1a: Arceus|Arceus|100/100
|-damage|p1a: Arceus|88/100|[from] Stealth Rock
|turn|25
|
|t:|1662244951
|move|p1a: Arceus|Waterfall|p2a: Zygarde
|-crit|p2a: Zygarde
|-damage|p2a: Zygarde|0 fnt
|faint|p2a: Zygarde
|
|upkeep
|
|t:|1662244954
|switch|p2a: Ho-Oh|Ho-Oh|100/100
|turn|26
|
|t:|1662244956
|move|p1a: Arceus|Waterfall|p2a: Ho-Oh
|-supereffective|p2a: Ho-Oh
|-damage|p2a: Ho-Oh|38/100
|move|p2a: Ho-Oh|Thunder Wave|p1a: Arceus
|-status|p1a: Arceus|par
|
|upkeep
|turn|27
|
|t:|1662244960
|move|p2a: Ho-Oh|Sacred Fire|p1a: Arceus
|-damage|p1a: Arceus|56/100 par
|cant|p1a: Arceus|par
|
|upkeep
|turn|28
|
|t:|1662244964
|move|p2a: Ho-Oh|Sacred Fire|p1a: Arceus
|-damage|p1a: Arceus|24/100 par
|move|p1a: Arceus|Waterfall|p2a: Ho-Oh
|-supereffective|p2a: Ho-Oh
|-damage|p2a: Ho-Oh|0 fnt
|faint|p2a: Ho-Oh
|
|upkeep
|c|☆5icg|6
|
|t:|1662244965
|switch|p2a: Calyrex|Calyrex-Shadow|100/100
|-ability|p2a: Calyrex|As One
|-ability|p2a: Calyrex|Unnerve
|turn|29
|
|t:|1662244969
|move|p2a: Calyrex|Psyshock|p1a: Arceus
|-damage|p1a: Arceus|0 fnt
|faint|p1a: Arceus
|-ability|p2a: Calyrex|Grim Neigh|boost
|-boost|p2a: Calyrex|spa|1
|
|upkeep
|
|t:|1662244971
|switch|p1a: Zacian|Zacian-Crowned|100/100
|-damage|p1a: Zacian|94/100|[from] Stealth Rock
|-ability|p1a: Zacian|Intrepid Sword|boost
|-boost|p1a: Zacian|atk|1
|turn|30
|
|t:|1662244976
|move|p2a: Calyrex|Astral Barrage|p1a: Zacian
|-damage|p1a: Zacian|0 fnt
|faint|p1a: Zacian
|
|win|Emorawr79
|raw|5icg's rating: 1609 &rarr; <strong>1602</strong><br />(-7 for losing)
|raw|Emorawr79's rating: 1892 &rarr; <strong>1899</strong><br />(+7 for winning)
|c|☆5icg|那我还能说什么呢
|c|☆Emorawr79|Ggs
