|j|☆Secret winner
|j|☆JAY100064
|inactive|Battle timer is ON: inactive players will automatically lose when time's up.
|t:|1646833288
|gametype|singles
|player|p1|Secret winner|nate-wonderlauncher|
|player|p2|JAY100064|tuber|
|teamsize|p1|6
|teamsize|p2|6
|gen|8
|tier|[Gen 8] National Dex AG
|rated|Tournament battle
|rule|HP Percentage Mod: HP is shown in percentages
|rule|Endless Battle Clause: Forcing endless battles is banned
|clearpoke
|poke|p1|Arceus-*|
|poke|p1|Groudon|
|poke|p1|Calyrex-Shadow|
|poke|p1|Yveltal|
|poke|p1|Zacian-*|
|poke|p1|Rayquaza|
|poke|p2|Chansey, F|
|poke|p2|Giratina|
|poke|p2|Sableye, M|
|poke|p2|Necrozma-Dusk-Mane|
|poke|p2|Ho-Oh|
|poke|p2|Arceus-*|
|teampreview
|inactive|Secret winner also wants the timer to be on.
|j| heatransupremacy
|j| sleepyera
|
|t:|1646833296
|start
|switch|p1a: Groudon|Groudon|100/100
|switch|p2a: Sableye|Sableye, M, shiny|100/100
|detailschange|p1a: Groudon|Groudon-Primal
|-primal|p1a: Groudon
|-weather|DesolateLand|[from] ability: Desolate Land|[of] p1a: Groudon
|turn|1
|c|☆JAY100064|nooo
|
|t:|1646833306
|detailschange|p2a: Sableye|Sableye-Mega, M, shiny
|-mega|p2a: Sableye|Sableye|Sablenite
|move|p2a: Sableye|Fake Out|p1a: Groudon
|-damage|p1a: Groudon|96/100
|cant|p1a: Groudon|flinch
|
|-weather|DesolateLand|[upkeep]
|upkeep
|turn|2
|
|t:|1646833315
|switch|p2a: Giratina|Giratina, shiny|100/100
|-ability|p2a: Giratina|Pressure
|move|p1a: Groudon|Stone Edge|p2a: Giratina|[miss]
|-miss|p1a: Groudon|p2a: Giratina
|
|-weather|DesolateLand|[upkeep]
|upkeep
|turn|3
|
|t:|1646833332
|move|p1a: Groudon|Precipice Blades|p2a: Giratina
|-damage|p2a: Giratina|65/100
|move|p2a: Giratina|Toxic|p1a: Groudon
|-status|p1a: Groudon|tox
|
|-weather|DesolateLand|[upkeep]
|-heal|p2a: Giratina|71/100|[from] item: Leftovers
|-damage|p1a: Groudon|90/100 tox|[from] psn
|upkeep
|turn|4
|
|t:|1646833348
|-weather|none
|switch|p1a: Calyrex|Calyrex-Shadow|100/100
|-ability|p1a: Calyrex|As One
|-ability|p1a: Calyrex|Unnerve
|move|p2a: Giratina|Will-O-Wisp|p1a: Calyrex
|-status|p1a: Calyrex|brn
|
|-heal|p2a: Giratina|77/100|[from] item: Leftovers
|-damage|p1a: Calyrex|94/100 brn|[from] brn
|upkeep
|turn|5
|j| mewhenckarcakracxd
|
|t:|1646833361
|switch|p2a: Arceus|Arceus-Dark, shiny|100/100
|move|p1a: Calyrex|Nasty Plot|p1a: Calyrex
|-boost|p1a: Calyrex|spa|2
|
|-damage|p1a: Calyrex|88/100 brn|[from] brn
|upkeep
|turn|6
|
|t:|1646833369
|-zpower|p1a: Calyrex
|move|p1a: Calyrex|Savage Spin-Out|p2a: Arceus|[zeffect]
|-supereffective|p2a: Arceus
|-damage|p2a: Arceus|0 fnt
|faint|p2a: Arceus
|-ability|p1a: Calyrex|Grim Neigh|boost
|-boost|p1a: Calyrex|spa|1
|
|-damage|p1a: Calyrex|82/100 brn|[from] brn
|upkeep
|c|☆JAY100064|oh my
|c| sleepyera|LETS GO
|c| sleepyera|I LOVE U
|c| mewhenckarcakracxd|buginium strats
|
|t:|1646833392
|switch|p2a: Ho-Oh|Ho-Oh, shiny|100/100
|turn|7
|c| heatransupremacy|bug z caly supremacy
|
|t:|1646833398
|move|p1a: Calyrex|Astral Barrage|p2a: Ho-Oh
|-damage|p2a: Ho-Oh|0 fnt
|faint|p2a: Ho-Oh
|-ability|p1a: Calyrex|Grim Neigh|boost
|-boost|p1a: Calyrex|spa|1
|
|-damage|p1a: Calyrex|76/100 brn|[from] brn
|upkeep
|c| mewhenckarcakracxd|omw to make my caly buginium z
|c| sleepyera|RosaFlora❤: U can also run bugnium z for ttar, arc dark
|c| sleepyera|LOLLL
|c|☆Secret winner|ye
|c|☆JAY100064|yeah fr
|c| sleepyera|THAT WENT PERFECTLY
|c|☆JAY100064|lolll
|c| heatransupremacy|O
|c| heatransupremacy|M
|c| heatransupremacy|L
|inactive|JAY100064 has 120 seconds left.
|
|t:|1646833423
|switch|p2a: Sableye|Sableye-Mega, M, shiny|100/100
|turn|8
|
|t:|1646833428
|move|p1a: Calyrex|Pollen Puff|p2a: Sableye
|-damage|p2a: Sableye|0 fnt
|faint|p2a: Sableye
|-ability|p1a: Calyrex|Grim Neigh|boost
|-boost|p1a: Calyrex|spa|1
|
|-damage|p1a: Calyrex|70/100 brn|[from] brn
|upkeep
|
|t:|1646833438
|switch|p2a: Necrozma|Necrozma-Dusk-Mane|100/100
|turn|9
|c|☆JAY100064|gg!
|c|☆JAY100064|lolol
|c|☆Secret winner|gg
|-message|JAY100064 forfeited.
|
|win|Secret winner
|n|☆Secret winner|secretwinner
|n|☆JAY100064|jay100064
|n| heatransupremacy|heatransupremacy
|n| sleepyera|sleepyera
|n| mewhenckarcakracxd|mewhenckarcakracxd
|l|☆JAY100064
|l|☆Secret winner
|c| mewhenckarcakracxd|bg=ug
|c| mewhenckarcakracxd|bug
|l| heatransupremacy
|c| mewhenckarcakracxd|bug
|l| mewhenckarcakracxd
|j|☆Secret winner
|player|p1|Secret winner|nate-wonderlauncher
