|j|☆candy eat candy
|j|☆Snakethey
|t:|1650702076
|gametype|singles
|player|p1|candy eat candy|1|1375
|player|p2|Snakethey|flint|1323
|teamsize|p1|6
|teamsize|p2|6
|gen|8
|tier|[Gen 8] National Dex AG
|rated|
|rule|HP Percentage Mod: HP is shown in percentages
|rule|Endless Battle Clause: Forcing endless battles is banned
|clearpoke
|poke|p1|Ditto|
|poke|p1|Zacian-*|
|poke|p1|Darmanitan-Galar, F|
|poke|p1|Gengar, F|
|poke|p1|Yveltal|
|poke|p1|Naganadel|
|poke|p2|Marshadow|
|poke|p2|Cradily, M|
|poke|p2|Darmanitan-Galar, F|
|poke|p2|Shuckle, L1, F|
|poke|p2|Xurkitree|
|poke|p2|Gengar, M|
|teampreview
|
|t:|1650702080
|start
|switch|p1a: Zacian|Zacian, shiny|100/100
|switch|p2a: Darmanitan|Darmanitan-Galar, F|100/100
|-ability|p1a: Zacian|Intrepid Sword|boost
|-boost|p1a: Zacian|atk|1
|turn|1
|
|t:|1650702086
|move|p2a: Darmanitan|Earthquake|p1a: Zacian
|-damage|p1a: Zacian|56/100
|move|p1a: Zacian|Iron Head|p2a: Darmanitan
|-supereffective|p2a: Darmanitan
|-damage|p2a: Darmanitan|0 fnt
|faint|p2a: Darmanitan
|
|-heal|p1a: Zacian|62/100|[from] item: Leftovers
|upkeep
|inactive|Battle timer is ON: inactive players will automatically lose when time's up. (requested by candy eat candy)
|
|t:|1650702104
|switch|p2a: Cradily|Cradily, M|100/100
|turn|2
|
|t:|1650702108
|move|p1a: Zacian|Substitute|p1a: Zacian
|-start|p1a: Zacian|Substitute
|-damage|p1a: Zacian|37/100
|move|p2a: Cradily|Barrier|p2a: Cradily
|-boost|p2a: Cradily|def|2
|
|-heal|p1a: Zacian|43/100|[from] item: Leftovers
|upkeep
|turn|3
|
|t:|1650702114
|move|p1a: Zacian|Swords Dance|p1a: Zacian
|-boost|p1a: Zacian|atk|2
|move|p2a: Cradily|Barrier|p2a: Cradily
|-boost|p2a: Cradily|def|2
|
|-heal|p1a: Zacian|49/100|[from] item: Leftovers
|upkeep
|turn|4
|
|t:|1650702121
|move|p1a: Zacian|Swords Dance|p1a: Zacian
|-boost|p1a: Zacian|atk|2
|move|p2a: Cradily|Barrier|p2a: Cradily
|-boost|p2a: Cradily|def|2
|
|-heal|p1a: Zacian|55/100|[from] item: Leftovers
|upkeep
|turn|5
|c|☆candy eat candy|Lmao
|
|t:|1650702131
|switch|p2a: Marshadow|Marshadow|100/100
|move|p1a: Zacian|Swords Dance|p1a: Zacian
|-boost|p1a: Zacian|atk|1
|
|-heal|p1a: Zacian|61/100|[from] item: Leftovers
|upkeep
|turn|6
|
|t:|1650702137
|move|p1a: Zacian|Play Rough|p2a: Marshadow
|-supereffective|p2a: Marshadow
|-damage|p2a: Marshadow|0 fnt
|faint|p2a: Marshadow
|
|-heal|p1a: Zacian|67/100|[from] item: Leftovers
|upkeep
|
|t:|1650702144
|switch|p2a: Xurkitree|Xurkitree|100/100
|turn|7
|
|t:|1650702148
|move|p1a: Zacian|Play Rough|p2a: Xurkitree
|-damage|p2a: Xurkitree|0 fnt
|faint|p2a: Xurkitree
|
|-heal|p1a: Zacian|74/100|[from] item: Leftovers
|upkeep
|-message|Snakethey forfeited.
|
|win|candy eat candy
|raw|candy eat candy's rating: 1375 &rarr; <strong>1392</strong><br />(+17 for winning)
|raw|Snakethey's rating: 1323 &rarr; <strong>1306</strong><br />(-17 for losing)
|l|☆Snakethey
