|j|☆EloquentBard
|j|☆Jayki11
|player|p1|EloquentBard|argenta|1616
|player|p2|Jayki11|red|1499
|teamsize|p1|6
|teamsize|p2|6
|gametype|singles
|gen|8
|tier|[Gen 8] National Dex AG
|rated|
|clearpoke
|poke|p1|Necrozma-Dusk-Mane|
|poke|p1|Rayquaza|
|poke|p1|Xerneas|
|poke|p1|Zacian-Crowned|
|poke|p1|Lugia|
|poke|p1|Yveltal|
|poke|p2|Zacian-Crowned|
|poke|p2|Yveltal|
|poke|p2|Groudon|
|poke|p2|Mewtwo|
|poke|p2|Necrozma-Dusk-Mane|
|poke|p2|Ho-Oh|
|rule|HP Percentage Mod: HP is shown in percentages
|rule|Endless Battle Clause: Forcing endless battles is banned
|teampreview
|
|start
|switch|p1a: EmoHotTwink|Yveltal|100/100
|switch|p2a: Groudon|Groudon|100/100
|-ability|p1a: EmoHotTwink|Dark Aura
|detailschange|p2a: Groudon|Groudon-Primal
|-primal|p2a: Groudon
|-weather|DesolateLand|[from] ability: Desolate Land|[of] p2a: Groudon
|turn|1
|inactive|Battle timer is ON: inactive players will automatically lose when time's up. (requested by Jayki11)
|
|-start|p1a: EmoHotTwink|Dynamax
|-heal|p1a: EmoHotTwink|100/100|[silent]
|move|p1a: EmoHotTwink|Max Darkness|p2a: Groudon
|-damage|p2a: Groudon|36/100
|-unboost|p2a: Groudon|spd|1
|move|p2a: Groudon|Stealth Rock|p1a: EmoHotTwink
|-sidestart|p1: EloquentBard|move: Stealth Rock
|
|-weather|DesolateLand|[upkeep]
|upkeep
|turn|2
|
|move|p1a: EmoHotTwink|Max Airstream|p2a: Groudon
|-damage|p2a: Groudon|0 fnt
|-boost|p1a: EmoHotTwink|spe|1
|faint|p2a: Groudon
|-weather|none
|
|upkeep
|
|switch|p2a: Yveltal|Yveltal|100/100
|-ability|p2a: Yveltal|Dark Aura
|turn|3
|
|-start|p2a: Yveltal|Dynamax
|-heal|p2a: Yveltal|100/100|[silent]
|move|p1a: EmoHotTwink|Max Airstream|p2a: Yveltal
|-damage|p2a: Yveltal|70/100
|-boost|p1a: EmoHotTwink|spe|1
|move|p2a: Yveltal|Max Airstream|p1a: EmoHotTwink
|-damage|p1a: EmoHotTwink|54/100
|-boost|p2a: Yveltal|spe|1
|-enditem|p1a: EmoHotTwink|Red Card|[of] p2a: Yveltal
|-block|p2a: Yveltal|Dynamax
|-damage|p2a: Yveltal|65/100|[from] item: Life Orb
|
|-end|p1a: EmoHotTwink|Dynamax
|-heal|p1a: EmoHotTwink|54/100|[silent]
|upkeep
|turn|4
|
|move|p1a: EmoHotTwink|Oblivion Wing|p2a: Yveltal
|-damage|p2a: Yveltal|47/100
|-heal|p1a: EmoHotTwink|82/100|[from] drain|[of] p2a: Yveltal
|move|p2a: Yveltal|Max Darkness|p1a: EmoHotTwink
|-resisted|p1a: EmoHotTwink
|-damage|p1a: EmoHotTwink|26/100
|-unboost|p1a: EmoHotTwink|spd|1
|-damage|p2a: Yveltal|42/100|[from] item: Life Orb
|
|upkeep
|turn|5
|
|switch|p1a: DomSub|Zacian-Crowned, shiny|100/100
|-damage|p1a: DomSub|94/100|[from] Stealth Rock
|-ability|p1a: DomSub|Intrepid Sword|boost
|-boost|p1a: DomSub|atk|1
|move|p2a: Yveltal|Max Airstream|p1a: DomSub
|-resisted|p1a: DomSub
|-damage|p1a: DomSub|48/100
|-boost|p2a: Yveltal|spe|1
|-damage|p2a: Yveltal|37/100|[from] item: Life Orb
|
|-end|p2a: Yveltal|Dynamax
|-heal|p2a: Yveltal|37/100|[silent]
|upkeep
|turn|6
|j| jukadon
|
|move|p2a: Yveltal|Heat Wave|p1a: DomSub
|-supereffective|p1a: DomSub
|-damage|p1a: DomSub|0 fnt
|-damage|p2a: Yveltal|27/100|[from] item: Life Orb
|faint|p1a: DomSub
|
|upkeep
|
|switch|p1a: BigSoftDaddy|Lugia, shiny|100/100
|turn|7
|
|move|p2a: Yveltal|Dark Pulse|p1a: BigSoftDaddy
|-supereffective|p1a: BigSoftDaddy
|-damage|p1a: BigSoftDaddy|55/100
|-damage|p2a: Yveltal|18/100|[from] item: Life Orb
|cant|p1a: BigSoftDaddy|flinch
|
|upkeep
|turn|8
|j| muffintimeHQ
|
|move|p2a: Yveltal|Oblivion Wing|p1a: BigSoftDaddy
|-damage|p1a: BigSoftDaddy|22/100
|-heal|p2a: Yveltal|44/100|[from] drain|[of] p1a: BigSoftDaddy
|-damage|p2a: Yveltal|34/100|[from] item: Life Orb
|move|p1a: BigSoftDaddy|Defog|p2a: Yveltal
|-unboost|p2a: Yveltal|evasion|1
|-sideend|p1: EloquentBard|Stealth Rock|[from] move: Defog|[of] p1a: BigSoftDaddy
|
|upkeep
|turn|9
|
|move|p2a: Yveltal|Dark Pulse|p1a: BigSoftDaddy
|-supereffective|p1a: BigSoftDaddy
|-damage|p1a: BigSoftDaddy|0 fnt
|-damage|p2a: Yveltal|24/100|[from] item: Life Orb
|faint|p1a: BigSoftDaddy
|
|upkeep
|
|switch|p1a: Hung Snek|Rayquaza, shiny|100/100
|-ability|p1a: Hung Snek|Air Lock
|turn|10
|
|detailschange|p1a: Hung Snek|Rayquaza-Mega, shiny
|-mega|p1a: Hung Snek|Rayquaza|
|-weather|DeltaStream|[from] ability: Delta Stream|[of] p1a: Hung Snek
|move|p2a: Yveltal|Oblivion Wing|p1a: Hung Snek
|-crit|p1a: Hung Snek
|-damage|p1a: Hung Snek|12/100
|-heal|p2a: Yveltal|84/100|[from] drain|[of] p1a: Hung Snek
|-damage|p2a: Yveltal|74/100|[from] item: Life Orb
|move|p1a: Hung Snek|Dragon Dance|p1a: Hung Snek
|-boost|p1a: Hung Snek|atk|1
|-boost|p1a: Hung Snek|spe|1
|
|-weather|DeltaStream|[upkeep]
|upkeep
|turn|11
|
|move|p2a: Yveltal|Oblivion Wing|p1a: Hung Snek
|-damage|p1a: Hung Snek|0 fnt
|-heal|p2a: Yveltal|81/100|[from] drain|[of] p1a: Hung Snek
|-damage|p2a: Yveltal|71/100|[from] item: Life Orb
|faint|p1a: Hung Snek
|-weather|none
|
|upkeep
|
|switch|p1a: SissyTwink|Xerneas, shiny|100/100
|-ability|p1a: SissyTwink|Fairy Aura
|turn|12
|c| muffintimeHQ|Bad play
|
|move|p2a: Yveltal|Oblivion Wing|p1a: SissyTwink
|-damage|p1a: SissyTwink|55/100
|-heal|p2a: Yveltal|100/100|[from] drain|[of] p1a: SissyTwink
|-damage|p2a: Yveltal|91/100|[from] item: Life Orb
|move|p1a: SissyTwink|Geomancy||[still]
|-prepare|p1a: SissyTwink|Geomancy|p1a: SissyTwink
|-enditem|p1a: SissyTwink|Power Herb
|-anim|p1a: SissyTwink|Geomancy|p1a: SissyTwink
|-boost|p1a: SissyTwink|spa|2
|-boost|p1a: SissyTwink|spd|2
|-boost|p1a: SissyTwink|spe|2
|
|upkeep
|turn|13
|
|move|p2a: Yveltal|Oblivion Wing|p1a: SissyTwink
|-damage|p1a: SissyTwink|29/100
|-heal|p2a: Yveltal|100/100|[from] drain|[of] p1a: SissyTwink
|-damage|p2a: Yveltal|91/100|[from] item: Life Orb
|move|p1a: SissyTwink|Thunderbolt|p2a: Yveltal
|-supereffective|p2a: Yveltal
|-damage|p2a: Yveltal|0 fnt
|faint|p2a: Yveltal
|
|upkeep
|l| jukadon
|
|switch|p2a: Ho-Oh|Ho-Oh|100/100
|turn|14
|j| jukadon
|
|move|p1a: SissyTwink|Thunderbolt|p2a: Ho-Oh
|-supereffective|p2a: Ho-Oh
|-damage|p2a: Ho-Oh|24/100
|move|p2a: Ho-Oh|Sacred Fire|p1a: SissyTwink
|-damage|p1a: SissyTwink|0 fnt
|faint|p1a: SissyTwink
|
|upkeep
|j| Acwise
|
|switch|p1a: EmoHotTwink|Yveltal|26/100
|-ability|p1a: EmoHotTwink|Dark Aura
|turn|15
|
|move|p1a: EmoHotTwink|Oblivion Wing|p2a: Ho-Oh
|-damage|p2a: Ho-Oh|1/100
|-heal|p1a: EmoHotTwink|44/100|[from] drain|[of] p2a: Ho-Oh
|move|p2a: Ho-Oh|Recover|p2a: Ho-Oh
|-heal|p2a: Ho-Oh|51/100
|
|upkeep
|turn|16
|
|move|p1a: EmoHotTwink|Dark Pulse|p2a: Ho-Oh
|-damage|p2a: Ho-Oh|22/100
|move|p2a: Ho-Oh|Toxic|p1a: EmoHotTwink
|-status|p1a: EmoHotTwink|tox
|
|-damage|p1a: EmoHotTwink|38/100 tox|[from] psn
|upkeep
|turn|17
|
|move|p1a: EmoHotTwink|Oblivion Wing|p2a: Ho-Oh
|-damage|p2a: Ho-Oh|0 fnt
|-heal|p1a: EmoHotTwink|55/100 tox|[from] drain|[of] p2a: Ho-Oh
|faint|p2a: Ho-Oh
|
|-damage|p1a: EmoHotTwink|43/100 tox|[from] psn
|upkeep
|
|switch|p2a: Mewtwo|Mewtwo|100/100
|-ability|p2a: Mewtwo|Unnerve|p1: EloquentBard
|turn|18
|
|detailschange|p2a: Mewtwo|Mewtwo-Mega-Y
|-mega|p2a: Mewtwo|Mewtwo|Mewtwonite Y
|move|p2a: Mewtwo|Ice Beam|p1a: EmoHotTwink
|-supereffective|p1a: EmoHotTwink
|-damage|p1a: EmoHotTwink|0 fnt
|faint|p1a: EmoHotTwink
|
|upkeep
|
|switch|p1a: DomTop|Necrozma-Dusk-Mane, shiny|100/100
|turn|19
|
|move|p2a: Mewtwo|Fire Blast|p1a: DomTop|[miss]
|-miss|p2a: Mewtwo|p1a: DomTop
|move|p1a: DomTop|Dragon Dance|p1a: DomTop
|-boost|p1a: DomTop|atk|1
|-boost|p1a: DomTop|spe|1
|
|upkeep
|turn|20
|
|detailschange|p1a: DomTop|Necrozma-Ultra, shiny
|-burst|p1a: DomTop|Necrozma|Ultranecrozium Z
|move|p1a: DomTop|Dragon Dance|p1a: DomTop
|-boost|p1a: DomTop|atk|1
|-boost|p1a: DomTop|spe|1
|move|p2a: Mewtwo|Fire Blast|p1a: DomTop
|-resisted|p1a: DomTop
|-damage|p1a: DomTop|71/100
|
|upkeep
|turn|21
|
|move|p1a: DomTop|Sunsteel Strike|p2a: Mewtwo
|-damage|p2a: Mewtwo|0 fnt
|faint|p2a: Mewtwo
|
|upkeep
|
|switch|p2a: Necrozma|Necrozma-Dusk-Mane|100/100
|turn|22
|
|move|p1a: DomTop|Earthquake|p2a: Necrozma
|-supereffective|p2a: Necrozma
|-damage|p2a: Necrozma|0 fnt
|faint|p2a: Necrozma
|
|upkeep
|
|switch|p2a: Zacian|Zacian-Crowned|100/100
|-ability|p2a: Zacian|Intrepid Sword|boost
|-boost|p2a: Zacian|atk|1
|turn|23
|c|☆EloquentBard|bad play
|c|☆Jayki11|fucking lucky
|c|☆Jayki11|u dont deserve your ladder at all lol
|c| Acwise|Gg
|c|☆Jayki11|if i didnt miss with mewtwo
|c|☆EloquentBard|bad play
|
|move|p1a: DomTop|Earthquake|p2a: Zacian
|-supereffective|p2a: Zacian
|-damage|p2a: Zacian|0 fnt
|faint|p2a: Zacian
|
|win|EloquentBard
