|j|☆yveltalYT3
|j|☆chopforce8
|t:|1642250095
|gametype|singles
|player|p1|yveltalYT3|cynthia-gen4|1581
|player|p2|chopforce8|red|1805
|teamsize|p1|6
|teamsize|p2|6
|gen|8
|tier|[Gen 8] National Dex AG
|rated|
|rule|HP Percentage Mod: HP is shown in percentages
|rule|Endless Battle Clause: Forcing endless battles is banned
|clearpoke
|poke|p1|Marshadow|
|poke|p1|Lugia|
|poke|p1|Xerneas-*|
|poke|p1|Ditto|
|poke|p1|Calyrex-Shadow|
|poke|p1|Kyogre|
|poke|p2|Yveltal|
|poke|p2|Diancie|
|poke|p2|Calyrex-Shadow|
|poke|p2|Zacian-*|
|poke|p2|Ditto|
|poke|p2|Arceus-*|
|teampreview
|inactive|Battle timer is ON: inactive players will automatically lose when time's up. (requested by yveltalYT3)
|
|t:|1642250123
|start
|switch|p1a: Calyrex|Calyrex-Shadow|100/100
|switch|p2a: Professorquirrel|Calyrex-Shadow|100/100
|-ability|p2a: Professorquirrel|As One
|-ability|p2a: Professorquirrel|Unnerve
|-ability|p1a: Calyrex|As One
|-ability|p1a: Calyrex|Unnerve
|turn|1
|
|t:|1642250132
|move|p1a: Calyrex|Astral Barrage|p2a: Professorquirrel
|-supereffective|p2a: Professorquirrel
|-crit|p2a: Professorquirrel
|-enditem|p2a: Professorquirrel|Focus Sash
|-damage|p2a: Professorquirrel|1/100
|move|p2a: Professorquirrel|Astral Barrage|p1a: Calyrex
|-supereffective|p1a: Calyrex
|-enditem|p1a: Calyrex|Focus Sash
|-damage|p1a: Calyrex|1/100
|
|upkeep
|turn|2
|
|t:|1642250144
|switch|p2a: Voldemort|Yveltal|100/100
|-ability|p2a: Voldemort|Dark Aura
|move|p1a: Calyrex|Astral Barrage|p2a: Voldemort
|-resisted|p2a: Voldemort
|-damage|p2a: Voldemort|68/100
|
|upkeep
|turn|3
|
|t:|1642250152
|move|p2a: Voldemort|Sucker Punch||[still]
|-fail|p2a: Voldemort
|move|p1a: Calyrex|Will-O-Wisp|p2a: Voldemort
|-status|p2a: Voldemort|brn
|
|-damage|p2a: Voldemort|62/100 brn|[from] brn
|upkeep
|turn|4
|j| carrier ant attack
|
|t:|1642250158
|move|p2a: Voldemort|Sucker Punch||[still]
|-fail|p2a: Voldemort
|move|p1a: Calyrex|Will-O-Wisp|p2a: Voldemort
|-fail|p2a: Voldemort|brn
|
|-damage|p2a: Voldemort|56/100 brn|[from] brn
|upkeep
|turn|5
|
|t:|1642250165
|move|p2a: Voldemort|Sucker Punch||[still]
|-fail|p2a: Voldemort
|move|p1a: Calyrex|Will-O-Wisp|p2a: Voldemort|[miss]
|-miss|p1a: Calyrex|p2a: Voldemort
|
|-damage|p2a: Voldemort|50/100 brn|[from] brn
|upkeep
|turn|6
|
|t:|1642250174
|move|p1a: Calyrex|Will-O-Wisp|p2a: Voldemort
|-fail|p2a: Voldemort|brn
|move|p2a: Voldemort|Oblivion Wing|p1a: Calyrex
|-damage|p1a: Calyrex|0 fnt
|-heal|p2a: Voldemort|50/100 brn|[from] drain|[of] p1a: Calyrex
|faint|p1a: Calyrex
|-damage|p2a: Voldemort|40/100 brn|[from] item: Life Orb
|
|-damage|p2a: Voldemort|34/100 brn|[from] brn
|upkeep
|
|t:|1642250201
|switch|p1a: Kyogre|Kyogre|100/100
|-weather|RainDance|[from] ability: Drizzle|[of] p1a: Kyogre
|turn|7
|
|t:|1642250206
|move|p2a: Voldemort|Sucker Punch|p1a: Kyogre
|-damage|p1a: Kyogre|73/100
|-damage|p2a: Voldemort|24/100 brn|[from] item: Life Orb
|move|p1a: Kyogre|Thunder|p2a: Voldemort
|-supereffective|p2a: Voldemort
|-damage|p2a: Voldemort|0 fnt
|faint|p2a: Voldemort
|
|-weather|RainDance|[upkeep]
|upkeep
|
|t:|1642250214
|switch|p2a: Fluffy|Zacian-Crowned|100/100
|-ability|p2a: Fluffy|Intrepid Sword|boost
|-boost|p2a: Fluffy|atk|1
|turn|8
|
|t:|1642250219
|switch|p1a: Lugia|Lugia|100/100
|move|p2a: Fluffy|Behemoth Blade|p1a: Lugia
|-damage|p1a: Lugia|68/100
|
|-weather|RainDance|[upkeep]
|upkeep
|turn|9
|
|t:|1642250226
|switch|p2a: Harry Potter|Diancie|100/100
|move|p1a: Lugia|Roost|p1a: Lugia
|-heal|p1a: Lugia|100/100
|-singleturn|p1a: Lugia|move: Roost
|
|-weather|RainDance|[upkeep]
|upkeep
|turn|10
|
|t:|1642250234
|detailschange|p2a: Harry Potter|Diancie-Mega
|-mega|p2a: Harry Potter|Diancie|Diancite
|move|p2a: Harry Potter|Stealth Rock|p1a: Lugia
|-sidestart|p1: yveltalYT3|move: Stealth Rock
|move|p1a: Lugia|Whirlwind|p2a: Harry Potter
|move|p2a: Harry Potter|Whirlwind|p1a: Lugia|[from]ability: Magic Bounce
|drag|p1a: Kyogre|Kyogre|73/100
|-damage|p1a: Kyogre|61/100|[from] Stealth Rock
|
|-weather|RainDance|[upkeep]
|upkeep
|turn|11
|
|t:|1642250244
|switch|p2a: MirrorofErised|Ditto|100/100
|-transform|p2a: MirrorofErised|p1a: Kyogre|[from] ability: Imposter
|move|p1a: Kyogre|Origin Pulse|p2a: MirrorofErised
|-resisted|p2a: MirrorofErised
|-damage|p2a: MirrorofErised|58/100
|
|-weather|none
|upkeep
|turn|12
|
|t:|1642250258
|-start|p1a: Kyogre|Dynamax
|-heal|p1a: Kyogre|61/100|[silent]
|move|p2a: MirrorofErised|Thunder|p1a: Kyogre|[miss]
|-miss|p2a: MirrorofErised|p1a: Kyogre
|move|p1a: Kyogre|Max Lightning|p2a: MirrorofErised
|-supereffective|p2a: MirrorofErised
|-damage|p2a: MirrorofErised|0 fnt
|-fieldstart|move: Electric Terrain
|faint|p2a: MirrorofErised
|
|upkeep
|
|t:|1642250276
|switch|p2a: Harry Potter|Diancie-Mega|100/100
|turn|13
|
|t:|1642250280
|move|p2a: Harry Potter|Moonblast|p1a: Kyogre
|-damage|p1a: Kyogre|38/100
|-unboost|p1a: Kyogre|spa|1
|move|p1a: Kyogre|Max Geyser|p2a: Harry Potter
|-supereffective|p2a: Harry Potter
|-damage|p2a: Harry Potter|0 fnt
|-weather|RainDance
|faint|p2a: Harry Potter
|
|-weather|RainDance|[upkeep]
|upkeep
|
|t:|1642250288
|switch|p2a: Chess Wizard|Arceus-Flying|100/100
|turn|14
|
|t:|1642250292
|move|p2a: Chess Wizard|Calm Mind|p2a: Chess Wizard
|-boost|p2a: Chess Wizard|spa|1
|-boost|p2a: Chess Wizard|spd|1
|move|p1a: Kyogre|Max Lightning|p2a: Chess Wizard
|-supereffective|p2a: Chess Wizard
|-damage|p2a: Chess Wizard|58/100
|
|-weather|RainDance|[upkeep]
|-end|p1a: Kyogre|Dynamax
|-heal|p1a: Kyogre|39/100|[silent]
|upkeep
|turn|15
|
|t:|1642250301
|switch|p1a: Lugia|Lugia|100/100
|move|p2a: Chess Wizard|Recover|p2a: Chess Wizard
|-heal|p2a: Chess Wizard|100/100
|
|-weather|RainDance|[upkeep]
|upkeep
|turn|16
|
|t:|1642250310
|-start|p2a: Chess Wizard|Dynamax
|-heal|p2a: Chess Wizard|100/100|[silent]
|move|p2a: Chess Wizard|Max Airstream|p1a: Lugia
|-damage|p1a: Lugia|76/100
|-boost|p2a: Chess Wizard|spe|1
|move|p1a: Lugia|Defog|p2a: Chess Wizard
|-unboost|p2a: Chess Wizard|evasion|1
|-sideend|p1: yveltalYT3|Stealth Rock|[from] move: Defog|[of] p1a: Lugia
|-fieldend|move: Electric Terrain
|
|-weather|RainDance|[upkeep]
|upkeep
|turn|17
|
|t:|1642250321
|move|p2a: Chess Wizard|Max Airstream|p1a: Lugia
|-damage|p1a: Lugia|25/100
|-boost|p2a: Chess Wizard|spe|1
|move|p1a: Lugia|Roost|p1a: Lugia
|-heal|p1a: Lugia|75/100
|-singleturn|p1a: Lugia|move: Roost
|
|-weather|none
|upkeep
|turn|18
|
|t:|1642250331
|move|p2a: Chess Wizard|Max Airstream|p1a: Lugia
|-damage|p1a: Lugia|23/100
|-boost|p2a: Chess Wizard|spe|1
|move|p1a: Lugia|Roost|p1a: Lugia
|-heal|p1a: Lugia|73/100
|-singleturn|p1a: Lugia|move: Roost
|
|-end|p2a: Chess Wizard|Dynamax
|-heal|p2a: Chess Wizard|100/100|[silent]
|upkeep
|turn|19
|
|t:|1642250349
|move|p2a: Chess Wizard|Judgment|p1a: Lugia
|-damage|p1a: Lugia|31/100
|move|p1a: Lugia|Whirlwind|p2a: Chess Wizard
|drag|p2a: Professorquirrel|Calyrex-Shadow|1/100
|-ability|p2a: Professorquirrel|As One
|-ability|p2a: Professorquirrel|Unnerve
|
|upkeep
|turn|20
|
|t:|1642250358
|move|p2a: Professorquirrel|Nasty Plot|p2a: Professorquirrel
|-boost|p2a: Professorquirrel|spa|2
|move|p1a: Lugia|Toxic|p2a: Professorquirrel
|-status|p2a: Professorquirrel|tox
|
|-damage|p2a: Professorquirrel|0 fnt|[from] psn
|faint|p2a: Professorquirrel
|upkeep
|
|t:|1642250366
|switch|p2a: Fluffy|Zacian-Crowned|100/100
|-ability|p2a: Fluffy|Intrepid Sword|boost
|-boost|p2a: Fluffy|atk|1
|turn|21
|
|t:|1642250373
|move|p2a: Fluffy|Substitute|p2a: Fluffy
|-start|p2a: Fluffy|Substitute
|-damage|p2a: Fluffy|76/100
|move|p1a: Lugia|Whirlwind|p2a: Fluffy
|drag|p2a: Chess Wizard|Arceus-Flying|100/100
|
|upkeep
|turn|22
|
|t:|1642250381
|switch|p2a: Fluffy|Zacian-Crowned|76/100
|-ability|p2a: Fluffy|Intrepid Sword|boost
|-boost|p2a: Fluffy|atk|1
|move|p1a: Lugia|Toxic|p2a: Fluffy
|-immune|p2a: Fluffy
|
|upkeep
|turn|23
|
|t:|1642250387
|switch|p2a: Chess Wizard|Arceus-Flying|100/100
|move|p1a: Lugia|Whirlwind|p2a: Chess Wizard
|drag|p2a: Fluffy|Zacian-Crowned|76/100
|-ability|p2a: Fluffy|Intrepid Sword|boost
|-boost|p2a: Fluffy|atk|1
|
|upkeep
|turn|24
|
|t:|1642250396
|move|p2a: Fluffy|Substitute|p2a: Fluffy
|-start|p2a: Fluffy|Substitute
|-damage|p2a: Fluffy|51/100
|move|p1a: Lugia|Toxic||[still]
|-fail|p1a: Lugia
|
|upkeep
|turn|25
|
|t:|1642250402
|move|p2a: Fluffy|Behemoth Blade|p1a: Lugia
|-damage|p1a: Lugia|0 fnt
|faint|p1a: Lugia
|
|upkeep
|
|t:|1642250408
|switch|p1a: Marshadow|Marshadow|100/100
|turn|26
|
|t:|1642250411
|switch|p2a: Chess Wizard|Arceus-Flying|100/100
|move|p1a: Marshadow|Spectral Thief|p2a: Chess Wizard
|-damage|p2a: Chess Wizard|73/100
|
|upkeep
|turn|27
|
|t:|1642250422
|switch|p1a: Xerneas|Xerneas|100/100
|-ability|p1a: Xerneas|Fairy Aura
|move|p2a: Chess Wizard|Recover|p2a: Chess Wizard
|-heal|p2a: Chess Wizard|100/100
|
|upkeep
|turn|28
|
|t:|1642250430
|move|p2a: Chess Wizard|Perish Song|p2a: Chess Wizard
|-start|p1a: Xerneas|perish3|[silent]
|-start|p2a: Chess Wizard|perish3|[silent]
|-fieldactivate|move: Perish Song
|move|p1a: Xerneas|Geomancy||[still]
|-prepare|p1a: Xerneas|Geomancy
|-enditem|p1a: Xerneas|Power Herb
|-anim|p1a: Xerneas|Geomancy|p1a: Xerneas
|-boost|p1a: Xerneas|spa|2
|-boost|p1a: Xerneas|spd|2
|-boost|p1a: Xerneas|spe|2
|
|-start|p1a: Xerneas|perish3
|-start|p2a: Chess Wizard|perish3
|upkeep
|turn|29
|
|t:|1642250443
|move|p1a: Xerneas|Thunderbolt|p2a: Chess Wizard
|-supereffective|p2a: Chess Wizard
|-damage|p2a: Chess Wizard|17/100
|move|p2a: Chess Wizard|Recover|p2a: Chess Wizard
|-heal|p2a: Chess Wizard|67/100
|
|-start|p1a: Xerneas|perish2
|-start|p2a: Chess Wizard|perish2
|upkeep
|turn|30
|
|t:|1642250451
|switch|p2a: Fluffy|Zacian-Crowned|51/100
|-ability|p2a: Fluffy|Intrepid Sword|boost
|-boost|p2a: Fluffy|atk|1
|move|p1a: Xerneas|Thunderbolt|p2a: Fluffy
|-damage|p2a: Fluffy|0 fnt
|faint|p2a: Fluffy
|
|-start|p1a: Xerneas|perish1
|upkeep
|c|☆yveltalYT3|why?
|
|t:|1642250459
|switch|p2a: Chess Wizard|Arceus-Flying|67/100
|turn|31
|c|☆chopforce8|gg
|
|t:|1642250463
|move|p1a: Xerneas|Thunderbolt|p2a: Chess Wizard
|-supereffective|p2a: Chess Wizard
|-damage|p2a: Chess Wizard|0 fnt
|faint|p2a: Chess Wizard
|
|win|yveltalYT3
|raw|yveltalYT3's rating: 1581 &rarr; <strong>1612</strong><br />(+31 for winning)
|raw|chopforce8's rating: 1805 &rarr; <strong>1774</strong><br />(-31 for losing)
|c|☆yveltalYT3|gg
|l|☆chopforce8
