|j|☆wafflecone67
|j|☆Batman Magic
|t:|1651064585
|gametype|singles
|player|p1|wafflecone67|102|1648
|player|p2|Batman Magic|elaine|1779
|teamsize|p1|6
|teamsize|p2|6
|gen|8
|tier|[Gen 8] National Dex AG
|rated|
|rule|HP Percentage Mod: HP is shown in percentages
|rule|Endless Battle Clause: Forcing endless battles is banned
|clearpoke
|poke|p1|Scolipede, F|
|poke|p1|Smeargle, M|
|poke|p1|Magearna|
|poke|p1|Espeon, M|
|poke|p1|Smeargle, F|
|poke|p1|Mr. Mime, F|
|poke|p2|Arceus-*|
|poke|p2|Arceus-*|
|poke|p2|Kyogre|
|poke|p2|Groudon|
|poke|p2|Zygarde|
|poke|p2|Gengar, M|
|teampreview
|inactive|Battle timer is ON: inactive players will automatically lose when time's up. (requested by Batman Magic)
|
|t:|1651064616
|start
|switch|p1a: Scolipede|Scolipede, F|100/100
|switch|p2a: Gengar|Gengar, M, shiny|100/100
|turn|1
|
|t:|1651064626
|detailschange|p2a: Gengar|Gengar-Mega, M, shiny
|-mega|p2a: Gengar|Gengar|Gengarite
|move|p1a: Scolipede|Protect|p1a: Scolipede
|-singleturn|p1a: Scolipede|Protect
|move|p2a: Gengar|Sludge Bomb|p1a: Scolipede
|-activate|p1a: Scolipede|move: Protect
|
|-ability|p1a: Scolipede|Speed Boost|boost
|-boost|p1a: Scolipede|spe|1
|upkeep
|turn|2
|j| Anchorh
|
|t:|1651064634
|move|p1a: Scolipede|Substitute|p1a: Scolipede
|-start|p1a: Scolipede|Substitute
|-damage|p1a: Scolipede|76/100
|move|p2a: Gengar|Sludge Bomb|p1a: Scolipede
|-resisted|p1a: Scolipede
|-end|p1a: Scolipede|Substitute
|
|-ability|p1a: Scolipede|Speed Boost|boost
|-boost|p1a: Scolipede|spe|1
|upkeep
|turn|3
|
|t:|1651064637
|move|p1a: Scolipede|Protect|p1a: Scolipede
|-singleturn|p1a: Scolipede|Protect
|move|p2a: Gengar|Encore|p1a: Scolipede
|-activate|p1a: Scolipede|move: Protect
|
|-ability|p1a: Scolipede|Speed Boost|boost
|-boost|p1a: Scolipede|spe|1
|upkeep
|turn|4
|
|t:|1651064641
|move|p1a: Scolipede|Substitute|p1a: Scolipede
|-start|p1a: Scolipede|Substitute
|-damage|p1a: Scolipede|51/100
|move|p2a: Gengar|Shadow Ball|p1a: Scolipede
|-end|p1a: Scolipede|Substitute
|
|-ability|p1a: Scolipede|Speed Boost|boost
|-boost|p1a: Scolipede|spe|1
|upkeep
|turn|5
|
|t:|1651064646
|move|p1a: Scolipede|Baton Pass|p1a: Scolipede
|j| sbycyy
|
|t:|1651064651
|switch|p1a: labrys|Magearna|100/100|[from]move: Baton Pass
|move|p2a: Gengar|Sludge Bomb|p1a: labrys
|-immune|p1a: labrys
|
|upkeep
|turn|6
|
|t:|1651064667
|move|p1a: labrys|Baton Pass|p1a: labrys
|
|t:|1651064670
|switch|p1a: Smeargle|Smeargle, F|100/100|[from]move: Baton Pass
|move|p2a: Gengar|Encore||[still]
|-fail|p2a: Gengar
|
|-ability|p1a: Smeargle|Moody|boost
|-boost|p1a: Smeargle|spa|2
|-unboost|p1a: Smeargle|spe|1
|upkeep
|turn|7
|
|t:|1651064676
|switch|p2a: Arceus|Arceus-Dark|100/100
|move|p1a: Smeargle|Spore|p2a: Arceus
|-status|p2a: Arceus|slp|[from] move: Spore
|
|-ability|p1a: Smeargle|Moody|boost
|-boost|p1a: Smeargle|spe|2
|-unboost|p1a: Smeargle|def|1
|upkeep
|turn|8
|
|t:|1651064681
|move|p1a: Smeargle|Substitute|p1a: Smeargle
|-start|p1a: Smeargle|Substitute
|-damage|p1a: Smeargle|75/100
|cant|p2a: Arceus|slp
|
|-ability|p1a: Smeargle|Moody|boost
|-boost|p1a: Smeargle|def|2
|-unboost|p1a: Smeargle|spa|1
|upkeep
|turn|9
|
|t:|1651064683
|move|p1a: Smeargle|Baton Pass|p1a: Smeargle
|
|t:|1651064684
|switch|p1a: Smeargle|Smeargle, M|100/100|[from]move: Baton Pass
|-curestatus|p2a: Arceus|slp|[msg]
|move|p2a: Arceus|Perish Song|p2a: Arceus
|-start|p1a: Smeargle|perish3|[silent]
|-start|p2a: Arceus|perish3|[silent]
|-fieldactivate|move: Perish Song
|
|-start|p1a: Smeargle|perish3
|-start|p2a: Arceus|perish3
|-ability|p1a: Smeargle|Moody|boost
|-boost|p1a: Smeargle|spe|1
|-unboost|p1a: Smeargle|spd|1
|upkeep
|turn|10
|
|t:|1651064691
|switch|p2a: Arceus|Arceus-Fairy|100/100
|move|p1a: Smeargle|Spore|p2a: Arceus
|-status|p2a: Arceus|slp|[from] move: Spore
|
|-start|p1a: Smeargle|perish2
|-ability|p1a: Smeargle|Moody|boost
|-boost|p1a: Smeargle|def|2
|-unboost|p1a: Smeargle|spa|1
|upkeep
|turn|11
|j| Nykuo
|
|t:|1651064697
|switch|p1a: Smeargle|Smeargle, F|75/100
|cant|p2a: Arceus|slp
|
|-ability|p1a: Smeargle|Moody|boost
|-boost|p1a: Smeargle|spd|2
|-unboost|p1a: Smeargle|def|1
|upkeep
|turn|12
|
|t:|1651064700
|cant|p2a: Arceus|slp
|move|p1a: Smeargle|Baton Pass|p1a: Smeargle
|
|t:|1651064702
|switch|p1a: Smeargle|Smeargle, M|100/100|[from]move: Baton Pass
|
|-ability|p1a: Smeargle|Moody|boost
|-boost|p1a: Smeargle|spd|2
|-unboost|p1a: Smeargle|def|1
|upkeep
|turn|13
|
|t:|1651064706
|switch|p2a: Arceus|Arceus-Dark|100/100
|move|p1a: Smeargle|Spore|p2a: Arceus
|-status|p2a: Arceus|slp|[from] move: Spore
|
|-ability|p1a: Smeargle|Moody|boost
|-boost|p1a: Smeargle|def|2
|-unboost|p1a: Smeargle|spa|1
|upkeep
|turn|14
|
|t:|1651064709
|cant|p2a: Arceus|slp
|move|p1a: Smeargle|Baton Pass|p1a: Smeargle
|
|t:|1651064712
|switch|p1a: Mr. Mime|Mr. Mime, F|100/100|[from]move: Baton Pass
|
|upkeep
|turn|15
|
|t:|1651064714
|cant|p2a: Arceus|slp
|move|p1a: Mr. Mime|Reflect|p1a: Mr. Mime
|-sidestart|p1: wafflecone67|Reflect
|
|upkeep
|turn|16
|
|t:|1651064718
|-curestatus|p2a: Arceus|slp|[msg]
|move|p2a: Arceus|Judgment|p1a: Mr. Mime
|-damage|p1a: Mr. Mime|82/100
|move|p1a: Mr. Mime|Calm Mind|p1a: Mr. Mime
|-boost|p1a: Mr. Mime|spa|1
|-boost|p1a: Mr. Mime|spd|1
|
|upkeep
|turn|17
|
|t:|1651064723
|move|p2a: Arceus|Judgment|p1a: Mr. Mime
|-damage|p1a: Mr. Mime|68/100
|move|p1a: Mr. Mime|Calm Mind|p1a: Mr. Mime
|-boost|p1a: Mr. Mime|spa|1
|-boost|p1a: Mr. Mime|spd|1
|
|upkeep
|turn|18
|
|t:|1651064728
|switch|p2a: Gengar|Gengar-Mega, M, shiny|100/100
|move|p1a: Mr. Mime|Calm Mind|p1a: Mr. Mime
|-boost|p1a: Mr. Mime|spa|1
|-boost|p1a: Mr. Mime|spd|0
|
|upkeep
|turn|19
|
|t:|1651064731
|move|p2a: Gengar|Encore|p1a: Mr. Mime
|-start|p1a: Mr. Mime|Encore
|move|p1a: Mr. Mime|Calm Mind|p1a: Mr. Mime
|-boost|p1a: Mr. Mime|spa|1
|-boost|p1a: Mr. Mime|spd|0
|
|-sideend|p1: wafflecone67|Reflect
|upkeep
|turn|20
|
|t:|1651064733
|move|p2a: Gengar|Substitute|p2a: Gengar
|-start|p2a: Gengar|Substitute
|-damage|p2a: Gengar|76/100
|move|p1a: Mr. Mime|Calm Mind|p1a: Mr. Mime
|-boost|p1a: Mr. Mime|spa|1
|-boost|p1a: Mr. Mime|spd|0
|
|upkeep
|turn|21
|
|t:|1651064736
|move|p2a: Gengar|Shadow Ball|p1a: Mr. Mime
|-supereffective|p1a: Mr. Mime
|-damage|p1a: Mr. Mime|42/100
|-unboost|p1a: Mr. Mime|spd|1
|move|p1a: Mr. Mime|Calm Mind|p1a: Mr. Mime
|-boost|p1a: Mr. Mime|spa|1
|-boost|p1a: Mr. Mime|spd|1
|
|-end|p1a: Mr. Mime|Encore
|upkeep
|turn|22
|
|t:|1651064739
|move|p2a: Gengar|Encore|p1a: Mr. Mime
|-start|p1a: Mr. Mime|Encore
|-zpower|p1a: Mr. Mime
|move|p1a: Mr. Mime|Z-Baton Pass|p1a: Mr. Mime|[anim]Baton Pass
|-clearnegativeboost|p1a: Mr. Mime|[zeffect]
|
|t:|1651064749
|switch|p1a: Scolipede|Scolipede, F|51/100|[from]move: Baton Pass
|
|upkeep
|turn|23
|
|t:|1651064756
|switch|p2a: Arceus|Arceus-Dark|100/100
|move|p1a: Scolipede|Protect||[still]
|-fail|p1a: Scolipede
|
|-ability|p1a: Scolipede|Speed Boost|boost
|-boost|p1a: Scolipede|spe|1
|upkeep
|turn|24
|
|t:|1651064758
|move|p1a: Scolipede|Baton Pass|p1a: Scolipede
|
|t:|1651064759
|switch|p1a: Mr. Mime|Mr. Mime, F|42/100|[from]move: Baton Pass
|move|p2a: Arceus|Perish Song|p2a: Arceus
|-immune|p1a: Mr. Mime|[from] ability: Soundproof
|-start|p2a: Arceus|perish3|[silent]
|-fieldactivate|move: Perish Song
|
|-start|p2a: Arceus|perish3
|upkeep
|turn|25
|l| Nykuo
|
|t:|1651064765
|switch|p2a: Gengar|Gengar-Mega, M, shiny|76/100
|move|p1a: Mr. Mime|Taunt|p2a: Gengar
|-start|p2a: Gengar|move: Taunt
|
|upkeep
|turn|26
|
|t:|1651064771
|move|p2a: Gengar|Sludge Bomb|p1a: Mr. Mime
|-supereffective|p1a: Mr. Mime
|-damage|p1a: Mr. Mime|12/100
|-status|p1a: Mr. Mime|psn
|move|p1a: Mr. Mime|Baton Pass|p1a: Mr. Mime
|
|t:|1651064776
|switch|p1a: labrys|Magearna|100/100|[from]move: Baton Pass
|
|upkeep
|turn|27
|
|t:|1651064792
|switch|p2a: Zygarde|Zygarde|100/100
|move|p1a: labrys|Substitute|p1a: labrys
|-start|p1a: labrys|Substitute
|-damage|p1a: labrys|75/100
|
|upkeep
|turn|28
|
|t:|1651064794
|move|p1a: labrys|Stored Power|p2a: Zygarde
|-damage|p2a: Zygarde|0 fnt
|faint|p2a: Zygarde
|-ability|p1a: labrys|Soul-Heart|boost
|-boost|p1a: labrys|spa|1
|
|upkeep
|
|t:|1651064797
|switch|p2a: Groudon|Groudon, shiny|100/100
|detailschange|p2a: Groudon|Groudon-Primal, shiny
|-primal|p2a: Groudon
|-weather|DesolateLand|[from] ability: Desolate Land|[of] p2a: Groudon
|turn|29
|
|t:|1651064799
|move|p1a: labrys|Stored Power|p2a: Groudon
|-damage|p2a: Groudon|0 fnt
|faint|p2a: Groudon
|-weather|none
|
|upkeep
|
|t:|1651064802
|switch|p2a: Kyogre|Kyogre|100/100
|-weather|RainDance|[from] ability: Drizzle|[of] p2a: Kyogre
|turn|30
|
|t:|1651064806
|-start|p2a: Kyogre|Dynamax|
|-heal|p2a: Kyogre|100/100|[silent]
|move|p1a: labrys|Draining Kiss|p2a: Kyogre
|-damage|p2a: Kyogre|64/100
|-heal|p1a: labrys|100/100|[from] drain|[of] p2a: Kyogre
|move|p2a: Kyogre|Max Geyser|p1a: labrys
|-end|p1a: labrys|Substitute
|
|-weather|RainDance|[upkeep]
|upkeep
|turn|31
|
|t:|1651064809
|move|p1a: labrys|Draining Kiss|p2a: Kyogre
|-damage|p2a: Kyogre|25/100
|move|p2a: Kyogre|Max Geyser|p1a: labrys
|-damage|p1a: labrys|72/100
|
|-weather|RainDance|[upkeep]
|upkeep
|turn|32
|
|t:|1651064813
|move|p1a: labrys|Draining Kiss|p2a: Kyogre
|-damage|p2a: Kyogre|0 fnt
|-heal|p1a: labrys|100/100|[from] drain|[of] p2a: Kyogre
|faint|p2a: Kyogre
|
|-weather|RainDance|[upkeep]
|upkeep
|-message|Batman Magic forfeited.
|
|win|wafflecone67
|raw|wafflecone67's rating: 1648 &rarr; <strong>1675</strong><br />(+27 for winning)
|raw|Batman Magic's rating: 1779 &rarr; <strong>1752</strong><br />(-27 for losing)
|l|☆Batman Magic
|l|☆wafflecone67
|l| Anchorh
||Ladder isn't responding, score probably updated but might not have (Request timeout).
