|j|☆Aarsh2601
|j|☆ReY Scarlet9
|t:|1640890323
|gametype|singles
|player|p1|Aarsh2601|red|1356
|player|p2|ReY Scarlet9|lillie-z|1263
|teamsize|p1|6
|teamsize|p2|6
|gen|8
|tier|[Gen 8] National Dex AG
|rated|
|rule|HP Percentage Mod: HP is shown in percentages
|rule|Endless Battle Clause: Forcing endless battles is banned
|clearpoke
|poke|p1|Mewtwo|
|poke|p1|Dragapult, M|
|poke|p1|Pheromosa|
|poke|p1|Weavile, M|
|poke|p1|Cinderace, M|
|poke|p1|Zacian-*|
|poke|p2|Sableye, M|
|poke|p2|Polteageist|
|poke|p2|Whimsicott, L1, F|
|poke|p2|Gyarados, F|
|poke|p2|Excadrill, F|
|poke|p2|Eevee, F|
|teampreview
|inactive|Battle timer is ON: inactive players will automatically lose when time's up. (requested by Aarsh2601)
|
|t:|1640890330
|start
|switch|p1a: Pheromosa|Pheromosa, shiny|100/100
|switch|p2a: Ooh! Shiny!|Sableye, M, shiny|100/100
|turn|1
|
|t:|1640890338
|switch|p1a: Weavile|Weavile, M|100/100
|-ability|p1a: Weavile|Pressure
|detailschange|p2a: Ooh! Shiny!|Sableye-Mega, M, shiny
|-mega|p2a: Ooh! Shiny!|Sableye|Sablenite
|move|p2a: Ooh! Shiny!|Will-O-Wisp|p1a: Weavile
|-status|p1a: Weavile|brn
|
|-damage|p1a: Weavile|94/100 brn|[from] brn
|upkeep
|turn|2
|
|t:|1640890354
|move|p1a: Weavile|Night Slash|p2a: Ooh! Shiny!
|-damage|p2a: Ooh! Shiny!|84/100
|move|p2a: Ooh! Shiny!|Knock Off|p1a: Weavile
|-resisted|p1a: Weavile
|-damage|p1a: Weavile|67/100 brn
|-enditem|p1a: Weavile|Razor Claw|[from] move: Knock Off|[of] p2a: Ooh! Shiny!
|
|-damage|p1a: Weavile|61/100 brn|[from] brn
|upkeep
|turn|3
|
|t:|1640890370
|move|p1a: Weavile|Night Slash|p2a: Ooh! Shiny!
|-damage|p2a: Ooh! Shiny!|68/100
|move|p2a: Ooh! Shiny!|Foul Play|p1a: Weavile
|-resisted|p1a: Weavile
|-damage|p1a: Weavile|23/100 brn
|
|-damage|p1a: Weavile|17/100 brn|[from] brn
|upkeep
|turn|4
|
|t:|1640890381
|move|p1a: Weavile|Ice Punch|p2a: Ooh! Shiny!
|-damage|p2a: Ooh! Shiny!|51/100
|move|p2a: Ooh! Shiny!|Recover|p2a: Ooh! Shiny!
|-heal|p2a: Ooh! Shiny!|100/100
|
|-damage|p1a: Weavile|10/100 brn|[from] brn
|upkeep
|turn|5
|
|t:|1640890389
|move|p1a: Weavile|Night Slash|p2a: Ooh! Shiny!
|-damage|p2a: Ooh! Shiny!|84/100
|move|p2a: Ooh! Shiny!|Knock Off|p1a: Weavile
|-resisted|p1a: Weavile
|-damage|p1a: Weavile|0 fnt
|faint|p1a: Weavile
|
|upkeep
|
|t:|1640890401
|switch|p1a: Cinderace|Cinderace, M|100/100
|turn|6
|
|t:|1640890407
|-start|p1a: Cinderace|Dynamax
|-formechange|p1a: Cinderace|Cinderace-Gmax
|-heal|p1a: Cinderace|100/100|[silent]
|move|p1a: Cinderace|G-Max Fireball|p2a: Ooh! Shiny!
|-damage|p2a: Ooh! Shiny!|10/100
|move|p2a: Ooh! Shiny!|Knock Off|p1a: Cinderace
|-damage|p1a: Cinderace|80/100
|-enditem|p1a: Cinderace|Expert Belt|[from] move: Knock Off|[of] p2a: Ooh! Shiny!
|
|upkeep
|turn|7
|
|t:|1640890424
|switch|p2a: Bri'Ish|Polteageist, shiny|100/100
|move|p1a: Cinderace|Max Ooze|p2a: Bri'Ish
|-start|p1a: Cinderace|typechange|Poison|[from] ability: Libero
|-resisted|p2a: Bri'Ish
|-damage|p2a: Bri'Ish|56/100
|-boost|p1a: Cinderace|spa|1
|
|upkeep
|turn|8
|
|t:|1640890435
|move|p1a: Cinderace|G-Max Fireball|p2a: Bri'Ish
|-start|p1a: Cinderace|typechange|Fire|[from] ability: Libero
|-damage|p2a: Bri'Ish|0 fnt
|faint|p2a: Bri'Ish
|
|-end|p1a: Cinderace|Dynamax
|-formechange|p1a: Cinderace|Cinderace
|-heal|p1a: Cinderace|81/100|[silent]
|upkeep
|
|t:|1640890445
|switch|p2a: Pomf|Whimsicott, L1, F, shiny|100/100
|turn|9
|
|t:|1640890452
|move|p2a: Pomf|Leech Seed|p1a: Cinderace
|-start|p1a: Cinderace|move: Leech Seed
|move|p1a: Cinderace|Pyro Ball|p2a: Pomf
|-supereffective|p2a: Pomf
|-enditem|p2a: Pomf|Focus Sash
|-damage|p2a: Pomf|8/100
|
|-damage|p1a: Cinderace|68/100|[from] Leech Seed|[of] p2a: Pomf
|-heal|p2a: Pomf|100/100|[silent]
|upkeep
|turn|10
|
|t:|1640890462
|move|p2a: Pomf|Substitute|p2a: Pomf
|-start|p2a: Pomf|Substitute
|-damage|p2a: Pomf|77/100
|move|p1a: Cinderace|Pyro Ball|p2a: Pomf
|-supereffective|p2a: Pomf
|-end|p2a: Pomf|Substitute
|
|-damage|p1a: Cinderace|56/100|[from] Leech Seed|[of] p2a: Pomf
|-heal|p2a: Pomf|100/100|[silent]
|upkeep
|turn|11
|
|t:|1640890473
|move|p2a: Pomf|Substitute|p2a: Pomf
|-start|p2a: Pomf|Substitute
|-damage|p2a: Pomf|77/100
|move|p1a: Cinderace|Pyro Ball|p2a: Pomf
|-supereffective|p2a: Pomf
|-end|p2a: Pomf|Substitute
|
|-damage|p1a: Cinderace|44/100|[from] Leech Seed|[of] p2a: Pomf
|-heal|p2a: Pomf|100/100|[silent]
|upkeep
|turn|12
|
|t:|1640890489
|move|p2a: Pomf|Substitute|p2a: Pomf
|-start|p2a: Pomf|Substitute
|-damage|p2a: Pomf|77/100
|move|p1a: Cinderace|Gunk Shot|p2a: Pomf|[miss]
|-start|p1a: Cinderace|typechange|Poison|[from] ability: Libero
|-miss|p1a: Cinderace|p2a: Pomf
|
|-damage|p1a: Cinderace|31/100|[from] Leech Seed|[of] p2a: Pomf
|-heal|p2a: Pomf|100/100|[silent]
|upkeep
|turn|13
|
|t:|1640890499
|move|p2a: Pomf|Protect|p2a: Pomf
|-singleturn|p2a: Pomf|Protect
|move|p1a: Cinderace|Gunk Shot|p2a: Pomf
|-activate|p2a: Pomf|move: Protect
|
|-damage|p1a: Cinderace|19/100|[from] Leech Seed|[of] p2a: Pomf
|upkeep
|turn|14
|
|t:|1640890509
|move|p2a: Pomf|Substitute|p2a: Pomf
|-fail|p2a: Pomf|move: Substitute
|move|p1a: Cinderace|Gunk Shot|p2a: Pomf
|-supereffective|p2a: Pomf
|-end|p2a: Pomf|Substitute
|
|-damage|p1a: Cinderace|7/100|[from] Leech Seed|[of] p2a: Pomf
|upkeep
|turn|15
|
|t:|1640890518
|move|p2a: Pomf|Substitute|p2a: Pomf
|-start|p2a: Pomf|Substitute
|-damage|p2a: Pomf|77/100
|move|p1a: Cinderace|Zen Headbutt|p2a: Pomf
|-start|p1a: Cinderace|typechange|Psychic|[from] ability: Libero
|-end|p2a: Pomf|Substitute
|
|-damage|p1a: Cinderace|0 fnt|[from] Leech Seed|[of] p2a: Pomf
|-heal|p2a: Pomf|100/100|[silent]
|faint|p1a: Cinderace
|upkeep
|
|t:|1640890529
|switch|p1a: Dragapult|Dragapult, M, shiny|100/100
|turn|16
|
|t:|1640890540
|move|p2a: Pomf|Leech Seed|p1a: Dragapult
|-start|p1a: Dragapult|move: Leech Seed
|move|p1a: Dragapult|Phantom Force||[still]
|-prepare|p1a: Dragapult|Phantom Force
|
|-damage|p1a: Dragapult|88/100|[from] Leech Seed|[of] p2a: Pomf
|upkeep
|turn|17
|
|t:|1640890548
|move|p2a: Pomf|Substitute|p2a: Pomf
|-start|p2a: Pomf|Substitute
|-damage|p2a: Pomf|77/100
|move|p1a: Dragapult|Phantom Force|p2a: Pomf|[from]lockedmove
|-end|p2a: Pomf|Substitute
|
|-damage|p1a: Dragapult|76/100|[from] Leech Seed|[of] p2a: Pomf
|-heal|p2a: Pomf|100/100|[silent]
|upkeep
|turn|18
|-message|Aarsh2601 forfeited.
|
|win|ReY Scarlet9
|raw|Aarsh2601's rating: 1356 &rarr; <strong>1331</strong><br />(-25 for losing)
|raw|ReY Scarlet9's rating: 1263 &rarr; <strong>1295</strong><br />(+32 for winning)
|l|☆Aarsh2601
