|j|☆JedTheHumanoid
|j|‽VeryBalancedTeam
|t:|1656268958
|gametype|singles
|player|p1|JedTheHumanoid|tuber-gen3|1700
|player|p2|VeryBalancedTeam|266|1829
|teamsize|p1|6
|teamsize|p2|6
|gen|8
|tier|[Gen 8] National Dex AG
|rated|
|rule|HP Percentage Mod: HP is shown in percentages
|rule|Endless Battle Clause: Forcing endless battles is banned
|clearpoke
|poke|p1|Arceus-*|
|poke|p1|Rayquaza|
|poke|p1|Calyrex-Shadow|
|poke|p1|Yveltal|
|poke|p1|Groudon|
|poke|p1|Marshadow|
|poke|p2|Rayquaza|
|poke|p2|Lugia|
|poke|p2|Zacian-*|
|poke|p2|Necrozma-Dusk-Mane|
|poke|p2|Kyogre|
|poke|p2|Ditto|
|teampreview
|inactive|Battle timer is ON: inactive players will automatically lose when time's up. (requested by VeryBalancedTeam)
|
|t:|1656268966
|start
|switch|p1a: Jeffrey|Rayquaza|100/100
|switch|p2a: Rayquaza|Rayquaza|100/100
|-ability|p2a: Rayquaza|Air Lock
|-ability|p1a: Jeffrey|Air Lock
|turn|1
|
|t:|1656268969
|detailschange|p2a: Rayquaza|Rayquaza-Mega
|-mega|p2a: Rayquaza|Rayquaza|
|-weather|DeltaStream|[from] ability: Delta Stream|[of] p2a: Rayquaza
|detailschange|p1a: Jeffrey|Rayquaza-Mega
|-mega|p1a: Jeffrey|Rayquaza|
|move|p1a: Jeffrey|Draco Meteor|p2a: Rayquaza
|-supereffective|p2a: Rayquaza
|-enditem|p2a: Rayquaza|Focus Sash
|-damage|p2a: Rayquaza|1/100
|-unboost|p1a: Jeffrey|spa|2
|-damage|p1a: Jeffrey|91/100|[from] item: Life Orb
|move|p2a: Rayquaza|Scale Shot|p1a: Jeffrey
|-supereffective|p1a: Jeffrey
|-damage|p1a: Jeffrey|58/100
|-supereffective|p1a: Jeffrey
|-damage|p1a: Jeffrey|23/100
|-supereffective|p1a: Jeffrey
|-damage|p1a: Jeffrey|0 fnt
|faint|p1a: Jeffrey
|-hitcount|p1: Jeffrey|3
|-unboost|p2a: Rayquaza|def|1
|-boost|p2a: Rayquaza|spe|1
|
|-weather|DeltaStream|[upkeep]
|upkeep
|
|t:|1656268985
|switch|p1a: Ammon|Marshadow|100/100
|turn|2
|
|t:|1656268999
|move|p2a: Rayquaza|Dragon Ascent|p1a: Ammon
|-supereffective|p1a: Ammon
|-enditem|p1a: Ammon|Focus Sash
|-damage|p1a: Ammon|1/100
|-unboost|p2a: Rayquaza|def|1
|-unboost|p2a: Rayquaza|spd|1
|move|p1a: Ammon|Pursuit|p2a: Rayquaza
|-damage|p2a: Rayquaza|0 fnt
|faint|p2a: Rayquaza
|-weather|none
|
|upkeep
|
|t:|1656269012
|switch|p2a: Zacian|Zacian-Crowned|100/100
|-ability|p2a: Zacian|Intrepid Sword|boost
|-boost|p2a: Zacian|atk|1
|turn|3
|
|t:|1656269017
|move|p2a: Zacian|Behemoth Blade|p1a: Ammon
|-damage|p1a: Ammon|0 fnt
|faint|p1a: Ammon
|
|upkeep
|j| OhMai321
|
|t:|1656269019
|switch|p1a: Amulek|Groudon|100/100
|detailschange|p1a: Amulek|Groudon-Primal
|-primal|p1a: Amulek
|-weather|DesolateLand|[from] ability: Desolate Land|[of] p1a: Amulek
|turn|4
|
|t:|1656269029
|switch|p2a: Lugia|Lugia|100/100
|move|p1a: Amulek|Stealth Rock|p2a: Lugia
|-sidestart|p2: VeryBalancedTeam|move: Stealth Rock
|
|-weather|DesolateLand|[upkeep]
|upkeep
|turn|5
|
|t:|1656269037
|-weather|none
|switch|p1a: Teancum|Calyrex-Shadow|100/100
|-ability|p1a: Teancum|As One
|-ability|p1a: Teancum|Unnerve
|move|p2a: Lugia|Toxic|p1a: Teancum
|-status|p1a: Teancum|tox
|
|-damage|p1a: Teancum|94/100 tox|[from] psn
|upkeep
|turn|6
|
|t:|1656269045
|-zpower|p1a: Teancum
|move|p1a: Teancum|Never-Ending Nightmare|p2a: Lugia|[zeffect]
|-supereffective|p2a: Lugia
|-damage|p2a: Lugia|39/100
|move|p2a: Lugia|Defog|p1a: Teancum
|-unboost|p1a: Teancum|evasion|1
|-sideend|p2: VeryBalancedTeam|Stealth Rock|[from] move: Defog|[of] p2a: Lugia
|
|-damage|p1a: Teancum|82/100 tox|[from] psn
|upkeep
|turn|7
|
|t:|1656269055
|move|p1a: Teancum|Astral Barrage|p2a: Lugia
|-supereffective|p2a: Lugia
|-damage|p2a: Lugia|0 fnt
|faint|p2a: Lugia
|-ability|p1a: Teancum|Grim Neigh|boost
|-boost|p1a: Teancum|spa|1
|
|-damage|p1a: Teancum|64/100 tox|[from] psn
|upkeep
|
|t:|1656269078
|switch|p2a: Zacian|Zacian-Crowned|100/100
|-ability|p2a: Zacian|Intrepid Sword|boost
|-boost|p2a: Zacian|atk|1
|turn|8
|inactive|JedTheHumanoid has 120 seconds left.
|
|t:|1656269114
|switch|p2a: Kyogre|Kyogre|100/100
|detailschange|p2a: Kyogre|Kyogre-Primal
|-primal|p2a: Kyogre
|-weather|PrimordialSea|[from] ability: Primordial Sea|[of] p2a: Kyogre
|move|p1a: Teancum|Baton Pass|p1a: Teancum
|
|t:|1656269117
|switch|p1a: Pahoran|Arceus-Electric|100/100|[from]move: Baton Pass
|
|-weather|PrimordialSea|[upkeep]
|upkeep
|turn|9
|
|t:|1656269127
|move|p1a: Pahoran|Judgment|p2a: Kyogre
|-supereffective|p2a: Kyogre
|-damage|p2a: Kyogre|12/100
|move|p2a: Kyogre|Origin Pulse|p1a: Pahoran
|-damage|p1a: Pahoran|15/100
|
|-weather|PrimordialSea|[upkeep]
|upkeep
|turn|10
|
|t:|1656269135
|move|p1a: Pahoran|Judgment|p2a: Kyogre
|-supereffective|p2a: Kyogre
|-damage|p2a: Kyogre|0 fnt
|faint|p2a: Kyogre
|-weather|none
|
|upkeep
|
|t:|1656269145
|switch|p2a: Ditto|Ditto|100/100
|-transform|p2a: Ditto|p1a: Pahoran|[from] ability: Imposter
|turn|11
|
|t:|1656269151
|move|p2a: Ditto|Judgment|p1a: Pahoran
|-damage|p1a: Pahoran|0 fnt
|faint|p1a: Pahoran
|
|upkeep
|
|t:|1656269157
|switch|p1a: Amulek|Groudon-Primal|100/100
|-weather|DesolateLand|[from] ability: Desolate Land|[of] p1a: Amulek
|turn|12
|j| Apprenti Buck
|
|t:|1656269169
|switch|p2a: Zacian|Zacian-Crowned|100/100
|-ability|p2a: Zacian|Intrepid Sword|boost
|-boost|p2a: Zacian|atk|1
|move|p1a: Amulek|Rock Tomb|p2a: Zacian
|-resisted|p2a: Zacian
|-damage|p2a: Zacian|89/100
|-unboost|p2a: Zacian|spe|1
|
|-weather|DesolateLand|[upkeep]
|upkeep
|turn|13
|
|t:|1656269179
|move|p2a: Zacian|Crunch|p1a: Amulek
|-damage|p1a: Amulek|71/100
|-unboost|p1a: Amulek|def|1
|move|p1a: Amulek|Earthquake|p2a: Zacian
|-supereffective|p2a: Zacian
|-damage|p2a: Zacian|0 fnt
|faint|p2a: Zacian
|
|-weather|DesolateLand|[upkeep]
|upkeep
|
|t:|1656269180
|switch|p2a: Necrozma|Necrozma-Dusk-Mane|100/100
|turn|14
|
|t:|1656269185
|detailschange|p2a: Necrozma|Necrozma-Ultra
|-burst|p2a: Necrozma|Necrozma|Ultranecrozium Z
|move|p2a: Necrozma|Dragon Dance|p2a: Necrozma
|-boost|p2a: Necrozma|atk|1
|-boost|p2a: Necrozma|spe|1
|move|p1a: Amulek|Roar|p2a: Necrozma
|drag|p2a: Ditto|Ditto|100/100
|-transform|p2a: Ditto|p1a: Amulek|[from] ability: Imposter
|
|-weather|DesolateLand|[upkeep]
|upkeep
|turn|15
|
|t:|1656269194
|switch|p1a: Cpt. Moroni|Yveltal|100/100
|-ability|p1a: Cpt. Moroni|Dark Aura
|move|p2a: Ditto|Earthquake|p1a: Cpt. Moroni
|-immune|p1a: Cpt. Moroni
|
|-weather|DesolateLand|[upkeep]
|upkeep
|turn|16
|
|t:|1656269199
|-weather|none
|switch|p2a: Necrozma|Necrozma-Ultra|100/100
|move|p1a: Cpt. Moroni|U-turn|p2a: Necrozma
|-supereffective|p2a: Necrozma
|-damage|p2a: Necrozma|61/100
|
|t:|1656269202
|switch|p1a: Teancum|Calyrex-Shadow|64/100 tox|[from]move: U-turn
|-ability|p1a: Teancum|As One
|-ability|p1a: Teancum|Unnerve
|
|-damage|p1a: Teancum|57/100 tox|[from] psn
|upkeep
|turn|17
|
|t:|1656269205
|move|p1a: Teancum|Astral Barrage|p2a: Necrozma
|-supereffective|p2a: Necrozma
|-damage|p2a: Necrozma|0 fnt
|faint|p2a: Necrozma
|-ability|p1a: Teancum|Grim Neigh|boost
|-boost|p1a: Teancum|spa|1
|
|-damage|p1a: Teancum|45/100 tox|[from] psn
|upkeep
|
|t:|1656269206
|switch|p2a: Ditto|Ditto|100/100
|-transform|p2a: Ditto|p1a: Teancum|[from] ability: Imposter
|turn|18
|
|t:|1656269213
|switch|p1a: Cpt. Moroni|Yveltal|100/100
|-ability|p1a: Cpt. Moroni|Dark Aura
|-start|p2a: Ditto|Dynamax|
|-heal|p2a: Ditto|100/100|[silent]
|move|p2a: Ditto|Max Flutterby|p1a: Cpt. Moroni
|-damage|p1a: Cpt. Moroni|51/100
|-unboost|p1a: Cpt. Moroni|spa|1
|
|upkeep
|turn|19
|
|t:|1656269220
|-start|p1a: Cpt. Moroni|Dynamax|
|-heal|p1a: Cpt. Moroni|51/100|[silent]
|move|p1a: Cpt. Moroni|Max Guard|p1a: Cpt. Moroni
|-singleturn|p1a: Cpt. Moroni|Max Guard
|move|p2a: Ditto|Max Flutterby|p1a: Cpt. Moroni
|-activate|p1a: Cpt. Moroni|move: Max Guard
|
|upkeep
|turn|20
|
|t:|1656269224
|move|p2a: Ditto|Max Flutterby|p1a: Cpt. Moroni
|-damage|p1a: Cpt. Moroni|26/100
|-unboost|p1a: Cpt. Moroni|spa|1
|move|p1a: Cpt. Moroni|Max Darkness|p2a: Ditto
|-supereffective|p2a: Ditto
|-enditem|p2a: Ditto|Focus Sash
|-damage|p2a: Ditto|1/100
|-unboost|p2a: Ditto|spd|1
|
|upkeep
|-end|p2a: Ditto|Dynamax
|-heal|p2a: Ditto|1/100|[silent]
|turn|21
|
|t:|1656269230
|move|p2a: Ditto|Pollen Puff|p1a: Cpt. Moroni
|-damage|p1a: Cpt. Moroni|11/100
|move|p1a: Cpt. Moroni|Max Darkness|p2a: Ditto
|-supereffective|p2a: Ditto
|-damage|p2a: Ditto|0 fnt
|faint|p2a: Ditto
|
|win|JedTheHumanoid
|raw|JedTheHumanoid's rating: 1700 &rarr; <strong>1727</strong><br />(+27 for winning)
|raw|VeryBalancedTeam's rating: 1829 &rarr; <strong>1802</strong><br />(-27 for losing)
|c|☆JedTheHumanoid|gg
|l|‽VeryBalancedTeam
