|j|☆Soda49
|j|☆yokobaby
|t:|1657162769
|gametype|singles
|player|p1|Soda49|170|1889
|player|p2|yokobaby|dawn|1765
|teamsize|p1|6
|teamsize|p2|6
|gen|8
|tier|[Gen 8] National Dex AG
|rated|
|rule|HP Percentage Mod: HP is shown in percentages
|rule|Endless Battle Clause: Forcing endless battles is banned
|clearpoke
|poke|p1|Charizard, M|
|poke|p1|Mimikyu, M|
|poke|p1|Smeargle, F|
|poke|p1|Calyrex-Shadow|
|poke|p1|Thundurus, M|
|poke|p1|Eternatus|
|poke|p2|Zacian-*|
|poke|p2|Necrozma-Dusk-Mane|
|poke|p2|Arceus-*|
|poke|p2|Arceus-*|
|poke|p2|Yveltal|
|poke|p2|Chansey, F|
|teampreview
|
|t:|1657162787
|start
|switch|p1a: Thundurus|Thundurus, M|100/100
|switch|p2a: Yveltal|Yveltal, shiny|100/100
|-ability|p2a: Yveltal|Dark Aura
|turn|1
|
|t:|1657162794
|switch|p2a: Arceus|Arceus-Ground|100/100
|move|p1a: Thundurus|Wild Charge|p2a: Arceus
|-immune|p2a: Arceus
|
|upkeep
|turn|2
|
|t:|1657162800
|switch|p2a: Arceus|Arceus-Rock|100/100
|move|p1a: Thundurus|Scary Face|p2a: Arceus
|-unboost|p2a: Arceus|spe|2
|
|upkeep
|turn|3
|
|t:|1657162817
|move|p1a: Thundurus|Wild Charge|p2a: Arceus
|-crit|p2a: Arceus
|-damage|p2a: Arceus|59/100
|-damage|p1a: Thundurus|85/100|[from] Recoil
|move|p2a: Arceus|Stealth Rock|p1a: Thundurus
|-sidestart|p1: Soda49|move: Stealth Rock
|
|upkeep
|turn|4
|
|t:|1657162824
|move|p1a: Thundurus|Defog|p2a: Arceus
|-unboost|p2a: Arceus|evasion|1
|-sideend|p1: Soda49|Stealth Rock|[from] move: Defog|[of] p1a: Thundurus
|move|p2a: Arceus|Recover|p2a: Arceus
|-heal|p2a: Arceus|100/100
|
|upkeep
|turn|5
|
|t:|1657162828
|move|p1a: Thundurus|Wild Charge|p2a: Arceus
|-damage|p2a: Arceus|71/100
|-damage|p1a: Thundurus|74/100|[from] Recoil
|move|p2a: Arceus|Will-O-Wisp|p1a: Thundurus
|-status|p1a: Thundurus|brn
|
|-damage|p1a: Thundurus|68/100 brn|[from] brn
|upkeep
|turn|6
|
|t:|1657162834
|move|p1a: Thundurus|Knock Off|p2a: Arceus
|-damage|p2a: Arceus|64/100
|move|p2a: Arceus|Recover|p2a: Arceus
|-heal|p2a: Arceus|100/100
|
|-damage|p1a: Thundurus|62/100 brn|[from] brn
|upkeep
|turn|7
|
|t:|1657162838
|move|p1a: Thundurus|Scary Face|p2a: Arceus
|-unboost|p2a: Arceus|spe|2
|move|p2a: Arceus|Stealth Rock|p1a: Thundurus
|-sidestart|p1: Soda49|move: Stealth Rock
|
|-damage|p1a: Thundurus|56/100 brn|[from] brn
|upkeep
|turn|8
|
|t:|1657162847
|move|p1a: Thundurus|Defog|p2a: Arceus
|-unboost|p2a: Arceus|evasion|1
|-sideend|p1: Soda49|Stealth Rock|[from] move: Defog|[of] p1a: Thundurus
|move|p2a: Arceus|Judgment|p1a: Thundurus
|-supereffective|p1a: Thundurus
|-damage|p1a: Thundurus|0 fnt
|faint|p1a: Thundurus
|
|upkeep
|
|t:|1657162853
|switch|p1a: Smeargle|Smeargle, F|100/100
|turn|9
|
|t:|1657162857
|move|p1a: Smeargle|Spore|p2a: Arceus
|-status|p2a: Arceus|slp|[from] move: Spore
|cant|p2a: Arceus|slp
|
|-ability|p1a: Smeargle|Moody|boost
|-boost|p1a: Smeargle|spe|2
|-unboost|p1a: Smeargle|def|1
|upkeep
|turn|10
|
|t:|1657162868
|switch|p2a: Yveltal|Yveltal, shiny|100/100
|-ability|p2a: Yveltal|Dark Aura
|move|p1a: Smeargle|Substitute|p1a: Smeargle
|-start|p1a: Smeargle|Substitute
|-damage|p1a: Smeargle|76/100
|
|-heal|p1a: Smeargle|82/100|[from] item: Leftovers
|-ability|p1a: Smeargle|Moody|boost
|-boost|p1a: Smeargle|spa|2
|-unboost|p1a: Smeargle|spd|1
|upkeep
|turn|11
|
|t:|1657162874
|move|p1a: Smeargle|Spore|p2a: Yveltal
|-status|p2a: Yveltal|slp|[from] move: Spore
|cant|p2a: Yveltal|slp
|
|-heal|p1a: Smeargle|88/100|[from] item: Leftovers
|-ability|p1a: Smeargle|Moody|boost
|-boost|p1a: Smeargle|spa|2
|-unboost|p1a: Smeargle|spd|1
|upkeep
|turn|12
|
|t:|1657162877
|move|p1a: Smeargle|Shell Smash|p1a: Smeargle
|-unboost|p1a: Smeargle|def|1
|-unboost|p1a: Smeargle|spd|1
|-boost|p1a: Smeargle|atk|2
|-boost|p1a: Smeargle|spa|2
|-boost|p1a: Smeargle|spe|2
|-curestatus|p2a: Yveltal|slp|[msg]
|move|p2a: Yveltal|Taunt|p1a: Smeargle
|-start|p1a: Smeargle|move: Taunt
|
|-heal|p1a: Smeargle|94/100|[from] item: Leftovers
|-ability|p1a: Smeargle|Moody|boost
|-boost|p1a: Smeargle|def|2
|-unboost|p1a: Smeargle|spa|1
|upkeep
|turn|13
|
|t:|1657162888
|move|p1a: Smeargle|Power Trip|p2a: Yveltal
|-resisted|p2a: Yveltal
|-damage|p2a: Yveltal|79/100
|move|p2a: Yveltal|Foul Play|p1a: Smeargle
|-end|p1a: Smeargle|Substitute
|
|-heal|p1a: Smeargle|100/100|[from] item: Leftovers
|-ability|p1a: Smeargle|Moody|boost
|-boost|p1a: Smeargle|spe|2
|-unboost|p1a: Smeargle|spd|1
|upkeep
|turn|14
|
|t:|1657162896
|switch|p1a: Eternatus|Eternatus|100/100
|-ability|p1a: Eternatus|Pressure
|move|p2a: Yveltal|Foul Play|p1a: Eternatus
|-damage|p1a: Eternatus|78/100
|
|upkeep
|turn|15
|
|t:|1657162906
|switch|p2a: Arceus|Arceus-Ground|100/100
|move|p1a: Eternatus|Scary Face|p2a: Arceus
|-unboost|p2a: Arceus|spe|2
|
|upkeep
|turn|16
|
|t:|1657162911
|move|p1a: Eternatus|Dynamax Cannon|p2a: Arceus
|-damage|p2a: Arceus|56/100
|-damage|p1a: Eternatus|68/100|[from] item: Life Orb
|move|p2a: Arceus|Judgment|p1a: Eternatus
|-supereffective|p1a: Eternatus
|-damage|p1a: Eternatus|0 fnt
|faint|p1a: Eternatus
|
|upkeep
|
|t:|1657162917
|switch|p1a: Smeargle|Smeargle, F|100/100
|turn|17
|
|t:|1657162921
|move|p1a: Smeargle|Spore|p2a: Arceus
|-status|p2a: Arceus|slp|[from] move: Spore
|cant|p2a: Arceus|slp
|
|-ability|p1a: Smeargle|Moody|boost
|-boost|p1a: Smeargle|spe|2
|-unboost|p1a: Smeargle|def|1
|upkeep
|turn|18
|
|t:|1657162933
|move|p1a: Smeargle|Substitute|p1a: Smeargle
|-start|p1a: Smeargle|Substitute
|-damage|p1a: Smeargle|76/100
|cant|p2a: Arceus|slp
|
|-heal|p1a: Smeargle|82/100|[from] item: Leftovers
|-ability|p1a: Smeargle|Moody|boost
|-boost|p1a: Smeargle|spe|2
|-unboost|p1a: Smeargle|atk|1
|upkeep
|turn|19
|
|t:|1657162937
|move|p1a: Smeargle|Shell Smash|p1a: Smeargle
|-unboost|p1a: Smeargle|def|1
|-unboost|p1a: Smeargle|spd|1
|-boost|p1a: Smeargle|atk|2
|-boost|p1a: Smeargle|spa|2
|-boost|p1a: Smeargle|spe|2
|-curestatus|p2a: Arceus|slp|[msg]
|move|p2a: Arceus|Judgment|p1a: Smeargle
|-end|p1a: Smeargle|Substitute
|
|-heal|p1a: Smeargle|88/100|[from] item: Leftovers
|-ability|p1a: Smeargle|Moody|boost
|-boost|p1a: Smeargle|spa|2
|-unboost|p1a: Smeargle|spe|1
|upkeep
|turn|20
|
|t:|1657162948
|move|p1a: Smeargle|Spore|p2a: Arceus
|-status|p2a: Arceus|slp|[from] move: Spore
|cant|p2a: Arceus|slp
|
|-heal|p1a: Smeargle|94/100|[from] item: Leftovers
|-ability|p1a: Smeargle|Moody|boost
|-boost|p1a: Smeargle|spe|1
|-unboost|p1a: Smeargle|spd|1
|upkeep
|turn|21
|
|t:|1657162951
|switch|p2a: Yveltal|Yveltal, shiny|79/100
|-ability|p2a: Yveltal|Dark Aura
|move|p1a: Smeargle|Substitute|p1a: Smeargle
|-start|p1a: Smeargle|Substitute
|-damage|p1a: Smeargle|69/100
|
|-heal|p1a: Smeargle|76/100|[from] item: Leftovers
|-ability|p1a: Smeargle|Moody|boost
|-boost|p1a: Smeargle|def|2
|-unboost|p1a: Smeargle|spa|1
|upkeep
|turn|22
|
|t:|1657162955
|move|p1a: Smeargle|Spore|p2a: Yveltal
|-status|p2a: Yveltal|slp|[from] move: Spore
|cant|p2a: Yveltal|slp
|
|-heal|p1a: Smeargle|82/100|[from] item: Leftovers
|-ability|p1a: Smeargle|Moody|boost
|-boost|p1a: Smeargle|atk|2
|-unboost|p1a: Smeargle|def|1
|upkeep
|turn|23
|
|t:|1657162963
|move|p1a: Smeargle|Power Trip|p2a: Yveltal
|-resisted|p2a: Yveltal
|-damage|p2a: Yveltal|51/100 slp
|cant|p2a: Yveltal|slp
|
|-heal|p1a: Smeargle|88/100|[from] item: Leftovers
|-ability|p1a: Smeargle|Moody|boost
|-boost|p1a: Smeargle|spd|2
|-unboost|p1a: Smeargle|spa|1
|upkeep
|turn|24
|
|t:|1657162974
|move|p1a: Smeargle|Power Trip|p2a: Yveltal
|-resisted|p2a: Yveltal
|-damage|p2a: Yveltal|24/100 slp
|-curestatus|p2a: Yveltal|slp|[msg]
|move|p2a: Yveltal|Taunt|p1a: Smeargle
|-start|p1a: Smeargle|move: Taunt
|
|-heal|p1a: Smeargle|94/100|[from] item: Leftovers
|-ability|p1a: Smeargle|Moody|boost
|-boost|p1a: Smeargle|spa|2
|-unboost|p1a: Smeargle|spd|1
|upkeep
|turn|25
|
|t:|1657162988
|move|p1a: Smeargle|Power Trip|p2a: Yveltal
|-resisted|p2a: Yveltal
|-damage|p2a: Yveltal|0 fnt
|faint|p2a: Yveltal
|
|-heal|p1a: Smeargle|100/100|[from] item: Leftovers
|-ability|p1a: Smeargle|Moody|boost
|-boost|p1a: Smeargle|atk|2
|-unboost|p1a: Smeargle|spd|1
|upkeep
|
|t:|1657162990
|switch|p2a: Zacian|Zacian-Crowned|100/100
|-ability|p2a: Zacian|Intrepid Sword|boost
|-boost|p2a: Zacian|atk|1
|turn|26
|
|t:|1657162997
|move|p1a: Smeargle|Power Trip|p2a: Zacian
|-resisted|p2a: Zacian
|-damage|p2a: Zacian|63/100
|move|p2a: Zacian|Behemoth Blade|p1a: Smeargle
|-end|p1a: Smeargle|Substitute
|
|-ability|p1a: Smeargle|Moody|boost
|-boost|p1a: Smeargle|spd|2
|-unboost|p1a: Smeargle|atk|1
|upkeep
|turn|27
|
|t:|1657163017
|switch|p1a: Charizard|Charizard, M|100/100
|move|p2a: Zacian|Behemoth Blade|p1a: Charizard
|-resisted|p1a: Charizard
|-damage|p1a: Charizard|27/100
|
|upkeep
|turn|28
|
|t:|1657163028
|move|p2a: Zacian|Behemoth Blade|p1a: Charizard
|-resisted|p1a: Charizard
|-damage|p1a: Charizard|0 fnt
|faint|p1a: Charizard
|
|upkeep
|
|t:|1657163031
|switch|p1a: Mimikyu|Mimikyu, M|100/100
|turn|29
|
|t:|1657163040
|switch|p2a: Arceus|Arceus-Ground|56/100 slp
|move|p1a: Mimikyu|Trick Room|p1a: Mimikyu
|-fieldstart|move: Trick Room|[of] p1a: Mimikyu
|
|upkeep
|turn|30
|
|t:|1657163044
|switch|p1a: Smeargle|Smeargle, F|100/100
|cant|p2a: Arceus|slp
|
|-ability|p1a: Smeargle|Moody|boost
|-boost|p1a: Smeargle|atk|2
|-unboost|p1a: Smeargle|def|1
|upkeep
|turn|31
|
|t:|1657163050
|move|p1a: Smeargle|Substitute|p1a: Smeargle
|-start|p1a: Smeargle|Substitute
|-damage|p1a: Smeargle|76/100
|cant|p2a: Arceus|slp
|
|-heal|p1a: Smeargle|82/100|[from] item: Leftovers
|-ability|p1a: Smeargle|Moody|boost
|-boost|p1a: Smeargle|spa|2
|-unboost|p1a: Smeargle|atk|1
|upkeep
|turn|32
|
|t:|1657163056
|move|p1a: Smeargle|Shell Smash|p1a: Smeargle
|-unboost|p1a: Smeargle|def|1
|-unboost|p1a: Smeargle|spd|1
|-boost|p1a: Smeargle|atk|2
|-boost|p1a: Smeargle|spa|2
|-boost|p1a: Smeargle|spe|2
|-curestatus|p2a: Arceus|slp|[msg]
|move|p2a: Arceus|Judgment|p1a: Smeargle
|-end|p1a: Smeargle|Substitute
|
|-heal|p1a: Smeargle|88/100|[from] item: Leftovers
|-ability|p1a: Smeargle|Moody|boost
|-boost|p1a: Smeargle|atk|2
|-unboost|p1a: Smeargle|spe|1
|upkeep
|turn|33
|
|t:|1657163069
|switch|p1a: Calyrex|Calyrex-Shadow|100/100
|-ability|p1a: Calyrex|As One
|-ability|p1a: Calyrex|Unnerve
|move|p2a: Arceus|Recover|p2a: Arceus
|-heal|p2a: Arceus|100/100
|
|-fieldend|move: Trick Room
|upkeep
|turn|34
|
|t:|1657163086
|-start|p2a: Arceus|Dynamax|
|-heal|p2a: Arceus|100/100|[silent]
|move|p1a: Calyrex|Nasty Plot|p1a: Calyrex
|-boost|p1a: Calyrex|spa|2
|move|p2a: Arceus|Max Quake|p1a: Calyrex
|-damage|p1a: Calyrex|35/100
|-boost|p2a: Arceus|spd|1
|
|upkeep
|turn|35
|
|t:|1657163094
|move|p1a: Calyrex|Psyshock|p2a: Arceus
|-damage|p2a: Arceus|73/100
|move|p2a: Arceus|Max Quake|p1a: Calyrex
|-damage|p1a: Calyrex|0 fnt
|-boost|p2a: Arceus|spd|1
|faint|p1a: Calyrex
|
|upkeep
|
|t:|1657163098
|switch|p1a: Mimikyu|Mimikyu, M|100/100
|turn|36
|
|t:|1657163103
|move|p2a: Arceus|Max Quake|p1a: Mimikyu
|-activate|p1a: Mimikyu|ability: Disguise
|-damage|p1a: Mimikyu|100/100
|-boost|p2a: Arceus|spd|1
|detailschange|p1a: Mimikyu|Mimikyu-Busted, M
|-damage|p1a: Mimikyu|88/100|[from] pokemon: Mimikyu-Busted
|move|p1a: Mimikyu|Trick Room|p1a: Mimikyu
|-fieldstart|move: Trick Room|[of] p1a: Mimikyu
|
|upkeep
|-end|p2a: Arceus|Dynamax
|-heal|p2a: Arceus|73/100|[silent]
|turn|37
|
|t:|1657163107
|move|p1a: Mimikyu|Curse|p2a: Arceus
|-start|p2a: Arceus|Curse|[of] p1a: Mimikyu
|-damage|p1a: Mimikyu|38/100
|move|p2a: Arceus|Judgment|p1a: Mimikyu
|-damage|p1a: Mimikyu|0 fnt
|faint|p1a: Mimikyu
|
|-damage|p2a: Arceus|48/100|[from] Curse
|upkeep
|
|t:|1657163109
|switch|p1a: Smeargle|Smeargle, F|88/100
|turn|38
|
|t:|1657163114
|switch|p2a: Arceus|Arceus-Rock|100/100 slp
|move|p1a: Smeargle|Spore|p2a: Arceus
|-fail|p2a: Arceus|slp
|
|-heal|p1a: Smeargle|94/100|[from] item: Leftovers
|-ability|p1a: Smeargle|Moody|boost
|-boost|p1a: Smeargle|atk|2
|-unboost|p1a: Smeargle|spa|1
|upkeep
|turn|39
|
|t:|1657163122
|move|p1a: Smeargle|Substitute|p1a: Smeargle
|-start|p1a: Smeargle|Substitute
|-damage|p1a: Smeargle|69/100
|-curestatus|p2a: Arceus|slp|[msg]
|move|p2a: Arceus|Judgment|p1a: Smeargle
|-end|p1a: Smeargle|Substitute
|
|-heal|p1a: Smeargle|76/100|[from] item: Leftovers
|-ability|p1a: Smeargle|Moody|boost
|-boost|p1a: Smeargle|spe|2
|-unboost|p1a: Smeargle|spa|1
|upkeep
|turn|40
|
|t:|1657163135
|move|p2a: Arceus|Judgment|p1a: Smeargle
|-damage|p1a: Smeargle|0 fnt
|faint|p1a: Smeargle
|
|win|yokobaby
|raw|Soda49's rating: 1889 &rarr; <strong>1862</strong><br />(-27 for losing)
|raw|yokobaby's rating: 1765 &rarr; <strong>1792</strong><br />(+27 for winning)
|c|☆yokobaby|gg
|c|☆Soda49|Gg
|l|☆Soda49
||Ladder isn't responding, score probably updated but might not have (Request timeout).
