|j|☆isocon
|j|☆Shivaay_1312
|t:|1626624856
|gametype|singles
|player|p1|isocon|acetrainersnowf|1460
|player|p2|Shivaay_1312|red|1390
|teamsize|p1|6
|teamsize|p2|6
|gen|8
|tier|[Gen 8] National Dex AG
|rated|
|rule|HP Percentage Mod: HP is shown in percentages
|rule|Endless Battle Clause: Forcing endless battles is banned
|clearpoke
|poke|p1|Arceus-*|
|poke|p1|Calyrex-Shadow|
|poke|p1|Groudon|
|poke|p1|Zacian-*|
|poke|p1|Sableye, M|
|poke|p1|Rayquaza|
|poke|p2|Yveltal|
|poke|p2|Zacian-*|
|poke|p2|Rayquaza|
|poke|p2|Necrozma-Dusk-Mane|
|poke|p2|Xerneas-*|
|poke|p2|Calyrex-Shadow|
|teampreview
|inactive|Battle timer is ON: inactive players will automatically lose when time's up. (requested by Shivaay_1312)
|
|t:|1626624890
|start
|switch|p1a: Sableye|Sableye, M|100/100
|switch|p2a: Rayquaza|Rayquaza|100/100
|-ability|p2a: Rayquaza|Air Lock
|turn|1
|
|t:|1626624897
|detailschange|p2a: Rayquaza|Rayquaza-Mega
|-mega|p2a: Rayquaza|Rayquaza|
|-weather|DeltaStream|[from] ability: Delta Stream|[of] p2a: Rayquaza
|detailschange|p1a: Sableye|Sableye-Mega, M
|-mega|p1a: Sableye|Sableye|Sablenite
|move|p2a: Rayquaza|Dragon Dance|p2a: Rayquaza
|-boost|p2a: Rayquaza|atk|1
|-boost|p2a: Rayquaza|spe|1
|move|p1a: Sableye|Will-O-Wisp|p2a: Rayquaza
|-status|p2a: Rayquaza|brn
|
|-weather|DeltaStream|[upkeep]
|-damage|p2a: Rayquaza|95/100 brn|[from] brn
|upkeep
|turn|2
|
|t:|1626624906
|move|p2a: Rayquaza|Dragon Dance|p2a: Rayquaza
|-boost|p2a: Rayquaza|atk|1
|-boost|p2a: Rayquaza|spe|1
|move|p1a: Sableye|Knock Off|p2a: Rayquaza
|-damage|p2a: Rayquaza|67/100 brn
|-enditem|p2a: Rayquaza|Life Orb|[from] move: Knock Off|[of] p1a: Sableye
|
|-weather|DeltaStream|[upkeep]
|-damage|p2a: Rayquaza|61/100 brn|[from] brn
|upkeep
|turn|3
|
|t:|1626624913
|move|p2a: Rayquaza|Dragon Ascent|p1a: Sableye
|-damage|p1a: Sableye|41/100
|-unboost|p2a: Rayquaza|def|1
|-unboost|p2a: Rayquaza|spd|1
|move|p1a: Sableye|Knock Off|p2a: Rayquaza
|-damage|p2a: Rayquaza|31/100 brn
|
|-weather|DeltaStream|[upkeep]
|-damage|p2a: Rayquaza|25/100 brn|[from] brn
|upkeep
|turn|4
|
|t:|1626624917
|move|p1a: Sableye|Protect|p1a: Sableye
|-singleturn|p1a: Sableye|Protect
|move|p2a: Rayquaza|Dragon Ascent|p1a: Sableye
|-activate|p1a: Sableye|move: Protect
|
|-weather|DeltaStream|[upkeep]
|-damage|p2a: Rayquaza|19/100 brn|[from] brn
|upkeep
|turn|5
|
|t:|1626624931
|move|p1a: Sableye|Protect||[still]
|-fail|p1a: Sableye
|move|p2a: Rayquaza|V-create|p1a: Sableye
|-damage|p1a: Sableye|0 fnt
|-unboost|p2a: Rayquaza|spe|1
|-unboost|p2a: Rayquaza|def|1
|-unboost|p2a: Rayquaza|spd|1
|faint|p1a: Sableye
|
|-weather|DeltaStream|[upkeep]
|-damage|p2a: Rayquaza|13/100 brn|[from] brn
|upkeep
|
|t:|1626624939
|switch|p1a: Arceus|Arceus|100/100
|turn|6
|
|t:|1626624943
|move|p1a: Arceus|Extreme Speed|p2a: Rayquaza
|-damage|p2a: Rayquaza|0 fnt
|faint|p2a: Rayquaza
|-weather|none
|
|upkeep
|
|t:|1626624948
|switch|p2a: Zacian|Zacian-Crowned|100/100
|-ability|p2a: Zacian|Intrepid Sword|boost
|-boost|p2a: Zacian|atk|1
|turn|7
|
|t:|1626624951
|switch|p1a: Groudon|Groudon|100/100
|detailschange|p1a: Groudon|Groudon-Primal
|-primal|p1a: Groudon
|-weather|DesolateLand|[from] ability: Desolate Land|[of] p1a: Groudon
|move|p2a: Zacian|Close Combat|p1a: Groudon
|-damage|p1a: Groudon|59/100
|-unboost|p2a: Zacian|def|1
|-unboost|p2a: Zacian|spd|1
|
|-weather|DesolateLand|[upkeep]
|upkeep
|turn|8
|
|t:|1626624963
|move|p2a: Zacian|Behemoth Blade|p1a: Groudon
|-resisted|p1a: Groudon
|-damage|p1a: Groudon|34/100
|move|p1a: Groudon|Heat Crash|p2a: Zacian
|-supereffective|p2a: Zacian
|-damage|p2a: Zacian|0 fnt
|faint|p2a: Zacian
|
|-weather|DesolateLand|[upkeep]
|upkeep
|
|t:|1626624972
|switch|p2a: Calyrex|Calyrex-Shadow|100/100
|-ability|p2a: Calyrex|As One
|-ability|p2a: Calyrex|Unnerve
|turn|9
|
|t:|1626624975
|-weather|none
|switch|p1a: Arceus|Arceus|100/100
|move|p2a: Calyrex|Astral Barrage|p1a: Arceus
|-immune|p1a: Arceus
|
|upkeep
|turn|10
|
|t:|1626624983
|switch|p2a: Yveltal|Yveltal|100/100
|-ability|p2a: Yveltal|Dark Aura
|move|p1a: Arceus|Earthquake|p2a: Yveltal
|-immune|p2a: Yveltal
|
|upkeep
|turn|11
|
|t:|1626624990
|move|p1a: Arceus|Swords Dance|p1a: Arceus
|-boost|p1a: Arceus|atk|2
|move|p2a: Yveltal|Oblivion Wing|p1a: Arceus
|-damage|p1a: Arceus|59/100
|-damage|p2a: Yveltal|91/100|[from] item: Life Orb
|
|upkeep
|turn|12
|
|t:|1626624997
|move|p1a: Arceus|Recover|p1a: Arceus
|-heal|p1a: Arceus|100/100
|move|p2a: Yveltal|Oblivion Wing|p1a: Arceus
|-damage|p1a: Arceus|58/100
|-heal|p2a: Yveltal|100/100|[from] drain|[of] p1a: Arceus
|-damage|p2a: Yveltal|91/100|[from] item: Life Orb
|
|upkeep
|turn|13
|
|t:|1626625027
|-zpower|p1a: Arceus
|move|p1a: Arceus|Breakneck Blitz|p2a: Yveltal|[zeffect]
|-damage|p2a: Yveltal|0 fnt
|faint|p2a: Yveltal
|
|upkeep
|
|t:|1626625040
|switch|p2a: Xerneas|Xerneas|100/100
|-ability|p2a: Xerneas|Fairy Aura
|turn|14
|
|t:|1626625043
|move|p1a: Arceus|Extreme Speed|p2a: Xerneas
|-damage|p2a: Xerneas|17/100
|move|p2a: Xerneas|Geomancy||[still]
|-prepare|p2a: Xerneas|Geomancy
|-enditem|p2a: Xerneas|Power Herb
|-anim|p2a: Xerneas|Geomancy|p2a: Xerneas
|-boost|p2a: Xerneas|spa|2
|-boost|p2a: Xerneas|spd|2
|-boost|p2a: Xerneas|spe|2
|
|upkeep
|turn|15
|
|t:|1626625050
|move|p1a: Arceus|Extreme Speed|p2a: Xerneas
|-damage|p2a: Xerneas|0 fnt
|faint|p2a: Xerneas
|
|upkeep
|
|t:|1626625058
|switch|p2a: Calyrex|Calyrex-Shadow|100/100
|-ability|p2a: Calyrex|As One
|-ability|p2a: Calyrex|Unnerve
|turn|16
|
|t:|1626625065
|-start|p2a: Calyrex|Dynamax
|-heal|p2a: Calyrex|100/100|[silent]
|move|p2a: Calyrex|Max Mindstorm|p1a: Arceus
|-damage|p1a: Arceus|2/100
|-fieldstart|move: Psychic Terrain
|move|p1a: Arceus|Recover|p1a: Arceus
|-heal|p1a: Arceus|52/100
|
|upkeep
|turn|17
|
|t:|1626625086
|switch|p1a: Zacian|Zacian-Crowned|100/100
|-ability|p1a: Zacian|Intrepid Sword|boost
|-boost|p1a: Zacian|atk|1
|move|p2a: Calyrex|Max Starfall|p1a: Zacian
|-resisted|p1a: Zacian
|-damage|p1a: Zacian|80/100
|-fieldstart|move: Misty Terrain
|
|upkeep
|turn|18
|
|t:|1626625092
|move|p2a: Calyrex|Max Phantasm|p1a: Zacian
|-damage|p1a: Zacian|0 fnt
|faint|p1a: Zacian
|-ability|p2a: Calyrex|Grim Neigh|boost
|-boost|p2a: Calyrex|spa|1
|
|-end|p2a: Calyrex|Dynamax
|-heal|p2a: Calyrex|100/100|[silent]
|upkeep
|inactive|isocon has 120 seconds left.
|
|t:|1626625136
|switch|p1a: Rayquaza|Rayquaza|100/100
|-ability|p1a: Rayquaza|Air Lock
|turn|19
|
|t:|1626625148
|move|p1a: Rayquaza|Dragon Ascent|p2a: Calyrex
|-damage|p2a: Calyrex|20/100
|-unboost|p1a: Rayquaza|def|1
|-unboost|p1a: Rayquaza|spd|1
|move|p2a: Calyrex|Astral Barrage|p1a: Rayquaza
|-damage|p1a: Rayquaza|0 fnt
|faint|p1a: Rayquaza
|-ability|p2a: Calyrex|Grim Neigh|boost
|-boost|p2a: Calyrex|spa|1
|
|upkeep
|
|t:|1626625157
|switch|p1a: Arceus|Arceus|52/100
|turn|20
|
|t:|1626625164
|move|p2a: Calyrex|Psyshock|p1a: Arceus
|-damage|p1a: Arceus|0 fnt
|faint|p1a: Arceus
|-ability|p2a: Calyrex|Grim Neigh|boost
|-boost|p2a: Calyrex|spa|1
|
|upkeep
|
|t:|1626625168
|switch|p1a: Calyrex|Calyrex-Shadow|100/100
|-ability|p1a: Calyrex|As One
|-ability|p1a: Calyrex|Unnerve
|turn|21
|
|t:|1626625172
|move|p2a: Calyrex|Astral Barrage|p1a: Calyrex
|-supereffective|p1a: Calyrex
|-crit|p1a: Calyrex
|-damage|p1a: Calyrex|0 fnt
|faint|p1a: Calyrex
|-ability|p2a: Calyrex|Grim Neigh|boost
|-boost|p2a: Calyrex|spa|1
|
|-fieldend|Misty Terrain
|upkeep
|-message|isocon forfeited.
|
|win|Shivaay_1312
|raw|isocon's rating: 1460 &rarr; <strong>1436</strong><br />(-24 for losing)
|raw|Shivaay_1312's rating: 1390 &rarr; <strong>1414</strong><br />(+24 for winning)
|l|☆isocon
