|j|☆F.A.M.E.246 2nd
|j|☆Darkvoid98
|t:|1631128063
|gametype|singles
|player|p1|F.A.M.E.246 2nd|lucas|1555
|player|p2|Darkvoid98|aaron|1524
|teamsize|p1|6
|teamsize|p2|6
|gen|8
|tier|[Gen 8] National Dex AG
|rated|
|rule|HP Percentage Mod: HP is shown in percentages
|rule|Endless Battle Clause: Forcing endless battles is banned
|clearpoke
|poke|p1|Diancie|
|poke|p1|Marshadow|
|poke|p1|Ferrothorn, M|
|poke|p1|Ho-Oh|
|poke|p1|Arceus-*|
|poke|p1|Eternatus|
|poke|p2|Calyrex-Shadow|
|poke|p2|Grimmsnarl, M|
|poke|p2|Deoxys-Attack|
|poke|p2|Tapu Lele|
|poke|p2|Necrozma-Dusk-Mane|
|poke|p2|Lopunny, F|
|teampreview
|c|☆F.A.M.E.246 2nd|hf
|inactive|Battle timer is ON: inactive players will automatically lose when time's up. (requested by F.A.M.E.246 2nd)
|
|t:|1631128071
|start
|switch|p1a: Diancie|Diancie|100/100
|switch|p2a: Deoxys|Deoxys-Attack|100/100
|-ability|p2a: Deoxys|Pressure
|turn|1
|
|t:|1631128081
|move|p2a: Deoxys|Psycho Boost|p1a: Diancie
|-damage|p1a: Diancie|1/100
|-unboost|p2a: Deoxys|spa|2
|move|p1a: Diancie|Moonblast|p2a: Deoxys
|-enditem|p2a: Deoxys|Focus Sash
|-damage|p2a: Deoxys|1/100
|
|upkeep
|turn|2
|
|t:|1631128091
|switch|p1a: Ferrothorn|Ferrothorn, M|100/100
|move|p2a: Deoxys|Stealth Rock|p1a: Ferrothorn
|-sidestart|p1: F.A.M.E.246 2nd|move: Stealth Rock
|
|upkeep
|turn|3
|
|t:|1631128097
|move|p2a: Deoxys|Taunt|p1a: Ferrothorn
|-start|p1a: Ferrothorn|move: Taunt
|cant|p1a: Ferrothorn|move: Taunt|Stealth Rock
|
|upkeep
|turn|4
|
|t:|1631128102
|move|p2a: Deoxys|Psycho Boost|p1a: Ferrothorn
|-resisted|p1a: Ferrothorn
|-damage|p1a: Ferrothorn|81/100
|-unboost|p2a: Deoxys|spa|2
|move|p1a: Ferrothorn|Knock Off|p2a: Deoxys
|-supereffective|p2a: Deoxys
|-damage|p2a: Deoxys|0 fnt
|faint|p2a: Deoxys
|
|-heal|p1a: Ferrothorn|88/100|[from] item: Leftovers
|upkeep
|
|t:|1631128117
|switch|p2a: Lopunny|Lopunny, F, shiny|100/100
|turn|5
|
|t:|1631128131
|detailschange|p2a: Lopunny|Lopunny-Mega, F, shiny
|-mega|p2a: Lopunny|Lopunny|Lopunnite
|move|p2a: Lopunny|High Jump Kick|p1a: Ferrothorn
|-supereffective|p1a: Ferrothorn
|-damage|p1a: Ferrothorn|6/100
|-damage|p2a: Lopunny|88/100|[from] ability: Iron Barbs|[of] p1a: Ferrothorn
|move|p1a: Ferrothorn|Gyro Ball|p2a: Lopunny
|-damage|p2a: Lopunny|29/100
|
|-heal|p1a: Ferrothorn|12/100|[from] item: Leftovers
|-end|p1a: Ferrothorn|move: Taunt
|upkeep
|turn|6
|
|t:|1631128144
|move|p2a: Lopunny|Power-Up Punch|p1a: Ferrothorn
|-supereffective|p1a: Ferrothorn
|-damage|p1a: Ferrothorn|0 fnt
|-boost|p2a: Lopunny|atk|1
|-damage|p2a: Lopunny|16/100|[from] ability: Iron Barbs|[of] p1a: Ferrothorn
|faint|p1a: Ferrothorn
|
|upkeep
|
|t:|1631128148
|switch|p1a: Arceus|Arceus-Ground|100/100
|-damage|p1a: Arceus|94/100|[from] Stealth Rock
|turn|7
|
|t:|1631128155
|move|p2a: Lopunny|High Jump Kick|p1a: Arceus
|-damage|p1a: Arceus|27/100
|move|p1a: Arceus|Judgment|p2a: Lopunny
|-damage|p2a: Lopunny|0 fnt
|faint|p2a: Lopunny
|
|upkeep
|
|t:|1631128163
|switch|p2a: Grimmsnarl|Grimmsnarl, M|100/100
|turn|8
|
|t:|1631128168
|switch|p1a: Ho-Oh|Ho-Oh|100/100
|move|p2a: Grimmsnarl|Light Screen|p2a: Grimmsnarl
|-sidestart|p2: Darkvoid98|move: Light Screen
|
|upkeep
|turn|9
|
|t:|1631128173
|move|p2a: Grimmsnarl|Taunt|p1a: Ho-Oh
|-start|p1a: Ho-Oh|move: Taunt
|move|p1a: Ho-Oh|Sacred Fire|p2a: Grimmsnarl
|-damage|p2a: Grimmsnarl|63/100
|-status|p2a: Grimmsnarl|brn
|
|-damage|p2a: Grimmsnarl|57/100 brn|[from] brn
|upkeep
|turn|10
|
|t:|1631128183
|move|p2a: Grimmsnarl|Reflect|p2a: Grimmsnarl
|-sidestart|p2: Darkvoid98|Reflect
|move|p1a: Ho-Oh|Sacred Fire|p2a: Grimmsnarl
|-damage|p2a: Grimmsnarl|36/100 brn
|
|-damage|p2a: Grimmsnarl|30/100 brn|[from] brn
|upkeep
|turn|11
|
|t:|1631128200
|switch|p1a: Arceus|Arceus-Ground|27/100
|-damage|p1a: Arceus|20/100|[from] Stealth Rock
|switch|p2a: Tapu Lele|Tapu Lele, shiny|100/100
|-fieldstart|move: Psychic Terrain|[from] ability: Psychic Surge|[of] p2a: Tapu Lele
|
|upkeep
|turn|12
|
|t:|1631128213
|move|p1a: Arceus|Defog|p2a: Tapu Lele
|-unboost|p2a: Tapu Lele|evasion|1
|-sideend|p2: Darkvoid98|Reflect
|-sideend|p2: Darkvoid98|move: Light Screen
|-sideend|p1: F.A.M.E.246 2nd|Stealth Rock|[from] move: Defog|[of] p1a: Arceus
|-fieldend|move: Psychic Terrain
|move|p2a: Tapu Lele|Psychic|p1a: Arceus
|-damage|p1a: Arceus|0 fnt
|faint|p1a: Arceus
|
|upkeep
|
|t:|1631128220
|switch|p1a: Marshadow|Marshadow|100/100
|turn|13
|
|t:|1631128226
|switch|p2a: Grimmsnarl|Grimmsnarl, M|30/100 brn
|move|p1a: Marshadow|Spectral Thief|p2a: Grimmsnarl
|-resisted|p2a: Grimmsnarl
|-crit|p2a: Grimmsnarl
|-damage|p2a: Grimmsnarl|0 fnt
|faint|p2a: Grimmsnarl
|
|upkeep
|
|t:|1631128237
|switch|p2a: Tapu Lele|Tapu Lele, shiny|100/100
|-fieldstart|move: Psychic Terrain|[from] ability: Psychic Surge|[of] p2a: Tapu Lele
|turn|14
|
|t:|1631128249
|switch|p1a: Eternatus|Eternatus|100/100
|-ability|p1a: Eternatus|Pressure
|move|p2a: Tapu Lele|Psychic|p1a: Eternatus
|-supereffective|p1a: Eternatus
|-damage|p1a: Eternatus|7/100
|
|upkeep
|turn|15
|
|t:|1631128257
|move|p1a: Eternatus|Flamethrower|p2a: Tapu Lele
|-damage|p2a: Tapu Lele|57/100
|-damage|p1a: Eternatus|0 fnt|[from] item: Life Orb
|faint|p1a: Eternatus
|move|p2a: Tapu Lele|Psychic|p1: Eternatus|[notarget]
|-fail|p2a: Tapu Lele
|
|upkeep
|
|t:|1631128263
|switch|p1a: Diancie|Diancie|1/100
|turn|16
|
|t:|1631128267
|detailschange|p1a: Diancie|Diancie-Mega
|-mega|p1a: Diancie|Diancie|Diancite
|move|p1a: Diancie|Moonblast|p2a: Tapu Lele
|-damage|p2a: Tapu Lele|1/100
|move|p2a: Tapu Lele|Psychic|p1a: Diancie
|-damage|p1a: Diancie|0 fnt
|faint|p1a: Diancie
|
|upkeep
|
|t:|1631128274
|switch|p1a: Marshadow|Marshadow|100/100
|turn|17
|
|t:|1631128280
|move|p1a: Marshadow|Spectral Thief|p2a: Tapu Lele
|-supereffective|p2a: Tapu Lele
|-damage|p2a: Tapu Lele|0 fnt
|faint|p2a: Tapu Lele
|
|upkeep
|
|t:|1631128290
|switch|p2a: Necrozma|Necrozma-Dusk-Mane, shiny|100/100
|turn|18
|
|t:|1631128298
|switch|p1a: Ho-Oh|Ho-Oh|100/100
|move|p2a: Necrozma|Photon Geyser|p1a: Ho-Oh
|-damage|p1a: Ho-Oh|37/100
|
|upkeep
|turn|19
|
|t:|1631128313
|detailschange|p2a: Necrozma|Necrozma-Ultra, shiny
|-burst|p2a: Necrozma|Necrozma|Ultranecrozium Z
|-start|p1a: Ho-Oh|Dynamax
|-heal|p1a: Ho-Oh|37/100|[silent]
|move|p1a: Ho-Oh|Max Guard|p1a: Ho-Oh
|-singleturn|p1a: Ho-Oh|Max Guard
|move|p2a: Necrozma|Dragon Dance|p2a: Necrozma
|-boost|p2a: Necrozma|atk|1
|-boost|p2a: Necrozma|spe|1
|
|upkeep
|turn|20
|
|t:|1631128327
|-zpower|p2a: Necrozma
|move|p2a: Necrozma|Light That Burns the Sky|p1a: Ho-Oh|[zeffect]
|-damage|p1a: Ho-Oh|0 fnt
|faint|p1a: Ho-Oh
|
|upkeep
|
|t:|1631128329
|switch|p1a: Marshadow|Marshadow|100/100
|turn|21
|c|☆F.A.M.E.246 2nd|welp
|c|☆F.A.M.E.246 2nd|Just don't be sashed
|
|t:|1631128338
|move|p2a: Necrozma|Photon Geyser|p1a: Marshadow
|-supereffective|p1a: Marshadow
|-enditem|p1a: Marshadow|Focus Sash
|-damage|p1a: Marshadow|1/100
|move|p1a: Marshadow|Spectral Thief||[still]
|-clearpositiveboost|p2a: Necrozma|p1a: Marshadow|move: Spectral Thief
|-boost|p1a: Marshadow|atk|1
|-boost|p1a: Marshadow|spe|1
|-anim|p1a: Marshadow|Spectral Thief|p2a: Necrozma
|-supereffective|p2a: Necrozma
|-damage|p2a: Necrozma|0 fnt
|faint|p2a: Necrozma
|
|-fieldend|move: Psychic Terrain
|upkeep
|
|t:|1631128357
|switch|p2a: Calyrex|Calyrex-Shadow|100/100
|-ability|p2a: Calyrex|As One
|-ability|p2a: Calyrex|Unnerve
|turn|22
|c|☆F.A.M.E.246 2nd|gg
|
|t:|1631128367
|-start|p2a: Calyrex|Dynamax
|-heal|p2a: Calyrex|100/100|[silent]
|move|p1a: Marshadow|Spectral Thief|p2a: Calyrex
|-supereffective|p2a: Calyrex
|-damage|p2a: Calyrex|0 fnt
|faint|p2a: Calyrex
|
|win|F.A.M.E.246 2nd
|raw|F.A.M.E.246 2nd's rating: 1568 &rarr; <strong>1585</strong><br />(+17 for winning)
|raw|Darkvoid98's rating: 1524 &rarr; <strong>1507</strong><br />(-17 for losing)
|l|☆F.A.M.E.246 2nd
|l|☆Darkvoid98
||Ladder isn't responding, score probably updated but might not have (Request timeout).
|j|☆F.A.M.E.246 2nd
|player|p1|F.A.M.E.246 2nd|lucas
