|j|☆the thin mints lad
|j|☆youmotherisagirl
|t:|1658246228
|gametype|singles
|player|p1|the thin mints lad|cress|1353
|player|p2|youmotherisagirl|101|1470
|teamsize|p1|6
|teamsize|p2|6
|gen|8
|tier|[Gen 8] National Dex AG
|rated|
|rule|HP Percentage Mod: HP is shown in percentages
|rule|Endless Battle Clause: Forcing endless battles is banned
|clearpoke
|poke|p1|Ditto|
|poke|p1|Nihilego|
|poke|p1|Marshadow|
|poke|p1|Blaziken, M|
|poke|p1|Kangaskhan, F|
|poke|p1|Espeon, M|
|poke|p2|Rayquaza|
|poke|p2|Necrozma-Dusk-Mane|
|poke|p2|Calyrex-Shadow|
|poke|p2|Zacian-*|
|poke|p2|Kyogre|
|poke|p2|Xerneas-*|
|teampreview
|inactive|Battle timer is ON: inactive players will automatically lose when time's up. (requested by the thin mints lad)
|inactive|youmotherisagirl has 120 seconds left.
|
|t:|1658246293
|start
|switch|p1a: le wall|Espeon, M|100/100
|switch|p2a: Xerneas|Xerneas|100/100
|-ability|p2a: Xerneas|Fairy Aura
|turn|1
|
|t:|1658246302
|move|p1a: le wall|Light Screen|p1a: le wall
|-sidestart|p1: the thin mints lad|move: Light Screen
|move|p2a: Xerneas|Geomancy||[still]
|-prepare|p2a: Xerneas|Geomancy
|-enditem|p2a: Xerneas|Power Herb
|-anim|p2a: Xerneas|Geomancy|p2a: Xerneas
|-boost|p2a: Xerneas|spa|2
|-boost|p2a: Xerneas|spd|2
|-boost|p2a: Xerneas|spe|2
|
|upkeep
|turn|2
|
|t:|1658246314
|move|p2a: Xerneas|Moonblast|p1a: le wall
|-damage|p1a: le wall|29/100
|-unboost|p1a: le wall|spa|1
|move|p1a: le wall|Toxic|p2a: Xerneas
|-status|p2a: Xerneas|tox
|
|-damage|p2a: Xerneas|94/100 tox|[from] psn
|upkeep
|turn|3
|inactive|youmotherisagirl has 120 seconds left.
|
|t:|1658246353
|move|p2a: Xerneas|Moonblast|p1a: le wall
|-damage|p1a: le wall|0 fnt
|faint|p1a: le wall
|
|-damage|p2a: Xerneas|82/100 tox|[from] psn
|upkeep
|
|t:|1658246367
|switch|p1a: SquidwardOnCrack|Nihilego|100/100
|turn|4
|inactive|youmotherisagirl has 120 seconds left.
|
|t:|1658246403
|move|p2a: Xerneas|Moonblast|p1a: SquidwardOnCrack
|-resisted|p1a: SquidwardOnCrack
|-damage|p1a: SquidwardOnCrack|75/100
|move|p1a: SquidwardOnCrack|Meteor Beam||[still]
|-prepare|p1a: SquidwardOnCrack|Meteor Beam
|-boost|p1a: SquidwardOnCrack|spa|1
|-enditem|p1a: SquidwardOnCrack|Power Herb
|-anim|p1a: SquidwardOnCrack|Meteor Beam|p2a: Xerneas
|-damage|p2a: Xerneas|40/100 tox
|
|-damage|p2a: Xerneas|22/100 tox|[from] psn
|upkeep
|turn|5
|inactive|youmotherisagirl has 90 seconds left.
|inactive|youmotherisagirl has 60 seconds left.
|n|☆youmotherisagirl|youmotherisagirl
|j| GoldGraenaPack
|inactive|youmotherisagirl has 30 seconds left.
|
|t:|1658246485
|move|p2a: Xerneas|Thunder|p1a: SquidwardOnCrack
|-damage|p1a: SquidwardOnCrack|41/100
|move|p1a: SquidwardOnCrack|Sludge Wave|p2a: Xerneas
|-supereffective|p2a: Xerneas
|-damage|p2a: Xerneas|0 fnt
|faint|p2a: Xerneas
|-ability|p1a: SquidwardOnCrack|Beast Boost|boost
|-boost|p1a: SquidwardOnCrack|spa|1
|
|upkeep
|inactive|youmotherisagirl has 30 seconds left this turn.
|
|t:|1658246494
|switch|p2a: Kyogre|Kyogre|100/100
|detailschange|p2a: Kyogre|Kyogre-Primal
|-primal|p2a: Kyogre
|-weather|PrimordialSea|[from] ability: Primordial Sea|[of] p2a: Kyogre
|turn|6
|
|t:|1658246499
|move|p1a: SquidwardOnCrack|Thunder|p2a: Kyogre
|-supereffective|p2a: Kyogre
|-damage|p2a: Kyogre|1/100
|move|p2a: Kyogre|Water Spout|p1a: SquidwardOnCrack
|-supereffective|p1a: SquidwardOnCrack
|-damage|p1a: SquidwardOnCrack|40/100
|
|-weather|PrimordialSea|[upkeep]
|upkeep
|turn|7
|
|t:|1658246511
|move|p1a: SquidwardOnCrack|Thunder|p2a: Kyogre
|-supereffective|p2a: Kyogre
|-damage|p2a: Kyogre|0 fnt
|faint|p2a: Kyogre
|-weather|none
|-ability|p1a: SquidwardOnCrack|Beast Boost|boost
|-boost|p1a: SquidwardOnCrack|spa|1
|
|upkeep
|
|t:|1658246525
|switch|p2a: Zacian|Zacian-Crowned|100/100
|-ability|p2a: Zacian|Intrepid Sword|boost
|-boost|p2a: Zacian|atk|1
|turn|8
|
|t:|1658246539
|move|p2a: Zacian|Close Combat|p1a: SquidwardOnCrack
|-damage|p1a: SquidwardOnCrack|0 fnt
|-unboost|p2a: Zacian|def|1
|-unboost|p2a: Zacian|spd|1
|faint|p1a: SquidwardOnCrack
|
|-sideend|p1: the thin mints lad|move: Light Screen
|upkeep
|
|t:|1658246544
|switch|p1a: legend's fear|Ditto|100/100
|-transform|p1a: legend's fear|p2a: Zacian|[from] ability: Imposter
|-ability|p1a: legend's fear|Intrepid Sword|boost
|-boost|p1a: legend's fear|atk|1
|turn|9
|
|t:|1658246552
|move|p1a: legend's fear|Behemoth Blade|p2a: Zacian
|-damage|p2a: Zacian|0 fnt
|faint|p2a: Zacian
|
|upkeep
|
|t:|1658246562
|switch|p2a: Calyrex|Calyrex-Shadow|100/100
|-ability|p2a: Calyrex|As One
|-ability|p2a: Calyrex|Unnerve
|turn|10
|
|t:|1658246566
|switch|p1a: josh|Kangaskhan, F|100/100
|-start|p2a: Calyrex|Dynamax|
|-heal|p2a: Calyrex|100/100|[silent]
|move|p2a: Calyrex|Max Phantasm|p1a: josh
|-immune|p1a: josh
|
|upkeep
|turn|11
|
|t:|1658246573
|move|p2a: Calyrex|Max Mindstorm|p1a: josh
|-damage|p1a: josh|4/100
|-fieldstart|move: Psychic Terrain
|move|p1a: josh|Frustration|p2a: Calyrex
|-damage|p2a: Calyrex|70/100
|
|upkeep
|turn|12
|inactive|youmotherisagirl has 60 seconds left.
|
|t:|1658246579
|move|p2a: Calyrex|Max Mindstorm|p1a: josh
|-damage|p1a: josh|0 fnt
|faint|p1a: josh
|-ability|p2a: Calyrex|Grim Neigh|boost
|-boost|p2a: Calyrex|spa|1
|
|upkeep
|
|t:|1658246581
|switch|p1a: legend's fear|Ditto|100/100
|-transform|p1a: legend's fear|p2a: Calyrex|[from] ability: Imposter
|-end|p2a: Calyrex|Dynamax
|-heal|p2a: Calyrex|71/100|[silent]
|turn|13
|
|t:|1658246594
|move|p1a: legend's fear|Astral Barrage|p2a: Calyrex
|-supereffective|p2a: Calyrex
|-damage|p2a: Calyrex|0 fnt
|faint|p2a: Calyrex
|-ability|p1a: legend's fear|Grim Neigh|boost
|-boost|p1a: legend's fear|spa|1
|
|upkeep
|
|t:|1658246603
|switch|p2a: Rayquaza|Rayquaza|100/100
|-ability|p2a: Rayquaza|Air Lock
|turn|14
|
|t:|1658246607
|detailschange|p2a: Rayquaza|Rayquaza-Mega
|-mega|p2a: Rayquaza|Rayquaza|
|-weather|DeltaStream|[from] ability: Delta Stream|[of] p2a: Rayquaza
|move|p1a: legend's fear|Astral Barrage|p2a: Rayquaza
|-damage|p2a: Rayquaza|0 fnt
|faint|p2a: Rayquaza
|-weather|none
|-ability|p1a: legend's fear|Grim Neigh|boost
|-boost|p1a: legend's fear|spa|1
|
|upkeep
|c|☆the thin mints lad|gg.
|
|t:|1658246613
|switch|p2a: Necrozma|Necrozma-Dusk-Mane|100/100
|turn|15
|
|t:|1658246619
|detailschange|p2a: Necrozma|Necrozma-Ultra
|-burst|p2a: Necrozma|Necrozma|Ultranecrozium Z
|move|p1a: legend's fear|Astral Barrage|p2a: Necrozma
|-supereffective|p2a: Necrozma
|-damage|p2a: Necrozma|0 fnt
|faint|p2a: Necrozma
|
|win|the thin mints lad
|raw|the thin mints lad's rating: 1353 &rarr; <strong>1379</strong><br />(+26 for winning)
|raw|youmotherisagirl's rating: 1470 &rarr; <strong>1444</strong><br />(-26 for losing)
|c|☆youmotherisagirl|bg
|c|☆youmotherisagirl|bad game
|c|☆the thin mints lad|lmao
|c|☆the thin mints lad|it's always a bad game when you don't win
||Ladder isn't responding, score probably updated but might not have (Request timeout).
|c|☆youmotherisagirl|I hate you
|l|☆youmotherisagirl
|c|☆the thin mints lad|how are players like that even at 1470, they were so dumb...
|l| GoldGraenaPack
