|j|☆owsh.xx
|j|☆Da1mon!
|t:|1668272268
|gametype|singles
|player|p1|owsh.xx|byron|1478
|player|p2|Da1mon!|cynthia-masters|1600
|teamsize|p1|6
|teamsize|p2|6
|gen|8
|tier|[Gen 8] National Dex AG
|rated|
|rule|HP Percentage Mod: HP is shown in percentages
|rule|Endless Battle Clause: Forcing endless battles is banned
|clearpoke
|poke|p1|Zacian-*|
|poke|p1|Kyogre|
|poke|p1|Yveltal|
|poke|p1|Kyurem-White|
|poke|p1|Zapdos|
|poke|p1|Roserade, F|
|poke|p2|Skarmory, M|
|poke|p2|Smeargle, M|
|poke|p2|Lycanroc, F|
|poke|p2|Greninja, M|
|poke|p2|Darmanitan-Galar, F|
|poke|p2|Xerneas-*|
|teampreview
|inactive|Battle timer is ON: inactive players will automatically lose when time's up. (requested by owsh.xx)
|
|t:|1668272278
|start
|switch|p1a: Kyurem|Kyurem-White, shiny|100/100
|switch|p2a: Lycanroc|Lycanroc, F|100/100
|-ability|p1a: Kyurem|Turboblaze
|turn|1
|
|t:|1668272287
|-start|p1a: Kyurem|Dynamax|
|-heal|p1a: Kyurem|100/100|[silent]
|move|p2a: Lycanroc|Stealth Rock|p1a: Kyurem
|-sidestart|p1: owsh.xx|move: Stealth Rock
|move|p1a: Kyurem|Max Hailstorm|p2a: Lycanroc
|-enditem|p2a: Lycanroc|Focus Sash
|-damage|p2a: Lycanroc|1/100
|-weather|Hail
|
|-weather|Hail|[upkeep]
|-damage|p2a: Lycanroc|0 fnt|[from] Hail
|faint|p2a: Lycanroc
|upkeep
|
|t:|1668272309
|switch|p2a: Xerneas|Xerneas|100/100
|-ability|p2a: Xerneas|Fairy Aura
|turn|2
|
|t:|1668272311
|move|p1a: Kyurem|Max Hailstorm|p2a: Xerneas
|-damage|p2a: Xerneas|40/100
|move|p2a: Xerneas|Geomancy||[still]
|-prepare|p2a: Xerneas|Geomancy
|-enditem|p2a: Xerneas|Power Herb
|-anim|p2a: Xerneas|Geomancy|p2a: Xerneas
|-boost|p2a: Xerneas|spa|2
|-boost|p2a: Xerneas|spd|2
|-boost|p2a: Xerneas|spe|2
|
|-weather|Hail|[upkeep]
|-damage|p2a: Xerneas|34/100|[from] Hail
|upkeep
|turn|3
|
|t:|1668272314
|move|p2a: Xerneas|Draining Kiss|p1a: Kyurem
|-supereffective|p1a: Kyurem
|-damage|p1a: Kyurem|42/100
|-heal|p2a: Xerneas|100/100|[from] drain|[of] p1a: Kyurem
|move|p1a: Kyurem|Max Hailstorm|p2a: Xerneas
|-damage|p2a: Xerneas|71/100
|
|-weather|Hail|[upkeep]
|-damage|p2a: Xerneas|65/100|[from] Hail
|upkeep
|-end|p1a: Kyurem|Dynamax
|-heal|p1a: Kyurem|42/100|[silent]
|turn|4
|
|t:|1668272319
|move|p2a: Xerneas|Draining Kiss|p1a: Kyurem
|-supereffective|p1a: Kyurem
|-damage|p1a: Kyurem|0 fnt
|-heal|p2a: Xerneas|92/100|[from] drain|[of] p1a: Kyurem
|faint|p1a: Kyurem
|
|-weather|Hail|[upkeep]
|-damage|p2a: Xerneas|86/100|[from] Hail
|upkeep
|
|t:|1668272334
|switch|p1a: Kyogre|Kyogre, shiny|100/100
|-damage|p1a: Kyogre|88/100|[from] Stealth Rock
|-weather|RainDance|[from] ability: Drizzle|[of] p1a: Kyogre
|turn|5
|
|t:|1668272338
|move|p2a: Xerneas|Thunder|p1a: Kyogre
|-supereffective|p1a: Kyogre
|-damage|p1a: Kyogre|0 fnt
|faint|p1a: Kyogre
|
|-weather|RainDance|[upkeep]
|upkeep
|
|t:|1668272349
|switch|p1a: Zapdos|Zapdos, shiny|100/100
|turn|6
|
|t:|1668272352
|move|p2a: Xerneas|Thunder|p1a: Zapdos
|-damage|p1a: Zapdos|19/100
|move|p1a: Zapdos|Defog|p2a: Xerneas
|-unboost|p2a: Xerneas|evasion|1
|-sideend|p1: owsh.xx|Stealth Rock|[from] move: Defog|[of] p1a: Zapdos
|
|-weather|RainDance|[upkeep]
|upkeep
|turn|7
|
|t:|1668272358
|move|p2a: Xerneas|Thunder|p1a: Zapdos
|-damage|p1a: Zapdos|0 fnt
|faint|p1a: Zapdos
|
|-weather|RainDance|[upkeep]
|upkeep
|
|t:|1668272360
|switch|p1a: Roserade|Roserade, F, shiny|100/100
|turn|8
|
|t:|1668272365
|-start|p2a: Xerneas|Dynamax|
|-heal|p2a: Xerneas|86/100|[silent]
|move|p2a: Xerneas|Max Starfall|p1a: Roserade
|-resisted|p1a: Roserade
|-damage|p1a: Roserade|19/100
|-fieldstart|move: Misty Terrain
|move|p1a: Roserade|Sludge Bomb|p2a: Xerneas
|-supereffective|p2a: Xerneas
|-damage|p2a: Xerneas|67/100
|
|-weather|RainDance|[upkeep]
|upkeep
|turn|9
|
|t:|1668272371
|move|p2a: Xerneas|Max Lightning|p1a: Roserade
|-resisted|p1a: Roserade
|-damage|p1a: Roserade|0 fnt
|-fieldstart|move: Electric Terrain
|faint|p1a: Roserade
|
|-weather|none
|upkeep
|
|t:|1668272373
|switch|p1a: Zacian|Zacian-Crowned, shiny|100/100
|-ability|p1a: Zacian|Intrepid Sword|boost
|-boost|p1a: Zacian|atk|1
|turn|10
|
|t:|1668272376
|move|p2a: Xerneas|Max Lightning|p1a: Zacian
|-damage|p1a: Zacian|0 fnt
|faint|p1a: Zacian
|
|upkeep
|
|t:|1668272378
|switch|p1a: Yveltal|Yveltal, shiny|100/100
|-ability|p1a: Yveltal|Dark Aura
|-end|p2a: Xerneas|Dynamax
|-heal|p2a: Xerneas|67/100|[silent]
|turn|11
|
|t:|1668272380
|move|p2a: Xerneas|Draining Kiss|p1a: Yveltal
|-supereffective|p1a: Yveltal
|-damage|p1a: Yveltal|0 fnt
|-heal|p2a: Xerneas|100/100|[from] drain|[of] p1a: Yveltal
|faint|p1a: Yveltal
|
|win|Da1mon!
|raw|owsh.xx's rating: 1478 &rarr; <strong>1465</strong><br />(-13 for losing)
|raw|Da1mon!'s rating: 1600 &rarr; <strong>1613</strong><br />(+13 for winning)
|l|☆owsh.xx
||Ladder isn't responding, score probably updated but might not have (Request timeout).
