|j|☆DarkboiJ
|j|☆Georgo99
|t:|1667375330
|gametype|singles
|player|p1|DarkboiJ|blue-gen3two|1986
|player|p2|Georgo99|ingo|1882
|teamsize|p1|6
|teamsize|p2|6
|gen|8
|tier|[Gen 8] National Dex AG
|rated|
|rule|HP Percentage Mod: HP is shown in percentages
|rule|Endless Battle Clause: Forcing endless battles is banned
|clearpoke
|poke|p1|Mewtwo|
|poke|p1|Zygarde|
|poke|p1|Zygarde|
|poke|p1|Ditto|
|poke|p1|Arceus-*|
|poke|p1|Arceus-*|
|poke|p2|Calyrex-Shadow|
|poke|p2|Rayquaza|
|poke|p2|Ditto|
|poke|p2|Smeargle, M|
|poke|p2|Marshadow|
|poke|p2|Groudon|
|teampreview
|inactive|Battle timer is ON: inactive players will automatically lose when time's up. (requested by Georgo99)
|inactive|DarkboiJ also wants the timer to be on.
|
|t:|1667375343
|start
|switch|p1a: Zygarde|Zygarde, shiny|100/100
|switch|p2a: Basic Too|Marshadow|100/100
|turn|1
|
|t:|1667375349
|switch|p1a: Arceus|Arceus-Fairy|100/100
|move|p2a: Basic Too|Ice Punch|p1a: Arceus
|-damage|p1a: Arceus|84/100
|
|upkeep
|turn|2
|
|t:|1667375352
|switch|p2a: Primal Basic|Groudon, shiny|100/100
|detailschange|p2a: Primal Basic|Groudon-Primal, shiny
|-primal|p2a: Primal Basic
|-weather|DesolateLand|[from] ability: Desolate Land|[of] p2a: Primal Basic
|move|p1a: Arceus|Stealth Rock|p2a: Primal Basic
|-sidestart|p2: Georgo99|move: Stealth Rock
|
|-weather|DesolateLand|[upkeep]
|upkeep
|turn|3
|
|t:|1667375357
|switch|p1a: Zygarde|Zygarde, shiny|100/100
|move|p2a: Primal Basic|Stealth Rock|p1a: Zygarde
|-sidestart|p1: DarkboiJ|move: Stealth Rock
|
|-weather|DesolateLand|[upkeep]
|upkeep
|turn|4
|
|t:|1667375361
|move|p1a: Zygarde|Thousand Waves|p2a: Primal Basic
|-supereffective|p2a: Primal Basic
|-damage|p2a: Primal Basic|70/100
|-activate|p2a: Primal Basic|trapped
|move|p2a: Primal Basic|Earthquake|p1a: Zygarde
|-damage|p1a: Zygarde|57/100
|
|-weather|DesolateLand|[upkeep]
|-heal|p1a: Zygarde|63/100|[from] item: Leftovers
|upkeep
|turn|5
|
|t:|1667375365
|move|p1a: Zygarde|Coil|p1a: Zygarde
|-boost|p1a: Zygarde|atk|1
|-boost|p1a: Zygarde|def|1
|-boost|p1a: Zygarde|accuracy|1
|move|p2a: Primal Basic|Earthquake|p1a: Zygarde
|-damage|p1a: Zygarde|34/100
|
|-weather|DesolateLand|[upkeep]
|-heal|p1a: Zygarde|40/100|[from] item: Leftovers
|-activate|p1a: Zygarde|ability: Power Construct
|detailschange|p1a: Zygarde|Zygarde-Complete, shiny
|-heal|p1a: Zygarde|60/100|[silent]
|upkeep
|turn|6
|
|t:|1667375369
|move|p2a: Primal Basic|Earthquake|p1a: Zygarde
|-damage|p1a: Zygarde|40/100
|move|p1a: Zygarde|Coil|p1a: Zygarde
|-boost|p1a: Zygarde|atk|1
|-boost|p1a: Zygarde|def|1
|-boost|p1a: Zygarde|accuracy|1
|
|-weather|DesolateLand|[upkeep]
|-heal|p1a: Zygarde|46/100|[from] item: Leftovers
|upkeep
|turn|7
|
|t:|1667375372
|move|p2a: Primal Basic|Earthquake|p1a: Zygarde
|-damage|p1a: Zygarde|31/100
|move|p1a: Zygarde|Rest|p1a: Zygarde
|-status|p1a: Zygarde|slp|[from] move: Rest
|-heal|p1a: Zygarde|100/100 slp|[silent]
|
|-weather|DesolateLand|[upkeep]
|upkeep
|turn|8
|
|t:|1667375379
|move|p2a: Primal Basic|Earthquake|p1a: Zygarde
|-damage|p1a: Zygarde|88/100 slp
|cant|p1a: Zygarde|slp
|
|-weather|DesolateLand|[upkeep]
|-heal|p1a: Zygarde|94/100 slp|[from] item: Leftovers
|upkeep
|turn|9
|
|t:|1667375383
|move|p2a: Primal Basic|Earthquake|p1a: Zygarde
|-damage|p1a: Zygarde|80/100 slp
|cant|p1a: Zygarde|slp
|
|-weather|DesolateLand|[upkeep]
|-heal|p1a: Zygarde|86/100 slp|[from] item: Leftovers
|upkeep
|turn|10
|
|t:|1667375389
|move|p2a: Primal Basic|Earthquake|p1a: Zygarde
|-damage|p1a: Zygarde|73/100 slp
|-curestatus|p1a: Zygarde|slp|[msg]
|move|p1a: Zygarde|Thousand Waves|p2a: Primal Basic
|-supereffective|p2a: Primal Basic
|-crit|p2a: Primal Basic
|-damage|p2a: Primal Basic|0 fnt
|faint|p2a: Primal Basic
|-weather|none
|
|-heal|p1a: Zygarde|79/100|[from] item: Leftovers
|upkeep
|
|t:|1667375394
|switch|p2a: Basic Too|Marshadow|100/100
|-damage|p2a: Basic Too|94/100|[from] Stealth Rock
|turn|11
|
|t:|1667375399
|switch|p1a: Arceus|Arceus|100/100
|-damage|p1a: Arceus|88/100|[from] Stealth Rock
|move|p2a: Basic Too|Spectral Thief|p1a: Arceus
|-immune|p1a: Arceus
|
|upkeep
|turn|12
|
|t:|1667375404
|switch|p1a: Zygarde|Zygarde, shiny|100/100
|-damage|p1a: Zygarde|94/100|[from] Stealth Rock
|move|p2a: Basic Too|Close Combat|p1a: Zygarde
|-damage|p1a: Zygarde|62/100
|-unboost|p2a: Basic Too|def|1
|-unboost|p2a: Basic Too|spd|1
|
|upkeep
|turn|13
|
|t:|1667375407
|switch|p1a: Arceus|Arceus-Fairy|84/100
|-damage|p1a: Arceus|71/100|[from] Stealth Rock
|move|p2a: Basic Too|Ice Punch|p1a: Arceus
|-damage|p1a: Arceus|55/100
|-status|p1a: Arceus|frz
|
|upkeep
|turn|14
|
|t:|1667375412
|move|p2a: Basic Too|Spectral Thief|p1a: Arceus
|-damage|p1a: Arceus|24/100 frz
|-curestatus|p1a: Arceus|frz|[msg]
|move|p1a: Arceus|Judgment|p2a: Basic Too
|-supereffective|p2a: Basic Too
|-damage|p2a: Basic Too|0 fnt
|faint|p2a: Basic Too
|
|upkeep
|
|t:|1667375420
|switch|p2a: Mega Basic|Rayquaza, shiny|100/100
|-damage|p2a: Mega Basic|76/100|[from] Stealth Rock
|-ability|p2a: Mega Basic|Air Lock
|turn|15
|
|t:|1667375423
|detailschange|p2a: Mega Basic|Rayquaza-Mega, shiny
|-mega|p2a: Mega Basic|Rayquaza|
|-weather|DeltaStream|[from] ability: Delta Stream|[of] p2a: Mega Basic
|move|p2a: Mega Basic|Dragon Ascent|p1a: Arceus
|-damage|p1a: Arceus|0 fnt
|-unboost|p2a: Mega Basic|def|1
|-unboost|p2a: Mega Basic|spd|1
|faint|p1a: Arceus
|-damage|p2a: Mega Basic|66/100|[from] item: Life Orb
|
|-weather|DeltaStream|[upkeep]
|upkeep
|
|t:|1667375426
|switch|p1a: Mewtwo|Mewtwo|100/100
|-damage|p1a: Mewtwo|88/100|[from] Stealth Rock
|-ability|p1a: Mewtwo|Pressure
|turn|16
|
|t:|1667375431
|detailschange|p1a: Mewtwo|Mewtwo-Mega-X
|-mega|p1a: Mewtwo|Mewtwo|Mewtwonite X
|move|p2a: Mega Basic|Extreme Speed|p1a: Mewtwo
|-damage|p1a: Mewtwo|47/100
|-damage|p2a: Mega Basic|56/100|[from] item: Life Orb
|move|p1a: Mewtwo|Ice Punch|p2a: Mega Basic
|-activate||deltastream
|-supereffective|p2a: Mega Basic
|-damage|p2a: Mega Basic|0 fnt
|faint|p2a: Mega Basic
|-weather|none
|
|upkeep
|
|t:|1667375453
|switch|p2a: Basic Cheap God|Smeargle, M|100/100
|-damage|p2a: Basic Cheap God|88/100|[from] Stealth Rock
|turn|17
|
|t:|1667375458
|move|p2a: Basic Cheap God|Protect|p2a: Basic Cheap God
|-singleturn|p2a: Basic Cheap God|Protect
|move|p1a: Mewtwo|Drain Punch|p2a: Basic Cheap God
|-activate|p2a: Basic Cheap God|move: Protect
|
|-ability|p2a: Basic Cheap God|Moody|boost
|-boost|p2a: Basic Cheap God|spd|2
|-unboost|p2a: Basic Cheap God|def|1
|upkeep
|turn|18
|
|t:|1667375462
|move|p2a: Basic Cheap God|Protect|p2a: Basic Cheap God
|-singleturn|p2a: Basic Cheap God|Protect
|move|p1a: Mewtwo|Psycho Cut|p2a: Basic Cheap God
|-activate|p2a: Basic Cheap God|move: Protect
|
|-ability|p2a: Basic Cheap God|Moody|boost
|-boost|p2a: Basic Cheap God|spa|2
|-unboost|p2a: Basic Cheap God|spd|1
|upkeep
|turn|19
|
|t:|1667375467
|move|p2a: Basic Cheap God|Protect||[still]
|-fail|p2a: Basic Cheap God
|move|p1a: Mewtwo|Drain Punch|p2a: Basic Cheap God
|-supereffective|p2a: Basic Cheap God
|-damage|p2a: Basic Cheap God|0 fnt
|-heal|p1a: Mewtwo|73/100|[from] drain|[of] p2a: Basic Cheap God
|faint|p2a: Basic Cheap God
|
|upkeep
|
|t:|1667375469
|switch|p2a: No U Basic|Ditto|100/100
|-damage|p2a: No U Basic|88/100|[from] Stealth Rock
|-transform|p2a: No U Basic|p1a: Mewtwo|[from] ability: Imposter
|turn|20
|
|t:|1667375471
|move|p2a: No U Basic|Psycho Cut|p1a: Mewtwo
|-damage|p1a: Mewtwo|40/100
|move|p1a: Mewtwo|Psycho Cut|p2a: No U Basic
|-damage|p2a: No U Basic|33/100
|
|upkeep
|turn|21
|
|t:|1667375477
|move|p2a: No U Basic|Psycho Cut|p1a: Mewtwo
|-damage|p1a: Mewtwo|4/100
|move|p1a: Mewtwo|Psycho Cut|p2a: No U Basic
|-crit|p2a: No U Basic
|-damage|p2a: No U Basic|0 fnt
|faint|p2a: No U Basic
|
|upkeep
|
|t:|1667375479
|switch|p2a: Basic|Calyrex-Shadow|100/100
|-ability|p2a: Basic|As One
|-ability|p2a: Basic|Unnerve
|-damage|p2a: Basic|88/100|[from] Stealth Rock
|turn|22
|
|t:|1667375482
|switch|p1a: Arceus|Arceus|88/100
|-damage|p1a: Arceus|76/100|[from] Stealth Rock
|move|p2a: Basic|Draining Kiss|p1a: Arceus
|-damage|p1a: Arceus|63/100
|-heal|p2a: Basic|100/100|[from] drain|[of] p1a: Arceus
|
|upkeep
|turn|23
|
|t:|1667375487
|-start|p2a: Basic|Dynamax|
|-heal|p2a: Basic|100/100|[silent]
|-start|p1a: Arceus|Dynamax|
|-heal|p1a: Arceus|63/100|[silent]
|move|p2a: Basic|Max Mindstorm|p1a: Arceus
|-damage|p1a: Arceus|37/100
|-fieldstart|move: Psychic Terrain
|move|p1a: Arceus|Max Phantasm|p2a: Basic
|-supereffective|p2a: Basic
|-enditem|p2a: Basic|Focus Sash
|-damage|p2a: Basic|1/100
|-unboost|p2a: Basic|def|1
|
|upkeep
|turn|24
|
|t:|1667375492
|move|p2a: Basic|Max Mindstorm|p1a: Arceus
|-damage|p1a: Arceus|4/100
|move|p1a: Arceus|Max Phantasm|p2a: Basic
|-supereffective|p2a: Basic
|-damage|p2a: Basic|0 fnt
|faint|p2a: Basic
|
|win|DarkboiJ
|raw|DarkboiJ's rating: 1986 &rarr; <strong>2000</strong><br />(+14 for winning)
|raw|Georgo99's rating: 1882 &rarr; <strong>1868</strong><br />(-14 for losing)
|l|☆Georgo99
|c|☆DarkboiJ|Gg
