|j|☆1719778062qqcom
|j|☆BrixStillNotLuvin
|t:|1668093033
|gametype|singles
|player|p1|1719778062qqcom|ghetsis-gen5bw|1579
|player|p2|BrixStillNotLuvin|linebacker|1795
|teamsize|p1|6
|teamsize|p2|6
|gen|8
|tier|[Gen 8] National Dex AG
|rated|
|rule|HP Percentage Mod: HP is shown in percentages
|rule|Endless Battle Clause: Forcing endless battles is banned
|clearpoke
|poke|p1|Groudon|
|poke|p1|Groudon|
|poke|p1|Groudon|
|poke|p1|Groudon|
|poke|p1|Groudon|
|poke|p1|Ditto|
|poke|p2|Zapdos|
|poke|p2|Kyogre|
|poke|p2|Arceus-*|
|poke|p2|Arceus-*|
|poke|p2|Ditto|
|poke|p2|Darkrai|
|teampreview
|inactive|Battle timer is ON: inactive players will automatically lose when time's up. (requested by BrixStillNotLuvin)
|c|☆BrixStillNotLuvin|i agree
|
|t:|1668093049
|start
|switch|p1a: Groudon|Groudon|100/100
|switch|p2a: Deus da Água|Kyogre, shiny|100/100
|detailschange|p1a: Groudon|Groudon-Primal
|-primal|p1a: Groudon
|-weather|DesolateLand|[from] ability: Desolate Land|[of] p1a: Groudon
|detailschange|p2a: Deus da Água|Kyogre-Primal, shiny
|-primal|p2a: Deus da Água
|-weather|PrimordialSea|[from] ability: Primordial Sea|[of] p2a: Deus da Água
|turn|1
|
|t:|1668093069
|switch|p1a: Groudon|Groudon|100/100
|detailschange|p1a: Groudon|Groudon-Primal
|-primal|p1a: Groudon
|-weather|DesolateLand|[from] ability: Desolate Land|[of] p1a: Groudon
|move|p2a: Deus da Água|Liquidation||[still]
|-fail|p2a: Deus da Água|Liquidation|[from] Desolate Land
|
|-weather|DesolateLand|[upkeep]
|upkeep
|turn|2
|
|t:|1668093079
|move|p1a: Groudon|Rock Polish|p1a: Groudon
|-boost|p1a: Groudon|spe|2
|move|p2a: Deus da Água|Ice Beam|p1a: Groudon
|-damage|p1a: Groudon|57/100
|
|-weather|DesolateLand|[upkeep]
|upkeep
|turn|3
|
|t:|1668093088
|move|p1a: Groudon|Precipice Blades|p2a: Deus da Água
|-damage|p2a: Deus da Água|18/100
|move|p2a: Deus da Água|Ice Beam|p1a: Groudon
|-damage|p1a: Groudon|6/100
|
|-weather|DesolateLand|[upkeep]
|upkeep
|turn|4
|
|t:|1668093096
|move|p1a: Groudon|Precipice Blades|p2a: Deus da Água
|-damage|p2a: Deus da Água|0 fnt
|faint|p2a: Deus da Água
|
|-weather|DesolateLand|[upkeep]
|upkeep
|
|t:|1668093101
|switch|p2a: O Primeiro Deus|Arceus|100/100
|turn|5
|
|t:|1668093108
|-weather|none
|switch|p1a: Groudon|Groudon-Primal|100/100
|-weather|DesolateLand|[from] ability: Desolate Land|[of] p1a: Groudon
|move|p2a: O Primeiro Deus|Extreme Speed|p1a: Groudon
|-damage|p1a: Groudon|87/100
|
|-weather|DesolateLand|[upkeep]
|upkeep
|turn|6
|
|t:|1668093118
|move|p2a: O Primeiro Deus|Earthquake|p1a: Groudon
|-supereffective|p1a: Groudon
|-damage|p1a: Groudon|63/100
|move|p1a: Groudon|Stealth Rock|p2a: O Primeiro Deus
|-sidestart|p2: BrixStillNotLuvin|move: Stealth Rock
|
|-weather|DesolateLand|[upkeep]
|upkeep
|turn|7
|
|t:|1668093126
|move|p2a: O Primeiro Deus|Earthquake|p1a: Groudon
|-supereffective|p1a: Groudon
|-damage|p1a: Groudon|41/100
|move|p1a: Groudon|Thunder Wave|p2a: O Primeiro Deus
|-status|p2a: O Primeiro Deus|par
|
|-weather|DesolateLand|[upkeep]
|upkeep
|turn|8
|
|t:|1668093134
|move|p1a: Groudon|Fire Punch|p2a: O Primeiro Deus
|-damage|p2a: O Primeiro Deus|55/100 par
|cant|p2a: O Primeiro Deus|par
|
|-weather|DesolateLand|[upkeep]
|-heal|p2a: O Primeiro Deus|61/100 par|[from] item: Leftovers
|upkeep
|turn|9
|
|t:|1668093142
|move|p1a: Groudon|Fire Punch|p2a: O Primeiro Deus
|-damage|p2a: O Primeiro Deus|17/100 par
|cant|p2a: O Primeiro Deus|par
|
|-weather|DesolateLand|[upkeep]
|-heal|p2a: O Primeiro Deus|23/100 par|[from] item: Leftovers
|upkeep
|turn|10
|
|t:|1668093150
|cant|p2a: O Primeiro Deus|par
|move|p1a: Groudon|Fire Punch|p2a: O Primeiro Deus
|-damage|p2a: O Primeiro Deus|0 fnt
|faint|p2a: O Primeiro Deus
|
|-weather|DesolateLand|[upkeep]
|upkeep
|c|☆BrixStillNotLuvin|..
|
|t:|1668093157
|switch|p2a: Raz'zac|Darkrai, shiny|100/100
|-damage|p2a: Raz'zac|88/100|[from] Stealth Rock
|turn|11
|c|☆1719778062qqcom|..
|
|t:|1668093161
|move|p2a: Raz'zac|Hypnosis|p1a: Groudon
|-status|p1a: Groudon|slp|[from] move: Hypnosis
|cant|p1a: Groudon|slp
|
|-weather|DesolateLand|[upkeep]
|-heal|p2a: Raz'zac|94/100|[from] item: Leftovers
|-damage|p1a: Groudon|29/100 slp|[from] ability: Bad Dreams|[of] p2a: Raz'zac
|upkeep
|turn|12
|
|t:|1668093179
|-weather|none
|switch|p1a: Groudon|Groudon|100/100
|detailschange|p1a: Groudon|Groudon-Primal
|-primal|p1a: Groudon
|-weather|DesolateLand|[from] ability: Desolate Land|[of] p1a: Groudon
|move|p2a: Raz'zac|Substitute|p2a: Raz'zac
|-start|p2a: Raz'zac|Substitute
|-damage|p2a: Raz'zac|69/100
|
|-weather|DesolateLand|[upkeep]
|-heal|p2a: Raz'zac|75/100|[from] item: Leftovers
|upkeep
|turn|13
|
|t:|1668093192
|move|p2a: Raz'zac|Hypnosis|p1a: Groudon
|-status|p1a: Groudon|slp|[from] move: Hypnosis
|cant|p1a: Groudon|slp
|
|-weather|DesolateLand|[upkeep]
|-heal|p2a: Raz'zac|81/100|[from] item: Leftovers
|-damage|p1a: Groudon|88/100 slp|[from] ability: Bad Dreams|[of] p2a: Raz'zac
|upkeep
|turn|14
|
|t:|1668093202
|move|p2a: Raz'zac|Nasty Plot|p2a: Raz'zac
|-boost|p2a: Raz'zac|spa|2
|cant|p1a: Groudon|slp
|
|-weather|DesolateLand|[upkeep]
|-heal|p2a: Raz'zac|87/100|[from] item: Leftovers
|-damage|p1a: Groudon|76/100 slp|[from] ability: Bad Dreams|[of] p2a: Raz'zac
|upkeep
|turn|15
|
|t:|1668093212
|move|p2a: Raz'zac|Dark Pulse|p1a: Groudon
|-damage|p1a: Groudon|0 fnt
|faint|p1a: Groudon
|-weather|none
|
|-heal|p2a: Raz'zac|93/100|[from] item: Leftovers
|upkeep
|
|t:|1668093221
|switch|p1a: Groudon|Groudon-Primal|29/100 slp
|-weather|DesolateLand|[from] ability: Desolate Land|[of] p1a: Groudon
|turn|16
|
|t:|1668093226
|move|p2a: Raz'zac|Nasty Plot|p2a: Raz'zac
|-boost|p2a: Raz'zac|spa|2
|cant|p1a: Groudon|slp
|
|-weather|DesolateLand|[upkeep]
|-heal|p2a: Raz'zac|99/100|[from] item: Leftovers
|-damage|p1a: Groudon|16/100 slp|[from] ability: Bad Dreams|[of] p2a: Raz'zac
|upkeep
|turn|17
|
|t:|1668093236
|move|p2a: Raz'zac|Dark Pulse|p1a: Groudon
|-damage|p1a: Groudon|0 fnt
|faint|p1a: Groudon
|-weather|none
|
|-heal|p2a: Raz'zac|100/100|[from] item: Leftovers
|upkeep
|c|☆BrixStillNotLuvin|i like this one better
|
|t:|1668093251
|switch|p1a: Groudon|Groudon-Primal|6/100
|-weather|DesolateLand|[from] ability: Desolate Land|[of] p1a: Groudon
|turn|18
|
|t:|1668093256
|move|p2a: Raz'zac|Dark Pulse|p1a: Groudon
|-crit|p1a: Groudon
|-damage|p1a: Groudon|0 fnt
|faint|p1a: Groudon
|-weather|none
|
|upkeep
|
|t:|1668093265
|switch|p1a: Ditto|Ditto|100/100
|turn|19
|c|☆BrixStillNotLuvin|dont sleep on darkrai
|
|t:|1668093273
|switch|p1a: Groudon|Groudon|100/100
|-weather|SunnyDay|[from] ability: Drought|[of] p1a: Groudon
|move|p2a: Raz'zac|Dark Pulse|p1a: Groudon
|-enditem|p1a: Groudon|Focus Sash
|-damage|p1a: Groudon|1/100
|
|-weather|SunnyDay|[upkeep]
|upkeep
|turn|20
|
|t:|1668093286
|move|p2a: Raz'zac|Dark Pulse|p1a: Groudon
|-damage|p1a: Groudon|0 fnt
|faint|p1a: Groudon
|
|-weather|SunnyDay|[upkeep]
|upkeep
|
|t:|1668093294
|switch|p1a: Groudon|Groudon|100/100
|turn|21
|
|t:|1668093301
|-start|p1a: Groudon|Dynamax|
|-heal|p1a: Groudon|100/100|[silent]
|move|p2a: Raz'zac|Hypnosis|p1a: Groudon
|-status|p1a: Groudon|slp|[from] move: Hypnosis
|cant|p1a: Groudon|slp
|
|-weather|SunnyDay|[upkeep]
|-damage|p1a: Groudon|94/100 slp|[from] ability: Bad Dreams|[of] p2a: Raz'zac
|upkeep
|turn|22
|-message|1719778062qqcom forfeited.
|
|win|BrixStillNotLuvin
|raw|1719778062qqcom's rating: 1579 &rarr; <strong>1570</strong><br />(-9 for losing)
|raw|BrixStillNotLuvin's rating: 1795 &rarr; <strong>1804</strong><br />(+9 for winning)
|l|☆1719778062qqcom
||Ladder isn't responding, score probably updated but might not have (Request timeout).
