|j|☆lemoncell0
|j|☆Apprenti Buck
|t:|1662929504
|gametype|singles
|player|p1|lemoncell0|allister|1919
|player|p2|Apprenti Buck|ethan|2070
|teamsize|p1|6
|teamsize|p2|6
|gen|8
|tier|[Gen 8] National Dex AG
|rated|
|rule|HP Percentage Mod: HP is shown in percentages
|rule|Endless Battle Clause: Forcing endless battles is banned
|clearpoke
|poke|p1|Gothitelle, F|
|poke|p1|Diancie|
|poke|p1|Quagsire, M|
|poke|p1|Tyranitar, M|
|poke|p1|Ferrothorn, M|
|poke|p1|Ditto|
|poke|p2|Groudon|
|poke|p2|Rayquaza|
|poke|p2|Calyrex-Shadow|
|poke|p2|Arceus-*|
|poke|p2|Yveltal|
|poke|p2|Marshadow|
|teampreview
|inactive|Battle timer is ON: inactive players will automatically lose when time's up. (requested by Apprenti Buck)
|
|t:|1662929522
|start
|switch|p1a: Diancie|Diancie|100/100
|switch|p2a: Behemoth|Groudon, shiny|100/100
|detailschange|p2a: Behemoth|Groudon-Primal, shiny
|-primal|p2a: Behemoth
|-weather|DesolateLand|[from] ability: Desolate Land|[of] p2a: Behemoth
|turn|1
|
|t:|1662929526
|detailschange|p1a: Diancie|Diancie-Mega
|-mega|p1a: Diancie|Diancie|Diancite
|move|p1a: Diancie|Magnet Rise|p1a: Diancie
|-start|p1a: Diancie|Magnet Rise
|move|p2a: Behemoth|Rock Tomb|p1a: Diancie
|-damage|p1a: Diancie|73/100
|-unboost|p1a: Diancie|spe|1
|
|-weather|DesolateLand|[upkeep]
|upkeep
|turn|2
|
|t:|1662929533
|move|p2a: Behemoth|Rock Tomb|p1a: Diancie|[miss]
|-miss|p2a: Behemoth|p1a: Diancie
|move|p1a: Diancie|Earth Power|p2a: Behemoth
|-supereffective|p2a: Behemoth
|-crit|p2a: Behemoth
|-damage|p2a: Behemoth|0 fnt
|faint|p2a: Behemoth
|-weather|none
|
|upkeep
|
|t:|1662929541
|switch|p2a: Buck’s alter ego|Marshadow|100/100
|turn|3
|
|t:|1662929547
|move|p2a: Buck’s alter ego|Close Combat|p1a: Diancie
|-damage|p1a: Diancie|0 fnt
|-unboost|p2a: Buck’s alter ego|def|1
|-unboost|p2a: Buck’s alter ego|spd|1
|faint|p1a: Diancie
|-damage|p2a: Buck’s alter ego|91/100|[from] item: Life Orb
|
|upkeep
|
|t:|1662929555
|switch|p1a: Ditto|Ditto|100/100
|-transform|p1a: Ditto|p2a: Buck’s alter ego|[from] ability: Imposter
|turn|4
|
|t:|1662929558
|switch|p2a: Ziz|Rayquaza, shiny|100/100
|-ability|p2a: Ziz|Air Lock
|move|p1a: Ditto|Shadow Sneak|p2a: Ziz
|-damage|p2a: Ziz|68/100
|
|upkeep
|turn|5
|
|t:|1662929569
|detailschange|p2a: Ziz|Rayquaza-Mega, shiny
|-mega|p2a: Ziz|Rayquaza|
|-weather|DeltaStream|[from] ability: Delta Stream|[of] p2a: Ziz
|-start|p1a: Ditto|Dynamax|
|-heal|p1a: Ditto|100/100|[silent]
|move|p1a: Ditto|Max Phantasm|p2a: Ziz
|-damage|p2a: Ziz|0 fnt
|faint|p2a: Ziz
|-weather|none
|
|upkeep
|
|t:|1662929576
|switch|p2a: Dawn|Calyrex-Shadow|100/100
|-ability|p2a: Dawn|As One
|-ability|p2a: Dawn|Unnerve
|turn|6
|
|t:|1662929598
|-end|p1a: Ditto|Dynamax
|-heal|p1a: Ditto|100/100|[silent]
|switch|p1a: Tyranitar|Tyranitar, M|100/100
|-weather|Sandstorm|[from] ability: Sand Stream|[of] p1a: Tyranitar
|move|p2a: Dawn|Astral Barrage|p1a: Tyranitar
|-resisted|p1a: Tyranitar
|-damage|p1a: Tyranitar|86/100
|
|-weather|Sandstorm|[upkeep]
|-damage|p2a: Dawn|94/100|[from] Sandstorm
|-heal|p1a: Tyranitar|92/100|[from] item: Leftovers
|upkeep
|turn|7
|
|t:|1662929601
|move|p2a: Dawn|Baton Pass|p2a: Dawn
|
|t:|1662929602
|switch|p2a: Buck’s alter ego|Marshadow|91/100|[from]move: Baton Pass
|move|p1a: Tyranitar|Stealth Rock|p2a: Buck’s alter ego
|-sidestart|p2: Apprenti Buck|move: Stealth Rock
|
|-weather|Sandstorm|[upkeep]
|-damage|p2a: Buck’s alter ego|84/100|[from] Sandstorm
|-heal|p1a: Tyranitar|99/100|[from] item: Leftovers
|upkeep
|turn|8
|
|t:|1662929615
|switch|p1a: Quagsire|Quagsire, M|100/100
|move|p2a: Buck’s alter ego|Close Combat|p1a: Quagsire
|-crit|p1a: Quagsire
|-damage|p1a: Quagsire|25/100
|-unboost|p2a: Buck’s alter ego|def|1
|-unboost|p2a: Buck’s alter ego|spd|1
|-damage|p2a: Buck’s alter ego|68/100|[from] item: Rocky Helmet|[of] p1a: Quagsire
|-damage|p2a: Buck’s alter ego|58/100|[from] item: Life Orb
|
|-weather|Sandstorm|[upkeep]
|-damage|p2a: Buck’s alter ego|52/100|[from] Sandstorm
|upkeep
|turn|9
|
|t:|1662929621
|move|p2a: Buck’s alter ego|Poltergeist|p1a: Quagsire
|-activate|p1a: Quagsire|move: Poltergeist|Rocky Helmet
|-damage|p1a: Quagsire|0 fnt
|faint|p1a: Quagsire
|-damage|p2a: Buck’s alter ego|42/100|[from] item: Life Orb
|
|-weather|Sandstorm|[upkeep]
|-damage|p2a: Buck’s alter ego|35/100|[from] Sandstorm
|upkeep
|
|t:|1662929623
|switch|p1a: Ditto|Ditto|100/100
|-transform|p1a: Ditto|p2a: Buck’s alter ego|[from] ability: Imposter
|turn|10
|
|t:|1662929640
|switch|p2a: Transcendent Deity|Arceus|100/100
|-damage|p2a: Transcendent Deity|88/100|[from] Stealth Rock
|move|p1a: Ditto|Rock Tomb|p2a: Transcendent Deity
|-damage|p2a: Transcendent Deity|66/100
|-unboost|p2a: Transcendent Deity|spe|1
|
|-weather|none
|upkeep
|turn|11
|
|t:|1662929653
|switch|p1a: Ferrothorn|Ferrothorn, M|100/100
|move|p2a: Transcendent Deity|Swords Dance|p2a: Transcendent Deity
|-boost|p2a: Transcendent Deity|atk|2
|
|upkeep
|turn|12
|
|t:|1662929657
|-start|p2a: Transcendent Deity|Dynamax|
|-heal|p2a: Transcendent Deity|66/100|[silent]
|move|p2a: Transcendent Deity|Max Quake|p1a: Ferrothorn
|-damage|p1a: Ferrothorn|15/100
|-boost|p2a: Transcendent Deity|spd|1
|-damage|p2a: Transcendent Deity|61/100|[from] item: Life Orb
|move|p1a: Ferrothorn|Leech Seed|p2a: Transcendent Deity
|-start|p2a: Transcendent Deity|move: Leech Seed
|
|-heal|p1a: Ferrothorn|22/100|[from] item: Leftovers
|-damage|p2a: Transcendent Deity|55/100|[from] Leech Seed|[of] p1a: Ferrothorn
|-heal|p1a: Ferrothorn|35/100|[silent]
|upkeep
|turn|13
|
|t:|1662929660
|move|p1a: Ferrothorn|Protect|p1a: Ferrothorn
|-singleturn|p1a: Ferrothorn|Protect
|move|p2a: Transcendent Deity|Max Phantasm|p1a: Ferrothorn
|-zbroken|p1a: Ferrothorn
|-damage|p1a: Ferrothorn|16/100
|-unboost|p1a: Ferrothorn|def|1
|-damage|p2a: Transcendent Deity|50/100|[from] item: Life Orb
|
|-heal|p1a: Ferrothorn|22/100|[from] item: Leftovers
|-damage|p2a: Transcendent Deity|44/100|[from] Leech Seed|[of] p1a: Ferrothorn
|-heal|p1a: Ferrothorn|35/100|[silent]
|upkeep
|turn|14
|
|t:|1662929669
|move|p1a: Ferrothorn|Protect||[still]
|-fail|p1a: Ferrothorn
|move|p2a: Transcendent Deity|Max Quake|p1a: Ferrothorn
|-damage|p1a: Ferrothorn|0 fnt
|-boost|p2a: Transcendent Deity|spd|1
|faint|p1a: Ferrothorn
|-damage|p2a: Transcendent Deity|39/100|[from] item: Life Orb
|
|upkeep
|
|t:|1662929672
|switch|p1a: Ditto|Ditto|100/100
|-transform|p1a: Ditto|p2a: Transcendent Deity|[from] ability: Imposter
|-end|p2a: Transcendent Deity|Dynamax
|-heal|p2a: Transcendent Deity|39/100|[silent]
|turn|15
|
|t:|1662929685
|move|p2a: Transcendent Deity|Extreme Speed|p1a: Ditto
|-damage|p1a: Ditto|0 fnt
|faint|p1a: Ditto
|-damage|p2a: Transcendent Deity|29/100|[from] item: Life Orb
|
|upkeep
|
|t:|1662929689
|switch|p1a: Tyranitar|Tyranitar, M|99/100
|-weather|Sandstorm|[from] ability: Sand Stream|[of] p1a: Tyranitar
|turn|16
|c|☆Apprenti Buck|Ggwp
|c|☆lemoncell0|u2u2
|
|t:|1662929695
|move|p2a: Transcendent Deity|Earthquake|p1a: Tyranitar
|-supereffective|p1a: Tyranitar
|-damage|p1a: Tyranitar|0 fnt
|faint|p1a: Tyranitar
|-damage|p2a: Transcendent Deity|19/100|[from] item: Life Orb
|
|-weather|Sandstorm|[upkeep]
|-damage|p2a: Transcendent Deity|13/100|[from] Sandstorm
|upkeep
|
|t:|1662929697
|switch|p1a: Gothitelle|Gothitelle, F|100/100
|turn|17
|
|t:|1662929700
|move|p2a: Transcendent Deity|Extreme Speed|p1a: Gothitelle
|-damage|p1a: Gothitelle|12/100
|-damage|p2a: Transcendent Deity|3/100|[from] item: Life Orb
|-zpower|p1a: Gothitelle
|move|p1a: Gothitelle|Z-Charm|p2a: Transcendent Deity|[anim]Charm
|-boost|p1a: Gothitelle|def|1|[zeffect]
|-unboost|p2a: Transcendent Deity|atk|2
|
|-weather|Sandstorm|[upkeep]
|-damage|p2a: Transcendent Deity|0 fnt|[from] Sandstorm
|-damage|p1a: Gothitelle|6/100|[from] Sandstorm
|faint|p2a: Transcendent Deity
|upkeep
|
|t:|1662929706
|switch|p2a: Twilight|Yveltal|100/100
|-damage|p2a: Twilight|76/100|[from] Stealth Rock
|-ability|p2a: Twilight|Dark Aura
|turn|18
|
|t:|1662929708
|move|p2a: Twilight|Dark Pulse|p1a: Gothitelle
|-supereffective|p1a: Gothitelle
|-damage|p1a: Gothitelle|0 fnt
|faint|p1a: Gothitelle
|-damage|p2a: Twilight|66/100|[from] item: Life Orb
|
|win|Apprenti Buck
|raw|lemoncell0's rating: 1919 &rarr; <strong>1907</strong><br />(-12 for losing)
|raw|Apprenti Buck's rating: 2070 &rarr; <strong>2082</strong><br />(+12 for winning)
