|j|☆TwentyTwan
|j|☆Lolcuzican
|player|p1|TwentyTwan|265|1056
|player|p2|Lolcuzican|101|1078
|teamsize|p1|6
|teamsize|p2|6
|gametype|singles
|gen|8
|tier|[Gen 8] National Dex AG
|rated|
|clearpoke
|poke|p1|Amoonguss, M|
|poke|p1|Shiinotic, M|
|poke|p1|Mimikyu, F|
|poke|p1|Shuckle, F|
|poke|p1|Cofagrigus, M|
|poke|p1|Mandibuzz, F|
|poke|p2|Kyogre|
|poke|p2|Rayquaza|
|poke|p2|Galvantula, F|
|poke|p2|Darkrai|
|poke|p2|Weavile, M|
|poke|p2|Landorus-Therian, M|
|rule|HP Percentage Mod: HP is shown in percentages
|rule|Endless Battle Clause: Forcing endless battles is banned
|teampreview
|
|start
|switch|p1a: Mimikyu|Mimikyu, F|100/100
|switch|p2a: Kyogre|Kyogre|100/100
|-weather|RainDance|[from] ability: Drizzle|[of] p2a: Kyogre
|turn|1
|
|move|p2a: Kyogre|Water Spout|p1a: Mimikyu
|-activate|p1a: Mimikyu|ability: Disguise
|-damage|p1a: Mimikyu|100/100
|detailschange|p1a: Mimikyu|Mimikyu-Busted, F
|-damage|p1a: Mimikyu|88/100|[from] pokemon: mimikyubusted
|move|p1a: Mimikyu|Trick Room|p1a: Mimikyu
|-fieldstart|move: Trick Room|[of] p1a: Mimikyu
|
|-weather|RainDance|[upkeep]
|-heal|p1a: Mimikyu|94/100|[from] item: Leftovers
|upkeep
|turn|2
|
|move|p1a: Mimikyu|Toxic|p2a: Kyogre
|-status|p2a: Kyogre|tox
|move|p2a: Kyogre|Water Spout|p1a: Mimikyu
|-damage|p1a: Mimikyu|0 fnt
|faint|p1a: Mimikyu
|
|-weather|RainDance|[upkeep]
|-damage|p2a: Kyogre|94/100 tox|[from] psn
|upkeep
|
|switch|p1a: Spored?|Amoonguss, M, shiny|100/100
|turn|3
|
|move|p1a: Spored?|Substitute|p1a: Spored?
|-start|p1a: Spored?|Substitute
|-damage|p1a: Spored?|75/100
|move|p2a: Kyogre|Water Spout|p1a: Spored?
|-resisted|p1a: Spored?
|-end|p1a: Spored?|Substitute
|
|-weather|RainDance|[upkeep]
|-heal|p1a: Spored?|82/100|[from] item: Black Sludge
|-damage|p2a: Kyogre|82/100 tox|[from] psn
|upkeep
|turn|4
|
|move|p1a: Spored?|Substitute|p1a: Spored?
|-start|p1a: Spored?|Substitute
|-damage|p1a: Spored?|57/100
|move|p2a: Kyogre|Water Spout|p1a: Spored?
|-resisted|p1a: Spored?
|-end|p1a: Spored?|Substitute
|
|-weather|RainDance|[upkeep]
|-heal|p1a: Spored?|63/100|[from] item: Black Sludge
|-damage|p2a: Kyogre|64/100 tox|[from] psn
|upkeep
|turn|5
|
|switch|p2a: Darkrai|Darkrai|100/100
|move|p1a: Spored?|Giga Drain|p2a: Darkrai
|-damage|p2a: Darkrai|60/100
|-heal|p1a: Spored?|77/100|[from] drain|[of] p2a: Darkrai
|
|-weather|none
|-heal|p1a: Spored?|84/100|[from] item: Black Sludge
|-fieldend|move: Trick Room
|upkeep
|turn|6
|
|move|p2a: Darkrai|Hypnosis|p1a: Spored?
|-status|p1a: Spored?|slp|[from] move: Hypnosis
|cant|p1a: Spored?|slp
|
|-heal|p1a: Spored?|90/100 slp|[from] item: Black Sludge
|-damage|p1a: Spored?|77/100 slp|[from] ability: Bad Dreams|[of] p2a: Darkrai
|upkeep
|turn|7
|j| Sodeixaeujogar
|
|switch|p1a: Shiinotic|Shiinotic, M|100/100
|move|p2a: Darkrai|Nasty Plot|p2a: Darkrai
|-boost|p2a: Darkrai|spa|2
|
|upkeep
|turn|8
|
|move|p2a: Darkrai|Hypnosis|p1a: Shiinotic|[miss]
|-miss|p2a: Darkrai|p1a: Shiinotic
|move|p1a: Shiinotic|Spore|p2a: Darkrai
|-status|p2a: Darkrai|slp|[from] move: Spore
|
|upkeep
|turn|9
|c| Sodeixaeujogar|sup
|
|cant|p2a: Darkrai|slp
|move|p1a: Shiinotic|Substitute|p1a: Shiinotic
|-start|p1a: Shiinotic|Substitute
|-damage|p1a: Shiinotic|76/100
|
|-heal|p1a: Shiinotic|82/100|[from] item: Leftovers
|upkeep
|turn|10
|c|☆Lolcuzican|Nm how but u
|
|cant|p2a: Darkrai|slp
|move|p1a: Shiinotic|Leech Seed|p2a: Darkrai
|-start|p2a: Darkrai|move: Leech Seed
|
|-heal|p1a: Shiinotic|88/100|[from] item: Leftovers
|-damage|p2a: Darkrai|47/100 slp|[from] Leech Seed|[of] p1a: Shiinotic
|-heal|p1a: Shiinotic|100/100|[silent]
|upkeep
|turn|11
|c|☆TwentyTwan|I'm just meming sorry
|
|switch|p2a: Landorus|Landorus-Therian, M|100/100
|-ability|p2a: Landorus|Intimidate|boost
|-immune|p1a: Shiinotic
|move|p1a: Shiinotic|Giga Drain|p2a: Landorus
|-damage|p2a: Landorus|54/100
|
|-heal|p2a: Landorus|60/100|[from] item: Leftovers
|upkeep
|turn|12
|inactive|Battle timer is ON: inactive players will automatically lose when time's up. (requested by Lolcuzican)
|c| Sodeixaeujogar|im just watching the world burn
|
|move|p2a: Landorus|Hidden Power|p1a: Shiinotic
|-supereffective|p1a: Shiinotic
|-end|p1a: Shiinotic|Substitute
|move|p1a: Shiinotic|Spore|p2a: Landorus
|-status|p2a: Landorus|slp|[from] move: Spore
|
|-heal|p2a: Landorus|66/100 slp|[from] item: Leftovers
|upkeep
|turn|13
|
|cant|p2a: Landorus|slp
|move|p1a: Shiinotic|Substitute|p1a: Shiinotic
|-start|p1a: Shiinotic|Substitute
|-damage|p1a: Shiinotic|76/100
|
|-heal|p2a: Landorus|72/100 slp|[from] item: Leftovers
|-heal|p1a: Shiinotic|82/100|[from] item: Leftovers
|upkeep
|turn|14
|c|☆Lolcuzican|Why
|
|cant|p2a: Landorus|slp
|move|p1a: Shiinotic|Leech Seed|p2a: Landorus
|-start|p2a: Landorus|move: Leech Seed
|
|-heal|p2a: Landorus|78/100 slp|[from] item: Leftovers
|-heal|p1a: Shiinotic|88/100|[from] item: Leftovers
|-damage|p2a: Landorus|66/100 slp|[from] Leech Seed|[of] p1a: Shiinotic
|-heal|p1a: Shiinotic|100/100|[silent]
|upkeep
|turn|15
|
|cant|p2a: Landorus|slp
|move|p1a: Shiinotic|Giga Drain|p2a: Landorus
|-damage|p2a: Landorus|23/100 slp
|
|-heal|p2a: Landorus|29/100 slp|[from] item: Leftovers
|-damage|p2a: Landorus|17/100 slp|[from] Leech Seed|[of] p1a: Shiinotic
|upkeep
|turn|16
|
|-curestatus|p2a: Landorus|slp|[msg]
|move|p2a: Landorus|Hidden Power|p1a: Shiinotic
|-supereffective|p1a: Shiinotic
|-end|p1a: Shiinotic|Substitute
|move|p1a: Shiinotic|Giga Drain|p2a: Landorus
|-damage|p2a: Landorus|0 fnt
|faint|p2a: Landorus
|
|upkeep
|
|switch|p2a: Kyogre|Kyogre|64/100 tox
|-weather|RainDance|[from] ability: Drizzle|[of] p2a: Kyogre
|turn|17
|
|-start|p2a: Kyogre|Dynamax
|-heal|p2a: Kyogre|64/100 tox|[silent]
|move|p2a: Kyogre|Max Hailstorm|p1a: Shiinotic
|-supereffective|p1a: Shiinotic
|-damage|p1a: Shiinotic|0 fnt
|-weather|Hail
|faint|p1a: Shiinotic
|
|-weather|Hail|[upkeep]
|-damage|p2a: Kyogre|60/100 tox|[from] Hail
|-damage|p2a: Kyogre|57/100 tox|[from] psn
|upkeep
|
|switch|p1a: Shuckle|Shuckle, F|100/100
|turn|18
|c|☆Lolcuzican|Nope
|
|move|p1a: Shuckle|Protect|p1a: Shuckle
|-singleturn|p1a: Shuckle|Protect
|move|p2a: Kyogre|Max Geyser|p1a: Shuckle
|-supereffective|p1a: Shuckle
|-zbroken|p1a: Shuckle
|-damage|p1a: Shuckle|76/100
|-weather|RainDance
|
|-weather|RainDance|[upkeep]
|-heal|p1a: Shuckle|82/100|[from] item: Leftovers
|-damage|p2a: Kyogre|51/100 tox|[from] psn
|upkeep
|turn|19
|
|move|p1a: Shuckle|Protect|p1a: Shuckle
|-singleturn|p1a: Shuckle|Protect
|move|p2a: Kyogre|Max Geyser|p1a: Shuckle
|-supereffective|p1a: Shuckle
|-crit|p1a: Shuckle
|-zbroken|p1a: Shuckle
|-damage|p1a: Shuckle|23/100
|
|-weather|RainDance|[upkeep]
|-heal|p1a: Shuckle|30/100|[from] item: Leftovers
|-damage|p2a: Kyogre|42/100 tox|[from] psn
|-end|p2a: Kyogre|Dynamax
|-heal|p2a: Kyogre|42/100 tox|[silent]
|upkeep
|turn|20
|c|☆Lolcuzican|Dub protect wow
|
|-start|p1a: Shuckle|Dynamax
|-heal|p1a: Shuckle|30/100|[silent]
|move|p1a: Shuckle|Max Guard||[still]
|-fail|p1a: Shuckle
|move|p2a: Kyogre|Water Spout|p1a: Shuckle
|-supereffective|p1a: Shuckle
|-damage|p1a: Shuckle|0 fnt
|faint|p1a: Shuckle
|
|-weather|RainDance|[upkeep]
|-damage|p2a: Kyogre|18/100 tox|[from] psn
|upkeep
|
|switch|p1a: Spored?|Amoonguss, M, shiny|100/100 slp
|turn|21
|c|☆Lolcuzican|Thx
|
|move|p2a: Kyogre|Water Spout|p1a: Spored?
|-resisted|p1a: Spored?
|-damage|p1a: Spored?|91/100 slp
|-curestatus|p1a: Spored?|slp|[msg]
|move|p1a: Spored?|Substitute|p1a: Spored?
|-start|p1a: Spored?|Substitute
|-damage|p1a: Spored?|66/100
|
|-weather|RainDance|[upkeep]
|-heal|p1a: Spored?|72/100|[from] item: Black Sludge
|-damage|p2a: Kyogre|0 fnt|[from] psn
|faint|p2a: Kyogre
|upkeep
|c|☆TwentyTwan|yw
|
|switch|p2a: Rayquaza|Rayquaza|100/100
|-ability|p2a: Rayquaza|Air Lock
|turn|22
|c| Sodeixaeujogar|is that salt i taste?
|
|detailschange|p2a: Rayquaza|Rayquaza-Mega
|-mega|p2a: Rayquaza|Rayquaza|
|-weather|DeltaStream|[from] ability: Delta Stream|[of] p2a: Rayquaza
|move|p2a: Rayquaza|Dragon Dance|p2a: Rayquaza
|-boost|p2a: Rayquaza|atk|1
|-boost|p2a: Rayquaza|spe|1
|move|p1a: Spored?|Spore|p2a: Rayquaza
|-status|p2a: Rayquaza|slp|[from] move: Spore
|
|-weather|DeltaStream|[upkeep]
|-heal|p1a: Spored?|78/100|[from] item: Black Sludge
|upkeep
|turn|23
|
|cant|p2a: Rayquaza|slp
|move|p1a: Spored?|Growth|p1a: Spored?
|-boost|p1a: Spored?|atk|1
|-boost|p1a: Spored?|spa|1
|
|-weather|DeltaStream|[upkeep]
|-heal|p1a: Spored?|85/100|[from] item: Black Sludge
|upkeep
|turn|24
|
|cant|p2a: Rayquaza|slp
|move|p1a: Spored?|Growth|p1a: Spored?
|-boost|p1a: Spored?|atk|1
|-boost|p1a: Spored?|spa|1
|
|-weather|DeltaStream|[upkeep]
|-heal|p1a: Spored?|91/100|[from] item: Black Sludge
|upkeep
|turn|25
|
|cant|p2a: Rayquaza|slp
|move|p1a: Spored?|Spore|p2a: Rayquaza
|-fail|p2a: Rayquaza|slp
|
|-weather|DeltaStream|[upkeep]
|-heal|p1a: Spored?|97/100|[from] item: Black Sludge
|upkeep
|turn|26
|
|-curestatus|p2a: Rayquaza|slp|[msg]
|move|p2a: Rayquaza|Extreme Speed|p1a: Spored?
|-end|p1a: Spored?|Substitute
|move|p1a: Spored?|Spore|p2a: Rayquaza
|-status|p2a: Rayquaza|slp|[from] move: Spore
|
|-weather|DeltaStream|[upkeep]
|-heal|p1a: Spored?|100/100|[from] item: Black Sludge
|upkeep
|turn|27
|
|cant|p2a: Rayquaza|slp
|move|p1a: Spored?|Substitute|p1a: Spored?
|-start|p1a: Spored?|Substitute
|-damage|p1a: Spored?|75/100
|
|-weather|DeltaStream|[upkeep]
|-heal|p1a: Spored?|82/100|[from] item: Black Sludge
|upkeep
|turn|28
|
|cant|p2a: Rayquaza|slp
|move|p1a: Spored?|Giga Drain|p2a: Rayquaza
|-resisted|p2a: Rayquaza
|-crit|p2a: Rayquaza
|-damage|p2a: Rayquaza|79/100 slp
|-heal|p1a: Spored?|91/100|[from] drain|[of] p2a: Rayquaza
|
|-weather|DeltaStream|[upkeep]
|-heal|p1a: Spored?|97/100|[from] item: Black Sludge
|upkeep
|turn|29
|
|-curestatus|p2a: Rayquaza|slp|[msg]
|move|p2a: Rayquaza|Extreme Speed|p1a: Spored?
|-end|p1a: Spored?|Substitute
|move|p1a: Spored?|Giga Drain|p2a: Rayquaza
|-resisted|p2a: Rayquaza
|-damage|p2a: Rayquaza|63/100
|-heal|p1a: Spored?|100/100|[from] drain|[of] p2a: Rayquaza
|
|-weather|DeltaStream|[upkeep]
|upkeep
|turn|30
|c| Sodeixaeujogar|uh oh
|
|move|p2a: Rayquaza|Dragon Ascent|p1a: Spored?
|-supereffective|p1a: Spored?
|-damage|p1a: Spored?|0 fnt
|-unboost|p2a: Rayquaza|def|1
|-unboost|p2a: Rayquaza|spd|1
|faint|p1a: Spored?
|
|-weather|DeltaStream|[upkeep]
|upkeep
|c| Sodeixaeujogar|stinky
|
|switch|p1a: Cofagrigus|Cofagrigus, M|100/100
|turn|31
|c| Sodeixaeujogar|poopy
|
|move|p2a: Rayquaza|Dragon Ascent|p1a: Cofagrigus
|-damage|p1a: Cofagrigus|0 fnt
|-unboost|p2a: Rayquaza|def|1
|-unboost|p2a: Rayquaza|spd|1
|-weather|none
|-activate|p1a: Cofagrigus|ability: Mummy|Delta Stream|[of] p2a: Rayquaza
|faint|p1a: Cofagrigus
|
|upkeep
|c| Sodeixaeujogar|haha funny
|c|☆Lolcuzican|Gg
|
|switch|p1a: Mandibuzz|Mandibuzz, F|100/100
|turn|32
|c|☆TwentyTwan|gg
|
|move|p2a: Rayquaza|Dragon Ascent|p1a: Mandibuzz
|-damage|p1a: Mandibuzz|4/100
|-unboost|p2a: Rayquaza|def|1
|-unboost|p2a: Rayquaza|spd|1
|move|p1a: Mandibuzz|Toxic|p2a: Rayquaza
|-status|p2a: Rayquaza|tox
|
|-heal|p1a: Mandibuzz|10/100|[from] item: Leftovers
|-damage|p2a: Rayquaza|57/100 tox|[from] psn
|upkeep
|turn|33
|
|move|p2a: Rayquaza|Gyro Ball|p1a: Mandibuzz
|-damage|p1a: Mandibuzz|6/100
|move|p1a: Mandibuzz|Roost|p1a: Mandibuzz
|-heal|p1a: Mandibuzz|56/100
|-singleturn|p1a: Mandibuzz|move: Roost
|
|-heal|p1a: Mandibuzz|62/100|[from] item: Leftovers
|-damage|p2a: Rayquaza|46/100 tox|[from] psn
|upkeep
|turn|34
|
|move|p2a: Rayquaza|Dragon Ascent|p1a: Mandibuzz
|-damage|p1a: Mandibuzz|0 fnt
|-unboost|p2a: Rayquaza|def|1
|-unboost|p2a: Rayquaza|spd|1
|faint|p1a: Mandibuzz
|
|win|Lolcuzican
|c| Sodeixaeujogar|gg
|l|☆TwentyTwan
|l| Sodeixaeujogar
