|j|☆Opnoob 598ス°
|j|☆BEASTADARSH
|inactive|Battle timer is ON: inactive players will automatically lose when time's up.
|t:|1666766432
|gametype|singles
|player|p1|Opnoob 598ス°|lucas|
|player|p2|BEASTADARSH|raihan|
|teamsize|p1|6
|teamsize|p2|6
|gen|8
|tier|[Gen 8] National Dex AG
|rated|Tournament battle
|rule|HP Percentage Mod: HP is shown in percentages
|rule|Endless Battle Clause: Forcing endless battles is banned
|clearpoke
|poke|p1|Ho-Oh|
|poke|p1|Tyranitar, F|
|poke|p1|Ditto|
|poke|p1|Necrozma-Dusk-Mane|
|poke|p1|Rayquaza|
|poke|p1|Zygarde|
|poke|p2|Yveltal|
|poke|p2|Zygarde|
|poke|p2|Eternatus|
|poke|p2|Necrozma-Dusk-Mane|
|poke|p2|Ferrothorn, M|
|poke|p2|Arceus-*|
|teampreview
|c|☆Opnoob 598ス°|Have
|j| Testaltv38
|c|☆Opnoob 598ス°|Fun
|j| Defensive0
|c|☆BEASTADARSH|You
|c|☆BEASTADARSH|Too
|c| Testaltv38|watch opnoob lose
|c| Testaltv38|and cope.
|c|☆Opnoob 598ス°|no cap.
|j| Luxiee
|inactive|BEASTADARSH has 120 seconds left.
|
|t:|1666766463
|start
|switch|p1a: Rayquaza|Rayquaza|100/100
|switch|p2a: Yveltal|Yveltal, shiny|100/100
|-ability|p2a: Yveltal|Dark Aura
|-ability|p1a: Rayquaza|Air Lock
|turn|1
|c|☆Opnoob 598ス°|Tbh
|
|t:|1666766480
|switch|p1a: Tyranitar|Tyranitar, F|100/100
|-weather|Sandstorm|[from] ability: Sand Stream|[of] p1a: Tyranitar
|-start|p2a: Yveltal|Dynamax|
|-heal|p2a: Yveltal|100/100|[silent]
|move|p2a: Yveltal|Max Airstream|p1a: Tyranitar
|-resisted|p1a: Tyranitar
|-damage|p1a: Tyranitar|74/100
|-boost|p2a: Yveltal|spe|1
|-damage|p2a: Yveltal|96/100|[from] item: Life Orb
|
|-weather|Sandstorm|[upkeep]
|-damage|p2a: Yveltal|93/100|[from] Sandstorm
|-heal|p1a: Tyranitar|80/100|[from] item: Leftovers
|upkeep
|turn|2
|c|☆Opnoob 598ス°|It's a bad matchup for me
|c|☆Opnoob 598ス°|X)
|c| Testaltv38|asked?
|c| Defensive0|Anyone battle me after this match?
|
|t:|1666766500
|move|p2a: Yveltal|Max Knuckle|p1a: Tyranitar
|-supereffective|p1a: Tyranitar
|-damage|p1a: Tyranitar|0 fnt
|-boost|p2a: Yveltal|atk|1
|faint|p1a: Tyranitar
|-damage|p2a: Yveltal|88/100|[from] item: Life Orb
|
|-weather|Sandstorm|[upkeep]
|-damage|p2a: Yveltal|85/100|[from] Sandstorm
|upkeep
|c|☆Opnoob 598ス°|Don't reveal random fucking focus blast
|c|☆Opnoob 598ス°|NO
|
|t:|1666766505
|switch|p1a: Ho-Oh|Ho-Oh|100/100
|turn|3
|c|☆Opnoob 598ス°|As fucking expected
|c|☆Opnoob 598ス°|Awful
|
|t:|1666766513
|move|p2a: Yveltal|Max Darkness|p1a: Ho-Oh
|-damage|p1a: Ho-Oh|31/100
|-unboost|p1a: Ho-Oh|spd|1
|-damage|p2a: Yveltal|80/100|[from] item: Life Orb
|move|p1a: Ho-Oh|Thunder Wave|p2a: Yveltal
|-status|p2a: Yveltal|par
|
|-weather|Sandstorm|[upkeep]
|-damage|p2a: Yveltal|77/100 par|[from] Sandstorm
|-damage|p1a: Ho-Oh|25/100|[from] Sandstorm
|upkeep
|-end|p2a: Yveltal|Dynamax
|-heal|p2a: Yveltal|77/100 par|[silent]
|turn|4
|
|t:|1666766533
|move|p2a: Yveltal|Dark Pulse|p1a: Ho-Oh
|-damage|p1a: Ho-Oh|0 fnt
|faint|p1a: Ho-Oh
|-damage|p2a: Yveltal|67/100 par|[from] item: Life Orb
|
|-weather|Sandstorm|[upkeep]
|-damage|p2a: Yveltal|61/100 par|[from] Sandstorm
|upkeep
|
|t:|1666766546
|switch|p1a: Rayquaza|Rayquaza|100/100
|-ability|p1a: Rayquaza|Air Lock
|turn|5
|c|☆BEASTADARSH|Well i'll just do as damage as i can
|
|t:|1666766553
|detailschange|p1a: Rayquaza|Rayquaza-Mega
|-mega|p1a: Rayquaza|Rayquaza|
|-weather|DeltaStream|[from] ability: Delta Stream|[of] p1a: Rayquaza
|move|p1a: Rayquaza|Dragon Ascent|p2a: Yveltal
|-damage|p2a: Yveltal|0 fnt
|-unboost|p1a: Rayquaza|def|1
|-unboost|p1a: Rayquaza|spd|1
|faint|p2a: Yveltal
|
|-weather|DeltaStream|[upkeep]
|upkeep
|c| Testaltv38|opnoob lmao
|c|☆Opnoob 598ス°|,
|c|☆Opnoob 598ス°|i got totally ratioed
|c| Testaltv38|see i told b4 hand
|
|t:|1666766562
|switch|p2a: Eternatus|Eternatus|100/100
|-ability|p2a: Eternatus|Pressure
|turn|6
|c|☆Opnoob 598ス°|By that shitty tal
|c| Testaltv38|opnoob will lose and cope.
|
|t:|1666766572
|-weather|none
|switch|p1a: Necrozma|Necrozma-Dusk-Mane|100/100
|move|p2a: Eternatus|Dynamax Cannon|p1a: Necrozma
|-resisted|p1a: Necrozma
|-crit|p1a: Necrozma
|-damage|p1a: Necrozma|75/100
|
|upkeep
|turn|7
|
|t:|1666766584
|move|p2a: Eternatus|Toxic Spikes|p1a: Necrozma
|-sidestart|p1: Opnoob 598ス°|move: Toxic Spikes
|move|p1a: Necrozma|Dragon Dance|p1a: Necrozma
|-boost|p1a: Necrozma|atk|1
|-boost|p1a: Necrozma|spe|1
|
|upkeep
|turn|8
|
|t:|1666766599
|switch|p2a: Necrozma|Necrozma-Dusk-Mane|100/100
|move|p1a: Necrozma|Dragon Dance|p1a: Necrozma
|-boost|p1a: Necrozma|atk|1
|-boost|p1a: Necrozma|spe|1
|
|upkeep
|turn|9
|
|t:|1666766606
|move|p1a: Necrozma|Dragon Dance|p1a: Necrozma
|-boost|p1a: Necrozma|atk|1
|-boost|p1a: Necrozma|spe|1
|move|p2a: Necrozma|Thunder Wave|p1a: Necrozma
|-status|p1a: Necrozma|par
|
|upkeep
|turn|10
|j| kabutobruh
|
|t:|1666766613
|cant|p1a: Necrozma|par
|move|p2a: Necrozma|Stealth Rock|p1a: Necrozma
|-sidestart|p1: Opnoob 598ス°|move: Stealth Rock
|
|upkeep
|turn|11
|
|t:|1666766619
|move|p1a: Necrozma|Dragon Dance|p1a: Necrozma
|-boost|p1a: Necrozma|atk|1
|-boost|p1a: Necrozma|spe|1
|move|p2a: Necrozma|Sunsteel Strike|p1a: Necrozma
|-resisted|p1a: Necrozma
|-damage|p1a: Necrozma|62/100 par
|-damage|p2a: Necrozma|84/100|[from] item: Rocky Helmet|[of] p1a: Necrozma
|
|upkeep
|turn|12
|c|☆BEASTADARSH|Lol?
|c|☆Opnoob 598ス°|gg?
|c|☆Opnoob 598ス°|Nah
|
|t:|1666766639
|cant|p1a: Necrozma|par
|move|p2a: Necrozma|Sunsteel Strike|p1a: Necrozma
|-resisted|p1a: Necrozma
|-damage|p1a: Necrozma|49/100 par
|-damage|p2a: Necrozma|67/100|[from] item: Rocky Helmet|[of] p1a: Necrozma
|
|upkeep
|turn|13
|j| Thegriffinking2O
|c|☆BEASTADARSH|Nah my guy you're gonna get rng'd
|c|☆Opnoob 598ス°|cuz I'm mid
|
|t:|1666766650
|cant|p1a: Necrozma|par
|move|p2a: Necrozma|Sunsteel Strike|p1a: Necrozma
|-resisted|p1a: Necrozma
|-damage|p1a: Necrozma|37/100 par
|-damage|p2a: Necrozma|51/100|[from] item: Rocky Helmet|[of] p1a: Necrozma
|
|upkeep
|turn|14
|c|☆Opnoob 598ス°|ikr.
|c|☆Opnoob 598ス°|BITCH
|c|☆BEASTADARSH|Watch Child of RNG right here
|c|☆Opnoob 598ス°|move
|c|☆BEASTADARSH|ndm
|
|t:|1666766667
|move|p1a: Necrozma|Dragon Dance|p1a: Necrozma
|-boost|p1a: Necrozma|atk|1
|-boost|p1a: Necrozma|spe|1
|move|p2a: Necrozma|Morning Sun|p2a: Necrozma
|-heal|p2a: Necrozma|100/100
|
|upkeep
|turn|15
|c|☆Opnoob 598ス°|Move ndm
|c|☆Opnoob 598ス°|CMON
|
|t:|1666766675
|move|p1a: Necrozma|Morning Sun|p1a: Necrozma
|-heal|p1a: Necrozma|87/100 par
|move|p2a: Necrozma|Sunsteel Strike|p1a: Necrozma
|-resisted|p1a: Necrozma
|-damage|p1a: Necrozma|74/100 par
|-damage|p2a: Necrozma|84/100|[from] item: Rocky Helmet|[of] p1a: Necrozma
|
|upkeep
|turn|16
|
|t:|1666766689
|switch|p2a: Ferrothorn|Ferrothorn, M, shiny|100/100
|move|p1a: Necrozma|Dragon Dance|p1a: Necrozma
|-boost|p1a: Necrozma|atk|1
|-boost|p1a: Necrozma|spe|1
|
|upkeep
|turn|17
|
|t:|1666766697
|-start|p1a: Necrozma|Dynamax|
|-heal|p1a: Necrozma|74/100 par|[silent]
|move|p1a: Necrozma|Max Steelspike|p2a: Ferrothorn
|-resisted|p2a: Ferrothorn
|-crit|p2a: Ferrothorn
|-damage|p2a: Ferrothorn|0 fnt
|-boost|p1a: Necrozma|def|1
|faint|p2a: Ferrothorn
|
|upkeep
|j| OUTD Oganesson
|c|☆Opnoob 598ス°|LMAO
|c|☆Opnoob 598ス°|and that's a
|c|☆BEASTADARSH|Oh sad life
|c|☆Opnoob 598ス°|Goodi
|c|☆Opnoob 598ス°|Game
|
|t:|1666766711
|switch|p2a: Zygarde|Zygarde|100/100
|turn|18
|l| Defensive0
|c|☆Opnoob 598ス°|DONT PARA
|c|☆Opnoob 598ス°|I SWEAR IF U DO
|c|☆Opnoob 598ス°|,
|c|☆Opnoob 598ス°|,
|c|☆BEASTADARSH|para it
|c|☆Opnoob 598ス°|,
|c|☆Opnoob 598ス°|,
|c| Thegriffinking2O|Lol
|c|☆Opnoob 598ス°|,
|c|☆Opnoob 598ス°|,
|c|☆Opnoob 598ス°|,
|c|☆Opnoob 598ス°|,
|c|☆BEASTADARSH|Child of rng
|c|☆Opnoob 598ス°|,
|c|☆Opnoob 598ス°|NO
|
|t:|1666766729
|cant|p1a: Necrozma|par
|move|p2a: Zygarde|Coil|p2a: Zygarde
|-boost|p2a: Zygarde|atk|1
|-boost|p2a: Zygarde|def|1
|-boost|p2a: Zygarde|accuracy|1
|
|upkeep
|turn|19
|c|☆Opnoob 598ス°|DO FUCKING NOT
|c| kabutobruh|lmao
|c|☆BEASTADARSH|LMAO
|c|☆Opnoob 598ス°|FUCKED UPPPO
|c|☆BEASTADARSH|CHILD OF RNG
|c|☆BEASTADARSH|PULLED A FUCKIN W
|c|☆Opnoob 598ス°|COMMON FUCKING ASS NDM
|inactive|BEASTADARSH has 120 seconds left.
|c|☆Opnoob 598ス°|KILL THAT MF ZYG
|c|☆Opnoob 598ス°|RIGHT
|c|☆Opnoob 598ス°|FUCKING
|c|☆Opnoob 598ス°|NOW
|c|☆Opnoob 598ス°|WILL U
|c|☆BEASTADARSH|Child of rng
|c|☆BEASTADARSH|show me
|c|☆BEASTADARSH|another big W
|
|t:|1666766777
|move|p1a: Necrozma|Max Steelspike|p2a: Zygarde
|-damage|p2a: Zygarde|3/100
|-boost|p1a: Necrozma|def|1
|move|p2a: Zygarde|Coil|p2a: Zygarde
|-boost|p2a: Zygarde|atk|1
|-boost|p2a: Zygarde|def|1
|-boost|p2a: Zygarde|accuracy|1
|
|-heal|p2a: Zygarde|9/100|[from] item: Leftovers
|-activate|p2a: Zygarde|ability: Power Construct
|detailschange|p2a: Zygarde|Zygarde-Complete
|-heal|p2a: Zygarde|40/100|[silent]
|upkeep
|-end|p1a: Necrozma|Dynamax
|-heal|p1a: Necrozma|74/100 par|[silent]
|turn|20
|c|☆Opnoob 598ス°|OH HELL NAW
|c|☆BEASTADARSH|ight show me W now
|c|☆Opnoob 598ス°|If that para
|c|☆Opnoob 598ス°|Didn't fucking happen
|inactive|BEASTADARSH has 90 seconds left.
|c|☆BEASTADARSH|I wanna see a W
|c|☆Opnoob 598ス°|JESUS CHRIST
|c|☆Opnoob 598ス°|NO
|
|t:|1666766797
|cant|p1a: Necrozma|par
|move|p2a: Zygarde|Rest|p2a: Zygarde
|-status|p2a: Zygarde|slp|[from] move: Rest
|-heal|p2a: Zygarde|100/100 slp|[silent]
|
|upkeep
|turn|21
|n| OUTD Hydrogen|outdoganesson
|c| Thegriffinking2O|Calm down guys
|c|☆Opnoob 598ス°|stooooopid
|inactive|BEASTADARSH has 90 seconds left.
|c|☆BEASTADARSH|Ight Child of rng
|c|☆Opnoob 598ス°|Wow
|
|t:|1666766808
|move|p1a: Necrozma|Sunsteel Strike|p2a: Zygarde
|-damage|p2a: Zygarde|67/100 slp
|cant|p2a: Zygarde|slp
|
|-heal|p2a: Zygarde|73/100 slp|[from] item: Leftovers
|upkeep
|turn|22
|inactive|BEASTADARSH has 90 seconds left.
|
|t:|1666766817
|cant|p1a: Necrozma|par
|cant|p2a: Zygarde|slp
|
|-heal|p2a: Zygarde|79/100 slp|[from] item: Leftovers
|upkeep
|turn|23
|c|☆Opnoob 598ス°|BRO THIS GAME IS AN ASS
|
|t:|1666766826
|move|p1a: Necrozma|Sunsteel Strike|p2a: Zygarde
|-damage|p2a: Zygarde|46/100 slp
|-curestatus|p2a: Zygarde|slp|[msg]
|move|p2a: Zygarde|Coil|p2a: Zygarde
|-boost|p2a: Zygarde|atk|1
|-boost|p2a: Zygarde|def|1
|-boost|p2a: Zygarde|accuracy|1
|
|-heal|p2a: Zygarde|52/100|[from] item: Leftovers
|upkeep
|turn|24
|c|☆BEASTADARSH|wake up child of rng
|
|t:|1666766838
|cant|p1a: Necrozma|par
|move|p2a: Zygarde|Rest|p2a: Zygarde
|-status|p2a: Zygarde|slp|[from] move: Rest
|-heal|p2a: Zygarde|100/100 slp|[silent]
|
|upkeep
|turn|25
|c| kabutobruh|just 1 crit
|l| Thegriffinking2O
|c|☆BEASTADARSH|ight
|
|t:|1666766850
|move|p1a: Necrozma|Sunsteel Strike|p2a: Zygarde
|-damage|p2a: Zygarde|71/100 slp
|cant|p2a: Zygarde|slp
|
|-heal|p2a: Zygarde|77/100 slp|[from] item: Leftovers
|upkeep
|turn|26
|c|☆Opnoob 598ス°|Rng is just jack shit
|
|t:|1666766859
|cant|p1a: Necrozma|par
|cant|p2a: Zygarde|slp
|
|-heal|p2a: Zygarde|83/100 slp|[from] item: Leftovers
|upkeep
|turn|27
|c|☆BEASTADARSH|i mean yes it is lol
|
|t:|1666766869
|move|p1a: Necrozma|Sunsteel Strike|p2a: Zygarde
|-damage|p2a: Zygarde|56/100 slp
|-curestatus|p2a: Zygarde|slp|[msg]
|move|p2a: Zygarde|Dragon Tail|p1a: Necrozma
|-resisted|p1a: Necrozma
|-damage|p1a: Necrozma|67/100 par
|-damage|p2a: Zygarde|39/100|[from] item: Rocky Helmet|[of] p1a: Necrozma
|drag|p1a: Rayquaza|Rayquaza-Mega|100/100
|-damage|p1a: Rayquaza|76/100|[from] Stealth Rock
|-weather|DeltaStream|[from] ability: Delta Stream|[of] p1a: Rayquaza
|
|-weather|DeltaStream|[upkeep]
|-heal|p2a: Zygarde|45/100|[from] item: Leftovers
|upkeep
|turn|28
|c|☆Opnoob 598ス°|i legit won this ass game
|c|☆Opnoob 598ス°|yea fuck off game
|
|t:|1666766884
|move|p1a: Rayquaza|Dragon Ascent|p2a: Zygarde
|-damage|p2a: Zygarde|27/100
|-unboost|p1a: Rayquaza|def|1
|-unboost|p1a: Rayquaza|spd|1
|move|p2a: Zygarde|Rest|p2a: Zygarde
|-status|p2a: Zygarde|slp|[from] move: Rest
|-heal|p2a: Zygarde|100/100 slp|[silent]
|
|-weather|DeltaStream|[upkeep]
|upkeep
|turn|29
|c| Testaltv38|these peeps arguing abt rng lmao
|c| Testaltv38|skill.
|c|☆BEASTADARSH|issue game
|c|☆Opnoob 598ス°|BRO IM FUCKING MAD RIGHT NOW
|
|t:|1666766897
|move|p1a: Rayquaza|Dragon Ascent|p2a: Zygarde
|-damage|p2a: Zygarde|81/100 slp
|-unboost|p1a: Rayquaza|def|1
|-unboost|p1a: Rayquaza|spd|1
|cant|p2a: Zygarde|slp
|
|-weather|DeltaStream|[upkeep]
|-heal|p2a: Zygarde|87/100 slp|[from] item: Leftovers
|upkeep
|turn|30
|c|☆Opnoob 598ス°|SHUT UP
|c| Testaltv38|ok well
|j| Thegriffinking2O
|c| Testaltv38|bro actually mad
|c|☆Opnoob 598ス°|This isn't funny
|c|☆Opnoob 598ス°|Not one fucking bit
|
|t:|1666766915
|move|p1a: Rayquaza|Dragon Ascent|p2a: Zygarde
|-damage|p2a: Zygarde|69/100 slp
|-unboost|p1a: Rayquaza|def|1
|-unboost|p1a: Rayquaza|spd|1
|cant|p2a: Zygarde|slp
|
|-weather|DeltaStream|[upkeep]
|-heal|p2a: Zygarde|75/100 slp|[from] item: Leftovers
|upkeep
|turn|31
|c|☆Opnoob 598ス°|,
|c|☆BEASTADARSH|Child of rng is legit happy
|inactive|BEASTADARSH has 90 seconds left.
|c|☆Opnoob 598ス°|Everytime rng fucks me up
|
|t:|1666766933
|move|p1a: Rayquaza|Dragon Ascent|p2a: Zygarde
|-crit|p2a: Zygarde
|-damage|p2a: Zygarde|7/100 slp
|-unboost|p1a: Rayquaza|def|1
|-unboost|p1a: Rayquaza|spd|1
|-curestatus|p2a: Zygarde|slp|[msg]
|move|p2a: Zygarde|Coil|p2a: Zygarde
|-boost|p2a: Zygarde|atk|1
|-boost|p2a: Zygarde|def|1
|-boost|p2a: Zygarde|accuracy|1
|
|-weather|DeltaStream|[upkeep]
|-heal|p2a: Zygarde|13/100|[from] item: Leftovers
|upkeep
|turn|32
|c|☆Opnoob 598ス°|every
|c|☆Opnoob 598ス°|SINGLE TE
|c|☆BEASTADARSH|NO
|c| kabutobruh|oooo
|c|☆BEASTADARSH|NO
|c|☆Opnoob 598ス°|TIME
|c| Testaltv38|OML
|c|☆BEASTADARSH|NOOOOOO
|inactive|BEASTADARSH has 90 seconds left.
|c|☆Opnoob 598ス°|NOW
|c|☆Opnoob 598ス°|KILL THIS
|c| Testaltv38|O
|c| Testaltv38|M
|c|☆Opnoob 598ス°|BITCH
|
|t:|1666766946
|move|p1a: Rayquaza|Dragon Ascent|p2a: Zygarde
|-damage|p2a: Zygarde|0 fnt
|-unboost|p1a: Rayquaza|def|1
|-unboost|p1a: Rayquaza|spd|1
|faint|p2a: Zygarde
|
|-weather|DeltaStream|[upkeep]
|upkeep
|c| Testaltv38|L
|c|☆Opnoob 598ス°|Yes
|inactive|BEASTADARSH has 90 seconds left.
|c|☆Opnoob 598ス°|YES
|c|☆BEASTADARSH|Ah fuck child of rng
|
|t:|1666766960
|switch|p2a: Eternatus|Eternatus|100/100
|-ability|p2a: Eternatus|Pressure
|turn|33
|j| Defensive0
|inactive|BEASTADARSH has 90 seconds left.
|c|☆BEASTADARSH|go
|c|☆BEASTADARSH|daddy of rng
|
|t:|1666766972
|-weather|none
|switch|p1a: Necrozma|Necrozma-Dusk-Mane|67/100 par
|-damage|p1a: Necrozma|61/100 par|[from] Stealth Rock
|move|p2a: Eternatus|Dynamax Cannon|p1a: Necrozma
|-resisted|p1a: Necrozma
|-damage|p1a: Necrozma|42/100 par
|
|upkeep
|turn|34
|inactive|BEASTADARSH has 90 seconds left.
|
|t:|1666766981
|move|p2a: Eternatus|Mystical Fire|p1a: Necrozma
|-supereffective|p1a: Necrozma
|-crit|p1a: Necrozma
|-damage|p1a: Necrozma|0 fnt
|faint|p1a: Necrozma
|
|upkeep
|c| kabutobruh|oof
|c|☆BEASTADARSH|show em some fire
|
|t:|1666766987
|switch|p1a: Ditto|Ditto|100/100
|-status|p1a: Ditto|psn
|-damage|p1a: Ditto|88/100 psn|[from] Stealth Rock
|-transform|p1a: Ditto|p2a: Eternatus|[from] ability: Imposter
|-ability|p1a: Ditto|Pressure
|turn|35
|c|☆Opnoob 598ス°|Tho
|c|☆Opnoob 598ス°|Watch me lose to mf etern
|c|☆BEASTADARSH|good ass fire right here
|
|t:|1666767001
|switch|p2a: Arceus|Arceus-Fairy|100/100
|move|p1a: Ditto|Dynamax Cannon|p2a: Arceus
|-immune|p2a: Arceus
|
|-damage|p1a: Ditto|76/100 psn|[from] psn
|upkeep
|turn|36
|l|outdhydrogen
|c|☆Opnoob 598ス°|Ok and it's Arceus fairy
|c|☆Opnoob 598ス°|Because yes
|c|☆Opnoob 598ス°|YES FUCKING GAME
|c|☆Opnoob 598ス°|THANK YOU
|c|☆BEASTADARSH|this match was a good bit of rng
|inactive|Opnoob 598ス° has 120 seconds left.
|c|☆Opnoob 598ス°|i get a bad ass matchup
|c|☆Opnoob 598ス°|And still get fucked up by rng
|c|☆Opnoob 598ス°|Stfu game
|
|t:|1666767056
|switch|p1a: Zygarde|Zygarde|100/100
|-status|p1a: Zygarde|psn
|-damage|p1a: Zygarde|94/100 psn|[from] Stealth Rock
|move|p2a: Arceus|Judgment|p1a: Zygarde
|-supereffective|p1a: Zygarde
|-damage|p1a: Zygarde|9/100 psn
|
|-heal|p1a: Zygarde|16/100 psn|[from] item: Leftovers
|-damage|p1a: Zygarde|3/100 psn|[from] psn
|-activate|p1a: Zygarde|ability: Power Construct
|detailschange|p1a: Zygarde|Zygarde-Complete
|-heal|p1a: Zygarde|36/100 psn|[silent]
|upkeep
|turn|37
|c|☆BEASTADARSH|mhm
|-message|Opnoob 598ス° forfeited.
|
|win|BEASTADARSH
|n|☆Opnoob 598ス°|opnoob598
|n|☆BEASTADARSH|beastadarsh
|n| Testaltv38|testaltv38
|n| kabutobruh|kabutobruh
|n| Thegriffinking2O|thegriffinking2o
|n| Defensive0|defensive0
