|j|☆amnael01
|j|☆DarkboiJ
|t:|1667332659
|gametype|singles
|player|p1|amnael01|1|1817
|player|p2|DarkboiJ|blue-gen3two|2031
|teamsize|p1|6
|teamsize|p2|6
|gen|8
|tier|[Gen 8] National Dex AG
|rated|
|rule|HP Percentage Mod: HP is shown in percentages
|rule|Endless Battle Clause: Forcing endless battles is banned
|clearpoke
|poke|p1|Smeargle, M|
|poke|p1|Groudon|
|poke|p1|Espeon, M|
|poke|p1|Rayquaza|
|poke|p1|Xerneas-*|
|poke|p1|Zacian-*|
|poke|p2|Mewtwo|
|poke|p2|Zygarde|
|poke|p2|Zygarde|
|poke|p2|Ditto|
|poke|p2|Arceus-*|
|poke|p2|Arceus-*|
|teampreview
|inactive|Battle timer is ON: inactive players will automatically lose when time's up. (requested by DarkboiJ)
|
|t:|1667332679
|start
|switch|p1a: Espeon|Espeon, M|100/100
|switch|p2a: Arceus|Arceus-Fairy|100/100
|turn|1
|
|t:|1667332688
|move|p1a: Espeon|Yawn|p2a: Arceus
|-start|p2a: Arceus|move: Yawn|[of] p1a: Espeon
|move|p2a: Arceus|Judgment|p1a: Espeon
|-damage|p1a: Espeon|34/100
|
|upkeep
|turn|2
|
|t:|1667332699
|switch|p2a: Arceus|Arceus|100/100
|move|p1a: Espeon|Baton Pass|p1a: Espeon
|
|t:|1667332701
|switch|p1a: Zacian|Zacian-Crowned|100/100|[from]move: Baton Pass
|-ability|p1a: Zacian|Intrepid Sword|boost
|-boost|p1a: Zacian|atk|1
|
|upkeep
|turn|3
|
|t:|1667332721
|switch|p2a: Zygarde|Zygarde, shiny|100/100
|move|p1a: Zacian|Close Combat|p2a: Zygarde
|-damage|p2a: Zygarde|61/100
|-unboost|p1a: Zacian|def|1
|-unboost|p1a: Zacian|spd|1
|
|upkeep
|turn|4
|
|t:|1667332725
|switch|p2a: Ditto|Ditto, shiny|100/100
|-transform|p2a: Ditto|p1a: Zacian|[from] ability: Imposter
|-ability|p2a: Ditto|Intrepid Sword|boost
|-boost|p2a: Ditto|atk|1
|move|p1a: Zacian|Play Rough|p2a: Ditto
|-resisted|p2a: Ditto
|-damage|p2a: Ditto|40/100
|
|upkeep
|turn|5
|
|t:|1667332731
|switch|p1a: Espeon|Espeon, M|34/100
|move|p2a: Ditto|Behemoth Blade|p1a: Espeon
|-damage|p1a: Espeon|0 fnt
|faint|p1a: Espeon
|
|upkeep
|
|t:|1667332735
|switch|p1a: Groudon|Groudon|100/100
|detailschange|p1a: Groudon|Groudon-Primal
|-primal|p1a: Groudon
|-weather|DesolateLand|[from] ability: Desolate Land|[of] p1a: Groudon
|turn|6
|
|t:|1667332741
|switch|p2a: Arceus|Arceus-Fairy|100/100
|move|p1a: Groudon|Earthquake|p2a: Arceus
|-damage|p2a: Arceus|60/100
|
|-weather|DesolateLand|[upkeep]
|upkeep
|turn|7
|
|t:|1667332746
|move|p1a: Groudon|Fire Punch|p2a: Arceus
|-crit|p2a: Arceus
|-damage|p2a: Arceus|0 fnt
|faint|p2a: Arceus
|
|-weather|DesolateLand|[upkeep]
|upkeep
|
|t:|1667332765
|switch|p2a: Ditto|Ditto, shiny|40/100
|-transform|p2a: Ditto|p1a: Groudon|[from] ability: Imposter
|turn|8
|
|t:|1667332767
|move|p2a: Ditto|Stealth Rock|p1a: Groudon
|-sidestart|p1: amnael01|move: Stealth Rock
|move|p1a: Groudon|Earthquake|p2a: Ditto
|-supereffective|p2a: Ditto
|-damage|p2a: Ditto|0 fnt
|faint|p2a: Ditto
|
|-weather|DesolateLand|[upkeep]
|upkeep
|
|t:|1667332772
|switch|p2a: Zygarde|Zygarde, shiny|100/100
|turn|9
|
|t:|1667332774
|move|p2a: Zygarde|Thousand Waves|p1a: Groudon
|-supereffective|p1a: Groudon
|-damage|p1a: Groudon|61/100
|-activate|p1a: Groudon|trapped
|move|p1a: Groudon|Roar|p2a: Zygarde
|drag|p2a: Arceus|Arceus|100/100
|
|-weather|DesolateLand|[upkeep]
|upkeep
|turn|10
|
|t:|1667332782
|move|p1a: Groudon|Fire Punch|p2a: Arceus
|-damage|p2a: Arceus|50/100
|move|p2a: Arceus|Swords Dance|p2a: Arceus
|-boost|p2a: Arceus|atk|2
|
|-weather|DesolateLand|[upkeep]
|upkeep
|turn|11
|
|t:|1667332787
|move|p2a: Arceus|Extreme Speed|p1a: Groudon
|-damage|p1a: Groudon|8/100
|move|p1a: Groudon|Fire Punch|p2a: Arceus
|-damage|p2a: Arceus|3/100
|
|-weather|DesolateLand|[upkeep]
|upkeep
|turn|12
|
|t:|1667332790
|move|p2a: Arceus|Extreme Speed|p1a: Groudon
|-damage|p1a: Groudon|0 fnt
|faint|p1a: Groudon
|-weather|none
|
|upkeep
|
|t:|1667332792
|switch|p1a: Zacian|Zacian-Crowned|100/100
|-damage|p1a: Zacian|94/100|[from] Stealth Rock
|-ability|p1a: Zacian|Intrepid Sword|boost
|-boost|p1a: Zacian|atk|1
|turn|13
|
|t:|1667332794
|move|p2a: Arceus|Extreme Speed|p1a: Zacian
|-resisted|p1a: Zacian
|-damage|p1a: Zacian|54/100
|move|p1a: Zacian|Behemoth Blade|p2a: Arceus
|-crit|p2a: Arceus
|-damage|p2a: Arceus|0 fnt
|faint|p2a: Arceus
|
|upkeep
|
|t:|1667332802
|switch|p2a: Zygarde|Zygarde, shiny|100/100
|turn|14
|
|t:|1667332807
|-start|p2a: Zygarde|Dynamax|
|-heal|p2a: Zygarde|100/100|[silent]
|move|p1a: Zacian|Play Rough|p2a: Zygarde
|-supereffective|p2a: Zygarde
|-damage|p2a: Zygarde|43/100
|move|p2a: Zygarde|Max Quake|p1a: Zacian
|-supereffective|p1a: Zacian
|-damage|p1a: Zacian|0 fnt
|-boost|p2a: Zygarde|spd|1
|faint|p1a: Zacian
|
|-heal|p2a: Zygarde|46/100|[from] item: Leftovers
|-activate|p2a: Zygarde|ability: Power Construct
|detailschange|p2a: Zygarde|Zygarde-Complete, shiny
|-heal|p2a: Zygarde|64/100|[silent]
|upkeep
|
|t:|1667332814
|switch|p1a: Smeargle|Smeargle, M|100/100
|-damage|p1a: Smeargle|88/100|[from] Stealth Rock
|turn|15
|
|t:|1667332827
|move|p1a: Smeargle|Spore|p2a: Zygarde
|-status|p2a: Zygarde|slp|[from] move: Spore
|cant|p2a: Zygarde|slp
|
|-heal|p2a: Zygarde|67/100 slp|[from] item: Leftovers
|-ability|p1a: Smeargle|Moody|boost
|-boost|p1a: Smeargle|def|2
|-unboost|p1a: Smeargle|spa|1
|upkeep
|turn|16
|
|t:|1667332829
|move|p1a: Smeargle|Shift Gear|p1a: Smeargle
|-boost|p1a: Smeargle|spe|2
|-boost|p1a: Smeargle|atk|1
|-curestatus|p2a: Zygarde|slp|[msg]
|move|p2a: Zygarde|Max Quake|p1a: Smeargle
|-damage|p1a: Smeargle|31/100
|-boost|p2a: Zygarde|spd|1
|
|-heal|p2a: Zygarde|70/100|[from] item: Leftovers
|-ability|p1a: Smeargle|Moody|boost
|-boost|p1a: Smeargle|atk|2
|-unboost|p1a: Smeargle|spa|1
|upkeep
|-end|p2a: Zygarde|Dynamax
|-heal|p2a: Zygarde|70/100|[silent]
|turn|17
|j| PlayinMite
|
|t:|1667332840
|switch|p2a: Zygarde|Zygarde, shiny|61/100
|move|p1a: Smeargle|Spore|p2a: Zygarde
|-activate|p2a: Zygarde|item: Safety Goggles|Spore
|
|-ability|p1a: Smeargle|Moody|boost
|-boost|p1a: Smeargle|spd|2
|-unboost|p1a: Smeargle|spa|1
|upkeep
|turn|18
|
|t:|1667332844
|move|p1a: Smeargle|Baton Pass|p1a: Smeargle
|
|t:|1667332845
|switch|p1a: Rayquaza|Rayquaza|100/100|[from]move: Baton Pass
|-damage|p1a: Rayquaza|76/100|[from] Stealth Rock
|-ability|p1a: Rayquaza|Air Lock
|move|p2a: Zygarde|Haze|p2a: Zygarde
|-clearallboost
|
|upkeep
|turn|19
|
|t:|1667332852
|detailschange|p1a: Rayquaza|Rayquaza-Mega
|-mega|p1a: Rayquaza|Rayquaza|
|-weather|DeltaStream|[from] ability: Delta Stream|[of] p1a: Rayquaza
|move|p1a: Rayquaza|Dragon Ascent|p2a: Zygarde
|-damage|p2a: Zygarde|18/100
|-unboost|p1a: Rayquaza|def|1
|-unboost|p1a: Rayquaza|spd|1
|move|p2a: Zygarde|Glare|p1a: Rayquaza
|-status|p1a: Rayquaza|par
|
|-weather|DeltaStream|[upkeep]
|-activate|p2a: Zygarde|ability: Power Construct
|detailschange|p2a: Zygarde|Zygarde-Complete, shiny
|-heal|p2a: Zygarde|46/100|[silent]
|upkeep
|turn|20
|
|t:|1667332858
|move|p2a: Zygarde|Thousand Arrows|p1a: Rayquaza
|-damage|p1a: Rayquaza|29/100 par
|-start|p1a: Rayquaza|Smack Down
|cant|p1a: Rayquaza|par
|
|-weather|DeltaStream|[upkeep]
|upkeep
|turn|21
|
|t:|1667332865
|move|p2a: Zygarde|Thousand Arrows|p1a: Rayquaza
|-damage|p1a: Rayquaza|0 fnt
|faint|p1a: Rayquaza
|-weather|none
|
|upkeep
|
|t:|1667332867
|switch|p1a: Xerneas|Xerneas|100/100
|-damage|p1a: Xerneas|88/100|[from] Stealth Rock
|-ability|p1a: Xerneas|Fairy Aura
|turn|22
|
|t:|1667332870
|move|p1a: Xerneas|Moonblast|p2a: Zygarde
|-supereffective|p2a: Zygarde
|-damage|p2a: Zygarde|0 fnt
|faint|p2a: Zygarde
|
|upkeep
|
|t:|1667332874
|switch|p2a: Zygarde|Zygarde-Complete, shiny|70/100
|turn|23
|
|t:|1667332878
|move|p1a: Xerneas|Moonblast|p2a: Zygarde
|-supereffective|p2a: Zygarde
|-damage|p2a: Zygarde|25/100
|-unboost|p2a: Zygarde|spa|1
|move|p2a: Zygarde|Thousand Arrows|p1a: Xerneas
|-damage|p1a: Xerneas|65/100
|
|-heal|p2a: Zygarde|31/100|[from] item: Leftovers
|upkeep
|turn|24
|
|t:|1667332882
|move|p1a: Xerneas|Geomancy||[still]
|-prepare|p1a: Xerneas|Geomancy
|-enditem|p1a: Xerneas|Power Herb
|-anim|p1a: Xerneas|Geomancy|p1a: Xerneas
|-boost|p1a: Xerneas|spa|2
|-boost|p1a: Xerneas|spd|2
|-boost|p1a: Xerneas|spe|2
|move|p2a: Zygarde|Thousand Arrows|p1a: Xerneas
|-damage|p1a: Xerneas|44/100
|
|-heal|p2a: Zygarde|37/100|[from] item: Leftovers
|upkeep
|turn|25
|
|t:|1667332885
|move|p1a: Xerneas|Moonblast|p2a: Zygarde
|-supereffective|p2a: Zygarde
|-damage|p2a: Zygarde|0 fnt
|faint|p2a: Zygarde
|
|upkeep
|
|t:|1667332888
|switch|p2a: Mewtwo|Mewtwo|100/100
|-ability|p2a: Mewtwo|Pressure
|turn|26
|
|t:|1667332891
|detailschange|p2a: Mewtwo|Mewtwo-Mega-X
|-mega|p2a: Mewtwo|Mewtwo|Mewtwonite X
|-start|p1a: Xerneas|Dynamax|
|-heal|p1a: Xerneas|44/100|[silent]
|move|p1a: Xerneas|Max Starfall|p2a: Mewtwo
|-supereffective|p2a: Mewtwo
|-damage|p2a: Mewtwo|0 fnt
|-fieldstart|move: Misty Terrain
|faint|p2a: Mewtwo
|
|win|amnael01
|raw|amnael01's rating: 1817 &rarr; <strong>1848</strong><br />(+31 for winning)
|raw|DarkboiJ's rating: 2031 &rarr; <strong>2000</strong><br />(-31 for losing)
|l|☆DarkboiJ
|l| PlayinMite
|l|☆amnael01
||Ladder isn't responding, score probably updated but might not have (Request timeout).
