|j|☆SethPokemonPro
|j|☆Glaliegoesboom
|t:|1661644293
|gametype|singles
|player|p1|SethPokemonPro|cynthia-gen4|
|player|p2|Glaliegoesboom|cynthia-masters|
|teamsize|p1|6
|teamsize|p2|6
|gen|8
|tier|[Gen 8] National Dex AG
|rule|HP Percentage Mod: HP is shown in percentages
|rule|Endless Battle Clause: Forcing endless battles is banned
|clearpoke
|poke|p1|Zekrom|
|poke|p1|Zamazenta-*|
|poke|p1|Clefable, M|
|poke|p1|Ferrothorn, F|
|poke|p1|Rotom-Wash|
|poke|p1|Weavile, F|
|poke|p2|Clefable, F|
|poke|p2|Ferrothorn, F|
|poke|p2|Hippowdon, F|
|poke|p2|Dialga|
|poke|p2|Gyarados, F|
|poke|p2|Giratina-Origin|
|teampreview
|inactive|Battle timer is ON: inactive players will automatically lose when time's up. (requested by Glaliegoesboom)
|
|t:|1661644311
|start
|switch|p1a: Ferrothorn|Ferrothorn, F|100/100
|switch|p2a: Clefable|Clefable, F|100/100
|turn|1
|
|t:|1661644319
|move|p1a: Ferrothorn|Protect|p1a: Ferrothorn
|-singleturn|p1a: Ferrothorn|Protect
|move|p2a: Clefable|Flamethrower|p1a: Ferrothorn
|-activate|p1a: Ferrothorn|move: Protect
|
|upkeep
|turn|2
|
|t:|1661644326
|switch|p1a: Clefable|Clefable, M|100/100
|move|p2a: Clefable|Flamethrower|p1a: Clefable
|-damage|p1a: Clefable|77/100
|-damage|p2a: Clefable|91/100|[from] item: Life Orb
|
|upkeep
|turn|3
|
|t:|1661644335
|switch|p2a: Ferrothorn|Ferrothorn, F|100/100
|-ability|p2a: Ferrothorn|Anticipation
|move|p1a: Clefable|Soft-Boiled|p1a: Clefable
|-heal|p1a: Clefable|100/100
|
|upkeep
|turn|4
|
|t:|1661644344
|switch|p2a: Gyarados|Gyarados, F|100/100
|-ability|p2a: Gyarados|Intimidate|boost
|-unboost|p1a: Clefable|atk|1
|move|p1a: Clefable|Flamethrower|p2a: Gyarados
|-resisted|p2a: Gyarados
|-damage|p2a: Gyarados|86/100
|-status|p2a: Gyarados|brn
|
|-damage|p2a: Gyarados|80/100 brn|[from] brn
|upkeep
|turn|5
|
|t:|1661644352
|switch|p2a: Dialga|Dialga|100/100
|-ability|p2a: Dialga|Pressure
|switch|p1a: Ferrothorn|Ferrothorn, F|100/100
|
|upkeep
|turn|6
|
|t:|1661644360
|move|p1a: Ferrothorn|Protect|p1a: Ferrothorn
|-singleturn|p1a: Ferrothorn|Protect
|move|p2a: Dialga|Flamethrower|p1a: Ferrothorn
|-activate|p1a: Ferrothorn|move: Protect
|
|upkeep
|turn|7
|
|t:|1661644367
|switch|p1a: Zamazenta|Zamazenta|100/100
|-ability|p1a: Zamazenta|Dauntless Shield|boost
|-boost|p1a: Zamazenta|def|1
|move|p2a: Dialga|Flamethrower|p1a: Zamazenta
|-damage|p1a: Zamazenta|79/100
|
|upkeep
|turn|8
|
|t:|1661644377
|switch|p2a: Giratina|Giratina-Origin|100/100
|move|p1a: Zamazenta|Close Combat|p2a: Giratina
|-immune|p2a: Giratina
|
|upkeep
|turn|9
|
|t:|1661644384
|switch|p1a: Rotom|Rotom-Wash|100/100
|move|p2a: Giratina|Toxic|p1a: Rotom
|-status|p1a: Rotom|tox
|
|-damage|p1a: Rotom|94/100 tox|[from] psn
|upkeep
|turn|10
|
|t:|1661644393
|move|p2a: Giratina|Poltergeist|p1a: Rotom
|-activate|p1a: Rotom|move: Poltergeist|Rocky Helmet
|-damage|p1a: Rotom|54/100 tox
|move|p1a: Rotom|Will-O-Wisp|p2a: Giratina|[miss]
|-miss|p1a: Rotom|p2a: Giratina
|
|-damage|p1a: Rotom|42/100 tox|[from] psn
|upkeep
|turn|11
|c|☆SethPokemonPro|fuck
|
|t:|1661644406
|move|p2a: Giratina|Poltergeist|p1a: Rotom
|-activate|p1a: Rotom|move: Poltergeist|Rocky Helmet
|-damage|p1a: Rotom|0 fnt
|faint|p1a: Rotom
|
|upkeep
|
|t:|1661644424
|switch|p1a: Zekrom|Zekrom|100/100
|-ability|p1a: Zekrom|Teravolt
|turn|12
|
|t:|1661644432
|-start|p1a: Zekrom|Dynamax|
|-heal|p1a: Zekrom|100/100|[silent]
|move|p1a: Zekrom|Max Wyrmwind|p2a: Giratina
|-supereffective|p2a: Giratina
|-damage|p2a: Giratina|12/100
|-unboost|p2a: Giratina|atk|1
|-damage|p1a: Zekrom|96/100|[from] item: Life Orb
|move|p2a: Giratina|Will-O-Wisp|p1a: Zekrom
|-status|p1a: Zekrom|brn
|
|-damage|p1a: Zekrom|92/100 brn|[from] brn
|upkeep
|turn|13
|
|t:|1661644445
|switch|p2a: Hippowdon|Hippowdon, F|100/100
|-weather|Sandstorm|[from] ability: Sand Stream|[of] p2a: Hippowdon
|move|p1a: Zekrom|Max Wyrmwind|p2a: Hippowdon
|-damage|p2a: Hippowdon|3/100
|-unboost|p2a: Hippowdon|atk|1
|-damage|p1a: Zekrom|87/100 brn|[from] item: Life Orb
|
|-weather|Sandstorm|[upkeep]
|-damage|p1a: Zekrom|84/100 brn|[from] Sandstorm
|-heal|p2a: Hippowdon|9/100|[from] item: Leftovers
|-damage|p1a: Zekrom|81/100 brn|[from] brn
|upkeep
|turn|14
|
|t:|1661644456
|move|p1a: Zekrom|Max Wyrmwind|p2a: Hippowdon
|-damage|p2a: Hippowdon|0 fnt
|faint|p2a: Hippowdon
|-damage|p1a: Zekrom|76/100 brn|[from] item: Life Orb
|
|-weather|Sandstorm|[upkeep]
|-damage|p1a: Zekrom|73/100 brn|[from] Sandstorm
|-damage|p1a: Zekrom|70/100 brn|[from] brn
|upkeep
|
|t:|1661644460
|switch|p2a: Clefable|Clefable, F|91/100
|-end|p1a: Zekrom|Dynamax
|-heal|p1a: Zekrom|70/100 brn|[silent]
|turn|15
|
|t:|1661644473
|move|p1a: Zekrom|Bolt Strike|p2a: Clefable|[miss]
|-miss|p1a: Zekrom|p2a: Clefable
|move|p2a: Clefable|Moonblast|p1a: Zekrom
|-supereffective|p1a: Zekrom
|-damage|p1a: Zekrom|0 fnt
|faint|p1a: Zekrom
|-damage|p2a: Clefable|81/100|[from] item: Life Orb
|
|-weather|Sandstorm|[upkeep]
|-damage|p2a: Clefable|75/100|[from] Sandstorm
|upkeep
|
|t:|1661644491
|switch|p1a: Zamazenta|Zamazenta|79/100
|-ability|p1a: Zamazenta|Dauntless Shield|boost
|-boost|p1a: Zamazenta|def|1
|turn|16
|
|t:|1661644495
|move|p1a: Zamazenta|Play Rough|p2a: Clefable
|-damage|p2a: Clefable|54/100
|move|p2a: Clefable|Moonblast|p1a: Zamazenta
|-supereffective|p1a: Zamazenta
|-enditem|p1a: Zamazenta|Roseli Berry|[eat]
|-enditem|p1a: Zamazenta|Roseli Berry|[weaken]
|-damage|p1a: Zamazenta|55/100
|-unboost|p1a: Zamazenta|spa|1
|-damage|p2a: Clefable|44/100|[from] item: Life Orb
|
|-weather|Sandstorm|[upkeep]
|-damage|p1a: Zamazenta|49/100|[from] Sandstorm
|-damage|p2a: Clefable|38/100|[from] Sandstorm
|upkeep
|turn|17
|
|t:|1661644513
|move|p1a: Zamazenta|Play Rough|p2a: Clefable
|-damage|p2a: Clefable|18/100
|-unboost|p2a: Clefable|atk|1
|move|p2a: Clefable|Soft-Boiled|p2a: Clefable
|-heal|p2a: Clefable|68/100
|
|-weather|none
|upkeep
|turn|18
|
|t:|1661644520
|switch|p1a: Clefable|Clefable, M|100/100
|move|p2a: Clefable|Soft-Boiled|p2a: Clefable
|-heal|p2a: Clefable|100/100
|
|upkeep
|turn|19
|
|t:|1661644528
|switch|p2a: Gyarados|Gyarados, F|80/100 brn
|-ability|p2a: Gyarados|Intimidate|boost
|-unboost|p1a: Clefable|atk|1
|move|p1a: Clefable|Moonblast|p2a: Gyarados
|-damage|p2a: Gyarados|25/100 brn
|
|-damage|p2a: Gyarados|19/100 brn|[from] brn
|upkeep
|turn|20
|
|t:|1661644538
|switch|p1a: Ferrothorn|Ferrothorn, F|100/100
|move|p2a: Gyarados|Taunt|p1a: Ferrothorn
|-start|p1a: Ferrothorn|move: Taunt
|
|-damage|p2a: Gyarados|13/100 brn|[from] brn
|upkeep
|turn|21
|
|t:|1661644545
|detailschange|p2a: Gyarados|Gyarados-Mega, F
|-mega|p2a: Gyarados|Gyarados|Gyaradosite
|-ability|p2a: Gyarados|Mold Breaker
|move|p2a: Gyarados|Waterfall|p1a: Ferrothorn
|-resisted|p1a: Ferrothorn
|-damage|p1a: Ferrothorn|90/100
|-damage|p2a: Gyarados|1/100 brn|[from] ability: Iron Barbs|[of] p1a: Ferrothorn
|cant|p1a: Ferrothorn|flinch
|
|-heal|p1a: Ferrothorn|97/100|[from] item: Leftovers
|-damage|p2a: Gyarados|0 fnt|[from] brn
|faint|p2a: Gyarados
|upkeep
|
|t:|1661644555
|switch|p2a: Giratina|Giratina-Origin|12/100
|turn|22
|
|t:|1661644563
|switch|p1a: Clefable|Clefable, M|100/100
|move|p2a: Giratina|Will-O-Wisp|p1a: Clefable
|-status|p1a: Clefable|brn
|
|upkeep
|turn|23
|
|t:|1661644580
|switch|p1a: Weavile|Weavile, F|100/100
|-ability|p1a: Weavile|Pressure
|move|p2a: Giratina|Poltergeist|p1a: Weavile|[miss]
|-miss|p2a: Giratina|p1a: Weavile
|
|upkeep
|turn|24
|
|t:|1661644596
|switch|p2a: Ferrothorn|Ferrothorn, F|100/100
|move|p1a: Weavile|Knock Off|p2a: Ferrothorn
|-damage|p2a: Ferrothorn|69/100
|-enditem|p2a: Ferrothorn|Chople Berry|[from] move: Knock Off|[of] p1a: Weavile
|
|upkeep
|turn|25
|
|t:|1661644610
|switch|p1a: Ferrothorn|Ferrothorn, F|97/100
|move|p2a: Ferrothorn|Stealth Rock|p1a: Ferrothorn
|-sidestart|p1: SethPokemonPro|move: Stealth Rock
|
|-heal|p1a: Ferrothorn|100/100|[from] item: Leftovers
|upkeep
|turn|26
|
|t:|1661644614
|move|p1a: Ferrothorn|Stealth Rock|p2a: Ferrothorn
|-sidestart|p2: Glaliegoesboom|move: Stealth Rock
|move|p2a: Ferrothorn|Knock Off|p1a: Ferrothorn
|-damage|p1a: Ferrothorn|83/100
|-damage|p2a: Ferrothorn|57/100|[from] ability: Iron Barbs|[of] p1a: Ferrothorn
|-enditem|p1a: Ferrothorn|Leftovers|[from] move: Knock Off|[of] p2a: Ferrothorn
|
|upkeep
|turn|27
|
|t:|1661644622
|switch|p1a: Zamazenta|Zamazenta|49/100
|-damage|p1a: Zamazenta|43/100|[from] Stealth Rock
|-ability|p1a: Zamazenta|Dauntless Shield|boost
|-boost|p1a: Zamazenta|def|1
|switch|p2a: Giratina|Giratina-Origin|12/100
|-damage|p2a: Giratina|0 fnt|[from] Stealth Rock
|faint|p2a: Giratina
|
|upkeep
|
|t:|1661644625
|switch|p2a: Clefable|Clefable, F|100/100
|-damage|p2a: Clefable|88/100|[from] Stealth Rock
|turn|28
|
|t:|1661644632
|move|p1a: Zamazenta|Rest|p1a: Zamazenta
|-status|p1a: Zamazenta|slp|[from] move: Rest
|-heal|p1a: Zamazenta|100/100 slp|[silent]
|move|p2a: Clefable|Moonblast|p1a: Zamazenta
|-supereffective|p1a: Zamazenta
|-damage|p1a: Zamazenta|52/100 slp
|-damage|p2a: Clefable|78/100|[from] item: Life Orb
|
|upkeep
|turn|29
|
|t:|1661644647
|switch|p1a: Ferrothorn|Ferrothorn, F|83/100
|-damage|p1a: Ferrothorn|77/100|[from] Stealth Rock
|move|p2a: Clefable|Moonblast|p1a: Ferrothorn
|-resisted|p1a: Ferrothorn
|-damage|p1a: Ferrothorn|65/100
|-damage|p2a: Clefable|68/100|[from] item: Life Orb
|
|upkeep
|turn|30
|
|t:|1661644654
|move|p2a: Clefable|Soft-Boiled|p2a: Clefable
|-heal|p2a: Clefable|100/100
|move|p1a: Ferrothorn|Bullet Seed|p2a: Clefable
|-damage|p2a: Clefable|94/100
|-crit|p2a: Clefable
|-damage|p2a: Clefable|85/100
|-hitcount|p2a: Clefable|2
|
|upkeep
|turn|31
|
|t:|1661644663
|move|p2a: Clefable|Flamethrower|p1a: Ferrothorn
|-supereffective|p1a: Ferrothorn
|-damage|p1a: Ferrothorn|0 fnt
|faint|p1a: Ferrothorn
|-damage|p2a: Clefable|75/100|[from] item: Life Orb
|
|upkeep
|
|t:|1661644666
|switch|p1a: Clefable|Clefable, M|100/100 brn
|turn|32
|
|t:|1661644670
|move|p2a: Clefable|Soft-Boiled|p2a: Clefable
|-heal|p2a: Clefable|100/100
|move|p1a: Clefable|Moonblast|p2a: Clefable
|-damage|p2a: Clefable|45/100
|
|upkeep
|turn|33
|
|t:|1661644675
|move|p1a: Clefable|Moonblast|p2a: Clefable
|-damage|p2a: Clefable|0 fnt
|faint|p2a: Clefable
|
|upkeep
|
|t:|1661644678
|switch|p2a: Dialga|Dialga|100/100
|-damage|p2a: Dialga|94/100|[from] Stealth Rock
|-ability|p2a: Dialga|Pressure
|turn|34
|
|t:|1661644682
|-start|p2a: Dialga|Dynamax|
|-heal|p2a: Dialga|94/100|[silent]
|move|p2a: Dialga|Max Steelspike|p1a: Clefable
|-supereffective|p1a: Clefable
|-damage|p1a: Clefable|0 fnt
|-boost|p2a: Dialga|def|1
|faint|p1a: Clefable
|
|upkeep
|
|t:|1661644694
|switch|p1a: Zamazenta|Zamazenta|52/100 slp
|-damage|p1a: Zamazenta|46/100 slp|[from] Stealth Rock
|-ability|p1a: Zamazenta|Dauntless Shield|boost
|-boost|p1a: Zamazenta|def|1
|turn|35
|
|t:|1661644698
|cant|p1a: Zamazenta|slp
|move|p1a: Zamazenta|Sleep Talk|p1a: Zamazenta
|move|p1a: Zamazenta|Play Rough|p2a: Dialga|[from]move: Sleep Talk
|-damage|p2a: Dialga|88/100
|move|p2a: Dialga|Max Wyrmwind|p1a: Zamazenta
|-damage|p1a: Zamazenta|0 fnt
|faint|p1a: Zamazenta
|
|upkeep
|
|t:|1661644704
|switch|p1a: Weavile|Weavile, F|100/100
|-damage|p1a: Weavile|76/100|[from] Stealth Rock
|-ability|p1a: Weavile|Pressure
|turn|36
|
|t:|1661644709
|-zpower|p1a: Weavile
|move|p1a: Weavile|Tectonic Rage|p2a: Dialga|[zeffect]
|-supereffective|p2a: Dialga
|-damage|p2a: Dialga|61/100
|move|p2a: Dialga|Max Steelspike|p1a: Weavile
|-supereffective|p1a: Weavile
|-damage|p1a: Weavile|0 fnt
|-boost|p2a: Dialga|def|1
|faint|p1a: Weavile
|
|win|Glaliegoesboom
|c|☆SethPokemonPro|gg
|c|☆Glaliegoesboom|Gg
|c|☆SethPokemonPro|didnt expect gira
|l|☆Glaliegoesboom
|c|☆SethPokemonPro|to tank
