|j|☆Viole25th
|j|☆aseeasase
|t:|1658627509
|gametype|singles
|player|p1|Viole25th|101|1762
|player|p2|aseeasase|170|1726
|teamsize|p1|6
|teamsize|p2|6
|gen|8
|tier|[Gen 8] National Dex AG
|rated|
|rule|HP Percentage Mod: HP is shown in percentages
|rule|Endless Battle Clause: Forcing endless battles is banned
|clearpoke
|poke|p1|Yveltal|
|poke|p1|Deoxys-Speed|
|poke|p1|Marshadow|
|poke|p1|Calyrex-Shadow|
|poke|p1|Arceus-*|
|poke|p1|Vivillon-Icy Snow, M|
|poke|p2|Arceus-*|
|poke|p2|Tyranitar, M|
|poke|p2|Calyrex-Shadow|
|poke|p2|Ditto|
|poke|p2|Reshiram|
|poke|p2|Giratina-Origin|
|teampreview
|inactive|Battle timer is ON: inactive players will automatically lose when time's up. (requested by Viole25th)
|
|t:|1658627524
|start
|switch|p1a: Rápido|Deoxys-Speed, shiny|100/100
|switch|p2a: Tyranitar|Tyranitar, M|100/100
|-ability|p1a: Rápido|Pressure
|-weather|Sandstorm|[from] ability: Sand Stream|[of] p2a: Tyranitar
|turn|1
|
|t:|1658627529
|detailschange|p2a: Tyranitar|Tyranitar-Mega, M
|-mega|p2a: Tyranitar|Tyranitar|Tyranitarite
|move|p1a: Rápido|Taunt|p2a: Tyranitar
|-start|p2a: Tyranitar|move: Taunt
|cant|p2a: Tyranitar|move: Taunt|Stealth Rock
|
|-weather|Sandstorm|[upkeep]
|-damage|p1a: Rápido|94/100|[from] Sandstorm
|upkeep
|turn|2
|inactive|aseeasase has 120 seconds left.
|
|t:|1658627564
|move|p1a: Rápido|Stealth Rock|p2a: Tyranitar
|-sidestart|p2: aseeasase|move: Stealth Rock
|move|p2a: Tyranitar|Pursuit|p1a: Rápido
|-supereffective|p1a: Rápido
|-damage|p1a: Rápido|31/100
|
|-weather|Sandstorm|[upkeep]
|-damage|p1a: Rápido|25/100|[from] Sandstorm
|upkeep
|turn|3
|
|t:|1658627570
|move|p1a: Rápido|Knock Off|p2a: Tyranitar
|-resisted|p2a: Tyranitar
|-damage|p2a: Tyranitar|94/100
|move|p2a: Tyranitar|Pursuit|p1a: Rápido
|-supereffective|p1a: Rápido
|-damage|p1a: Rápido|0 fnt
|faint|p1a: Rápido
|
|-weather|Sandstorm|[upkeep]
|-end|p2a: Tyranitar|move: Taunt
|upkeep
|
|t:|1658627578
|switch|p1a: Sombra|Marshadow|100/100
|turn|4
|
|t:|1658627589
|switch|p2a: Giratina|Giratina-Origin|100/100
|-damage|p2a: Giratina|88/100|[from] Stealth Rock
|move|p1a: Sombra|Close Combat|p2a: Giratina
|-immune|p2a: Giratina
|
|-weather|Sandstorm|[upkeep]
|-damage|p1a: Sombra|94/100|[from] Sandstorm
|-damage|p2a: Giratina|82/100|[from] Sandstorm
|upkeep
|turn|5
|
|t:|1658627602
|move|p1a: Sombra|Rock Tomb|p2a: Giratina
|-damage|p2a: Giratina|58/100
|-unboost|p2a: Giratina|spe|1
|move|p2a: Giratina|Thunder Wave|p1a: Sombra
|-status|p1a: Sombra|par
|
|-weather|none
|upkeep
|turn|6
|
|t:|1658627618
|cant|p1a: Sombra|par
|move|p2a: Giratina|Hex|p1a: Sombra
|-supereffective|p1a: Sombra
|-damage|p1a: Sombra|0 fnt
|faint|p1a: Sombra
|
|upkeep
|
|t:|1658627623
|switch|p1a: Vivillon|Vivillon-Icy Snow, M, shiny|100/100
|turn|7
|
|t:|1658627627
|switch|p2a: Arceus|Arceus-Grass|100/100
|-damage|p2a: Arceus|88/100|[from] Stealth Rock
|move|p1a: Vivillon|Sleep Powder|p2a: Arceus
|-immune|p2a: Arceus
|
|upkeep
|turn|8
|
|t:|1658627647
|switch|p1a: Deus|Arceus, shiny|100/100
|move|p2a: Arceus|Stone Edge|p1a: Deus
|-crit|p1a: Deus
|-damage|p1a: Deus|60/100
|
|upkeep
|turn|9
|
|t:|1658627659
|switch|p2a: Calyrex|Calyrex-Shadow|100/100
|-ability|p2a: Calyrex|As One
|-ability|p2a: Calyrex|Unnerve
|-damage|p2a: Calyrex|88/100|[from] Stealth Rock
|move|p1a: Deus|Extreme Speed|p2a: Calyrex
|-immune|p2a: Calyrex
|
|-heal|p2a: Calyrex|94/100|[from] item: Leftovers
|upkeep
|turn|10
|
|t:|1658627671
|move|p2a: Calyrex|Encore|p1a: Deus
|-start|p1a: Deus|Encore
|move|p1a: Deus|Extreme Speed|p2a: Calyrex
|-immune|p2a: Calyrex
|
|-heal|p2a: Calyrex|100/100|[from] item: Leftovers
|upkeep
|turn|11
|
|t:|1658627677
|switch|p1a: Pássaro das Trevas|Yveltal, shiny|100/100
|-ability|p1a: Pássaro das Trevas|Dark Aura
|move|p2a: Calyrex|Substitute|p2a: Calyrex
|-start|p2a: Calyrex|Substitute
|-damage|p2a: Calyrex|76/100
|
|-heal|p2a: Calyrex|82/100|[from] item: Leftovers
|upkeep
|turn|12
|
|t:|1658627683
|-start|p1a: Pássaro das Trevas|Dynamax|
|-heal|p1a: Pássaro das Trevas|100/100|[silent]
|move|p2a: Calyrex|Leech Seed|p1a: Pássaro das Trevas
|-start|p1a: Pássaro das Trevas|move: Leech Seed
|move|p1a: Pássaro das Trevas|Max Airstream|p2a: Calyrex
|-end|p2a: Calyrex|Substitute
|-boost|p1a: Pássaro das Trevas|spe|1
|-damage|p1a: Pássaro das Trevas|96/100|[from] item: Life Orb
|
|-heal|p2a: Calyrex|88/100|[from] item: Leftovers
|-damage|p1a: Pássaro das Trevas|89/100|[from] Leech Seed|[of] p2a: Calyrex
|-heal|p2a: Calyrex|100/100|[silent]
|upkeep
|turn|13
|
|t:|1658627692
|switch|p2a: Tyranitar|Tyranitar-Mega, M|94/100
|-damage|p2a: Tyranitar|82/100|[from] Stealth Rock
|-weather|Sandstorm|[from] ability: Sand Stream|[of] p2a: Tyranitar
|move|p1a: Pássaro das Trevas|Max Darkness|p2a: Tyranitar
|-resisted|p2a: Tyranitar
|-damage|p2a: Tyranitar|60/100
|-unboost|p2a: Tyranitar|spd|1
|-damage|p1a: Pássaro das Trevas|84/100|[from] item: Life Orb
|
|-weather|Sandstorm|[upkeep]
|-damage|p1a: Pássaro das Trevas|81/100|[from] Sandstorm
|-damage|p1a: Pássaro das Trevas|75/100|[from] Leech Seed|[of] p2a: Tyranitar
|-heal|p2a: Tyranitar|72/100|[silent]
|upkeep
|turn|14
|
|t:|1658627713
|move|p1a: Pássaro das Trevas|Max Airstream|p2a: Tyranitar
|-resisted|p2a: Tyranitar
|-damage|p2a: Tyranitar|46/100
|-boost|p1a: Pássaro das Trevas|spe|1
|-damage|p1a: Pássaro das Trevas|70/100|[from] item: Life Orb
|move|p2a: Tyranitar|Thunder Wave|p1a: Pássaro das Trevas
|-status|p1a: Pássaro das Trevas|par
|
|-weather|Sandstorm|[upkeep]
|-damage|p1a: Pássaro das Trevas|67/100 par|[from] Sandstorm
|-damage|p1a: Pássaro das Trevas|61/100 par|[from] Leech Seed|[of] p2a: Tyranitar
|-heal|p2a: Tyranitar|58/100|[silent]
|upkeep
|-end|p1a: Pássaro das Trevas|Dynamax
|-heal|p1a: Pássaro das Trevas|61/100 par|[silent]
|turn|15
|
|t:|1658627723
|move|p1a: Pássaro das Trevas|Dark Pulse|p2a: Tyranitar
|-resisted|p2a: Tyranitar
|-damage|p2a: Tyranitar|37/100
|-damage|p1a: Pássaro das Trevas|51/100 par|[from] item: Life Orb
|move|p2a: Tyranitar|Stealth Rock|p1a: Pássaro das Trevas
|-sidestart|p1: Viole25th|move: Stealth Rock
|
|-weather|Sandstorm|[upkeep]
|-damage|p1a: Pássaro das Trevas|45/100 par|[from] Sandstorm
|-damage|p1a: Pássaro das Trevas|32/100 par|[from] Leech Seed|[of] p2a: Tyranitar
|-heal|p2a: Tyranitar|49/100|[silent]
|upkeep
|turn|16
|j| baddestagplayer
|
|t:|1658627747
|switch|p2a: Ditto|Ditto|100/100
|-damage|p2a: Ditto|88/100|[from] Stealth Rock
|-transform|p2a: Ditto|p1a: Pássaro das Trevas|[from] ability: Imposter
|-ability|p2a: Ditto|Dark Aura
|move|p1a: Pássaro das Trevas|Dark Pulse|p2a: Ditto
|-resisted|p2a: Ditto
|-damage|p2a: Ditto|45/100
|-damage|p1a: Pássaro das Trevas|22/100 par|[from] item: Life Orb
|
|-weather|Sandstorm|[upkeep]
|-damage|p2a: Ditto|39/100|[from] Sandstorm
|-damage|p1a: Pássaro das Trevas|16/100 par|[from] Sandstorm
|-damage|p1a: Pássaro das Trevas|4/100 par|[from] Leech Seed|[of] p2a: Ditto
|-heal|p2a: Ditto|55/100|[silent]
|upkeep
|turn|17
|inactive|aseeasase has 120 seconds left.
|j| purple teeth
|
|t:|1658627793
|-start|p2a: Ditto|Dynamax|
|-heal|p2a: Ditto|55/100|[silent]
|move|p2a: Ditto|Max Airstream|p1a: Pássaro das Trevas
|-damage|p1a: Pássaro das Trevas|0 fnt
|-boost|p2a: Ditto|spe|1
|faint|p1a: Pássaro das Trevas
|
|-weather|none
|upkeep
|c|☆aseeasase|o
|
|t:|1658627818
|switch|p1a: Deus|Arceus, shiny|60/100
|-damage|p1a: Deus|48/100|[from] Stealth Rock
|turn|18
|
|t:|1658627823
|move|p1a: Deus|Extreme Speed|p2a: Ditto
|-damage|p2a: Ditto|19/100
|-damage|p1a: Deus|38/100|[from] item: Life Orb
|move|p2a: Ditto|Max Darkness|p1a: Deus
|-damage|p1a: Deus|0 fnt
|faint|p1a: Deus
|
|upkeep
|
|t:|1658627827
|switch|p1a: Vivillon|Vivillon-Icy Snow, M, shiny|100/100
|-damage|p1a: Vivillon|51/100|[from] Stealth Rock
|turn|19
|
|t:|1658627831
|move|p2a: Ditto|Max Airstream|p1a: Vivillon
|-supereffective|p1a: Vivillon
|-damage|p1a: Vivillon|0 fnt
|-boost|p2a: Ditto|spe|1
|faint|p1a: Vivillon
|
|upkeep
|
|t:|1658627833
|switch|p1a: Cavaleiro Fantasma|Calyrex-Shadow|100/100
|-ability|p1a: Cavaleiro Fantasma|As One
|-ability|p1a: Cavaleiro Fantasma|Unnerve
|-damage|p1a: Cavaleiro Fantasma|88/100|[from] Stealth Rock
|-end|p2a: Ditto|Dynamax
|-heal|p2a: Ditto|19/100|[silent]
|turn|20
|
|t:|1658627836
|move|p2a: Ditto|Dark Pulse|p1a: Cavaleiro Fantasma
|-supereffective|p1a: Cavaleiro Fantasma
|-damage|p1a: Cavaleiro Fantasma|0 fnt
|faint|p1a: Cavaleiro Fantasma
|
|win|aseeasase
|raw|Viole25th's rating: 1762 &rarr; <strong>1740</strong><br />(-22 for losing)
|raw|aseeasase's rating: 1726 &rarr; <strong>1748</strong><br />(+22 for winning)
|l|☆Viole25th
|l| baddestagplayer
||Ladder isn't responding, score probably updated but might not have (Request timeout).
