|j|☆MiguelRRM
|j|☆rowletroost
|t:|1641765118
|gametype|singles
|player|p1|MiguelRRM|101|1852
|player|p2|rowletroost|aromalady|1705
|teamsize|p1|6
|teamsize|p2|6
|gen|8
|tier|[Gen 8] National Dex AG
|rated|
|rule|HP Percentage Mod: HP is shown in percentages
|rule|Endless Battle Clause: Forcing endless battles is banned
|clearpoke
|poke|p1|Marshadow|
|poke|p1|Zacian-*|
|poke|p1|Arceus-*|
|poke|p1|Groudon|
|poke|p1|Rayquaza|
|poke|p1|Yveltal|
|poke|p2|Arceus-*|
|poke|p2|Xerneas-*|
|poke|p2|Kyogre|
|poke|p2|Marshadow|
|poke|p2|Ribombee, F|
|poke|p2|Vivillon-Savanna, M|
|teampreview
|inactive|Battle timer is ON: inactive players will automatically lose when time's up. (requested by rowletroost)
|
|t:|1641765127
|start
|switch|p1a: Rayquaza|Rayquaza|100/100
|switch|p2a: Arceus|Arceus-Ground|100/100
|-ability|p1a: Rayquaza|Air Lock
|turn|1
|
|t:|1641765131
|switch|p1a: Zacian|Zacian-Crowned|100/100
|-ability|p1a: Zacian|Intrepid Sword|boost
|-boost|p1a: Zacian|atk|1
|move|p2a: Arceus|Ice Beam|p1a: Zacian
|-resisted|p1a: Zacian
|-damage|p1a: Zacian|90/100
|
|upkeep
|turn|2
|
|t:|1641765133
|move|p1a: Zacian|Behemoth Blade|p2a: Arceus
|-damage|p2a: Arceus|62/100
|move|p2a: Arceus|Judgment|p1a: Zacian
|-supereffective|p1a: Zacian
|-damage|p1a: Zacian|10/100
|
|upkeep
|turn|3
|
|t:|1641765138
|move|p1a: Zacian|Behemoth Blade|p2a: Arceus
|-damage|p2a: Arceus|18/100
|move|p2a: Arceus|Recover|p2a: Arceus
|-heal|p2a: Arceus|68/100
|
|upkeep
|turn|4
|
|t:|1641765149
|move|p1a: Zacian|Behemoth Blade|p2a: Arceus
|-damage|p2a: Arceus|28/100
|move|p2a: Arceus|Recover|p2a: Arceus
|-heal|p2a: Arceus|78/100
|
|upkeep
|turn|5
|
|t:|1641765152
|move|p1a: Zacian|Behemoth Blade|p2a: Arceus
|-crit|p2a: Arceus
|-damage|p2a: Arceus|12/100
|move|p2a: Arceus|Recover|p2a: Arceus
|-heal|p2a: Arceus|62/100
|
|upkeep
|turn|6
|
|t:|1641765158
|switch|p1a: Arceus|Arceus-Ground|100/100
|move|p2a: Arceus|Recover|p2a: Arceus
|-heal|p2a: Arceus|100/100
|
|upkeep
|turn|7
|
|t:|1641765161
|switch|p2a: Kyogre|Kyogre, shiny|100/100
|detailschange|p2a: Kyogre|Kyogre-Primal, shiny
|-primal|p2a: Kyogre
|-weather|PrimordialSea|[from] ability: Primordial Sea|[of] p2a: Kyogre
|move|p1a: Arceus|Judgment|p2a: Kyogre
|-damage|p2a: Kyogre|74/100
|
|-weather|PrimordialSea|[upkeep]
|upkeep
|turn|8
|
|t:|1641765164
|switch|p1a: Groudon|Groudon|100/100
|detailschange|p1a: Groudon|Groudon-Primal
|-primal|p1a: Groudon
|-weather|DesolateLand|[from] ability: Desolate Land|[of] p1a: Groudon
|move|p2a: Kyogre|Ice Beam|p1a: Groudon
|-damage|p1a: Groudon|56/100
|
|-weather|DesolateLand|[upkeep]
|upkeep
|turn|9
|
|t:|1641765167
|switch|p2a: Arceus|Arceus-Ground|100/100
|move|p1a: Groudon|Toxic|p2a: Arceus
|-status|p2a: Arceus|tox
|
|-weather|DesolateLand|[upkeep]
|-damage|p2a: Arceus|94/100 tox|[from] psn
|upkeep
|turn|10
|
|t:|1641765170
|-weather|none
|switch|p1a: Arceus|Arceus-Ground|100/100
|move|p2a: Arceus|Ice Beam|p1a: Arceus
|-supereffective|p1a: Arceus
|-damage|p1a: Arceus|61/100
|-status|p1a: Arceus|frz
|
|-damage|p2a: Arceus|82/100 tox|[from] psn
|upkeep
|turn|11
|
|t:|1641765176
|switch|p1a: Zacian|Zacian-Crowned|10/100
|-ability|p1a: Zacian|Intrepid Sword|boost
|-boost|p1a: Zacian|atk|1
|switch|p2a: Ribombee|Ribombee, F, shiny|100/100
|
|upkeep
|turn|12
|
|t:|1641765181
|move|p1a: Zacian|Behemoth Blade|p2a: Ribombee
|-supereffective|p2a: Ribombee
|-enditem|p2a: Ribombee|Focus Sash
|-damage|p2a: Ribombee|1/100
|move|p2a: Ribombee|Sticky Web|p1a: Zacian
|-sidestart|p1: MiguelRRM|move: Sticky Web
|
|upkeep
|turn|13
|
|t:|1641765188
|move|p1a: Zacian|Behemoth Blade|p2a: Ribombee
|-supereffective|p2a: Ribombee
|-damage|p2a: Ribombee|0 fnt
|faint|p2a: Ribombee
|
|upkeep
|
|t:|1641765191
|switch|p2a: Marshadow|Marshadow|100/100
|turn|14
|
|t:|1641765193
|switch|p1a: Yveltal|Yveltal|100/100
|-ability|p1a: Yveltal|Dark Aura
|move|p2a: Marshadow|Shadow Sneak|p1a: Yveltal
|-resisted|p1a: Yveltal
|-damage|p1a: Yveltal|92/100
|-damage|p2a: Marshadow|84/100|[from] item: Rocky Helmet|[of] p1a: Yveltal
|
|upkeep
|turn|15
|
|t:|1641765199
|switch|p2a: Vivillon|Vivillon-Savanna, M|100/100
|move|p1a: Yveltal|U-turn|p2a: Vivillon
|-resisted|p2a: Vivillon
|-damage|p2a: Vivillon|82/100
|
|t:|1641765202
|switch|p1a: Rayquaza|Rayquaza|100/100|[from]move: U-turn
|-ability|p1a: Rayquaza|Air Lock
|
|-heal|p2a: Vivillon|88/100|[from] item: Leftovers
|upkeep
|turn|16
|
|t:|1641765205
|switch|p2a: Arceus|Arceus-Ground|82/100 tox
|detailschange|p1a: Rayquaza|Rayquaza-Mega
|-mega|p1a: Rayquaza|Rayquaza|
|-weather|DeltaStream|[from] ability: Delta Stream|[of] p1a: Rayquaza
|move|p1a: Rayquaza|Dragon Ascent|p2a: Arceus
|-damage|p2a: Arceus|44/100 tox
|-unboost|p1a: Rayquaza|def|1
|-unboost|p1a: Rayquaza|spd|1
|
|-weather|DeltaStream|[upkeep]
|-damage|p2a: Arceus|38/100 tox|[from] psn
|upkeep
|turn|17
|
|t:|1641765216
|-start|p2a: Arceus|Dynamax
|-heal|p2a: Arceus|38/100 tox|[silent]
|move|p1a: Rayquaza|Dragon Ascent|p2a: Arceus
|-damage|p2a: Arceus|16/100 tox
|-unboost|p1a: Rayquaza|def|1
|-unboost|p1a: Rayquaza|spd|1
|move|p2a: Arceus|Max Hailstorm|p1a: Rayquaza
|-activate||deltastream
|-supereffective|p1a: Rayquaza
|-damage|p1a: Rayquaza|0 fnt
|-weather|Hail
|faint|p1a: Rayquaza
|
|-weather|Hail|[upkeep]
|-damage|p2a: Arceus|13/100 tox|[from] Hail
|-damage|p2a: Arceus|7/100 tox|[from] psn
|upkeep
|
|t:|1641765224
|switch|p1a: Groudon|Groudon-Primal|56/100
|-activate|p1a: Groudon|move: Sticky Web
|-unboost|p1a: Groudon|spe|1
|-weather|DesolateLand|[from] ability: Desolate Land|[of] p1a: Groudon
|turn|18
|
|t:|1641765227
|-weather|none
|switch|p1a: Yveltal|Yveltal|92/100
|-ability|p1a: Yveltal|Dark Aura
|move|p2a: Arceus|Max Quake|p1a: Yveltal
|-immune|p1a: Yveltal
|
|-damage|p2a: Arceus|0 fnt|[from] psn
|faint|p2a: Arceus
|upkeep
|
|t:|1641765229
|switch|p2a: Vivillon|Vivillon-Savanna, M|88/100
|turn|19
|
|t:|1641765234
|move|p2a: Vivillon|Sleep Powder|p1a: Yveltal
|-status|p1a: Yveltal|slp|[from] move: Sleep Powder
|cant|p1a: Yveltal|slp
|
|-heal|p2a: Vivillon|94/100|[from] item: Leftovers
|upkeep
|turn|20
|
|t:|1641765235
|move|p2a: Vivillon|Substitute|p2a: Vivillon
|-start|p2a: Vivillon|Substitute
|-damage|p2a: Vivillon|69/100
|-curestatus|p1a: Yveltal|slp|[msg]
|move|p1a: Yveltal|Knock Off|p2a: Vivillon
|-end|p2a: Vivillon|Substitute
|
|-heal|p2a: Vivillon|75/100|[from] item: Leftovers
|upkeep
|turn|21
|
|t:|1641765239
|switch|p1a: Arceus|Arceus-Ground|61/100 frz
|-activate|p1a: Arceus|move: Sticky Web
|-unboost|p1a: Arceus|spe|1
|move|p2a: Vivillon|Sleep Powder||[still]
|-fail|p2a: Vivillon
|
|-heal|p2a: Vivillon|81/100|[from] item: Leftovers
|upkeep
|turn|22
|
|t:|1641765241
|move|p2a: Vivillon|Substitute|p2a: Vivillon
|-start|p2a: Vivillon|Substitute
|-damage|p2a: Vivillon|56/100
|cant|p1a: Arceus|frz
|
|-heal|p2a: Vivillon|62/100|[from] item: Leftovers
|upkeep
|turn|23
|
|t:|1641765243
|move|p2a: Vivillon|Quiver Dance|p2a: Vivillon
|-boost|p2a: Vivillon|spa|1
|-boost|p2a: Vivillon|spd|1
|-boost|p2a: Vivillon|spe|1
|cant|p1a: Arceus|frz
|
|-heal|p2a: Vivillon|68/100|[from] item: Leftovers
|upkeep
|turn|24
|
|t:|1641765247
|move|p2a: Vivillon|Quiver Dance|p2a: Vivillon
|-boost|p2a: Vivillon|spa|1
|-boost|p2a: Vivillon|spd|1
|-boost|p2a: Vivillon|spe|1
|cant|p1a: Arceus|frz
|
|-heal|p2a: Vivillon|74/100|[from] item: Leftovers
|upkeep
|turn|25
|
|t:|1641765248
|move|p2a: Vivillon|Hurricane|p1a: Arceus
|-damage|p1a: Arceus|0 fnt
|faint|p1a: Arceus
|
|-heal|p2a: Vivillon|80/100|[from] item: Leftovers
|upkeep
|
|t:|1641765250
|switch|p1a: Marshadow|Marshadow|100/100
|-activate|p1a: Marshadow|move: Sticky Web
|-unboost|p1a: Marshadow|spe|1
|turn|26
|
|t:|1641765252
|move|p2a: Vivillon|Sleep Powder|p1a: Marshadow
|-status|p1a: Marshadow|slp|[from] move: Sleep Powder
|cant|p1a: Marshadow|slp
|
|-heal|p2a: Vivillon|86/100|[from] item: Leftovers
|upkeep
|turn|27
|
|t:|1641765253
|move|p2a: Vivillon|Hurricane|p1a: Marshadow
|-supereffective|p1a: Marshadow
|-enditem|p1a: Marshadow|Focus Sash
|-damage|p1a: Marshadow|1/100 slp
|cant|p1a: Marshadow|slp
|
|-heal|p2a: Vivillon|92/100|[from] item: Leftovers
|upkeep
|turn|28
|-message|MiguelRRM forfeited.
|
|win|rowletroost
|raw|MiguelRRM's rating: 1852 &rarr; <strong>1824</strong><br />(-28 for losing)
|raw|rowletroost's rating: 1705 &rarr; <strong>1733</strong><br />(+28 for winning)
|l|☆MiguelRRM
||Ladder isn't responding, score probably updated but might not have (Request timeout).
