|j|☆xue7
|j|☆chopforce8
|t:|1667398999
|gametype|singles
|player|p1|xue7|dawn|1775
|player|p2|chopforce8|red|1855
|teamsize|p1|6
|teamsize|p2|6
|gen|8
|tier|[Gen 8] National Dex AG
|rated|
|rule|HP Percentage Mod: HP is shown in percentages
|rule|Endless Battle Clause: Forcing endless battles is banned
|clearpoke
|poke|p1|Ho-Oh|
|poke|p1|Groudon|
|poke|p1|Ferrothorn, M|
|poke|p1|Necrozma-Dusk-Mane|
|poke|p1|Zygarde|
|poke|p1|Arceus-*|
|poke|p2|Yveltal|
|poke|p2|Diancie|
|poke|p2|Calyrex-Shadow|
|poke|p2|Zacian-*|
|poke|p2|Ditto|
|poke|p2|Arceus-*|
|teampreview
|inactive|Battle timer is ON: inactive players will automatically lose when time's up. (requested by xue7)
|
|t:|1667399019
|start
|switch|p1a: Necrozma|Necrozma-Dusk-Mane|100/100
|switch|p2a: ProfessorQuirrel|Calyrex-Shadow|100/100
|-ability|p2a: ProfessorQuirrel|As One
|-ability|p2a: ProfessorQuirrel|Unnerve
|turn|1
|
|t:|1667399032
|move|p2a: ProfessorQuirrel|Nasty Plot|p2a: ProfessorQuirrel
|-boost|p2a: ProfessorQuirrel|spa|2
|move|p1a: Necrozma|Thunder Wave|p2a: ProfessorQuirrel
|-status|p2a: ProfessorQuirrel|par
|
|upkeep
|turn|2
|
|t:|1667399038
|switch|p1a: Arceus|Arceus-Dark|100/100
|move|p2a: ProfessorQuirrel|Baton Pass|p2a: ProfessorQuirrel
|
|t:|1667399041
|switch|p2a: Voldemort|Yveltal|100/100|[from]move: Baton Pass
|-ability|p2a: Voldemort|Dark Aura
|
|upkeep
|turn|3
|
|t:|1667399063
|-start|p2a: Voldemort|Dynamax|
|-heal|p2a: Voldemort|100/100|[silent]
|move|p2a: Voldemort|Max Airstream|p1a: Arceus
|-damage|p1a: Arceus|9/100
|-boost|p2a: Voldemort|spe|1
|-damage|p2a: Voldemort|96/100|[from] item: Life Orb
|move|p1a: Arceus|Judgment|p2a: Voldemort
|-resisted|p2a: Voldemort
|-damage|p2a: Voldemort|81/100
|
|upkeep
|turn|4
|
|t:|1667399081
|move|p2a: Voldemort|Max Darkness|p1a: Arceus
|-resisted|p1a: Arceus
|-damage|p1a: Arceus|0 fnt
|faint|p1a: Arceus
|-damage|p2a: Voldemort|76/100|[from] item: Life Orb
|
|upkeep
|inactive|xue7 has 120 seconds left.
|
|t:|1667399093
|switch|p1a: Zygarde|Zygarde|100/100
|turn|5
|
|t:|1667399105
|move|p2a: Voldemort|Max Darkness|p1a: Zygarde
|-damage|p1a: Zygarde|0 fnt
|faint|p1a: Zygarde
|-damage|p2a: Voldemort|71/100|[from] item: Life Orb
|
|upkeep
|
|t:|1667399111
|switch|p1a: Ho-Oh|Ho-Oh|100/100
|-end|p2a: Voldemort|Dynamax
|-heal|p2a: Voldemort|71/100|[silent]
|turn|6
|
|t:|1667399116
|-start|p1a: Ho-Oh|Dynamax|
|-heal|p1a: Ho-Oh|100/100|[silent]
|move|p2a: Voldemort|Oblivion Wing|p1a: Ho-Oh
|-damage|p1a: Ho-Oh|70/100
|-heal|p2a: Voldemort|100/100|[from] drain|[of] p1a: Ho-Oh
|-damage|p2a: Voldemort|91/100|[from] item: Life Orb
|move|p1a: Ho-Oh|Max Flare|p2a: Voldemort
|-damage|p2a: Voldemort|33/100
|-weather|SunnyDay
|
|-weather|SunnyDay|[upkeep]
|upkeep
|turn|7
|
|t:|1667399128
|move|p2a: Voldemort|Dark Pulse|p1a: Ho-Oh
|-damage|p1a: Ho-Oh|30/100
|-damage|p2a: Voldemort|23/100|[from] item: Life Orb
|move|p1a: Ho-Oh|Max Flare|p2a: Voldemort
|-damage|p2a: Voldemort|0 fnt
|faint|p2a: Voldemort
|
|-weather|SunnyDay|[upkeep]
|upkeep
|
|t:|1667399137
|switch|p2a: Harry Potter|Diancie|100/100
|turn|8
|
|t:|1667399144
|-end|p1a: Ho-Oh|Dynamax
|-heal|p1a: Ho-Oh|30/100|[silent]
|switch|p1a: Necrozma|Necrozma-Dusk-Mane|100/100
|detailschange|p2a: Harry Potter|Diancie-Mega
|-mega|p2a: Harry Potter|Diancie|Diancite
|move|p2a: Harry Potter|Stealth Rock|p1a: Necrozma
|-sidestart|p1: xue7|move: Stealth Rock
|
|-weather|SunnyDay|[upkeep]
|upkeep
|turn|9
|
|t:|1667399153
|switch|p2a: ProfessorQuirrel|Calyrex-Shadow|100/100 par
|-ability|p2a: ProfessorQuirrel|As One
|-ability|p2a: ProfessorQuirrel|Unnerve
|move|p1a: Necrozma|Sunsteel Strike|p2a: ProfessorQuirrel
|-damage|p2a: ProfessorQuirrel|41/100 par
|
|-weather|SunnyDay|[upkeep]
|upkeep
|turn|10
|
|t:|1667399162
|cant|p2a: ProfessorQuirrel|par
|move|p1a: Necrozma|Sunsteel Strike|p2a: ProfessorQuirrel
|-damage|p2a: ProfessorQuirrel|0 fnt
|faint|p2a: ProfessorQuirrel
|
|-weather|none
|upkeep
|
|t:|1667399180
|switch|p2a: Fluffy|Zacian-Crowned|100/100
|-ability|p2a: Fluffy|Intrepid Sword|boost
|-boost|p2a: Fluffy|atk|1
|turn|11
|
|t:|1667399196
|move|p2a: Fluffy|Swords Dance|p2a: Fluffy
|-boost|p2a: Fluffy|atk|2
|move|p1a: Necrozma|Sunsteel Strike|p2a: Fluffy
|-damage|p2a: Fluffy|52/100
|
|upkeep
|turn|12
|
|t:|1667399204
|move|p2a: Fluffy|Substitute|p2a: Fluffy
|-start|p2a: Fluffy|Substitute
|-damage|p2a: Fluffy|27/100
|move|p1a: Necrozma|Sunsteel Strike|p2a: Fluffy
|-end|p2a: Fluffy|Substitute
|
|upkeep
|turn|13
|
|t:|1667399210
|move|p2a: Fluffy|Close Combat|p1a: Necrozma
|-damage|p1a: Necrozma|30/100
|-unboost|p2a: Fluffy|def|1
|-unboost|p2a: Fluffy|spd|1
|-damage|p2a: Fluffy|11/100|[from] item: Rocky Helmet|[of] p1a: Necrozma
|move|p1a: Necrozma|Sunsteel Strike|p2a: Fluffy
|-damage|p2a: Fluffy|0 fnt
|faint|p2a: Fluffy
|
|upkeep
|
|t:|1667399222
|switch|p2a: Harry Potter|Diancie-Mega|100/100
|turn|14
|
|t:|1667399227
|move|p2a: Harry Potter|Earth Power|p1a: Necrozma
|-supereffective|p1a: Necrozma
|-damage|p1a: Necrozma|0 fnt
|faint|p1a: Necrozma
|
|upkeep
|
|t:|1667399240
|switch|p1a: Groudon|Groudon|100/100
|-damage|p1a: Groudon|94/100|[from] Stealth Rock
|detailschange|p1a: Groudon|Groudon-Primal
|-primal|p1a: Groudon
|-weather|DesolateLand|[from] ability: Desolate Land|[of] p1a: Groudon
|turn|15
|
|t:|1667399246
|move|p2a: Harry Potter|Earth Power|p1a: Groudon
|-supereffective|p1a: Groudon
|-damage|p1a: Groudon|6/100
|move|p1a: Groudon|Precipice Blades|p2a: Harry Potter
|-supereffective|p2a: Harry Potter
|-damage|p2a: Harry Potter|0 fnt
|faint|p2a: Harry Potter
|
|-weather|DesolateLand|[upkeep]
|upkeep
|
|t:|1667399254
|switch|p2a: MirrorOfErised|Ditto|100/100
|-transform|p2a: MirrorOfErised|p1a: Groudon|[from] ability: Imposter
|turn|16
|
|t:|1667399260
|move|p2a: MirrorOfErised|Eruption|p1a: Groudon
|-resisted|p1a: Groudon
|-damage|p1a: Groudon|0 fnt
|faint|p1a: Groudon
|
|-weather|DesolateLand|[upkeep]
|upkeep
|
|t:|1667399269
|switch|p1a: Ho-Oh|Ho-Oh|63/100
|turn|17
|
|t:|1667399276
|move|p2a: MirrorOfErised|Eruption|p1a: Ho-Oh
|-resisted|p1a: Ho-Oh
|-damage|p1a: Ho-Oh|29/100
|move|p1a: Ho-Oh|Whirlwind|p2a: MirrorOfErised
|-weather|none
|drag|p2a: Chess Wizard|Arceus-Flying|100/100
|
|upkeep
|turn|18
|
|t:|1667399287
|switch|p2a: MirrorOfErised|Ditto|100/100
|-transform|p2a: MirrorOfErised|p1a: Ho-Oh|[from] ability: Imposter
|switch|p1a: Ferrothorn|Ferrothorn, M|100/100
|-damage|p1a: Ferrothorn|94/100|[from] Stealth Rock
|
|-heal|p1a: Ferrothorn|100/100|[from] item: Leftovers
|upkeep
|turn|19
|
|t:|1667399302
|move|p2a: MirrorOfErised|Toxic|p1a: Ferrothorn
|-immune|p1a: Ferrothorn
|move|p1a: Ferrothorn|Leech Seed|p2a: MirrorOfErised
|-start|p2a: MirrorOfErised|move: Leech Seed
|
|-damage|p2a: MirrorOfErised|88/100|[from] Leech Seed|[of] p1a: Ferrothorn
|upkeep
|turn|20
|
|t:|1667399311
|switch|p2a: Chess Wizard|Arceus-Flying|100/100
|move|p1a: Ferrothorn|Toxic|p2a: Chess Wizard
|-status|p2a: Chess Wizard|tox
|
|-damage|p2a: Chess Wizard|94/100 tox|[from] psn
|upkeep
|turn|21
|
|t:|1667399321
|move|p2a: Chess Wizard|Perish Song|p2a: Chess Wizard
|-start|p1a: Ferrothorn|perish3|[silent]
|-start|p2a: Chess Wizard|perish3|[silent]
|-fieldactivate|move: Perish Song
|move|p1a: Ferrothorn|Leech Seed|p2a: Chess Wizard
|-start|p2a: Chess Wizard|move: Leech Seed
|
|-damage|p2a: Chess Wizard|82/100 tox|[from] Leech Seed|[of] p1a: Ferrothorn
|-damage|p2a: Chess Wizard|70/100 tox|[from] psn
|-start|p2a: Chess Wizard|perish3
|-start|p1a: Ferrothorn|perish3
|upkeep
|turn|22
|
|t:|1667399333
|switch|p2a: MirrorOfErised|Ditto|100/100
|-transform|p2a: MirrorOfErised|p1a: Ferrothorn|[from] ability: Imposter
|switch|p1a: Ho-Oh|Ho-Oh|62/100
|
|upkeep
|turn|23
|
|t:|1667399356
|switch|p1a: Ferrothorn|Ferrothorn, M|100/100
|-damage|p1a: Ferrothorn|94/100|[from] Stealth Rock
|move|p2a: MirrorOfErised|Toxic|p1a: Ferrothorn|[miss]
|-miss|p2a: MirrorOfErised|p1a: Ferrothorn
|
|-heal|p1a: Ferrothorn|100/100|[from] item: Leftovers
|upkeep
|turn|24
|
|t:|1667399363
|switch|p2a: Chess Wizard|Arceus-Flying|70/100 tox
|move|p1a: Ferrothorn|Spikes|p2a: Chess Wizard
|-sidestart|p2: chopforce8|Spikes
|
|-damage|p2a: Chess Wizard|64/100 tox|[from] psn
|upkeep
|turn|25
|
|t:|1667399372
|move|p2a: Chess Wizard|Judgment|p1a: Ferrothorn
|-damage|p1a: Ferrothorn|70/100
|move|p1a: Ferrothorn|Leech Seed|p2a: Chess Wizard
|-start|p2a: Chess Wizard|move: Leech Seed
|
|-heal|p1a: Ferrothorn|76/100|[from] item: Leftovers
|-damage|p2a: Chess Wizard|51/100 tox|[from] Leech Seed|[of] p1a: Ferrothorn
|-heal|p1a: Ferrothorn|92/100|[silent]
|-damage|p2a: Chess Wizard|39/100 tox|[from] psn
|upkeep
|turn|26
|
|t:|1667399381
|move|p2a: Chess Wizard|Recover|p2a: Chess Wizard
|-heal|p2a: Chess Wizard|89/100 tox
|move|p1a: Ferrothorn|Spikes|p2a: Chess Wizard
|-sidestart|p2: chopforce8|Spikes
|
|-heal|p1a: Ferrothorn|98/100|[from] item: Leftovers
|-damage|p2a: Chess Wizard|77/100 tox|[from] Leech Seed|[of] p1a: Ferrothorn
|-heal|p1a: Ferrothorn|100/100|[silent]
|-damage|p2a: Chess Wizard|59/100 tox|[from] psn
|upkeep
|turn|27
|
|t:|1667399389
|switch|p2a: MirrorOfErised|Ditto|100/100
|-damage|p2a: MirrorOfErised|84/100|[from] Spikes
|-transform|p2a: MirrorOfErised|p1a: Ferrothorn|[from] ability: Imposter
|move|p1a: Ferrothorn|Spikes|p2a: MirrorOfErised
|-sidestart|p2: chopforce8|Spikes
|
|upkeep
|turn|28
|
|t:|1667399402
|switch|p1a: Ho-Oh|Ho-Oh|96/100
|move|p2a: MirrorOfErised|Spikes|p1a: Ho-Oh
|-sidestart|p1: xue7|Spikes
|
|upkeep
|turn|29
|
|t:|1667399409
|switch|p2a: Chess Wizard|Arceus-Flying|59/100 tox
|move|p1a: Ho-Oh|Sacred Fire|p2a: Chess Wizard
|-damage|p2a: Chess Wizard|30/100 tox
|
|-damage|p2a: Chess Wizard|24/100 tox|[from] psn
|upkeep
|turn|30
|
|t:|1667399416
|switch|p2a: MirrorOfErised|Ditto|84/100
|-damage|p2a: MirrorOfErised|59/100|[from] Spikes
|-transform|p2a: MirrorOfErised|p1a: Ho-Oh|[from] ability: Imposter
|switch|p1a: Ferrothorn|Ferrothorn, M|100/100
|-damage|p1a: Ferrothorn|94/100|[from] Stealth Rock
|-damage|p1a: Ferrothorn|82/100|[from] Spikes
|
|-heal|p1a: Ferrothorn|88/100|[from] item: Leftovers
|upkeep
|turn|31
|
|t:|1667399427
|switch|p1a: Ho-Oh|Ho-Oh|100/100
|move|p2a: MirrorOfErised|Defog|p1a: Ho-Oh
|-unboost|p1a: Ho-Oh|evasion|1
|-sideend|p1: xue7|Spikes|[from] move: Defog|[of] p2a: MirrorOfErised
|-sideend|p1: xue7|Stealth Rock|[from] move: Defog|[of] p2a: MirrorOfErised
|-sideend|p2: chopforce8|Spikes|[from] move: Defog|[of] p2a: MirrorOfErised
|
|upkeep
|turn|32
|
|t:|1667399435
|switch|p2a: Chess Wizard|Arceus-Flying|24/100 tox
|move|p1a: Ho-Oh|Sacred Fire|p2a: Chess Wizard
|-damage|p2a: Chess Wizard|0 fnt
|faint|p2a: Chess Wizard
|
|upkeep
|
|t:|1667399441
|switch|p2a: MirrorOfErised|Ditto|92/100
|-transform|p2a: MirrorOfErised|p1a: Ho-Oh|[from] ability: Imposter
|turn|33
|
|t:|1667399445
|move|p2a: MirrorOfErised|Sacred Fire|p1a: Ho-Oh
|-resisted|p1a: Ho-Oh
|-damage|p1a: Ho-Oh|85/100
|move|p1a: Ho-Oh|Toxic|p2a: MirrorOfErised
|-status|p2a: MirrorOfErised|tox
|
|-damage|p2a: MirrorOfErised|86/100 tox|[from] psn
|upkeep
|turn|34
|
|t:|1667399456
|move|p2a: MirrorOfErised|Sacred Fire|p1a: Ho-Oh
|-resisted|p1a: Ho-Oh
|-damage|p1a: Ho-Oh|72/100
|move|p1a: Ho-Oh|Toxic|p2a: MirrorOfErised
|-fail|p2a: MirrorOfErised|tox
|
|-damage|p2a: MirrorOfErised|74/100 tox|[from] psn
|upkeep
|turn|35
|
|t:|1667399463
|move|p2a: MirrorOfErised|Sacred Fire|p1a: Ho-Oh
|-resisted|p1a: Ho-Oh
|-damage|p1a: Ho-Oh|58/100
|move|p1a: Ho-Oh|Toxic|p2a: MirrorOfErised
|-fail|p2a: MirrorOfErised|tox
|
|-damage|p2a: MirrorOfErised|56/100 tox|[from] psn
|upkeep
|turn|36
|c|☆chopforce8|gg
|c|☆xue7|gg
|
|t:|1667399478
|move|p2a: MirrorOfErised|Sacred Fire|p1a: Ho-Oh
|-resisted|p1a: Ho-Oh
|-damage|p1a: Ho-Oh|44/100
|move|p1a: Ho-Oh|Toxic|p2a: MirrorOfErised
|-fail|p2a: MirrorOfErised|tox
|
|-damage|p2a: MirrorOfErised|32/100 tox|[from] psn
|upkeep
|turn|37
|c|☆xue7|?
|inactive|chopforce8 has 120 seconds left.
|inactive|chopforce8 has 90 seconds left.
|c|☆xue7|。
|inactive|chopforce8 has 60 seconds left.
|c|☆xue7|emm
|inactive|chopforce8 has 30 seconds left.
|inactive|chopforce8 has 20 seconds left.
|inactive|chopforce8 has 15 seconds left.
|j| Buckfromgothamcity@!
|inactive|chopforce8 has 10 seconds left.
|inactive|chopforce8 has 5 seconds left.
|-message|chopforce8 lost due to inactivity.
|
|win|xue7
|raw|xue7's rating: 1775 &rarr; <strong>1800</strong><br />(+25 for winning)
|raw|chopforce8's rating: 1855 &rarr; <strong>1830</strong><br />(-25 for losing)
||Ladder isn't responding, score probably updated but might not have (Request timeout).
|l| Buckfromgothamcity
|l|☆chopforce8
