|j|☆seidou31
|j|☆Adil
|t:|1642882808
|gametype|singles
|player|p1|seidou31|wallace|1750
|player|p2|Adil|2|1992
|teamsize|p1|6
|teamsize|p2|6
|gen|8
|tier|[Gen 8] National Dex AG
|rated|
|rule|HP Percentage Mod: HP is shown in percentages
|rule|Endless Battle Clause: Forcing endless battles is banned
|clearpoke
|poke|p1|Arcanine, M|
|poke|p1|Arceus-*|
|poke|p1|Ferrothorn, M|
|poke|p1|Yveltal|
|poke|p1|Zygarde|
|poke|p1|Zacian-*|
|poke|p2|Zygarde|
|poke|p2|Calyrex-Shadow|
|poke|p2|Zacian-*|
|poke|p2|Rayquaza|
|poke|p2|Tyranitar, M|
|poke|p2|Arceus-*|
|teampreview
|inactive|Battle timer is ON: inactive players will automatically lose when time's up. (requested by Adil)
|inactive|seidou31 has 120 seconds left.
|
|t:|1642882880
|start
|switch|p1a: Zygarde|Zygarde, shiny|100/100
|switch|p2a: Zacian|Zacian-Crowned|100/100
|-ability|p2a: Zacian|Intrepid Sword|boost
|-boost|p2a: Zacian|atk|1
|turn|1
|
|t:|1642882884
|switch|p1a: Arcanine|Arcanine, M, shiny|100/100
|-ability|p1a: Arcanine|Intimidate|boost
|-unboost|p2a: Zacian|atk|1
|move|p2a: Zacian|Play Rough|p1a: Arcanine
|-resisted|p1a: Arcanine
|-damage|p1a: Arcanine|76/100
|
|upkeep
|turn|2
|
|t:|1642882888
|switch|p2a: Tyranitar|Tyranitar, M|100/100
|-weather|Sandstorm|[from] ability: Sand Stream|[of] p2a: Tyranitar
|move|p1a: Arcanine|Will-O-Wisp|p2a: Tyranitar
|-status|p2a: Tyranitar|brn
|
|-weather|Sandstorm|[upkeep]
|-damage|p1a: Arcanine|70/100|[from] Sandstorm
|-damage|p2a: Tyranitar|94/100 brn|[from] brn
|upkeep
|turn|3
|
|t:|1642882890
|move|p1a: Arcanine|Morning Sun|p1a: Arcanine
|-heal|p1a: Arcanine|95/100
|move|p2a: Tyranitar|Stealth Rock|p1a: Arcanine
|-sidestart|p1: seidou31|move: Stealth Rock
|
|-weather|Sandstorm|[upkeep]
|-damage|p1a: Arcanine|89/100|[from] Sandstorm
|-heal|p2a: Tyranitar|100/100 brn|[from] item: Leftovers
|-damage|p2a: Tyranitar|94/100 brn|[from] brn
|upkeep
|turn|4
|
|t:|1642882897
|-activate|p1a: Arcanine|move: Pursuit
|move|p2a: Tyranitar|Pursuit|p1a: Arcanine|[from]Pursuit
|-damage|p1a: Arcanine|77/100
|switch|p1a: Ferrothorn|Ferrothorn, M, shiny|100/100
|-damage|p1a: Ferrothorn|95/100|[from] Stealth Rock
|
|-weather|Sandstorm|[upkeep]
|-heal|p2a: Tyranitar|100/100 brn|[from] item: Leftovers
|-heal|p1a: Ferrothorn|100/100|[from] item: Leftovers
|-damage|p2a: Tyranitar|94/100 brn|[from] brn
|upkeep
|turn|5
|
|t:|1642882907
|switch|p2a: Zygarde|Zygarde|100/100
|move|p1a: Ferrothorn|Gyro Ball|p2a: Zygarde
|-damage|p2a: Zygarde|74/100
|
|-weather|Sandstorm|[upkeep]
|-heal|p2a: Zygarde|81/100|[from] item: Leftovers
|upkeep
|turn|6
|
|t:|1642882910
|move|p2a: Zygarde|Substitute|p2a: Zygarde
|-start|p2a: Zygarde|Substitute
|-damage|p2a: Zygarde|56/100
|move|p1a: Ferrothorn|Leech Seed||[still]
|-fail|p1a: Ferrothorn
|
|-weather|none
|-heal|p2a: Zygarde|62/100|[from] item: Leftovers
|upkeep
|turn|7
|
|t:|1642882914
|switch|p1a: Zygarde|Zygarde, shiny|100/100
|-damage|p1a: Zygarde|94/100|[from] Stealth Rock
|move|p2a: Zygarde|Coil|p2a: Zygarde
|-boost|p2a: Zygarde|atk|1
|-boost|p2a: Zygarde|def|1
|-boost|p2a: Zygarde|accuracy|1
|
|-heal|p1a: Zygarde|100/100|[from] item: Leftovers
|-heal|p2a: Zygarde|68/100|[from] item: Leftovers
|upkeep
|turn|8
|
|t:|1642882916
|move|p1a: Zygarde|Substitute|p1a: Zygarde
|-start|p1a: Zygarde|Substitute
|-damage|p1a: Zygarde|76/100
|move|p2a: Zygarde|Glare||[still]
|-fail|p2a: Zygarde
|
|-heal|p1a: Zygarde|82/100|[from] item: Leftovers
|-heal|p2a: Zygarde|74/100|[from] item: Leftovers
|upkeep
|turn|9
|
|t:|1642882920
|move|p1a: Zygarde|Coil|p1a: Zygarde
|-boost|p1a: Zygarde|atk|1
|-boost|p1a: Zygarde|def|1
|-boost|p1a: Zygarde|accuracy|1
|move|p2a: Zygarde|Coil|p2a: Zygarde
|-boost|p2a: Zygarde|atk|1
|-boost|p2a: Zygarde|def|1
|-boost|p2a: Zygarde|accuracy|1
|
|-heal|p1a: Zygarde|88/100|[from] item: Leftovers
|-heal|p2a: Zygarde|81/100|[from] item: Leftovers
|upkeep
|turn|10
|
|t:|1642882923
|move|p1a: Zygarde|Coil|p1a: Zygarde
|-boost|p1a: Zygarde|atk|1
|-boost|p1a: Zygarde|def|1
|-boost|p1a: Zygarde|accuracy|1
|move|p2a: Zygarde|Coil|p2a: Zygarde
|-boost|p2a: Zygarde|atk|1
|-boost|p2a: Zygarde|def|1
|-boost|p2a: Zygarde|accuracy|1
|
|-heal|p1a: Zygarde|94/100|[from] item: Leftovers
|-heal|p2a: Zygarde|87/100|[from] item: Leftovers
|upkeep
|turn|11
|
|t:|1642882925
|move|p1a: Zygarde|Coil|p1a: Zygarde
|-boost|p1a: Zygarde|atk|1
|-boost|p1a: Zygarde|def|1
|-boost|p1a: Zygarde|accuracy|1
|move|p2a: Zygarde|Coil|p2a: Zygarde
|-boost|p2a: Zygarde|atk|1
|-boost|p2a: Zygarde|def|1
|-boost|p2a: Zygarde|accuracy|1
|
|-heal|p1a: Zygarde|100/100|[from] item: Leftovers
|-heal|p2a: Zygarde|93/100|[from] item: Leftovers
|upkeep
|turn|12
|
|t:|1642882928
|move|p1a: Zygarde|Coil|p1a: Zygarde
|-boost|p1a: Zygarde|atk|1
|-boost|p1a: Zygarde|def|1
|-boost|p1a: Zygarde|accuracy|1
|move|p2a: Zygarde|Coil|p2a: Zygarde
|-boost|p2a: Zygarde|atk|1
|-boost|p2a: Zygarde|def|1
|-boost|p2a: Zygarde|accuracy|1
|
|-heal|p2a: Zygarde|99/100|[from] item: Leftovers
|upkeep
|turn|13
|
|t:|1642882930
|move|p1a: Zygarde|Coil|p1a: Zygarde
|-boost|p1a: Zygarde|atk|1
|-boost|p1a: Zygarde|def|1
|-boost|p1a: Zygarde|accuracy|1
|move|p2a: Zygarde|Coil|p2a: Zygarde
|-boost|p2a: Zygarde|atk|1
|-boost|p2a: Zygarde|def|1
|-boost|p2a: Zygarde|accuracy|1
|
|-heal|p2a: Zygarde|100/100|[from] item: Leftovers
|upkeep
|turn|14
|
|t:|1642882931
|move|p1a: Zygarde|Coil|p1a: Zygarde
|-boost|p1a: Zygarde|atk|1
|-boost|p1a: Zygarde|def|1
|-boost|p1a: Zygarde|accuracy|1
|move|p2a: Zygarde|Thousand Arrows|p1a: Zygarde
|-activate|p1a: Zygarde|move: Substitute|[damage]
|
|upkeep
|turn|15
|
|t:|1642882934
|move|p1a: Zygarde|Thousand Arrows|p2a: Zygarde
|-activate|p2a: Zygarde|move: Substitute|[damage]
|move|p2a: Zygarde|Thousand Arrows|p1a: Zygarde
|-end|p1a: Zygarde|Substitute
|
|upkeep
|turn|16
|
|t:|1642882937
|move|p1a: Zygarde|Substitute|p1a: Zygarde
|-start|p1a: Zygarde|Substitute
|-damage|p1a: Zygarde|76/100
|move|p2a: Zygarde|Thousand Arrows|p1a: Zygarde
|-activate|p1a: Zygarde|move: Substitute|[damage]
|
|-heal|p1a: Zygarde|82/100|[from] item: Leftovers
|upkeep
|turn|17
|
|t:|1642882942
|move|p1a: Zygarde|Thousand Arrows|p2a: Zygarde
|-end|p2a: Zygarde|Substitute
|move|p2a: Zygarde|Thousand Arrows|p1a: Zygarde
|-end|p1a: Zygarde|Substitute
|
|-heal|p1a: Zygarde|88/100|[from] item: Leftovers
|upkeep
|turn|18
|
|t:|1642882947
|move|p1a: Zygarde|Substitute|p1a: Zygarde
|-start|p1a: Zygarde|Substitute
|-damage|p1a: Zygarde|63/100
|move|p2a: Zygarde|Glare||[still]
|-fail|p2a: Zygarde
|
|-heal|p1a: Zygarde|69/100|[from] item: Leftovers
|upkeep
|turn|19
|
|t:|1642882951
|move|p1a: Zygarde|Glare|p2a: Zygarde
|-status|p2a: Zygarde|par
|move|p2a: Zygarde|Substitute|p2a: Zygarde
|-start|p2a: Zygarde|Substitute
|-damage|p2a: Zygarde|76/100 par
|
|-heal|p1a: Zygarde|76/100|[from] item: Leftovers
|-heal|p2a: Zygarde|82/100 par|[from] item: Leftovers
|upkeep
|turn|20
|
|t:|1642882953
|move|p1a: Zygarde|Thousand Arrows|p2a: Zygarde
|-activate|p2a: Zygarde|move: Substitute|[damage]
|cant|p2a: Zygarde|par
|
|-heal|p1a: Zygarde|82/100|[from] item: Leftovers
|-heal|p2a: Zygarde|88/100 par|[from] item: Leftovers
|upkeep
|turn|21
|
|t:|1642882955
|move|p1a: Zygarde|Thousand Arrows|p2a: Zygarde
|-end|p2a: Zygarde|Substitute
|cant|p2a: Zygarde|par
|
|-heal|p1a: Zygarde|88/100|[from] item: Leftovers
|-heal|p2a: Zygarde|94/100 par|[from] item: Leftovers
|upkeep
|turn|22
|
|t:|1642882957
|move|p1a: Zygarde|Thousand Arrows|p2a: Zygarde
|-damage|p2a: Zygarde|76/100 par
|move|p2a: Zygarde|Substitute|p2a: Zygarde
|-start|p2a: Zygarde|Substitute
|-damage|p2a: Zygarde|51/100 par
|
|-heal|p1a: Zygarde|94/100|[from] item: Leftovers
|-heal|p2a: Zygarde|58/100 par|[from] item: Leftovers
|upkeep
|turn|23
|
|t:|1642882963
|move|p1a: Zygarde|Coil|p1a: Zygarde
|-boost|p1a: Zygarde|atk|0
|-boost|p1a: Zygarde|def|0
|-boost|p1a: Zygarde|accuracy|0
|cant|p2a: Zygarde|par
|
|-heal|p1a: Zygarde|100/100|[from] item: Leftovers
|-heal|p2a: Zygarde|64/100 par|[from] item: Leftovers
|upkeep
|turn|24
|
|t:|1642882970
|move|p1a: Zygarde|Glare||[still]
|-fail|p1a: Zygarde
|move|p2a: Zygarde|Thousand Arrows|p1a: Zygarde
|-activate|p1a: Zygarde|move: Substitute|[damage]
|
|-heal|p2a: Zygarde|70/100 par|[from] item: Leftovers
|upkeep
|turn|25
|
|t:|1642882973
|move|p1a: Zygarde|Glare||[still]
|-fail|p1a: Zygarde
|move|p2a: Zygarde|Thousand Arrows|p1a: Zygarde
|-end|p1a: Zygarde|Substitute
|
|-heal|p2a: Zygarde|76/100 par|[from] item: Leftovers
|upkeep
|turn|26
|
|t:|1642882983
|move|p1a: Zygarde|Substitute|p1a: Zygarde
|-start|p1a: Zygarde|Substitute
|-damage|p1a: Zygarde|76/100
|move|p2a: Zygarde|Glare||[still]
|-fail|p2a: Zygarde
|
|-heal|p1a: Zygarde|82/100|[from] item: Leftovers
|-heal|p2a: Zygarde|82/100 par|[from] item: Leftovers
|upkeep
|turn|27
|
|t:|1642882987
|move|p1a: Zygarde|Thousand Arrows|p2a: Zygarde
|-activate|p2a: Zygarde|move: Substitute|[damage]
|move|p2a: Zygarde|Coil|p2a: Zygarde
|-boost|p2a: Zygarde|atk|0
|-boost|p2a: Zygarde|def|0
|-boost|p2a: Zygarde|accuracy|0
|
|-heal|p1a: Zygarde|88/100|[from] item: Leftovers
|-heal|p2a: Zygarde|89/100 par|[from] item: Leftovers
|upkeep
|turn|28
|
|t:|1642882989
|move|p1a: Zygarde|Thousand Arrows|p2a: Zygarde
|-end|p2a: Zygarde|Substitute
|move|p2a: Zygarde|Substitute|p2a: Zygarde
|-start|p2a: Zygarde|Substitute
|-damage|p2a: Zygarde|64/100 par
|
|-heal|p1a: Zygarde|94/100|[from] item: Leftovers
|-heal|p2a: Zygarde|70/100 par|[from] item: Leftovers
|upkeep
|turn|29
|
|t:|1642882995
|move|p1a: Zygarde|Glare||[still]
|-fail|p1a: Zygarde
|move|p2a: Zygarde|Glare||[still]
|-fail|p2a: Zygarde
|
|-heal|p1a: Zygarde|100/100|[from] item: Leftovers
|-heal|p2a: Zygarde|76/100 par|[from] item: Leftovers
|upkeep
|turn|30
|
|t:|1642882999
|move|p1a: Zygarde|Thousand Arrows|p2a: Zygarde
|-activate|p2a: Zygarde|move: Substitute|[damage]
|move|p2a: Zygarde|Glare||[still]
|-fail|p2a: Zygarde
|
|-heal|p2a: Zygarde|82/100 par|[from] item: Leftovers
|upkeep
|turn|31
|
|t:|1642883005
|move|p1a: Zygarde|Glare||[still]
|-fail|p1a: Zygarde
|move|p2a: Zygarde|Coil|p2a: Zygarde
|-boost|p2a: Zygarde|atk|0
|-boost|p2a: Zygarde|def|0
|-boost|p2a: Zygarde|accuracy|0
|
|-heal|p2a: Zygarde|89/100 par|[from] item: Leftovers
|upkeep
|turn|32
|
|t:|1642883009
|move|p1a: Zygarde|Thousand Arrows|p2a: Zygarde
|-end|p2a: Zygarde|Substitute
|cant|p2a: Zygarde|par
|
|-heal|p2a: Zygarde|95/100 par|[from] item: Leftovers
|upkeep
|turn|33
|
|t:|1642883024
|move|p1a: Zygarde|Thousand Arrows|p2a: Zygarde
|-damage|p2a: Zygarde|78/100 par
|move|p2a: Zygarde|Substitute|p2a: Zygarde
|-start|p2a: Zygarde|Substitute
|-damage|p2a: Zygarde|53/100 par
|
|-heal|p2a: Zygarde|60/100 par|[from] item: Leftovers
|upkeep
|turn|34
|
|t:|1642883031
|move|p1a: Zygarde|Thousand Arrows|p2a: Zygarde
|-activate|p2a: Zygarde|move: Substitute|[damage]
|move|p2a: Zygarde|Thousand Arrows|p1a: Zygarde
|-activate|p1a: Zygarde|move: Substitute|[damage]
|
|-heal|p2a: Zygarde|66/100 par|[from] item: Leftovers
|upkeep
|turn|35
|
|t:|1642883034
|move|p1a: Zygarde|Thousand Arrows|p2a: Zygarde
|-end|p2a: Zygarde|Substitute
|move|p2a: Zygarde|Substitute|p2a: Zygarde
|-start|p2a: Zygarde|Substitute
|-damage|p2a: Zygarde|41/100 par
|
|-heal|p2a: Zygarde|47/100 par|[from] item: Leftovers
|-activate|p2a: Zygarde|ability: Power Construct
|detailschange|p2a: Zygarde|Zygarde-Complete
|-heal|p2a: Zygarde|65/100 par|[silent]
|upkeep
|turn|36
|
|t:|1642883040
|move|p1a: Zygarde|Glare||[still]
|-fail|p1a: Zygarde
|cant|p2a: Zygarde|par
|
|-heal|p2a: Zygarde|72/100 par|[from] item: Leftovers
|upkeep
|turn|37
|
|t:|1642883044
|move|p1a: Zygarde|Glare||[still]
|-fail|p1a: Zygarde
|move|p2a: Zygarde|Thousand Arrows|p1a: Zygarde
|-end|p1a: Zygarde|Substitute
|
|-heal|p2a: Zygarde|78/100 par|[from] item: Leftovers
|upkeep
|turn|38
|
|t:|1642883047
|move|p1a: Zygarde|Substitute|p1a: Zygarde
|-start|p1a: Zygarde|Substitute
|-damage|p1a: Zygarde|76/100
|cant|p2a: Zygarde|par
|
|-heal|p1a: Zygarde|82/100|[from] item: Leftovers
|-heal|p2a: Zygarde|84/100 par|[from] item: Leftovers
|upkeep
|turn|39
|
|t:|1642883050
|move|p1a: Zygarde|Coil|p1a: Zygarde
|-boost|p1a: Zygarde|atk|0
|-boost|p1a: Zygarde|def|0
|-boost|p1a: Zygarde|accuracy|0
|move|p2a: Zygarde|Coil|p2a: Zygarde
|-boost|p2a: Zygarde|atk|0
|-boost|p2a: Zygarde|def|0
|-boost|p2a: Zygarde|accuracy|0
|
|-heal|p1a: Zygarde|88/100|[from] item: Leftovers
|-heal|p2a: Zygarde|90/100 par|[from] item: Leftovers
|upkeep
|turn|40
|
|t:|1642883054
|move|p1a: Zygarde|Coil|p1a: Zygarde
|-boost|p1a: Zygarde|atk|0
|-boost|p1a: Zygarde|def|0
|-boost|p1a: Zygarde|accuracy|0
|move|p2a: Zygarde|Coil|p2a: Zygarde
|-boost|p2a: Zygarde|atk|0
|-boost|p2a: Zygarde|def|0
|-boost|p2a: Zygarde|accuracy|0
|
|-heal|p1a: Zygarde|94/100|[from] item: Leftovers
|-heal|p2a: Zygarde|96/100 par|[from] item: Leftovers
|upkeep
|turn|41
|
|t:|1642883059
|move|p1a: Zygarde|Coil|p1a: Zygarde
|-boost|p1a: Zygarde|atk|0
|-boost|p1a: Zygarde|def|0
|-boost|p1a: Zygarde|accuracy|0
|cant|p2a: Zygarde|par
|
|-heal|p1a: Zygarde|100/100|[from] item: Leftovers
|-heal|p2a: Zygarde|100/100 par|[from] item: Leftovers
|upkeep
|turn|42
|
|t:|1642883067
|move|p1a: Zygarde|Coil|p1a: Zygarde
|-boost|p1a: Zygarde|atk|0
|-boost|p1a: Zygarde|def|0
|-boost|p1a: Zygarde|accuracy|0
|move|p2a: Zygarde|Coil|p2a: Zygarde
|-boost|p2a: Zygarde|atk|0
|-boost|p2a: Zygarde|def|0
|-boost|p2a: Zygarde|accuracy|0
|
|upkeep
|turn|43
|
|t:|1642883071
|switch|p1a: Ferrothorn|Ferrothorn, M, shiny|100/100
|-damage|p1a: Ferrothorn|95/100|[from] Stealth Rock
|cant|p2a: Zygarde|par
|
|-heal|p1a: Ferrothorn|100/100|[from] item: Leftovers
|upkeep
|turn|44
|
|t:|1642883074
|switch|p1a: Zygarde|Zygarde, shiny|100/100
|-damage|p1a: Zygarde|94/100|[from] Stealth Rock
|move|p2a: Zygarde|Thousand Arrows|p1a: Zygarde
|-damage|p1a: Zygarde|23/100
|
|-heal|p1a: Zygarde|29/100|[from] item: Leftovers
|-activate|p1a: Zygarde|ability: Power Construct
|detailschange|p1a: Zygarde|Zygarde-Complete, shiny
|-heal|p1a: Zygarde|54/100|[silent]
|upkeep
|turn|45
|
|t:|1642883082
|move|p1a: Zygarde|Coil|p1a: Zygarde
|-boost|p1a: Zygarde|atk|1
|-boost|p1a: Zygarde|def|1
|-boost|p1a: Zygarde|accuracy|1
|move|p2a: Zygarde|Thousand Arrows|p1a: Zygarde
|-damage|p1a: Zygarde|26/100
|
|-heal|p1a: Zygarde|33/100|[from] item: Leftovers
|upkeep
|turn|46
|
|t:|1642883090
|move|p1a: Zygarde|Substitute|p1a: Zygarde
|-start|p1a: Zygarde|Substitute
|-damage|p1a: Zygarde|8/100
|cant|p2a: Zygarde|par
|
|-heal|p1a: Zygarde|14/100|[from] item: Leftovers
|upkeep
|turn|47
|
|t:|1642883095
|move|p1a: Zygarde|Coil|p1a: Zygarde
|-boost|p1a: Zygarde|atk|1
|-boost|p1a: Zygarde|def|1
|-boost|p1a: Zygarde|accuracy|1
|move|p2a: Zygarde|Thousand Arrows|p1a: Zygarde
|-activate|p1a: Zygarde|move: Substitute|[damage]
|
|-heal|p1a: Zygarde|20/100|[from] item: Leftovers
|upkeep
|turn|48
|
|t:|1642883102
|move|p1a: Zygarde|Coil|p1a: Zygarde
|-boost|p1a: Zygarde|atk|1
|-boost|p1a: Zygarde|def|1
|-boost|p1a: Zygarde|accuracy|1
|move|p2a: Zygarde|Thousand Arrows|p1a: Zygarde
|-end|p1a: Zygarde|Substitute
|
|-heal|p1a: Zygarde|26/100|[from] item: Leftovers
|upkeep
|turn|49
|
|t:|1642883109
|move|p1a: Zygarde|Substitute|p1a: Zygarde
|-start|p1a: Zygarde|Substitute
|-damage|p1a: Zygarde|1/100
|cant|p2a: Zygarde|par
|
|-heal|p1a: Zygarde|7/100|[from] item: Leftovers
|upkeep
|turn|50
|
|t:|1642883112
|move|p1a: Zygarde|Coil|p1a: Zygarde
|-boost|p1a: Zygarde|atk|1
|-boost|p1a: Zygarde|def|1
|-boost|p1a: Zygarde|accuracy|1
|move|p2a: Zygarde|Thousand Arrows|p1a: Zygarde
|-activate|p1a: Zygarde|move: Substitute|[damage]
|
|-heal|p1a: Zygarde|13/100|[from] item: Leftovers
|upkeep
|turn|51
|
|t:|1642883119
|move|p1a: Zygarde|Coil|p1a: Zygarde
|-boost|p1a: Zygarde|atk|1
|-boost|p1a: Zygarde|def|1
|-boost|p1a: Zygarde|accuracy|1
|cant|p2a: Zygarde|par
|
|-heal|p1a: Zygarde|20/100|[from] item: Leftovers
|upkeep
|turn|52
|
|t:|1642883124
|move|p1a: Zygarde|Coil|p1a: Zygarde
|-boost|p1a: Zygarde|atk|1
|-boost|p1a: Zygarde|def|1
|-boost|p1a: Zygarde|accuracy|1
|move|p2a: Zygarde|Thousand Arrows|p1a: Zygarde
|-end|p1a: Zygarde|Substitute
|
|-heal|p1a: Zygarde|26/100|[from] item: Leftovers
|upkeep
|turn|53
|
|t:|1642883134
|move|p1a: Zygarde|Substitute|p1a: Zygarde
|-start|p1a: Zygarde|Substitute
|-damage|p1a: Zygarde|1/100
|move|p2a: Zygarde|Glare||[still]
|-fail|p2a: Zygarde
|
|-heal|p1a: Zygarde|7/100|[from] item: Leftovers
|upkeep
|turn|54
|
|t:|1642883139
|move|p1a: Zygarde|Glare||[still]
|-fail|p1a: Zygarde
|move|p2a: Zygarde|Coil|p2a: Zygarde
|-boost|p2a: Zygarde|atk|0
|-boost|p2a: Zygarde|def|0
|-boost|p2a: Zygarde|accuracy|0
|
|-heal|p1a: Zygarde|13/100|[from] item: Leftovers
|upkeep
|turn|55
|
|t:|1642883148
|move|p1a: Zygarde|Glare||[still]
|-fail|p1a: Zygarde
|cant|p2a: Zygarde|par
|
|-heal|p1a: Zygarde|19/100|[from] item: Leftovers
|upkeep
|turn|56
|
|t:|1642883151
|move|p1a: Zygarde|Glare||[still]
|-fail|p1a: Zygarde
|move|p2a: Zygarde|Glare||[still]
|-fail|p2a: Zygarde
|
|-heal|p1a: Zygarde|25/100|[from] item: Leftovers
|upkeep
|turn|57
|
|t:|1642883153
|move|p1a: Zygarde|Glare||[still]
|-fail|p1a: Zygarde
|move|p2a: Zygarde|Substitute|p2a: Zygarde
|-fail|p2a: Zygarde|move: Substitute
|
|-heal|p1a: Zygarde|32/100|[from] item: Leftovers
|upkeep
|turn|58
|
|t:|1642883157
|move|p1a: Zygarde|Glare||[still]
|-fail|p1a: Zygarde
|cant|p2a: Zygarde|par
|
|-heal|p1a: Zygarde|38/100|[from] item: Leftovers
|upkeep
|turn|59
|
|t:|1642883159
|move|p1a: Zygarde|Glare||[still]
|-fail|p1a: Zygarde
|move|p2a: Zygarde|Glare||[still]
|-fail|p2a: Zygarde
|
|-heal|p1a: Zygarde|44/100|[from] item: Leftovers
|upkeep
|turn|60
|
|t:|1642883160
|move|p1a: Zygarde|Glare||[still]
|-fail|p1a: Zygarde
|move|p2a: Zygarde|Glare||[still]
|-fail|p2a: Zygarde
|
|-heal|p1a: Zygarde|50/100|[from] item: Leftovers
|upkeep
|turn|61
|
|t:|1642883163
|move|p1a: Zygarde|Glare||[still]
|-fail|p1a: Zygarde
|cant|p2a: Zygarde|par
|
|-heal|p1a: Zygarde|56/100|[from] item: Leftovers
|upkeep
|turn|62
|
|t:|1642883166
|move|p1a: Zygarde|Glare||[still]
|-fail|p1a: Zygarde
|cant|p2a: Zygarde|par
|
|-heal|p1a: Zygarde|62/100|[from] item: Leftovers
|upkeep
|turn|63
|
|t:|1642883168
|move|p1a: Zygarde|Glare||[still]
|-fail|p1a: Zygarde
|cant|p2a: Zygarde|par
|
|-heal|p1a: Zygarde|69/100|[from] item: Leftovers
|upkeep
|turn|64
|
|t:|1642883170
|move|p1a: Zygarde|Glare||[still]
|-fail|p1a: Zygarde
|move|p2a: Zygarde|Glare||[still]
|-fail|p2a: Zygarde
|
|-heal|p1a: Zygarde|75/100|[from] item: Leftovers
|upkeep
|turn|65
|
|t:|1642883172
|move|p1a: Zygarde|Glare||[still]
|-fail|p1a: Zygarde
|move|p2a: Zygarde|Coil|p2a: Zygarde
|-boost|p2a: Zygarde|atk|0
|-boost|p2a: Zygarde|def|0
|-boost|p2a: Zygarde|accuracy|0
|
|-heal|p1a: Zygarde|81/100|[from] item: Leftovers
|upkeep
|turn|66
|
|t:|1642883173
|move|p1a: Zygarde|Glare||[still]
|-fail|p1a: Zygarde
|move|p2a: Zygarde|Coil|p2a: Zygarde
|-boost|p2a: Zygarde|atk|0
|-boost|p2a: Zygarde|def|0
|-boost|p2a: Zygarde|accuracy|0
|
|-heal|p1a: Zygarde|87/100|[from] item: Leftovers
|upkeep
|turn|67
|
|t:|1642883175
|move|p1a: Zygarde|Glare||[still]
|-fail|p1a: Zygarde
|move|p2a: Zygarde|Coil|p2a: Zygarde
|-boost|p2a: Zygarde|atk|0
|-boost|p2a: Zygarde|def|0
|-boost|p2a: Zygarde|accuracy|0
|
|-heal|p1a: Zygarde|93/100|[from] item: Leftovers
|upkeep
|turn|68
|
|t:|1642883178
|move|p1a: Zygarde|Glare||[still]
|-fail|p1a: Zygarde
|move|p2a: Zygarde|Coil|p2a: Zygarde
|-boost|p2a: Zygarde|atk|0
|-boost|p2a: Zygarde|def|0
|-boost|p2a: Zygarde|accuracy|0
|
|-heal|p1a: Zygarde|99/100|[from] item: Leftovers
|upkeep
|turn|69
|
|t:|1642883180
|move|p1a: Zygarde|Glare||[still]
|-fail|p1a: Zygarde
|move|p2a: Zygarde|Coil|p2a: Zygarde
|-boost|p2a: Zygarde|atk|0
|-boost|p2a: Zygarde|def|0
|-boost|p2a: Zygarde|accuracy|0
|
|-heal|p1a: Zygarde|100/100|[from] item: Leftovers
|upkeep
|turn|70
|
|t:|1642883181
|switch|p1a: Ferrothorn|Ferrothorn, M, shiny|100/100
|-damage|p1a: Ferrothorn|95/100|[from] Stealth Rock
|move|p2a: Zygarde|Coil|p2a: Zygarde
|-boost|p2a: Zygarde|atk|0
|-boost|p2a: Zygarde|def|0
|-boost|p2a: Zygarde|accuracy|0
|
|-heal|p1a: Ferrothorn|100/100|[from] item: Leftovers
|upkeep
|turn|71
|
|t:|1642883185
|switch|p1a: Zygarde|Zygarde-Complete, shiny|100/100
|-damage|p1a: Zygarde|94/100|[from] Stealth Rock
|move|p2a: Zygarde|Thousand Arrows|p1a: Zygarde
|-damage|p1a: Zygarde|53/100
|
|-heal|p1a: Zygarde|59/100|[from] item: Leftovers
|upkeep
|turn|72
|
|t:|1642883193
|move|p1a: Zygarde|Substitute|p1a: Zygarde
|-start|p1a: Zygarde|Substitute
|-damage|p1a: Zygarde|34/100
|move|p2a: Zygarde|Glare||[still]
|-fail|p2a: Zygarde
|
|-heal|p1a: Zygarde|40/100|[from] item: Leftovers
|upkeep
|turn|73
|
|t:|1642883204
|move|p1a: Zygarde|Coil|p1a: Zygarde
|-boost|p1a: Zygarde|atk|1
|-boost|p1a: Zygarde|def|1
|-boost|p1a: Zygarde|accuracy|1
|move|p2a: Zygarde|Coil|p2a: Zygarde
|-boost|p2a: Zygarde|atk|0
|-boost|p2a: Zygarde|def|0
|-boost|p2a: Zygarde|accuracy|0
|
|-heal|p1a: Zygarde|47/100|[from] item: Leftovers
|upkeep
|turn|74
|
|t:|1642883210
|move|p1a: Zygarde|Coil|p1a: Zygarde
|-boost|p1a: Zygarde|atk|1
|-boost|p1a: Zygarde|def|1
|-boost|p1a: Zygarde|accuracy|1
|move|p2a: Zygarde|Glare||[still]
|-fail|p2a: Zygarde
|
|-heal|p1a: Zygarde|53/100|[from] item: Leftovers
|upkeep
|turn|75
|
|t:|1642883216
|move|p1a: Zygarde|Coil|p1a: Zygarde
|-boost|p1a: Zygarde|atk|1
|-boost|p1a: Zygarde|def|1
|-boost|p1a: Zygarde|accuracy|1
|move|p2a: Zygarde|Glare||[still]
|-fail|p2a: Zygarde
|
|-heal|p1a: Zygarde|59/100|[from] item: Leftovers
|upkeep
|turn|76
|
|t:|1642883220
|move|p1a: Zygarde|Coil|p1a: Zygarde
|-boost|p1a: Zygarde|atk|1
|-boost|p1a: Zygarde|def|1
|-boost|p1a: Zygarde|accuracy|1
|move|p2a: Zygarde|Coil|p2a: Zygarde
|-boost|p2a: Zygarde|atk|0
|-boost|p2a: Zygarde|def|0
|-boost|p2a: Zygarde|accuracy|0
|
|-heal|p1a: Zygarde|65/100|[from] item: Leftovers
|upkeep
|turn|77
|
|t:|1642883221
|move|p1a: Zygarde|Coil|p1a: Zygarde
|-boost|p1a: Zygarde|atk|1
|-boost|p1a: Zygarde|def|1
|-boost|p1a: Zygarde|accuracy|1
|move|p2a: Zygarde|Coil|p2a: Zygarde
|-boost|p2a: Zygarde|atk|0
|-boost|p2a: Zygarde|def|0
|-boost|p2a: Zygarde|accuracy|0
|
|-heal|p1a: Zygarde|71/100|[from] item: Leftovers
|upkeep
|turn|78
|
|t:|1642883224
|move|p1a: Zygarde|Coil|p1a: Zygarde
|-boost|p1a: Zygarde|atk|1
|-boost|p1a: Zygarde|def|1
|-boost|p1a: Zygarde|accuracy|1
|move|p2a: Zygarde|Coil|p2a: Zygarde
|-boost|p2a: Zygarde|atk|0
|-boost|p2a: Zygarde|def|0
|-boost|p2a: Zygarde|accuracy|0
|
|-heal|p1a: Zygarde|77/100|[from] item: Leftovers
|upkeep
|turn|79
|
|t:|1642883226
|move|p1a: Zygarde|Glare||[still]
|-fail|p1a: Zygarde
|move|p2a: Zygarde|Coil|p2a: Zygarde
|-boost|p2a: Zygarde|atk|0
|-boost|p2a: Zygarde|def|0
|-boost|p2a: Zygarde|accuracy|0
|
|-heal|p1a: Zygarde|84/100|[from] item: Leftovers
|upkeep
|turn|80
|
|t:|1642883227
|move|p1a: Zygarde|Glare||[still]
|-fail|p1a: Zygarde
|move|p2a: Zygarde|Coil|p2a: Zygarde
|-boost|p2a: Zygarde|atk|0
|-boost|p2a: Zygarde|def|0
|-boost|p2a: Zygarde|accuracy|0
|
|-heal|p1a: Zygarde|90/100|[from] item: Leftovers
|upkeep
|turn|81
|
|t:|1642883229
|move|p1a: Zygarde|Glare||[still]
|-fail|p1a: Zygarde
|move|p2a: Zygarde|Coil|p2a: Zygarde
|-boost|p2a: Zygarde|atk|0
|-boost|p2a: Zygarde|def|0
|-boost|p2a: Zygarde|accuracy|0
|
|-heal|p1a: Zygarde|96/100|[from] item: Leftovers
|upkeep
|turn|82
|
|t:|1642883231
|move|p1a: Zygarde|Glare||[still]
|-fail|p1a: Zygarde
|cant|p2a: Zygarde|par
|
|-heal|p1a: Zygarde|100/100|[from] item: Leftovers
|upkeep
|turn|83
|
|t:|1642883234
|switch|p1a: Zacian|Zacian-Crowned, shiny|100/100
|-damage|p1a: Zacian|94/100|[from] Stealth Rock
|-ability|p1a: Zacian|Intrepid Sword|boost
|-boost|p1a: Zacian|atk|1
|move|p2a: Zygarde|Coil|p2a: Zygarde
|-boost|p2a: Zygarde|atk|0
|-boost|p2a: Zygarde|def|0
|-boost|p2a: Zygarde|accuracy|0
|
|upkeep
|turn|84
|
|t:|1642883237
|move|p1a: Zacian|Protect|p1a: Zacian
|-singleturn|p1a: Zacian|Protect
|move|p2a: Zygarde|Glare|p1a: Zacian
|-activate|p1a: Zacian|move: Protect
|
|upkeep
|turn|85
|
|t:|1642883242
|switch|p1a: Zygarde|Zygarde-Complete, shiny|100/100
|-damage|p1a: Zygarde|94/100|[from] Stealth Rock
|move|p2a: Zygarde|Glare|p1a: Zygarde
|-status|p1a: Zygarde|par
|
|-heal|p1a: Zygarde|100/100 par|[from] item: Leftovers
|upkeep
|turn|86
|inactive|Adil has 120 seconds left.
|
|t:|1642883273
|move|p1a: Zygarde|Substitute|p1a: Zygarde
|-start|p1a: Zygarde|Substitute
|-damage|p1a: Zygarde|76/100 par
|move|p2a: Zygarde|Coil|p2a: Zygarde
|-boost|p2a: Zygarde|atk|0
|-boost|p2a: Zygarde|def|0
|-boost|p2a: Zygarde|accuracy|0
|
|-heal|p1a: Zygarde|82/100 par|[from] item: Leftovers
|upkeep
|turn|87
|
|t:|1642883283
|move|p1a: Zygarde|Coil|p1a: Zygarde
|-boost|p1a: Zygarde|atk|1
|-boost|p1a: Zygarde|def|1
|-boost|p1a: Zygarde|accuracy|1
|move|p2a: Zygarde|Coil|p2a: Zygarde
|-boost|p2a: Zygarde|atk|0
|-boost|p2a: Zygarde|def|0
|-boost|p2a: Zygarde|accuracy|0
|
|-heal|p1a: Zygarde|88/100 par|[from] item: Leftovers
|upkeep
|turn|88
|
|t:|1642883285
|move|p1a: Zygarde|Coil|p1a: Zygarde
|-boost|p1a: Zygarde|atk|1
|-boost|p1a: Zygarde|def|1
|-boost|p1a: Zygarde|accuracy|1
|cant|p2a: Zygarde|par
|
|-heal|p1a: Zygarde|94/100 par|[from] item: Leftovers
|upkeep
|turn|89
|
|t:|1642883288
|move|p1a: Zygarde|Coil|p1a: Zygarde
|-boost|p1a: Zygarde|atk|1
|-boost|p1a: Zygarde|def|1
|-boost|p1a: Zygarde|accuracy|1
|move|p2a: Zygarde|Glare||[still]
|-fail|p2a: Zygarde
|
|-heal|p1a: Zygarde|99/100 par|[from] item: Leftovers
|upkeep
|turn|90
|
|t:|1642883294
|move|p1a: Zygarde|Coil|p1a: Zygarde
|-boost|p1a: Zygarde|atk|1
|-boost|p1a: Zygarde|def|1
|-boost|p1a: Zygarde|accuracy|1
|cant|p2a: Zygarde|par
|
|-heal|p1a: Zygarde|100/100 par|[from] item: Leftovers
|upkeep
|turn|91
|
|t:|1642883299
|cant|p1a: Zygarde|par
|cant|p2a: Zygarde|par
|
|upkeep
|turn|92
|
|t:|1642883302
|move|p1a: Zygarde|Coil|p1a: Zygarde
|-boost|p1a: Zygarde|atk|1
|-boost|p1a: Zygarde|def|1
|-boost|p1a: Zygarde|accuracy|1
|move|p2a: Zygarde|Glare||[still]
|-fail|p2a: Zygarde
|
|upkeep
|turn|93
|
|t:|1642883308
|move|p1a: Zygarde|Coil|p1a: Zygarde
|-boost|p1a: Zygarde|atk|1
|-boost|p1a: Zygarde|def|1
|-boost|p1a: Zygarde|accuracy|1
|move|p2a: Zygarde|Glare||[still]
|-fail|p2a: Zygarde
|
|upkeep
|turn|94
|
|t:|1642883314
|move|p1a: Zygarde|Glare||[still]
|-fail|p1a: Zygarde
|move|p2a: Zygarde|Glare||[still]
|-fail|p2a: Zygarde
|
|upkeep
|turn|95
|
|t:|1642883317
|move|p1a: Zygarde|Glare||[still]
|-fail|p1a: Zygarde
|move|p2a: Zygarde|Glare||[still]
|-fail|p2a: Zygarde
|
|upkeep
|turn|96
|
|t:|1642883322
|cant|p1a: Zygarde|par
|cant|p2a: Zygarde|par
|
|upkeep
|turn|97
|
|t:|1642883326
|move|p1a: Zygarde|Glare||[still]
|-fail|p1a: Zygarde
|move|p2a: Zygarde|Glare||[still]
|-fail|p2a: Zygarde
|
|upkeep
|turn|98
|
|t:|1642883330
|move|p1a: Zygarde|Glare||[still]
|-fail|p1a: Zygarde
|move|p2a: Zygarde|Glare||[still]
|-fail|p2a: Zygarde
|
|upkeep
|turn|99
|
|t:|1642883333
|move|p1a: Zygarde|Glare||[still]
|-fail|p1a: Zygarde
|cant|p2a: Zygarde|par
|
|upkeep
|turn|100
|
|t:|1642883338
|move|p1a: Zygarde|Glare||[still]
|-fail|p1a: Zygarde
|move|p2a: Zygarde|Glare||[still]
|-fail|p2a: Zygarde
|
|upkeep
|turn|101
|
|t:|1642883344
|cant|p1a: Zygarde|par
|move|p2a: Zygarde|Glare||[still]
|-fail|p2a: Zygarde
|
|upkeep
|turn|102
|
|t:|1642883347
|cant|p1a: Zygarde|par
|move|p2a: Zygarde|Glare||[still]
|-fail|p2a: Zygarde
|
|upkeep
|turn|103
|
|t:|1642883352
|cant|p1a: Zygarde|par
|move|p2a: Zygarde|Glare||[still]
|-fail|p2a: Zygarde
|
|upkeep
|turn|104
|
|t:|1642883355
|move|p1a: Zygarde|Glare||[still]
|-fail|p1a: Zygarde
|move|p2a: Zygarde|Glare||[still]
|-fail|p2a: Zygarde
|
|upkeep
|turn|105
|
|t:|1642883359
|move|p1a: Zygarde|Glare||[still]
|-fail|p1a: Zygarde
|move|p2a: Zygarde|Glare||[still]
|-fail|p2a: Zygarde
|
|upkeep
|turn|106
|
|t:|1642883366
|cant|p1a: Zygarde|par
|cant|p2a: Zygarde|par
|
|upkeep
|turn|107
|
|t:|1642883370
|move|p1a: Zygarde|Glare||[still]
|-fail|p1a: Zygarde
|move|p2a: Zygarde|Glare||[still]
|-fail|p2a: Zygarde
|
|upkeep
|turn|108
|
|t:|1642883376
|move|p1a: Zygarde|Glare||[still]
|-fail|p1a: Zygarde
|move|p2a: Zygarde|Glare||[still]
|-fail|p2a: Zygarde
|
|upkeep
|turn|109
|
|t:|1642883381
|move|p1a: Zygarde|Glare||[still]
|-fail|p1a: Zygarde
|move|p2a: Zygarde|Glare||[still]
|-fail|p2a: Zygarde
|
|upkeep
|turn|110
|inactive|Adil has 120 seconds left.
|
|t:|1642883411
|move|p1a: Zygarde|Glare||[still]
|-fail|p1a: Zygarde
|move|p2a: Zygarde|Glare||[still]
|-fail|p2a: Zygarde
|
|upkeep
|turn|111
|
|t:|1642883416
|move|p1a: Zygarde|Glare||[still]
|-fail|p1a: Zygarde
|move|p2a: Zygarde|Glare||[still]
|-fail|p2a: Zygarde
|
|upkeep
|turn|112
|
|t:|1642883419
|move|p1a: Zygarde|Glare||[still]
|-fail|p1a: Zygarde
|cant|p2a: Zygarde|par
|
|upkeep
|turn|113
|
|t:|1642883425
|move|p1a: Zygarde|Glare||[still]
|-fail|p1a: Zygarde
|move|p2a: Zygarde|Glare||[still]
|-fail|p2a: Zygarde
|
|upkeep
|turn|114
|
|t:|1642883427
|cant|p1a: Zygarde|par
|move|p2a: Zygarde|Glare||[still]
|-fail|p2a: Zygarde
|
|upkeep
|turn|115
|
|t:|1642883430
|move|p1a: Zygarde|Glare||[still]
|-fail|p1a: Zygarde
|move|p2a: Zygarde|Glare||[still]
|-fail|p2a: Zygarde
|
|upkeep
|turn|116
|
|t:|1642883432
|move|p1a: Zygarde|Glare||[still]
|-fail|p1a: Zygarde
|cant|p2a: Zygarde|par
|
|upkeep
|turn|117
|
|t:|1642883434
|cant|p1a: Zygarde|par
|move|p2a: Zygarde|Glare||[still]
|-fail|p2a: Zygarde
|
|upkeep
|turn|118
|
|t:|1642883438
|cant|p1a: Zygarde|par
|move|p2a: Zygarde|Glare||[still]
|-fail|p2a: Zygarde
|
|upkeep
|turn|119
|
|t:|1642883444
|move|p1a: Zygarde|Glare||[still]
|-fail|p1a: Zygarde
|move|p2a: Zygarde|Glare||[still]
|-fail|p2a: Zygarde
|
|upkeep
|turn|120
|
|t:|1642883448
|move|p1a: Zygarde|Glare||[still]
|-fail|p1a: Zygarde
|move|p2a: Zygarde|Glare||[still]
|-fail|p2a: Zygarde
|
|upkeep
|turn|121
|
|t:|1642883451
|move|p1a: Zygarde|Glare||[still]
|-fail|p1a: Zygarde
|move|p2a: Zygarde|Coil|p2a: Zygarde
|-boost|p2a: Zygarde|atk|0
|-boost|p2a: Zygarde|def|0
|-boost|p2a: Zygarde|accuracy|0
|
|upkeep
|turn|122
|
|t:|1642883457
|move|p1a: Zygarde|Glare||[still]
|-fail|p1a: Zygarde
|move|p2a: Zygarde|Coil|p2a: Zygarde
|-boost|p2a: Zygarde|atk|0
|-boost|p2a: Zygarde|def|0
|-boost|p2a: Zygarde|accuracy|0
|
|upkeep
|turn|123
|
|t:|1642883465
|move|p1a: Zygarde|Coil|p1a: Zygarde
|-boost|p1a: Zygarde|atk|0
|-boost|p1a: Zygarde|def|0
|-boost|p1a: Zygarde|accuracy|0
|move|p2a: Zygarde|Coil|p2a: Zygarde
|-boost|p2a: Zygarde|atk|0
|-boost|p2a: Zygarde|def|0
|-boost|p2a: Zygarde|accuracy|0
|
|upkeep
|turn|124
|
|t:|1642883475
|move|p1a: Zygarde|Coil|p1a: Zygarde
|-boost|p1a: Zygarde|atk|0
|-boost|p1a: Zygarde|def|0
|-boost|p1a: Zygarde|accuracy|0
|cant|p2a: Zygarde|par
|
|upkeep
|turn|125
|
|t:|1642883481
|move|p1a: Zygarde|Coil|p1a: Zygarde
|-boost|p1a: Zygarde|atk|0
|-boost|p1a: Zygarde|def|0
|-boost|p1a: Zygarde|accuracy|0
|move|p2a: Zygarde|Coil|p2a: Zygarde
|-boost|p2a: Zygarde|atk|0
|-boost|p2a: Zygarde|def|0
|-boost|p2a: Zygarde|accuracy|0
|
|upkeep
|turn|126
|
|t:|1642883489
|cant|p1a: Zygarde|par
|move|p2a: Zygarde|Substitute|p2a: Zygarde
|-fail|p2a: Zygarde|move: Substitute
|
|upkeep
|turn|127
|
|t:|1642883494
|move|p1a: Zygarde|Thousand Arrows|p2a: Zygarde
|-activate|p2a: Zygarde|move: Substitute|[damage]
|cant|p2a: Zygarde|par
|
|upkeep
|turn|128
|
|t:|1642883499
|move|p1a: Zygarde|Substitute|p1a: Zygarde
|-fail|p1a: Zygarde|move: Substitute
|move|p2a: Zygarde|Substitute|p2a: Zygarde
|-fail|p2a: Zygarde|move: Substitute
|
|upkeep
|turn|129
|
|t:|1642883503
|cant|p1a: Zygarde|par
|move|p2a: Zygarde|Substitute|p2a: Zygarde
|-fail|p2a: Zygarde|move: Substitute
|
|upkeep
|turn|130
|
|t:|1642883506
|cant|p1a: Zygarde|par
|move|p2a: Zygarde|Glare||[still]
|-fail|p2a: Zygarde
|
|upkeep
|turn|131
|
|t:|1642883516
|move|p1a: Zygarde|Substitute|p1a: Zygarde
|-fail|p1a: Zygarde|move: Substitute
|move|p2a: Zygarde|Substitute|p2a: Zygarde
|-fail|p2a: Zygarde|move: Substitute
|
|upkeep
|turn|132
|
|t:|1642883520
|cant|p1a: Zygarde|par
|move|p2a: Zygarde|Glare||[still]
|-fail|p2a: Zygarde
|
|upkeep
|turn|133
|
|t:|1642883524
|cant|p1a: Zygarde|par
|move|p2a: Zygarde|Glare||[still]
|-fail|p2a: Zygarde
|
|upkeep
|turn|134
|
|t:|1642883528
|move|p1a: Zygarde|Substitute|p1a: Zygarde
|-fail|p1a: Zygarde|move: Substitute
|cant|p2a: Zygarde|par
|
|upkeep
|turn|135
|
|t:|1642883535
|move|p1a: Zygarde|Substitute|p1a: Zygarde
|-fail|p1a: Zygarde|move: Substitute
|move|p2a: Zygarde|Glare||[still]
|-fail|p2a: Zygarde
|
|upkeep
|turn|136
|
|t:|1642883540
|cant|p1a: Zygarde|par
|move|p2a: Zygarde|Glare||[still]
|-fail|p2a: Zygarde
|
|upkeep
|turn|137
|
|t:|1642883544
|move|p1a: Zygarde|Substitute|p1a: Zygarde
|-fail|p1a: Zygarde|move: Substitute
|move|p2a: Zygarde|Substitute|p2a: Zygarde
|-fail|p2a: Zygarde|move: Substitute
|
|upkeep
|turn|138
|
|t:|1642883548
|cant|p1a: Zygarde|par
|move|p2a: Zygarde|Substitute|p2a: Zygarde
|-fail|p2a: Zygarde|move: Substitute
|
|upkeep
|turn|139
|
|t:|1642883552
|move|p1a: Zygarde|Substitute|p1a: Zygarde
|-fail|p1a: Zygarde|move: Substitute
|move|p2a: Zygarde|Glare||[still]
|-fail|p2a: Zygarde
|
|upkeep
|turn|140
|
|t:|1642883556
|move|p1a: Zygarde|Thousand Arrows|p2a: Zygarde
|-end|p2a: Zygarde|Substitute
|move|p2a: Zygarde|Substitute|p2a: Zygarde
|-start|p2a: Zygarde|Substitute
|-damage|p2a: Zygarde|76/100 par
|
|-heal|p2a: Zygarde|82/100 par|[from] item: Leftovers
|upkeep
|turn|141
|
|t:|1642883562
|move|p1a: Zygarde|Thousand Arrows|p2a: Zygarde
|-activate|p2a: Zygarde|move: Substitute|[damage]
|cant|p2a: Zygarde|par
|
|-heal|p2a: Zygarde|88/100 par|[from] item: Leftovers
|upkeep
|turn|142
|
|t:|1642883568
|move|p1a: Zygarde|Thousand Arrows|p2a: Zygarde
|-activate|p2a: Zygarde|move: Substitute|[damage]
|move|p2a: Zygarde|Substitute|p2a: Zygarde
|-fail|p2a: Zygarde|move: Substitute
|
|-heal|p2a: Zygarde|94/100 par|[from] item: Leftovers
|upkeep
|turn|143
|
|t:|1642883576
|-activate|p1a: Zygarde|move: Struggle
|move|p1a: Zygarde|Struggle|p2a: Zygarde
|-end|p2a: Zygarde|Substitute
|-damage|p1a: Zygarde|76/100 par|[from] recoil
|move|p2a: Zygarde|Glare||[still]
|-fail|p2a: Zygarde
|
|-heal|p1a: Zygarde|82/100 par|[from] item: Leftovers
|-heal|p2a: Zygarde|99/100 par|[from] item: Leftovers
|upkeep
|turn|144
|
|t:|1642883583
|-activate|p1a: Zygarde|move: Struggle
|move|p1a: Zygarde|Struggle|p2a: Zygarde
|-damage|p2a: Zygarde|96/100 par
|-damage|p1a: Zygarde|57/100 par|[from] recoil
|move|p2a: Zygarde|Glare||[still]
|-fail|p2a: Zygarde
|
|-heal|p1a: Zygarde|63/100 par|[from] item: Leftovers
|-heal|p2a: Zygarde|100/100 par|[from] item: Leftovers
|upkeep
|turn|145
|
|t:|1642883591
|-activate|p1a: Zygarde|move: Struggle
|move|p1a: Zygarde|Struggle|p2a: Zygarde
|-damage|p2a: Zygarde|97/100 par
|-damage|p1a: Zygarde|38/100 par|[from] recoil
|move|p2a: Zygarde|Substitute|p2a: Zygarde
|-start|p2a: Zygarde|Substitute
|-damage|p2a: Zygarde|72/100 par
|
|-heal|p1a: Zygarde|44/100 par|[from] item: Leftovers
|-heal|p2a: Zygarde|78/100 par|[from] item: Leftovers
|upkeep
|turn|146
|
|t:|1642883599
|-activate|p1a: Zygarde|move: Struggle
|move|p1a: Zygarde|Struggle|p2a: Zygarde
|-activate|p2a: Zygarde|move: Substitute|[damage]
|-damage|p1a: Zygarde|19/100 par|[from] recoil
|move|p2a: Zygarde|Thousand Arrows|p1a: Zygarde
|-activate|p1a: Zygarde|move: Substitute|[damage]
|
|-heal|p1a: Zygarde|25/100 par|[from] item: Leftovers
|-heal|p2a: Zygarde|84/100 par|[from] item: Leftovers
|upkeep
|turn|147
|
|t:|1642883609
|switch|p1a: Yveltal|Yveltal, shiny|100/100
|-ability|p1a: Yveltal|Dark Aura
|-activate|p2a: Zygarde|move: Struggle
|move|p2a: Zygarde|Struggle|p1a: Yveltal
|-damage|p1a: Yveltal|63/100
|-damage|p2a: Zygarde|59/100 par|[from] recoil
|
|-heal|p2a: Zygarde|65/100 par|[from] item: Leftovers
|upkeep
|turn|148
|
|t:|1642883612
|move|p1a: Yveltal|Defog|p2a: Zygarde
|-sideend|p1: seidou31|Stealth Rock|[from] move: Defog|[of] p1a: Yveltal
|-activate|p2a: Zygarde|move: Struggle
|move|p2a: Zygarde|Struggle|p1a: Yveltal
|-crit|p1a: Yveltal
|-damage|p1a: Yveltal|14/100
|-damage|p2a: Zygarde|40/100 par|[from] recoil
|
|-heal|p2a: Zygarde|46/100 par|[from] item: Leftovers
|upkeep
|turn|149
|
|t:|1642883631
|switch|p2a: Zacian|Zacian-Crowned|100/100
|-ability|p2a: Zacian|Intrepid Sword|boost
|-boost|p2a: Zacian|atk|1
|move|p1a: Yveltal|Roost|p1a: Yveltal
|-heal|p1a: Yveltal|64/100
|-singleturn|p1a: Yveltal|move: Roost
|
|upkeep
|turn|150
|
|t:|1642883641
|switch|p2a: Calyrex|Calyrex-Shadow|100/100
|-ability|p2a: Calyrex|As One
|-ability|p2a: Calyrex|Unnerve
|switch|p1a: Arcanine|Arcanine, M, shiny|77/100
|-ability|p1a: Arcanine|Intimidate|boost
|-unboost|p2a: Calyrex|atk|1
|
|upkeep
|turn|151
|
|t:|1642883644
|switch|p1a: Yveltal|Yveltal, shiny|64/100
|-ability|p1a: Yveltal|Dark Aura
|move|p2a: Calyrex|Trick|p1a: Yveltal
|-activate|p2a: Calyrex|move: Trick|[of] p1a: Yveltal
|-item|p1a: Yveltal|Choice Scarf|[from] move: Trick
|-item|p2a: Calyrex|Heavy-Duty Boots|[from] move: Trick
|
|upkeep
|turn|152
|
|t:|1642883649
|move|p2a: Calyrex|Baton Pass|p2a: Calyrex
|
|t:|1642883651
|switch|p2a: Tyranitar|Tyranitar, M|94/100 brn|[from]move: Baton Pass
|-weather|Sandstorm|[from] ability: Sand Stream|[of] p2a: Tyranitar
|move|p1a: Yveltal|U-turn|p2a: Tyranitar
|-supereffective|p2a: Tyranitar
|-damage|p2a: Tyranitar|63/100 brn
|
|t:|1642883661
|switch|p1a: Zacian|Zacian-Crowned, shiny|94/100|[from]move: U-turn
|-ability|p1a: Zacian|Intrepid Sword|boost
|-boost|p1a: Zacian|atk|1
|
|-weather|Sandstorm|[upkeep]
|-heal|p2a: Tyranitar|69/100 brn|[from] item: Leftovers
|-damage|p2a: Tyranitar|63/100 brn|[from] brn
|upkeep
|turn|153
|
|t:|1642883672
|switch|p2a: Arceus|Arceus-Water|100/100
|move|p1a: Zacian|Behemoth Blade|p2a: Arceus
|-resisted|p2a: Arceus
|-damage|p2a: Arceus|74/100
|
|-weather|Sandstorm|[upkeep]
|-damage|p2a: Arceus|68/100|[from] Sandstorm
|upkeep
|turn|154
|
|t:|1642883675
|move|p1a: Zacian|Wild Charge|p2a: Arceus
|-supereffective|p2a: Arceus
|-damage|p2a: Arceus|6/100
|-damage|p1a: Zacian|73/100|[from] Recoil
|move|p2a: Arceus|Recover|p2a: Arceus
|-heal|p2a: Arceus|56/100
|
|-weather|Sandstorm|[upkeep]
|-damage|p2a: Arceus|50/100|[from] Sandstorm
|upkeep
|turn|155
|
|t:|1642883681
|switch|p2a: Zygarde|Zygarde-Complete|46/100 par
|move|p1a: Zacian|Wild Charge|p2a: Zygarde
|-immune|p2a: Zygarde
|
|-weather|Sandstorm|[upkeep]
|-heal|p2a: Zygarde|52/100 par|[from] item: Leftovers
|upkeep
|turn|156
|
|t:|1642883685
|move|p1a: Zacian|Play Rough|p2a: Zygarde|[miss]
|-miss|p1a: Zacian|p2a: Zygarde
|-activate|p2a: Zygarde|move: Struggle
|move|p2a: Zygarde|Struggle|p1a: Zacian
|-damage|p1a: Zacian|62/100
|-damage|p2a: Zygarde|27/100 par|[from] recoil
|
|-weather|none
|-heal|p2a: Zygarde|33/100 par|[from] item: Leftovers
|upkeep
|turn|157
|
|t:|1642883689
|move|p1a: Zacian|Play Rough|p2a: Zygarde
|-supereffective|p2a: Zygarde
|-damage|p2a: Zygarde|0 fnt
|faint|p2a: Zygarde
|
|upkeep
|
|t:|1642883696
|switch|p2a: Calyrex|Calyrex-Shadow|100/100
|-ability|p2a: Calyrex|As One
|-ability|p2a: Calyrex|Unnerve
|turn|158
|
|t:|1642883702
|move|p1a: Zacian|Protect|p1a: Zacian
|-singleturn|p1a: Zacian|Protect
|move|p2a: Calyrex|Astral Barrage|p1a: Zacian
|-activate|p1a: Zacian|move: Protect
|
|upkeep
|turn|159
|
|t:|1642883708
|switch|p1a: Yveltal|Yveltal, shiny|64/100
|-ability|p1a: Yveltal|Dark Aura
|move|p2a: Calyrex|Astral Barrage|p1a: Yveltal
|-resisted|p1a: Yveltal
|-damage|p1a: Yveltal|44/100
|
|upkeep
|turn|160
|
|t:|1642883713
|move|p2a: Calyrex|Baton Pass|p2a: Calyrex
|
|t:|1642883721
|switch|p2a: Zacian|Zacian-Crowned|100/100|[from]move: Baton Pass
|-ability|p2a: Zacian|Intrepid Sword|boost
|-boost|p2a: Zacian|atk|1
|move|p1a: Yveltal|Roost|p1a: Yveltal
|-heal|p1a: Yveltal|95/100
|-singleturn|p1a: Yveltal|move: Roost
|
|upkeep
|turn|161
|
|t:|1642883731
|switch|p2a: Rayquaza|Rayquaza|100/100
|-ability|p2a: Rayquaza|Air Lock
|switch|p1a: Arcanine|Arcanine, M, shiny|77/100
|-ability|p1a: Arcanine|Intimidate|boost
|-unboost|p2a: Rayquaza|atk|1
|
|upkeep
|turn|162
|
|t:|1642883738
|switch|p2a: Tyranitar|Tyranitar, M|63/100 brn
|-weather|Sandstorm|[from] ability: Sand Stream|[of] p2a: Tyranitar
|move|p1a: Arcanine|Will-O-Wisp|p2a: Tyranitar
|-fail|p2a: Tyranitar|brn
|
|-weather|Sandstorm|[upkeep]
|-damage|p1a: Arcanine|71/100|[from] Sandstorm
|-heal|p2a: Tyranitar|69/100 brn|[from] item: Leftovers
|-damage|p2a: Tyranitar|63/100 brn|[from] brn
|upkeep
|turn|163
|
|t:|1642883742
|move|p2a: Tyranitar|Stealth Rock|p1a: Arcanine
|-sidestart|p1: seidou31|move: Stealth Rock
|move|p1a: Arcanine|Teleport|p1a: Arcanine
|
|t:|1642883747
|switch|p1a: Zacian|Zacian-Crowned, shiny|62/100|[from]move: Teleport
|-damage|p1a: Zacian|56/100|[from] Stealth Rock
|-ability|p1a: Zacian|Intrepid Sword|boost
|-boost|p1a: Zacian|atk|1
|
|-weather|Sandstorm|[upkeep]
|-heal|p2a: Tyranitar|69/100 brn|[from] item: Leftovers
|-damage|p2a: Tyranitar|63/100 brn|[from] brn
|upkeep
|turn|164
|
|t:|1642883770
|move|p1a: Zacian|Behemoth Blade|p2a: Tyranitar
|-supereffective|p2a: Tyranitar
|-damage|p2a: Tyranitar|0 fnt
|faint|p2a: Tyranitar
|
|-weather|Sandstorm|[upkeep]
|upkeep
|
|t:|1642883774
|switch|p2a: Calyrex|Calyrex-Shadow|100/100
|-ability|p2a: Calyrex|As One
|-ability|p2a: Calyrex|Unnerve
|turn|165
|
|t:|1642883777
|move|p1a: Zacian|Protect|p1a: Zacian
|-singleturn|p1a: Zacian|Protect
|move|p2a: Calyrex|Astral Barrage|p1a: Zacian
|-activate|p1a: Zacian|move: Protect
|
|-weather|Sandstorm|[upkeep]
|-damage|p2a: Calyrex|94/100|[from] Sandstorm
|upkeep
|turn|166
|
|t:|1642883782
|switch|p1a: Yveltal|Yveltal, shiny|95/100
|-damage|p1a: Yveltal|70/100|[from] Stealth Rock
|-ability|p1a: Yveltal|Dark Aura
|move|p2a: Calyrex|Astral Barrage|p1a: Yveltal
|-resisted|p1a: Yveltal
|-damage|p1a: Yveltal|50/100
|
|-weather|none
|upkeep
|turn|167
|inactive|Adil has 120 seconds left.
|
|t:|1642883827
|switch|p2a: Zacian|Zacian-Crowned|100/100
|-ability|p2a: Zacian|Intrepid Sword|boost
|-boost|p2a: Zacian|atk|1
|move|p1a: Yveltal|Roost|p1a: Yveltal
|-heal|p1a: Yveltal|100/100
|-singleturn|p1a: Yveltal|move: Roost
|
|upkeep
|turn|168
|
|t:|1642883838
|switch|p2a: Arceus|Arceus-Water|50/100
|switch|p1a: Arcanine|Arcanine, M, shiny|71/100
|-ability|p1a: Arcanine|Intimidate|boost
|-unboost|p2a: Arceus|atk|1
|
|upkeep
|turn|169
|
|t:|1642883844
|switch|p1a: Ferrothorn|Ferrothorn, M, shiny|100/100
|-damage|p1a: Ferrothorn|95/100|[from] Stealth Rock
|move|p2a: Arceus|Judgment|p1a: Ferrothorn
|-resisted|p1a: Ferrothorn
|-damage|p1a: Ferrothorn|80/100
|
|-heal|p1a: Ferrothorn|86/100|[from] item: Leftovers
|upkeep
|turn|170
|
|t:|1642883849
|move|p2a: Arceus|Recover|p2a: Arceus
|-heal|p2a: Arceus|99/100
|move|p1a: Ferrothorn|Thunder Wave|p2a: Arceus
|-status|p2a: Arceus|par
|
|-heal|p1a: Ferrothorn|92/100|[from] item: Leftovers
|upkeep
|turn|171
|inactive|Adil has 90 seconds left.
|
|t:|1642883890
|move|p2a: Arceus|Ice Beam|p1a: Ferrothorn
|-damage|p1a: Ferrothorn|77/100
|move|p1a: Ferrothorn|Leech Seed|p2a: Arceus
|-start|p2a: Arceus|move: Leech Seed
|
|-heal|p1a: Ferrothorn|83/100|[from] item: Leftovers
|-damage|p2a: Arceus|88/100 par|[from] Leech Seed|[of] p1a: Ferrothorn
|-heal|p1a: Ferrothorn|99/100|[silent]
|upkeep
|turn|172
|
|t:|1642883895
|move|p2a: Arceus|Ice Beam|p1a: Ferrothorn
|-damage|p1a: Ferrothorn|83/100
|move|p1a: Ferrothorn|Thunder Wave|p2a: Arceus
|-fail|p2a: Arceus|par
|
|-heal|p1a: Ferrothorn|89/100|[from] item: Leftovers
|-damage|p2a: Arceus|75/100 par|[from] Leech Seed|[of] p1a: Ferrothorn
|-heal|p1a: Ferrothorn|100/100|[silent]
|upkeep
|turn|173
|
|t:|1642883899
|switch|p2a: Rayquaza|Rayquaza|100/100
|-ability|p2a: Rayquaza|Air Lock
|move|p1a: Ferrothorn|Thunder Wave|p2a: Rayquaza
|-status|p2a: Rayquaza|par
|
|upkeep
|turn|174
|inactive|Adil has 90 seconds left.
|
|t:|1642883904
|switch|p1a: Arcanine|Arcanine, M, shiny|71/100
|-ability|p1a: Arcanine|Intimidate|boost
|-unboost|p2a: Rayquaza|atk|1
|detailschange|p2a: Rayquaza|Rayquaza-Mega
|-mega|p2a: Rayquaza|Rayquaza|
|-weather|DeltaStream|[from] ability: Delta Stream|[of] p2a: Rayquaza
|move|p2a: Rayquaza|V-create|p1a: Arcanine
|-resisted|p1a: Arcanine
|-damage|p1a: Arcanine|48/100
|-unboost|p2a: Rayquaza|spe|1
|-unboost|p2a: Rayquaza|def|1
|-unboost|p2a: Rayquaza|spd|1
|
|-weather|DeltaStream|[upkeep]
|upkeep
|turn|175
|
|t:|1642883911
|move|p1a: Arcanine|Morning Sun|p1a: Arcanine
|-heal|p1a: Arcanine|98/100
|move|p2a: Rayquaza|Draco Meteor|p1a: Arcanine
|-damage|p1a: Arcanine|12/100
|-unboost|p2a: Rayquaza|spa|2
|
|-weather|DeltaStream|[upkeep]
|upkeep
|turn|176
|
|t:|1642883917
|move|p2a: Rayquaza|Extreme Speed|p1a: Arcanine
|-damage|p1a: Arcanine|0 fnt
|faint|p1a: Arcanine
|
|-weather|DeltaStream|[upkeep]
|upkeep
|
|t:|1642883924
|switch|p1a: Zacian|Zacian-Crowned, shiny|56/100
|-damage|p1a: Zacian|50/100|[from] Stealth Rock
|-ability|p1a: Zacian|Intrepid Sword|boost
|-boost|p1a: Zacian|atk|1
|turn|177
|
|t:|1642883929
|move|p1a: Zacian|Behemoth Blade|p2a: Rayquaza
|-enditem|p2a: Rayquaza|Focus Sash
|-damage|p2a: Rayquaza|1/100 par
|move|p2a: Rayquaza|V-create|p1a: Zacian
|-supereffective|p1a: Zacian
|-damage|p1a: Zacian|0 fnt
|-unboost|p2a: Rayquaza|spe|1
|-unboost|p2a: Rayquaza|def|1
|-unboost|p2a: Rayquaza|spd|1
|faint|p1a: Zacian
|
|-weather|DeltaStream|[upkeep]
|upkeep
|
|t:|1642883936
|switch|p1a: Arceus|Arceus-Water, shiny|100/100
|-damage|p1a: Arceus|88/100|[from] Stealth Rock
|turn|178
|inactive|Adil has 90 seconds left.
|
|t:|1642883972
|-weather|none
|switch|p2a: Arceus|Arceus-Water|75/100 par
|move|p1a: Arceus|Calm Mind|p1a: Arceus
|-boost|p1a: Arceus|spa|1
|-boost|p1a: Arceus|spd|1
|
|upkeep
|turn|179
|
|t:|1642883976
|switch|p2a: Rayquaza|Rayquaza-Mega|1/100 par
|-weather|DeltaStream|[from] ability: Delta Stream|[of] p2a: Rayquaza
|move|p1a: Arceus|Judgment|p2a: Rayquaza
|-resisted|p2a: Rayquaza
|-damage|p2a: Rayquaza|0 fnt
|faint|p2a: Rayquaza
|-weather|none
|
|upkeep
|
|t:|1642883979
|switch|p2a: Zacian|Zacian-Crowned|100/100
|-ability|p2a: Zacian|Intrepid Sword|boost
|-boost|p2a: Zacian|atk|1
|turn|180
|
|t:|1642883997
|-start|p1a: Arceus|Dynamax
|-heal|p1a: Arceus|88/100|[silent]
|move|p2a: Zacian|Play Rough|p1a: Arceus
|-damage|p1a: Arceus|50/100
|move|p1a: Arceus|Max Quake|p2a: Zacian
|-supereffective|p2a: Zacian
|-damage|p2a: Zacian|0 fnt
|-boost|p1a: Arceus|spd|1
|faint|p2a: Zacian
|
|upkeep
|inactive|Adil has 90 seconds left.
|
|t:|1642884003
|switch|p2a: Calyrex|Calyrex-Shadow|94/100
|-ability|p2a: Calyrex|As One
|-ability|p2a: Calyrex|Unnerve
|turn|181
|inactive|Adil has 90 seconds left.
|
|t:|1642884010
|-start|p2a: Calyrex|Dynamax
|-heal|p2a: Calyrex|94/100|[silent]
|move|p2a: Calyrex|Max Phantasm|p1a: Arceus
|-damage|p1a: Arceus|32/100
|-unboost|p1a: Arceus|def|1
|move|p1a: Arceus|Max Geyser|p2a: Calyrex
|-damage|p2a: Calyrex|39/100
|-weather|RainDance
|
|-weather|RainDance|[upkeep]
|upkeep
|turn|182
|inactive|Adil has 90 seconds left.
|
|t:|1642884028
|move|p2a: Calyrex|Max Phantasm|p1a: Arceus
|-damage|p1a: Arceus|14/100
|-unboost|p1a: Arceus|def|1
|move|p1a: Arceus|Max Geyser|p2a: Calyrex
|-damage|p2a: Calyrex|0 fnt
|faint|p2a: Calyrex
|
|-weather|RainDance|[upkeep]
|-end|p1a: Arceus|Dynamax
|-heal|p1a: Arceus|14/100|[silent]
|upkeep
|
|t:|1642884030
|switch|p2a: Arceus|Arceus-Water|75/100 par
|turn|183
|
|t:|1642884033
|move|p1a: Arceus|Recover|p1a: Arceus
|-heal|p1a: Arceus|65/100
|move|p2a: Arceus|Judgment|p1a: Arceus
|-resisted|p1a: Arceus
|-damage|p1a: Arceus|51/100
|
|-weather|RainDance|[upkeep]
|upkeep
|turn|184
|
|t:|1642884036
|move|p1a: Arceus|Calm Mind|p1a: Arceus
|-boost|p1a: Arceus|spa|1
|-boost|p1a: Arceus|spd|1
|cant|p2a: Arceus|par
|
|-weather|RainDance|[upkeep]
|upkeep
|turn|185
|-message|Adil forfeited.
|
|win|seidou31
|raw|seidou31's rating: 1750 &rarr; <strong>1782</strong><br />(+32 for winning)
|raw|Adil's rating: 1992 &rarr; <strong>1960</strong><br />(-32 for losing)
|l|☆Adil
|n| setnetdasut|seidou31
|j| kr4zed
||Ladder isn't responding, score probably updated but might not have (Request timeout).
