|j|☆Master kushagra
|j|☆Hopkins AC
|inactive|Battle timer is ON: inactive players will automatically lose when time's up.
|t:|1650698753
|gametype|singles
|player|p1|Master kushagra|leon-tower|
|player|p2|Hopkins AC|steven|
|teamsize|p1|6
|teamsize|p2|6
|gen|8
|tier|[Gen 8] National Dex AG
|rated|Tournament battle
|rule|HP Percentage Mod: HP is shown in percentages
|rule|Endless Battle Clause: Forcing endless battles is banned
|clearpoke
|poke|p1|Necrozma-Dusk-Mane|
|poke|p1|Arceus-*|
|poke|p1|Arceus-*|
|poke|p1|Arceus-*|
|poke|p1|Marshadow|
|poke|p1|Yveltal|
|poke|p2|Darmanitan-Galar, M|
|poke|p2|Sceptile, M|
|poke|p2|Lycanroc-Dusk, M|
|poke|p2|Dragonite, M|
|poke|p2|Lugia|
|poke|p2|Poliwrath, M|
|teampreview
|j| 09-10a
|j| Human Killer Z
|c|☆Hopkins AC|damn
|j| LaprasPlayer
|
|t:|1650698765
|start
|switch|p1a: Arceus|Arceus-Ground|100/100
|switch|p2a: luigi|Lugia, shiny|100/100
|turn|1
|
|t:|1650698771
|move|p1a: Arceus|Magic Coat|p1a: Arceus
|-singleturn|p1a: Arceus|move: Magic Coat
|move|p2a: luigi|Calm Mind|p2a: luigi
|-boost|p2a: luigi|spa|1
|-boost|p2a: luigi|spd|1
|
|upkeep
|turn|2
|c|☆Hopkins AC|aight
|
|t:|1650698777
|switch|p1a: Marshadow|Marshadow|100/100
|move|p2a: luigi|Calm Mind|p2a: luigi
|-boost|p2a: luigi|spa|1
|-boost|p2a: luigi|spd|1
|
|upkeep
|turn|3
|c|☆Hopkins AC|thats a nice team
|c|☆Master kushagra|shhh
|
|t:|1650698789
|-start|p2a: luigi|Dynamax|
|-heal|p2a: luigi|100/100|[silent]
|move|p1a: Marshadow|Spectral Thief||[still]
|-clearpositiveboost|p2a: luigi|p1a: Marshadow|move: Spectral Thief
|-boost|p1a: Marshadow|spa|2
|-boost|p1a: Marshadow|spd|2
|-anim|p1a: Marshadow|Spectral Thief|p2a: luigi
|-supereffective|p2a: luigi
|-damage|p2a: luigi|87/100
|-enditem|p2a: luigi|Weakness Policy
|-boost|p2a: luigi|atk|2|[from] item: Weakness Policy
|-boost|p2a: luigi|spa|2|[from] item: Weakness Policy
|-damage|p1a: Marshadow|91/100|[from] item: Life Orb
|move|p2a: luigi|Max Airstream|p1a: Marshadow
|-supereffective|p1a: Marshadow
|-damage|p1a: Marshadow|3/100
|-boost|p2a: luigi|spe|1
|
|upkeep
|turn|4
|c|☆Hopkins AC|PFFT
|c|☆Hopkins AC|BAITED
|c| LaprasPlayer|Lmfao
|
|t:|1650698808
|move|p2a: luigi|Max Airstream|p1a: Marshadow
|-supereffective|p1a: Marshadow
|-damage|p1a: Marshadow|0 fnt
|-boost|p2a: luigi|spe|1
|faint|p1a: Marshadow
|
|upkeep
|
|t:|1650698815
|switch|p1a: zacian destroyer|Necrozma-Dusk-Mane|100/100
|turn|5
|
|t:|1650698823
|-start|p1a: zacian destroyer|Dynamax|
|-heal|p1a: zacian destroyer|100/100|[silent]
|move|p1a: zacian destroyer|Max Guard|p1a: zacian destroyer
|-singleturn|p1a: zacian destroyer|Max Guard
|move|p2a: luigi|Max Mindstorm|p1a: zacian destroyer
|-activate|p1a: zacian destroyer|move: Max Guard
|
|-end|p2a: luigi|Dynamax
|-heal|p2a: luigi|87/100|[silent]
|upkeep
|turn|6
|c|☆Hopkins AC|oh boy
|
|t:|1650698833
|move|p2a: luigi|Calm Mind|p2a: luigi
|-boost|p2a: luigi|spa|1
|-boost|p2a: luigi|spd|1
|move|p1a: zacian destroyer|Max Steelspike|p2a: luigi
|-damage|p2a: luigi|52/100
|-boost|p1a: zacian destroyer|def|1
|
|upkeep
|turn|7
|
|t:|1650698842
|move|p2a: luigi|Calm Mind|p2a: luigi
|-boost|p2a: luigi|spa|1
|-boost|p2a: luigi|spd|1
|move|p1a: zacian destroyer|Max Steelspike|p2a: luigi
|-damage|p2a: luigi|17/100
|-boost|p1a: zacian destroyer|def|1
|
|-end|p1a: zacian destroyer|Dynamax
|-heal|p1a: zacian destroyer|100/100|[silent]
|upkeep
|turn|8
|
|t:|1650698852
|move|p2a: luigi|Roost|p2a: luigi
|-heal|p2a: luigi|67/100
|-singleturn|p2a: luigi|move: Roost
|move|p1a: zacian destroyer|Thunder Wave|p2a: luigi
|-status|p2a: luigi|par
|
|upkeep
|turn|9
|c|☆Hopkins AC|NOO
|
|t:|1650698860
|move|p2a: luigi|Aeroblast|p1a: zacian destroyer
|-resisted|p1a: zacian destroyer
|-damage|p1a: zacian destroyer|61/100
|move|p1a: zacian destroyer|Sunsteel Strike|p2a: luigi
|-damage|p2a: luigi|41/100 par
|
|upkeep
|turn|10
|c|☆Hopkins AC|DIE DIE DIE
|
|t:|1650698869
|move|p2a: luigi|Aeroblast|p1a: zacian destroyer
|-resisted|p1a: zacian destroyer
|-damage|p1a: zacian destroyer|21/100
|move|p1a: zacian destroyer|Morning Sun|p1a: zacian destroyer
|-heal|p1a: zacian destroyer|71/100
|
|upkeep
|turn|11
|c|☆Master kushagra|hit me with super effective
|
|t:|1650698880
|move|p2a: luigi|Roost|p2a: luigi
|-heal|p2a: luigi|91/100 par
|-singleturn|p2a: luigi|move: Roost
|move|p1a: zacian destroyer|Morning Sun|p1a: zacian destroyer
|-heal|p1a: zacian destroyer|100/100
|
|upkeep
|turn|12
|j| Un a ain
|c|☆Hopkins AC|nah bro i dont have
|l| Un a ain
|
|t:|1650698889
|move|p2a: luigi|Calm Mind|p2a: luigi
|-boost|p2a: luigi|spa|1
|-boost|p2a: luigi|spd|1
|move|p1a: zacian destroyer|Sunsteel Strike|p2a: luigi
|-damage|p2a: luigi|65/100 par
|
|upkeep
|turn|13
|c|☆Master kushagra|serious
|
|t:|1650698897
|move|p2a: luigi|Calm Mind|p2a: luigi
|-boost|p2a: luigi|spa|1
|-boost|p2a: luigi|spd|1
|move|p1a: zacian destroyer|Sunsteel Strike|p2a: luigi
|-damage|p2a: luigi|40/100 par
|
|upkeep
|turn|14
|c|☆Hopkins AC|ow
|
|t:|1650698904
|move|p2a: luigi|Roost|p2a: luigi
|-heal|p2a: luigi|90/100 par
|-singleturn|p2a: luigi|move: Roost
|move|p1a: zacian destroyer|Sunsteel Strike|p2a: luigi
|-damage|p2a: luigi|64/100 par
|
|upkeep
|turn|15
|
|t:|1650698920
|switch|p1a: Thor|Arceus-Electric|100/100
|move|p2a: luigi|Aeroblast|p1a: Thor
|-resisted|p1a: Thor
|-damage|p1a: Thor|54/100
|
|upkeep
|turn|16
|
|t:|1650698926
|move|p1a: Thor|Judgment|p2a: luigi
|-supereffective|p2a: luigi
|-damage|p2a: luigi|41/100 par
|cant|p2a: luigi|par
|
|upkeep
|turn|17
|c|☆Hopkins AC|bruh
|
|t:|1650698934
|move|p1a: Thor|Judgment|p2a: luigi
|-supereffective|p2a: luigi
|-damage|p2a: luigi|18/100 par
|cant|p2a: luigi|par
|
|upkeep
|turn|18
|c|☆Master kushagra|we got this
|
|t:|1650698939
|move|p1a: Thor|Judgment|p2a: luigi
|-supereffective|p2a: luigi
|-damage|p2a: luigi|0 fnt
|faint|p2a: luigi
|
|upkeep
|c|☆Hopkins AC|rip
|l| LaprasPlayer
|
|t:|1650698958
|switch|p2a: Lycanroc|Lycanroc-Dusk, M, shiny|100/100
|turn|19
|
|t:|1650698964
|switch|p1a: Arceus|Arceus-Ground|100/100
|move|p2a: Lycanroc|Drill Run|p1a: Arceus
|-damage|p1a: Arceus|67/100
|
|upkeep
|turn|20
|
|t:|1650698969
|move|p2a: Lycanroc|Drill Run|p1a: Arceus
|-damage|p1a: Arceus|31/100
|-zpower|p1a: Arceus
|move|p1a: Arceus|Tectonic Rage|p2a: Lycanroc|[zeffect]
|-supereffective|p2a: Lycanroc
|-damage|p2a: Lycanroc|0 fnt
|faint|p2a: Lycanroc
|
|upkeep
|c|☆Hopkins AC|chill
|
|t:|1650698979
|switch|p2a: Poliwrath|Poliwrath, M, shiny|100/100
|turn|21
|
|t:|1650698984
|move|p1a: Arceus|Earthquake|p2a: Poliwrath
|-damage|p2a: Poliwrath|44/100
|move|p2a: Poliwrath|Bulk Up|p2a: Poliwrath
|-boost|p2a: Poliwrath|atk|1
|-boost|p2a: Poliwrath|def|1
|
|-heal|p2a: Poliwrath|51/100|[from] item: Leftovers
|upkeep
|turn|22
|
|t:|1650698991
|move|p1a: Arceus|Earthquake|p2a: Poliwrath
|-damage|p2a: Poliwrath|14/100
|move|p2a: Poliwrath|Rain Dance|p2a: Poliwrath
|-weather|RainDance
|
|-weather|RainDance|[upkeep]
|-heal|p2a: Poliwrath|20/100|[from] item: Leftovers
|upkeep
|turn|23
|c|☆Master kushagra|erroe
|
|t:|1650698998
|move|p2a: Poliwrath|Waterfall|p1a: Arceus
|-supereffective|p1a: Arceus
|-damage|p1a: Arceus|0 fnt
|faint|p1a: Arceus
|
|-weather|RainDance|[upkeep]
|-heal|p2a: Poliwrath|26/100|[from] item: Leftovers
|upkeep
|c|☆Hopkins AC|lol
|
|t:|1650699008
|switch|p1a: Yveltal|Yveltal|100/100
|-ability|p1a: Yveltal|Dark Aura
|turn|24
|c|☆Hopkins AC|478 speed
|
|t:|1650699015
|move|p2a: Poliwrath|Waterfall|p1a: Yveltal
|-damage|p1a: Yveltal|28/100
|move|p1a: Yveltal|Dark Pulse|p2a: Poliwrath
|-resisted|p2a: Poliwrath
|-damage|p2a: Poliwrath|0 fnt
|faint|p2a: Poliwrath
|-damage|p1a: Yveltal|18/100|[from] item: Life Orb
|
|-weather|RainDance|[upkeep]
|upkeep
|
|t:|1650699024
|switch|p2a: Monke|Darmanitan-Galar, M, shiny|100/100
|turn|25
|
|t:|1650699029
|switch|p1a: zacian destroyer|Necrozma-Dusk-Mane|100/100
|move|p2a: Monke|Icicle Crash|p1a: zacian destroyer
|-resisted|p1a: zacian destroyer
|-damage|p1a: zacian destroyer|82/100
|
|-weather|RainDance|[upkeep]
|upkeep
|turn|26
|
|t:|1650699037
|switch|p2a: Sceptile|Sceptile, M, shiny|100/100
|move|p1a: zacian destroyer|Morning Sun|p1a: zacian destroyer
|-heal|p1a: zacian destroyer|100/100
|
|-weather|none
|upkeep
|turn|27
|c|☆Hopkins AC|i have 1 idea
|
|t:|1650699045
|detailschange|p2a: Sceptile|Sceptile-Mega, M, shiny
|-mega|p2a: Sceptile|Sceptile|Sceptilite
|move|p2a: Sceptile|Sunny Day|p2a: Sceptile
|-weather|SunnyDay
|move|p1a: zacian destroyer|Thunder Wave|p2a: Sceptile
|-ability|p2a: Sceptile|Lightning Rod|boost
|-boost|p2a: Sceptile|spa|1
|
|-weather|SunnyDay|[upkeep]
|upkeep
|turn|28
|c|☆Hopkins AC|LOOL
|
|t:|1650699054
|move|p2a: Sceptile|Solar Beam||[still]
|-prepare|p2a: Sceptile|Solar Beam
|-anim|p2a: Sceptile|Solar Beam|p1a: zacian destroyer
|-resisted|p1a: zacian destroyer
|-damage|p1a: zacian destroyer|59/100
|move|p1a: zacian destroyer|Sunsteel Strike|p2a: Sceptile
|-damage|p2a: Sceptile|17/100
|
|-weather|SunnyDay|[upkeep]
|upkeep
|turn|29
|c|☆Hopkins AC|BAITED AGAIN
|c|☆Master kushagra|lightning roas
|c|☆Master kushagra|oh
|c|☆Master kushagra|nice
|
|t:|1650699071
|move|p2a: Sceptile|Solar Beam||[still]
|-prepare|p2a: Sceptile|Solar Beam
|-anim|p2a: Sceptile|Solar Beam|p1a: zacian destroyer
|-resisted|p1a: zacian destroyer
|-damage|p1a: zacian destroyer|18/100
|move|p1a: zacian destroyer|Morning Sun|p1a: zacian destroyer
|-heal|p1a: zacian destroyer|84/100
|
|-weather|SunnyDay|[upkeep]
|upkeep
|turn|30
|l| Human Killer Z
|inactive|Hopkins AC has 120 seconds left.
|c|☆Hopkins AC|is solar beam 4x weak to this thing?
|
|t:|1650699106
|move|p2a: Sceptile|Dragon Pulse|p1a: zacian destroyer
|-resisted|p1a: zacian destroyer
|-damage|p1a: zacian destroyer|58/100
|move|p1a: zacian destroyer|Sunsteel Strike|p2a: Sceptile
|-damage|p2a: Sceptile|0 fnt
|faint|p2a: Sceptile
|
|-weather|SunnyDay|[upkeep]
|upkeep
|
|t:|1650699115
|switch|p2a: Monke|Darmanitan-Galar, M, shiny|100/100
|turn|31
|
|t:|1650699120
|move|p2a: Monke|Earthquake|p1a: zacian destroyer
|-supereffective|p1a: zacian destroyer
|-damage|p1a: zacian destroyer|11/100
|-enditem|p1a: zacian destroyer|Weakness Policy
|-boost|p1a: zacian destroyer|atk|2|[from] item: Weakness Policy
|-boost|p1a: zacian destroyer|spa|2|[from] item: Weakness Policy
|move|p1a: zacian destroyer|Morning Sun|p1a: zacian destroyer
|-heal|p1a: zacian destroyer|77/100
|
|-weather|none
|upkeep
|turn|32
|c|☆Hopkins AC|NOO
|
|t:|1650699130
|switch|p2a: Dragonite|Dragonite, M, shiny|100/100
|move|p1a: zacian destroyer|Morning Sun|p1a: zacian destroyer
|-heal|p1a: zacian destroyer|100/100
|
|upkeep
|turn|33
|c|☆Master kushagra|now we talking
|
|t:|1650699138
|switch|p1a: Thor|Arceus-Electric|54/100
|move|p2a: Dragonite|Dragon Dance|p2a: Dragonite
|-boost|p2a: Dragonite|atk|1
|-boost|p2a: Dragonite|spe|1
|
|upkeep
|turn|34
|l| 09-10a
|
|t:|1650699144
|move|p2a: Dragonite|Dragon Dance|p2a: Dragonite
|-boost|p2a: Dragonite|atk|1
|-boost|p2a: Dragonite|spe|1
|move|p1a: Thor|Ice Beam|p2a: Dragonite
|-supereffective|p2a: Dragonite
|-damage|p2a: Dragonite|36/100
|-enditem|p2a: Dragonite|Weakness Policy
|-boost|p2a: Dragonite|atk|2|[from] item: Weakness Policy
|-boost|p2a: Dragonite|spa|2|[from] item: Weakness Policy
|
|upkeep
|turn|35
|j| Our Daily Bread
|c|☆Hopkins AC|baited again lol
|c|☆Master kushagra|ah
|
|t:|1650699166
|move|p2a: Dragonite|Waterfall|p1a: Thor
|-damage|p1a: Thor|0 fnt
|faint|p1a: Thor
|
|upkeep
|
|t:|1650699172
|switch|p1a: Arceus|Arceus-Grass|100/100
|turn|36
|
|t:|1650699175
|move|p2a: Dragonite|Dual Wingbeat|p1a: Arceus
|-supereffective|p1a: Arceus
|-damage|p1a: Arceus|10/100
|-supereffective|p1a: Arceus
|-damage|p1a: Arceus|0 fnt
|faint|p1a: Arceus
|-hitcount|p1: Arceus|2
|
|upkeep
|c|☆Hopkins AC|bruh
|c|☆Hopkins AC|2v2
|
|t:|1650699183
|switch|p1a: Yveltal|Yveltal|18/100
|-ability|p1a: Yveltal|Dark Aura
|turn|37
|
|t:|1650699189
|move|p1a: Yveltal|Sucker Punch|p2a: Dragonite
|-damage|p2a: Dragonite|0 fnt
|faint|p2a: Dragonite
|-damage|p1a: Yveltal|8/100|[from] item: Life Orb
|
|upkeep
|c|☆Master kushagra|come on
|c|☆Master kushagra|yes
|
|t:|1650699195
|switch|p2a: Monke|Darmanitan-Galar, M, shiny|100/100
|turn|38
|
|t:|1650699201
|move|p1a: Yveltal|Sucker Punch|p2a: Monke
|-damage|p2a: Monke|17/100
|-damage|p1a: Yveltal|0 fnt|[from] item: Life Orb
|faint|p1a: Yveltal
|move|p2a: Monke|Icicle Crash|p1: Yveltal|[notarget]
|-fail|p2a: Monke
|
|upkeep
|
|t:|1650699203
|switch|p1a: zacian destroyer|Necrozma-Dusk-Mane|100/100
|turn|39
|
|t:|1650699208
|move|p2a: Monke|Icicle Crash|p1a: zacian destroyer
|-resisted|p1a: zacian destroyer
|-damage|p1a: zacian destroyer|81/100
|move|p1a: zacian destroyer|Earthquake|p2a: Monke
|-damage|p2a: Monke|0 fnt
|faint|p2a: Monke
|
|win|Master kushagra
|n|☆Master kushagra|masterkushagra
|n|☆Hopkins AC|hopkinsac
|n| Our Daily Bread|ourdailybread
|c|☆Master kushagra|well gg
|c|☆Hopkins AC|rip
|c|☆Hopkins AC|gg that was close
