|j|☆rowletroost
|j|☆Horseradisk
|t:|1637371021
|gametype|singles
|player|p1|rowletroost|candice|1759
|player|p2|Horseradisk|1|1833
|teamsize|p1|6
|teamsize|p2|6
|gen|8
|tier|[Gen 8] National Dex AG
|rated|
|rule|HP Percentage Mod: HP is shown in percentages
|rule|Endless Battle Clause: Forcing endless battles is banned
|clearpoke
|poke|p1|Arceus-*|
|poke|p1|Xerneas-*|
|poke|p1|Kyogre|
|poke|p1|Marshadow|
|poke|p1|Ribombee, M|
|poke|p1|Vivillon-Savanna, F|
|poke|p2|Excadrill, M|
|poke|p2|Groudon|
|poke|p2|Rayquaza|
|poke|p2|Ditto|
|poke|p2|Yveltal|
|poke|p2|Necrozma-Dusk-Mane|
|teampreview
|inactive|Battle timer is ON: inactive players will automatically lose when time's up. (requested by rowletroost)
|
|t:|1637371032
|start
|switch|p1a: Xerneas|Xerneas, shiny|100/100
|switch|p2a: Yveltal|Yveltal|100/100
|-ability|p2a: Yveltal|Dark Aura
|-ability|p1a: Xerneas|Fairy Aura
|turn|1
|
|t:|1637371043
|switch|p2a: Excadrill|Excadrill, M|100/100
|-ability|p2a: Excadrill|Mold Breaker
|move|p1a: Xerneas|Moonblast|p2a: Excadrill
|-resisted|p2a: Excadrill
|-damage|p2a: Excadrill|52/100
|
|upkeep
|turn|2
|
|t:|1637371059
|switch|p1a: Arceus|Arceus-Ground|100/100
|move|p2a: Excadrill|Stealth Rock|p1a: Arceus
|-sidestart|p1: rowletroost|move: Stealth Rock
|
|upkeep
|turn|3
|
|t:|1637371068
|move|p2a: Excadrill|Rock Tomb|p1a: Arceus
|-resisted|p1a: Arceus
|-damage|p1a: Arceus|95/100
|-unboost|p1a: Arceus|spe|1
|move|p1a: Arceus|Defog|p2a: Excadrill
|-unboost|p2a: Excadrill|evasion|1
|-sideend|p1: rowletroost|Stealth Rock|[from] move: Defog|[of] p1a: Arceus
|
|upkeep
|turn|4
|
|t:|1637371071
|move|p2a: Excadrill|Stealth Rock|p1a: Arceus
|-sidestart|p1: rowletroost|move: Stealth Rock
|move|p1a: Arceus|Judgment|p2a: Excadrill
|-supereffective|p2a: Excadrill
|-damage|p2a: Excadrill|0 fnt
|faint|p2a: Excadrill
|
|upkeep
|
|t:|1637371075
|switch|p2a: Groudon|Groudon|100/100
|-weather|SunnyDay|[from] ability: Drought|[of] p2a: Groudon
|turn|5
|
|t:|1637371077
|move|p2a: Groudon|Swords Dance|p2a: Groudon
|-boost|p2a: Groudon|atk|2
|move|p1a: Arceus|Defog|p2a: Groudon
|-unboost|p2a: Groudon|evasion|1
|-sideend|p1: rowletroost|Stealth Rock|[from] move: Defog|[of] p1a: Arceus
|
|-weather|SunnyDay|[upkeep]
|upkeep
|turn|6
|
|t:|1637371084
|switch|p1a: Kyogre|Kyogre, shiny|100/100
|detailschange|p1a: Kyogre|Kyogre-Primal, shiny
|-primal|p1a: Kyogre
|-weather|PrimordialSea|[from] ability: Primordial Sea|[of] p1a: Kyogre
|move|p2a: Groudon|Precipice Blades|p1a: Kyogre
|-damage|p1a: Kyogre|0 fnt
|faint|p1a: Kyogre
|-weather|none
|-damage|p2a: Groudon|91/100|[from] item: Life Orb
|
|upkeep
|
|t:|1637371090
|switch|p1a: Ribombee|Ribombee, M, shiny|100/100
|turn|7
|inactive|Horseradisk has 120 seconds left.
|
|t:|1637371130
|move|p1a: Ribombee|Sticky Web|p2a: Groudon
|-sidestart|p2: Horseradisk|move: Sticky Web
|move|p2a: Groudon|Aerial Ace|p1a: Ribombee
|-supereffective|p1a: Ribombee
|-enditem|p1a: Ribombee|Focus Sash
|-damage|p1a: Ribombee|1/100
|-damage|p2a: Groudon|81/100|[from] item: Life Orb
|
|upkeep
|turn|8
|
|t:|1637371139
|move|p1a: Ribombee|Moonblast|p2a: Groudon
|-damage|p2a: Groudon|38/100
|move|p2a: Groudon|Aerial Ace|p1a: Ribombee
|-supereffective|p1a: Ribombee
|-damage|p1a: Ribombee|0 fnt
|faint|p1a: Ribombee
|-damage|p2a: Groudon|28/100|[from] item: Life Orb
|
|upkeep
|
|t:|1637371145
|switch|p1a: Marshadow|Marshadow|100/100
|turn|9
|
|t:|1637371155
|move|p1a: Marshadow|Spectral Thief||[still]
|-clearpositiveboost|p2a: Groudon|p1a: Marshadow|move: Spectral Thief
|-boost|p1a: Marshadow|atk|2
|-anim|p1a: Marshadow|Spectral Thief|p2a: Groudon
|-damage|p2a: Groudon|0 fnt
|faint|p2a: Groudon
|
|upkeep
|
|t:|1637371161
|switch|p2a: Yveltal|Yveltal|100/100
|-ability|p2a: Yveltal|Dark Aura
|turn|10
|
|t:|1637371167
|move|p1a: Marshadow|Rock Tomb|p2a: Yveltal
|-supereffective|p2a: Yveltal
|-damage|p2a: Yveltal|0 fnt
|faint|p2a: Yveltal
|
|upkeep
|
|t:|1637371173
|switch|p2a: Rayquaza|Rayquaza|100/100
|-ability|p2a: Rayquaza|Air Lock
|turn|11
|
|t:|1637371176
|detailschange|p2a: Rayquaza|Rayquaza-Mega
|-mega|p2a: Rayquaza|Rayquaza|
|-weather|DeltaStream|[from] ability: Delta Stream|[of] p2a: Rayquaza
|move|p1a: Marshadow|Spectral Thief|p2a: Rayquaza
|-crit|p2a: Rayquaza
|-damage|p2a: Rayquaza|0 fnt
|faint|p2a: Rayquaza
|-weather|none
|
|upkeep
|
|t:|1637371182
|switch|p2a: Ditto|Ditto|100/100
|-activate|p2a: Ditto|move: Sticky Web
|-unboost|p2a: Ditto|spe|1
|-transform|p2a: Ditto|p1a: Marshadow|[from] ability: Imposter
|turn|12
|
|t:|1637371186
|move|p2a: Ditto|Shadow Sneak|p1a: Marshadow
|-supereffective|p1a: Marshadow
|-enditem|p1a: Marshadow|Focus Sash
|-damage|p1a: Marshadow|1/100
|move|p1a: Marshadow|Spectral Thief||[still]
|-clearpositiveboost|p2a: Ditto|p1a: Marshadow|move: Spectral Thief
|-boost|p1a: Marshadow|atk|2
|-anim|p1a: Marshadow|Spectral Thief|p2a: Ditto
|-supereffective|p2a: Ditto
|-damage|p2a: Ditto|0 fnt
|faint|p2a: Ditto
|
|upkeep
|
|t:|1637371189
|switch|p2a: Necrozma|Necrozma-Dusk-Mane|100/100
|-activate|p2a: Necrozma|move: Sticky Web
|-unboost|p2a: Necrozma|spe|1
|turn|13
|
|t:|1637371194
|-start|p1a: Marshadow|Dynamax
|-heal|p1a: Marshadow|1/100|[silent]
|-start|p2a: Necrozma|Dynamax
|-heal|p2a: Necrozma|100/100|[silent]
|move|p1a: Marshadow|Max Phantasm|p2a: Necrozma
|-supereffective|p2a: Necrozma
|-damage|p2a: Necrozma|0 fnt
|faint|p2a: Necrozma
|
|win|rowletroost
|raw|rowletroost's rating: 1759 &rarr; <strong>1783</strong><br />(+24 for winning)
|raw|Horseradisk's rating: 1833 &rarr; <strong>1809</strong><br />(-24 for losing)
