|j|☆ReactJS3
|j|☆Alpha1013
|t:|1638032721
|gametype|singles
|player|p1|ReactJS3|265|1892
|player|p2|Alpha1013|steven|1754
|teamsize|p1|6
|teamsize|p2|6
|gen|8
|tier|[Gen 8] National Dex AG
|rated|
|rule|HP Percentage Mod: HP is shown in percentages
|rule|Endless Battle Clause: Forcing endless battles is banned
|clearpoke
|poke|p1|Rayquaza|
|poke|p1|Zacian-*|
|poke|p1|Yveltal|
|poke|p1|Groudon|
|poke|p1|Ho-Oh|
|poke|p1|Ditto|
|poke|p2|Yveltal|
|poke|p2|Calyrex-Shadow|
|poke|p2|Necrozma-Dusk-Mane|
|poke|p2|Groudon|
|poke|p2|Rayquaza|
|poke|p2|Xerneas-*|
|teampreview
|
|t:|1638032727
|start
|switch|p1a: Yveltal|Yveltal|100/100
|switch|p2a: Groudon|Groudon|100/100
|-ability|p1a: Yveltal|Dark Aura
|detailschange|p2a: Groudon|Groudon-Primal
|-primal|p2a: Groudon
|-weather|DesolateLand|[from] ability: Desolate Land|[of] p2a: Groudon
|turn|1
|inactive|Battle timer is ON: inactive players will automatically lose when time's up. (requested by Alpha1013)
|inactive|ReactJS3 also wants the timer to be on.
|
|t:|1638032740
|-start|p1a: Yveltal|Dynamax
|-heal|p1a: Yveltal|100/100|[silent]
|move|p1a: Yveltal|Max Airstream|p2a: Groudon
|-damage|p2a: Groudon|39/100
|-boost|p1a: Yveltal|spe|1
|-damage|p1a: Yveltal|96/100|[from] item: Life Orb
|move|p2a: Groudon|Thunder Wave|p1a: Yveltal
|-status|p1a: Yveltal|par
|
|-weather|DesolateLand|[upkeep]
|upkeep
|turn|2
|
|t:|1638032753
|move|p1a: Yveltal|Max Airstream|p2a: Groudon
|-damage|p2a: Groudon|0 fnt
|-boost|p1a: Yveltal|spe|1
|faint|p2a: Groudon
|-weather|none
|-damage|p1a: Yveltal|91/100 par|[from] item: Life Orb
|
|upkeep
|
|t:|1638032766
|switch|p2a: Xerneas|Xerneas|100/100
|-ability|p2a: Xerneas|Fairy Aura
|turn|3
|
|t:|1638032774
|move|p2a: Xerneas|Moonblast|p1a: Yveltal
|-supereffective|p1a: Yveltal
|-damage|p1a: Yveltal|25/100 par
|move|p1a: Yveltal|Max Airstream|p2a: Xerneas
|-damage|p2a: Xerneas|13/100
|-boost|p1a: Yveltal|spe|1
|-damage|p1a: Yveltal|20/100 par|[from] item: Life Orb
|
|-end|p1a: Yveltal|Dynamax
|-heal|p1a: Yveltal|20/100 par|[silent]
|upkeep
|turn|4
|
|t:|1638032796
|move|p2a: Xerneas|Moonblast|p1a: Yveltal
|-supereffective|p1a: Yveltal
|-damage|p1a: Yveltal|0 fnt
|faint|p1a: Yveltal
|
|upkeep
|
|t:|1638032800
|switch|p1a: Rayquaza|Rayquaza|100/100
|-ability|p1a: Rayquaza|Air Lock
|turn|5
|
|t:|1638032814
|switch|p2a: Necrozma|Necrozma-Dusk-Mane|100/100
|detailschange|p1a: Rayquaza|Rayquaza-Mega
|-mega|p1a: Rayquaza|Rayquaza|
|-weather|DeltaStream|[from] ability: Delta Stream|[of] p1a: Rayquaza
|move|p1a: Rayquaza|Dragon Dance|p1a: Rayquaza
|-boost|p1a: Rayquaza|atk|1
|-boost|p1a: Rayquaza|spe|1
|
|-weather|DeltaStream|[upkeep]
|upkeep
|turn|6
|
|t:|1638032824
|move|p1a: Rayquaza|V-create|p2a: Necrozma
|-supereffective|p2a: Necrozma
|-damage|p2a: Necrozma|0 fnt
|-unboost|p1a: Rayquaza|spe|1
|-unboost|p1a: Rayquaza|def|1
|-unboost|p1a: Rayquaza|spd|1
|-damage|p1a: Rayquaza|84/100|[from] item: Rocky Helmet|[of] p2a: Necrozma
|faint|p2a: Necrozma
|
|-weather|DeltaStream|[upkeep]
|upkeep
|
|t:|1638032834
|switch|p2a: Calyrex|Calyrex-Shadow|100/100
|-ability|p2a: Calyrex|As One
|-ability|p2a: Calyrex|Unnerve
|turn|7
|
|t:|1638032841
|-weather|none
|switch|p1a: Ho-Oh|Ho-Oh|100/100
|move|p2a: Calyrex|Astral Barrage|p1a: Ho-Oh
|-crit|p1a: Ho-Oh
|-damage|p1a: Ho-Oh|14/100
|
|upkeep
|turn|8
|inactive|ReactJS3 has 120 seconds left.
|
|t:|1638032872
|switch|p2a: Xerneas|Xerneas|13/100
|-ability|p2a: Xerneas|Fairy Aura
|move|p1a: Ho-Oh|Sacred Fire|p2a: Xerneas
|-damage|p2a: Xerneas|0 fnt
|faint|p2a: Xerneas
|
|upkeep
|
|t:|1638032881
|switch|p2a: Rayquaza|Rayquaza|100/100
|-ability|p2a: Rayquaza|Air Lock
|turn|9
|
|t:|1638032894
|switch|p1a: Groudon|Groudon|100/100
|detailschange|p1a: Groudon|Groudon-Primal
|-primal|p1a: Groudon
|-weather|DesolateLand|[from] ability: Desolate Land|[of] p1a: Groudon
|move|p2a: Rayquaza|Dragon Ascent|p1a: Groudon
|-damage|p1a: Groudon|55/100
|-unboost|p2a: Rayquaza|def|1
|-unboost|p2a: Rayquaza|spd|1
|-damage|p2a: Rayquaza|91/100|[from] item: Life Orb
|
|-weather|DesolateLand|[upkeep]
|upkeep
|turn|10
|
|t:|1638032907
|detailschange|p2a: Rayquaza|Rayquaza-Mega
|-mega|p2a: Rayquaza|Rayquaza|
|-weather|DeltaStream|[from] ability: Delta Stream|[of] p2a: Rayquaza
|move|p2a: Rayquaza|Dragon Ascent|p1a: Groudon
|-damage|p1a: Groudon|2/100
|-unboost|p2a: Rayquaza|def|1
|-unboost|p2a: Rayquaza|spd|1
|-damage|p2a: Rayquaza|81/100|[from] item: Life Orb
|move|p1a: Groudon|Stealth Rock|p2a: Rayquaza
|-sidestart|p2: Alpha1013|move: Stealth Rock
|
|-weather|DeltaStream|[upkeep]
|upkeep
|turn|11
|
|t:|1638032919
|move|p2a: Rayquaza|Dragon Ascent|p1a: Groudon
|-damage|p1a: Groudon|0 fnt
|-unboost|p2a: Rayquaza|def|1
|-unboost|p2a: Rayquaza|spd|1
|faint|p1a: Groudon
|-damage|p2a: Rayquaza|71/100|[from] item: Life Orb
|
|-weather|DeltaStream|[upkeep]
|upkeep
|
|t:|1638032922
|switch|p1a: Zacian|Zacian-Crowned|100/100
|-ability|p1a: Zacian|Intrepid Sword|boost
|-boost|p1a: Zacian|atk|1
|turn|12
|
|t:|1638032936
|move|p1a: Zacian|Behemoth Blade|p2a: Rayquaza
|-damage|p2a: Rayquaza|0 fnt
|faint|p2a: Rayquaza
|-weather|none
|
|upkeep
|
|t:|1638032942
|switch|p2a: Calyrex|Calyrex-Shadow|100/100
|-ability|p2a: Calyrex|As One
|-ability|p2a: Calyrex|Unnerve
|-damage|p2a: Calyrex|88/100|[from] Stealth Rock
|turn|13
|
|t:|1638032948
|move|p2a: Calyrex|Astral Barrage|p1a: Zacian
|-damage|p1a: Zacian|0 fnt
|faint|p1a: Zacian
|-ability|p2a: Calyrex|Grim Neigh|boost
|-boost|p2a: Calyrex|spa|1
|
|upkeep
|
|t:|1638032954
|switch|p1a: Ditto|Ditto|100/100
|-transform|p1a: Ditto|p2a: Calyrex|[from] ability: Imposter
|turn|14
|
|t:|1638032960
|switch|p2a: Yveltal|Yveltal|100/100
|-ability|p2a: Yveltal|Dark Aura
|move|p1a: Ditto|Astral Barrage|p2a: Yveltal
|-resisted|p2a: Yveltal
|-damage|p2a: Yveltal|48/100
|
|upkeep
|turn|15
|
|t:|1638032972
|switch|p1a: Ho-Oh|Ho-Oh|47/100
|-start|p2a: Yveltal|Dynamax
|-heal|p2a: Yveltal|48/100|[silent]
|move|p2a: Yveltal|Max Airstream|p1a: Ho-Oh
|-damage|p1a: Ho-Oh|7/100
|-boost|p2a: Yveltal|spe|1
|
|upkeep
|turn|16
|
|t:|1638032984
|move|p2a: Yveltal|Max Airstream|p1a: Ho-Oh
|-damage|p1a: Ho-Oh|0 fnt
|-boost|p2a: Yveltal|spe|1
|faint|p1a: Ho-Oh
|
|upkeep
|
|t:|1638032989
|switch|p1a: Rayquaza|Rayquaza-Mega|84/100
|-weather|DeltaStream|[from] ability: Delta Stream|[of] p1a: Rayquaza
|turn|17
|
|t:|1638032997
|move|p2a: Yveltal|Max Darkness|p1a: Rayquaza
|-damage|p1a: Rayquaza|21/100
|-unboost|p1a: Rayquaza|spd|1
|move|p1a: Rayquaza|Dragon Ascent|p2a: Yveltal
|-damage|p2a: Yveltal|11/100
|-unboost|p1a: Rayquaza|def|1
|-unboost|p1a: Rayquaza|spd|1
|
|-weather|DeltaStream|[upkeep]
|-end|p2a: Yveltal|Dynamax
|-heal|p2a: Yveltal|11/100|[silent]
|upkeep
|turn|18
|j| Alpha_Star09
|
|t:|1638033011
|move|p2a: Yveltal|Oblivion Wing|p1a: Rayquaza
|-damage|p1a: Rayquaza|0 fnt
|-heal|p2a: Yveltal|24/100|[from] drain|[of] p1a: Rayquaza
|faint|p1a: Rayquaza
|-weather|none
|
|upkeep
|
|t:|1638033014
|switch|p1a: Ditto|Ditto|100/100
|-transform|p1a: Ditto|p2a: Yveltal|[from] ability: Imposter
|-ability|p1a: Ditto|Dark Aura
|turn|19
|
|t:|1638033024
|move|p1a: Ditto|Oblivion Wing|p2a: Yveltal
|-damage|p2a: Yveltal|0 fnt
|faint|p2a: Yveltal
|
|upkeep
|
|t:|1638033030
|switch|p2a: Calyrex|Calyrex-Shadow|88/100
|-ability|p2a: Calyrex|As One
|-ability|p2a: Calyrex|Unnerve
|-damage|p2a: Calyrex|76/100|[from] Stealth Rock
|turn|20
|
|t:|1638033037
|move|p1a: Ditto|Oblivion Wing|p2a: Calyrex
|-damage|p2a: Calyrex|33/100
|move|p2a: Calyrex|Draining Kiss|p1a: Ditto
|-supereffective|p1a: Ditto
|-damage|p1a: Ditto|29/100
|-heal|p2a: Calyrex|80/100|[from] drain|[of] p1a: Ditto
|
|upkeep
|turn|21
|-message|ReactJS3 forfeited.
|
|win|Alpha1013
|raw|ReactJS3's rating: 1892 &rarr; <strong>1864</strong><br />(-28 for losing)
|raw|Alpha1013's rating: 1754 &rarr; <strong>1782</strong><br />(+28 for winning)
|l|☆ReactJS3
|c|☆Alpha1013|Gg
