|j|☆BasakBooster2
|j|☆mahdkhan
|t:|1665011325
|gametype|singles
|player|p1|BasakBooster2|lucas|1767
|player|p2|mahdkhan|102|1709
|teamsize|p1|6
|teamsize|p2|6
|gen|8
|tier|[Gen 8] National Dex AG
|rated|
|rule|HP Percentage Mod: HP is shown in percentages
|rule|Endless Battle Clause: Forcing endless battles is banned
|clearpoke
|poke|p1|Groudon|
|poke|p1|Rayquaza|
|poke|p1|Zygarde|
|poke|p1|Calyrex-Shadow|
|poke|p1|Arceus-*|
|poke|p1|Arceus-*|
|poke|p2|Arceus-*|
|poke|p2|Necrozma-Dusk-Mane|
|poke|p2|Ho-Oh|
|poke|p2|Ditto|
|poke|p2|Marshadow|
|poke|p2|Zacian-*|
|teampreview
|inactive|Battle timer is ON: inactive players will automatically lose when time's up. (requested by BasakBooster2)
|
|t:|1665011341
|start
|switch|p1a: the gwoat|Rayquaza|100/100
|switch|p2a: God|Arceus-Ground|100/100
|-ability|p1a: the gwoat|Air Lock
|turn|1
|j| luisYR_b
|
|t:|1665011349
|detailschange|p1a: the gwoat|Rayquaza-Mega
|-mega|p1a: the gwoat|Rayquaza|
|-weather|DeltaStream|[from] ability: Delta Stream|[of] p1a: the gwoat
|move|p2a: God|Ice Beam|p1a: the gwoat
|-activate||deltastream
|-supereffective|p1a: the gwoat
|-crit|p1a: the gwoat
|-damage|p1a: the gwoat|20/100
|-status|p1a: the gwoat|frz
|cant|p1a: the gwoat|frz
|
|-weather|DeltaStream|[upkeep]
|upkeep
|turn|2
|l| luisYR_b
|c|☆BasakBooster2|hmmmm
|c|☆mahdkhan|damn
|c|☆mahdkhan|i feel horrible
|c|☆mahdkhan|LMAO
|c|☆BasakBooster2|that i think was the objective worst rng possible LOL
|c|☆BasakBooster2|nah u fine
|
|t:|1665011373
|cant|p1a: the gwoat|frz
|move|p2a: God|Ice Beam|p1a: the gwoat
|-activate||deltastream
|-supereffective|p1a: the gwoat
|-damage|p1a: the gwoat|0 fnt
|faint|p1a: the gwoat
|-weather|none
|
|upkeep
|
|t:|1665011380
|switch|p1a: Arceus|Arceus-Fairy|100/100
|turn|3
|
|t:|1665011393
|switch|p2a: Necrozma|Necrozma-Dusk-Mane, shiny|100/100
|move|p1a: Arceus|Perish Song|p1a: Arceus
|-start|p1a: Arceus|perish3|[silent]
|-start|p2a: Necrozma|perish3|[silent]
|-fieldactivate|move: Perish Song
|
|-start|p1a: Arceus|perish3
|-start|p2a: Necrozma|perish3
|upkeep
|turn|4
|
|t:|1665011400
|switch|p1a: Pyra|Groudon|100/100
|detailschange|p1a: Pyra|Groudon-Primal
|-primal|p1a: Pyra
|-weather|DesolateLand|[from] ability: Desolate Land|[of] p1a: Pyra
|move|p2a: Necrozma|Knock Off|p1a: Pyra
|-damage|p1a: Pyra|91/100
|
|-weather|DesolateLand|[upkeep]
|-start|p2a: Necrozma|perish2
|upkeep
|turn|5
|
|t:|1665011409
|move|p1a: Pyra|Thunder Wave|p2a: Necrozma
|-status|p2a: Necrozma|par
|move|p2a: Necrozma|Sunsteel Strike|p1a: Pyra
|-resisted|p1a: Pyra
|-crit|p1a: Pyra
|-damage|p1a: Pyra|75/100
|
|-weather|DesolateLand|[upkeep]
|-start|p2a: Necrozma|perish1
|upkeep
|turn|6
|
|t:|1665011428
|switch|p2a: Bird|Ho-Oh, shiny|100/100
|move|p1a: Pyra|Stone Edge|p2a: Bird
|-supereffective|p2a: Bird
|-damage|p2a: Bird|0 fnt
|faint|p2a: Bird
|
|-weather|DesolateLand|[upkeep]
|upkeep
|
|t:|1665011440
|switch|p2a: God|Arceus-Ground|100/100
|turn|7
|
|t:|1665011445
|-weather|none
|switch|p1a: Arceus|Arceus-Fairy|100/100
|move|p2a: God|Judgment|p1a: Arceus
|-damage|p1a: Arceus|72/100
|
|upkeep
|turn|8
|
|t:|1665011456
|-start|p2a: God|Dynamax|
|-heal|p2a: God|100/100|[silent]
|move|p2a: God|Max Quake|p1a: Arceus
|-damage|p1a: Arceus|40/100
|-boost|p2a: God|spd|1
|move|p1a: Arceus|Perish Song|p1a: Arceus
|-start|p1a: Arceus|perish3|[silent]
|-start|p2a: God|perish3|[silent]
|-fieldactivate|move: Perish Song
|
|-start|p2a: God|perish3
|-start|p1a: Arceus|perish3
|upkeep
|turn|9
|
|t:|1665011468
|switch|p1a: Arceus|Arceus|100/100
|move|p2a: God|Max Quake|p1a: Arceus
|-crit|p1a: Arceus
|-damage|p1a: Arceus|26/100
|-boost|p2a: God|spd|1
|
|-start|p2a: God|perish2
|upkeep
|turn|10
|c|☆BasakBooster2|ouf
|
|t:|1665011477
|move|p1a: Arceus|Extreme Speed|p2a: God
|-damage|p2a: God|85/100
|move|p2a: God|Max Quake|p1a: Arceus
|-damage|p1a: Arceus|0 fnt
|-boost|p2a: God|spd|1
|faint|p1a: Arceus
|
|-start|p2a: God|perish1
|upkeep
|
|t:|1665011483
|switch|p1a: Calyrex|Calyrex-Shadow|100/100
|-ability|p1a: Calyrex|As One
|-ability|p1a: Calyrex|Unnerve
|-end|p2a: God|Dynamax
|-heal|p2a: God|85/100|[silent]
|turn|11
|
|t:|1665011492
|switch|p2a: Necrozma|Necrozma-Dusk-Mane, shiny|100/100 par
|move|p1a: Calyrex|Substitute|p1a: Calyrex
|-start|p1a: Calyrex|Substitute
|-damage|p1a: Calyrex|76/100
|
|-heal|p1a: Calyrex|82/100|[from] item: Leftovers
|upkeep
|turn|12
|
|t:|1665011499
|move|p1a: Calyrex|Astral Barrage|p2a: Necrozma
|-supereffective|p2a: Necrozma
|-damage|p2a: Necrozma|12/100 par
|move|p2a: Necrozma|Knock Off|p1a: Calyrex
|-supereffective|p1a: Calyrex
|-end|p1a: Calyrex|Substitute
|
|-heal|p1a: Calyrex|88/100|[from] item: Leftovers
|upkeep
|turn|13
|
|t:|1665011522
|move|p1a: Calyrex|Substitute|p1a: Calyrex
|-start|p1a: Calyrex|Substitute
|-damage|p1a: Calyrex|63/100
|move|p2a: Necrozma|Knock Off|p1a: Calyrex
|-supereffective|p1a: Calyrex
|-end|p1a: Calyrex|Substitute
|
|-heal|p1a: Calyrex|69/100|[from] item: Leftovers
|upkeep
|turn|14
|
|t:|1665011528
|move|p1a: Calyrex|Substitute|p1a: Calyrex
|-start|p1a: Calyrex|Substitute
|-damage|p1a: Calyrex|44/100
|cant|p2a: Necrozma|par
|
|-heal|p1a: Calyrex|50/100|[from] item: Leftovers
|upkeep
|turn|15
|
|t:|1665011534
|move|p1a: Calyrex|Astral Barrage|p2a: Necrozma
|-supereffective|p2a: Necrozma
|-damage|p2a: Necrozma|0 fnt
|faint|p2a: Necrozma
|-ability|p1a: Calyrex|Grim Neigh|boost
|-boost|p1a: Calyrex|spa|1
|
|-heal|p1a: Calyrex|57/100|[from] item: Leftovers
|upkeep
|
|t:|1665011540
|switch|p2a: Marshadow|Marshadow|100/100
|turn|16
|
|t:|1665011555
|switch|p1a: the goat|Zygarde, shiny|100/100
|move|p2a: Marshadow|Spectral Thief|p1a: the goat
|-damage|p1a: the goat|76/100
|
|-heal|p1a: the goat|82/100|[from] item: Leftovers
|upkeep
|turn|17
|
|t:|1665011568
|switch|p2a: God|Arceus-Ground|85/100
|move|p1a: the goat|Glare|p2a: God
|-status|p2a: God|par
|
|-heal|p1a: the goat|88/100|[from] item: Leftovers
|upkeep
|turn|18
|
|t:|1665011570
|move|p1a: the goat|Substitute|p1a: the goat
|-start|p1a: the goat|Substitute
|-damage|p1a: the goat|63/100
|move|p2a: God|Ice Beam|p1a: the goat
|-supereffective|p1a: the goat
|-end|p1a: the goat|Substitute
|
|-heal|p1a: the goat|70/100|[from] item: Leftovers
|upkeep
|turn|19
|
|t:|1665011578
|switch|p1a: Arceus|Arceus-Fairy|40/100
|move|p2a: God|Ice Beam|p1a: Arceus
|-damage|p1a: Arceus|27/100
|
|upkeep
|turn|20
|
|t:|1665011583
|move|p1a: Arceus|Recover|p1a: Arceus
|-heal|p1a: Arceus|77/100
|move|p2a: God|Judgment|p1a: Arceus
|-damage|p1a: Arceus|50/100
|
|upkeep
|turn|21
|
|t:|1665011586
|move|p1a: Arceus|Recover|p1a: Arceus
|-heal|p1a: Arceus|99/100
|move|p2a: God|Judgment|p1a: Arceus
|-damage|p1a: Arceus|71/100
|
|upkeep
|turn|22
|
|t:|1665011598
|switch|p2a: Zacian|Zacian-Crowned, shiny|100/100
|-ability|p2a: Zacian|Intrepid Sword|boost
|-boost|p2a: Zacian|atk|1
|move|p1a: Arceus|Thunder Wave|p2a: Zacian
|-status|p2a: Zacian|par
|
|upkeep
|turn|23
|
|t:|1665011604
|switch|p1a: the goat|Zygarde, shiny|70/100
|move|p2a: Zacian|Behemoth Blade|p1a: the goat
|-damage|p1a: the goat|22/100
|
|-heal|p1a: the goat|28/100|[from] item: Leftovers
|-activate|p1a: the goat|ability: Power Construct
|detailschange|p1a: the goat|Zygarde-Complete, shiny
|-heal|p1a: the goat|53/100|[silent]
|upkeep
|turn|24
|
|t:|1665011615
|move|p1a: the goat|Substitute|p1a: the goat
|-start|p1a: the goat|Substitute
|-damage|p1a: the goat|28/100
|move|p2a: Zacian|Play Rough|p1a: the goat
|-supereffective|p1a: the goat
|-end|p1a: the goat|Substitute
|
|-heal|p1a: the goat|34/100|[from] item: Leftovers
|upkeep
|turn|25
|
|t:|1665011627
|switch|p1a: Pyra|Groudon-Primal|75/100
|-weather|DesolateLand|[from] ability: Desolate Land|[of] p1a: Pyra
|switch|p2a: Marshadow|Marshadow|100/100
|
|-weather|DesolateLand|[upkeep]
|upkeep
|turn|26
|
|t:|1665011636
|move|p2a: Marshadow|Close Combat|p1a: Pyra
|-damage|p1a: Pyra|45/100
|-unboost|p2a: Marshadow|def|1
|-unboost|p2a: Marshadow|spd|1
|move|p1a: Pyra|Precipice Blades|p2a: Marshadow
|-enditem|p2a: Marshadow|Focus Sash
|-damage|p2a: Marshadow|1/100
|
|-weather|DesolateLand|[upkeep]
|upkeep
|turn|27
|
|t:|1665011647
|move|p2a: Marshadow|Close Combat|p1a: Pyra
|-damage|p1a: Pyra|19/100
|-unboost|p2a: Marshadow|def|1
|-unboost|p2a: Marshadow|spd|1
|move|p1a: Pyra|Precipice Blades|p2a: Marshadow
|-damage|p2a: Marshadow|0 fnt
|faint|p2a: Marshadow
|
|-weather|DesolateLand|[upkeep]
|upkeep
|
|t:|1665011657
|switch|p2a: Ditto|Ditto, shiny|100/100
|-transform|p2a: Ditto|p1a: Pyra|[from] ability: Imposter
|turn|28
|
|t:|1665011663
|move|p2a: Ditto|Precipice Blades|p1a: Pyra
|-supereffective|p1a: Pyra
|-damage|p1a: Pyra|0 fnt
|faint|p1a: Pyra
|
|-weather|DesolateLand|[upkeep]
|upkeep
|
|t:|1665011668
|switch|p1a: the goat|Zygarde-Complete, shiny|34/100
|turn|29
|
|t:|1665011672
|move|p2a: Ditto|Precipice Blades|p1a: the goat|[miss]
|-miss|p2a: Ditto|p1a: the goat
|move|p1a: the goat|Glare|p2a: Ditto
|-status|p2a: Ditto|par
|
|-weather|DesolateLand|[upkeep]
|-heal|p1a: the goat|40/100|[from] item: Leftovers
|upkeep
|turn|30
|
|t:|1665011675
|move|p1a: the goat|Coil|p1a: the goat
|-boost|p1a: the goat|atk|1
|-boost|p1a: the goat|def|1
|-boost|p1a: the goat|accuracy|1
|move|p2a: Ditto|Precipice Blades|p1a: the goat
|-damage|p1a: the goat|23/100
|
|-weather|DesolateLand|[upkeep]
|-heal|p1a: the goat|29/100|[from] item: Leftovers
|upkeep
|turn|31
|
|t:|1665011680
|-weather|none
|switch|p2a: God|Arceus-Ground|85/100 par
|move|p1a: the goat|Thousand Arrows|p2a: God
|-damage|p2a: God|52/100 par
|
|-heal|p1a: the goat|35/100|[from] item: Leftovers
|upkeep
|turn|32
|
|t:|1665011683
|move|p1a: the goat|Thousand Arrows|p2a: God
|-damage|p2a: God|19/100 par
|move|p2a: God|Ice Beam|p1a: the goat
|-supereffective|p1a: the goat
|-damage|p1a: the goat|0 fnt
|faint|p1a: the goat
|
|upkeep
|
|t:|1665011689
|switch|p1a: Calyrex|Calyrex-Shadow|57/100
|-ability|p1a: Calyrex|As One
|-ability|p1a: Calyrex|Unnerve
|turn|33
|
|t:|1665011695
|move|p1a: Calyrex|Astral Barrage|p2a: God
|-damage|p2a: God|0 fnt
|faint|p2a: God
|-ability|p1a: Calyrex|Grim Neigh|boost
|-boost|p1a: Calyrex|spa|1
|
|-heal|p1a: Calyrex|63/100|[from] item: Leftovers
|upkeep
|
|t:|1665011703
|switch|p2a: Ditto|Ditto, shiny|100/100 par
|-transform|p2a: Ditto|p1a: Calyrex|[from] ability: Imposter
|turn|34
|c|☆BasakBooster2|gg i think
|c|☆mahdkhan|i lose
|c|☆mahdkhan|lol
|
|t:|1665011717
|move|p1a: Calyrex|Astral Barrage|p2a: Ditto
|-supereffective|p2a: Ditto
|-damage|p2a: Ditto|0 fnt
|faint|p2a: Ditto
|-ability|p1a: Calyrex|Grim Neigh|boost
|-boost|p1a: Calyrex|spa|1
|
|-heal|p1a: Calyrex|69/100|[from] item: Leftovers
|upkeep
|c|☆mahdkhan|ggs
|c|☆mahdkhan|arceus fairy is broken asf
|c|☆BasakBooster2|that was intense
|
|t:|1665011725
|switch|p2a: Zacian|Zacian-Crowned, shiny|100/100 par
|-ability|p2a: Zacian|Intrepid Sword|boost
|-boost|p2a: Zacian|atk|1
|turn|35
|c|☆BasakBooster2|ye perish song is goated
|c|☆mahdkhan|i must suck for losing with such good luck lol
|c|☆mahdkhan|ggs tho
|c|☆BasakBooster2|nah im smurfing
|c|☆mahdkhan|oh wtf
|c|☆mahdkhan|how high is ur main
|c|☆BasakBooster2|im trying 2 get like 10 accs to 1900 type in basak in ladder
|inactive|BasakBooster2 has 120 seconds left.
|c|☆mahdkhan|omg lmao
|c|☆BasakBooster2|uh my main prob pretty low rn
|c|☆BasakBooster2|ive gotten first a bunch of times before tho
|c|☆mahdkhan|ive never gotten above 1800 so
|c|☆mahdkhan|lmao
|
|t:|1665011774
|move|p1a: Calyrex|Astral Barrage|p2a: Zacian
|-damage|p2a: Zacian|0 fnt
|faint|p2a: Zacian
|
|win|BasakBooster2
|raw|BasakBooster2's rating: 1767 &rarr; <strong>1784</strong><br />(+17 for winning)
|raw|mahdkhan's rating: 1709 &rarr; <strong>1692</strong><br />(-17 for losing)
|c|☆mahdkhan|damn
|c|☆BasakBooster2|gg man
|c|☆mahdkhan|ggs can i see ur team ?
|c|☆mahdkhan|or is it
|c|☆mahdkhan|priv
|c|☆BasakBooster2|nah idc
|c|☆BasakBooster2|whats the cmd
|c|☆BasakBooster2|its like /show team?
|c|☆mahdkhan|yeah i think
|c|☆BasakBooster2|not it
|c|☆mahdkhan|yeah it is
|c|☆mahdkhan|no spaces
||Ladder isn't responding, score probably updated but might not have (Request timeout).
