|j|☆im bad at ADV
|j|☆cllout
|t:|1668350044
|gametype|singles
|player|p1|im bad at ADV|pokekid|1563
|player|p2|cllout|misty-lgpe|1595
|teamsize|p1|6
|teamsize|p2|6
|gen|8
|tier|[Gen 8] National Dex AG
|rated|
|rule|HP Percentage Mod: HP is shown in percentages
|rule|Endless Battle Clause: Forcing endless battles is banned
|clearpoke
|poke|p1|Calyrex-Shadow|
|poke|p1|Arceus-*|
|poke|p1|Ditto|
|poke|p1|Groudon|
|poke|p1|Ho-Oh|
|poke|p1|Smeargle, F|
|poke|p2|Arceus-*|
|poke|p2|Zacian-*|
|poke|p2|Calyrex-Shadow|
|poke|p2|Groudon|
|poke|p2|Kyogre|
|poke|p2|Marshadow|
|teampreview
|inactive|Battle timer is ON: inactive players will automatically lose when time's up. (requested by cllout)
|
|t:|1668350056
|start
|switch|p1a: Ditto|Ditto|100/100
|switch|p2a: G-Primal|Groudon|100/100
|-transform|p1a: Ditto|p2a: G-Primal|[from] ability: Imposter
|-weather|SunnyDay|[from] ability: Drought|[of] p1a: Ditto
|detailschange|p2a: G-Primal|Groudon-Primal
|-primal|p2a: G-Primal
|-weather|DesolateLand|[from] ability: Desolate Land|[of] p2a: G-Primal
|turn|1
|
|t:|1668350076
|move|p1a: Ditto|Precipice Blades|p2a: G-Primal
|-supereffective|p2a: G-Primal
|-damage|p2a: G-Primal|44/100
|move|p2a: G-Primal|Stealth Rock|p1a: Ditto
|-sidestart|p1: im bad at ADV|move: Stealth Rock
|
|-weather|DesolateLand|[upkeep]
|upkeep
|turn|2
|inactive|cllout has 120 seconds left.
|
|t:|1668350122
|-weather|none
|switch|p2a: Arce|Arceus-Fairy|100/100
|move|p1a: Ditto|Precipice Blades|p2a: Arce
|-damage|p2a: Arce|63/100
|
|upkeep
|turn|3
|
|t:|1668350132
|switch|p1a: Ho-Oh|Ho-Oh, shiny|100/100
|move|p2a: Arce|Toxic|p1a: Ho-Oh|[miss]
|-miss|p2a: Arce|p1a: Ho-Oh
|
|upkeep
|turn|4
|
|t:|1668350150
|switch|p2a: K-Primal|Kyogre|100/100
|detailschange|p2a: K-Primal|Kyogre-Primal
|-primal|p2a: K-Primal
|-weather|PrimordialSea|[from] ability: Primordial Sea|[of] p2a: K-Primal
|move|p1a: Ho-Oh|Toxic|p2a: K-Primal
|-status|p2a: K-Primal|tox
|
|-weather|PrimordialSea|[upkeep]
|-damage|p2a: K-Primal|94/100 tox|[from] psn
|upkeep
|turn|5
|
|t:|1668350155
|switch|p1a: Groudon|Groudon|100/100
|-damage|p1a: Groudon|94/100|[from] Stealth Rock
|detailschange|p1a: Groudon|Groudon-Primal
|-primal|p1a: Groudon
|-weather|DesolateLand|[from] ability: Desolate Land|[of] p1a: Groudon
|move|p2a: K-Primal|Water Spout||[still]
|-fail|p2a: K-Primal|Water Spout|[from] Desolate Land
|
|-weather|DesolateLand|[upkeep]
|-damage|p2a: K-Primal|82/100 tox|[from] psn
|upkeep
|turn|6
|
|t:|1668350177
|switch|p2a: G-Primal|Groudon-Primal|44/100
|move|p1a: Groudon|Precipice Blades|p2a: G-Primal
|-supereffective|p2a: G-Primal
|-damage|p2a: G-Primal|0 fnt
|faint|p2a: G-Primal
|
|-weather|DesolateLand|[upkeep]
|upkeep
|
|t:|1668350181
|switch|p2a: K-Primal|Kyogre-Primal|82/100 tox
|-weather|PrimordialSea|[from] ability: Primordial Sea|[of] p2a: K-Primal
|turn|7
|
|t:|1668350187
|switch|p1a: Ditto|Ditto|100/100
|-damage|p1a: Ditto|88/100|[from] Stealth Rock
|-transform|p1a: Ditto|p2a: K-Primal|[from] ability: Imposter
|move|p2a: K-Primal|Water Spout|p1a: Ditto
|-resisted|p1a: Ditto
|-damage|p1a: Ditto|43/100
|
|-weather|PrimordialSea|[upkeep]
|-damage|p2a: K-Primal|76/100 tox|[from] psn
|upkeep
|turn|8
|
|t:|1668350196
|switch|p1a: Groudon|Groudon-Primal|94/100
|-damage|p1a: Groudon|82/100|[from] Stealth Rock
|-weather|DesolateLand|[from] ability: Desolate Land|[of] p1a: Groudon
|move|p2a: K-Primal|Thunder|p1a: Groudon
|-immune|p1a: Groudon
|
|-weather|DesolateLand|[upkeep]
|-damage|p2a: K-Primal|64/100 tox|[from] psn
|upkeep
|turn|9
|
|t:|1668350215
|switch|p2a: Arce|Arceus-Fairy|63/100
|-weather|none
|switch|p1a: Ho-Oh|Ho-Oh, shiny|100/100
|
|upkeep
|turn|10
|
|t:|1668350222
|move|p2a: Arce|Toxic|p1a: Ho-Oh
|-status|p1a: Ho-Oh|tox
|move|p1a: Ho-Oh|Defog|p2a: Arce
|-unboost|p2a: Arce|evasion|1
|-sideend|p1: im bad at ADV|Stealth Rock|[from] move: Defog|[of] p1a: Ho-Oh
|
|-damage|p1a: Ho-Oh|94/100 tox|[from] psn
|upkeep
|turn|11
|
|t:|1668350229
|switch|p2a: K-Primal|Kyogre-Primal|64/100 tox
|-weather|PrimordialSea|[from] ability: Primordial Sea|[of] p2a: K-Primal
|move|p1a: Ho-Oh|Toxic|p2a: K-Primal
|-fail|p2a: K-Primal|tox
|
|-weather|PrimordialSea|[upkeep]
|-damage|p2a: K-Primal|57/100 tox|[from] psn
|-damage|p1a: Ho-Oh|82/100 tox|[from] psn
|upkeep
|turn|12
|inactive|cllout has 120 seconds left.
|
|t:|1668350247
|-weather|none
|switch|p2a: Caly|Calyrex-Shadow|100/100
|-ability|p2a: Caly|As One
|-ability|p2a: Caly|Unnerve
|move|p1a: Ho-Oh|Protect||[still]
|-fail|p1a: Ho-Oh
|
|-damage|p1a: Ho-Oh|64/100 tox|[from] psn
|upkeep
|turn|13
|
|t:|1668350256
|switch|p1a: Groudon|Groudon-Primal|82/100
|-weather|DesolateLand|[from] ability: Desolate Land|[of] p1a: Groudon
|move|p2a: Caly|Taunt|p1a: Groudon
|-start|p1a: Groudon|move: Taunt
|
|-weather|DesolateLand|[upkeep]
|upkeep
|turn|14
|
|t:|1668350260
|move|p2a: Caly|Astral Barrage|p1a: Groudon
|-damage|p1a: Groudon|33/100
|move|p1a: Groudon|Overheat|p2a: Caly|[miss]
|-miss|p1a: Groudon|p2a: Caly
|
|-weather|DesolateLand|[upkeep]
|upkeep
|turn|15
|
|t:|1668350270
|-weather|none
|switch|p1a: Smeargle|Smeargle, F|100/100
|move|p2a: Caly|Astral Barrage|p1a: Smeargle
|-immune|p1a: Smeargle
|
|-ability|p1a: Smeargle|Moody|boost
|-boost|p1a: Smeargle|spd|2
|-unboost|p1a: Smeargle|spa|1
|upkeep
|turn|16
|
|t:|1668350279
|switch|p2a: K-Primal|Kyogre-Primal|57/100 tox
|-weather|PrimordialSea|[from] ability: Primordial Sea|[of] p2a: K-Primal
|move|p1a: Smeargle|Spore||[still]
|-fail|p1a: Smeargle
|
|-weather|PrimordialSea|[upkeep]
|-damage|p2a: K-Primal|51/100 tox|[from] psn
|-ability|p1a: Smeargle|Moody|boost
|-boost|p1a: Smeargle|def|2
|-unboost|p1a: Smeargle|spa|1
|upkeep
|turn|17
|
|t:|1668350292
|switch|p1a: Groudon|Groudon-Primal|33/100
|-weather|DesolateLand|[from] ability: Desolate Land|[of] p1a: Groudon
|move|p2a: K-Primal|Origin Pulse||[still]
|-fail|p2a: K-Primal|Origin Pulse|[from] Desolate Land
|
|-weather|DesolateLand|[upkeep]
|-damage|p2a: K-Primal|39/100 tox|[from] psn
|upkeep
|turn|18
|
|t:|1668350301
|-weather|none
|switch|p1a: Ho-Oh|Ho-Oh, shiny|98/100 tox
|move|p2a: K-Primal|Ice Beam|p1a: Ho-Oh
|-damage|p1a: Ho-Oh|75/100 tox
|
|-damage|p2a: K-Primal|20/100 tox|[from] psn
|-damage|p1a: Ho-Oh|69/100 tox|[from] psn
|upkeep
|turn|19
|
|t:|1668350316
|switch|p2a: Caly|Calyrex-Shadow|100/100
|-ability|p2a: Caly|As One
|-ability|p2a: Caly|Unnerve
|switch|p1a: Groudon|Groudon-Primal|33/100
|-weather|DesolateLand|[from] ability: Desolate Land|[of] p1a: Groudon
|
|-weather|DesolateLand|[upkeep]
|upkeep
|turn|20
|
|t:|1668350332
|move|p2a: Caly|Draining Kiss|p1a: Groudon
|-resisted|p1a: Groudon
|-damage|p1a: Groudon|26/100
|move|p1a: Groudon|Stealth Rock|p2a: Caly
|-sidestart|p2: cllout|move: Stealth Rock
|
|-weather|DesolateLand|[upkeep]
|upkeep
|turn|21
|
|t:|1668350351
|move|p2a: Caly|Nasty Plot|p2a: Caly
|-boost|p2a: Caly|spa|2
|move|p1a: Groudon|Overheat|p2a: Caly|[miss]
|-miss|p1a: Groudon|p2a: Caly
|
|-weather|DesolateLand|[upkeep]
|upkeep
|turn|22
|
|t:|1668350365
|-start|p2a: Caly|Dynamax|
|-heal|p2a: Caly|100/100|[silent]
|move|p2a: Caly|Max Starfall|p1a: Groudon
|-resisted|p1a: Groudon
|-damage|p1a: Groudon|0 fnt
|-fieldstart|move: Misty Terrain
|faint|p1a: Groudon
|-weather|none
|-ability|p2a: Caly|Grim Neigh|boost
|-boost|p2a: Caly|spa|1
|
|upkeep
|
|t:|1668350374
|switch|p1a: Smeargle|Smeargle, F|100/100
|turn|23
|
|t:|1668350378
|move|p2a: Caly|Max Starfall|p1a: Smeargle
|-enditem|p1a: Smeargle|Focus Sash
|-damage|p1a: Smeargle|1/100
|move|p1a: Smeargle|Spectral Thief||[still]
|-clearpositiveboost|p2a: Caly|p1a: Smeargle|move: Spectral Thief
|-boost|p1a: Smeargle|spa|3
|-anim|p1a: Smeargle|Spectral Thief|p2a: Caly
|-supereffective|p2a: Caly
|-damage|p2a: Caly|82/100
|
|-ability|p1a: Smeargle|Moody|boost
|-boost|p1a: Smeargle|spd|2
|-unboost|p1a: Smeargle|spe|1
|upkeep
|turn|24
|
|t:|1668350395
|move|p2a: Caly|Max Starfall|p1a: Smeargle
|-damage|p1a: Smeargle|0 fnt
|faint|p1a: Smeargle
|-ability|p2a: Caly|Grim Neigh|boost
|-boost|p2a: Caly|spa|1
|
|upkeep
|
|t:|1668350413
|switch|p1a: Ho-Oh|Ho-Oh, shiny|100/100 tox
|-end|p2a: Caly|Dynamax
|-heal|p2a: Caly|82/100|[silent]
|turn|25
|
|t:|1668350422
|move|p2a: Caly|Taunt|p1a: Ho-Oh
|-start|p1a: Ho-Oh|move: Taunt
|move|p1a: Ho-Oh|Sacred Fire|p2a: Caly
|-damage|p2a: Caly|31/100
|
|-damage|p1a: Ho-Oh|94/100 tox|[from] psn
|upkeep
|turn|26
|
|t:|1668350434
|move|p2a: Caly|Astral Barrage|p1a: Ho-Oh
|-damage|p1a: Ho-Oh|33/100 tox
|move|p1a: Ho-Oh|Sacred Fire|p2a: Caly
|-damage|p2a: Caly|0 fnt
|faint|p2a: Caly
|
|-damage|p1a: Ho-Oh|21/100 tox|[from] psn
|-fieldend|Misty Terrain
|upkeep
|
|t:|1668350443
|switch|p2a: Arce|Arceus-Fairy|63/100
|-damage|p2a: Arce|50/100|[from] Stealth Rock
|turn|27
|
|t:|1668350447
|switch|p1a: Ditto|Ditto|43/100
|-transform|p1a: Ditto|p2a: Arce|[from] ability: Imposter
|move|p2a: Arce|Defog|p1a: Ditto
|-unboost|p1a: Ditto|evasion|1
|-sideend|p2: cllout|Stealth Rock|[from] move: Defog|[of] p2a: Arce
|
|upkeep
|turn|28
|
|t:|1668350453
|switch|p1a: Ho-Oh|Ho-Oh, shiny|54/100 tox
|move|p2a: Arce|Recover|p2a: Arce
|-heal|p2a: Arce|99/100
|
|-damage|p1a: Ho-Oh|48/100 tox|[from] psn
|upkeep
|turn|29
|
|t:|1668350467
|switch|p1a: Ditto|Ditto|43/100
|-transform|p1a: Ditto|p2a: Arce|[from] ability: Imposter
|move|p2a: Arce|Judgment|p1a: Ditto
|-damage|p1a: Ditto|6/100
|
|upkeep
|turn|30
|
|t:|1668350476
|switch|p1a: Ho-Oh|Ho-Oh, shiny|81/100 tox
|move|p2a: Arce|Judgment|p1a: Ho-Oh
|-resisted|p1a: Ho-Oh
|-damage|p1a: Ho-Oh|68/100 tox
|
|-damage|p1a: Ho-Oh|62/100 tox|[from] psn
|upkeep
|turn|31
|
|t:|1668350487
|switch|p1a: Ditto|Ditto|6/100
|-transform|p1a: Ditto|p2a: Arce|[from] ability: Imposter
|move|p2a: Arce|Judgment|p1a: Ditto
|-damage|p1a: Ditto|0 fnt
|faint|p1a: Ditto
|
|upkeep
|
|t:|1668350490
|switch|p1a: Calyrex|Calyrex-Shadow|100/100
|-ability|p1a: Calyrex|As One
|-ability|p1a: Calyrex|Unnerve
|turn|32
|
|t:|1668350499
|move|p1a: Calyrex|Substitute|p1a: Calyrex
|-start|p1a: Calyrex|Substitute
|-damage|p1a: Calyrex|76/100
|move|p2a: Arce|Judgment|p1a: Calyrex
|-end|p1a: Calyrex|Substitute
|
|-heal|p1a: Calyrex|82/100|[from] item: Leftovers
|upkeep
|turn|33
|
|t:|1668350503
|move|p1a: Calyrex|Disable|p2a: Arce
|-start|p2a: Arce|Disable|Judgment
|cant|p2a: Arce|Disable|Judgment
|
|-heal|p1a: Calyrex|88/100|[from] item: Leftovers
|upkeep
|turn|34
|
|t:|1668350510
|switch|p2a: Marsh|Marshadow|100/100
|move|p1a: Calyrex|Encore||[still]
|-fail|p1a: Calyrex
|
|-heal|p1a: Calyrex|94/100|[from] item: Leftovers
|upkeep
|turn|35
|
|t:|1668350519
|switch|p1a: Arceus|Arceus|100/100
|move|p2a: Marsh|Shadow Sneak|p1a: Arceus
|-immune|p1a: Arceus
|
|upkeep
|turn|36
|
|t:|1668350526
|switch|p2a: Zace|Zacian-Crowned, shiny|100/100
|-ability|p2a: Zace|Intrepid Sword|boost
|-boost|p2a: Zace|atk|1
|-start|p1a: Arceus|Dynamax|
|-heal|p1a: Arceus|100/100|[silent]
|move|p1a: Arceus|Max Phantasm|p2a: Zace
|-damage|p2a: Zace|50/100
|-unboost|p2a: Zace|def|1
|-damage|p1a: Arceus|96/100|[from] item: Life Orb
|
|upkeep
|turn|37
|
|t:|1668350538
|move|p2a: Zace|Behemoth Blade|p1a: Arceus
|-damage|p1a: Arceus|30/100
|move|p1a: Arceus|Max Strike|p2a: Zace
|-resisted|p2a: Zace
|-damage|p2a: Zace|0 fnt
|faint|p2a: Zace
|-damage|p1a: Arceus|25/100|[from] item: Life Orb
|
|upkeep
|
|t:|1668350555
|switch|p2a: Marsh|Marshadow|100/100
|turn|38
|
|t:|1668350560
|move|p2a: Marsh|Close Combat|p1a: Arceus
|-supereffective|p1a: Arceus
|-damage|p1a: Arceus|0 fnt
|-unboost|p2a: Marsh|def|1
|-unboost|p2a: Marsh|spd|1
|faint|p1a: Arceus
|
|upkeep
|
|t:|1668350566
|switch|p1a: Ho-Oh|Ho-Oh, shiny|95/100 tox
|turn|39
|c|☆im bad at ADV|gg
|c|☆cllout|wym?
|inactive|cllout has 120 seconds left.
|c|☆im bad at ADV|this wins
|
|t:|1668350598
|move|p2a: Marsh|Rock Tomb|p1a: Ho-Oh
|-supereffective|p1a: Ho-Oh
|-damage|p1a: Ho-Oh|14/100 tox
|-unboost|p1a: Ho-Oh|spe|1
|move|p1a: Ho-Oh|Sacred Fire|p2a: Marsh
|-damage|p2a: Marsh|25/100
|
|-damage|p1a: Ho-Oh|8/100 tox|[from] psn
|upkeep
|turn|40
|inactive|cllout has 120 seconds left.
|c|☆im bad at ADV|oh you go kyogre there
|c|☆im bad at ADV|and save marsh
|
|t:|1668350622
|move|p2a: Marsh|Shadow Sneak|p1a: Ho-Oh
|-damage|p1a: Ho-Oh|0 fnt
|faint|p1a: Ho-Oh
|
|upkeep
|
|t:|1668350624
|switch|p1a: Calyrex|Calyrex-Shadow|94/100
|-ability|p1a: Calyrex|As One
|-ability|p1a: Calyrex|Unnerve
|turn|41
|c|☆cllout|yea ur done
|
|t:|1668350630
|move|p2a: Marsh|Shadow Sneak|p1a: Calyrex
|-supereffective|p1a: Calyrex
|-damage|p1a: Calyrex|0 fnt
|faint|p1a: Calyrex
|
|win|cllout
|raw|im bad at ADV's rating: 1563 &rarr; <strong>1545</strong><br />(-18 for losing)
|raw|cllout's rating: 1595 &rarr; <strong>1613</strong><br />(+18 for winning)
|c|☆cllout|gg
|c|☆im bad at ADV|ye
|c|☆im bad at ADV|gg
