|j|☆SaintLaplace
|j|☆JPMSoriaga
|t:|1661989487
|gametype|singles
|player|p1|SaintLaplace|hilda-wonderlauncher|1678
|player|p2|JPMSoriaga|ash-kalos|1726
|teamsize|p1|6
|teamsize|p2|6
|gen|8
|tier|[Gen 8] National Dex AG
|rated|
|rule|HP Percentage Mod: HP is shown in percentages
|rule|Endless Battle Clause: Forcing endless battles is banned
|clearpoke
|poke|p1|Smeargle, M|
|poke|p1|Rayquaza|
|poke|p1|Necrozma-Dusk-Mane|
|poke|p1|Marshadow|
|poke|p1|Calyrex-Shadow|
|poke|p1|Groudon|
|poke|p2|Zacian-*|
|poke|p2|Yveltal|
|poke|p2|Rayquaza|
|poke|p2|Necrozma-Dusk-Mane|
|poke|p2|Arceus-*|
|poke|p2|Groudon|
|teampreview
|inactive|Battle timer is ON: inactive players will automatically lose when time's up. (requested by SaintLaplace)
|c|☆JPMSoriaga|BRUUUHHHH
|inactive|JPMSoriaga has 120 seconds left.
|c|☆JPMSoriaga|another smeargle
|c|☆JPMSoriaga|too much smeargle for today
|c|☆JPMSoriaga|this is the last time
|c|☆SaintLaplace|Acc I think I'm the same guy
|c|☆SaintLaplace|Reckon I fought you earlier today
|inactive|JPMSoriaga has 90 seconds left.
|c|☆JPMSoriaga|wait huh
|c|☆JPMSoriaga|rlly?
|
|t:|1661989568
|start
|switch|p1a: Smeargle|Smeargle, M|100/100
|switch|p2a: Groudon|Groudon|100/100
|detailschange|p2a: Groudon|Groudon-Primal
|-primal|p2a: Groudon
|-weather|DesolateLand|[from] ability: Desolate Land|[of] p2a: Groudon
|turn|1
|c|☆SaintLaplace|Name looks familiar
|inactive|JPMSoriaga has 120 seconds left.
|c|☆JPMSoriaga|well ur mon aren't. Its more intimidating than my last battle.
|c|☆JPMSoriaga|did u switch teams?
|
|t:|1661989618
|move|p1a: Smeargle|Magic Coat|p1a: Smeargle
|-singleturn|p1a: Smeargle|move: Magic Coat
|move|p2a: Groudon|Roar|p1a: Smeargle
|move|p1a: Smeargle|Roar|p2a: Groudon|[from]Magic Coat
|-weather|none
|drag|p2a: Necrozma|Necrozma-Dusk-Mane, shiny|100/100
|
|-ability|p1a: Smeargle|Moody|boost
|-boost|p1a: Smeargle|spe|2
|-unboost|p1a: Smeargle|spd|1
|upkeep
|turn|2
|c|☆SaintLaplace|I'm still building my team
|c|☆SaintLaplace|I haven't played since gen 6
|
|t:|1661989635
|move|p1a: Smeargle|Spore|p2a: Necrozma
|-status|p2a: Necrozma|slp|[from] move: Spore
|cant|p2a: Necrozma|slp
|
|-ability|p1a: Smeargle|Moody|boost
|-boost|p1a: Smeargle|spe|2
|-unboost|p1a: Smeargle|def|1
|upkeep
|turn|3
|c|☆JPMSoriaga|oh ok
|
|t:|1661989643
|move|p1a: Smeargle|Shell Smash|p1a: Smeargle
|-unboost|p1a: Smeargle|def|1
|-unboost|p1a: Smeargle|spd|1
|-boost|p1a: Smeargle|atk|2
|-boost|p1a: Smeargle|spa|2
|-boost|p1a: Smeargle|spe|2
|cant|p2a: Necrozma|slp
|
|-ability|p1a: Smeargle|Moody|boost
|-boost|p1a: Smeargle|spa|2
|-unboost|p1a: Smeargle|def|1
|upkeep
|turn|4
|
|t:|1661989656
|move|p1a: Smeargle|Baton Pass|p1a: Smeargle
|inactive|SaintLaplace has 120 seconds left.
|
|t:|1661989686
|switch|p1a: Groudon|Groudon|100/100|[from]move: Baton Pass
|detailschange|p1a: Groudon|Groudon-Primal
|-primal|p1a: Groudon
|-weather|DesolateLand|[from] ability: Desolate Land|[of] p1a: Groudon
|cant|p2a: Necrozma|slp
|
|-weather|DesolateLand|[upkeep]
|upkeep
|turn|5
|inactive|JPMSoriaga has 120 seconds left.
|
|t:|1661989694
|move|p1a: Groudon|Stealth Rock|p2a: Necrozma
|-sidestart|p2: JPMSoriaga|move: Stealth Rock
|-curestatus|p2a: Necrozma|slp|[msg]
|move|p2a: Necrozma|Toxic|p1a: Groudon|[miss]
|-miss|p2a: Necrozma|p1a: Groudon
|
|-weather|DesolateLand|[upkeep]
|upkeep
|turn|6
|
|t:|1661989701
|move|p1a: Groudon|Precipice Blades|p2a: Necrozma
|-supereffective|p2a: Necrozma
|-damage|p2a: Necrozma|0 fnt
|faint|p2a: Necrozma
|
|-weather|DesolateLand|[upkeep]
|upkeep
|c|☆SaintLaplace|Unlucky
|j| ConquestGanda
|inactive|JPMSoriaga has 120 seconds left.
|j| jpubuolajj
|
|t:|1661989732
|switch|p2a: Rayquaza|Rayquaza, shiny|100/100
|-damage|p2a: Rayquaza|76/100|[from] Stealth Rock
|-ability|p2a: Rayquaza|Air Lock
|turn|7
|
|t:|1661989740
|detailschange|p2a: Rayquaza|Rayquaza-Mega, shiny
|-mega|p2a: Rayquaza|Rayquaza|
|-weather|DeltaStream|[from] ability: Delta Stream|[of] p2a: Rayquaza
|move|p2a: Rayquaza|Extreme Speed|p1a: Groudon
|-damage|p1a: Groudon|19/100
|-damage|p2a: Rayquaza|66/100|[from] item: Life Orb
|move|p1a: Groudon|Stone Edge|p2a: Rayquaza
|-activate||deltastream
|-damage|p2a: Rayquaza|0 fnt
|faint|p2a: Rayquaza
|-weather|none
|
|upkeep
|
|t:|1661989757
|switch|p2a: Groudon|Groudon-Primal|100/100
|-damage|p2a: Groudon|88/100|[from] Stealth Rock
|-weather|DesolateLand|[from] ability: Desolate Land|[of] p2a: Groudon
|turn|8
|
|t:|1661989764
|move|p1a: Groudon|Precipice Blades|p2a: Groudon
|-supereffective|p2a: Groudon
|-damage|p2a: Groudon|0 fnt
|faint|p2a: Groudon
|
|-weather|DesolateLand|[upkeep]
|upkeep
|
|t:|1661989770
|switch|p2a: Arceus|Arceus-Fairy|100/100
|-damage|p2a: Arceus|88/100|[from] Stealth Rock
|turn|9
|-message|JPMSoriaga forfeited.
|
|win|SaintLaplace
|raw|SaintLaplace's rating: 1678 &rarr; <strong>1701</strong><br />(+23 for winning)
|raw|JPMSoriaga's rating: 1726 &rarr; <strong>1703</strong><br />(-23 for losing)
|c|☆JPMSoriaga|gg
|l|☆JPMSoriaga
|c|☆SaintLaplace|GG
|l|☆SaintLaplace
