|j|☆Bka Onon
|j|☆MurderousMantyke
|t:|1665409479
|gametype|singles
|player|p1|Bka Onon|skyla-masters2|
|player|p2|MurderousMantyke|#helpstaffxmas|
|teamsize|p1|6
|teamsize|p2|6
|gen|8
|tier|[Gen 8] National Dex AG
|rated|Tournament battle
|rule|HP Percentage Mod: HP is shown in percentages
|rule|Endless Battle Clause: Forcing endless battles is banned
|rule|Dynamax Clause: You cannot dynamax
|rule|Evasion Moves Clause: Evasion moves are banned
|rule|Mega Rayquaza Clause: You cannot mega evolve Rayquaza
|rule|OHKO Clause: OHKO moves are banned
|rule|Same Type Clause: Pokémon in a team must share a type
|rule|Sleep Clause Mod: Limit one foe put to sleep
|rule|Species Clause: Limit one of each Pokémon
|clearpoke
|poke|p1|Arceus-*|
|poke|p1|Dragapult, M|
|poke|p1|Spectrier|
|poke|p1|Corsola-Galar, M|
|poke|p1|Lunala|
|poke|p1|Blacephalon|
|poke|p2|Arceus-*|
|poke|p2|Ho-Oh|
|poke|p2|Landorus, M|
|poke|p2|Salamence, M|
|poke|p2|Yveltal|
|poke|p2|Lugia|
|teampreview
|c|☆MurderousMantyke|hf
|c|☆Bka Onon|u2
|
|t:|1665409488
|start
|switch|p1a: Corsola|Corsola-Galar, M|100/100
|switch|p2a: Yveltal|Yveltal|100/100
|-ability|p2a: Yveltal|Dark Aura
|turn|1
|
|t:|1665409524
|move|p2a: Yveltal|Dark Pulse|p1a: Corsola
|-supereffective|p1a: Corsola
|-damage|p1a: Corsola|21/100
|-start|p2a: Yveltal|Disable|Dark Pulse|[from] ability: Cursed Body|[of] p1a: Corsola
|-damage|p2a: Yveltal|91/100|[from] item: Life Orb
|move|p1a: Corsola|Stealth Rock|p2a: Yveltal
|-sidestart|p2: MurderousMantyke|move: Stealth Rock
|
|upkeep
|turn|2
|
|t:|1665409538
|move|p2a: Yveltal|Oblivion Wing|p1a: Corsola
|-crit|p1a: Corsola
|-damage|p1a: Corsola|0 fnt
|-heal|p2a: Yveltal|100/100|[from] drain|[of] p1a: Corsola
|faint|p1a: Corsola
|-damage|p2a: Yveltal|91/100|[from] item: Life Orb
|
|upkeep
|j| tes99
|
|t:|1665409554
|switch|p1a: Dragapult|Dragapult, M|100/100
|turn|3
|
|t:|1665409561
|move|p1a: Dragapult|Dragon Dance|p1a: Dragapult
|-boost|p1a: Dragapult|atk|1
|-boost|p1a: Dragapult|spe|1
|move|p2a: Yveltal|Oblivion Wing|p1a: Dragapult
|-damage|p1a: Dragapult|24/100
|-heal|p2a: Yveltal|100/100|[from] drain|[of] p1a: Dragapult
|-damage|p2a: Yveltal|91/100|[from] item: Life Orb
|
|-heal|p1a: Dragapult|30/100|[from] item: Leftovers
|upkeep
|turn|4
|
|t:|1665409583
|switch|p2a: Arceus|Arceus-Flying|100/100
|-damage|p2a: Arceus|76/100|[from] Stealth Rock
|move|p1a: Dragapult|Substitute|p1a: Dragapult
|-start|p1a: Dragapult|Substitute
|-damage|p1a: Dragapult|5/100
|
|-heal|p1a: Dragapult|11/100|[from] item: Leftovers
|upkeep
|turn|5
|
|t:|1665409586
|move|p1a: Dragapult|Dragon Darts|p2a: Arceus
|-damage|p2a: Arceus|48/100
|-anim|p1a: Dragapult|Dragon Darts|p2a: Arceus
|-damage|p2a: Arceus|22/100
|move|p2a: Arceus|Judgment|p1a: Dragapult
|-end|p1a: Dragapult|Substitute
|
|-heal|p1a: Dragapult|17/100|[from] item: Leftovers
|upkeep
|turn|6
|
|t:|1665409590
|move|p1a: Dragapult|Dragon Darts|p2a: Arceus
|-damage|p2a: Arceus|0 fnt
|faint|p2a: Arceus
|
|-heal|p1a: Dragapult|23/100|[from] item: Leftovers
|upkeep
|
|t:|1665409592
|switch|p2a: Lugia|Lugia|100/100
|turn|7
|
|t:|1665409596
|move|p1a: Dragapult|Dragon Darts|p2a: Lugia
|-damage|p2a: Lugia|89/100
|-anim|p1a: Dragapult|Dragon Darts|p2a: Lugia
|-damage|p2a: Lugia|65/100
|move|p2a: Lugia|Ice Beam|p1a: Dragapult
|-supereffective|p1a: Dragapult
|-damage|p1a: Dragapult|0 fnt
|faint|p1a: Dragapult
|
|upkeep
|
|t:|1665409605
|switch|p1a: Spectrier|Spectrier|100/100
|turn|8
|
|t:|1665409611
|move|p1a: Spectrier|Will-O-Wisp|p2a: Lugia
|-status|p2a: Lugia|brn
|move|p2a: Lugia|Roost|p2a: Lugia
|-heal|p2a: Lugia|100/100 brn
|-singleturn|p2a: Lugia|move: Roost
|
|-damage|p2a: Lugia|94/100 brn|[from] brn
|upkeep
|turn|9
|
|t:|1665409634
|switch|p2a: Ho-Oh|Ho-Oh|100/100
|move|p1a: Spectrier|Substitute|p1a: Spectrier
|-start|p1a: Spectrier|Substitute
|-damage|p1a: Spectrier|75/100
|
|-heal|p1a: Spectrier|82/100|[from] item: Leftovers
|upkeep
|turn|10
|
|t:|1665409643
|move|p1a: Spectrier|Nasty Plot|p1a: Spectrier
|-boost|p1a: Spectrier|spa|2
|move|p2a: Ho-Oh|Defog|p1a: Spectrier
|-sideend|p2: MurderousMantyke|Stealth Rock|[from] move: Defog|[of] p2a: Ho-Oh
|
|-heal|p1a: Spectrier|88/100|[from] item: Leftovers
|upkeep
|turn|11
|
|t:|1665409647
|move|p1a: Spectrier|Hex|p2a: Ho-Oh
|-damage|p2a: Ho-Oh|76/100
|move|p2a: Ho-Oh|Brave Bird|p1a: Spectrier
|-end|p1a: Spectrier|Substitute
|-damage|p2a: Ho-Oh|68/100|[from] Recoil|[of] p1a: Spectrier
|
|-heal|p1a: Spectrier|94/100|[from] item: Leftovers
|upkeep
|turn|12
|
|t:|1665409654
|move|p1a: Spectrier|Nasty Plot|p1a: Spectrier
|-boost|p1a: Spectrier|spa|2
|move|p2a: Ho-Oh|Sacred Fire|p1a: Spectrier
|-damage|p1a: Spectrier|41/100
|-status|p1a: Spectrier|brn
|
|-heal|p1a: Spectrier|47/100 brn|[from] item: Leftovers
|-damage|p1a: Spectrier|41/100 brn|[from] brn
|upkeep
|turn|13
|
|t:|1665409667
|move|p1a: Spectrier|Hex|p2a: Ho-Oh
|-damage|p2a: Ho-Oh|30/100
|move|p2a: Ho-Oh|Sacred Fire|p1a: Spectrier
|-damage|p1a: Spectrier|0 fnt
|faint|p1a: Spectrier
|
|upkeep
|
|t:|1665409677
|switch|p1a: Blacephalon|Blacephalon|100/100
|turn|14
|
|t:|1665409679
|move|p1a: Blacephalon|Psyshock|p2a: Ho-Oh
|-damage|p2a: Ho-Oh|4/100
|move|p2a: Ho-Oh|Brave Bird|p1a: Blacephalon
|-damage|p1a: Blacephalon|0 fnt
|faint|p1a: Blacephalon
|-damage|p2a: Ho-Oh|0 fnt|[from] Recoil
|faint|p2a: Ho-Oh
|
|upkeep
|c|☆MurderousMantyke|W mon
|j|%Neko
|c|☆Bka Onon|spdef too strong
|
|t:|1665409700
|switch|p1a: Lunala|Lunala|100/100
|switch|p2a: Landorus|Landorus, M|100/100
|turn|15
|
|t:|1665409712
|move|p2a: Landorus|Earth Power|p1a: Lunala
|-damage|p1a: Lunala|76/100
|move|p1a: Lunala|Moongeist Beam|p2a: Landorus
|-damage|p2a: Landorus|44/100
|
|upkeep
|turn|16
|
|t:|1665409718
|move|p2a: Landorus|Earth Power|p1a: Lunala
|-damage|p1a: Lunala|29/100
|move|p1a: Lunala|Roost|p1a: Lunala
|-heal|p1a: Lunala|79/100
|-singleturn|p1a: Lunala|move: Roost
|
|upkeep
|turn|17
|
|t:|1665409728
|move|p2a: Landorus|Stealth Rock|p1a: Lunala
|-sidestart|p1: Bka Onon|move: Stealth Rock
|move|p1a: Lunala|Roost|p1a: Lunala
|-heal|p1a: Lunala|100/100
|-singleturn|p1a: Lunala|move: Roost
|
|upkeep
|turn|18
|
|t:|1665409731
|move|p2a: Landorus|Earth Power|p1a: Lunala
|-damage|p1a: Lunala|77/100
|move|p1a: Lunala|Moongeist Beam|p2a: Landorus
|-damage|p2a: Landorus|0 fnt
|faint|p2a: Landorus
|
|upkeep
|
|t:|1665409734
|switch|p2a: Yveltal|Yveltal|91/100
|-ability|p2a: Yveltal|Dark Aura
|turn|19
|
|t:|1665409736
|move|p2a: Yveltal|Dark Pulse|p1a: Lunala
|-supereffective|p1a: Lunala
|-damage|p1a: Lunala|0 fnt
|faint|p1a: Lunala
|-damage|p2a: Yveltal|81/100|[from] item: Life Orb
|
|upkeep
|
|t:|1665409739
|switch|p1a: Arceus|Arceus-Ghost|100/100
|-damage|p1a: Arceus|88/100|[from] Stealth Rock
|turn|20
|
|t:|1665409742
|move|p1a: Arceus|Swords Dance|p1a: Arceus
|-boost|p1a: Arceus|atk|2
|move|p2a: Yveltal|Dark Pulse|p1a: Arceus
|-supereffective|p1a: Arceus
|-damage|p1a: Arceus|0 fnt
|faint|p1a: Arceus
|-damage|p2a: Yveltal|71/100|[from] item: Life Orb
|
|win|MurderousMantyke
|n|☆Bka Onon|bkaonon
|n|☆MurderousMantyke|murderousmantyke
|n| tes99|tes99
|n| Neko|neko
