|j|☆TaxFraud094
|j|☆dasort
|inactive|Battle timer is ON: inactive players will automatically lose when time's up.
|t:|1667414538
|gametype|singles
|player|p1|TaxFraud094|skyla-masters2|
|player|p2|dasort|lenora|
|teamsize|p1|6
|teamsize|p2|6
|gen|8
|tier|[Gen 8] National Dex AG
|rated|Tournament battle
|rule|HP Percentage Mod: HP is shown in percentages
|rule|Endless Battle Clause: Forcing endless battles is banned
|clearpoke
|poke|p1|Zacian-*|
|poke|p1|Arceus-*|
|poke|p1|Groudon|
|poke|p1|Necrozma-Dusk-Mane|
|poke|p1|Yveltal|
|poke|p1|Marshadow|
|poke|p2|Zacian-*|
|poke|p2|Zacian-*|
|poke|p2|Necrozma-Dusk-Mane|
|poke|p2|Yveltal|
|poke|p2|Arceus-*|
|poke|p2|Lugia|
|teampreview
|inactive|TaxFraud094 also wants the timer to be on.
|j| ore bakadesũ̯
|c|☆TaxFraud094|glhf
|j| PartyCockAnthem
|c|☆dasort|u2
|c| PartyCockAnthem|Good luck taxfraud
|
|t:|1667414561
|start
|switch|p1a: Hell's Bells|Groudon|100/100
|switch|p2a: Arceus|Arceus-Dark|100/100
|detailschange|p1a: Hell's Bells|Groudon-Primal
|-primal|p1a: Hell's Bells
|-weather|DesolateLand|[from] ability: Desolate Land|[of] p1a: Hell's Bells
|turn|1
|
|t:|1667414568
|move|p1a: Hell's Bells|Eruption|p2a: Arceus
|-damage|p2a: Arceus|11/100
|move|p2a: Arceus|Judgment|p1a: Hell's Bells
|-damage|p1a: Hell's Bells|28/100
|
|-weather|DesolateLand|[upkeep]
|upkeep
|turn|2
|
|t:|1667414580
|move|p1a: Hell's Bells|Rock Tomb|p2a: Arceus
|-damage|p2a: Arceus|0 fnt
|faint|p2a: Arceus
|
|-weather|DesolateLand|[upkeep]
|upkeep
|j| Public EnemeZ 1
|inactive|dasort has 120 seconds left.
|
|t:|1667414611
|switch|p2a: Zacian|Zacian|100/100
|-ability|p2a: Zacian|Intrepid Sword|boost
|-boost|p2a: Zacian|atk|1
|turn|3
|
|t:|1667414614
|move|p2a: Zacian|Crunch|p1a: Hell's Bells
|-damage|p1a: Hell's Bells|0 fnt
|faint|p1a: Hell's Bells
|-weather|none
|
|upkeep
|
|t:|1667414616
|switch|p1a: Bark at the Moon|Zacian-Crowned, shiny|100/100
|-ability|p1a: Bark at the Moon|Intrepid Sword|boost
|-boost|p1a: Bark at the Moon|atk|1
|turn|4
|
|t:|1667414627
|switch|p2a: Necrozma|Necrozma-Dusk-Mane|100/100
|move|p1a: Bark at the Moon|Behemoth Blade|p2a: Necrozma
|-resisted|p2a: Necrozma
|-damage|p2a: Necrozma|74/100
|-damage|p1a: Bark at the Moon|84/100|[from] item: Rocky Helmet|[of] p2a: Necrozma
|
|upkeep
|turn|5
|
|t:|1667414646
|switch|p1a: Holier Than Thou|Arceus-Ground|100/100
|move|p2a: Necrozma|Morning Sun|p2a: Necrozma
|-heal|p2a: Necrozma|100/100
|
|upkeep
|turn|6
|
|t:|1667414674
|switch|p2a: Lugia|Lugia|100/100
|move|p1a: Holier Than Thou|Calm Mind|p1a: Holier Than Thou
|-boost|p1a: Holier Than Thou|spa|1
|-boost|p1a: Holier Than Thou|spd|1
|
|upkeep
|turn|7
|
|t:|1667414683
|move|p1a: Holier Than Thou|Ice Beam|p2a: Lugia
|-supereffective|p2a: Lugia
|-damage|p2a: Lugia|76/100
|move|p2a: Lugia|Ice Beam|p1a: Holier Than Thou
|-supereffective|p1a: Holier Than Thou
|-damage|p1a: Holier Than Thou|82/100
|
|upkeep
|turn|8
|
|t:|1667414689
|move|p1a: Holier Than Thou|Ice Beam|p2a: Lugia
|-supereffective|p2a: Lugia
|-damage|p2a: Lugia|23/100
|move|p2a: Lugia|Roost|p2a: Lugia
|-heal|p2a: Lugia|73/100
|-singleturn|p2a: Lugia|move: Roost
|
|upkeep
|turn|9
|
|t:|1667414694
|move|p1a: Holier Than Thou|Ice Beam|p2a: Lugia
|-supereffective|p2a: Lugia
|-damage|p2a: Lugia|21/100
|move|p2a: Lugia|Ice Beam|p1a: Holier Than Thou
|-supereffective|p1a: Holier Than Thou
|-damage|p1a: Holier Than Thou|62/100
|
|upkeep
|turn|10
|
|t:|1667414701
|move|p1a: Holier Than Thou|Recover|p1a: Holier Than Thou
|-heal|p1a: Holier Than Thou|100/100
|move|p2a: Lugia|Ice Beam|p1a: Holier Than Thou
|-supereffective|p1a: Holier Than Thou
|-damage|p1a: Holier Than Thou|82/100
|
|upkeep
|turn|11
|
|t:|1667414716
|move|p1a: Holier Than Thou|Ice Beam|p2a: Lugia
|-supereffective|p2a: Lugia
|-damage|p2a: Lugia|0 fnt
|faint|p2a: Lugia
|
|upkeep
|
|t:|1667414723
|switch|p2a: Yveltal|Yveltal|100/100
|-ability|p2a: Yveltal|Dark Aura
|turn|12
|
|t:|1667414727
|-start|p2a: Yveltal|Dynamax|
|-heal|p2a: Yveltal|100/100|[silent]
|move|p1a: Holier Than Thou|Ice Beam|p2a: Yveltal
|-supereffective|p2a: Yveltal
|-damage|p2a: Yveltal|61/100
|move|p2a: Yveltal|Max Airstream|p1a: Holier Than Thou
|-crit|p1a: Holier Than Thou
|-damage|p1a: Holier Than Thou|0 fnt
|-boost|p2a: Yveltal|spe|1
|faint|p1a: Holier Than Thou
|-damage|p2a: Yveltal|56/100|[from] item: Life Orb
|
|upkeep
|c|☆TaxFraud094|are you serious
|c| ore bakadesũ̯|i am not :(
|
|t:|1667414757
|switch|p1a: Back in Black|Yveltal|100/100
|-ability|p1a: Back in Black|Dark Aura
|turn|13
|
|t:|1667414767
|move|p2a: Yveltal|Max Airstream|p1a: Back in Black
|-damage|p1a: Back in Black|46/100
|-boost|p2a: Yveltal|spe|1
|-damage|p2a: Yveltal|51/100|[from] item: Life Orb
|move|p1a: Back in Black|Roost|p1a: Back in Black
|-heal|p1a: Back in Black|96/100
|-singleturn|p1a: Back in Black|move: Roost
|
|upkeep
|turn|14
|
|t:|1667414774
|move|p2a: Yveltal|Max Darkness|p1a: Back in Black
|-resisted|p1a: Back in Black
|-damage|p1a: Back in Black|59/100
|-unboost|p1a: Back in Black|spd|1
|-damage|p2a: Yveltal|46/100|[from] item: Life Orb
|move|p1a: Back in Black|Roost|p1a: Back in Black
|-heal|p1a: Back in Black|100/100
|-singleturn|p1a: Back in Black|move: Roost
|
|upkeep
|-end|p2a: Yveltal|Dynamax
|-heal|p2a: Yveltal|46/100|[silent]
|turn|15
|
|t:|1667414779
|move|p2a: Yveltal|Oblivion Wing|p1a: Back in Black
|-damage|p1a: Back in Black|48/100
|-heal|p2a: Yveltal|91/100|[from] drain|[of] p1a: Back in Black
|-damage|p2a: Yveltal|81/100|[from] item: Life Orb
|move|p1a: Back in Black|U-turn|p2a: Yveltal
|-damage|p2a: Yveltal|63/100
|
|t:|1667414780
|switch|p1a: Bark at the Moon|Zacian-Crowned, shiny|84/100|[from]move: U-turn
|-ability|p1a: Bark at the Moon|Intrepid Sword|boost
|-boost|p1a: Bark at the Moon|atk|1
|
|upkeep
|turn|16
|inactive|dasort has 120 seconds left.
|j| World breaker Odin
|
|t:|1667414823
|move|p2a: Yveltal|Heat Wave|p1a: Bark at the Moon
|-supereffective|p1a: Bark at the Moon
|-damage|p1a: Bark at the Moon|0 fnt
|faint|p1a: Bark at the Moon
|-damage|p2a: Yveltal|53/100|[from] item: Life Orb
|
|upkeep
|
|t:|1667414832
|switch|p1a: Back in Black|Yveltal|48/100
|-ability|p1a: Back in Black|Dark Aura
|turn|17
|inactive|dasort has 120 seconds left.
|
|t:|1667414846
|move|p2a: Yveltal|Dark Pulse|p1a: Back in Black
|-resisted|p1a: Back in Black
|-damage|p1a: Back in Black|26/100
|-damage|p2a: Yveltal|44/100|[from] item: Life Orb
|move|p1a: Back in Black|Roost|p1a: Back in Black
|-heal|p1a: Back in Black|76/100
|-singleturn|p1a: Back in Black|move: Roost
|
|upkeep
|turn|18
|inactive|dasort has 120 seconds left.
|
|t:|1667414859
|switch|p2a: Zacian|Zacian|100/100
|-ability|p2a: Zacian|Intrepid Sword|boost
|-boost|p2a: Zacian|atk|1
|move|p1a: Back in Black|Roost|p1a: Back in Black
|-heal|p1a: Back in Black|100/100
|-singleturn|p1a: Back in Black|move: Roost
|
|upkeep
|turn|19
|inactive|TaxFraud094 has 120 seconds left.
|
|t:|1667414890
|switch|p1a: Metal Health|Necrozma-Dusk-Mane|100/100
|move|p2a: Zacian|Swords Dance|p2a: Zacian
|-boost|p2a: Zacian|atk|2
|
|upkeep
|turn|20
|inactive|TaxFraud094 has 120 seconds left.
|
|t:|1667414900
|switch|p1a: Back in Black|Yveltal|100/100
|-ability|p1a: Back in Black|Dark Aura
|-zpower|p2a: Zacian
|move|p2a: Zacian|Black Hole Eclipse|p1a: Back in Black|[zeffect]
|-resisted|p1a: Back in Black
|-damage|p1a: Back in Black|16/100
|
|upkeep
|turn|21
|c|☆dasort|Holy didn't expect that to do that much to yvel
|
|t:|1667414918
|move|p2a: Zacian|Play Rough|p1a: Back in Black
|-supereffective|p1a: Back in Black
|-damage|p1a: Back in Black|0 fnt
|faint|p1a: Back in Black
|
|upkeep
|
|t:|1667414921
|switch|p1a: Metal Health|Necrozma-Dusk-Mane|100/100
|turn|22
|
|t:|1667414927
|-start|p1a: Metal Health|Dynamax|
|-heal|p1a: Metal Health|100/100|[silent]
|move|p2a: Zacian|Crunch|p1a: Metal Health
|-supereffective|p1a: Metal Health
|-damage|p1a: Metal Health|70/100
|-unboost|p1a: Metal Health|def|1
|-damage|p2a: Zacian|84/100|[from] item: Rocky Helmet|[of] p1a: Metal Health
|move|p1a: Metal Health|Max Steelspike|p2a: Zacian
|-supereffective|p2a: Zacian
|-damage|p2a: Zacian|0 fnt
|-boost|p1a: Metal Health|def|1
|faint|p2a: Zacian
|
|upkeep
|
|t:|1667414941
|switch|p2a: Necrozma|Necrozma-Dusk-Mane|100/100
|turn|23
|
|t:|1667414948
|move|p2a: Necrozma|Stealth Rock|p1a: Metal Health
|-sidestart|p1: TaxFraud094|move: Stealth Rock
|move|p1a: Metal Health|Max Quake|p2a: Necrozma
|-supereffective|p2a: Necrozma
|-damage|p2a: Necrozma|65/100
|-boost|p1a: Metal Health|spd|1
|
|upkeep
|turn|24
|
|t:|1667414963
|move|p2a: Necrozma|Morning Sun|p2a: Necrozma
|-heal|p2a: Necrozma|100/100
|move|p1a: Metal Health|Max Steelspike|p2a: Necrozma
|-resisted|p2a: Necrozma
|-damage|p2a: Necrozma|84/100
|-boost|p1a: Metal Health|def|1
|
|upkeep
|-end|p1a: Metal Health|Dynamax
|-heal|p1a: Metal Health|70/100|[silent]
|turn|25
|l| Public EnemeZ 1
|
|t:|1667414970
|move|p1a: Metal Health|Moonlight|p1a: Metal Health
|-heal|p1a: Metal Health|100/100
|move|p2a: Necrozma|Knock Off|p1a: Metal Health
|-supereffective|p1a: Metal Health
|-damage|p1a: Metal Health|81/100
|-damage|p2a: Necrozma|67/100|[from] item: Rocky Helmet|[of] p1a: Metal Health
|-enditem|p1a: Metal Health|Rocky Helmet|[from] move: Knock Off|[of] p2a: Necrozma
|
|upkeep
|turn|26
|
|t:|1667414974
|move|p1a: Metal Health|Stealth Rock|p2a: Necrozma
|-sidestart|p2: dasort|move: Stealth Rock
|move|p2a: Necrozma|Morning Sun|p2a: Necrozma
|-heal|p2a: Necrozma|100/100
|
|upkeep
|turn|27
|c|☆TaxFraud094|no respect
|c|☆TaxFraud094|playing around sash marsh
|c|☆dasort|Morning sun > Moonlight
|inactive|TaxFraud094 has 120 seconds left.
|
|t:|1667415011
|switch|p2a: Yveltal|Yveltal|44/100
|-damage|p2a: Yveltal|19/100|[from] Stealth Rock
|-ability|p2a: Yveltal|Dark Aura
|move|p1a: Metal Health|Earthquake|p2a: Yveltal
|-immune|p2a: Yveltal
|
|upkeep
|turn|28
|
|t:|1667415015
|move|p2a: Yveltal|Dark Pulse|p1a: Metal Health
|-supereffective|p1a: Metal Health
|-damage|p1a: Metal Health|16/100
|-damage|p2a: Yveltal|9/100|[from] item: Life Orb
|move|p1a: Metal Health|Sunsteel Strike|p2a: Yveltal
|-damage|p2a: Yveltal|0 fnt
|faint|p2a: Yveltal
|
|upkeep
|l| World breaker Odin
|
|t:|1667415020
|switch|p2a: Zacian|Zacian-Crowned|100/100
|-damage|p2a: Zacian|94/100|[from] Stealth Rock
|-ability|p2a: Zacian|Intrepid Sword|boost
|-boost|p2a: Zacian|atk|1
|turn|29
|
|t:|1667415030
|move|p2a: Zacian|Close Combat|p1a: Metal Health
|-damage|p1a: Metal Health|0 fnt
|-unboost|p2a: Zacian|def|1
|-unboost|p2a: Zacian|spd|1
|faint|p1a: Metal Health
|
|upkeep
|c|☆TaxFraud094|yep
|
|t:|1667415039
|switch|p1a: The Unforgiven|Marshadow|100/100
|-damage|p1a: The Unforgiven|94/100|[from] Stealth Rock
|turn|30
|
|t:|1667415043
|switch|p2a: Necrozma|Necrozma-Dusk-Mane|100/100
|-damage|p2a: Necrozma|94/100|[from] Stealth Rock
|move|p1a: The Unforgiven|Shadow Sneak|p2a: Necrozma
|-supereffective|p2a: Necrozma
|-damage|p2a: Necrozma|60/100
|-damage|p1a: The Unforgiven|78/100|[from] item: Rocky Helmet|[of] p2a: Necrozma
|-damage|p1a: The Unforgiven|68/100|[from] item: Life Orb
|
|upkeep
|turn|31
|
|t:|1667415050
|move|p1a: The Unforgiven|Poltergeist|p2a: Necrozma
|-activate|p2a: Necrozma|move: Poltergeist|Rocky Helmet
|-supereffective|p2a: Necrozma
|-damage|p2a: Necrozma|3/100
|-damage|p1a: The Unforgiven|58/100|[from] item: Life Orb
|move|p2a: Necrozma|Sunsteel Strike|p1a: The Unforgiven
|-damage|p1a: The Unforgiven|0 fnt
|faint|p1a: The Unforgiven
|
|win|dasort
|n|☆TaxFraud094|taxfraud094
|n|☆dasort|dasort
|n| ore bakadesũ̯|orebakadesu
|n| PartyCockAnthem|partycockanthem
