|j|☆TemmieUndertwale
|j|☆showdownplayer#1
|t:|1663481128
|gametype|singles
|player|p1|TemmieUndertwale|iris-gen5bw2|
|player|p2|showdownplayer#1|169|
|teamsize|p1|6
|teamsize|p2|6
|gen|8
|tier|[Gen 8] National Dex AG
|rule|HP Percentage Mod: HP is shown in percentages
|rule|Endless Battle Clause: Forcing endless battles is banned
|clearpoke
|poke|p1|Cinderace, F|
|poke|p1|Kartana|
|poke|p1|Araquanid, F|
|poke|p1|Lopunny, F|
|poke|p1|Kyurem-Black|
|poke|p1|Genesect|
|poke|p2|Weavile, M|
|poke|p2|Kartana|
|poke|p2|Kyurem-Black|
|poke|p2|Hoopa-Unbound|
|poke|p2|Landorus-Therian, M|
|poke|p2|Scizor, F|
|teampreview
|inactive|Battle timer is ON: inactive players will automatically lose when time's up. (requested by showdownplayer#1)
|c|☆TemmieUndertwale|why arent we using urshifu s
|
|t:|1663481148
|start
|switch|p1a: Kyurem|Kyurem-Black|100/100
|switch|p2a: Kartana|Kartana|100/100
|-ability|p1a: Kyurem|Teravolt
|turn|1
|
|t:|1663481157
|switch|p1a: araquaMID|Araquanid, F|100/100
|move|p2a: Kartana|Leaf Blade|p1a: araquaMID
|-damage|p1a: araquaMID|16/100
|
|upkeep
|turn|2
|
|t:|1663481160
|move|p2a: Kartana|Leaf Blade|p1a: araquaMID
|-damage|p1a: araquaMID|0 fnt
|faint|p1a: araquaMID
|-ability|p2a: Kartana|Beast Boost|boost
|-boost|p2a: Kartana|atk|1
|
|upkeep
|
|t:|1663481163
|switch|p1a: Cinderace|Cinderace, F|100/100
|turn|3
|
|t:|1663481166
|move|p1a: Cinderace|Pyro Ball|p2a: Kartana
|-supereffective|p2a: Kartana
|-damage|p2a: Kartana|0 fnt
|faint|p2a: Kartana
|
|upkeep
|c|☆TemmieUndertwale|im fashter
|
|t:|1663481172
|switch|p2a: Landorus|Landorus-Therian, M|100/100
|-ability|p2a: Landorus|Intimidate|boost
|-unboost|p1a: Cinderace|atk|1
|turn|4
|
|t:|1663481177
|switch|p1a: Genesect|Genesect, shiny|100/100
|-ability|p1a: Genesect|Download|boost
|-boost|p1a: Genesect|atk|1
|move|p2a: Landorus|Stealth Rock|p1a: Genesect
|-sidestart|p1: TemmieUndertwale|move: Stealth Rock
|
|upkeep
|turn|5
|
|t:|1663481188
|switch|p2a: Hoopa|Hoopa-Unbound|100/100
|move|p1a: Genesect|U-turn|p2a: Hoopa
|-supereffective|p2a: Hoopa
|-enditem|p2a: Hoopa|Focus Sash
|-damage|p2a: Hoopa|1/100
|c|☆TemmieUndertwale|double scarf
|
|t:|1663481193
|switch|p1a: Cinderace|Cinderace, F|100/100|[from]move: U-turn
|-damage|p1a: Cinderace|76/100|[from] Stealth Rock
|
|upkeep
|turn|6
|
|t:|1663481199
|move|p1a: Cinderace|U-turn|p2a: Hoopa
|-start|p1a: Cinderace|typechange|Bug|[from] ability: Libero
|-supereffective|p2a: Hoopa
|-damage|p2a: Hoopa|0 fnt
|faint|p2a: Hoopa
|
|t:|1663481211
|switch|p1a: Lopunny|Lopunny, F|100/100|[from]move: U-turn
|-damage|p1a: Lopunny|88/100|[from] Stealth Rock
|
|upkeep
|
|t:|1663481215
|switch|p2a: Scizor|Scizor, F|100/100
|turn|7
|
|t:|1663481222
|detailschange|p1a: Lopunny|Lopunny-Mega, F
|-mega|p1a: Lopunny|Lopunny|Lopunnite
|detailschange|p2a: Scizor|Scizor-Mega, F
|-mega|p2a: Scizor|Scizor|Scizorite
|move|p1a: Lopunny|Fake Out|p2a: Scizor
|-resisted|p2a: Scizor
|-damage|p2a: Scizor|93/100
|cant|p2a: Scizor|flinch
|
|upkeep
|turn|8
|
|t:|1663481228
|move|p1a: Lopunny|Close Combat|p2a: Scizor
|-damage|p2a: Scizor|48/100
|-unboost|p1a: Lopunny|def|1
|-unboost|p1a: Lopunny|spd|1
|move|p2a: Scizor|Swords Dance|p2a: Scizor
|-boost|p2a: Scizor|atk|2
|
|upkeep
|turn|9
|
|t:|1663481231
|move|p2a: Scizor|Bullet Punch|p1a: Lopunny
|-damage|p1a: Lopunny|0 fnt
|faint|p1a: Lopunny
|
|upkeep
|
|t:|1663481234
|switch|p1a: Genesect|Genesect, shiny|100/100
|-damage|p1a: Genesect|88/100|[from] Stealth Rock
|-ability|p1a: Genesect|Download|boost
|-boost|p1a: Genesect|spa|1
|turn|10
|
|t:|1663481241
|move|p1a: Genesect|Flamethrower|p2a: Scizor
|-supereffective|p2a: Scizor
|-damage|p2a: Scizor|0 fnt
|faint|p2a: Scizor
|
|upkeep
|
|t:|1663481244
|switch|p2a: Landorus|Landorus-Therian, M|100/100
|-ability|p2a: Landorus|Intimidate|boost
|-unboost|p1a: Genesect|atk|1
|turn|11
|c|☆TemmieUndertwale|alright
|
|t:|1663481254
|move|p1a: Genesect|Flamethrower|p2a: Landorus
|-damage|p2a: Landorus|74/100
|move|p2a: Landorus|Earthquake|p1a: Genesect
|-damage|p1a: Genesect|27/100
|
|upkeep
|turn|12
|c|☆showdownplayer#1|Bad predict on my end
|
|t:|1663481260
|move|p1a: Genesect|Flamethrower|p2a: Landorus
|-damage|p2a: Landorus|48/100
|move|p2a: Landorus|U-turn|p1a: Genesect
|-resisted|p1a: Genesect
|-damage|p1a: Genesect|12/100
|
|t:|1663481264
|switch|p2a: Kyurem|Kyurem-Black|100/100|[from]move: U-turn
|-ability|p2a: Kyurem|Teravolt
|
|upkeep
|turn|13
|
|t:|1663481275
|switch|p1a: Cinderace|Cinderace, F|76/100
|-damage|p1a: Cinderace|51/100|[from] Stealth Rock
|move|p2a: Kyurem|Dragon Dance|p2a: Kyurem
|-boost|p2a: Kyurem|atk|1
|-boost|p2a: Kyurem|spe|1
|
|upkeep
|turn|14
|
|t:|1663481281
|move|p1a: Cinderace|High Jump Kick|p2a: Kyurem
|-start|p1a: Cinderace|typechange|Fighting|[from] ability: Libero
|-supereffective|p2a: Kyurem
|-damage|p2a: Kyurem|0 fnt
|faint|p2a: Kyurem
|
|upkeep
|c|☆TemmieUndertwale|im faster
|
|t:|1663481286
|switch|p2a: Weavile|Weavile, M|100/100
|-ability|p2a: Weavile|Pressure
|turn|15
|c|☆TemmieUndertwale|cinderace meta!
|
|t:|1663481293
|switch|p1a: Genesect|Genesect, shiny|12/100
|-damage|p1a: Genesect|0 fnt|[from] Stealth Rock
|faint|p1a: Genesect
|move|p2a: Weavile|Ice Shard|p1: Genesect|[notarget]
|-fail|p2a: Weavile
|
|upkeep
|
|t:|1663481299
|switch|p1a: Kartana|Kartana|100/100
|-damage|p1a: Kartana|94/100|[from] Stealth Rock
|turn|16
|
|t:|1663481305
|move|p2a: Weavile|Ice Shard|p1a: Kartana
|-damage|p1a: Kartana|65/100
|move|p1a: Kartana|Sacred Sword|p2a: Weavile
|-supereffective|p2a: Weavile
|-damage|p2a: Weavile|0 fnt
|faint|p2a: Weavile
|-ability|p1a: Kartana|Beast Boost|boost
|-boost|p1a: Kartana|atk|1
|
|upkeep
|
|t:|1663481308
|switch|p2a: Landorus|Landorus-Therian, M|48/100
|-ability|p2a: Landorus|Intimidate|boost
|-unboost|p1a: Kartana|atk|1
|turn|17
|c|☆TemmieUndertwale|damn
|c|☆TemmieUndertwale|cinderace is meat
|c|☆showdownplayer#1|GG
|c|☆TemmieUndertwale|cinderace and urshifu on a team what i do
|
|t:|1663481329
|move|p1a: Kartana|Leaf Blade|p2a: Landorus
|-damage|p2a: Landorus|0 fnt
|-damage|p1a: Kartana|49/100|[from] item: Rocky Helmet|[of] p2a: Landorus
|faint|p2a: Landorus
|
|win|TemmieUndertwale
|c|☆TemmieUndertwale|my first win
|c|☆TemmieUndertwale|agaisnt this fucking team
|c|☆TemmieUndertwale|aight
|c|☆showdownplayer#1|You probably do water urshi
|c|☆showdownplayer#1|And pair it with kart
|c|☆TemmieUndertwale|im making this a fucking
|c|☆TemmieUndertwale|uhm
|c|☆TemmieUndertwale|sample
|c|☆showdownplayer#1|For a FWG core
|c|☆TemmieUndertwale|its ttoo fucking annoying
|c|☆showdownplayer#1|I'd consider sucker punch on banded cinder but that's just me
|c|☆TemmieUndertwale|that scizor can fucking snowball
|c|☆TemmieUndertwale|scarf cinderace poggers
|c|☆TemmieUndertwale|woo
|c|☆showdownplayer#1|And scarf pyro is a good tech so it's fine as is
|c|☆showdownplayer#1|The bad news is water types
|c|☆TemmieUndertwale|i wanna make the first urshifu and cinderace team
|c|☆showdownplayer#1|Go for it
|c|☆TemmieUndertwale|lol you'll help me
|c|☆TemmieUndertwale|wait up
|c|☆showdownplayer#1|I didn't realize cinderace was unbanned all this time
|c|☆TemmieUndertwale|i think the Kartana,urshifu R, kart team
|c|☆TemmieUndertwale|is weak to spA attackers
|c|☆showdownplayer#1|That's why we include spdef Lando
|c|☆showdownplayer#1|Or literally anything other than 3 mons on a 6 mon team
|c|☆TemmieUndertwale|lol
|c|☆TemmieUndertwale|urshifu-S
|c|☆TemmieUndertwale|how do we make it work
|c|☆TemmieUndertwale|well it works
|c|☆TemmieUndertwale|but yea
|c|☆TemmieUndertwale|i want lele usage
|c|☆showdownplayer#1|Depends on team type
|c|☆TemmieUndertwale|Urshifu S is BO
|c|☆TemmieUndertwale|i wnat it BO
|c|☆showdownplayer#1|Oh ok
|c|☆showdownplayer#1|Banded
|c|☆showdownplayer#1|Or, if you have a lot of chip from hazardstack or whatever, life orb for move switching
|c|☆TemmieUndertwale|wait up
|c|☆TemmieUndertwale|lets talk in dc
