|j|☆RUiNtheExtinct
|j|☆aselia the eternal
|t:|1658906249
|gametype|singles
|player|p1|RUiNtheExtinct|red-gen7|1620
|player|p2|aselia the eternal|102|1838
|teamsize|p1|6
|teamsize|p2|6
|gen|8
|tier|[Gen 8] National Dex AG
|rated|
|rule|HP Percentage Mod: HP is shown in percentages
|rule|Endless Battle Clause: Forcing endless battles is banned
|clearpoke
|poke|p1|Groudon|
|poke|p1|Ditto|
|poke|p1|Rayquaza|
|poke|p1|Necrozma-Dusk-Mane|
|poke|p1|Yveltal|
|poke|p1|Smeargle, F|
|poke|p2|Kyogre|
|poke|p2|Yveltal|
|poke|p2|Arceus-*|
|poke|p2|Calyrex-Shadow|
|poke|p2|Arceus-*|
|poke|p2|Marshadow|
|teampreview
|
|t:|1658906260
|start
|switch|p1a: Smeargle|Smeargle, F|100/100
|switch|p2a: Arceus|Arceus-Ice|100/100
|turn|1
|
|t:|1658906270
|move|p2a: Arceus|Magic Coat|p2a: Arceus
|-singleturn|p2a: Arceus|move: Magic Coat
|move|p1a: Smeargle|Spore|p2a: Arceus
|move|p2a: Arceus|Spore|p1a: Smeargle|[from]Magic Coat
|-status|p1a: Smeargle|slp|[from] move: Spore
|
|-ability|p1a: Smeargle|Moody|boost
|-boost|p1a: Smeargle|def|2
|-unboost|p1a: Smeargle|spe|1
|upkeep
|turn|2
|inactive|Battle timer is ON: inactive players will automatically lose when time's up. (requested by RUiNtheExtinct)
|
|t:|1658906288
|move|p2a: Arceus|Stealth Rock|p1a: Smeargle
|-sidestart|p1: RUiNtheExtinct|move: Stealth Rock
|cant|p1a: Smeargle|slp
|
|-ability|p1a: Smeargle|Moody|boost
|-boost|p1a: Smeargle|def|2
|-unboost|p1a: Smeargle|spd|1
|upkeep
|turn|3
|
|t:|1658906295
|move|p2a: Arceus|Judgment|p1a: Smeargle
|-enditem|p1a: Smeargle|Focus Sash
|-damage|p1a: Smeargle|1/100 slp
|cant|p1a: Smeargle|slp
|
|-ability|p1a: Smeargle|Moody|boost
|-boost|p1a: Smeargle|def|2
|-unboost|p1a: Smeargle|atk|1
|upkeep
|turn|4
|
|t:|1658906302
|move|p2a: Arceus|Judgment|p1a: Smeargle
|-damage|p1a: Smeargle|0 fnt
|faint|p1a: Smeargle
|
|upkeep
|
|t:|1658906307
|switch|p1a: Groudon|Groudon|100/100
|-damage|p1a: Groudon|94/100|[from] Stealth Rock
|detailschange|p1a: Groudon|Groudon-Primal
|-primal|p1a: Groudon
|-weather|DesolateLand|[from] ability: Desolate Land|[of] p1a: Groudon
|turn|5
|j| DaStoopidOne
|
|t:|1658906315
|move|p2a: Arceus|Judgment|p1a: Groudon
|-damage|p1a: Groudon|41/100
|move|p1a: Groudon|Stealth Rock|p2a: Arceus
|-sidestart|p2: aselia the eternal|move: Stealth Rock
|
|-weather|DesolateLand|[upkeep]
|upkeep
|turn|6
|
|t:|1658906324
|move|p2a: Arceus|Judgment|p1a: Groudon
|-damage|p1a: Groudon|0 fnt
|faint|p1a: Groudon
|-weather|none
|
|upkeep
|
|t:|1658906331
|switch|p1a: Necrozma|Necrozma-Dusk-Mane|100/100
|-damage|p1a: Necrozma|94/100|[from] Stealth Rock
|turn|7
|
|t:|1658906345
|switch|p2a: Arceus|Arceus-Ground|100/100
|-damage|p2a: Arceus|94/100|[from] Stealth Rock
|move|p1a: Necrozma|Sunsteel Strike|p2a: Arceus
|-damage|p2a: Arceus|43/100
|
|upkeep
|turn|8
|
|t:|1658906355
|detailschange|p1a: Necrozma|Necrozma-Ultra
|-burst|p1a: Necrozma|Necrozma|Ultranecrozium Z
|move|p1a: Necrozma|Photon Geyser|p2a: Arceus
|-damage|p2a: Arceus|0 fnt
|faint|p2a: Arceus
|
|upkeep
|
|t:|1658906380
|switch|p2a: Yveltal|Yveltal|100/100
|-damage|p2a: Yveltal|76/100|[from] Stealth Rock
|-ability|p2a: Yveltal|Dark Aura
|turn|9
|
|t:|1658906386
|-start|p2a: Yveltal|Dynamax|
|-heal|p2a: Yveltal|76/100|[silent]
|move|p1a: Necrozma|Sunsteel Strike|p2a: Yveltal
|-damage|p2a: Yveltal|56/100
|move|p2a: Yveltal|Max Airstream|p1a: Necrozma
|-damage|p1a: Necrozma|0 fnt
|-boost|p2a: Yveltal|spe|1
|faint|p1a: Necrozma
|-damage|p2a: Yveltal|51/100|[from] item: Life Orb
|
|upkeep
|
|t:|1658906390
|switch|p1a: Yveltal|Yveltal|100/100
|-damage|p1a: Yveltal|76/100|[from] Stealth Rock
|-ability|p1a: Yveltal|Dark Aura
|turn|10
|
|t:|1658906395
|-start|p1a: Yveltal|Dynamax|
|-heal|p1a: Yveltal|76/100|[silent]
|move|p2a: Yveltal|Max Airstream|p1a: Yveltal
|-damage|p1a: Yveltal|31/100
|-boost|p2a: Yveltal|spe|1
|-damage|p2a: Yveltal|46/100|[from] item: Life Orb
|move|p1a: Yveltal|Max Airstream|p2a: Yveltal
|-damage|p2a: Yveltal|6/100
|-boost|p1a: Yveltal|spe|1
|-damage|p1a: Yveltal|26/100|[from] item: Life Orb
|
|upkeep
|turn|11
|
|t:|1658906405
|move|p2a: Yveltal|Max Airstream|p1a: Yveltal
|-damage|p1a: Yveltal|0 fnt
|-boost|p2a: Yveltal|spe|1
|faint|p1a: Yveltal
|-damage|p2a: Yveltal|1/100|[from] item: Life Orb
|
|upkeep
|
|t:|1658906409
|switch|p1a: Ditto|Ditto|100/100
|-damage|p1a: Ditto|88/100|[from] Stealth Rock
|-transform|p1a: Ditto|p2a: Yveltal|[from] ability: Imposter
|-ability|p1a: Ditto|Dark Aura
|-end|p2a: Yveltal|Dynamax
|-heal|p2a: Yveltal|1/100|[silent]
|turn|12
|
|t:|1658906413
|move|p1a: Ditto|Dark Pulse|p2a: Yveltal
|-resisted|p2a: Yveltal
|-damage|p2a: Yveltal|0 fnt
|faint|p2a: Yveltal
|
|upkeep
|
|t:|1658906426
|switch|p2a: Arceus|Arceus-Ice|100/100
|-damage|p2a: Arceus|76/100|[from] Stealth Rock
|turn|13
|
|t:|1658906429
|move|p1a: Ditto|Dark Pulse|p2a: Arceus
|-damage|p2a: Arceus|27/100
|move|p2a: Arceus|Judgment|p1a: Ditto
|-supereffective|p1a: Ditto
|-damage|p1a: Ditto|0 fnt
|faint|p1a: Ditto
|
|upkeep
|
|t:|1658906433
|switch|p1a: Rayquaza|Rayquaza|100/100
|-damage|p1a: Rayquaza|76/100|[from] Stealth Rock
|-ability|p1a: Rayquaza|Air Lock
|turn|14
|
|t:|1658906438
|detailschange|p1a: Rayquaza|Rayquaza-Mega
|-mega|p1a: Rayquaza|Rayquaza|
|-weather|DeltaStream|[from] ability: Delta Stream|[of] p1a: Rayquaza
|move|p2a: Arceus|Judgment|p1a: Rayquaza
|-activate||deltastream
|-supereffective|p1a: Rayquaza
|-damage|p1a: Rayquaza|0 fnt
|faint|p1a: Rayquaza
|-weather|none
|
|win|aselia the eternal
|raw|RUiNtheExtinct's rating: 1620 &rarr; <strong>1611</strong><br />(-9 for losing)
|raw|aselia the eternal's rating: 1838 &rarr; <strong>1847</strong><br />(+9 for winning)
|l|☆RUiNtheExtinct
