|j|☆anonymous305
|j|☆StarBUCK1234
|t:|1656182795
|gametype|singles
|player|p1|anonymous305|acetrainercouple|1564
|player|p2|StarBUCK1234|102|1667
|teamsize|p1|6
|teamsize|p2|6
|gen|8
|tier|[Gen 8] National Dex AG
|rated|
|rule|HP Percentage Mod: HP is shown in percentages
|rule|Endless Battle Clause: Forcing endless battles is banned
|clearpoke
|poke|p1|Zacian-*|
|poke|p1|Rayquaza|
|poke|p1|Ditto|
|poke|p1|Groudon|
|poke|p1|Xerneas-*|
|poke|p1|Lugia|
|poke|p2|Calyrex-Shadow|
|poke|p2|Zacian-*|
|poke|p2|Necrozma-Dusk-Mane|
|poke|p2|Xerneas-*|
|poke|p2|Yveltal|
|poke|p2|Groudon|
|teampreview
|inactive|Battle timer is ON: inactive players will automatically lose when time's up. (requested by anonymous305)
|
|t:|1656182806
|start
|switch|p1a: Ditto|Ditto, shiny|100/100
|switch|p2a: Groudon|Groudon, shiny|100/100
|-transform|p1a: Ditto|p2a: Groudon|[from] ability: Imposter
|-weather|SunnyDay|[from] ability: Drought|[of] p1a: Ditto
|detailschange|p2a: Groudon|Groudon-Primal, shiny
|-primal|p2a: Groudon
|-weather|DesolateLand|[from] ability: Desolate Land|[of] p2a: Groudon
|turn|1
|
|t:|1656182815
|switch|p1a: Lugia|Lugia, shiny|100/100
|move|p2a: Groudon|Stealth Rock|p1a: Lugia
|-sidestart|p1: anonymous305|move: Stealth Rock
|
|-weather|DesolateLand|[upkeep]
|upkeep
|turn|2
|
|t:|1656182818
|move|p1a: Lugia|Toxic|p2a: Groudon
|-status|p2a: Groudon|tox
|move|p2a: Groudon|Dragon Tail|p1a: Lugia
|-damage|p1a: Lugia|94/100
|drag|p1a: Xerneas|Xerneas, shiny|100/100
|-damage|p1a: Xerneas|88/100|[from] Stealth Rock
|-ability|p1a: Xerneas|Fairy Aura
|
|-weather|DesolateLand|[upkeep]
|-damage|p2a: Groudon|94/100 tox|[from] psn
|upkeep
|turn|3
|
|t:|1656182823
|move|p2a: Groudon|Fire Punch|p1a: Xerneas
|-damage|p1a: Xerneas|35/100
|move|p1a: Xerneas|Geomancy||[still]
|-prepare|p1a: Xerneas|Geomancy
|-enditem|p1a: Xerneas|Power Herb
|-anim|p1a: Xerneas|Geomancy|p1a: Xerneas
|-boost|p1a: Xerneas|spa|2
|-boost|p1a: Xerneas|spd|2
|-boost|p1a: Xerneas|spe|2
|
|-weather|DesolateLand|[upkeep]
|-damage|p2a: Groudon|82/100 tox|[from] psn
|upkeep
|turn|4
|
|t:|1656182830
|-start|p1a: Xerneas|Dynamax|
|-heal|p1a: Xerneas|35/100|[silent]
|move|p1a: Xerneas|Max Starfall|p2a: Groudon
|-resisted|p2a: Groudon
|-damage|p2a: Groudon|0 fnt
|-fieldstart|move: Misty Terrain
|faint|p2a: Groudon
|-weather|none
|
|upkeep
|
|t:|1656182835
|switch|p2a: Necrozma|Necrozma-Dusk-Mane|100/100
|turn|5
|
|t:|1656182843
|move|p1a: Xerneas|Max Flare|p2a: Necrozma
|-supereffective|p2a: Necrozma
|-damage|p2a: Necrozma|0 fnt
|-weather|SunnyDay
|faint|p2a: Necrozma
|
|-weather|SunnyDay|[upkeep]
|upkeep
|
|t:|1656182856
|switch|p2a: Yveltal|Yveltal|100/100
|-ability|p2a: Yveltal|Dark Aura
|turn|6
|
|t:|1656182858
|move|p1a: Xerneas|Max Starfall|p2a: Yveltal
|-supereffective|p2a: Yveltal
|-damage|p2a: Yveltal|0 fnt
|faint|p2a: Yveltal
|
|-weather|SunnyDay|[upkeep]
|upkeep
|
|t:|1656182863
|switch|p2a: Zacian|Zacian-Crowned|100/100
|-ability|p2a: Zacian|Intrepid Sword|boost
|-boost|p2a: Zacian|atk|1
|-end|p1a: Xerneas|Dynamax
|-heal|p1a: Xerneas|35/100|[silent]
|turn|7
|
|t:|1656182865
|move|p1a: Xerneas|Hidden Power|p2a: Zacian
|-supereffective|p2a: Zacian
|-damage|p2a: Zacian|0 fnt
|faint|p2a: Zacian
|
|-weather|SunnyDay|[upkeep]
|upkeep
|
|t:|1656182867
|switch|p2a: Xerneas|Xerneas|100/100
|-ability|p2a: Xerneas|Fairy Aura
|turn|8
|
|t:|1656182869
|move|p1a: Xerneas|Moonblast|p2a: Xerneas
|-damage|p2a: Xerneas|0 fnt
|faint|p2a: Xerneas
|
|-weather|SunnyDay|[upkeep]
|-fieldend|Misty Terrain
|upkeep
|c|☆anonymous305|gg wp
|-message|StarBUCK1234 forfeited.
|
|win|anonymous305
|raw|anonymous305's rating: 1564 &rarr; <strong>1590</strong><br />(+26 for winning)
|raw|StarBUCK1234's rating: 1667 &rarr; <strong>1641</strong><br />(-26 for losing)
|l|☆StarBUCK1234
