|j|☆Professor Thailog
|j|☆rowletroost
|t:|1641781569
|gametype|singles
|player|p1|Professor Thailog|scientist-gen4|1563
|player|p2|rowletroost|lance|1723
|teamsize|p1|6
|teamsize|p2|6
|gen|8
|tier|[Gen 8] National Dex AG
|rated|
|rule|HP Percentage Mod: HP is shown in percentages
|rule|Endless Battle Clause: Forcing endless battles is banned
|clearpoke
|poke|p1|Heliolisk, F|
|poke|p1|Skuntank, M|
|poke|p1|Greninja, M|
|poke|p1|Slowbro, F|
|poke|p1|Pheromosa|
|poke|p1|Venomoth, M|
|poke|p2|Arceus-*|
|poke|p2|Xerneas-*|
|poke|p2|Kyogre|
|poke|p2|Marshadow|
|poke|p2|Ribombee, M|
|poke|p2|Vivillon-Savanna, M|
|teampreview
|inactive|Battle timer is ON: inactive players will automatically lose when time's up. (requested by rowletroost)
|
|t:|1641781577
|start
|switch|p1a: Greninja|Greninja, M, shiny|100/100
|switch|p2a: Xerneas|Xerneas, shiny|100/100
|-ability|p2a: Xerneas|Fairy Aura
|turn|1
|
|t:|1641781580
|move|p1a: Greninja|U-turn|p2a: Xerneas
|-start|p1a: Greninja|typechange|Bug|[from] ability: Protean
|-resisted|p2a: Xerneas
|-damage|p2a: Xerneas|91/100
|-damage|p1a: Greninja|91/100|[from] item: Life Orb
|
|t:|1641781582
|switch|p1a: Skuntank|Skuntank, M|100/100|[from]move: U-turn
|move|p2a: Xerneas|Geomancy||[still]
|-prepare|p2a: Xerneas|Geomancy
|-enditem|p2a: Xerneas|Power Herb
|-anim|p2a: Xerneas|Geomancy|p2a: Xerneas
|-boost|p2a: Xerneas|spa|2
|-boost|p2a: Xerneas|spd|2
|-boost|p2a: Xerneas|spe|2
|
|upkeep
|turn|2
|
|t:|1641781584
|move|p2a: Xerneas|Moonblast|p1a: Skuntank
|-damage|p1a: Skuntank|0 fnt
|faint|p1a: Skuntank
|
|upkeep
|
|t:|1641781588
|switch|p1a: Heliolisk|Heliolisk, F|100/100
|turn|3
|
|t:|1641781590
|move|p2a: Xerneas|Moonblast|p1a: Heliolisk
|-enditem|p1a: Heliolisk|Focus Sash
|-damage|p1a: Heliolisk|1/100
|move|p1a: Heliolisk|Glare|p2a: Xerneas
|-status|p2a: Xerneas|par
|
|upkeep
|turn|4
|
|t:|1641781592
|move|p1a: Heliolisk|Hyper Voice|p2a: Xerneas
|-damage|p2a: Xerneas|72/100 par
|move|p2a: Xerneas|Moonblast|p1a: Heliolisk
|-damage|p1a: Heliolisk|0 fnt
|faint|p1a: Heliolisk
|
|upkeep
|j| NoLackluster
|
|t:|1641781597
|switch|p1a: Venomoth|Venomoth, M|100/100
|turn|5
|
|t:|1641781600
|move|p1a: Venomoth|Quiver Dance|p1a: Venomoth
|-boost|p1a: Venomoth|spa|1
|-boost|p1a: Venomoth|spd|1
|-boost|p1a: Venomoth|spe|1
|move|p2a: Xerneas|Psychic|p1a: Venomoth
|-supereffective|p1a: Venomoth
|-damage|p1a: Venomoth|0 fnt
|faint|p1a: Venomoth
|
|upkeep
|-message|Professor Thailog forfeited.
|
|win|rowletroost
|raw|Professor Thailog's rating: 1563 &rarr; <strong>1552</strong><br />(-11 for losing)
|raw|rowletroost's rating: 1723 &rarr; <strong>1734</strong><br />(+11 for winning)
|l|☆Professor Thailog
