|j|☆yiyi yizi
|j|☆mardydu
|t:|1664148950
|gametype|singles
|player|p1|yiyi yizi|hilbert|1631
|player|p2|mardydu|boarder|1780
|teamsize|p1|6
|teamsize|p2|6
|gen|8
|tier|[Gen 8] National Dex AG
|rated|
|rule|HP Percentage Mod: HP is shown in percentages
|rule|Endless Battle Clause: Forcing endless battles is banned
|clearpoke
|poke|p1|Whimsicott, F|
|poke|p1|Corsola-Galar, M|
|poke|p1|Gliscor, M|
|poke|p1|Togedemaru, L1, M|
|poke|p1|Kangaskhan, F|
|poke|p1|Cofagrigus, F|
|poke|p2|Kyurem-White|
|poke|p2|Calyrex-Shadow|
|poke|p2|Rayquaza|
|poke|p2|Regieleki|
|poke|p2|Smeargle, M|
|poke|p2|Skarmory, M|
|teampreview
|inactive|Battle timer is ON: inactive players will automatically lose when time's up. (requested by mardydu)
|inactive|yiyi yizi also wants the timer to be on.
|
|t:|1664148962
|start
|switch|p1a: Cofagrigus|Cofagrigus, F|100/100
|switch|p2a: Skarmory|Skarmory, M|100/100
|turn|1
|
|t:|1664148968
|move|p2a: Skarmory|Taunt|p1a: Cofagrigus
|-start|p1a: Cofagrigus|move: Taunt
|cant|p1a: Cofagrigus|move: Taunt|Toxic Spikes
|
|upkeep
|turn|2
|
|t:|1664148975
|switch|p1a: Whimsicott|Whimsicott, F, shiny|100/100
|move|p2a: Skarmory|Stealth Rock|p1a: Whimsicott
|-sidestart|p1: yiyi yizi|move: Stealth Rock
|
|upkeep
|turn|3
|
|t:|1664148983
|move|p1a: Whimsicott|Encore|p2a: Skarmory
|-start|p2a: Skarmory|Encore
|move|p2a: Skarmory|Stealth Rock||[still]
|-fail|p2a: Skarmory
|
|upkeep
|turn|4
|
|t:|1664148986
|switch|p1a: Gliscor|Gliscor, M, shiny|100/100
|-damage|p1a: Gliscor|88/100|[from] Stealth Rock
|switch|p2a: JumpingMan|Regieleki|100/100
|
|-status|p1a: Gliscor|tox|[from] item: Toxic Orb
|upkeep
|turn|5
|
|t:|1664148990
|switch|p2a: Skarmory|Skarmory, M|100/100
|move|p1a: Gliscor|Substitute|p1a: Gliscor
|-start|p1a: Gliscor|Substitute
|-damage|p1a: Gliscor|63/100 tox
|
|-heal|p1a: Gliscor|75/100 tox|[from] ability: Poison Heal
|upkeep
|turn|6
|
|t:|1664148994
|move|p1a: Gliscor|Protect|p1a: Gliscor
|-singleturn|p1a: Gliscor|Protect
|move|p2a: Skarmory|Whirlwind|p1a: Gliscor
|drag|p1a: Whimsicott|Whimsicott, F, shiny|100/100
|-damage|p1a: Whimsicott|88/100|[from] Stealth Rock
|
|-heal|p1a: Whimsicott|94/100|[from] item: Leftovers
|upkeep
|turn|7
|
|t:|1664148999
|move|p1a: Whimsicott|Encore|p2a: Skarmory
|-start|p2a: Skarmory|Encore
|move|p2a: Skarmory|Whirlwind|p1a: Whimsicott
|drag|p1a: Cofagrigus|Cofagrigus, F|100/100
|-damage|p1a: Cofagrigus|88/100|[from] Stealth Rock
|
|-heal|p1a: Cofagrigus|94/100|[from] item: Leftovers
|upkeep
|turn|8
|
|t:|1664149007
|switch|p2a: Smeargle|Smeargle, M|100/100
|move|p1a: Cofagrigus|Toxic Spikes|p2a: Smeargle
|-sidestart|p2: mardydu|move: Toxic Spikes
|
|-heal|p1a: Cofagrigus|100/100|[from] item: Leftovers
|-ability|p2a: Smeargle|Moody|boost
|-boost|p2a: Smeargle|spa|2
|-unboost|p2a: Smeargle|spd|1
|upkeep
|turn|9
|
|t:|1664149013
|switch|p1a: Whimsicott|Whimsicott, F, shiny|94/100
|-damage|p1a: Whimsicott|82/100|[from] Stealth Rock
|move|p2a: Smeargle|Shell Smash|p2a: Smeargle
|-unboost|p2a: Smeargle|def|1
|-unboost|p2a: Smeargle|spd|1
|-boost|p2a: Smeargle|atk|2
|-boost|p2a: Smeargle|spa|2
|-boost|p2a: Smeargle|spe|2
|
|-heal|p1a: Whimsicott|88/100|[from] item: Leftovers
|-ability|p2a: Smeargle|Moody|boost
|-boost|p2a: Smeargle|atk|2
|-unboost|p2a: Smeargle|spd|1
|upkeep
|turn|10
|
|t:|1664149023
|move|p1a: Whimsicott|Leech Seed|p2a: Smeargle
|-start|p2a: Smeargle|move: Leech Seed
|move|p2a: Smeargle|Spectral Thief|p1a: Whimsicott
|-damage|p1a: Whimsicott|56/100
|
|-heal|p1a: Whimsicott|62/100|[from] item: Leftovers
|-damage|p2a: Smeargle|88/100|[from] Leech Seed|[of] p1a: Whimsicott
|-heal|p1a: Whimsicott|71/100|[silent]
|-ability|p2a: Smeargle|Moody|boost
|-boost|p2a: Smeargle|spa|2
|-unboost|p2a: Smeargle|def|1
|upkeep
|turn|11
|
|t:|1664149037
|move|p1a: Whimsicott|Substitute|p1a: Whimsicott
|-start|p1a: Whimsicott|Substitute
|-damage|p1a: Whimsicott|46/100
|move|p2a: Smeargle|Baton Pass|p2a: Smeargle
|
|t:|1664149041
|switch|p2a: Rayquaza|Rayquaza|100/100|[from]move: Baton Pass
|-ability|p2a: Rayquaza|Air Lock
|
|-heal|p1a: Whimsicott|53/100|[from] item: Leftovers
|-damage|p2a: Rayquaza|88/100|[from] Leech Seed|[of] p1a: Whimsicott
|-heal|p1a: Whimsicott|66/100|[silent]
|upkeep
|turn|12
|
|t:|1664149043
|detailschange|p2a: Rayquaza|Rayquaza-Mega
|-mega|p2a: Rayquaza|Rayquaza|
|-weather|DeltaStream|[from] ability: Delta Stream|[of] p2a: Rayquaza
|move|p1a: Whimsicott|Protect|p1a: Whimsicott
|-singleturn|p1a: Whimsicott|Protect
|move|p2a: Rayquaza|Scale Shot|p1a: Whimsicott
|-activate|p1a: Whimsicott|move: Protect
|
|-weather|DeltaStream|[upkeep]
|-heal|p1a: Whimsicott|72/100|[from] item: Leftovers
|-damage|p2a: Rayquaza|76/100|[from] Leech Seed|[of] p1a: Whimsicott
|-heal|p1a: Whimsicott|85/100|[silent]
|upkeep
|turn|13
|
|t:|1664149049
|move|p1a: Whimsicott|Encore|p2a: Rayquaza
|-start|p2a: Rayquaza|Encore
|move|p2a: Rayquaza|Scale Shot|p1a: Whimsicott
|-immune|p1a: Whimsicott
|
|-weather|DeltaStream|[upkeep]
|-heal|p1a: Whimsicott|92/100|[from] item: Leftovers
|-damage|p2a: Rayquaza|64/100|[from] Leech Seed|[of] p1a: Whimsicott
|-heal|p1a: Whimsicott|100/100|[silent]
|upkeep
|turn|14
|c|☆mardydu|Oh right
|
|t:|1664149060
|-weather|none
|switch|p2a: Skarmory|Skarmory, M|100/100
|move|p1a: Whimsicott|Leech Seed|p2a: Skarmory
|-start|p2a: Skarmory|move: Leech Seed
|
|-damage|p2a: Skarmory|88/100|[from] Leech Seed|[of] p1a: Whimsicott
|upkeep
|turn|15
|
|t:|1664149064
|move|p1a: Whimsicott|Protect|p1a: Whimsicott
|-singleturn|p1a: Whimsicott|Protect
|move|p2a: Skarmory|Whirlwind|p1a: Whimsicott
|drag|p1a: Cofagrigus|Cofagrigus, F|100/100
|-damage|p1a: Cofagrigus|88/100|[from] Stealth Rock
|
|-heal|p1a: Cofagrigus|94/100|[from] item: Leftovers
|-damage|p2a: Skarmory|76/100|[from] Leech Seed|[of] p1a: Cofagrigus
|-heal|p1a: Cofagrigus|100/100|[silent]
|upkeep
|turn|16
|
|t:|1664149069
|move|p2a: Skarmory|Taunt|p1a: Cofagrigus
|-start|p1a: Cofagrigus|move: Taunt
|cant|p1a: Cofagrigus|move: Taunt|Toxic Spikes
|
|-damage|p2a: Skarmory|64/100|[from] Leech Seed|[of] p1a: Cofagrigus
|upkeep
|turn|17
|
|t:|1664149074
|switch|p1a: Gliscor|Gliscor, M, shiny|75/100 tox
|-damage|p1a: Gliscor|63/100 tox|[from] Stealth Rock
|move|p2a: Skarmory|Whirlwind|p1a: Gliscor
|drag|p1a: Togedemaru|Togedemaru, L1, M|100/100
|-damage|p1a: Togedemaru|92/100|[from] Stealth Rock
|
|-damage|p2a: Skarmory|51/100|[from] Leech Seed|[of] p1a: Togedemaru
|-heal|p1a: Togedemaru|100/100|[silent]
|upkeep
|turn|18
|
|t:|1664149080
|move|p1a: Togedemaru|Fake Out|p2a: Skarmory
|-resisted|p2a: Skarmory
|-damage|p2a: Skarmory|51/100
|-damage|p1a: Togedemaru|84/100|[from] item: Rocky Helmet|[of] p2a: Skarmory
|-heal|p1a: Togedemaru|92/100|[from] item: Shell Bell|[of] p2a: Skarmory
|cant|p2a: Skarmory|flinch
|
|-damage|p2a: Skarmory|39/100|[from] Leech Seed|[of] p1a: Togedemaru
|-heal|p1a: Togedemaru|100/100|[silent]
|upkeep
|turn|19
|
|t:|1664149084
|move|p2a: Skarmory|Taunt|p1a: Togedemaru
|-start|p1a: Togedemaru|move: Taunt
|move|p1a: Togedemaru|Endeavor|p2a: Skarmory
|-damage|p2a: Skarmory|4/100
|-damage|p1a: Togedemaru|84/100|[from] item: Rocky Helmet|[of] p2a: Skarmory
|-heal|p1a: Togedemaru|100/100|[from] item: Shell Bell|[of] p2a: Skarmory
|
|-damage|p2a: Skarmory|0 fnt|[from] Leech Seed|[of] p1a: Togedemaru
|faint|p2a: Skarmory
|upkeep
|
|t:|1664149094
|switch|p2a: JumpingMan|Regieleki|100/100
|-status|p2a: JumpingMan|psn
|turn|20
|
|t:|1664149102
|switch|p1a: Gliscor|Gliscor, M, shiny|63/100 tox
|-damage|p1a: Gliscor|51/100 tox|[from] Stealth Rock
|move|p2a: JumpingMan|Rapid Spin|p1a: Gliscor
|-damage|p1a: Gliscor|42/100 tox
|-boost|p2a: JumpingMan|spe|1
|-sideend|p2: mardydu|Toxic Spikes|[from] move: Rapid Spin|[of] p2a: JumpingMan
|
|-damage|p2a: JumpingMan|88/100 psn|[from] psn
|-heal|p1a: Gliscor|54/100 tox|[from] ability: Poison Heal
|upkeep
|turn|21
|
|t:|1664149106
|move|p2a: JumpingMan|Extreme Speed|p1a: Gliscor
|-damage|p1a: Gliscor|40/100 tox
|move|p1a: Gliscor|Substitute|p1a: Gliscor
|-start|p1a: Gliscor|Substitute
|-damage|p1a: Gliscor|15/100 tox
|
|-damage|p2a: JumpingMan|76/100 psn|[from] psn
|-heal|p1a: Gliscor|27/100 tox|[from] ability: Poison Heal
|upkeep
|turn|22
|
|t:|1664149112
|move|p1a: Gliscor|Protect|p1a: Gliscor
|-singleturn|p1a: Gliscor|Protect
|move|p2a: JumpingMan|Extreme Speed|p1a: Gliscor
|-activate|p1a: Gliscor|move: Protect
|
|-damage|p2a: JumpingMan|64/100 psn|[from] psn
|-heal|p1a: Gliscor|39/100 tox|[from] ability: Poison Heal
|upkeep
|turn|23
|
|t:|1664149116
|move|p2a: JumpingMan|Extreme Speed|p1a: Gliscor
|-activate|p1a: Gliscor|move: Substitute|[damage]
|move|p1a: Gliscor|Earthquake|p2a: JumpingMan
|-supereffective|p2a: JumpingMan
|-damage|p2a: JumpingMan|0 fnt
|faint|p2a: JumpingMan
|
|-heal|p1a: Gliscor|52/100 tox|[from] ability: Poison Heal
|upkeep
|
|t:|1664149127
|switch|p2a: Rayquaza|Rayquaza-Mega|64/100
|-weather|DeltaStream|[from] ability: Delta Stream|[of] p2a: Rayquaza
|turn|24
|
|t:|1664149131
|move|p2a: Rayquaza|Scale Shot|p1a: Gliscor
|-end|p1a: Gliscor|Substitute
|-damage|p1a: Gliscor|32/100 tox
|-damage|p1a: Gliscor|15/100 tox
|-damage|p1a: Gliscor|0 fnt
|faint|p1a: Gliscor
|-hitcount|p1: Gliscor|4
|-unboost|p2a: Rayquaza|def|1
|-boost|p2a: Rayquaza|spe|1
|-damage|p2a: Rayquaza|54/100|[from] item: Life Orb
|
|-weather|DeltaStream|[upkeep]
|upkeep
|
|t:|1664149149
|switch|p1a: Cofagrigus|Cofagrigus, F|100/100
|-damage|p1a: Cofagrigus|88/100|[from] Stealth Rock
|turn|25
|
|t:|1664149159
|move|p1a: Cofagrigus|Protect|p1a: Cofagrigus
|-singleturn|p1a: Cofagrigus|Protect
|move|p2a: Rayquaza|Scale Shot|p1a: Cofagrigus
|-activate|p1a: Cofagrigus|move: Protect
|
|-weather|DeltaStream|[upkeep]
|-heal|p1a: Cofagrigus|94/100|[from] item: Leftovers
|upkeep
|turn|26
|
|t:|1664149162
|move|p2a: Rayquaza|Dragon Ascent|p1a: Cofagrigus
|-damage|p1a: Cofagrigus|33/100
|-unboost|p2a: Rayquaza|def|1
|-unboost|p2a: Rayquaza|spd|1
|-weather|none
|-activate|p1a: Cofagrigus|ability: Mummy|Delta Stream|[of] p2a: Rayquaza
|-damage|p2a: Rayquaza|44/100|[from] item: Life Orb
|move|p1a: Cofagrigus|Toxic Spikes|p2a: Rayquaza
|-sidestart|p2: mardydu|move: Toxic Spikes
|
|-heal|p1a: Cofagrigus|40/100|[from] item: Leftovers
|upkeep
|turn|27
|
|t:|1664149168
|move|p1a: Cofagrigus|Protect|p1a: Cofagrigus
|-singleturn|p1a: Cofagrigus|Protect
|move|p2a: Rayquaza|Dragon Ascent|p1a: Cofagrigus
|-activate|p1a: Cofagrigus|move: Protect
|
|-heal|p1a: Cofagrigus|46/100|[from] item: Leftovers
|upkeep
|turn|28
|
|t:|1664149176
|move|p2a: Rayquaza|Scale Shot|p1a: Cofagrigus
|-damage|p1a: Cofagrigus|34/100
|-damage|p1a: Cofagrigus|20/100
|-hitcount|p1a: Cofagrigus|2
|-unboost|p2a: Rayquaza|def|1
|-boost|p2a: Rayquaza|spe|1
|-damage|p2a: Rayquaza|34/100|[from] item: Life Orb
|move|p1a: Cofagrigus|Toxic Spikes|p2a: Rayquaza
|-sidestart|p2: mardydu|move: Toxic Spikes
|
|-heal|p1a: Cofagrigus|26/100|[from] item: Leftovers
|upkeep
|turn|29
|
|t:|1664149183
|move|p1a: Cofagrigus|Protect|p1a: Cofagrigus
|-singleturn|p1a: Cofagrigus|Protect
|move|p2a: Rayquaza|Dragon Ascent|p1a: Cofagrigus
|-activate|p1a: Cofagrigus|move: Protect
|
|-heal|p1a: Cofagrigus|33/100|[from] item: Leftovers
|upkeep
|turn|30
|
|t:|1664149193
|move|p2a: Rayquaza|Dragon Ascent|p1a: Cofagrigus
|-damage|p1a: Cofagrigus|0 fnt
|-unboost|p2a: Rayquaza|def|1
|-unboost|p2a: Rayquaza|spd|1
|faint|p1a: Cofagrigus
|-damage|p2a: Rayquaza|24/100|[from] item: Life Orb
|
|upkeep
|
|t:|1664149198
|switch|p1a: Whimsicott|Whimsicott, F, shiny|100/100
|-damage|p1a: Whimsicott|88/100|[from] Stealth Rock
|turn|31
|
|t:|1664149203
|move|p1a: Whimsicott|Protect|p1a: Whimsicott
|-singleturn|p1a: Whimsicott|Protect
|move|p2a: Rayquaza|Extreme Speed|p1a: Whimsicott
|-activate|p1a: Whimsicott|move: Protect
|
|-heal|p1a: Whimsicott|94/100|[from] item: Leftovers
|upkeep
|turn|32
|
|t:|1664149206
|move|p1a: Whimsicott|Encore|p2a: Rayquaza
|-start|p2a: Rayquaza|Encore
|move|p2a: Rayquaza|Extreme Speed|p1a: Whimsicott
|-damage|p1a: Whimsicott|52/100
|-damage|p2a: Rayquaza|14/100|[from] item: Life Orb
|
|-heal|p1a: Whimsicott|58/100|[from] item: Leftovers
|upkeep
|turn|33
|
|t:|1664149212
|move|p2a: Rayquaza|Extreme Speed|p1a: Whimsicott
|-damage|p1a: Whimsicott|19/100
|-damage|p2a: Rayquaza|4/100|[from] item: Life Orb
|move|p1a: Whimsicott|Leech Seed|p2a: Rayquaza
|-start|p2a: Rayquaza|move: Leech Seed
|
|-heal|p1a: Whimsicott|25/100|[from] item: Leftovers
|-damage|p2a: Rayquaza|0 fnt|[from] Leech Seed|[of] p1a: Whimsicott
|-heal|p1a: Whimsicott|29/100|[silent]
|faint|p2a: Rayquaza
|upkeep
|
|t:|1664149231
|switch|p2a: Kurem|Kyurem-White, shiny|100/100
|-status|p2a: Kurem|tox
|-ability|p2a: Kurem|Turboblaze
|turn|34
|
|t:|1664149248
|-start|p2a: Kurem|Dynamax|
|-heal|p2a: Kurem|100/100 tox|[silent]
|move|p1a: Whimsicott|Protect|p1a: Whimsicott
|-singleturn|p1a: Whimsicott|Protect
|move|p2a: Kurem|Max Hailstorm|p1a: Whimsicott
|-supereffective|p1a: Whimsicott
|-zbroken|p1a: Whimsicott
|-damage|p1a: Whimsicott|0 fnt
|-weather|Hail
|faint|p1a: Whimsicott
|
|-weather|Hail|[upkeep]
|-damage|p2a: Kurem|97/100 tox|[from] psn
|upkeep
|
|t:|1664149255
|switch|p1a: Corsola|Corsola-Galar, M, shiny|100/100
|-damage|p1a: Corsola|88/100|[from] Stealth Rock
|turn|35
|
|t:|1664149259
|move|p2a: Kurem|Max Phantasm|p1a: Corsola
|-supereffective|p1a: Corsola
|-damage|p1a: Corsola|5/100
|-unboost|p1a: Corsola|def|1
|move|p1a: Corsola|Strength Sap|p2a: Kurem
|-unboost|p2a: Kurem|atk|1
|-heal|p1a: Corsola|73/100
|
|-weather|Hail|[upkeep]
|-damage|p1a: Corsola|67/100|[from] Hail
|-damage|p2a: Kurem|91/100 tox|[from] psn
|upkeep
|turn|36
|
|t:|1664149265
|switch|p1a: Kangaskhan|Kangaskhan, F|100/100
|-damage|p1a: Kangaskhan|88/100|[from] Stealth Rock
|move|p2a: Kurem|Max Phantasm|p1a: Kangaskhan
|-immune|p1a: Kangaskhan
|
|-weather|Hail|[upkeep]
|-damage|p1a: Kangaskhan|82/100|[from] Hail
|-damage|p2a: Kurem|82/100 tox|[from] psn
|upkeep
|-end|p2a: Kurem|Dynamax
|-heal|p2a: Kurem|82/100 tox|[silent]
|turn|37
|
|t:|1664149275
|detailschange|p1a: Kangaskhan|Kangaskhan-Mega, F
|-mega|p1a: Kangaskhan|Kangaskhan|Kangaskhanite
|move|p2a: Kurem|Earth Power|p1a: Kangaskhan
|-damage|p1a: Kangaskhan|44/100
|move|p1a: Kangaskhan|Power-Up Punch|p2a: Kurem
|-supereffective|p2a: Kurem
|-damage|p2a: Kurem|58/100 tox
|-boost|p1a: Kangaskhan|atk|1
|-supereffective|p2a: Kurem
|-damage|p2a: Kurem|48/100 tox
|-boost|p1a: Kangaskhan|atk|1
|-hitcount|p2a: Kurem|2
|
|-weather|Hail|[upkeep]
|-damage|p1a: Kangaskhan|38/100|[from] Hail
|-damage|p2a: Kurem|23/100 tox|[from] psn
|upkeep
|turn|38
|
|t:|1664149282
|move|p1a: Kangaskhan|Sucker Punch|p2a: Kurem
|-damage|p2a: Kurem|0 fnt
|faint|p2a: Kurem
|-hitcount|p2: Kurem|1
|
|-weather|none
|upkeep
|
|t:|1664149289
|switch|p2a: Smeargle|Smeargle, M|88/100
|-status|p2a: Smeargle|tox
|turn|39
|
|t:|1664149294
|move|p1a: Kangaskhan|Power-Up Punch|p2a: Smeargle
|-supereffective|p2a: Smeargle
|-damage|p2a: Smeargle|0 fnt
|-boost|p1a: Kangaskhan|atk|1
|faint|p2a: Smeargle
|-hitcount|p2: Smeargle|1
|
|upkeep
|
|t:|1664149297
|switch|p2a: Horse in cali|Calyrex-Shadow|100/100
|-ability|p2a: Horse in cali|As One
|-ability|p2a: Horse in cali|Unnerve
|-status|p2a: Horse in cali|tox
|turn|40
|
|t:|1664149303
|move|p1a: Kangaskhan|Sucker Punch|p2a: Horse in cali
|-supereffective|p2a: Horse in cali
|-enditem|p2a: Horse in cali|Focus Sash
|-damage|p2a: Horse in cali|1/100 tox
|-supereffective|p2a: Horse in cali
|-damage|p2a: Horse in cali|0 fnt
|faint|p2a: Horse in cali
|-hitcount|p2: Horse in cali|2
|
|win|yiyi yizi
|raw|yiyi yizi's rating: 1631 &rarr; <strong>1659</strong><br />(+28 for winning)
|raw|mardydu's rating: 1780 &rarr; <strong>1752</strong><br />(-28 for losing)
|c|☆yiyi yizi|gg wp
|c|☆yiyi yizi|; )
|l|☆mardydu
