|j|☆Hoenn Militian
|j|☆iHaveAsthma
|t:|1649517231
|gametype|singles
|player|p1|Hoenn Militian|ingo|1772
|player|p2|iHaveAsthma|doctor|1770
|teamsize|p1|6
|teamsize|p2|6
|gen|8
|tier|[Gen 8] National Dex AG
|rated|
|rule|HP Percentage Mod: HP is shown in percentages
|rule|Endless Battle Clause: Forcing endless battles is banned
|clearpoke
|poke|p1|Yveltal|
|poke|p1|Quagsire, F|
|poke|p1|Mamoswine, M|
|poke|p1|Shedinja|
|poke|p1|Kyogre|
|poke|p1|Zacian-*|
|poke|p2|Rayquaza|
|poke|p2|Lugia|
|poke|p2|Groudon|
|poke|p2|Arceus-*|
|poke|p2|Arceus-*|
|poke|p2|Marshadow|
|teampreview
|inactive|Battle timer is ON: inactive players will automatically lose when time's up. (requested by iHaveAsthma)
|
|t:|1649517253
|start
|switch|p1a: Mamoswine|Mamoswine, M|100/100
|switch|p2a: Groudon|Groudon|100/100
|detailschange|p2a: Groudon|Groudon-Primal
|-primal|p2a: Groudon
|-weather|DesolateLand|[from] ability: Desolate Land|[of] p2a: Groudon
|turn|1
|
|t:|1649517261
|move|p2a: Groudon|Eruption|p1a: Mamoswine
|-supereffective|p1a: Mamoswine
|-enditem|p1a: Mamoswine|Focus Sash
|-damage|p1a: Mamoswine|1/100
|move|p1a: Mamoswine|Earthquake|p2a: Groudon
|-supereffective|p2a: Groudon
|-damage|p2a: Groudon|19/100
|
|-weather|DesolateLand|[upkeep]
|upkeep
|turn|2
|
|t:|1649517271
|move|p1a: Mamoswine|Ice Shard|p2a: Groudon
|-damage|p2a: Groudon|3/100
|move|p2a: Groudon|Stealth Rock|p1a: Mamoswine
|-sidestart|p1: Hoenn Militian|move: Stealth Rock
|
|-weather|DesolateLand|[upkeep]
|upkeep
|turn|3
|
|t:|1649517278
|move|p1a: Mamoswine|Ice Shard|p2a: Groudon
|-damage|p2a: Groudon|0 fnt
|faint|p2a: Groudon
|-weather|none
|
|upkeep
|
|t:|1649517283
|switch|p2a: Rayquaza|Rayquaza|100/100
|-ability|p2a: Rayquaza|Air Lock
|turn|4
|
|t:|1649517290
|detailschange|p2a: Rayquaza|Rayquaza-Mega
|-mega|p2a: Rayquaza|Rayquaza|
|-weather|DeltaStream|[from] ability: Delta Stream|[of] p2a: Rayquaza
|move|p2a: Rayquaza|Extreme Speed|p1a: Mamoswine
|-damage|p1a: Mamoswine|0 fnt
|faint|p1a: Mamoswine
|
|-weather|DeltaStream|[upkeep]
|upkeep
|
|t:|1649517305
|switch|p1a: Quagsire|Quagsire, F|100/100
|-damage|p1a: Quagsire|94/100|[from] Stealth Rock
|turn|5
|
|t:|1649517315
|move|p2a: Rayquaza|Dragon Ascent|p1a: Quagsire
|-damage|p1a: Quagsire|33/100
|-unboost|p2a: Rayquaza|def|1
|-unboost|p2a: Rayquaza|spd|1
|-damage|p2a: Rayquaza|84/100|[from] item: Rocky Helmet|[of] p1a: Quagsire
|move|p1a: Quagsire|Toxic|p2a: Rayquaza
|-status|p2a: Rayquaza|tox
|
|-weather|DeltaStream|[upkeep]
|-damage|p2a: Rayquaza|78/100 tox|[from] psn
|upkeep
|turn|6
|
|t:|1649517325
|move|p2a: Rayquaza|Dragon Ascent|p1a: Quagsire
|-damage|p1a: Quagsire|0 fnt
|-unboost|p2a: Rayquaza|def|1
|-unboost|p2a: Rayquaza|spd|1
|-damage|p2a: Rayquaza|61/100 tox|[from] item: Rocky Helmet|[of] p1a: Quagsire
|faint|p1a: Quagsire
|
|-weather|DeltaStream|[upkeep]
|-damage|p2a: Rayquaza|49/100 tox|[from] psn
|upkeep
|j| pokemasterbrendan
|
|t:|1649517334
|switch|p1a: Zacian|Zacian-Crowned|100/100
|-damage|p1a: Zacian|94/100|[from] Stealth Rock
|-ability|p1a: Zacian|Intrepid Sword|boost
|-boost|p1a: Zacian|atk|1
|turn|7
|
|t:|1649517340
|move|p2a: Rayquaza|Extreme Speed|p1a: Zacian
|-resisted|p1a: Zacian
|-damage|p1a: Zacian|78/100
|move|p1a: Zacian|Behemoth Blade|p2a: Rayquaza
|-damage|p2a: Rayquaza|0 fnt
|faint|p2a: Rayquaza
|-weather|none
|
|upkeep
|
|t:|1649517351
|switch|p2a: Arceus|Arceus-Ground|100/100
|turn|8
|
|t:|1649517354
|switch|p1a: Shedinja|Shedinja|100/100
|move|p2a: Arceus|Judgment|p1a: Shedinja
|-immune|p1a: Shedinja|[from] ability: Wonder Guard
|
|upkeep
|turn|9
|
|t:|1649517374
|switch|p2a: Lugia|Lugia|100/100
|move|p1a: Shedinja|Will-O-Wisp|p2a: Lugia
|-status|p2a: Lugia|brn
|
|-damage|p2a: Lugia|94/100 brn|[from] brn
|upkeep
|turn|10
|
|t:|1649517383
|switch|p1a: Zacian|Zacian-Crowned|78/100
|-damage|p1a: Zacian|72/100|[from] Stealth Rock
|-ability|p1a: Zacian|Intrepid Sword|boost
|-boost|p1a: Zacian|atk|1
|move|p2a: Lugia|Roar|p1a: Zacian
|drag|p1a: Shedinja|Shedinja|100/100
|
|-damage|p2a: Lugia|88/100 brn|[from] brn
|upkeep
|turn|11
|
|t:|1649517407
|switch|p1a: Zacian|Zacian-Crowned|72/100
|-damage|p1a: Zacian|66/100|[from] Stealth Rock
|-ability|p1a: Zacian|Intrepid Sword|boost
|-boost|p1a: Zacian|atk|1
|move|p2a: Lugia|Roar|p1a: Zacian
|drag|p1a: Shedinja|Shedinja|100/100
|
|-damage|p2a: Lugia|82/100 brn|[from] brn
|upkeep
|turn|12
|
|t:|1649517417
|switch|p1a: Yveltal|Yveltal|100/100
|-ability|p1a: Yveltal|Dark Aura
|move|p2a: Lugia|Roar|p1a: Yveltal
|drag|p1a: Shedinja|Shedinja|100/100
|
|-damage|p2a: Lugia|75/100 brn|[from] brn
|upkeep
|turn|13
|
|t:|1649517425
|switch|p1a: Zacian|Zacian-Crowned|66/100
|-damage|p1a: Zacian|59/100|[from] Stealth Rock
|-ability|p1a: Zacian|Intrepid Sword|boost
|-boost|p1a: Zacian|atk|1
|move|p2a: Lugia|Roar|p1a: Zacian
|drag|p1a: Kyogre|Kyogre|100/100
|-damage|p1a: Kyogre|88/100|[from] Stealth Rock
|-weather|RainDance|[from] ability: Drizzle|[of] p1a: Kyogre
|
|-weather|RainDance|[upkeep]
|-damage|p2a: Lugia|69/100 brn|[from] brn
|upkeep
|turn|14
|
|t:|1649517437
|move|p1a: Kyogre|Water Spout|p2a: Lugia
|-damage|p2a: Lugia|11/100 brn
|move|p2a: Lugia|Thunder Wave|p1a: Kyogre
|-status|p1a: Kyogre|par
|
|-weather|RainDance|[upkeep]
|-damage|p2a: Lugia|5/100 brn|[from] brn
|upkeep
|turn|15
|j| ttv-error-yt
|
|t:|1649517446
|move|p1a: Kyogre|Surf|p2a: Lugia
|-damage|p2a: Lugia|0 fnt
|faint|p2a: Lugia
|
|-weather|RainDance|[upkeep]
|upkeep
|
|t:|1649517450
|switch|p2a: Arceus|Arceus-Flying|100/100
|turn|16
|
|t:|1649517460
|-start|p2a: Arceus|Dynamax|
|-heal|p2a: Arceus|100/100|[silent]
|-start|p1a: Kyogre|Dynamax|
|-heal|p1a: Kyogre|88/100 par|[silent]
|move|p2a: Arceus|Max Airstream|p1a: Kyogre
|-damage|p1a: Kyogre|44/100 par
|-boost|p2a: Arceus|spe|1
|move|p1a: Kyogre|Max Geyser|p2a: Arceus
|-damage|p2a: Arceus|57/100
|
|-weather|RainDance|[upkeep]
|upkeep
|turn|17
|
|t:|1649517472
|move|p2a: Arceus|Max Airstream|p1a: Kyogre
|-damage|p1a: Kyogre|1/100 par
|-boost|p2a: Arceus|spe|1
|move|p1a: Kyogre|Max Geyser|p2a: Arceus
|-damage|p2a: Arceus|7/100
|
|-weather|none
|upkeep
|turn|18
|
|t:|1649517486
|move|p2a: Arceus|Max Airstream|p1a: Kyogre
|-damage|p1a: Kyogre|0 fnt
|-boost|p2a: Arceus|spe|1
|faint|p1a: Kyogre
|
|-end|p2a: Arceus|Dynamax
|-heal|p2a: Arceus|7/100|[silent]
|upkeep
|
|t:|1649517496
|switch|p1a: Shedinja|Shedinja|100/100
|turn|19
|
|t:|1649517500
|move|p1a: Shedinja|Shadow Sneak|p2a: Arceus
|-damage|p2a: Arceus|0 fnt
|faint|p2a: Arceus
|
|upkeep
|inactive|iHaveAsthma has 120 seconds left.
|
|t:|1649517531
|switch|p2a: Marshadow|Marshadow|100/100
|turn|20
|
|t:|1649517535
|switch|p1a: Yveltal|Yveltal|100/100
|-ability|p1a: Yveltal|Dark Aura
|move|p2a: Marshadow|Spectral Thief|p1a: Yveltal
|-resisted|p1a: Yveltal
|-crit|p1a: Yveltal
|-damage|p1a: Yveltal|65/100
|
|upkeep
|turn|21
|
|t:|1649517544
|switch|p2a: Arceus|Arceus-Ground|100/100
|move|p1a: Yveltal|Oblivion Wing|p2a: Arceus
|-damage|p2a: Arceus|71/100
|-heal|p1a: Yveltal|89/100|[from] drain|[of] p2a: Arceus
|
|upkeep
|turn|22
|
|t:|1649517553
|switch|p1a: Shedinja|Shedinja|100/100
|move|p2a: Arceus|Calm Mind|p2a: Arceus
|-boost|p2a: Arceus|spa|1
|-boost|p2a: Arceus|spd|1
|
|upkeep
|turn|23
|l| pokemasterbrendan
|
|t:|1649517566
|move|p2a: Arceus|Recover|p2a: Arceus
|-heal|p2a: Arceus|100/100
|move|p1a: Shedinja|Will-O-Wisp|p2a: Arceus|[miss]
|-miss|p1a: Shedinja|p2a: Arceus
|
|upkeep
|turn|24
|
|t:|1649517571
|switch|p2a: Marshadow|Marshadow|100/100
|move|p1a: Shedinja|Will-O-Wisp|p2a: Marshadow
|-status|p2a: Marshadow|brn
|
|-damage|p2a: Marshadow|94/100 brn|[from] brn
|upkeep
|turn|25
|
|t:|1649517578
|switch|p1a: Yveltal|Yveltal|89/100
|-ability|p1a: Yveltal|Dark Aura
|move|p2a: Marshadow|Rock Tomb|p1a: Yveltal
|-supereffective|p1a: Yveltal
|-damage|p1a: Yveltal|59/100
|-unboost|p1a: Yveltal|spe|1
|
|-damage|p2a: Marshadow|88/100 brn|[from] brn
|upkeep
|turn|26
|
|t:|1649517589
|switch|p2a: Arceus|Arceus-Ground|100/100
|move|p1a: Yveltal|Oblivion Wing|p2a: Arceus
|-damage|p2a: Arceus|73/100
|-heal|p1a: Yveltal|82/100|[from] drain|[of] p2a: Arceus
|
|upkeep
|turn|27
|
|t:|1649517597
|switch|p1a: Shedinja|Shedinja|100/100
|move|p2a: Arceus|Recover|p2a: Arceus
|-heal|p2a: Arceus|100/100
|
|upkeep
|turn|28
|
|t:|1649517603
|switch|p2a: Marshadow|Marshadow|88/100 brn
|move|p1a: Shedinja|Shadow Sneak|p2a: Marshadow
|-supereffective|p2a: Marshadow
|-damage|p2a: Marshadow|43/100 brn
|
|-damage|p2a: Marshadow|37/100 brn|[from] brn
|upkeep
|turn|29
|
|t:|1649517614
|move|p1a: Shedinja|Endure|p1a: Shedinja
|-singleturn|p1a: Shedinja|move: Endure
|move|p2a: Marshadow|Shadow Sneak|p1a: Shedinja
|-supereffective|p1a: Shedinja
|-activate|p1a: Shedinja|move: Endure
|-damage|p1a: Shedinja|100/100
|
|-damage|p2a: Marshadow|31/100 brn|[from] brn
|upkeep
|turn|30
|
|t:|1649517621
|switch|p1a: Yveltal|Yveltal|82/100
|-ability|p1a: Yveltal|Dark Aura
|move|p2a: Marshadow|Rock Tomb|p1a: Yveltal
|-supereffective|p1a: Yveltal
|-damage|p1a: Yveltal|50/100
|-unboost|p1a: Yveltal|spe|1
|
|-damage|p2a: Marshadow|25/100 brn|[from] brn
|upkeep
|turn|31
|
|t:|1649517631
|move|p2a: Marshadow|Rock Tomb|p1a: Yveltal
|-supereffective|p1a: Yveltal
|-damage|p1a: Yveltal|22/100
|-unboost|p1a: Yveltal|spe|1
|move|p1a: Yveltal|Oblivion Wing|p2a: Marshadow
|-supereffective|p2a: Marshadow
|-crit|p2a: Marshadow
|-damage|p2a: Marshadow|0 fnt
|-heal|p1a: Yveltal|37/100|[from] drain|[of] p2a: Marshadow
|faint|p2a: Marshadow
|
|upkeep
|-message|iHaveAsthma forfeited.
|
|win|Hoenn Militian
|raw|Hoenn Militian's rating: 1772 &rarr; <strong>1792</strong><br />(+20 for winning)
|raw|iHaveAsthma's rating: 1770 &rarr; <strong>1750</strong><br />(-20 for losing)
|l|☆iHaveAsthma
||Ladder isn't responding, score probably updated but might not have (Request timeout).
