|j|☆the-cooler-fin
|j|☆Tocause
|t:|1653470536
|gametype|singles
|player|p1|the-cooler-fin|ghetsis-gen5bw|1542
|player|p2|Tocause|ingo|1568
|teamsize|p1|6
|teamsize|p2|6
|gen|8
|tier|[Gen 8] National Dex AG
|rated|
|rule|HP Percentage Mod: HP is shown in percentages
|rule|Endless Battle Clause: Forcing endless battles is banned
|clearpoke
|poke|p1|Xerneas-*|
|poke|p1|Hawlucha, M|
|poke|p1|Kartana|
|poke|p1|Skarmory, M|
|poke|p1|Polteageist|
|poke|p1|Marshadow|
|poke|p2|Groudon|
|poke|p2|Calyrex-Shadow|
|poke|p2|Xerneas-*|
|poke|p2|Arceus-*|
|poke|p2|Yveltal|
|poke|p2|Zacian-*|
|teampreview
|inactive|Battle timer is ON: inactive players will automatically lose when time's up. (requested by the-cooler-fin)
|inactive|Tocause also wants the timer to be on.
|
|t:|1653470562
|start
|switch|p1a: Hawlucha|Hawlucha, M|100/100
|switch|p2a: Groudon|Groudon, shiny|100/100
|detailschange|p2a: Groudon|Groudon-Primal, shiny
|-primal|p2a: Groudon
|-weather|DesolateLand|[from] ability: Desolate Land|[of] p2a: Groudon
|turn|1
|
|t:|1653470572
|move|p1a: Hawlucha|Swords Dance|p1a: Hawlucha
|-boost|p1a: Hawlucha|atk|2
|move|p2a: Groudon|Toxic|p1a: Hawlucha
|-status|p1a: Hawlucha|tox
|
|-weather|DesolateLand|[upkeep]
|-damage|p1a: Hawlucha|94/100 tox|[from] psn
|upkeep
|turn|2
|
|t:|1653470582
|move|p1a: Hawlucha|Dual Wingbeat|p2a: Groudon
|-damage|p2a: Groudon|79/100
|-damage|p2a: Groudon|57/100
|-hitcount|p2a: Groudon|2
|move|p2a: Groudon|Stealth Rock|p1a: Hawlucha
|-sidestart|p1: the-cooler-fin|move: Stealth Rock
|
|-weather|DesolateLand|[upkeep]
|-damage|p1a: Hawlucha|82/100 tox|[from] psn
|upkeep
|turn|3
|
|t:|1653470592
|move|p1a: Hawlucha|Dual Wingbeat|p2a: Groudon
|-damage|p2a: Groudon|36/100
|-damage|p2a: Groudon|16/100
|-hitcount|p2a: Groudon|2
|move|p2a: Groudon|Fire Punch|p1a: Hawlucha
|-damage|p1a: Hawlucha|0 fnt
|faint|p1a: Hawlucha
|
|-weather|DesolateLand|[upkeep]
|upkeep
|
|t:|1653470613
|switch|p1a: Kartana|Kartana|100/100
|-damage|p1a: Kartana|94/100|[from] Stealth Rock
|turn|4
|
|t:|1653470618
|-weather|none
|switch|p2a: Zacian|Zacian-Crowned, shiny|100/100
|-ability|p2a: Zacian|Intrepid Sword|boost
|-boost|p2a: Zacian|atk|1
|move|p1a: Kartana|Leaf Blade|p2a: Zacian
|-resisted|p2a: Zacian
|-crit|p2a: Zacian
|-damage|p2a: Zacian|64/100
|
|upkeep
|turn|5
|
|t:|1653470637
|move|p2a: Zacian|Behemoth Blade|p1a: Kartana
|-resisted|p1a: Kartana
|-damage|p1a: Kartana|51/100
|move|p1a: Kartana|Tailwind|p1a: Kartana
|-sidestart|p1: the-cooler-fin|move: Tailwind
|
|upkeep
|turn|6
|
|t:|1653470651
|move|p1a: Kartana|Leaf Blade|p2a: Zacian
|-resisted|p2a: Zacian
|-crit|p2a: Zacian
|-damage|p2a: Zacian|22/100
|move|p2a: Zacian|Behemoth Blade|p1a: Kartana
|-resisted|p1a: Kartana
|-damage|p1a: Kartana|5/100
|
|upkeep
|turn|7
|
|t:|1653470665
|switch|p2a: Yveltal|Yveltal, shiny|100/100
|-ability|p2a: Yveltal|Dark Aura
|move|p1a: Kartana|Leaf Blade|p2a: Yveltal
|-resisted|p2a: Yveltal
|-damage|p2a: Yveltal|78/100
|
|upkeep
|turn|8
|
|t:|1653470675
|move|p2a: Yveltal|Sucker Punch||[still]
|-fail|p2a: Yveltal
|move|p1a: Kartana|Swords Dance|p1a: Kartana
|-boost|p1a: Kartana|atk|2
|
|-sideend|p1: the-cooler-fin|move: Tailwind
|upkeep
|turn|9
|
|t:|1653470683
|move|p2a: Yveltal|Sucker Punch||[still]
|-fail|p2a: Yveltal
|move|p1a: Kartana|Tailwind|p1a: Kartana
|-sidestart|p1: the-cooler-fin|move: Tailwind
|
|upkeep
|turn|10
|
|t:|1653470692
|switch|p1a: Skarmory|Skarmory, M|100/100
|-damage|p1a: Skarmory|88/100|[from] Stealth Rock
|move|p2a: Yveltal|Sucker Punch||[still]
|-fail|p2a: Yveltal
|
|upkeep
|turn|11
|
|t:|1653470709
|move|p1a: Skarmory|Defog|p2a: Yveltal
|-unboost|p2a: Yveltal|evasion|1
|-sideend|p1: the-cooler-fin|Stealth Rock|[from] move: Defog|[of] p1a: Skarmory
|move|p2a: Yveltal|Oblivion Wing|p1a: Skarmory
|-resisted|p1a: Skarmory
|-damage|p1a: Skarmory|72/100
|-heal|p2a: Yveltal|88/100|[from] drain|[of] p1a: Skarmory
|
|upkeep
|turn|12
|
|t:|1653470720
|switch|p2a: Groudon|Groudon-Primal, shiny|16/100
|-weather|DesolateLand|[from] ability: Desolate Land|[of] p2a: Groudon
|move|p1a: Skarmory|Stealth Rock|p2a: Groudon
|-sidestart|p2: Tocause|move: Stealth Rock
|
|-weather|DesolateLand|[upkeep]
|-sideend|p1: the-cooler-fin|move: Tailwind
|upkeep
|turn|13
|
|t:|1653470731
|switch|p1a: Kartana|Kartana|5/100
|move|p2a: Groudon|Stealth Rock|p1a: Kartana
|-sidestart|p1: the-cooler-fin|move: Stealth Rock
|
|-weather|DesolateLand|[upkeep]
|upkeep
|turn|14
|
|t:|1653470739
|-weather|none
|switch|p2a: Yveltal|Yveltal, shiny|88/100
|-ability|p2a: Yveltal|Dark Aura
|move|p1a: Kartana|Leaf Blade|p2a: Yveltal
|-resisted|p2a: Yveltal
|-damage|p2a: Yveltal|65/100
|
|upkeep
|turn|15
|
|t:|1653470749
|move|p1a: Kartana|Tailwind|p1a: Kartana
|-sidestart|p1: the-cooler-fin|move: Tailwind
|move|p2a: Yveltal|Oblivion Wing|p1a: Kartana
|-damage|p1a: Kartana|0 fnt
|-heal|p2a: Yveltal|68/100|[from] drain|[of] p1a: Kartana
|faint|p1a: Kartana
|
|upkeep
|
|t:|1653470755
|switch|p1a: Xerneas|Xerneas|100/100
|-damage|p1a: Xerneas|88/100|[from] Stealth Rock
|-ability|p1a: Xerneas|Fairy Aura
|turn|16
|
|t:|1653470765
|move|p1a: Xerneas|Geomancy||[still]
|-prepare|p1a: Xerneas|Geomancy
|-enditem|p1a: Xerneas|Power Herb
|-anim|p1a: Xerneas|Geomancy|p1a: Xerneas
|-boost|p1a: Xerneas|spa|2
|-boost|p1a: Xerneas|spd|2
|-boost|p1a: Xerneas|spe|2
|move|p2a: Yveltal|Toxic|p1a: Xerneas
|-status|p1a: Xerneas|tox
|
|-damage|p1a: Xerneas|82/100 tox|[from] psn
|upkeep
|turn|17
|c|☆the-cooler-fin|gg maybe
|
|t:|1653470779
|switch|p2a: Zacian|Zacian-Crowned, shiny|22/100
|-damage|p2a: Zacian|16/100|[from] Stealth Rock
|-ability|p2a: Zacian|Intrepid Sword|boost
|-boost|p2a: Zacian|atk|1
|move|p1a: Xerneas|Moonblast|p2a: Zacian
|-resisted|p2a: Zacian
|-damage|p2a: Zacian|0 fnt
|faint|p2a: Zacian
|
|-damage|p1a: Xerneas|70/100 tox|[from] psn
|upkeep
|
|t:|1653470792
|switch|p2a: Arceus|Arceus, shiny|100/100
|-damage|p2a: Arceus|88/100|[from] Stealth Rock
|turn|18
|
|t:|1653470799
|-start|p1a: Xerneas|Dynamax|
|-heal|p1a: Xerneas|70/100 tox|[silent]
|-start|p2a: Arceus|Dynamax|
|-heal|p2a: Arceus|88/100|[silent]
|move|p1a: Xerneas|Max Starfall|p2a: Arceus
|-damage|p2a: Arceus|22/100
|-fieldstart|move: Misty Terrain
|move|p2a: Arceus|Max Quake|p1a: Xerneas
|-damage|p1a: Xerneas|58/100 tox
|-boost|p2a: Arceus|spd|1
|-damage|p2a: Arceus|17/100|[from] item: Life Orb
|
|-damage|p1a: Xerneas|49/100 tox|[from] psn
|-sideend|p1: the-cooler-fin|move: Tailwind
|upkeep
|turn|19
|
|t:|1653470817
|move|p1a: Xerneas|Max Starfall|p2a: Arceus
|-damage|p2a: Arceus|0 fnt
|faint|p2a: Arceus
|
|-damage|p1a: Xerneas|36/100 tox|[from] psn
|upkeep
|
|t:|1653470826
|switch|p2a: Groudon|Groudon-Primal, shiny|16/100
|-damage|p2a: Groudon|3/100|[from] Stealth Rock
|-weather|DesolateLand|[from] ability: Desolate Land|[of] p2a: Groudon
|turn|20
|
|t:|1653470834
|move|p1a: Xerneas|Max Starfall|p2a: Groudon
|-resisted|p2a: Groudon
|-damage|p2a: Groudon|0 fnt
|faint|p2a: Groudon
|-weather|none
|
|-damage|p1a: Xerneas|21/100 tox|[from] psn
|upkeep
|
|t:|1653470844
|switch|p2a: Yveltal|Yveltal, shiny|68/100
|-ability|p2a: Yveltal|Dark Aura
|-end|p1a: Xerneas|Dynamax
|-heal|p1a: Xerneas|21/100 tox|[silent]
|turn|21
|
|t:|1653470856
|switch|p1a: Skarmory|Skarmory, M|72/100
|-damage|p1a: Skarmory|60/100|[from] Stealth Rock
|move|p2a: Yveltal|Sucker Punch||[still]
|-fail|p2a: Yveltal
|
|upkeep
|turn|22
|
|t:|1653470864
|switch|p2a: Calyrex|Calyrex-Shadow|100/100
|-ability|p2a: Calyrex|As One
|-ability|p2a: Calyrex|Unnerve
|-damage|p2a: Calyrex|88/100|[from] Stealth Rock
|move|p1a: Skarmory|Defog|p2a: Calyrex
|-unboost|p2a: Calyrex|evasion|1
|-sideend|p2: Tocause|Stealth Rock|[from] move: Defog|[of] p1a: Skarmory
|-sideend|p1: the-cooler-fin|Stealth Rock|[from] move: Defog|[of] p1a: Skarmory
|-fieldend|Misty Terrain
|
|upkeep
|turn|23
|
|t:|1653470879
|move|p2a: Calyrex|Astral Barrage|p1a: Skarmory
|-damage|p1a: Skarmory|0 fnt
|faint|p1a: Skarmory
|-ability|p2a: Calyrex|Grim Neigh|boost
|-boost|p2a: Calyrex|spa|1
|
|upkeep
|
|t:|1653470881
|switch|p1a: Marshadow|Marshadow|100/100
|turn|24
|
|t:|1653470890
|switch|p2a: Yveltal|Yveltal, shiny|68/100
|-ability|p2a: Yveltal|Dark Aura
|move|p1a: Marshadow|Shadow Sneak|p2a: Yveltal
|-resisted|p2a: Yveltal
|-damage|p2a: Yveltal|56/100
|
|upkeep
|turn|25
|
|t:|1653470898
|switch|p1a: Xerneas|Xerneas|21/100 tox
|-ability|p1a: Xerneas|Fairy Aura
|move|p2a: Yveltal|Oblivion Wing|p1a: Xerneas
|-damage|p1a: Xerneas|0 fnt
|-heal|p2a: Yveltal|71/100|[from] drain|[of] p1a: Xerneas
|faint|p1a: Xerneas
|
|upkeep
|
|t:|1653470910
|switch|p1a: Polteageist|Polteageist|100/100
|turn|26
|
|t:|1653470915
|move|p1a: Polteageist|Shell Smash|p1a: Polteageist
|-unboost|p1a: Polteageist|def|1
|-unboost|p1a: Polteageist|spd|1
|-boost|p1a: Polteageist|atk|2
|-boost|p1a: Polteageist|spa|2
|-boost|p1a: Polteageist|spe|2
|move|p2a: Yveltal|Toxic|p1a: Polteageist|[miss]
|-miss|p2a: Yveltal|p1a: Polteageist
|
|upkeep
|turn|27
|
|t:|1653470924
|move|p1a: Polteageist|Baton Pass|p1a: Polteageist
|
|t:|1653470927
|switch|p1a: Marshadow|Marshadow|100/100|[from]move: Baton Pass
|move|p2a: Yveltal|Toxic|p1a: Marshadow
|-status|p1a: Marshadow|tox
|
|-damage|p1a: Marshadow|94/100 tox|[from] psn
|upkeep
|turn|28
|
|t:|1653470937
|move|p2a: Yveltal|Sucker Punch|p1a: Marshadow
|-damage|p1a: Marshadow|29/100 tox
|move|p1a: Marshadow|Close Combat|p2a: Yveltal
|-damage|p2a: Yveltal|0 fnt
|-unboost|p1a: Marshadow|def|1
|-unboost|p1a: Marshadow|spd|1
|faint|p2a: Yveltal
|
|-damage|p1a: Marshadow|17/100 tox|[from] psn
|upkeep
|
|t:|1653470951
|switch|p2a: Calyrex|Calyrex-Shadow|88/100
|-ability|p2a: Calyrex|As One
|-ability|p2a: Calyrex|Unnerve
|turn|29
|
|t:|1653470957
|move|p1a: Marshadow|Shadow Sneak|p2a: Calyrex
|-supereffective|p2a: Calyrex
|-damage|p2a: Calyrex|0 fnt
|faint|p2a: Calyrex
|
|-damage|p1a: Marshadow|0 fnt|[from] psn
|faint|p1a: Marshadow
|upkeep
|
|t:|1653470965
|switch|p2a: Xerneas|Xerneas, shiny|100/100
|switch|p1a: Polteageist|Polteageist|100/100
|-ability|p2a: Xerneas|Fairy Aura
|turn|30
|
|t:|1653470974
|move|p2a: Xerneas|Geomancy||[still]
|-prepare|p2a: Xerneas|Geomancy
|-enditem|p2a: Xerneas|Power Herb
|-anim|p2a: Xerneas|Geomancy|p2a: Xerneas
|-boost|p2a: Xerneas|spa|2
|-boost|p2a: Xerneas|spd|2
|-boost|p2a: Xerneas|spe|2
|move|p1a: Polteageist|Shell Smash|p1a: Polteageist
|-unboost|p1a: Polteageist|def|1
|-unboost|p1a: Polteageist|spd|1
|-boost|p1a: Polteageist|atk|2
|-boost|p1a: Polteageist|spa|2
|-boost|p1a: Polteageist|spe|2
|
|upkeep
|turn|31
|
|t:|1653470985
|move|p2a: Xerneas|Moonblast|p1a: Polteageist
|-enditem|p1a: Polteageist|Focus Sash
|-damage|p1a: Polteageist|1/100
|move|p1a: Polteageist|Shell Smash|p1a: Polteageist
|-unboost|p1a: Polteageist|def|1
|-unboost|p1a: Polteageist|spd|1
|-boost|p1a: Polteageist|atk|2
|-boost|p1a: Polteageist|spa|2
|-boost|p1a: Polteageist|spe|2
|
|upkeep
|turn|32
|
|t:|1653470996
|move|p1a: Polteageist|Stored Power|p2a: Xerneas
|-damage|p2a: Xerneas|0 fnt
|faint|p2a: Xerneas
|
|win|the-cooler-fin
|raw|the-cooler-fin's rating: 1542 &rarr; <strong>1563</strong><br />(+21 for winning)
|raw|Tocause's rating: 1568 &rarr; <strong>1547</strong><br />(-21 for losing)
|c|☆the-cooler-fin|gg
|l|☆Tocause
|c|☆the-cooler-fin|wp
