|j|☆mardydu
|j|☆Defensive0
|t:|1668667579
|gametype|singles
|player|p1|mardydu|boarder|1873
|player|p2|Defensive0|riley|1956
|teamsize|p1|6
|teamsize|p2|6
|gen|8
|tier|[Gen 8] National Dex AG
|rated|
|rule|HP Percentage Mod: HP is shown in percentages
|rule|Endless Battle Clause: Forcing endless battles is banned
|clearpoke
|poke|p1|Arceus-*|
|poke|p1|Calyrex-Shadow|
|poke|p1|Rayquaza|
|poke|p1|Regieleki|
|poke|p1|Smeargle, F|
|poke|p1|Skarmory, F|
|poke|p2|Mewtwo|
|poke|p2|Rayquaza|
|poke|p2|Arceus-*|
|poke|p2|Ditto|
|poke|p2|Greninja, M|
|poke|p2|Necrozma-Dusk-Mane|
|teampreview
|inactive|Battle timer is ON: inactive players will automatically lose when time's up. (requested by Defensive0)
|inactive|mardydu also wants the timer to be on.
|
|t:|1668667587
|start
|switch|p1a: Skarmory|Skarmory, F|100/100
|switch|p2a: Mewtwo|Mewtwo|100/100
|-ability|p2a: Mewtwo|Pressure
|turn|1
|
|t:|1668667593
|move|p2a: Mewtwo|Taunt|p1a: Skarmory
|-start|p1a: Skarmory|move: Taunt
|cant|p1a: Skarmory|move: Taunt|Stealth Rock
|
|upkeep
|turn|2
|
|t:|1668667598
|switch|p1a: JumpingMan|Regieleki|100/100
|move|p2a: Mewtwo|Ice Beam|p1a: JumpingMan
|-damage|p1a: JumpingMan|29/100
|
|upkeep
|turn|3
|
|t:|1668667605
|switch|p2a: Ditto|Ditto, shiny|100/100
|-transform|p2a: Ditto|p1a: JumpingMan|[from] ability: Imposter
|move|p1a: JumpingMan|Volt Switch|p2a: Ditto
|-resisted|p2a: Ditto
|-damage|p2a: Ditto|48/100
|
|t:|1668667612
|switch|p1a: Skarmory|Skarmory, F|100/100|[from]move: Volt Switch
|
|upkeep
|turn|4
|
|t:|1668667616
|move|p2a: Ditto|Volt Switch|p1a: Skarmory
|-supereffective|p1a: Skarmory
|-ability|p1a: Skarmory|Sturdy
|-damage|p1a: Skarmory|1/100
|
|t:|1668667622
|switch|p2a: Necrozma|Necrozma-Dusk-Mane|100/100|[from]move: Volt Switch
|move|p1a: Skarmory|Stealth Rock|p2a: Necrozma
|-sidestart|p2: Defensive0|move: Stealth Rock
|
|upkeep
|turn|5
|
|t:|1668667628
|switch|p1a: JumpingMan|Regieleki|29/100
|move|p2a: Necrozma|Stealth Rock|p1a: JumpingMan
|-sidestart|p1: mardydu|move: Stealth Rock
|
|upkeep
|turn|6
|
|t:|1668667633
|move|p1a: JumpingMan|Rapid Spin|p2a: Necrozma
|-resisted|p2a: Necrozma
|-damage|p2a: Necrozma|97/100
|-boost|p1a: JumpingMan|spe|1
|-damage|p1a: JumpingMan|12/100|[from] item: Rocky Helmet|[of] p2a: Necrozma
|-sideend|p1: mardydu|Stealth Rock|[from] move: Rapid Spin|[of] p1a: JumpingMan
|move|p2a: Necrozma|Iron Head|p1a: JumpingMan
|-resisted|p1a: JumpingMan
|-damage|p1a: JumpingMan|0 fnt
|faint|p1a: JumpingMan
|
|upkeep
|
|t:|1668667643
|switch|p1a: Smeargle|Smeargle, F|100/100
|turn|7
|
|t:|1668667652
|move|p1a: Smeargle|Spore|p2a: Necrozma
|-status|p2a: Necrozma|slp|[from] move: Spore
|cant|p2a: Necrozma|slp
|
|-ability|p1a: Smeargle|Moody|boost
|-boost|p1a: Smeargle|spd|2
|-unboost|p1a: Smeargle|def|1
|upkeep
|turn|8
|
|t:|1668667657
|move|p1a: Smeargle|Shell Smash|p1a: Smeargle
|-unboost|p1a: Smeargle|def|1
|-unboost|p1a: Smeargle|spd|1
|-boost|p1a: Smeargle|atk|2
|-boost|p1a: Smeargle|spa|2
|-boost|p1a: Smeargle|spe|2
|cant|p2a: Necrozma|slp
|
|-ability|p1a: Smeargle|Moody|boost
|-boost|p1a: Smeargle|atk|2
|-unboost|p1a: Smeargle|spe|1
|upkeep
|turn|9
|
|t:|1668667664
|move|p1a: Smeargle|Baton Pass|p1a: Smeargle
|
|t:|1668667666
|switch|p1a: Rayquaza|Rayquaza|100/100|[from]move: Baton Pass
|-ability|p1a: Rayquaza|Air Lock
|-curestatus|p2a: Necrozma|slp|[msg]
|move|p2a: Necrozma|Thunder Wave|p1a: Rayquaza
|-status|p1a: Rayquaza|par
|
|upkeep
|turn|10
|
|t:|1668667671
|detailschange|p1a: Rayquaza|Rayquaza-Mega
|-mega|p1a: Rayquaza|Rayquaza|
|-weather|DeltaStream|[from] ability: Delta Stream|[of] p1a: Rayquaza
|move|p1a: Rayquaza|Earthquake|p2a: Necrozma
|-supereffective|p2a: Necrozma
|-damage|p2a: Necrozma|0 fnt
|faint|p2a: Necrozma
|-damage|p1a: Rayquaza|91/100 par|[from] item: Life Orb
|
|-weather|DeltaStream|[upkeep]
|upkeep
|
|t:|1668667683
|switch|p2a: Arceus|Arceus|100/100
|-damage|p2a: Arceus|88/100|[from] Stealth Rock
|turn|11
|
|t:|1668667687
|move|p2a: Arceus|Extreme Speed|p1a: Rayquaza
|-damage|p1a: Rayquaza|10/100 par
|cant|p1a: Rayquaza|par
|
|-weather|DeltaStream|[upkeep]
|upkeep
|turn|12
|
|t:|1668667693
|move|p2a: Arceus|Extreme Speed|p1a: Rayquaza
|-damage|p1a: Rayquaza|0 fnt
|faint|p1a: Rayquaza
|-weather|none
|
|upkeep
|
|t:|1668667699
|switch|p1a: Smeargle|Smeargle, F|100/100
|turn|13
|
|t:|1668667703
|move|p2a: Arceus|Extreme Speed|p1a: Smeargle
|-enditem|p1a: Smeargle|Focus Sash
|-damage|p1a: Smeargle|1/100
|move|p1a: Smeargle|Spore|p2a: Arceus
|-status|p2a: Arceus|slp|[from] move: Spore
|-enditem|p2a: Arceus|Lum Berry|[eat]
|-curestatus|p2a: Arceus|slp|[msg]
|
|-ability|p1a: Smeargle|Moody|boost
|-boost|p1a: Smeargle|def|2
|-unboost|p1a: Smeargle|spa|1
|upkeep
|turn|14
|
|t:|1668667705
|move|p2a: Arceus|Extreme Speed|p1a: Smeargle
|-damage|p1a: Smeargle|0 fnt
|faint|p1a: Smeargle
|
|upkeep
|
|t:|1668667709
|switch|p1a: Skarmory|Skarmory, F|1/100
|turn|15
|
|t:|1668667714
|switch|p2a: Ditto|Ditto, shiny|48/100
|-damage|p2a: Ditto|36/100|[from] Stealth Rock
|-transform|p2a: Ditto|p1a: Skarmory|[from] ability: Imposter
|move|p1a: Skarmory|Body Press|p2a: Ditto
|-damage|p2a: Ditto|15/100
|
|upkeep
|turn|16
|
|t:|1668667722
|switch|p1a: Horse in cali|Calyrex-Shadow|100/100
|-ability|p1a: Horse in cali|As One
|-ability|p1a: Horse in cali|Unnerve
|move|p2a: Ditto|Stealth Rock|p1a: Horse in cali
|-sidestart|p1: mardydu|move: Stealth Rock
|
|upkeep
|turn|17
|
|t:|1668667726
|switch|p2a: Kakashi Hatake|Greninja, M, shiny|100/100
|-damage|p2a: Kakashi Hatake|88/100|[from] Stealth Rock
|move|p1a: Horse in cali|Nasty Plot|p1a: Horse in cali
|-boost|p1a: Horse in cali|spa|2
|
|upkeep
|turn|18
|
|t:|1668667735
|-start|p1a: Horse in cali|Dynamax|
|-heal|p1a: Horse in cali|100/100|[silent]
|move|p1a: Horse in cali|Max Starfall|p2a: Kakashi Hatake
|-supereffective|p2a: Kakashi Hatake
|-damage|p2a: Kakashi Hatake|0 fnt
|-fieldstart|move: Misty Terrain
|faint|p2a: Kakashi Hatake
|-ability|p1a: Horse in cali|Grim Neigh|boost
|-boost|p1a: Horse in cali|spa|1
|
|upkeep
|
|t:|1668667744
|switch|p2a: Arceus|Arceus|88/100
|-damage|p2a: Arceus|76/100|[from] Stealth Rock
|turn|19
|
|t:|1668667746
|-start|p2a: Arceus|Dynamax|
|-heal|p2a: Arceus|76/100|[silent]
|move|p1a: Horse in cali|Max Mindstorm|p2a: Arceus
|-damage|p2a: Arceus|13/100
|-fieldstart|move: Psychic Terrain
|move|p2a: Arceus|Max Phantasm|p1a: Horse in cali
|-supereffective|p1a: Horse in cali
|-damage|p1a: Horse in cali|4/100
|-unboost|p1a: Horse in cali|def|1
|
|upkeep
|turn|20
|
|t:|1668667756
|move|p1a: Horse in cali|Max Mindstorm|p2a: Arceus
|-damage|p2a: Arceus|0 fnt
|faint|p2a: Arceus
|-ability|p1a: Horse in cali|Grim Neigh|boost
|-boost|p1a: Horse in cali|spa|1
|
|upkeep
|
|t:|1668667762
|switch|p2a: Ditto|Ditto, shiny|15/100
|-damage|p2a: Ditto|3/100|[from] Stealth Rock
|-transform|p2a: Ditto|p1a: Horse in cali|[from] ability: Imposter
|-end|p1a: Horse in cali|Dynamax
|-heal|p1a: Horse in cali|4/100|[silent]
|turn|21
|
|t:|1668667766
|move|p2a: Ditto|Psychic|p1a: Horse in cali
|-resisted|p1a: Horse in cali
|-damage|p1a: Horse in cali|0 fnt
|faint|p1a: Horse in cali
|-ability|p2a: Ditto|Grim Neigh|boost
|-boost|p2a: Ditto|spa|1
|
|upkeep
|
|t:|1668667771
|switch|p1a: Arceus|Arceus|100/100
|-damage|p1a: Arceus|88/100|[from] Stealth Rock
|turn|22
|
|t:|1668667776
|switch|p1a: Skarmory|Skarmory, F|1/100
|-damage|p1a: Skarmory|0 fnt|[from] Stealth Rock
|faint|p1a: Skarmory
|move|p2a: Ditto|Psychic|p1: Skarmory|[notarget]
|-fail|p2a: Ditto
|
|upkeep
|
|t:|1668667782
|switch|p1a: Arceus|Arceus|88/100
|-damage|p1a: Arceus|76/100|[from] Stealth Rock
|turn|23
|
|t:|1668667784
|move|p2a: Ditto|Psychic|p1a: Arceus
|-damage|p1a: Arceus|0 fnt
|faint|p1a: Arceus
|
|win|Defensive0
|raw|mardydu's rating: 1873 &rarr; <strong>1858</strong><br />(-15 for losing)
|raw|Defensive0's rating: 1956 &rarr; <strong>1971</strong><br />(+15 for winning)
|l|☆Defensive0
|l|☆mardydu
