|j|☆Truthankamon
|j|☆Icemaster
|inactive|Battle timer is ON: inactive players will automatically lose when time's up.
|t:|1653050780
|gametype|singles
|player|p1|Truthankamon|169|
|player|p2|Icemaster|#scl1terrors|
|teamsize|p1|6
|teamsize|p2|6
|gen|8
|tier|[Gen 8] National Dex AG
|rated|Tournament battle
|rule|HP Percentage Mod: HP is shown in percentages
|rule|Endless Battle Clause: Forcing endless battles is banned
|clearpoke
|poke|p1|Ho-Oh|
|poke|p1|Necrozma-Dusk-Mane|
|poke|p1|Ditto|
|poke|p1|Zacian-*|
|poke|p1|Rayquaza|
|poke|p1|Tyranitar, M|
|poke|p2|Zygarde|
|poke|p2|Ho-Oh|
|poke|p2|Arceus-*|
|poke|p2|Arceus-*|
|poke|p2|Necrozma-Dusk-Mane|
|poke|p2|Ditto|
|teampreview
|c|☆Icemaster|HF
|j| CountlessTurns
|j| RNG Wizard
|j| suganth K M
|inactive|Truthankamon has 120 seconds left.
|c|☆Truthankamon|Hf
|inactive|Truthankamon has 90 seconds left.
|l| suganth K M
|
|t:|1653050843
|start
|switch|p1a: Necrozma|Necrozma-Dusk-Mane|100/100
|switch|p2a: Arceus|Arceus|100/100
|turn|1
|
|t:|1653050847
|move|p2a: Arceus|Will-O-Wisp|p1a: Necrozma
|-status|p1a: Necrozma|brn
|move|p1a: Necrozma|Stealth Rock|p2a: Arceus
|-sidestart|p2: Icemaster|move: Stealth Rock
|
|-damage|p1a: Necrozma|94/100 brn|[from] brn
|upkeep
|turn|2
|inactive|Truthankamon has 120 seconds left.
|j| ashfqwer 6
|
|t:|1653050885
|switch|p2a: Ho-Oh|Ho-Oh|100/100
|switch|p1a: Ho-Oh|Ho-Oh|100/100
|
|upkeep
|turn|3
|
|t:|1653050913
|move|p2a: Ho-Oh|Toxic|p1a: Ho-Oh
|-status|p1a: Ho-Oh|tox
|move|p1a: Ho-Oh|Toxic|p2a: Ho-Oh
|-status|p2a: Ho-Oh|tox
|
|-damage|p2a: Ho-Oh|94/100 tox|[from] psn
|-damage|p1a: Ho-Oh|94/100 tox|[from] psn
|upkeep
|turn|4
|inactive|Truthankamon has 120 seconds left.
|
|t:|1653050931
|switch|p1a: Zacian|Zacian-Crowned|100/100
|-ability|p1a: Zacian|Intrepid Sword|boost
|-boost|p1a: Zacian|atk|1
|move|p2a: Ho-Oh|Defog|p1a: Zacian
|-unboost|p1a: Zacian|evasion|1
|-sideend|p2: Icemaster|Stealth Rock|[from] move: Defog|[of] p2a: Ho-Oh
|
|-damage|p2a: Ho-Oh|82/100 tox|[from] psn
|upkeep
|turn|5
|
|t:|1653050952
|switch|p2a: Necrozma|Necrozma-Dusk-Mane|100/100
|move|p1a: Zacian|Substitute|p1a: Zacian
|-start|p1a: Zacian|Substitute
|-damage|p1a: Zacian|76/100
|
|upkeep
|turn|6
|n| Sussycuanefr|countlessturns
|inactive|Truthankamon has 120 seconds left.
|n| ToastCrazy|sussycuanefr
|
|t:|1653050994
|move|p1a: Zacian|Close Combat|p2a: Necrozma
|-damage|p2a: Necrozma|57/100
|-unboost|p1a: Zacian|def|1
|-unboost|p1a: Zacian|spd|1
|move|p2a: Necrozma|Sunsteel Strike|p1a: Zacian
|-end|p1a: Zacian|Substitute
|
|-heal|p2a: Necrozma|63/100|[from] item: Leftovers
|upkeep
|turn|7
|l| ToastCrazy
|inactive|Truthankamon has 90 seconds left.
|
|t:|1653051037
|switch|p1a: Rayquaza|Rayquaza|100/100
|-ability|p1a: Rayquaza|Air Lock
|move|p2a: Necrozma|Moonlight|p2a: Necrozma
|-heal|p2a: Necrozma|100/100
|
|upkeep
|turn|8
|
|t:|1653051045
|switch|p2a: Zygarde|Zygarde|100/100
|detailschange|p1a: Rayquaza|Rayquaza-Mega
|-mega|p1a: Rayquaza|Rayquaza|
|-weather|DeltaStream|[from] ability: Delta Stream|[of] p1a: Rayquaza
|move|p1a: Rayquaza|Draco Meteor|p2a: Zygarde
|-supereffective|p2a: Zygarde
|-damage|p2a: Zygarde|0 fnt
|-unboost|p1a: Rayquaza|spa|2
|faint|p2a: Zygarde
|-damage|p1a: Rayquaza|91/100|[from] item: Life Orb
|
|-weather|DeltaStream|[upkeep]
|upkeep
|c|☆Icemaster|NAUR
|j| suganth K M
|
|t:|1653051052
|switch|p2a: Arceus|Arceus|100/100
|turn|9
|inactive|Truthankamon has 90 seconds left.
|
|t:|1653051086
|-weather|none
|switch|p1a: Ho-Oh|Ho-Oh|100/100 tox
|move|p2a: Arceus|Will-O-Wisp||[still]
|-fail|p2a: Arceus
|
|-damage|p1a: Ho-Oh|94/100 tox|[from] psn
|upkeep
|turn|10
|inactive|Icemaster has 120 seconds left.
|
|t:|1653051138
|switch|p2a: Arceus|Arceus-Dark|100/100
|move|p1a: Ho-Oh|Whirlwind|p2a: Arceus
|drag|p2a: Necrozma|Necrozma-Dusk-Mane|100/100
|
|-damage|p1a: Ho-Oh|82/100 tox|[from] psn
|upkeep
|turn|11
|
|t:|1653051143
|switch|p2a: Ho-Oh|Ho-Oh|100/100 tox
|move|p1a: Ho-Oh|Sacred Fire|p2a: Ho-Oh
|-resisted|p2a: Ho-Oh
|-damage|p2a: Ho-Oh|86/100 tox
|
|-damage|p2a: Ho-Oh|80/100 tox|[from] psn
|-damage|p1a: Ho-Oh|64/100 tox|[from] psn
|upkeep
|turn|12
|inactive|Truthankamon has 90 seconds left.
|l| suganth K M
|l| ashfqwer 6
|inactive|Icemaster has 90 seconds left.
|j| ashfqwer 6
|inactive|Icemaster has 60 seconds left.
|
|t:|1653051208
|switch|p1a: Rayquaza|Rayquaza-Mega|91/100
|-weather|DeltaStream|[from] ability: Delta Stream|[of] p1a: Rayquaza
|move|p2a: Ho-Oh|Sacred Fire|p1a: Rayquaza
|-resisted|p1a: Rayquaza
|-damage|p1a: Rayquaza|66/100
|
|-weather|DeltaStream|[upkeep]
|-damage|p2a: Ho-Oh|68/100 tox|[from] psn
|upkeep
|turn|13
|inactive|Icemaster has 60 seconds left.
|inactive|Truthankamon has 90 seconds left.
|
|t:|1653051225
|switch|p2a: Arceus|Arceus|100/100
|move|p1a: Rayquaza|Draco Meteor|p2a: Arceus
|-damage|p2a: Arceus|38/100
|-unboost|p1a: Rayquaza|spa|2
|-damage|p1a: Rayquaza|56/100|[from] item: Life Orb
|
|-weather|DeltaStream|[upkeep]
|-heal|p2a: Arceus|44/100|[from] item: Leftovers
|upkeep
|turn|14
|
|t:|1653051231
|move|p2a: Arceus|Recover|p2a: Arceus
|-heal|p2a: Arceus|94/100
|move|p1a: Rayquaza|Dragon Ascent|p2a: Arceus
|-damage|p2a: Arceus|31/100
|-unboost|p1a: Rayquaza|def|1
|-unboost|p1a: Rayquaza|spd|1
|-damage|p1a: Rayquaza|46/100|[from] item: Life Orb
|
|-weather|DeltaStream|[upkeep]
|-heal|p2a: Arceus|37/100|[from] item: Leftovers
|upkeep
|turn|15
|c|☆Icemaster|IM WISPING
|
|t:|1653051241
|move|p2a: Arceus|Recover|p2a: Arceus
|-heal|p2a: Arceus|87/100
|move|p1a: Rayquaza|Dragon Ascent|p2a: Arceus
|-damage|p2a: Arceus|19/100
|-unboost|p1a: Rayquaza|def|1
|-unboost|p1a: Rayquaza|spd|1
|-damage|p1a: Rayquaza|36/100|[from] item: Life Orb
|
|-weather|DeltaStream|[upkeep]
|-heal|p2a: Arceus|25/100|[from] item: Leftovers
|upkeep
|turn|16
|c|☆Icemaster|NO
|c|☆Icemaster|u got me
|
|t:|1653051251
|switch|p2a: Necrozma|Necrozma-Dusk-Mane|100/100
|move|p1a: Rayquaza|Extreme Speed|p2a: Necrozma
|-resisted|p2a: Necrozma
|-damage|p2a: Necrozma|89/100
|-damage|p1a: Rayquaza|26/100|[from] item: Life Orb
|
|-weather|DeltaStream|[upkeep]
|-heal|p2a: Necrozma|95/100|[from] item: Leftovers
|upkeep
|turn|17
|j| 09-10a
|inactive|Truthankamon has 90 seconds left.
|
|t:|1653051281
|switch|p2a: Ho-Oh|Ho-Oh|100/100 tox
|move|p1a: Rayquaza|V-create|p2a: Ho-Oh
|-resisted|p2a: Ho-Oh
|-damage|p2a: Ho-Oh|65/100 tox
|-unboost|p1a: Rayquaza|spe|1
|-unboost|p1a: Rayquaza|def|1
|-unboost|p1a: Rayquaza|spd|1
|-damage|p1a: Rayquaza|16/100|[from] item: Life Orb
|
|-weather|DeltaStream|[upkeep]
|-damage|p2a: Ho-Oh|59/100 tox|[from] psn
|upkeep
|turn|18
|inactive|Icemaster has 90 seconds left.
|inactive|Icemaster has 60 seconds left.
|
|t:|1653051323
|switch|p2a: Necrozma|Necrozma-Dusk-Mane|95/100
|move|p1a: Rayquaza|V-create|p2a: Necrozma
|-supereffective|p2a: Necrozma
|-damage|p2a: Necrozma|12/100
|-unboost|p1a: Rayquaza|spe|1
|-unboost|p1a: Rayquaza|def|1
|-unboost|p1a: Rayquaza|spd|1
|-damage|p1a: Rayquaza|6/100|[from] item: Life Orb
|
|-weather|DeltaStream|[upkeep]
|-heal|p2a: Necrozma|18/100|[from] item: Leftovers
|upkeep
|turn|19
|
|t:|1653051338
|move|p2a: Necrozma|Sunsteel Strike|p1a: Rayquaza
|-damage|p1a: Rayquaza|0 fnt
|faint|p1a: Rayquaza
|-weather|none
|
|-heal|p2a: Necrozma|24/100|[from] item: Leftovers
|upkeep
|
|t:|1653051347
|switch|p1a: Ho-Oh|Ho-Oh|98/100 tox
|turn|20
|
|t:|1653051355
|switch|p1a: Tyranitar|Tyranitar, M|100/100
|-weather|Sandstorm|[from] ability: Sand Stream|[of] p1a: Tyranitar
|switch|p2a: Ho-Oh|Ho-Oh|92/100 tox
|
|-weather|Sandstorm|[upkeep]
|-damage|p2a: Ho-Oh|86/100 tox|[from] Sandstorm
|-damage|p2a: Ho-Oh|80/100 tox|[from] psn
|upkeep
|turn|21
|inactive|Icemaster has 90 seconds left.
|
|t:|1653051362
|switch|p2a: Arceus|Arceus|25/100
|move|p1a: Tyranitar|Rock Blast|p2a: Arceus
|-damage|p2a: Arceus|17/100
|-damage|p2a: Arceus|10/100
|-hitcount|p2a: Arceus|2
|
|-weather|Sandstorm|[upkeep]
|-damage|p2a: Arceus|4/100|[from] Sandstorm
|-heal|p2a: Arceus|10/100|[from] item: Leftovers
|upkeep
|turn|22
|l| ashfqwer 6
|
|t:|1653051374
|move|p2a: Arceus|Recover|p2a: Arceus
|-heal|p2a: Arceus|60/100
|move|p1a: Tyranitar|Thunder Wave|p2a: Arceus
|-status|p2a: Arceus|par
|
|-weather|Sandstorm|[upkeep]
|-damage|p2a: Arceus|54/100 par|[from] Sandstorm
|-heal|p2a: Arceus|60/100 par|[from] item: Leftovers
|upkeep
|turn|23
|
|t:|1653051384
|switch|p2a: Necrozma|Necrozma-Dusk-Mane|24/100
|switch|p1a: Ho-Oh|Ho-Oh|100/100 tox
|
|-weather|Sandstorm|[upkeep]
|-damage|p1a: Ho-Oh|94/100 tox|[from] Sandstorm
|-heal|p2a: Necrozma|30/100|[from] item: Leftovers
|-damage|p1a: Ho-Oh|88/100 tox|[from] psn
|upkeep
|turn|24
|
|t:|1653051386
|switch|p2a: Ho-Oh|Ho-Oh|100/100 tox
|move|p1a: Ho-Oh|Sacred Fire|p2a: Ho-Oh
|-resisted|p2a: Ho-Oh
|-damage|p2a: Ho-Oh|87/100 tox
|
|-weather|none
|-damage|p2a: Ho-Oh|81/100 tox|[from] psn
|-damage|p1a: Ho-Oh|76/100 tox|[from] psn
|upkeep
|turn|25
|inactive|Icemaster has 120 seconds left.
|j| Josefjan
|
|t:|1653051396
|switch|p1a: Tyranitar|Tyranitar, M|100/100
|-weather|Sandstorm|[from] ability: Sand Stream|[of] p1a: Tyranitar
|move|p2a: Ho-Oh|Sacred Fire|p1a: Tyranitar
|-resisted|p1a: Tyranitar
|-damage|p1a: Tyranitar|85/100
|-status|p1a: Tyranitar|brn
|
|-weather|Sandstorm|[upkeep]
|-damage|p2a: Ho-Oh|75/100 tox|[from] Sandstorm
|-heal|p1a: Tyranitar|91/100 brn|[from] item: Leftovers
|-damage|p2a: Ho-Oh|62/100 tox|[from] psn
|-damage|p1a: Tyranitar|85/100 brn|[from] brn
|upkeep
|turn|26
|
|t:|1653051404
|switch|p2a: Necrozma|Necrozma-Dusk-Mane|30/100
|move|p1a: Tyranitar|Rock Blast|p2a: Necrozma|[miss]
|-miss|p1a: Tyranitar|p2a: Necrozma
|
|-weather|Sandstorm|[upkeep]
|-heal|p2a: Necrozma|36/100|[from] item: Leftovers
|-heal|p1a: Tyranitar|91/100 brn|[from] item: Leftovers
|-damage|p1a: Tyranitar|85/100 brn|[from] brn
|upkeep
|turn|27
|
|t:|1653051420
|move|p2a: Necrozma|Moonlight|p2a: Necrozma
|-heal|p2a: Necrozma|61/100
|move|p1a: Tyranitar|Foul Play|p2a: Necrozma
|-supereffective|p2a: Necrozma
|-damage|p2a: Necrozma|43/100
|
|-weather|Sandstorm|[upkeep]
|-heal|p2a: Necrozma|49/100|[from] item: Leftovers
|-heal|p1a: Tyranitar|91/100 brn|[from] item: Leftovers
|-damage|p1a: Tyranitar|85/100 brn|[from] brn
|upkeep
|turn|28
|
|t:|1653051427
|switch|p1a: Zacian|Zacian-Crowned|76/100
|-ability|p1a: Zacian|Intrepid Sword|boost
|-boost|p1a: Zacian|atk|1
|move|p2a: Necrozma|Moonlight|p2a: Necrozma
|-heal|p2a: Necrozma|74/100
|
|-weather|Sandstorm|[upkeep]
|-heal|p2a: Necrozma|80/100|[from] item: Leftovers
|upkeep
|turn|29
|
|t:|1653051434
|move|p1a: Zacian|Substitute|p1a: Zacian
|-start|p1a: Zacian|Substitute
|-damage|p1a: Zacian|51/100
|move|p2a: Necrozma|Moonlight|p2a: Necrozma
|-heal|p2a: Necrozma|100/100
|
|-weather|none
|upkeep
|turn|30
|
|t:|1653051436
|move|p1a: Zacian|Close Combat|p2a: Necrozma
|-damage|p2a: Necrozma|54/100
|-unboost|p1a: Zacian|def|1
|-unboost|p1a: Zacian|spd|1
|move|p2a: Necrozma|Sunsteel Strike|p1a: Zacian
|-end|p1a: Zacian|Substitute
|
|-heal|p2a: Necrozma|60/100|[from] item: Leftovers
|upkeep
|turn|31
|
|t:|1653051440
|move|p1a: Zacian|Close Combat|p2a: Necrozma
|-damage|p2a: Necrozma|16/100
|-unboost|p1a: Zacian|def|1
|-unboost|p1a: Zacian|spd|1
|move|p2a: Necrozma|Moonlight|p2a: Necrozma
|-heal|p2a: Necrozma|66/100
|
|-heal|p2a: Necrozma|72/100|[from] item: Leftovers
|upkeep
|turn|32
|c|☆Truthankamon|Critt after the unluck?
|
|t:|1653051456
|move|p1a: Zacian|Close Combat|p2a: Necrozma
|-damage|p2a: Necrozma|31/100
|-unboost|p1a: Zacian|def|1
|-unboost|p1a: Zacian|spd|1
|move|p2a: Necrozma|Moonlight|p2a: Necrozma
|-heal|p2a: Necrozma|81/100
|
|-heal|p2a: Necrozma|87/100|[from] item: Leftovers
|upkeep
|turn|33
|c|☆Icemaster|No crits
|c|☆Truthankamon|Only miss
|c| Josefjan|goofy aaaah
|
|t:|1653051469
|switch|p1a: Ho-Oh|Ho-Oh|100/100 tox
|move|p2a: Necrozma|Sunsteel Strike|p1a: Ho-Oh
|-resisted|p1a: Ho-Oh
|-damage|p1a: Ho-Oh|85/100 tox
|
|-heal|p2a: Necrozma|93/100|[from] item: Leftovers
|-damage|p1a: Ho-Oh|79/100 tox|[from] psn
|upkeep
|turn|34
|c|☆Icemaster|what did u miss
|
|t:|1653051486
|switch|p1a: Tyranitar|Tyranitar, M|85/100 brn
|-weather|Sandstorm|[from] ability: Sand Stream|[of] p1a: Tyranitar
|switch|p2a: Ho-Oh|Ho-Oh|95/100 tox
|
|-weather|Sandstorm|[upkeep]
|-damage|p2a: Ho-Oh|89/100 tox|[from] Sandstorm
|-heal|p1a: Tyranitar|91/100 brn|[from] item: Leftovers
|-damage|p2a: Ho-Oh|83/100 tox|[from] psn
|-damage|p1a: Tyranitar|85/100 brn|[from] brn
|upkeep
|turn|35
|c|☆Truthankamon|Second rock blast
|inactive|Truthankamon has 120 seconds left.
|
|t:|1653051521
|switch|p2a: Necrozma|Necrozma-Dusk-Mane|93/100
|switch|p1a: Necrozma|Necrozma-Dusk-Mane|94/100 brn
|
|-weather|Sandstorm|[upkeep]
|-heal|p2a: Necrozma|99/100|[from] item: Leftovers
|-damage|p1a: Necrozma|88/100 brn|[from] brn
|upkeep
|turn|36
|c|☆Icemaster|Sad.
|l| 09-10a
|c|☆Icemaster|I think it wouldve killed NDM
|
|t:|1653051546
|move|p2a: Necrozma|Stealth Rock|p1a: Necrozma
|-sidestart|p1: Truthankamon|move: Stealth Rock
|move|p1a: Necrozma|Knock Off|p2a: Necrozma
|-supereffective|p2a: Necrozma
|-damage|p2a: Necrozma|86/100
|-enditem|p2a: Necrozma|Leftovers|[from] move: Knock Off|[of] p1a: Necrozma
|
|-weather|Sandstorm|[upkeep]
|-damage|p1a: Necrozma|82/100 brn|[from] brn
|upkeep
|turn|37
|inactive|Truthankamon has 120 seconds left.
|c| Josefjan|ngle
|c|☆Truthankamon|Not probably
|c|☆Truthankamon|But it would have helped a lot
|
|t:|1653051585
|switch|p2a: Arceus|Arceus-Dark|100/100
|move|p1a: Necrozma|Knock Off|p2a: Arceus
|-resisted|p2a: Arceus
|-damage|p2a: Arceus|97/100
|
|-weather|Sandstorm|[upkeep]
|-damage|p2a: Arceus|91/100|[from] Sandstorm
|-damage|p1a: Necrozma|76/100 brn|[from] brn
|upkeep
|turn|38
|inactive|Icemaster has 120 seconds left.
|
|t:|1653051612
|move|p2a: Arceus|Judgment|p1a: Necrozma
|-supereffective|p1a: Necrozma
|-damage|p1a: Necrozma|18/100 brn
|move|p1a: Necrozma|Stealth Rock|p2a: Arceus
|-sidestart|p2: Icemaster|move: Stealth Rock
|
|-weather|none
|-damage|p1a: Necrozma|12/100 brn|[from] brn
|upkeep
|turn|39
|c|☆Icemaster|Yeah
|inactive|Icemaster has 120 seconds left.
|c|☆Icemaster|I think it woulda turned the whole situation round
|c|☆Icemaster|Soz man
|inactive|Truthankamon has 90 seconds left.
|c|☆Truthankamon|Np
|
|t:|1653051645
|move|p2a: Arceus|Judgment|p1a: Necrozma
|-supereffective|p1a: Necrozma
|-damage|p1a: Necrozma|0 fnt
|faint|p1a: Necrozma
|
|upkeep
|c|☆Truthankamon|Still happy to lose from someone who's actually skilled
|
|t:|1653051665
|switch|p1a: Zacian|Zacian-Crowned|51/100
|-damage|p1a: Zacian|45/100|[from] Stealth Rock
|-ability|p1a: Zacian|Intrepid Sword|boost
|-boost|p1a: Zacian|atk|1
|turn|40
|j| nikki_07070
|
|t:|1653051673
|switch|p2a: Arceus|Arceus|60/100 par
|-damage|p2a: Arceus|48/100 par|[from] Stealth Rock
|move|p1a: Zacian|Close Combat|p2a: Arceus
|-supereffective|p2a: Arceus
|-damage|p2a: Arceus|0 fnt
|-unboost|p1a: Zacian|def|1
|-unboost|p1a: Zacian|spd|1
|faint|p2a: Arceus
|
|upkeep
|
|t:|1653051676
|switch|p2a: Ditto|Ditto|100/100
|-damage|p2a: Ditto|88/100|[from] Stealth Rock
|-transform|p2a: Ditto|p1a: Zacian|[from] ability: Imposter
|-ability|p2a: Ditto|Intrepid Sword|boost
|-boost|p2a: Ditto|atk|1
|turn|41
|c|☆Truthankamon|No whirl perish?
|
|t:|1653051686
|switch|p1a: Tyranitar|Tyranitar, M|85/100 brn
|-damage|p1a: Tyranitar|73/100 brn|[from] Stealth Rock
|-weather|Sandstorm|[from] ability: Sand Stream|[of] p1a: Tyranitar
|move|p2a: Ditto|Wild Charge|p1a: Tyranitar
|-crit|p1a: Tyranitar
|-damage|p1a: Tyranitar|0 fnt
|faint|p1a: Tyranitar
|-damage|p2a: Ditto|64/100|[from] Recoil
|
|-weather|Sandstorm|[upkeep]
|upkeep
|j| Gaggle54
|
|t:|1653051688
|switch|p1a: Ho-Oh|Ho-Oh|100/100 tox
|turn|42
|
|t:|1653051690
|move|p2a: Ditto|Wild Charge|p1a: Ho-Oh
|-supereffective|p1a: Ho-Oh
|-damage|p1a: Ho-Oh|0 fnt
|faint|p1a: Ho-Oh
|-damage|p2a: Ditto|29/100|[from] Recoil
|
|-weather|Sandstorm|[upkeep]
|upkeep
|c|☆Truthankamon|Miss click lol
|
|t:|1653051698
|switch|p1a: Zacian|Zacian-Crowned|45/100
|-damage|p1a: Zacian|39/100|[from] Stealth Rock
|-ability|p1a: Zacian|Intrepid Sword|boost
|-boost|p1a: Zacian|atk|1
|turn|43
|
|t:|1653051700
|move|p2a: Ditto|Wild Charge|p1a: Zacian
|-damage|p1a: Zacian|0 fnt
|faint|p1a: Zacian
|-damage|p2a: Ditto|19/100|[from] Recoil
|
|-weather|Sandstorm|[upkeep]
|upkeep
|c|☆Icemaster|gg
|
|t:|1653051703
|switch|p1a: Ditto|Ditto|100/100
|-damage|p1a: Ditto|88/100|[from] Stealth Rock
|turn|44
|
|t:|1653051704
|-start|p1a: Ditto|Dynamax|
|-heal|p1a: Ditto|88/100|[silent]
|move|p1a: Ditto|Max Guard|p1a: Ditto
|-singleturn|p1a: Ditto|Max Guard
|move|p2a: Ditto|Wild Charge|p1a: Ditto
|-activate|p1a: Ditto|move: Max Guard
|
|-weather|Sandstorm|[upkeep]
|-damage|p1a: Ditto|85/100|[from] Sandstorm
|upkeep
|turn|45
|
|t:|1653051706
|move|p1a: Ditto|Max Guard||[still]
|-fail|p1a: Ditto
|move|p2a: Ditto|Wild Charge|p1a: Ditto
|-damage|p1a: Ditto|29/100
|-damage|p2a: Ditto|0 fnt|[from] Recoil
|faint|p2a: Ditto
|
|-weather|none
|upkeep
|
|t:|1653051708
|switch|p2a: Arceus|Arceus-Dark|91/100
|-damage|p2a: Arceus|79/100|[from] Stealth Rock
|turn|46
|
|t:|1653051711
|-start|p2a: Arceus|Dynamax|
|-heal|p2a: Arceus|79/100|[silent]
|move|p1a: Ditto|Max Guard|p1a: Ditto
|-singleturn|p1a: Ditto|Max Guard
|move|p2a: Arceus|Max Darkness|p1a: Ditto
|-activate|p1a: Ditto|move: Max Guard
|
|upkeep
|-end|p1a: Ditto|Dynamax
|-heal|p1a: Ditto|29/100|[silent]
|turn|47
|
|t:|1653051712
|move|p2a: Arceus|Max Darkness|p1a: Ditto
|-damage|p1a: Ditto|0 fnt
|faint|p1a: Ditto
|
|win|Icemaster
|n|☆Truthankamon|truthankamon
|n|☆Icemaster|icemaster
|n| RNG Wizard|rngwizard
|n| Josefjan|josefjan
|n| nikki_07070|nikki07070
|n| Gaggle54|gaggle54
