|j|☆CLEAR GEM清瑜
|j|☆Mimikium ZZ
|t:|1664942257
|gametype|singles
|player|p1|CLEAR GEM清瑜|skierf|1838
|player|p2|Mimikium ZZ|schoolboy|1909
|teamsize|p1|6
|teamsize|p2|6
|gen|8
|tier|[Gen 8] National Dex AG
|rated|
|rule|HP Percentage Mod: HP is shown in percentages
|rule|Endless Battle Clause: Forcing endless battles is banned
|clearpoke
|poke|p1|Rayquaza|
|poke|p1|Groudon|
|poke|p1|Necrozma-Dusk-Mane|
|poke|p1|Arceus-*|
|poke|p1|Arceus-*|
|poke|p1|Arceus-*|
|poke|p2|Necrozma-Dusk-Mane|
|poke|p2|Zygarde|
|poke|p2|Xerneas-*|
|poke|p2|Skarmory, M|
|poke|p2|Smeargle, M|
|poke|p2|Mimikyu, F|
|teampreview
|inactive|Battle timer is ON: inactive players will automatically lose when time's up. (requested by CLEAR GEM清瑜)
|
|t:|1664942266
|start
|switch|p1a: 究极辅助|Arceus-Dark|100/100
|switch|p2a: Zygarde|Zygarde|100/100
|turn|1
|
|t:|1664942270
|switch|p2a: Xerneas|Xerneas|100/100
|-ability|p2a: Xerneas|Fairy Aura
|move|p1a: 究极辅助|Magic Coat|p1a: 究极辅助
|-singleturn|p1a: 究极辅助|move: Magic Coat
|
|upkeep
|turn|2
|inactive|Mimikium ZZ has 120 seconds left.
|
|t:|1664942308
|move|p2a: Xerneas|Geomancy||[still]
|-prepare|p2a: Xerneas|Geomancy
|-enditem|p2a: Xerneas|Power Herb
|-anim|p2a: Xerneas|Geomancy|p2a: Xerneas
|-boost|p2a: Xerneas|spa|2
|-boost|p2a: Xerneas|spd|2
|-boost|p2a: Xerneas|spe|2
|move|p1a: 究极辅助|Roar|p2a: Xerneas
|drag|p2a: Smeargle|Smeargle, M, shiny|100/100
|
|-ability|p2a: Smeargle|Moody|boost
|-boost|p2a: Smeargle|spe|2
|-unboost|p2a: Smeargle|spd|1
|upkeep
|turn|3
|
|t:|1664942311
|move|p1a: 究极辅助|Magic Coat|p1a: 究极辅助
|-singleturn|p1a: 究极辅助|move: Magic Coat
|move|p2a: Smeargle|Substitute|p2a: Smeargle
|-start|p2a: Smeargle|Substitute
|-damage|p2a: Smeargle|76/100
|
|-ability|p2a: Smeargle|Moody|boost
|-boost|p2a: Smeargle|spd|2
|-unboost|p2a: Smeargle|atk|1
|upkeep
|turn|4
|
|t:|1664942315
|move|p2a: Smeargle|Spore|p1a: 究极辅助
|-status|p1a: 究极辅助|slp|[from] move: Spore
|cant|p1a: 究极辅助|slp
|
|-ability|p2a: Smeargle|Moody|boost
|-boost|p2a: Smeargle|spd|2
|-unboost|p2a: Smeargle|def|1
|upkeep
|turn|5
|
|t:|1664942321
|move|p2a: Smeargle|Baton Pass|p2a: Smeargle
|
|t:|1664942324
|switch|p2a: Xerneas|Xerneas|100/100|[from]move: Baton Pass
|-ability|p2a: Xerneas|Fairy Aura
|cant|p1a: 究极辅助|slp
|
|upkeep
|turn|6
|
|t:|1664942326
|move|p2a: Xerneas|Moonblast|p1a: 究极辅助
|-supereffective|p1a: 究极辅助
|-damage|p1a: 究极辅助|13/100 slp
|-unboost|p1a: 究极辅助|spa|1
|cant|p1a: 究极辅助|slp
|
|upkeep
|turn|7
|
|t:|1664942329
|move|p2a: Xerneas|Moonblast|p1a: 究极辅助
|-supereffective|p1a: 究极辅助
|-damage|p1a: 究极辅助|0 fnt
|faint|p1a: 究极辅助
|
|upkeep
|
|t:|1664942330
|switch|p1a: 不会(?)|Groudon|100/100
|detailschange|p1a: 不会(?)|Groudon-Primal
|-primal|p1a: 不会(?)
|-weather|DesolateLand|[from] ability: Desolate Land|[of] p1a: 不会(?)
|turn|8
|
|t:|1664942335
|switch|p2a: Skarmory|Skarmory, M, shiny|100/100
|move|p1a: 不会(?)|Stealth Rock|p2a: Skarmory
|-sidestart|p2: Mimikium ZZ|move: Stealth Rock
|
|-weather|DesolateLand|[upkeep]
|upkeep
|turn|9
|
|t:|1664942340
|move|p2a: Skarmory|Rock Tomb|p1a: 不会(?)
|-damage|p1a: 不会(?)|93/100
|-unboost|p1a: 不会(?)|spe|1
|move|p1a: 不会(?)|Heat Crash|p2a: Skarmory
|-supereffective|p2a: Skarmory
|-ability|p2a: Skarmory|Sturdy
|-damage|p2a: Skarmory|1/100
|-damage|p1a: 不会(?)|77/100|[from] item: Rocky Helmet|[of] p2a: Skarmory
|
|-weather|DesolateLand|[upkeep]
|upkeep
|turn|10
|
|t:|1664942351
|-weather|none
|switch|p1a: 烈龙无敌|Rayquaza|100/100
|-ability|p1a: 烈龙无敌|Air Lock
|move|p2a: Skarmory|Stealth Rock|p1a: 烈龙无敌
|-sidestart|p1: CLEAR GEM清瑜|move: Stealth Rock
|
|upkeep
|turn|11
|
|t:|1664942354
|detailschange|p1a: 烈龙无敌|Rayquaza-Mega
|-mega|p1a: 烈龙无敌|Rayquaza|
|-weather|DeltaStream|[from] ability: Delta Stream|[of] p1a: 烈龙无敌
|move|p1a: 烈龙无敌|Extreme Speed|p2a: Skarmory
|-resisted|p2a: Skarmory
|-damage|p2a: Skarmory|0 fnt
|-damage|p1a: 烈龙无敌|84/100|[from] item: Rocky Helmet|[of] p2a: Skarmory
|faint|p2a: Skarmory
|
|-weather|DeltaStream|[upkeep]
|upkeep
|
|t:|1664942360
|switch|p2a: Xerneas|Xerneas|100/100
|-damage|p2a: Xerneas|88/100|[from] Stealth Rock
|-ability|p2a: Xerneas|Fairy Aura
|turn|12
|
|t:|1664942362
|move|p1a: 烈龙无敌|Dragon Ascent|p2a: Xerneas
|-damage|p2a: Xerneas|14/100
|-unboost|p1a: 烈龙无敌|def|1
|-unboost|p1a: 烈龙无敌|spd|1
|move|p2a: Xerneas|Moonblast|p1a: 烈龙无敌
|-supereffective|p1a: 烈龙无敌
|-damage|p1a: 烈龙无敌|0 fnt
|faint|p1a: 烈龙无敌
|-weather|none
|
|upkeep
|
|t:|1664942367
|switch|p1a: 不会(?)|Groudon-Primal|77/100
|-damage|p1a: 不会(?)|64/100|[from] Stealth Rock
|-weather|DesolateLand|[from] ability: Desolate Land|[of] p1a: 不会(?)
|turn|13
|
|t:|1664942393
|move|p2a: Xerneas|Moonblast|p1a: 不会(?)
|-resisted|p1a: 不会(?)
|-damage|p1a: 不会(?)|30/100
|-unboost|p1a: 不会(?)|spa|1
|move|p1a: 不会(?)|Precipice Blades|p2a: Xerneas
|-damage|p2a: Xerneas|0 fnt
|faint|p2a: Xerneas
|
|-weather|DesolateLand|[upkeep]
|upkeep
|
|t:|1664942399
|switch|p2a: Smeargle|Smeargle, M, shiny|76/100
|-damage|p2a: Smeargle|63/100|[from] Stealth Rock
|turn|14
|
|t:|1664942402
|move|p2a: Smeargle|Spore|p1a: 不会(?)
|-status|p1a: 不会(?)|slp|[from] move: Spore
|cant|p1a: 不会(?)|slp
|
|-weather|DesolateLand|[upkeep]
|-ability|p2a: Smeargle|Moody|boost
|-boost|p2a: Smeargle|spe|2
|-unboost|p2a: Smeargle|spa|1
|upkeep
|turn|15
|
|t:|1664942406
|move|p2a: Smeargle|Baton Pass|p2a: Smeargle
|
|t:|1664942419
|switch|p2a: Zygarde|Zygarde|100/100|[from]move: Baton Pass
|-damage|p2a: Zygarde|94/100|[from] Stealth Rock
|cant|p1a: 不会(?)|slp
|
|-weather|DesolateLand|[upkeep]
|upkeep
|turn|16
|j| pikaisgod
|
|t:|1664942424
|move|p2a: Zygarde|Thousand Arrows|p1a: 不会(?)
|-supereffective|p1a: 不会(?)
|-damage|p1a: 不会(?)|0 fnt
|faint|p1a: 不会(?)
|-weather|none
|-damage|p2a: Zygarde|85/100|[from] item: Life Orb
|
|upkeep
|
|t:|1664942426
|switch|p1a: 乱杀P固|Arceus-Ground|100/100
|-damage|p1a: 乱杀P固|94/100|[from] Stealth Rock
|turn|17
|
|t:|1664942433
|switch|p2a: Mimikyu|Mimikyu, F, shiny|100/100
|-damage|p2a: Mimikyu|88/100|[from] Stealth Rock
|move|p1a: 乱杀P固|Ice Beam|p2a: Mimikyu
|-activate|p2a: Mimikyu|ability: Disguise
|-damage|p2a: Mimikyu|88/100
|detailschange|p2a: Mimikyu|Mimikyu-Busted, F, shiny
|-damage|p2a: Mimikyu|76/100|[from] pokemon: Mimikyu-Busted
|
|upkeep
|turn|18
|l| pikaisgod
|
|t:|1664942440
|move|p1a: 乱杀P固|Judgment|p2a: Mimikyu
|-damage|p2a: Mimikyu|0 fnt
|faint|p2a: Mimikyu
|
|upkeep
|
|t:|1664942443
|switch|p2a: Necrozma|Necrozma-Dusk-Mane, shiny|100/100
|-damage|p2a: Necrozma|94/100|[from] Stealth Rock
|turn|19
|
|t:|1664942446
|detailschange|p2a: Necrozma|Necrozma-Ultra, shiny
|-burst|p2a: Necrozma|Necrozma|Ultranecrozium Z
|move|p2a: Necrozma|Dragon Dance|p2a: Necrozma
|-boost|p2a: Necrozma|atk|1
|-boost|p2a: Necrozma|spe|1
|move|p1a: 乱杀P固|Judgment|p2a: Necrozma
|-damage|p2a: Necrozma|32/100
|
|upkeep
|turn|20
|
|t:|1664942452
|-start|p1a: 乱杀P固|Dynamax|
|-heal|p1a: 乱杀P固|94/100|[silent]
|-zpower|p2a: Necrozma
|move|p2a: Necrozma|Light That Burns the Sky|p1a: 乱杀P固|[zeffect]
|-damage|p1a: 乱杀P固|35/100
|move|p1a: 乱杀P固|Max Hailstorm|p2a: Necrozma
|-supereffective|p2a: Necrozma
|-damage|p2a: Necrozma|0 fnt
|-weather|Hail
|faint|p2a: Necrozma
|
|-weather|Hail|[upkeep]
|-damage|p1a: 乱杀P固|32/100|[from] Hail
|upkeep
|
|t:|1664942460
|switch|p2a: Smeargle|Smeargle, M, shiny|63/100
|-damage|p2a: Smeargle|51/100|[from] Stealth Rock
|turn|21
|
|t:|1664942462
|move|p1a: 乱杀P固|Max Quake|p2a: Smeargle
|-damage|p2a: Smeargle|0 fnt
|-boost|p1a: 乱杀P固|spd|1
|faint|p2a: Smeargle
|
|-weather|Hail|[upkeep]
|-damage|p1a: 乱杀P固|29/100|[from] Hail
|upkeep
|
|t:|1664942465
|switch|p2a: Zygarde|Zygarde|85/100
|-damage|p2a: Zygarde|78/100|[from] Stealth Rock
|turn|22
|
|t:|1664942469
|-start|p2a: Zygarde|Dynamax|
|-heal|p2a: Zygarde|78/100|[silent]
|move|p2a: Zygarde|Max Guard|p2a: Zygarde
|-singleturn|p2a: Zygarde|Max Guard
|move|p1a: 乱杀P固|Max Hailstorm|p2a: Zygarde
|-activate|p2a: Zygarde|move: Max Guard
|
|-weather|Hail|[upkeep]
|-damage|p1a: 乱杀P固|26/100|[from] Hail
|-damage|p2a: Zygarde|75/100|[from] Hail
|upkeep
|-end|p1a: 乱杀P固|Dynamax
|-heal|p1a: 乱杀P固|26/100|[silent]
|turn|23
|
|t:|1664942471
|move|p1a: 乱杀P固|Ice Beam|p2a: Zygarde
|-supereffective|p2a: Zygarde
|-damage|p2a: Zygarde|16/100
|move|p2a: Zygarde|Max Quake|p1a: 乱杀P固
|-damage|p1a: 乱杀P固|0 fnt
|-boost|p2a: Zygarde|spd|1
|faint|p1a: 乱杀P固
|-damage|p2a: Zygarde|12/100|[from] item: Life Orb
|
|-weather|Hail|[upkeep]
|-damage|p2a: Zygarde|8/100|[from] Hail
|-activate|p2a: Zygarde|ability: Power Construct
|detailschange|p2a: Zygarde|Zygarde-Complete
|-heal|p2a: Zygarde|43/100|[silent]
|upkeep
|
|t:|1664942476
|switch|p1a: 悬空羊驼|Arceus-Flying|100/100
|-damage|p1a: 悬空羊驼|76/100|[from] Stealth Rock
|turn|24
|
|t:|1664942479
|move|p1a: 悬空羊驼|Fly||[still]
|-prepare|p1a: 悬空羊驼|Fly
|move|p2a: Zygarde|Max Rockfall|p1a: 悬空羊驼|[miss]
|-miss|p2a: Zygarde|p1a: 悬空羊驼
|
|-weather|none
|upkeep
|-end|p2a: Zygarde|Dynamax
|-heal|p2a: Zygarde|43/100|[silent]
|turn|25
|
|t:|1664942482
|move|p1a: 悬空羊驼|Fly|p2a: Zygarde|[from]lockedmove
|-damage|p2a: Zygarde|16/100
|move|p2a: Zygarde|Dragon Dance|p2a: Zygarde
|-boost|p2a: Zygarde|atk|1
|-boost|p2a: Zygarde|spe|1
|
|upkeep
|turn|26
|
|t:|1664942486
|move|p2a: Zygarde|Stone Edge|p1a: 悬空羊驼
|-supereffective|p1a: 悬空羊驼
|-damage|p1a: 悬空羊驼|0 fnt
|faint|p1a: 悬空羊驼
|-damage|p2a: Zygarde|6/100|[from] item: Life Orb
|
|upkeep
|
|t:|1664942488
|switch|p1a: 钢铁之躯|Necrozma-Dusk-Mane|100/100
|-damage|p1a: 钢铁之躯|94/100|[from] Stealth Rock
|turn|27
|
|t:|1664942491
|detailschange|p1a: 钢铁之躯|Necrozma-Ultra
|-burst|p1a: 钢铁之躯|Necrozma|Ultranecrozium Z
|move|p2a: Zygarde|Outrage|p1a: 钢铁之躯
|-supereffective|p1a: 钢铁之躯
|-damage|p1a: 钢铁之躯|0 fnt
|faint|p1a: 钢铁之躯
|-damage|p2a: Zygarde|0 fnt|[from] item: Life Orb
|faint|p2a: Zygarde
|
|win|Mimikium ZZ
|raw|CLEAR GEM清瑜's rating: 1838 &rarr; <strong>1822</strong><br />(-16 for losing)
|raw|Mimikium ZZ's rating: 1909 &rarr; <strong>1925</strong><br />(+16 for winning)
|l|☆CLEAR GEM清瑜
||Ladder isn't responding, score probably updated but might not have (Request timeout).
