|j|☆Jayki11
|j|☆nxgen unicorn
|player|p1|Jayki11|red|1476
|player|p2|nxgen unicorn|fantina|1442
|teamsize|p1|6
|teamsize|p2|6
|gametype|singles
|gen|8
|tier|[Gen 8] National Dex AG
|rated|
|clearpoke
|poke|p1|Zacian-Crowned|
|poke|p1|Yveltal|
|poke|p1|Groudon|
|poke|p1|Mewtwo|
|poke|p1|Necrozma-Dusk-Mane|
|poke|p1|Ho-Oh|
|poke|p2|Smeargle, M|
|poke|p2|Palkia|
|poke|p2|Yveltal|
|poke|p2|Kyogre|
|poke|p2|Arceus-*|
|poke|p2|Ditto|
|rule|HP Percentage Mod: HP is shown in percentages
|rule|Endless Battle Clause: Forcing endless battles is banned
|teampreview
|j| jukadon
|inactive|Battle timer is ON: inactive players will automatically lose when time's up. (requested by Jayki11)
|
|start
|switch|p1a: Groudon|Groudon|100/100
|switch|p2a: STAR BLAZING|Smeargle, M|100/100
|detailschange|p1a: Groudon|Groudon-Primal
|-primal|p1a: Groudon
|-weather|DesolateLand|[from] ability: Desolate Land|[of] p1a: Groudon
|turn|1
|
|move|p2a: STAR BLAZING|Sticky Web|p1a: Groudon
|-sidestart|p1: Jayki11|move: Sticky Web
|move|p1a: Groudon|Stealth Rock|p2a: STAR BLAZING
|-sidestart|p2: nxgen unicorn|move: Stealth Rock
|
|-weather|DesolateLand|[upkeep]
|upkeep
|turn|2
|
|move|p2a: STAR BLAZING|Rapid Spin|p1a: Groudon
|-damage|p1a: Groudon|96/100
|-boost|p2a: STAR BLAZING|spe|1
|-sideend|p2: nxgen unicorn|Stealth Rock|[from] move: Rapid Spin|[of] p2a: STAR BLAZING
|move|p1a: Groudon|Precipice Blades|p2a: STAR BLAZING|[miss]
|-miss|p1a: Groudon|p2a: STAR BLAZING
|
|-weather|DesolateLand|[upkeep]
|upkeep
|turn|3
|
|move|p2a: STAR BLAZING|Taunt|p1a: Groudon
|-start|p1a: Groudon|move: Taunt
|move|p1a: Groudon|Overheat|p2a: STAR BLAZING
|-enditem|p2a: STAR BLAZING|Focus Sash
|-damage|p2a: STAR BLAZING|1/100
|-unboost|p1a: Groudon|spa|2
|
|-weather|DesolateLand|[upkeep]
|upkeep
|turn|4
|l| jukadon
|
|move|p2a: STAR BLAZING|Rapid Spin|p1a: Groudon
|-damage|p1a: Groudon|92/100
|-boost|p2a: STAR BLAZING|spe|1
|move|p1a: Groudon|Precipice Blades|p2a: STAR BLAZING
|-damage|p2a: STAR BLAZING|0 fnt
|faint|p2a: STAR BLAZING
|
|-weather|DesolateLand|[upkeep]
|upkeep
|
|switch|p2a: GALACTA BLAZING|Yveltal|100/100
|-ability|p2a: GALACTA BLAZING|Dark Aura
|turn|5
|
|-weather|none
|switch|p1a: Yveltal|Yveltal|100/100
|-ability|p1a: Yveltal|Dark Aura
|-start|p2a: GALACTA BLAZING|Dynamax
|-heal|p2a: GALACTA BLAZING|100/100|[silent]
|move|p2a: GALACTA BLAZING|Max Airstream|p1a: Yveltal
|-damage|p1a: Yveltal|13/100
|-boost|p2a: GALACTA BLAZING|spe|1
|-damage|p2a: GALACTA BLAZING|96/100|[from] item: Life Orb
|
|upkeep
|turn|6
|
|move|p2a: GALACTA BLAZING|Max Airstream|p1a: Yveltal
|-damage|p1a: Yveltal|0 fnt
|-boost|p2a: GALACTA BLAZING|spe|1
|-damage|p2a: GALACTA BLAZING|91/100|[from] item: Life Orb
|faint|p1a: Yveltal
|
|upkeep
|
|switch|p1a: Ho-Oh|Ho-Oh|100/100
|turn|7
|
|-start|p1a: Ho-Oh|Dynamax
|-heal|p1a: Ho-Oh|100/100|[silent]
|move|p1a: Ho-Oh|Max Guard|p1a: Ho-Oh
|-singleturn|p1a: Ho-Oh|Max Guard
|move|p2a: GALACTA BLAZING|Max Rockfall|p1a: Ho-Oh
|-activate|p1a: Ho-Oh|move: Max Guard
|
|-end|p2a: GALACTA BLAZING|Dynamax
|-heal|p2a: GALACTA BLAZING|91/100|[silent]
|upkeep
|turn|8
|
|move|p2a: GALACTA BLAZING|Rock Slide|p1a: Ho-Oh
|-supereffective|p1a: Ho-Oh
|-damage|p1a: Ho-Oh|59/100
|-damage|p2a: GALACTA BLAZING|81/100|[from] item: Life Orb
|move|p1a: Ho-Oh|Max Flare|p2a: GALACTA BLAZING
|-damage|p2a: GALACTA BLAZING|20/100
|-weather|SunnyDay
|
|-weather|SunnyDay|[upkeep]
|upkeep
|turn|9
|
|move|p2a: GALACTA BLAZING|Rock Slide|p1a: Ho-Oh
|-supereffective|p1a: Ho-Oh
|-damage|p1a: Ho-Oh|19/100
|-damage|p2a: GALACTA BLAZING|10/100|[from] item: Life Orb
|move|p1a: Ho-Oh|Max Flare|p2a: GALACTA BLAZING
|-crit|p2a: GALACTA BLAZING
|-damage|p2a: GALACTA BLAZING|0 fnt
|faint|p2a: GALACTA BLAZING
|
|-weather|SunnyDay|[upkeep]
|-end|p1a: Ho-Oh|Dynamax
|-heal|p1a: Ho-Oh|19/100|[silent]
|upkeep
|
|switch|p2a: GOD OF HYPERDEATH|Palkia|100/100
|-ability|p2a: GOD OF HYPERDEATH|Pressure
|turn|10
|
|switch|p1a: Groudon|Groudon-Primal|92/100
|-activate|p1a: Groudon|move: Sticky Web
|-unboost|p1a: Groudon|spe|1
|-weather|DesolateLand|[from] ability: Desolate Land|[of] p1a: Groudon
|-zpower|p2a: GOD OF HYPERDEATH
|move|p2a: GOD OF HYPERDEATH|Z-Heal Block|p1a: Groudon|[anim]Heal Block
|-boost|p2a: GOD OF HYPERDEATH|spa|2|[zeffect]
|-start|p1a: Groudon|move: Heal Block
|
|-weather|DesolateLand|[upkeep]
|upkeep
|turn|11
|
|move|p2a: GOD OF HYPERDEATH|Spacial Rend|p1a: Groudon
|-crit|p1a: Groudon
|-damage|p1a: Groudon|0 fnt
|faint|p1a: Groudon
|-weather|none
|
|upkeep
|j| Acwise
|
|switch|p1a: Necrozma|Necrozma-Dusk-Mane|100/100
|-activate|p1a: Necrozma|move: Sticky Web
|-unboost|p1a: Necrozma|spe|1
|turn|12
|
|move|p2a: GOD OF HYPERDEATH|Fire Blast|p1a: Necrozma
|-supereffective|p1a: Necrozma
|-damage|p1a: Necrozma|29/100
|move|p1a: Necrozma|Toxic|p2a: GOD OF HYPERDEATH
|-status|p2a: GOD OF HYPERDEATH|tox
|
|-heal|p1a: Necrozma|35/100|[from] item: Leftovers
|-damage|p2a: GOD OF HYPERDEATH|94/100 tox|[from] psn
|upkeep
|turn|13
|
|switch|p1a: Ho-Oh|Ho-Oh|52/100
|move|p2a: GOD OF HYPERDEATH|Fire Blast|p1a: Ho-Oh
|-resisted|p1a: Ho-Oh
|-damage|p1a: Ho-Oh|29/100
|
|-damage|p2a: GOD OF HYPERDEATH|82/100 tox|[from] psn
|upkeep
|turn|14
|
|switch|p1a: Necrozma|Necrozma-Dusk-Mane|35/100
|-activate|p1a: Necrozma|move: Sticky Web
|-unboost|p1a: Necrozma|spe|1
|move|p2a: GOD OF HYPERDEATH|Hydro Pump|p1a: Necrozma|[miss]
|-miss|p2a: GOD OF HYPERDEATH|p1a: Necrozma
|
|-heal|p1a: Necrozma|41/100|[from] item: Leftovers
|-damage|p2a: GOD OF HYPERDEATH|63/100 tox|[from] psn
|upkeep
|turn|15
|
|move|p2a: GOD OF HYPERDEATH|Hydro Pump|p1a: Necrozma
|-damage|p1a: Necrozma|0 fnt
|faint|p1a: Necrozma
|
|-damage|p2a: GOD OF HYPERDEATH|38/100 tox|[from] psn
|upkeep
|
|switch|p1a: Ho-Oh|Ho-Oh|62/100
|turn|16
|
|move|p2a: GOD OF HYPERDEATH|Hydro Pump|p1a: Ho-Oh
|-supereffective|p1a: Ho-Oh
|-damage|p1a: Ho-Oh|0 fnt
|faint|p1a: Ho-Oh
|
|-damage|p2a: GOD OF HYPERDEATH|7/100 tox|[from] psn
|upkeep
|
|switch|p1a: Mewtwo|Mewtwo|100/100
|-ability|p1a: Mewtwo|Unnerve|p2: nxgen unicorn
|-activate|p1a: Mewtwo|move: Sticky Web
|-unboost|p1a: Mewtwo|spe|1
|turn|17
|
|detailschange|p1a: Mewtwo|Mewtwo-Mega-Y
|-mega|p1a: Mewtwo|Mewtwo|Mewtwonite Y
|move|p2a: GOD OF HYPERDEATH|Spacial Rend|p1a: Mewtwo
|-damage|p1a: Mewtwo|1/100
|move|p1a: Mewtwo|Calm Mind|p1a: Mewtwo
|-boost|p1a: Mewtwo|spa|1
|-boost|p1a: Mewtwo|spd|1
|
|-damage|p2a: GOD OF HYPERDEATH|0 fnt|[from] psn
|faint|p2a: GOD OF HYPERDEATH
|upkeep
|inactive|nxgen unicorn has 120 seconds left.
|c| Acwise|Ditto 😮
|inactive|nxgen unicorn has 90 seconds left.
|
|switch|p2a: CHAOS BLASTER|Arceus-Ground|100/100
|turn|18
|
|move|p2a: CHAOS BLASTER|Earthquake|p1a: Mewtwo
|-damage|p1a: Mewtwo|0 fnt
|faint|p1a: Mewtwo
|
|upkeep
|
|switch|p1a: Zacian|Zacian-Crowned|100/100
|-activate|p1a: Zacian|move: Sticky Web
|-unboost|p1a: Zacian|spe|1
|-ability|p1a: Zacian|Intrepid Sword|boost
|-boost|p1a: Zacian|atk|1
|turn|19
|
|move|p2a: CHAOS BLASTER|Earthquake|p1a: Zacian
|-supereffective|p1a: Zacian
|-damage|p1a: Zacian|0 fnt
|faint|p1a: Zacian
|
|win|nxgen unicorn
|l|☆Jayki11
|l| Acwise
||Ladder (probably) updated, but score could not be retrieved (Response not received).
