|j|☆PepsiPHD
|j|☆eioriojr
|t:|1663650750
|gametype|singles
|player|p1|PepsiPHD|li|1494
|player|p2|eioriojr|265|1385
|teamsize|p1|6
|teamsize|p2|6
|gen|8
|tier|[Gen 8] National Dex AG
|rated|
|rule|HP Percentage Mod: HP is shown in percentages
|rule|Endless Battle Clause: Forcing endless battles is banned
|clearpoke
|poke|p1|Flygon, M|
|poke|p1|Banette, F|
|poke|p1|Scizor, F|
|poke|p1|Moltres-Galar|
|poke|p1|Lugia|
|poke|p1|Regieleki|
|poke|p2|Delibird, M|
|poke|p2|Necrozma-Dusk-Mane|
|poke|p2|Rayquaza|
|poke|p2|Yveltal|
|poke|p2|Calyrex-Shadow|
|poke|p2|Groudon|
|teampreview
|
|t:|1663650760
|start
|switch|p1a: Regieleki|Regieleki|100/100
|switch|p2a: Delibird|Delibird, M|100/100
|turn|1
|
|t:|1663650763
|switch|p2a: Groudon|Groudon|100/100
|detailschange|p2a: Groudon|Groudon-Primal
|-primal|p2a: Groudon
|-weather|DesolateLand|[from] ability: Desolate Land|[of] p2a: Groudon
|move|p1a: Regieleki|Volt Switch|p2a: Groudon
|-immune|p2a: Groudon
|
|-weather|DesolateLand|[upkeep]
|upkeep
|turn|2
|
|t:|1663650766
|switch|p1a: Lugia|Lugia|100/100
|-ability|p1a: Lugia|Pressure
|move|p2a: Groudon|Rock Tomb|p1a: Lugia
|-supereffective|p1a: Lugia
|-damage|p1a: Lugia|63/100
|-unboost|p1a: Lugia|spe|1
|
|-weather|DesolateLand|[upkeep]
|upkeep
|turn|3
|
|t:|1663650769
|-weather|none
|switch|p2a: Necrozma|Necrozma-Dusk-Mane|100/100
|move|p1a: Lugia|Psycho Boost|p2a: Necrozma
|-resisted|p2a: Necrozma
|-damage|p2a: Necrozma|85/100
|-unboost|p1a: Lugia|spa|2
|
|upkeep
|turn|4
|
|t:|1663650773
|switch|p1a: Moltres|Moltres-Galar|100/100
|move|p2a: Necrozma|Stealth Rock|p1a: Moltres
|-sidestart|p1: PepsiPHD|move: Stealth Rock
|
|upkeep
|turn|5
|
|t:|1663650776
|move|p1a: Moltres|Nasty Plot|p1a: Moltres
|-boost|p1a: Moltres|spa|2
|move|p2a: Necrozma|Thunder Wave|p1a: Moltres
|-status|p1a: Moltres|par
|
|upkeep
|turn|6
|
|t:|1663650783
|move|p2a: Necrozma|Iron Head|p1a: Moltres
|-damage|p1a: Moltres|56/100 par
|move|p1a: Moltres|Agility|p1a: Moltres
|-boost|p1a: Moltres|spe|2
|
|-heal|p1a: Moltres|62/100 par|[from] item: Leftovers
|upkeep
|turn|7
|
|t:|1663650788
|cant|p1a: Moltres|par
|move|p2a: Necrozma|Iron Head|p1a: Moltres
|-damage|p1a: Moltres|16/100 par
|-ability|p1a: Moltres|Berserk|boost
|-boost|p1a: Moltres|spa|1
|
|-heal|p1a: Moltres|22/100 par|[from] item: Leftovers
|upkeep
|turn|8
|
|t:|1663650792
|move|p1a: Moltres|Fiery Wrath|p2a: Necrozma
|-supereffective|p2a: Necrozma
|-damage|p2a: Necrozma|0 fnt
|faint|p2a: Necrozma
|
|-heal|p1a: Moltres|28/100 par|[from] item: Leftovers
|upkeep
|
|t:|1663650796
|switch|p2a: Calyrex|Calyrex-Shadow|100/100
|-ability|p2a: Calyrex|As One
|-ability|p2a: Calyrex|Unnerve
|turn|9
|
|t:|1663650808
|move|p2a: Calyrex|Draining Kiss|p1a: Moltres
|-supereffective|p1a: Moltres
|-damage|p1a: Moltres|0 fnt
|faint|p1a: Moltres
|-ability|p2a: Calyrex|Grim Neigh|boost
|-boost|p2a: Calyrex|spa|1
|
|upkeep
|
|t:|1663650810
|switch|p1a: Banette|Banette, F|100/100
|-damage|p1a: Banette|88/100|[from] Stealth Rock
|turn|10
|
|t:|1663650814
|detailschange|p1a: Banette|Banette-Mega, F
|-mega|p1a: Banette|Banette|Banettite
|-start|p2a: Calyrex|Dynamax|
|-heal|p2a: Calyrex|100/100|[silent]
|move|p1a: Banette|Shadow Sneak|p2a: Calyrex
|-supereffective|p2a: Calyrex
|-damage|p2a: Calyrex|42/100
|move|p2a: Calyrex|Max Mindstorm|p1a: Banette
|-crit|p1a: Banette
|-damage|p1a: Banette|0 fnt
|-fieldstart|move: Psychic Terrain
|faint|p1a: Banette
|-ability|p2a: Calyrex|Grim Neigh|boost
|-boost|p2a: Calyrex|spa|1
|
|upkeep
|inactive|Battle timer is ON: inactive players will automatically lose when time's up. (requested by eioriojr)
|
|t:|1663650847
|switch|p1a: Flygon|Flygon, M|100/100
|-damage|p1a: Flygon|95/100|[from] Stealth Rock
|turn|11
|
|t:|1663650855
|move|p1a: Flygon|Earthquake|p2a: Calyrex
|-damage|p2a: Calyrex|16/100
|move|p2a: Calyrex|Max Phantasm|p1a: Flygon
|-damage|p1a: Flygon|0 fnt
|faint|p1a: Flygon
|-ability|p2a: Calyrex|Grim Neigh|boost
|-boost|p2a: Calyrex|spa|1
|
|upkeep
|
|t:|1663650865
|switch|p1a: Regieleki|Regieleki|100/100
|-damage|p1a: Regieleki|88/100|[from] Stealth Rock
|turn|12
|
|t:|1663650868
|-end|p2a: Calyrex|Dynamax
|-heal|p2a: Calyrex|17/100|[silent]
|switch|p2a: Groudon|Groudon-Primal|100/100
|-weather|DesolateLand|[from] ability: Desolate Land|[of] p2a: Groudon
|move|p1a: Regieleki|Volt Switch|p2a: Groudon
|-immune|p2a: Groudon
|
|-weather|DesolateLand|[upkeep]
|upkeep
|turn|13
|
|t:|1663650873
|switch|p1a: Scizor|Scizor, F|100/100
|-damage|p1a: Scizor|88/100|[from] Stealth Rock
|move|p2a: Groudon|Rock Tomb|p1a: Scizor
|-damage|p1a: Scizor|67/100
|-unboost|p1a: Scizor|spe|1
|
|-weather|DesolateLand|[upkeep]
|upkeep
|turn|14
|
|t:|1663650875
|switch|p1a: Lugia|Lugia|63/100
|-damage|p1a: Lugia|38/100|[from] Stealth Rock
|-ability|p1a: Lugia|Pressure
|move|p2a: Groudon|Swords Dance|p2a: Groudon
|-boost|p2a: Groudon|atk|2
|
|-weather|DesolateLand|[upkeep]
|-fieldend|move: Psychic Terrain
|upkeep
|turn|15
|
|t:|1663650879
|move|p1a: Lugia|Aeroblast|p2a: Groudon
|-damage|p2a: Groudon|64/100
|move|p2a: Groudon|Rock Tomb|p1a: Lugia
|-supereffective|p1a: Lugia
|-damage|p1a: Lugia|0 fnt
|faint|p1a: Lugia
|
|-weather|DesolateLand|[upkeep]
|upkeep
|
|t:|1663650883
|switch|p1a: Scizor|Scizor, F|67/100
|-damage|p1a: Scizor|54/100|[from] Stealth Rock
|turn|16
|
|t:|1663650885
|move|p2a: Groudon|Precipice Blades|p1a: Scizor
|-damage|p1a: Scizor|0 fnt
|faint|p1a: Scizor
|
|-weather|DesolateLand|[upkeep]
|upkeep
|-message|PepsiPHD forfeited.
|
|win|eioriojr
|raw|PepsiPHD's rating: 1494 &rarr; <strong>1468</strong><br />(-26 for losing)
|raw|eioriojr's rating: 1385 &rarr; <strong>1411</strong><br />(+26 for winning)
|l|☆PepsiPHD
