|j|☆Hogwashimperial
|j|‽ZOROTHEO!!!!
|t:|1595387969
|player|p1|Hogwashimperial|swimmer-gen4|1653
|player|p2|ZOROTHEO!!!!|ash-kalos|1603
|teamsize|p1|6
|teamsize|p2|6
|gametype|singles
|gen|8
|tier|[Gen 8] National Dex AG
|rated|
|clearpoke
|poke|p1|Rayquaza|
|poke|p1|Zacian-Crowned|
|poke|p1|Groudon|
|poke|p1|Smeargle, F|
|poke|p1|Necrozma-Dusk-Mane|
|poke|p1|Zygarde|
|poke|p2|Smeargle, F|
|poke|p2|Zacian-Crowned|
|poke|p2|Groudon|
|poke|p2|Yveltal|
|poke|p2|Yveltal|
|poke|p2|Yveltal|
|rule|HP Percentage Mod: HP is shown in percentages
|rule|Endless Battle Clause: Forcing endless battles is banned
|teampreview
|c|☆Hogwashimperial|join my youtube army here https://www.youtube.com/c/hogwash56?sub_confirmation=1
|c|☆Hogwashimperial|join my discord here https://discord.gg/c8N9Bcn
|c|☆Hogwashimperial|oh god
|c|☆Hogwashimperial|thats a little scary ngl
|
|t:|1595387987
|start
|switch|p1a: Zacian|Zacian-Crowned|100/100
|switch|p2a: Smeargle|Smeargle, F|100/100
|-ability|p1a: Zacian|Intrepid Sword|boost
|-boost|p1a: Zacian|atk|1
|turn|1
|
|t:|1595388002
|move|p1a: Zacian|Substitute|p1a: Zacian
|-start|p1a: Zacian|Substitute
|-damage|p1a: Zacian|76/100
|move|p2a: Smeargle|Sticky Web|p1a: Zacian
|-sidestart|p1: Hogwashimperial|move: Sticky Web
|
|-ability|p2a: Smeargle|Moody|boost
|-boost|p2a: Smeargle|spd|2
|-unboost|p2a: Smeargle|spa|1
|upkeep
|turn|2
|
|t:|1595388009
|move|p1a: Zacian|Behemoth Blade|p2a: Smeargle
|-enditem|p2a: Smeargle|Focus Sash
|-damage|p2a: Smeargle|1/100
|move|p2a: Smeargle|Stealth Rock|p1a: Zacian
|-sidestart|p1: Hogwashimperial|move: Stealth Rock
|
|-ability|p2a: Smeargle|Moody|boost
|-boost|p2a: Smeargle|spe|2
|-unboost|p2a: Smeargle|def|1
|upkeep
|turn|3
|
|t:|1595388011
|move|p2a: Smeargle|Magic Coat|p2a: Smeargle
|-singleturn|p2a: Smeargle|move: Magic Coat
|move|p1a: Zacian|Crunch|p2a: Smeargle
|-damage|p2a: Smeargle|0 fnt
|faint|p2a: Smeargle
|
|upkeep
|
|t:|1595388013
|switch|p2a: Groudon|Groudon|100/100
|detailschange|p2a: Groudon|Groudon-Primal
|-primal|p2a: Groudon
|-weather|DesolateLand|[from] ability: Desolate Land|[of] p2a: Groudon
|turn|4
|
|t:|1595388016
|move|p1a: Zacian|Crunch|p2a: Groudon
|-damage|p2a: Groudon|62/100
|-unboost|p2a: Groudon|def|1
|move|p2a: Groudon|Eruption|p1a: Zacian
|-supereffective|p1a: Zacian
|-end|p1a: Zacian|Substitute
|
|-weather|DesolateLand|[upkeep]
|upkeep
|turn|5
|
|t:|1595388026
|move|p1a: Zacian|Crunch|p2a: Groudon
|-damage|p2a: Groudon|1/100
|move|p2a: Groudon|Fire Blast|p1a: Zacian
|-supereffective|p1a: Zacian
|-damage|p1a: Zacian|0 fnt
|faint|p1a: Zacian
|
|-weather|DesolateLand|[upkeep]
|upkeep
|c|☆Hogwashimperial|dam
|c|☆Hogwashimperial|xd
|
|t:|1595388034
|switch|p1a: Rayquaza|Rayquaza|100/100
|-damage|p1a: Rayquaza|76/100|[from] Stealth Rock
|-ability|p1a: Rayquaza|Air Lock
|turn|6
|c|☆Hogwashimperial|hello?
|c|☆Hogwashimperial|we both know im just gonna espeed
|c|☆Hogwashimperial|lmao
|c|☆Hogwashimperial|nothing u can rlly do abt it
|
|t:|1595388124
|detailschange|p1a: Rayquaza|Rayquaza-Mega
|-mega|p1a: Rayquaza|Rayquaza|
|-weather|DeltaStream|[from] ability: Delta Stream|[of] p1a: Rayquaza
|move|p1a: Rayquaza|Dragon Dance|p1a: Rayquaza
|-boost|p1a: Rayquaza|atk|1
|-boost|p1a: Rayquaza|spe|1
|move|p2a: Groudon|Fire Blast|p1a: Rayquaza
|-resisted|p1a: Rayquaza
|-damage|p1a: Rayquaza|44/100
|
|-weather|DeltaStream|[upkeep]
|upkeep
|turn|7
|j|@Flare ✇
|j| SavagePansage
|
|t:|1595388136
|move|p1a: Rayquaza|Extreme Speed|p2a: Groudon
|-damage|p2a: Groudon|0 fnt
|faint|p2a: Groudon
|
|-weather|DeltaStream|[upkeep]
|upkeep
|c|☆Hogwashimperial|xd i tried
|c|☆Hogwashimperial|welcome mr flare
|c|☆Hogwashimperial|join my youtube army here https://www.youtube.com/c/hogwash56?sub_confirmation=1
|n|‽Hogwashimperial|hogwashimperial
|c|@Flare ✇|/log Hogwashimperial was locked from talking by Flare ✇. (advertising in battle)
|
|t:|1595388147
|switch|p2a: Yveltal|Yveltal|100/100
|-ability|p2a: Yveltal|Dark Aura
|turn|8
|
|t:|1595388156
|move|p1a: Rayquaza|Dragon Ascent|p2a: Yveltal
|-damage|p2a: Yveltal|17/100
|-unboost|p1a: Rayquaza|def|1
|-unboost|p1a: Rayquaza|spd|1
|-damage|p1a: Rayquaza|28/100|[from] item: Rocky Helmet|[of] p2a: Yveltal
|move|p2a: Yveltal|Foul Play|p1a: Rayquaza
|-damage|p1a: Rayquaza|0 fnt
|faint|p1a: Rayquaza
|-weather|none
|
|upkeep
|l|@Flare ✇
|j|@Flare ✇
|l|@Flare ✇
|j|‽asjdfklajtlkajsk
|n|‽asjdfklajtlkajsk|asjdfklajtlkajsk
|n|‽nglmanwasntnice|asjdfklajtlkajsk
|
|t:|1595388268
|switch|p1a: Groudon|Groudon|100/100
|-damage|p1a: Groudon|94/100|[from] Stealth Rock
|-activate|p1a: Groudon|move: Sticky Web
|-unboost|p1a: Groudon|spe|1
|detailschange|p1a: Groudon|Groudon-Primal
|-primal|p1a: Groudon
|-weather|DesolateLand|[from] ability: Desolate Land|[of] p1a: Groudon
|turn|9
|j| SoupSparrow
|
|t:|1595388272
|move|p2a: Yveltal|Foul Play|p1a: Groudon
|-damage|p1a: Groudon|53/100
|move|p1a: Groudon|Thunderbolt|p2a: Yveltal
|-supereffective|p2a: Yveltal
|-damage|p2a: Yveltal|0 fnt
|faint|p2a: Yveltal
|
|-weather|DesolateLand|[upkeep]
|upkeep
|l| SoupSparrow
|
|t:|1595388286
|switch|p2a: Yveltal|Yveltal|100/100
|-ability|p2a: Yveltal|Dark Aura
|turn|10
|inactive|Battle timer is ON: inactive players will automatically lose when time's up. (requested by ZOROTHEO!!!!)
|inactive|Hogwashimperial has 120 seconds left.
|inactive|Hogwashimperial has 90 seconds left.
|l| SavagePansage
|inactive|Hogwashimperial has 60 seconds left.
|inactive|Hogwashimperial has 30 seconds left.
|inactive|Hogwashimperial has 20 seconds left.
|inactive|Hogwashimperial has 15 seconds left.
|inactive|Hogwashimperial has 10 seconds left.
|inactive|Hogwashimperial has 5 seconds left.
|-message|Hogwashimperial lost due to inactivity.
|
|win|ZOROTHEO!!!!
|raw|Hogwashimperial's rating: 1664 &rarr; <strong>1641</strong><br />(-23 for losing)
|raw|ZOROTHEO!!!!'s rating: 1603 &rarr; <strong>1627</strong><br />(+24 for winning)
