|j|☆Goku Uchiha 2001
|j|☆1337RedGlitchFox
|t:|1664902217
|gametype|singles
|player|p1|Goku Uchiha 2001|blue-gen3two|1783
|player|p2|1337RedGlitchFox|red|1757
|teamsize|p1|6
|teamsize|p2|6
|gen|8
|tier|[Gen 8] National Dex AG
|rated|
|rule|HP Percentage Mod: HP is shown in percentages
|rule|Endless Battle Clause: Forcing endless battles is banned
|clearpoke
|poke|p1|Arceus-*|
|poke|p1|Ditto|
|poke|p1|Kartana|
|poke|p1|Dragapult, M|
|poke|p1|Arceus-*|
|poke|p1|Xerneas-*|
|poke|p2|Rayquaza|
|poke|p2|Arceus-*|
|poke|p2|Necrozma-Dusk-Mane|
|poke|p2|Mewtwo|
|poke|p2|Ho-Oh|
|poke|p2|Zygarde|
|teampreview
|inactive|Battle timer is ON: inactive players will automatically lose when time's up. (requested by 1337RedGlitchFox)
|inactive|Goku Uchiha 2001 also wants the timer to be on.
|
|t:|1664902240
|start
|switch|p1a: Arceus|Arceus-Fairy|100/100
|switch|p2a: Mewtwo|Mewtwo|100/100
|-ability|p2a: Mewtwo|Pressure
|turn|1
|
|t:|1664902259
|move|p2a: Mewtwo|Taunt|p1a: Arceus
|-start|p1a: Arceus|move: Taunt
|cant|p1a: Arceus|move: Taunt|Stealth Rock
|
|upkeep
|turn|2
|
|t:|1664902271
|move|p2a: Mewtwo|Ice Beam|p1a: Arceus
|-damage|p1a: Arceus|85/100
|move|p1a: Arceus|Judgment|p2a: Mewtwo
|-damage|p2a: Mewtwo|57/100
|
|-heal|p2a: Mewtwo|63/100|[from] item: Leftovers
|upkeep
|turn|3
|
|t:|1664902276
|move|p2a: Mewtwo|Recover|p2a: Mewtwo
|-heal|p2a: Mewtwo|100/100
|move|p1a: Arceus|Judgment|p2a: Mewtwo
|-damage|p2a: Mewtwo|56/100
|
|-heal|p2a: Mewtwo|62/100|[from] item: Leftovers
|-end|p1a: Arceus|move: Taunt
|upkeep
|turn|4
|
|t:|1664902280
|switch|p1a: Dragapult|Dragapult, M|100/100
|move|p2a: Mewtwo|Taunt|p1a: Dragapult
|-start|p1a: Dragapult|move: Taunt
|
|-heal|p2a: Mewtwo|68/100|[from] item: Leftovers
|upkeep
|turn|5
|
|t:|1664902286
|move|p1a: Dragapult|Dragon Darts|p2a: Mewtwo
|-damage|p2a: Mewtwo|44/100
|-anim|p1a: Dragapult|Dragon Darts|p2a: Mewtwo
|-damage|p2a: Mewtwo|15/100
|-damage|p1a: Dragapult|91/100|[from] item: Life Orb
|move|p2a: Mewtwo|Will-O-Wisp|p1a: Dragapult
|-status|p1a: Dragapult|brn
|
|-heal|p2a: Mewtwo|21/100|[from] item: Leftovers
|-damage|p1a: Dragapult|85/100 brn|[from] brn
|upkeep
|turn|6
|
|t:|1664902292
|move|p1a: Dragapult|Dragon Darts|p2a: Mewtwo
|-damage|p2a: Mewtwo|8/100
|-anim|p1a: Dragapult|Dragon Darts|p2a: Mewtwo
|-damage|p2a: Mewtwo|0 fnt
|faint|p2a: Mewtwo
|-damage|p1a: Dragapult|75/100 brn|[from] item: Life Orb
|
|-damage|p1a: Dragapult|69/100 brn|[from] brn
|-end|p1a: Dragapult|move: Taunt
|upkeep
|
|t:|1664902299
|switch|p2a: Necrozma|Necrozma-Dusk-Mane|100/100
|turn|7
|
|t:|1664902304
|switch|p2a: Arceus|Arceus|100/100
|move|p1a: Dragapult|Dragon Dance|p1a: Dragapult
|-boost|p1a: Dragapult|atk|1
|-boost|p1a: Dragapult|spe|1
|
|-damage|p1a: Dragapult|63/100 brn|[from] brn
|upkeep
|turn|8
|
|t:|1664902307
|move|p1a: Dragapult|Dragon Darts|p2a: Arceus
|-damage|p2a: Arceus|83/100
|-anim|p1a: Dragapult|Dragon Darts|p2a: Arceus
|-damage|p2a: Arceus|66/100
|-damage|p1a: Dragapult|53/100 brn|[from] item: Life Orb
|move|p2a: Arceus|Swords Dance|p2a: Arceus
|-boost|p2a: Arceus|atk|2
|
|-damage|p1a: Dragapult|47/100 brn|[from] brn
|upkeep
|turn|9
|
|t:|1664902312
|move|p1a: Dragapult|Dragon Darts|p2a: Arceus
|-damage|p2a: Arceus|49/100
|-anim|p1a: Dragapult|Dragon Darts|p2a: Arceus
|-damage|p2a: Arceus|32/100
|-damage|p1a: Dragapult|37/100 brn|[from] item: Life Orb
|move|p2a: Arceus|Earthquake|p1a: Dragapult
|-damage|p1a: Dragapult|0 fnt
|faint|p1a: Dragapult
|
|upkeep
|
|t:|1664902314
|switch|p1a: Ditto|Ditto, shiny|100/100
|-transform|p1a: Ditto|p2a: Arceus|[from] ability: Imposter
|turn|10
|
|t:|1664902318
|switch|p2a: Ho-Oh|Ho-Oh|100/100
|move|p1a: Ditto|Extreme Speed|p2a: Ho-Oh
|-damage|p2a: Ho-Oh|12/100
|
|upkeep
|turn|11
|
|t:|1664902321
|switch|p2a: Necrozma|Necrozma-Dusk-Mane|100/100
|move|p1a: Ditto|Extreme Speed|p2a: Necrozma
|-resisted|p2a: Necrozma
|-crit|p2a: Necrozma
|-damage|p2a: Necrozma|51/100
|
|upkeep
|turn|12
|
|t:|1664902325
|-start|p1a: Ditto|Dynamax|
|-heal|p1a: Ditto|100/100|[silent]
|move|p1a: Ditto|Max Quake|p2a: Necrozma
|-supereffective|p2a: Necrozma
|-damage|p2a: Necrozma|0 fnt
|-boost|p1a: Ditto|spd|1
|faint|p2a: Necrozma
|
|upkeep
|
|t:|1664902328
|switch|p2a: Zygarde|Zygarde|100/100
|turn|13
|
|t:|1664902331
|move|p1a: Ditto|Max Strike|p2a: Zygarde
|-crit|p2a: Zygarde
|-damage|p2a: Zygarde|0 fnt
|faint|p2a: Zygarde
|
|upkeep
|-message|1337RedGlitchFox forfeited.
|
|win|Goku Uchiha 2001
|raw|Goku Uchiha 2001's rating: 1783 &rarr; <strong>1802</strong><br />(+19 for winning)
|raw|1337RedGlitchFox's rating: 1757 &rarr; <strong>1738</strong><br />(-19 for losing)
|l|☆1337RedGlitchFox
