|j|☆bestlegendspamer32
|j|☆alwaysrinse
|t:|1657646350
|gametype|singles
|player|p1|bestlegendspamer32|preschooler|1613
|player|p2|alwaysrinse|265|1583
|teamsize|p1|6
|teamsize|p2|6
|gen|8
|tier|[Gen 8] National Dex AG
|rated|
|rule|HP Percentage Mod: HP is shown in percentages
|rule|Endless Battle Clause: Forcing endless battles is banned
|clearpoke
|poke|p1|Smeargle, F|
|poke|p1|Alakazam, M|
|poke|p1|Ditto|
|poke|p1|Cinderace, M|
|poke|p1|Calyrex-Ice|
|poke|p1|Kyogre|
|poke|p2|Necrozma-Dusk-Mane|
|poke|p2|Zacian-*|
|poke|p2|Yveltal|
|poke|p2|Arceus-*|
|poke|p2|Rayquaza|
|poke|p2|Calyrex-Shadow|
|teampreview
|inactive|Battle timer is ON: inactive players will automatically lose when time's up. (requested by bestlegendspamer32)
|
|t:|1657646357
|start
|switch|p1a: weiner art|Smeargle, F, shiny|100/100
|switch|p2a: Calyrex|Calyrex-Shadow|100/100
|-ability|p2a: Calyrex|As One
|-ability|p2a: Calyrex|Unnerve
|turn|1
|
|t:|1657646365
|move|p2a: Calyrex|Substitute|p2a: Calyrex
|-start|p2a: Calyrex|Substitute
|-damage|p2a: Calyrex|76/100
|move|p1a: weiner art|Quiver Dance|p1a: weiner art
|-boost|p1a: weiner art|spa|1
|-boost|p1a: weiner art|spd|1
|-boost|p1a: weiner art|spe|1
|
|-ability|p1a: weiner art|Moody|boost
|-boost|p1a: weiner art|spd|2
|-unboost|p1a: weiner art|spe|1
|upkeep
|turn|2
|
|t:|1657646371
|move|p2a: Calyrex|Nasty Plot|p2a: Calyrex
|-boost|p2a: Calyrex|spa|2
|move|p1a: weiner art|Minimize|p1a: weiner art
|-boost|p1a: weiner art|evasion|2
|
|-ability|p1a: weiner art|Moody|boost
|-boost|p1a: weiner art|atk|2
|-unboost|p1a: weiner art|spe|1
|upkeep
|turn|3
|
|t:|1657646387
|move|p2a: Calyrex|Draining Kiss|p1a: weiner art|[miss]
|-miss|p2a: Calyrex|p1a: weiner art
|move|p1a: weiner art|Minimize|p1a: weiner art
|-boost|p1a: weiner art|evasion|2
|
|-ability|p1a: weiner art|Moody|boost
|-boost|p1a: weiner art|def|2
|-unboost|p1a: weiner art|spa|1
|upkeep
|turn|4
|
|t:|1657646392
|move|p2a: Calyrex|Draining Kiss|p1a: weiner art|[miss]
|-miss|p2a: Calyrex|p1a: weiner art
|move|p1a: weiner art|Minimize|p1a: weiner art
|-boost|p1a: weiner art|evasion|2
|
|-ability|p1a: weiner art|Moody|boost
|-boost|p1a: weiner art|atk|2
|-unboost|p1a: weiner art|spd|1
|upkeep
|turn|5
|
|t:|1657646395
|move|p2a: Calyrex|Draining Kiss|p1a: weiner art|[miss]
|-miss|p2a: Calyrex|p1a: weiner art
|move|p1a: weiner art|Quiver Dance|p1a: weiner art
|-boost|p1a: weiner art|spa|1
|-boost|p1a: weiner art|spd|1
|-boost|p1a: weiner art|spe|1
|
|-ability|p1a: weiner art|Moody|boost
|-boost|p1a: weiner art|spa|2
|-unboost|p1a: weiner art|def|1
|upkeep
|turn|6
|
|t:|1657646400
|move|p2a: Calyrex|Draining Kiss|p1a: weiner art|[miss]
|-miss|p2a: Calyrex|p1a: weiner art
|move|p1a: weiner art|Quiver Dance|p1a: weiner art
|-boost|p1a: weiner art|spa|1
|-boost|p1a: weiner art|spd|1
|-boost|p1a: weiner art|spe|1
|
|-ability|p1a: weiner art|Moody|boost
|-boost|p1a: weiner art|def|2
|-unboost|p1a: weiner art|spe|1
|upkeep
|turn|7
|
|t:|1657646410
|move|p2a: Calyrex|Draining Kiss|p1a: weiner art|[miss]
|-miss|p2a: Calyrex|p1a: weiner art
|move|p1a: weiner art|Quiver Dance|p1a: weiner art
|-boost|p1a: weiner art|spa|1
|-boost|p1a: weiner art|spd|1
|-boost|p1a: weiner art|spe|1
|
|-ability|p1a: weiner art|Moody|boost
|-boost|p1a: weiner art|spd|1
|-unboost|p1a: weiner art|spe|1
|upkeep
|turn|8
|
|t:|1657646417
|move|p2a: Calyrex|Draining Kiss|p1a: weiner art
|-damage|p1a: weiner art|64/100
|-heal|p2a: Calyrex|96/100|[from] drain|[of] p1a: weiner art
|-damage|p2a: Calyrex|86/100|[from] item: Life Orb
|move|p1a: weiner art|Baton Pass|p1a: weiner art
|
|t:|1657646419
|switch|p1a: spooners|Alakazam, M, shiny|100/100|[from]move: Baton Pass
|
|upkeep
|turn|9
|
|t:|1657646428
|detailschange|p1a: spooners|Alakazam-Mega, M, shiny
|-mega|p1a: spooners|Alakazam|Alakazite
|move|p1a: spooners|Psychic|p2a: Calyrex
|-resisted|p2a: Calyrex
|-end|p2a: Calyrex|Substitute
|move|p2a: Calyrex|Astral Barrage|p1a: spooners|[miss]
|-miss|p2a: Calyrex|p1a: spooners
|
|upkeep
|turn|10
|
|t:|1657646436
|-start|p2a: Calyrex|Dynamax|
|-heal|p2a: Calyrex|86/100|[silent]
|move|p2a: Calyrex|Max Phantasm|p1a: spooners
|-supereffective|p1a: spooners
|-damage|p1a: spooners|0 fnt
|faint|p1a: spooners
|-ability|p2a: Calyrex|Grim Neigh|boost
|-boost|p2a: Calyrex|spa|1
|-damage|p2a: Calyrex|81/100|[from] item: Life Orb
|
|upkeep
|
|t:|1657646445
|switch|p1a: nice baton geek|Ditto, shiny|100/100
|-transform|p1a: nice baton geek|p2a: Calyrex|[from] ability: Imposter
|turn|11
|
|t:|1657646449
|move|p2a: Calyrex|Max Guard|p2a: Calyrex
|-singleturn|p2a: Calyrex|Max Guard
|move|p1a: nice baton geek|Astral Barrage|p2a: Calyrex
|-activate|p2a: Calyrex|move: Max Guard
|
|upkeep
|turn|12
|
|t:|1657646456
|move|p1a: nice baton geek|Astral Barrage|p2a: Calyrex
|-supereffective|p2a: Calyrex
|-damage|p2a: Calyrex|0 fnt
|faint|p2a: Calyrex
|-ability|p1a: nice baton geek|Grim Neigh|boost
|-boost|p1a: nice baton geek|spa|1
|
|upkeep
|
|t:|1657646459
|switch|p2a: Yveltal|Yveltal|100/100
|-ability|p2a: Yveltal|Dark Aura
|turn|13
|
|t:|1657646466
|-start|p1a: nice baton geek|Dynamax|
|-heal|p1a: nice baton geek|100/100|[silent]
|move|p1a: nice baton geek|Max Starfall|p2a: Yveltal
|-supereffective|p2a: Yveltal
|-damage|p2a: Yveltal|0 fnt
|-fieldstart|move: Misty Terrain
|faint|p2a: Yveltal
|-ability|p1a: nice baton geek|Grim Neigh|boost
|-boost|p1a: nice baton geek|spa|1
|
|upkeep
|c|☆bestlegendspamer32|no sucker punch?
|c|☆alwaysrinse|no
|inactive|alwaysrinse has 120 seconds left.
|
|t:|1657646499
|switch|p2a: Arceus|Arceus-Ground|100/100
|turn|14
|
|t:|1657646507
|move|p1a: nice baton geek|Max Phantasm|p2a: Arceus
|-damage|p2a: Arceus|0 fnt
|faint|p2a: Arceus
|-ability|p1a: nice baton geek|Grim Neigh|boost
|-boost|p1a: nice baton geek|spa|1
|
|upkeep
|
|t:|1657646514
|switch|p2a: Rayquaza|Rayquaza|100/100
|-ability|p2a: Rayquaza|Air Lock
|turn|15
|
|t:|1657646517
|detailschange|p2a: Rayquaza|Rayquaza-Mega
|-mega|p2a: Rayquaza|Rayquaza|
|-weather|DeltaStream|[from] ability: Delta Stream|[of] p2a: Rayquaza
|move|p1a: nice baton geek|Max Starfall|p2a: Rayquaza
|-supereffective|p2a: Rayquaza
|-damage|p2a: Rayquaza|0 fnt
|faint|p2a: Rayquaza
|-weather|none
|
|upkeep
|
|t:|1657646526
|switch|p2a: Zacian|Zacian-Crowned|100/100
|-ability|p2a: Zacian|Intrepid Sword|boost
|-boost|p2a: Zacian|atk|1
|-end|p1a: nice baton geek|Dynamax
|-heal|p1a: nice baton geek|100/100|[silent]
|turn|16
|
|t:|1657646530
|move|p1a: nice baton geek|Astral Barrage|p2a: Zacian
|-damage|p2a: Zacian|0 fnt
|faint|p2a: Zacian
|
|upkeep
|
|t:|1657646532
|switch|p2a: Necrozma|Necrozma-Dusk-Mane|100/100
|turn|17
|c|☆bestlegendspamer32|no e speed?
|
|t:|1657646535
|move|p1a: nice baton geek|Astral Barrage|p2a: Necrozma
|-supereffective|p2a: Necrozma
|-damage|p2a: Necrozma|0 fnt
|faint|p2a: Necrozma
|
|win|bestlegendspamer32
|raw|bestlegendspamer32's rating: 1613 &rarr; <strong>1631</strong><br />(+18 for winning)
|raw|alwaysrinse's rating: 1583 &rarr; <strong>1565</strong><br />(-18 for losing)
|c|☆alwaysrinse|you're a ghost type
|c|☆bestlegendspamer32|no mons?
|c|☆alwaysrinse|why would I espeed
|c|☆bestlegendspamer32|u wouldnt im trolling u
||Ladder isn't responding, score probably updated but might not have (Request timeout).
