|j|☆iHaveAsthma
|j|☆DiegoDM©
|t:|1654264473
|gametype|singles
|player|p1|iHaveAsthma|doctor|1702
|player|p2|DiegoDM©|wikstrom|1689
|teamsize|p1|6
|teamsize|p2|6
|gen|8
|tier|[Gen 8] National Dex AG
|rated|
|rule|HP Percentage Mod: HP is shown in percentages
|rule|Endless Battle Clause: Forcing endless battles is banned
|clearpoke
|poke|p1|Yveltal|
|poke|p1|Rayquaza|
|poke|p1|Groudon|
|poke|p1|Lugia|
|poke|p1|Arceus-*|
|poke|p1|Kyurem-White|
|poke|p2|Deoxys-Attack|
|poke|p2|Calyrex-Shadow|
|poke|p2|Lugia|
|poke|p2|Xerneas-*|
|poke|p2|Rayquaza|
|poke|p2|Yveltal|
|teampreview
|inactive|Battle timer is ON: inactive players will automatically lose when time's up. (requested by DiegoDM©)
|
|t:|1654264483
|start
|switch|p1a: Rayquaza|Rayquaza|100/100
|switch|p2a: Calyrex|Calyrex-Shadow|100/100
|-ability|p2a: Calyrex|As One
|-ability|p2a: Calyrex|Unnerve
|-ability|p1a: Rayquaza|Air Lock
|turn|1
|
|t:|1654264493
|detailschange|p1a: Rayquaza|Rayquaza-Mega
|-mega|p1a: Rayquaza|Rayquaza|
|-weather|DeltaStream|[from] ability: Delta Stream|[of] p1a: Rayquaza
|move|p2a: Calyrex|Astral Barrage|p1a: Rayquaza
|-damage|p1a: Rayquaza|24/100
|move|p1a: Rayquaza|Scale Shot|p2a: Calyrex
|-damage|p2a: Calyrex|78/100
|-damage|p2a: Calyrex|57/100
|-damage|p2a: Calyrex|36/100
|-damage|p2a: Calyrex|13/100
|-damage|p2a: Calyrex|0 fnt
|faint|p2a: Calyrex
|-hitcount|p2: Calyrex|5
|-unboost|p1a: Rayquaza|def|1
|-boost|p1a: Rayquaza|spe|1
|
|-weather|DeltaStream|[upkeep]
|upkeep
|
|t:|1654264502
|switch|p2a: Deoxys|Deoxys-Attack|100/100
|-ability|p2a: Deoxys|Pressure
|turn|2
|
|t:|1654264516
|move|p2a: Deoxys|Extreme Speed|p1a: Rayquaza
|-damage|p1a: Rayquaza|0 fnt
|faint|p1a: Rayquaza
|-weather|none
|
|upkeep
|
|t:|1654264526
|switch|p1a: Yveltal|Yveltal|100/100
|-ability|p1a: Yveltal|Dark Aura
|turn|3
|
|t:|1654264532
|move|p2a: Deoxys|Stealth Rock|p1a: Yveltal
|-sidestart|p1: iHaveAsthma|move: Stealth Rock
|move|p1a: Yveltal|Oblivion Wing|p2a: Deoxys
|-crit|p2a: Deoxys
|-enditem|p2a: Deoxys|Focus Sash
|-damage|p2a: Deoxys|1/100
|-damage|p1a: Yveltal|91/100|[from] item: Life Orb
|
|upkeep
|turn|4
|
|t:|1654264546
|move|p2a: Deoxys|Thunderbolt|p1a: Yveltal
|-supereffective|p1a: Yveltal
|-damage|p1a: Yveltal|27/100
|move|p1a: Yveltal|U-turn|p2a: Deoxys
|-supereffective|p2a: Deoxys
|-damage|p2a: Deoxys|0 fnt
|faint|p2a: Deoxys
|-damage|p1a: Yveltal|18/100|[from] item: Life Orb
|
|t:|1654264549
|switch|p1a: Lugia|Lugia|100/100|[from]move: U-turn
|
|upkeep
|
|t:|1654264556
|switch|p2a: Lugia|Lugia|100/100
|turn|5
|
|t:|1654264585
|move|p2a: Lugia|Thunder Wave|p1a: Lugia
|-status|p1a: Lugia|par
|move|p1a: Lugia|Defog|p2a: Lugia
|-unboost|p2a: Lugia|evasion|1
|-sideend|p1: iHaveAsthma|Stealth Rock|[from] move: Defog|[of] p1a: Lugia
|
|upkeep
|turn|6
|
|t:|1654264605
|switch|p1a: Groudon|Groudon|100/100
|detailschange|p1a: Groudon|Groudon-Primal
|-primal|p1a: Groudon
|-weather|DesolateLand|[from] ability: Desolate Land|[of] p1a: Groudon
|move|p2a: Lugia|Ice Beam|p1a: Groudon
|-damage|p1a: Groudon|78/100
|
|-weather|DesolateLand|[upkeep]
|upkeep
|turn|7
|inactive|iHaveAsthma has 120 seconds left.
|
|t:|1654264634
|move|p1a: Groudon|Toxic|p2a: Lugia
|-status|p2a: Lugia|tox
|move|p2a: Lugia|Ice Beam|p1a: Groudon
|-damage|p1a: Groudon|56/100
|
|-weather|DesolateLand|[upkeep]
|-damage|p2a: Lugia|94/100 tox|[from] psn
|upkeep
|turn|8
|
|t:|1654264654
|move|p1a: Groudon|Stealth Rock|p2a: Lugia
|-sidestart|p2: DiegoDM©|move: Stealth Rock
|move|p2a: Lugia|Ice Beam|p1a: Groudon
|-damage|p1a: Groudon|36/100
|
|-weather|DesolateLand|[upkeep]
|-damage|p2a: Lugia|82/100 tox|[from] psn
|upkeep
|turn|9
|j| MVP2536
|inactive|iHaveAsthma has 120 seconds left.
|
|t:|1654264702
|move|p1a: Groudon|Eruption|p2a: Lugia
|-damage|p2a: Lugia|54/100 tox
|move|p2a: Lugia|Defog|p1a: Groudon
|-unboost|p1a: Groudon|evasion|1
|-sideend|p2: DiegoDM©|Stealth Rock|[from] move: Defog|[of] p2a: Lugia
|
|-weather|DesolateLand|[upkeep]
|-damage|p2a: Lugia|36/100 tox|[from] psn
|upkeep
|turn|10
|inactive|DiegoDM© has 120 seconds left.
|
|t:|1654264736
|switch|p2a: Yveltal|Yveltal|100/100
|-ability|p2a: Yveltal|Dark Aura
|move|p1a: Groudon|Stealth Rock|p2a: Yveltal
|-sidestart|p2: DiegoDM©|move: Stealth Rock
|
|-weather|DesolateLand|[upkeep]
|upkeep
|turn|11
|
|t:|1654264740
|-start|p2a: Yveltal|Dynamax|
|-heal|p2a: Yveltal|100/100|[silent]
|move|p1a: Groudon|Toxic|p2a: Yveltal
|-status|p2a: Yveltal|tox
|move|p2a: Yveltal|Max Airstream|p1a: Groudon
|-damage|p1a: Groudon|0 fnt
|-boost|p2a: Yveltal|spe|1
|faint|p1a: Groudon
|-weather|none
|-damage|p2a: Yveltal|96/100 tox|[from] item: Life Orb
|
|-damage|p2a: Yveltal|93/100 tox|[from] psn
|upkeep
|
|t:|1654264743
|switch|p1a: Yveltal|Yveltal|18/100
|-ability|p1a: Yveltal|Dark Aura
|turn|12
|
|t:|1654264745
|move|p2a: Yveltal|Max Airstream|p1a: Yveltal
|-damage|p1a: Yveltal|0 fnt
|-boost|p2a: Yveltal|spe|1
|faint|p1a: Yveltal
|-damage|p2a: Yveltal|88/100 tox|[from] item: Life Orb
|
|-damage|p2a: Yveltal|81/100 tox|[from] psn
|upkeep
|
|t:|1654264759
|switch|p1a: Lugia|Lugia|100/100 par
|turn|13
|
|t:|1654264767
|move|p2a: Yveltal|Max Darkness|p1a: Lugia
|-supereffective|p1a: Lugia
|-damage|p1a: Lugia|30/100 par
|-unboost|p1a: Lugia|spd|1
|-damage|p2a: Yveltal|77/100 tox|[from] item: Life Orb
|move|p1a: Lugia|Roost|p1a: Lugia
|-heal|p1a: Lugia|80/100 par
|-singleturn|p1a: Lugia|move: Roost
|
|-damage|p2a: Yveltal|67/100 tox|[from] psn
|upkeep
|-end|p2a: Yveltal|Dynamax
|-heal|p2a: Yveltal|68/100 tox|[silent]
|turn|14
|inactive|iHaveAsthma has 120 seconds left.
|inactive|iHaveAsthma has 90 seconds left.
|
|t:|1654264842
|move|p2a: Yveltal|Dark Pulse|p1a: Lugia
|-supereffective|p1a: Lugia
|-damage|p1a: Lugia|0 fnt
|faint|p1a: Lugia
|-damage|p2a: Yveltal|58/100 tox|[from] item: Life Orb
|
|-damage|p2a: Yveltal|33/100 tox|[from] psn
|upkeep
|
|t:|1654264844
|switch|p1a: Arceus|Arceus|100/100
|turn|15
|
|t:|1654264857
|move|p1a: Arceus|Extreme Speed|p2a: Yveltal
|-damage|p2a: Yveltal|0 fnt
|faint|p2a: Yveltal
|-damage|p1a: Arceus|91/100|[from] item: Life Orb
|
|upkeep
|
|t:|1654264863
|switch|p2a: Lugia|Lugia|36/100 tox
|turn|16
|inactive|iHaveAsthma has 90 seconds left.
|
|t:|1654264886
|move|p1a: Arceus|Swords Dance|p1a: Arceus
|-boost|p1a: Arceus|atk|2
|move|p2a: Lugia|Defog|p1a: Arceus
|-unboost|p1a: Arceus|evasion|1
|-sideend|p2: DiegoDM©|Stealth Rock|[from] move: Defog|[of] p2a: Lugia
|
|-damage|p2a: Lugia|29/100 tox|[from] psn
|upkeep
|turn|17
|inactive|iHaveAsthma has 90 seconds left.
|inactive|DiegoDM© has 120 seconds left.
|
|t:|1654264927
|move|p1a: Arceus|Extreme Speed|p2a: Lugia
|-damage|p2a: Lugia|0 fnt
|faint|p2a: Lugia
|-damage|p1a: Arceus|81/100|[from] item: Life Orb
|
|upkeep
|
|t:|1654264932
|switch|p2a: Rayquaza|Rayquaza|100/100
|-ability|p2a: Rayquaza|Air Lock
|turn|18
|
|t:|1654264940
|detailschange|p2a: Rayquaza|Rayquaza-Mega
|-mega|p2a: Rayquaza|Rayquaza|
|-weather|DeltaStream|[from] ability: Delta Stream|[of] p2a: Rayquaza
|move|p1a: Arceus|Extreme Speed|p2a: Rayquaza
|-enditem|p2a: Rayquaza|Focus Sash
|-damage|p2a: Rayquaza|1/100
|-damage|p1a: Arceus|71/100|[from] item: Life Orb
|move|p2a: Rayquaza|Dragon Ascent|p1a: Arceus
|-damage|p1a: Arceus|12/100
|-unboost|p2a: Rayquaza|def|1
|-unboost|p2a: Rayquaza|spd|1
|
|-weather|DeltaStream|[upkeep]
|upkeep
|turn|19
|inactive|DiegoDM© has 120 seconds left.
|
|t:|1654264972
|move|p2a: Rayquaza|Extreme Speed|p1a: Arceus
|-damage|p1a: Arceus|0 fnt
|faint|p1a: Arceus
|
|-weather|DeltaStream|[upkeep]
|upkeep
|c|☆DiegoDM©|gg
|
|t:|1654264980
|switch|p1a: Kyurem|Kyurem-White|100/100
|-ability|p1a: Kyurem|Turboblaze
|turn|20
|
|t:|1654264993
|move|p1a: Kyurem|Ice Beam|p2a: Rayquaza
|-activate||deltastream
|-supereffective|p2a: Rayquaza
|-damage|p2a: Rayquaza|0 fnt
|faint|p2a: Rayquaza
|-weather|none
|
|upkeep
|
|t:|1654264997
|switch|p2a: Xerneas|Xerneas|100/100
|-ability|p2a: Xerneas|Fairy Aura
|turn|21
|inactive|iHaveAsthma has 120 seconds left.
|
|t:|1654265008
|-start|p1a: Kyurem|Dynamax|
|-heal|p1a: Kyurem|100/100|[silent]
|move|p1a: Kyurem|Max Hailstorm|p2a: Xerneas
|-damage|p2a: Xerneas|29/100
|-weather|Hail
|move|p2a: Xerneas|Geomancy||[still]
|-prepare|p2a: Xerneas|Geomancy
|-enditem|p2a: Xerneas|Power Herb
|-anim|p2a: Xerneas|Geomancy|p2a: Xerneas
|-boost|p2a: Xerneas|spa|2
|-boost|p2a: Xerneas|spd|2
|-boost|p2a: Xerneas|spe|2
|
|-weather|Hail|[upkeep]
|-damage|p2a: Xerneas|23/100|[from] Hail
|upkeep
|turn|22
|
|t:|1654265012
|move|p2a: Xerneas|Moonblast|p1a: Kyurem
|-supereffective|p1a: Kyurem
|-damage|p1a: Kyurem|0 fnt
|faint|p1a: Kyurem
|
|win|DiegoDM©
|raw|iHaveAsthma's rating: 1702 &rarr; <strong>1681</strong><br />(-21 for losing)
|raw|DiegoDM©'s rating: 1688 &rarr; <strong>1709</strong><br />(+21 for winning)
|l|☆iHaveAsthma
|l| MVP2536
