|j|☆IAmJklol
|j|☆llmmllmm
|t:|1657757281
|gametype|singles
|player|p1|IAmJklol|steven|
|player|p2|llmmllmm|tuberf|
|teamsize|p1|6
|teamsize|p2|6
|gen|8
|tier|[Gen 8] National Dex AG
|rule|HP Percentage Mod: HP is shown in percentages
|rule|Endless Battle Clause: Forcing endless battles is banned
|clearpoke
|poke|p1|Vivillon, F|
|poke|p1|Smeargle, M|
|poke|p1|Arceus-*|
|poke|p1|Rayquaza|
|poke|p1|Tyranitar, F|
|poke|p1|Arceus-*|
|poke|p2|Ho-Oh|
|poke|p2|Necrozma-Dusk-Mane|
|poke|p2|Zygarde|
|poke|p2|Rayquaza|
|poke|p2|Calyrex-Shadow|
|poke|p2|Arceus-*|
|teampreview
|inactive|Battle timer is ON: inactive players will automatically lose when time's up. (requested by llmmllmm)
|inactive|IAmJklol also wants the timer to be on.
|c|☆llmmllmm|no
|
|t:|1657757288
|start
|switch|p1a: Smeargle|Smeargle, M|100/100
|switch|p2a: Rayquaza|Rayquaza|100/100
|-ability|p2a: Rayquaza|Air Lock
|turn|1
|c|☆llmmllmm|no
|
|t:|1657757292
|detailschange|p2a: Rayquaza|Rayquaza-Mega
|-mega|p2a: Rayquaza|Rayquaza|
|-weather|DeltaStream|[from] ability: Delta Stream|[of] p2a: Rayquaza
|move|p2a: Rayquaza|Extreme Speed|p1a: Smeargle
|-enditem|p1a: Smeargle|Focus Sash
|-damage|p1a: Smeargle|1/100
|move|p1a: Smeargle|Spore|p2a: Rayquaza
|-status|p2a: Rayquaza|slp|[from] move: Spore
|
|-weather|DeltaStream|[upkeep]
|-ability|p1a: Smeargle|Moody|boost
|-boost|p1a: Smeargle|spa|2
|-unboost|p1a: Smeargle|def|1
|upkeep
|turn|2
|
|t:|1657757297
|cant|p2a: Rayquaza|slp
|move|p1a: Smeargle|Sticky Web|p2a: Rayquaza
|-sidestart|p2: llmmllmm|move: Sticky Web
|
|-weather|DeltaStream|[upkeep]
|-ability|p1a: Smeargle|Moody|boost
|-boost|p1a: Smeargle|spa|2
|-unboost|p1a: Smeargle|spe|1
|upkeep
|turn|3
|c|☆IAmJklol|im gonna give you up
|
|t:|1657757300
|-curestatus|p2a: Rayquaza|slp|[msg]
|move|p2a: Rayquaza|Extreme Speed|p1a: Smeargle
|-damage|p1a: Smeargle|0 fnt
|faint|p1a: Smeargle
|
|-weather|DeltaStream|[upkeep]
|upkeep
|c|☆IAmJklol|wtf
|c|☆llmmllmm|no
|
|t:|1657757311
|switch|p1a: Rayquaza|Rayquaza|100/100
|-ability|p1a: Rayquaza|Air Lock
|turn|4
|
|t:|1657757318
|-weather|none
|switch|p2a: Necrozma|Necrozma-Dusk-Mane|100/100
|-activate|p2a: Necrozma|move: Sticky Web
|-unboost|p2a: Necrozma|spe|1
|detailschange|p1a: Rayquaza|Rayquaza-Mega
|-mega|p1a: Rayquaza|Rayquaza|
|-weather|DeltaStream|[from] ability: Delta Stream|[of] p1a: Rayquaza
|move|p1a: Rayquaza|Dragon Dance|p1a: Rayquaza
|-boost|p1a: Rayquaza|atk|1
|-boost|p1a: Rayquaza|spe|1
|
|-weather|DeltaStream|[upkeep]
|upkeep
|turn|5
|
|t:|1657757322
|-start|p2a: Necrozma|Dynamax|
|-heal|p2a: Necrozma|100/100|[silent]
|move|p1a: Rayquaza|Earthquake|p2a: Necrozma
|-supereffective|p2a: Necrozma
|-damage|p2a: Necrozma|61/100
|-damage|p1a: Rayquaza|91/100|[from] item: Life Orb
|move|p2a: Necrozma|Max Steelspike|p1a: Rayquaza
|-damage|p1a: Rayquaza|32/100
|-boost|p2a: Necrozma|def|1
|
|-weather|DeltaStream|[upkeep]
|upkeep
|turn|6
|c|☆IAmJklol|aw scary
|
|t:|1657757337
|-weather|none
|switch|p1a: Arceus|Arceus-Water|100/100
|move|p2a: Necrozma|Max Steelspike|p1a: Arceus
|-resisted|p1a: Arceus
|-damage|p1a: Arceus|84/100
|-boost|p2a: Necrozma|def|1
|
|upkeep
|turn|7
|c|☆llmmllmm|wtf stop
|
|t:|1657757343
|move|p1a: Arceus|Calm Mind|p1a: Arceus
|-boost|p1a: Arceus|spa|1
|-boost|p1a: Arceus|spd|1
|move|p2a: Necrozma|Max Darkness|p1a: Arceus
|-damage|p1a: Arceus|64/100
|-unboost|p1a: Arceus|spd|1
|
|upkeep
|-end|p2a: Necrozma|Dynamax
|-heal|p2a: Necrozma|61/100|[silent]
|turn|8
|
|t:|1657757348
|switch|p2a: Ho-Oh|Ho-Oh|100/100
|move|p1a: Arceus|Substitute|p1a: Arceus
|-start|p1a: Arceus|Substitute
|-damage|p1a: Arceus|39/100
|
|upkeep
|turn|9
|
|t:|1657757351
|move|p1a: Arceus|Recover|p1a: Arceus
|-heal|p1a: Arceus|89/100
|move|p2a: Ho-Oh|Whirlwind|p1a: Arceus
|drag|p1a: Vivillon|Vivillon, F|100/100
|
|upkeep
|turn|10
|c|☆llmmllmm|WT
|
|t:|1657757358
|switch|p2a: Zygarde|Zygarde|100/100
|-activate|p2a: Zygarde|move: Sticky Web
|-unboost|p2a: Zygarde|spe|1
|move|p1a: Vivillon|Sleep Powder|p2a: Zygarde
|-status|p2a: Zygarde|slp|[from] move: Sleep Powder
|
|upkeep
|turn|11
|c|☆IAmJklol|heheheha
|c|☆IAmJklol|shiet
|
|t:|1657757366
|move|p1a: Vivillon|Quiver Dance|p1a: Vivillon
|-boost|p1a: Vivillon|spa|1
|-boost|p1a: Vivillon|spd|1
|-boost|p1a: Vivillon|spe|1
|cant|p2a: Zygarde|slp
|move|p2a: Zygarde|Sleep Talk|p2a: Zygarde
|move|p2a: Zygarde|Coil|p2a: Zygarde|[from]move: Sleep Talk
|-boost|p2a: Zygarde|atk|1
|-boost|p2a: Zygarde|def|1
|-boost|p2a: Zygarde|accuracy|1
|
|upkeep
|turn|12
|c|☆llmmllmm|SMH
|
|t:|1657757372
|move|p1a: Vivillon|Substitute|p1a: Vivillon
|-start|p1a: Vivillon|Substitute
|-damage|p1a: Vivillon|76/100
|cant|p2a: Zygarde|slp
|move|p2a: Zygarde|Sleep Talk|p2a: Zygarde
|move|p2a: Zygarde|Rest||[from]move: Sleep Talk|[still]
|-fail|p2a: Zygarde
|
|-heal|p1a: Vivillon|82/100|[from] item: Leftovers
|upkeep
|turn|13
|
|t:|1657757376
|move|p1a: Vivillon|Hurricane|p2a: Zygarde
|-damage|p2a: Zygarde|58/100 slp
|cant|p2a: Zygarde|slp
|move|p2a: Zygarde|Sleep Talk|p2a: Zygarde
|move|p2a: Zygarde|Thousand Arrows|p1a: Vivillon|[from]move: Sleep Talk
|-end|p1a: Vivillon|Substitute
|
|-heal|p1a: Vivillon|88/100|[from] item: Leftovers
|-heal|p2a: Zygarde|64/100 slp|[from] item: Leftovers
|upkeep
|turn|14
|c|☆llmmllmm|fufk
|
|t:|1657757384
|move|p1a: Vivillon|Substitute|p1a: Vivillon
|-start|p1a: Vivillon|Substitute
|-damage|p1a: Vivillon|63/100
|-curestatus|p2a: Zygarde|slp|[msg]
|move|p2a: Zygarde|Thousand Arrows|p1a: Vivillon
|-end|p1a: Vivillon|Substitute
|
|-heal|p1a: Vivillon|69/100|[from] item: Leftovers
|-heal|p2a: Zygarde|70/100|[from] item: Leftovers
|upkeep
|turn|15
|
|t:|1657757387
|move|p1a: Vivillon|Sleep Powder|p2a: Zygarde
|-status|p2a: Zygarde|slp|[from] move: Sleep Powder
|cant|p2a: Zygarde|slp
|move|p2a: Zygarde|Sleep Talk|p2a: Zygarde
|move|p2a: Zygarde|Thousand Arrows|p1a: Vivillon|[from]move: Sleep Talk
|-damage|p1a: Vivillon|0 fnt
|faint|p1a: Vivillon
|
|-heal|p2a: Zygarde|76/100 slp|[from] item: Leftovers
|upkeep
|c|☆llmmllmm|game
|c|☆IAmJklol|wtf
|c|☆IAmJklol|rng
|
|t:|1657757393
|switch|p1a: Arceus|Arceus-Water|89/100
|turn|16
|c|☆llmmllmm|:)
|
|t:|1657757399
|switch|p2a: Ho-Oh|Ho-Oh|100/100
|move|p1a: Arceus|Calm Mind|p1a: Arceus
|-boost|p1a: Arceus|spa|1
|-boost|p1a: Arceus|spd|1
|
|upkeep
|turn|17
|
|t:|1657757403
|move|p1a: Arceus|Judgment|p2a: Ho-Oh
|-supereffective|p2a: Ho-Oh
|-damage|p2a: Ho-Oh|32/100
|move|p2a: Ho-Oh|Whirlwind|p1a: Arceus
|drag|p1a: Rayquaza|Rayquaza-Mega|32/100
|-weather|DeltaStream|[from] ability: Delta Stream|[of] p1a: Rayquaza
|
|-weather|DeltaStream|[upkeep]
|upkeep
|turn|18
|
|t:|1657757407
|switch|p2a: Necrozma|Necrozma-Dusk-Mane|61/100
|-activate|p2a: Necrozma|move: Sticky Web
|-unboost|p2a: Necrozma|spe|1
|move|p1a: Rayquaza|Dragon Dance|p1a: Rayquaza
|-boost|p1a: Rayquaza|atk|1
|-boost|p1a: Rayquaza|spe|1
|
|-weather|DeltaStream|[upkeep]
|upkeep
|turn|19
|
|t:|1657757412
|switch|p2a: Rayquaza|Rayquaza-Mega|100/100
|move|p1a: Rayquaza|Earthquake|p2a: Rayquaza
|-immune|p2a: Rayquaza
|
|-weather|DeltaStream|[upkeep]
|upkeep
|turn|20
|
|t:|1657757421
|switch|p1a: Tyranitar|Tyranitar, F|100/100
|-ability|p1a: Tyranitar|Sand Stream|[from] deltastream|[fail]
|move|p2a: Rayquaza|Extreme Speed|p1a: Tyranitar
|-resisted|p1a: Tyranitar
|-damage|p1a: Tyranitar|79/100
|
|-weather|DeltaStream|[upkeep]
|-heal|p1a: Tyranitar|85/100|[from] item: Leftovers
|upkeep
|turn|21
|c|☆llmmllmm|tf stop
|
|t:|1657757442
|-weather|none
|switch|p2a: Necrozma|Necrozma-Dusk-Mane|61/100
|-activate|p2a: Necrozma|move: Sticky Web
|-unboost|p2a: Necrozma|spe|1
|move|p1a: Tyranitar|Roar|p2a: Necrozma
|drag|p2a: Calyrex|Calyrex-Shadow|100/100
|-ability|p2a: Calyrex|As One
|-ability|p2a: Calyrex|Unnerve
|-activate|p2a: Calyrex|move: Sticky Web
|-unboost|p2a: Calyrex|spe|1
|
|-heal|p1a: Tyranitar|91/100|[from] item: Leftovers
|upkeep
|turn|22
|c|☆IAmJklol|HAHA
|
|t:|1657757451
|move|p2a: Calyrex|Leaf Storm|p1a: Tyranitar
|-supereffective|p1a: Tyranitar
|-damage|p1a: Tyranitar|10/100
|-unboost|p2a: Calyrex|spa|2
|move|p1a: Tyranitar|Pursuit|p2a: Calyrex
|-supereffective|p2a: Calyrex
|-damage|p2a: Calyrex|16/100
|
|-heal|p1a: Tyranitar|16/100|[from] item: Leftovers
|upkeep
|turn|23
|
|t:|1657757456
|move|p2a: Calyrex|Leaf Storm|p1a: Tyranitar
|-supereffective|p1a: Tyranitar
|-damage|p1a: Tyranitar|0 fnt
|-unboost|p2a: Calyrex|spa|2
|faint|p1a: Tyranitar
|-ability|p2a: Calyrex|Grim Neigh|boost
|-boost|p2a: Calyrex|spa|1
|
|upkeep
|
|t:|1657757461
|switch|p1a: Arceus|Arceus-Water|89/100
|turn|24
|c|☆llmmllmm|.-.
|
|t:|1657757466
|switch|p2a: Rayquaza|Rayquaza-Mega|100/100
|-weather|DeltaStream|[from] ability: Delta Stream|[of] p2a: Rayquaza
|move|p1a: Arceus|Calm Mind|p1a: Arceus
|-boost|p1a: Arceus|spa|1
|-boost|p1a: Arceus|spd|1
|
|-weather|DeltaStream|[upkeep]
|upkeep
|turn|25
|
|t:|1657757472
|-start|p1a: Arceus|Dynamax|
|-heal|p1a: Arceus|89/100|[silent]
|move|p2a: Rayquaza|Dragon Ascent|p1a: Arceus
|-damage|p1a: Arceus|61/100
|-unboost|p2a: Rayquaza|def|1
|-unboost|p2a: Rayquaza|spd|1
|move|p1a: Arceus|Max Geyser|p2a: Rayquaza
|-resisted|p2a: Rayquaza
|-damage|p2a: Rayquaza|34/100
|
|-weather|DeltaStream|[upkeep]
|upkeep
|turn|26
|c|☆llmmllmm|damage where
|c|☆IAmJklol|gone
|
|t:|1657757488
|-weather|none
|switch|p2a: Arceus|Arceus-Water|100/100
|-activate|p2a: Arceus|move: Sticky Web
|-unboost|p2a: Arceus|spe|1
|move|p1a: Arceus|Max Geyser|p2a: Arceus
|-resisted|p2a: Arceus
|-damage|p2a: Arceus|70/100
|-weather|RainDance
|
|-weather|RainDance|[upkeep]
|upkeep
|turn|27
|
|t:|1657757492
|move|p1a: Arceus|Max Geyser|p2a: Arceus
|-resisted|p2a: Arceus
|-damage|p2a: Arceus|25/100
|move|p2a: Arceus|Recover|p2a: Arceus
|-heal|p2a: Arceus|75/100
|
|-weather|RainDance|[upkeep]
|upkeep
|-end|p1a: Arceus|Dynamax
|-heal|p1a: Arceus|61/100|[silent]
|turn|28
|
|t:|1657757500
|move|p1a: Arceus|Calm Mind|p1a: Arceus
|-boost|p1a: Arceus|spa|1
|-boost|p1a: Arceus|spd|1
|move|p2a: Arceus|Substitute|p2a: Arceus
|-start|p2a: Arceus|Substitute
|-damage|p2a: Arceus|50/100
|
|-weather|RainDance|[upkeep]
|upkeep
|turn|29
|
|t:|1657757506
|move|p1a: Arceus|Calm Mind|p1a: Arceus
|-boost|p1a: Arceus|spa|1
|-boost|p1a: Arceus|spd|1
|move|p2a: Arceus|Calm Mind|p2a: Arceus
|-boost|p2a: Arceus|spa|1
|-boost|p2a: Arceus|spd|1
|
|-weather|RainDance|[upkeep]
|upkeep
|turn|30
|c|☆llmmllmm|;)
|
|t:|1657757511
|move|p1a: Arceus|Judgment|p2a: Arceus
|-resisted|p2a: Arceus
|-end|p2a: Arceus|Substitute
|move|p2a: Arceus|Calm Mind|p2a: Arceus
|-boost|p2a: Arceus|spa|1
|-boost|p2a: Arceus|spd|1
|
|-weather|none
|upkeep
|turn|31
|c|☆IAmJklol|no you
|
|t:|1657757518
|move|p1a: Arceus|Judgment|p2a: Arceus
|-resisted|p2a: Arceus
|-damage|p2a: Arceus|29/100
|move|p2a: Arceus|Recover|p2a: Arceus
|-heal|p2a: Arceus|79/100
|
|upkeep
|turn|32
|
|t:|1657757521
|move|p1a: Arceus|Substitute|p1a: Arceus
|-start|p1a: Arceus|Substitute
|-damage|p1a: Arceus|36/100
|move|p2a: Arceus|Calm Mind|p2a: Arceus
|-boost|p2a: Arceus|spa|1
|-boost|p2a: Arceus|spd|1
|
|upkeep
|turn|33
|
|t:|1657757524
|move|p1a: Arceus|Recover|p1a: Arceus
|-heal|p1a: Arceus|86/100
|move|p2a: Arceus|Substitute|p2a: Arceus
|-start|p2a: Arceus|Substitute
|-damage|p2a: Arceus|54/100
|
|upkeep
|turn|34
|
|t:|1657757526
|move|p1a: Arceus|Calm Mind|p1a: Arceus
|-boost|p1a: Arceus|spa|1
|-boost|p1a: Arceus|spd|1
|move|p2a: Arceus|Recover|p2a: Arceus
|-heal|p2a: Arceus|100/100
|
|upkeep
|turn|35
|
|t:|1657757530
|move|p1a: Arceus|Calm Mind|p1a: Arceus
|-boost|p1a: Arceus|spa|1
|-boost|p1a: Arceus|spd|1
|move|p2a: Arceus|Calm Mind|p2a: Arceus
|-boost|p2a: Arceus|spa|1
|-boost|p2a: Arceus|spd|1
|
|upkeep
|turn|36
|
|t:|1657757534
|move|p1a: Arceus|Calm Mind|p1a: Arceus
|-boost|p1a: Arceus|spa|1
|-boost|p1a: Arceus|spd|1
|move|p2a: Arceus|Calm Mind|p2a: Arceus
|-boost|p2a: Arceus|spa|1
|-boost|p2a: Arceus|spd|1
|
|upkeep
|turn|37
|c|☆llmmllmm|i hate this game
|
|t:|1657757544
|move|p1a: Arceus|Judgment|p2a: Arceus
|-resisted|p2a: Arceus
|-activate|p2a: Arceus|move: Substitute|[damage]
|move|p2a: Arceus|Calm Mind|p2a: Arceus
|-boost|p2a: Arceus|spa|1
|-boost|p2a: Arceus|spd|1
|
|upkeep
|turn|38
|
|t:|1657757548
|move|p1a: Arceus|Judgment|p2a: Arceus
|-resisted|p2a: Arceus
|-end|p2a: Arceus|Substitute
|move|p2a: Arceus|Substitute|p2a: Arceus
|-start|p2a: Arceus|Substitute
|-damage|p2a: Arceus|75/100
|
|upkeep
|turn|39
|
|t:|1657757557
|move|p1a: Arceus|Substitute|p1a: Arceus
|-fail|p1a: Arceus|move: Substitute
|move|p2a: Arceus|Calm Mind|p2a: Arceus
|-boost|p2a: Arceus|spa|0
|-boost|p2a: Arceus|spd|0
|
|upkeep
|turn|40
|c|☆IAmJklol|HAHA
|c|☆IAmJklol|no time
|c|☆llmmllmm|my life hurts
|-message|IAmJklol forfeited.
|
|win|llmmllmm
|l|☆IAmJklol
