|j|☆kabutobruh
|j|☆CLEAR GEM清瑜
|t:|1662558883
|gametype|singles
|player|p1|kabutobruh|169|1602
|player|p2|CLEAR GEM清瑜|skierf|1638
|teamsize|p1|6
|teamsize|p2|6
|gen|8
|tier|[Gen 8] National Dex AG
|rated|
|rule|HP Percentage Mod: HP is shown in percentages
|rule|Endless Battle Clause: Forcing endless battles is banned
|clearpoke
|poke|p1|Yveltal|
|poke|p1|Zacian-*|
|poke|p1|Rayquaza|
|poke|p1|Ditto|
|poke|p1|Necrozma-Dusk-Mane|
|poke|p1|Arceus-*|
|poke|p2|Rayquaza|
|poke|p2|Groudon|
|poke|p2|Arceus-*|
|poke|p2|Zacian-*|
|poke|p2|Necrozma-Dusk-Mane|
|poke|p2|Arceus-*|
|teampreview
|inactive|Battle timer is ON: inactive players will automatically lose when time's up. (requested by CLEAR GEM清瑜)
|
|t:|1662558890
|start
|switch|p1a: Rayquaza|Rayquaza|100/100
|switch|p2a: 乱杀P固|Arceus-Ground|100/100
|-ability|p1a: Rayquaza|Air Lock
|turn|1
|
|t:|1662558906
|detailschange|p1a: Rayquaza|Rayquaza-Mega
|-mega|p1a: Rayquaza|Rayquaza|
|-weather|DeltaStream|[from] ability: Delta Stream|[of] p1a: Rayquaza
|move|p1a: Rayquaza|Dragon Ascent|p2a: 乱杀P固
|-damage|p2a: 乱杀P固|42/100
|-unboost|p1a: Rayquaza|def|1
|-unboost|p1a: Rayquaza|spd|1
|move|p2a: 乱杀P固|Ice Beam|p1a: Rayquaza
|-activate||deltastream
|-supereffective|p1a: Rayquaza
|-damage|p1a: Rayquaza|0 fnt
|faint|p1a: Rayquaza
|-weather|none
|
|upkeep
|
|t:|1662558919
|switch|p1a: Yveltal|Yveltal|100/100
|-ability|p1a: Yveltal|Dark Aura
|turn|2
|
|t:|1662558925
|move|p2a: 乱杀P固|Ice Beam|p1a: Yveltal
|-supereffective|p1a: Yveltal
|-damage|p1a: Yveltal|41/100
|move|p1a: Yveltal|Knock Off|p2a: 乱杀P固
|-damage|p2a: 乱杀P固|0 fnt
|faint|p2a: 乱杀P固
|-damage|p1a: Yveltal|32/100|[from] item: Life Orb
|
|upkeep
|
|t:|1662558945
|switch|p2a: 老烈|Rayquaza|100/100
|-ability|p2a: 老烈|Air Lock
|turn|3
|
|t:|1662558950
|detailschange|p2a: 老烈|Rayquaza-Mega
|-mega|p2a: 老烈|Rayquaza|
|-weather|DeltaStream|[from] ability: Delta Stream|[of] p2a: 老烈
|move|p2a: 老烈|Extreme Speed|p1a: Yveltal
|-damage|p1a: Yveltal|0 fnt
|faint|p1a: Yveltal
|
|-weather|DeltaStream|[upkeep]
|upkeep
|
|t:|1662558957
|switch|p1a: Zacian|Zacian-Crowned|100/100
|-ability|p1a: Zacian|Intrepid Sword|boost
|-boost|p1a: Zacian|atk|1
|turn|4
|l|☆CLEAR GEM清瑜
|inactive|CLEAR GEM清瑜 disconnected and has a minute to reconnect!
|player|p2|
|j|☆CLEAR GEM清瑜
|inactive|CLEAR GEM清瑜 reconnected and has 125 seconds left.
|player|p2|CLEAR GEM清瑜|skierf
|j| RRRRRRRRex
|
|t:|1662558987
|move|p1a: Zacian|Play Rough|p2a: 老烈
|-supereffective|p2a: 老烈
|-enditem|p2a: 老烈|Focus Sash
|-damage|p2a: 老烈|1/100
|move|p2a: 老烈|Earthquake|p1a: Zacian
|-supereffective|p1a: Zacian
|-damage|p1a: Zacian|30/100
|
|-weather|DeltaStream|[upkeep]
|upkeep
|turn|5
|
|t:|1662558996
|move|p2a: 老烈|Extreme Speed|p1a: Zacian
|-resisted|p1a: Zacian
|-damage|p1a: Zacian|14/100
|move|p1a: Zacian|Behemoth Blade|p2a: 老烈
|-damage|p2a: 老烈|0 fnt
|faint|p2a: 老烈
|-weather|none
|
|upkeep
|
|t:|1662559001
|switch|p2a: 不会(?)|Groudon|100/100
|detailschange|p2a: 不会(?)|Groudon-Primal
|-primal|p2a: 不会(?)
|-weather|DesolateLand|[from] ability: Desolate Land|[of] p2a: 不会(?)
|turn|6
|l| RRRRRRRRex
|
|t:|1662559013
|move|p1a: Zacian|Sacred Sword|p2a: 不会(?)
|-damage|p2a: 不会(?)|63/100
|move|p2a: 不会(?)|Heat Crash|p1a: Zacian
|-supereffective|p1a: Zacian
|-damage|p1a: Zacian|0 fnt
|faint|p1a: Zacian
|
|-weather|DesolateLand|[upkeep]
|upkeep
|j| RRRRRRRRex
|
|t:|1662559021
|switch|p1a: Ditto|Ditto|100/100
|-transform|p1a: Ditto|p2a: 不会(?)|[from] ability: Imposter
|turn|7
|
|t:|1662559027
|move|p1a: Ditto|Precipice Blades|p2a: 不会(?)
|-supereffective|p2a: 不会(?)
|-damage|p2a: 不会(?)|0 fnt
|faint|p2a: 不会(?)
|
|-weather|DesolateLand|[upkeep]
|upkeep
|
|t:|1662559029
|switch|p2a: 悬空羊驼|Arceus-Flying|100/100
|turn|8
|
|t:|1662559038
|-weather|none
|switch|p1a: Arceus|Arceus|100/100
|move|p2a: 悬空羊驼|Calm Mind|p2a: 悬空羊驼
|-boost|p2a: 悬空羊驼|spa|1
|-boost|p2a: 悬空羊驼|spd|1
|
|upkeep
|turn|9
|
|t:|1662559045
|-start|p2a: 悬空羊驼|Dynamax|
|-heal|p2a: 悬空羊驼|100/100|[silent]
|move|p2a: 悬空羊驼|Max Airstream|p1a: Arceus
|-damage|p1a: Arceus|29/100
|-boost|p2a: 悬空羊驼|spe|1
|move|p1a: Arceus|Swords Dance|p1a: Arceus
|-boost|p1a: Arceus|atk|2
|
|upkeep
|turn|10
|
|t:|1662559056
|move|p1a: Arceus|Extreme Speed|p2a: 悬空羊驼
|-damage|p2a: 悬空羊驼|67/100
|-damage|p1a: Arceus|19/100|[from] item: Life Orb
|move|p2a: 悬空羊驼|Max Airstream|p1a: Arceus
|-damage|p1a: Arceus|0 fnt
|-boost|p2a: 悬空羊驼|spe|1
|faint|p1a: Arceus
|
|upkeep
|
|t:|1662559066
|switch|p1a: Ditto|Ditto|100/100
|-transform|p1a: Ditto|p2a: 悬空羊驼|[from] ability: Imposter
|turn|11
|
|t:|1662559088
|move|p1a: Ditto|Judgment|p2a: 悬空羊驼
|-damage|p2a: 悬空羊驼|54/100
|move|p2a: 悬空羊驼|Max Airstream|p1a: Ditto
|-damage|p1a: Ditto|19/100
|-boost|p2a: 悬空羊驼|spe|1
|
|upkeep
|-end|p2a: 悬空羊驼|Dynamax
|-heal|p2a: 悬空羊驼|54/100|[silent]
|turn|12
|
|t:|1662559106
|move|p1a: Ditto|Judgment|p2a: 悬空羊驼
|-damage|p2a: 悬空羊驼|27/100
|move|p2a: 悬空羊驼|Calm Mind|p2a: 悬空羊驼
|-boost|p2a: 悬空羊驼|spa|1
|-boost|p2a: 悬空羊驼|spd|1
|
|upkeep
|turn|13
|
|t:|1662559112
|move|p1a: Ditto|Judgment|p2a: 悬空羊驼
|-damage|p2a: 悬空羊驼|7/100
|move|p2a: 悬空羊驼|Recover|p2a: 悬空羊驼
|-heal|p2a: 悬空羊驼|57/100
|
|upkeep
|turn|14
|
|t:|1662559119
|switch|p1a: Necrozma|Necrozma-Dusk-Mane|100/100
|move|p2a: 悬空羊驼|Calm Mind|p2a: 悬空羊驼
|-boost|p2a: 悬空羊驼|spa|1
|-boost|p2a: 悬空羊驼|spd|1
|
|upkeep
|turn|15
|
|t:|1662559127
|move|p2a: 悬空羊驼|Earth Power|p1a: Necrozma
|-supereffective|p1a: Necrozma
|-damage|p1a: Necrozma|10/100
|-enditem|p1a: Necrozma|Weakness Policy
|-boost|p1a: Necrozma|atk|2|[from] item: Weakness Policy
|-boost|p1a: Necrozma|spa|2|[from] item: Weakness Policy
|move|p1a: Necrozma|Dragon Dance|p1a: Necrozma
|-boost|p1a: Necrozma|atk|1
|-boost|p1a: Necrozma|spe|1
|
|upkeep
|turn|16
|
|t:|1662559136
|move|p2a: 悬空羊驼|Earth Power|p1a: Necrozma
|-supereffective|p1a: Necrozma
|-damage|p1a: Necrozma|0 fnt
|faint|p1a: Necrozma
|
|upkeep
|
|t:|1662559141
|switch|p1a: Ditto|Ditto|19/100
|-transform|p1a: Ditto|p2a: 悬空羊驼|[from] ability: Imposter
|turn|17
|
|t:|1662559148
|-start|p1a: Ditto|Dynamax|
|-heal|p1a: Ditto|19/100|[silent]
|move|p1a: Ditto|Max Strike|p2a: 悬空羊驼
|-damage|p2a: 悬空羊驼|23/100
|-unboost|p2a: 悬空羊驼|spe|1
|move|p2a: 悬空羊驼|Judgment|p1a: Ditto
|-damage|p1a: Ditto|0 fnt
|faint|p1a: Ditto
|
|win|CLEAR GEM清瑜
|raw|kabutobruh's rating: 1602 &rarr; <strong>1584</strong><br />(-18 for losing)
|raw|CLEAR GEM清瑜's rating: 1638 &rarr; <strong>1656</strong><br />(+18 for winning)
|l|☆kabutobruh
||Ladder isn't responding, score probably updated but might not have (Request timeout).
