|j|☆lochdaddy
|j|☆LocalMetagross
|t:|1666412674
|gametype|singles
|player|p1|lochdaddy|winona|1453
|player|p2|LocalMetagross|akari|1634
|teamsize|p1|6
|teamsize|p2|6
|gen|8
|tier|[Gen 8] National Dex AG
|rated|
|rule|HP Percentage Mod: HP is shown in percentages
|rule|Endless Battle Clause: Forcing endless battles is banned
|clearpoke
|poke|p1|Excadrill, M|
|poke|p1|Grimmsnarl, M|
|poke|p1|Xerneas-*|
|poke|p1|Rayquaza|
|poke|p1|Necrozma-Dusk-Mane|
|poke|p1|Marshadow|
|poke|p2|Deoxys-Speed|
|poke|p2|Xerneas-*|
|poke|p2|Marshadow|
|poke|p2|Calyrex-Shadow|
|poke|p2|Yveltal|
|poke|p2|Zekrom|
|teampreview
|inactive|Battle timer is ON: inactive players will automatically lose when time's up. (requested by lochdaddy)
|inactive|LocalMetagross also wants the timer to be on.
|
|t:|1666412682
|start
|switch|p1a: Excadrill|Excadrill, M|100/100
|switch|p2a: Back in Black|Yveltal|100/100
|-ability|p2a: Back in Black|Dark Aura
|-ability|p1a: Excadrill|Mold Breaker
|turn|1
|
|t:|1666412693
|move|p2a: Back in Black|Taunt|p1a: Excadrill
|-start|p1a: Excadrill|move: Taunt
|cant|p1a: Excadrill|move: Taunt|Stealth Rock
|
|upkeep
|turn|2
|
|t:|1666412698
|switch|p2a: Shoot to Thrill|Marshadow|100/100
|move|p1a: Excadrill|Rapid Spin|p2a: Shoot to Thrill
|-immune|p2a: Shoot to Thrill
|
|upkeep
|turn|3
|
|t:|1666412703
|move|p2a: Shoot to Thrill|Close Combat|p1a: Excadrill
|-supereffective|p1a: Excadrill
|-enditem|p1a: Excadrill|Focus Sash
|-damage|p1a: Excadrill|1/100
|-unboost|p2a: Shoot to Thrill|def|1
|-unboost|p2a: Shoot to Thrill|spd|1
|-damage|p2a: Shoot to Thrill|91/100|[from] item: Life Orb
|move|p1a: Excadrill|Earthquake|p2a: Shoot to Thrill
|-damage|p2a: Shoot to Thrill|0 fnt
|faint|p2a: Shoot to Thrill
|
|-end|p1a: Excadrill|move: Taunt
|upkeep
|
|t:|1666412716
|switch|p2a: Back in Black|Yveltal|100/100
|-ability|p2a: Back in Black|Dark Aura
|turn|4
|
|t:|1666412721
|-start|p2a: Back in Black|Dynamax|
|-heal|p2a: Back in Black|100/100|[silent]
|move|p2a: Back in Black|Max Airstream|p1a: Excadrill
|-resisted|p1a: Excadrill
|-damage|p1a: Excadrill|0 fnt
|-boost|p2a: Back in Black|spe|1
|faint|p1a: Excadrill
|-damage|p2a: Back in Black|96/100|[from] item: Life Orb
|
|upkeep
|
|t:|1666412726
|switch|p1a: Grimmsnarl|Grimmsnarl, M|100/100
|turn|5
|
|t:|1666412730
|move|p1a: Grimmsnarl|Reflect|p1a: Grimmsnarl
|-sidestart|p1: lochdaddy|Reflect
|move|p2a: Back in Black|Max Airstream|p1a: Grimmsnarl
|-damage|p1a: Grimmsnarl|8/100
|-boost|p2a: Back in Black|spe|1
|-damage|p2a: Back in Black|91/100|[from] item: Life Orb
|
|upkeep
|turn|6
|
|t:|1666412738
|move|p1a: Grimmsnarl|Light Screen|p1a: Grimmsnarl
|-sidestart|p1: lochdaddy|move: Light Screen
|move|p2a: Back in Black|Max Flare|p1a: Grimmsnarl
|-damage|p1a: Grimmsnarl|0 fnt
|-weather|SunnyDay
|faint|p1a: Grimmsnarl
|-damage|p2a: Back in Black|86/100|[from] item: Life Orb
|
|-weather|SunnyDay|[upkeep]
|upkeep
|
|t:|1666412746
|switch|p1a: Xerneas|Xerneas|100/100
|-ability|p1a: Xerneas|Fairy Aura
|-end|p2a: Back in Black|Dynamax
|-heal|p2a: Back in Black|86/100|[silent]
|turn|7
|
|t:|1666412752
|move|p2a: Back in Black|Taunt|p1a: Xerneas
|-start|p1a: Xerneas|move: Taunt
|cant|p1a: Xerneas|move: Taunt|Geomancy
|
|-weather|SunnyDay|[upkeep]
|upkeep
|turn|8
|
|t:|1666412757
|move|p2a: Back in Black|Heat Wave|p1a: Xerneas
|-damage|p1a: Xerneas|73/100
|-damage|p2a: Back in Black|76/100|[from] item: Life Orb
|move|p1a: Xerneas|Moonblast|p2a: Back in Black
|-supereffective|p2a: Back in Black
|-damage|p2a: Back in Black|0 fnt
|faint|p2a: Back in Black
|
|-weather|SunnyDay|[upkeep]
|upkeep
|
|t:|1666412760
|switch|p2a: Panama|Deoxys-Speed|100/100
|-ability|p2a: Panama|Pressure
|turn|9
|
|t:|1666412768
|move|p2a: Panama|Thunder Wave|p1a: Xerneas
|-status|p1a: Xerneas|par
|move|p1a: Xerneas|Moonblast|p2a: Panama
|-damage|p2a: Panama|19/100
|-unboost|p2a: Panama|spa|1
|
|-weather|SunnyDay|[upkeep]
|-end|p1a: Xerneas|move: Taunt
|upkeep
|turn|10
|
|t:|1666412779
|move|p2a: Panama|Stealth Rock|p1a: Xerneas
|-sidestart|p1: lochdaddy|move: Stealth Rock
|move|p1a: Xerneas|Moonblast|p2a: Panama
|-damage|p2a: Panama|0 fnt
|faint|p2a: Panama
|
|-weather|none
|upkeep
|
|t:|1666412789
|switch|p2a: Holier Than Thou|Xerneas|100/100
|-ability|p2a: Holier Than Thou|Fairy Aura
|turn|11
|
|t:|1666412803
|move|p2a: Holier Than Thou|Geomancy||[still]
|-prepare|p2a: Holier Than Thou|Geomancy
|-enditem|p2a: Holier Than Thou|Power Herb
|-anim|p2a: Holier Than Thou|Geomancy|p2a: Holier Than Thou
|-boost|p2a: Holier Than Thou|spa|2
|-boost|p2a: Holier Than Thou|spd|2
|-boost|p2a: Holier Than Thou|spe|2
|move|p1a: Xerneas|Thunder|p2a: Holier Than Thou
|-damage|p2a: Holier Than Thou|82/100
|-status|p2a: Holier Than Thou|par
|
|upkeep
|turn|12
|
|t:|1666412815
|move|p2a: Holier Than Thou|Moonblast|p1a: Xerneas
|-damage|p1a: Xerneas|6/100 par
|move|p1a: Xerneas|Moonblast|p2a: Holier Than Thou
|-damage|p2a: Holier Than Thou|51/100 par
|
|-sideend|p1: lochdaddy|Reflect
|upkeep
|turn|13
|c|☆lochdaddy|im not lucky btw
|c|☆LocalMetagross|uh idk what you mean
|inactive|LocalMetagross has 120 seconds left.
|c|☆LocalMetagross|hit thunder through para and got the para
|
|t:|1666412853
|cant|p2a: Holier Than Thou|par
|cant|p1a: Xerneas|par
|
|-sideend|p1: lochdaddy|move: Light Screen
|upkeep
|turn|14
|c|☆lochdaddy|yea completly calculated
|
|t:|1666412865
|move|p2a: Holier Than Thou|Moonblast|p1a: Xerneas
|-damage|p1a: Xerneas|0 fnt
|faint|p1a: Xerneas
|
|upkeep
|
|t:|1666412876
|switch|p1a: Necrozma|Necrozma-Dusk-Mane|100/100
|-damage|p1a: Necrozma|95/100|[from] Stealth Rock
|turn|15
|
|t:|1666412880
|cant|p2a: Holier Than Thou|par
|move|p1a: Necrozma|Dragon Dance|p1a: Necrozma
|-boost|p1a: Necrozma|atk|1
|-boost|p1a: Necrozma|spe|1
|
|upkeep
|turn|16
|
|t:|1666412886
|move|p1a: Necrozma|Sunsteel Strike|p2a: Holier Than Thou
|-supereffective|p2a: Holier Than Thou
|-damage|p2a: Holier Than Thou|0 fnt
|faint|p2a: Holier Than Thou
|
|upkeep
|
|t:|1666412890
|switch|p2a: Highway to Hell|Calyrex-Shadow|100/100
|-ability|p2a: Highway to Hell|As One
|-ability|p2a: Highway to Hell|Unnerve
|turn|17
|
|t:|1666412907
|detailschange|p1a: Necrozma|Necrozma-Ultra
|-burst|p1a: Necrozma|Necrozma|Ultranecrozium Z
|move|p1a: Necrozma|Sunsteel Strike|p2a: Highway to Hell
|-damage|p2a: Highway to Hell|24/100
|move|p2a: Highway to Hell|Astral Barrage|p1a: Necrozma
|-supereffective|p1a: Necrozma
|-damage|p1a: Necrozma|0 fnt
|faint|p1a: Necrozma
|-ability|p2a: Highway to Hell|Grim Neigh|boost
|-boost|p2a: Highway to Hell|spa|1
|
|upkeep
|c|☆LocalMetagross|i've lost 200 elo guess i'll go fuck all and go lose 100 more
|c|☆LocalMetagross|fuckin christ
|
|t:|1666412919
|switch|p1a: Marshadow|Marshadow|100/100
|-damage|p1a: Marshadow|94/100|[from] Stealth Rock
|turn|18
|-message|LocalMetagross forfeited.
|
|win|lochdaddy
|raw|lochdaddy's rating: 1453 &rarr; <strong>1483</strong><br />(+30 for winning)
|raw|LocalMetagross's rating: 1634 &rarr; <strong>1604</strong><br />(-30 for losing)
|l|☆LocalMetagross
|c|☆lochdaddy|haha gg
