|j|‽Reincarnation of …
|j|☆CLEAR GEM清瑜
|t:|1665825611
|gametype|singles
|player|p1|Reincarnation of …|blue-gen3two|1877
|player|p2|CLEAR GEM清瑜|skierf|1778
|teamsize|p1|6
|teamsize|p2|6
|gen|8
|tier|[Gen 8] National Dex AG
|rated|
|rule|HP Percentage Mod: HP is shown in percentages
|rule|Endless Battle Clause: Forcing endless battles is banned
|clearpoke
|poke|p1|Stakataka|
|poke|p1|Nihilego|
|poke|p1|Buzzwole|
|poke|p1|Ditto|
|poke|p1|Arceus-*|
|poke|p1|Arceus-*|
|poke|p2|Rayquaza|
|poke|p2|Groudon|
|poke|p2|Necrozma-Dusk-Mane|
|poke|p2|Arceus-*|
|poke|p2|Zacian-*|
|poke|p2|Yveltal|
|teampreview
|inactive|Battle timer is ON: inactive players will automatically lose when time's up. (requested by Reincarnation of …)
|
|t:|1665825621
|start
|switch|p1a: Arceus|Arceus-Fairy|100/100
|switch|p2a: 老烈|Rayquaza, shiny|100/100
|-ability|p2a: 老烈|Air Lock
|turn|1
|
|t:|1665825626
|switch|p2a: 不会(?)|Groudon|100/100
|detailschange|p2a: 不会(?)|Groudon-Primal
|-primal|p2a: 不会(?)
|-weather|DesolateLand|[from] ability: Desolate Land|[of] p2a: 不会(?)
|move|p1a: Arceus|Stealth Rock|p2a: 不会(?)
|-sidestart|p2: CLEAR GEM清瑜|move: Stealth Rock
|
|-weather|DesolateLand|[upkeep]
|upkeep
|turn|2
|
|t:|1665825629
|move|p1a: Arceus|Toxic|p2a: 不会(?)
|-status|p2a: 不会(?)|tox
|move|p2a: 不会(?)|Thunder Wave|p1a: Arceus
|-status|p1a: Arceus|par
|
|-weather|DesolateLand|[upkeep]
|-damage|p2a: 不会(?)|94/100 tox|[from] psn
|upkeep
|turn|3
|
|t:|1665825637
|switch|p1a: Buzzwole|Buzzwole|100/100
|move|p2a: 不会(?)|Stealth Rock|p1a: Buzzwole
|-sidestart|p1: Reincarnation of …|move: Stealth Rock
|
|-weather|DesolateLand|[upkeep]
|-damage|p2a: 不会(?)|82/100 tox|[from] psn
|upkeep
|turn|4
|
|t:|1665825642
|move|p2a: 不会(?)|Fire Punch|p1a: Buzzwole
|-supereffective|p1a: Buzzwole
|-damage|p1a: Buzzwole|38/100
|-damage|p2a: 不会(?)|66/100 tox|[from] item: Rocky Helmet|[of] p1a: Buzzwole
|move|p1a: Buzzwole|Earthquake|p2a: 不会(?)
|-supereffective|p2a: 不会(?)
|-damage|p2a: 不会(?)|39/100 tox
|
|-weather|DesolateLand|[upkeep]
|-damage|p2a: 不会(?)|21/100 tox|[from] psn
|upkeep
|turn|5
|
|t:|1665825656
|switch|p1a: Nihilego|Nihilego|100/100
|-damage|p1a: Nihilego|88/100|[from] Stealth Rock
|move|p2a: 不会(?)|Fire Punch|p1a: Nihilego
|-resisted|p1a: Nihilego
|-damage|p1a: Nihilego|33/100
|
|-weather|DesolateLand|[upkeep]
|-damage|p2a: 不会(?)|0 fnt|[from] psn
|faint|p2a: 不会(?)
|-weather|none
|upkeep
|j| Buck is stallish
|
|t:|1665825669
|switch|p2a: 老烈|Rayquaza, shiny|100/100
|-damage|p2a: 老烈|76/100|[from] Stealth Rock
|-ability|p2a: 老烈|Air Lock
|turn|6
|
|t:|1665825674
|detailschange|p2a: 老烈|Rayquaza-Mega, shiny
|-mega|p2a: 老烈|Rayquaza|
|-weather|DeltaStream|[from] ability: Delta Stream|[of] p2a: 老烈
|move|p1a: Nihilego|Meteor Beam||[still]
|-prepare|p1a: Nihilego|Meteor Beam
|-boost|p1a: Nihilego|spa|1
|-enditem|p1a: Nihilego|Power Herb
|-anim|p1a: Nihilego|Meteor Beam|p2a: 老烈
|-activate||deltastream
|-damage|p2a: 老烈|0 fnt
|faint|p2a: 老烈
|-weather|none
|-ability|p1a: Nihilego|Beast Boost|boost
|-boost|p1a: Nihilego|spe|1
|
|upkeep
|
|t:|1665825684
|switch|p2a: 嘉然小姐的狗|Zacian-Crowned|100/100
|-damage|p2a: 嘉然小姐的狗|94/100|[from] Stealth Rock
|-ability|p2a: 嘉然小姐的狗|Intrepid Sword|boost
|-boost|p2a: 嘉然小姐的狗|atk|1
|turn|7
|
|t:|1665825690
|-start|p1a: Nihilego|Dynamax|
|-heal|p1a: Nihilego|33/100|[silent]
|move|p1a: Nihilego|Max Quake|p2a: 嘉然小姐的狗
|-supereffective|p2a: 嘉然小姐的狗
|-damage|p2a: 嘉然小姐的狗|20/100
|-boost|p1a: Nihilego|spd|1
|move|p2a: 嘉然小姐的狗|Behemoth Blade|p1a: Nihilego
|-supereffective|p1a: Nihilego
|-crit|p1a: Nihilego
|-damage|p1a: Nihilego|0 fnt
|faint|p1a: Nihilego
|
|upkeep
|
|t:|1665825693
|switch|p1a: Ditto|Ditto, shiny|100/100
|-damage|p1a: Ditto|88/100|[from] Stealth Rock
|-transform|p1a: Ditto|p2a: 嘉然小姐的狗|[from] ability: Imposter
|-ability|p1a: Ditto|Intrepid Sword|boost
|-boost|p1a: Ditto|atk|1
|turn|8
|
|t:|1665825697
|move|p1a: Ditto|Close Combat|p2a: 嘉然小姐的狗
|-damage|p2a: 嘉然小姐的狗|0 fnt
|-unboost|p1a: Ditto|def|1
|-unboost|p1a: Ditto|spd|1
|faint|p2a: 嘉然小姐的狗
|
|upkeep
|
|t:|1665825702
|switch|p2a: 悬空羊驼|Arceus-Flying|100/100
|-damage|p2a: 悬空羊驼|76/100|[from] Stealth Rock
|turn|9
|
|t:|1665825708
|switch|p1a: Buzzwole|Buzzwole|38/100
|-damage|p1a: Buzzwole|26/100|[from] Stealth Rock
|move|p2a: 悬空羊驼|Earthquake|p1a: Buzzwole
|-resisted|p1a: Buzzwole
|-damage|p1a: Buzzwole|17/100
|
|upkeep
|turn|10
|j| Wif3b3tr
|
|t:|1665825720
|move|p2a: 悬空羊驼|Swords Dance|p2a: 悬空羊驼
|-boost|p2a: 悬空羊驼|atk|2
|move|p1a: Buzzwole|Roost|p1a: Buzzwole
|-heal|p1a: Buzzwole|67/100
|-singleturn|p1a: Buzzwole|move: Roost
|
|upkeep
|turn|11
|
|t:|1665825727
|move|p2a: 悬空羊驼|Fly||[still]
|-prepare|p2a: 悬空羊驼|Fly
|move|p1a: Buzzwole|Toxic|p2a: 悬空羊驼|[miss]
|-miss|p1a: Buzzwole|p2a: 悬空羊驼
|
|upkeep
|turn|12
|
|t:|1665825733
|move|p2a: 悬空羊驼|Fly|p1a: Buzzwole|[from]lockedmove
|-supereffective|p1a: Buzzwole
|-damage|p1a: Buzzwole|0 fnt
|-damage|p2a: 悬空羊驼|59/100|[from] item: Rocky Helmet|[of] p1a: Buzzwole
|faint|p1a: Buzzwole
|
|upkeep
|
|t:|1665825738
|switch|p1a: Stakataka|Stakataka|100/100
|-damage|p1a: Stakataka|94/100|[from] Stealth Rock
|-item|p1a: Stakataka|Air Balloon
|turn|13
|
|t:|1665825744
|-start|p2a: 悬空羊驼|Dynamax|
|-heal|p2a: 悬空羊驼|59/100|[silent]
|move|p2a: 悬空羊驼|Max Airstream|p1a: Stakataka
|-resisted|p1a: Stakataka
|-damage|p1a: Stakataka|69/100
|-boost|p2a: 悬空羊驼|spe|1
|-enditem|p1a: Stakataka|Air Balloon
|move|p1a: Stakataka|Trick Room|p1a: Stakataka
|-fieldstart|move: Trick Room|[of] p1a: Stakataka
|
|upkeep
|turn|14
|
|t:|1665825749
|move|p1a: Stakataka|Gyro Ball|p2a: 悬空羊驼
|-damage|p2a: 悬空羊驼|27/100
|move|p2a: 悬空羊驼|Max Quake|p1a: Stakataka
|-supereffective|p1a: Stakataka
|-damage|p1a: Stakataka|0 fnt
|-boost|p2a: 悬空羊驼|spd|1
|faint|p1a: Stakataka
|
|upkeep
|
|t:|1665825760
|switch|p1a: Arceus|Arceus-Fairy|100/100 par
|-damage|p1a: Arceus|88/100 par|[from] Stealth Rock
|turn|15
|
|t:|1665825766
|move|p1a: Arceus|Judgment|p2a: 悬空羊驼
|-damage|p2a: 悬空羊驼|15/100
|move|p2a: 悬空羊驼|Max Airstream|p1a: Arceus
|-damage|p1a: Arceus|0 fnt
|-boost|p2a: 悬空羊驼|spe|1
|faint|p1a: Arceus
|
|upkeep
|
|t:|1665825774
|switch|p1a: Arceus|Arceus|100/100
|-damage|p1a: Arceus|88/100|[from] Stealth Rock
|-end|p2a: 悬空羊驼|Dynamax
|-heal|p2a: 悬空羊驼|15/100|[silent]
|turn|16
|
|t:|1665825778
|move|p1a: Arceus|Extreme Speed|p2a: 悬空羊驼
|-damage|p2a: 悬空羊驼|0 fnt
|faint|p2a: 悬空羊驼
|
|upkeep
|
|t:|1665825787
|switch|p2a: 钢铁之躯|Necrozma-Dusk-Mane|100/100
|-damage|p2a: 钢铁之躯|94/100|[from] Stealth Rock
|turn|17
|
|t:|1665825791
|move|p2a: 钢铁之躯|Photon Geyser|p1a: Arceus
|-damage|p1a: Arceus|43/100
|move|p1a: Arceus|Swords Dance|p1a: Arceus
|-boost|p1a: Arceus|atk|2
|
|-fieldend|move: Trick Room
|upkeep
|turn|18
|
|t:|1665825800
|detailschange|p2a: 钢铁之躯|Necrozma-Ultra
|-burst|p2a: 钢铁之躯|Necrozma|Ultranecrozium Z
|move|p1a: Arceus|Extreme Speed|p2a: 钢铁之躯
|-damage|p2a: 钢铁之躯|10/100
|move|p2a: 钢铁之躯|Photon Geyser|p1a: Arceus
|-crit|p1a: Arceus
|-damage|p1a: Arceus|0 fnt
|faint|p1a: Arceus
|
|upkeep
|
|t:|1665825803
|switch|p1a: Ditto|Ditto, shiny|88/100
|-damage|p1a: Ditto|76/100|[from] Stealth Rock
|-transform|p1a: Ditto|p2a: 钢铁之躯|[from] ability: Imposter
|turn|19
|
|t:|1665825806
|move|p1a: Ditto|Stone Edge|p2a: 钢铁之躯
|-crit|p2a: 钢铁之躯
|-damage|p2a: 钢铁之躯|0 fnt
|faint|p2a: 钢铁之躯
|
|upkeep
|
|t:|1665825808
|switch|p2a: Y鸟|Yveltal|100/100
|-damage|p2a: Y鸟|76/100|[from] Stealth Rock
|-ability|p2a: Y鸟|Dark Aura
|turn|20
|
|t:|1665825810
|move|p1a: Ditto|Stone Edge|p2a: Y鸟
|-supereffective|p2a: Y鸟
|-damage|p2a: Y鸟|0 fnt
|faint|p2a: Y鸟
|
|win|Reincarnation of …
|raw|Reincarnation of …'s rating: 1877 &rarr; <strong>1891</strong><br />(+14 for winning)
|raw|CLEAR GEM清瑜's rating: 1778 &rarr; <strong>1764</strong><br />(-14 for losing)
|l|☆CLEAR GEM清瑜
