|j|☆meepacman
|j|☆SibbDDukCook
|t:|1633944089
|gametype|singles
|player|p1|meepacman|2|1372
|player|p2|SibbDDukCook|n|1367
|teamsize|p1|6
|teamsize|p2|6
|gen|8
|tier|[Gen 8] National Dex AG
|rated|
|rule|HP Percentage Mod: HP is shown in percentages
|rule|Endless Battle Clause: Forcing endless battles is banned
|clearpoke
|poke|p1|Weavile, M|
|poke|p1|Weavile, F|
|poke|p1|Weavile, M|
|poke|p1|Weavile, F|
|poke|p1|Weavile, F|
|poke|p1|Smeargle, F|
|poke|p2|Golisopod, F|
|poke|p2|Quagsire, M|
|poke|p2|Bisharp, F|
|poke|p2|Oricorio-Sensu, F|
|poke|p2|Kyogre|
|poke|p2|Blissey, F|
|teampreview
|
|t:|1633944102
|start
|switch|p1a: Weavile|Weavile, M|100/100
|switch|p2a: 바다 그 깊은 공|Kyogre|100/100
|-ability|p1a: Weavile|Pressure
|detailschange|p2a: 바다 그 깊은 공|Kyogre-Primal
|-primal|p2a: 바다 그 깊은 공
|-weather|PrimordialSea|[from] ability: Primordial Sea|[of] p2a: 바다 그 깊은 공
|turn|1
|
|t:|1633944113
|move|p1a: Weavile|Assist|p1a: Weavile
|move|p1a: Weavile|Spore|p2a: 바다 그 깊은 공|[from]move: Assist
|-status|p2a: 바다 그 깊은 공|slp|[from] move: Spore
|cant|p2a: 바다 그 깊은 공|slp
|
|-weather|PrimordialSea|[upkeep]
|upkeep
|turn|2
|
|t:|1633944120
|move|p1a: Weavile|Assist|p1a: Weavile
|move|p1a: Weavile|Spore|p2a: 바다 그 깊은 공|[from]move: Assist
|-fail|p2a: 바다 그 깊은 공|slp
|cant|p2a: 바다 그 깊은 공|slp
|
|-weather|PrimordialSea|[upkeep]
|upkeep
|turn|3
|n|!SibbDDukCook|sibbddukcook
|
|t:|1633944141
|move|p1a: Weavile|Assist|p1a: Weavile
|move|p1a: Weavile|Spore|p2a: 바다 그 깊은 공|[from]move: Assist
|-fail|p2a: 바다 그 깊은 공|slp
|cant|p2a: 바다 그 깊은 공|slp
|
|-weather|PrimordialSea|[upkeep]
|upkeep
|turn|4
|
|t:|1633944148
|move|p1a: Weavile|Assist|p1a: Weavile
|move|p1a: Weavile|Glacial Lance|p2a: 바다 그 깊은 공|[from]move: Assist
|-resisted|p2a: 바다 그 깊은 공
|-damage|p2a: 바다 그 깊은 공|51/100 slp
|-curestatus|p2a: 바다 그 깊은 공|slp|[msg]
|move|p2a: 바다 그 깊은 공|Water Spout|p1a: Weavile
|-damage|p1a: Weavile|0 fnt
|faint|p1a: Weavile
|
|-weather|PrimordialSea|[upkeep]
|upkeep
|
|t:|1633944157
|switch|p1a: Weavile|Weavile, F|100/100
|-ability|p1a: Weavile|Pressure
|turn|5
|
|t:|1633944163
|move|p1a: Weavile|Assist|p1a: Weavile
|move|p1a: Weavile|Spore|p2a: 바다 그 깊은 공|[from]move: Assist
|-status|p2a: 바다 그 깊은 공|slp|[from] move: Spore
|cant|p2a: 바다 그 깊은 공|slp
|
|-weather|PrimordialSea|[upkeep]
|upkeep
|turn|6
|
|t:|1633944173
|move|p1a: Weavile|Assist|p1a: Weavile
|move|p1a: Weavile|Spore|p2a: 바다 그 깊은 공|[from]move: Assist
|-fail|p2a: 바다 그 깊은 공|slp
|-curestatus|p2a: 바다 그 깊은 공|slp|[msg]
|move|p2a: 바다 그 깊은 공|Origin Pulse|p1a: Weavile
|-damage|p1a: Weavile|0 fnt
|faint|p1a: Weavile
|
|-weather|PrimordialSea|[upkeep]
|upkeep
|
|t:|1633944177
|switch|p1a: Weavile|Weavile, M|100/100
|-ability|p1a: Weavile|Pressure
|turn|7
|
|t:|1633944187
|move|p1a: Weavile|Assist|p1a: Weavile
|move|p1a: Weavile|Glacial Lance|p2a: 바다 그 깊은 공|[from]move: Assist
|-resisted|p2a: 바다 그 깊은 공
|-damage|p2a: 바다 그 깊은 공|3/100
|move|p2a: 바다 그 깊은 공|Water Spout|p1a: Weavile
|-damage|p1a: Weavile|93/100
|
|-weather|PrimordialSea|[upkeep]
|upkeep
|turn|8
|
|t:|1633944197
|move|p1a: Weavile|Assist|p1a: Weavile
|move|p1a: Weavile|Glacial Lance|p2a: 바다 그 깊은 공|[from]move: Assist
|-resisted|p2a: 바다 그 깊은 공
|-damage|p2a: 바다 그 깊은 공|0 fnt
|faint|p2a: 바다 그 깊은 공
|-weather|none
|
|upkeep
|
|t:|1633944208
|switch|p2a: 얼음새임|Oricorio-Sensu, F, shiny|100/100
|turn|9
|
|t:|1633944237
|-start|p2a: 얼음새임|Dynamax
|-heal|p2a: 얼음새임|100/100|[silent]
|move|p1a: Weavile|Assist|p1a: Weavile
|move|p1a: Weavile|Spore|p2a: 얼음새임|[from]move: Assist
|-status|p2a: 얼음새임|slp|[from] move: Spore
|cant|p2a: 얼음새임|slp
|
|upkeep
|turn|10
|
|t:|1633944247
|move|p1a: Weavile|Assist|p1a: Weavile
|move|p1a: Weavile|Glacial Lance|p2a: 얼음새임|[from]move: Assist
|-supereffective|p2a: 얼음새임
|-damage|p2a: 얼음새임|0 fnt
|faint|p2a: 얼음새임
|
|upkeep
|
|t:|1633944257
|switch|p2a: 강민수|Blissey, F|100/100
|turn|11
|
|t:|1633944262
|move|p1a: Weavile|Assist|p1a: Weavile
|move|p1a: Weavile|Spore|p2a: 강민수|[from]move: Assist
|-status|p2a: 강민수|slp|[from] move: Spore
|cant|p2a: 강민수|slp
|
|upkeep
|turn|12
|
|t:|1633944270
|move|p1a: Weavile|Assist|p1a: Weavile
|move|p1a: Weavile|Spore|p2a: 강민수|[from]move: Assist
|-fail|p2a: 강민수|slp
|-curestatus|p2a: 강민수|slp|[msg]
|move|p2a: 강민수|Minimize|p2a: 강민수
|-boost|p2a: 강민수|evasion|2
|
|upkeep
|turn|13
|
|t:|1633944279
|move|p1a: Weavile|Assist|p1a: Weavile
|move|p1a: Weavile|Spore|p2a: 강민수|[from]move: Assist|[miss]
|-miss|p1a: Weavile|p2a: 강민수
|move|p2a: 강민수|Minimize|p2a: 강민수
|-boost|p2a: 강민수|evasion|2
|
|upkeep
|turn|14
|
|t:|1633944287
|switch|p1a: Smeargle|Smeargle, F|100/100
|move|p2a: 강민수|Minimize|p2a: 강민수
|-boost|p2a: 강민수|evasion|2
|
|upkeep
|turn|15
|
|t:|1633944293
|move|p1a: Smeargle|Transform|p2a: 강민수
|-transform|p1a: Smeargle|p2a: 강민수
|move|p2a: 강민수|Calm Mind|p2a: 강민수
|-boost|p2a: 강민수|spa|1
|-boost|p2a: 강민수|spd|1
|
|upkeep
|turn|16
|
|t:|1633944300
|move|p2a: 강민수|Calm Mind|p2a: 강민수
|-boost|p2a: 강민수|spa|1
|-boost|p2a: 강민수|spd|1
|move|p1a: Smeargle|Calm Mind|p1a: Smeargle
|-boost|p1a: Smeargle|spa|1
|-boost|p1a: Smeargle|spd|1
|
|upkeep
|turn|17
|
|t:|1633944308
|move|p2a: 강민수|Calm Mind|p2a: 강민수
|-boost|p2a: 강민수|spa|1
|-boost|p2a: 강민수|spd|1
|move|p1a: Smeargle|Calm Mind|p1a: Smeargle
|-boost|p1a: Smeargle|spa|1
|-boost|p1a: Smeargle|spd|1
|
|upkeep
|turn|18
|
|t:|1633944315
|move|p2a: 강민수|Calm Mind|p2a: 강민수
|-boost|p2a: 강민수|spa|1
|-boost|p2a: 강민수|spd|1
|move|p1a: Smeargle|Calm Mind|p1a: Smeargle
|-boost|p1a: Smeargle|spa|1
|-boost|p1a: Smeargle|spd|1
|
|upkeep
|turn|19
|
|t:|1633944322
|move|p1a: Smeargle|Calm Mind|p1a: Smeargle
|-boost|p1a: Smeargle|spa|1
|-boost|p1a: Smeargle|spd|1
|move|p2a: 강민수|Calm Mind|p2a: 강민수
|-boost|p2a: 강민수|spa|1
|-boost|p2a: 강민수|spd|1
|
|upkeep
|turn|20
|
|t:|1633944330
|move|p1a: Smeargle|Calm Mind|p1a: Smeargle
|-boost|p1a: Smeargle|spa|1
|-boost|p1a: Smeargle|spd|1
|move|p2a: 강민수|Calm Mind|p2a: 강민수
|-boost|p2a: 강민수|spa|1
|-boost|p2a: 강민수|spd|1
|
|upkeep
|turn|21
|
|t:|1633944337
|move|p2a: 강민수|Tri Attack|p1a: Smeargle|[miss]
|-miss|p2a: 강민수|p1a: Smeargle
|move|p1a: Smeargle|Tri Attack|p2a: 강민수|[miss]
|-miss|p1a: Smeargle|p2a: 강민수
|
|upkeep
|turn|22
|
|t:|1633944345
|move|p2a: 강민수|Tri Attack|p1a: Smeargle|[miss]
|-miss|p2a: 강민수|p1a: Smeargle
|move|p1a: Smeargle|Tri Attack|p2a: 강민수
|-damage|p2a: 강민수|94/100
|
|-heal|p2a: 강민수|99/100|[from] item: Leftovers
|upkeep
|turn|23
|
|t:|1633944358
|switch|p1a: Weavile|Weavile, M|93/100
|-ability|p1a: Weavile|Pressure
|move|p2a: 강민수|Tri Attack|p1a: Weavile
|-damage|p1a: Weavile|0 fnt
|faint|p1a: Weavile
|
|-heal|p2a: 강민수|100/100|[from] item: Leftovers
|upkeep
|
|t:|1633944360
|switch|p1a: Weavile|Weavile, F|100/100
|-ability|p1a: Weavile|Pressure
|turn|24
|
|t:|1633944372
|move|p1a: Weavile|Assist|p1a: Weavile
|move|p1a: Weavile|Spore|p2a: 강민수|[from]move: Assist
|-status|p2a: 강민수|slp|[from] move: Spore
|cant|p2a: 강민수|slp
|
|upkeep
|turn|25
|
|t:|1633944380
|move|p1a: Weavile|Assist|p1a: Weavile
|move|p1a: Weavile|Spore|p2a: 강민수|[from]move: Assist
|-fail|p2a: 강민수|slp
|cant|p2a: 강민수|slp
|
|upkeep
|turn|26
|-message|meepacman forfeited.
|
|win|SibbDDukCook
|raw|meepacman's rating: 1372 &rarr; <strong>1352</strong><br />(-20 for losing)
|raw|SibbDDukCook's rating: 1367 &rarr; <strong>1387</strong><br />(+20 for winning)
|l|☆meepacman
