|j|☆BigDuckie
|j|☆Pkmn3443
|t:|1617827145
|gametype|singles
|player|p1|BigDuckie|clair|1588
|player|p2|Pkmn3443|265|1874
|teamsize|p1|6
|teamsize|p2|6
|gen|8
|tier|[Gen 8] National Dex AG
|rated|
|clearpoke
|poke|p1|Zygarde|
|poke|p1|Xerneas|
|poke|p1|Zacian-Crowned|
|poke|p1|Rayquaza|
|poke|p1|Smeargle, M|
|poke|p1|Calyrex-Shadow|
|poke|p2|Zacian-Crowned|
|poke|p2|Necrozma-Dusk-Mane|
|poke|p2|Ditto|
|poke|p2|Ho-Oh|
|poke|p2|Rayquaza|
|poke|p2|Yveltal|
|rule|HP Percentage Mod: HP is shown in percentages
|rule|Endless Battle Clause: Forcing endless battles is banned
|teampreview
|inactive|Battle timer is ON: inactive players will automatically lose when time's up. (requested by BigDuckie)
|j| DanielRiodani
|
|t:|1617827166
|start
|switch|p1a: Smeargle|Smeargle, M|100/100
|switch|p2a: Rayquaza|Rayquaza|100/100
|-ability|p2a: Rayquaza|Air Lock
|turn|1
|
|t:|1617827192
|detailschange|p2a: Rayquaza|Rayquaza-Mega
|-mega|p2a: Rayquaza|Rayquaza|
|-weather|DeltaStream|[from] ability: Delta Stream|[of] p2a: Rayquaza
|move|p2a: Rayquaza|Dragon Ascent|p1a: Smeargle
|-enditem|p1a: Smeargle|Focus Sash
|-damage|p1a: Smeargle|1/100
|-unboost|p2a: Rayquaza|def|1
|-unboost|p2a: Rayquaza|spd|1
|-damage|p2a: Rayquaza|91/100|[from] item: Life Orb
|move|p1a: Smeargle|Spore|p2a: Rayquaza
|-status|p2a: Rayquaza|slp|[from] move: Spore
|
|-weather|DeltaStream|[upkeep]
|-ability|p1a: Smeargle|Moody|boost
|-boost|p1a: Smeargle|def|2
|-unboost|p1a: Smeargle|spa|1
|upkeep
|turn|2
|inactive|Pkmn3443 has 120 seconds left.
|
|t:|1617827212
|cant|p2a: Rayquaza|slp
|move|p1a: Smeargle|Sticky Web|p2a: Rayquaza
|-sidestart|p2: Pkmn3443|move: Sticky Web
|
|-weather|DeltaStream|[upkeep]
|-ability|p1a: Smeargle|Moody|boost
|-boost|p1a: Smeargle|spa|2
|-unboost|p1a: Smeargle|spe|1
|upkeep
|turn|3
|
|t:|1617827218
|cant|p2a: Rayquaza|slp
|move|p1a: Smeargle|Stealth Rock|p2a: Rayquaza
|-sidestart|p2: Pkmn3443|move: Stealth Rock
|
|-weather|DeltaStream|[upkeep]
|-ability|p1a: Smeargle|Moody|boost
|-boost|p1a: Smeargle|def|2
|-unboost|p1a: Smeargle|spd|1
|upkeep
|turn|4
|
|t:|1617827226
|cant|p2a: Rayquaza|slp
|move|p1a: Smeargle|Toxic Spikes|p2a: Rayquaza
|-sidestart|p2: Pkmn3443|move: Toxic Spikes
|
|-weather|DeltaStream|[upkeep]
|-ability|p1a: Smeargle|Moody|boost
|-boost|p1a: Smeargle|spe|2
|-unboost|p1a: Smeargle|spa|1
|upkeep
|turn|5
|
|t:|1617827232
|-weather|none
|switch|p2a: Ho-Oh|Ho-Oh|100/100
|move|p1a: Smeargle|Toxic Spikes|p2a: Ho-Oh
|-sidestart|p2: Pkmn3443|move: Toxic Spikes
|
|-ability|p1a: Smeargle|Moody|boost
|-boost|p1a: Smeargle|spe|2
|-unboost|p1a: Smeargle|atk|1
|upkeep
|turn|6
|
|t:|1617827235
|move|p1a: Smeargle|Spore|p2a: Ho-Oh
|-status|p2a: Ho-Oh|slp|[from] move: Spore
|cant|p2a: Ho-Oh|slp
|
|-ability|p1a: Smeargle|Moody|boost
|-boost|p1a: Smeargle|def|2
|-unboost|p1a: Smeargle|spe|1
|upkeep
|turn|7
|
|t:|1617827247
|switch|p1a: Pixie|Xerneas|100/100
|-ability|p1a: Pixie|Fairy Aura
|cant|p2a: Ho-Oh|slp
|
|upkeep
|turn|8
|
|t:|1617827253
|move|p1a: Pixie|Thunder|p2a: Ho-Oh
|-supereffective|p2a: Ho-Oh
|-damage|p2a: Ho-Oh|53/100 slp
|cant|p2a: Ho-Oh|slp
|
|upkeep
|turn|9
|
|t:|1617827259
|move|p1a: Pixie|Thunder|p2a: Ho-Oh
|-supereffective|p2a: Ho-Oh
|-damage|p2a: Ho-Oh|12/100 slp
|-curestatus|p2a: Ho-Oh|slp|[msg]
|move|p2a: Ho-Oh|Defog|p1a: Pixie
|-unboost|p1a: Pixie|evasion|1
|-sideend|p2: Pkmn3443|Toxic Spikes|[from] move: Defog|[of] p2a: Ho-Oh
|-sideend|p2: Pkmn3443|Stealth Rock|[from] move: Defog|[of] p2a: Ho-Oh
|-sideend|p2: Pkmn3443|Sticky Web|[from] move: Defog|[of] p2a: Ho-Oh
|
|upkeep
|turn|10
|
|t:|1617827270
|switch|p2a: Necrozma|Necrozma-Dusk-Mane|100/100
|move|p1a: Pixie|Moonblast|p2a: Necrozma
|-resisted|p2a: Necrozma
|-damage|p2a: Necrozma|71/100
|
|upkeep
|turn|11
|
|t:|1617827283
|switch|p1a: Minty|Zygarde, shiny|100/100
|move|p2a: Necrozma|Morning Sun|p2a: Necrozma
|-heal|p2a: Necrozma|100/100
|
|upkeep
|turn|12
|
|t:|1617827298
|switch|p2a: Rayquaza|Rayquaza-Mega|91/100 slp
|-weather|DeltaStream|[from] ability: Delta Stream|[of] p2a: Rayquaza
|move|p1a: Minty|Substitute|p1a: Minty
|-start|p1a: Minty|Substitute
|-damage|p1a: Minty|75/100
|
|-weather|DeltaStream|[upkeep]
|-heal|p1a: Minty|82/100|[from] item: Leftovers
|upkeep
|turn|13
|
|t:|1617827305
|-curestatus|p2a: Rayquaza|slp|[msg]
|move|p2a: Rayquaza|Dragon Ascent|p1a: Minty
|-end|p1a: Minty|Substitute
|-unboost|p2a: Rayquaza|def|1
|-unboost|p2a: Rayquaza|spd|1
|-damage|p2a: Rayquaza|81/100|[from] item: Life Orb
|move|p1a: Minty|Coil|p1a: Minty
|-boost|p1a: Minty|atk|1
|-boost|p1a: Minty|def|1
|-boost|p1a: Minty|accuracy|1
|
|-weather|DeltaStream|[upkeep]
|-heal|p1a: Minty|88/100|[from] item: Leftovers
|upkeep
|turn|14
|
|t:|1617827310
|move|p2a: Rayquaza|Draco Meteor|p1a: Minty
|-supereffective|p1a: Minty
|-damage|p1a: Minty|0 fnt
|-unboost|p2a: Rayquaza|spa|2
|-damage|p2a: Rayquaza|71/100|[from] item: Life Orb
|faint|p1a: Minty
|
|-weather|DeltaStream|[upkeep]
|upkeep
|
|t:|1617827313
|switch|p1a: Calyrex|Calyrex-Shadow|100/100
|-ability|p1a: Calyrex|As One
|-ability|p1a: Calyrex|Unnerve
|turn|15
|
|t:|1617827333
|-weather|none
|switch|p2a: Yveltal|Yveltal|100/100
|-ability|p2a: Yveltal|Dark Aura
|move|p1a: Calyrex|Astral Barrage|p2a: Yveltal
|-resisted|p2a: Yveltal
|-damage|p2a: Yveltal|55/100
|
|upkeep
|turn|16
|
|t:|1617827351
|switch|p1a: Pixie|Xerneas|100/100
|-ability|p1a: Pixie|Fairy Aura
|move|p2a: Yveltal|Oblivion Wing|p1a: Pixie
|-damage|p1a: Pixie|49/100
|-heal|p2a: Yveltal|94/100|[from] drain|[of] p1a: Pixie
|-damage|p2a: Yveltal|84/100|[from] item: Life Orb
|
|upkeep
|turn|17
|
|t:|1617827365
|switch|p2a: Necrozma|Necrozma-Dusk-Mane|100/100
|switch|p1a: Sword Doggo|Zacian-Crowned|100/100
|-ability|p1a: Sword Doggo|Intrepid Sword|boost
|-boost|p1a: Sword Doggo|atk|1
|
|upkeep
|turn|18
|j| Makaai(pokechamp)
|
|t:|1617827372
|switch|p1a: Smeargle|Smeargle, M|1/100
|move|p2a: Necrozma|Stealth Rock|p1a: Smeargle
|-sidestart|p1: BigDuckie|move: Stealth Rock
|
|-ability|p1a: Smeargle|Moody|boost
|-boost|p1a: Smeargle|atk|2
|-unboost|p1a: Smeargle|def|1
|upkeep
|turn|19
|
|t:|1617827377
|switch|p2a: Ho-Oh|Ho-Oh|45/100
|move|p1a: Smeargle|Spore|p2a: Ho-Oh
|-status|p2a: Ho-Oh|slp|[from] move: Spore
|
|-ability|p1a: Smeargle|Moody|boost
|-boost|p1a: Smeargle|spe|2
|-unboost|p1a: Smeargle|def|1
|upkeep
|turn|20
|
|t:|1617827382
|switch|p2a: Rayquaza|Rayquaza-Mega|71/100
|-weather|DeltaStream|[from] ability: Delta Stream|[of] p2a: Rayquaza
|move|p1a: Smeargle|Stealth Rock|p2a: Rayquaza
|-sidestart|p2: Pkmn3443|move: Stealth Rock
|
|-weather|DeltaStream|[upkeep]
|-ability|p1a: Smeargle|Moody|boost
|-boost|p1a: Smeargle|spa|2
|-unboost|p1a: Smeargle|spe|1
|upkeep
|turn|21
|
|t:|1617827385
|move|p2a: Rayquaza|Extreme Speed|p1a: Smeargle
|-crit|p1a: Smeargle
|-damage|p1a: Smeargle|0 fnt
|-damage|p2a: Rayquaza|61/100|[from] item: Life Orb
|faint|p1a: Smeargle
|
|-weather|DeltaStream|[upkeep]
|upkeep
|
|t:|1617827393
|switch|p1a: Calyrex|Calyrex-Shadow|100/100
|-ability|p1a: Calyrex|As One
|-ability|p1a: Calyrex|Unnerve
|-damage|p1a: Calyrex|88/100|[from] Stealth Rock
|turn|22
|
|t:|1617827418
|move|p1a: Calyrex|Astral Barrage|p2a: Rayquaza
|-damage|p2a: Rayquaza|0 fnt
|faint|p2a: Rayquaza
|-weather|none
|-ability|p1a: Calyrex|Grim Neigh|boost
|-boost|p1a: Calyrex|spa|1
|
|upkeep
|
|t:|1617827425
|switch|p2a: Yveltal|Yveltal|84/100
|-damage|p2a: Yveltal|59/100|[from] Stealth Rock
|-ability|p2a: Yveltal|Dark Aura
|turn|23
|
|t:|1617827440
|switch|p1a: Sword Doggo|Zacian-Crowned|100/100
|-damage|p1a: Sword Doggo|94/100|[from] Stealth Rock
|-ability|p1a: Sword Doggo|Intrepid Sword|boost
|-boost|p1a: Sword Doggo|atk|1
|-start|p2a: Yveltal|Dynamax
|-heal|p2a: Yveltal|59/100|[silent]
|move|p2a: Yveltal|Max Airstream|p1a: Sword Doggo
|-resisted|p1a: Sword Doggo
|-damage|p1a: Sword Doggo|53/100
|-boost|p2a: Yveltal|spe|1
|-damage|p2a: Yveltal|54/100|[from] item: Life Orb
|
|upkeep
|turn|24
|
|t:|1617827444
|move|p2a: Yveltal|Max Flare|p1a: Sword Doggo
|-supereffective|p1a: Sword Doggo
|-damage|p1a: Sword Doggo|0 fnt
|-weather|SunnyDay
|-damage|p2a: Yveltal|49/100|[from] item: Life Orb
|faint|p1a: Sword Doggo
|
|-weather|SunnyDay|[upkeep]
|upkeep
|
|t:|1617827448
|switch|p1a: Mega Snek|Rayquaza|100/100
|-damage|p1a: Mega Snek|76/100|[from] Stealth Rock
|-ability|p1a: Mega Snek|Air Lock
|turn|25
|
|t:|1617827453
|detailschange|p1a: Mega Snek|Rayquaza-Mega
|-mega|p1a: Mega Snek|Rayquaza|
|-weather|DeltaStream|[from] ability: Delta Stream|[of] p1a: Mega Snek
|move|p2a: Yveltal|Max Darkness|p1a: Mega Snek
|-damage|p1a: Mega Snek|0 fnt
|-damage|p2a: Yveltal|44/100|[from] item: Life Orb
|faint|p1a: Mega Snek
|-weather|none
|
|-end|p2a: Yveltal|Dynamax
|-heal|p2a: Yveltal|44/100|[silent]
|upkeep
|
|t:|1617827460
|switch|p1a: Pixie|Xerneas|49/100
|-damage|p1a: Pixie|37/100|[from] Stealth Rock
|-ability|p1a: Pixie|Fairy Aura
|turn|26
|
|t:|1617827463
|-start|p1a: Pixie|Dynamax
|-heal|p1a: Pixie|37/100|[silent]
|move|p2a: Yveltal|Oblivion Wing|p1a: Pixie
|-damage|p1a: Pixie|13/100
|-heal|p2a: Yveltal|80/100|[from] drain|[of] p1a: Pixie
|-damage|p2a: Yveltal|70/100|[from] item: Life Orb
|move|p1a: Pixie|Max Starfall|p2a: Yveltal
|-supereffective|p2a: Yveltal
|-damage|p2a: Yveltal|0 fnt
|-fieldstart|move: Misty Terrain
|faint|p2a: Yveltal
|
|upkeep
|
|t:|1617827477
|switch|p2a: Zacian|Zacian-Crowned|100/100
|-damage|p2a: Zacian|94/100|[from] Stealth Rock
|-ability|p2a: Zacian|Intrepid Sword|boost
|-boost|p2a: Zacian|atk|1
|turn|27
|
|t:|1617827482
|move|p2a: Zacian|Behemoth Blade|p1a: Pixie
|-supereffective|p1a: Pixie
|-damage|p1a: Pixie|0 fnt
|faint|p1a: Pixie
|
|upkeep
|
|t:|1617827484
|switch|p1a: Calyrex|Calyrex-Shadow|88/100
|-ability|p1a: Calyrex|As One
|-ability|p1a: Calyrex|Unnerve
|-damage|p1a: Calyrex|76/100|[from] Stealth Rock
|turn|28
|
|t:|1617827487
|move|p1a: Calyrex|Astral Barrage|p2a: Zacian
|-damage|p2a: Zacian|0 fnt
|faint|p2a: Zacian
|-ability|p1a: Calyrex|Grim Neigh|boost
|-boost|p1a: Calyrex|spa|1
|
|upkeep
|
|t:|1617827492
|switch|p2a: Ditto|Ditto|100/100
|-damage|p2a: Ditto|88/100|[from] Stealth Rock
|-transform|p2a: Ditto|p1a: Calyrex|[from] ability: Imposter
|turn|29
|
|t:|1617827498
|move|p2a: Ditto|Astral Barrage|p1a: Calyrex
|-supereffective|p1a: Calyrex
|-damage|p1a: Calyrex|0 fnt
|faint|p1a: Calyrex
|
|win|Pkmn3443
|raw|BigDuckie's rating: 1588 &rarr; <strong>1582</strong><br />(-6 for losing)
|raw|Pkmn3443's rating: 1874 &rarr; <strong>1880</strong><br />(+6 for winning)
|l|☆BigDuckie
