|j|☆Not holydemon
|j|☆Crush on yx bf
|t:|1665991822
|gametype|singles
|player|p1|Not holydemon|unknown|1321
|player|p2|Crush on yx bf|266|1535
|teamsize|p1|6
|teamsize|p2|6
|gen|8
|tier|[Gen 8] National Dex AG
|rated|
|rule|HP Percentage Mod: HP is shown in percentages
|rule|Endless Battle Clause: Forcing endless battles is banned
|clearpoke
|poke|p1|Sableye, F|
|poke|p1|Giratina|
|poke|p1|Arceus-*|
|poke|p1|Lugia|
|poke|p1|Chansey, F|
|poke|p1|Quagsire, F|
|poke|p2|Arceus-*|
|poke|p2|Groudon|
|poke|p2|Calyrex-Shadow|
|poke|p2|Marshadow|
|poke|p2|Rayquaza|
|poke|p2|Xerneas-*|
|teampreview
|
|t:|1665991830
|start
|switch|p1a: Sableye|Sableye, F, shiny|100/100
|switch|p2a: Groudon|Groudon|100/100
|detailschange|p2a: Groudon|Groudon-Primal
|-primal|p2a: Groudon
|-weather|DesolateLand|[from] ability: Desolate Land|[of] p2a: Groudon
|turn|1
|
|t:|1665991834
|detailschange|p1a: Sableye|Sableye-Mega, F, shiny
|-mega|p1a: Sableye|Sableye|Sablenite
|move|p1a: Sableye|Fake Out|p2a: Groudon
|-damage|p2a: Groudon|96/100
|cant|p2a: Groudon|flinch
|
|-weather|DesolateLand|[upkeep]
|upkeep
|turn|2
|
|t:|1665991841
|switch|p1a: Lugia|Lugia, shiny|100/100
|move|p2a: Groudon|Fire Punch|p1a: Lugia
|-damage|p1a: Lugia|81/100
|
|-weather|DesolateLand|[upkeep]
|upkeep
|turn|3
|
|t:|1665991851
|move|p1a: Lugia|Toxic|p2a: Groudon
|-status|p2a: Groudon|tox
|move|p2a: Groudon|Dragon Tail|p1a: Lugia|[miss]
|-miss|p2a: Groudon|p1a: Lugia
|
|-weather|DesolateLand|[upkeep]
|-damage|p2a: Groudon|90/100 tox|[from] psn
|upkeep
|turn|4
|
|t:|1665991854
|move|p1a: Lugia|Roost|p1a: Lugia
|-heal|p1a: Lugia|100/100
|-singleturn|p1a: Lugia|move: Roost
|move|p2a: Groudon|Stealth Rock|p1a: Lugia
|-sidestart|p1: Not holydemon|move: Stealth Rock
|
|-weather|DesolateLand|[upkeep]
|-damage|p2a: Groudon|78/100 tox|[from] psn
|upkeep
|turn|5
|
|t:|1665991863
|move|p1a: Lugia|Whirlwind|p2a: Groudon
|-weather|none
|drag|p2a: Rayquaza|Rayquaza|100/100
|-ability|p2a: Rayquaza|Air Lock
|
|upkeep
|turn|6
|
|t:|1665991868
|move|p2a: Rayquaza|Dragon Ascent|p1a: Lugia
|-damage|p1a: Lugia|75/100
|-unboost|p2a: Rayquaza|def|1
|-unboost|p2a: Rayquaza|spd|1
|-damage|p2a: Rayquaza|91/100|[from] item: Life Orb
|move|p1a: Lugia|Toxic|p2a: Rayquaza
|-status|p2a: Rayquaza|tox
|
|-damage|p2a: Rayquaza|85/100 tox|[from] psn
|upkeep
|turn|7
|
|t:|1665991877
|detailschange|p2a: Rayquaza|Rayquaza-Mega
|-mega|p2a: Rayquaza|Rayquaza|
|-weather|DeltaStream|[from] ability: Delta Stream|[of] p2a: Rayquaza
|move|p2a: Rayquaza|Dragon Ascent|p1a: Lugia
|-damage|p1a: Lugia|19/100
|-unboost|p2a: Rayquaza|def|1
|-unboost|p2a: Rayquaza|spd|1
|-damage|p2a: Rayquaza|75/100 tox|[from] item: Life Orb
|move|p1a: Lugia|Roost|p1a: Lugia
|-heal|p1a: Lugia|69/100
|-singleturn|p1a: Lugia|move: Roost
|
|-weather|DeltaStream|[upkeep]
|-damage|p2a: Rayquaza|63/100 tox|[from] psn
|upkeep
|turn|8
|
|t:|1665991883
|move|p2a: Rayquaza|Dragon Ascent|p1a: Lugia
|-damage|p1a: Lugia|11/100
|-unboost|p2a: Rayquaza|def|1
|-unboost|p2a: Rayquaza|spd|1
|-damage|p2a: Rayquaza|53/100 tox|[from] item: Life Orb
|move|p1a: Lugia|Roost|p1a: Lugia
|-heal|p1a: Lugia|61/100
|-singleturn|p1a: Lugia|move: Roost
|
|-weather|DeltaStream|[upkeep]
|-damage|p2a: Rayquaza|35/100 tox|[from] psn
|upkeep
|turn|9
|
|t:|1665991894
|-start|p1a: Lugia|Dynamax|
|-heal|p1a: Lugia|61/100|[silent]
|move|p1a: Lugia|Max Guard|p1a: Lugia
|-singleturn|p1a: Lugia|Max Guard
|move|p2a: Rayquaza|Dragon Ascent|p1a: Lugia
|-activate|p1a: Lugia|move: Max Guard
|
|-weather|DeltaStream|[upkeep]
|-damage|p2a: Rayquaza|11/100 tox|[from] psn
|upkeep
|turn|10
|
|t:|1665991897
|move|p1a: Lugia|Max Guard||[still]
|-fail|p1a: Lugia
|move|p2a: Rayquaza|Dragon Ascent|p1a: Lugia
|-damage|p1a: Lugia|34/100
|-unboost|p2a: Rayquaza|def|1
|-unboost|p2a: Rayquaza|spd|1
|-damage|p2a: Rayquaza|1/100 tox|[from] item: Life Orb
|
|-weather|DeltaStream|[upkeep]
|-damage|p2a: Rayquaza|0 fnt|[from] psn
|faint|p2a: Rayquaza
|-weather|none
|upkeep
|
|t:|1665991914
|switch|p2a: Xerneas|Xerneas|100/100
|-ability|p2a: Xerneas|Fairy Aura
|turn|11
|
|t:|1665991918
|-end|p1a: Lugia|Dynamax
|-heal|p1a: Lugia|34/100|[silent]
|switch|p1a: Quagsire|Quagsire, F, shiny|100/100
|-damage|p1a: Quagsire|94/100|[from] Stealth Rock
|move|p2a: Xerneas|Geomancy||[still]
|-prepare|p2a: Xerneas|Geomancy
|-enditem|p2a: Xerneas|Power Herb
|-anim|p2a: Xerneas|Geomancy|p2a: Xerneas
|-boost|p2a: Xerneas|spa|2
|-boost|p2a: Xerneas|spd|2
|-boost|p2a: Xerneas|spe|2
|
|upkeep
|turn|12
|
|t:|1665991922
|move|p2a: Xerneas|Moonblast|p1a: Quagsire
|-damage|p1a: Quagsire|11/100
|-unboost|p1a: Quagsire|spa|1
|move|p1a: Quagsire|Haze|p1a: Quagsire
|-clearallboost
|
|upkeep
|turn|13
|
|t:|1665991927
|switch|p1a: Chansey|Chansey, F|100/100
|-damage|p1a: Chansey|88/100|[from] Stealth Rock
|move|p2a: Xerneas|Geomancy||[still]
|-prepare|p2a: Xerneas|Geomancy
|
|upkeep
|turn|14
|
|t:|1665991931
|move|p2a: Xerneas|Geomancy|p2a: Xerneas|[from]lockedmove
|-boost|p2a: Xerneas|spa|2
|-boost|p2a: Xerneas|spd|2
|-boost|p2a: Xerneas|spe|2
|move|p1a: Chansey|Toxic|p2a: Xerneas
|-status|p2a: Xerneas|tox
|
|-damage|p2a: Xerneas|94/100 tox|[from] psn
|upkeep
|turn|15
|
|t:|1665991940
|move|p2a: Xerneas|Moonblast|p1a: Chansey
|-damage|p1a: Chansey|51/100
|-unboost|p1a: Chansey|spa|1
|move|p1a: Chansey|Soft-Boiled|p1a: Chansey
|-heal|p1a: Chansey|100/100
|
|-damage|p2a: Xerneas|82/100 tox|[from] psn
|upkeep
|turn|16
|
|t:|1665991957
|switch|p2a: Groudon|Groudon-Primal|78/100 tox
|-weather|DesolateLand|[from] ability: Desolate Land|[of] p2a: Groudon
|move|p1a: Chansey|Teleport|p1a: Chansey
|
|t:|1665991960
|switch|p1a: Lugia|Lugia, shiny|34/100|[from]move: Teleport
|
|-weather|DesolateLand|[upkeep]
|-damage|p2a: Groudon|72/100 tox|[from] psn
|upkeep
|turn|17
|
|t:|1665991965
|-weather|none
|switch|p2a: Calyrex|Calyrex-Shadow|100/100
|-ability|p2a: Calyrex|As One
|-ability|p2a: Calyrex|Unnerve
|move|p1a: Lugia|Roost|p1a: Lugia
|-heal|p1a: Lugia|84/100
|-singleturn|p1a: Lugia|move: Roost
|
|upkeep
|turn|18
|
|t:|1665991968
|switch|p1a: Chansey|Chansey, F|100/100
|-damage|p1a: Chansey|88/100|[from] Stealth Rock
|move|p2a: Calyrex|Psyshock|p1a: Chansey
|-damage|p1a: Chansey|29/100
|
|upkeep
|turn|19
|
|t:|1665991980
|switch|p1a: Sableye|Sableye-Mega, F, shiny|100/100
|-damage|p1a: Sableye|88/100|[from] Stealth Rock
|move|p2a: Calyrex|Psyshock|p1a: Sableye
|-immune|p1a: Sableye
|
|upkeep
|turn|20
|
|t:|1665991984
|switch|p2a: Xerneas|Xerneas|82/100 tox
|-ability|p2a: Xerneas|Fairy Aura
|move|p1a: Sableye|Foul Play|p2a: Xerneas
|-resisted|p2a: Xerneas
|-damage|p2a: Xerneas|70/100 tox
|
|-damage|p2a: Xerneas|64/100 tox|[from] psn
|upkeep
|turn|21
|
|t:|1665991991
|switch|p1a: Chansey|Chansey, F|29/100
|-damage|p1a: Chansey|17/100|[from] Stealth Rock
|move|p2a: Xerneas|Moonblast|p1a: Chansey
|-damage|p1a: Chansey|0 fnt
|faint|p1a: Chansey
|
|-damage|p2a: Xerneas|52/100 tox|[from] psn
|upkeep
|
|t:|1665991994
|switch|p1a: Quagsire|Quagsire, F, shiny|11/100
|-damage|p1a: Quagsire|5/100|[from] Stealth Rock
|turn|22
|
|t:|1665992000
|move|p2a: Xerneas|Moonblast|p1a: Quagsire
|-damage|p1a: Quagsire|0 fnt
|faint|p1a: Quagsire
|
|-damage|p2a: Xerneas|33/100 tox|[from] psn
|upkeep
|
|t:|1665992004
|switch|p1a: Sableye|Sableye-Mega, F, shiny|88/100
|-damage|p1a: Sableye|75/100|[from] Stealth Rock
|turn|23
|
|t:|1665992008
|move|p1a: Sableye|Fake Out|p2a: Xerneas
|-crit|p2a: Xerneas
|-damage|p2a: Xerneas|24/100 tox
|cant|p2a: Xerneas|flinch
|
|-damage|p2a: Xerneas|0 fnt|[from] psn
|faint|p2a: Xerneas
|upkeep
|
|t:|1665992032
|switch|p2a: Arceus|Arceus|100/100
|turn|24
|
|t:|1665992037
|move|p2a: Arceus|Extreme Speed|p1a: Sableye
|-immune|p1a: Sableye
|move|p1a: Sableye|Toxic|p2a: Arceus
|-status|p2a: Arceus|tox
|
|-damage|p2a: Arceus|94/100 tox|[from] psn
|upkeep
|turn|25
|
|t:|1665992049
|switch|p2a: Calyrex|Calyrex-Shadow|100/100
|-ability|p2a: Calyrex|As One
|-ability|p2a: Calyrex|Unnerve
|move|p1a: Sableye|Recover|p1a: Sableye
|-heal|p1a: Sableye|100/100
|
|upkeep
|turn|26
|
|t:|1665992054
|move|p2a: Calyrex|Draining Kiss|p1a: Sableye
|-supereffective|p1a: Sableye
|-damage|p1a: Sableye|34/100
|move|p1a: Sableye|Foul Play|p2a: Calyrex
|-supereffective|p2a: Calyrex
|-damage|p2a: Calyrex|0 fnt
|faint|p2a: Calyrex
|
|upkeep
|-message|Crush on yx bf forfeited.
|
|win|Not holydemon
|raw|Not holydemon's rating: 1321 &rarr; <strong>1352</strong><br />(+31 for winning)
|raw|Crush on yx bf's rating: 1535 &rarr; <strong>1504</strong><br />(-31 for losing)
|l|☆Crush on yx bf
