|j|☆Dominator296
|j|☆Flynn Watson
|t:|1639496072
|gametype|singles
|player|p1|Dominator296|alder|1646
|player|p2|Flynn Watson|lady|1765
|teamsize|p1|6
|teamsize|p2|6
|gen|8
|tier|[Gen 8] National Dex AG
|rated|
|rule|HP Percentage Mod: HP is shown in percentages
|rule|Endless Battle Clause: Forcing endless battles is banned
|clearpoke
|poke|p1|Kyogre|
|poke|p1|Groudon|
|poke|p1|Ho-Oh|
|poke|p1|Necrozma-Dusk-Mane|
|poke|p1|Arceus-*|
|poke|p1|Arceus-*|
|poke|p2|Rayquaza|
|poke|p2|Arceus-*|
|poke|p2|Necrozma-Dusk-Mane|
|poke|p2|Calyrex-Shadow|
|poke|p2|Ditto|
|poke|p2|Excadrill, F|
|teampreview
|c|☆Flynn Watson|Glhf
|
|t:|1639496080
|start
|switch|p1a: Ho-Oh|Ho-Oh, shiny|100/100
|switch|p2a: Excadrill|Excadrill, F|100/100
|-ability|p2a: Excadrill|Mold Breaker
|turn|1
|
|t:|1639496084
|move|p2a: Excadrill|Rock Tomb|p1a: Ho-Oh
|-supereffective|p1a: Ho-Oh
|-damage|p1a: Ho-Oh|21/100
|-unboost|p1a: Ho-Oh|spe|1
|move|p1a: Ho-Oh|Sacred Fire|p2a: Excadrill
|-supereffective|p2a: Excadrill
|-enditem|p2a: Excadrill|Focus Sash
|-damage|p2a: Excadrill|1/100
|-status|p2a: Excadrill|brn
|
|-damage|p2a: Excadrill|0 fnt|[from] brn
|faint|p2a: Excadrill
|upkeep
|
|t:|1639496095
|switch|p2a: Calyrex|Calyrex-Shadow|100/100
|-ability|p2a: Calyrex|As One
|-ability|p2a: Calyrex|Unnerve
|turn|2
|
|t:|1639496100
|switch|p1a: Arceus|Arceus, shiny|100/100
|move|p2a: Calyrex|Nasty Plot|p2a: Calyrex
|-boost|p2a: Calyrex|spa|2
|
|upkeep
|turn|3
|
|t:|1639496118
|switch|p2a: Arceus|Arceus|100/100
|move|p1a: Arceus|Shadow Claw|p2a: Arceus
|-immune|p2a: Arceus
|
|upkeep
|turn|4
|
|t:|1639496142
|move|p2a: Arceus|Swords Dance|p2a: Arceus
|-boost|p2a: Arceus|atk|2
|move|p1a: Arceus|Swords Dance|p1a: Arceus
|-boost|p1a: Arceus|atk|2
|
|upkeep
|turn|5
|
|t:|1639496150
|move|p2a: Arceus|Extreme Speed|p1a: Arceus
|-damage|p1a: Arceus|27/100
|move|p1a: Arceus|Extreme Speed|p2a: Arceus
|-damage|p2a: Arceus|35/100
|
|upkeep
|turn|6
|
|t:|1639496167
|move|p2a: Arceus|Extreme Speed|p1a: Arceus
|-damage|p1a: Arceus|0 fnt
|faint|p1a: Arceus
|
|upkeep
|
|t:|1639496171
|switch|p1a: Necrozma|Necrozma-Dusk-Mane|100/100
|turn|7
|
|t:|1639496180
|detailschange|p1a: Necrozma|Necrozma-Ultra
|-burst|p1a: Necrozma|Necrozma|Ultranecrozium Z
|move|p1a: Necrozma|Photon Geyser|p2a: Arceus
|-damage|p2a: Arceus|0 fnt
|faint|p2a: Arceus
|
|upkeep
|
|t:|1639496188
|switch|p2a: Calyrex|Calyrex-Shadow|100/100
|-ability|p2a: Calyrex|As One
|-ability|p2a: Calyrex|Unnerve
|turn|8
|j| Showdown Stalker
|
|t:|1639496195
|move|p2a: Calyrex|Astral Barrage|p1a: Necrozma
|-supereffective|p1a: Necrozma
|-damage|p1a: Necrozma|0 fnt
|faint|p1a: Necrozma
|-ability|p2a: Calyrex|Grim Neigh|boost
|-boost|p2a: Calyrex|spa|1
|
|upkeep
|
|t:|1639496203
|switch|p1a: Arceus|Arceus-Flying|100/100
|turn|9
|c| Showdown Stalker|oh, this is new
|
|t:|1639496205
|-start|p2a: Calyrex|Dynamax
|-heal|p2a: Calyrex|100/100|[silent]
|-start|p1a: Arceus|Dynamax
|-heal|p1a: Arceus|100/100|[silent]
|move|p2a: Calyrex|Max Phantasm|p1a: Arceus
|-damage|p1a: Arceus|57/100
|-unboost|p1a: Arceus|def|1
|move|p1a: Arceus|Max Airstream|p2a: Calyrex
|-damage|p2a: Calyrex|69/100
|-boost|p1a: Arceus|spe|1
|
|upkeep
|turn|10
|
|t:|1639496208
|move|p1a: Arceus|Max Guard|p1a: Arceus
|-singleturn|p1a: Arceus|Max Guard
|move|p2a: Calyrex|Max Phantasm|p1a: Arceus
|-activate|p1a: Arceus|move: Max Guard
|
|upkeep
|turn|11
|
|t:|1639496213
|move|p2a: Calyrex|Max Phantasm|p1a: Arceus
|-damage|p1a: Arceus|12/100
|-unboost|p1a: Arceus|def|1
|move|p1a: Arceus|Max Airstream|p2a: Calyrex
|-damage|p2a: Calyrex|37/100
|-boost|p1a: Arceus|spe|1
|
|-end|p1a: Arceus|Dynamax
|-heal|p1a: Arceus|12/100|[silent]
|-end|p2a: Calyrex|Dynamax
|-heal|p2a: Calyrex|37/100|[silent]
|upkeep
|turn|12
|
|t:|1639496220
|move|p1a: Arceus|Judgment|p2a: Calyrex
|-damage|p2a: Calyrex|0 fnt
|faint|p2a: Calyrex
|
|upkeep
|
|t:|1639496224
|switch|p2a: Rayquaza|Rayquaza|100/100
|-ability|p2a: Rayquaza|Air Lock
|turn|13
|
|t:|1639496235
|detailschange|p2a: Rayquaza|Rayquaza-Mega
|-mega|p2a: Rayquaza|Rayquaza|
|-weather|DeltaStream|[from] ability: Delta Stream|[of] p2a: Rayquaza
|move|p1a: Arceus|Judgment|p2a: Rayquaza
|-damage|p2a: Rayquaza|53/100
|move|p2a: Rayquaza|Scale Shot|p1a: Arceus
|-damage|p1a: Arceus|0 fnt
|faint|p1a: Arceus
|-hitcount|p1: Arceus|1
|-unboost|p2a: Rayquaza|def|1
|-boost|p2a: Rayquaza|spe|1
|-damage|p2a: Rayquaza|43/100|[from] item: Life Orb
|
|-weather|DeltaStream|[upkeep]
|upkeep
|
|t:|1639496245
|switch|p1a: Groudon|Groudon|100/100
|detailschange|p1a: Groudon|Groudon-Primal
|-primal|p1a: Groudon
|-weather|DesolateLand|[from] ability: Desolate Land|[of] p1a: Groudon
|turn|14
|
|t:|1639496249
|move|p2a: Rayquaza|Dragon Ascent|p1a: Groudon
|-damage|p1a: Groudon|39/100
|-unboost|p2a: Rayquaza|def|1
|-unboost|p2a: Rayquaza|spd|1
|-damage|p2a: Rayquaza|33/100|[from] item: Life Orb
|move|p1a: Groudon|Precipice Blades|p2a: Rayquaza
|-immune|p2a: Rayquaza
|
|-weather|DesolateLand|[upkeep]
|upkeep
|turn|15
|c|☆Flynn Watson|What did u want to click
|c|☆Flynn Watson|Ik u misclicked
|c|☆Flynn Watson|?
|c|☆Dominator296|Wasn’t a misclick
|c|☆Flynn Watson|Bruh
|c|☆Dominator296|thought you were going to swap into ditto
|c|☆Dominator296|why would you stay in?
|c|☆Flynn Watson|I was gonna let u konmy rayquaza if it was dragon claw lol
|
|t:|1639496300
|move|p2a: Rayquaza|Dragon Ascent|p1a: Groudon
|-damage|p1a: Groudon|0 fnt
|-unboost|p2a: Rayquaza|def|1
|-unboost|p2a: Rayquaza|spd|1
|faint|p1a: Groudon
|-weather|none
|-damage|p2a: Rayquaza|24/100|[from] item: Life Orb
|
|upkeep
|c|☆Dominator296|Lol
|c| Showdown Stalker|how generous
|
|t:|1639496319
|switch|p1a: Kyogre|Kyogre|100/100
|-weather|RainDance|[from] ability: Drizzle|[of] p1a: Kyogre
|turn|16
|c|☆Flynn Watson|And I stayed in cuz I just needed to get off as much DMG as possible
|
|t:|1639496329
|move|p2a: Rayquaza|Dragon Ascent|p1a: Kyogre
|-crit|p1a: Kyogre
|-damage|p1a: Kyogre|0 fnt
|-unboost|p2a: Rayquaza|def|1
|-unboost|p2a: Rayquaza|spd|1
|faint|p1a: Kyogre
|-damage|p2a: Rayquaza|14/100|[from] item: Life Orb
|
|-weather|RainDance|[upkeep]
|upkeep
|
|t:|1639496332
|switch|p1a: Ho-Oh|Ho-Oh, shiny|55/100
|turn|17
|c|☆Flynn Watson|Ggwp
|
|t:|1639496339
|move|p2a: Rayquaza|Scale Shot|p1a: Ho-Oh
|-damage|p1a: Ho-Oh|34/100
|-damage|p1a: Ho-Oh|12/100
|-hitcount|p1a: Ho-Oh|2
|-unboost|p2a: Rayquaza|def|1
|-boost|p2a: Rayquaza|spe|1
|-damage|p2a: Rayquaza|4/100|[from] item: Life Orb
|move|p1a: Ho-Oh|Recover|p1a: Ho-Oh
|-heal|p1a: Ho-Oh|62/100
|
|-weather|RainDance|[upkeep]
|upkeep
|turn|18
|c|☆Flynn Watson|Gg
|
|t:|1639496354
|move|p2a: Rayquaza|Dragon Ascent|p1a: Ho-Oh
|-damage|p1a: Ho-Oh|0 fnt
|-unboost|p2a: Rayquaza|def|1
|-unboost|p2a: Rayquaza|spd|1
|faint|p1a: Ho-Oh
|-damage|p2a: Rayquaza|0 fnt|[from] item: Life Orb
|faint|p2a: Rayquaza
|
|win|Flynn Watson
|raw|Dominator296's rating: 1646 &rarr; <strong>1633</strong><br />(-13 for losing)
|raw|Flynn Watson's rating: 1765 &rarr; <strong>1778</strong><br />(+13 for winning)
|c|☆Dominator296|Gg
