|j|☆DJ Phoenix da Poet
|j|☆Defensive0
|t:|1668409025
|gametype|singles
|player|p1|DJ Phoenix da Poet|hilbert|1719
|player|p2|Defensive0|riley|2021
|teamsize|p1|6
|teamsize|p2|6
|gen|8
|tier|[Gen 8] National Dex AG
|rated|
|rule|HP Percentage Mod: HP is shown in percentages
|rule|Endless Battle Clause: Forcing endless battles is banned
|clearpoke
|poke|p1|Groudon|
|poke|p1|Yveltal|
|poke|p1|Rayquaza|
|poke|p1|Necrozma-Dusk-Mane|
|poke|p1|Ditto|
|poke|p1|Zacian-*|
|poke|p2|Mewtwo|
|poke|p2|Rayquaza|
|poke|p2|Arceus-*|
|poke|p2|Ditto|
|poke|p2|Greninja, M|
|poke|p2|Necrozma-Dusk-Mane|
|teampreview
|inactive|Battle timer is ON: inactive players will automatically lose when time's up. (requested by Defensive0)
|
|t:|1668409050
|start
|switch|p1a: Yveltal|Yveltal|100/100
|switch|p2a: Mewtwo|Mewtwo|100/100
|-ability|p2a: Mewtwo|Pressure
|-ability|p1a: Yveltal|Dark Aura
|turn|1
|
|t:|1668409068
|detailschange|p2a: Mewtwo|Mewtwo-Mega-X
|-mega|p2a: Mewtwo|Mewtwo|Mewtwonite X
|move|p2a: Mewtwo|Low Kick|p1a: Yveltal
|-damage|p1a: Yveltal|30/100
|move|p1a: Yveltal|Dark Pulse|p2a: Mewtwo
|-damage|p2a: Mewtwo|29/100
|-damage|p1a: Yveltal|21/100|[from] item: Life Orb
|
|upkeep
|turn|2
|
|t:|1668409075
|move|p2a: Mewtwo|Low Kick|p1a: Yveltal
|-damage|p1a: Yveltal|0 fnt
|faint|p1a: Yveltal
|
|upkeep
|
|t:|1668409078
|switch|p1a: Necrozma|Necrozma-Dusk-Mane|100/100
|turn|3
|
|t:|1668409083
|move|p2a: Mewtwo|Taunt|p1a: Necrozma
|-start|p1a: Necrozma|move: Taunt
|cant|p1a: Necrozma|move: Taunt|Thunder Wave
|
|upkeep
|turn|4
|
|t:|1668409085
|move|p2a: Mewtwo|Stone Edge|p1a: Necrozma
|-resisted|p1a: Necrozma
|-damage|p1a: Necrozma|88/100
|move|p1a: Necrozma|Knock Off|p2a: Mewtwo
|-damage|p2a: Mewtwo|4/100
|
|upkeep
|turn|5
|
|t:|1668409089
|move|p2a: Mewtwo|Low Kick|p1a: Necrozma
|-damage|p1a: Necrozma|39/100
|-damage|p2a: Mewtwo|0 fnt|[from] item: Rocky Helmet|[of] p1a: Necrozma
|faint|p2a: Mewtwo
|move|p1a: Necrozma|Knock Off|p2: Mewtwo|[notarget]
|-fail|p1a: Necrozma
|
|-end|p1a: Necrozma|move: Taunt
|upkeep
|
|t:|1668409095
|switch|p2a: Kakashi Hatake|Greninja, M, shiny|100/100
|turn|6
|
|t:|1668409099
|move|p2a: Kakashi Hatake|Dark Pulse|p1a: Necrozma
|-start|p2a: Kakashi Hatake|typechange|Dark|[from] ability: Protean
|-supereffective|p1a: Necrozma
|-damage|p1a: Necrozma|0 fnt
|faint|p1a: Necrozma
|-damage|p2a: Kakashi Hatake|91/100|[from] item: Life Orb
|
|upkeep
|
|t:|1668409107
|switch|p1a: Groudon|Groudon|100/100
|detailschange|p1a: Groudon|Groudon-Primal
|-primal|p1a: Groudon
|-weather|DesolateLand|[from] ability: Desolate Land|[of] p1a: Groudon
|turn|7
|
|t:|1668409113
|move|p2a: Kakashi Hatake|Grass Knot|p1a: Groudon
|-start|p2a: Kakashi Hatake|typechange|Grass|[from] ability: Protean
|-damage|p1a: Groudon|29/100
|-damage|p2a: Kakashi Hatake|81/100|[from] item: Life Orb
|move|p1a: Groudon|Precipice Blades|p2a: Kakashi Hatake
|-resisted|p2a: Kakashi Hatake
|-damage|p2a: Kakashi Hatake|8/100
|
|-weather|DesolateLand|[upkeep]
|upkeep
|turn|8
|
|t:|1668409122
|-weather|none
|switch|p1a: Ditto|Ditto|100/100
|-transform|p1a: Ditto|p2a: Kakashi Hatake|[from] ability: Imposter
|move|p2a: Kakashi Hatake|Ice Beam|p1a: Ditto
|-start|p2a: Kakashi Hatake|typechange|Ice|[from] ability: Protean
|-supereffective|p1a: Ditto
|-damage|p1a: Ditto|0 fnt
|faint|p1a: Ditto
|-damage|p2a: Kakashi Hatake|0 fnt|[from] item: Life Orb
|faint|p2a: Kakashi Hatake
|
|upkeep
|
|t:|1668409136
|switch|p2a: Rayquaza|Rayquaza|100/100
|switch|p1a: Rayquaza|Rayquaza|100/100
|-ability|p1a: Rayquaza|Air Lock
|-ability|p2a: Rayquaza|Air Lock
|turn|9
|
|t:|1668409144
|switch|p2a: Necrozma|Necrozma-Dusk-Mane|100/100
|detailschange|p1a: Rayquaza|Rayquaza-Mega
|-mega|p1a: Rayquaza|Rayquaza|
|-weather|DeltaStream|[from] ability: Delta Stream|[of] p1a: Rayquaza
|move|p1a: Rayquaza|Dragon Ascent|p2a: Necrozma
|-resisted|p2a: Necrozma
|-damage|p2a: Necrozma|78/100
|-unboost|p1a: Rayquaza|def|1
|-unboost|p1a: Rayquaza|spd|1
|-damage|p1a: Rayquaza|84/100|[from] item: Rocky Helmet|[of] p2a: Necrozma
|
|-weather|DeltaStream|[upkeep]
|upkeep
|turn|10
|
|t:|1668409151
|move|p1a: Rayquaza|V-create|p2a: Necrozma
|-supereffective|p2a: Necrozma
|-damage|p2a: Necrozma|17/100
|-unboost|p1a: Rayquaza|spe|1
|-unboost|p1a: Rayquaza|def|1
|-unboost|p1a: Rayquaza|spd|1
|-damage|p1a: Rayquaza|68/100|[from] item: Rocky Helmet|[of] p2a: Necrozma
|move|p2a: Necrozma|Stealth Rock|p1a: Rayquaza
|-sidestart|p1: DJ Phoenix da Poet|move: Stealth Rock
|
|-weather|DeltaStream|[upkeep]
|upkeep
|turn|11
|
|t:|1668409157
|move|p1a: Rayquaza|Waterfall|p2a: Necrozma
|-damage|p2a: Necrozma|0 fnt
|-damage|p1a: Rayquaza|51/100|[from] item: Rocky Helmet|[of] p2a: Necrozma
|faint|p2a: Necrozma
|
|-weather|DeltaStream|[upkeep]
|upkeep
|
|t:|1668409162
|switch|p2a: Rayquaza|Rayquaza|100/100
|-ability|p2a: Rayquaza|Air Lock
|turn|12
|
|t:|1668409165
|-start|p2a: Rayquaza|Dynamax|
|-heal|p2a: Rayquaza|100/100|[silent]
|move|p2a: Rayquaza|Max Airstream|p1a: Rayquaza
|-damage|p1a: Rayquaza|0 fnt
|-boost|p2a: Rayquaza|spe|1
|faint|p1a: Rayquaza
|-weather|none
|-damage|p2a: Rayquaza|96/100|[from] item: Life Orb
|
|upkeep
|
|t:|1668409166
|switch|p1a: Groudon|Groudon-Primal|29/100
|-damage|p1a: Groudon|16/100|[from] Stealth Rock
|-weather|DesolateLand|[from] ability: Desolate Land|[of] p1a: Groudon
|turn|13
|
|t:|1668409169
|move|p2a: Rayquaza|Max Knuckle|p1a: Groudon
|-damage|p1a: Groudon|0 fnt
|-boost|p2a: Rayquaza|atk|1
|faint|p1a: Groudon
|-weather|none
|-damage|p2a: Rayquaza|91/100|[from] item: Life Orb
|
|upkeep
|
|t:|1668409170
|switch|p1a: Zacian|Zacian-Crowned|100/100
|-damage|p1a: Zacian|94/100|[from] Stealth Rock
|-ability|p1a: Zacian|Intrepid Sword|boost
|-boost|p1a: Zacian|atk|1
|turn|14
|
|t:|1668409173
|move|p2a: Rayquaza|Max Quake|p1a: Zacian
|-supereffective|p1a: Zacian
|-damage|p1a: Zacian|0 fnt
|-boost|p2a: Rayquaza|spd|1
|faint|p1a: Zacian
|-damage|p2a: Rayquaza|86/100|[from] item: Life Orb
|
|win|Defensive0
|raw|DJ Phoenix da Poet's rating: 1719 &rarr; <strong>1713</strong><br />(-6 for losing)
|raw|Defensive0's rating: 2021 &rarr; <strong>2027</strong><br />(+6 for winning)
|c|☆DJ Phoenix da Poet|Lol.
|c|☆DJ Phoenix da Poet|A time traveler
|c|☆DJ Phoenix da Poet|You have just traveled to year 2027
|c|☆DJ Phoenix da Poet|Congrat
|c|☆DJ Phoenix da Poet|Lol
|l|☆DJ Phoenix da Poet
||Ladder isn't responding, score probably updated but might not have (Request timeout).
