|j|☆CLEAR GEM清瑜
|j|☆MiguelRRM
|t:|1662596152
|gametype|singles
|player|p1|CLEAR GEM清瑜|skierf|1704
|player|p2|MiguelRRM|170|1802
|teamsize|p1|6
|teamsize|p2|6
|gen|8
|tier|[Gen 8] National Dex AG
|rated|
|rule|HP Percentage Mod: HP is shown in percentages
|rule|Endless Battle Clause: Forcing endless battles is banned
|clearpoke
|poke|p1|Rayquaza|
|poke|p1|Groudon|
|poke|p1|Necrozma-Dusk-Mane|
|poke|p1|Arceus-*|
|poke|p1|Zacian-*|
|poke|p1|Yveltal|
|poke|p2|Marshadow|
|poke|p2|Arceus-*|
|poke|p2|Calyrex-Shadow|
|poke|p2|Groudon|
|poke|p2|Smeargle, F|
|poke|p2|Smeargle, M|
|teampreview
|inactive|Battle timer is ON: inactive players will automatically lose when time's up. (requested by CLEAR GEM清瑜)
|
|t:|1662596159
|start
|switch|p1a: Y鸟|Yveltal|100/100
|switch|p2a: Marshadow|Marshadow|100/100
|-ability|p1a: Y鸟|Dark Aura
|turn|1
|
|t:|1662596163
|switch|p1a: 不会(?)|Groudon|100/100
|detailschange|p1a: 不会(?)|Groudon-Primal
|-primal|p1a: 不会(?)
|-weather|DesolateLand|[from] ability: Desolate Land|[of] p1a: 不会(?)
|move|p2a: Marshadow|Rock Tomb|p1a: 不会(?)
|-damage|p1a: 不会(?)|85/100
|-unboost|p1a: 不会(?)|spe|1
|
|-weather|DesolateLand|[upkeep]
|upkeep
|turn|2
|
|t:|1662596166
|switch|p2a: Smeargle|Smeargle, F|100/100
|move|p1a: 不会(?)|Stealth Rock|p2a: Smeargle
|-sidestart|p2: MiguelRRM|move: Stealth Rock
|
|-weather|DesolateLand|[upkeep]
|-ability|p2a: Smeargle|Moody|boost
|-boost|p2a: Smeargle|spe|2
|-unboost|p2a: Smeargle|spa|1
|upkeep
|turn|3
|
|t:|1662596171
|-weather|none
|switch|p1a: Y鸟|Yveltal|100/100
|-ability|p1a: Y鸟|Dark Aura
|move|p2a: Smeargle|Court Change|p2a: Smeargle
|-swapsideconditions
|-activate|p2a: Smeargle|move: Court Change
|
|-ability|p2a: Smeargle|Moody|boost
|-boost|p2a: Smeargle|atk|2
|-unboost|p2a: Smeargle|spd|1
|upkeep
|turn|4
|
|t:|1662596174
|switch|p1a: 不会(?)|Groudon-Primal|85/100
|-damage|p1a: 不会(?)|72/100|[from] Stealth Rock
|-weather|DesolateLand|[from] ability: Desolate Land|[of] p1a: 不会(?)
|move|p2a: Smeargle|Baton Pass|p2a: Smeargle
|
|t:|1662596177
|switch|p2a: Smeargle|Smeargle, M|100/100|[from]move: Baton Pass
|
|-weather|DesolateLand|[upkeep]
|-ability|p2a: Smeargle|Moody|boost
|-boost|p2a: Smeargle|spd|2
|-unboost|p2a: Smeargle|atk|1
|upkeep
|turn|5
|
|t:|1662596179
|move|p2a: Smeargle|Spore|p1a: 不会(?)
|-status|p1a: 不会(?)|slp|[from] move: Spore
|cant|p1a: 不会(?)|slp
|
|-weather|DesolateLand|[upkeep]
|-ability|p2a: Smeargle|Moody|boost
|-boost|p2a: Smeargle|spe|2
|-unboost|p2a: Smeargle|spa|1
|upkeep
|turn|6
|j| Toxic Ariados
|l| Toxic Ariados
|
|t:|1662596184
|move|p2a: Smeargle|Minimize|p2a: Smeargle
|-boost|p2a: Smeargle|evasion|2
|-curestatus|p1a: 不会(?)|slp|[msg]
|move|p1a: 不会(?)|Roar|p2a: Smeargle
|drag|p2a: Groudon|Groudon|100/100
|detailschange|p2a: Groudon|Groudon-Primal
|-primal|p2a: Groudon
|
|-weather|DesolateLand|[upkeep]
|upkeep
|turn|7
|
|t:|1662596190
|switch|p2a: Smeargle|Smeargle, M|100/100
|move|p1a: 不会(?)|Stealth Rock|p2a: Smeargle
|-sidestart|p2: MiguelRRM|move: Stealth Rock
|
|-weather|DesolateLand|[upkeep]
|-ability|p2a: Smeargle|Moody|boost
|-boost|p2a: Smeargle|def|2
|-unboost|p2a: Smeargle|spd|1
|upkeep
|turn|8
|
|t:|1662596194
|move|p2a: Smeargle|Spore|p1a: 不会(?)
|-status|p1a: 不会(?)|slp|[from] move: Spore
|cant|p1a: 不会(?)|slp
|
|-weather|DesolateLand|[upkeep]
|-ability|p2a: Smeargle|Moody|boost
|-boost|p2a: Smeargle|def|2
|-unboost|p2a: Smeargle|spa|1
|upkeep
|turn|9
|
|t:|1662596196
|move|p2a: Smeargle|Baton Pass|p2a: Smeargle
|
|t:|1662596198
|switch|p2a: Smeargle|Smeargle, F|100/100|[from]move: Baton Pass
|-damage|p2a: Smeargle|88/100|[from] Stealth Rock
|cant|p1a: 不会(?)|slp
|
|-weather|DesolateLand|[upkeep]
|-heal|p2a: Smeargle|94/100|[from] item: Leftovers
|-ability|p2a: Smeargle|Moody|boost
|-boost|p2a: Smeargle|atk|2
|-unboost|p2a: Smeargle|def|1
|upkeep
|turn|10
|
|t:|1662596200
|move|p2a: Smeargle|Ingrain|p2a: Smeargle
|-start|p2a: Smeargle|move: Ingrain
|cant|p1a: 不会(?)|slp
|
|-weather|DesolateLand|[upkeep]
|-heal|p2a: Smeargle|99/100|[from] item: Leftovers
|-heal|p2a: Smeargle|100/100|[from] Ingrain
|-ability|p2a: Smeargle|Moody|boost
|-boost|p2a: Smeargle|spa|2
|-unboost|p2a: Smeargle|spd|1
|upkeep
|turn|11
|
|t:|1662596203
|move|p2a: Smeargle|Substitute|p2a: Smeargle
|-start|p2a: Smeargle|Substitute
|-damage|p2a: Smeargle|76/100
|-curestatus|p1a: 不会(?)|slp|[msg]
|move|p1a: 不会(?)|Heat Crash|p2a: Smeargle
|-end|p2a: Smeargle|Substitute
|
|-weather|DesolateLand|[upkeep]
|-heal|p2a: Smeargle|82/100|[from] item: Leftovers
|-heal|p2a: Smeargle|88/100|[from] Ingrain
|-ability|p2a: Smeargle|Moody|boost
|-boost|p2a: Smeargle|spa|2
|-unboost|p2a: Smeargle|def|1
|upkeep
|turn|12
|
|t:|1662596211
|move|p2a: Smeargle|Substitute|p2a: Smeargle
|-start|p2a: Smeargle|Substitute
|-damage|p2a: Smeargle|63/100
|move|p1a: 不会(?)|Heat Crash|p2a: Smeargle
|-end|p2a: Smeargle|Substitute
|
|-weather|DesolateLand|[upkeep]
|-heal|p2a: Smeargle|69/100|[from] item: Leftovers
|-heal|p2a: Smeargle|75/100|[from] Ingrain
|-ability|p2a: Smeargle|Moody|boost
|-boost|p2a: Smeargle|spd|2
|-unboost|p2a: Smeargle|spa|1
|upkeep
|turn|13
|
|t:|1662596215
|move|p2a: Smeargle|Substitute|p2a: Smeargle
|-start|p2a: Smeargle|Substitute
|-damage|p2a: Smeargle|50/100
|move|p1a: 不会(?)|Heat Crash|p2a: Smeargle
|-end|p2a: Smeargle|Substitute
|
|-weather|DesolateLand|[upkeep]
|-heal|p2a: Smeargle|56/100|[from] item: Leftovers
|-heal|p2a: Smeargle|62/100|[from] Ingrain
|-ability|p2a: Smeargle|Moody|boost
|-boost|p2a: Smeargle|spa|2
|-unboost|p2a: Smeargle|atk|1
|upkeep
|turn|14
|
|t:|1662596221
|move|p2a: Smeargle|Substitute|p2a: Smeargle
|-start|p2a: Smeargle|Substitute
|-damage|p2a: Smeargle|37/100
|move|p1a: 不会(?)|Heat Crash|p2a: Smeargle
|-end|p2a: Smeargle|Substitute
|
|-weather|DesolateLand|[upkeep]
|-heal|p2a: Smeargle|43/100|[from] item: Leftovers
|-heal|p2a: Smeargle|50/100|[from] Ingrain
|-ability|p2a: Smeargle|Moody|boost
|-boost|p2a: Smeargle|atk|2
|-unboost|p2a: Smeargle|def|1
|upkeep
|turn|15
|
|t:|1662596223
|move|p2a: Smeargle|Substitute|p2a: Smeargle
|-start|p2a: Smeargle|Substitute
|-damage|p2a: Smeargle|25/100
|move|p1a: 不会(?)|Heat Crash|p2a: Smeargle
|-end|p2a: Smeargle|Substitute
|
|-weather|DesolateLand|[upkeep]
|-heal|p2a: Smeargle|31/100|[from] item: Leftovers
|-heal|p2a: Smeargle|37/100|[from] Ingrain
|-ability|p2a: Smeargle|Moody|boost
|-boost|p2a: Smeargle|def|2
|-unboost|p2a: Smeargle|spa|1
|upkeep
|turn|16
|
|t:|1662596226
|move|p2a: Smeargle|Substitute|p2a: Smeargle
|-start|p2a: Smeargle|Substitute
|-damage|p2a: Smeargle|12/100
|move|p1a: 不会(?)|Heat Crash|p2a: Smeargle
|-end|p2a: Smeargle|Substitute
|
|-weather|DesolateLand|[upkeep]
|-heal|p2a: Smeargle|18/100|[from] item: Leftovers
|-heal|p2a: Smeargle|24/100|[from] Ingrain
|-ability|p2a: Smeargle|Moody|boost
|-boost|p2a: Smeargle|spd|2
|-unboost|p2a: Smeargle|spa|1
|upkeep
|turn|17
|
|t:|1662596232
|move|p2a: Smeargle|Substitute|p2a: Smeargle
|-fail|p2a: Smeargle|move: Substitute|[weak]
|move|p1a: 不会(?)|Heat Crash|p2a: Smeargle
|-damage|p2a: Smeargle|0 fnt
|faint|p2a: Smeargle
|
|-weather|DesolateLand|[upkeep]
|upkeep
|
|t:|1662596241
|switch|p2a: Smeargle|Smeargle, M|100/100
|-damage|p2a: Smeargle|88/100|[from] Stealth Rock
|turn|18
|
|t:|1662596243
|move|p2a: Smeargle|Spore|p1a: 不会(?)
|-status|p1a: 不会(?)|slp|[from] move: Spore
|cant|p1a: 不会(?)|slp
|
|-weather|DesolateLand|[upkeep]
|-ability|p2a: Smeargle|Moody|boost
|-boost|p2a: Smeargle|spa|2
|-unboost|p2a: Smeargle|spe|1
|upkeep
|turn|19
|
|t:|1662596246
|-weather|none
|switch|p1a: 嘉然小姐的狗|Zacian-Crowned|100/100
|-damage|p1a: 嘉然小姐的狗|94/100|[from] Stealth Rock
|-ability|p1a: 嘉然小姐的狗|Intrepid Sword|boost
|-boost|p1a: 嘉然小姐的狗|atk|1
|move|p2a: Smeargle|Minimize|p2a: Smeargle
|-boost|p2a: Smeargle|evasion|2
|
|-ability|p2a: Smeargle|Moody|boost
|-boost|p2a: Smeargle|atk|2
|-unboost|p2a: Smeargle|def|1
|upkeep
|turn|20
|
|t:|1662596249
|move|p2a: Smeargle|Spiky Shield|p2a: Smeargle
|-singleturn|p2a: Smeargle|move: Protect
|move|p1a: 嘉然小姐的狗|Quick Attack|p2a: Smeargle
|-activate|p2a: Smeargle|move: Protect
|-damage|p1a: 嘉然小姐的狗|82/100|[from] Spiky Shield|[of] p2a: Smeargle
|
|-ability|p2a: Smeargle|Moody|boost
|-boost|p2a: Smeargle|atk|2
|-unboost|p2a: Smeargle|spd|1
|upkeep
|turn|21
|
|t:|1662596254
|move|p1a: 嘉然小姐的狗|Quick Attack|p2a: Smeargle|[miss]
|-miss|p1a: 嘉然小姐的狗|p2a: Smeargle
|move|p2a: Smeargle|Spore|p1a: 嘉然小姐的狗
|-status|p1a: 嘉然小姐的狗|slp|[from] move: Spore
|
|-ability|p2a: Smeargle|Moody|boost
|-boost|p2a: Smeargle|atk|2
|-unboost|p2a: Smeargle|spa|1
|upkeep
|turn|22
|
|t:|1662596258
|cant|p1a: 嘉然小姐的狗|slp
|move|p2a: Smeargle|Minimize|p2a: Smeargle
|-boost|p2a: Smeargle|evasion|2
|
|-ability|p2a: Smeargle|Moody|boost
|-boost|p2a: Smeargle|spa|2
|-unboost|p2a: Smeargle|atk|1
|upkeep
|turn|23
|
|t:|1662596262
|switch|p1a: 不会(?)|Groudon-Primal|72/100 slp
|-damage|p1a: 不会(?)|60/100 slp|[from] Stealth Rock
|-weather|DesolateLand|[from] ability: Desolate Land|[of] p1a: 不会(?)
|move|p2a: Smeargle|Minimize|p2a: Smeargle
|-boost|p2a: Smeargle|evasion|2
|
|-weather|DesolateLand|[upkeep]
|-ability|p2a: Smeargle|Moody|boost
|-boost|p2a: Smeargle|spa|2
|-unboost|p2a: Smeargle|atk|1
|upkeep
|turn|24
|
|t:|1662596265
|cant|p1a: 不会(?)|slp
|move|p2a: Smeargle|Baton Pass|p2a: Smeargle
|
|t:|1662596268
|switch|p2a: Arceus|Arceus-Fairy|100/100|[from]move: Baton Pass
|-damage|p2a: Arceus|88/100|[from] Stealth Rock
|
|-weather|DesolateLand|[upkeep]
|upkeep
|turn|25
|
|t:|1662596271
|move|p2a: Arceus|Judgment|p1a: 不会(?)
|-resisted|p1a: 不会(?)
|-damage|p1a: 不会(?)|0 fnt
|faint|p1a: 不会(?)
|-weather|none
|
|upkeep
|
|t:|1662596275
|switch|p1a: 悬空羊驼|Arceus-Flying|100/100
|-damage|p1a: 悬空羊驼|76/100|[from] Stealth Rock
|turn|26
|
|t:|1662596280
|-start|p1a: 悬空羊驼|Dynamax|
|-heal|p1a: 悬空羊驼|76/100|[silent]
|move|p1a: 悬空羊驼|Max Airstream|p2a: Arceus
|-damage|p2a: Arceus|0 fnt
|-boost|p1a: 悬空羊驼|spe|1
|faint|p2a: Arceus
|
|upkeep
|-message|MiguelRRM forfeited.
|
|win|CLEAR GEM清瑜
|raw|CLEAR GEM清瑜's rating: 1704 &rarr; <strong>1729</strong><br />(+25 for winning)
|raw|MiguelRRM's rating: 1802 &rarr; <strong>1777</strong><br />(-25 for losing)
|l|☆MiguelRRM
