|j|☆Makaai(pokechamp)
|j|☆BigDuckie
|t:|1618930389
|gametype|singles
|player|p1|Makaai(pokechamp)|ash-kalos|1862
|player|p2|BigDuckie|anabel|1811
|teamsize|p1|6
|teamsize|p2|6
|gen|8
|tier|[Gen 8] National Dex AG
|rated|
|clearpoke
|poke|p1|Zekrom|
|poke|p1|Calyrex-Ice|
|poke|p1|Groudon|
|poke|p1|Grimmsnarl, M|
|poke|p1|Kyogre|
|poke|p1|Rayquaza|
|poke|p2|Groudon|
|poke|p2|Arceus-*|
|poke|p2|Arceus-*|
|poke|p2|Arceus-*|
|poke|p2|Yveltal|
|poke|p2|Ditto|
|rule|HP Percentage Mod: HP is shown in percentages
|rule|Endless Battle Clause: Forcing endless battles is banned
|teampreview
|inactive|Battle timer is ON: inactive players will automatically lose when time's up. (requested by BigDuckie)
|
|t:|1618930398
|start
|switch|p1a: Super Shenron G.|Rayquaza|100/100
|switch|p2a: Groudon|Groudon|100/100
|-ability|p1a: Super Shenron G.|Air Lock
|detailschange|p2a: Groudon|Groudon-Primal
|-primal|p2a: Groudon
|-weather|DesolateLand|[from] ability: Desolate Land|[of] p2a: Groudon
|turn|1
|
|t:|1618930403
|detailschange|p1a: Super Shenron G.|Rayquaza-Mega
|-mega|p1a: Super Shenron G.|Rayquaza|
|-weather|DeltaStream|[from] ability: Delta Stream|[of] p1a: Super Shenron G.
|move|p1a: Super Shenron G.|Scale Shot|p2a: Groudon
|-damage|p2a: Groudon|90/100
|-damage|p2a: Groudon|78/100
|-damage|p2a: Groudon|67/100
|-damage|p2a: Groudon|56/100
|-hitcount|p2a: Groudon|4
|-unboost|p1a: Super Shenron G.|def|1
|-boost|p1a: Super Shenron G.|spe|1
|-damage|p1a: Super Shenron G.|91/100|[from] item: Life Orb
|move|p2a: Groudon|Lava Plume|p1a: Super Shenron G.
|-resisted|p1a: Super Shenron G.
|-damage|p1a: Super Shenron G.|73/100
|
|-weather|DeltaStream|[upkeep]
|upkeep
|turn|2
|
|t:|1618930410
|move|p1a: Super Shenron G.|Dragon Ascent|p2a: Groudon
|-damage|p2a: Groudon|4/100
|-unboost|p1a: Super Shenron G.|def|1
|-unboost|p1a: Super Shenron G.|spd|1
|-damage|p1a: Super Shenron G.|63/100|[from] item: Life Orb
|move|p2a: Groudon|Dragon Claw|p1a: Super Shenron G.
|-supereffective|p1a: Super Shenron G.
|-damage|p1a: Super Shenron G.|0 fnt
|faint|p1a: Super Shenron G.
|-weather|none
|
|upkeep
|
|t:|1618930415
|switch|p1a: Groudon|Groudon|100/100
|detailschange|p1a: Groudon|Groudon-Primal
|-primal|p1a: Groudon
|-weather|DesolateLand|[from] ability: Desolate Land|[of] p1a: Groudon
|turn|3
|
|t:|1618930423
|move|p1a: Groudon|Stealth Rock|p2a: Groudon
|-sidestart|p2: BigDuckie|move: Stealth Rock
|move|p2a: Groudon|Earthquake|p1a: Groudon
|-supereffective|p1a: Groudon
|-damage|p1a: Groudon|25/100
|
|-weather|DesolateLand|[upkeep]
|upkeep
|turn|4
|
|t:|1618930429
|move|p1a: Groudon|Rock Tomb|p2a: Groudon
|-damage|p2a: Groudon|0 fnt
|faint|p2a: Groudon
|
|-weather|DesolateLand|[upkeep]
|upkeep
|
|t:|1618930435
|switch|p2a: Arceus|Arceus-Ground|100/100
|-damage|p2a: Arceus|94/100|[from] Stealth Rock
|turn|5
|
|t:|1618930441
|move|p2a: Arceus|Swords Dance|p2a: Arceus
|-boost|p2a: Arceus|atk|2
|move|p1a: Groudon|Rock Tomb|p2a: Arceus
|-resisted|p2a: Arceus
|-damage|p2a: Arceus|84/100
|-unboost|p2a: Arceus|spe|1
|
|-weather|DesolateLand|[upkeep]
|upkeep
|turn|6
|
|t:|1618930453
|move|p2a: Arceus|Extreme Speed|p1a: Groudon
|-crit|p1a: Groudon
|-damage|p1a: Groudon|0 fnt
|faint|p1a: Groudon
|-weather|none
|
|upkeep
|
|t:|1618930469
|switch|p1a: Grimmsnarl|Grimmsnarl, M|100/100
|turn|7
|
|t:|1618930477
|move|p2a: Arceus|Extreme Speed|p1a: Grimmsnarl
|-damage|p1a: Grimmsnarl|25/100
|move|p1a: Grimmsnarl|Reflect|p1a: Grimmsnarl
|-sidestart|p1: Makaai(pokechamp)|Reflect
|
|upkeep
|turn|8
|
|t:|1618930481
|switch|p1a: Kyogre|Kyogre|100/100
|detailschange|p1a: Kyogre|Kyogre-Primal
|-primal|p1a: Kyogre
|-weather|PrimordialSea|[from] ability: Primordial Sea|[of] p1a: Kyogre
|move|p2a: Arceus|Extreme Speed|p1a: Kyogre
|-damage|p1a: Kyogre|73/100
|
|-weather|PrimordialSea|[upkeep]
|upkeep
|turn|9
|
|t:|1618930497
|switch|p2a: Yveltal|Yveltal|100/100
|-damage|p2a: Yveltal|75/100|[from] Stealth Rock
|-ability|p2a: Yveltal|Dark Aura
|move|p1a: Kyogre|Origin Pulse|p2a: Yveltal
|-damage|p2a: Yveltal|0 fnt
|faint|p2a: Yveltal
|
|-weather|PrimordialSea|[upkeep]
|upkeep
|
|t:|1618930499
|switch|p2a: Ditto|Ditto|100/100
|-damage|p2a: Ditto|88/100|[from] Stealth Rock
|-transform|p2a: Ditto|p1a: Kyogre|[from] ability: Imposter
|turn|10
|
|t:|1618930503
|move|p1a: Kyogre|Thunder|p2a: Ditto
|-supereffective|p2a: Ditto
|-damage|p2a: Ditto|5/100
|move|p2a: Ditto|Thunder|p1a: Kyogre
|-supereffective|p1a: Kyogre
|-damage|p1a: Kyogre|9/100
|
|-weather|PrimordialSea|[upkeep]
|upkeep
|turn|11
|c|☆Makaai(pokechamp)|?
|
|t:|1618930517
|move|p2a: Ditto|Thunder|p1a: Kyogre
|-supereffective|p1a: Kyogre
|-damage|p1a: Kyogre|0 fnt
|faint|p1a: Kyogre
|
|-weather|PrimordialSea|[upkeep]
|upkeep
|j| Enjoy as none
|
|t:|1618930524
|switch|p1a: Zekrom|Zekrom|100/100
|-ability|p1a: Zekrom|Teravolt
|turn|12
|
|t:|1618930537
|move|p1a: Zekrom|Dragon Dance|p1a: Zekrom
|-boost|p1a: Zekrom|atk|1
|-boost|p1a: Zekrom|spe|1
|move|p2a: Ditto|Ice Beam|p1a: Zekrom
|-supereffective|p1a: Zekrom
|-damage|p1a: Zekrom|15/100
|-status|p1a: Zekrom|frz
|-enditem|p1a: Zekrom|Weakness Policy
|-boost|p1a: Zekrom|atk|2|[from] item: Weakness Policy
|-boost|p1a: Zekrom|spa|2|[from] item: Weakness Policy
|
|-weather|PrimordialSea|[upkeep]
|upkeep
|turn|13
|-message|Makaai(pokechamp) forfeited.
|
|win|BigDuckie
|raw|Makaai(pokechamp)'s rating: 1862 &rarr; <strong>1839</strong><br />(-23 for losing)
|raw|BigDuckie's rating: 1811 &rarr; <strong>1834</strong><br />(+23 for winning)
|l|☆Makaai(pokechamp)
|l|☆BigDuckie
|j|☆BigDuckie
|player|p2|BigDuckie|anabel
|inactive|Battle timer is ON: inactive players will automatically lose when time's up. (requested by BigDuckie)
