|j|☆Adnan13
|j|☆Obito 2001
|t:|1667796847
|gametype|singles
|player|p1|Adnan13|2|1980
|player|p2|Obito 2001|teamrocket|1946
|teamsize|p1|6
|teamsize|p2|6
|gen|8
|tier|[Gen 8] National Dex AG
|rated|
|rule|HP Percentage Mod: HP is shown in percentages
|rule|Endless Battle Clause: Forcing endless battles is banned
|clearpoke
|poke|p1|Rayquaza|
|poke|p1|Zacian-*|
|poke|p1|Yveltal|
|poke|p1|Groudon|
|poke|p1|Ho-Oh|
|poke|p1|Ditto|
|poke|p2|Kyogre|
|poke|p2|Arceus-*|
|poke|p2|Rayquaza|
|poke|p2|Groudon|
|poke|p2|Ditto|
|poke|p2|Arceus-*|
|teampreview
|inactive|Battle timer is ON: inactive players will automatically lose when time's up. (requested by Obito 2001)
|
|t:|1667796874
|start
|switch|p1a: Ho-Oh|Ho-Oh|100/100
|switch|p2a: Arceus|Arceus-Fairy|100/100
|turn|1
|
|t:|1667796903
|move|p2a: Arceus|Stealth Rock|p1a: Ho-Oh
|-sidestart|p1: Adnan13|move: Stealth Rock
|move|p1a: Ho-Oh|Toxic|p2a: Arceus
|-status|p2a: Arceus|tox
|
|-damage|p2a: Arceus|94/100 tox|[from] psn
|upkeep
|turn|2
|
|t:|1667796908
|move|p2a: Arceus|Toxic|p1a: Ho-Oh
|-status|p1a: Ho-Oh|tox
|move|p1a: Ho-Oh|Defog|p2a: Arceus
|-unboost|p2a: Arceus|evasion|1
|-sideend|p1: Adnan13|Stealth Rock|[from] move: Defog|[of] p1a: Ho-Oh
|
|-damage|p2a: Arceus|82/100 tox|[from] psn
|-damage|p1a: Ho-Oh|94/100 tox|[from] psn
|upkeep
|turn|3
|
|t:|1667796912
|switch|p1a: Zacian|Zacian-Crowned|100/100
|-ability|p1a: Zacian|Intrepid Sword|boost
|-boost|p1a: Zacian|atk|1
|move|p2a: Arceus|Stealth Rock|p1a: Zacian
|-sidestart|p1: Adnan13|move: Stealth Rock
|
|-damage|p2a: Arceus|64/100 tox|[from] psn
|upkeep
|turn|4
|
|t:|1667796916
|switch|p2a: Groudon|Groudon|100/100
|detailschange|p2a: Groudon|Groudon-Primal
|-primal|p2a: Groudon
|-weather|DesolateLand|[from] ability: Desolate Land|[of] p2a: Groudon
|move|p1a: Zacian|Close Combat|p2a: Groudon
|-damage|p2a: Groudon|54/100
|-unboost|p1a: Zacian|def|1
|-unboost|p1a: Zacian|spd|1
|
|-weather|DesolateLand|[upkeep]
|upkeep
|turn|5
|
|t:|1667796923
|switch|p1a: Rayquaza|Rayquaza|100/100
|-damage|p1a: Rayquaza|75/100|[from] Stealth Rock
|-ability|p1a: Rayquaza|Air Lock
|move|p2a: Groudon|Heat Crash|p1a: Rayquaza
|-resisted|p1a: Rayquaza
|-damage|p1a: Rayquaza|38/100
|
|-weather|DesolateLand|[upkeep]
|upkeep
|turn|6
|
|t:|1667796935
|detailschange|p1a: Rayquaza|Rayquaza-Mega
|-mega|p1a: Rayquaza|Rayquaza|
|-weather|DeltaStream|[from] ability: Delta Stream|[of] p1a: Rayquaza
|move|p1a: Rayquaza|Dragon Ascent|p2a: Groudon
|-damage|p2a: Groudon|0 fnt
|-unboost|p1a: Rayquaza|def|1
|-unboost|p1a: Rayquaza|spd|1
|faint|p2a: Groudon
|
|-weather|DeltaStream|[upkeep]
|upkeep
|
|t:|1667796943
|switch|p2a: Ditto|Ditto, shiny|100/100
|-transform|p2a: Ditto|p1a: Rayquaza|[from] ability: Imposter
|turn|7
|
|t:|1667796951
|switch|p1a: Groudon|Groudon|100/100
|-damage|p1a: Groudon|94/100|[from] Stealth Rock
|detailschange|p1a: Groudon|Groudon-Primal
|-primal|p1a: Groudon
|-weather|DesolateLand|[from] ability: Desolate Land|[of] p1a: Groudon
|move|p2a: Ditto|Extreme Speed|p1a: Groudon
|-damage|p1a: Groudon|77/100
|
|-weather|DesolateLand|[upkeep]
|upkeep
|turn|8
|
|t:|1667796965
|switch|p2a: Kyogre|Kyogre|100/100
|detailschange|p2a: Kyogre|Kyogre-Primal
|-primal|p2a: Kyogre
|-weather|PrimordialSea|[from] ability: Primordial Sea|[of] p2a: Kyogre
|move|p1a: Groudon|Toxic|p2a: Kyogre
|-status|p2a: Kyogre|tox
|
|-weather|PrimordialSea|[upkeep]
|-damage|p2a: Kyogre|94/100 tox|[from] psn
|upkeep
|turn|9
|
|t:|1667796972
|switch|p1a: Ditto|Ditto|100/100
|-damage|p1a: Ditto|88/100|[from] Stealth Rock
|-transform|p1a: Ditto|p2a: Kyogre|[from] ability: Imposter
|move|p2a: Kyogre|Surf|p1a: Ditto
|-resisted|p1a: Ditto
|-damage|p1a: Ditto|61/100
|
|-weather|PrimordialSea|[upkeep]
|-damage|p2a: Kyogre|82/100 tox|[from] psn
|upkeep
|turn|10
|
|t:|1667796982
|switch|p1a: Groudon|Groudon-Primal|77/100
|-damage|p1a: Groudon|65/100|[from] Stealth Rock
|-weather|DesolateLand|[from] ability: Desolate Land|[of] p1a: Groudon
|switch|p2a: Rayquaza|Rayquaza|100/100
|-ability|p2a: Rayquaza|Air Lock
|
|-weather|DesolateLand|[upkeep]
|upkeep
|turn|11
|
|t:|1667796991
|detailschange|p2a: Rayquaza|Rayquaza-Mega
|-mega|p2a: Rayquaza|Rayquaza|
|-weather|DeltaStream|[from] ability: Delta Stream|[of] p2a: Rayquaza
|move|p2a: Rayquaza|Draco Meteor|p1a: Groudon
|-damage|p1a: Groudon|0 fnt
|-unboost|p2a: Rayquaza|spa|2
|faint|p1a: Groudon
|-damage|p2a: Rayquaza|91/100|[from] item: Life Orb
|
|-weather|DeltaStream|[upkeep]
|upkeep
|
|t:|1667796997
|switch|p1a: Zacian|Zacian-Crowned|100/100
|-damage|p1a: Zacian|94/100|[from] Stealth Rock
|-ability|p1a: Zacian|Intrepid Sword|boost
|-boost|p1a: Zacian|atk|1
|turn|12
|
|t:|1667797008
|-weather|none
|switch|p2a: Arceus|Arceus-Fairy|64/100 tox
|move|p1a: Zacian|Behemoth Blade|p2a: Arceus
|-supereffective|p2a: Arceus
|-damage|p2a: Arceus|0 fnt
|faint|p2a: Arceus
|
|upkeep
|
|t:|1667797010
|switch|p2a: Ditto|Ditto, shiny|100/100
|-transform|p2a: Ditto|p1a: Zacian|[from] ability: Imposter
|-ability|p2a: Ditto|Intrepid Sword|boost
|-boost|p2a: Ditto|atk|1
|turn|13
|
|t:|1667797016
|switch|p1a: Rayquaza|Rayquaza-Mega|38/100
|-damage|p1a: Rayquaza|13/100|[from] Stealth Rock
|-weather|DeltaStream|[from] ability: Delta Stream|[of] p1a: Rayquaza
|move|p2a: Ditto|Behemoth Blade|p1a: Rayquaza
|-damage|p1a: Rayquaza|0 fnt
|faint|p1a: Rayquaza
|-weather|none
|
|upkeep
|
|t:|1667797019
|switch|p1a: Ho-Oh|Ho-Oh|100/100 tox
|turn|14
|
|t:|1667797028
|switch|p2a: Kyogre|Kyogre-Primal|82/100 tox
|-weather|PrimordialSea|[from] ability: Primordial Sea|[of] p2a: Kyogre
|move|p1a: Ho-Oh|Defog|p2a: Kyogre
|-unboost|p2a: Kyogre|evasion|1
|-sideend|p1: Adnan13|Stealth Rock|[from] move: Defog|[of] p1a: Ho-Oh
|
|-weather|PrimordialSea|[upkeep]
|-damage|p2a: Kyogre|76/100 tox|[from] psn
|-damage|p1a: Ho-Oh|94/100 tox|[from] psn
|upkeep
|turn|15
|
|t:|1667797039
|switch|p1a: Ditto|Ditto|61/100
|-transform|p1a: Ditto|p2a: Kyogre|[from] ability: Imposter
|move|p2a: Kyogre|Surf|p1a: Ditto
|-resisted|p1a: Ditto
|-damage|p1a: Ditto|30/100
|
|-weather|PrimordialSea|[upkeep]
|-damage|p2a: Kyogre|63/100 tox|[from] psn
|upkeep
|turn|16
|
|t:|1667797049
|move|p1a: Ditto|Surf|p2a: Kyogre
|-resisted|p2a: Kyogre
|-damage|p2a: Kyogre|40/100 tox
|move|p2a: Kyogre|Surf|p1a: Ditto
|-resisted|p1a: Ditto
|-damage|p1a: Ditto|0 fnt
|faint|p1a: Ditto
|
|-weather|PrimordialSea|[upkeep]
|-damage|p2a: Kyogre|21/100 tox|[from] psn
|upkeep
|inactive|Adnan13 has 120 seconds left.
|
|t:|1667797075
|switch|p1a: Yveltal|Yveltal|100/100
|-ability|p1a: Yveltal|Dark Aura
|turn|17
|
|t:|1667797084
|move|p1a: Yveltal|Sucker Punch|p2a: Kyogre
|-damage|p2a: Kyogre|0 fnt
|faint|p2a: Kyogre
|-weather|none
|-damage|p1a: Yveltal|91/100|[from] item: Life Orb
|
|upkeep
|
|t:|1667797089
|switch|p2a: Rayquaza|Rayquaza-Mega|91/100
|-weather|DeltaStream|[from] ability: Delta Stream|[of] p2a: Rayquaza
|turn|18
|
|t:|1667797097
|-start|p1a: Yveltal|Dynamax|
|-heal|p1a: Yveltal|91/100|[silent]
|move|p2a: Rayquaza|Dragon Ascent|p1a: Yveltal
|-damage|p1a: Yveltal|35/100
|-unboost|p2a: Rayquaza|def|1
|-unboost|p2a: Rayquaza|spd|1
|-damage|p2a: Rayquaza|81/100|[from] item: Life Orb
|move|p1a: Yveltal|Max Airstream|p2a: Rayquaza
|-damage|p2a: Rayquaza|0 fnt
|-boost|p1a: Yveltal|spe|1
|faint|p2a: Rayquaza
|-weather|none
|-damage|p1a: Yveltal|30/100|[from] item: Life Orb
|
|upkeep
|
|t:|1667797108
|switch|p2a: Arceus|Arceus|100/100
|turn|19
|
|t:|1667797111
|move|p1a: Yveltal|Max Darkness|p2a: Arceus
|-damage|p2a: Arceus|19/100
|-unboost|p2a: Arceus|spd|1
|-damage|p1a: Yveltal|25/100|[from] item: Life Orb
|move|p2a: Arceus|Swords Dance|p2a: Arceus
|-boost|p2a: Arceus|atk|2
|
|upkeep
|turn|20
|
|t:|1667797132
|move|p2a: Arceus|Extreme Speed|p1a: Yveltal
|-damage|p1a: Yveltal|0 fnt
|faint|p1a: Yveltal
|
|upkeep
|inactive|Adnan13 has 120 seconds left.
|inactive|Adnan13 has 90 seconds left.
|
|t:|1667797186
|switch|p1a: Ho-Oh|Ho-Oh|100/100 tox
|turn|21
|
|t:|1667797198
|-start|p2a: Arceus|Dynamax|
|-heal|p2a: Arceus|19/100|[silent]
|move|p2a: Arceus|Max Strike|p1a: Ho-Oh
|-damage|p1a: Ho-Oh|8/100 tox
|-unboost|p1a: Ho-Oh|spe|1
|move|p1a: Ho-Oh|Sacred Fire|p2a: Arceus
|-damage|p2a: Arceus|4/100
|-status|p2a: Arceus|brn
|-enditem|p2a: Arceus|Lum Berry|[eat]
|-curestatus|p2a: Arceus|brn|[msg]
|
|-damage|p1a: Ho-Oh|2/100 tox|[from] psn
|upkeep
|turn|22
|inactive|Adnan13 has 90 seconds left.
|
|t:|1667797223
|move|p2a: Arceus|Max Phantasm|p1a: Ho-Oh
|-damage|p1a: Ho-Oh|0 fnt
|faint|p1a: Ho-Oh
|
|upkeep
|
|t:|1667797225
|switch|p1a: Zacian|Zacian-Crowned|94/100
|-ability|p1a: Zacian|Intrepid Sword|boost
|-boost|p1a: Zacian|atk|1
|turn|23
|
|t:|1667797229
|move|p1a: Zacian|Behemoth Blade|p2a: Arceus
|-damage|p2a: Arceus|0 fnt
|faint|p2a: Arceus
|
|upkeep
|
|t:|1667797231
|switch|p2a: Ditto|Ditto, shiny|100/100
|-transform|p2a: Ditto|p1a: Zacian|[from] ability: Imposter
|-ability|p2a: Ditto|Intrepid Sword|boost
|-boost|p2a: Ditto|atk|1
|turn|24
|
|t:|1667797233
|move|p2a: Ditto|Behemoth Blade|p1a: Zacian
|-damage|p1a: Zacian|0 fnt
|faint|p1a: Zacian
|
|win|Obito 2001
|raw|Adnan13's rating: 1980 &rarr; <strong>1958</strong><br />(-22 for losing)
|raw|Obito 2001's rating: 1946 &rarr; <strong>1968</strong><br />(+22 for winning)
|l|☆Adnan13
