|j|☆alt1445645
|j|☆TaxFraud094
|t:|1661540183
|gametype|singles
|player|p1|alt1445645|266|1726
|player|p2|TaxFraud094|elesa-masters|1908
|teamsize|p1|6
|teamsize|p2|6
|gen|8
|tier|[Gen 8] National Dex AG
|rated|
|rule|HP Percentage Mod: HP is shown in percentages
|rule|Endless Battle Clause: Forcing endless battles is banned
|clearpoke
|poke|p1|Groudon|
|poke|p1|Rayquaza|
|poke|p1|Zygarde|
|poke|p1|Arceus-*|
|poke|p1|Calyrex-Shadow|
|poke|p1|Xerneas-*|
|poke|p2|Excadrill, F|
|poke|p2|Calyrex-Shadow|
|poke|p2|Yveltal|
|poke|p2|Arceus-*|
|poke|p2|Arceus-*|
|poke|p2|Kyogre|
|teampreview
|inactive|Battle timer is ON: inactive players will automatically lose when time's up. (requested by TaxFraud094)
|c|☆TaxFraud094|glhf
|
|t:|1661540205
|start
|switch|p1a: Shi Oh You|Zygarde, shiny|100/100
|switch|p2a: Calyrex|Calyrex-Shadow|100/100
|-ability|p2a: Calyrex|As One
|-ability|p2a: Calyrex|Unnerve
|turn|1
|
|t:|1661540213
|move|p2a: Calyrex|Nasty Plot|p2a: Calyrex
|-boost|p2a: Calyrex|spa|2
|move|p1a: Shi Oh You|Glare|p2a: Calyrex
|-status|p2a: Calyrex|par
|
|upkeep
|turn|2
|
|t:|1661540219
|move|p1a: Shi Oh You|Glare|p2a: Calyrex
|-fail|p2a: Calyrex|par
|move|p2a: Calyrex|Baton Pass|p2a: Calyrex
|c|☆alt1445645|i shud of subbed
|c|☆alt1445645|lol
|c|☆alt1445645|i forgot u would be slower
|inactive|TaxFraud094 has 120 seconds left.
|
|t:|1661540258
|switch|p2a: Kyogre|Kyogre|100/100|[from]move: Baton Pass
|-weather|RainDance|[from] ability: Drizzle|[of] p2a: Kyogre
|
|-weather|RainDance|[upkeep]
|upkeep
|turn|3
|inactive|TaxFraud094 has 120 seconds left.
|
|t:|1661540274
|switch|p1a: Pneuma|Rayquaza|100/100
|-ability|p1a: Pneuma|Air Lock
|-start|p2a: Kyogre|Dynamax|
|-heal|p2a: Kyogre|100/100|[silent]
|move|p2a: Kyogre|Max Airstream|p1a: Pneuma
|-enditem|p1a: Pneuma|Focus Sash
|-damage|p1a: Pneuma|1/100
|-boost|p2a: Kyogre|spe|1
|-damage|p2a: Kyogre|95/100|[from] item: Life Orb
|
|-weather|RainDance|[upkeep]
|upkeep
|turn|4
|
|t:|1661540287
|detailschange|p1a: Pneuma|Rayquaza-Mega
|-mega|p1a: Pneuma|Rayquaza|
|-weather|DeltaStream|[from] ability: Delta Stream|[of] p1a: Pneuma
|move|p1a: Pneuma|Extreme Speed|p2a: Kyogre
|-damage|p2a: Kyogre|73/100
|move|p2a: Kyogre|Max Airstream|p1a: Pneuma
|-damage|p1a: Pneuma|0 fnt
|-boost|p2a: Kyogre|spe|1
|faint|p1a: Pneuma
|-weather|none
|-damage|p2a: Kyogre|68/100|[from] item: Life Orb
|
|upkeep
|
|t:|1661540302
|switch|p1a: Calyrex|Calyrex-Shadow|100/100
|-ability|p1a: Calyrex|As One
|-ability|p1a: Calyrex|Unnerve
|turn|5
|
|t:|1661540305
|move|p2a: Kyogre|Max Hailstorm|p1a: Calyrex
|-enditem|p1a: Calyrex|Focus Sash
|-damage|p1a: Calyrex|1/100
|-weather|Hail
|-damage|p2a: Kyogre|63/100|[from] item: Life Orb
|move|p1a: Calyrex|Psyshock|p2a: Kyogre
|-damage|p2a: Kyogre|35/100
|
|-weather|Hail|[upkeep]
|-damage|p2a: Kyogre|32/100|[from] Hail
|-damage|p1a: Calyrex|0 fnt|[from] Hail
|faint|p1a: Calyrex
|upkeep
|
|t:|1661540307
|switch|p1a: Pyra|Groudon|100/100
|detailschange|p1a: Pyra|Groudon-Primal
|-primal|p1a: Pyra
|-weather|DesolateLand|[from] ability: Desolate Land|[of] p1a: Pyra
|-end|p2a: Kyogre|Dynamax
|-heal|p2a: Kyogre|32/100|[silent]
|turn|6
|
|t:|1661540323
|move|p2a: Kyogre|Ice Beam|p1a: Pyra
|-damage|p1a: Pyra|8/100
|-damage|p2a: Kyogre|22/100|[from] item: Life Orb
|move|p1a: Pyra|Thunder Wave|p2a: Kyogre
|-status|p2a: Kyogre|par
|
|-weather|DesolateLand|[upkeep]
|upkeep
|turn|7
|
|t:|1661540334
|move|p2a: Kyogre|Ice Beam|p1a: Pyra
|-damage|p1a: Pyra|0 fnt
|faint|p1a: Pyra
|-weather|none
|-damage|p2a: Kyogre|12/100 par|[from] item: Life Orb
|
|upkeep
|
|t:|1661540338
|switch|p1a: Xerneas|Xerneas|100/100
|-ability|p1a: Xerneas|Fairy Aura
|turn|8
|
|t:|1661540342
|move|p2a: Kyogre|Origin Pulse|p1a: Xerneas
|-damage|p1a: Xerneas|0 fnt
|faint|p1a: Xerneas
|-damage|p2a: Kyogre|2/100 par|[from] item: Life Orb
|
|upkeep
|
|t:|1661540346
|switch|p1a: Shi Oh You|Zygarde, shiny|100/100
|turn|9
|
|t:|1661540350
|move|p2a: Kyogre|Ice Beam|p1a: Shi Oh You
|-supereffective|p1a: Shi Oh You
|-damage|p1a: Shi Oh You|0 fnt
|faint|p1a: Shi Oh You
|-damage|p2a: Kyogre|0 fnt|[from] item: Life Orb
|faint|p2a: Kyogre
|
|upkeep
|c|☆TaxFraud094|holy shit
|c|☆alt1445645|i just misplayed that so hard lol
|inactive|TaxFraud094 has 120 seconds left.
|-message|alt1445645 forfeited.
|
|win|TaxFraud094
|raw|alt1445645's rating: 1726 &rarr; <strong>1716</strong><br />(-10 for losing)
|raw|TaxFraud094's rating: 1908 &rarr; <strong>1918</strong><br />(+10 for winning)
|l|☆alt1445645
||Ladder isn't responding, score probably updated but might not have (Request timeout).
