|j|☆Guardsweeper
|j|☆Onoufrios
|player|p1|Guardsweeper|bellelba|1778
|player|p2|Onoufrios|psychic-gen4|1753
|teamsize|p1|6
|teamsize|p2|6
|gametype|singles
|gen|8
|tier|[Gen 8] National Dex AG
|rated|
|clearpoke
|poke|p1|Smeargle, M|
|poke|p1|Groudon|
|poke|p1|Yveltal|
|poke|p1|Rayquaza|
|poke|p1|Necrozma-Dusk-Mane|
|poke|p1|Xerneas|
|poke|p2|Necrozma-Dusk-Mane|
|poke|p2|Arceus-*|
|poke|p2|Xerneas|
|poke|p2|Zacian-Crowned|
|poke|p2|Lugia|
|poke|p2|Yveltal|
|rule|HP Percentage Mod: HP is shown in percentages
|rule|Endless Battle Clause: Forcing endless battles is banned
|teampreview
|j| jbjbjbjbjb
|inactive|Battle timer is ON: inactive players will automatically lose when time's up. (requested by Guardsweeper)
|
|start
|switch|p1a: Smeargle|Smeargle, M, shiny|100/100
|switch|p2a: Zacian|Zacian-Crowned|100/100
|-ability|p2a: Zacian|Intrepid Sword|boost
|-boost|p2a: Zacian|atk|1
|turn|1
|
|move|p2a: Zacian|Behemoth Blade|p1a: Smeargle
|-enditem|p1a: Smeargle|Focus Sash
|-damage|p1a: Smeargle|1/100
|move|p1a: Smeargle|Sticky Web|p2a: Zacian
|-sidestart|p2: Onoufrios|move: Sticky Web
|
|upkeep
|turn|2
|
|move|p2a: Zacian|Substitute|p2a: Zacian
|-start|p2a: Zacian|Substitute
|-damage|p2a: Zacian|76/100
|move|p1a: Smeargle|Nuzzle|p2a: Zacian
|-activate|p2a: Zacian|move: Substitute|[damage]
|
|upkeep
|turn|3
|
|move|p2a: Zacian|Behemoth Blade|p1a: Smeargle
|-damage|p1a: Smeargle|0 fnt
|faint|p1a: Smeargle
|
|upkeep
|
|switch|p1a: Groudon|Groudon, shiny|100/100
|detailschange|p1a: Groudon|Groudon-Primal, shiny
|-primal|p1a: Groudon
|-weather|DesolateLand|[from] ability: Desolate Land|[of] p1a: Groudon
|turn|4
|
|move|p2a: Zacian|Crunch|p1a: Groudon
|-damage|p1a: Groudon|61/100
|move|p1a: Groudon|Eruption|p2a: Zacian
|-supereffective|p2a: Zacian
|-end|p2a: Zacian|Substitute
|
|-weather|DesolateLand|[upkeep]
|upkeep
|turn|5
|inactive|Onoufrios has 120 seconds left.
|
|-weather|none
|switch|p1a: Yveltal|Yveltal, shiny|100/100
|-ability|p1a: Yveltal|Dark Aura
|move|p2a: Zacian|Crunch|p1a: Yveltal
|-resisted|p1a: Yveltal
|-damage|p1a: Yveltal|67/100
|
|upkeep
|turn|6
|inactive|Onoufrios has 120 seconds left.
|
|switch|p1a: Necrozma|Necrozma-Dusk-Mane, shiny|100/100
|move|p2a: Zacian|Behemoth Blade|p1a: Necrozma
|-resisted|p1a: Necrozma
|-damage|p1a: Necrozma|58/100
|
|upkeep
|turn|7
|
|-start|p1a: Necrozma|Dynamax
|-heal|p1a: Necrozma|58/100|[silent]
|move|p2a: Zacian|Crunch|p1a: Necrozma
|-supereffective|p1a: Necrozma
|-damage|p1a: Necrozma|21/100
|-enditem|p1a: Necrozma|Weakness Policy
|-boost|p1a: Necrozma|atk|2|[from] item: Weakness Policy
|-boost|p1a: Necrozma|spa|2|[from] item: Weakness Policy
|move|p1a: Necrozma|Max Steelspike|p2a: Zacian
|-damage|p2a: Zacian|0 fnt
|-boost|p1a: Necrozma|def|1
|faint|p2a: Zacian
|
|upkeep
|inactive|Onoufrios has 120 seconds left.
|
|switch|p2a: Lugia|Lugia|100/100
|turn|8
|
|move|p1a: Necrozma|Max Steelspike|p2a: Lugia
|-damage|p2a: Lugia|60/100
|-boost|p1a: Necrozma|def|1
|move|p2a: Lugia|Thunder Wave|p1a: Necrozma
|-status|p1a: Necrozma|par
|
|upkeep
|turn|9
|
|move|p2a: Lugia|Roost|p2a: Lugia
|-heal|p2a: Lugia|100/100
|-singleturn|p2a: Lugia|move: Roost
|move|p1a: Necrozma|Max Rockfall|p2a: Lugia
|-damage|p2a: Lugia|77/100
|-weather|Sandstorm
|
|-weather|Sandstorm|[upkeep]
|-damage|p2a: Lugia|71/100|[from] Sandstorm
|-end|p1a: Necrozma|Dynamax
|-heal|p1a: Necrozma|21/100 par|[silent]
|upkeep
|turn|10
|j| Methanoic Acid
|
|move|p2a: Lugia|Roost|p2a: Lugia
|-heal|p2a: Lugia|100/100
|-singleturn|p2a: Lugia|move: Roost
|move|p1a: Necrozma|Sunsteel Strike|p2a: Lugia
|-damage|p2a: Lugia|36/100
|
|-weather|Sandstorm|[upkeep]
|-damage|p2a: Lugia|30/100|[from] Sandstorm
|upkeep
|turn|11
|
|move|p2a: Lugia|Roost|p2a: Lugia
|-heal|p2a: Lugia|80/100
|-singleturn|p2a: Lugia|move: Roost
|move|p1a: Necrozma|Rock Blast|p2a: Lugia|[miss]
|-miss|p1a: Necrozma|p2a: Lugia
|
|-weather|Sandstorm|[upkeep]
|-damage|p2a: Lugia|74/100|[from] Sandstorm
|upkeep
|turn|12
|inactive|Onoufrios has 90 seconds left.
|
|switch|p2a: Necrozma|Necrozma-Dusk-Mane|100/100
|-activate|p2a: Necrozma|move: Sticky Web
|-unboost|p2a: Necrozma|spe|1
|move|p1a: Necrozma|Sunsteel Strike|p2a: Necrozma
|-resisted|p2a: Necrozma
|-damage|p2a: Necrozma|61/100
|
|-weather|Sandstorm|[upkeep]
|upkeep
|turn|13
|inactive|Onoufrios has 90 seconds left.
|
|detailschange|p2a: Necrozma|Necrozma-Ultra
|-burst|p2a: Necrozma|Necrozma|Ultranecrozium Z
|move|p2a: Necrozma|Earthquake|p1a: Necrozma
|-supereffective|p1a: Necrozma
|-damage|p1a: Necrozma|0 fnt
|faint|p1a: Necrozma
|
|-weather|none
|upkeep
|
|switch|p1a: Rayquaza|Rayquaza|100/100
|-ability|p1a: Rayquaza|Air Lock
|turn|14
|
|detailschange|p1a: Rayquaza|Rayquaza-Mega
|-mega|p1a: Rayquaza|Rayquaza|
|-weather|DeltaStream|[from] ability: Delta Stream|[of] p1a: Rayquaza
|move|p1a: Rayquaza|Earthquake|p2a: Necrozma
|-crit|p2a: Necrozma
|-damage|p2a: Necrozma|0 fnt
|-damage|p1a: Rayquaza|91/100|[from] item: Life Orb
|faint|p2a: Necrozma
|
|-weather|DeltaStream|[upkeep]
|upkeep
|inactive|Onoufrios has 60 seconds left.
|inactive|Onoufrios has 30 seconds left.
|inactive|Onoufrios has 20 seconds left.
|
|switch|p2a: Lugia|Lugia|74/100
|turn|15
|inactive|Onoufrios has 30 seconds left this turn.
|
|move|p1a: Rayquaza|Swords Dance|p1a: Rayquaza
|-boost|p1a: Rayquaza|atk|2
|move|p2a: Lugia|Thunder Wave|p1a: Rayquaza
|-status|p1a: Rayquaza|par
|
|-weather|DeltaStream|[upkeep]
|upkeep
|turn|16
|j| Udronome
|j| GDFK
|
|move|p2a: Lugia|Roost|p2a: Lugia
|-heal|p2a: Lugia|100/100
|-singleturn|p2a: Lugia|move: Roost
|move|p1a: Rayquaza|Dragon Ascent|p2a: Lugia
|-damage|p2a: Lugia|49/100
|-unboost|p1a: Rayquaza|def|1
|-unboost|p1a: Rayquaza|spd|1
|-damage|p1a: Rayquaza|81/100 par|[from] item: Life Orb
|
|-weather|DeltaStream|[upkeep]
|upkeep
|turn|17
|inactive|Onoufrios has 30 seconds left.
|
|cant|p1a: Rayquaza|par
|move|p2a: Lugia|Roost|p2a: Lugia
|-heal|p2a: Lugia|99/100
|-singleturn|p2a: Lugia|move: Roost
|
|-weather|DeltaStream|[upkeep]
|upkeep
|turn|18
|inactive|Onoufrios has 30 seconds left.
|inactive|Onoufrios has 20 seconds left.
|inactive|Onoufrios has 15 seconds left.
|inactive|Onoufrios has 10 seconds left.
|
|cant|p1a: Rayquaza|par
|move|p2a: Lugia|Whirlwind|p1a: Rayquaza
|-weather|none
|drag|p1a: Xerneas|Xerneas, shiny|100/100
|-ability|p1a: Xerneas|Fairy Aura
|
|upkeep
|turn|19
|inactive|Onoufrios has 20 seconds left this turn.
|inactive|Onoufrios has 15 seconds left.
|inactive|Onoufrios has 10 seconds left.
|
|switch|p1a: Rayquaza|Rayquaza-Mega|81/100 par
|-weather|DeltaStream|[from] ability: Delta Stream|[of] p1a: Rayquaza
|move|p2a: Lugia|Thunder Wave|p1a: Rayquaza
|-fail|p1a: Rayquaza|par
|
|-weather|DeltaStream|[upkeep]
|upkeep
|turn|20
|inactive|Onoufrios has 20 seconds left this turn.
|inactive|Onoufrios has 15 seconds left.
|inactive|Onoufrios has 10 seconds left.
|
|cant|p1a: Rayquaza|par
|move|p2a: Lugia|Whirlwind|p1a: Rayquaza
|-weather|none
|drag|p1a: Xerneas|Xerneas, shiny|100/100
|-ability|p1a: Xerneas|Fairy Aura
|
|upkeep
|turn|21
|inactive|Onoufrios has 20 seconds left this turn.
|inactive|Onoufrios has 15 seconds left.
|inactive|Onoufrios has 10 seconds left.
|
|switch|p1a: Rayquaza|Rayquaza-Mega|81/100 par
|-weather|DeltaStream|[from] ability: Delta Stream|[of] p1a: Rayquaza
|switch|p2a: Yveltal|Yveltal|100/100
|-ability|p2a: Yveltal|Dark Aura
|
|-weather|DeltaStream|[upkeep]
|upkeep
|turn|22
|inactive|Onoufrios has 20 seconds left this turn.
|inactive|Onoufrios has 15 seconds left.
|inactive|Onoufrios has 10 seconds left.
|
|-start|p2a: Yveltal|Dynamax
|-heal|p2a: Yveltal|100/100|[silent]
|move|p2a: Yveltal|Max Ooze|p1a: Rayquaza|[from]Hidden Power
|-damage|p1a: Rayquaza|28/100 par
|-boost|p2a: Yveltal|spa|1
|-damage|p2a: Yveltal|96/100|[from] item: Life Orb
|move|p1a: Rayquaza|Dragon Ascent|p2a: Yveltal
|-damage|p2a: Yveltal|46/100
|-unboost|p1a: Rayquaza|def|1
|-unboost|p1a: Rayquaza|spd|1
|-damage|p1a: Rayquaza|18/100 par|[from] item: Life Orb
|
|-weather|DeltaStream|[upkeep]
|upkeep
|turn|23
|inactive|Onoufrios has 20 seconds left this turn.
|inactive|Onoufrios has 15 seconds left.
|inactive|Onoufrios has 10 seconds left.
|inactive|Onoufrios has 5 seconds left.
|
|move|p1a: Rayquaza|Extreme Speed|p2a: Yveltal
|-damage|p2a: Yveltal|23/100
|-damage|p1a: Rayquaza|8/100 par|[from] item: Life Orb
|move|p2a: Yveltal|Max Ooze|p1a: Rayquaza|[from]Hidden Power
|-damage|p1a: Rayquaza|0 fnt
|-boost|p2a: Yveltal|spa|1
|-damage|p2a: Yveltal|18/100|[from] item: Life Orb
|faint|p1a: Rayquaza
|-weather|none
|
|upkeep
|inactive|Onoufrios has 10 seconds left this turn.
|
|switch|p1a: Yveltal|Yveltal, shiny|67/100
|-ability|p1a: Yveltal|Dark Aura
|turn|24
|inactive|Onoufrios has 20 seconds left this turn.
|
|move|p1a: Yveltal|Oblivion Wing|p2a: Yveltal
|-damage|p2a: Yveltal|0 fnt
|-heal|p1a: Yveltal|94/100|[from] drain|[of] p2a: Yveltal
|-damage|p1a: Yveltal|84/100|[from] item: Life Orb
|faint|p2a: Yveltal
|
|upkeep
|inactive|Onoufrios has 25 seconds left this turn.
|inactive|Onoufrios has 20 seconds left.
|inactive|Onoufrios has 15 seconds left.
|
|switch|p2a: Xerneas|Xerneas|100/100
|-activate|p2a: Xerneas|move: Sticky Web
|-unboost|p2a: Xerneas|spe|1
|-ability|p2a: Xerneas|Fairy Aura
|turn|25
|inactive|Onoufrios has 25 seconds left this turn.
|inactive|Onoufrios has 20 seconds left.
|
|move|p2a: Xerneas|Moonblast|p1a: Yveltal
|-supereffective|p1a: Yveltal
|-damage|p1a: Yveltal|0 fnt
|faint|p1a: Yveltal
|
|upkeep
|inactive|Onoufrios has 25 seconds left this turn.
|
|switch|p1a: Xerneas|Xerneas, shiny|100/100
|-ability|p1a: Xerneas|Fairy Aura
|turn|26
|inactive|Onoufrios has 30 seconds left.
|
|move|p2a: Xerneas|Moonblast|p1a: Xerneas
|-damage|p1a: Xerneas|37/100
|-unboost|p1a: Xerneas|spa|1
|move|p1a: Xerneas|Geomancy||[still]
|-prepare|p1a: Xerneas|Geomancy|p1a: Xerneas
|-enditem|p1a: Xerneas|Power Herb
|-anim|p1a: Xerneas|Geomancy|p1a: Xerneas
|-boost|p1a: Xerneas|spa|2
|-boost|p1a: Xerneas|spd|2
|-boost|p1a: Xerneas|spe|2
|
|upkeep
|turn|27
|
|move|p1a: Xerneas|Moonblast|p2a: Xerneas
|-damage|p2a: Xerneas|11/100
|move|p2a: Xerneas|Moonblast|p1a: Xerneas
|-damage|p1a: Xerneas|5/100
|-unboost|p1a: Xerneas|spa|1
|
|upkeep
|turn|28
|
|move|p1a: Xerneas|Moonblast|p2a: Xerneas
|-damage|p2a: Xerneas|0 fnt
|faint|p2a: Xerneas
|
|upkeep
|
|switch|p2a: Arceus|Arceus|100/100
|-activate|p2a: Arceus|move: Sticky Web
|-unboost|p2a: Arceus|spe|1
|turn|29
|
|move|p2a: Arceus|Extreme Speed|p1a: Xerneas
|-damage|p1a: Xerneas|0 fnt
|faint|p1a: Xerneas
|
|upkeep
|
|switch|p1a: Groudon|Groudon-Primal, shiny|61/100
|-weather|DesolateLand|[from] ability: Desolate Land|[of] p1a: Groudon
|turn|30
|
|move|p2a: Arceus|Extreme Speed|p1a: Groudon
|-damage|p1a: Groudon|21/100
|move|p1a: Groudon|Eruption|p2a: Arceus
|-damage|p2a: Arceus|83/100
|
|-weather|DesolateLand|[upkeep]
|upkeep
|turn|31
|inactive|Onoufrios has 60 seconds left.
|
|move|p2a: Arceus|Extreme Speed|p1a: Groudon
|-damage|p1a: Groudon|0 fnt
|faint|p1a: Groudon
|-weather|none
|
|win|Onoufrios
|l|☆Guardsweeper
|raw|Guardsweeper's rating: 1778 &rarr; <strong>1757</strong><br />(-21 for losing)
|raw|Onoufrios's rating: 1753 &rarr; <strong>1774</strong><br />(+21 for winning)
