|j|☆Naofumi_Bakugo_Jax
|j|☆Buck is stallish
|t:|1660990533
|gametype|singles
|player|p1|Naofumi_Bakugo_Jax|170|1702
|player|p2|Buck is stallish|ethan-masters|1940
|teamsize|p1|6
|teamsize|p2|6
|gen|8
|tier|[Gen 8] National Dex AG
|rated|
|rule|HP Percentage Mod: HP is shown in percentages
|rule|Endless Battle Clause: Forcing endless battles is banned
|clearpoke
|poke|p1|Kyogre|
|poke|p1|Swampert, F|
|poke|p1|Zacian-*|
|poke|p1|Calyrex-Shadow|
|poke|p1|Yveltal|
|poke|p1|Ho-Oh|
|poke|p2|Kyogre|
|poke|p2|Chansey, F|
|poke|p2|Sableye, F|
|poke|p2|Lugia|
|poke|p2|Yveltal|
|poke|p2|Arceus-*|
|teampreview
|inactive|Battle timer is ON: inactive players will automatically lose when time's up. (requested by Buck is stallish)
|inactive|Naofumi_Bakugo_Jax has 120 seconds left.
|
|t:|1660990592
|start
|switch|p1a: Ho-Oh|Ho-Oh, shiny|100/100
|switch|p2a: Pretty gem|Sableye, F|100/100
|turn|1
|
|t:|1660990616
|detailschange|p2a: Pretty gem|Sableye-Mega, F
|-mega|p2a: Pretty gem|Sableye|Sablenite
|-start|p1a: Ho-Oh|Dynamax|
|-heal|p1a: Ho-Oh|100/100|[silent]
|move|p2a: Pretty gem|Protect|p2a: Pretty gem
|-singleturn|p2a: Pretty gem|Protect
|move|p1a: Ho-Oh|Max Airstream|p2a: Pretty gem
|-zbroken|p2a: Pretty gem
|-damage|p2a: Pretty gem|86/100
|-boost|p1a: Ho-Oh|spe|1
|
|upkeep
|turn|2
|inactive|Naofumi_Bakugo_Jax has 120 seconds left.
|
|t:|1660990647
|switch|p2a: White phoenix|Lugia|100/100
|move|p1a: Ho-Oh|Max Airstream|p2a: White phoenix
|-damage|p2a: White phoenix|82/100
|-boost|p1a: Ho-Oh|spe|1
|
|-heal|p2a: White phoenix|88/100|[from] item: Leftovers
|upkeep
|turn|3
|
|t:|1660990661
|move|p1a: Ho-Oh|Max Flare|p2a: White phoenix
|-damage|p2a: White phoenix|53/100
|-weather|SunnyDay
|move|p2a: White phoenix|Roost|p2a: White phoenix
|-heal|p2a: White phoenix|100/100
|-singleturn|p2a: White phoenix|move: Roost
|
|-weather|SunnyDay|[upkeep]
|upkeep
|-end|p1a: Ho-Oh|Dynamax
|-heal|p1a: Ho-Oh|100/100|[silent]
|turn|4
|
|t:|1660990674
|move|p1a: Ho-Oh|Thunder Wave|p2a: White phoenix
|-status|p2a: White phoenix|par
|move|p2a: White phoenix|Toxic|p1a: Ho-Oh
|-status|p1a: Ho-Oh|tox
|
|-weather|SunnyDay|[upkeep]
|-damage|p1a: Ho-Oh|94/100 tox|[from] psn
|upkeep
|turn|5
|
|t:|1660990681
|switch|p2a: Eternal storm|Kyogre|100/100
|-weather|RainDance|[from] ability: Drizzle|[of] p2a: Eternal storm
|move|p1a: Ho-Oh|Tailwind|p1a: Ho-Oh
|-sidestart|p1: Naofumi_Bakugo_Jax|move: Tailwind
|
|-weather|RainDance|[upkeep]
|-damage|p1a: Ho-Oh|82/100 tox|[from] psn
|upkeep
|turn|6
|inactive|Naofumi_Bakugo_Jax has 120 seconds left.
|inactive|Naofumi_Bakugo_Jax has 90 seconds left.
|
|t:|1660990729
|move|p1a: Ho-Oh|Brave Bird|p2a: Eternal storm
|-damage|p2a: Eternal storm|59/100
|-damage|p1a: Ho-Oh|69/100 tox|[from] Recoil
|move|p2a: Eternal storm|Calm Mind|p2a: Eternal storm
|-boost|p2a: Eternal storm|spa|1
|-boost|p2a: Eternal storm|spd|1
|
|-weather|RainDance|[upkeep]
|-heal|p2a: Eternal storm|65/100|[from] item: Leftovers
|-damage|p1a: Ho-Oh|51/100 tox|[from] psn
|upkeep
|turn|7
|
|t:|1660990747
|move|p1a: Ho-Oh|Thunder Wave|p2a: Eternal storm
|-status|p2a: Eternal storm|par
|move|p2a: Eternal storm|Rest|p2a: Eternal storm
|-status|p2a: Eternal storm|slp|[from] move: Rest
|-heal|p2a: Eternal storm|100/100 slp|[silent]
|
|-weather|RainDance|[upkeep]
|-damage|p1a: Ho-Oh|26/100 tox|[from] psn
|upkeep
|turn|8
|inactive|Naofumi_Bakugo_Jax has 60 seconds left.
|
|t:|1660990776
|switch|p1a: Swampert|Swampert, F|100/100
|switch|p2a: Fearless priest|Arceus-Ground|100/100
|
|-weather|RainDance|[upkeep]
|-sideend|p1: Naofumi_Bakugo_Jax|move: Tailwind
|upkeep
|turn|9
|inactive|Naofumi_Bakugo_Jax has 60 seconds left.
|
|t:|1660990789
|switch|p2a: White phoenix|Lugia|100/100 par
|detailschange|p1a: Swampert|Swampert-Mega, F
|-mega|p1a: Swampert|Swampert|Swampertite
|move|p1a: Swampert|Liquidation|p2a: White phoenix
|-damage|p2a: White phoenix|81/100 par
|
|-weather|none
|-heal|p2a: White phoenix|87/100 par|[from] item: Leftovers
|upkeep
|turn|10
|inactive|Naofumi_Bakugo_Jax has 60 seconds left.
|
|t:|1660990813
|switch|p1a: Kyogre|Kyogre|100/100
|-weather|RainDance|[from] ability: Drizzle|[of] p1a: Kyogre
|move|p2a: White phoenix|Roost|p2a: White phoenix
|-heal|p2a: White phoenix|100/100 par
|-singleturn|p2a: White phoenix|move: Roost
|
|-weather|RainDance|[upkeep]
|upkeep
|turn|11
|
|t:|1660990832
|switch|p2a: Tough pink lady|Chansey, F|100/100
|move|p1a: Kyogre|Water Spout|p2a: Tough pink lady
|-damage|p2a: Tough pink lady|68/100
|
|-weather|RainDance|[upkeep]
|upkeep
|turn|12
|
|t:|1660990844
|switch|p1a: Swampert|Swampert-Mega, F|100/100
|move|p2a: Tough pink lady|Aromatherapy|p2a: Tough pink lady
|-activate|p2a: Tough pink lady|move: Aromatherapy
|-curestatus|p2: White phoenix|par|[msg]
|-curestatus|p2: Eternal storm|slp|[msg]
|
|-weather|RainDance|[upkeep]
|upkeep
|turn|13
|j| v87
|
|t:|1660990862
|switch|p2a: White phoenix|Lugia|100/100
|move|p1a: Swampert|Yawn|p2a: White phoenix
|-start|p2a: White phoenix|move: Yawn|[of] p1a: Swampert
|
|-weather|RainDance|[upkeep]
|upkeep
|turn|14
|
|t:|1660990871
|move|p1a: Swampert|Stealth Rock|p2a: White phoenix
|-sidestart|p2: Buck is stallish|move: Stealth Rock
|move|p2a: White phoenix|Toxic|p1a: Swampert
|-status|p1a: Swampert|tox
|
|-weather|none
|-damage|p1a: Swampert|94/100 tox|[from] psn
|-end|p2a: White phoenix|move: Yawn|[silent]
|-status|p2a: White phoenix|slp
|upkeep
|turn|15
|
|t:|1660990886
|switch|p2a: Tough pink lady|Chansey, F|68/100
|-damage|p2a: Tough pink lady|56/100|[from] Stealth Rock
|switch|p1a: Calyrex|Calyrex-Shadow|100/100
|-ability|p1a: Calyrex|As One
|-ability|p1a: Calyrex|Unnerve
|
|upkeep
|turn|16
|
|t:|1660990904
|move|p1a: Calyrex|Nasty Plot|p1a: Calyrex
|-boost|p1a: Calyrex|spa|2
|move|p2a: Tough pink lady|Soft-Boiled|p2a: Tough pink lady
|-heal|p2a: Tough pink lady|100/100
|
|upkeep
|turn|17
|
|t:|1660990924
|switch|p2a: Raven of death|Yveltal, shiny|100/100
|-damage|p2a: Raven of death|76/100|[from] Stealth Rock
|-ability|p2a: Raven of death|Dark Aura
|move|p1a: Calyrex|Baton Pass|p1a: Calyrex
|inactive|Naofumi_Bakugo_Jax has 30 seconds left.
|
|t:|1660990936
|switch|p1a: Yveltal|Yveltal, shiny|100/100|[from]move: Baton Pass
|-ability|p1a: Yveltal|Dark Aura
|
|upkeep
|turn|18
|inactive|Naofumi_Bakugo_Jax has 30 seconds left.
|
|t:|1660990949
|move|p2a: Raven of death|U-turn|p1a: Yveltal
|-damage|p1a: Yveltal|81/100
|
|t:|1660990951
|switch|p2a: White phoenix|Lugia|100/100 slp|[from]move: U-turn
|-damage|p2a: White phoenix|75/100 slp|[from] Stealth Rock
|move|p1a: Yveltal|Tailwind|p1a: Yveltal
|-sidestart|p1: Naofumi_Bakugo_Jax|move: Tailwind
|
|-heal|p2a: White phoenix|82/100 slp|[from] item: Leftovers
|upkeep
|turn|19
|
|t:|1660990956
|switch|p2a: Tough pink lady|Chansey, F|100/100
|-damage|p2a: Tough pink lady|88/100|[from] Stealth Rock
|move|p1a: Yveltal|Dark Pulse|p2a: Tough pink lady
|-damage|p2a: Tough pink lady|57/100
|
|upkeep
|turn|20
|
|t:|1660990960
|move|p1a: Yveltal|Dark Pulse|p2a: Tough pink lady
|-damage|p2a: Tough pink lady|28/100
|move|p2a: Tough pink lady|Soft-Boiled|p2a: Tough pink lady
|-heal|p2a: Tough pink lady|78/100
|
|upkeep
|turn|21
|
|t:|1660990965
|move|p1a: Yveltal|Oblivion Wing|p2a: Tough pink lady
|-damage|p2a: Tough pink lady|55/100
|-heal|p1a: Yveltal|100/100|[from] drain|[of] p2a: Tough pink lady
|move|p2a: Tough pink lady|Seismic Toss|p1a: Yveltal
|-damage|p1a: Yveltal|78/100
|
|-sideend|p1: Naofumi_Bakugo_Jax|move: Tailwind
|upkeep
|turn|22
|
|t:|1660990970
|move|p1a: Yveltal|Tailwind|p1a: Yveltal
|-sidestart|p1: Naofumi_Bakugo_Jax|move: Tailwind
|move|p2a: Tough pink lady|Soft-Boiled|p2a: Tough pink lady
|-heal|p2a: Tough pink lady|100/100
|
|upkeep
|turn|23
|
|t:|1660990972
|move|p1a: Yveltal|Dark Pulse|p2a: Tough pink lady
|-damage|p2a: Tough pink lady|68/100
|cant|p2a: Tough pink lady|flinch
|
|upkeep
|turn|24
|inactive|Naofumi_Bakugo_Jax has 90 seconds left.
|
|t:|1660990980
|move|p1a: Yveltal|Dark Pulse|p2a: Tough pink lady
|-damage|p2a: Tough pink lady|36/100
|move|p2a: Tough pink lady|Soft-Boiled|p2a: Tough pink lady
|-heal|p2a: Tough pink lady|86/100
|
|upkeep
|turn|25
|
|t:|1660990989
|switch|p1a: Zacian|Zacian-Crowned|100/100
|-ability|p1a: Zacian|Intrepid Sword|boost
|-boost|p1a: Zacian|atk|1
|move|p2a: Tough pink lady|Confide|p1a: Zacian
|-unboost|p1a: Zacian|spa|1
|
|-sideend|p1: Naofumi_Bakugo_Jax|move: Tailwind
|upkeep
|turn|26
|
|t:|1660990994
|switch|p2a: Eternal storm|Kyogre|100/100
|-damage|p2a: Eternal storm|88/100|[from] Stealth Rock
|-weather|RainDance|[from] ability: Drizzle|[of] p2a: Eternal storm
|move|p1a: Zacian|Behemoth Blade|p2a: Eternal storm
|-resisted|p2a: Eternal storm
|-damage|p2a: Eternal storm|52/100
|
|-weather|RainDance|[upkeep]
|-heal|p2a: Eternal storm|58/100|[from] item: Leftovers
|upkeep
|turn|27
|
|t:|1660991000
|-start|p2a: Eternal storm|Dynamax|
|-heal|p2a: Eternal storm|58/100|[silent]
|move|p1a: Zacian|Play Rough|p2a: Eternal storm
|-damage|p2a: Eternal storm|25/100
|move|p2a: Eternal storm|Max Geyser|p1a: Zacian
|-damage|p1a: Zacian|10/100
|
|-weather|RainDance|[upkeep]
|-heal|p2a: Eternal storm|28/100|[from] item: Leftovers
|upkeep
|turn|28
|
|t:|1660991017
|move|p1a: Zacian|Behemoth Blade|p2a: Eternal storm
|-resisted|p2a: Eternal storm
|-damage|p2a: Eternal storm|0 fnt
|faint|p2a: Eternal storm
|
|-weather|RainDance|[upkeep]
|upkeep
|
|t:|1660991021
|switch|p2a: Fearless priest|Arceus-Ground|100/100
|-damage|p2a: Fearless priest|94/100|[from] Stealth Rock
|turn|29
|inactive|Naofumi_Bakugo_Jax has 120 seconds left.
|
|t:|1660991031
|switch|p1a: Calyrex|Calyrex-Shadow|100/100
|-ability|p1a: Calyrex|As One
|-ability|p1a: Calyrex|Unnerve
|move|p2a: Fearless priest|Recover|p2a: Fearless priest
|-heal|p2a: Fearless priest|100/100
|
|-weather|RainDance|[upkeep]
|upkeep
|turn|30
|inactive|Naofumi_Bakugo_Jax has 120 seconds left.
|
|t:|1660991043
|move|p1a: Calyrex|Nasty Plot|p1a: Calyrex
|-boost|p1a: Calyrex|spa|2
|move|p2a: Fearless priest|Judgment|p1a: Calyrex
|-damage|p1a: Calyrex|56/100
|
|-weather|none
|upkeep
|turn|31
|inactive|Naofumi_Bakugo_Jax has 120 seconds left.
|
|t:|1660991081
|move|p1a: Calyrex|Nasty Plot|p1a: Calyrex
|-boost|p1a: Calyrex|spa|2
|move|p2a: Fearless priest|Stealth Rock|p1a: Calyrex
|-sidestart|p1: Naofumi_Bakugo_Jax|move: Stealth Rock
|
|upkeep
|turn|32
|
|t:|1660991091
|move|p1a: Calyrex|Astral Barrage|p2a: Fearless priest
|-damage|p2a: Fearless priest|0 fnt
|faint|p2a: Fearless priest
|-ability|p1a: Calyrex|Grim Neigh|boost
|-boost|p1a: Calyrex|spa|1
|
|upkeep
|
|t:|1660991093
|switch|p2a: Raven of death|Yveltal, shiny|76/100
|-damage|p2a: Raven of death|51/100|[from] Stealth Rock
|-ability|p2a: Raven of death|Dark Aura
|turn|33
|
|t:|1660991114
|move|p2a: Raven of death|Knock Off|p1a: Calyrex
|-supereffective|p1a: Calyrex
|-damage|p1a: Calyrex|0 fnt
|-enditem|p1a: Calyrex|Focus Sash|[from] move: Knock Off|[of] p2a: Raven of death
|faint|p1a: Calyrex
|
|upkeep
|inactive|Naofumi_Bakugo_Jax has 90 seconds left.
|
|t:|1660991142
|switch|p1a: Kyogre|Kyogre|100/100
|-damage|p1a: Kyogre|88/100|[from] Stealth Rock
|-weather|RainDance|[from] ability: Drizzle|[of] p1a: Kyogre
|turn|34
|
|t:|1660991170
|switch|p2a: Pretty gem|Sableye-Mega, F|86/100
|-damage|p2a: Pretty gem|74/100|[from] Stealth Rock
|move|p1a: Kyogre|Water Spout|p2a: Pretty gem
|-damage|p2a: Pretty gem|0 fnt
|faint|p2a: Pretty gem
|
|-weather|RainDance|[upkeep]
|upkeep
|
|t:|1660991172
|switch|p2a: Tough pink lady|Chansey, F|86/100
|-damage|p2a: Tough pink lady|74/100|[from] Stealth Rock
|turn|35
|inactive|Naofumi_Bakugo_Jax has 90 seconds left.
|
|t:|1660991200
|switch|p1a: Swampert|Swampert-Mega, F|94/100 tox
|-damage|p1a: Swampert|88/100 tox|[from] Stealth Rock
|move|p2a: Tough pink lady|Seismic Toss|p1a: Swampert
|-damage|p1a: Swampert|59/100 tox
|
|-weather|RainDance|[upkeep]
|-damage|p1a: Swampert|53/100 tox|[from] psn
|upkeep
|turn|36
|
|t:|1660991213
|move|p1a: Swampert|Liquidation|p2a: Tough pink lady
|-damage|p2a: Tough pink lady|14/100
|move|p2a: Tough pink lady|Aromatherapy|p2a: Tough pink lady
|-activate|p2a: Tough pink lady|move: Aromatherapy
|-curestatus|p2: White phoenix|slp|[msg]
|
|-weather|RainDance|[upkeep]
|-damage|p1a: Swampert|40/100 tox|[from] psn
|upkeep
|turn|37
|inactive|Buck is stallish has 120 seconds left.
|
|t:|1660991247
|move|p1a: Swampert|Liquidation|p2a: Tough pink lady
|-damage|p2a: Tough pink lady|0 fnt
|faint|p2a: Tough pink lady
|
|-weather|RainDance|[upkeep]
|-damage|p1a: Swampert|22/100 tox|[from] psn
|upkeep
|
|t:|1660991251
|switch|p2a: White phoenix|Lugia|82/100
|-damage|p2a: White phoenix|57/100|[from] Stealth Rock
|turn|38
|
|t:|1660991265
|move|p1a: Swampert|Yawn|p2a: White phoenix
|-start|p2a: White phoenix|move: Yawn|[of] p1a: Swampert
|move|p2a: White phoenix|Roost|p2a: White phoenix
|-heal|p2a: White phoenix|100/100
|-singleturn|p2a: White phoenix|move: Roost
|
|-weather|none
|-damage|p1a: Swampert|0 fnt|[from] psn
|faint|p1a: Swampert
|upkeep
|
|t:|1660991285
|switch|p1a: Yveltal|Yveltal, shiny|78/100
|-damage|p1a: Yveltal|53/100|[from] Stealth Rock
|-ability|p1a: Yveltal|Dark Aura
|turn|39
|
|t:|1660991297
|move|p2a: White phoenix|Toxic|p1a: Yveltal
|-status|p1a: Yveltal|tox
|move|p1a: Yveltal|Dark Pulse|p2a: White phoenix
|-supereffective|p2a: White phoenix
|-damage|p2a: White phoenix|67/100
|
|-heal|p2a: White phoenix|73/100|[from] item: Leftovers
|-damage|p1a: Yveltal|47/100 tox|[from] psn
|-end|p2a: White phoenix|move: Yawn|[silent]
|-status|p2a: White phoenix|slp
|upkeep
|turn|40
|
|t:|1660991312
|cant|p2a: White phoenix|slp
|move|p1a: Yveltal|Dark Pulse|p2a: White phoenix
|-supereffective|p2a: White phoenix
|-damage|p2a: White phoenix|5/100 slp
|
|-heal|p2a: White phoenix|11/100 slp|[from] item: Leftovers
|-damage|p1a: Yveltal|34/100 tox|[from] psn
|upkeep
|turn|41
|
|t:|1660991329
|cant|p2a: White phoenix|slp
|move|p1a: Yveltal|Dark Pulse|p2a: White phoenix
|-supereffective|p2a: White phoenix
|-damage|p2a: White phoenix|0 fnt
|faint|p2a: White phoenix
|
|-damage|p1a: Yveltal|16/100 tox|[from] psn
|upkeep
|-enditem|p1a: Yveltal|Salac Berry|[eat]
|-boost|p1a: Yveltal|spe|1|[from] item: Salac Berry
|
|t:|1660991334
|switch|p2a: Raven of death|Yveltal, shiny|51/100
|-damage|p2a: Raven of death|26/100|[from] Stealth Rock
|-ability|p2a: Raven of death|Dark Aura
|turn|42
|
|t:|1660991344
|move|p2a: Raven of death|Knock Off|p1a: Yveltal
|-resisted|p1a: Yveltal
|-damage|p1a: Yveltal|0 fnt
|faint|p1a: Yveltal
|
|upkeep
|
|t:|1660991356
|switch|p1a: Kyogre|Kyogre|88/100
|-damage|p1a: Kyogre|76/100|[from] Stealth Rock
|-weather|RainDance|[from] ability: Drizzle|[of] p1a: Kyogre
|turn|43
|
|t:|1660991360
|move|p1a: Kyogre|Brine|p2a: Raven of death
|-damage|p2a: Raven of death|0 fnt
|faint|p2a: Raven of death
|
|win|Naofumi_Bakugo_Jax
|raw|Naofumi_Bakugo_Jax's rating: 1702 &rarr; <strong>1734</strong><br />(+32 for winning)
|raw|Buck is stallish's rating: 1940 &rarr; <strong>1908</strong><br />(-32 for losing)
|l| v87
