|j|☆RRRRRRRRRRex
|j|☆Master kushagra
|t:|1646726298
|gametype|singles
|player|p1|RRRRRRRRRRex|266|1731
|player|p2|Master kushagra|leon-tower|1664
|teamsize|p1|6
|teamsize|p2|6
|gen|8
|tier|[Gen 8] National Dex AG
|rated|
|rule|HP Percentage Mod: HP is shown in percentages
|rule|Endless Battle Clause: Forcing endless battles is banned
|clearpoke
|poke|p1|Excadrill, M|
|poke|p1|Calyrex-Shadow|
|poke|p1|Xerneas-*|
|poke|p1|Eternatus|
|poke|p1|Ditto|
|poke|p1|Yveltal|
|poke|p2|Rayquaza|
|poke|p2|Arceus-*|
|poke|p2|Arceus-*|
|poke|p2|Chansey, F|
|poke|p2|Arceus-*|
|poke|p2|Necrozma-Dusk-Mane|
|teampreview
|
|t:|1646726327
|start
|switch|p1a: Excadrill|Excadrill, M|100/100
|switch|p2a: Arceus|Arceus-Ground|100/100
|-ability|p1a: Excadrill|Mold Breaker
|turn|1
|
|t:|1646726338
|move|p1a: Excadrill|Rock Tomb|p2a: Arceus
|-resisted|p2a: Arceus
|-damage|p2a: Arceus|95/100
|-unboost|p2a: Arceus|spe|1
|move|p2a: Arceus|Judgment|p1a: Excadrill
|-supereffective|p1a: Excadrill
|-enditem|p1a: Excadrill|Focus Sash
|-damage|p1a: Excadrill|1/100
|
|upkeep
|turn|2
|
|t:|1646726347
|move|p1a: Excadrill|Stealth Rock|p2a: Arceus
|-sidestart|p2: Master kushagra|move: Stealth Rock
|move|p2a: Arceus|Judgment|p1a: Excadrill
|-supereffective|p1a: Excadrill
|-damage|p1a: Excadrill|0 fnt
|faint|p1a: Excadrill
|
|upkeep
|
|t:|1646726352
|switch|p1a: Calyrex|Calyrex-Shadow|100/100
|-ability|p1a: Calyrex|As One
|-ability|p1a: Calyrex|Unnerve
|turn|3
|
|t:|1646726358
|move|p1a: Calyrex|Nasty Plot|p1a: Calyrex
|-boost|p1a: Calyrex|spa|2
|move|p2a: Arceus|Defog|p1a: Calyrex
|-unboost|p1a: Calyrex|evasion|1
|-sideend|p2: Master kushagra|Stealth Rock|[from] move: Defog|[of] p2a: Arceus
|
|upkeep
|turn|4
|
|t:|1646726367
|move|p1a: Calyrex|Astral Barrage|p2a: Arceus
|-damage|p2a: Arceus|5/100
|move|p2a: Arceus|Judgment|p1a: Calyrex
|-damage|p1a: Calyrex|54/100
|
|upkeep
|turn|5
|
|t:|1646726374
|switch|p2a: Chansey|Chansey, F|100/100
|move|p1a: Calyrex|Astral Barrage|p2a: Chansey
|-immune|p2a: Chansey
|
|upkeep
|turn|6
|
|t:|1646726389
|move|p1a: Calyrex|Psyshock|p2a: Chansey
|-crit|p2a: Chansey
|-damage|p2a: Chansey|3/100
|move|p2a: Chansey|Soft-Boiled|p2a: Chansey
|-heal|p2a: Chansey|53/100
|
|upkeep
|turn|7
|
|t:|1646726401
|switch|p2a: Arceus|Arceus-Dark|100/100
|move|p1a: Calyrex|Psyshock|p2a: Arceus
|-immune|p2a: Arceus
|
|upkeep
|turn|8
|
|t:|1646726409
|move|p1a: Calyrex|Baton Pass|p1a: Calyrex
|
|t:|1646726411
|switch|p1a: Xerneas|Xerneas|100/100|[from]move: Baton Pass
|-ability|p1a: Xerneas|Fairy Aura
|move|p2a: Arceus|Snarl|p1a: Xerneas
|-resisted|p1a: Xerneas
|-damage|p1a: Xerneas|91/100
|-unboost|p1a: Xerneas|spa|1
|
|upkeep
|turn|9
|
|t:|1646726422
|move|p2a: Arceus|Thunder Wave|p1a: Xerneas
|-status|p1a: Xerneas|par
|move|p1a: Xerneas|Geomancy||[still]
|-prepare|p1a: Xerneas|Geomancy
|-enditem|p1a: Xerneas|Power Herb
|-anim|p1a: Xerneas|Geomancy|p1a: Xerneas
|-boost|p1a: Xerneas|spa|2
|-boost|p1a: Xerneas|spd|2
|-boost|p1a: Xerneas|spe|2
|
|upkeep
|turn|10
|
|t:|1646726426
|switch|p2a: Necrozma|Necrozma-Dusk-Mane|100/100
|move|p1a: Xerneas|Moonblast|p2a: Necrozma
|-resisted|p2a: Necrozma
|-damage|p2a: Necrozma|34/100
|
|upkeep
|turn|11
|
|t:|1646726434
|-start|p2a: Necrozma|Dynamax
|-heal|p2a: Necrozma|34/100|[silent]
|move|p1a: Xerneas|Moonblast|p2a: Necrozma
|-resisted|p2a: Necrozma
|-damage|p2a: Necrozma|0 fnt
|faint|p2a: Necrozma
|
|upkeep
|
|t:|1646726441
|switch|p2a: Chansey|Chansey, F|53/100
|turn|12
|
|t:|1646726444
|move|p1a: Xerneas|Moonblast|p2a: Chansey
|-damage|p2a: Chansey|1/100
|-unboost|p2a: Chansey|spa|1
|move|p2a: Chansey|Soft-Boiled|p2a: Chansey
|-heal|p2a: Chansey|51/100
|
|upkeep
|turn|13
|
|t:|1646726451
|cant|p1a: Xerneas|par
|move|p2a: Chansey|Soft-Boiled|p2a: Chansey
|-heal|p2a: Chansey|100/100
|
|upkeep
|turn|14
|
|t:|1646726464
|move|p1a: Xerneas|Geomancy||[still]
|-prepare|p1a: Xerneas|Geomancy
|move|p2a: Chansey|Confide|p1a: Xerneas
|-unboost|p1a: Xerneas|spa|1
|
|upkeep
|turn|15
|
|t:|1646726470
|move|p1a: Xerneas|Geomancy|p1a: Xerneas|[from]lockedmove
|-boost|p1a: Xerneas|spa|2
|-boost|p1a: Xerneas|spd|2
|-boost|p1a: Xerneas|spe|2
|move|p2a: Chansey|Confide|p1a: Xerneas
|-unboost|p1a: Xerneas|spa|1
|
|upkeep
|turn|16
|
|t:|1646726477
|move|p1a: Xerneas|Moonblast|p2a: Chansey
|-damage|p2a: Chansey|42/100
|move|p2a: Chansey|Seismic Toss|p1a: Xerneas
|-damage|p1a: Xerneas|67/100 par
|
|upkeep
|turn|17
|
|t:|1646726494
|move|p1a: Xerneas|Moonblast|p2a: Chansey
|-damage|p2a: Chansey|0 fnt
|faint|p2a: Chansey
|
|upkeep
|
|t:|1646726508
|switch|p2a: Arceus|Arceus-Dark|100/100
|turn|18
|
|t:|1646726517
|move|p1a: Xerneas|Moonblast|p2a: Arceus
|-supereffective|p2a: Arceus
|-damage|p2a: Arceus|0 fnt
|faint|p2a: Arceus
|
|upkeep
|
|t:|1646726520
|switch|p2a: Arceus|Arceus-Rock|100/100
|turn|19
|
|t:|1646726525
|move|p1a: Xerneas|Moonblast|p2a: Arceus
|-damage|p2a: Arceus|0 fnt
|faint|p2a: Arceus
|
|upkeep
|
|t:|1646726528
|switch|p2a: Rayquaza|Rayquaza|100/100
|-ability|p2a: Rayquaza|Air Lock
|turn|20
|
|t:|1646726531
|detailschange|p2a: Rayquaza|Rayquaza-Mega
|-mega|p2a: Rayquaza|Rayquaza|
|-weather|DeltaStream|[from] ability: Delta Stream|[of] p2a: Rayquaza
|move|p2a: Rayquaza|Extreme Speed|p1a: Xerneas
|-damage|p1a: Xerneas|25/100 par
|move|p1a: Xerneas|Moonblast|p2a: Rayquaza
|-supereffective|p2a: Rayquaza
|-damage|p2a: Rayquaza|0 fnt
|faint|p2a: Rayquaza
|-weather|none
|
|upkeep
|
|t:|1646726537
|switch|p2a: Arceus|Arceus-Ground|5/100
|turn|21
|
|t:|1646726540
|move|p1a: Xerneas|Moonblast|p2a: Arceus
|-damage|p2a: Arceus|0 fnt
|faint|p2a: Arceus
|
|win|RRRRRRRRRRex
|raw|RRRRRRRRRRex's rating: 1731 &rarr; <strong>1747</strong><br />(+16 for winning)
|raw|Master kushagra's rating: 1664 &rarr; <strong>1648</strong><br />(-16 for losing)
