|j|☆GraphQL
|j|☆BigDuckie
|t:|1619048387
|gametype|singles
|player|p1|GraphQL|2|1645
|player|p2|BigDuckie|clair|1892
|teamsize|p1|6
|teamsize|p2|6
|gen|8
|tier|[Gen 8] National Dex AG
|rated|
|clearpoke
|poke|p1|Rayquaza|
|poke|p1|Zacian-Crowned|
|poke|p1|Yveltal|
|poke|p1|Xerneas|
|poke|p1|Ho-Oh|
|poke|p1|Ditto|
|poke|p2|Arceus-*|
|poke|p2|Arceus-*|
|poke|p2|Arceus-*|
|poke|p2|Ditto|
|poke|p2|Grimmsnarl, M|
|poke|p2|Lugia|
|rule|HP Percentage Mod: HP is shown in percentages
|rule|Endless Battle Clause: Forcing endless battles is banned
|teampreview
|inactive|Battle timer is ON: inactive players will automatically lose when time's up. (requested by BigDuckie)
|j| Faylord
|
|t:|1619048402
|start
|switch|p1a: Xerneas|Xerneas|100/100
|switch|p2a: Grimmsnarl|Grimmsnarl, M|100/100
|-ability|p1a: Xerneas|Fairy Aura
|turn|1
|
|t:|1619048407
|move|p2a: Grimmsnarl|Light Screen|p2a: Grimmsnarl
|-sidestart|p2: BigDuckie|move: Light Screen
|move|p1a: Xerneas|Moonblast|p2a: Grimmsnarl
|-supereffective|p2a: Grimmsnarl
|-damage|p2a: Grimmsnarl|51/100
|
|upkeep
|turn|2
|
|t:|1619048412
|move|p2a: Grimmsnarl|Thunder Wave|p1a: Xerneas
|-status|p1a: Xerneas|par
|move|p1a: Xerneas|Substitute|p1a: Xerneas
|-start|p1a: Xerneas|Substitute
|-damage|p1a: Xerneas|75/100 par
|
|upkeep
|turn|3
|
|t:|1619048416
|move|p2a: Grimmsnarl|Spirit Break|p1a: Xerneas
|-end|p1a: Xerneas|Substitute
|move|p1a: Xerneas|Geomancy||[still]
|-prepare|p1a: Xerneas|Geomancy
|-enditem|p1a: Xerneas|Power Herb
|-anim|p1a: Xerneas|Geomancy|p1a: Xerneas
|-boost|p1a: Xerneas|spa|2
|-boost|p1a: Xerneas|spd|2
|-boost|p1a: Xerneas|spe|2
|
|upkeep
|turn|4
|
|t:|1619048422
|move|p1a: Xerneas|Moonblast|p2a: Grimmsnarl
|-supereffective|p2a: Grimmsnarl
|-damage|p2a: Grimmsnarl|0 fnt
|faint|p2a: Grimmsnarl
|
|upkeep
|
|t:|1619048432
|switch|p2a: Arceus|Arceus-Ground|100/100
|turn|5
|
|t:|1619048437
|move|p2a: Arceus|Swords Dance|p2a: Arceus
|-boost|p2a: Arceus|atk|2
|move|p1a: Xerneas|Moonblast|p2a: Arceus
|-damage|p2a: Arceus|54/100
|-unboost|p2a: Arceus|spa|1
|
|upkeep
|turn|6
|l| Faylord
|
|t:|1619048449
|move|p2a: Arceus|Earthquake|p1a: Xerneas
|-damage|p1a: Xerneas|0 fnt
|faint|p1a: Xerneas
|
|upkeep
|
|t:|1619048460
|switch|p1a: Zacian|Zacian-Crowned|100/100
|-ability|p1a: Zacian|Intrepid Sword|boost
|-boost|p1a: Zacian|atk|1
|turn|7
|
|t:|1619048472
|switch|p2a: Lugia|Lugia|100/100
|move|p1a: Zacian|Behemoth Blade|p2a: Lugia
|-damage|p2a: Lugia|79/100
|-damage|p1a: Zacian|84/100|[from] item: Rocky Helmet|[of] p2a: Lugia
|
|upkeep
|turn|8
|
|t:|1619048487
|switch|p1a: Ho-Oh|Ho-Oh|100/100
|move|p2a: Lugia|Whirlwind|p1a: Ho-Oh
|drag|p1a: Ditto|Ditto|100/100
|-transform|p1a: Ditto|p2a: Lugia|[from] ability: Imposter
|
|-sideend|p2: BigDuckie|move: Light Screen
|upkeep
|turn|9
|
|t:|1619048497
|move|p1a: Ditto|Toxic|p2a: Lugia
|-status|p2a: Lugia|tox
|move|p2a: Lugia|Toxic|p1a: Ditto
|-status|p1a: Ditto|tox
|
|-damage|p1a: Ditto|94/100 tox|[from] psn
|-damage|p2a: Lugia|73/100 tox|[from] psn
|upkeep
|turn|10
|
|t:|1619048503
|switch|p1a: Ho-Oh|Ho-Oh|100/100
|move|p2a: Lugia|Roost|p2a: Lugia
|-heal|p2a: Lugia|100/100 tox
|-singleturn|p2a: Lugia|move: Roost
|
|-damage|p2a: Lugia|88/100 tox|[from] psn
|upkeep
|turn|11
|
|t:|1619048510
|move|p2a: Lugia|Toxic|p1a: Ho-Oh
|-status|p1a: Ho-Oh|tox
|move|p1a: Ho-Oh|Sacred Fire|p2a: Lugia
|-damage|p2a: Lugia|67/100 tox
|
|-damage|p2a: Lugia|48/100 tox|[from] psn
|-damage|p1a: Ho-Oh|94/100 tox|[from] psn
|upkeep
|turn|12
|
|t:|1619048520
|switch|p1a: Zacian|Zacian-Crowned|84/100
|-ability|p1a: Zacian|Intrepid Sword|boost
|-boost|p1a: Zacian|atk|1
|move|p2a: Lugia|Roost|p2a: Lugia
|-heal|p2a: Lugia|99/100 tox
|-singleturn|p2a: Lugia|move: Roost
|
|-damage|p2a: Lugia|74/100 tox|[from] psn
|upkeep
|turn|13
|
|t:|1619048526
|switch|p2a: Arceus|Arceus-Ground|54/100
|move|p1a: Zacian|Wild Charge|p2a: Arceus
|-immune|p2a: Arceus
|
|upkeep
|turn|14
|
|t:|1619048536
|move|p1a: Zacian|Behemoth Blade|p2a: Arceus
|-damage|p2a: Arceus|0 fnt
|faint|p2a: Arceus
|
|upkeep
|
|t:|1619048538
|switch|p2a: Ditto|Ditto|100/100
|-transform|p2a: Ditto|p1a: Zacian|[from] ability: Imposter
|-ability|p2a: Ditto|Intrepid Sword|boost
|-boost|p2a: Ditto|atk|1
|turn|15
|
|t:|1619048546
|switch|p1a: Ho-Oh|Ho-Oh|100/100 tox
|move|p2a: Ditto|Behemoth Blade|p1a: Ho-Oh
|-resisted|p1a: Ho-Oh
|-damage|p1a: Ho-Oh|61/100 tox
|
|-damage|p1a: Ho-Oh|55/100 tox|[from] psn
|upkeep
|turn|16
|
|t:|1619048552
|move|p2a: Ditto|Wild Charge|p1a: Ho-Oh
|-supereffective|p1a: Ho-Oh
|-damage|p1a: Ho-Oh|0 fnt
|-damage|p2a: Ditto|81/100|[from] Recoil
|faint|p1a: Ho-Oh
|
|upkeep
|
|t:|1619048561
|switch|p1a: Rayquaza|Rayquaza|100/100
|-ability|p1a: Rayquaza|Air Lock
|turn|17
|
|t:|1619048567
|switch|p2a: Lugia|Lugia|74/100 tox
|detailschange|p1a: Rayquaza|Rayquaza-Mega
|-mega|p1a: Rayquaza|Rayquaza|
|-weather|DeltaStream|[from] ability: Delta Stream|[of] p1a: Rayquaza
|move|p1a: Rayquaza|Extreme Speed|p2a: Lugia
|-damage|p2a: Lugia|57/100 tox
|-damage|p1a: Rayquaza|84/100|[from] item: Rocky Helmet|[of] p2a: Lugia
|
|-weather|DeltaStream|[upkeep]
|-damage|p2a: Lugia|51/100 tox|[from] psn
|upkeep
|turn|18
|c|☆GraphQL|mis click
|c|☆GraphQL|fk
|
|t:|1619048576
|move|p1a: Rayquaza|Dragon Dance|p1a: Rayquaza
|-boost|p1a: Rayquaza|atk|1
|-boost|p1a: Rayquaza|spe|1
|move|p2a: Lugia|Roost|p2a: Lugia
|-heal|p2a: Lugia|100/100 tox
|-singleturn|p2a: Lugia|move: Roost
|
|-weather|DeltaStream|[upkeep]
|-damage|p2a: Lugia|88/100 tox|[from] psn
|upkeep
|turn|19
|
|t:|1619048582
|move|p1a: Rayquaza|Dragon Ascent|p2a: Lugia
|-damage|p2a: Lugia|23/100 tox
|-unboost|p1a: Rayquaza|def|1
|-unboost|p1a: Rayquaza|spd|1
|-damage|p1a: Rayquaza|68/100|[from] item: Rocky Helmet|[of] p2a: Lugia
|move|p2a: Lugia|Whirlwind|p1a: Rayquaza
|-weather|none
|drag|p1a: Yveltal|Yveltal|100/100
|-ability|p1a: Yveltal|Dark Aura
|
|-damage|p2a: Lugia|5/100 tox|[from] psn
|upkeep
|turn|20
|
|t:|1619048597
|move|p1a: Yveltal|Oblivion Wing|p2a: Lugia
|-damage|p2a: Lugia|0 fnt
|-damage|p1a: Yveltal|91/100|[from] item: Life Orb
|faint|p2a: Lugia
|
|upkeep
|
|t:|1619048602
|switch|p2a: Arceus|Arceus-Ground|100/100
|turn|21
|
|t:|1619048606
|-start|p1a: Yveltal|Dynamax
|-heal|p1a: Yveltal|91/100|[silent]
|-start|p2a: Arceus|Dynamax
|-heal|p2a: Arceus|100/100|[silent]
|move|p1a: Yveltal|Max Airstream|p2a: Arceus
|-damage|p2a: Arceus|70/100
|-boost|p1a: Yveltal|spe|1
|-damage|p1a: Yveltal|86/100|[from] item: Life Orb
|move|p2a: Arceus|Max Rockfall|p1a: Yveltal
|-supereffective|p1a: Yveltal
|-damage|p1a: Yveltal|45/100
|-weather|Sandstorm
|
|-weather|Sandstorm|[upkeep]
|-damage|p1a: Yveltal|42/100|[from] Sandstorm
|upkeep
|turn|22
|
|t:|1619048615
|move|p1a: Yveltal|Max Darkness|p2a: Arceus
|-damage|p2a: Arceus|30/100
|-unboost|p2a: Arceus|spd|1
|-damage|p1a: Yveltal|37/100|[from] item: Life Orb
|move|p2a: Arceus|Max Rockfall|p1a: Yveltal
|-supereffective|p1a: Yveltal
|-damage|p1a: Yveltal|0 fnt
|faint|p1a: Yveltal
|
|-weather|Sandstorm|[upkeep]
|upkeep
|j| Beatboxing_Phantom
|c| Beatboxing_Phantom|e
|
|t:|1619048627
|switch|p1a: Ditto|Ditto|94/100 tox
|-transform|p1a: Ditto|p2a: Arceus|[from] ability: Imposter
|turn|23
|c|☆BigDuckie|E
|c|☆BigDuckie|glad to see ya
|
|t:|1619048638
|move|p1a: Ditto|Earthquake|p2a: Arceus
|-damage|p2a: Arceus|13/100
|move|p2a: Arceus|Max Quake|p1a: Ditto
|-damage|p1a: Ditto|16/100 tox
|-boost|p2a: Arceus|spd|1
|
|-weather|Sandstorm|[upkeep]
|-damage|p1a: Ditto|10/100 tox|[from] psn
|-end|p2a: Arceus|Dynamax
|-heal|p2a: Arceus|13/100|[silent]
|upkeep
|turn|24
|
|t:|1619048643
|move|p1a: Ditto|Earthquake|p2a: Arceus
|-damage|p2a: Arceus|0 fnt
|faint|p2a: Arceus
|
|-weather|Sandstorm|[upkeep]
|-damage|p1a: Ditto|0 fnt|[from] psn
|faint|p1a: Ditto
|upkeep
|
|t:|1619048649
|switch|p2a: Arceus|Arceus-Ground|100/100
|switch|p1a: Rayquaza|Rayquaza-Mega|68/100
|-weather|DeltaStream|[from] ability: Delta Stream|[of] p1a: Rayquaza
|turn|25
|
|t:|1619048659
|move|p2a: Arceus|Stone Edge|p1a: Rayquaza
|-activate||deltastream
|-damage|p1a: Rayquaza|37/100
|move|p1a: Rayquaza|Dragon Dance|p1a: Rayquaza
|-boost|p1a: Rayquaza|atk|1
|-boost|p1a: Rayquaza|spe|1
|
|-weather|DeltaStream|[upkeep]
|upkeep
|turn|26
|
|t:|1619048673
|move|p1a: Rayquaza|Extreme Speed|p2a: Arceus
|-damage|p2a: Arceus|59/100
|move|p2a: Arceus|Extreme Speed|p1a: Rayquaza
|-damage|p1a: Rayquaza|10/100
|
|-weather|DeltaStream|[upkeep]
|upkeep
|turn|27
|
|t:|1619048680
|move|p2a: Arceus|Extreme Speed|p1a: Rayquaza
|-damage|p1a: Rayquaza|0 fnt
|faint|p1a: Rayquaza
|-weather|none
|
|upkeep
|
|t:|1619048684
|switch|p1a: Zacian|Zacian-Crowned|84/100
|-ability|p1a: Zacian|Intrepid Sword|boost
|-boost|p1a: Zacian|atk|1
|turn|28
|
|t:|1619048689
|move|p1a: Zacian|Behemoth Blade|p2a: Arceus
|-damage|p2a: Arceus|0 fnt
|faint|p2a: Arceus
|
|upkeep
|
|t:|1619048690
|switch|p2a: Ditto|Ditto|81/100
|-transform|p2a: Ditto|p1a: Zacian|[from] ability: Imposter
|-ability|p2a: Ditto|Intrepid Sword|boost
|-boost|p2a: Ditto|atk|1
|turn|29
|-activate|p2a: Ditto|item: Quick Claw
|
|t:|1619048693
|move|p2a: Ditto|Behemoth Blade|p1a: Zacian
|-damage|p1a: Zacian|0 fnt
|faint|p1a: Zacian
|
|win|BigDuckie
|raw|GraphQL's rating: 1645 &rarr; <strong>1637</strong><br />(-8 for losing)
|raw|BigDuckie's rating: 1892 &rarr; <strong>1900</strong><br />(+8 for winning)
|c|☆BigDuckie|oh
|c|☆BigDuckie|my
|c|☆BigDuckie|god
|c|☆BigDuckie|my heart
|c|☆GraphQL|ofc you win the speed tie
|c|☆GraphQL|smh
|l|☆GraphQL
|c|☆BigDuckie|60 percent tho
|c|☆BigDuckie|eh
||Ladder isn't responding, score probably updated but might not have (Request timeout).
