|j|☆wolfie_olson
|j|‽PlatinumEA
|t:|1648731360
|gametype|singles
|player|p1|wolfie_olson|170|
|player|p2|PlatinumEA|266|
|teamsize|p1|6
|teamsize|p2|6
|gen|8
|tier|[Gen 8] National Dex AG
|rule|HP Percentage Mod: HP is shown in percentages
|rule|Endless Battle Clause: Forcing endless battles is banned
|clearpoke
|poke|p1|Ditto|
|poke|p1|Ditto|
|poke|p1|Ditto|
|poke|p1|Ditto|
|poke|p1|Ditto|
|poke|p1|Ditto|
|poke|p2|Hatterene, F|
|poke|p2|Melmetal|
|poke|p2|Tyranitar, M|
|poke|p2|Calyrex-Ice|
|poke|p2|Zygarde|
|poke|p2|Necrozma-Dusk-Mane|
|teampreview
|inactive|Battle timer is ON: inactive players will automatically lose when time's up. (requested by wolfie_olson)
|
|t:|1648731372
|start
|switch|p1a: Ditto|Ditto|100/100
|switch|p2a: Hatterene|Hatterene, F|100/100
|-transform|p1a: Ditto|p2a: Hatterene|[from] ability: Imposter
|turn|1
|
|t:|1648731400
|switch|p2a: Zygarde|Zygarde|100/100
|move|p1a: Ditto|Skill Swap||[still]
|-fail|p1a: Ditto
|
|upkeep
|turn|2
|
|t:|1648731415
|move|p2a: Zygarde|Substitute|p2a: Zygarde
|-start|p2a: Zygarde|Substitute
|-damage|p2a: Zygarde|76/100
|move|p1a: Ditto|Trick Room|p1a: Ditto
|-fieldstart|move: Trick Room|[of] p1a: Ditto
|
|-heal|p2a: Zygarde|82/100|[from] item: Leftovers
|upkeep
|turn|3
|
|t:|1648731429
|move|p1a: Ditto|Skill Swap||[still]
|-fail|p1a: Ditto
|move|p2a: Zygarde|Coil|p2a: Zygarde
|-boost|p2a: Zygarde|atk|1
|-boost|p2a: Zygarde|def|1
|-boost|p2a: Zygarde|accuracy|1
|
|-heal|p2a: Zygarde|88/100|[from] item: Leftovers
|upkeep
|turn|4
|
|t:|1648731441
|move|p1a: Ditto|Wonder Room|p1a: Ditto
|-fieldstart|move: Wonder Room|[of] p1a: Ditto
|move|p2a: Zygarde|Coil|p2a: Zygarde
|-boost|p2a: Zygarde|atk|1
|-boost|p2a: Zygarde|def|1
|-boost|p2a: Zygarde|accuracy|1
|
|-heal|p2a: Zygarde|94/100|[from] item: Leftovers
|upkeep
|turn|5
|inactive|wolfie_olson has 270 seconds left.
|
|t:|1648731457
|move|p1a: Ditto|Healing Wish|p1a: Ditto
|faint|p1a: Ditto
|move|p2a: Zygarde|Coil|p2a: Zygarde
|-boost|p2a: Zygarde|atk|1
|-boost|p2a: Zygarde|def|1
|-boost|p2a: Zygarde|accuracy|1
|
|-heal|p2a: Zygarde|100/100|[from] item: Leftovers
|upkeep
|inactive|wolfie_olson has 270 seconds left.
|
|t:|1648731463
|switch|p1a: Ditto|Ditto|100/100
|turn|6
|inactive|wolfie_olson has 270 seconds left.
|
|t:|1648731474
|move|p1a: Ditto|Transform||[still]
|-fail|p1a: Ditto
|move|p2a: Zygarde|Glare|p1a: Ditto
|-status|p1a: Ditto|par
|
|-fieldend|move: Trick Room
|upkeep
|turn|7
|
|t:|1648731483
|move|p2a: Zygarde|Thousand Arrows|p1a: Ditto
|-damage|p1a: Ditto|0 fnt
|faint|p1a: Ditto
|
|upkeep
|-message|wolfie_olson forfeited.
|
|win|PlatinumEA
