|j|☆AceTrainerLavinia
|j|☆soviet glonk
|t:|1632562856
|gametype|singles
|player|p1|AceTrainerLavinia|flannery|1454
|player|p2|soviet glonk|ghetsis|1690
|teamsize|p1|6
|teamsize|p2|6
|gen|8
|tier|[Gen 8] National Dex AG
|rated|
|rule|HP Percentage Mod: HP is shown in percentages
|rule|Endless Battle Clause: Forcing endless battles is banned
|clearpoke
|poke|p1|Butterfree, F|
|poke|p1|Aggron, M|
|poke|p1|Pyukumuku, M|
|poke|p1|Pheromosa|
|poke|p1|Blissey, F|
|poke|p1|Eternatus|
|poke|p2|Eternatus|
|poke|p2|Necrozma-Dusk-Mane|
|poke|p2|Yveltal|
|poke|p2|Rayquaza|
|poke|p2|Arceus-*|
|poke|p2|Zacian-*|
|teampreview
|inactive|Battle timer is ON: inactive players will automatically lose when time's up. (requested by soviet glonk)
|inactive|soviet glonk has 120 seconds left.
|
|t:|1632562908
|start
|switch|p1a: Milady|Pheromosa, shiny|100/100
|switch|p2a: Necrozma|Necrozma-Dusk-Mane|100/100
|turn|1
|
|t:|1632562916
|move|p1a: Milady|High Jump Kick|p2a: Necrozma
|-damage|p2a: Necrozma|63/100
|-damage|p1a: Milady|84/100|[from] item: Rocky Helmet|[of] p2a: Necrozma
|move|p2a: Necrozma|Stealth Rock|p1a: Milady
|-sidestart|p1: AceTrainerLavinia|move: Stealth Rock
|
|upkeep
|turn|2
|
|t:|1632562924
|move|p1a: Milady|High Jump Kick|p2a: Necrozma
|-damage|p2a: Necrozma|23/100
|-damage|p1a: Milady|67/100|[from] item: Rocky Helmet|[of] p2a: Necrozma
|move|p2a: Necrozma|Morning Sun|p2a: Necrozma
|-heal|p2a: Necrozma|73/100
|
|upkeep
|turn|3
|
|t:|1632562935
|switch|p1a: Eternatus|Eternatus|100/100
|-damage|p1a: Eternatus|88/100|[from] Stealth Rock
|-ability|p1a: Eternatus|Pressure
|move|p2a: Necrozma|Sunsteel Strike|p1a: Eternatus
|-damage|p1a: Eternatus|58/100
|
|-heal|p1a: Eternatus|64/100|[from] item: Leftovers
|upkeep
|turn|4
|inactive|soviet glonk has 120 seconds left.
|
|t:|1632562983
|switch|p2a: Arceus|Arceus-Water|100/100
|move|p1a: Eternatus|Cosmic Power|p1a: Eternatus
|-boost|p1a: Eternatus|def|1
|-boost|p1a: Eternatus|spd|1
|
|-heal|p1a: Eternatus|71/100|[from] item: Leftovers
|upkeep
|turn|5
|
|t:|1632562999
|switch|p2a: Eternatus|Eternatus|100/100
|-ability|p2a: Eternatus|Pressure
|move|p1a: Eternatus|Cosmic Power|p1a: Eternatus
|-boost|p1a: Eternatus|def|1
|-boost|p1a: Eternatus|spd|1
|
|-heal|p1a: Eternatus|77/100|[from] item: Leftovers
|upkeep
|turn|6
|
|t:|1632563006
|move|p2a: Eternatus|Dynamax Cannon|p1a: Eternatus
|-supereffective|p1a: Eternatus
|-damage|p1a: Eternatus|30/100
|-damage|p2a: Eternatus|91/100|[from] item: Life Orb
|move|p1a: Eternatus|Dragon Dance|p1a: Eternatus
|-boost|p1a: Eternatus|atk|1
|-boost|p1a: Eternatus|spe|1
|
|-heal|p1a: Eternatus|36/100|[from] item: Leftovers
|upkeep
|turn|7
|
|t:|1632563010
|move|p1a: Eternatus|Recover|p1a: Eternatus
|-heal|p1a: Eternatus|86/100
|move|p2a: Eternatus|Dynamax Cannon|p1a: Eternatus
|-supereffective|p1a: Eternatus
|-damage|p1a: Eternatus|37/100
|-damage|p2a: Eternatus|81/100|[from] item: Life Orb
|
|-heal|p1a: Eternatus|43/100|[from] item: Leftovers
|upkeep
|turn|8
|
|t:|1632563015
|move|p1a: Eternatus|Recover|p1a: Eternatus
|-heal|p1a: Eternatus|93/100
|move|p2a: Eternatus|Dynamax Cannon|p1a: Eternatus
|-supereffective|p1a: Eternatus
|-damage|p1a: Eternatus|48/100
|-damage|p2a: Eternatus|71/100|[from] item: Life Orb
|
|-heal|p1a: Eternatus|54/100|[from] item: Leftovers
|upkeep
|turn|9
|inactive|soviet glonk has 120 seconds left.
|
|t:|1632563038
|move|p1a: Eternatus|Cosmic Power|p1a: Eternatus
|-boost|p1a: Eternatus|def|1
|-boost|p1a: Eternatus|spd|1
|move|p2a: Eternatus|Dynamax Cannon|p1a: Eternatus
|-supereffective|p1a: Eternatus
|-damage|p1a: Eternatus|15/100
|-damage|p2a: Eternatus|61/100|[from] item: Life Orb
|
|-heal|p1a: Eternatus|22/100|[from] item: Leftovers
|upkeep
|turn|10
|
|t:|1632563040
|switch|p2a: Zacian|Zacian-Crowned|100/100
|-ability|p2a: Zacian|Intrepid Sword|boost
|-boost|p2a: Zacian|atk|1
|move|p1a: Eternatus|Recover|p1a: Eternatus
|-heal|p1a: Eternatus|72/100
|
|-heal|p1a: Eternatus|78/100|[from] item: Leftovers
|upkeep
|turn|11
|
|t:|1632563044
|move|p1a: Eternatus|Cosmic Power|p1a: Eternatus
|-boost|p1a: Eternatus|def|1
|-boost|p1a: Eternatus|spd|1
|move|p2a: Zacian|Swords Dance|p2a: Zacian
|-boost|p2a: Zacian|atk|2
|
|-heal|p1a: Eternatus|84/100|[from] item: Leftovers
|upkeep
|turn|12
|
|t:|1632563047
|move|p1a: Eternatus|Cosmic Power|p1a: Eternatus
|-boost|p1a: Eternatus|def|1
|-boost|p1a: Eternatus|spd|1
|move|p2a: Zacian|Behemoth Blade|p1a: Eternatus
|-damage|p1a: Eternatus|57/100
|
|-heal|p1a: Eternatus|64/100|[from] item: Leftovers
|upkeep
|turn|13
|
|t:|1632563055
|move|p1a: Eternatus|Cosmic Power|p1a: Eternatus
|-boost|p1a: Eternatus|def|1
|-boost|p1a: Eternatus|spd|1
|move|p2a: Zacian|Swords Dance|p2a: Zacian
|-boost|p2a: Zacian|atk|2
|
|-heal|p1a: Eternatus|70/100|[from] item: Leftovers
|upkeep
|turn|14
|
|t:|1632563057
|move|p1a: Eternatus|Dragon Dance|p1a: Eternatus
|-boost|p1a: Eternatus|atk|1
|-boost|p1a: Eternatus|spe|1
|move|p2a: Zacian|Swords Dance|p2a: Zacian
|-boost|p2a: Zacian|atk|1
|
|-heal|p1a: Eternatus|76/100|[from] item: Leftovers
|upkeep
|turn|15
|
|t:|1632563062
|move|p1a: Eternatus|Dragon Dance|p1a: Eternatus
|-boost|p1a: Eternatus|atk|1
|-boost|p1a: Eternatus|spe|1
|move|p2a: Zacian|Behemoth Blade|p1a: Eternatus
|-damage|p1a: Eternatus|37/100
|
|-heal|p1a: Eternatus|44/100|[from] item: Leftovers
|upkeep
|turn|16
|
|t:|1632563070
|move|p1a: Eternatus|Recover|p1a: Eternatus
|-heal|p1a: Eternatus|94/100
|move|p2a: Zacian|Behemoth Blade|p1a: Eternatus
|-damage|p1a: Eternatus|54/100
|
|-heal|p1a: Eternatus|61/100|[from] item: Leftovers
|upkeep
|turn|17
|
|t:|1632563080
|switch|p2a: Rayquaza|Rayquaza|100/100
|-ability|p2a: Rayquaza|Air Lock
|move|p1a: Eternatus|Recover|p1a: Eternatus
|-heal|p1a: Eternatus|100/100
|
|upkeep
|turn|18
|j| Adhiraj8202
|
|t:|1632563086
|detailschange|p2a: Rayquaza|Rayquaza-Mega
|-mega|p2a: Rayquaza|Rayquaza|
|-weather|DeltaStream|[from] ability: Delta Stream|[of] p2a: Rayquaza
|move|p1a: Eternatus|Poison Jab|p2a: Rayquaza
|-crit|p2a: Rayquaza
|-damage|p2a: Rayquaza|9/100
|move|p2a: Rayquaza|Scale Shot|p1a: Eternatus|[miss]
|-miss|p2a: Rayquaza|p1a: Eternatus
|
|-weather|DeltaStream|[upkeep]
|upkeep
|turn|19
|
|t:|1632563098
|move|p1a: Eternatus|Poison Jab|p2a: Rayquaza
|-crit|p2a: Rayquaza
|-damage|p2a: Rayquaza|0 fnt
|faint|p2a: Rayquaza
|-weather|none
|
|upkeep
|inactive|soviet glonk has 120 seconds left.
|l| Adhiraj8202
|
|t:|1632563132
|switch|p2a: Eternatus|Eternatus|61/100
|-ability|p2a: Eternatus|Pressure
|turn|20
|inactive|soviet glonk has 120 seconds left.
|
|t:|1632563139
|move|p1a: Eternatus|Dragon Dance|p1a: Eternatus
|-boost|p1a: Eternatus|atk|1
|-boost|p1a: Eternatus|spe|1
|move|p2a: Eternatus|Recover|p2a: Eternatus
|-heal|p2a: Eternatus|100/100
|
|upkeep
|turn|21
|
|t:|1632563144
|move|p1a: Eternatus|Dragon Dance|p1a: Eternatus
|-boost|p1a: Eternatus|atk|1
|-boost|p1a: Eternatus|spe|1
|move|p2a: Eternatus|Flamethrower|p1a: Eternatus
|-resisted|p1a: Eternatus
|-damage|p1a: Eternatus|97/100
|-damage|p2a: Eternatus|91/100|[from] item: Life Orb
|
|-heal|p1a: Eternatus|100/100|[from] item: Leftovers
|upkeep
|turn|22
|
|t:|1632563148
|move|p1a: Eternatus|Dragon Dance|p1a: Eternatus
|-boost|p1a: Eternatus|atk|1
|-boost|p1a: Eternatus|spe|1
|move|p2a: Eternatus|Flamethrower|p1a: Eternatus
|-resisted|p1a: Eternatus
|-damage|p1a: Eternatus|97/100
|-damage|p2a: Eternatus|81/100|[from] item: Life Orb
|
|-heal|p1a: Eternatus|100/100|[from] item: Leftovers
|upkeep
|turn|23
|
|t:|1632563151
|move|p1a: Eternatus|Poison Jab|p2a: Eternatus
|-resisted|p2a: Eternatus
|-damage|p2a: Eternatus|42/100
|move|p2a: Eternatus|Flamethrower|p1a: Eternatus
|-resisted|p1a: Eternatus
|-damage|p1a: Eternatus|97/100
|-status|p1a: Eternatus|brn
|-damage|p2a: Eternatus|32/100|[from] item: Life Orb
|
|-heal|p1a: Eternatus|100/100 brn|[from] item: Leftovers
|-damage|p1a: Eternatus|94/100 brn|[from] brn
|upkeep
|turn|24
|
|t:|1632563155
|move|p1a: Eternatus|Poison Jab|p2a: Eternatus
|-resisted|p2a: Eternatus
|-damage|p2a: Eternatus|12/100
|move|p2a: Eternatus|Recover|p2a: Eternatus
|-heal|p2a: Eternatus|62/100
|
|-heal|p1a: Eternatus|100/100 brn|[from] item: Leftovers
|-damage|p1a: Eternatus|94/100 brn|[from] brn
|upkeep
|turn|25
|
|t:|1632563172
|move|p1a: Eternatus|Poison Jab|p2a: Eternatus
|-resisted|p2a: Eternatus
|-damage|p2a: Eternatus|41/100
|move|p2a: Eternatus|Recover|p2a: Eternatus
|-heal|p2a: Eternatus|91/100
|
|-heal|p1a: Eternatus|100/100 brn|[from] item: Leftovers
|-damage|p1a: Eternatus|94/100 brn|[from] brn
|upkeep
|turn|26
|
|t:|1632563186
|switch|p2a: Yveltal|Yveltal|100/100
|-ability|p2a: Yveltal|Dark Aura
|move|p1a: Eternatus|Dragon Dance|p1a: Eternatus
|-boost|p1a: Eternatus|atk|0
|-boost|p1a: Eternatus|spe|0
|
|-heal|p1a: Eternatus|100/100 brn|[from] item: Leftovers
|-damage|p1a: Eternatus|94/100 brn|[from] brn
|upkeep
|turn|27
|
|t:|1632563190
|move|p1a: Eternatus|Poison Jab|p2a: Yveltal
|-damage|p2a: Yveltal|66/100
|move|p2a: Yveltal|Foul Play|p1a: Eternatus
|-damage|p1a: Eternatus|72/100 brn
|
|-heal|p1a: Eternatus|78/100 brn|[from] item: Leftovers
|-damage|p1a: Eternatus|72/100 brn|[from] brn
|upkeep
|turn|28
|
|t:|1632563199
|move|p1a: Eternatus|Poison Jab|p2a: Yveltal
|-damage|p2a: Yveltal|30/100
|-status|p2a: Yveltal|psn
|move|p2a: Yveltal|Foul Play|p1a: Eternatus
|-damage|p1a: Eternatus|52/100 brn
|
|-heal|p1a: Eternatus|58/100 brn|[from] item: Leftovers
|-damage|p2a: Yveltal|18/100 psn|[from] psn
|-damage|p1a: Eternatus|52/100 brn|[from] brn
|upkeep
|turn|29
|
|t:|1632563203
|move|p1a: Eternatus|Recover|p1a: Eternatus
|-heal|p1a: Eternatus|100/100 brn
|move|p2a: Yveltal|Foul Play|p1a: Eternatus
|-damage|p1a: Eternatus|79/100 brn
|
|-heal|p1a: Eternatus|86/100 brn|[from] item: Leftovers
|-damage|p2a: Yveltal|5/100 psn|[from] psn
|-damage|p1a: Eternatus|79/100 brn|[from] brn
|upkeep
|turn|30
|
|t:|1632563219
|move|p1a: Eternatus|Poison Jab|p2a: Yveltal
|-damage|p2a: Yveltal|0 fnt
|faint|p2a: Yveltal
|
|-heal|p1a: Eternatus|86/100 brn|[from] item: Leftovers
|-damage|p1a: Eternatus|79/100 brn|[from] brn
|upkeep
|
|t:|1632563230
|switch|p2a: Eternatus|Eternatus|91/100
|-ability|p2a: Eternatus|Pressure
|turn|31
|
|t:|1632563238
|move|p1a: Eternatus|Dragon Dance|p1a: Eternatus
|-boost|p1a: Eternatus|atk|0
|-boost|p1a: Eternatus|spe|0
|move|p2a: Eternatus|Sludge Bomb|p1a: Eternatus
|-resisted|p1a: Eternatus
|-damage|p1a: Eternatus|74/100 brn
|-damage|p2a: Eternatus|82/100|[from] item: Life Orb
|
|-heal|p1a: Eternatus|80/100 brn|[from] item: Leftovers
|-damage|p1a: Eternatus|74/100 brn|[from] brn
|upkeep
|turn|32
|
|t:|1632563244
|move|p1a: Eternatus|Dragon Dance|p1a: Eternatus
|-boost|p1a: Eternatus|atk|0
|-boost|p1a: Eternatus|spe|0
|move|p2a: Eternatus|Sludge Bomb|p1a: Eternatus
|-resisted|p1a: Eternatus
|-damage|p1a: Eternatus|68/100 brn
|-damage|p2a: Eternatus|72/100|[from] item: Life Orb
|
|-heal|p1a: Eternatus|74/100 brn|[from] item: Leftovers
|-damage|p1a: Eternatus|68/100 brn|[from] brn
|upkeep
|turn|33
|
|t:|1632563258
|move|p1a: Eternatus|Dragon Dance|p1a: Eternatus
|-boost|p1a: Eternatus|atk|0
|-boost|p1a: Eternatus|spe|0
|move|p2a: Eternatus|Flamethrower|p1a: Eternatus
|-resisted|p1a: Eternatus
|-damage|p1a: Eternatus|65/100 brn
|-damage|p2a: Eternatus|62/100|[from] item: Life Orb
|
|-heal|p1a: Eternatus|71/100 brn|[from] item: Leftovers
|-damage|p1a: Eternatus|65/100 brn|[from] brn
|upkeep
|turn|34
|
|t:|1632563264
|move|p1a: Eternatus|Dragon Dance|p1a: Eternatus
|-boost|p1a: Eternatus|atk|0
|-boost|p1a: Eternatus|spe|0
|move|p2a: Eternatus|Flamethrower|p1a: Eternatus
|-resisted|p1a: Eternatus
|-damage|p1a: Eternatus|61/100 brn
|-damage|p2a: Eternatus|52/100|[from] item: Life Orb
|
|-heal|p1a: Eternatus|67/100 brn|[from] item: Leftovers
|-damage|p1a: Eternatus|61/100 brn|[from] brn
|upkeep
|turn|35
|
|t:|1632563272
|move|p1a: Eternatus|Dragon Dance|p1a: Eternatus
|-boost|p1a: Eternatus|atk|0
|-boost|p1a: Eternatus|spe|0
|move|p2a: Eternatus|Recover|p2a: Eternatus
|-heal|p2a: Eternatus|100/100
|
|-heal|p1a: Eternatus|67/100 brn|[from] item: Leftovers
|-damage|p1a: Eternatus|61/100 brn|[from] brn
|upkeep
|turn|36
|j| AGCL3 Swastik
|
|t:|1632563294
|move|p1a: Eternatus|Dragon Dance|p1a: Eternatus
|-boost|p1a: Eternatus|atk|0
|-boost|p1a: Eternatus|spe|0
|move|p2a: Eternatus|Sludge Bomb|p1a: Eternatus
|-resisted|p1a: Eternatus
|-damage|p1a: Eternatus|55/100 brn
|-damage|p2a: Eternatus|91/100|[from] item: Life Orb
|
|-heal|p1a: Eternatus|62/100 brn|[from] item: Leftovers
|-damage|p1a: Eternatus|55/100 brn|[from] brn
|upkeep
|turn|37
|
|t:|1632563303
|move|p1a: Eternatus|Dragon Dance|p1a: Eternatus
|-boost|p1a: Eternatus|atk|0
|-boost|p1a: Eternatus|spe|0
|move|p2a: Eternatus|Flamethrower|p1a: Eternatus
|-resisted|p1a: Eternatus
|-damage|p1a: Eternatus|52/100 brn
|-damage|p2a: Eternatus|81/100|[from] item: Life Orb
|
|-heal|p1a: Eternatus|58/100 brn|[from] item: Leftovers
|-damage|p1a: Eternatus|52/100 brn|[from] brn
|upkeep
|turn|38
|
|t:|1632563316
|move|p1a: Eternatus|Recover|p1a: Eternatus
|-heal|p1a: Eternatus|100/100 brn
|move|p2a: Eternatus|Flamethrower|p1a: Eternatus
|-resisted|p1a: Eternatus
|-damage|p1a: Eternatus|97/100 brn
|-damage|p2a: Eternatus|71/100|[from] item: Life Orb
|
|-heal|p1a: Eternatus|100/100 brn|[from] item: Leftovers
|-damage|p1a: Eternatus|94/100 brn|[from] brn
|upkeep
|turn|39
|j| Adhiraj8202
|
|t:|1632563333
|move|p1a: Eternatus|Cosmic Power|p1a: Eternatus
|-boost|p1a: Eternatus|def|0
|-boost|p1a: Eternatus|spd|0
|move|p2a: Eternatus|Sludge Bomb|p1a: Eternatus
|-resisted|p1a: Eternatus
|-damage|p1a: Eternatus|88/100 brn
|-damage|p2a: Eternatus|61/100|[from] item: Life Orb
|
|-heal|p1a: Eternatus|95/100 brn|[from] item: Leftovers
|-damage|p1a: Eternatus|88/100 brn|[from] brn
|upkeep
|turn|40
|
|t:|1632563345
|move|p1a: Eternatus|Dragon Dance|p1a: Eternatus
|-boost|p1a: Eternatus|atk|0
|-boost|p1a: Eternatus|spe|0
|move|p2a: Eternatus|Sludge Bomb|p1a: Eternatus
|-resisted|p1a: Eternatus
|-damage|p1a: Eternatus|83/100 brn
|-damage|p2a: Eternatus|51/100|[from] item: Life Orb
|
|-heal|p1a: Eternatus|89/100 brn|[from] item: Leftovers
|-damage|p1a: Eternatus|83/100 brn|[from] brn
|upkeep
|turn|41
|
|t:|1632563350
|move|p1a: Eternatus|Dragon Dance|p1a: Eternatus
|-boost|p1a: Eternatus|atk|0
|-boost|p1a: Eternatus|spe|0
|move|p2a: Eternatus|Recover|p2a: Eternatus
|-heal|p2a: Eternatus|100/100
|
|-heal|p1a: Eternatus|89/100 brn|[from] item: Leftovers
|-damage|p1a: Eternatus|83/100 brn|[from] brn
|upkeep
|turn|42
|
|t:|1632563361
|move|p1a: Eternatus|Cosmic Power|p1a: Eternatus
|-boost|p1a: Eternatus|def|0
|-boost|p1a: Eternatus|spd|0
|move|p2a: Eternatus|Flamethrower|p1a: Eternatus
|-resisted|p1a: Eternatus
|-damage|p1a: Eternatus|79/100 brn
|-damage|p2a: Eternatus|91/100|[from] item: Life Orb
|
|-heal|p1a: Eternatus|86/100 brn|[from] item: Leftovers
|-damage|p1a: Eternatus|79/100 brn|[from] brn
|upkeep
|turn|43
|
|t:|1632563374
|move|p1a: Eternatus|Cosmic Power|p1a: Eternatus
|-boost|p1a: Eternatus|def|0
|-boost|p1a: Eternatus|spd|0
|move|p2a: Eternatus|Sludge Bomb|p1a: Eternatus
|-resisted|p1a: Eternatus
|-damage|p1a: Eternatus|74/100 brn
|-damage|p2a: Eternatus|81/100|[from] item: Life Orb
|
|-heal|p1a: Eternatus|80/100 brn|[from] item: Leftovers
|-damage|p1a: Eternatus|74/100 brn|[from] brn
|upkeep
|turn|44
|
|t:|1632563391
|move|p1a: Eternatus|Cosmic Power|p1a: Eternatus
|-boost|p1a: Eternatus|def|0
|-boost|p1a: Eternatus|spd|0
|move|p2a: Eternatus|Flamethrower|p1a: Eternatus
|-resisted|p1a: Eternatus
|-damage|p1a: Eternatus|71/100 brn
|-damage|p2a: Eternatus|71/100|[from] item: Life Orb
|
|-heal|p1a: Eternatus|77/100 brn|[from] item: Leftovers
|-damage|p1a: Eternatus|71/100 brn|[from] brn
|upkeep
|turn|45
|
|t:|1632563400
|move|p1a: Eternatus|Dragon Dance|p1a: Eternatus
|-boost|p1a: Eternatus|atk|0
|-boost|p1a: Eternatus|spe|0
|move|p2a: Eternatus|Recover|p2a: Eternatus
|-heal|p2a: Eternatus|100/100
|
|-heal|p1a: Eternatus|77/100 brn|[from] item: Leftovers
|-damage|p1a: Eternatus|71/100 brn|[from] brn
|upkeep
|turn|46
|
|t:|1632563406
|move|p1a: Eternatus|Poison Jab|p2a: Eternatus
|-resisted|p2a: Eternatus
|-damage|p2a: Eternatus|80/100
|move|p2a: Eternatus|Flamethrower|p1a: Eternatus
|-resisted|p1a: Eternatus
|-damage|p1a: Eternatus|67/100 brn
|-damage|p2a: Eternatus|70/100|[from] item: Life Orb
|
|-heal|p1a: Eternatus|73/100 brn|[from] item: Leftovers
|-damage|p1a: Eternatus|67/100 brn|[from] brn
|upkeep
|turn|47
|
|t:|1632563414
|move|p1a: Eternatus|Dragon Dance|p1a: Eternatus
|-boost|p1a: Eternatus|atk|0
|-boost|p1a: Eternatus|spe|0
|move|p2a: Eternatus|Recover|p2a: Eternatus
|-heal|p2a: Eternatus|100/100
|
|-heal|p1a: Eternatus|73/100 brn|[from] item: Leftovers
|-damage|p1a: Eternatus|67/100 brn|[from] brn
|upkeep
|turn|48
|
|t:|1632563417
|move|p1a: Eternatus|Dragon Dance|p1a: Eternatus
|-boost|p1a: Eternatus|atk|0
|-boost|p1a: Eternatus|spe|0
|move|p2a: Eternatus|Sludge Bomb|p1a: Eternatus
|-resisted|p1a: Eternatus
|-damage|p1a: Eternatus|61/100 brn
|-damage|p2a: Eternatus|91/100|[from] item: Life Orb
|
|-heal|p1a: Eternatus|68/100 brn|[from] item: Leftovers
|-damage|p1a: Eternatus|61/100 brn|[from] brn
|upkeep
|turn|49
|
|t:|1632563426
|move|p1a: Eternatus|Cosmic Power|p1a: Eternatus
|-boost|p1a: Eternatus|def|0
|-boost|p1a: Eternatus|spd|0
|move|p2a: Eternatus|Sludge Bomb|p1a: Eternatus
|-resisted|p1a: Eternatus
|-damage|p1a: Eternatus|56/100 brn
|-damage|p2a: Eternatus|81/100|[from] item: Life Orb
|
|-heal|p1a: Eternatus|62/100 brn|[from] item: Leftovers
|-damage|p1a: Eternatus|56/100 brn|[from] brn
|upkeep
|turn|50
|
|t:|1632563429
|move|p1a: Eternatus|Cosmic Power|p1a: Eternatus
|-boost|p1a: Eternatus|def|0
|-boost|p1a: Eternatus|spd|0
|move|p2a: Eternatus|Flamethrower|p1a: Eternatus
|-resisted|p1a: Eternatus
|-damage|p1a: Eternatus|53/100 brn
|-damage|p2a: Eternatus|71/100|[from] item: Life Orb
|
|-heal|p1a: Eternatus|59/100 brn|[from] item: Leftovers
|-damage|p1a: Eternatus|53/100 brn|[from] brn
|upkeep
|turn|51
|
|t:|1632563440
|move|p1a: Eternatus|Dragon Dance|p1a: Eternatus
|-boost|p1a: Eternatus|atk|0
|-boost|p1a: Eternatus|spe|0
|move|p2a: Eternatus|Flamethrower|p1a: Eternatus
|-resisted|p1a: Eternatus
|-damage|p1a: Eternatus|49/100 brn
|-damage|p2a: Eternatus|61/100|[from] item: Life Orb
|
|-heal|p1a: Eternatus|55/100 brn|[from] item: Leftovers
|-damage|p1a: Eternatus|49/100 brn|[from] brn
|upkeep
|turn|52
|
|t:|1632563447
|move|p1a: Eternatus|Recover|p1a: Eternatus
|-heal|p1a: Eternatus|99/100 brn
|move|p2a: Eternatus|Recover|p2a: Eternatus
|-heal|p2a: Eternatus|100/100
|
|-heal|p1a: Eternatus|100/100 brn|[from] item: Leftovers
|-damage|p1a: Eternatus|94/100 brn|[from] brn
|upkeep
|turn|53
|inactive|soviet glonk has 120 seconds left.
|inactive|soviet glonk has 90 seconds left.
|inactive|soviet glonk has 60 seconds left.
|inactive|soviet glonk has 30 seconds left.
|c|☆AceTrainerLavinia|uhh
|inactive|soviet glonk has 20 seconds left.
|c|☆AceTrainerLavinia|is he timerstalling?
|inactive|soviet glonk has 15 seconds left.
|inactive|soviet glonk has 10 seconds left.
|l|☆soviet glonk
|inactive|soviet glonk disconnected and has a minute to reconnect!
|player|p2|
|inactive|soviet glonk has 5 seconds left.
|c|☆AceTrainerLavinia|Well then
|-message|soviet glonk lost due to inactivity.
|
|win|AceTrainerLavinia
|raw|AceTrainerLavinia's rating: 1454 &rarr; <strong>1486</strong><br />(+32 for winning)
|raw|soviet glonk's rating: 1690 &rarr; <strong>1658</strong><br />(-32 for losing)
|l| Adhiraj8202
|c|☆AceTrainerLavinia|I'll take it
