|j|☆Chayel
|j|☆Double Sundae
|t:|1619209772
|gametype|singles
|player|p1|Chayel|swimmerf-gen4|1741
|player|p2|Double Sundae|clerkf|1617
|teamsize|p1|6
|teamsize|p2|6
|gen|8
|tier|[Gen 8] National Dex AG
|rated|
|clearpoke
|poke|p1|Zacian-Crowned|
|poke|p1|Calyrex-Shadow|
|poke|p1|Xerneas|
|poke|p1|Yveltal|
|poke|p1|Rayquaza|
|poke|p1|Chansey, F|
|poke|p2|Zacian-Crowned|
|poke|p2|Calyrex-Shadow|
|poke|p2|Rayquaza|
|poke|p2|Deoxys-Speed|
|poke|p2|Ho-Oh|
|poke|p2|Ditto|
|rule|HP Percentage Mod: HP is shown in percentages
|rule|Endless Battle Clause: Forcing endless battles is banned
|teampreview
|inactive|Battle timer is ON: inactive players will automatically lose when time's up. (requested by Double Sundae)
|
|t:|1619209779
|start
|switch|p1a: Rayquaza|Rayquaza|100/100
|switch|p2a: Deoxys|Deoxys-Speed|100/100
|-ability|p2a: Deoxys|Pressure
|-ability|p1a: Rayquaza|Air Lock
|turn|1
|
|t:|1619209787
|detailschange|p1a: Rayquaza|Rayquaza-Mega
|-mega|p1a: Rayquaza|Rayquaza|
|-weather|DeltaStream|[from] ability: Delta Stream|[of] p1a: Rayquaza
|move|p1a: Rayquaza|Extreme Speed|p2a: Deoxys
|-damage|p2a: Deoxys|52/100
|move|p2a: Deoxys|Stealth Rock|p1a: Rayquaza
|-sidestart|p1: Chayel|move: Stealth Rock
|
|-weather|DeltaStream|[upkeep]
|upkeep
|turn|2
|j| Strike G
|
|t:|1619209796
|move|p2a: Deoxys|Knock Off|p1a: Rayquaza
|-damage|p1a: Rayquaza|80/100
|-enditem|p1a: Rayquaza|Focus Sash|[from] move: Knock Off|[of] p2a: Deoxys
|move|p1a: Rayquaza|Dragon Dance|p1a: Rayquaza
|-boost|p1a: Rayquaza|atk|1
|-boost|p1a: Rayquaza|spe|1
|
|-weather|DeltaStream|[upkeep]
|upkeep
|turn|3
|j| Beatboxing_Phantom
|
|t:|1619209799
|move|p1a: Rayquaza|Extreme Speed|p2a: Deoxys
|-damage|p2a: Deoxys|0 fnt
|faint|p2a: Deoxys
|
|-weather|DeltaStream|[upkeep]
|upkeep
|
|t:|1619209807
|switch|p2a: Ditto|Ditto|100/100
|-transform|p2a: Ditto|p1a: Rayquaza|[from] ability: Imposter
|turn|4
|
|t:|1619209811
|move|p1a: Rayquaza|Extreme Speed|p2a: Ditto
|-damage|p2a: Ditto|33/100
|move|p2a: Ditto|Dragon Ascent|p1a: Rayquaza
|-damage|p1a: Rayquaza|0 fnt
|-unboost|p2a: Ditto|def|1
|-unboost|p2a: Ditto|spd|1
|faint|p1a: Rayquaza
|
|-weather|DeltaStream|[upkeep]
|upkeep
|
|t:|1619209820
|switch|p1a: Zacian|Zacian-Crowned|100/100
|-damage|p1a: Zacian|94/100|[from] Stealth Rock
|-ability|p1a: Zacian|Intrepid Sword|boost
|-boost|p1a: Zacian|atk|1
|turn|5
|
|t:|1619209838
|-weather|none
|switch|p2a: Ho-Oh|Ho-Oh|100/100
|switch|p1a: Yveltal|Yveltal|100/100
|-damage|p1a: Yveltal|75/100|[from] Stealth Rock
|-ability|p1a: Yveltal|Dark Aura
|
|upkeep
|turn|6
|
|t:|1619209852
|move|p1a: Yveltal|Defog|p2a: Ho-Oh
|-unboost|p2a: Ho-Oh|evasion|1
|-sideend|p1: Chayel|Stealth Rock|[from] move: Defog|[of] p1a: Yveltal
|move|p2a: Ho-Oh|Toxic|p1a: Yveltal
|-status|p1a: Yveltal|tox
|
|-damage|p1a: Yveltal|69/100 tox|[from] psn
|upkeep
|turn|7
|
|t:|1619209860
|switch|p1a: Chansey|Chansey, F|100/100
|move|p2a: Ho-Oh|Sacred Fire|p1a: Chansey
|-damage|p1a: Chansey|37/100
|-status|p1a: Chansey|brn
|
|-damage|p1a: Chansey|31/100 brn|[from] brn
|upkeep
|turn|8
|
|t:|1619209864
|move|p2a: Ho-Oh|Sacred Fire|p1a: Chansey
|-damage|p1a: Chansey|0 fnt
|faint|p1a: Chansey
|
|upkeep
|
|t:|1619209873
|switch|p1a: Calyrex|Calyrex-Shadow|100/100
|-ability|p1a: Calyrex|As One
|-ability|p1a: Calyrex|Unnerve
|turn|9
|
|t:|1619209882
|-start|p1a: Calyrex|Dynamax
|-heal|p1a: Calyrex|100/100|[silent]
|move|p1a: Calyrex|Max Phantasm|p2a: Ho-Oh
|-crit|p2a: Ho-Oh
|-damage|p2a: Ho-Oh|45/100
|-unboost|p2a: Ho-Oh|def|1
|move|p2a: Ho-Oh|Toxic|p1a: Calyrex
|-status|p1a: Calyrex|tox
|
|-damage|p1a: Calyrex|97/100 tox|[from] psn
|upkeep
|turn|10
|
|t:|1619209889
|move|p1a: Calyrex|Max Phantasm|p2a: Ho-Oh
|-damage|p2a: Ho-Oh|7/100
|-unboost|p2a: Ho-Oh|def|1
|move|p2a: Ho-Oh|Recover|p2a: Ho-Oh
|-heal|p2a: Ho-Oh|57/100
|
|-damage|p1a: Calyrex|91/100 tox|[from] psn
|upkeep
|turn|11
|
|t:|1619209893
|move|p1a: Calyrex|Max Phantasm|p2a: Ho-Oh
|-damage|p2a: Ho-Oh|15/100
|-unboost|p2a: Ho-Oh|def|1
|move|p2a: Ho-Oh|Recover|p2a: Ho-Oh
|-heal|p2a: Ho-Oh|65/100
|
|-damage|p1a: Calyrex|82/100 tox|[from] psn
|-end|p1a: Calyrex|Dynamax
|-heal|p1a: Calyrex|82/100 tox|[silent]
|upkeep
|turn|12
|
|t:|1619209897
|move|p1a: Calyrex|Astral Barrage|p2a: Ho-Oh
|-damage|p2a: Ho-Oh|29/100
|move|p2a: Ho-Oh|Sacred Fire|p1a: Calyrex
|-damage|p1a: Calyrex|19/100 tox
|
|-damage|p1a: Calyrex|0 fnt|[from] psn
|faint|p1a: Calyrex
|upkeep
|
|t:|1619209903
|switch|p1a: Yveltal|Yveltal|69/100 tox
|-ability|p1a: Yveltal|Dark Aura
|turn|13
|
|t:|1619209908
|move|p1a: Yveltal|Oblivion Wing|p2a: Ho-Oh
|-damage|p2a: Ho-Oh|9/100
|-heal|p1a: Yveltal|83/100 tox|[from] drain|[of] p2a: Ho-Oh
|move|p2a: Ho-Oh|Sacred Fire|p1a: Yveltal
|-damage|p1a: Yveltal|52/100 tox
|
|-damage|p1a: Yveltal|46/100 tox|[from] psn
|upkeep
|turn|14
|
|t:|1619209911
|switch|p2a: Zacian|Zacian-Crowned|100/100
|-ability|p2a: Zacian|Intrepid Sword|boost
|-boost|p2a: Zacian|atk|1
|move|p1a: Yveltal|Oblivion Wing|p2a: Zacian
|-resisted|p2a: Zacian
|-damage|p2a: Zacian|82/100
|-heal|p1a: Yveltal|56/100 tox|[from] drain|[of] p2a: Zacian
|
|-damage|p1a: Yveltal|43/100 tox|[from] psn
|upkeep
|turn|15
|
|t:|1619209914
|move|p2a: Zacian|Behemoth Blade|p1a: Yveltal
|-damage|p1a: Yveltal|0 fnt
|faint|p1a: Yveltal
|
|upkeep
|
|t:|1619209917
|switch|p1a: Zacian|Zacian-Crowned|94/100
|-ability|p1a: Zacian|Intrepid Sword|boost
|-boost|p1a: Zacian|atk|1
|turn|16
|
|t:|1619209919
|move|p1a: Zacian|Behemoth Blade|p2a: Zacian
|-damage|p2a: Zacian|0 fnt
|faint|p2a: Zacian
|
|upkeep
|
|t:|1619209921
|switch|p2a: Ditto|Ditto|33/100
|-transform|p2a: Ditto|p1a: Zacian|[from] ability: Imposter
|-ability|p2a: Ditto|Intrepid Sword|boost
|-boost|p2a: Ditto|atk|1
|turn|17
|
|t:|1619209923
|move|p2a: Ditto|Behemoth Blade|p1a: Zacian
|-crit|p1a: Zacian
|-damage|p1a: Zacian|0 fnt
|faint|p1a: Zacian
|
|upkeep
|
|t:|1619209925
|switch|p1a: Xerneas|Xerneas|100/100
|-ability|p1a: Xerneas|Fairy Aura
|turn|18
|
|t:|1619209928
|move|p2a: Ditto|Behemoth Blade|p1a: Xerneas
|-supereffective|p1a: Xerneas
|-damage|p1a: Xerneas|0 fnt
|faint|p1a: Xerneas
|
|win|Double Sundae
|raw|Chayel's rating: 1741 &rarr; <strong>1714</strong><br />(-27 for losing)
|raw|Double Sundae's rating: 1617 &rarr; <strong>1644</strong><br />(+27 for winning)
|l|☆Chayel
