|j|☆Gen8WasAMistake
|j|☆Hogwashimperial
|player|p1|Gen8WasAMistake|boarder|1776
|player|p2|Hogwashimperial|swimmer-gen4dp|1501
|teamsize|p1|6
|teamsize|p2|6
|gametype|singles
|gen|8
|tier|[Gen 8] National Dex AG
|rated|
|clearpoke
|poke|p1|Deoxys-Speed|
|poke|p1|Eternatus|
|poke|p1|Zacian-Crowned|
|poke|p1|Yveltal|
|poke|p1|Rayquaza|
|poke|p1|Ditto|
|poke|p2|Rayquaza|
|poke|p2|Zacian-Crowned|
|poke|p2|Groudon|
|poke|p2|Smeargle, M|
|poke|p2|Necrozma-Dusk-Mane|
|poke|p2|Lugia|
|rule|HP Percentage Mod: HP is shown in percentages
|rule|Endless Battle Clause: Forcing endless battles is banned
|teampreview
|
|start
|switch|p1a: Deoxys|Deoxys-Speed|100/100
|switch|p2a: Smeargle|Smeargle, M|100/100
|-ability|p1a: Deoxys|Pressure
|turn|1
|
|move|p2a: Smeargle|Magic Coat|p2a: Smeargle
|-singleturn|p2a: Smeargle|move: Magic Coat
|move|p1a: Deoxys|Stealth Rock|p2a: Smeargle
|move|p2a: Smeargle|Stealth Rock|p1a: Deoxys|[from]Magic Coat
|-sidestart|p1: Gen8WasAMistake|move: Stealth Rock
|
|-ability|p2a: Smeargle|Moody|boost
|-boost|p2a: Smeargle|spa|2
|-unboost|p2a: Smeargle|atk|1
|upkeep
|turn|2
|
|move|p1a: Deoxys|Magic Coat|p1a: Deoxys
|-singleturn|p1a: Deoxys|move: Magic Coat
|move|p2a: Smeargle|Magic Coat|p2a: Smeargle
|-singleturn|p2a: Smeargle|move: Magic Coat
|
|-ability|p2a: Smeargle|Moody|boost
|-boost|p2a: Smeargle|spd|2
|-unboost|p2a: Smeargle|spa|1
|upkeep
|turn|3
|
|move|p1a: Deoxys|Magic Coat|p1a: Deoxys
|-singleturn|p1a: Deoxys|move: Magic Coat
|move|p2a: Smeargle|Magic Coat|p2a: Smeargle
|-singleturn|p2a: Smeargle|move: Magic Coat
|
|-ability|p2a: Smeargle|Moody|boost
|-boost|p2a: Smeargle|spa|2
|-unboost|p2a: Smeargle|def|1
|upkeep
|turn|4
|
|move|p1a: Deoxys|Magic Coat|p1a: Deoxys
|-singleturn|p1a: Deoxys|move: Magic Coat
|move|p2a: Smeargle|Magic Coat|p2a: Smeargle
|-singleturn|p2a: Smeargle|move: Magic Coat
|
|-ability|p2a: Smeargle|Moody|boost
|-boost|p2a: Smeargle|spe|2
|-unboost|p2a: Smeargle|spd|1
|upkeep
|turn|5
|
|move|p2a: Smeargle|Magic Coat|p2a: Smeargle
|-singleturn|p2a: Smeargle|move: Magic Coat
|move|p1a: Deoxys|Stealth Rock|p2a: Smeargle
|move|p2a: Smeargle|Stealth Rock||[from]Magic Coat|[still]
|-fail|p2a: Smeargle
|
|-ability|p2a: Smeargle|Moody|boost
|-boost|p2a: Smeargle|atk|2
|-unboost|p2a: Smeargle|spa|1
|upkeep
|turn|6
|
|move|p2a: Smeargle|Magic Coat|p2a: Smeargle
|-singleturn|p2a: Smeargle|move: Magic Coat
|move|p1a: Deoxys|Magic Coat|p1a: Deoxys
|-singleturn|p1a: Deoxys|move: Magic Coat
|
|-ability|p2a: Smeargle|Moody|boost
|-boost|p2a: Smeargle|spd|2
|-unboost|p2a: Smeargle|spe|1
|upkeep
|turn|7
|
|move|p1a: Deoxys|Magic Coat|p1a: Deoxys
|-singleturn|p1a: Deoxys|move: Magic Coat
|move|p2a: Smeargle|Magic Coat|p2a: Smeargle
|-singleturn|p2a: Smeargle|move: Magic Coat
|
|-ability|p2a: Smeargle|Moody|boost
|-boost|p2a: Smeargle|spd|2
|-unboost|p2a: Smeargle|def|1
|upkeep
|turn|8
|
|move|p1a: Deoxys|Magic Coat|p1a: Deoxys
|-singleturn|p1a: Deoxys|move: Magic Coat
|move|p2a: Smeargle|Magic Coat|p2a: Smeargle
|-singleturn|p2a: Smeargle|move: Magic Coat
|
|-ability|p2a: Smeargle|Moody|boost
|-boost|p2a: Smeargle|atk|2
|-unboost|p2a: Smeargle|def|1
|upkeep
|turn|9
|
|move|p1a: Deoxys|Magic Coat|p1a: Deoxys
|-singleturn|p1a: Deoxys|move: Magic Coat
|move|p2a: Smeargle|Magic Coat|p2a: Smeargle
|-singleturn|p2a: Smeargle|move: Magic Coat
|
|-ability|p2a: Smeargle|Moody|boost
|-boost|p2a: Smeargle|def|2
|-unboost|p2a: Smeargle|spe|1
|upkeep
|turn|10
|
|move|p1a: Deoxys|Magic Coat|p1a: Deoxys
|-singleturn|p1a: Deoxys|move: Magic Coat
|move|p2a: Smeargle|Magic Coat|p2a: Smeargle
|-singleturn|p2a: Smeargle|move: Magic Coat
|
|-ability|p2a: Smeargle|Moody|boost
|-boost|p2a: Smeargle|atk|2
|-unboost|p2a: Smeargle|def|1
|upkeep
|turn|11
|
|move|p1a: Deoxys|Magic Coat|p1a: Deoxys
|-singleturn|p1a: Deoxys|move: Magic Coat
|move|p2a: Smeargle|Magic Coat|p2a: Smeargle
|-singleturn|p2a: Smeargle|move: Magic Coat
|
|-ability|p2a: Smeargle|Moody|boost
|-boost|p2a: Smeargle|def|2
|-unboost|p2a: Smeargle|spd|1
|upkeep
|turn|12
|
|move|p1a: Deoxys|Magic Coat|p1a: Deoxys
|-singleturn|p1a: Deoxys|move: Magic Coat
|move|p2a: Smeargle|Shell Smash|p2a: Smeargle
|-unboost|p2a: Smeargle|def|1
|-unboost|p2a: Smeargle|spd|1
|-boost|p2a: Smeargle|atk|1
|-boost|p2a: Smeargle|spa|2
|-boost|p2a: Smeargle|spe|2
|
|-ability|p2a: Smeargle|Moody|boost
|-boost|p2a: Smeargle|spe|2
|-unboost|p2a: Smeargle|spd|1
|upkeep
|turn|13
|
|move|p2a: Smeargle|Magic Coat|p2a: Smeargle
|-singleturn|p2a: Smeargle|move: Magic Coat
|move|p1a: Deoxys|Magic Coat|p1a: Deoxys
|-singleturn|p1a: Deoxys|move: Magic Coat
|
|-ability|p2a: Smeargle|Moody|boost
|-boost|p2a: Smeargle|spe|2
|-unboost|p2a: Smeargle|spd|1
|upkeep
|turn|14
|
|move|p2a: Smeargle|Magic Coat|p2a: Smeargle
|-singleturn|p2a: Smeargle|move: Magic Coat
|move|p1a: Deoxys|Stealth Rock|p2a: Smeargle
|move|p2a: Smeargle|Stealth Rock||[from]Magic Coat|[still]
|-fail|p2a: Smeargle
|
|-ability|p2a: Smeargle|Moody|boost
|-boost|p2a: Smeargle|spd|2
|-unboost|p2a: Smeargle|def|1
|upkeep
|turn|15
|
|move|p2a: Smeargle|Magic Coat|p2a: Smeargle
|-singleturn|p2a: Smeargle|move: Magic Coat
|move|p1a: Deoxys|Magic Coat|p1a: Deoxys
|-singleturn|p1a: Deoxys|move: Magic Coat
|
|-ability|p2a: Smeargle|Moody|boost
|-boost|p2a: Smeargle|def|2
|-unboost|p2a: Smeargle|spe|1
|upkeep
|turn|16
|
|move|p2a: Smeargle|Magic Coat|p2a: Smeargle
|-singleturn|p2a: Smeargle|move: Magic Coat
|move|p1a: Deoxys|Magic Coat|p1a: Deoxys
|-singleturn|p1a: Deoxys|move: Magic Coat
|
|-ability|p2a: Smeargle|Moody|boost
|-boost|p2a: Smeargle|def|2
|-unboost|p2a: Smeargle|atk|1
|upkeep
|turn|17
|
|move|p2a: Smeargle|Magic Coat|p2a: Smeargle
|-singleturn|p2a: Smeargle|move: Magic Coat
|move|p1a: Deoxys|Stealth Rock|p2a: Smeargle
|move|p2a: Smeargle|Stealth Rock||[from]Magic Coat|[still]
|-fail|p2a: Smeargle
|
|-ability|p2a: Smeargle|Moody|boost
|-boost|p2a: Smeargle|atk|1
|-unboost|p2a: Smeargle|def|1
|upkeep
|turn|18
|
|move|p2a: Smeargle|Magic Coat|p2a: Smeargle
|-singleturn|p2a: Smeargle|move: Magic Coat
|move|p1a: Deoxys|Magic Coat|p1a: Deoxys
|-singleturn|p1a: Deoxys|move: Magic Coat
|
|-ability|p2a: Smeargle|Moody|boost
|-boost|p2a: Smeargle|spd|2
|-unboost|p2a: Smeargle|spa|1
|upkeep
|turn|19
|
|move|p2a: Smeargle|Magic Coat|p2a: Smeargle
|-singleturn|p2a: Smeargle|move: Magic Coat
|move|p1a: Deoxys|Magic Coat|p1a: Deoxys
|-singleturn|p1a: Deoxys|move: Magic Coat
|
|-ability|p2a: Smeargle|Moody|boost
|-boost|p2a: Smeargle|spd|1
|-unboost|p2a: Smeargle|spa|1
|upkeep
|turn|20
|
|move|p2a: Smeargle|Spore|p1a: Deoxys
|-status|p1a: Deoxys|slp|[from] move: Spore
|cant|p1a: Deoxys|slp
|
|-ability|p2a: Smeargle|Moody|boost
|-boost|p2a: Smeargle|spe|1
|-unboost|p2a: Smeargle|spd|1
|upkeep
|turn|21
|
|cant|p1a: Deoxys|slp
|move|p2a: Smeargle|Baton Pass|p2a: Smeargle
|
|switch|p2a: Necrozma|Necrozma-Dusk-Mane|100/100|[from]move: Baton Pass
|
|upkeep
|turn|22
|
|move|p2a: Necrozma|Photon Geyser|p1a: Deoxys
|-resisted|p1a: Deoxys
|-enditem|p1a: Deoxys|Focus Sash
|-damage|p1a: Deoxys|1/100 slp
|-curestatus|p1a: Deoxys|slp|[msg]
|move|p1a: Deoxys|Stealth Rock|p2a: Necrozma
|-sidestart|p2: Hogwashimperial|move: Stealth Rock
|
|upkeep
|turn|23
|
|move|p2a: Necrozma|Photon Geyser|p1a: Deoxys
|-resisted|p1a: Deoxys
|-damage|p1a: Deoxys|0 fnt
|faint|p1a: Deoxys
|
|upkeep
|
|switch|p1a: Ditto|Ditto|100/100
|-damage|p1a: Ditto|88/100|[from] Stealth Rock
|-transform|p1a: Ditto|p2a: Necrozma|[from] ability: Imposter
|turn|24
|
|-start|p1a: Ditto|Dynamax
|-heal|p1a: Ditto|88/100|[silent]
|move|p2a: Necrozma|Sunsteel Strike|p1a: Ditto
|-resisted|p1a: Ditto
|-damage|p1a: Ditto|54/100
|move|p1a: Ditto|Max Steelspike|p2a: Necrozma
|-resisted|p2a: Necrozma
|-damage|p2a: Necrozma|9/100
|-boost|p1a: Ditto|def|1
|
|upkeep
|turn|25
|
|detailschange|p2a: Necrozma|Necrozma-Ultra
|-burst|p2a: Necrozma|Necrozma|Ultranecrozium Z
|move|p2a: Necrozma|Outrage|p1a: Ditto
|-resisted|p1a: Ditto
|-damage|p1a: Ditto|16/100
|move|p1a: Ditto|Max Steelspike|p2a: Necrozma
|-damage|p2a: Necrozma|0 fnt
|-boost|p1a: Ditto|def|1
|faint|p2a: Necrozma
|
|upkeep
|
|switch|p2a: Rayquaza|Rayquaza|100/100
|-damage|p2a: Rayquaza|76/100|[from] Stealth Rock
|-ability|p2a: Rayquaza|Air Lock
|turn|26
|
|detailschange|p2a: Rayquaza|Rayquaza-Mega
|-mega|p2a: Rayquaza|Rayquaza|
|-weather|DeltaStream|[from] ability: Delta Stream|[of] p2a: Rayquaza
|move|p2a: Rayquaza|Extreme Speed|p1a: Ditto
|-resisted|p1a: Ditto
|-damage|p1a: Ditto|12/100
|-damage|p2a: Rayquaza|66/100|[from] item: Life Orb
|move|p1a: Ditto|Max Mindstorm|p2a: Rayquaza
|-damage|p2a: Rayquaza|0 fnt
|-fieldstart|move: Psychic Terrain
|faint|p2a: Rayquaza
|-weather|none
|
|-end|p1a: Ditto|Dynamax
|-heal|p1a: Ditto|12/100|[silent]
|upkeep
|
|switch|p2a: Lugia|Lugia|100/100
|-ability|p2a: Lugia|Pressure
|turn|27
|
|move|p1a: Ditto|Sunsteel Strike|p2a: Lugia
|-damage|p2a: Lugia|0 fnt
|faint|p2a: Lugia
|
|upkeep
|inactive|Battle timer is ON: inactive players will automatically lose when time's up. (requested by Gen8WasAMistake)
|-message|Hogwashimperial forfeited.
|
|win|Gen8WasAMistake
|l|☆Hogwashimperial
|raw|Gen8WasAMistake's rating: 1776 &rarr; <strong>1783</strong><br />(+7 for winning)
|raw|Hogwashimperial's rating: 1501 &rarr; <strong>1494</strong><br />(-7 for losing)
