|j|☆Platinum1109
|j|☆Nobodi_Nowan
|t:|1655305821
|gametype|singles
|player|p1|Platinum1109|169|1546
|player|p2|Nobodi_Nowan|acerola|1776
|teamsize|p1|6
|teamsize|p2|6
|gen|8
|tier|[Gen 8] National Dex AG
|rated|
|rule|HP Percentage Mod: HP is shown in percentages
|rule|Endless Battle Clause: Forcing endless battles is banned
|clearpoke
|poke|p1|Smeargle, M|
|poke|p1|Vivillon, F|
|poke|p1|Xerneas-*|
|poke|p1|Landorus-Therian, M|
|poke|p1|Arceus-*|
|poke|p1|Kartana|
|poke|p2|Forretress, M|
|poke|p2|Arceus-*|
|poke|p2|Kyogre|
|poke|p2|Calyrex-Shadow|
|poke|p2|Zacian-*|
|poke|p2|Rayquaza|
|teampreview
|inactive|Battle timer is ON: inactive players will automatically lose when time's up. (requested by Platinum1109)
|
|t:|1655305827
|start
|switch|p1a: Smeargle|Smeargle, M|100/100
|switch|p2a: Zacian|Zacian-Crowned, shiny|100/100
|-ability|p2a: Zacian|Intrepid Sword|boost
|-boost|p2a: Zacian|atk|1
|turn|1
|
|t:|1655305837
|move|p2a: Zacian|Substitute|p2a: Zacian
|-start|p2a: Zacian|Substitute
|-damage|p2a: Zacian|76/100
|move|p1a: Smeargle|Sticky Web|p2a: Zacian
|-sidestart|p2: Nobodi_Nowan|move: Sticky Web
|
|-ability|p1a: Smeargle|Moody|boost
|-boost|p1a: Smeargle|spa|2
|-unboost|p1a: Smeargle|spd|1
|upkeep
|turn|2
|
|t:|1655305854
|move|p2a: Zacian|Behemoth Blade|p1a: Smeargle
|-enditem|p1a: Smeargle|Focus Sash
|-damage|p1a: Smeargle|1/100
|move|p1a: Smeargle|Nuzzle|p2a: Zacian
|-activate|p2a: Zacian|move: Substitute|[damage]
|
|-ability|p1a: Smeargle|Moody|boost
|-boost|p1a: Smeargle|spd|2
|-unboost|p1a: Smeargle|def|1
|upkeep
|turn|3
|
|t:|1655305867
|move|p2a: Zacian|Behemoth Blade|p1a: Smeargle
|-damage|p1a: Smeargle|0 fnt
|faint|p1a: Smeargle
|
|upkeep
|j| Farce Of The Death
|
|t:|1655305887
|switch|p1a: Landorus|Landorus-Therian, M|100/100
|-ability|p1a: Landorus|Intimidate|boost
|-immune|p2a: Zacian
|turn|4
|
|t:|1655305892
|move|p2a: Zacian|Behemoth Blade|p1a: Landorus
|-enditem|p1a: Landorus|Focus Sash
|-damage|p1a: Landorus|1/100
|move|p1a: Landorus|Stealth Rock|p2a: Zacian
|-sidestart|p2: Nobodi_Nowan|move: Stealth Rock
|
|upkeep
|turn|5
|
|t:|1655305904
|move|p2a: Zacian|Behemoth Blade|p1a: Landorus
|-damage|p1a: Landorus|0 fnt
|faint|p1a: Landorus
|
|upkeep
|
|t:|1655305913
|switch|p1a: Arceus|Arceus-Ghost|100/100
|turn|6
|
|t:|1655305919
|move|p2a: Zacian|Behemoth Blade|p1a: Arceus
|-damage|p1a: Arceus|28/100
|move|p1a: Arceus|Shadow Force||[still]
|-prepare|p1a: Arceus|Shadow Force
|
|upkeep
|turn|7
|
|t:|1655305929
|move|p2a: Zacian|Substitute|p2a: Zacian
|-fail|p2a: Zacian|move: Substitute
|move|p1a: Arceus|Shadow Force|p2a: Zacian|[from]lockedmove
|-end|p2a: Zacian|Substitute
|
|upkeep
|turn|8
|
|t:|1655305945
|move|p1a: Arceus|Extreme Speed|p2a: Zacian
|-resisted|p2a: Zacian
|-damage|p2a: Zacian|62/100
|move|p2a: Zacian|Behemoth Blade|p1a: Arceus
|-damage|p1a: Arceus|0 fnt
|faint|p1a: Arceus
|
|upkeep
|
|t:|1655305957
|switch|p1a: Kartana|Kartana|100/100
|turn|9
|inactive|Platinum1109 has 120 seconds left.
|
|t:|1655305985
|move|p2a: Zacian|Close Combat|p1a: Kartana
|-supereffective|p1a: Kartana
|-damage|p1a: Kartana|0 fnt
|-unboost|p2a: Zacian|def|1
|-unboost|p2a: Zacian|spd|1
|faint|p1a: Kartana
|
|upkeep
|
|t:|1655305992
|switch|p1a: Xerneas|Xerneas|100/100
|-ability|p1a: Xerneas|Fairy Aura
|turn|10
|inactive|Platinum1109 has 120 seconds left.
|
|t:|1655305998
|move|p2a: Zacian|Behemoth Blade|p1a: Xerneas
|-supereffective|p1a: Xerneas
|-damage|p1a: Xerneas|0 fnt
|faint|p1a: Xerneas
|
|upkeep
|inactive|Platinum1109 has 120 seconds left.
|
|t:|1655306004
|switch|p1a: Vivillon|Vivillon, F|100/100
|turn|11
|
|t:|1655306007
|move|p2a: Zacian|Substitute|p2a: Zacian
|-start|p2a: Zacian|Substitute
|-damage|p2a: Zacian|37/100
|move|p1a: Vivillon|Sleep Powder||[still]
|-fail|p1a: Vivillon
|
|upkeep
|turn|12
|
|t:|1655306014
|move|p2a: Zacian|Behemoth Blade|p1a: Vivillon
|-crit|p1a: Vivillon
|-damage|p1a: Vivillon|0 fnt
|faint|p1a: Vivillon
|
|win|Nobodi_Nowan
|raw|Platinum1109's rating: 1546 &rarr; <strong>1538</strong><br />(-8 for losing)
|raw|Nobodi_Nowan's rating: 1776 &rarr; <strong>1784</strong><br />(+8 for winning)
|l|☆Platinum1109
|c|☆Nobodi_Nowan|gg
