|j|☆Byaakuya
|j|☆mardydu
|t:|1667512747
|gametype|singles
|player|p1|Byaakuya|unknownf|1809
|player|p2|mardydu|boarder|1780
|teamsize|p1|6
|teamsize|p2|6
|gen|8
|tier|[Gen 8] National Dex AG
|rated|
|rule|HP Percentage Mod: HP is shown in percentages
|rule|Endless Battle Clause: Forcing endless battles is banned
|clearpoke
|poke|p1|Deoxys-Speed|
|poke|p1|Arceus-*|
|poke|p1|Yveltal|
|poke|p1|Rayquaza|
|poke|p1|Arceus-*|
|poke|p1|Necrozma-Dusk-Mane|
|poke|p2|Arceus-*|
|poke|p2|Calyrex-Shadow|
|poke|p2|Rayquaza|
|poke|p2|Regieleki|
|poke|p2|Smeargle, F|
|poke|p2|Skarmory, M|
|teampreview
|inactive|Battle timer is ON: inactive players will automatically lose when time's up. (requested by mardydu)
|
|t:|1667512753
|start
|switch|p1a: Deoxys|Deoxys-Speed|100/100
|switch|p2a: JumpingMan|Regieleki|100/100
|-ability|p1a: Deoxys|Pressure
|turn|1
|
|t:|1667512770
|move|p2a: JumpingMan|Thunder Cage|p1a: Deoxys
|-damage|p1a: Deoxys|32/100
|-activate|p1a: Deoxys|move: Thunder Cage|[of] p2a: JumpingMan
|move|p1a: Deoxys|Stealth Rock|p2a: JumpingMan
|-sidestart|p2: mardydu|move: Stealth Rock
|
|-damage|p1a: Deoxys|20/100|[from] move: Thunder Cage|[partiallytrapped]
|upkeep
|turn|2
|
|t:|1667512778
|move|p2a: JumpingMan|Rapid Spin|p1a: Deoxys
|-damage|p1a: Deoxys|5/100
|-boost|p2a: JumpingMan|spe|1
|-sideend|p2: mardydu|Stealth Rock|[from] move: Rapid Spin|[of] p2a: JumpingMan
|move|p1a: Deoxys|Stealth Rock|p2a: JumpingMan
|-sidestart|p2: mardydu|move: Stealth Rock
|
|-damage|p1a: Deoxys|0 fnt|[from] move: Thunder Cage|[partiallytrapped]
|faint|p1a: Deoxys
|upkeep
|
|t:|1667512787
|switch|p1a: Rayquaza|Rayquaza|100/100
|-ability|p1a: Rayquaza|Air Lock
|turn|3
|
|t:|1667512792
|detailschange|p1a: Rayquaza|Rayquaza-Mega
|-mega|p1a: Rayquaza|Rayquaza|
|-weather|DeltaStream|[from] ability: Delta Stream|[of] p1a: Rayquaza
|move|p1a: Rayquaza|Extreme Speed|p2a: JumpingMan
|-enditem|p2a: JumpingMan|Focus Sash
|-damage|p2a: JumpingMan|1/100
|-damage|p1a: Rayquaza|91/100|[from] item: Life Orb
|move|p2a: JumpingMan|Rapid Spin|p1a: Rayquaza
|-crit|p1a: Rayquaza
|-damage|p1a: Rayquaza|74/100
|-boost|p2a: JumpingMan|spe|1
|-sideend|p2: mardydu|Stealth Rock|[from] move: Rapid Spin|[of] p2a: JumpingMan
|
|-weather|DeltaStream|[upkeep]
|upkeep
|turn|4
|
|t:|1667512800
|switch|p2a: Skarmory|Skarmory, M|100/100
|move|p1a: Rayquaza|Extreme Speed|p2a: Skarmory
|-resisted|p2a: Skarmory
|-damage|p2a: Skarmory|86/100
|-damage|p1a: Rayquaza|57/100|[from] item: Rocky Helmet|[of] p2a: Skarmory
|-damage|p1a: Rayquaza|48/100|[from] item: Life Orb
|
|-weather|DeltaStream|[upkeep]
|upkeep
|turn|5
|
|t:|1667512806
|-weather|none
|switch|p1a: Arceus|Arceus-Water|100/100
|move|p2a: Skarmory|Stealth Rock|p1a: Arceus
|-sidestart|p1: Byaakuya|move: Stealth Rock
|
|upkeep
|turn|6
|
|t:|1667512810
|switch|p2a: JumpingMan|Regieleki|1/100
|move|p1a: Arceus|Judgment|p2a: JumpingMan
|-damage|p2a: JumpingMan|0 fnt
|faint|p2a: JumpingMan
|
|upkeep
|
|t:|1667512821
|switch|p2a: Arceus|Arceus|100/100
|turn|7
|
|t:|1667512824
|move|p2a: Arceus|Giga Drain|p1a: Arceus
|-supereffective|p1a: Arceus
|-damage|p1a: Arceus|64/100
|move|p1a: Arceus|Defog|p2a: Arceus
|-unboost|p2a: Arceus|evasion|1
|-sideend|p1: Byaakuya|Stealth Rock|[from] move: Defog|[of] p1a: Arceus
|
|upkeep
|turn|8
|
|t:|1667512828
|switch|p1a: Necrozma|Necrozma-Dusk-Mane|100/100
|move|p2a: Arceus|Giga Drain|p1a: Necrozma
|-resisted|p1a: Necrozma
|-damage|p1a: Necrozma|88/100
|
|upkeep
|turn|9
|
|t:|1667512831
|switch|p2a: Skarmory|Skarmory, M|86/100
|move|p1a: Necrozma|Dragon Dance|p1a: Necrozma
|-boost|p1a: Necrozma|atk|1
|-boost|p1a: Necrozma|spe|1
|
|upkeep
|turn|10
|
|t:|1667512835
|move|p1a: Necrozma|Dragon Dance|p1a: Necrozma
|-boost|p1a: Necrozma|atk|1
|-boost|p1a: Necrozma|spe|1
|move|p2a: Skarmory|Whirlwind|p1a: Necrozma
|drag|p1a: Arceus|Arceus-Water|64/100
|
|upkeep
|turn|11
|
|t:|1667512839
|move|p1a: Arceus|Judgment|p2a: Skarmory
|-damage|p2a: Skarmory|20/100
|move|p2a: Skarmory|Taunt|p1a: Arceus
|-start|p1a: Arceus|move: Taunt
|
|upkeep
|turn|12
|
|t:|1667512842
|move|p1a: Arceus|Judgment|p2a: Skarmory
|-damage|p2a: Skarmory|0 fnt
|faint|p2a: Skarmory
|
|upkeep
|
|t:|1667512846
|switch|p2a: Smeargle|Smeargle, F|100/100
|turn|13
|
|t:|1667512848
|move|p1a: Arceus|Judgment|p2a: Smeargle
|-enditem|p2a: Smeargle|Focus Sash
|-damage|p2a: Smeargle|1/100
|move|p2a: Smeargle|Shell Smash|p2a: Smeargle
|-unboost|p2a: Smeargle|def|1
|-unboost|p2a: Smeargle|spd|1
|-boost|p2a: Smeargle|atk|2
|-boost|p2a: Smeargle|spa|2
|-boost|p2a: Smeargle|spe|2
|
|-ability|p2a: Smeargle|Moody|boost
|-boost|p2a: Smeargle|spe|2
|-unboost|p2a: Smeargle|def|1
|upkeep
|turn|14
|
|t:|1667512864
|switch|p1a: Necrozma|Necrozma-Dusk-Mane|88/100
|move|p2a: Smeargle|Spore|p1a: Necrozma
|-status|p1a: Necrozma|slp|[from] move: Spore
|
|-ability|p2a: Smeargle|Moody|boost
|-boost|p2a: Smeargle|def|2
|-unboost|p2a: Smeargle|spd|1
|upkeep
|turn|15
|
|t:|1667512867
|switch|p1a: Rayquaza|Rayquaza-Mega|48/100
|-weather|DeltaStream|[from] ability: Delta Stream|[of] p1a: Rayquaza
|move|p2a: Smeargle|Baton Pass|p2a: Smeargle
|
|t:|1667512872
|switch|p2a: Horse in cali|Calyrex-Shadow|100/100|[from]move: Baton Pass
|-ability|p2a: Horse in cali|As One
|-ability|p2a: Horse in cali|Unnerve
|
|-weather|DeltaStream|[upkeep]
|upkeep
|turn|16
|
|t:|1667512879
|-start|p2a: Horse in cali|Dynamax|
|-heal|p2a: Horse in cali|100/100|[silent]
|move|p2a: Horse in cali|Max Mindstorm|p1a: Rayquaza
|-damage|p1a: Rayquaza|0 fnt
|-fieldstart|move: Psychic Terrain
|faint|p1a: Rayquaza
|-weather|none
|-ability|p2a: Horse in cali|Grim Neigh|boost
|-boost|p2a: Horse in cali|spa|1
|
|upkeep
|
|t:|1667512881
|switch|p1a: Yveltal|Yveltal|100/100
|-ability|p1a: Yveltal|Dark Aura
|turn|17
|
|t:|1667512885
|-start|p1a: Yveltal|Dynamax|
|-heal|p1a: Yveltal|100/100|[silent]
|move|p2a: Horse in cali|Max Starfall|p1a: Yveltal
|-supereffective|p1a: Yveltal
|-damage|p1a: Yveltal|9/100
|-fieldstart|move: Misty Terrain
|move|p1a: Yveltal|Max Darkness|p2a: Horse in cali
|-supereffective|p2a: Horse in cali
|-enditem|p2a: Horse in cali|Focus Sash
|-damage|p2a: Horse in cali|1/100
|-unboost|p2a: Horse in cali|spd|1
|-damage|p1a: Yveltal|4/100|[from] item: Life Orb
|
|upkeep
|turn|18
|
|t:|1667512891
|move|p2a: Horse in cali|Max Starfall|p1a: Yveltal
|-supereffective|p1a: Yveltal
|-damage|p1a: Yveltal|0 fnt
|faint|p1a: Yveltal
|-ability|p2a: Horse in cali|Grim Neigh|boost
|-boost|p2a: Horse in cali|spa|1
|
|upkeep
|
|t:|1667512895
|switch|p1a: Arceus|Arceus-Flying|100/100
|-end|p2a: Horse in cali|Dynamax
|-heal|p2a: Horse in cali|1/100|[silent]
|turn|19
|
|t:|1667512899
|move|p2a: Horse in cali|Astral Barrage|p1a: Arceus
|-damage|p1a: Arceus|0 fnt
|faint|p1a: Arceus
|-ability|p2a: Horse in cali|Grim Neigh|boost
|-boost|p2a: Horse in cali|spa|1
|
|upkeep
|-message|Byaakuya forfeited.
|
|win|mardydu
|raw|Byaakuya's rating: 1809 &rarr; <strong>1787</strong><br />(-22 for losing)
|raw|mardydu's rating: 1780 &rarr; <strong>1802</strong><br />(+22 for winning)
|l|☆Byaakuya
|j|☆Byaakuya
|player|p1|Byaakuya|unknownf
|l|byaakuya
||Ladder isn't responding, score probably updated but might not have (Request timeout).
