|j|☆Booooty Bandit
|j|☆Chris6497
|t:|1660089883
|gametype|singles
|player|p1|Booooty Bandit|shadowtriad|1340
|player|p2|Chris6497|scientist-gen4dp|1370
|teamsize|p1|6
|teamsize|p2|6
|gen|8
|tier|[Gen 8] National Dex AG
|rated|
|rule|HP Percentage Mod: HP is shown in percentages
|rule|Endless Battle Clause: Forcing endless battles is banned
|clearpoke
|poke|p1|Kommo-o, M|
|poke|p1|Galvantula, F|
|poke|p1|Forretress, F|
|poke|p1|Charizard, M|
|poke|p1|Leafeon, M|
|poke|p1|Genesect|
|poke|p2|Crobat, M|
|poke|p2|Infernape, M|
|poke|p2|Clefable, F|
|poke|p2|Blissey, F|
|poke|p2|Araquanid, M|
|poke|p2|Gardevoir, F|
|teampreview
|inactive|Battle timer is ON: inactive players will automatically lose when time's up. (requested by Chris6497)
|
|t:|1660089899
|start
|switch|p1a: Kommo-o|Kommo-o, M|100/100
|switch|p2a: Clefable|Clefable, F, shiny|100/100
|turn|1
|
|t:|1660089903
|move|p1a: Kommo-o|Dragon Claw|p2a: Clefable
|-immune|p2a: Clefable
|move|p2a: Clefable|Cosmic Power|p2a: Clefable
|-boost|p2a: Clefable|def|1
|-boost|p2a: Clefable|spd|1
|
|upkeep
|turn|2
|
|t:|1660089910
|move|p1a: Kommo-o|Poison Jab|p2a: Clefable
|-supereffective|p2a: Clefable
|-damage|p2a: Clefable|75/100
|move|p2a: Clefable|Minimize|p2a: Clefable
|-boost|p2a: Clefable|evasion|2
|
|-heal|p2a: Clefable|81/100|[from] item: Leftovers
|upkeep
|turn|3
|
|t:|1660089914
|switch|p1a: Forretress|Forretress, F|100/100
|move|p2a: Clefable|Cosmic Power|p2a: Clefable
|-boost|p2a: Clefable|def|1
|-boost|p2a: Clefable|spd|1
|
|-heal|p2a: Clefable|87/100|[from] item: Leftovers
|upkeep
|turn|4
|
|t:|1660089916
|move|p2a: Clefable|Minimize|p2a: Clefable
|-boost|p2a: Clefable|evasion|2
|move|p1a: Forretress|Stealth Rock|p2a: Clefable
|-sidestart|p2: Chris6497|move: Stealth Rock
|
|-heal|p2a: Clefable|93/100|[from] item: Leftovers
|upkeep
|turn|5
|
|t:|1660089924
|switch|p1a: Genesect|Genesect, shiny|100/100
|-ability|p1a: Genesect|Download|boost
|-boost|p1a: Genesect|spa|1
|move|p2a: Clefable|Cosmic Power|p2a: Clefable
|-boost|p2a: Clefable|def|1
|-boost|p2a: Clefable|spd|1
|
|-heal|p2a: Clefable|99/100|[from] item: Leftovers
|upkeep
|turn|6
|
|t:|1660089927
|move|p1a: Genesect|Shift Gear|p1a: Genesect
|-boost|p1a: Genesect|spe|2
|-boost|p1a: Genesect|atk|1
|move|p2a: Clefable|Minimize|p2a: Clefable
|-boost|p2a: Clefable|evasion|2
|
|-heal|p2a: Clefable|100/100|[from] item: Leftovers
|upkeep
|turn|7
|
|t:|1660089929
|move|p1a: Genesect|Shift Gear|p1a: Genesect
|-boost|p1a: Genesect|spe|2
|-boost|p1a: Genesect|atk|1
|move|p2a: Clefable|Cosmic Power|p2a: Clefable
|-boost|p2a: Clefable|def|1
|-boost|p2a: Clefable|spd|1
|
|upkeep
|turn|8
|
|t:|1660089932
|-start|p1a: Genesect|Dynamax|
|-heal|p1a: Genesect|100/100|[silent]
|move|p1a: Genesect|Max Steelspike|p2a: Clefable
|-supereffective|p2a: Clefable
|-damage|p2a: Clefable|64/100
|-boost|p1a: Genesect|def|1
|move|p2a: Clefable|Cosmic Power|p2a: Clefable
|-boost|p2a: Clefable|def|1
|-boost|p2a: Clefable|spd|1
|
|-heal|p2a: Clefable|70/100|[from] item: Leftovers
|upkeep
|turn|9
|
|t:|1660089936
|move|p1a: Genesect|Max Steelspike|p2a: Clefable
|-supereffective|p2a: Clefable
|-damage|p2a: Clefable|41/100
|-boost|p1a: Genesect|def|1
|move|p2a: Clefable|Soft-Boiled|p2a: Clefable
|-heal|p2a: Clefable|91/100
|
|-heal|p2a: Clefable|97/100|[from] item: Leftovers
|upkeep
|turn|10
|
|t:|1660089944
|move|p1a: Genesect|Max Steelspike|p2a: Clefable
|-supereffective|p2a: Clefable
|-damage|p2a: Clefable|67/100
|-boost|p1a: Genesect|def|1
|move|p2a: Clefable|Soft-Boiled|p2a: Clefable
|-heal|p2a: Clefable|100/100
|
|upkeep
|-end|p1a: Genesect|Dynamax
|-heal|p1a: Genesect|100/100|[silent]
|turn|11
|
|t:|1660089946
|move|p1a: Genesect|Shift Gear|p1a: Genesect
|-boost|p1a: Genesect|spe|2
|-boost|p1a: Genesect|atk|1
|move|p2a: Clefable|Cosmic Power|p2a: Clefable
|-boost|p2a: Clefable|def|1
|-boost|p2a: Clefable|spd|1
|
|upkeep
|turn|12
|
|t:|1660089950
|move|p1a: Genesect|Iron Head|p2a: Clefable
|-supereffective|p2a: Clefable
|-damage|p2a: Clefable|82/100
|cant|p2a: Clefable|flinch
|
|-heal|p2a: Clefable|88/100|[from] item: Leftovers
|upkeep
|turn|13
|
|t:|1660089955
|move|p1a: Genesect|Shift Gear|p1a: Genesect
|-boost|p1a: Genesect|spe|0
|-boost|p1a: Genesect|atk|1
|move|p2a: Clefable|Baton Pass|p2a: Clefable
|
|t:|1660089965
|switch|p2a: Crobat|Crobat, M|100/100|[from]move: Baton Pass
|-damage|p2a: Crobat|76/100|[from] Stealth Rock
|
|upkeep
|turn|14
|
|t:|1660089968
|move|p1a: Genesect|Iron Head|p2a: Crobat|[miss]
|-miss|p1a: Genesect|p2a: Crobat
|move|p2a: Crobat|Nasty Plot|p2a: Crobat
|-boost|p2a: Crobat|spa|2
|
|upkeep
|turn|15
|
|t:|1660089971
|-start|p2a: Crobat|Dynamax|
|-heal|p2a: Crobat|76/100|[silent]
|move|p1a: Genesect|Iron Head|p2a: Crobat|[miss]
|-miss|p1a: Genesect|p2a: Crobat
|move|p2a: Crobat|Max Airstream|p1a: Genesect
|-enditem|p1a: Genesect|Focus Sash
|-damage|p1a: Genesect|1/100
|-boost|p2a: Crobat|spe|1
|-damage|p2a: Crobat|71/100|[from] item: Life Orb
|
|upkeep
|turn|16
|
|t:|1660089975
|move|p1a: Genesect|Iron Head|p2a: Crobat|[miss]
|-miss|p1a: Genesect|p2a: Crobat
|move|p2a: Crobat|Max Flare|p1a: Genesect
|-supereffective|p1a: Genesect
|-damage|p1a: Genesect|0 fnt
|-weather|SunnyDay
|faint|p1a: Genesect
|-damage|p2a: Crobat|66/100|[from] item: Life Orb
|
|-weather|SunnyDay|[upkeep]
|upkeep
|
|t:|1660089979
|switch|p1a: Forretress|Forretress, F|100/100
|turn|17
|
|t:|1660089983
|move|p2a: Crobat|Max Flare|p1a: Forretress
|-supereffective|p1a: Forretress
|-ability|p1a: Forretress|Sturdy
|-damage|p1a: Forretress|1/100
|-enditem|p1a: Forretress|Aguav Berry|[eat]
|-heal|p1a: Forretress|34/100|[from] item: Aguav Berry
|-damage|p2a: Crobat|61/100|[from] item: Life Orb
|move|p1a: Forretress|Spikes|p2a: Crobat
|-sidestart|p2: Chris6497|Spikes
|
|-weather|SunnyDay|[upkeep]
|upkeep
|-end|p2a: Crobat|Dynamax
|-heal|p2a: Crobat|61/100|[silent]
|turn|18
|
|t:|1660089985
|move|p2a: Crobat|Nasty Plot|p2a: Crobat
|-boost|p2a: Crobat|spa|2
|move|p1a: Forretress|Spikes|p2a: Crobat
|-sidestart|p2: Chris6497|Spikes
|
|-weather|SunnyDay|[upkeep]
|upkeep
|turn|19
|
|t:|1660089988
|move|p2a: Crobat|Heat Wave|p1a: Forretress
|-supereffective|p1a: Forretress
|-damage|p1a: Forretress|0 fnt
|faint|p1a: Forretress
|-damage|p2a: Crobat|51/100|[from] item: Life Orb
|
|-weather|SunnyDay|[upkeep]
|upkeep
|
|t:|1660089991
|switch|p1a: Galvantula|Galvantula, F|100/100
|turn|20
|
|t:|1660089993
|move|p2a: Crobat|Sludge Bomb|p1a: Galvantula
|-enditem|p1a: Galvantula|Focus Sash
|-damage|p1a: Galvantula|1/100
|-damage|p2a: Crobat|41/100|[from] item: Life Orb
|move|p1a: Galvantula|Thunder Wave|p2a: Crobat|[miss]
|-miss|p1a: Galvantula|p2a: Crobat
|
|-weather|none
|upkeep
|turn|21
|
|t:|1660089996
|move|p2a: Crobat|Sludge Bomb|p1a: Galvantula
|-damage|p1a: Galvantula|0 fnt
|faint|p1a: Galvantula
|-damage|p2a: Crobat|31/100|[from] item: Life Orb
|
|upkeep
|
|t:|1660089998
|switch|p1a: Kommo-o|Kommo-o, M|100/100
|turn|22
|
|t:|1660090000
|move|p2a: Crobat|Hurricane|p1a: Kommo-o
|-supereffective|p1a: Kommo-o
|-damage|p1a: Kommo-o|0 fnt
|faint|p1a: Kommo-o
|-damage|p2a: Crobat|21/100|[from] item: Life Orb
|
|upkeep
|
|t:|1660090003
|switch|p1a: Charizard|Charizard, M|100/100
|turn|23
|
|t:|1660090006
|move|p2a: Crobat|Sludge Bomb|p1a: Charizard
|-damage|p1a: Charizard|0 fnt
|faint|p1a: Charizard
|-damage|p2a: Crobat|11/100|[from] item: Life Orb
|
|upkeep
|
|t:|1660090009
|switch|p1a: Leafeon|Leafeon, M|100/100
|turn|24
|
|t:|1660090011
|move|p2a: Crobat|Sludge Bomb|p1a: Leafeon
|-supereffective|p1a: Leafeon
|-enditem|p1a: Leafeon|Focus Sash
|-damage|p1a: Leafeon|1/100
|-status|p1a: Leafeon|psn
|-damage|p2a: Crobat|1/100|[from] item: Life Orb
|move|p1a: Leafeon|Solar Blade||[still]
|-prepare|p1a: Leafeon|Solar Blade
|
|-damage|p1a: Leafeon|0 fnt|[from] psn
|faint|p1a: Leafeon
|
|win|Chris6497
|upkeep
|raw|Booooty Bandit's rating: 1340 &rarr; <strong>1322</strong><br />(-18 for losing)
|raw|Chris6497's rating: 1370 &rarr; <strong>1388</strong><br />(+18 for winning)
|c|☆Chris6497|Gg
|c|☆Chris6497|lol why were you setting up on what was obviously an unaware clefable?
||Ladder isn't responding, score probably updated but might not have (Request timeout).
