|j|☆Really shady guy
|j|☆iHaveAsthma
|t:|1648330546
|gametype|singles
|player|p1|Really shady guy|ghetsis|1773
|player|p2|iHaveAsthma|doctor|1737
|teamsize|p1|6
|teamsize|p2|6
|gen|8
|tier|[Gen 8] National Dex AG
|rated|
|rule|HP Percentage Mod: HP is shown in percentages
|rule|Endless Battle Clause: Forcing endless battles is banned
|clearpoke
|poke|p1|Zekrom|
|poke|p1|Marshadow|
|poke|p1|Necrozma-Dusk-Mane|
|poke|p1|Wobbuffet, M|
|poke|p1|Arceus-*|
|poke|p1|Metagross|
|poke|p2|Rayquaza|
|poke|p2|Lugia|
|poke|p2|Calyrex-Shadow|
|poke|p2|Groudon|
|poke|p2|Arceus-*|
|poke|p2|Arceus-*|
|teampreview
|inactive|Battle timer is ON: inactive players will automatically lose when time's up. (requested by iHaveAsthma)
|
|t:|1648330559
|start
|switch|p1a: Screw ferro|Arceus-Ground|100/100
|switch|p2a: Rayquaza|Rayquaza|100/100
|-ability|p2a: Rayquaza|Air Lock
|turn|1
|
|t:|1648330568
|detailschange|p2a: Rayquaza|Rayquaza-Mega
|-mega|p2a: Rayquaza|Rayquaza|
|-weather|DeltaStream|[from] ability: Delta Stream|[of] p2a: Rayquaza
|move|p2a: Rayquaza|Dragon Ascent|p1a: Screw ferro
|-damage|p1a: Screw ferro|46/100
|-unboost|p2a: Rayquaza|def|1
|-unboost|p2a: Rayquaza|spd|1
|move|p1a: Screw ferro|Stealth Rock|p2a: Rayquaza
|-sidestart|p2: iHaveAsthma|move: Stealth Rock
|
|-weather|DeltaStream|[upkeep]
|upkeep
|turn|2
|
|t:|1648330576
|move|p2a: Rayquaza|Dragon Ascent|p1a: Screw ferro
|-damage|p1a: Screw ferro|0 fnt
|-unboost|p2a: Rayquaza|def|1
|-unboost|p2a: Rayquaza|spd|1
|faint|p1a: Screw ferro
|
|-weather|DeltaStream|[upkeep]
|upkeep
|
|t:|1648330589
|switch|p1a: Necrozma|Necrozma-Dusk-Mane, shiny|100/100
|turn|3
|
|t:|1648330592
|-weather|none
|switch|p2a: Lugia|Lugia|100/100
|detailschange|p1a: Necrozma|Necrozma-Ultra, shiny
|-burst|p1a: Necrozma|Necrozma|Ultranecrozium Z
|move|p1a: Necrozma|Dragon Dance|p1a: Necrozma
|-boost|p1a: Necrozma|atk|1
|-boost|p1a: Necrozma|spe|1
|
|upkeep
|turn|4
|
|t:|1648330598
|move|p1a: Necrozma|Sunsteel Strike|p2a: Lugia
|-damage|p2a: Lugia|64/100
|move|p2a: Lugia|Thunder Wave|p1a: Necrozma
|-status|p1a: Necrozma|par
|
|upkeep
|turn|5
|
|t:|1648330627
|switch|p1a: Zekrom|Zekrom, shiny|100/100
|-ability|p1a: Zekrom|Teravolt
|move|p2a: Lugia|Defog|p1a: Zekrom
|-unboost|p1a: Zekrom|evasion|1
|-sideend|p2: iHaveAsthma|Stealth Rock|[from] move: Defog|[of] p2a: Lugia
|
|upkeep
|turn|6
|
|t:|1648330637
|move|p1a: Zekrom|Dragon Dance|p1a: Zekrom
|-boost|p1a: Zekrom|atk|1
|-boost|p1a: Zekrom|spe|1
|move|p2a: Lugia|Roost|p2a: Lugia
|-heal|p2a: Lugia|100/100
|-singleturn|p2a: Lugia|move: Roost
|
|upkeep
|turn|7
|
|t:|1648330641
|move|p1a: Zekrom|Dragon Dance|p1a: Zekrom
|-boost|p1a: Zekrom|atk|1
|-boost|p1a: Zekrom|spe|1
|move|p2a: Lugia|Roar|p1a: Zekrom
|drag|p1a: Wobbuffet|Wobbuffet, M|100/100
|
|upkeep
|turn|8
|
|t:|1648330648
|move|p1a: Wobbuffet|Encore|p2a: Lugia
|-start|p2a: Lugia|Encore
|move|p2a: Lugia|Roar|p1a: Wobbuffet
|drag|p1a: Necrozma|Necrozma-Ultra, shiny|100/100 par
|
|upkeep
|turn|9
|c|☆Really shady guy|Lovely
|c|☆iHaveAsthma|I love you mroe
|
|t:|1648330674
|switch|p2a: Groudon|Groudon|100/100
|detailschange|p2a: Groudon|Groudon-Primal
|-primal|p2a: Groudon
|-weather|DesolateLand|[from] ability: Desolate Land|[of] p2a: Groudon
|move|p1a: Necrozma|Sunsteel Strike|p2a: Groudon
|-resisted|p2a: Groudon
|-damage|p2a: Groudon|87/100
|
|-weather|DesolateLand|[upkeep]
|upkeep
|turn|10
|
|t:|1648330684
|move|p2a: Groudon|Stealth Rock|p1a: Necrozma
|-sidestart|p1: Really shady guy|move: Stealth Rock
|move|p1a: Necrozma|Earthquake|p2a: Groudon
|-supereffective|p2a: Groudon
|-damage|p2a: Groudon|21/100
|
|-weather|DesolateLand|[upkeep]
|upkeep
|turn|11
|c|☆Really shady guy|You are lucky that I got greedy
|
|t:|1648330694
|move|p2a: Groudon|Earth Power|p1a: Necrozma
|-damage|p1a: Necrozma|49/100 par
|move|p1a: Necrozma|Earthquake|p2a: Groudon
|-supereffective|p2a: Groudon
|-damage|p2a: Groudon|0 fnt
|faint|p2a: Groudon
|-weather|none
|
|upkeep
|
|t:|1648330701
|switch|p2a: Calyrex|Calyrex-Shadow|100/100
|-ability|p2a: Calyrex|As One
|-ability|p2a: Calyrex|Unnerve
|turn|12
|
|t:|1648330705
|move|p2a: Calyrex|Astral Barrage|p1a: Necrozma
|-supereffective|p1a: Necrozma
|-damage|p1a: Necrozma|0 fnt
|faint|p1a: Necrozma
|-ability|p2a: Calyrex|Grim Neigh|boost
|-boost|p2a: Calyrex|spa|1
|
|upkeep
|
|t:|1648330707
|switch|p1a: Marshadow|Marshadow|100/100
|-damage|p1a: Marshadow|94/100|[from] Stealth Rock
|turn|13
|c|☆iHaveAsthma|No, I'm lucky you're bad
|c|☆Really shady guy|Geez
|c|☆iHaveAsthma|I'm lucky I got matched with you
|
|t:|1648330724
|switch|p2a: Rayquaza|Rayquaza-Mega|100/100
|-weather|DeltaStream|[from] ability: Delta Stream|[of] p2a: Rayquaza
|move|p1a: Marshadow|Shadow Sneak|p2a: Rayquaza
|-damage|p2a: Rayquaza|70/100
|
|-weather|DeltaStream|[upkeep]
|upkeep
|turn|14
|c|☆Really shady guy|roar isnt that often used
|c|☆iHaveAsthma|so what big butt?
|c|☆Really shady guy|And life orb zekrom one shots lugia btw
|c|☆iHaveAsthma|You talk like you have a big butt
|c|☆iHaveAsthma|Oh I didn't know
|inactive|Really shady guy has 120 seconds left.
|
|t:|1648330758
|move|p1a: Marshadow|Spectral Thief|p2a: Rayquaza
|-crit|p2a: Rayquaza
|-damage|p2a: Rayquaza|0 fnt
|faint|p2a: Rayquaza
|-weather|none
|
|upkeep
|c|☆iHaveAsthma|wow im so unlucky
|
|t:|1648330776
|switch|p2a: Arceus|Arceus-Flying|100/100
|turn|15
|c|☆Really shady guy|You can calls me lucky now
|c|☆iHaveAsthma|no i won
|c|☆iHaveAsthma|t
|
|t:|1648330784
|switch|p1a: Metagross|Metagross|100/100
|-damage|p1a: Metagross|94/100|[from] Stealth Rock
|move|p2a: Arceus|Fly||[still]
|-prepare|p2a: Arceus|Fly
|
|upkeep
|turn|16
|
|t:|1648330790
|detailschange|p1a: Metagross|Metagross-Mega
|-mega|p1a: Metagross|Metagross|Metagrossite
|move|p2a: Arceus|Fly|p1a: Metagross|[from]lockedmove
|-resisted|p1a: Metagross
|-damage|p1a: Metagross|75/100
|move|p1a: Metagross|Meteor Mash|p2a: Arceus
|-damage|p2a: Arceus|49/100
|
|upkeep
|turn|17
|
|t:|1648330796
|move|p2a: Arceus|Recover|p2a: Arceus
|-heal|p2a: Arceus|99/100
|move|p1a: Metagross|Meteor Mash|p2a: Arceus
|-damage|p2a: Arceus|50/100
|
|upkeep
|turn|18
|
|t:|1648330799
|move|p2a: Arceus|Fly||[still]
|-prepare|p2a: Arceus|Fly
|move|p1a: Metagross|Meteor Mash|p2a: Arceus|[miss]
|-miss|p1a: Metagross|p2a: Arceus
|
|upkeep
|turn|19
|
|t:|1648330801
|move|p2a: Arceus|Fly|p1a: Metagross|[from]lockedmove|[miss]
|-miss|p2a: Arceus|p1a: Metagross
|move|p1a: Metagross|Meteor Mash|p2a: Arceus
|-damage|p2a: Arceus|0 fnt
|faint|p2a: Arceus
|
|upkeep
|
|t:|1648330808
|switch|p2a: Calyrex|Calyrex-Shadow|100/100
|-ability|p2a: Calyrex|As One
|-ability|p2a: Calyrex|Unnerve
|turn|20
|
|t:|1648330810
|move|p1a: Metagross|Bullet Punch|p2a: Calyrex
|-damage|p2a: Calyrex|61/100
|move|p2a: Calyrex|Astral Barrage|p1a: Metagross
|-supereffective|p1a: Metagross
|-damage|p1a: Metagross|0 fnt
|faint|p1a: Metagross
|-ability|p2a: Calyrex|Grim Neigh|boost
|-boost|p2a: Calyrex|spa|1
|
|upkeep
|
|t:|1648330813
|switch|p1a: Marshadow|Marshadow|94/100
|-damage|p1a: Marshadow|88/100|[from] Stealth Rock
|turn|21
|
|t:|1648330822
|switch|p2a: Arceus|Arceus-Ground|100/100
|move|p1a: Marshadow|Shadow Sneak|p2a: Arceus
|-damage|p2a: Arceus|85/100
|
|upkeep
|turn|22
|
|t:|1648330826
|switch|p1a: Wobbuffet|Wobbuffet, M|100/100
|-damage|p1a: Wobbuffet|88/100|[from] Stealth Rock
|move|p2a: Arceus|Judgment|p1a: Wobbuffet
|-damage|p1a: Wobbuffet|61/100
|
|upkeep
|turn|23
|
|t:|1648330830
|move|p2a: Arceus|Calm Mind|p2a: Arceus
|-boost|p2a: Arceus|spa|1
|-boost|p2a: Arceus|spd|1
|move|p1a: Wobbuffet|Mirror Coat||[still]
|-fail|p1a: Wobbuffet
|
|upkeep
|turn|24
|
|t:|1648330833
|move|p2a: Arceus|Calm Mind|p2a: Arceus
|-boost|p2a: Arceus|spa|1
|-boost|p2a: Arceus|spd|1
|move|p1a: Wobbuffet|Encore|p2a: Arceus
|-start|p2a: Arceus|Encore
|
|upkeep
|turn|25
|
|t:|1648330844
|switch|p1a: Zekrom|Zekrom, shiny|100/100
|-damage|p1a: Zekrom|88/100|[from] Stealth Rock
|-ability|p1a: Zekrom|Teravolt
|-start|p2a: Arceus|Dynamax
|-heal|p2a: Arceus|85/100|[silent]
|move|p2a: Arceus|Max Quake|p1a: Zekrom
|-supereffective|p1a: Zekrom
|-damage|p1a: Zekrom|0 fnt
|-boost|p2a: Arceus|spd|1
|faint|p1a: Zekrom
|
|upkeep
|c|☆Really shady guy|Oh right
|
|t:|1648330852
|switch|p1a: Marshadow|Marshadow|88/100
|-damage|p1a: Marshadow|82/100|[from] Stealth Rock
|turn|26
|inactive|iHaveAsthma has 120 seconds left.
|
|t:|1648330886
|move|p1a: Marshadow|Spectral Thief||[still]
|-clearpositiveboost|p2a: Arceus|p1a: Marshadow|move: Spectral Thief
|-boost|p1a: Marshadow|spa|2
|-boost|p1a: Marshadow|spd|3
|-anim|p1a: Marshadow|Spectral Thief|p2a: Arceus
|-damage|p2a: Arceus|74/100
|move|p2a: Arceus|Max Quake|p1a: Marshadow
|-damage|p1a: Marshadow|53/100
|-boost|p2a: Arceus|spd|1
|
|upkeep
|turn|27
|j| Hallo lolo
|
|t:|1648330891
|-start|p1a: Marshadow|Dynamax
|-heal|p1a: Marshadow|53/100|[silent]
|move|p1a: Marshadow|Max Knuckle|p2a: Arceus
|-damage|p2a: Arceus|62/100
|-boost|p1a: Marshadow|atk|1
|move|p2a: Arceus|Max Quake|p1a: Marshadow
|-damage|p1a: Marshadow|38/100
|-boost|p2a: Arceus|spd|1
|
|-end|p2a: Arceus|Encore
|-end|p2a: Arceus|Dynamax
|-heal|p2a: Arceus|62/100|[silent]
|upkeep
|turn|28
|
|t:|1648330898
|move|p1a: Marshadow|Max Phantasm|p2a: Arceus
|-damage|p2a: Arceus|12/100
|-unboost|p2a: Arceus|def|1
|move|p2a: Arceus|Recover|p2a: Arceus
|-heal|p2a: Arceus|62/100
|
|upkeep
|turn|29
|
|t:|1648330902
|move|p1a: Marshadow|Max Phantasm|p2a: Arceus
|-damage|p2a: Arceus|0 fnt
|faint|p2a: Arceus
|
|-end|p1a: Marshadow|Dynamax
|-heal|p1a: Marshadow|38/100|[silent]
|upkeep
|
|t:|1648330904
|switch|p2a: Lugia|Lugia|100/100
|turn|30
|
|t:|1648330908
|move|p1a: Marshadow|Spectral Thief|p2a: Lugia
|-supereffective|p2a: Lugia
|-damage|p2a: Lugia|67/100
|move|p2a: Lugia|Roar|p1a: Marshadow
|drag|p1a: Wobbuffet|Wobbuffet, M|61/100
|-damage|p1a: Wobbuffet|48/100|[from] Stealth Rock
|
|upkeep
|turn|31
|c|☆iHaveAsthma|RAWRRR
|
|t:|1648330917
|move|p1a: Wobbuffet|Encore|p2a: Lugia
|-start|p2a: Lugia|Encore
|move|p2a: Lugia|Roar|p1a: Wobbuffet
|drag|p1a: Marshadow|Marshadow|38/100
|-damage|p1a: Marshadow|32/100|[from] Stealth Rock
|
|upkeep
|turn|32
|
|t:|1648330922
|move|p1a: Marshadow|Spectral Thief|p2a: Lugia
|-supereffective|p2a: Lugia
|-damage|p2a: Lugia|21/100
|move|p2a: Lugia|Roar|p1a: Marshadow
|drag|p1a: Wobbuffet|Wobbuffet, M|48/100
|-damage|p1a: Wobbuffet|36/100|[from] Stealth Rock
|
|upkeep
|turn|33
|
|t:|1648330938
|move|p1a: Wobbuffet|Encore||[still]
|-fail|p1a: Wobbuffet
|move|p2a: Lugia|Roar|p1a: Wobbuffet
|drag|p1a: Marshadow|Marshadow|32/100
|-damage|p1a: Marshadow|25/100|[from] Stealth Rock
|
|-end|p2a: Lugia|Encore
|upkeep
|turn|34
|
|t:|1648330942
|move|p1a: Marshadow|Spectral Thief|p2a: Lugia
|-supereffective|p2a: Lugia
|-damage|p2a: Lugia|0 fnt
|faint|p2a: Lugia
|
|upkeep
|
|t:|1648330944
|switch|p2a: Calyrex|Calyrex-Shadow|61/100
|-ability|p2a: Calyrex|As One
|-ability|p2a: Calyrex|Unnerve
|turn|35
|c|☆iHaveAsthma|ez
|c|☆iHaveAsthma|gg
|l|☆iHaveAsthma
|inactive|iHaveAsthma disconnected and has a minute to reconnect!
|player|p2|
|c|☆Really shady guy|XD
|inactive|iHaveAsthma has 30 seconds to reconnect!
|inactive|iHaveAsthma has 20 seconds to reconnect!
|inactive|iHaveAsthma has 15 seconds to reconnect!
|inactive|iHaveAsthma has 10 seconds to reconnect!
|inactive|iHaveAsthma has 5 seconds to reconnect!
|-message|iHaveAsthma lost due to inactivity.
|
|win|Really shady guy
|raw|Really shady guy's rating: 1773 &rarr; <strong>1791</strong><br />(+18 for winning)
|raw|iHaveAsthma's rating: 1737 &rarr; <strong>1719</strong><br />(-18 for losing)
|c|☆Really shady guy|Salt is always fun
