|j|☆TaxFraud094
|j|☆MRH1106
|t:|1662064640
|gametype|singles
|player|p1|TaxFraud094|caitlin-masters|1926
|player|p2|MRH1106|ghetsis|1890
|teamsize|p1|6
|teamsize|p2|6
|gen|8
|tier|[Gen 8] National Dex AG
|rated|
|rule|HP Percentage Mod: HP is shown in percentages
|rule|Endless Battle Clause: Forcing endless battles is banned
|clearpoke
|poke|p1|Arceus-*|
|poke|p1|Necrozma-Dusk-Mane|
|poke|p1|Arceus-*|
|poke|p1|Yveltal|
|poke|p1|Groudon|
|poke|p1|Calyrex-Shadow|
|poke|p2|Zacian-*|
|poke|p2|Calyrex-Shadow|
|poke|p2|Rayquaza|
|poke|p2|Ditto|
|poke|p2|Yveltal|
|poke|p2|Arceus-*|
|teampreview
|inactive|Battle timer is ON: inactive players will automatically lose when time's up. (requested by MRH1106)
|inactive|TaxFraud094 also wants the timer to be on.
|c|☆MRH1106|yo
|c|☆TaxFraud094|glhf
|c|☆MRH1106|right back at ya
|inactive|TaxFraud094 has 120 seconds left.
|
|t:|1662064677
|start
|switch|p1a: Arceus|Arceus-Water|100/100
|switch|p2a: Legit god|Arceus-Ground|100/100
|turn|1
|c|☆MRH1106|dam
|c|☆MRH1106|bad lead LMAO
|
|t:|1662064685
|switch|p2a: Knifepuppy|Zacian-Crowned|100/100
|-ability|p2a: Knifepuppy|Intrepid Sword|boost
|-boost|p2a: Knifepuppy|atk|1
|move|p1a: Arceus|Judgment|p2a: Knifepuppy
|-damage|p2a: Knifepuppy|53/100
|
|upkeep
|turn|2
|
|t:|1662064693
|move|p2a: Knifepuppy|Close Combat|p1a: Arceus
|-damage|p1a: Arceus|61/100
|-unboost|p2a: Knifepuppy|def|1
|-unboost|p2a: Knifepuppy|spd|1
|move|p1a: Arceus|Will-O-Wisp|p2a: Knifepuppy
|-status|p2a: Knifepuppy|brn
|
|-damage|p2a: Knifepuppy|47/100 brn|[from] brn
|upkeep
|turn|3
|c|☆MRH1106|no way you didn't swap
|
|t:|1662064707
|switch|p2a: Hells dragon|Yveltal, shiny|100/100
|-ability|p2a: Hells dragon|Dark Aura
|move|p1a: Arceus|Recover|p1a: Arceus
|-heal|p1a: Arceus|100/100
|
|upkeep
|turn|4
|
|t:|1662064713
|move|p2a: Hells dragon|Taunt|p1a: Arceus
|-start|p1a: Arceus|move: Taunt
|cant|p1a: Arceus|move: Taunt|Toxic
|
|upkeep
|turn|5
|
|t:|1662064722
|switch|p1a: Yveltal|Yveltal|100/100
|-ability|p1a: Yveltal|Dark Aura
|-start|p2a: Hells dragon|Dynamax|
|-heal|p2a: Hells dragon|100/100|[silent]
|move|p2a: Hells dragon|Max Darkness|p1a: Yveltal
|-resisted|p1a: Yveltal
|-damage|p1a: Yveltal|66/100
|-unboost|p1a: Yveltal|spd|1
|-damage|p2a: Hells dragon|96/100|[from] item: Life Orb
|
|upkeep
|turn|6
|
|t:|1662064730
|switch|p1a: Groudon|Groudon|100/100
|detailschange|p1a: Groudon|Groudon-Primal
|-primal|p1a: Groudon
|-weather|DesolateLand|[from] ability: Desolate Land|[of] p1a: Groudon
|move|p2a: Hells dragon|Max Airstream|p1a: Groudon
|-damage|p1a: Groudon|0 fnt
|-boost|p2a: Hells dragon|spe|1
|faint|p1a: Groudon
|-weather|none
|-damage|p2a: Hells dragon|91/100|[from] item: Life Orb
|
|upkeep
|j| smoolic alt
|c|☆MRH1106|bonk
|
|t:|1662064743
|switch|p1a: Yveltal|Yveltal|66/100
|-ability|p1a: Yveltal|Dark Aura
|turn|7
|
|t:|1662064746
|move|p2a: Hells dragon|Max Airstream|p1a: Yveltal
|-damage|p1a: Yveltal|19/100
|-boost|p2a: Hells dragon|spe|1
|-damage|p2a: Hells dragon|86/100|[from] item: Life Orb
|move|p1a: Yveltal|Roost|p1a: Yveltal
|-heal|p1a: Yveltal|69/100
|-singleturn|p1a: Yveltal|move: Roost
|
|upkeep
|-end|p2a: Hells dragon|Dynamax
|-heal|p2a: Hells dragon|86/100|[silent]
|turn|8
|
|t:|1662064751
|move|p2a: Hells dragon|Oblivion Wing|p1a: Yveltal
|-damage|p1a: Yveltal|40/100
|-heal|p2a: Hells dragon|100/100|[from] drain|[of] p1a: Yveltal
|-damage|p2a: Hells dragon|91/100|[from] item: Life Orb
|move|p1a: Yveltal|U-turn|p2a: Hells dragon
|-damage|p2a: Hells dragon|70/100
|
|t:|1662064752
|switch|p1a: Arceus|Arceus-Ground|100/100|[from]move: U-turn
|
|upkeep
|turn|9
|
|t:|1662064755
|move|p2a: Hells dragon|Oblivion Wing|p1a: Arceus
|-crit|p1a: Arceus
|-damage|p1a: Arceus|36/100
|-heal|p2a: Hells dragon|100/100|[from] drain|[of] p1a: Arceus
|-damage|p2a: Hells dragon|91/100|[from] item: Life Orb
|move|p1a: Arceus|Calm Mind|p1a: Arceus
|-boost|p1a: Arceus|spa|1
|-boost|p1a: Arceus|spd|1
|
|upkeep
|turn|10
|
|t:|1662064763
|move|p2a: Hells dragon|Taunt|p1a: Arceus
|-start|p1a: Arceus|move: Taunt
|cant|p1a: Arceus|move: Taunt|Recover
|
|upkeep
|turn|11
|
|t:|1662064770
|move|p2a: Hells dragon|Oblivion Wing|p1a: Arceus
|-damage|p1a: Arceus|9/100
|-heal|p2a: Hells dragon|100/100|[from] drain|[of] p1a: Arceus
|-damage|p2a: Hells dragon|91/100|[from] item: Life Orb
|move|p1a: Arceus|Ice Beam|p2a: Hells dragon
|-supereffective|p2a: Hells dragon
|-damage|p2a: Hells dragon|14/100
|
|upkeep
|turn|12
|c|☆MRH1106|taunt yveltal
|
|t:|1662064783
|switch|p1a: Arceus|Arceus-Water|100/100
|move|p2a: Hells dragon|Oblivion Wing|p1a: Arceus
|-damage|p1a: Arceus|67/100
|-heal|p2a: Hells dragon|42/100|[from] drain|[of] p1a: Arceus
|-damage|p2a: Hells dragon|32/100|[from] item: Life Orb
|
|upkeep
|turn|13
|
|t:|1662064786
|move|p2a: Hells dragon|Oblivion Wing|p1a: Arceus
|-damage|p1a: Arceus|29/100
|-heal|p2a: Hells dragon|64/100|[from] drain|[of] p1a: Arceus
|-damage|p2a: Hells dragon|54/100|[from] item: Life Orb
|move|p1a: Arceus|Judgment|p2a: Hells dragon
|-damage|p2a: Hells dragon|14/100
|
|upkeep
|turn|14
|
|t:|1662064790
|move|p2a: Hells dragon|Oblivion Wing|p1a: Arceus
|-damage|p1a: Arceus|0 fnt
|-heal|p2a: Hells dragon|38/100|[from] drain|[of] p1a: Arceus
|faint|p1a: Arceus
|-damage|p2a: Hells dragon|28/100|[from] item: Life Orb
|
|upkeep
|
|t:|1662064793
|switch|p1a: Calyrex|Calyrex-Shadow|100/100
|-ability|p1a: Calyrex|As One
|-ability|p1a: Calyrex|Unnerve
|turn|15
|
|t:|1662064799
|move|p2a: Hells dragon|Sucker Punch|p1a: Calyrex
|-supereffective|p1a: Calyrex
|-crit|p1a: Calyrex
|-damage|p1a: Calyrex|0 fnt
|faint|p1a: Calyrex
|-damage|p2a: Hells dragon|18/100|[from] item: Life Orb
|
|upkeep
|c|☆MRH1106|bonk
|-message|TaxFraud094 forfeited.
|
|win|MRH1106
|raw|TaxFraud094's rating: 1926 &rarr; <strong>1904</strong><br />(-22 for losing)
|raw|MRH1106's rating: 1890 &rarr; <strong>1912</strong><br />(+22 for winning)
|l|☆TaxFraud094
|c|☆MRH1106|gg
|j| Purpleclips
||Ladder isn't responding, score probably updated but might not have (Request timeout).
