|j|☆Bobsican
|j|☆1WeedBeard
|player|p1|Bobsican|209|1211
|player|p2|1WeedBeard|lusamine-nihilego|1274
|teamsize|p1|6
|teamsize|p2|6
|gametype|singles
|gen|8
|tier|[Gen 8] National Dex AG
|rated|
|clearpoke
|poke|p1|Rayquaza|
|poke|p1|Groudon|
|poke|p1|Zacian-Crowned|
|poke|p1|Chansey, F|
|poke|p1|Ditto|
|poke|p1|Mew|
|poke|p2|Xerneas|
|poke|p2|Arceus-*|
|poke|p2|Smeargle, M|
|poke|p2|Marshadow|
|poke|p2|Groudon|
|poke|p2|Blaziken, F|
|rule|HP Percentage Mod: HP is shown in percentages
|teampreview
|inactive|Battle timer is ON: inactive players will automatically lose when time's up. (requested by 1WeedBeard)
|
|start
|switch|p1a: Chansey|Chansey, F|100/100
|switch|p2a: Bussunda|Smeargle, M, shiny|100/100
|turn|1
|inactive|1WeedBeard has 120 seconds left.
|
|move|p2a: Bussunda|Spore|p1a: Chansey
|-status|p1a: Chansey|slp|[from] move: Spore
|cant|p1a: Chansey|slp
|
|-ability|p2a: Bussunda|Moody|boost
|-boost|p2a: Bussunda|atk|2
|-unboost|p2a: Bussunda|def|1
|upkeep
|turn|2
|
|switch|p1a: Mew|Mew|100/100
|move|p2a: Bussunda|Sticky Web|p1a: Mew
|-sidestart|p1: Bobsican|move: Sticky Web
|
|-ability|p2a: Bussunda|Moody|boost
|-boost|p2a: Bussunda|atk|2
|-unboost|p2a: Bussunda|def|1
|upkeep
|turn|3
|inactive|1WeedBeard has 120 seconds left.
|
|move|p1a: Mew|Volt Switch|p2a: Bussunda
|-damage|p2a: Bussunda|57/100
|
|switch|p1a: Groudon|Groudon|100/100|[from]move: Volt Switch
|-activate|p1a: Groudon|move: Sticky Web
|-unboost|p1a: Groudon|spe|1
|detailschange|p1a: Groudon|Groudon-Primal
|-primal|p1a: Groudon
|-weather|DesolateLand|[from] ability: Desolate Land|[of] p1a: Groudon
|move|p2a: Bussunda|Spore|p1a: Groudon
|-status|p1a: Groudon|slp|[from] move: Spore
|
|-weather|DesolateLand|[upkeep]
|-ability|p2a: Bussunda|Moody|boost
|-boost|p2a: Bussunda|spe|2
|-unboost|p2a: Bussunda|spd|1
|upkeep
|turn|4
|inactive|1WeedBeard has 120 seconds left.
|
|-weather|none
|switch|p1a: Mew|Mew|100/100
|-activate|p1a: Mew|move: Sticky Web
|-unboost|p1a: Mew|spe|1
|move|p2a: Bussunda|Baton Pass|p2a: Bussunda
|inactive|1WeedBeard has 120 seconds left.
|
|switch|p2a: Blaziken|Blaziken, F, shiny|100/100|[from]move: Baton Pass
|
|upkeep
|turn|5
|inactive|1WeedBeard has 120 seconds left.
|
|move|p2a: Blaziken|Protect|p2a: Blaziken
|-singleturn|p2a: Blaziken|Protect
|move|p1a: Mew|Roar|p2a: Blaziken
|drag|p2a: Bussunda|Smeargle, M, shiny|57/100
|
|-ability|p2a: Bussunda|Moody|boost
|-boost|p2a: Bussunda|spe|2
|-unboost|p2a: Bussunda|def|1
|upkeep
|turn|6
|
|move|p2a: Bussunda|Spore|p1a: Mew
|-status|p1a: Mew|slp|[from] move: Spore
|cant|p1a: Mew|slp
|
|-ability|p2a: Bussunda|Moody|boost
|-boost|p2a: Bussunda|spd|2
|-unboost|p2a: Bussunda|spe|1
|upkeep
|turn|7
|
|move|p2a: Bussunda|Baton Pass|p2a: Bussunda
|
|switch|p2a: Agumon|Groudon, shiny|100/100|[from]move: Baton Pass
|detailschange|p2a: Agumon|Groudon-Primal, shiny
|-primal|p2a: Agumon
|-weather|DesolateLand|[from] ability: Desolate Land|[of] p2a: Agumon
|cant|p1a: Mew|slp
|
|-weather|DesolateLand|[upkeep]
|upkeep
|turn|8
|
|move|p2a: Agumon|Thunder Punch|p1a: Mew
|-crit|p1a: Mew
|-damage|p1a: Mew|45/100 slp
|-curestatus|p1a: Mew|slp|[msg]
|move|p1a: Mew|Roar|p2a: Agumon
|-weather|none
|drag|p2a: Mr Bungle|Xerneas, shiny|100/100
|-ability|p2a: Mr Bungle|Fairy Aura
|
|upkeep
|turn|9
|
|move|p2a: Mr Bungle|Moonblast|p1a: Mew
|-damage|p1a: Mew|0 fnt
|faint|p1a: Mew
|
|upkeep
|
|switch|p1a: Chansey|Chansey, F|100/100
|-activate|p1a: Chansey|move: Sticky Web
|-unboost|p1a: Chansey|spe|1
|turn|10
|
|switch|p2a: Bussunda|Smeargle, M, shiny|57/100
|move|p1a: Chansey|Minimize|p1a: Chansey
|-boost|p1a: Chansey|evasion|2
|
|-ability|p2a: Bussunda|Moody|boost
|-boost|p2a: Bussunda|spd|2
|-unboost|p2a: Bussunda|spa|1
|upkeep
|turn|11
|
|move|p2a: Bussunda|Spore|p1a: Chansey|[miss]
|-miss|p2a: Bussunda|p1a: Chansey
|move|p1a: Chansey|Toxic|p2a: Bussunda
|-status|p2a: Bussunda|tox
|
|-damage|p2a: Bussunda|50/100 tox|[from] psn
|-ability|p2a: Bussunda|Moody|boost
|-boost|p2a: Bussunda|spa|2
|-unboost|p2a: Bussunda|spe|1
|upkeep
|turn|12
|
|move|p2a: Bussunda|Spore|p1a: Chansey|[miss]
|-miss|p2a: Bussunda|p1a: Chansey
|move|p1a: Chansey|Minimize|p1a: Chansey
|-boost|p1a: Chansey|evasion|2
|
|-damage|p2a: Bussunda|38/100 tox|[from] psn
|-ability|p2a: Bussunda|Moody|boost
|-boost|p2a: Bussunda|spd|2
|-unboost|p2a: Bussunda|spa|1
|upkeep
|turn|13
|
|move|p2a: Bussunda|Spore|p1a: Chansey
|-status|p1a: Chansey|slp|[from] move: Spore
|cant|p1a: Chansey|slp
|
|-damage|p2a: Bussunda|20/100 tox|[from] psn
|-ability|p2a: Bussunda|Moody|boost
|-boost|p2a: Bussunda|spa|2
|-unboost|p2a: Bussunda|spd|1
|upkeep
|turn|14
|
|move|p2a: Bussunda|Baton Pass|p2a: Bussunda
|
|switch|p2a: Mr Bungle|Xerneas, shiny|100/100|[from]move: Baton Pass
|-ability|p2a: Mr Bungle|Fairy Aura
|-curestatus|p1a: Chansey|slp|[msg]
|move|p1a: Chansey|Minimize|p1a: Chansey
|-boost|p1a: Chansey|evasion|2
|
|upkeep
|turn|15
|
|move|p2a: Mr Bungle|Geomancy||[still]
|-prepare|p2a: Mr Bungle|Geomancy|p2a: Mr Bungle
|-enditem|p2a: Mr Bungle|Power Herb
|-anim|p2a: Mr Bungle|Geomancy|p2a: Mr Bungle
|-boost|p2a: Mr Bungle|spa|2
|-boost|p2a: Mr Bungle|spd|2
|-boost|p2a: Mr Bungle|spe|2
|move|p1a: Chansey|Toxic|p2a: Mr Bungle
|-status|p2a: Mr Bungle|tox
|
|-damage|p2a: Mr Bungle|94/100 tox|[from] psn
|upkeep
|turn|16
|
|move|p2a: Mr Bungle|Moonblast|p1a: Chansey|[miss]
|-miss|p2a: Mr Bungle|p1a: Chansey
|move|p1a: Chansey|Wish|p1a: Chansey
|
|-damage|p2a: Mr Bungle|82/100 tox|[from] psn
|upkeep
|turn|17
|
|move|p2a: Mr Bungle|Moonblast|p1a: Chansey
|-damage|p1a: Chansey|48/100
|move|p1a: Chansey|Toxic|p2a: Mr Bungle
|-fail|p2a: Mr Bungle|tox
|
|-heal|p1a: Chansey|98/100|[from] move: Wish|[wisher] Chansey
|-damage|p2a: Mr Bungle|64/100 tox|[from] psn
|upkeep
|turn|18
|
|-start|p2a: Mr Bungle|Dynamax
|-heal|p2a: Mr Bungle|64/100 tox|[silent]
|move|p2a: Mr Bungle|Max Starfall|p1a: Chansey
|-damage|p1a: Chansey|27/100
|-fieldstart|move: Misty Terrain
|move|p1a: Chansey|Wish|p1a: Chansey
|
|-damage|p2a: Mr Bungle|40/100 tox|[from] psn
|upkeep
|turn|19
|
|-start|p1a: Chansey|Dynamax
|-heal|p1a: Chansey|27/100|[silent]
|move|p1a: Chansey|Max Guard|p1a: Chansey
|-singleturn|p1a: Chansey|Max Guard
|move|p2a: Mr Bungle|Max Starfall|p1a: Chansey
|-activate|p1a: Chansey|move: Max Guard
|
|-heal|p1a: Chansey|52/100|[from] move: Wish|[wisher] Chansey
|-damage|p2a: Mr Bungle|9/100 tox|[from] psn
|upkeep
|turn|20
|
|move|p1a: Chansey|Max Guard|p1a: Chansey
|-singleturn|p1a: Chansey|Max Guard
|move|p2a: Mr Bungle|Max Starfall|p1a: Chansey
|-activate|p1a: Chansey|move: Max Guard
|
|-damage|p2a: Mr Bungle|0 fnt|[from] psn
|faint|p2a: Mr Bungle
|upkeep
|
|switch|p2a: Bussunda|Smeargle, M, shiny|20/100 tox
|turn|21
|
|move|p1a: Chansey|Max Guard||[still]
|-fail|p1a: Chansey
|move|p2a: Bussunda|Spore|p1a: Chansey|[miss]
|-miss|p2a: Bussunda|p1a: Chansey
|
|-damage|p2a: Bussunda|14/100 tox|[from] psn
|-ability|p2a: Bussunda|Moody|boost
|-boost|p2a: Bussunda|spe|2
|-unboost|p2a: Bussunda|def|1
|-end|p1a: Chansey|Dynamax
|-heal|p1a: Chansey|52/100|[silent]
|upkeep
|turn|22
|
|move|p2a: Bussunda|Spore|p1a: Chansey|[miss]
|-miss|p2a: Bussunda|p1a: Chansey
|move|p1a: Chansey|Toxic|p2a: Bussunda
|-fail|p2a: Bussunda|tox
|
|-damage|p2a: Bussunda|2/100 tox|[from] psn
|-fieldend|Misty Terrain
|-ability|p2a: Bussunda|Moody|boost
|-boost|p2a: Bussunda|spd|2
|-unboost|p2a: Bussunda|spa|1
|upkeep
|turn|23
|
|move|p2a: Bussunda|Spore|p1a: Chansey|[miss]
|-miss|p2a: Bussunda|p1a: Chansey
|move|p1a: Chansey|Soft-Boiled|p1a: Chansey
|-heal|p1a: Chansey|100/100
|
|-damage|p2a: Bussunda|0 fnt|[from] psn
|faint|p2a: Bussunda
|upkeep
|
|switch|p2a: Agumon|Groudon-Primal, shiny|100/100
|-weather|DesolateLand|[from] ability: Desolate Land|[of] p2a: Agumon
|turn|24
|
|move|p2a: Agumon|Thunder Punch|p1a: Chansey|[miss]
|-miss|p2a: Agumon|p1a: Chansey
|move|p1a: Chansey|Toxic|p2a: Agumon
|-status|p2a: Agumon|tox
|
|-weather|DesolateLand|[upkeep]
|-damage|p2a: Agumon|94/100 tox|[from] psn
|upkeep
|turn|25
|
|move|p2a: Agumon|Thunder Punch|p1a: Chansey
|-damage|p1a: Chansey|74/100
|move|p1a: Chansey|Wish|p1a: Chansey
|
|-weather|DesolateLand|[upkeep]
|-damage|p2a: Agumon|82/100 tox|[from] psn
|upkeep
|turn|26
|-message|1WeedBeard forfeited.
|
|win|Bobsican
|l|☆1WeedBeard
||Ladder (probably) updated, but score could not be retrieved (Response not received).
|error|Unexpected response null from ladder server.
