|j|☆Marshadow Marchers
|j|☆kvm1999
|t:|1660504859
|gametype|singles
|player|p1|Marshadow Marchers|bruno|
|player|p2|kvm1999|falkner|
|teamsize|p1|6
|teamsize|p2|6
|gen|8
|tier|[Gen 8] National Dex AG
|rule|HP Percentage Mod: HP is shown in percentages
|rule|Endless Battle Clause: Forcing endless battles is banned
|clearpoke
|poke|p1|Machamp, M|
|poke|p1|Kommo-o, M|
|poke|p1|Silvally-*|
|poke|p1|Zapdos-Galar|
|poke|p1|Lucario, F|
|poke|p1|Heracross, F|
|poke|p2|Lopunny, F|
|poke|p2|Ditto|
|poke|p2|Porygon-Z|
|poke|p2|Diggersby, F|
|poke|p2|Heliolisk, F|
|poke|p2|Blissey, F|
|teampreview
|inactive|Battle timer is ON: inactive players will automatically lose when time's up. (requested by kvm1999)
|c|☆kvm1999|Ok so gg lmao
|
|t:|1660504876
|start
|switch|p1a: Maaaaaaaan|Silvally-Fighting, shiny|100/100
|switch|p2a: Βewear|Lopunny, F|100/100
|turn|1
|c|☆Marshadow Marchers|Lol it's not done yet
|
|t:|1660504884
|detailschange|p2a: Βewear|Lopunny-Mega, F
|-mega|p2a: Βewear|Lopunny|Lopunnite
|move|p2a: Βewear|Fake Out|p1a: Maaaaaaaan
|-damage|p1a: Maaaaaaaan|76/100
|cant|p1a: Maaaaaaaan|flinch
|
|upkeep
|turn|2
|j| Sean&Andy
|
|t:|1660504890
|move|p2a: Βewear|U-turn|p1a: Maaaaaaaan
|-resisted|p1a: Maaaaaaaan
|-damage|p1a: Maaaaaaaan|62/100
|
|t:|1660504892
|switch|p2a: Αltaria|Blissey, F|100/100|[from]move: U-turn
|move|p1a: Maaaaaaaan|Thunder Wave|p2a: Αltaria
|-status|p2a: Αltaria|par
|
|upkeep
|turn|3
|
|t:|1660504913
|move|p1a: Maaaaaaaan|Multi-Attack|p2a: Αltaria
|-supereffective|p2a: Αltaria
|-damage|p2a: Αltaria|15/100 par
|move|p2a: Αltaria|Toxic|p1a: Maaaaaaaan
|-status|p1a: Maaaaaaaan|tox
|
|-damage|p1a: Maaaaaaaan|56/100 tox|[from] psn
|upkeep
|turn|4
|
|t:|1660504920
|move|p1a: Maaaaaaaan|U-turn|p2a: Αltaria
|-damage|p2a: Αltaria|0 fnt
|faint|p2a: Αltaria
|j| ShiftySwamps1
|
|t:|1660504930
|switch|p1a: Sadge|Zapdos-Galar|100/100|[from]move: U-turn
|
|upkeep
|
|t:|1660504935
|switch|p2a: Μew|Ditto|100/100
|-transform|p2a: Μew|p1a: Sadge|[from] ability: Imposter
|turn|5
|
|t:|1660504945
|move|p2a: Μew|Brave Bird|p1a: Sadge
|-supereffective|p1a: Sadge
|-damage|p1a: Sadge|0 fnt
|faint|p1a: Sadge
|-damage|p2a: Μew|65/100|[from] Recoil
|
|upkeep
|
|t:|1660504953
|switch|p1a: Maaaaaaaan|Silvally-Fighting, shiny|56/100 tox
|turn|6
|
|t:|1660504956
|move|p2a: Μew|Brave Bird|p1a: Maaaaaaaan
|-supereffective|p1a: Maaaaaaaan
|-damage|p1a: Maaaaaaaan|0 fnt
|faint|p1a: Maaaaaaaan
|-damage|p2a: Μew|45/100|[from] Recoil
|
|upkeep
|
|t:|1660504985
|switch|p1a: Bro Please|Kommo-o, M|100/100
|turn|7
|
|t:|1660504989
|move|p1a: Bro Please|Protect|p1a: Bro Please
|-singleturn|p1a: Bro Please|Protect
|move|p2a: Μew|Brave Bird|p1a: Bro Please
|-activate|p1a: Bro Please|move: Protect
|
|upkeep
|turn|8
|
|t:|1660504996
|switch|p2a: Porygon-Z|Porygon-Z|100/100
|move|p1a: Bro Please|Clangorous Soul|p1a: Bro Please
|-boost|p1a: Bro Please|atk|1
|-boost|p1a: Bro Please|def|1
|-boost|p1a: Bro Please|spa|1
|-boost|p1a: Bro Please|spd|1
|-boost|p1a: Bro Please|spe|1
|-damage|p1a: Bro Please|68/100
|
|upkeep
|turn|9
|
|t:|1660505003
|-zpower|p1a: Bro Please
|move|p1a: Bro Please|Clangorous Soulblaze|p2a: Porygon-Z|[zeffect]
|-damage|p2a: Porygon-Z|0 fnt
|faint|p2a: Porygon-Z
|-boost|p1a: Bro Please|atk|1
|-boost|p1a: Bro Please|def|1
|-boost|p1a: Bro Please|spa|1
|-boost|p1a: Bro Please|spd|1
|-boost|p1a: Bro Please|spe|1
|
|upkeep
|
|t:|1660505012
|switch|p2a: Βewear|Lopunny-Mega, F|100/100
|turn|10
|
|t:|1660505017
|move|p2a: Βewear|Fake Out|p1a: Bro Please
|-damage|p1a: Bro Please|57/100
|cant|p1a: Bro Please|flinch
|
|upkeep
|turn|11
|
|t:|1660505025
|move|p1a: Bro Please|Clanging Scales|p2a: Βewear
|-damage|p2a: Βewear|0 fnt
|faint|p2a: Βewear
|-unboost|p1a: Bro Please|def|1
|
|upkeep
|
|t:|1660505030
|switch|p2a: Μew|Ditto|45/100
|-transform|p2a: Μew|p1a: Bro Please|[from] ability: Imposter
|turn|12
|
|t:|1660505035
|move|p2a: Μew|Flash Cannon|p1a: Bro Please
|-damage|p1a: Bro Please|32/100
|move|p1a: Bro Please|Flash Cannon|p2a: Μew
|-damage|p2a: Μew|20/100
|-unboost|p2a: Μew|spd|1
|
|upkeep
|turn|13
|
|t:|1660505039
|move|p2a: Μew|Flash Cannon|p1a: Bro Please
|-damage|p1a: Bro Please|6/100
|move|p1a: Bro Please|Flash Cannon|p2a: Μew
|-damage|p2a: Μew|0 fnt
|faint|p2a: Μew
|
|upkeep
|
|t:|1660505041
|switch|p2a: Nidοking|Diggersby, F|100/100
|turn|14
|
|t:|1660505044
|move|p2a: Nidοking|Quick Attack|p1a: Bro Please
|-damage|p1a: Bro Please|0 fnt
|faint|p1a: Bro Please
|
|upkeep
|
|t:|1660505051
|switch|p1a: Come On Bro|Machamp, M|100/100
|turn|15
|
|t:|1660505059
|switch|p2a: Raiсhu|Heliolisk, F|100/100
|move|p1a: Come On Bro|Brick Break|p2a: Raiсhu
|-supereffective|p2a: Raiсhu
|-damage|p2a: Raiсhu|0 fnt
|faint|p2a: Raiсhu
|
|-status|p1a: Come On Bro|brn|[from] item: Flame Orb
|upkeep
|
|t:|1660505061
|switch|p2a: Nidοking|Diggersby, F|100/100
|turn|16
|
|t:|1660505069
|move|p2a: Nidοking|Body Slam|p1a: Come On Bro
|-crit|p1a: Come On Bro
|-damage|p1a: Come On Bro|0 fnt
|faint|p1a: Come On Bro
|
|upkeep
|
|t:|1660505077
|switch|p1a: Might lose a hit|Lucario, F|100/100
|turn|17
|
|t:|1660505090
|move|p2a: Nidοking|Body Slam|p1a: Might lose a hit
|-resisted|p1a: Might lose a hit
|-damage|p1a: Might lose a hit|28/100
|move|p1a: Might lose a hit|Aura Sphere|p2a: Nidοking
|-supereffective|p2a: Nidοking
|-damage|p2a: Nidοking|0 fnt
|faint|p2a: Nidοking
|
|win|Marshadow Marchers
|l|☆kvm1999
