|j|☆Kamikasero
|j|☆Pokeashbattle
|t:|1667574581
|gametype|singles
|player|p1|Kamikasero|clerk|1633
|player|p2|Pokeashbattle|alain|1763
|teamsize|p1|6
|teamsize|p2|6
|gen|8
|tier|[Gen 8] National Dex AG
|rated|
|rule|HP Percentage Mod: HP is shown in percentages
|rule|Endless Battle Clause: Forcing endless battles is banned
|clearpoke
|poke|p1|Melmetal|
|poke|p1|Hatterene, F|
|poke|p1|Melmetal|
|poke|p1|Hatterene, F|
|poke|p1|Melmetal|
|poke|p1|Hatterene, F|
|poke|p2|Ditto|
|poke|p2|Deoxys-Speed|
|poke|p2|Calyrex-Shadow|
|poke|p2|Yveltal|
|poke|p2|Zacian-*|
|poke|p2|Marshadow|
|teampreview
|inactive|Battle timer is ON: inactive players will automatically lose when time's up. (requested by Kamikasero)
|inactive|Pokeashbattle also wants the timer to be on.
|
|t:|1667574588
|start
|switch|p1a: Hatterene|Hatterene, F|100/100
|switch|p2a: Deoxys|Deoxys-Speed, shiny|100/100
|-ability|p2a: Deoxys|Pressure
|turn|1
|
|t:|1667574595
|move|p2a: Deoxys|Skill Swap|p1a: Hatterene
|-activate|p2a: Deoxys|move: Skill Swap|Magic Bounce|Pressure|[of] p1a: Hatterene
|-ability|p1a: Hatterene|Pressure
|move|p1a: Hatterene|Trick Room|p1a: Hatterene
|-fieldstart|move: Trick Room|[of] p1a: Hatterene
|
|upkeep
|turn|2
|
|t:|1667574606
|switch|p1a: Hatterene|Hatterene, F|100/100
|move|p2a: Deoxys|Magic Coat|p2a: Deoxys
|-singleturn|p2a: Deoxys|move: Magic Coat
|
|upkeep
|turn|3
|
|t:|1667574613
|move|p1a: Hatterene|Psyshock|p2a: Deoxys
|-resisted|p2a: Deoxys
|-damage|p2a: Deoxys|73/100
|move|p2a: Deoxys|Skill Swap|p1a: Hatterene
|-activate|p2a: Deoxys|move: Skill Swap|Magic Bounce|Magic Bounce|[of] p1a: Hatterene
|
|upkeep
|turn|4
|
|t:|1667574622
|move|p2a: Deoxys|Magic Coat|p2a: Deoxys
|-singleturn|p2a: Deoxys|move: Magic Coat
|move|p1a: Hatterene|Misty Explosion|p2a: Deoxys
|-damage|p2a: Deoxys|0 fnt
|faint|p1a: Hatterene
|faint|p2a: Deoxys
|
|upkeep
|
|t:|1667574634
|switch|p1a: Melmetal|Melmetal|100/100
|switch|p2a: Ditto|Ditto, shiny|100/100
|-transform|p2a: Ditto|p1a: Melmetal|[from] ability: Imposter
|turn|5
|
|t:|1667574639
|switch|p2a: Yveltal|Yveltal, shiny|100/100
|-ability|p2a: Yveltal|Dark Aura
|move|p1a: Melmetal|Double Iron Bash|p2a: Yveltal
|-crit|p2a: Yveltal
|-damage|p2a: Yveltal|5/100
|-damage|p2a: Yveltal|0 fnt
|faint|p2a: Yveltal
|-hitcount|p2: Yveltal|2
|
|-fieldend|move: Trick Room
|upkeep
|
|t:|1667574647
|switch|p2a: Calyrex|Calyrex-Shadow|100/100
|-ability|p2a: Calyrex|As One
|-ability|p2a: Calyrex|Unnerve
|turn|6
|
|t:|1667574652
|move|p2a: Calyrex|Astral Barrage|p1a: Melmetal
|-damage|p1a: Melmetal|30/100
|move|p1a: Melmetal|Double Iron Bash|p2a: Calyrex
|-damage|p2a: Calyrex|26/100
|-damage|p2a: Calyrex|0 fnt
|faint|p2a: Calyrex
|-hitcount|p2: Calyrex|2
|
|upkeep
|
|t:|1667574662
|switch|p2a: Zacian|Zacian-Crowned, shiny|100/100
|-ability|p2a: Zacian|Intrepid Sword|boost
|-boost|p2a: Zacian|atk|1
|turn|7
|
|t:|1667574667
|move|p2a: Zacian|Wild Charge|p1a: Melmetal
|-damage|p1a: Melmetal|0 fnt
|faint|p1a: Melmetal
|-damage|p2a: Zacian|90/100|[from] Recoil
|
|upkeep
|
|t:|1667574671
|switch|p1a: Hatterene|Hatterene, F|100/100
|turn|8
|
|t:|1667574676
|move|p2a: Zacian|Substitute|p2a: Zacian
|-start|p2a: Zacian|Substitute
|-damage|p2a: Zacian|65/100
|move|p1a: Hatterene|Trick Room|p1a: Hatterene
|-fieldstart|move: Trick Room|[of] p1a: Hatterene
|
|upkeep
|turn|9
|
|t:|1667574681
|move|p1a: Hatterene|Misty Explosion|p2a: Zacian
|-resisted|p2a: Zacian
|-end|p2a: Zacian|Substitute
|faint|p1a: Hatterene
|move|p2a: Zacian|Behemoth Blade|p1: Hatterene|[notarget]
|-fail|p2a: Zacian
|
|upkeep
|
|t:|1667574684
|switch|p1a: Melmetal|Melmetal|100/100
|turn|10
|
|t:|1667574686
|move|p1a: Melmetal|Double Iron Bash|p2a: Zacian
|-damage|p2a: Zacian|4/100
|-damage|p2a: Zacian|0 fnt
|faint|p2a: Zacian
|-hitcount|p2: Zacian|2
|
|upkeep
|
|t:|1667574694
|switch|p2a: Marshadow|Marshadow|100/100
|turn|11
|
|t:|1667574700
|-start|p2a: Marshadow|Dynamax|
|-heal|p2a: Marshadow|100/100|[silent]
|move|p1a: Melmetal|Double Iron Bash|p2a: Marshadow
|-crit|p2a: Marshadow
|-damage|p2a: Marshadow|42/100
|-damage|p2a: Marshadow|3/100
|-hitcount|p2a: Marshadow|2
|move|p2a: Marshadow|Max Knuckle|p1a: Melmetal
|-supereffective|p1a: Melmetal
|-damage|p1a: Melmetal|50/100
|-boost|p2a: Marshadow|atk|1
|
|upkeep
|turn|12
|
|t:|1667574712
|move|p1a: Melmetal|Double Iron Bash|p2a: Marshadow
|-damage|p2a: Marshadow|0 fnt
|faint|p2a: Marshadow
|-hitcount|p2: Marshadow|1
|
|-fieldend|move: Trick Room
|upkeep
|
|t:|1667574715
|switch|p2a: Ditto|Ditto, shiny|100/100
|-transform|p2a: Ditto|p1a: Melmetal|[from] ability: Imposter
|turn|13
|
|t:|1667574720
|move|p1a: Melmetal|Double Iron Bash|p2a: Ditto
|-resisted|p2a: Ditto
|-damage|p2a: Ditto|73/100
|-resisted|p2a: Ditto
|-damage|p2a: Ditto|47/100
|-hitcount|p2a: Ditto|2
|cant|p2a: Ditto|flinch
|
|upkeep
|turn|14
|
|t:|1667574727
|move|p1a: Melmetal|Double Iron Bash|p2a: Ditto
|-resisted|p2a: Ditto
|-crit|p2a: Ditto
|-damage|p2a: Ditto|7/100
|-resisted|p2a: Ditto
|-damage|p2a: Ditto|0 fnt
|faint|p2a: Ditto
|-hitcount|p2: Ditto|2
|
|win|Kamikasero
|raw|Kamikasero's rating: 1633 &rarr; <strong>1660</strong><br />(+27 for winning)
|raw|Pokeashbattle's rating: 1763 &rarr; <strong>1736</strong><br />(-27 for losing)
