|j|☆WoShiAChen
|j|☆Defensive0
|t:|1668225188
|gametype|singles
|player|p1|WoShiAChen|ghetsis-gen5bw|1707
|player|p2|Defensive0|riley|2011
|teamsize|p1|6
|teamsize|p2|6
|gen|8
|tier|[Gen 8] National Dex AG
|rated|
|rule|HP Percentage Mod: HP is shown in percentages
|rule|Endless Battle Clause: Forcing endless battles is banned
|clearpoke
|poke|p1|Necrozma-Dusk-Mane|
|poke|p1|Lugia|
|poke|p1|Rayquaza|
|poke|p1|Ditto|
|poke|p1|Groudon|
|poke|p1|Kyogre|
|poke|p2|Kyogre|
|poke|p2|Ditto|
|poke|p2|Xerneas-*|
|poke|p2|Arceus-*|
|poke|p2|Arceus-*|
|poke|p2|Necrozma-Dusk-Mane|
|teampreview
|inactive|Battle timer is ON: inactive players will automatically lose when time's up. (requested by Defensive0)
|
|t:|1668225197
|start
|switch|p1a: Groudon|Groudon, shiny|100/100
|switch|p2a: Necrozma|Necrozma-Dusk-Mane|100/100
|detailschange|p1a: Groudon|Groudon-Primal, shiny
|-primal|p1a: Groudon
|-weather|DesolateLand|[from] ability: Desolate Land|[of] p1a: Groudon
|turn|1
|
|t:|1668225201
|move|p1a: Groudon|Stealth Rock|p2a: Necrozma
|-sidestart|p2: Defensive0|move: Stealth Rock
|move|p2a: Necrozma|Stealth Rock|p1a: Groudon
|-sidestart|p1: WoShiAChen|move: Stealth Rock
|
|-weather|DesolateLand|[upkeep]
|upkeep
|turn|2
|
|t:|1668225206
|switch|p2a: Kyogre|Kyogre|100/100
|-damage|p2a: Kyogre|88/100|[from] Stealth Rock
|detailschange|p2a: Kyogre|Kyogre-Primal
|-primal|p2a: Kyogre
|-weather|PrimordialSea|[from] ability: Primordial Sea|[of] p2a: Kyogre
|move|p1a: Groudon|Earthquake|p2a: Kyogre
|-crit|p2a: Kyogre
|-damage|p2a: Kyogre|7/100
|
|-weather|PrimordialSea|[upkeep]
|upkeep
|turn|3
|
|t:|1668225212
|move|p2a: Kyogre|Rest|p2a: Kyogre
|-status|p2a: Kyogre|slp|[from] move: Rest
|-heal|p2a: Kyogre|100/100 slp|[silent]
|move|p1a: Groudon|Earthquake|p2a: Kyogre
|-damage|p2a: Kyogre|45/100 slp
|
|-weather|PrimordialSea|[upkeep]
|upkeep
|turn|4
|
|t:|1668225217
|cant|p2a: Kyogre|slp
|move|p2a: Kyogre|Sleep Talk|p2a: Kyogre
|move|p2a: Kyogre|Ice Beam|p1a: Groudon|[from]move: Sleep Talk
|-damage|p1a: Groudon|62/100
|move|p1a: Groudon|Earthquake|p2a: Kyogre
|-damage|p2a: Kyogre|0 fnt
|faint|p2a: Kyogre
|-weather|none
|
|upkeep
|
|t:|1668225228
|switch|p2a: Ditto|Ditto, shiny|100/100
|-damage|p2a: Ditto|88/100|[from] Stealth Rock
|-transform|p2a: Ditto|p1a: Groudon|[from] ability: Imposter
|-weather|DesolateLand|[from] ability: Desolate Land|[of] p2a: Ditto
|turn|5
|
|t:|1668225232
|move|p2a: Ditto|Earthquake|p1a: Groudon
|-supereffective|p1a: Groudon
|-damage|p1a: Groudon|19/100
|move|p1a: Groudon|Toxic|p2a: Ditto
|-status|p2a: Ditto|tox
|
|-weather|DesolateLand|[upkeep]
|-damage|p2a: Ditto|82/100 tox|[from] psn
|upkeep
|turn|6
|
|t:|1668225237
|move|p2a: Ditto|Earthquake|p1a: Groudon
|-supereffective|p1a: Groudon
|-damage|p1a: Groudon|0 fnt
|faint|p1a: Groudon
|
|-weather|DesolateLand|[upkeep]
|-damage|p2a: Ditto|70/100 tox|[from] psn
|upkeep
|
|t:|1668225240
|switch|p1a: Kyogre|Kyogre, shiny|100/100
|-damage|p1a: Kyogre|88/100|[from] Stealth Rock
|detailschange|p1a: Kyogre|Kyogre-Primal, shiny
|-primal|p1a: Kyogre
|-weather|PrimordialSea|[from] ability: Primordial Sea|[of] p1a: Kyogre
|turn|7
|
|t:|1668225244
|move|p2a: Ditto|Earthquake|p1a: Kyogre
|-damage|p1a: Kyogre|32/100
|move|p1a: Kyogre|Hydro Pump|p2a: Ditto
|-supereffective|p2a: Ditto
|-damage|p2a: Ditto|0 fnt
|faint|p2a: Ditto
|
|-weather|PrimordialSea|[upkeep]
|upkeep
|
|t:|1668225251
|switch|p2a: Arceus|Arceus|100/100
|-damage|p2a: Arceus|88/100|[from] Stealth Rock
|turn|8
|
|t:|1668225255
|-weather|none
|switch|p1a: Necrozma|Necrozma-Dusk-Mane, shiny|100/100
|-damage|p1a: Necrozma|94/100|[from] Stealth Rock
|move|p2a: Arceus|Extreme Speed|p1a: Necrozma
|-resisted|p1a: Necrozma
|-damage|p1a: Necrozma|83/100
|-damage|p2a: Arceus|71/100|[from] item: Rocky Helmet|[of] p1a: Necrozma
|
|upkeep
|turn|9
|
|t:|1668225259
|move|p2a: Arceus|Recover|p2a: Arceus
|-heal|p2a: Arceus|100/100
|move|p1a: Necrozma|Morning Sun|p1a: Necrozma
|-heal|p1a: Necrozma|100/100
|
|upkeep
|turn|10
|
|t:|1668225267
|switch|p2a: Necrozma|Necrozma-Dusk-Mane|100/100
|-damage|p2a: Necrozma|94/100|[from] Stealth Rock
|move|p1a: Necrozma|Earthquake|p2a: Necrozma
|-supereffective|p2a: Necrozma
|-damage|p2a: Necrozma|69/100
|
|upkeep
|turn|11
|
|t:|1668225273
|move|p1a: Necrozma|Earthquake|p2a: Necrozma
|-supereffective|p2a: Necrozma
|-damage|p2a: Necrozma|42/100
|move|p2a: Necrozma|Thunder Wave|p1a: Necrozma
|-status|p1a: Necrozma|par
|
|upkeep
|turn|12
|
|t:|1668225276
|move|p2a: Necrozma|Iron Head|p1a: Necrozma
|-resisted|p1a: Necrozma
|-damage|p1a: Necrozma|90/100 par
|-damage|p2a: Necrozma|26/100|[from] item: Rocky Helmet|[of] p1a: Necrozma
|cant|p1a: Necrozma|par
|
|upkeep
|turn|13
|
|t:|1668225278
|move|p2a: Necrozma|Morning Sun|p2a: Necrozma
|-heal|p2a: Necrozma|76/100
|cant|p1a: Necrozma|par
|
|upkeep
|turn|14
|
|t:|1668225286
|move|p2a: Necrozma|Iron Head|p1a: Necrozma
|-resisted|p1a: Necrozma
|-damage|p1a: Necrozma|80/100 par
|-damage|p2a: Necrozma|59/100|[from] item: Rocky Helmet|[of] p1a: Necrozma
|move|p1a: Necrozma|Earthquake|p2a: Necrozma
|-supereffective|p2a: Necrozma
|-damage|p2a: Necrozma|33/100
|
|upkeep
|turn|15
|
|t:|1668225293
|move|p2a: Necrozma|Morning Sun|p2a: Necrozma
|-heal|p2a: Necrozma|83/100
|cant|p1a: Necrozma|par
|
|upkeep
|turn|16
|
|t:|1668225297
|switch|p2a: Arceus|Arceus|100/100
|-damage|p2a: Arceus|88/100|[from] Stealth Rock
|move|p1a: Necrozma|Earthquake|p2a: Arceus
|-damage|p2a: Arceus|66/100
|
|upkeep
|turn|17
|
|t:|1668225301
|move|p2a: Arceus|Swords Dance|p2a: Arceus
|-boost|p2a: Arceus|atk|2
|cant|p1a: Necrozma|par
|
|upkeep
|turn|18
|
|t:|1668225304
|move|p2a: Arceus|Shadow Claw|p1a: Necrozma
|-supereffective|p1a: Necrozma
|-damage|p1a: Necrozma|39/100 par
|-damage|p2a: Arceus|49/100|[from] item: Rocky Helmet|[of] p1a: Necrozma
|move|p1a: Necrozma|Sunsteel Strike|p2a: Arceus
|-damage|p2a: Arceus|18/100
|
|upkeep
|turn|19
|
|t:|1668225309
|move|p2a: Arceus|Recover|p2a: Arceus
|-heal|p2a: Arceus|68/100
|move|p1a: Necrozma|Morning Sun|p1a: Necrozma
|-heal|p1a: Necrozma|89/100 par
|
|upkeep
|turn|20
|
|t:|1668225313
|move|p2a: Arceus|Recover|p2a: Arceus
|-heal|p2a: Arceus|100/100
|cant|p1a: Necrozma|par
|
|upkeep
|turn|21
|
|t:|1668225317
|move|p2a: Arceus|Shadow Claw|p1a: Necrozma
|-supereffective|p1a: Necrozma
|-damage|p1a: Necrozma|51/100 par
|-damage|p2a: Arceus|84/100|[from] item: Rocky Helmet|[of] p1a: Necrozma
|cant|p1a: Necrozma|par
|
|upkeep
|turn|22
|
|t:|1668225320
|move|p2a: Arceus|Shadow Claw|p1a: Necrozma
|-supereffective|p1a: Necrozma
|-damage|p1a: Necrozma|9/100 par
|-damage|p2a: Arceus|67/100|[from] item: Rocky Helmet|[of] p1a: Necrozma
|move|p1a: Necrozma|Morning Sun|p1a: Necrozma
|-heal|p1a: Necrozma|59/100 par
|
|upkeep
|turn|23
|
|t:|1668225325
|move|p2a: Arceus|Shadow Claw|p1a: Necrozma
|-supereffective|p1a: Necrozma
|-damage|p1a: Necrozma|22/100 par
|-damage|p2a: Arceus|50/100|[from] item: Rocky Helmet|[of] p1a: Necrozma
|move|p1a: Necrozma|Morning Sun|p1a: Necrozma
|-heal|p1a: Necrozma|72/100 par
|
|upkeep
|turn|24
|
|t:|1668225353
|move|p2a: Arceus|Recover|p2a: Arceus
|-heal|p2a: Arceus|100/100
|move|p1a: Necrozma|Morning Sun|p1a: Necrozma
|-heal|p1a: Necrozma|100/100 par
|
|upkeep
|turn|25
|
|t:|1668225366
|move|p2a: Arceus|Shadow Claw|p1a: Necrozma
|-supereffective|p1a: Necrozma
|-damage|p1a: Necrozma|61/100 par
|-damage|p2a: Arceus|84/100|[from] item: Rocky Helmet|[of] p1a: Necrozma
|move|p1a: Necrozma|Sunsteel Strike|p2a: Arceus
|-damage|p2a: Arceus|53/100
|
|upkeep
|turn|26
|
|t:|1668225371
|move|p2a: Arceus|Recover|p2a: Arceus
|-heal|p2a: Arceus|100/100
|move|p1a: Necrozma|Sunsteel Strike|p2a: Arceus
|-damage|p2a: Arceus|68/100
|
|upkeep
|turn|27
|
|t:|1668225377
|move|p2a: Arceus|Shadow Claw|p1a: Necrozma
|-supereffective|p1a: Necrozma
|-damage|p1a: Necrozma|20/100 par
|-damage|p2a: Arceus|51/100|[from] item: Rocky Helmet|[of] p1a: Necrozma
|move|p1a: Necrozma|Morning Sun|p1a: Necrozma
|-heal|p1a: Necrozma|70/100 par
|
|upkeep
|turn|28
|
|t:|1668225382
|move|p2a: Arceus|Recover|p2a: Arceus
|-heal|p2a: Arceus|100/100
|move|p1a: Necrozma|Sunsteel Strike|p2a: Arceus
|-damage|p2a: Arceus|68/100
|
|upkeep
|turn|29
|
|t:|1668225398
|move|p2a: Arceus|Shadow Claw|p1a: Necrozma
|-supereffective|p1a: Necrozma
|-damage|p1a: Necrozma|27/100 par
|-damage|p2a: Arceus|51/100|[from] item: Rocky Helmet|[of] p1a: Necrozma
|move|p1a: Necrozma|Earthquake|p2a: Arceus
|-crit|p2a: Arceus
|-damage|p2a: Arceus|20/100
|
|upkeep
|turn|30
|
|t:|1668225405
|move|p2a: Arceus|Recover|p2a: Arceus
|-heal|p2a: Arceus|70/100
|move|p1a: Necrozma|Morning Sun|p1a: Necrozma
|-heal|p1a: Necrozma|77/100 par
|
|upkeep
|turn|31
|
|t:|1668225428
|move|p2a: Arceus|Shadow Claw|p1a: Necrozma
|-supereffective|p1a: Necrozma
|-crit|p1a: Necrozma
|-damage|p1a: Necrozma|18/100 par
|-damage|p2a: Arceus|54/100|[from] item: Rocky Helmet|[of] p1a: Necrozma
|move|p1a: Necrozma|Sunsteel Strike|p2a: Arceus
|-damage|p2a: Arceus|20/100
|
|upkeep
|turn|32
|
|t:|1668225433
|move|p2a: Arceus|Recover|p2a: Arceus
|-heal|p2a: Arceus|70/100
|move|p1a: Necrozma|Morning Sun|p1a: Necrozma
|-heal|p1a: Necrozma|68/100 par
|
|upkeep
|turn|33
|
|t:|1668225439
|move|p2a: Arceus|Shadow Claw|p1a: Necrozma
|-supereffective|p1a: Necrozma
|-damage|p1a: Necrozma|30/100 par
|-damage|p2a: Arceus|53/100|[from] item: Rocky Helmet|[of] p1a: Necrozma
|move|p1a: Necrozma|Sunsteel Strike|p2a: Arceus
|-damage|p2a: Arceus|22/100
|
|upkeep
|turn|34
|
|t:|1668225447
|move|p2a: Arceus|Recover|p2a: Arceus
|-heal|p2a: Arceus|72/100
|cant|p1a: Necrozma|par
|
|upkeep
|turn|35
|
|t:|1668225451
|move|p2a: Arceus|Recover|p2a: Arceus
|-heal|p2a: Arceus|100/100
|move|p1a: Necrozma|Sunsteel Strike|p2a: Arceus
|-damage|p2a: Arceus|65/100
|
|upkeep
|turn|36
|
|t:|1668225454
|move|p2a: Arceus|Recover|p2a: Arceus
|-heal|p2a: Arceus|100/100
|move|p1a: Necrozma|Sunsteel Strike|p2a: Arceus
|-damage|p2a: Arceus|66/100
|
|upkeep
|turn|37
|
|t:|1668225456
|move|p2a: Arceus|Recover|p2a: Arceus
|-heal|p2a: Arceus|100/100
|cant|p1a: Necrozma|par
|
|upkeep
|turn|38
|
|t:|1668225459
|move|p2a: Arceus|Shadow Claw|p1a: Necrozma
|-supereffective|p1a: Necrozma
|-damage|p1a: Necrozma|0 fnt
|-damage|p2a: Arceus|84/100|[from] item: Rocky Helmet|[of] p1a: Necrozma
|faint|p1a: Necrozma
|
|upkeep
|
|t:|1668225463
|switch|p1a: Lugia|Lugia, shiny|100/100
|turn|39
|
|t:|1668225468
|move|p2a: Arceus|Shadow Claw|p1a: Lugia
|-supereffective|p1a: Lugia
|-damage|p1a: Lugia|73/100
|move|p1a: Lugia|Thunder Wave|p2a: Arceus
|-status|p2a: Arceus|par
|-enditem|p2a: Arceus|Lum Berry|[eat]
|-curestatus|p2a: Arceus|par|[msg]
|
|upkeep
|turn|40
|
|t:|1668225471
|move|p2a: Arceus|Shadow Claw|p1a: Lugia
|-supereffective|p1a: Lugia
|-damage|p1a: Lugia|21/100
|move|p1a: Lugia|Thunder Wave|p2a: Arceus
|-status|p2a: Arceus|par
|
|upkeep
|turn|41
|
|t:|1668225475
|move|p2a: Arceus|Extreme Speed|p1a: Lugia
|-damage|p1a: Lugia|0 fnt
|faint|p1a: Lugia
|
|upkeep
|
|t:|1668225479
|switch|p1a: Rayquaza|Rayquaza, shiny|100/100
|-damage|p1a: Rayquaza|76/100|[from] Stealth Rock
|-ability|p1a: Rayquaza|Air Lock
|turn|42
|
|t:|1668225482
|detailschange|p1a: Rayquaza|Rayquaza-Mega, shiny
|-mega|p1a: Rayquaza|Rayquaza|
|-weather|DeltaStream|[from] ability: Delta Stream|[of] p1a: Rayquaza
|move|p2a: Arceus|Extreme Speed|p1a: Rayquaza
|-damage|p1a: Rayquaza|0 fnt
|faint|p1a: Rayquaza
|-weather|none
|
|upkeep
|
|t:|1668225500
|switch|p1a: Kyogre|Kyogre-Primal, shiny|32/100
|-damage|p1a: Kyogre|20/100|[from] Stealth Rock
|-weather|PrimordialSea|[from] ability: Primordial Sea|[of] p1a: Kyogre
|turn|43
|
|t:|1668225504
|move|p2a: Arceus|Extreme Speed|p1a: Kyogre
|-damage|p1a: Kyogre|0 fnt
|faint|p1a: Kyogre
|-weather|none
|
|upkeep
|
|t:|1668225507
|switch|p1a: Ditto|Ditto|100/100
|-damage|p1a: Ditto|88/100|[from] Stealth Rock
|-transform|p1a: Ditto|p2a: Arceus|[from] ability: Imposter
|turn|44
|
|t:|1668225511
|-start|p2a: Arceus|Dynamax|
|-heal|p2a: Arceus|84/100 par|[silent]
|move|p1a: Ditto|Extreme Speed|p2a: Arceus
|-damage|p2a: Arceus|54/100 par
|move|p2a: Arceus|Max Strike|p1a: Ditto
|-damage|p1a: Ditto|0 fnt
|faint|p1a: Ditto
|
|win|Defensive0
|raw|WoShiAChen's rating: 1707 &rarr; <strong>1701</strong><br />(-6 for losing)
|raw|Defensive0's rating: 2011 &rarr; <strong>2017</strong><br />(+6 for winning)
|l|☆WoShiAChen
