|j|☆Billette uwu
|j|‽Flynn Watson ^~^
|t:|1646072009
|gametype|singles
|player|p1|Billette uwu|unknownf|
|player|p2|Flynn Watson ^~^|darach|
|teamsize|p1|6
|teamsize|p2|6
|gen|8
|tier|[Gen 8] National Dex AG
|rule|HP Percentage Mod: HP is shown in percentages
|rule|Endless Battle Clause: Forcing endless battles is banned
|clearpoke
|poke|p1|Arceus-*|
|poke|p1|Mewtwo|
|poke|p1|Yveltal|
|poke|p1|Necrozma-Dusk-Mane|
|poke|p1|Zygarde|
|poke|p1|Xerneas-*|
|poke|p2|Arceus-*|
|poke|p2|Necrozma-Dusk-Mane|
|poke|p2|Arceus-*|
|poke|p2|Rayquaza|
|poke|p2|Eternatus|
|poke|p2|Yveltal|
|teampreview
|inactive|Battle timer is ON: inactive players will automatically lose when time's up. (requested by Billette uwu)
|inactive|Flynn Watson ^~^ also wants the timer to be on.
|inactive|Billette uwu has 270 seconds left.
|
|t:|1646072053
|start
|switch|p1a: Mewtwo|Mewtwo|100/100
|switch|p2a: Necrozma|Necrozma-Dusk-Mane|100/100
|-ability|p1a: Mewtwo|Unnerve
|turn|1
|
|t:|1646072056
|detailschange|p1a: Mewtwo|Mewtwo-Mega-Y
|-mega|p1a: Mewtwo|Mewtwo|Mewtwonite Y
|move|p1a: Mewtwo|Nasty Plot|p1a: Mewtwo
|-boost|p1a: Mewtwo|spa|2
|move|p2a: Necrozma|Thunder Wave|p1a: Mewtwo
|-status|p1a: Mewtwo|par
|
|upkeep
|turn|2
|
|t:|1646072061
|switch|p2a: Yveltal|Yveltal|100/100
|-ability|p2a: Yveltal|Dark Aura
|cant|p1a: Mewtwo|par
|
|upkeep
|turn|3
|
|t:|1646072064
|move|p2a: Yveltal|Snarl|p1a: Mewtwo
|-supereffective|p1a: Mewtwo
|-damage|p1a: Mewtwo|49/100 par
|-unboost|p1a: Mewtwo|spa|1
|cant|p1a: Mewtwo|par
|
|upkeep
|turn|4
|
|t:|1646072075
|move|p2a: Yveltal|Snarl|p1a: Mewtwo
|-supereffective|p1a: Mewtwo
|-damage|p1a: Mewtwo|0 fnt
|faint|p1a: Mewtwo
|
|upkeep
|
|t:|1646072081
|switch|p1a: Arceus|Arceus|100/100
|turn|5
|
|t:|1646072102
|switch|p2a: Necrozma|Necrozma-Dusk-Mane|100/100
|move|p1a: Arceus|Swords Dance|p1a: Arceus
|-boost|p1a: Arceus|atk|2
|
|upkeep
|turn|6
|
|t:|1646072113
|switch|p1a: Zygarde|Zygarde|100/100
|move|p2a: Necrozma|Thunder Wave|p1a: Zygarde
|-immune|p1a: Zygarde
|
|upkeep
|turn|7
|
|t:|1646072116
|move|p1a: Zygarde|Glare|p2a: Necrozma
|-status|p2a: Necrozma|par
|move|p2a: Necrozma|Stealth Rock|p1a: Zygarde
|-sidestart|p1: Billette uwu|move: Stealth Rock
|
|upkeep
|turn|8
|
|t:|1646072128
|move|p1a: Zygarde|Glare|p2a: Necrozma
|-fail|p2a: Necrozma|par
|move|p2a: Necrozma|Thunder Wave|p1a: Zygarde
|-immune|p1a: Zygarde
|
|upkeep
|turn|9
|
|t:|1646072142
|switch|p2a: Arceus|Arceus-Water|100/100
|move|p1a: Zygarde|Glare|p2a: Arceus
|-status|p2a: Arceus|par
|
|upkeep
|turn|10
|
|t:|1646072154
|switch|p1a: Arceus|Arceus|100/100
|-damage|p1a: Arceus|88/100|[from] Stealth Rock
|switch|p2a: Arceus|Arceus-Electric|100/100
|
|upkeep
|turn|11
|
|t:|1646072177
|switch|p2a: Necrozma|Necrozma-Dusk-Mane|100/100 par
|move|p1a: Arceus|Swords Dance|p1a: Arceus
|-boost|p1a: Arceus|atk|2
|
|upkeep
|turn|12
|inactive|Billette uwu has 270 seconds left.
|inactive|Billette uwu has 240 seconds left.
|
|t:|1646072256
|-start|p2a: Necrozma|Dynamax
|-heal|p2a: Necrozma|100/100 par|[silent]
|move|p1a: Arceus|Shadow Claw|p2a: Necrozma
|-supereffective|p2a: Necrozma
|-damage|p2a: Necrozma|82/100 par
|-damage|p1a: Arceus|71/100|[from] item: Rocky Helmet|[of] p2a: Necrozma
|move|p2a: Necrozma|Max Steelspike|p1a: Arceus
|-damage|p1a: Arceus|30/100
|-boost|p2a: Necrozma|def|1
|
|upkeep
|turn|13
|
|t:|1646072262
|move|p1a: Arceus|Recover|p1a: Arceus
|-heal|p1a: Arceus|80/100
|cant|p2a: Necrozma|par
|
|upkeep
|turn|14
|
|t:|1646072265
|move|p1a: Arceus|Swords Dance|p1a: Arceus
|-boost|p1a: Arceus|atk|2
|cant|p2a: Necrozma|par
|
|-end|p2a: Necrozma|Dynamax
|-heal|p2a: Necrozma|82/100 par|[silent]
|upkeep
|turn|15
|inactive|Billette uwu has 240 seconds left.
|
|t:|1646072282
|-start|p1a: Arceus|Dynamax
|-heal|p1a: Arceus|80/100|[silent]
|move|p1a: Arceus|Max Phantasm|p2a: Necrozma
|-supereffective|p2a: Necrozma
|-damage|p2a: Necrozma|20/100 par
|-unboost|p2a: Necrozma|def|1
|move|p2a: Necrozma|Thunder Wave|p1a: Arceus
|-status|p1a: Arceus|par
|
|upkeep
|turn|16
|
|t:|1646072290
|move|p1a: Arceus|Max Strike|p2a: Necrozma
|-resisted|p2a: Necrozma
|-damage|p2a: Necrozma|0 fnt
|faint|p2a: Necrozma
|
|upkeep
|
|t:|1646072311
|switch|p2a: Rayquaza|Rayquaza|100/100
|-ability|p2a: Rayquaza|Air Lock
|turn|17
|
|t:|1646072315
|detailschange|p2a: Rayquaza|Rayquaza-Mega
|-mega|p2a: Rayquaza|Rayquaza|
|-weather|DeltaStream|[from] ability: Delta Stream|[of] p2a: Rayquaza
|move|p2a: Rayquaza|Dragon Ascent|p1a: Arceus
|-damage|p1a: Arceus|40/100 par
|-unboost|p2a: Rayquaza|def|1
|-unboost|p2a: Rayquaza|spd|1
|-damage|p2a: Rayquaza|91/100|[from] item: Life Orb
|cant|p1a: Arceus|par
|
|-weather|DeltaStream|[upkeep]
|-end|p1a: Arceus|Dynamax
|-heal|p1a: Arceus|40/100 par|[silent]
|upkeep
|turn|18
|
|t:|1646072321
|move|p2a: Rayquaza|Extreme Speed|p1a: Arceus
|-damage|p1a: Arceus|6/100 par
|-damage|p2a: Rayquaza|81/100|[from] item: Life Orb
|move|p1a: Arceus|Extreme Speed|p2a: Rayquaza
|-crit|p2a: Rayquaza
|-damage|p2a: Rayquaza|0 fnt
|faint|p2a: Rayquaza
|-weather|none
|
|upkeep
|
|t:|1646072330
|switch|p2a: Yveltal|Yveltal|100/100
|-ability|p2a: Yveltal|Dark Aura
|turn|19
|
|t:|1646072332
|move|p1a: Arceus|Extreme Speed|p2a: Yveltal
|-damage|p2a: Yveltal|0 fnt
|faint|p2a: Yveltal
|
|upkeep
|
|t:|1646072337
|switch|p2a: Eternatus|Eternatus|100/100
|-ability|p2a: Eternatus|Pressure
|turn|20
|
|t:|1646072340
|move|p1a: Arceus|Extreme Speed|p2a: Eternatus
|-damage|p2a: Eternatus|0 fnt
|faint|p2a: Eternatus
|
|upkeep
|-message|Flynn Watson ^~^ forfeited.
|
|win|Billette uwu
|l|‽Flynn Watson ^~^
