|j|☆cotesmcgotes
|j|☆mardydu
|t:|1664059739
|gametype|singles
|player|p1|cotesmcgotes|brendan|1660
|player|p2|mardydu|boarder|1841
|teamsize|p1|6
|teamsize|p2|6
|gen|8
|tier|[Gen 8] National Dex AG
|rated|
|rule|HP Percentage Mod: HP is shown in percentages
|rule|Endless Battle Clause: Forcing endless battles is banned
|clearpoke
|poke|p1|Kyogre|
|poke|p1|Quagsire, F|
|poke|p1|Kangaskhan, F|
|poke|p1|Zacian-*|
|poke|p1|Groudon|
|poke|p1|Regieleki|
|poke|p2|Kyurem-White|
|poke|p2|Calyrex-Shadow|
|poke|p2|Rayquaza|
|poke|p2|Regieleki|
|poke|p2|Smeargle, M|
|poke|p2|Skarmory, F|
|teampreview
|inactive|Battle timer is ON: inactive players will automatically lose when time's up. (requested by mardydu)
|
|t:|1664059745
|start
|switch|p1a: Regieleki|Regieleki|100/100
|switch|p2a: Skarmory|Skarmory, F|100/100
|turn|1
|
|t:|1664059758
|switch|p2a: JumpingMan|Regieleki|100/100
|move|p1a: Regieleki|Electric Terrain|p1a: Regieleki
|-fieldstart|move: Electric Terrain
|
|upkeep
|turn|2
|
|t:|1664059765
|switch|p1a: Groudon|Groudon|100/100
|detailschange|p1a: Groudon|Groudon-Primal
|-primal|p1a: Groudon
|-weather|DesolateLand|[from] ability: Desolate Land|[of] p1a: Groudon
|switch|p2a: Skarmory|Skarmory, F|100/100
|
|-weather|DesolateLand|[upkeep]
|upkeep
|turn|3
|
|t:|1664059776
|move|p1a: Groudon|Fire Punch|p2a: Skarmory
|-supereffective|p2a: Skarmory
|-damage|p2a: Skarmory|17/100
|-damage|p1a: Groudon|84/100|[from] item: Rocky Helmet|[of] p2a: Skarmory
|move|p2a: Skarmory|Stealth Rock|p1a: Groudon
|-sidestart|p1: cotesmcgotes|move: Stealth Rock
|
|-weather|DesolateLand|[upkeep]
|upkeep
|turn|4
|
|t:|1664059783
|move|p1a: Groudon|Fire Punch|p2a: Skarmory
|-supereffective|p2a: Skarmory
|-damage|p2a: Skarmory|0 fnt
|-damage|p1a: Groudon|68/100|[from] item: Rocky Helmet|[of] p2a: Skarmory
|faint|p2a: Skarmory
|
|-weather|DesolateLand|[upkeep]
|upkeep
|
|t:|1664059790
|switch|p2a: Kurem|Kyurem-White, shiny|100/100
|-ability|p2a: Kurem|Turboblaze
|turn|5
|
|t:|1664059796
|move|p2a: Kurem|Earth Power|p1a: Groudon
|-supereffective|p1a: Groudon
|-damage|p1a: Groudon|0 fnt
|faint|p1a: Groudon
|-weather|none
|
|upkeep
|
|t:|1664059802
|switch|p1a: Zacian|Zacian-Crowned, shiny|100/100
|-damage|p1a: Zacian|94/100|[from] Stealth Rock
|-ability|p1a: Zacian|Intrepid Sword|boost
|-boost|p1a: Zacian|atk|1
|turn|6
|
|t:|1664059805
|move|p2a: Kurem|Earth Power|p1a: Zacian
|-supereffective|p1a: Zacian
|-damage|p1a: Zacian|18/100
|move|p1a: Zacian|Behemoth Blade|p2a: Kurem
|-supereffective|p2a: Kurem
|-damage|p2a: Kurem|0 fnt
|faint|p2a: Kurem
|
|upkeep
|
|t:|1664059816
|switch|p2a: Horse in cali|Calyrex-Shadow|100/100
|-ability|p2a: Horse in cali|As One
|-ability|p2a: Horse in cali|Unnerve
|turn|7
|
|t:|1664059822
|switch|p1a: Kangaskhan|Kangaskhan, F|100/100
|-damage|p1a: Kangaskhan|88/100|[from] Stealth Rock
|-start|p2a: Horse in cali|Dynamax|
|-heal|p2a: Horse in cali|100/100|[silent]
|move|p2a: Horse in cali|Max Mindstorm|p1a: Kangaskhan
|-damage|p1a: Kangaskhan|0 fnt
|-fieldstart|move: Psychic Terrain
|faint|p1a: Kangaskhan
|-ability|p2a: Horse in cali|Grim Neigh|boost
|-boost|p2a: Horse in cali|spa|1
|
|upkeep
|
|t:|1664059830
|switch|p1a: Kyogre|Kyogre|100/100
|-damage|p1a: Kyogre|88/100|[from] Stealth Rock
|-weather|RainDance|[from] ability: Drizzle|[of] p1a: Kyogre
|turn|8
|
|t:|1664059839
|move|p1a: Kyogre|Water Spout|p2a: Horse in cali
|-damage|p2a: Horse in cali|43/100
|move|p2a: Horse in cali|Max Phantasm|p1a: Kyogre
|-damage|p1a: Kyogre|0 fnt
|faint|p1a: Kyogre
|-ability|p2a: Horse in cali|Grim Neigh|boost
|-boost|p2a: Horse in cali|spa|1
|
|-weather|RainDance|[upkeep]
|upkeep
|
|t:|1664059848
|switch|p1a: Regieleki|Regieleki|100/100
|-damage|p1a: Regieleki|88/100|[from] Stealth Rock
|turn|9
|
|t:|1664059853
|-start|p1a: Regieleki|Dynamax|
|-heal|p1a: Regieleki|88/100|[silent]
|move|p1a: Regieleki|Max Guard|p1a: Regieleki
|-singleturn|p1a: Regieleki|Max Guard
|move|p2a: Horse in cali|Max Phantasm|p1a: Regieleki
|-activate|p1a: Regieleki|move: Max Guard
|
|-weather|RainDance|[upkeep]
|upkeep
|-end|p2a: Horse in cali|Dynamax
|-heal|p2a: Horse in cali|43/100|[silent]
|turn|10
|
|t:|1664059861
|move|p1a: Regieleki|Max Lightning|p2a: Horse in cali
|-damage|p2a: Horse in cali|0 fnt
|-fieldstart|move: Electric Terrain
|faint|p2a: Horse in cali
|
|-weather|RainDance|[upkeep]
|upkeep
|
|t:|1664059869
|switch|p2a: Smeargle|Smeargle, M|100/100
|turn|11
|
|t:|1664059873
|move|p1a: Regieleki|Max Lightning|p2a: Smeargle
|-enditem|p2a: Smeargle|Focus Sash
|-damage|p2a: Smeargle|1/100
|move|p2a: Smeargle|Spore|p1a: Regieleki
|-activate|p1a: Regieleki|move: Electric Terrain
|
|-weather|RainDance|[upkeep]
|-ability|p2a: Smeargle|Moody|boost
|-boost|p2a: Smeargle|spa|2
|-unboost|p2a: Smeargle|spd|1
|upkeep
|-end|p1a: Regieleki|Dynamax
|-heal|p1a: Regieleki|88/100|[silent]
|turn|12
|
|t:|1664059886
|move|p1a: Regieleki|Rapid Spin|p2a: Smeargle
|-damage|p2a: Smeargle|0 fnt
|-boost|p1a: Regieleki|spe|1
|-sideend|p1: cotesmcgotes|Stealth Rock|[from] move: Rapid Spin|[of] p1a: Regieleki
|faint|p2a: Smeargle
|
|-weather|none
|upkeep
|
|t:|1664059891
|switch|p2a: Rayquaza|Rayquaza|100/100
|-ability|p2a: Rayquaza|Air Lock
|turn|13
|
|t:|1664059899
|detailschange|p2a: Rayquaza|Rayquaza-Mega
|-mega|p2a: Rayquaza|Rayquaza|
|-weather|DeltaStream|[from] ability: Delta Stream|[of] p2a: Rayquaza
|move|p1a: Regieleki|Thunder Wave|p2a: Rayquaza
|-status|p2a: Rayquaza|par
|move|p2a: Rayquaza|Scale Shot|p1a: Regieleki|[miss]
|-miss|p2a: Rayquaza|p1a: Regieleki
|
|-weather|DeltaStream|[upkeep]
|upkeep
|turn|14
|
|t:|1664059914
|switch|p1a: Zacian|Zacian-Crowned, shiny|18/100
|-ability|p1a: Zacian|Intrepid Sword|boost
|-boost|p1a: Zacian|atk|1
|move|p2a: Rayquaza|Scale Shot|p1a: Zacian
|-immune|p1a: Zacian
|
|-weather|DeltaStream|[upkeep]
|upkeep
|turn|15
|
|t:|1664059920
|cant|p2a: Rayquaza|par
|move|p1a: Zacian|Behemoth Blade|p2a: Rayquaza
|-damage|p2a: Rayquaza|6/100 par
|
|-weather|DeltaStream|[upkeep]
|upkeep
|turn|16
|
|t:|1664059925
|switch|p1a: Quagsire|Quagsire, F|100/100
|move|p2a: Rayquaza|Extreme Speed|p1a: Quagsire
|-damage|p1a: Quagsire|70/100
|-damage|p2a: Rayquaza|0 fnt|[from] item: Rocky Helmet|[of] p1a: Quagsire
|faint|p2a: Rayquaza
|-weather|none
|
|upkeep
|
|t:|1664059930
|switch|p2a: JumpingMan|Regieleki|100/100
|turn|17
|
|t:|1664059933
|move|p2a: JumpingMan|Thunder Cage|p1a: Quagsire
|-immune|p1a: Quagsire
|move|p1a: Quagsire|Earthquake|p2a: JumpingMan
|-supereffective|p2a: JumpingMan
|-enditem|p2a: JumpingMan|Focus Sash
|-damage|p2a: JumpingMan|1/100
|
|-fieldend|move: Electric Terrain
|upkeep
|turn|18
|
|t:|1664059938
|move|p2a: JumpingMan|Extreme Speed|p1a: Quagsire
|-damage|p1a: Quagsire|57/100
|-damage|p2a: JumpingMan|0 fnt|[from] item: Rocky Helmet|[of] p1a: Quagsire
|faint|p2a: JumpingMan
|
|win|cotesmcgotes
|raw|cotesmcgotes's rating: 1660 &rarr; <strong>1690</strong><br />(+30 for winning)
|raw|mardydu's rating: 1841 &rarr; <strong>1811</strong><br />(-30 for losing)
|l|☆mardydu
