|j|☆the thin mints lad
|j|☆iroeweuio
|t:|1662502934
|gametype|singles
|player|p1|the thin mints lad|cress|1746
|player|p2|iroeweuio|2|1643
|teamsize|p1|6
|teamsize|p2|6
|gen|8
|tier|[Gen 8] National Dex AG
|rated|
|rule|HP Percentage Mod: HP is shown in percentages
|rule|Endless Battle Clause: Forcing endless battles is banned
|clearpoke
|poke|p1|Marshadow|
|poke|p1|Ditto|
|poke|p1|Zygarde|
|poke|p1|Xerneas-*|
|poke|p1|Shuckle, M|
|poke|p1|Espeon, M|
|poke|p2|Chatot, M|
|poke|p2|Weavile, F|
|poke|p2|Giratina-Origin|
|poke|p2|Ditto|
|poke|p2|Breloom, M|
|poke|p2|Wobbuffet, F|
|teampreview
|inactive|Battle timer is ON: inactive players will automatically lose when time's up. (requested by iroeweuio)
|
|t:|1662502961
|start
|switch|p1a: Espeon|Espeon, M|100/100
|switch|p2a: Weavile|Weavile, F|100/100
|-ability|p2a: Weavile|Pressure
|turn|1
|
|t:|1662502968
|move|p1a: Espeon|Dazzling Gleam|p2a: Weavile
|-supereffective|p2a: Weavile
|-damage|p2a: Weavile|19/100
|move|p2a: Weavile|Substitute|p2a: Weavile
|-fail|p2a: Weavile|move: Substitute|[weak]
|
|-heal|p2a: Weavile|25/100|[from] item: Leftovers
|upkeep
|turn|2
|
|t:|1662502972
|switch|p2a: Wobbuffet|Wobbuffet, F|100/100
|move|p1a: Espeon|Dazzling Gleam|p2a: Wobbuffet
|-damage|p2a: Wobbuffet|85/100
|
|upkeep
|turn|3
|
|t:|1662502979
|move|p1a: Espeon|Dazzling Gleam|p2a: Wobbuffet
|-damage|p2a: Wobbuffet|68/100
|move|p2a: Wobbuffet|Mirror Coat|p1a: Espeon
|-damage|p1a: Espeon|25/100
|
|upkeep
|turn|4
|
|t:|1662502985
|move|p1a: Espeon|Dazzling Gleam|p2a: Wobbuffet
|-damage|p2a: Wobbuffet|51/100
|move|p2a: Wobbuffet|Mirror Coat|p1a: Espeon
|-damage|p1a: Espeon|0 fnt
|faint|p1a: Espeon
|
|upkeep
|
|t:|1662502990
|switch|p1a: Shuckle|Shuckle, M|100/100
|turn|5
|
|t:|1662502993
|switch|p2a: Weavile|Weavile, F|25/100
|-ability|p2a: Weavile|Pressure
|move|p1a: Shuckle|Encore||[still]
|-fail|p1a: Shuckle
|
|-heal|p2a: Weavile|31/100|[from] item: Leftovers
|upkeep
|turn|6
|
|t:|1662502997
|move|p2a: Weavile|Assist|p2a: Weavile
|move|p2a: Weavile|Spore|p1a: Shuckle|[from]move: Assist
|-status|p1a: Shuckle|slp|[from] move: Spore
|cant|p1a: Shuckle|slp
|
|-heal|p2a: Weavile|38/100|[from] item: Leftovers
|upkeep
|turn|7
|
|t:|1662503008
|move|p2a: Weavile|Substitute|p2a: Weavile
|-start|p2a: Weavile|Substitute
|-damage|p2a: Weavile|13/100
|cant|p1a: Shuckle|slp
|
|-heal|p2a: Weavile|19/100|[from] item: Leftovers
|upkeep
|turn|8
|
|t:|1662503012
|move|p2a: Weavile|Swords Dance|p2a: Weavile
|-boost|p2a: Weavile|atk|2
|-curestatus|p1a: Shuckle|slp|[msg]
|move|p1a: Shuckle|Stealth Rock|p2a: Weavile
|-sidestart|p2: iroeweuio|move: Stealth Rock
|
|-heal|p2a: Weavile|25/100|[from] item: Leftovers
|upkeep
|turn|9
|
|t:|1662503025
|move|p2a: Weavile|Assist|p2a: Weavile
|move|p2a: Weavile|Spore|p1a: Shuckle|[from]move: Assist
|-status|p1a: Shuckle|slp|[from] move: Spore
|cant|p1a: Shuckle|slp
|
|-heal|p2a: Weavile|31/100|[from] item: Leftovers
|upkeep
|turn|10
|
|t:|1662503028
|move|p2a: Weavile|Triple Axel|p1a: Shuckle
|-damage|p1a: Shuckle|88/100 slp
|-damage|p1a: Shuckle|63/100 slp
|-damage|p1a: Shuckle|25/100 slp
|-hitcount|p1a: Shuckle|3
|cant|p1a: Shuckle|slp
|
|-heal|p2a: Weavile|37/100|[from] item: Leftovers
|upkeep
|turn|11
|
|t:|1662503035
|move|p2a: Weavile|Triple Axel|p1a: Shuckle
|-damage|p1a: Shuckle|12/100 slp
|-damage|p1a: Shuckle|0 fnt
|faint|p1a: Shuckle
|-hitcount|p1: Shuckle|2
|
|-heal|p2a: Weavile|43/100|[from] item: Leftovers
|upkeep
|
|t:|1662503041
|switch|p1a: Yoinker|Marshadow|100/100
|turn|12
|
|t:|1662503052
|move|p2a: Weavile|Assist|p2a: Weavile
|move|p2a: Weavile|Spore|p1a: Yoinker|[from]move: Assist
|-status|p1a: Yoinker|slp|[from] move: Spore
|cant|p1a: Yoinker|slp
|
|-heal|p2a: Weavile|49/100|[from] item: Leftovers
|upkeep
|turn|13
|
|t:|1662503067
|cant|p1a: Yoinker|slp
|move|p2a: Weavile|Triple Axel|p1a: Yoinker
|-damage|p1a: Yoinker|74/100 slp
|-damage|p1a: Yoinker|26/100 slp
|-damage|p1a: Yoinker|0 fnt
|faint|p1a: Yoinker
|-hitcount|p1: Yoinker|3
|
|-heal|p2a: Weavile|55/100|[from] item: Leftovers
|upkeep
|
|t:|1662503075
|switch|p1a: 10 literal dogs|Zygarde|100/100
|turn|14
|
|t:|1662503082
|move|p2a: Weavile|Assist|p2a: Weavile
|move|p2a: Weavile|Spore|p1a: 10 literal dogs|[from]move: Assist
|-status|p1a: 10 literal dogs|slp|[from] move: Spore
|cant|p1a: 10 literal dogs|slp
|
|-heal|p2a: Weavile|61/100|[from] item: Leftovers
|upkeep
|turn|15
|
|t:|1662503085
|move|p2a: Weavile|Triple Axel|p1a: 10 literal dogs
|-supereffective|p1a: 10 literal dogs
|-damage|p1a: 10 literal dogs|45/100 slp
|-damage|p2a: Weavile|45/100|[from] item: Rocky Helmet|[of] p1a: 10 literal dogs
|-supereffective|p1a: 10 literal dogs
|-damage|p1a: 10 literal dogs|0 fnt
|-damage|p2a: Weavile|28/100|[from] item: Rocky Helmet|[of] p1a: 10 literal dogs
|faint|p1a: 10 literal dogs
|-hitcount|p1: 10 literal dogs|2
|
|-heal|p2a: Weavile|34/100|[from] item: Leftovers
|upkeep
|-message|the thin mints lad forfeited.
|
|win|iroeweuio
|raw|the thin mints lad's rating: 1746 &rarr; <strong>1720</strong><br />(-26 for losing)
|raw|iroeweuio's rating: 1643 &rarr; <strong>1669</strong><br />(+26 for winning)
|l|☆the thin mints lad
||Ladder isn't responding, score probably updated but might not have (Request timeout).
