|j|☆TheKingOfElevators
|j|☆starkorea74
|t:|1640644159
|gametype|singles
|player|p1|TheKingOfElevators|cynthia-gen4|1640
|player|p2|starkorea74|2|1953
|teamsize|p1|6
|teamsize|p2|6
|gen|8
|tier|[Gen 8] National Dex AG
|rated|
|rule|HP Percentage Mod: HP is shown in percentages
|rule|Endless Battle Clause: Forcing endless battles is banned
|clearpoke
|poke|p1|Shuckle, F|
|poke|p1|Yveltal|
|poke|p1|Necrozma-Dusk-Mane|
|poke|p1|Kyogre|
|poke|p1|Zacian-*|
|poke|p1|Rayquaza|
|poke|p2|Groudon|
|poke|p2|Rayquaza|
|poke|p2|Arceus-*|
|poke|p2|Ho-Oh|
|poke|p2|Necrozma-Dusk-Mane|
|poke|p2|Yveltal|
|teampreview
|inactive|Battle timer is ON: inactive players will automatically lose when time's up. (requested by TheKingOfElevators)
|
|t:|1640644164
|start
|switch|p1a: Yveltal|Yveltal|100/100
|switch|p2a: Rayquaza|Rayquaza|100/100
|-ability|p1a: Yveltal|Dark Aura
|-ability|p2a: Rayquaza|Air Lock
|turn|1
|
|t:|1640644171
|switch|p2a: Ho-Oh|Ho-Oh|100/100
|move|p1a: Yveltal|Dark Pulse|p2a: Ho-Oh
|-damage|p2a: Ho-Oh|61/100
|-damage|p1a: Yveltal|91/100|[from] item: Life Orb
|
|upkeep
|turn|2
|
|t:|1640644177
|switch|p1a: Shuckle|Shuckle, F|100/100
|move|p2a: Ho-Oh|Sacred Fire|p1a: Shuckle
|-damage|p1a: Shuckle|78/100
|
|upkeep
|turn|3
|
|t:|1640644184
|switch|p2a: Rayquaza|Rayquaza|100/100
|-ability|p2a: Rayquaza|Air Lock
|move|p1a: Shuckle|Sticky Web|p2a: Rayquaza
|-sidestart|p2: starkorea74|move: Sticky Web
|
|upkeep
|turn|4
|
|t:|1640644190
|detailschange|p2a: Rayquaza|Rayquaza-Mega
|-mega|p2a: Rayquaza|Rayquaza|
|-weather|DeltaStream|[from] ability: Delta Stream|[of] p2a: Rayquaza
|move|p2a: Rayquaza|Dragon Ascent|p1a: Shuckle
|-damage|p1a: Shuckle|5/100
|-unboost|p2a: Rayquaza|def|1
|-unboost|p2a: Rayquaza|spd|1
|move|p1a: Shuckle|Encore|p2a: Rayquaza
|-start|p2a: Rayquaza|Encore
|
|-weather|DeltaStream|[upkeep]
|upkeep
|turn|5
|-enditem|p1a: Shuckle|Custap Berry|[eat]
|-activate|p1a: Shuckle|item: Custap Berry|[consumed]
|
|t:|1640644199
|move|p1a: Shuckle|Stealth Rock|p2a: Rayquaza
|-sidestart|p2: starkorea74|move: Stealth Rock
|move|p2a: Rayquaza|Dragon Ascent|p1a: Shuckle
|-damage|p1a: Shuckle|0 fnt
|-unboost|p2a: Rayquaza|def|1
|-unboost|p2a: Rayquaza|spd|1
|faint|p1a: Shuckle
|
|-weather|DeltaStream|[upkeep]
|upkeep
|
|t:|1640644208
|switch|p1a: Rayquaza|Rayquaza|100/100
|-ability|p1a: Rayquaza|Air Lock
|turn|6
|
|t:|1640644214
|-weather|none
|switch|p2a: Necrozma|Necrozma-Dusk-Mane|100/100
|-activate|p2a: Necrozma|move: Sticky Web
|-unboost|p2a: Necrozma|spe|1
|-damage|p2a: Necrozma|94/100|[from] Stealth Rock
|detailschange|p1a: Rayquaza|Rayquaza-Mega
|-mega|p1a: Rayquaza|Rayquaza|
|-weather|DeltaStream|[from] ability: Delta Stream|[of] p1a: Rayquaza
|move|p1a: Rayquaza|Extreme Speed|p2a: Necrozma
|-resisted|p2a: Necrozma
|-damage|p2a: Necrozma|82/100
|-damage|p1a: Rayquaza|91/100|[from] item: Life Orb
|
|-weather|DeltaStream|[upkeep]
|-heal|p2a: Necrozma|88/100|[from] item: Leftovers
|upkeep
|turn|7
|
|t:|1640644228
|switch|p2a: Ho-Oh|Ho-Oh|94/100
|move|p1a: Rayquaza|Earthquake|p2a: Ho-Oh
|-immune|p2a: Ho-Oh
|
|-weather|DeltaStream|[upkeep]
|upkeep
|turn|8
|
|t:|1640644233
|move|p1a: Rayquaza|Dragon Ascent|p2a: Ho-Oh
|-damage|p2a: Ho-Oh|25/100
|-unboost|p1a: Rayquaza|def|1
|-unboost|p1a: Rayquaza|spd|1
|-damage|p1a: Rayquaza|81/100|[from] item: Life Orb
|move|p2a: Ho-Oh|Defog|p1a: Rayquaza
|-unboost|p1a: Rayquaza|evasion|1
|-sideend|p2: starkorea74|Stealth Rock|[from] move: Defog|[of] p2a: Ho-Oh
|-sideend|p2: starkorea74|Sticky Web|[from] move: Defog|[of] p2a: Ho-Oh
|
|-weather|DeltaStream|[upkeep]
|upkeep
|turn|9
|
|t:|1640644243
|switch|p2a: Necrozma|Necrozma-Dusk-Mane|88/100
|move|p1a: Rayquaza|Extreme Speed|p2a: Necrozma
|-resisted|p2a: Necrozma
|-damage|p2a: Necrozma|74/100
|-damage|p1a: Rayquaza|71/100|[from] item: Life Orb
|
|-weather|DeltaStream|[upkeep]
|-heal|p2a: Necrozma|80/100|[from] item: Leftovers
|upkeep
|turn|10
|
|t:|1640644251
|-weather|none
|switch|p1a: Yveltal|Yveltal|91/100
|-ability|p1a: Yveltal|Dark Aura
|move|p2a: Necrozma|Morning Sun|p2a: Necrozma
|-heal|p2a: Necrozma|100/100
|
|upkeep
|turn|11
|
|t:|1640644259
|switch|p2a: Arceus|Arceus-Dark|100/100
|move|p1a: Yveltal|Dark Pulse|p2a: Arceus
|-resisted|p2a: Arceus
|-damage|p2a: Arceus|83/100
|-damage|p1a: Yveltal|81/100|[from] item: Life Orb
|
|upkeep
|turn|12
|
|t:|1640644266
|switch|p1a: Zacian|Zacian-Crowned|100/100
|-ability|p1a: Zacian|Intrepid Sword|boost
|-boost|p1a: Zacian|atk|1
|move|p2a: Arceus|Calm Mind|p2a: Arceus
|-boost|p2a: Arceus|spa|1
|-boost|p2a: Arceus|spd|1
|
|upkeep
|turn|13
|
|t:|1640644284
|switch|p2a: Ho-Oh|Ho-Oh|59/100
|move|p1a: Zacian|Swords Dance|p1a: Zacian
|-boost|p1a: Zacian|atk|2
|
|upkeep
|turn|14
|
|t:|1640644295
|move|p1a: Zacian|Wild Charge|p2a: Ho-Oh
|-supereffective|p2a: Ho-Oh
|-damage|p2a: Ho-Oh|0 fnt
|faint|p2a: Ho-Oh
|-damage|p1a: Zacian|82/100|[from] Recoil
|
|upkeep
|
|t:|1640644301
|switch|p2a: Groudon|Groudon|100/100
|detailschange|p2a: Groudon|Groudon-Primal
|-primal|p2a: Groudon
|-weather|DesolateLand|[from] ability: Desolate Land|[of] p2a: Groudon
|turn|15
|
|t:|1640644307
|switch|p1a: Kyogre|Kyogre|100/100
|detailschange|p1a: Kyogre|Kyogre-Primal
|-primal|p1a: Kyogre
|-weather|PrimordialSea|[from] ability: Primordial Sea|[of] p1a: Kyogre
|move|p2a: Groudon|Precipice Blades|p1a: Kyogre
|-damage|p1a: Kyogre|24/100
|
|-weather|PrimordialSea|[upkeep]
|upkeep
|turn|16
|
|t:|1640644316
|switch|p2a: Rayquaza|Rayquaza-Mega|100/100
|-weather|DeltaStream|[from] ability: Delta Stream|[of] p2a: Rayquaza
|move|p1a: Kyogre|Origin Pulse|p2a: Rayquaza
|-resisted|p2a: Rayquaza
|-damage|p2a: Rayquaza|66/100
|
|-weather|DeltaStream|[upkeep]
|upkeep
|turn|17
|
|t:|1640644327
|switch|p1a: Zacian|Zacian-Crowned|82/100
|-ability|p1a: Zacian|Intrepid Sword|boost
|-boost|p1a: Zacian|atk|1
|move|p2a: Rayquaza|Dragon Ascent|p1a: Zacian
|-resisted|p1a: Zacian
|-damage|p1a: Zacian|23/100
|-unboost|p2a: Rayquaza|def|1
|-unboost|p2a: Rayquaza|spd|1
|
|-weather|DeltaStream|[upkeep]
|upkeep
|turn|18
|
|t:|1640644342
|-weather|none
|switch|p2a: Necrozma|Necrozma-Dusk-Mane|100/100
|move|p1a: Zacian|Behemoth Blade|p2a: Necrozma
|-resisted|p2a: Necrozma
|-damage|p2a: Necrozma|72/100
|
|-heal|p2a: Necrozma|78/100|[from] item: Leftovers
|upkeep
|turn|19
|
|t:|1640644356
|switch|p1a: Yveltal|Yveltal|81/100
|-ability|p1a: Yveltal|Dark Aura
|move|p2a: Necrozma|Morning Sun|p2a: Necrozma
|-heal|p2a: Necrozma|100/100
|
|upkeep
|turn|20
|
|t:|1640644364
|switch|p2a: Arceus|Arceus-Dark|83/100
|move|p1a: Yveltal|Taunt|p2a: Arceus
|-start|p2a: Arceus|move: Taunt
|
|upkeep
|turn|21
|
|t:|1640644382
|switch|p1a: Zacian|Zacian-Crowned|23/100
|-ability|p1a: Zacian|Intrepid Sword|boost
|-boost|p1a: Zacian|atk|1
|switch|p2a: Necrozma|Necrozma-Dusk-Mane|100/100
|
|upkeep
|turn|22
|
|t:|1640644389
|move|p1a: Zacian|Close Combat|p2a: Necrozma
|-damage|p2a: Necrozma|56/100
|-unboost|p1a: Zacian|def|1
|-unboost|p1a: Zacian|spd|1
|move|p2a: Necrozma|Stealth Rock|p1a: Zacian
|-sidestart|p1: TheKingOfElevators|move: Stealth Rock
|
|-heal|p2a: Necrozma|62/100|[from] item: Leftovers
|upkeep
|turn|23
|
|t:|1640644397
|move|p1a: Zacian|Swords Dance|p1a: Zacian
|-boost|p1a: Zacian|atk|2
|move|p2a: Necrozma|Morning Sun|p2a: Necrozma
|-heal|p2a: Necrozma|100/100
|
|upkeep
|turn|24
|
|t:|1640644403
|move|p1a: Zacian|Close Combat|p2a: Necrozma
|-damage|p2a: Necrozma|27/100
|-unboost|p1a: Zacian|def|1
|-unboost|p1a: Zacian|spd|1
|move|p2a: Necrozma|Sunsteel Strike|p1a: Zacian
|-damage|p1a: Zacian|0 fnt
|faint|p1a: Zacian
|
|-heal|p2a: Necrozma|33/100|[from] item: Leftovers
|upkeep
|
|t:|1640644412
|switch|p1a: Yveltal|Yveltal|81/100
|-damage|p1a: Yveltal|56/100|[from] Stealth Rock
|-ability|p1a: Yveltal|Dark Aura
|turn|25
|
|t:|1640644421
|-start|p1a: Yveltal|Dynamax
|-heal|p1a: Yveltal|56/100|[silent]
|move|p1a: Yveltal|Max Airstream|p2a: Necrozma
|-resisted|p2a: Necrozma
|-damage|p2a: Necrozma|0 fnt
|-boost|p1a: Yveltal|spe|1
|faint|p2a: Necrozma
|-damage|p1a: Yveltal|51/100|[from] item: Life Orb
|
|upkeep
|
|t:|1640644430
|switch|p2a: Yveltal|Yveltal|100/100
|-ability|p2a: Yveltal|Dark Aura
|turn|26
|
|t:|1640644437
|-start|p2a: Yveltal|Dynamax
|-heal|p2a: Yveltal|100/100|[silent]
|move|p1a: Yveltal|Max Airstream|p2a: Yveltal
|-damage|p2a: Yveltal|60/100
|-boost|p1a: Yveltal|spe|1
|-damage|p1a: Yveltal|46/100|[from] item: Life Orb
|move|p2a: Yveltal|Max Airstream|p1a: Yveltal
|-damage|p1a: Yveltal|2/100
|-boost|p2a: Yveltal|spe|1
|-damage|p2a: Yveltal|55/100|[from] item: Life Orb
|
|upkeep
|turn|27
|
|t:|1640644451
|move|p1a: Yveltal|Max Guard|p1a: Yveltal
|-singleturn|p1a: Yveltal|Max Guard
|move|p2a: Yveltal|Max Airstream|p1a: Yveltal
|-activate|p1a: Yveltal|move: Max Guard
|
|-end|p1a: Yveltal|Dynamax
|-heal|p1a: Yveltal|2/100|[silent]
|upkeep
|turn|28
|
|t:|1640644459
|move|p1a: Yveltal|Oblivion Wing|p2a: Yveltal
|-damage|p2a: Yveltal|30/100
|-heal|p1a: Yveltal|39/100|[from] drain|[of] p2a: Yveltal
|-damage|p1a: Yveltal|29/100|[from] item: Life Orb
|move|p2a: Yveltal|Max Airstream|p1a: Yveltal
|-damage|p1a: Yveltal|0 fnt
|-boost|p2a: Yveltal|spe|1
|faint|p1a: Yveltal
|-damage|p2a: Yveltal|25/100|[from] item: Life Orb
|
|-end|p2a: Yveltal|Dynamax
|-heal|p2a: Yveltal|25/100|[silent]
|upkeep
|
|t:|1640644469
|switch|p1a: Rayquaza|Rayquaza-Mega|71/100
|-damage|p1a: Rayquaza|46/100|[from] Stealth Rock
|-weather|DeltaStream|[from] ability: Delta Stream|[of] p1a: Rayquaza
|turn|29
|
|t:|1640644477
|move|p1a: Rayquaza|Extreme Speed|p2a: Yveltal
|-damage|p2a: Yveltal|0 fnt
|faint|p2a: Yveltal
|-damage|p1a: Rayquaza|36/100|[from] item: Life Orb
|
|-weather|DeltaStream|[upkeep]
|upkeep
|
|t:|1640644482
|switch|p2a: Rayquaza|Rayquaza-Mega|66/100
|turn|30
|
|t:|1640644490
|move|p2a: Rayquaza|Extreme Speed|p1a: Rayquaza
|-crit|p1a: Rayquaza
|-damage|p1a: Rayquaza|0 fnt
|faint|p1a: Rayquaza
|
|-weather|DeltaStream|[upkeep]
|upkeep
|
|t:|1640644494
|switch|p1a: Necrozma|Necrozma-Dusk-Mane|100/100
|-damage|p1a: Necrozma|95/100|[from] Stealth Rock
|turn|31
|
|t:|1640644498
|-weather|none
|switch|p2a: Arceus|Arceus-Dark|83/100
|move|p1a: Necrozma|Dragon Dance|p1a: Necrozma
|-boost|p1a: Necrozma|atk|1
|-boost|p1a: Necrozma|spe|1
|
|upkeep
|turn|32
|
|t:|1640644513
|move|p1a: Necrozma|Sunsteel Strike|p2a: Arceus
|-damage|p2a: Arceus|0 fnt
|faint|p2a: Arceus
|-damage|p1a: Necrozma|85/100|[from] item: Life Orb
|
|upkeep
|
|t:|1640644519
|switch|p2a: Groudon|Groudon-Primal|100/100
|-weather|DesolateLand|[from] ability: Desolate Land|[of] p2a: Groudon
|turn|33
|
|t:|1640644524
|move|p1a: Necrozma|Earthquake|p2a: Groudon
|-supereffective|p2a: Groudon
|-damage|p2a: Groudon|0 fnt
|faint|p2a: Groudon
|-weather|none
|-damage|p1a: Necrozma|75/100|[from] item: Life Orb
|
|upkeep
|
|t:|1640644529
|switch|p2a: Rayquaza|Rayquaza-Mega|66/100
|-weather|DeltaStream|[from] ability: Delta Stream|[of] p2a: Rayquaza
|turn|34
|c|☆TheKingOfElevators|ggwp
|-message|starkorea74 forfeited.
|
|win|TheKingOfElevators
|raw|TheKingOfElevators's rating: 1640 &rarr; <strong>1674</strong><br />(+34 for winning)
|raw|starkorea74's rating: 1953 &rarr; <strong>1919</strong><br />(-34 for losing)
|l|☆starkorea74
