|j|☆Onoufrios
|j|☆Bigjoocy
|player|p1|Onoufrios|psychic-gen4|1733
|player|p2|Bigjoocy|preschooler|1509
|teamsize|p1|6
|teamsize|p2|6
|gametype|singles
|gen|8
|tier|[Gen 8] National Dex AG
|rated|
|clearpoke
|poke|p1|Necrozma-Dusk-Mane|
|poke|p1|Arceus-*|
|poke|p1|Xerneas|
|poke|p1|Lugia|
|poke|p1|Zacian-Crowned|
|poke|p1|Yveltal|
|poke|p2|Pheromosa|
|poke|p2|Shaymin-Sky|
|poke|p2|Deoxys-Attack|
|poke|p2|Groudon|
|poke|p2|Mewtwo|
|poke|p2|Zacian-Crowned|
|rule|HP Percentage Mod: HP is shown in percentages
|rule|Endless Battle Clause: Forcing endless battles is banned
|teampreview
|inactive|Battle timer is ON: inactive players will automatically lose when time's up. (requested by Bigjoocy)
|
|start
|switch|p1a: Arceus|Arceus|100/100
|switch|p2a: Daniel|Deoxys-Attack|100/100
|-ability|p2a: Daniel|Pressure
|turn|1
|
|move|p1a: Arceus|Extreme Speed|p2a: Daniel
|-enditem|p2a: Daniel|Focus Sash
|-damage|p2a: Daniel|1/100
|move|p2a: Daniel|Stealth Rock|p1a: Arceus
|-sidestart|p1: Onoufrios|move: Stealth Rock
|
|upkeep
|turn|2
|
|move|p1a: Arceus|Extreme Speed|p2a: Daniel
|-damage|p2a: Daniel|0 fnt
|faint|p2a: Daniel
|
|upkeep
|
|switch|p2a: Mark|Mewtwo|100/100
|-ability|p2a: Mark|Pressure
|turn|3
|j| Dhshahakjdxhkaj
|
|switch|p1a: Lugia|Lugia|100/100
|detailschange|p2a: Mark|Mewtwo-Mega-X
|-mega|p2a: Mark|Mewtwo|Mewtwonite X
|move|p2a: Mark|Bulk Up|p2a: Mark
|-boost|p2a: Mark|atk|1
|-boost|p2a: Mark|def|1
|
|upkeep
|turn|4
|
|move|p2a: Mark|Poison Jab|p1a: Lugia
|-damage|p1a: Lugia|86/100
|-status|p1a: Lugia|psn
|move|p1a: Lugia|Whirlwind|p2a: Mark
|drag|p2a: Gary|Groudon|100/100
|-weather|SunnyDay|[from] ability: Drought|[of] p2a: Gary
|detailschange|p2a: Gary|Groudon-Primal
|-primal|p2a: Gary
|-weather|DesolateLand|[from] ability: Desolate Land|[of] p2a: Gary
|
|-weather|DesolateLand|[upkeep]
|-damage|p1a: Lugia|74/100 psn|[from] psn
|upkeep
|turn|5
|
|move|p2a: Gary|Hone Claws|p2a: Gary
|-boost|p2a: Gary|atk|1
|-boost|p2a: Gary|accuracy|1
|move|p1a: Lugia|Toxic|p2a: Gary
|-status|p2a: Gary|tox
|
|-weather|DesolateLand|[upkeep]
|-damage|p2a: Gary|94/100 tox|[from] psn
|-damage|p1a: Lugia|61/100 psn|[from] psn
|upkeep
|turn|6
|
|move|p2a: Gary|Stone Edge|p1a: Lugia
|-supereffective|p1a: Lugia
|-damage|p1a: Lugia|0 fnt
|faint|p1a: Lugia
|
|-weather|DesolateLand|[upkeep]
|-damage|p2a: Gary|82/100 tox|[from] psn
|upkeep
|inactive|Onoufrios has 120 seconds left.
|
|switch|p1a: Necrozma|Necrozma-Dusk-Mane|100/100
|-damage|p1a: Necrozma|94/100|[from] Stealth Rock
|turn|7
|
|detailschange|p1a: Necrozma|Necrozma-Ultra
|-burst|p1a: Necrozma|Necrozma|Ultranecrozium Z
|move|p1a: Necrozma|Dragon Dance|p1a: Necrozma
|-boost|p1a: Necrozma|atk|1
|-boost|p1a: Necrozma|spe|1
|move|p2a: Gary|Precipice Blades|p1a: Necrozma
|-damage|p1a: Necrozma|0 fnt
|faint|p1a: Necrozma
|
|-weather|DesolateLand|[upkeep]
|-damage|p2a: Gary|64/100 tox|[from] psn
|upkeep
|inactive|Onoufrios has 90 seconds left.
|
|switch|p1a: Yveltal|Yveltal|100/100
|-damage|p1a: Yveltal|76/100|[from] Stealth Rock
|-ability|p1a: Yveltal|Dark Aura
|turn|8
|
|-start|p1a: Yveltal|Dynamax
|-heal|p1a: Yveltal|76/100|[silent]
|move|p1a: Yveltal|Max Airstream|p2a: Gary
|-damage|p2a: Gary|0 fnt
|-boost|p1a: Yveltal|spe|1
|-damage|p1a: Yveltal|71/100|[from] item: Life Orb
|faint|p2a: Gary
|-weather|none
|
|upkeep
|
|switch|p2a: Phil|Pheromosa|100/100
|turn|9
|inactive|Onoufrios has 90 seconds left.
|
|move|p1a: Yveltal|Max Airstream|p2a: Phil
|-supereffective|p2a: Phil
|-enditem|p2a: Phil|Focus Sash
|-damage|p2a: Phil|1/100
|-boost|p1a: Yveltal|spe|1
|-damage|p1a: Yveltal|66/100|[from] item: Life Orb
|move|p2a: Phil|Ice Beam|p1a: Yveltal
|-supereffective|p1a: Yveltal
|-damage|p1a: Yveltal|36/100
|
|upkeep
|turn|10
|inactive|Onoufrios has 90 seconds left.
|
|move|p1a: Yveltal|Max Ooze|p2a: Phil|[from]Hidden Power
|-damage|p2a: Phil|0 fnt
|-boost|p1a: Yveltal|spa|1
|-damage|p1a: Yveltal|31/100|[from] item: Life Orb
|faint|p2a: Phil
|
|-end|p1a: Yveltal|Dynamax
|-heal|p1a: Yveltal|31/100|[silent]
|upkeep
|
|switch|p2a: Zacian|Zacian-Crowned|100/100
|-ability|p2a: Zacian|Intrepid Sword|boost
|-boost|p2a: Zacian|atk|1
|turn|11
|
|move|p1a: Yveltal|Heat Wave|p2a: Zacian
|-supereffective|p2a: Zacian
|-damage|p2a: Zacian|0 fnt
|-damage|p1a: Yveltal|21/100|[from] item: Life Orb
|faint|p2a: Zacian
|
|upkeep
|
|switch|p2a: Sharon|Shaymin-Sky|100/100
|turn|12
|
|-start|p2a: Sharon|Dynamax
|-heal|p2a: Sharon|100/100|[silent]
|move|p1a: Yveltal|Oblivion Wing|p2a: Sharon
|-supereffective|p2a: Sharon
|-enditem|p2a: Sharon|Focus Sash
|-damage|p2a: Sharon|1/100
|-heal|p1a: Yveltal|100/100|[from] drain|[of] p2a: Sharon
|-damage|p1a: Yveltal|91/100|[from] item: Life Orb
|move|p2a: Sharon|Max Airstream|p1a: Yveltal
|-damage|p1a: Yveltal|39/100
|-boost|p2a: Sharon|spe|1
|
|upkeep
|turn|13
|
|move|p1a: Yveltal|Oblivion Wing|p2a: Sharon
|-supereffective|p2a: Sharon
|-damage|p2a: Sharon|0 fnt
|-heal|p1a: Yveltal|39/100|[from] drain|[of] p2a: Sharon
|-damage|p1a: Yveltal|29/100|[from] item: Life Orb
|faint|p2a: Sharon
|
|upkeep
|
|switch|p2a: Mark|Mewtwo-Mega-X|100/100
|turn|14
|-message|Bigjoocy forfeited.
|
|win|Onoufrios
|l|☆Bigjoocy
|raw|Onoufrios's rating: 1733 &rarr; <strong>1742</strong><br />(+9 for winning)
|raw|Bigjoocy's rating: 1509 &rarr; <strong>1500</strong><br />(-9 for losing)
