|j|☆Happy pers0n
|j|☆chippytreatz
|inactive|Battle timer is ON: inactive players will automatically lose when time's up.
|t:|1640063234
|gametype|singles
|player|p1|Happy pers0n|2|
|player|p2|chippytreatz|veteran|
|teamsize|p1|6
|teamsize|p2|6
|gen|8
|tier|[Gen 8] National Dex AG
|rated|Tournament battle
|rule|HP Percentage Mod: HP is shown in percentages
|rule|Endless Battle Clause: Forcing endless battles is banned
|clearpoke
|poke|p1|Yveltal|
|poke|p1|Necrozma-Dusk-Mane|
|poke|p1|Zacian-*|
|poke|p1|Rayquaza|
|poke|p1|Ho-Oh|
|poke|p1|Groudon|
|poke|p2|Zacian-*|
|poke|p2|Arceus-*|
|poke|p2|Arceus-*|
|poke|p2|Yveltal|
|poke|p2|Ditto|
|poke|p2|Necrozma-Dusk-Mane|
|teampreview
|j|*Lady Monita ❄
|
|t:|1640063239
|start
|switch|p1a: Rayquaza|Rayquaza|100/100
|switch|p2a: Arceus|Arceus-Ground|100/100
|-ability|p1a: Rayquaza|Air Lock
|turn|1
|
|t:|1640063246
|detailschange|p1a: Rayquaza|Rayquaza-Mega
|-mega|p1a: Rayquaza|Rayquaza|
|-weather|DeltaStream|[from] ability: Delta Stream|[of] p1a: Rayquaza
|move|p1a: Rayquaza|Dragon Dance|p1a: Rayquaza
|-boost|p1a: Rayquaza|atk|1
|-boost|p1a: Rayquaza|spe|1
|move|p2a: Arceus|Ice Beam|p1a: Rayquaza
|-activate||deltastream
|-supereffective|p1a: Rayquaza
|-damage|p1a: Rayquaza|33/100
|
|-weather|DeltaStream|[upkeep]
|-heal|p1a: Rayquaza|39/100|[from] item: Leftovers
|upkeep
|turn|2
|
|t:|1640063254
|move|p1a: Rayquaza|Dragon Ascent|p2a: Arceus
|-damage|p2a: Arceus|6/100
|-unboost|p1a: Rayquaza|def|1
|-unboost|p1a: Rayquaza|spd|1
|move|p2a: Arceus|Ice Beam|p1a: Rayquaza
|-activate||deltastream
|-supereffective|p1a: Rayquaza
|-damage|p1a: Rayquaza|0 fnt
|faint|p1a: Rayquaza
|-weather|none
|
|upkeep
|inactive|Happy pers0n has 120 seconds left.
|
|t:|1640063290
|switch|p1a: Zacian|Zacian-Crowned|100/100
|-ability|p1a: Zacian|Intrepid Sword|boost
|-boost|p1a: Zacian|atk|1
|turn|3
|inactive|Happy pers0n has 120 seconds left.
|
|t:|1640063299
|move|p1a: Zacian|Behemoth Blade|p2a: Arceus
|-damage|p2a: Arceus|0 fnt
|faint|p2a: Arceus
|
|upkeep
|
|t:|1640063305
|switch|p2a: Ditto|Ditto|100/100
|-transform|p2a: Ditto|p1a: Zacian|[from] ability: Imposter
|-ability|p2a: Ditto|Intrepid Sword|boost
|-boost|p2a: Ditto|atk|1
|turn|4
|inactive|Happy pers0n has 120 seconds left.
|
|t:|1640063327
|switch|p1a: Groudon|Groudon|100/100
|detailschange|p1a: Groudon|Groudon-Primal
|-primal|p1a: Groudon
|-weather|DesolateLand|[from] ability: Desolate Land|[of] p1a: Groudon
|move|p2a: Ditto|Behemoth Blade|p1a: Groudon
|-resisted|p1a: Groudon
|-damage|p1a: Groudon|67/100
|
|-weather|DesolateLand|[upkeep]
|upkeep
|turn|5
|j| Aamir khan fan
|inactive|Happy pers0n has 120 seconds left.
|
|t:|1640063342
|switch|p2a: Arceus|Arceus|100/100
|move|p1a: Groudon|Fire Punch|p2a: Arceus
|-damage|p2a: Arceus|33/100
|
|-weather|DesolateLand|[upkeep]
|upkeep
|turn|6
|
|t:|1640063346
|move|p2a: Arceus|Extreme Speed|p1a: Groudon
|-damage|p1a: Groudon|43/100
|move|p1a: Groudon|Fire Punch|p2a: Arceus
|-damage|p2a: Arceus|0 fnt
|faint|p2a: Arceus
|
|-weather|DesolateLand|[upkeep]
|upkeep
|
|t:|1640063350
|switch|p2a: Yveltal|Yveltal|100/100
|-ability|p2a: Yveltal|Dark Aura
|turn|7
|
|t:|1640063353
|move|p2a: Yveltal|Dark Pulse|p1a: Groudon
|-damage|p1a: Groudon|0 fnt
|faint|p1a: Groudon
|-weather|none
|
|upkeep
|
|t:|1640063357
|switch|p1a: Zacian|Zacian-Crowned|100/100
|-ability|p1a: Zacian|Intrepid Sword|boost
|-boost|p1a: Zacian|atk|1
|turn|8
|
|t:|1640063363
|switch|p2a: Necrozma|Necrozma-Dusk-Mane|100/100
|move|p1a: Zacian|Play Rough|p2a: Necrozma
|-resisted|p2a: Necrozma
|-damage|p2a: Necrozma|64/100
|
|upkeep
|turn|9
|
|t:|1640063367
|move|p1a: Zacian|Fire Fang|p2a: Necrozma
|-supereffective|p2a: Necrozma
|-damage|p2a: Necrozma|12/100
|-status|p2a: Necrozma|brn
|cant|p2a: Necrozma|flinch
|
|-damage|p2a: Necrozma|5/100 brn|[from] brn
|upkeep
|turn|10
|c|☆Happy pers0n|Damn
|c|☆Happy pers0n|Thats
|inactive|Happy pers0n has 120 seconds left.
|
|t:|1640063399
|switch|p1a: Ho-Oh|Ho-Oh|100/100
|move|p2a: Necrozma|Earthquake|p1a: Ho-Oh
|-immune|p1a: Ho-Oh
|
|-damage|p2a: Necrozma|0 fnt|[from] brn
|faint|p2a: Necrozma
|upkeep
|
|t:|1640063404
|switch|p2a: Zacian|Zacian-Crowned|100/100
|-ability|p2a: Zacian|Intrepid Sword|boost
|-boost|p2a: Zacian|atk|1
|turn|11
|
|t:|1640063408
|move|p2a: Zacian|Wild Charge|p1a: Ho-Oh
|-supereffective|p1a: Ho-Oh
|-damage|p1a: Ho-Oh|6/100
|-damage|p2a: Zacian|70/100|[from] Recoil
|move|p1a: Ho-Oh|Sacred Fire|p2a: Zacian|[miss]
|-miss|p1a: Ho-Oh|p2a: Zacian
|
|-heal|p1a: Ho-Oh|12/100|[from] item: Leftovers
|upkeep
|turn|12
|
|t:|1640063416
|switch|p1a: Necrozma|Necrozma-Dusk-Mane|100/100
|move|p2a: Zacian|Behemoth Blade|p1a: Necrozma
|-resisted|p1a: Necrozma
|-damage|p1a: Necrozma|70/100
|
|-heal|p1a: Necrozma|76/100|[from] item: Leftovers
|upkeep
|turn|13
|
|t:|1640063419
|move|p2a: Zacian|Close Combat|p1a: Necrozma
|-damage|p1a: Necrozma|30/100
|-unboost|p2a: Zacian|def|1
|-unboost|p2a: Zacian|spd|1
|move|p1a: Necrozma|Earthquake|p2a: Zacian
|-supereffective|p2a: Zacian
|-damage|p2a: Zacian|0 fnt
|faint|p2a: Zacian
|
|-heal|p1a: Necrozma|36/100|[from] item: Leftovers
|upkeep
|
|t:|1640063423
|switch|p2a: Yveltal|Yveltal|100/100
|-ability|p2a: Yveltal|Dark Aura
|turn|14
|
|t:|1640063429
|switch|p1a: Yveltal|Yveltal|100/100
|-ability|p1a: Yveltal|Dark Aura
|move|p2a: Yveltal|Foul Play|p1a: Yveltal
|-resisted|p1a: Yveltal
|-damage|p1a: Yveltal|81/100
|
|-heal|p1a: Yveltal|87/100|[from] item: Leftovers
|upkeep
|turn|15
|
|t:|1640063434
|-start|p2a: Yveltal|Dynamax
|-heal|p2a: Yveltal|100/100|[silent]
|move|p2a: Yveltal|Max Darkness|p1a: Yveltal
|-resisted|p1a: Yveltal
|-damage|p1a: Yveltal|58/100
|-unboost|p1a: Yveltal|spd|1
|move|p1a: Yveltal|Knock Off|p2a: Yveltal
|-resisted|p2a: Yveltal
|-damage|p2a: Yveltal|87/100
|-enditem|p2a: Yveltal|Choice Scarf|[from] move: Knock Off|[of] p1a: Yveltal
|
|-heal|p1a: Yveltal|64/100|[from] item: Leftovers
|upkeep
|turn|16
|
|t:|1640063439
|-start|p1a: Yveltal|Dynamax
|-heal|p1a: Yveltal|64/100|[silent]
|move|p2a: Yveltal|Max Airstream|p1a: Yveltal
|-damage|p1a: Yveltal|35/100
|-boost|p2a: Yveltal|spe|1
|move|p1a: Yveltal|Max Airstream|p2a: Yveltal
|-damage|p2a: Yveltal|62/100
|-boost|p1a: Yveltal|spe|1
|
|-heal|p1a: Yveltal|38/100|[from] item: Leftovers
|upkeep
|turn|17
|
|t:|1640063445
|move|p2a: Yveltal|Max Airstream|p1a: Yveltal
|-damage|p1a: Yveltal|9/100
|-boost|p2a: Yveltal|spe|1
|move|p1a: Yveltal|Max Darkness|p2a: Yveltal
|-resisted|p2a: Yveltal
|-damage|p2a: Yveltal|45/100
|-unboost|p2a: Yveltal|spd|1
|
|-heal|p1a: Yveltal|13/100|[from] item: Leftovers
|-end|p2a: Yveltal|Dynamax
|-heal|p2a: Yveltal|45/100|[silent]
|upkeep
|turn|18
|
|t:|1640063450
|move|p2a: Yveltal|Oblivion Wing|p1a: Yveltal
|-damage|p1a: Yveltal|0 fnt
|-heal|p2a: Yveltal|66/100|[from] drain|[of] p1a: Yveltal
|faint|p1a: Yveltal
|
|upkeep
|
|t:|1640063453
|switch|p1a: Zacian|Zacian-Crowned|100/100
|-ability|p1a: Zacian|Intrepid Sword|boost
|-boost|p1a: Zacian|atk|1
|turn|19
|
|t:|1640063461
|move|p2a: Yveltal|Foul Play|p1a: Zacian
|-resisted|p1a: Zacian
|-damage|p1a: Zacian|45/100
|move|p1a: Zacian|Behemoth Blade|p2a: Yveltal
|-damage|p2a: Yveltal|0 fnt
|faint|p2a: Yveltal
|
|upkeep
|
|t:|1640063465
|switch|p2a: Ditto|Ditto|100/100
|-transform|p2a: Ditto|p1a: Zacian|[from] ability: Imposter
|-ability|p2a: Ditto|Intrepid Sword|boost
|-boost|p2a: Ditto|atk|1
|turn|20
|
|t:|1640063474
|move|p2a: Ditto|Behemoth Blade|p1a: Zacian
|-damage|p1a: Zacian|0 fnt
|faint|p1a: Zacian
|
|upkeep
|
|t:|1640063482
|switch|p1a: Ho-Oh|Ho-Oh|45/100
|turn|21
|
|t:|1640063485
|move|p2a: Ditto|Behemoth Blade|p1a: Ho-Oh
|-resisted|p1a: Ho-Oh
|-damage|p1a: Ho-Oh|0 fnt
|faint|p1a: Ho-Oh
|
|upkeep
|
|t:|1640063488
|switch|p1a: Necrozma|Necrozma-Dusk-Mane|36/100
|turn|22
|
|t:|1640063492
|move|p2a: Ditto|Behemoth Blade|p1a: Necrozma
|-resisted|p1a: Necrozma
|-damage|p1a: Necrozma|0 fnt
|faint|p1a: Necrozma
|
|win|chippytreatz
|n|☆Happy pers0n|happypers0n
|n|☆chippytreatz|chippytreatz
|n|*Lady Monita ❄|ladymonita
|n| Aamir khan fan|aamirkhanfan
|l|*Lady Monita ❄
|l| Aamir khan fan
