|j|☆Ford Prefect
|j|☆chopforce8
|t:|1664149157
|gametype|singles
|player|p1|Ford Prefect|1|1666
|player|p2|chopforce8|red|1898
|teamsize|p1|6
|teamsize|p2|6
|gen|8
|tier|[Gen 8] National Dex AG
|rated|
|rule|HP Percentage Mod: HP is shown in percentages
|rule|Endless Battle Clause: Forcing endless battles is banned
|clearpoke
|poke|p1|Rayquaza|
|poke|p1|Groudon|
|poke|p1|Kyogre|
|poke|p1|Necrozma-Dawn-Wings|
|poke|p1|Arceus-*|
|poke|p1|Zacian-*|
|poke|p2|Yveltal|
|poke|p2|Diancie|
|poke|p2|Calyrex-Shadow|
|poke|p2|Zacian-*|
|poke|p2|Ditto|
|poke|p2|Arceus-*|
|teampreview
|inactive|Battle timer is ON: inactive players will automatically lose when time's up. (requested by Ford Prefect)
|
|t:|1664149188
|start
|switch|p1a: Groudon|Groudon|100/100
|switch|p2a: ProfessorQuirrell|Calyrex-Shadow|100/100
|-ability|p2a: ProfessorQuirrell|As One
|-ability|p2a: ProfessorQuirrell|Unnerve
|detailschange|p1a: Groudon|Groudon-Primal
|-primal|p1a: Groudon
|-weather|DesolateLand|[from] ability: Desolate Land|[of] p1a: Groudon
|turn|1
|
|t:|1664149198
|move|p2a: ProfessorQuirrell|Nasty Plot|p2a: ProfessorQuirrell
|-boost|p2a: ProfessorQuirrell|spa|2
|move|p1a: Groudon|Heat Crash|p2a: ProfessorQuirrell
|-enditem|p2a: ProfessorQuirrell|Focus Sash
|-damage|p2a: ProfessorQuirrell|1/100
|
|-weather|DesolateLand|[upkeep]
|upkeep
|turn|2
|
|t:|1664149205
|-weather|none
|switch|p1a: Arceus|Arceus-Dark|100/100
|move|p2a: ProfessorQuirrell|Astral Barrage|p1a: Arceus
|-resisted|p1a: Arceus
|-damage|p1a: Arceus|51/100
|
|upkeep
|turn|3
|
|t:|1664149213
|-start|p1a: Arceus|Dynamax|
|-heal|p1a: Arceus|51/100|[silent]
|move|p2a: ProfessorQuirrell|Baton Pass|p2a: ProfessorQuirrell
|
|t:|1664149221
|switch|p2a: Voldemort|Yveltal|100/100|[from]move: Baton Pass
|-ability|p2a: Voldemort|Dark Aura
|move|p1a: Arceus|Max Darkness|p2a: Voldemort
|-resisted|p2a: Voldemort
|-damage|p2a: Voldemort|60/100
|-unboost|p2a: Voldemort|spd|1
|
|upkeep
|turn|4
|
|t:|1664149232
|move|p2a: Voldemort|Oblivion Wing|p1a: Arceus
|-damage|p1a: Arceus|21/100
|-heal|p2a: Voldemort|100/100|[from] drain|[of] p1a: Arceus
|-damage|p2a: Voldemort|91/100|[from] item: Life Orb
|move|p1a: Arceus|Max Darkness|p2a: Voldemort
|-resisted|p2a: Voldemort
|-damage|p2a: Voldemort|24/100
|-unboost|p2a: Voldemort|spd|1
|
|upkeep
|turn|5
|
|t:|1664149244
|move|p1a: Arceus|Max Guard|p1a: Arceus
|-singleturn|p1a: Arceus|Max Guard
|move|p2a: Voldemort|Oblivion Wing|p1a: Arceus
|-activate|p1a: Arceus|move: Max Guard
|
|upkeep
|-end|p1a: Arceus|Dynamax
|-heal|p1a: Arceus|21/100|[silent]
|turn|6
|
|t:|1664149251
|move|p1a: Arceus|Extreme Speed|p2a: Voldemort
|-damage|p2a: Voldemort|3/100
|move|p2a: Voldemort|Oblivion Wing|p1a: Arceus
|-damage|p1a: Arceus|0 fnt
|-heal|p2a: Voldemort|20/100|[from] drain|[of] p1a: Arceus
|faint|p1a: Arceus
|-damage|p2a: Voldemort|10/100|[from] item: Life Orb
|
|upkeep
|
|t:|1664149261
|switch|p1a: Zacian|Zacian-Crowned|100/100
|-ability|p1a: Zacian|Intrepid Sword|boost
|-boost|p1a: Zacian|atk|1
|turn|7
|
|t:|1664149265
|move|p2a: Voldemort|Sucker Punch|p1a: Zacian
|-resisted|p1a: Zacian
|-damage|p1a: Zacian|76/100
|-damage|p2a: Voldemort|0 fnt|[from] item: Life Orb
|faint|p2a: Voldemort
|move|p1a: Zacian|Behemoth Blade|p2: Voldemort|[notarget]
|-fail|p1a: Zacian
|
|upkeep
|
|t:|1664149275
|switch|p2a: MirrorofErised|Ditto|100/100
|-transform|p2a: MirrorofErised|p1a: Zacian|[from] ability: Imposter
|-ability|p2a: MirrorofErised|Intrepid Sword|boost
|-boost|p2a: MirrorofErised|atk|1
|turn|8
|
|t:|1664149287
|switch|p1a: Groudon|Groudon-Primal|100/100
|-weather|DesolateLand|[from] ability: Desolate Land|[of] p1a: Groudon
|move|p2a: MirrorofErised|Behemoth Blade|p1a: Groudon
|-resisted|p1a: Groudon
|-damage|p1a: Groudon|67/100
|
|-weather|DesolateLand|[upkeep]
|upkeep
|turn|9
|
|t:|1664149295
|switch|p2a: Harry Potter|Diancie|100/100
|move|p1a: Groudon|Stealth Rock|p2a: Harry Potter
|-sidestart|p2: chopforce8|move: Stealth Rock
|
|-weather|DesolateLand|[upkeep]
|upkeep
|turn|10
|
|t:|1664149300
|detailschange|p2a: Harry Potter|Diancie-Mega
|-mega|p2a: Harry Potter|Diancie|Diancite
|move|p2a: Harry Potter|Stealth Rock|p1a: Groudon
|-sidestart|p1: Ford Prefect|move: Stealth Rock
|move|p1a: Groudon|Earthquake|p2a: Harry Potter
|-supereffective|p2a: Harry Potter
|-damage|p2a: Harry Potter|0 fnt
|faint|p2a: Harry Potter
|
|-weather|DesolateLand|[upkeep]
|upkeep
|
|t:|1664149313
|switch|p2a: Chess Wizard|Arceus-Flying|100/100
|-damage|p2a: Chess Wizard|76/100|[from] Stealth Rock
|turn|11
|
|t:|1664149317
|-start|p2a: Chess Wizard|Dynamax|
|-heal|p2a: Chess Wizard|76/100|[silent]
|move|p2a: Chess Wizard|Max Airstream|p1a: Groudon
|-damage|p1a: Groudon|5/100
|-boost|p2a: Chess Wizard|spe|1
|move|p1a: Groudon|Heat Crash||[still]
|-fail|p1a: Groudon|Dynamax
|
|-weather|DesolateLand|[upkeep]
|upkeep
|turn|12
|
|t:|1664149331
|move|p2a: Chess Wizard|Max Airstream|p1a: Groudon
|-damage|p1a: Groudon|0 fnt
|-boost|p2a: Chess Wizard|spe|1
|faint|p1a: Groudon
|-weather|none
|
|upkeep
|
|t:|1664149339
|switch|p1a: Zacian|Zacian-Crowned|76/100
|-damage|p1a: Zacian|70/100|[from] Stealth Rock
|-ability|p1a: Zacian|Intrepid Sword|boost
|-boost|p1a: Zacian|atk|1
|turn|13
|
|t:|1664149348
|-end|p2a: Chess Wizard|Dynamax
|-heal|p2a: Chess Wizard|76/100|[silent]
|switch|p2a: ProfessorQuirrell|Calyrex-Shadow|1/100
|-ability|p2a: ProfessorQuirrell|As One
|-ability|p2a: ProfessorQuirrell|Unnerve
|-damage|p2a: ProfessorQuirrell|0 fnt|[from] Stealth Rock
|faint|p2a: ProfessorQuirrell
|move|p1a: Zacian|Behemoth Blade|p2: ProfessorQuirrell|[notarget]
|-fail|p1a: Zacian
|
|upkeep
|
|t:|1664149358
|switch|p2a: MirrorofErised|Ditto|100/100
|-damage|p2a: MirrorofErised|88/100|[from] Stealth Rock
|-transform|p2a: MirrorofErised|p1a: Zacian|[from] ability: Imposter
|-ability|p2a: MirrorofErised|Intrepid Sword|boost
|-boost|p2a: MirrorofErised|atk|1
|turn|14
|
|t:|1664149368
|switch|p1a: Necrozma|Necrozma-Dawn-Wings|100/100
|-damage|p1a: Necrozma|88/100|[from] Stealth Rock
|move|p2a: MirrorofErised|Behemoth Blade|p1a: Necrozma
|-damage|p1a: Necrozma|0 fnt
|faint|p1a: Necrozma
|
|upkeep
|
|t:|1664149375
|switch|p1a: Kyogre|Kyogre|100/100
|-damage|p1a: Kyogre|88/100|[from] Stealth Rock
|detailschange|p1a: Kyogre|Kyogre-Primal
|-primal|p1a: Kyogre
|-weather|PrimordialSea|[from] ability: Primordial Sea|[of] p1a: Kyogre
|turn|15
|
|t:|1664149381
|move|p2a: MirrorofErised|Behemoth Blade|p1a: Kyogre
|-resisted|p1a: Kyogre
|-damage|p1a: Kyogre|16/100
|move|p1a: Kyogre|Surf|p2a: MirrorofErised
|-damage|p2a: MirrorofErised|0 fnt
|faint|p2a: MirrorofErised
|
|-weather|PrimordialSea|[upkeep]
|upkeep
|
|t:|1664149395
|switch|p2a: Fluffy|Zacian-Crowned|100/100
|-damage|p2a: Fluffy|94/100|[from] Stealth Rock
|-ability|p2a: Fluffy|Intrepid Sword|boost
|-boost|p2a: Fluffy|atk|1
|turn|16
|
|t:|1664149399
|move|p2a: Fluffy|Behemoth Blade|p1a: Kyogre
|-resisted|p1a: Kyogre
|-damage|p1a: Kyogre|0 fnt
|faint|p1a: Kyogre
|-weather|none
|
|upkeep
|
|t:|1664149404
|switch|p1a: Rayquaza|Rayquaza|100/100
|-damage|p1a: Rayquaza|76/100|[from] Stealth Rock
|-ability|p1a: Rayquaza|Air Lock
|turn|17
|
|t:|1664149414
|detailschange|p1a: Rayquaza|Rayquaza-Mega
|-mega|p1a: Rayquaza|Rayquaza|
|-weather|DeltaStream|[from] ability: Delta Stream|[of] p1a: Rayquaza
|move|p1a: Rayquaza|V-create|p2a: Fluffy
|-supereffective|p2a: Fluffy
|-damage|p2a: Fluffy|0 fnt
|-unboost|p1a: Rayquaza|spe|1
|-unboost|p1a: Rayquaza|def|1
|-unboost|p1a: Rayquaza|spd|1
|faint|p2a: Fluffy
|
|-weather|DeltaStream|[upkeep]
|upkeep
|
|t:|1664149422
|switch|p2a: Chess Wizard|Arceus-Flying|76/100
|-damage|p2a: Chess Wizard|51/100|[from] Stealth Rock
|turn|18
|
|t:|1664149426
|move|p2a: Chess Wizard|Recover|p2a: Chess Wizard
|-heal|p2a: Chess Wizard|100/100
|move|p1a: Rayquaza|V-create|p2a: Chess Wizard
|-damage|p2a: Chess Wizard|44/100
|-unboost|p1a: Rayquaza|spe|1
|-unboost|p1a: Rayquaza|def|1
|-unboost|p1a: Rayquaza|spd|1
|
|-weather|DeltaStream|[upkeep]
|upkeep
|turn|19
|
|t:|1664149434
|-weather|none
|switch|p1a: Zacian|Zacian-Crowned|70/100
|-damage|p1a: Zacian|64/100|[from] Stealth Rock
|-ability|p1a: Zacian|Intrepid Sword|boost
|-boost|p1a: Zacian|atk|1
|move|p2a: Chess Wizard|Recover|p2a: Chess Wizard
|-heal|p2a: Chess Wizard|94/100
|
|upkeep
|turn|20
|
|t:|1664149443
|move|p1a: Zacian|Behemoth Blade|p2a: Chess Wizard
|-damage|p2a: Chess Wizard|35/100
|move|p2a: Chess Wizard|Recover|p2a: Chess Wizard
|-heal|p2a: Chess Wizard|85/100
|
|upkeep
|turn|21
|
|t:|1664149449
|move|p1a: Zacian|Swords Dance|p1a: Zacian
|-boost|p1a: Zacian|atk|2
|move|p2a: Chess Wizard|Recover|p2a: Chess Wizard
|-heal|p2a: Chess Wizard|100/100
|
|upkeep
|turn|22
|c|☆chopforce8|gg
|
|t:|1664149454
|move|p1a: Zacian|Behemoth Blade|p2a: Chess Wizard
|-damage|p2a: Chess Wizard|0 fnt
|faint|p2a: Chess Wizard
|
|win|Ford Prefect
|raw|Ford Prefect's rating: 1666 &rarr; <strong>1698</strong><br />(+32 for winning)
|raw|chopforce8's rating: 1898 &rarr; <strong>1866</strong><br />(-32 for losing)
|c|☆Ford Prefect|gg
|l|☆chopforce8
