|j|☆ne_maxsus33
|j|☆Isnezhny
|t:|1652188890
|gametype|singles
|player|p1|ne_maxsus33|n|1659
|player|p2|Isnezhny|grimsley-gen7|1739
|teamsize|p1|6
|teamsize|p2|6
|gen|8
|tier|[Gen 8] National Dex AG
|rated|
|rule|HP Percentage Mod: HP is shown in percentages
|rule|Endless Battle Clause: Forcing endless battles is banned
|clearpoke
|poke|p1|Zacian-*|
|poke|p1|Groudon|
|poke|p1|Ditto|
|poke|p1|Kyogre|
|poke|p1|Marshadow|
|poke|p1|Arceus-*|
|poke|p2|Hatterene, F|
|poke|p2|Melmetal|
|poke|p2|Porygon2|
|poke|p2|Xerneas-*|
|poke|p2|Arceus-*|
|poke|p2|Palkia|
|teampreview
|c|☆Isnezhny|О
|c|☆Isnezhny|Привет
|c|☆ne_maxsus33|f[[gf[gsd[fg'sgs
|c|☆ne_maxsus33|qqq
|c|☆Isnezhny|;D
|
|t:|1652188917
|start
|switch|p1a: Kyogre|Kyogre|100/100
|switch|p2a: Wizz|Hatterene, F|100/100
|-weather|RainDance|[from] ability: Drizzle|[of] p1a: Kyogre
|turn|1
|c|☆ne_maxsus33|;D
|
|t:|1652188928
|move|p1a: Kyogre|Water Spout|p2a: Wizz
|-enditem|p2a: Wizz|Focus Sash
|-damage|p2a: Wizz|1/100
|move|p2a: Wizz|Trick Room|p2a: Wizz
|-fieldstart|move: Trick Room|[of] p2a: Wizz
|
|-weather|RainDance|[upkeep]
|upkeep
|turn|2
|
|t:|1652188943
|move|p2a: Wizz|Healing Wish|p2a: Wizz
|faint|p2a: Wizz
|move|p1a: Kyogre|Water Spout|p2: Wizz|[notarget]
|-fail|p1a: Kyogre
|
|-weather|RainDance|[upkeep]
|upkeep
|
|t:|1652188949
|switch|p2a: Collapse|Palkia|100/100
|-ability|p2a: Collapse|Pressure
|turn|3
|
|t:|1652188957
|switch|p1a: Zacian|Zacian-Crowned|100/100
|-ability|p1a: Zacian|Intrepid Sword|boost
|-boost|p1a: Zacian|atk|1
|move|p2a: Collapse|Spacial Rend|p1a: Zacian
|-immune|p1a: Zacian
|
|-weather|RainDance|[upkeep]
|upkeep
|turn|4
|
|t:|1652188962
|switch|p1a: Arceus|Arceus|100/100
|move|p2a: Collapse|Hydro Pump|p1a: Arceus
|-damage|p1a: Arceus|16/100
|
|-weather|RainDance|[upkeep]
|upkeep
|turn|5
|j| Apprenti Buck
|
|t:|1652189024
|move|p1a: Arceus|Extreme Speed|p2a: Collapse
|-damage|p2a: Collapse|61/100
|move|p2a: Collapse|Spacial Rend|p1a: Arceus
|-damage|p1a: Arceus|0 fnt
|faint|p1a: Arceus
|
|-weather|none
|-fieldend|move: Trick Room
|upkeep
|
|t:|1652189075
|switch|p1a: Zacian|Zacian-Crowned|100/100
|-ability|p1a: Zacian|Intrepid Sword|boost
|-boost|p1a: Zacian|atk|1
|turn|6
|
|t:|1652189115
|switch|p2a: Antarctica|Arceus-Ground|100/100
|move|p1a: Zacian|Wild Charge|p2a: Antarctica
|-immune|p2a: Antarctica
|
|upkeep
|turn|7
|
|t:|1652189129
|switch|p1a: Kyogre|Kyogre|100/100
|-weather|RainDance|[from] ability: Drizzle|[of] p1a: Kyogre
|move|p2a: Antarctica|Judgment|p1a: Kyogre
|-damage|p1a: Kyogre|65/100
|
|-weather|RainDance|[upkeep]
|upkeep
|turn|8
|
|t:|1652189139
|switch|p1a: Zacian|Zacian-Crowned|100/100
|-ability|p1a: Zacian|Intrepid Sword|boost
|-boost|p1a: Zacian|atk|1
|switch|p2a: 3.14 Two|Porygon2|100/100
|-ability|p2a: 3.14 Two|Intrepid Sword|[from] ability: Trace|[of] p1a: Zacian
|-ability|p2a: 3.14 Two|Intrepid Sword|boost
|-boost|p2a: 3.14 Two|atk|1
|
|-weather|RainDance|[upkeep]
|upkeep
|turn|9
|
|t:|1652189165
|switch|p2a: Antarctica|Arceus-Ground|100/100
|move|p1a: Zacian|Behemoth Blade|p2a: Antarctica
|-damage|p2a: Antarctica|51/100
|
|-weather|RainDance|[upkeep]
|upkeep
|turn|10
|
|t:|1652189175
|move|p1a: Zacian|Close Combat|p2a: Antarctica
|-damage|p2a: Antarctica|10/100
|-unboost|p1a: Zacian|def|1
|-unboost|p1a: Zacian|spd|1
|move|p2a: Antarctica|Trick Room|p2a: Antarctica
|-fieldstart|move: Trick Room|[of] p2a: Antarctica
|
|-weather|RainDance|[upkeep]
|upkeep
|turn|11
|
|t:|1652189194
|switch|p1a: Ditto|Ditto|100/100
|-transform|p1a: Ditto|p2a: Antarctica|[from] ability: Imposter
|move|p2a: Antarctica|Judgment|p1a: Ditto
|-crit|p1a: Ditto
|-damage|p1a: Ditto|27/100
|
|-weather|none
|upkeep
|turn|12
|
|t:|1652189218
|switch|p2a: Moonlight|Xerneas|100/100
|-ability|p2a: Moonlight|Fairy Aura
|move|p1a: Ditto|Judgment|p2a: Moonlight
|-damage|p2a: Moonlight|80/100
|
|upkeep
|turn|13
|
|t:|1652189245
|move|p2a: Moonlight|Moonblast|p1a: Ditto
|-damage|p1a: Ditto|0 fnt
|faint|p1a: Ditto
|
|upkeep
|
|t:|1652189247
|switch|p1a: Groudon|Groudon|100/100
|detailschange|p1a: Groudon|Groudon-Primal
|-primal|p1a: Groudon
|-weather|DesolateLand|[from] ability: Desolate Land|[of] p1a: Groudon
|turn|14
|
|t:|1652189277
|switch|p2a: Antarctica|Arceus-Ground|10/100
|-heal|p2a: Antarctica|100/100|[from] move: Healing Wish
|move|p1a: Groudon|Precipice Blades|p2a: Antarctica
|-damage|p2a: Antarctica|62/100
|
|-weather|DesolateLand|[upkeep]
|-fieldend|move: Trick Room
|upkeep
|turn|15
|
|t:|1652189294
|move|p1a: Groudon|Precipice Blades|p2a: Antarctica
|-damage|p2a: Antarctica|26/100
|move|p2a: Antarctica|Trick Room|p2a: Antarctica
|-fieldstart|move: Trick Room|[of] p2a: Antarctica
|
|-weather|DesolateLand|[upkeep]
|upkeep
|turn|16
|
|t:|1652189298
|move|p2a: Antarctica|Recover|p2a: Antarctica
|-heal|p2a: Antarctica|76/100
|move|p1a: Groudon|Fire Punch|p2a: Antarctica
|-damage|p2a: Antarctica|40/100
|
|-weather|DesolateLand|[upkeep]
|upkeep
|turn|17
|
|t:|1652189313
|move|p2a: Antarctica|Judgment|p1a: Groudon
|-supereffective|p1a: Groudon
|-damage|p1a: Groudon|0 fnt
|faint|p1a: Groudon
|-weather|none
|
|upkeep
|
|t:|1652189317
|switch|p1a: Kyogre|Kyogre|65/100
|-weather|RainDance|[from] ability: Drizzle|[of] p1a: Kyogre
|turn|18
|
|t:|1652189329
|switch|p2a: Moonlight|Xerneas|80/100
|-ability|p2a: Moonlight|Fairy Aura
|move|p1a: Kyogre|Origin Pulse|p2a: Moonlight
|-damage|p2a: Moonlight|8/100
|
|-weather|RainDance|[upkeep]
|upkeep
|turn|19
|
|t:|1652189337
|move|p2a: Moonlight|Thunder|p1a: Kyogre
|-supereffective|p1a: Kyogre
|-damage|p1a: Kyogre|0 fnt
|faint|p1a: Kyogre
|
|-weather|RainDance|[upkeep]
|-fieldend|move: Trick Room
|upkeep
|c|☆ne_maxsus33|ааа
|
|t:|1652189347
|switch|p1a: Zacian|Zacian-Crowned|100/100
|-ability|p1a: Zacian|Intrepid Sword|boost
|-boost|p1a: Zacian|atk|1
|turn|20
|
|t:|1652189351
|move|p1a: Zacian|Behemoth Blade|p2a: Moonlight
|-supereffective|p2a: Moonlight
|-damage|p2a: Moonlight|0 fnt
|faint|p2a: Moonlight
|
|-weather|RainDance|[upkeep]
|upkeep
|c|☆ne_maxsus33|шо там айс
|c|☆ne_maxsus33|я уже слил...(
|
|t:|1652189407
|switch|p2a: Blacksmith|Melmetal|100/100
|turn|21
|
|t:|1652189420
|-start|p2a: Blacksmith|Dynamax|
|-heal|p2a: Blacksmith|100/100|[silent]
|move|p1a: Zacian|Close Combat|p2a: Blacksmith
|-supereffective|p2a: Blacksmith
|-damage|p2a: Blacksmith|58/100
|-unboost|p1a: Zacian|def|1
|-unboost|p1a: Zacian|spd|1
|move|p2a: Blacksmith|Max Quake|p1a: Zacian
|-supereffective|p1a: Zacian
|-crit|p1a: Zacian
|-damage|p1a: Zacian|0 fnt
|-boost|p2a: Blacksmith|spd|1
|faint|p1a: Zacian
|-damage|p2a: Blacksmith|53/100|[from] item: Life Orb
|
|-weather|RainDance|[upkeep]
|upkeep
|
|t:|1652189423
|switch|p1a: Marshadow|Marshadow|100/100
|turn|22
|c|☆Isnezhny|Я думал как мне не слить)
|
|t:|1652189456
|move|p1a: Marshadow|Spectral Thief||[still]
|-clearpositiveboost|p2a: Blacksmith|p1a: Marshadow|move: Spectral Thief
|-boost|p1a: Marshadow|spd|1
|-anim|p1a: Marshadow|Spectral Thief|p2a: Blacksmith
|-damage|p2a: Blacksmith|40/100
|move|p2a: Blacksmith|Max Hailstorm|p1a: Marshadow
|-damage|p1a: Marshadow|10/100
|-weather|Hail
|-damage|p2a: Blacksmith|35/100|[from] item: Life Orb
|
|-weather|Hail|[upkeep]
|-damage|p1a: Marshadow|4/100|[from] Hail
|-damage|p2a: Blacksmith|32/100|[from] Hail
|upkeep
|turn|23
|
|t:|1652189467
|move|p1a: Marshadow|Close Combat|p2a: Blacksmith
|-supereffective|p2a: Blacksmith
|-damage|p2a: Blacksmith|2/100
|-unboost|p1a: Marshadow|def|1
|-unboost|p1a: Marshadow|spd|1
|move|p2a: Blacksmith|Max Hailstorm|p1a: Marshadow
|-damage|p1a: Marshadow|0 fnt
|faint|p1a: Marshadow
|-damage|p2a: Blacksmith|0 fnt|[from] item: Life Orb
|faint|p2a: Blacksmith
|
|win|Isnezhny
|raw|ne_maxsus33's rating: 1659 &rarr; <strong>1644</strong><br />(-15 for losing)
|raw|Isnezhny's rating: 1739 &rarr; <strong>1754</strong><br />(+15 for winning)
|c|☆Isnezhny|Гг
|l|☆ne_maxsus33
