|j|☆Glaliegoesboom ❤
|j|☆CLEAR GEM清瑜
|t:|1661258951
|gametype|singles
|player|p1|Glaliegoesboom ❤|cynthia-masters|1795
|player|p2|CLEAR GEM清瑜|skierf|1782
|teamsize|p1|6
|teamsize|p2|6
|gen|8
|tier|[Gen 8] National Dex AG
|rated|
|rule|HP Percentage Mod: HP is shown in percentages
|rule|Endless Battle Clause: Forcing endless battles is banned
|clearpoke
|poke|p1|Excadrill, M|
|poke|p1|Ho-Oh|
|poke|p1|Calyrex-Shadow|
|poke|p1|Xerneas-*|
|poke|p1|Arceus-*|
|poke|p1|Necrozma-Dusk-Mane|
|poke|p2|Rayquaza|
|poke|p2|Groudon|
|poke|p2|Necrozma-Dusk-Mane|
|poke|p2|Arceus-*|
|poke|p2|Arceus-*|
|poke|p2|Arceus-*|
|teampreview
|inactive|Battle timer is ON: inactive players will automatically lose when time's up. (requested by Glaliegoesboom ❤)
|
|t:|1661258957
|start
|switch|p1a: Excadrill|Excadrill, M|100/100
|switch|p2a: 究极辅助|Arceus-Dark|100/100
|-ability|p1a: Excadrill|Mold Breaker
|turn|1
|
|t:|1661258960
|move|p2a: 究极辅助|Magic Coat|p2a: 究极辅助
|-singleturn|p2a: 究极辅助|move: Magic Coat
|move|p1a: Excadrill|Stealth Rock|p2a: 究极辅助
|move|p2a: 究极辅助|Stealth Rock|p1a: Excadrill|[from]Magic Coat
|-sidestart|p1: Glaliegoesboom ❤|move: Stealth Rock
|
|upkeep
|turn|2
|
|t:|1661258966
|move|p2a: 究极辅助|Judgment|p1a: Excadrill
|-damage|p1a: Excadrill|28/100
|move|p1a: Excadrill|Rapid Spin|p2a: 究极辅助
|-crit|p2a: 究极辅助
|-damage|p2a: 究极辅助|82/100
|-boost|p1a: Excadrill|spe|1
|-sideend|p1: Glaliegoesboom ❤|Stealth Rock|[from] move: Rapid Spin|[of] p1a: Excadrill
|
|upkeep
|turn|3
|
|t:|1661258975
|move|p2a: 究极辅助|Magic Coat|p2a: 究极辅助
|-singleturn|p2a: 究极辅助|move: Magic Coat
|move|p1a: Excadrill|Earthquake|p2a: 究极辅助
|-damage|p2a: 究极辅助|44/100
|
|upkeep
|turn|4
|
|t:|1661258979
|move|p1a: Excadrill|Stealth Rock|p2a: 究极辅助
|-sidestart|p2: CLEAR GEM清瑜|move: Stealth Rock
|move|p2a: 究极辅助|Judgment|p1a: Excadrill
|-damage|p1a: Excadrill|0 fnt
|faint|p1a: Excadrill
|
|upkeep
|
|t:|1661258988
|switch|p1a: Ho-Oh|Ho-Oh|100/100
|turn|5
|
|t:|1661258996
|-start|p1a: Ho-Oh|Dynamax|
|-heal|p1a: Ho-Oh|100/100|[silent]
|move|p2a: 究极辅助|Recover|p2a: 究极辅助
|-heal|p2a: 究极辅助|95/100
|move|p1a: Ho-Oh|Max Airstream|p2a: 究极辅助
|-damage|p2a: 究极辅助|37/100
|-boost|p1a: Ho-Oh|spe|1
|-damage|p1a: Ho-Oh|96/100|[from] item: Life Orb
|
|upkeep
|turn|6
|
|t:|1661259000
|move|p1a: Ho-Oh|Max Flare|p2a: 究极辅助
|-damage|p2a: 究极辅助|0 fnt
|-weather|SunnyDay
|faint|p2a: 究极辅助
|-damage|p1a: Ho-Oh|91/100|[from] item: Life Orb
|
|-weather|SunnyDay|[upkeep]
|upkeep
|
|t:|1661259008
|switch|p2a: 乱杀P古|Arceus-Ground|100/100
|-damage|p2a: 乱杀P古|94/100|[from] Stealth Rock
|turn|7
|
|t:|1661259011
|move|p1a: Ho-Oh|Max Flare|p2a: 乱杀P古
|-damage|p2a: 乱杀P古|8/100
|-damage|p1a: Ho-Oh|86/100|[from] item: Life Orb
|move|p2a: 乱杀P古|Stealth Rock|p1a: Ho-Oh
|-sidestart|p1: Glaliegoesboom ❤|move: Stealth Rock
|
|-weather|SunnyDay|[upkeep]
|upkeep
|-end|p1a: Ho-Oh|Dynamax
|-heal|p1a: Ho-Oh|86/100|[silent]
|turn|8
|
|t:|1661259016
|move|p1a: Ho-Oh|Flame Charge|p2a: 乱杀P古
|-damage|p2a: 乱杀P古|0 fnt
|-boost|p1a: Ho-Oh|spe|1
|faint|p2a: 乱杀P古
|-damage|p1a: Ho-Oh|76/100|[from] item: Life Orb
|
|-weather|SunnyDay|[upkeep]
|upkeep
|
|t:|1661259022
|switch|p2a: 不会(?)|Groudon|100/100
|-damage|p2a: 不会(?)|94/100|[from] Stealth Rock
|detailschange|p2a: 不会(?)|Groudon-Primal
|-primal|p2a: 不会(?)
|-weather|DesolateLand|[from] ability: Desolate Land|[of] p2a: 不会(?)
|turn|9
|
|t:|1661259027
|move|p1a: Ho-Oh|Earthquake|p2a: 不会(?)
|-supereffective|p2a: 不会(?)
|-damage|p2a: 不会(?)|47/100
|-damage|p1a: Ho-Oh|66/100|[from] item: Life Orb
|move|p2a: 不会(?)|Heat Crash|p1a: Ho-Oh
|-resisted|p1a: Ho-Oh
|-damage|p1a: Ho-Oh|0 fnt
|faint|p1a: Ho-Oh
|
|-weather|DesolateLand|[upkeep]
|upkeep
|
|t:|1661259032
|switch|p1a: Calyrex|Calyrex-Shadow|100/100
|-ability|p1a: Calyrex|As One
|-ability|p1a: Calyrex|Unnerve
|-damage|p1a: Calyrex|88/100|[from] Stealth Rock
|turn|10
|
|t:|1661259038
|move|p1a: Calyrex|Astral Barrage|p2a: 不会(?)
|-damage|p2a: 不会(?)|0 fnt
|faint|p2a: 不会(?)
|-weather|none
|-ability|p1a: Calyrex|Grim Neigh|boost
|-boost|p1a: Calyrex|spa|1
|
|upkeep
|
|t:|1661259041
|switch|p2a: 悬空羊驼|Arceus-Flying|100/100
|-damage|p2a: 悬空羊驼|76/100|[from] Stealth Rock
|turn|11
|
|t:|1661259044
|-start|p2a: 悬空羊驼|Dynamax|
|-heal|p2a: 悬空羊驼|76/100|[silent]
|move|p1a: Calyrex|Astral Barrage|p2a: 悬空羊驼
|-damage|p2a: 悬空羊驼|36/100
|move|p2a: 悬空羊驼|Max Airstream|p1a: Calyrex
|-damage|p1a: Calyrex|0 fnt
|-boost|p2a: 悬空羊驼|spe|1
|faint|p1a: Calyrex
|
|upkeep
|
|t:|1661259063
|switch|p1a: Necrozma|Necrozma-Dusk-Mane|100/100
|-damage|p1a: Necrozma|95/100|[from] Stealth Rock
|turn|12
|
|t:|1661259068
|detailschange|p1a: Necrozma|Necrozma-Ultra
|-burst|p1a: Necrozma|Necrozma|Ultranecrozium Z
|move|p2a: 悬空羊驼|Max Quake|p1a: Necrozma
|-damage|p1a: Necrozma|39/100
|-boost|p2a: 悬空羊驼|spd|1
|move|p1a: Necrozma|Photon Geyser|p2a: 悬空羊驼
|-damage|p2a: 悬空羊驼|11/100
|
|upkeep
|turn|13
|
|t:|1661259071
|move|p2a: 悬空羊驼|Max Airstream|p1a: Necrozma
|-damage|p1a: Necrozma|0 fnt
|-boost|p2a: 悬空羊驼|spe|1
|faint|p1a: Necrozma
|
|upkeep
|
|t:|1661259072
|switch|p1a: Arceus|Arceus|100/100
|-damage|p1a: Arceus|88/100|[from] Stealth Rock
|-end|p2a: 悬空羊驼|Dynamax
|-heal|p2a: 悬空羊驼|11/100|[silent]
|turn|14
|
|t:|1661259074
|move|p1a: Arceus|Extreme Speed|p2a: 悬空羊驼
|-damage|p2a: 悬空羊驼|0 fnt
|faint|p2a: 悬空羊驼
|
|upkeep
|
|t:|1661259076
|switch|p2a: 钢铁之躯|Necrozma-Dusk-Mane|100/100
|-damage|p2a: 钢铁之躯|94/100|[from] Stealth Rock
|turn|15
|
|t:|1661259083
|move|p1a: Arceus|Swords Dance|p1a: Arceus
|-boost|p1a: Arceus|atk|2
|move|p2a: 钢铁之躯|Dragon Dance|p2a: 钢铁之躯
|-boost|p2a: 钢铁之躯|atk|1
|-boost|p2a: 钢铁之躯|spe|1
|
|upkeep
|turn|16
|
|t:|1661259089
|detailschange|p2a: 钢铁之躯|Necrozma-Ultra
|-burst|p2a: 钢铁之躯|Necrozma|Ultranecrozium Z
|move|p2a: 钢铁之躯|Photon Geyser|p1a: Arceus
|-damage|p1a: Arceus|11/100
|move|p1a: Arceus|Earthquake|p2a: 钢铁之躯
|-damage|p2a: 钢铁之躯|34/100
|
|upkeep
|turn|17
|
|t:|1661259092
|move|p1a: Arceus|Extreme Speed|p2a: 钢铁之躯
|-crit|p2a: 钢铁之躯
|-damage|p2a: 钢铁之躯|0 fnt
|faint|p2a: 钢铁之躯
|
|upkeep
|
|t:|1661259094
|switch|p2a: 烈龙无敌|Rayquaza, shiny|100/100
|-damage|p2a: 烈龙无敌|76/100|[from] Stealth Rock
|-ability|p2a: 烈龙无敌|Air Lock
|turn|18
|
|t:|1661259097
|detailschange|p2a: 烈龙无敌|Rayquaza-Mega, shiny
|-mega|p2a: 烈龙无敌|Rayquaza|
|-weather|DeltaStream|[from] ability: Delta Stream|[of] p2a: 烈龙无敌
|move|p1a: Arceus|Extreme Speed|p2a: 烈龙无敌
|-damage|p2a: 烈龙无敌|0 fnt
|faint|p2a: 烈龙无敌
|-weather|none
|
|win|Glaliegoesboom ❤
|raw|Glaliegoesboom ❤'s rating: 1795 &rarr; <strong>1814</strong><br />(+19 for winning)
|raw|CLEAR GEM清瑜's rating: 1782 &rarr; <strong>1763</strong><br />(-19 for losing)
|l|☆CLEAR GEM清瑜
|l|☆Glaliegoesboom ❤
|j| G1LusterPurge
||Ladder isn't responding, score probably updated but might not have (Request timeout).
