|j|☆garnetandblack
|j|☆Acornion
|t:|1661986900
|gametype|singles
|player|p1|garnetandblack|265|1471
|player|p2|Acornion|giovanni|1573
|teamsize|p1|6
|teamsize|p2|6
|gen|8
|tier|[Gen 8] National Dex AG
|rated|
|rule|HP Percentage Mod: HP is shown in percentages
|rule|Endless Battle Clause: Forcing endless battles is banned
|clearpoke
|poke|p1|Yveltal|
|poke|p1|Lopunny, M|
|poke|p1|Shuckle, F|
|poke|p1|Serperior, M|
|poke|p1|Gyarados, M|
|poke|p1|Dragonite, M|
|poke|p2|Kyogre|
|poke|p2|Quagsire, F|
|poke|p2|Zacian-*|
|poke|p2|Yveltal|
|poke|p2|Shaymin-Sky|
|poke|p2|Diancie|
|teampreview
|inactive|Battle timer is ON: inactive players will automatically lose when time's up. (requested by Acornion)
|
|t:|1661986910
|start
|switch|p1a: Serperior|Serperior, M|100/100
|switch|p2a: Diancie|Diancie|100/100
|turn|1
|
|t:|1661986914
|detailschange|p2a: Diancie|Diancie-Mega
|-mega|p2a: Diancie|Diancie|Diancite
|move|p2a: Diancie|Protect|p2a: Diancie
|-singleturn|p2a: Diancie|Protect
|move|p1a: Serperior|Leaf Storm|p2a: Diancie
|-activate|p2a: Diancie|move: Protect
|
|upkeep
|turn|2
|
|t:|1661986917
|switch|p2a: Shaymin|Shaymin-Sky|100/100
|move|p1a: Serperior|Leaf Storm|p2a: Shaymin|[miss]
|-miss|p1a: Serperior|p2a: Shaymin
|
|upkeep
|turn|3
|
|t:|1661986925
|switch|p1a: Yveltal|Yveltal|100/100
|-ability|p1a: Yveltal|Dark Aura
|move|p2a: Shaymin|Air Slash|p1a: Yveltal
|-damage|p1a: Yveltal|75/100
|
|upkeep
|turn|4
|
|t:|1661986941
|move|p2a: Shaymin|Air Slash|p1a: Yveltal
|-damage|p1a: Yveltal|48/100
|cant|p1a: Yveltal|flinch
|
|upkeep
|turn|5
|
|t:|1661986945
|move|p2a: Shaymin|Air Slash|p1a: Yveltal
|-damage|p1a: Yveltal|23/100
|move|p1a: Yveltal|Knock Off|p2a: Shaymin
|-damage|p2a: Shaymin|53/100
|
|upkeep
|turn|6
|
|t:|1661986955
|switch|p1a: Shuckle|Shuckle, F|100/100
|move|p2a: Shaymin|Air Slash|p1a: Shuckle
|-damage|p1a: Shuckle|75/100
|-enditem|p1a: Shuckle|Red Card|[of] p2a: Shaymin
|drag|p2a: Zacian|Zacian-Crowned|100/100
|-ability|p2a: Zacian|Intrepid Sword|boost
|-boost|p2a: Zacian|atk|1
|
|upkeep
|turn|7
|
|t:|1661986958
|switch|p2a: Diancie|Diancie-Mega|100/100
|move|p1a: Shuckle|Sticky Web|p2a: Diancie
|move|p2a: Diancie|Sticky Web|p1a: Shuckle|[from]ability: Magic Bounce
|-sidestart|p1: garnetandblack|move: Sticky Web
|
|upkeep
|turn|8
|
|t:|1661986961
|move|p2a: Diancie|Diamond Storm|p1a: Shuckle
|-supereffective|p1a: Shuckle
|-damage|p1a: Shuckle|20/100
|-boost|p2a: Diancie|def|2
|move|p1a: Shuckle|Stealth Rock|p2a: Diancie
|move|p2a: Diancie|Stealth Rock|p1a: Shuckle|[from]ability: Magic Bounce
|-sidestart|p1: garnetandblack|move: Stealth Rock
|
|upkeep
|turn|9
|
|t:|1661986966
|move|p2a: Diancie|Diamond Storm|p1a: Shuckle
|-supereffective|p1a: Shuckle
|-damage|p1a: Shuckle|0 fnt
|-boost|p2a: Diancie|def|2
|faint|p1a: Shuckle
|
|upkeep
|
|t:|1661986969
|switch|p1a: Yveltal|Yveltal|23/100
|-ability|p1a: Yveltal|Dark Aura
|turn|10
|
|t:|1661986971
|move|p2a: Diancie|Diamond Storm|p1a: Yveltal
|-supereffective|p1a: Yveltal
|-damage|p1a: Yveltal|0 fnt
|faint|p1a: Yveltal
|
|upkeep
|
|t:|1661986974
|switch|p1a: Serperior|Serperior, M|100/100
|-activate|p1a: Serperior|move: Sticky Web
|-boost|p1a: Serperior|spe|1
|-damage|p1a: Serperior|88/100|[from] Stealth Rock
|turn|11
|
|t:|1661986978
|switch|p2a: Yveltal|Yveltal|100/100
|-ability|p2a: Yveltal|Dark Aura
|move|p1a: Serperior|Leaf Storm|p2a: Yveltal
|-resisted|p2a: Yveltal
|-damage|p2a: Yveltal|74/100
|-boost|p1a: Serperior|spa|2
|-damage|p1a: Serperior|78/100|[from] item: Life Orb
|
|upkeep
|turn|12
|
|t:|1661986987
|-start|p1a: Serperior|Dynamax|
|-heal|p1a: Serperior|78/100|[silent]
|move|p1a: Serperior|Max Wyrmwind|p2a: Yveltal
|-crit|p2a: Yveltal
|-damage|p2a: Yveltal|0 fnt
|faint|p2a: Yveltal
|-damage|p1a: Serperior|73/100|[from] item: Life Orb
|
|upkeep
|
|t:|1661986996
|switch|p2a: Zacian|Zacian-Crowned|100/100
|-ability|p2a: Zacian|Intrepid Sword|boost
|-boost|p2a: Zacian|atk|1
|turn|13
|
|t:|1661986998
|move|p1a: Serperior|Max Flare|p2a: Zacian
|-supereffective|p2a: Zacian
|-damage|p2a: Zacian|0 fnt
|-weather|SunnyDay
|faint|p2a: Zacian
|-damage|p1a: Serperior|68/100|[from] item: Life Orb
|
|-weather|SunnyDay|[upkeep]
|upkeep
|
|t:|1661987008
|switch|p2a: Shaymin|Shaymin-Sky|53/100
|turn|14
|
|t:|1661987009
|switch|p2a: Kyogre|Kyogre|100/100
|detailschange|p2a: Kyogre|Kyogre-Primal
|-primal|p2a: Kyogre
|-weather|PrimordialSea|[from] ability: Primordial Sea|[of] p2a: Kyogre
|move|p1a: Serperior|Max Flare||[still]
|-fail|p1a: Serperior|Max Flare|[from] Primordial Sea
|
|-weather|PrimordialSea|[upkeep]
|upkeep
|-end|p1a: Serperior|Dynamax
|-heal|p1a: Serperior|68/100|[silent]
|turn|15
|
|t:|1661987012
|move|p1a: Serperior|Leaf Storm|p2a: Kyogre
|-supereffective|p2a: Kyogre
|-damage|p2a: Kyogre|0 fnt
|-boost|p1a: Serperior|spa|2
|faint|p2a: Kyogre
|-weather|none
|-damage|p1a: Serperior|58/100|[from] item: Life Orb
|
|upkeep
|
|t:|1661987015
|switch|p2a: Shaymin|Shaymin-Sky|53/100
|turn|16
|
|t:|1661987018
|move|p1a: Serperior|Hidden Power|p2a: Shaymin
|-supereffective|p2a: Shaymin
|-damage|p2a: Shaymin|0 fnt
|faint|p2a: Shaymin
|-damage|p1a: Serperior|48/100|[from] item: Life Orb
|
|upkeep
|
|t:|1661987020
|switch|p2a: Diancie|Diancie-Mega|100/100
|turn|17
|
|t:|1661987022
|move|p1a: Serperior|Leaf Storm|p2a: Diancie
|-supereffective|p2a: Diancie
|-damage|p2a: Diancie|0 fnt
|-boost|p1a: Serperior|spa|2
|faint|p2a: Diancie
|-damage|p1a: Serperior|39/100|[from] item: Life Orb
|
|upkeep
|-message|Acornion forfeited.
|
|win|garnetandblack
|raw|garnetandblack's rating: 1471 &rarr; <strong>1497</strong><br />(+26 for winning)
|raw|Acornion's rating: 1573 &rarr; <strong>1547</strong><br />(-26 for losing)
|l|☆Acornion
