|j|☆dejnio
|j|☆LOLMAOZEDONG
|t:|1608808081
|player|p1|dejnio|101|1444
|player|p2|LOLMAOZEDONG|battlegirl|1280
|teamsize|p1|6
|teamsize|p2|6
|gametype|singles
|gen|8
|tier|[Gen 8] National Dex AG
|rated|
|clearpoke
|poke|p1|Kangaskhan, F|
|poke|p1|Dragapult, M|
|poke|p1|Chansey, F|
|poke|p1|Greninja, M|
|poke|p1|Corviknight, M|
|poke|p1|Darmanitan-Galar, M|
|poke|p2|Arceus-*|
|poke|p2|Blaziken, F|
|poke|p2|Groudon|
|poke|p2|Volcarona, F|
|poke|p2|Charizard, F|
|poke|p2|Cinderace, M|
|rule|HP Percentage Mod: HP is shown in percentages
|rule|Endless Battle Clause: Forcing endless battles is banned
|teampreview
|inactive|Battle timer is ON: inactive players will automatically lose when time's up. (requested by dejnio)
|
|t:|1608808084
|start
|switch|p1a: Darmanitan|Darmanitan-Galar, M|100/100
|switch|p2a: Agni|Arceus-Fire, shiny|100/100
|turn|1
|
|t:|1608808095
|move|p1a: Darmanitan|Earthquake|p2a: Agni
|-supereffective|p2a: Agni
|-crit|p2a: Agni
|-damage|p2a: Agni|0 fnt
|faint|p2a: Agni
|
|upkeep
|
|t:|1608808101
|switch|p2a: Kagutsuchi|Charizard, F, shiny|100/100
|turn|2
|
|t:|1608808105
|switch|p1a: Chansey|Chansey, F|100/100
|detailschange|p2a: Kagutsuchi|Charizard-Mega-X, F, shiny
|-mega|p2a: Kagutsuchi|Charizard|Charizardite X
|move|p2a: Kagutsuchi|Dragon Dance|p2a: Kagutsuchi
|-boost|p2a: Kagutsuchi|atk|1
|-boost|p2a: Kagutsuchi|spe|1
|
|upkeep
|turn|3
|
|t:|1608808117
|switch|p1a: Corviknight|Corviknight, M|100/100
|-ability|p1a: Corviknight|Pressure
|move|p2a: Kagutsuchi|Flare Blitz|p1a: Corviknight
|-supereffective|p1a: Corviknight
|-damage|p1a: Corviknight|0 fnt
|-damage|p2a: Kagutsuchi|84/100|[from] item: Rocky Helmet|[of] p1a: Corviknight
|-damage|p2a: Kagutsuchi|40/100|[from] Recoil
|faint|p1a: Corviknight
|
|upkeep
|
|t:|1608808122
|switch|p1a: Greninja|Greninja, M|100/100
|turn|4
|
|t:|1608808127
|move|p1a: Greninja|Water Shuriken|p2a: Kagutsuchi
|-damage|p2a: Kagutsuchi|29/100
|-damage|p2a: Kagutsuchi|17/100
|-damage|p2a: Kagutsuchi|5/100
|-damage|p2a: Kagutsuchi|0 fnt
|-hitcount|p2a: Kagutsuchi|4
|-damage|p1a: Greninja|91/100|[from] item: Life Orb
|faint|p2a: Kagutsuchi
|-activate|p1a: Greninja|ability: Battle Bond
|detailschange|p1a: Greninja|Greninja-Ash, M
|
|upkeep
|
|t:|1608808135
|switch|p2a: Vulcan|Groudon, shiny|100/100
|detailschange|p2a: Vulcan|Groudon-Primal, shiny
|-primal|p2a: Vulcan
|-weather|DesolateLand|[from] ability: Desolate Land|[of] p2a: Vulcan
|turn|5
|
|t:|1608808140
|switch|p1a: Chansey|Chansey, F|100/100
|move|p2a: Vulcan|Rock Polish|p2a: Vulcan
|-boost|p2a: Vulcan|spe|2
|
|-weather|DesolateLand|[upkeep]
|upkeep
|turn|6
|
|t:|1608808142
|move|p2a: Vulcan|Power-Up Punch|p1a: Chansey
|-supereffective|p1a: Chansey
|-damage|p1a: Chansey|74/100
|-boost|p2a: Vulcan|atk|1
|move|p1a: Chansey|Toxic|p2a: Vulcan
|-status|p2a: Vulcan|tox
|
|-weather|DesolateLand|[upkeep]
|-damage|p2a: Vulcan|94/100 tox|[from] psn
|upkeep
|turn|7
|
|t:|1608808149
|switch|p1a: Dragapult|Dragapult, M|100/100
|move|p2a: Vulcan|Heat Crash|p1a: Dragapult
|-resisted|p1a: Dragapult
|-enditem|p1a: Dragapult|Focus Sash
|-damage|p1a: Dragapult|1/100
|
|-weather|DesolateLand|[upkeep]
|-damage|p2a: Vulcan|82/100 tox|[from] psn
|upkeep
|turn|8
|
|t:|1608808155
|move|p2a: Vulcan|Heat Crash|p1a: Dragapult
|-resisted|p1a: Dragapult
|-damage|p1a: Dragapult|0 fnt
|faint|p1a: Dragapult
|
|-weather|DesolateLand|[upkeep]
|-damage|p2a: Vulcan|64/100 tox|[from] psn
|upkeep
|
|t:|1608808157
|switch|p1a: Kangaskhan|Kangaskhan, F|100/100
|turn|9
|
|t:|1608808160
|detailschange|p1a: Kangaskhan|Kangaskhan-Mega, F
|-mega|p1a: Kangaskhan|Kangaskhan|Kangaskhanite
|move|p1a: Kangaskhan|Fake Out|p2a: Vulcan
|-damage|p2a: Vulcan|49/100 tox
|-damage|p2a: Vulcan|46/100 tox
|-hitcount|p2a: Vulcan|2
|cant|p2a: Vulcan|flinch
|
|-weather|DesolateLand|[upkeep]
|-damage|p2a: Vulcan|21/100 tox|[from] psn
|upkeep
|turn|10
|
|t:|1608808170
|switch|p1a: Darmanitan|Darmanitan-Galar, M|100/100
|move|p2a: Vulcan|Heat Crash|p1a: Darmanitan
|-supereffective|p1a: Darmanitan
|-damage|p1a: Darmanitan|0 fnt
|faint|p1a: Darmanitan
|
|-weather|DesolateLand|[upkeep]
|-damage|p2a: Vulcan|0 fnt|[from] psn
|faint|p2a: Vulcan
|-weather|none
|upkeep
|
|t:|1608808176
|switch|p1a: Greninja|Greninja-Ash, M|91/100
|switch|p2a: Vesta|Volcarona, F, shiny|100/100
|turn|11
|
|t:|1608808181
|move|p1a: Greninja|Water Shuriken|p2a: Vesta
|-supereffective|p2a: Vesta
|-damage|p2a: Vesta|70/100
|-supereffective|p2a: Vesta
|-damage|p2a: Vesta|36/100
|-supereffective|p2a: Vesta
|-damage|p2a: Vesta|3/100
|-hitcount|p2a: Vesta|3
|-damage|p1a: Greninja|81/100|[from] item: Life Orb
|move|p2a: Vesta|Quiver Dance|p2a: Vesta
|-boost|p2a: Vesta|spa|1
|-boost|p2a: Vesta|spd|1
|-boost|p2a: Vesta|spe|1
|
|upkeep
|turn|12
|
|t:|1608808190
|move|p1a: Greninja|Water Shuriken|p2a: Vesta
|-supereffective|p2a: Vesta
|-damage|p2a: Vesta|0 fnt
|-hitcount|p2a: Vesta|1
|-damage|p1a: Greninja|71/100|[from] item: Life Orb
|faint|p2a: Vesta
|
|upkeep
|
|t:|1608808192
|switch|p2a: Ronaldo|Cinderace, M, shiny|100/100
|turn|13
|
|t:|1608808195
|move|p1a: Greninja|Water Shuriken|p2a: Ronaldo
|-supereffective|p2a: Ronaldo
|-damage|p2a: Ronaldo|56/100
|-supereffective|p2a: Ronaldo
|-damage|p2a: Ronaldo|9/100
|-supereffective|p2a: Ronaldo
|-damage|p2a: Ronaldo|0 fnt
|-hitcount|p2a: Ronaldo|3
|-damage|p1a: Greninja|61/100|[from] item: Life Orb
|faint|p2a: Ronaldo
|
|upkeep
|
|t:|1608808201
|switch|p2a: Scanda|Blaziken, F, shiny|100/100
|turn|14
|
|t:|1608808203
|-start|p2a: Scanda|Dynamax
|-heal|p2a: Scanda|100/100|[silent]
|move|p1a: Greninja|Water Shuriken|p2a: Scanda
|-supereffective|p2a: Scanda
|-damage|p2a: Scanda|76/100
|-supereffective|p2a: Scanda
|-damage|p2a: Scanda|53/100
|-supereffective|p2a: Scanda
|-damage|p2a: Scanda|28/100
|-hitcount|p2a: Scanda|3
|-damage|p1a: Greninja|51/100|[from] item: Life Orb
|move|p2a: Scanda|Max Knuckle|p1a: Greninja
|-supereffective|p1a: Greninja
|-damage|p1a: Greninja|0 fnt
|-boost|p2a: Scanda|atk|1
|faint|p1a: Greninja
|
|-ability|p2a: Scanda|Speed Boost|boost
|-boost|p2a: Scanda|spe|1
|upkeep
|
|t:|1608808214
|switch|p1a: Kangaskhan|Kangaskhan-Mega, F|100/100
|turn|15
|
|t:|1608808218
|move|p1a: Kangaskhan|Fake Out|p2a: Scanda
|-damage|p2a: Scanda|12/100
|-damage|p2a: Scanda|8/100
|-hitcount|p2a: Scanda|2
|move|p2a: Scanda|Max Knuckle|p1a: Kangaskhan
|-supereffective|p1a: Kangaskhan
|-damage|p1a: Kangaskhan|0 fnt
|-boost|p2a: Scanda|atk|1
|faint|p1a: Kangaskhan
|
|-ability|p2a: Scanda|Speed Boost|boost
|-boost|p2a: Scanda|spe|1
|upkeep
|
|t:|1608808223
|switch|p1a: Chansey|Chansey, F|74/100
|turn|16
|
|t:|1608808228
|-start|p1a: Chansey|Dynamax
|-heal|p1a: Chansey|74/100|[silent]
|move|p1a: Chansey|Max Guard|p1a: Chansey
|-singleturn|p1a: Chansey|Max Guard
|move|p2a: Scanda|Max Knuckle|p1a: Chansey
|-activate|p1a: Chansey|move: Max Guard
|
|-ability|p2a: Scanda|Speed Boost|boost
|-boost|p2a: Scanda|spe|1
|-end|p2a: Scanda|Dynamax
|-heal|p2a: Scanda|8/100|[silent]
|upkeep
|turn|17
|
|t:|1608808233
|move|p2a: Scanda|High Jump Kick|p1a: Chansey
|-supereffective|p1a: Chansey
|-damage|p1a: Chansey|0 fnt
|faint|p1a: Chansey
|
|win|LOLMAOZEDONG
|l|☆dejnio
|raw|dejnio's rating: 1444 &rarr; <strong>1415</strong><br />(-29 for losing)
|raw|LOLMAOZEDONG's rating: 1280 &rarr; <strong>1316</strong><br />(+36 for winning)
|c|☆LOLMAOZEDONG|n00b 🖕😄🖕
