|j|☆Glass101
|j|‽Reincarnation of …
|t:|1665816265
|gametype|singles
|player|p1|Glass101|mira|1766
|player|p2|Reincarnation of …|blue-gen3two|1808
|teamsize|p1|6
|teamsize|p2|6
|gen|8
|tier|[Gen 8] National Dex AG
|rated|
|rule|HP Percentage Mod: HP is shown in percentages
|rule|Endless Battle Clause: Forcing endless battles is banned
|clearpoke
|poke|p1|Groudon|
|poke|p1|Zacian-*|
|poke|p1|Arceus-*|
|poke|p1|Yveltal|
|poke|p1|Shedinja|
|poke|p1|Rayquaza|
|poke|p2|Necrozma-Dusk-Mane|
|poke|p2|Arceus-*|
|poke|p2|Ditto|
|poke|p2|Arceus-*|
|poke|p2|Arceus-*|
|poke|p2|Arceus-*|
|teampreview
|inactive|Battle timer is ON: inactive players will automatically lose when time's up. (requested by Reincarnation of …)
|c|☆Glass101|Thats a lot of arc spam-
|
|t:|1665816281
|start
|switch|p1a: Yveltal|Yveltal|100/100
|switch|p2a: Arceus|Arceus-Ground|100/100
|-ability|p1a: Yveltal|Dark Aura
|turn|1
|
|t:|1665816290
|switch|p2a: Arceus|Arceus-Fairy|100/100
|move|p1a: Yveltal|Taunt|p2a: Arceus
|-start|p2a: Arceus|move: Taunt
|
|upkeep
|turn|2
|
|t:|1665816296
|switch|p1a: Zacian|Zacian-Crowned|100/100
|-ability|p1a: Zacian|Intrepid Sword|boost
|-boost|p1a: Zacian|atk|1
|move|p2a: Arceus|Judgment|p1a: Zacian
|-resisted|p1a: Zacian
|-damage|p1a: Zacian|79/100
|
|upkeep
|turn|3
|
|t:|1665816303
|switch|p1a: Groudon|Groudon, shiny|100/100
|detailschange|p1a: Groudon|Groudon-Primal, shiny
|-primal|p1a: Groudon
|-weather|DesolateLand|[from] ability: Desolate Land|[of] p1a: Groudon
|switch|p2a: Necrozma|Necrozma-Dusk-Mane|100/100
|
|-weather|DesolateLand|[upkeep]
|upkeep
|turn|4
|
|t:|1665816315
|switch|p2a: Arceus|Arceus-Ground|100/100
|move|p1a: Groudon|Earthquake|p2a: Arceus
|-damage|p2a: Arceus|40/100
|
|-weather|DesolateLand|[upkeep]
|upkeep
|turn|5
|
|t:|1665816320
|-weather|none
|switch|p1a: Rayquaza|Rayquaza|100/100
|-ability|p1a: Rayquaza|Air Lock
|move|p2a: Arceus|Judgment|p1a: Rayquaza
|-immune|p1a: Rayquaza
|
|upkeep
|turn|6
|
|t:|1665816329
|detailschange|p1a: Rayquaza|Rayquaza-Mega
|-mega|p1a: Rayquaza|Rayquaza|
|-weather|DeltaStream|[from] ability: Delta Stream|[of] p1a: Rayquaza
|move|p2a: Arceus|Will-O-Wisp|p1a: Rayquaza
|-status|p1a: Rayquaza|brn
|move|p1a: Rayquaza|Dragon Ascent|p2a: Arceus
|-damage|p2a: Arceus|8/100
|-unboost|p1a: Rayquaza|def|1
|-unboost|p1a: Rayquaza|spd|1
|
|-weather|DeltaStream|[upkeep]
|-damage|p1a: Rayquaza|95/100 brn|[from] brn
|upkeep
|turn|7
|
|t:|1665816340
|move|p2a: Arceus|Recover|p2a: Arceus
|-heal|p2a: Arceus|58/100
|move|p1a: Rayquaza|Surf|p2a: Arceus
|-supereffective|p2a: Arceus
|-damage|p2a: Arceus|3/100
|
|-weather|DeltaStream|[upkeep]
|-damage|p1a: Rayquaza|89/100 brn|[from] brn
|upkeep
|turn|8
|c|☆Glass101|Well thats inconvinent :/
|
|t:|1665816347
|move|p2a: Arceus|Ice Beam|p1a: Rayquaza
|-activate||deltastream
|-supereffective|p1a: Rayquaza
|-crit|p1a: Rayquaza
|-damage|p1a: Rayquaza|0 fnt
|faint|p1a: Rayquaza
|-weather|none
|
|upkeep
|
|t:|1665816357
|switch|p1a: Normal|Arceus|100/100
|turn|9
|
|t:|1665816361
|move|p1a: Normal|Extreme Speed|p2a: Arceus
|-damage|p2a: Arceus|0 fnt
|faint|p2a: Arceus
|
|upkeep
|
|t:|1665816367
|switch|p2a: Necrozma|Necrozma-Dusk-Mane|100/100
|turn|10
|
|t:|1665816377
|move|p1a: Normal|Swords Dance|p1a: Normal
|-boost|p1a: Normal|atk|2
|move|p2a: Necrozma|Calm Mind|p2a: Necrozma
|-boost|p2a: Necrozma|spa|1
|-boost|p2a: Necrozma|spd|1
|
|upkeep
|turn|11
|
|t:|1665816384
|-start|p1a: Normal|Dynamax|
|-heal|p1a: Normal|100/100|[silent]
|-start|p2a: Necrozma|Dynamax|
|-heal|p2a: Necrozma|100/100|[silent]
|move|p1a: Normal|Max Phantasm|p2a: Necrozma
|-supereffective|p2a: Necrozma
|-damage|p2a: Necrozma|74/100
|-unboost|p2a: Necrozma|def|1
|-enditem|p2a: Necrozma|Weakness Policy
|-boost|p2a: Necrozma|atk|2|[from] item: Weakness Policy
|-boost|p2a: Necrozma|spa|2|[from] item: Weakness Policy
|move|p2a: Necrozma|Max Steelspike|p1a: Normal
|-damage|p1a: Normal|61/100
|-boost|p2a: Necrozma|def|1
|
|upkeep
|turn|12
|
|t:|1665816399
|-end|p1a: Normal|Dynamax
|-heal|p1a: Normal|61/100|[silent]
|switch|p1a: Sturdinja|Shedinja|100/100
|move|p2a: Necrozma|Max Steelspike|p1a: Sturdinja
|-immune|p1a: Sturdinja|[from] ability: Wonder Guard
|
|upkeep
|turn|13
|
|t:|1665816407
|move|p2a: Necrozma|Max Guard|p2a: Necrozma
|-singleturn|p2a: Necrozma|Max Guard
|move|p1a: Sturdinja|Will-O-Wisp|p2a: Necrozma
|-activate|p2a: Necrozma|move: Max Guard
|
|upkeep
|-end|p2a: Necrozma|Dynamax
|-heal|p2a: Necrozma|74/100|[silent]
|turn|14
|
|t:|1665816413
|move|p1a: Sturdinja|Will-O-Wisp|p2a: Necrozma
|-status|p2a: Necrozma|brn
|move|p2a: Necrozma|Sunsteel Strike|p1a: Sturdinja
|-enditem|p1a: Sturdinja|Focus Sash
|-damage|p1a: Sturdinja|100/100
|
|-damage|p2a: Necrozma|68/100 brn|[from] brn
|upkeep
|turn|15
|
|t:|1665816423
|switch|p1a: Groudon|Groudon-Primal, shiny|100/100
|-weather|DesolateLand|[from] ability: Desolate Land|[of] p1a: Groudon
|move|p2a: Necrozma|Sunsteel Strike|p1a: Groudon
|-resisted|p1a: Groudon
|-damage|p1a: Groudon|86/100
|
|-weather|DesolateLand|[upkeep]
|-damage|p2a: Necrozma|62/100 brn|[from] brn
|upkeep
|turn|16
|
|t:|1665816433
|move|p1a: Groudon|Earthquake|p2a: Necrozma
|-supereffective|p2a: Necrozma
|-damage|p2a: Necrozma|6/100 brn
|move|p2a: Necrozma|Stored Power|p1a: Groudon
|-damage|p1a: Groudon|0 fnt
|faint|p1a: Groudon
|-weather|none
|
|-damage|p2a: Necrozma|0 fnt|[from] brn
|faint|p2a: Necrozma
|upkeep
|
|t:|1665816445
|switch|p1a: Zacian|Zacian-Crowned|79/100
|switch|p2a: Arceus|Arceus-Fairy|100/100
|-ability|p1a: Zacian|Intrepid Sword|boost
|-boost|p1a: Zacian|atk|1
|turn|17
|
|t:|1665816451
|switch|p2a: Arceus|Arceus|100/100
|move|p1a: Zacian|Behemoth Blade|p2a: Arceus
|-damage|p2a: Arceus|38/100
|
|-heal|p2a: Arceus|44/100|[from] item: Leftovers
|upkeep
|turn|18
|
|t:|1665816458
|move|p1a: Zacian|Behemoth Blade|p2a: Arceus
|-damage|p2a: Arceus|0 fnt
|faint|p2a: Arceus
|
|upkeep
|
|t:|1665816460
|switch|p2a: Ditto|Ditto, shiny|100/100
|-transform|p2a: Ditto|p1a: Zacian|[from] ability: Imposter
|-ability|p2a: Ditto|Intrepid Sword|boost
|-boost|p2a: Ditto|atk|1
|turn|19
|
|t:|1665816468
|switch|p2a: Arceus|Arceus-Fairy|100/100
|switch|p1a: Sturdinja|Shedinja|100/100
|
|upkeep
|turn|20
|
|t:|1665816474
|move|p2a: Arceus|Stealth Rock|p1a: Sturdinja
|-sidestart|p1: Glass101|move: Stealth Rock
|move|p1a: Sturdinja|Toxic|p2a: Arceus
|-status|p2a: Arceus|tox
|
|-damage|p2a: Arceus|94/100 tox|[from] psn
|upkeep
|turn|21
|
|t:|1665816480
|move|p2a: Arceus|Toxic|p1a: Sturdinja
|-status|p1a: Sturdinja|tox
|move|p1a: Sturdinja|Poltergeist|p2a: Arceus
|-activate|p2a: Arceus|move: Poltergeist|Pixie Plate
|-damage|p2a: Arceus|65/100 tox
|
|-damage|p2a: Arceus|53/100 tox|[from] psn
|-damage|p1a: Sturdinja|0 fnt|[from] psn
|faint|p1a: Sturdinja
|upkeep
|
|t:|1665816492
|switch|p1a: Yveltal|Yveltal|100/100
|-ability|p1a: Yveltal|Dark Aura
|turn|22
|
|t:|1665816497
|switch|p1a: Zacian|Zacian-Crowned|79/100
|-damage|p1a: Zacian|73/100|[from] Stealth Rock
|-ability|p1a: Zacian|Intrepid Sword|boost
|-boost|p1a: Zacian|atk|1
|move|p2a: Arceus|Judgment|p1a: Zacian
|-resisted|p1a: Zacian
|-damage|p1a: Zacian|49/100
|
|-damage|p2a: Arceus|34/100 tox|[from] psn
|upkeep
|turn|23
|
|t:|1665816513
|move|p1a: Zacian|Substitute|p1a: Zacian
|-start|p1a: Zacian|Substitute
|-damage|p1a: Zacian|24/100
|move|p2a: Arceus|Judgment|p1a: Zacian
|-resisted|p1a: Zacian
|-activate|p1a: Zacian|move: Substitute|[damage]
|
|-damage|p2a: Arceus|10/100 tox|[from] psn
|upkeep
|turn|24
|
|t:|1665816520
|move|p1a: Zacian|Behemoth Blade|p2a: Arceus
|-supereffective|p2a: Arceus
|-damage|p2a: Arceus|0 fnt
|faint|p2a: Arceus
|
|upkeep
|
|t:|1665816522
|switch|p2a: Arceus|Arceus|100/100
|turn|25
|
|t:|1665816528
|move|p2a: Arceus|Extreme Speed|p1a: Zacian
|-resisted|p1a: Zacian
|-end|p1a: Zacian|Substitute
|move|p1a: Zacian|Behemoth Blade|p2a: Arceus
|-damage|p2a: Arceus|41/100
|
|upkeep
|turn|26
|
|t:|1665816543
|switch|p1a: Yveltal|Yveltal|100/100
|-ability|p1a: Yveltal|Dark Aura
|move|p2a: Arceus|Extreme Speed|p1a: Yveltal
|-damage|p1a: Yveltal|62/100
|
|upkeep
|turn|27
|
|t:|1665816550
|move|p2a: Arceus|Extreme Speed|p1a: Yveltal
|-damage|p1a: Yveltal|26/100
|move|p1a: Yveltal|Dark Pulse|p2a: Arceus
|-damage|p2a: Arceus|0 fnt
|faint|p2a: Arceus
|
|upkeep
|
|t:|1665816556
|switch|p2a: Ditto|Ditto, shiny|100/100
|-transform|p2a: Ditto|p1a: Yveltal|[from] ability: Imposter
|-ability|p2a: Ditto|Dark Aura
|turn|28
|
|t:|1665816563
|move|p2a: Ditto|Dark Pulse|p1a: Yveltal
|-resisted|p1a: Yveltal
|-damage|p1a: Yveltal|0 fnt
|faint|p1a: Yveltal
|
|upkeep
|
|t:|1665816568
|switch|p1a: Normal|Arceus|61/100
|-damage|p1a: Normal|49/100|[from] Stealth Rock
|turn|29
|
|t:|1665816572
|move|p2a: Ditto|Dark Pulse|p1a: Normal
|-damage|p1a: Normal|16/100
|move|p1a: Normal|Recover|p1a: Normal
|-heal|p1a: Normal|66/100
|
|upkeep
|turn|30
|
|t:|1665816578
|move|p2a: Ditto|Dark Pulse|p1a: Normal
|-damage|p1a: Normal|31/100
|cant|p1a: Normal|flinch
|
|upkeep
|turn|31
|c|☆Glass101|Why did I see that coming-
|
|t:|1665816590
|move|p2a: Ditto|Dark Pulse|p1a: Normal
|-damage|p1a: Normal|0 fnt
|faint|p1a: Normal
|
|upkeep
|
|t:|1665816594
|switch|p1a: Zacian|Zacian-Crowned|24/100
|-damage|p1a: Zacian|18/100|[from] Stealth Rock
|-ability|p1a: Zacian|Intrepid Sword|boost
|-boost|p1a: Zacian|atk|1
|turn|32
|
|t:|1665816598
|move|p2a: Ditto|Dark Pulse|p1a: Zacian
|-resisted|p1a: Zacian
|-damage|p1a: Zacian|0 fnt
|faint|p1a: Zacian
|
|win|Reincarnation of …
|raw|Glass101's rating: 1766 &rarr; <strong>1748</strong><br />(-18 for losing)
|raw|Reincarnation of …'s rating: 1808 &rarr; <strong>1826</strong><br />(+18 for winning)
|c|☆Glass101|God I hate this game/
|l|☆Glass101
