|j|☆Abtastic1
|j|☆Xx_MLGprosniper_xX
|t:|1652830364
|gametype|singles
|player|p1|Abtastic1|170|1428
|player|p2|Xx_MLGprosniper_xX|swimmerf|1488
|teamsize|p1|6
|teamsize|p2|6
|gen|8
|tier|[Gen 8] National Dex AG
|rated|
|rule|HP Percentage Mod: HP is shown in percentages
|rule|Endless Battle Clause: Forcing endless battles is banned
|clearpoke
|poke|p1|Ho-Oh|
|poke|p1|Blaziken, M|
|poke|p1|Groudon|
|poke|p1|Torkoal, M|
|poke|p1|Tornadus-Therian, M|
|poke|p1|Arcanine, F|
|poke|p2|Tentacruel, M|
|poke|p2|Pelipper, M|
|poke|p2|Wailord, F|
|poke|p2|Sharpedo, M|
|poke|p2|Jellicent, M|
|poke|p2|Quagsire, M|
|teampreview
|inactive|Battle timer is ON: inactive players will automatically lose when time's up. (requested by Xx_MLGprosniper_xX)
|
|t:|1652830392
|start
|switch|p1a: Groudon|Groudon|100/100
|switch|p2a: Pelipper|Pelipper, M|100/100
|-weather|RainDance|[from] ability: Drizzle|[of] p2a: Pelipper
|detailschange|p1a: Groudon|Groudon-Primal
|-primal|p1a: Groudon
|-weather|DesolateLand|[from] ability: Desolate Land|[of] p1a: Groudon
|turn|1
|
|t:|1652830399
|switch|p2a: Quagsire|Quagsire, M|100/100
|move|p1a: Groudon|Rock Polish|p1a: Groudon
|-boost|p1a: Groudon|spe|2
|
|-weather|DesolateLand|[upkeep]
|upkeep
|turn|2
|
|t:|1652830407
|move|p1a: Groudon|Precipice Blades|p2a: Quagsire
|-damage|p2a: Quagsire|38/100
|move|p2a: Quagsire|Toxic|p1a: Groudon
|-status|p1a: Groudon|tox
|
|-weather|DesolateLand|[upkeep]
|-heal|p2a: Quagsire|44/100|[from] item: Leftovers
|-damage|p1a: Groudon|94/100 tox|[from] psn
|upkeep
|turn|3
|
|t:|1652830412
|move|p2a: Quagsire|Protect|p2a: Quagsire
|-singleturn|p2a: Quagsire|Protect
|move|p1a: Groudon|Precipice Blades|p2a: Quagsire
|-activate|p2a: Quagsire|move: Protect
|
|-weather|DesolateLand|[upkeep]
|-heal|p2a: Quagsire|50/100|[from] item: Leftovers
|-damage|p1a: Groudon|82/100 tox|[from] psn
|upkeep
|turn|4
|
|t:|1652830417
|switch|p2a: Pelipper|Pelipper, M|100/100
|-ability|p2a: Pelipper|Drizzle|[from] desolateland|[fail]
|move|p1a: Groudon|Dragon Claw|p2a: Pelipper
|-damage|p2a: Pelipper|72/100
|
|-weather|DesolateLand|[upkeep]
|-damage|p1a: Groudon|64/100 tox|[from] psn
|upkeep
|turn|5
|
|t:|1652830437
|-weather|none
|switch|p1a: Torkoal|Torkoal, M|100/100
|-weather|SunnyDay|[from] ability: Drought|[of] p1a: Torkoal
|move|p2a: Pelipper|Roost|p2a: Pelipper
|-heal|p2a: Pelipper|100/100
|-singleturn|p2a: Pelipper|move: Roost
|
|-weather|SunnyDay|[upkeep]
|upkeep
|turn|6
|
|t:|1652830458
|switch|p2a: Wailord|Wailord, F|100/100
|-ability|p2a: Wailord|Pressure
|move|p1a: Torkoal|Stealth Rock|p2a: Wailord
|-sidestart|p2: Xx_MLGprosniper_xX|move: Stealth Rock
|
|-weather|SunnyDay|[upkeep]
|upkeep
|turn|7
|
|t:|1652830465
|switch|p1a: Groudon|Groudon-Primal|64/100 tox
|-weather|DesolateLand|[from] ability: Desolate Land|[of] p1a: Groudon
|move|p2a: Wailord|Toxic|p1a: Groudon
|-fail|p1a: Groudon|tox
|
|-weather|DesolateLand|[upkeep]
|-damage|p1a: Groudon|57/100 tox|[from] psn
|upkeep
|turn|8
|
|t:|1652830472
|move|p1a: Groudon|Precipice Blades|p2a: Wailord
|-damage|p2a: Wailord|41/100
|move|p2a: Wailord|Clear Smog|p1a: Groudon
|-resisted|p1a: Groudon
|-damage|p1a: Groudon|52/100 tox
|-clearboost|p1a: Groudon
|
|-weather|DesolateLand|[upkeep]
|-heal|p2a: Wailord|48/100|[from] item: Leftovers
|-damage|p1a: Groudon|39/100 tox|[from] psn
|upkeep
|turn|9
|
|t:|1652830476
|move|p2a: Wailord|Protect|p2a: Wailord
|-singleturn|p2a: Wailord|Protect
|move|p1a: Groudon|Heat Crash|p2a: Wailord
|-activate|p2a: Wailord|move: Protect
|
|-weather|DesolateLand|[upkeep]
|-heal|p2a: Wailord|54/100|[from] item: Leftovers
|-damage|p1a: Groudon|21/100 tox|[from] psn
|upkeep
|turn|10
|inactive|Abtastic1 has 120 seconds left.
|
|t:|1652830515
|-weather|none
|switch|p1a: Torkoal|Torkoal, M|100/100
|-weather|SunnyDay|[from] ability: Drought|[of] p1a: Torkoal
|move|p2a: Wailord|Protect||[still]
|-fail|p2a: Wailord
|
|-weather|SunnyDay|[upkeep]
|-heal|p2a: Wailord|60/100|[from] item: Leftovers
|upkeep
|turn|11
|inactive|Abtastic1 has 120 seconds left.
|
|t:|1652830524
|switch|p1a: Tornadus|Tornadus-Therian, M|100/100
|move|p2a: Wailord|Toxic|p1a: Tornadus
|-status|p1a: Tornadus|tox
|
|-weather|SunnyDay|[upkeep]
|-heal|p2a: Wailord|66/100|[from] item: Leftovers
|-damage|p1a: Tornadus|94/100 tox|[from] psn
|upkeep
|turn|12
|
|t:|1652830527
|move|p2a: Wailord|Protect|p2a: Wailord
|-singleturn|p2a: Wailord|Protect
|move|p1a: Tornadus|Knock Off|p2a: Wailord
|-activate|p2a: Wailord|move: Protect
|
|-weather|SunnyDay|[upkeep]
|-heal|p1a: Tornadus|100/100 tox|[from] item: Leftovers
|-heal|p2a: Wailord|73/100|[from] item: Leftovers
|-damage|p1a: Tornadus|88/100 tox|[from] psn
|upkeep
|turn|13
|
|t:|1652830546
|move|p1a: Tornadus|U-turn|p2a: Wailord
|-damage|p2a: Wailord|56/100
|
|t:|1652830552
|switch|p1a: Torkoal|Torkoal, M|100/100|[from]move: U-turn
|move|p2a: Wailord|Scald|p1a: Torkoal
|-supereffective|p1a: Torkoal
|-damage|p1a: Torkoal|76/100
|
|-weather|SunnyDay|[upkeep]
|-heal|p2a: Wailord|62/100|[from] item: Leftovers
|upkeep
|turn|14
|
|t:|1652830563
|switch|p1a: Ho-Oh|Ho-Oh|100/100
|move|p2a: Wailord|Toxic|p1a: Ho-Oh|[miss]
|-miss|p2a: Wailord|p1a: Ho-Oh
|
|-weather|SunnyDay|[upkeep]
|-heal|p2a: Wailord|68/100|[from] item: Leftovers
|upkeep
|turn|15
|
|t:|1652830568
|move|p1a: Ho-Oh|Toxic|p2a: Wailord
|-status|p2a: Wailord|tox
|move|p2a: Wailord|Toxic|p1a: Ho-Oh
|-status|p1a: Ho-Oh|tox
|
|-weather|SunnyDay|[upkeep]
|-heal|p2a: Wailord|74/100 tox|[from] item: Leftovers
|-damage|p1a: Ho-Oh|94/100 tox|[from] psn
|-damage|p2a: Wailord|68/100 tox|[from] psn
|upkeep
|turn|16
|
|t:|1652830572
|move|p1a: Ho-Oh|Earthquake|p2a: Wailord
|-damage|p2a: Wailord|48/100 tox
|move|p2a: Wailord|Scald|p1a: Ho-Oh
|-supereffective|p1a: Ho-Oh
|-damage|p1a: Ho-Oh|84/100 tox
|
|-weather|SunnyDay|[upkeep]
|-heal|p2a: Wailord|54/100 tox|[from] item: Leftovers
|-damage|p1a: Ho-Oh|72/100 tox|[from] psn
|-damage|p2a: Wailord|41/100 tox|[from] psn
|upkeep
|turn|17
|
|t:|1652830577
|switch|p1a: Tornadus|Tornadus-Therian, M|100/100 tox
|move|p2a: Wailord|Scald|p1a: Tornadus
|-damage|p1a: Tornadus|87/100 tox
|
|-weather|none
|-heal|p1a: Tornadus|93/100 tox|[from] item: Leftovers
|-heal|p2a: Wailord|48/100 tox|[from] item: Leftovers
|-damage|p1a: Tornadus|87/100 tox|[from] psn
|-damage|p2a: Wailord|29/100 tox|[from] psn
|upkeep
|turn|18
|
|t:|1652830584
|move|p2a: Wailord|Protect|p2a: Wailord
|-singleturn|p2a: Wailord|Protect
|move|p1a: Tornadus|Knock Off|p2a: Wailord
|-activate|p2a: Wailord|move: Protect
|
|-heal|p1a: Tornadus|93/100 tox|[from] item: Leftovers
|-heal|p2a: Wailord|35/100 tox|[from] item: Leftovers
|-damage|p1a: Tornadus|81/100 tox|[from] psn
|-damage|p2a: Wailord|10/100 tox|[from] psn
|upkeep
|turn|19
|
|t:|1652830594
|switch|p1a: Ho-Oh|Ho-Oh|100/100 tox
|move|p2a: Wailord|Scald|p1a: Ho-Oh
|-supereffective|p1a: Ho-Oh
|-damage|p1a: Ho-Oh|80/100 tox
|
|-heal|p2a: Wailord|16/100 tox|[from] item: Leftovers
|-damage|p1a: Ho-Oh|74/100 tox|[from] psn
|-damage|p2a: Wailord|0 fnt|[from] psn
|faint|p2a: Wailord
|upkeep
|
|t:|1652830603
|switch|p2a: Pelipper|Pelipper, M|100/100
|-damage|p2a: Pelipper|76/100|[from] Stealth Rock
|-weather|RainDance|[from] ability: Drizzle|[of] p2a: Pelipper
|turn|20
|
|t:|1652830611
|switch|p1a: Torkoal|Torkoal, M|76/100
|-weather|SunnyDay|[from] ability: Drought|[of] p1a: Torkoal
|move|p2a: Pelipper|Tailwind|p2a: Pelipper
|-sidestart|p2: Xx_MLGprosniper_xX|move: Tailwind
|
|-weather|SunnyDay|[upkeep]
|upkeep
|turn|21
|
|t:|1652830620
|switch|p2a: Quagsire|Quagsire, M|50/100
|-damage|p2a: Quagsire|44/100|[from] Stealth Rock
|move|p1a: Torkoal|Weather Ball|p2a: Quagsire
|-resisted|p2a: Quagsire
|-damage|p2a: Quagsire|18/100
|
|-weather|SunnyDay|[upkeep]
|-heal|p2a: Quagsire|24/100|[from] item: Leftovers
|upkeep
|turn|22
|
|t:|1652830630
|switch|p1a: Tornadus|Tornadus-Therian, M|100/100 tox
|move|p2a: Quagsire|Recover|p2a: Quagsire
|-heal|p2a: Quagsire|74/100
|
|-weather|SunnyDay|[upkeep]
|-heal|p2a: Quagsire|80/100|[from] item: Leftovers
|-damage|p1a: Tornadus|94/100 tox|[from] psn
|upkeep
|turn|23
|
|t:|1652830634
|move|p2a: Quagsire|Protect|p2a: Quagsire
|-singleturn|p2a: Quagsire|Protect
|move|p1a: Tornadus|Toxic|p2a: Quagsire
|-activate|p2a: Quagsire|move: Protect
|
|-weather|SunnyDay|[upkeep]
|-heal|p1a: Tornadus|100/100 tox|[from] item: Leftovers
|-heal|p2a: Quagsire|86/100|[from] item: Leftovers
|-damage|p1a: Tornadus|88/100 tox|[from] psn
|-sideend|p2: Xx_MLGprosniper_xX|move: Tailwind
|upkeep
|turn|24
|
|t:|1652830639
|switch|p2a: Tentacruel|Tentacruel, M|100/100
|-damage|p2a: Tentacruel|88/100|[from] Stealth Rock
|move|p1a: Tornadus|Knock Off|p2a: Tentacruel
|-damage|p2a: Tentacruel|42/100
|-enditem|p2a: Tentacruel|Black Sludge|[from] move: Knock Off|[of] p1a: Tornadus
|
|-weather|SunnyDay|[upkeep]
|-heal|p1a: Tornadus|94/100 tox|[from] item: Leftovers
|-damage|p1a: Tornadus|76/100 tox|[from] psn
|upkeep
|turn|25
|
|t:|1652830655
|switch|p1a: Ho-Oh|Ho-Oh|100/100 tox
|move|p2a: Tentacruel|Rapid Spin|p1a: Ho-Oh
|-crit|p1a: Ho-Oh
|-damage|p1a: Ho-Oh|90/100 tox
|-boost|p2a: Tentacruel|spe|1
|-sideend|p2: Xx_MLGprosniper_xX|Stealth Rock|[from] move: Rapid Spin|[of] p2a: Tentacruel
|
|-weather|SunnyDay|[upkeep]
|-damage|p1a: Ho-Oh|84/100 tox|[from] psn
|upkeep
|turn|26
|
|t:|1652830662
|switch|p2a: Pelipper|Pelipper, M|76/100
|-weather|RainDance|[from] ability: Drizzle|[of] p2a: Pelipper
|move|p1a: Ho-Oh|Earthquake|p2a: Pelipper
|-immune|p2a: Pelipper
|
|-weather|RainDance|[upkeep]
|-damage|p1a: Ho-Oh|72/100 tox|[from] psn
|upkeep
|turn|27
|
|t:|1652830671
|switch|p1a: Torkoal|Torkoal, M|76/100
|-weather|SunnyDay|[from] ability: Drought|[of] p1a: Torkoal
|move|p2a: Pelipper|Scald|p1a: Torkoal
|-supereffective|p1a: Torkoal
|-damage|p1a: Torkoal|53/100
|
|-weather|SunnyDay|[upkeep]
|upkeep
|turn|28
|
|t:|1652830679
|switch|p2a: Quagsire|Quagsire, M|86/100
|move|p1a: Torkoal|Stealth Rock|p2a: Quagsire
|-sidestart|p2: Xx_MLGprosniper_xX|move: Stealth Rock
|
|-weather|SunnyDay|[upkeep]
|-heal|p2a: Quagsire|92/100|[from] item: Leftovers
|upkeep
|turn|29
|
|t:|1652830693
|switch|p1a: Ho-Oh|Ho-Oh|100/100 tox
|move|p2a: Quagsire|Earthquake|p1a: Ho-Oh
|-immune|p1a: Ho-Oh
|
|-weather|SunnyDay|[upkeep]
|-heal|p2a: Quagsire|98/100|[from] item: Leftovers
|-damage|p1a: Ho-Oh|94/100 tox|[from] psn
|upkeep
|turn|30
|
|t:|1652830701
|move|p2a: Quagsire|Protect|p2a: Quagsire
|-singleturn|p2a: Quagsire|Protect
|move|p1a: Ho-Oh|Toxic|p2a: Quagsire
|-activate|p2a: Quagsire|move: Protect
|
|-weather|SunnyDay|[upkeep]
|-heal|p2a: Quagsire|100/100|[from] item: Leftovers
|-damage|p1a: Ho-Oh|82/100 tox|[from] psn
|upkeep
|turn|31
|
|t:|1652830704
|switch|p2a: Tentacruel|Tentacruel, M|42/100
|-damage|p2a: Tentacruel|29/100|[from] Stealth Rock
|move|p1a: Ho-Oh|Earthquake|p2a: Tentacruel
|-supereffective|p2a: Tentacruel
|-damage|p2a: Tentacruel|0 fnt
|faint|p2a: Tentacruel
|
|-weather|SunnyDay|[upkeep]
|-damage|p1a: Ho-Oh|64/100 tox|[from] psn
|upkeep
|
|t:|1652830707
|switch|p2a: Pelipper|Pelipper, M|76/100
|-damage|p2a: Pelipper|51/100|[from] Stealth Rock
|-weather|RainDance|[from] ability: Drizzle|[of] p2a: Pelipper
|turn|32
|
|t:|1652830726
|switch|p1a: Torkoal|Torkoal, M|53/100
|-weather|SunnyDay|[from] ability: Drought|[of] p1a: Torkoal
|move|p2a: Pelipper|Scald|p1a: Torkoal
|-supereffective|p1a: Torkoal
|-damage|p1a: Torkoal|29/100
|
|-weather|SunnyDay|[upkeep]
|upkeep
|turn|33
|
|t:|1652830733
|move|p2a: Pelipper|Scald|p1a: Torkoal
|-supereffective|p1a: Torkoal
|-damage|p1a: Torkoal|7/100
|move|p1a: Torkoal|Will-O-Wisp|p2a: Pelipper
|-status|p2a: Pelipper|brn
|
|-weather|SunnyDay|[upkeep]
|-damage|p2a: Pelipper|45/100 brn|[from] brn
|upkeep
|turn|34
|
|t:|1652830745
|switch|p1a: Ho-Oh|Ho-Oh|98/100 tox
|move|p2a: Pelipper|Roost|p2a: Pelipper
|-heal|p2a: Pelipper|95/100 brn
|-singleturn|p2a: Pelipper|move: Roost
|
|-weather|SunnyDay|[upkeep]
|-damage|p1a: Ho-Oh|92/100 tox|[from] psn
|-damage|p2a: Pelipper|89/100 brn|[from] brn
|upkeep
|turn|35
|
|t:|1652830767
|switch|p1a: Tornadus|Tornadus-Therian, M|100/100 tox
|move|p2a: Pelipper|Roost|p2a: Pelipper
|-heal|p2a: Pelipper|100/100 brn
|-singleturn|p2a: Pelipper|move: Roost
|
|-weather|SunnyDay|[upkeep]
|-damage|p1a: Tornadus|94/100 tox|[from] psn
|-damage|p2a: Pelipper|94/100 brn|[from] brn
|upkeep
|turn|36
|
|t:|1652830779
|move|p1a: Tornadus|Knock Off|p2a: Pelipper
|-damage|p2a: Pelipper|69/100 brn
|-enditem|p2a: Pelipper|Damp Rock|[from] move: Knock Off|[of] p1a: Tornadus
|move|p2a: Pelipper|Hurricane|p1a: Tornadus
|-damage|p1a: Tornadus|59/100 tox
|
|-weather|SunnyDay|[upkeep]
|-heal|p1a: Tornadus|65/100 tox|[from] item: Leftovers
|-damage|p1a: Tornadus|52/100 tox|[from] psn
|-damage|p2a: Pelipper|62/100 brn|[from] brn
|upkeep
|turn|37
|
|t:|1652830791
|move|p1a: Tornadus|Weather Ball|p2a: Pelipper
|-resisted|p2a: Pelipper
|-damage|p2a: Pelipper|36/100 brn
|move|p2a: Pelipper|Roost|p2a: Pelipper
|-heal|p2a: Pelipper|86/100 brn
|-singleturn|p2a: Pelipper|move: Roost
|
|-weather|SunnyDay|[upkeep]
|-heal|p1a: Tornadus|59/100 tox|[from] item: Leftovers
|-damage|p1a: Tornadus|40/100 tox|[from] psn
|-damage|p2a: Pelipper|80/100 brn|[from] brn
|upkeep
|turn|38
|
|t:|1652830812
|switch|p1a: Groudon|Groudon-Primal|21/100 tox
|-weather|DesolateLand|[from] ability: Desolate Land|[of] p1a: Groudon
|move|p2a: Pelipper|Roost|p2a: Pelipper
|-heal|p2a: Pelipper|100/100 brn
|-singleturn|p2a: Pelipper|move: Roost
|
|-weather|DesolateLand|[upkeep]
|-damage|p1a: Groudon|15/100 tox|[from] psn
|-damage|p2a: Pelipper|94/100 brn|[from] brn
|upkeep
|turn|39
|
|t:|1652830825
|move|p1a: Groudon|Heat Crash|p2a: Pelipper
|-resisted|p2a: Pelipper
|-damage|p2a: Pelipper|47/100 brn
|move|p2a: Pelipper|Roost|p2a: Pelipper
|-heal|p2a: Pelipper|97/100 brn
|-singleturn|p2a: Pelipper|move: Roost
|
|-weather|DesolateLand|[upkeep]
|-damage|p1a: Groudon|2/100 tox|[from] psn
|-damage|p2a: Pelipper|91/100 brn|[from] brn
|upkeep
|turn|40
|
|t:|1652830840
|move|p1a: Groudon|Heat Crash|p2a: Pelipper
|-resisted|p2a: Pelipper
|-damage|p2a: Pelipper|39/100 brn
|move|p2a: Pelipper|Roost|p2a: Pelipper
|-heal|p2a: Pelipper|89/100 brn
|-singleturn|p2a: Pelipper|move: Roost
|
|-weather|DesolateLand|[upkeep]
|-damage|p1a: Groudon|0 fnt|[from] psn
|faint|p1a: Groudon
|-weather|none
|-damage|p2a: Pelipper|83/100 brn|[from] brn
|upkeep
|inactive|Abtastic1 has 120 seconds left.
|
|t:|1652830860
|switch|p1a: Tornadus|Tornadus-Therian, M|73/100 tox
|turn|41
|
|t:|1652830866
|-start|p1a: Tornadus|Dynamax|
|-heal|p1a: Tornadus|73/100 tox|[silent]
|move|p1a: Tornadus|Max Strike|p2a: Pelipper
|-crit|p2a: Pelipper
|-damage|p2a: Pelipper|12/100 brn
|-unboost|p2a: Pelipper|spe|1
|move|p2a: Pelipper|Roost|p2a: Pelipper
|-heal|p2a: Pelipper|62/100 brn
|-singleturn|p2a: Pelipper|move: Roost
|
|-heal|p1a: Tornadus|76/100 tox|[from] item: Leftovers
|-damage|p1a: Tornadus|73/100 tox|[from] psn
|-damage|p2a: Pelipper|56/100 brn|[from] brn
|upkeep
|turn|42
|inactive|Abtastic1 has 120 seconds left.
|
|t:|1652830876
|move|p1a: Tornadus|Max Darkness|p2a: Pelipper
|-damage|p2a: Pelipper|25/100 brn
|-unboost|p2a: Pelipper|spd|1
|move|p2a: Pelipper|Roost|p2a: Pelipper
|-heal|p2a: Pelipper|75/100 brn
|-singleturn|p2a: Pelipper|move: Roost
|
|-heal|p1a: Tornadus|76/100 tox|[from] item: Leftovers
|-damage|p1a: Tornadus|70/100 tox|[from] psn
|-damage|p2a: Pelipper|69/100 brn|[from] brn
|upkeep
|turn|43
|
|t:|1652830880
|move|p1a: Tornadus|Max Strike|p2a: Pelipper
|-damage|p2a: Pelipper|5/100 brn
|-unboost|p2a: Pelipper|spe|1
|move|p2a: Pelipper|Roost|p2a: Pelipper
|-heal|p2a: Pelipper|55/100 brn
|-singleturn|p2a: Pelipper|move: Roost
|
|-heal|p1a: Tornadus|73/100 tox|[from] item: Leftovers
|-damage|p1a: Tornadus|64/100 tox|[from] psn
|-damage|p2a: Pelipper|48/100 brn|[from] brn
|upkeep
|-end|p1a: Tornadus|Dynamax
|-heal|p1a: Tornadus|64/100 tox|[silent]
|turn|44
|
|t:|1652830891
|switch|p1a: Torkoal|Torkoal, M|7/100
|-weather|SunnyDay|[from] ability: Drought|[of] p1a: Torkoal
|move|p2a: Pelipper|Roost|p2a: Pelipper
|-heal|p2a: Pelipper|99/100 brn
|-singleturn|p2a: Pelipper|move: Roost
|
|-weather|SunnyDay|[upkeep]
|-damage|p2a: Pelipper|92/100 brn|[from] brn
|upkeep
|turn|45
|
|t:|1652830894
|switch|p1a: Tornadus|Tornadus-Therian, M|97/100 tox
|move|p2a: Pelipper|Scald|p1a: Tornadus
|-damage|p1a: Tornadus|84/100 tox
|
|-weather|SunnyDay|[upkeep]
|-heal|p1a: Tornadus|90/100 tox|[from] item: Leftovers
|-damage|p1a: Tornadus|84/100 tox|[from] psn
|-damage|p2a: Pelipper|86/100 brn|[from] brn
|upkeep
|turn|46
|
|t:|1652830918
|move|p1a: Tornadus|Weather Ball|p2a: Pelipper
|-resisted|p2a: Pelipper
|-damage|p2a: Pelipper|47/100 brn
|move|p2a: Pelipper|Scald|p1a: Tornadus
|-damage|p1a: Tornadus|70/100 tox
|
|-weather|SunnyDay|[upkeep]
|-heal|p1a: Tornadus|76/100 tox|[from] item: Leftovers
|-damage|p1a: Tornadus|64/100 tox|[from] psn
|-damage|p2a: Pelipper|40/100 brn|[from] brn
|upkeep
|turn|47
|
|t:|1652830925
|move|p1a: Tornadus|Weather Ball|p2a: Pelipper
|-resisted|p2a: Pelipper
|-damage|p2a: Pelipper|0 fnt
|faint|p2a: Pelipper
|
|-weather|SunnyDay|[upkeep]
|-heal|p1a: Tornadus|70/100 tox|[from] item: Leftovers
|-damage|p1a: Tornadus|52/100 tox|[from] psn
|upkeep
|
|t:|1652830933
|switch|p2a: Sharpedo|Sharpedo, M|100/100
|-damage|p2a: Sharpedo|88/100|[from] Stealth Rock
|turn|48
|
|t:|1652830937
|switch|p1a: Arcanine|Arcanine, F|100/100
|-ability|p1a: Arcanine|Intimidate|boost
|-unboost|p2a: Sharpedo|atk|1
|move|p2a: Sharpedo|Protect||[still]
|-fail|p2a: Sharpedo
|
|-weather|SunnyDay|[upkeep]
|-ability|p2a: Sharpedo|Speed Boost|boost
|-boost|p2a: Sharpedo|spe|1
|upkeep
|turn|49
|
|t:|1652830946
|move|p2a: Sharpedo|Protect|p2a: Sharpedo
|-singleturn|p2a: Sharpedo|Protect
|move|p1a: Arcanine|Double-Edge|p2a: Sharpedo
|-activate|p2a: Sharpedo|move: Protect
|
|-weather|SunnyDay|[upkeep]
|-ability|p2a: Sharpedo|Speed Boost|boost
|-boost|p2a: Sharpedo|spe|1
|upkeep
|turn|50
|
|t:|1652830949
|switch|p2a: Quagsire|Quagsire, M|100/100
|-damage|p2a: Quagsire|94/100|[from] Stealth Rock
|move|p1a: Arcanine|Double-Edge|p2a: Quagsire
|-damage|p2a: Quagsire|72/100
|-damage|p1a: Arcanine|92/100|[from] Recoil
|
|-weather|SunnyDay|[upkeep]
|-heal|p1a: Arcanine|98/100|[from] item: Leftovers
|-heal|p2a: Quagsire|78/100|[from] item: Leftovers
|upkeep
|turn|51
|
|t:|1652830956
|switch|p1a: Tornadus|Tornadus-Therian, M|85/100 tox
|move|p2a: Quagsire|Recover|p2a: Quagsire
|-heal|p2a: Quagsire|100/100
|
|-weather|none
|-heal|p1a: Tornadus|91/100 tox|[from] item: Leftovers
|-damage|p1a: Tornadus|85/100 tox|[from] psn
|upkeep
|turn|52
|
|t:|1652830959
|move|p2a: Quagsire|Protect|p2a: Quagsire
|-singleturn|p2a: Quagsire|Protect
|move|p1a: Tornadus|Knock Off|p2a: Quagsire
|-activate|p2a: Quagsire|move: Protect
|
|-heal|p1a: Tornadus|91/100 tox|[from] item: Leftovers
|-damage|p1a: Tornadus|79/100 tox|[from] psn
|upkeep
|turn|53
|
|t:|1652830964
|switch|p2a: Jellicent|Jellicent, M|100/100
|-damage|p2a: Jellicent|88/100|[from] Stealth Rock
|move|p1a: Tornadus|U-turn|p2a: Jellicent
|-resisted|p2a: Jellicent
|-damage|p2a: Jellicent|75/100
|
|t:|1652830969
|switch|p1a: Ho-Oh|Ho-Oh|100/100 tox|[from]move: U-turn
|
|-heal|p2a: Jellicent|81/100|[from] item: Leftovers
|-damage|p1a: Ho-Oh|94/100 tox|[from] psn
|upkeep
|turn|54
|
|t:|1652830975
|move|p1a: Ho-Oh|Toxic|p2a: Jellicent|[miss]
|-miss|p1a: Ho-Oh|p2a: Jellicent
|move|p2a: Jellicent|Scald|p1a: Ho-Oh
|-supereffective|p1a: Ho-Oh
|-crit|p1a: Ho-Oh
|-damage|p1a: Ho-Oh|60/100 tox
|
|-heal|p2a: Jellicent|87/100|[from] item: Leftovers
|-damage|p1a: Ho-Oh|48/100 tox|[from] psn
|upkeep
|turn|55
|
|t:|1652830989
|move|p1a: Ho-Oh|Roost|p1a: Ho-Oh
|-heal|p1a: Ho-Oh|98/100 tox
|-singleturn|p1a: Ho-Oh|move: Roost
|move|p2a: Jellicent|Scald|p1a: Ho-Oh
|-supereffective|p1a: Ho-Oh
|-damage|p1a: Ho-Oh|79/100 tox
|
|-heal|p2a: Jellicent|94/100|[from] item: Leftovers
|-damage|p1a: Ho-Oh|60/100 tox|[from] psn
|upkeep
|turn|56
|
|t:|1652830993
|switch|p1a: Tornadus|Tornadus-Therian, M|100/100 tox
|move|p2a: Jellicent|Scald|p1a: Tornadus
|-damage|p1a: Tornadus|75/100 tox
|
|-heal|p1a: Tornadus|81/100 tox|[from] item: Leftovers
|-heal|p2a: Jellicent|99/100|[from] item: Leftovers
|-damage|p1a: Tornadus|75/100 tox|[from] psn
|upkeep
|turn|57
|
|t:|1652831009
|move|p1a: Tornadus|Knock Off|p2a: Jellicent
|-supereffective|p2a: Jellicent
|-damage|p2a: Jellicent|26/100
|-enditem|p2a: Jellicent|Leftovers|[from] move: Knock Off|[of] p1a: Tornadus
|move|p2a: Jellicent|Scald|p1a: Tornadus
|-damage|p1a: Tornadus|50/100 tox
|
|-heal|p1a: Tornadus|56/100 tox|[from] item: Leftovers
|-damage|p1a: Tornadus|44/100 tox|[from] psn
|upkeep
|turn|58
|
|t:|1652831014
|move|p1a: Tornadus|U-turn|p2a: Jellicent
|-resisted|p2a: Jellicent
|-damage|p2a: Jellicent|13/100
|-start|p1a: Tornadus|Disable|U-turn|[from] ability: Cursed Body|[of] p2a: Jellicent
|
|t:|1652831018
|switch|p1a: Ho-Oh|Ho-Oh|94/100 tox|[from]move: U-turn
|move|p2a: Jellicent|Scald|p1a: Ho-Oh
|-supereffective|p1a: Ho-Oh
|-damage|p1a: Ho-Oh|74/100 tox
|
|-damage|p1a: Ho-Oh|67/100 tox|[from] psn
|upkeep
|turn|59
|
|t:|1652831027
|move|p1a: Ho-Oh|Toxic|p2a: Jellicent
|-status|p2a: Jellicent|tox
|move|p2a: Jellicent|Trick Room|p2a: Jellicent
|-fieldstart|move: Trick Room|[of] p2a: Jellicent
|
|-damage|p2a: Jellicent|7/100 tox|[from] psn
|-damage|p1a: Ho-Oh|55/100 tox|[from] psn
|upkeep
|turn|60
|
|t:|1652831047
|switch|p1a: Torkoal|Torkoal, M|7/100
|-weather|SunnyDay|[from] ability: Drought|[of] p1a: Torkoal
|move|p2a: Jellicent|Scald|p1a: Torkoal
|-supereffective|p1a: Torkoal
|-damage|p1a: Torkoal|0 fnt
|faint|p1a: Torkoal
|
|-weather|SunnyDay|[upkeep]
|-damage|p2a: Jellicent|0 fnt|[from] psn
|faint|p2a: Jellicent
|upkeep
|
|t:|1652831054
|switch|p1a: Arcanine|Arcanine, F|98/100
|switch|p2a: Quagsire|Quagsire, M|100/100
|-damage|p2a: Quagsire|94/100|[from] Stealth Rock
|-ability|p1a: Arcanine|Intimidate|boost
|-unboost|p2a: Quagsire|atk|1
|turn|61
|
|t:|1652831059
|move|p2a: Quagsire|Protect|p2a: Quagsire
|-singleturn|p2a: Quagsire|Protect
|move|p1a: Arcanine|Flare Blitz|p2a: Quagsire
|-activate|p2a: Quagsire|move: Protect
|
|-weather|SunnyDay|[upkeep]
|-heal|p2a: Quagsire|100/100|[from] item: Leftovers
|-heal|p1a: Arcanine|100/100|[from] item: Leftovers
|upkeep
|turn|62
|
|t:|1652831062
|move|p2a: Quagsire|Earthquake|p1a: Arcanine
|-supereffective|p1a: Arcanine
|-damage|p1a: Arcanine|69/100
|move|p1a: Arcanine|Flare Blitz|p2a: Quagsire
|-resisted|p2a: Quagsire
|-damage|p2a: Quagsire|71/100
|-damage|p1a: Arcanine|57/100|[from] Recoil
|
|-weather|SunnyDay|[upkeep]
|-heal|p2a: Quagsire|77/100|[from] item: Leftovers
|-heal|p1a: Arcanine|64/100|[from] item: Leftovers
|upkeep
|turn|63
|
|t:|1652831069
|switch|p1a: Tornadus|Tornadus-Therian, M|77/100 tox
|move|p2a: Quagsire|Recover|p2a: Quagsire
|-heal|p2a: Quagsire|100/100
|
|-weather|SunnyDay|[upkeep]
|-heal|p1a: Tornadus|83/100 tox|[from] item: Leftovers
|-damage|p1a: Tornadus|77/100 tox|[from] psn
|-fieldend|move: Trick Room
|upkeep
|turn|64
|
|t:|1652831085
|move|p2a: Quagsire|Protect|p2a: Quagsire
|-singleturn|p2a: Quagsire|Protect
|move|p1a: Tornadus|Knock Off|p2a: Quagsire
|-activate|p2a: Quagsire|move: Protect
|
|-weather|SunnyDay|[upkeep]
|-heal|p1a: Tornadus|83/100 tox|[from] item: Leftovers
|-damage|p1a: Tornadus|71/100 tox|[from] psn
|upkeep
|turn|65
|
|t:|1652831097
|switch|p2a: Sharpedo|Sharpedo, M|88/100
|-damage|p2a: Sharpedo|76/100|[from] Stealth Rock
|move|p1a: Tornadus|Knock Off|p2a: Sharpedo
|-resisted|p2a: Sharpedo
|-damage|p2a: Sharpedo|48/100
|
|-weather|SunnyDay|[upkeep]
|-heal|p1a: Tornadus|77/100 tox|[from] item: Leftovers
|-damage|p1a: Tornadus|59/100 tox|[from] psn
|upkeep
|turn|66
|
|t:|1652831106
|switch|p1a: Arcanine|Arcanine, F|64/100
|-ability|p1a: Arcanine|Intimidate|boost
|-unboost|p2a: Sharpedo|atk|1
|move|p2a: Sharpedo|Protect||[still]
|-fail|p2a: Sharpedo
|
|-weather|SunnyDay|[upkeep]
|-heal|p1a: Arcanine|70/100|[from] item: Leftovers
|-ability|p2a: Sharpedo|Speed Boost|boost
|-boost|p2a: Sharpedo|spe|1
|upkeep
|turn|67
|
|t:|1652831116
|switch|p1a: Tornadus|Tornadus-Therian, M|92/100 tox
|move|p2a: Sharpedo|Protect||[still]
|-fail|p2a: Sharpedo
|
|-weather|none
|-heal|p1a: Tornadus|98/100 tox|[from] item: Leftovers
|-damage|p1a: Tornadus|92/100 tox|[from] psn
|-ability|p2a: Sharpedo|Speed Boost|boost
|-boost|p2a: Sharpedo|spe|1
|upkeep
|turn|68
|
|t:|1652831120
|switch|p2a: Quagsire|Quagsire, M|100/100
|-damage|p2a: Quagsire|94/100|[from] Stealth Rock
|move|p1a: Tornadus|U-turn|p2a: Quagsire
|-damage|p2a: Quagsire|79/100
|
|t:|1652831127
|switch|p1a: Ho-Oh|Ho-Oh|89/100 tox|[from]move: U-turn
|
|-heal|p2a: Quagsire|85/100|[from] item: Leftovers
|-damage|p1a: Ho-Oh|83/100 tox|[from] psn
|upkeep
|turn|69
|
|t:|1652831133
|move|p2a: Quagsire|Protect|p2a: Quagsire
|-singleturn|p2a: Quagsire|Protect
|move|p1a: Ho-Oh|Toxic|p2a: Quagsire
|-activate|p2a: Quagsire|move: Protect
|
|-heal|p2a: Quagsire|91/100|[from] item: Leftovers
|-damage|p1a: Ho-Oh|71/100 tox|[from] psn
|upkeep
|turn|70
|
|t:|1652831140
|switch|p2a: Sharpedo|Sharpedo, M|48/100
|-damage|p2a: Sharpedo|35/100|[from] Stealth Rock
|move|p1a: Ho-Oh|Toxic|p2a: Sharpedo
|-status|p2a: Sharpedo|tox
|
|-damage|p2a: Sharpedo|29/100 tox|[from] psn
|-damage|p1a: Ho-Oh|53/100 tox|[from] psn
|upkeep
|turn|71
|
|t:|1652831145
|switch|p1a: Arcanine|Arcanine, F|70/100
|-ability|p1a: Arcanine|Intimidate|boost
|-unboost|p2a: Sharpedo|atk|1
|move|p2a: Sharpedo|Protect||[still]
|-fail|p2a: Sharpedo
|
|-heal|p1a: Arcanine|76/100|[from] item: Leftovers
|-damage|p2a: Sharpedo|17/100 tox|[from] psn
|-ability|p2a: Sharpedo|Speed Boost|boost
|-boost|p2a: Sharpedo|spe|1
|upkeep
|turn|72
|
|t:|1652831153
|detailschange|p2a: Sharpedo|Sharpedo-Mega, M
|-mega|p2a: Sharpedo|Sharpedo|Sharpedonite
|move|p2a: Sharpedo|Waterfall|p1a: Arcanine
|-supereffective|p1a: Arcanine
|-damage|p1a: Arcanine|25/100
|move|p1a: Arcanine|Morning Sun|p1a: Arcanine
|-heal|p1a: Arcanine|75/100
|
|-heal|p1a: Arcanine|81/100|[from] item: Leftovers
|-damage|p2a: Sharpedo|0 fnt|[from] psn
|faint|p2a: Sharpedo
|upkeep
|
|t:|1652831158
|switch|p2a: Quagsire|Quagsire, M|91/100
|-damage|p2a: Quagsire|85/100|[from] Stealth Rock
|turn|73
|
|t:|1652831162
|switch|p1a: Ho-Oh|Ho-Oh|86/100 tox
|move|p2a: Quagsire|Earthquake|p1a: Ho-Oh
|-immune|p1a: Ho-Oh
|
|-heal|p2a: Quagsire|91/100|[from] item: Leftovers
|-damage|p1a: Ho-Oh|80/100 tox|[from] psn
|upkeep
|turn|74
|
|t:|1652831172
|move|p2a: Quagsire|Protect|p2a: Quagsire
|-singleturn|p2a: Quagsire|Protect
|move|p1a: Ho-Oh|Toxic|p2a: Quagsire
|-activate|p2a: Quagsire|move: Protect
|
|-heal|p2a: Quagsire|97/100|[from] item: Leftovers
|-damage|p1a: Ho-Oh|68/100 tox|[from] psn
|upkeep
|turn|75
|
|t:|1652831178
|move|p2a: Quagsire|Protect||[still]
|-fail|p2a: Quagsire
|move|p1a: Ho-Oh|Toxic|p2a: Quagsire
|-status|p2a: Quagsire|tox
|
|-heal|p2a: Quagsire|100/100 tox|[from] item: Leftovers
|-damage|p1a: Ho-Oh|50/100 tox|[from] psn
|-damage|p2a: Quagsire|94/100 tox|[from] psn
|upkeep
|turn|76
|
|t:|1652831183
|switch|p1a: Tornadus|Tornadus-Therian, M|100/100 tox
|move|p2a: Quagsire|Protect||[still]
|-fail|p2a: Quagsire
|
|-heal|p2a: Quagsire|100/100 tox|[from] item: Leftovers
|-damage|p1a: Tornadus|94/100 tox|[from] psn
|-damage|p2a: Quagsire|88/100 tox|[from] psn
|upkeep
|turn|77
|
|t:|1652831192
|switch|p1a: Ho-Oh|Ho-Oh|83/100 tox
|move|p2a: Quagsire|Protect||[still]
|-fail|p2a: Quagsire
|
|-heal|p2a: Quagsire|94/100 tox|[from] item: Leftovers
|-damage|p1a: Ho-Oh|77/100 tox|[from] psn
|-damage|p2a: Quagsire|76/100 tox|[from] psn
|upkeep
|turn|78
|-message|Xx_MLGprosniper_xX forfeited.
|
|win|Abtastic1
|raw|Abtastic1's rating: 1428 &rarr; <strong>1451</strong><br />(+23 for winning)
|raw|Xx_MLGprosniper_xX's rating: 1488 &rarr; <strong>1465</strong><br />(-23 for losing)
|l|☆Xx_MLGprosniper_xX
||Ladder isn't responding, score probably updated but might not have (Request timeout).
