|j|☆CLEAR GEM清瑜
|j|☆LocalMarshadow
|t:|1666491309
|gametype|singles
|player|p1|CLEAR GEM清瑜|skierf|1865
|player|p2|LocalMarshadow|will|1755
|teamsize|p1|6
|teamsize|p2|6
|gen|8
|tier|[Gen 8] National Dex AG
|rated|
|rule|HP Percentage Mod: HP is shown in percentages
|rule|Endless Battle Clause: Forcing endless battles is banned
|clearpoke
|poke|p1|Rayquaza|
|poke|p1|Groudon|
|poke|p1|Necrozma-Dusk-Mane|
|poke|p1|Arceus-*|
|poke|p1|Zacian-*|
|poke|p1|Yveltal|
|poke|p2|Marshadow|
|poke|p2|Yveltal|
|poke|p2|Necrozma-Dusk-Mane|
|poke|p2|Calyrex-Shadow|
|poke|p2|Arceus-*|
|poke|p2|Groudon|
|teampreview
|inactive|Battle timer is ON: inactive players will automatically lose when time's up. (requested by LocalMarshadow)
|
|t:|1666491318
|start
|switch|p1a: 老烈|Rayquaza, shiny|100/100
|switch|p2a: Calyrex|Calyrex-Shadow|100/100
|-ability|p2a: Calyrex|As One
|-ability|p2a: Calyrex|Unnerve
|-ability|p1a: 老烈|Air Lock
|turn|1
|
|t:|1666491324
|detailschange|p1a: 老烈|Rayquaza-Mega, shiny
|-mega|p1a: 老烈|Rayquaza|
|-weather|DeltaStream|[from] ability: Delta Stream|[of] p1a: 老烈
|move|p2a: Calyrex|Trick|p1a: 老烈
|-activate|p2a: Calyrex|move: Trick|[of] p1a: 老烈
|-item|p1a: 老烈|Choice Scarf|[from] move: Trick
|-item|p2a: Calyrex|Life Orb|[from] move: Trick
|move|p1a: 老烈|Scale Shot|p2a: Calyrex|[miss]
|-miss|p1a: 老烈|p2a: Calyrex
|
|-weather|DeltaStream|[upkeep]
|upkeep
|turn|2
|
|t:|1666491332
|switch|p2a: Necrozma|Necrozma-Dusk-Mane|100/100
|move|p1a: 老烈|Scale Shot|p2a: Necrozma
|-resisted|p2a: Necrozma
|-damage|p2a: Necrozma|94/100
|-resisted|p2a: Necrozma
|-damage|p2a: Necrozma|88/100
|-resisted|p2a: Necrozma
|-damage|p2a: Necrozma|82/100
|-resisted|p2a: Necrozma
|-damage|p2a: Necrozma|76/100
|-resisted|p2a: Necrozma
|-damage|p2a: Necrozma|71/100
|-hitcount|p2a: Necrozma|5
|-unboost|p1a: 老烈|def|1
|-boost|p1a: 老烈|spe|1
|
|-weather|DeltaStream|[upkeep]
|upkeep
|turn|3
|
|t:|1666491335
|-weather|none
|switch|p1a: 不会(?)|Groudon|100/100
|detailschange|p1a: 不会(?)|Groudon-Primal
|-primal|p1a: 不会(?)
|-weather|DesolateLand|[from] ability: Desolate Land|[of] p1a: 不会(?)
|move|p2a: Necrozma|Stealth Rock|p1a: 不会(?)
|-sidestart|p1: CLEAR GEM清瑜|move: Stealth Rock
|
|-weather|DesolateLand|[upkeep]
|upkeep
|turn|4
|
|t:|1666491339
|move|p2a: Necrozma|Earthquake|p1a: 不会(?)
|-supereffective|p1a: 不会(?)
|-damage|p1a: 不会(?)|69/100
|move|p1a: 不会(?)|Thunder Wave|p2a: Necrozma
|-status|p2a: Necrozma|par
|
|-weather|DesolateLand|[upkeep]
|upkeep
|turn|5
|
|t:|1666491347
|move|p1a: 不会(?)|Stealth Rock|p2a: Necrozma
|-sidestart|p2: LocalMarshadow|move: Stealth Rock
|cant|p2a: Necrozma|par
|
|-weather|DesolateLand|[upkeep]
|upkeep
|turn|6
|
|t:|1666491351
|move|p1a: 不会(?)|Fire Punch|p2a: Necrozma
|-supereffective|p2a: Necrozma
|-damage|p2a: Necrozma|9/100 par
|-damage|p1a: 不会(?)|53/100|[from] item: Rocky Helmet|[of] p2a: Necrozma
|move|p2a: Necrozma|Earthquake|p1a: 不会(?)
|-supereffective|p1a: 不会(?)
|-damage|p1a: 不会(?)|23/100
|
|-weather|DesolateLand|[upkeep]
|upkeep
|turn|7
|
|t:|1666491355
|move|p1a: 不会(?)|Fire Punch|p2a: Necrozma
|-supereffective|p2a: Necrozma
|-damage|p2a: Necrozma|0 fnt
|-damage|p1a: 不会(?)|6/100|[from] item: Rocky Helmet|[of] p2a: Necrozma
|faint|p2a: Necrozma
|
|-weather|DesolateLand|[upkeep]
|upkeep
|
|t:|1666491365
|switch|p2a: Yveltal|Yveltal, shiny|100/100
|-ability|p2a: Yveltal|Dark Aura
|turn|8
|
|t:|1666491368
|move|p2a: Yveltal|Knock Off|p1a: 不会(?)
|-damage|p1a: 不会(?)|0 fnt
|faint|p1a: 不会(?)
|-weather|none
|
|upkeep
|
|t:|1666491374
|switch|p1a: 老烈|Rayquaza-Mega, shiny|100/100
|-damage|p1a: 老烈|76/100|[from] Stealth Rock
|-weather|DeltaStream|[from] ability: Delta Stream|[of] p1a: 老烈
|turn|9
|
|t:|1666491379
|move|p2a: Yveltal|Sucker Punch|p1a: 老烈
|-damage|p1a: 老烈|42/100
|move|p1a: 老烈|Dragon Ascent|p2a: Yveltal
|-damage|p2a: Yveltal|20/100
|-unboost|p1a: 老烈|def|1
|-unboost|p1a: 老烈|spd|1
|
|-weather|DeltaStream|[upkeep]
|upkeep
|turn|10
|
|t:|1666491387
|move|p1a: 老烈|Dragon Ascent|p2a: Yveltal
|-damage|p2a: Yveltal|0 fnt
|-unboost|p1a: 老烈|def|1
|-unboost|p1a: 老烈|spd|1
|faint|p2a: Yveltal
|
|-weather|DeltaStream|[upkeep]
|upkeep
|
|t:|1666491395
|switch|p2a: Marshadow|Marshadow|100/100
|-damage|p2a: Marshadow|94/100|[from] Stealth Rock
|turn|11
|
|t:|1666491399
|-weather|none
|switch|p1a: 悬空羊驼|Arceus-Flying|100/100
|-damage|p1a: 悬空羊驼|76/100|[from] Stealth Rock
|move|p2a: Marshadow|Rock Tomb|p1a: 悬空羊驼
|-supereffective|p1a: 悬空羊驼
|-damage|p1a: 悬空羊驼|11/100
|-unboost|p1a: 悬空羊驼|spe|1
|
|upkeep
|turn|12
|
|t:|1666491401
|move|p2a: Marshadow|Rock Tomb|p1a: 悬空羊驼
|-supereffective|p1a: 悬空羊驼
|-damage|p1a: 悬空羊驼|0 fnt
|faint|p1a: 悬空羊驼
|
|upkeep
|
|t:|1666491406
|switch|p1a: 嘉然小姐的狗|Zacian-Crowned|100/100
|-damage|p1a: 嘉然小姐的狗|94/100|[from] Stealth Rock
|-ability|p1a: 嘉然小姐的狗|Intrepid Sword|boost
|-boost|p1a: 嘉然小姐的狗|atk|1
|turn|13
|
|t:|1666491409
|move|p2a: Marshadow|Rock Tomb|p1a: 嘉然小姐的狗
|-resisted|p1a: 嘉然小姐的狗
|-damage|p1a: 嘉然小姐的狗|77/100
|-unboost|p1a: 嘉然小姐的狗|spe|1
|move|p1a: 嘉然小姐的狗|Behemoth Blade|p2a: Marshadow
|-damage|p2a: Marshadow|0 fnt
|faint|p2a: Marshadow
|
|upkeep
|
|t:|1666491413
|switch|p2a: Arceus|Arceus-Ground|100/100
|-damage|p2a: Arceus|94/100|[from] Stealth Rock
|turn|14
|
|t:|1666491418
|move|p2a: Arceus|Judgment|p1a: 嘉然小姐的狗
|-supereffective|p1a: 嘉然小姐的狗
|-damage|p1a: 嘉然小姐的狗|0 fnt
|faint|p1a: 嘉然小姐的狗
|
|upkeep
|
|t:|1666491421
|switch|p1a: 钢铁之躯|Necrozma-Dusk-Mane|100/100
|-damage|p1a: 钢铁之躯|94/100|[from] Stealth Rock
|turn|15
|
|t:|1666491424
|detailschange|p1a: 钢铁之躯|Necrozma-Ultra
|-burst|p1a: 钢铁之躯|Necrozma|Ultranecrozium Z
|move|p2a: Arceus|Calm Mind|p2a: Arceus
|-boost|p2a: Arceus|spa|1
|-boost|p2a: Arceus|spd|1
|move|p1a: 钢铁之躯|Dragon Dance|p1a: 钢铁之躯
|-boost|p1a: 钢铁之躯|atk|1
|-boost|p1a: 钢铁之躯|spe|1
|
|upkeep
|turn|16
|
|t:|1666491428
|-zpower|p1a: 钢铁之躯
|move|p1a: 钢铁之躯|Light That Burns the Sky|p2a: Arceus|[zeffect]
|-damage|p2a: Arceus|0 fnt
|faint|p2a: Arceus
|
|upkeep
|
|t:|1666491436
|switch|p2a: Groudon|Groudon|100/100
|-damage|p2a: Groudon|94/100|[from] Stealth Rock
|detailschange|p2a: Groudon|Groudon-Primal
|-primal|p2a: Groudon
|-weather|DesolateLand|[from] ability: Desolate Land|[of] p2a: Groudon
|turn|17
|
|t:|1666491442
|move|p1a: 钢铁之躯|Earthquake|p2a: Groudon
|-supereffective|p2a: Groudon
|-damage|p2a: Groudon|0 fnt
|faint|p2a: Groudon
|-weather|none
|
|upkeep
|
|t:|1666491445
|switch|p2a: Calyrex|Calyrex-Shadow|100/100
|-ability|p2a: Calyrex|As One
|-ability|p2a: Calyrex|Unnerve
|-damage|p2a: Calyrex|88/100|[from] Stealth Rock
|turn|18
|
|t:|1666491449
|-start|p2a: Calyrex|Dynamax|
|-heal|p2a: Calyrex|88/100|[silent]
|move|p1a: 钢铁之躯|Earthquake|p2a: Calyrex
|-damage|p2a: Calyrex|45/100
|move|p2a: Calyrex|Max Phantasm|p1a: 钢铁之躯
|-supereffective|p1a: 钢铁之躯
|-damage|p1a: 钢铁之躯|0 fnt
|faint|p1a: 钢铁之躯
|-ability|p2a: Calyrex|Grim Neigh|boost
|-boost|p2a: Calyrex|spa|1
|-damage|p2a: Calyrex|40/100|[from] item: Life Orb
|
|upkeep
|
|t:|1666491459
|switch|p1a: Y鸟|Yveltal|100/100
|-damage|p1a: Y鸟|76/100|[from] Stealth Rock
|-ability|p1a: Y鸟|Dark Aura
|turn|19
|
|t:|1666491461
|-start|p1a: Y鸟|Dynamax|
|-heal|p1a: Y鸟|76/100|[silent]
|move|p2a: Calyrex|Max Phantasm|p1a: Y鸟
|-resisted|p1a: Y鸟
|-damage|p1a: Y鸟|36/100
|-unboost|p1a: Y鸟|def|1
|-damage|p2a: Calyrex|35/100|[from] item: Life Orb
|move|p1a: Y鸟|Max Darkness|p2a: Calyrex
|-supereffective|p2a: Calyrex
|-damage|p2a: Calyrex|0 fnt
|faint|p2a: Calyrex
|-damage|p1a: Y鸟|31/100|[from] item: Life Orb
|
|win|CLEAR GEM清瑜
|raw|CLEAR GEM清瑜's rating: 1865 &rarr; <strong>1879</strong><br />(+14 for winning)
|raw|LocalMarshadow's rating: 1755 &rarr; <strong>1741</strong><br />(-14 for losing)
|l|☆LocalMarshadow
||Ladder isn't responding, score probably updated but might not have (Request timeout).
