|j|‽makaai_X Reviene
|j|☆seidou45
|inactive|Battle timer is ON: inactive players will automatically lose when time's up.
|t:|1652788263
|gametype|singles
|player|p1|makaai_X Reviene|ash-kalos|
|player|p2|seidou45|wallace|
|teamsize|p1|6
|teamsize|p2|6
|gen|8
|tier|[Gen 8] National Dex AG
|rated|Tournament battle
|rule|HP Percentage Mod: HP is shown in percentages
|rule|Endless Battle Clause: Forcing endless battles is banned
|clearpoke
|poke|p1|Aerodactyl, M|
|poke|p1|Rayquaza|
|poke|p1|Smeargle, F|
|poke|p1|Yveltal|
|poke|p1|Groudon|
|poke|p1|Arceus-*|
|poke|p2|Zapdos|
|poke|p2|Kyogre|
|poke|p2|Arceus-*|
|poke|p2|Ferrothorn, M|
|poke|p2|Yveltal|
|poke|p2|Zygarde|
|teampreview
|j| phantom runner
|inactive|makaai_X Reviene also wants the timer to be on.
|inactive|makaai_X Reviene has 120 seconds left.
|j| but /nick is fun
|l| phantom runner
|
|t:|1652788305
|start
|switch|p1a: Aerodactyl|Aerodactyl, M|100/100
|switch|p2a: Kyogre|Kyogre, shiny|100/100
|-ability|p1a: Aerodactyl|Pressure
|-weather|RainDance|[from] ability: Drizzle|[of] p2a: Kyogre
|turn|1
|
|t:|1652788312
|move|p1a: Aerodactyl|Rock Tomb|p2a: Kyogre
|-damage|p2a: Kyogre|76/100
|-unboost|p2a: Kyogre|spe|1
|move|p2a: Kyogre|Ice Beam|p1a: Aerodactyl
|-supereffective|p1a: Aerodactyl
|-damage|p1a: Aerodactyl|10/100
|
|-weather|RainDance|[upkeep]
|-heal|p2a: Kyogre|82/100|[from] item: Leftovers
|upkeep
|turn|2
|
|t:|1652788320
|move|p1a: Aerodactyl|Stealth Rock|p2a: Kyogre
|-sidestart|p2: seidou45|move: Stealth Rock
|move|p2a: Kyogre|Substitute|p2a: Kyogre
|-start|p2a: Kyogre|Substitute
|-damage|p2a: Kyogre|57/100
|
|-weather|RainDance|[upkeep]
|-heal|p2a: Kyogre|63/100|[from] item: Leftovers
|upkeep
|turn|3
|
|t:|1652788325
|switch|p1a: Groudon|Groudon|100/100
|detailschange|p1a: Groudon|Groudon-Primal
|-primal|p1a: Groudon
|-weather|DesolateLand|[from] ability: Desolate Land|[of] p1a: Groudon
|move|p2a: Kyogre|Ice Beam|p1a: Groudon
|-damage|p1a: Groudon|55/100
|
|-weather|DesolateLand|[upkeep]
|-heal|p2a: Kyogre|69/100|[from] item: Leftovers
|upkeep
|turn|4
|
|t:|1652788334
|move|p1a: Groudon|Rock Polish|p1a: Groudon
|-boost|p1a: Groudon|spe|2
|move|p2a: Kyogre|Ice Beam|p1a: Groudon
|-damage|p1a: Groudon|13/100
|
|-weather|DesolateLand|[upkeep]
|-heal|p2a: Kyogre|76/100|[from] item: Leftovers
|upkeep
|turn|5
|
|t:|1652788340
|switch|p2a: Zygarde|Zygarde, shiny|100/100
|-damage|p2a: Zygarde|94/100|[from] Stealth Rock
|move|p1a: Groudon|Precipice Blades|p2a: Zygarde
|-damage|p2a: Zygarde|49/100
|
|-weather|DesolateLand|[upkeep]
|-heal|p2a: Zygarde|56/100|[from] item: Leftovers
|upkeep
|turn|6
|
|t:|1652788344
|move|p1a: Groudon|Precipice Blades|p2a: Zygarde
|-damage|p2a: Zygarde|9/100
|move|p2a: Zygarde|Glare|p1a: Groudon
|-status|p1a: Groudon|par
|
|-weather|DesolateLand|[upkeep]
|-heal|p2a: Zygarde|15/100|[from] item: Leftovers
|-activate|p2a: Zygarde|ability: Power Construct
|detailschange|p2a: Zygarde|Zygarde-Complete, shiny
|-heal|p2a: Zygarde|44/100|[silent]
|upkeep
|turn|7
|
|t:|1652788348
|move|p1a: Groudon|Precipice Blades|p2a: Zygarde
|-damage|p2a: Zygarde|13/100
|move|p2a: Zygarde|Coil|p2a: Zygarde
|-boost|p2a: Zygarde|atk|1
|-boost|p2a: Zygarde|def|1
|-boost|p2a: Zygarde|accuracy|1
|
|-weather|DesolateLand|[upkeep]
|-heal|p2a: Zygarde|19/100|[from] item: Leftovers
|upkeep
|turn|8
|
|t:|1652788354
|move|p1a: Groudon|Fire Blast|p2a: Zygarde
|-resisted|p2a: Zygarde
|-damage|p2a: Zygarde|0 fnt
|faint|p2a: Zygarde
|
|-weather|DesolateLand|[upkeep]
|upkeep
|
|t:|1652788361
|switch|p2a: Kyogre|Kyogre, shiny|76/100
|-damage|p2a: Kyogre|63/100|[from] Stealth Rock
|-ability|p2a: Kyogre|Drizzle|[from] desolateland|[fail]
|turn|9
|
|t:|1652788365
|move|p2a: Kyogre|Substitute|p2a: Kyogre
|-start|p2a: Kyogre|Substitute
|-damage|p2a: Kyogre|38/100
|cant|p1a: Groudon|par
|
|-weather|DesolateLand|[upkeep]
|-heal|p2a: Kyogre|44/100|[from] item: Leftovers
|upkeep
|turn|10
|
|t:|1652788369
|move|p2a: Kyogre|Ice Beam|p1a: Groudon
|-damage|p1a: Groudon|0 fnt
|faint|p1a: Groudon
|-weather|none
|
|-heal|p2a: Kyogre|51/100|[from] item: Leftovers
|upkeep
|
|t:|1652788380
|switch|p1a: Arceus|Arceus|100/100
|turn|11
|
|t:|1652788384
|move|p1a: Arceus|Extreme Speed|p2a: Kyogre
|-end|p2a: Kyogre|Substitute
|-damage|p1a: Arceus|91/100|[from] item: Life Orb
|move|p2a: Kyogre|Calm Mind|p2a: Kyogre
|-boost|p2a: Kyogre|spa|1
|-boost|p2a: Kyogre|spd|1
|
|-heal|p2a: Kyogre|57/100|[from] item: Leftovers
|upkeep
|turn|12
|l| but /nick is fun
|
|t:|1652788388
|move|p1a: Arceus|Swords Dance|p1a: Arceus
|-boost|p1a: Arceus|atk|2
|move|p2a: Kyogre|Scald|p1a: Arceus
|-damage|p1a: Arceus|40/100
|
|-heal|p2a: Kyogre|63/100|[from] item: Leftovers
|upkeep
|turn|13
|
|t:|1652788394
|move|p1a: Arceus|Extreme Speed|p2a: Kyogre
|-damage|p2a: Kyogre|0 fnt
|faint|p2a: Kyogre
|-damage|p1a: Arceus|30/100|[from] item: Life Orb
|
|upkeep
|
|t:|1652788397
|switch|p2a: Ferrothorn|Ferrothorn, M, shiny|100/100
|-damage|p2a: Ferrothorn|95/100|[from] Stealth Rock
|turn|14
|j| RosaFlora❤
|
|t:|1652788401
|switch|p1a: Aerodactyl|Aerodactyl, M|10/100
|-ability|p1a: Aerodactyl|Pressure
|move|p2a: Ferrothorn|Stealth Rock|p1a: Aerodactyl
|-sidestart|p1: makaai_X Reviene|move: Stealth Rock
|
|-heal|p2a: Ferrothorn|100/100|[from] item: Leftovers
|upkeep
|turn|15
|
|t:|1652788410
|move|p1a: Aerodactyl|Defog|p2a: Ferrothorn
|-unboost|p2a: Ferrothorn|evasion|1
|-sideend|p2: seidou45|Stealth Rock|[from] move: Defog|[of] p1a: Aerodactyl
|-sideend|p1: makaai_X Reviene|Stealth Rock|[from] move: Defog|[of] p1a: Aerodactyl
|move|p2a: Ferrothorn|Gyro Ball|p1a: Aerodactyl
|-supereffective|p1a: Aerodactyl
|-damage|p1a: Aerodactyl|0 fnt
|faint|p1a: Aerodactyl
|
|upkeep
|
|t:|1652788413
|switch|p1a: Smeargle|Smeargle, F|100/100
|turn|16
|
|t:|1652788417
|move|p1a: Smeargle|Lovely Kiss|p2a: Ferrothorn
|-status|p2a: Ferrothorn|slp|[from] move: Lovely Kiss
|cant|p2a: Ferrothorn|slp
|
|-ability|p1a: Smeargle|Moody|boost
|-boost|p1a: Smeargle|spd|2
|-unboost|p1a: Smeargle|atk|1
|upkeep
|turn|17
|
|t:|1652788420
|move|p1a: Smeargle|Substitute|p1a: Smeargle
|-start|p1a: Smeargle|Substitute
|-damage|p1a: Smeargle|76/100
|cant|p2a: Ferrothorn|slp
|
|-ability|p1a: Smeargle|Moody|boost
|-boost|p1a: Smeargle|spd|2
|-unboost|p1a: Smeargle|spa|1
|upkeep
|turn|18
|
|t:|1652788422
|move|p1a: Smeargle|Shell Smash|p1a: Smeargle
|-unboost|p1a: Smeargle|def|1
|-unboost|p1a: Smeargle|spd|1
|-boost|p1a: Smeargle|atk|2
|-boost|p1a: Smeargle|spa|2
|-boost|p1a: Smeargle|spe|2
|-curestatus|p2a: Ferrothorn|slp|[msg]
|move|p2a: Ferrothorn|Gyro Ball|p1a: Smeargle
|-end|p1a: Smeargle|Substitute
|
|-ability|p1a: Smeargle|Moody|boost
|-boost|p1a: Smeargle|spe|2
|-unboost|p1a: Smeargle|spd|1
|upkeep
|turn|19
|
|t:|1652788424
|move|p1a: Smeargle|Lovely Kiss|p2a: Ferrothorn
|-status|p2a: Ferrothorn|slp|[from] move: Lovely Kiss
|cant|p2a: Ferrothorn|slp
|
|-ability|p1a: Smeargle|Moody|boost
|-boost|p1a: Smeargle|spa|2
|-unboost|p1a: Smeargle|atk|1
|upkeep
|turn|20
|j|%Junaa
|
|t:|1652788439
|move|p1a: Smeargle|Substitute|p1a: Smeargle
|-start|p1a: Smeargle|Substitute
|-damage|p1a: Smeargle|51/100
|cant|p2a: Ferrothorn|slp
|
|-ability|p1a: Smeargle|Moody|boost
|-boost|p1a: Smeargle|spa|2
|-unboost|p1a: Smeargle|atk|1
|upkeep
|turn|21
|j| Sammag
|
|t:|1652788448
|move|p1a: Smeargle|Baton Pass|p1a: Smeargle
|j|+Trade
|
|t:|1652788462
|switch|p1a: Yveltal|Yveltal|100/100|[from]move: Baton Pass
|-ability|p1a: Yveltal|Dark Aura
|cant|p2a: Ferrothorn|slp
|
|upkeep
|turn|22
|
|t:|1652788468
|move|p1a: Yveltal|Oblivion Wing|p2a: Ferrothorn
|-damage|p2a: Ferrothorn|0 fnt
|faint|p2a: Ferrothorn
|-damage|p1a: Yveltal|91/100|[from] item: Life Orb
|
|upkeep
|
|t:|1652788472
|switch|p2a: Yveltal|Yveltal, shiny|100/100
|-ability|p2a: Yveltal|Dark Aura
|turn|23
|
|t:|1652788475
|move|p1a: Yveltal|Oblivion Wing|p2a: Yveltal
|-damage|p2a: Yveltal|0 fnt
|-heal|p1a: Yveltal|100/100|[from] drain|[of] p2a: Yveltal
|faint|p2a: Yveltal
|-damage|p1a: Yveltal|91/100|[from] item: Life Orb
|
|upkeep
|l| Sammag
|
|t:|1652788482
|switch|p2a: Arceus|Arceus-Steel, shiny|100/100
|turn|24
|
|t:|1652788485
|-start|p2a: Arceus|Dynamax|
|-heal|p2a: Arceus|100/100|[silent]
|move|p1a: Yveltal|Heat Wave|p2a: Arceus
|-supereffective|p2a: Arceus
|-damage|p2a: Arceus|0 fnt
|faint|p2a: Arceus
|-damage|p1a: Yveltal|81/100|[from] item: Life Orb
|
|upkeep
|-message|seidou45 forfeited.
|
|win|makaai_X Reviene
|n|‽makaai_X Reviene|makaaixreviene
|n|☆seidou45|seidou45
|n| RosaFlora❤|rosaflora
|n| Junaa|junaa
|n| Trade|trade
|l|☆seidou45
|l| RosaFlora❤
