|j|☆Emorawr79
|j|☆PrincessKate3.14
|t:|1638996939
|gametype|singles
|player|p1|Emorawr79|170|1496
|player|p2|PrincessKate3.14|265|1542
|teamsize|p1|6
|teamsize|p2|6
|gen|8
|tier|[Gen 8] National Dex AG
|rated|
|rule|HP Percentage Mod: HP is shown in percentages
|rule|Endless Battle Clause: Forcing endless battles is banned
|clearpoke
|poke|p1|Calyrex-Shadow|
|poke|p1|Xerneas-*|
|poke|p1|Zacian-*|
|poke|p1|Smeargle, M|
|poke|p1|Zygarde|
|poke|p1|Necrozma-Dusk-Mane|
|poke|p2|Xerneas-*|
|poke|p2|Kyogre|
|poke|p2|Weavile, M|
|poke|p2|Charizard, M|
|poke|p2|Krookodile, F|
|poke|p2|Rillaboom, F|
|teampreview
|c|☆PrincessKate3.14|glhf
|
|t:|1638996958
|start
|switch|p1a: Smeargle|Smeargle, M|100/100
|switch|p2a: Weavile|Weavile, M|100/100
|turn|1
|
|t:|1638996962
|switch|p1a: Necrozma|Necrozma-Dusk-Mane|100/100
|move|p2a: Weavile|Fake Out|p1a: Necrozma
|-resisted|p1a: Necrozma
|-damage|p1a: Necrozma|96/100
|
|upkeep
|turn|2
|
|t:|1638996967
|move|p2a: Weavile|Knock Off|p1a: Necrozma
|-supereffective|p1a: Necrozma
|-damage|p1a: Necrozma|62/100
|move|p1a: Necrozma|Sunsteel Strike|p2a: Weavile
|-supereffective|p2a: Weavile
|-enditem|p2a: Weavile|Focus Sash
|-damage|p2a: Weavile|1/100
|
|upkeep
|turn|3
|
|t:|1638996972
|move|p2a: Weavile|Knock Off|p1a: Necrozma
|-supereffective|p1a: Necrozma
|-damage|p1a: Necrozma|27/100
|move|p1a: Necrozma|Sunsteel Strike|p2a: Weavile
|-supereffective|p2a: Weavile
|-damage|p2a: Weavile|0 fnt
|faint|p2a: Weavile
|
|upkeep
|
|t:|1638996979
|switch|p2a: Kyogre|Kyogre|100/100
|-weather|RainDance|[from] ability: Drizzle|[of] p2a: Kyogre
|turn|4
|
|t:|1638996984
|detailschange|p1a: Necrozma|Necrozma-Ultra
|-burst|p1a: Necrozma|Necrozma|Ultranecrozium Z
|move|p2a: Kyogre|Water Spout|p1a: Necrozma
|-resisted|p1a: Necrozma
|-damage|p1a: Necrozma|0 fnt
|faint|p1a: Necrozma
|
|-weather|RainDance|[upkeep]
|upkeep
|
|t:|1638996990
|switch|p1a: Smeargle|Smeargle, M|100/100
|turn|5
|
|t:|1638996994
|switch|p2a: Rillaboom|Rillaboom, F|100/100
|-fieldstart|move: Grassy Terrain|[from] ability: Grassy Surge|[of] p2a: Rillaboom
|move|p1a: Smeargle|Spore|p2a: Rillaboom
|-immune|p2a: Rillaboom
|
|-weather|RainDance|[upkeep]
|-ability|p1a: Smeargle|Moody|boost
|-boost|p1a: Smeargle|spa|2
|-unboost|p1a: Smeargle|spd|1
|upkeep
|turn|6
|
|t:|1638997006
|move|p2a: Rillaboom|Grassy Glide|p1a: Smeargle
|-enditem|p1a: Smeargle|Focus Sash
|-damage|p1a: Smeargle|1/100
|move|p1a: Smeargle|Endeavor|p2a: Rillaboom
|-damage|p2a: Rillaboom|1/100
|
|-weather|RainDance|[upkeep]
|-heal|p2a: Rillaboom|7/100|[from] Grassy Terrain
|-heal|p1a: Smeargle|7/100|[from] Grassy Terrain
|-ability|p1a: Smeargle|Moody|boost
|-boost|p1a: Smeargle|def|2
|-unboost|p1a: Smeargle|atk|1
|upkeep
|turn|7
|
|t:|1638997010
|move|p1a: Smeargle|Extreme Speed|p2a: Rillaboom
|-damage|p2a: Rillaboom|0 fnt
|faint|p2a: Rillaboom
|
|-weather|RainDance|[upkeep]
|-heal|p1a: Smeargle|13/100|[from] Grassy Terrain
|-ability|p1a: Smeargle|Moody|boost
|-boost|p1a: Smeargle|spd|2
|-unboost|p1a: Smeargle|def|1
|upkeep
|
|t:|1638997018
|switch|p2a: Xerneas|Xerneas|100/100
|-ability|p2a: Xerneas|Fairy Aura
|turn|8
|j| D→luxe
|
|t:|1638997025
|move|p1a: Smeargle|Endeavor|p2a: Xerneas
|-damage|p2a: Xerneas|7/100
|move|p2a: Xerneas|Geomancy||[still]
|-prepare|p2a: Xerneas|Geomancy
|-enditem|p2a: Xerneas|Power Herb
|-anim|p2a: Xerneas|Geomancy|p2a: Xerneas
|-boost|p2a: Xerneas|spa|2
|-boost|p2a: Xerneas|spd|2
|-boost|p2a: Xerneas|spe|2
|
|-weather|none
|-heal|p2a: Xerneas|13/100|[from] Grassy Terrain
|-heal|p1a: Smeargle|19/100|[from] Grassy Terrain
|-ability|p1a: Smeargle|Moody|boost
|-boost|p1a: Smeargle|spd|2
|-unboost|p1a: Smeargle|atk|1
|upkeep
|turn|9
|
|t:|1638997033
|-start|p2a: Xerneas|Dynamax
|-heal|p2a: Xerneas|13/100|[silent]
|move|p1a: Smeargle|Extreme Speed|p2a: Xerneas
|-damage|p2a: Xerneas|10/100
|move|p2a: Xerneas|Max Starfall|p1a: Smeargle
|-damage|p1a: Smeargle|0 fnt
|-fieldstart|move: Misty Terrain
|faint|p1a: Smeargle
|
|upkeep
|
|t:|1638997037
|switch|p1a: Zacian|Zacian-Crowned|100/100
|-ability|p1a: Zacian|Intrepid Sword|boost
|-boost|p1a: Zacian|atk|1
|turn|10
|
|t:|1638997043
|move|p2a: Xerneas|Max Starfall|p1a: Zacian
|-resisted|p1a: Zacian
|-crit|p1a: Zacian
|-damage|p1a: Zacian|0 fnt
|faint|p1a: Zacian
|
|upkeep
|c| D→luxe|yum
|c| D→luxe|espeed healed it
|
|t:|1638997051
|switch|p1a: Calyrex|Calyrex-Shadow|100/100
|-ability|p1a: Calyrex|As One
|-ability|p1a: Calyrex|Unnerve
|turn|11
|
|t:|1638997056
|-start|p1a: Calyrex|Dynamax
|-heal|p1a: Calyrex|100/100|[silent]
|move|p2a: Xerneas|Max Starfall|p1a: Calyrex
|-damage|p1a: Calyrex|2/100
|move|p1a: Calyrex|Max Phantasm|p2a: Xerneas
|-crit|p2a: Xerneas
|-damage|p2a: Xerneas|0 fnt
|faint|p2a: Xerneas
|-ability|p1a: Calyrex|Grim Neigh|boost
|-boost|p1a: Calyrex|spa|1
|
|upkeep
|
|t:|1638997064
|switch|p2a: Kyogre|Kyogre|100/100
|-weather|RainDance|[from] ability: Drizzle|[of] p2a: Kyogre
|turn|12
|
|t:|1638997067
|move|p2a: Kyogre|Water Spout|p1a: Calyrex
|-damage|p1a: Calyrex|0 fnt
|faint|p1a: Calyrex
|
|-weather|RainDance|[upkeep]
|upkeep
|
|t:|1638997070
|switch|p1a: Xerneas|Xerneas|100/100
|-ability|p1a: Xerneas|Fairy Aura
|turn|13
|
|t:|1638997073
|move|p2a: Kyogre|Water Spout|p1a: Xerneas
|-damage|p1a: Xerneas|0 fnt
|faint|p1a: Xerneas
|
|-weather|RainDance|[upkeep]
|-fieldend|Misty Terrain
|upkeep
|
|t:|1638997079
|switch|p1a: Zygarde|Zygarde|100/100
|turn|14
|
|t:|1638997081
|move|p2a: Kyogre|Water Spout|p1a: Zygarde
|-damage|p1a: Zygarde|0 fnt
|faint|p1a: Zygarde
|
|win|PrincessKate3.14
|raw|Emorawr79's rating: 1496 &rarr; <strong>1479</strong><br />(-17 for losing)
|raw|PrincessKate3.14's rating: 1542 &rarr; <strong>1559</strong><br />(+17 for winning)
|c|☆PrincessKate3.14|gg
|l|☆Emorawr79
|c| D→luxe|got damn!
|c| D→luxe|that went real fast
|l| D→luxe
||Ladder isn't responding, score probably updated but might not have (Request timeout).
