|j|☆test3721
|j|☆DanielRiodani
|t:|1610069931
|player|p1|test3721|265|1555
|player|p2|DanielRiodani|102|1550
|teamsize|p1|6
|teamsize|p2|6
|gametype|singles
|gen|8
|tier|[Gen 8] National Dex AG
|rated|
|clearpoke
|poke|p1|Weavile, F|
|poke|p1|Necrozma-Dusk-Mane|
|poke|p1|Deoxys-Attack|
|poke|p1|Deoxys-Attack|
|poke|p1|Landorus-Therian, M|
|poke|p1|Marshadow|
|poke|p2|Calyrex-Shadow|
|poke|p2|Gengar, F|
|poke|p2|Groudon|
|poke|p2|Deoxys|
|poke|p2|Kyogre|
|poke|p2|Yveltal|
|rule|HP Percentage Mod: HP is shown in percentages
|rule|Endless Battle Clause: Forcing endless battles is banned
|teampreview
|
|t:|1610069939
|start
|switch|p1a: Weavile|Weavile, F|100/100
|switch|p2a: Deoxys|Deoxys|100/100
|-ability|p2a: Deoxys|Pressure
|-ability|p1a: Weavile|Pressure
|turn|1
|
|t:|1610069948
|move|p2a: Deoxys|Stealth Rock|p1a: Weavile
|-sidestart|p1: test3721|move: Stealth Rock
|move|p1a: Weavile|Beat Up|p2a: Deoxys
|-supereffective|p2a: Deoxys
|-damage|p2a: Deoxys|58/100
|-supereffective|p2a: Deoxys
|-damage|p2a: Deoxys|10/100
|-supereffective|p2a: Deoxys
|-damage|p2a: Deoxys|0 fnt
|-hitcount|p2a: Deoxys|3
|faint|p2a: Deoxys
|
|upkeep
|
|t:|1610069959
|switch|p2a: Groudon|Groudon|100/100
|detailschange|p2a: Groudon|Groudon-Primal
|-primal|p2a: Groudon
|-weather|DesolateLand|[from] ability: Desolate Land|[of] p2a: Groudon
|turn|2
|
|t:|1610069968
|move|p1a: Weavile|Beat Up|p2a: Groudon
|-damage|p2a: Groudon|95/100
|-damage|p2a: Groudon|88/100
|-damage|p2a: Groudon|80/100
|-damage|p2a: Groudon|72/100
|-damage|p2a: Groudon|65/100
|-damage|p2a: Groudon|60/100
|-hitcount|p2a: Groudon|6
|move|p2a: Groudon|Lava Plume|p1a: Weavile
|-supereffective|p1a: Weavile
|-crit|p1a: Weavile
|-damage|p1a: Weavile|0 fnt
|faint|p1a: Weavile
|
|-weather|DesolateLand|[upkeep]
|upkeep
|
|t:|1610069971
|switch|p1a: Landorus|Landorus-Therian, M|100/100
|-damage|p1a: Landorus|88/100|[from] Stealth Rock
|-ability|p1a: Landorus|Intimidate|boost
|-unboost|p2a: Groudon|atk|1
|turn|3
|
|t:|1610069988
|-weather|none
|switch|p2a: Yveltal|Yveltal|100/100
|-ability|p2a: Yveltal|Dark Aura
|move|p1a: Landorus|Defog|p2a: Yveltal
|-unboost|p2a: Yveltal|evasion|1
|-sideend|p1: test3721|Stealth Rock|[from] move: Defog|[of] p1a: Landorus
|
|upkeep
|turn|4
|
|t:|1610069998
|switch|p1a: Deoxys|Deoxys-Attack|100/100
|-ability|p1a: Deoxys|Pressure
|move|p2a: Yveltal|Oblivion Wing|p1a: Deoxys
|-enditem|p1a: Deoxys|Focus Sash
|-damage|p1a: Deoxys|1/100
|-damage|p2a: Yveltal|91/100|[from] item: Life Orb
|
|upkeep
|turn|5
|
|t:|1610070010
|move|p1a: Deoxys|Extreme Speed|p2a: Yveltal
|-damage|p2a: Yveltal|56/100
|move|p2a: Yveltal|Sucker Punch||[still]
|-fail|p2a: Yveltal
|
|upkeep
|turn|6
|
|t:|1610070018
|switch|p2a: Calyrex|Calyrex-Shadow|100/100
|-ability|p2a: Calyrex|As One
|-ability|p2a: Calyrex|Unnerve|p1: test3721
|move|p1a: Deoxys|Superpower|p2a: Calyrex
|-immune|p2a: Calyrex
|
|upkeep
|turn|7
|
|t:|1610070028
|move|p2a: Calyrex|Astral Barrage|p1a: Deoxys
|-supereffective|p1a: Deoxys
|-damage|p1a: Deoxys|0 fnt
|faint|p1a: Deoxys
|-ability|p2a: Calyrex|Grim Neigh|boost
|-boost|p2a: Calyrex|spa|1
|
|upkeep
|
|t:|1610070030
|switch|p1a: Marshadow|Marshadow|100/100
|turn|8
|
|t:|1610070047
|move|p2a: Calyrex|Psychic|p1a: Marshadow
|-supereffective|p1a: Marshadow
|-crit|p1a: Marshadow
|-enditem|p1a: Marshadow|Focus Sash
|-damage|p1a: Marshadow|1/100
|move|p1a: Marshadow|Spectral Thief||[still]
|-clearpositiveboost|p2a: Calyrex|p1a: Marshadow|move: Spectral Thief
|-boost|p1a: Marshadow|spa|1
|-anim|p1a: Marshadow|Spectral Thief|p2a: Calyrex
|-supereffective|p2a: Calyrex
|-enditem|p2a: Calyrex|Focus Sash
|-damage|p2a: Calyrex|1/100
|
|upkeep
|turn|9
|
|t:|1610070065
|switch|p2a: Groudon|Groudon-Primal|60/100
|-weather|DesolateLand|[from] ability: Desolate Land|[of] p2a: Groudon
|move|p1a: Marshadow|Shadow Sneak|p2a: Groudon
|-damage|p2a: Groudon|38/100
|
|-weather|DesolateLand|[upkeep]
|upkeep
|turn|10
|
|t:|1610070073
|move|p1a: Marshadow|Spectral Thief|p2a: Groudon
|-damage|p2a: Groudon|7/100
|move|p2a: Groudon|Lava Plume|p1a: Marshadow
|-damage|p1a: Marshadow|0 fnt
|faint|p1a: Marshadow
|
|-weather|DesolateLand|[upkeep]
|upkeep
|
|t:|1610070096
|switch|p1a: Landorus|Landorus-Therian, M|88/100
|-ability|p1a: Landorus|Intimidate|boost
|-unboost|p2a: Groudon|atk|1
|turn|11
|
|t:|1610070102
|-start|p1a: Landorus|Dynamax
|-heal|p1a: Landorus|88/100|[silent]
|move|p2a: Groudon|Lava Plume|p1a: Landorus
|-damage|p1a: Landorus|56/100
|move|p1a: Landorus|Max Rockfall|p2a: Groudon
|-damage|p2a: Groudon|0 fnt
|faint|p2a: Groudon
|-weather|none
|
|upkeep
|
|t:|1610070115
|switch|p2a: Kyogre|Kyogre|100/100
|detailschange|p2a: Kyogre|Kyogre-Primal
|-primal|p2a: Kyogre
|-weather|PrimordialSea|[from] ability: Primordial Sea|[of] p2a: Kyogre
|turn|12
|
|t:|1610070130
|move|p1a: Landorus|Max Quake|p2a: Kyogre
|-damage|p2a: Kyogre|43/100
|-boost|p1a: Landorus|spd|1
|move|p2a: Kyogre|Ice Beam|p1a: Landorus
|-supereffective|p1a: Landorus
|-damage|p1a: Landorus|0 fnt
|faint|p1a: Landorus
|
|-weather|PrimordialSea|[upkeep]
|upkeep
|
|t:|1610070149
|switch|p1a: Necrozma|Necrozma-Dusk-Mane|100/100
|turn|13
|
|t:|1610070153
|move|p2a: Kyogre|Thunder|p1a: Necrozma
|-damage|p1a: Necrozma|65/100
|move|p1a: Necrozma|Stealth Rock|p2a: Kyogre
|-sidestart|p2: DanielRiodani|move: Stealth Rock
|
|-weather|PrimordialSea|[upkeep]
|-heal|p1a: Necrozma|71/100|[from] item: Leftovers
|upkeep
|turn|14
|
|t:|1610070162
|move|p2a: Kyogre|Surf|p1a: Necrozma
|-damage|p1a: Necrozma|6/100
|move|p1a: Necrozma|Sunsteel Strike|p2a: Kyogre
|-resisted|p2a: Kyogre
|-damage|p2a: Kyogre|25/100
|
|-weather|PrimordialSea|[upkeep]
|-heal|p1a: Necrozma|12/100|[from] item: Leftovers
|upkeep
|turn|15
|
|t:|1610070173
|move|p2a: Kyogre|Thunder|p1a: Necrozma
|-damage|p1a: Necrozma|0 fnt
|faint|p1a: Necrozma
|
|-weather|PrimordialSea|[upkeep]
|upkeep
|
|t:|1610070175
|switch|p1a: Deoxys|Deoxys-Attack|100/100
|-ability|p1a: Deoxys|Pressure
|turn|16
|
|t:|1610070181
|move|p1a: Deoxys|Thunder Punch|p2a: Kyogre
|-supereffective|p2a: Kyogre
|-damage|p2a: Kyogre|0 fnt
|faint|p2a: Kyogre
|-weather|none
|
|upkeep
|
|t:|1610070188
|switch|p2a: Yveltal|Yveltal|56/100
|-damage|p2a: Yveltal|31/100|[from] Stealth Rock
|-ability|p2a: Yveltal|Dark Aura
|turn|17
|
|t:|1610070200
|-start|p2a: Yveltal|Dynamax
|-heal|p2a: Yveltal|31/100|[silent]
|move|p1a: Deoxys|Extreme Speed|p2a: Yveltal
|-damage|p2a: Yveltal|13/100
|move|p2a: Yveltal|Max Airstream|p1a: Deoxys
|-enditem|p1a: Deoxys|Focus Sash
|-damage|p1a: Deoxys|1/100
|-boost|p2a: Yveltal|spe|1
|-damage|p2a: Yveltal|8/100|[from] item: Life Orb
|
|upkeep
|turn|18
|inactive|Battle timer is ON: inactive players will automatically lose when time's up. (requested by test3721)
|j| ThePowerfulEntity
|c| ThePowerfulEntity|wow nice
|inactive|DanielRiodani has 120 seconds left.
|inactive|DanielRiodani has 90 seconds left.
|inactive|DanielRiodani has 60 seconds left.
|inactive|DanielRiodani has 30 seconds left.
|l| ThePowerfulEntity
|inactive|DanielRiodani has 20 seconds left.
|inactive|DanielRiodani has 15 seconds left.
|inactive|DanielRiodani has 10 seconds left.
|inactive|DanielRiodani has 5 seconds left.
|-message|DanielRiodani lost due to inactivity.
|
|win|test3721
|c|☆test3721|gg
|raw|test3721's rating: 1555 &rarr; <strong>1574</strong><br />(+19 for winning)
|raw|DanielRiodani's rating: 1538 &rarr; <strong>1519</strong><br />(-19 for losing)
