|j|☆Zelyna
|j|☆rarh2
|t:|1643706111
|gametype|singles
|player|p1|Zelyna|caitlin|1382
|player|p2|rarh2|colress|1634
|teamsize|p1|6
|teamsize|p2|6
|gen|8
|tier|[Gen 8] National Dex AG
|rated|
|rule|HP Percentage Mod: HP is shown in percentages
|rule|Endless Battle Clause: Forcing endless battles is banned
|clearpoke
|poke|p1|Quagsire, F|
|poke|p1|Kangaskhan, F|
|poke|p1|Zacian-*|
|poke|p1|Reshiram|
|poke|p1|Yveltal|
|poke|p1|Ditto|
|poke|p2|Calyrex-Shadow|
|poke|p2|Zacian-*|
|poke|p2|Ditto|
|poke|p2|Rayquaza|
|poke|p2|Xerneas-*|
|poke|p2|Smeargle, F|
|teampreview
|
|t:|1643706115
|start
|switch|p1a: Kangaskhan|Kangaskhan, F|100/100
|switch|p2a: Smeargle|Smeargle, F|100/100
|turn|1
|inactive|Battle timer is ON: inactive players will automatically lose when time's up. (requested by rarh2)
|
|t:|1643706122
|switch|p2a: Zacian|Zacian-Crowned|100/100
|-ability|p2a: Zacian|Intrepid Sword|boost
|-boost|p2a: Zacian|atk|1
|detailschange|p1a: Kangaskhan|Kangaskhan-Mega, F
|-mega|p1a: Kangaskhan|Kangaskhan|Kangaskhanite
|move|p1a: Kangaskhan|Fake Out|p2a: Zacian
|-resisted|p2a: Zacian
|-damage|p2a: Zacian|91/100
|-resisted|p2a: Zacian
|-damage|p2a: Zacian|89/100
|-hitcount|p2a: Zacian|2
|
|upkeep
|turn|2
|
|t:|1643706127
|switch|p1a: Quagsire|Quagsire, F|100/100
|move|p2a: Zacian|Close Combat|p1a: Quagsire
|-damage|p1a: Quagsire|62/100
|-unboost|p2a: Zacian|def|1
|-unboost|p2a: Zacian|spd|1
|
|-heal|p1a: Quagsire|68/100|[from] item: Leftovers
|upkeep
|turn|3
|
|t:|1643706130
|switch|p2a: Smeargle|Smeargle, F|100/100
|move|p1a: Quagsire|Scald|p2a: Smeargle
|-damage|p2a: Smeargle|52/100
|
|-heal|p1a: Quagsire|74/100|[from] item: Leftovers
|upkeep
|turn|4
|
|t:|1643706136
|move|p2a: Smeargle|Sticky Web|p1a: Quagsire
|-sidestart|p1: Zelyna|move: Sticky Web
|move|p1a: Quagsire|Scald|p2a: Smeargle
|-damage|p2a: Smeargle|6/100
|
|-heal|p1a: Quagsire|80/100|[from] item: Leftovers
|upkeep
|turn|5
|
|t:|1643706140
|move|p2a: Smeargle|Stealth Rock|p1a: Quagsire
|-sidestart|p1: Zelyna|move: Stealth Rock
|move|p1a: Quagsire|Scald|p2a: Smeargle
|-damage|p2a: Smeargle|0 fnt
|faint|p2a: Smeargle
|
|-heal|p1a: Quagsire|87/100|[from] item: Leftovers
|upkeep
|
|t:|1643706158
|switch|p2a: Xerneas|Xerneas|100/100
|-ability|p2a: Xerneas|Fairy Aura
|turn|6
|
|t:|1643706164
|move|p2a: Xerneas|Substitute|p2a: Xerneas
|-start|p2a: Xerneas|Substitute
|-damage|p2a: Xerneas|76/100
|move|p1a: Quagsire|Toxic||[still]
|-fail|p1a: Quagsire
|
|-heal|p1a: Quagsire|93/100|[from] item: Leftovers
|upkeep
|turn|7
|
|t:|1643706167
|move|p2a: Xerneas|Geomancy||[still]
|-prepare|p2a: Xerneas|Geomancy
|-enditem|p2a: Xerneas|Power Herb
|-anim|p2a: Xerneas|Geomancy|p2a: Xerneas
|-boost|p2a: Xerneas|spa|2
|-boost|p2a: Xerneas|spd|2
|-boost|p2a: Xerneas|spe|2
|move|p1a: Quagsire|Scald|p2a: Xerneas
|-activate|p2a: Xerneas|move: Substitute|[damage]
|
|-heal|p1a: Quagsire|99/100|[from] item: Leftovers
|upkeep
|turn|8
|
|t:|1643706171
|move|p2a: Xerneas|Moonblast|p1a: Quagsire
|-damage|p1a: Quagsire|2/100
|move|p1a: Quagsire|Scald|p2a: Xerneas
|-end|p2a: Xerneas|Substitute
|
|-heal|p1a: Quagsire|8/100|[from] item: Leftovers
|upkeep
|turn|9
|
|t:|1643706177
|move|p2a: Xerneas|Substitute|p2a: Xerneas
|-start|p2a: Xerneas|Substitute
|-damage|p2a: Xerneas|51/100
|move|p1a: Quagsire|Haze|p1a: Quagsire
|-clearallboost
|
|-heal|p1a: Quagsire|14/100|[from] item: Leftovers
|upkeep
|turn|10
|
|t:|1643706181
|move|p2a: Xerneas|Moonblast|p1a: Quagsire
|-damage|p1a: Quagsire|0 fnt
|faint|p1a: Quagsire
|
|upkeep
|
|t:|1643706196
|switch|p1a: Kangaskhan|Kangaskhan-Mega, F|100/100
|-damage|p1a: Kangaskhan|88/100|[from] Stealth Rock
|-activate|p1a: Kangaskhan|move: Sticky Web
|-unboost|p1a: Kangaskhan|spe|1
|turn|11
|
|t:|1643706200
|move|p1a: Kangaskhan|Fake Out|p2a: Xerneas
|-activate|p2a: Xerneas|move: Substitute|[damage]
|-activate|p2a: Xerneas|move: Substitute|[damage]
|-hitcount|p2a: Xerneas|2
|move|p2a: Xerneas|Geomancy||[still]
|-prepare|p2a: Xerneas|Geomancy
|
|upkeep
|turn|12
|
|t:|1643706203
|move|p2a: Xerneas|Geomancy|p2a: Xerneas|[from]lockedmove
|-boost|p2a: Xerneas|spa|2
|-boost|p2a: Xerneas|spd|2
|-boost|p2a: Xerneas|spe|2
|move|p1a: Kangaskhan|Seismic Toss|p2a: Xerneas
|-end|p2a: Xerneas|Substitute
|-damage|p2a: Xerneas|25/100
|-hitcount|p2a: Xerneas|2
|
|upkeep
|turn|13
|
|t:|1643706208
|move|p2a: Xerneas|Moonblast|p1a: Kangaskhan
|-damage|p1a: Kangaskhan|0 fnt
|faint|p1a: Kangaskhan
|
|upkeep
|
|t:|1643706211
|switch|p1a: Ditto|Ditto|100/100
|-damage|p1a: Ditto|88/100|[from] Stealth Rock
|-activate|p1a: Ditto|move: Sticky Web
|-unboost|p1a: Ditto|spe|1
|-transform|p1a: Ditto|p2a: Xerneas|[from] ability: Imposter
|-ability|p1a: Ditto|Fairy Aura
|turn|14
|
|t:|1643706219
|move|p1a: Ditto|Moonblast|p2a: Xerneas
|-damage|p2a: Xerneas|0 fnt
|faint|p2a: Xerneas
|
|upkeep
|
|t:|1643706231
|switch|p2a: Zacian|Zacian-Crowned|89/100
|-ability|p2a: Zacian|Intrepid Sword|boost
|-boost|p2a: Zacian|atk|1
|turn|15
|
|t:|1643706237
|switch|p1a: Reshiram|Reshiram, shiny|100/100
|-activate|p1a: Reshiram|move: Sticky Web
|-unboost|p1a: Reshiram|spe|1
|-damage|p1a: Reshiram|76/100|[from] Stealth Rock
|-ability|p1a: Reshiram|Turboblaze
|move|p2a: Zacian|Behemoth Blade|p1a: Reshiram
|-resisted|p1a: Reshiram
|-damage|p1a: Reshiram|27/100
|
|upkeep
|turn|16
|
|t:|1643706242
|switch|p2a: Calyrex|Calyrex-Shadow|100/100
|-ability|p2a: Calyrex|As One
|-ability|p2a: Calyrex|Unnerve
|move|p1a: Reshiram|Fusion Flare|p2a: Calyrex
|-damage|p2a: Calyrex|15/100
|-damage|p1a: Reshiram|17/100|[from] item: Life Orb
|
|upkeep
|turn|17
|
|t:|1643706253
|move|p2a: Calyrex|Astral Barrage|p1a: Reshiram
|-damage|p1a: Reshiram|0 fnt
|faint|p1a: Reshiram
|-ability|p2a: Calyrex|Grim Neigh|boost
|-boost|p2a: Calyrex|spa|1
|
|upkeep
|
|t:|1643706257
|switch|p1a: Yveltal|Yveltal|100/100
|-damage|p1a: Yveltal|76/100|[from] Stealth Rock
|-ability|p1a: Yveltal|Dark Aura
|turn|18
|
|t:|1643706259
|move|p1a: Yveltal|Sucker Punch|p2a: Calyrex
|-supereffective|p2a: Calyrex
|-damage|p2a: Calyrex|0 fnt
|faint|p2a: Calyrex
|-damage|p1a: Yveltal|66/100|[from] item: Life Orb
|
|upkeep
|
|t:|1643706261
|switch|p2a: Zacian|Zacian-Crowned|89/100
|-ability|p2a: Zacian|Intrepid Sword|boost
|-boost|p2a: Zacian|atk|1
|turn|19
|
|t:|1643706264
|move|p2a: Zacian|Behemoth Blade|p1a: Yveltal
|-damage|p1a: Yveltal|0 fnt
|faint|p1a: Yveltal
|
|upkeep
|
|t:|1643706268
|switch|p1a: Ditto|Ditto|88/100
|-damage|p1a: Ditto|76/100|[from] Stealth Rock
|-activate|p1a: Ditto|move: Sticky Web
|-unboost|p1a: Ditto|spe|1
|-transform|p1a: Ditto|p2a: Zacian|[from] ability: Imposter
|-ability|p1a: Ditto|Intrepid Sword|boost
|-boost|p1a: Ditto|atk|1
|turn|20
|
|t:|1643706270
|move|p1a: Ditto|Behemoth Blade|p2a: Zacian
|-damage|p2a: Zacian|0 fnt
|faint|p2a: Zacian
|
|upkeep
|
|t:|1643706272
|switch|p2a: Rayquaza|Rayquaza|100/100
|-ability|p2a: Rayquaza|Air Lock
|turn|21
|
|t:|1643706277
|detailschange|p2a: Rayquaza|Rayquaza-Mega
|-mega|p2a: Rayquaza|Rayquaza|
|-weather|DeltaStream|[from] ability: Delta Stream|[of] p2a: Rayquaza
|move|p1a: Ditto|Behemoth Blade|p2a: Rayquaza
|-enditem|p2a: Rayquaza|Focus Sash
|-damage|p2a: Rayquaza|1/100
|move|p2a: Rayquaza|V-create|p1a: Ditto
|-supereffective|p1a: Ditto
|-damage|p1a: Ditto|0 fnt
|-unboost|p2a: Rayquaza|spe|1
|-unboost|p2a: Rayquaza|def|1
|-unboost|p2a: Rayquaza|spd|1
|faint|p1a: Ditto
|
|-weather|DeltaStream|[upkeep]
|upkeep
|
|t:|1643706281
|switch|p1a: Zacian|Zacian-Crowned|100/100
|-activate|p1a: Zacian|move: Sticky Web
|-unboost|p1a: Zacian|spe|1
|-damage|p1a: Zacian|94/100|[from] Stealth Rock
|-ability|p1a: Zacian|Intrepid Sword|boost
|-boost|p1a: Zacian|atk|1
|turn|22
|c|☆Zelyna|gg wp
|
|t:|1643706289
|move|p1a: Zacian|Behemoth Blade|p2a: Rayquaza
|-damage|p2a: Rayquaza|0 fnt
|faint|p2a: Rayquaza
|-weather|none
|
|upkeep
|
|t:|1643706291
|switch|p2a: Ditto|Ditto|100/100
|-transform|p2a: Ditto|p1a: Zacian|[from] ability: Imposter
|-ability|p2a: Ditto|Intrepid Sword|boost
|-boost|p2a: Ditto|atk|1
|turn|23
|
|t:|1643706293
|move|p2a: Ditto|Behemoth Blade|p1a: Zacian
|-damage|p1a: Zacian|0 fnt
|faint|p1a: Zacian
|
|win|rarh2
|raw|Zelyna's rating: 1382 &rarr; <strong>1374</strong><br />(-8 for losing)
|raw|rarh2's rating: 1634 &rarr; <strong>1642</strong><br />(+8 for winning)
|c|☆rarh2|ggs
|l|☆Zelyna
|l|☆rarh2
||Ladder isn't responding, score probably updated but might not have (Request timeout).
|j|☆rarh2
|player|p2|rarh2|colress
