|j|‽Pokeashbattle
|j|☆Ashmit08
|t:|1641443339
|gametype|singles
|player|p1|Pokeashbattle|ethan|1333
|player|p2|Ashmit08|youngster|1357
|teamsize|p1|6
|teamsize|p2|6
|gen|8
|tier|[Gen 8] National Dex AG
|rated|
|rule|HP Percentage Mod: HP is shown in percentages
|rule|Endless Battle Clause: Forcing endless battles is banned
|clearpoke
|poke|p1|Ninjask, F|
|poke|p1|Drifblim, F|
|poke|p1|Hatterene, F|
|poke|p1|Bellossom, F|
|poke|p1|Dubwool, F|
|poke|p1|Zubat, M|
|poke|p2|Smeargle, M|
|poke|p2|Yveltal|
|poke|p2|Calyrex-Shadow|
|poke|p2|Zacian-*|
|poke|p2|Groudon|
|poke|p2|Zeraora|
|teampreview
|inactive|Battle timer is ON: inactive players will automatically lose when time's up. (requested by Pokeashbattle)
|
|t:|1641443351
|start
|switch|p1a: Ninjask|Ninjask, F|100/100
|switch|p2a: Yveltal|Yveltal|100/100
|-ability|p2a: Yveltal|Dark Aura
|turn|1
|
|t:|1641443358
|move|p1a: Ninjask|Protect|p1a: Ninjask
|-singleturn|p1a: Ninjask|Protect
|move|p2a: Yveltal|Substitute|p2a: Yveltal
|-start|p2a: Yveltal|Substitute
|-damage|p2a: Yveltal|76/100
|
|-ability|p1a: Ninjask|Speed Boost|boost
|-boost|p1a: Ninjask|spe|1
|upkeep
|turn|2
|
|t:|1641443367
|move|p1a: Ninjask|Substitute|p1a: Ninjask
|-start|p1a: Ninjask|Substitute
|-damage|p1a: Ninjask|76/100
|move|p2a: Yveltal|Hone Claws|p2a: Yveltal
|-boost|p2a: Yveltal|atk|1
|-boost|p2a: Yveltal|accuracy|1
|
|-heal|p1a: Ninjask|82/100|[from] item: Leftovers
|-ability|p1a: Ninjask|Speed Boost|boost
|-boost|p1a: Ninjask|spe|1
|upkeep
|turn|3
|
|t:|1641443387
|move|p1a: Ninjask|Baton Pass|p1a: Ninjask
|
|t:|1641443391
|switch|p1a: Bellossom|Bellossom, F|100/100|[from]move: Baton Pass
|move|p2a: Yveltal|Hone Claws|p2a: Yveltal
|-boost|p2a: Yveltal|atk|1
|-boost|p2a: Yveltal|accuracy|1
|
|upkeep
|turn|4
|
|t:|1641443402
|move|p2a: Yveltal|Sucker Punch||[still]
|-fail|p2a: Yveltal
|move|p1a: Bellossom|Quiver Dance|p1a: Bellossom
|-boost|p1a: Bellossom|spa|1
|-boost|p1a: Bellossom|spd|1
|-boost|p1a: Bellossom|spe|1
|
|upkeep
|turn|5
|
|t:|1641443409
|move|p1a: Bellossom|Ingrain|p1a: Bellossom
|-start|p1a: Bellossom|move: Ingrain
|move|p2a: Yveltal|Hone Claws|p2a: Yveltal
|-boost|p2a: Yveltal|atk|1
|-boost|p2a: Yveltal|accuracy|1
|
|upkeep
|turn|6
|
|t:|1641443417
|move|p2a: Yveltal|Sucker Punch||[still]
|-fail|p2a: Yveltal
|move|p1a: Bellossom|Quiver Dance|p1a: Bellossom
|-boost|p1a: Bellossom|spa|1
|-boost|p1a: Bellossom|spd|1
|-boost|p1a: Bellossom|spe|1
|
|upkeep
|turn|7
|
|t:|1641443425
|switch|p2a: Groudon|Groudon|100/100
|detailschange|p2a: Groudon|Groudon-Primal
|-primal|p2a: Groudon
|-weather|DesolateLand|[from] ability: Desolate Land|[of] p2a: Groudon
|move|p1a: Bellossom|Baton Pass|p1a: Bellossom
|
|t:|1641443435
|switch|p1a: Drifblim|Drifblim, F|100/100|[from]move: Baton Pass
|
|-weather|DesolateLand|[upkeep]
|upkeep
|turn|8
|
|t:|1641443444
|move|p1a: Drifblim|Minimize|p1a: Drifblim
|-boost|p1a: Drifblim|evasion|2
|move|p2a: Groudon|Eruption|p1a: Drifblim
|-end|p1a: Drifblim|Substitute
|
|-weather|DesolateLand|[upkeep]
|upkeep
|turn|9
|
|t:|1641443452
|move|p1a: Drifblim|Substitute|p1a: Drifblim
|-start|p1a: Drifblim|Substitute
|-damage|p1a: Drifblim|75/100
|move|p2a: Groudon|Eruption|p1a: Drifblim|[miss]
|-miss|p2a: Groudon|p1a: Drifblim
|
|-weather|DesolateLand|[upkeep]
|-heal|p1a: Drifblim|82/100|[from] Ingrain
|upkeep
|turn|10
|
|t:|1641443461
|move|p1a: Drifblim|Minimize|p1a: Drifblim
|-boost|p1a: Drifblim|evasion|2
|move|p2a: Groudon|Eruption|p1a: Drifblim|[miss]
|-miss|p2a: Groudon|p1a: Drifblim
|
|-weather|DesolateLand|[upkeep]
|-heal|p1a: Drifblim|88/100|[from] Ingrain
|upkeep
|turn|11
|
|t:|1641443470
|move|p1a: Drifblim|Minimize|p1a: Drifblim
|-boost|p1a: Drifblim|evasion|2
|move|p2a: Groudon|Eruption|p1a: Drifblim
|-end|p1a: Drifblim|Substitute
|
|-weather|DesolateLand|[upkeep]
|-heal|p1a: Drifblim|94/100|[from] Ingrain
|upkeep
|turn|12
|
|t:|1641443479
|move|p1a: Drifblim|Substitute|p1a: Drifblim
|-start|p1a: Drifblim|Substitute
|-damage|p1a: Drifblim|69/100
|move|p2a: Groudon|Eruption|p1a: Drifblim
|-end|p1a: Drifblim|Substitute
|
|-weather|DesolateLand|[upkeep]
|-heal|p1a: Drifblim|75/100|[from] Ingrain
|upkeep
|turn|13
|
|t:|1641443488
|move|p1a: Drifblim|Substitute|p1a: Drifblim
|-start|p1a: Drifblim|Substitute
|-damage|p1a: Drifblim|50/100
|-enditem|p1a: Drifblim|Sitrus Berry|[eat]
|-heal|p1a: Drifblim|75/100|[from] item: Sitrus Berry
|move|p2a: Groudon|Eruption|p1a: Drifblim|[miss]
|-miss|p2a: Groudon|p1a: Drifblim
|
|-weather|DesolateLand|[upkeep]
|-heal|p1a: Drifblim|81/100|[from] Ingrain
|upkeep
|turn|14
|
|t:|1641443498
|move|p1a: Drifblim|Baton Pass|p1a: Drifblim
|
|t:|1641443502
|switch|p1a: Dubwool|Dubwool, F|100/100|[from]move: Baton Pass
|move|p2a: Groudon|Precipice Blades|p1a: Dubwool|[miss]
|-miss|p2a: Groudon|p1a: Dubwool
|
|-weather|DesolateLand|[upkeep]
|upkeep
|turn|15
|
|t:|1641443510
|move|p1a: Dubwool|Cotton Guard|p1a: Dubwool
|-boost|p1a: Dubwool|def|3
|move|p2a: Groudon|Precipice Blades|p1a: Dubwool|[miss]
|-miss|p2a: Groudon|p1a: Dubwool
|
|-weather|DesolateLand|[upkeep]
|upkeep
|turn|16
|
|t:|1641443517
|move|p1a: Dubwool|Cotton Guard|p1a: Dubwool
|-boost|p1a: Dubwool|def|3
|move|p2a: Groudon|Precipice Blades|p1a: Dubwool|[miss]
|-miss|p2a: Groudon|p1a: Dubwool
|
|-weather|DesolateLand|[upkeep]
|upkeep
|turn|17
|
|t:|1641443524
|move|p1a: Dubwool|Baton Pass|p1a: Dubwool
|
|t:|1641443533
|switch|p1a: Ninjask|Ninjask, F|82/100|[from]move: Baton Pass
|move|p2a: Groudon|Precipice Blades|p1a: Ninjask|[miss]
|-miss|p2a: Groudon|p1a: Ninjask
|
|-weather|DesolateLand|[upkeep]
|-heal|p1a: Ninjask|88/100|[from] item: Leftovers
|-heal|p1a: Ninjask|94/100|[from] Ingrain
|upkeep
|turn|18
|
|t:|1641443544
|move|p1a: Ninjask|Swords Dance|p1a: Ninjask
|-boost|p1a: Ninjask|atk|2
|move|p2a: Groudon|Precipice Blades|p1a: Ninjask|[miss]
|-miss|p2a: Groudon|p1a: Ninjask
|
|-weather|DesolateLand|[upkeep]
|-heal|p1a: Ninjask|99/100|[from] item: Leftovers
|-heal|p1a: Ninjask|100/100|[from] Ingrain
|-ability|p1a: Ninjask|Speed Boost|boost
|-boost|p1a: Ninjask|spe|1
|upkeep
|turn|19
|
|t:|1641443557
|move|p1a: Ninjask|Swords Dance|p1a: Ninjask
|-boost|p1a: Ninjask|atk|2
|move|p2a: Groudon|Precipice Blades|p1a: Ninjask
|-resisted|p1a: Ninjask
|-activate|p1a: Ninjask|move: Substitute|[damage]
|
|-weather|DesolateLand|[upkeep]
|-ability|p1a: Ninjask|Speed Boost|boost
|-boost|p1a: Ninjask|spe|1
|upkeep
|turn|20
|
|t:|1641443566
|move|p1a: Ninjask|Swords Dance|p1a: Ninjask
|-boost|p1a: Ninjask|atk|2
|move|p2a: Groudon|Precipice Blades|p1a: Ninjask|[miss]
|-miss|p2a: Groudon|p1a: Ninjask
|
|-weather|DesolateLand|[upkeep]
|upkeep
|turn|21
|
|t:|1641443574
|move|p1a: Ninjask|Baton Pass|p1a: Ninjask
|
|t:|1641443578
|switch|p1a: Hatterene|Hatterene, F|100/100|[from]move: Baton Pass
|move|p2a: Groudon|Precipice Blades|p1a: Hatterene
|-activate|p1a: Hatterene|move: Substitute|[damage]
|
|-weather|DesolateLand|[upkeep]
|upkeep
|turn|22
|
|t:|1641443587
|move|p1a: Hatterene|Calm Mind|p1a: Hatterene
|-boost|p1a: Hatterene|spa|1
|-boost|p1a: Hatterene|spd|1
|move|p2a: Groudon|Precipice Blades|p1a: Hatterene|[miss]
|-miss|p2a: Groudon|p1a: Hatterene
|
|-weather|DesolateLand|[upkeep]
|upkeep
|turn|23
|
|t:|1641443595
|move|p1a: Hatterene|Calm Mind|p1a: Hatterene
|-boost|p1a: Hatterene|spa|1
|-boost|p1a: Hatterene|spd|1
|move|p2a: Groudon|Precipice Blades|p1a: Hatterene|[miss]
|-miss|p2a: Groudon|p1a: Hatterene
|
|-weather|DesolateLand|[upkeep]
|upkeep
|turn|24
|
|t:|1641443603
|move|p1a: Hatterene|Calm Mind|p1a: Hatterene
|-boost|p1a: Hatterene|spa|1
|-boost|p1a: Hatterene|spd|1
|move|p2a: Groudon|Precipice Blades|p1a: Hatterene
|-end|p1a: Hatterene|Substitute
|
|-weather|DesolateLand|[upkeep]
|upkeep
|turn|25
|
|t:|1641443612
|-weather|none
|switch|p2a: Calyrex|Calyrex-Shadow|100/100
|-ability|p2a: Calyrex|As One
|-ability|p2a: Calyrex|Unnerve
|move|p1a: Hatterene|Substitute|p1a: Hatterene
|-start|p1a: Hatterene|Substitute
|-damage|p1a: Hatterene|76/100
|
|-heal|p1a: Hatterene|82/100|[from] item: Leftovers
|-heal|p1a: Hatterene|88/100|[from] Ingrain
|upkeep
|turn|26
|
|t:|1641443625
|move|p2a: Calyrex|Astral Barrage|p1a: Hatterene
|-supereffective|p1a: Hatterene
|-end|p1a: Hatterene|Substitute
|move|p1a: Hatterene|Baton Pass|p1a: Hatterene
|
|t:|1641443633
|switch|p1a: Dubwool|Dubwool, F|100/100|[from]move: Baton Pass
|
|upkeep
|turn|27
|
|t:|1641443638
|move|p1a: Dubwool|Substitute|p1a: Dubwool
|-start|p1a: Dubwool|Substitute
|-damage|p1a: Dubwool|76/100
|move|p2a: Calyrex|Astral Barrage|p1a: Dubwool
|-immune|p1a: Dubwool
|
|-heal|p1a: Dubwool|82/100|[from] item: Leftovers
|-heal|p1a: Dubwool|88/100|[from] Ingrain
|upkeep
|turn|28
|
|t:|1641443649
|move|p1a: Dubwool|Baton Pass|p1a: Dubwool
|
|t:|1641443654
|switch|p1a: Hatterene|Hatterene, F|88/100|[from]move: Baton Pass
|move|p2a: Calyrex|Giga Drain|p1a: Hatterene|[miss]
|-miss|p2a: Calyrex|p1a: Hatterene
|
|-heal|p1a: Hatterene|94/100|[from] item: Leftovers
|-heal|p1a: Hatterene|99/100|[from] Ingrain
|upkeep
|turn|29
|
|t:|1641443664
|move|p2a: Calyrex|Astral Barrage|p1a: Hatterene
|-supereffective|p1a: Hatterene
|-end|p1a: Hatterene|Substitute
|move|p1a: Hatterene|Calm Mind|p1a: Hatterene
|-boost|p1a: Hatterene|spa|1
|-boost|p1a: Hatterene|spd|1
|
|-heal|p1a: Hatterene|100/100|[from] item: Leftovers
|upkeep
|turn|30
|
|t:|1641443674
|move|p2a: Calyrex|Astral Barrage|p1a: Hatterene|[miss]
|-miss|p2a: Calyrex|p1a: Hatterene
|move|p1a: Hatterene|Substitute|p1a: Hatterene
|-start|p1a: Hatterene|Substitute
|-damage|p1a: Hatterene|76/100
|
|-heal|p1a: Hatterene|82/100|[from] item: Leftovers
|-heal|p1a: Hatterene|88/100|[from] Ingrain
|upkeep
|turn|31
|
|t:|1641443685
|move|p2a: Calyrex|Astral Barrage|p1a: Hatterene|[miss]
|-miss|p2a: Calyrex|p1a: Hatterene
|move|p1a: Hatterene|Baton Pass|p1a: Hatterene
|
|t:|1641443688
|switch|p1a: Zubat|Zubat, M|100/100|[from]move: Baton Pass
|
|upkeep
|turn|32
|
|t:|1641443695
|move|p1a: Zubat|Leech Life|p2a: Calyrex
|-enditem|p2a: Calyrex|Focus Sash
|-damage|p2a: Calyrex|1/100
|-damage|p1a: Zubat|91/100|[from] item: Life Orb
|move|p2a: Calyrex|Astral Barrage|p1a: Zubat
|-end|p1a: Zubat|Substitute
|
|-heal|p1a: Zubat|96/100|[from] Ingrain
|upkeep
|turn|33
|
|t:|1641443710
|move|p1a: Zubat|Substitute|p1a: Zubat
|-start|p1a: Zubat|Substitute
|-damage|p1a: Zubat|72/100
|move|p2a: Calyrex|Astral Barrage|p1a: Zubat|[miss]
|-miss|p2a: Calyrex|p1a: Zubat
|
|-heal|p1a: Zubat|77/100|[from] Ingrain
|upkeep
|turn|34
|
|t:|1641443720
|move|p1a: Zubat|Dual Wingbeat|p2a: Calyrex
|-damage|p2a: Calyrex|0 fnt
|faint|p2a: Calyrex
|-hitcount|p2: Calyrex|1
|-damage|p1a: Zubat|67/100|[from] item: Life Orb
|
|-heal|p1a: Zubat|73/100|[from] Ingrain
|upkeep
|
|t:|1641443729
|switch|p2a: Zeraora|Zeraora|100/100
|turn|35
|
|t:|1641443734
|move|p1a: Zubat|Frustration|p2a: Zeraora
|-enditem|p2a: Zeraora|Focus Sash
|-damage|p2a: Zeraora|1/100
|-damage|p1a: Zubat|63/100|[from] item: Life Orb
|move|p2a: Zeraora|Plasma Fists|p1a: Zubat|[miss]
|-miss|p2a: Zeraora|p1a: Zubat
|
|-heal|p1a: Zubat|69/100|[from] Ingrain
|upkeep
|turn|36
|
|t:|1641443746
|move|p1a: Zubat|Frustration|p2a: Zeraora
|-damage|p2a: Zeraora|0 fnt
|faint|p2a: Zeraora
|-damage|p1a: Zubat|59/100|[from] item: Life Orb
|
|-heal|p1a: Zubat|65/100|[from] Ingrain
|upkeep
|inactive|Ashmit08 has 120 seconds left.
|
|t:|1641443782
|switch|p2a: Zacian|Zacian-Crowned|100/100
|-ability|p2a: Zacian|Intrepid Sword|boost
|-boost|p2a: Zacian|atk|1
|turn|37
|
|t:|1641443792
|move|p1a: Zubat|Frustration|p2a: Zacian
|-resisted|p2a: Zacian
|-damage|p2a: Zacian|51/100
|-damage|p1a: Zubat|55/100|[from] item: Life Orb
|move|p2a: Zacian|Play Rough|p1a: Zubat|[miss]
|-miss|p2a: Zacian|p1a: Zubat
|
|-heal|p1a: Zubat|61/100|[from] Ingrain
|upkeep
|turn|38
|inactive|Ashmit08 has 120 seconds left.
|-message|Ashmit08 forfeited.
|
|win|Pokeashbattle
|raw|Pokeashbattle's rating: 1333 &rarr; <strong>1354</strong><br />(+21 for winning)
|raw|Ashmit08's rating: 1357 &rarr; <strong>1336</strong><br />(-21 for losing)
|l|☆Ashmit08
