|j|☆xu7
|j|☆DarkboiJ
|t:|1665732249
|gametype|singles
|player|p1|xu7|steven|1778
|player|p2|DarkboiJ|blue-gen3two|1934
|teamsize|p1|6
|teamsize|p2|6
|gen|8
|tier|[Gen 8] National Dex AG
|rated|
|rule|HP Percentage Mod: HP is shown in percentages
|rule|Endless Battle Clause: Forcing endless battles is banned
|clearpoke
|poke|p1|Ditto|
|poke|p1|Zacian-*|
|poke|p1|Marshadow|
|poke|p1|Kyogre|
|poke|p1|Rayquaza|
|poke|p1|Arceus-*|
|poke|p2|Necrozma-Dusk-Mane|
|poke|p2|Arceus-*|
|poke|p2|Ditto|
|poke|p2|Arceus-*|
|poke|p2|Arceus-*|
|poke|p2|Arceus-*|
|teampreview
|inactive|Battle timer is ON: inactive players will automatically lose when time's up. (requested by DarkboiJ)
|
|t:|1665732264
|start
|switch|p1a: Zacian|Zacian-Crowned, shiny|100/100
|switch|p2a: Arceus|Arceus-Fairy|100/100
|-ability|p1a: Zacian|Intrepid Sword|boost
|-boost|p1a: Zacian|atk|1
|turn|1
|j| Mijhead
|
|t:|1665732279
|switch|p2a: Arceus|Arceus|100/100
|move|p1a: Zacian|Crunch|p2a: Arceus
|-damage|p2a: Arceus|62/100
|
|-heal|p2a: Arceus|69/100|[from] item: Leftovers
|upkeep
|turn|2
|
|t:|1665732291
|move|p2a: Arceus|Whirlpool|p1a: Zacian
|-damage|p1a: Zacian|93/100
|-activate|p1a: Zacian|move: Whirlpool|[of] p2a: Arceus
|move|p1a: Zacian|Behemoth Blade|p2a: Arceus
|-damage|p2a: Arceus|0 fnt
|faint|p2a: Arceus
|
|-end|p1a: Zacian|Whirlpool|[partiallytrapped]|[silent]
|upkeep
|
|t:|1665732301
|switch|p2a: Arceus|Arceus-Ground|100/100
|turn|3
|
|t:|1665732316
|move|p2a: Arceus|Judgment|p1a: Zacian
|-supereffective|p1a: Zacian
|-damage|p1a: Zacian|0 fnt
|faint|p1a: Zacian
|
|upkeep
|
|t:|1665732325
|switch|p1a: Rayquaza|Rayquaza|100/100
|-ability|p1a: Rayquaza|Air Lock
|turn|4
|
|t:|1665732332
|detailschange|p1a: Rayquaza|Rayquaza-Mega
|-mega|p1a: Rayquaza|Rayquaza|
|-weather|DeltaStream|[from] ability: Delta Stream|[of] p1a: Rayquaza
|move|p2a: Arceus|Will-O-Wisp|p1a: Rayquaza
|-status|p1a: Rayquaza|brn
|move|p1a: Rayquaza|Scale Shot|p2a: Arceus
|-damage|p2a: Arceus|91/100
|-damage|p2a: Arceus|82/100
|-damage|p2a: Arceus|73/100
|-hitcount|p2a: Arceus|3
|-unboost|p1a: Rayquaza|def|1
|-boost|p1a: Rayquaza|spe|1
|-damage|p1a: Rayquaza|91/100 brn|[from] item: Life Orb
|
|-weather|DeltaStream|[upkeep]
|-damage|p1a: Rayquaza|84/100 brn|[from] brn
|upkeep
|turn|5
|
|t:|1665732350
|move|p1a: Rayquaza|Dragon Ascent|p2a: Arceus
|-damage|p2a: Arceus|26/100
|-unboost|p1a: Rayquaza|def|1
|-unboost|p1a: Rayquaza|spd|1
|-damage|p1a: Rayquaza|74/100 brn|[from] item: Life Orb
|move|p2a: Arceus|Recover|p2a: Arceus
|-heal|p2a: Arceus|76/100
|
|-weather|DeltaStream|[upkeep]
|-damage|p1a: Rayquaza|68/100 brn|[from] brn
|upkeep
|turn|6
|
|t:|1665732363
|move|p1a: Rayquaza|Dragon Ascent|p2a: Arceus
|-damage|p2a: Arceus|33/100
|-unboost|p1a: Rayquaza|def|1
|-unboost|p1a: Rayquaza|spd|1
|-damage|p1a: Rayquaza|58/100 brn|[from] item: Life Orb
|move|p2a: Arceus|Ice Beam|p1a: Rayquaza
|-activate||deltastream
|-supereffective|p1a: Rayquaza
|-damage|p1a: Rayquaza|0 fnt
|faint|p1a: Rayquaza
|-weather|none
|
|upkeep
|
|t:|1665732379
|switch|p1a: Arceus|Arceus-Ground|100/100
|turn|7
|
|t:|1665732383
|move|p2a: Arceus|Will-O-Wisp|p1a: Arceus
|-status|p1a: Arceus|brn
|move|p1a: Arceus|Earth Power|p2a: Arceus
|-damage|p2a: Arceus|0 fnt
|faint|p2a: Arceus
|
|-damage|p1a: Arceus|94/100 brn|[from] brn
|upkeep
|
|t:|1665732388
|switch|p2a: Arceus|Arceus-Fairy|100/100
|turn|8
|
|t:|1665732397
|move|p1a: Arceus|Thunder Wave|p2a: Arceus
|-status|p2a: Arceus|par
|move|p2a: Arceus|Judgment|p1a: Arceus
|-damage|p1a: Arceus|61/100 brn
|
|-damage|p1a: Arceus|55/100 brn|[from] brn
|upkeep
|turn|9
|
|t:|1665732406
|move|p1a: Arceus|Earth Power|p2a: Arceus
|-damage|p2a: Arceus|72/100 par
|cant|p2a: Arceus|par
|
|-damage|p1a: Arceus|49/100 brn|[from] brn
|upkeep
|turn|10
|
|t:|1665732419
|switch|p1a: Kyogre|Kyogre|100/100
|detailschange|p1a: Kyogre|Kyogre-Primal
|-primal|p1a: Kyogre
|-weather|PrimordialSea|[from] ability: Primordial Sea|[of] p1a: Kyogre
|move|p2a: Arceus|Stealth Rock|p1a: Kyogre
|-sidestart|p1: xu7|move: Stealth Rock
|
|-weather|PrimordialSea|[upkeep]
|upkeep
|turn|11
|
|t:|1665732430
|move|p1a: Kyogre|Water Spout|p2a: Arceus
|-damage|p2a: Arceus|0 fnt
|faint|p2a: Arceus
|
|-weather|PrimordialSea|[upkeep]
|upkeep
|
|t:|1665732434
|switch|p2a: Ditto|Ditto, shiny|100/100
|-transform|p2a: Ditto|p1a: Kyogre|[from] ability: Imposter
|turn|12
|
|t:|1665732440
|move|p2a: Ditto|Water Spout|p1a: Kyogre
|-resisted|p1a: Kyogre
|-damage|p1a: Kyogre|51/100
|move|p1a: Kyogre|Thunder|p2a: Ditto
|-supereffective|p2a: Ditto
|-damage|p2a: Ditto|24/100
|
|-weather|PrimordialSea|[upkeep]
|upkeep
|turn|13
|
|t:|1665732452
|switch|p2a: Arceus|Arceus|100/100
|move|p1a: Kyogre|Thunder|p2a: Arceus
|-damage|p2a: Arceus|65/100
|
|-weather|PrimordialSea|[upkeep]
|upkeep
|turn|14
|
|t:|1665732464
|move|p2a: Arceus|Extreme Speed|p1a: Kyogre
|-damage|p1a: Kyogre|13/100
|move|p1a: Kyogre|Origin Pulse|p2a: Arceus
|-damage|p2a: Arceus|0 fnt
|faint|p2a: Arceus
|
|-weather|PrimordialSea|[upkeep]
|upkeep
|
|t:|1665732471
|switch|p2a: Ditto|Ditto, shiny|24/100
|-transform|p2a: Ditto|p1a: Kyogre|[from] ability: Imposter
|turn|15
|
|t:|1665732501
|switch|p1a: Ditto|Ditto|100/100
|-damage|p1a: Ditto|88/100|[from] Stealth Rock
|move|p2a: Ditto|Origin Pulse|p1a: Ditto
|-crit|p1a: Ditto
|-damage|p1a: Ditto|0 fnt
|faint|p1a: Ditto
|
|-weather|PrimordialSea|[upkeep]
|upkeep
|inactive|xu7 has 120 seconds left.
|
|t:|1665732515
|switch|p1a: Arceus|Arceus-Ground|49/100 brn
|-damage|p1a: Arceus|43/100 brn|[from] Stealth Rock
|turn|16
|
|t:|1665732522
|-start|p1a: Arceus|Dynamax|
|-heal|p1a: Arceus|43/100 brn|[silent]
|move|p1a: Arceus|Max Quake|p2a: Ditto
|-damage|p2a: Ditto|0 fnt
|-boost|p1a: Arceus|spd|1
|faint|p2a: Ditto
|-weather|none
|
|-damage|p1a: Arceus|40/100 brn|[from] brn
|upkeep
|
|t:|1665732533
|switch|p2a: Necrozma|Necrozma-Dusk-Mane|100/100
|turn|17
|
|t:|1665732538
|-start|p2a: Necrozma|Dynamax|
|-heal|p2a: Necrozma|100/100|[silent]
|move|p1a: Arceus|Max Quake|p2a: Necrozma
|-supereffective|p2a: Necrozma
|-damage|p2a: Necrozma|55/100
|-boost|p1a: Arceus|spd|1
|-enditem|p2a: Necrozma|Weakness Policy
|-boost|p2a: Necrozma|atk|2|[from] item: Weakness Policy
|-boost|p2a: Necrozma|spa|2|[from] item: Weakness Policy
|move|p2a: Necrozma|Max Steelspike|p1a: Arceus
|-damage|p1a: Arceus|0 fnt
|-boost|p2a: Necrozma|def|1
|faint|p1a: Arceus
|
|upkeep
|
|t:|1665732556
|switch|p1a: Kyogre|Kyogre-Primal|13/100
|-damage|p1a: Kyogre|0 fnt|[from] Stealth Rock
|faint|p1a: Kyogre
|
|t:|1665732560
|switch|p1a: Marshadow|Marshadow|100/100
|-damage|p1a: Marshadow|94/100|[from] Stealth Rock
|turn|18
|
|t:|1665732566
|move|p1a: Marshadow|Spectral Thief||[still]
|-clearpositiveboost|p2a: Necrozma|p1a: Marshadow|move: Spectral Thief
|-boost|p1a: Marshadow|atk|2
|-boost|p1a: Marshadow|def|1
|-boost|p1a: Marshadow|spa|2
|-anim|p1a: Marshadow|Spectral Thief|p2a: Necrozma
|-supereffective|p2a: Necrozma
|-damage|p2a: Necrozma|18/100
|move|p2a: Necrozma|Max Mindstorm|p1a: Marshadow
|-supereffective|p1a: Marshadow
|-crit|p1a: Marshadow
|-damage|p1a: Marshadow|0 fnt
|-fieldstart|move: Psychic Terrain
|faint|p1a: Marshadow
|
|win|DarkboiJ
|raw|xu7's rating: 1778 &rarr; <strong>1766</strong><br />(-12 for losing)
|raw|DarkboiJ's rating: 1934 &rarr; <strong>1946</strong><br />(+12 for winning)
|l|☆xu7
