|j|☆frostcrush
|j|☆AdsAreVeryAnnoying
|t:|1661514315
|gametype|singles
|player|p1|frostcrush|169|1570
|player|p2|AdsAreVeryAnnoying|doctor|1436
|teamsize|p1|6
|teamsize|p2|6
|gen|8
|tier|[Gen 8] National Dex AG
|rated|
|rule|HP Percentage Mod: HP is shown in percentages
|rule|Endless Battle Clause: Forcing endless battles is banned
|clearpoke
|poke|p1|Arceus-*|
|poke|p1|Calyrex-Shadow|
|poke|p1|Deoxys-Attack|
|poke|p1|Forretress, F|
|poke|p1|Marshadow|
|poke|p1|Mewtwo|
|poke|p2|Marshadow|
|poke|p2|Rayquaza|
|poke|p2|Zacian-*|
|poke|p2|Deoxys-Speed|
|poke|p2|Necrozma-Dusk-Mane|
|poke|p2|Calyrex-Shadow|
|teampreview
|l|☆AdsAreVeryAnnoying
|player|p2|
|inactive|Battle timer is ON: inactive players will automatically lose when time's up. (requested by frostcrush)
|j|☆AdsAreVeryAnnoying
|inactive|AdsAreVeryAnnoying reconnected and has 150 seconds left.
|player|p2|AdsAreVeryAnnoying|doctor
|
|t:|1661514341
|start
|switch|p1a: Forretress|Forretress, F|100/100
|switch|p2a: Fast as fuck boi|Deoxys-Speed|100/100
|-ability|p2a: Fast as fuck boi|Pressure
|turn|1
|
|t:|1661514349
|move|p2a: Fast as fuck boi|Taunt|p1a: Forretress
|-start|p1a: Forretress|move: Taunt
|move|p1a: Forretress|Gyro Ball|p2a: Fast as fuck boi
|-damage|p2a: Fast as fuck boi|16/100
|
|upkeep
|turn|2
|
|t:|1661514357
|move|p2a: Fast as fuck boi|Stealth Rock|p1a: Forretress
|-sidestart|p1: frostcrush|move: Stealth Rock
|move|p1a: Forretress|Gyro Ball|p2a: Fast as fuck boi
|-crit|p2a: Fast as fuck boi
|-damage|p2a: Fast as fuck boi|0 fnt
|faint|p2a: Fast as fuck boi
|
|upkeep
|
|t:|1661514372
|switch|p2a: Bob ross|Necrozma-Dusk-Mane|100/100
|turn|3
|
|t:|1661514377
|move|p2a: Bob ross|Cosmic Power|p2a: Bob ross
|-boost|p2a: Bob ross|def|1
|-boost|p2a: Bob ross|spd|1
|move|p1a: Forretress|Rapid Spin|p2a: Bob ross
|-resisted|p2a: Bob ross
|-damage|p2a: Bob ross|96/100
|-boost|p1a: Forretress|spe|1
|-sideend|p1: frostcrush|Stealth Rock|[from] move: Rapid Spin|[of] p1a: Forretress
|
|-end|p1a: Forretress|move: Taunt
|upkeep
|turn|4
|
|t:|1661514389
|move|p2a: Bob ross|Dragon Dance|p2a: Bob ross
|-boost|p2a: Bob ross|atk|1
|-boost|p2a: Bob ross|spe|1
|move|p1a: Forretress|Stealth Rock|p2a: Bob ross
|-sidestart|p2: AdsAreVeryAnnoying|move: Stealth Rock
|
|upkeep
|turn|5
|
|t:|1661514396
|move|p2a: Bob ross|Dragon Dance|p2a: Bob ross
|-boost|p2a: Bob ross|atk|1
|-boost|p2a: Bob ross|spe|1
|move|p1a: Forretress|Gyro Ball|p2a: Bob ross
|-resisted|p2a: Bob ross
|-damage|p2a: Bob ross|81/100
|
|upkeep
|turn|6
|
|t:|1661514414
|move|p2a: Bob ross|Sunsteel Strike|p1a: Forretress
|-resisted|p1a: Forretress
|-damage|p1a: Forretress|51/100
|move|p1a: Forretress|Gyro Ball|p2a: Bob ross
|-resisted|p2a: Bob ross
|-damage|p2a: Bob ross|66/100
|
|upkeep
|turn|7
|
|t:|1661514418
|move|p2a: Bob ross|Dragon Dance|p2a: Bob ross
|-boost|p2a: Bob ross|atk|1
|-boost|p2a: Bob ross|spe|1
|move|p1a: Forretress|Explosion|p2a: Bob ross
|-resisted|p2a: Bob ross
|-damage|p2a: Bob ross|47/100
|faint|p1a: Forretress
|
|upkeep
|
|t:|1661514427
|switch|p1a: Marshadow|Marshadow|100/100
|turn|8
|
|t:|1661514437
|move|p2a: Bob ross|Psychic Fangs|p1a: Marshadow
|-supereffective|p1a: Marshadow
|-enditem|p1a: Marshadow|Focus Sash
|-damage|p1a: Marshadow|1/100
|move|p1a: Marshadow|Spectral Thief||[still]
|-clearpositiveboost|p2a: Bob ross|p1a: Marshadow|move: Spectral Thief
|-boost|p1a: Marshadow|atk|3
|-boost|p1a: Marshadow|def|1
|-boost|p1a: Marshadow|spd|1
|-boost|p1a: Marshadow|spe|3
|-anim|p1a: Marshadow|Spectral Thief|p2a: Bob ross
|-supereffective|p2a: Bob ross
|-damage|p2a: Bob ross|0 fnt
|faint|p2a: Bob ross
|
|upkeep
|
|t:|1661514448
|switch|p2a: Yes|Marshadow|100/100
|-damage|p2a: Yes|94/100|[from] Stealth Rock
|turn|9
|
|t:|1661514452
|move|p1a: Marshadow|Shadow Sneak|p2a: Yes
|-supereffective|p2a: Yes
|-damage|p2a: Yes|0 fnt
|faint|p2a: Yes
|
|upkeep
|c|☆frostcrush|lol
|
|t:|1661514465
|switch|p2a: Banned From Gen8AG|Zacian-Crowned|100/100
|-damage|p2a: Banned From Gen8AG|94/100|[from] Stealth Rock
|-ability|p2a: Banned From Gen8AG|Intrepid Sword|boost
|-boost|p2a: Banned From Gen8AG|atk|1
|turn|10
|
|t:|1661514472
|move|p1a: Marshadow|Spectral Thief||[still]
|-clearpositiveboost|p2a: Banned From Gen8AG|p1a: Marshadow|move: Spectral Thief
|-boost|p1a: Marshadow|atk|1
|-anim|p1a: Marshadow|Spectral Thief|p2a: Banned From Gen8AG
|-damage|p2a: Banned From Gen8AG|0 fnt
|faint|p2a: Banned From Gen8AG
|
|upkeep
|
|t:|1661514476
|switch|p2a: Grand National|Calyrex-Shadow|100/100
|-ability|p2a: Grand National|As One
|-ability|p2a: Grand National|Unnerve
|-damage|p2a: Grand National|88/100|[from] Stealth Rock
|turn|11
|
|t:|1661514481
|-start|p2a: Grand National|Dynamax|
|-heal|p2a: Grand National|88/100|[silent]
|move|p1a: Marshadow|Shadow Sneak|p2a: Grand National
|-supereffective|p2a: Grand National
|-damage|p2a: Grand National|0 fnt
|faint|p2a: Grand National
|
|upkeep
|
|t:|1661514483
|switch|p2a: Banned from Gen6AG|Rayquaza|100/100
|-damage|p2a: Banned from Gen6AG|76/100|[from] Stealth Rock
|-ability|p2a: Banned from Gen6AG|Air Lock
|turn|12
|
|t:|1661514486
|detailschange|p2a: Banned from Gen6AG|Rayquaza-Mega
|-mega|p2a: Banned from Gen6AG|Rayquaza|
|-weather|DeltaStream|[from] ability: Delta Stream|[of] p2a: Banned from Gen6AG
|move|p1a: Marshadow|Shadow Sneak|p2a: Banned from Gen6AG
|-damage|p2a: Banned from Gen6AG|0 fnt
|faint|p2a: Banned from Gen6AG
|-weather|none
|
|win|frostcrush
|raw|frostcrush's rating: 1570 &rarr; <strong>1583</strong><br />(+13 for winning)
|raw|AdsAreVeryAnnoying's rating: 1436 &rarr; <strong>1423</strong><br />(-13 for losing)
