|j|☆Naofumi_Bakugo_Jax
|j|☆DJ Phoenix da Poet
|t:|1668307656
|gametype|singles
|player|p1|Naofumi_Bakugo_Jax|169|1840
|player|p2|DJ Phoenix da Poet|hilbert|1830
|teamsize|p1|6
|teamsize|p2|6
|gen|8
|tier|[Gen 8] National Dex AG
|rated|
|rule|HP Percentage Mod: HP is shown in percentages
|rule|Endless Battle Clause: Forcing endless battles is banned
|clearpoke
|poke|p1|Kyogre|
|poke|p1|Yveltal|
|poke|p1|Calyrex-Shadow|
|poke|p1|Swampert, F|
|poke|p1|Arceus-*|
|poke|p1|Zacian-*|
|poke|p2|Groudon|
|poke|p2|Yveltal|
|poke|p2|Calyrex-Shadow|
|poke|p2|Necrozma-Dusk-Mane|
|poke|p2|Ditto|
|poke|p2|Zacian-*|
|teampreview
|
|t:|1668307670
|start
|switch|p1a: Calyrex|Calyrex-Shadow|100/100
|switch|p2a: Yveltal|Yveltal|100/100
|-ability|p1a: Calyrex|As One
|-ability|p1a: Calyrex|Unnerve
|-ability|p2a: Yveltal|Dark Aura
|turn|1
|
|t:|1668307683
|switch|p1a: Yveltal|Yveltal, shiny|100/100
|-ability|p1a: Yveltal|Dark Aura
|move|p2a: Yveltal|Dark Pulse|p1a: Yveltal
|-resisted|p1a: Yveltal
|-damage|p1a: Yveltal|69/100
|-damage|p2a: Yveltal|91/100|[from] item: Life Orb
|
|upkeep
|turn|2
|
|t:|1668307697
|switch|p2a: Necrozma|Necrozma-Dusk-Mane|100/100
|move|p1a: Yveltal|Tailwind|p1a: Yveltal
|-sidestart|p1: Naofumi_Bakugo_Jax|move: Tailwind
|
|upkeep
|turn|3
|
|t:|1668307703
|-start|p1a: Yveltal|Dynamax|
|-heal|p1a: Yveltal|69/100|[silent]
|move|p1a: Yveltal|Max Darkness|p2a: Necrozma
|-supereffective|p2a: Necrozma
|-damage|p2a: Necrozma|0 fnt
|faint|p2a: Necrozma
|
|upkeep
|
|t:|1668307708
|switch|p2a: Zacian|Zacian-Crowned|100/100
|-ability|p2a: Zacian|Intrepid Sword|boost
|-boost|p2a: Zacian|atk|1
|turn|4
|j| sedffvfvf
|
|t:|1668307736
|-end|p1a: Yveltal|Dynamax
|-heal|p1a: Yveltal|69/100|[silent]
|switch|p1a: Arceus|Arceus, shiny|100/100
|move|p2a: Zacian|Behemoth Blade|p1a: Arceus
|-damage|p1a: Arceus|40/100
|
|upkeep
|turn|5
|
|t:|1668307743
|move|p1a: Arceus|Reflect|p1a: Arceus
|-sidestart|p1: Naofumi_Bakugo_Jax|Reflect
|move|p2a: Zacian|Behemoth Blade|p1a: Arceus
|-damage|p1a: Arceus|11/100
|
|-sideend|p1: Naofumi_Bakugo_Jax|move: Tailwind
|upkeep
|turn|6
|l|☆DJ Phoenix da Poet
|player|p2|
|j|☆DJ Phoenix da Poet
|player|p2|DJ Phoenix da Poet|hilbert
|
|t:|1668307769
|switch|p1a: Kyogre|Kyogre|100/100
|-weather|RainDance|[from] ability: Drizzle|[of] p1a: Kyogre
|move|p2a: Zacian|Behemoth Blade|p1a: Kyogre
|-resisted|p1a: Kyogre
|-damage|p1a: Kyogre|79/100
|
|-weather|RainDance|[upkeep]
|upkeep
|turn|7
|
|t:|1668307779
|switch|p2a: Groudon|Groudon|100/100
|detailschange|p2a: Groudon|Groudon-Primal
|-primal|p2a: Groudon
|-weather|DesolateLand|[from] ability: Desolate Land|[of] p2a: Groudon
|move|p1a: Kyogre|Ice Beam|p2a: Groudon
|-damage|p2a: Groudon|61/100
|
|-weather|DesolateLand|[upkeep]
|upkeep
|turn|8
|
|t:|1668307784
|move|p1a: Kyogre|Ice Beam|p2a: Groudon
|-damage|p2a: Groudon|20/100
|move|p2a: Groudon|Earthquake|p1a: Kyogre
|-damage|p1a: Kyogre|51/100
|
|-weather|DesolateLand|[upkeep]
|upkeep
|turn|9
|
|t:|1668307790
|move|p1a: Kyogre|Ice Beam|p2a: Groudon
|-damage|p2a: Groudon|0 fnt
|faint|p2a: Groudon
|-weather|none
|
|upkeep
|
|t:|1668307797
|switch|p2a: Ditto|Ditto|100/100
|-transform|p2a: Ditto|p1a: Kyogre|[from] ability: Imposter
|-weather|RainDance|[from] ability: Drizzle|[of] p2a: Ditto
|turn|10
|l|☆DJ Phoenix da Poet
|player|p2|
|
|t:|1668307841
|switch|p1a: Yveltal|Yveltal, shiny|69/100
|-ability|p1a: Yveltal|Dark Aura
|move|p2a: Ditto|Origin Pulse|p1a: Yveltal
|-damage|p1a: Yveltal|0 fnt
|faint|p1a: Yveltal
|
|-weather|RainDance|[upkeep]
|upkeep
|j|☆DJ Phoenix da Poet
|player|p2|DJ Phoenix da Poet|hilbert
|
|t:|1668307856
|switch|p1a: Swampert|Swampert, F|100/100
|turn|11
|
|t:|1668307866
|switch|p2a: Yveltal|Yveltal|91/100
|-ability|p2a: Yveltal|Dark Aura
|detailschange|p1a: Swampert|Swampert-Mega, F
|-mega|p1a: Swampert|Swampert|Swampertite
|move|p1a: Swampert|Yawn|p2a: Yveltal
|-start|p2a: Yveltal|move: Yawn|[of] p1a: Swampert
|
|-weather|RainDance|[upkeep]
|upkeep
|turn|12
|
|t:|1668307878
|switch|p2a: Ditto|Ditto|100/100
|-transform|p2a: Ditto|p1a: Swampert|[from] ability: Imposter
|move|p1a: Swampert|Liquidation|p2a: Ditto
|-damage|p2a: Ditto|3/100
|
|-weather|RainDance|[upkeep]
|-sideend|p1: Naofumi_Bakugo_Jax|Reflect
|upkeep
|turn|13
|
|t:|1668307892
|move|p1a: Swampert|Liquidation|p2a: Ditto
|-crit|p2a: Ditto
|-damage|p2a: Ditto|0 fnt
|faint|p2a: Ditto
|
|-weather|RainDance|[upkeep]
|upkeep
|
|t:|1668307900
|switch|p2a: Calyrex|Calyrex-Shadow|100/100
|-ability|p2a: Calyrex|As One
|-ability|p2a: Calyrex|Unnerve
|turn|14
|
|t:|1668307930
|move|p1a: Swampert|Liquidation|p2a: Calyrex
|-damage|p2a: Calyrex|1/100
|-unboost|p2a: Calyrex|def|1
|move|p2a: Calyrex|Nasty Plot|p2a: Calyrex
|-boost|p2a: Calyrex|spa|2
|
|-weather|none
|upkeep
|turn|15
|
|t:|1668307953
|switch|p1a: Kyogre|Kyogre|51/100
|-weather|RainDance|[from] ability: Drizzle|[of] p1a: Kyogre
|move|p2a: Calyrex|Baton Pass|p2a: Calyrex
|
|t:|1668307957
|switch|p2a: Yveltal|Yveltal|91/100|[from]move: Baton Pass
|-ability|p2a: Yveltal|Dark Aura
|
|-weather|RainDance|[upkeep]
|upkeep
|turn|16
|
|t:|1668307964
|-start|p2a: Yveltal|Dynamax|
|-heal|p2a: Yveltal|91/100|[silent]
|move|p2a: Yveltal|Max Airstream|p1a: Kyogre
|-damage|p1a: Kyogre|0 fnt
|-boost|p2a: Yveltal|spe|1
|faint|p1a: Kyogre
|-damage|p2a: Yveltal|86/100|[from] item: Life Orb
|
|-weather|RainDance|[upkeep]
|upkeep
|l|☆DJ Phoenix da Poet
|player|p2|
|
|t:|1668308001
|switch|p1a: Zacian|Zacian-Crowned|100/100
|-ability|p1a: Zacian|Intrepid Sword|boost
|-boost|p1a: Zacian|atk|1
|turn|17
|j|☆DJ Phoenix da Poet
|player|p2|DJ Phoenix da Poet|hilbert
|
|t:|1668308016
|move|p2a: Yveltal|Max Darkness|p1a: Zacian
|-resisted|p1a: Zacian
|-damage|p1a: Zacian|14/100
|-unboost|p1a: Zacian|spd|1
|-damage|p2a: Yveltal|81/100|[from] item: Life Orb
|move|p1a: Zacian|Behemoth Blade|p2a: Yveltal
|-damage|p2a: Yveltal|0 fnt
|faint|p2a: Yveltal
|
|-weather|RainDance|[upkeep]
|upkeep
|
|t:|1668308025
|switch|p2a: Zacian|Zacian-Crowned|100/100
|-ability|p2a: Zacian|Intrepid Sword|boost
|-boost|p2a: Zacian|atk|1
|turn|18
|
|t:|1668308042
|move|p2a: Zacian|Behemoth Blade|p1a: Zacian
|-damage|p1a: Zacian|0 fnt
|faint|p1a: Zacian
|
|-weather|RainDance|[upkeep]
|upkeep
|
|t:|1668308043
|switch|p1a: Swampert|Swampert-Mega, F|100/100
|turn|19
|
|t:|1668308049
|switch|p2a: Calyrex|Calyrex-Shadow|1/100
|-ability|p2a: Calyrex|As One
|-ability|p2a: Calyrex|Unnerve
|move|p1a: Swampert|Earthquake|p2a: Calyrex
|-damage|p2a: Calyrex|0 fnt
|faint|p2a: Calyrex
|
|-weather|none
|upkeep
|
|t:|1668308051
|switch|p2a: Zacian|Zacian-Crowned|100/100
|-ability|p2a: Zacian|Intrepid Sword|boost
|-boost|p2a: Zacian|atk|1
|turn|20
|
|t:|1668308057
|move|p2a: Zacian|Play Rough|p1a: Swampert
|-damage|p1a: Swampert|29/100
|move|p1a: Swampert|Earthquake|p2a: Zacian
|-supereffective|p2a: Zacian
|-damage|p2a: Zacian|0 fnt
|faint|p2a: Zacian
|
|win|Naofumi_Bakugo_Jax
|raw|Naofumi_Bakugo_Jax's rating: 1840 &rarr; <strong>1859</strong><br />(+19 for winning)
|raw|DJ Phoenix da Poet's rating: 1830 &rarr; <strong>1811</strong><br />(-19 for losing)
|l|☆DJ Phoenix da Poet
||Ladder isn't responding, score probably updated but might not have (Request timeout).
|l| sedffvfvf
