|j|☆Blastoise_Steven96
|j|☆Ankit_Bharatula
|t:|1625630677
|gametype|singles
|player|p1|Blastoise_Steven96|morty|1326
|player|p2|Ankit_Bharatula|unknown|1284
|teamsize|p1|6
|teamsize|p2|6
|gen|8
|tier|[Gen 8] National Dex AG
|rated|
|rule|HP Percentage Mod: HP is shown in percentages
|rule|Endless Battle Clause: Forcing endless battles is banned
|clearpoke
|poke|p1|Corviknight, F|
|poke|p1|Zacian-*|
|poke|p1|Lucario, F|
|poke|p1|Magearna|
|poke|p1|Ferrothorn, F|
|poke|p1|Solgaleo|
|poke|p2|Rayquaza|
|poke|p2|Calyrex-Shadow|
|poke|p2|Shuckle, F|
|poke|p2|Arceus-*|
|poke|p2|Zacian-*|
|poke|p2|Zeraora|
|teampreview
|inactive|Battle timer is ON: inactive players will automatically lose when time's up. (requested by Ankit_Bharatula)
|
|t:|1625630688
|start
|switch|p1a: Corviknight|Corviknight, F|100/100
|switch|p2a: Arceus|Arceus|100/100
|-ability|p1a: Corviknight|Pressure
|turn|1
|
|t:|1625630694
|move|p2a: Arceus|Flamethrower|p1a: Corviknight
|-supereffective|p1a: Corviknight
|-damage|p1a: Corviknight|61/100
|move|p1a: Corviknight|Bulk Up|p1a: Corviknight
|-boost|p1a: Corviknight|atk|1
|-boost|p1a: Corviknight|def|1
|
|-heal|p1a: Corviknight|67/100|[from] item: Leftovers
|upkeep
|turn|2
|
|t:|1625630703
|move|p2a: Arceus|Flamethrower|p1a: Corviknight
|-supereffective|p1a: Corviknight
|-damage|p1a: Corviknight|24/100
|move|p1a: Corviknight|Roost|p1a: Corviknight
|-heal|p1a: Corviknight|74/100
|-singleturn|p1a: Corviknight|move: Roost
|
|-heal|p1a: Corviknight|80/100|[from] item: Leftovers
|upkeep
|turn|3
|
|t:|1625630713
|move|p2a: Arceus|Flamethrower|p1a: Corviknight
|-supereffective|p1a: Corviknight
|-damage|p1a: Corviknight|37/100
|move|p1a: Corviknight|Roost|p1a: Corviknight
|-heal|p1a: Corviknight|87/100
|-singleturn|p1a: Corviknight|move: Roost
|
|-heal|p1a: Corviknight|93/100|[from] item: Leftovers
|upkeep
|turn|4
|
|t:|1625630723
|move|p2a: Arceus|Calm Mind|p2a: Arceus
|-boost|p2a: Arceus|spa|1
|-boost|p2a: Arceus|spd|1
|move|p1a: Corviknight|Agility|p1a: Corviknight
|-boost|p1a: Corviknight|spe|2
|
|-heal|p1a: Corviknight|99/100|[from] item: Leftovers
|upkeep
|turn|5
|
|t:|1625630730
|move|p2a: Arceus|Calm Mind|p2a: Arceus
|-boost|p2a: Arceus|spa|1
|-boost|p2a: Arceus|spd|1
|move|p1a: Corviknight|Agility|p1a: Corviknight
|-boost|p1a: Corviknight|spe|2
|
|-heal|p1a: Corviknight|100/100|[from] item: Leftovers
|upkeep
|turn|6
|
|t:|1625630739
|move|p1a: Corviknight|Power Trip|p2a: Arceus
|-damage|p2a: Arceus|69/100
|move|p2a: Arceus|Flamethrower|p1a: Corviknight
|-supereffective|p1a: Corviknight
|-damage|p1a: Corviknight|16/100
|
|-heal|p1a: Corviknight|22/100|[from] item: Leftovers
|upkeep
|turn|7
|
|t:|1625630747
|move|p1a: Corviknight|Power Trip|p2a: Arceus
|-damage|p2a: Arceus|36/100
|move|p2a: Arceus|Flamethrower|p1a: Corviknight
|-supereffective|p1a: Corviknight
|-damage|p1a: Corviknight|0 fnt
|faint|p1a: Corviknight
|
|upkeep
|
|t:|1625630759
|switch|p1a: Zacian|Zacian-Crowned|100/100
|-ability|p1a: Zacian|Intrepid Sword|boost
|-boost|p1a: Zacian|atk|1
|turn|8
|
|t:|1625630771
|move|p1a: Zacian|Sacred Sword|p2a: Arceus
|-supereffective|p2a: Arceus
|-damage|p2a: Arceus|0 fnt
|faint|p2a: Arceus
|
|upkeep
|
|t:|1625630782
|switch|p2a: Shuckle|Shuckle, F|100/100
|turn|9
|
|t:|1625630786
|move|p1a: Zacian|Behemoth Blade|p2a: Shuckle
|-supereffective|p2a: Shuckle
|-ability|p2a: Shuckle|Sturdy
|-damage|p2a: Shuckle|1/100
|move|p2a: Shuckle|Sticky Web|p1a: Zacian
|-sidestart|p1: Blastoise_Steven96|move: Sticky Web
|
|-heal|p2a: Shuckle|7/100|[from] item: Leftovers
|upkeep
|turn|10
|
|t:|1625630794
|move|p1a: Zacian|Behemoth Blade|p2a: Shuckle
|-supereffective|p2a: Shuckle
|-damage|p2a: Shuckle|0 fnt
|faint|p2a: Shuckle
|
|upkeep
|
|t:|1625630803
|switch|p2a: Zeraora|Zeraora, shiny|100/100
|turn|11
|
|t:|1625630806
|move|p1a: Zacian|Play Rough|p2a: Zeraora
|-damage|p2a: Zeraora|8/100
|move|p2a: Zeraora|Blaze Kick|p1a: Zacian
|-supereffective|p1a: Zacian
|-damage|p1a: Zacian|64/100
|
|upkeep
|turn|12
|
|t:|1625630813
|move|p1a: Zacian|Behemoth Blade|p2a: Zeraora
|-resisted|p2a: Zeraora
|-damage|p2a: Zeraora|0 fnt
|faint|p2a: Zeraora
|
|upkeep
|
|t:|1625630821
|switch|p2a: Rayquaza|Rayquaza|100/100
|-ability|p2a: Rayquaza|Air Lock
|turn|13
|
|t:|1625630826
|detailschange|p2a: Rayquaza|Rayquaza-Mega
|-mega|p2a: Rayquaza|Rayquaza|
|-weather|DeltaStream|[from] ability: Delta Stream|[of] p2a: Rayquaza
|move|p1a: Zacian|Play Rough|p2a: Rayquaza|[miss]
|-miss|p1a: Zacian|p2a: Rayquaza
|move|p2a: Rayquaza|V-create|p1a: Zacian
|-supereffective|p1a: Zacian
|-damage|p1a: Zacian|0 fnt
|-unboost|p2a: Rayquaza|spe|1
|-unboost|p2a: Rayquaza|def|1
|-unboost|p2a: Rayquaza|spd|1
|-enditem|p2a: Rayquaza|White Herb
|-clearnegativeboost|p2a: Rayquaza|[silent]
|faint|p1a: Zacian
|
|-weather|DeltaStream|[upkeep]
|upkeep
|c|☆Blastoise_Steven96|Of course
|
|t:|1625630845
|switch|p1a: Lucario|Lucario, F|100/100
|-activate|p1a: Lucario|move: Sticky Web
|-unboost|p1a: Lucario|spe|1
|turn|14
|
|t:|1625630852
|switch|p1a: Ferrothorn|Ferrothorn, F|100/100
|-activate|p1a: Ferrothorn|move: Sticky Web
|-unboost|p1a: Ferrothorn|spe|1
|move|p2a: Rayquaza|V-create|p1a: Ferrothorn
|-supereffective|p1a: Ferrothorn
|-damage|p1a: Ferrothorn|0 fnt
|-unboost|p2a: Rayquaza|spe|1
|-unboost|p2a: Rayquaza|def|1
|-unboost|p2a: Rayquaza|spd|1
|-damage|p2a: Rayquaza|88/100|[from] ability: Iron Barbs|[of] p1a: Ferrothorn
|-damage|p2a: Rayquaza|72/100|[from] item: Rocky Helmet|[of] p1a: Ferrothorn
|faint|p1a: Ferrothorn
|
|-weather|DeltaStream|[upkeep]
|upkeep
|
|t:|1625630856
|switch|p1a: Solgaleo|Solgaleo|100/100
|-activate|p1a: Solgaleo|move: Sticky Web
|-fail|p1a: Solgaleo|unboost|[from] ability: Full Metal Body|[of] p1a: Solgaleo
|turn|15
|c|☆Ankit_Bharatula|Thought So
|
|t:|1625630872
|-weather|none
|switch|p2a: Calyrex|Calyrex-Shadow|100/100
|-ability|p2a: Calyrex|As One
|-ability|p2a: Calyrex|Unnerve
|-zpower|p1a: Solgaleo
|move|p1a: Solgaleo|Searing Sunraze Smash|p2a: Calyrex|[zeffect]
|-crit|p2a: Calyrex
|-damage|p2a: Calyrex|0 fnt
|faint|p2a: Calyrex
|
|upkeep
|
|t:|1625630887
|switch|p2a: Rayquaza|Rayquaza-Mega|72/100
|-weather|DeltaStream|[from] ability: Delta Stream|[of] p2a: Rayquaza
|turn|16
|
|t:|1625630892
|move|p2a: Rayquaza|V-create|p1a: Solgaleo
|-supereffective|p1a: Solgaleo
|-damage|p1a: Solgaleo|0 fnt
|-unboost|p2a: Rayquaza|spe|1
|-unboost|p2a: Rayquaza|def|1
|-unboost|p2a: Rayquaza|spd|1
|faint|p1a: Solgaleo
|
|-weather|DeltaStream|[upkeep]
|upkeep
|
|t:|1625630898
|switch|p1a: Magearna|Magearna|100/100
|-activate|p1a: Magearna|move: Sticky Web
|-unboost|p1a: Magearna|spe|1
|turn|17
|
|t:|1625630906
|move|p2a: Rayquaza|V-create|p1a: Magearna
|-supereffective|p1a: Magearna
|-enditem|p1a: Magearna|Focus Sash
|-damage|p1a: Magearna|1/100
|-unboost|p2a: Rayquaza|spe|1
|-unboost|p2a: Rayquaza|def|1
|-unboost|p2a: Rayquaza|spd|1
|move|p1a: Magearna|Shift Gear|p1a: Magearna
|-boost|p1a: Magearna|spe|2
|-boost|p1a: Magearna|atk|1
|
|-weather|DeltaStream|[upkeep]
|upkeep
|turn|18
|
|t:|1625630916
|move|p1a: Magearna|Draining Kiss|p2a: Rayquaza
|-supereffective|p2a: Rayquaza
|-damage|p2a: Rayquaza|0 fnt
|-heal|p1a: Magearna|63/100|[from] drain|[of] p2a: Rayquaza
|faint|p2a: Rayquaza
|-ability|p1a: Magearna|Soul-Heart|boost
|-boost|p1a: Magearna|spa|1
|-weather|none
|
|upkeep
|
|t:|1625630923
|switch|p2a: Zacian|Zacian-Crowned|100/100
|-ability|p2a: Zacian|Intrepid Sword|boost
|-boost|p2a: Zacian|atk|1
|turn|19
|
|t:|1625630931
|move|p2a: Zacian|Play Rough|p1a: Magearna
|-resisted|p1a: Magearna
|-damage|p1a: Magearna|21/100
|move|p1a: Magearna|Shift Gear|p1a: Magearna
|-boost|p1a: Magearna|spe|2
|-boost|p1a: Magearna|atk|1
|
|upkeep
|turn|20
|
|t:|1625630941
|move|p1a: Magearna|Stored Power|p2a: Zacian
|-resisted|p2a: Zacian
|-damage|p2a: Zacian|67/100
|move|p2a: Zacian|Behemoth Blade|p1a: Magearna
|-damage|p1a: Magearna|0 fnt
|faint|p1a: Magearna
|
|upkeep
|
|t:|1625630944
|switch|p1a: Lucario|Lucario, F|100/100
|-activate|p1a: Lucario|move: Sticky Web
|-unboost|p1a: Lucario|spe|1
|turn|21
|
|t:|1625630951
|detailschange|p1a: Lucario|Lucario-Mega, F
|-mega|p1a: Lucario|Lucario|Lucarionite
|move|p2a: Zacian|Close Combat|p1a: Lucario
|-supereffective|p1a: Lucario
|-damage|p1a: Lucario|0 fnt
|-unboost|p2a: Zacian|def|1
|-unboost|p2a: Zacian|spd|1
|faint|p1a: Lucario
|
|win|Ankit_Bharatula
|raw|Blastoise_Steven96's rating: 1326 &rarr; <strong>1304</strong><br />(-22 for losing)
|raw|Ankit_Bharatula's rating: 1284 &rarr; <strong>1312</strong><br />(+28 for winning)
|c|☆Blastoise_Steven96|If i didnt miss
|c|☆Ankit_Bharatula|You would have won
|l|☆Ankit_Bharatula
|c|☆Blastoise_Steven96|Yeah, why am i always so unlucky
