|j|☆IWSK
|j|☆Alain the expert
|t:|1620206759
|gametype|singles
|player|p1|IWSK|policeman-gen4|1610
|player|p2|Alain the expert|acetrainer-gen4dp|1897
|teamsize|p1|6
|teamsize|p2|6
|gen|8
|tier|[Gen 8] National Dex AG
|rated|
|clearpoke
|poke|p1|Ferrothorn, M|
|poke|p1|Groudon|
|poke|p1|Kyogre|
|poke|p1|Rayquaza|
|poke|p1|Xerneas|
|poke|p1|Zygarde|
|poke|p2|Xerneas|
|poke|p2|Zacian-Crowned|
|poke|p2|Arceus-*|
|poke|p2|Necrozma-Dusk-Mane|
|poke|p2|Rayquaza|
|poke|p2|Calyrex-Shadow|
|rule|HP Percentage Mod: HP is shown in percentages
|rule|Endless Battle Clause: Forcing endless battles is banned
|teampreview
|inactive|Battle timer is ON: inactive players will automatically lose when time's up. (requested by IWSK)
|
|t:|1620206790
|start
|switch|p1a: Groudon|Groudon|100/100
|switch|p2a: Rayquaza|Rayquaza|100/100
|-ability|p2a: Rayquaza|Air Lock
|detailschange|p1a: Groudon|Groudon-Primal
|-primal|p1a: Groudon
|-weather|DesolateLand|[from] ability: Desolate Land|[of] p1a: Groudon
|turn|1
|
|t:|1620206798
|detailschange|p2a: Rayquaza|Rayquaza-Mega
|-mega|p2a: Rayquaza|Rayquaza|
|-weather|DeltaStream|[from] ability: Delta Stream|[of] p2a: Rayquaza
|move|p2a: Rayquaza|Dragon Ascent|p1a: Groudon
|-damage|p1a: Groudon|53/100
|-unboost|p2a: Rayquaza|def|1
|-unboost|p2a: Rayquaza|spd|1
|-damage|p2a: Rayquaza|91/100|[from] item: Life Orb
|move|p1a: Groudon|Rock Tomb|p2a: Rayquaza
|-activate||deltastream
|-damage|p2a: Rayquaza|58/100
|-unboost|p2a: Rayquaza|spe|1
|
|-weather|DeltaStream|[upkeep]
|upkeep
|turn|2
|
|t:|1620206814
|move|p2a: Rayquaza|Dragon Ascent|p1a: Groudon
|-damage|p1a: Groudon|6/100
|-unboost|p2a: Rayquaza|def|1
|-unboost|p2a: Rayquaza|spd|1
|-damage|p2a: Rayquaza|48/100|[from] item: Life Orb
|move|p1a: Groudon|Rock Tomb|p2a: Rayquaza
|-activate||deltastream
|-damage|p2a: Rayquaza|0 fnt
|faint|p2a: Rayquaza
|-weather|none
|
|upkeep
|
|t:|1620206821
|switch|p2a: Zacian|Zacian-Crowned|100/100
|-ability|p2a: Zacian|Intrepid Sword|boost
|-boost|p2a: Zacian|atk|1
|turn|3
|
|t:|1620206828
|switch|p1a: Ferrothorn|Ferrothorn, M|100/100
|move|p2a: Zacian|Behemoth Blade|p1a: Ferrothorn
|-resisted|p1a: Ferrothorn
|-damage|p1a: Ferrothorn|65/100
|-damage|p2a: Zacian|88/100|[from] ability: Iron Barbs|[of] p1a: Ferrothorn
|
|-heal|p1a: Ferrothorn|71/100|[from] item: Leftovers
|upkeep
|turn|4
|
|t:|1620206837
|move|p2a: Zacian|Close Combat|p1a: Ferrothorn
|-supereffective|p1a: Ferrothorn
|-damage|p1a: Ferrothorn|0 fnt
|-unboost|p2a: Zacian|def|1
|-unboost|p2a: Zacian|spd|1
|-damage|p2a: Zacian|76/100|[from] ability: Iron Barbs|[of] p1a: Ferrothorn
|faint|p1a: Ferrothorn
|
|upkeep
|
|t:|1620206844
|switch|p1a: Zygarde|Zygarde|100/100
|turn|5
|
|t:|1620206851
|switch|p2a: Calyrex|Calyrex-Shadow|100/100
|-ability|p2a: Calyrex|As One
|-ability|p2a: Calyrex|Unnerve
|move|p1a: Zygarde|Glare|p2a: Calyrex
|-status|p2a: Calyrex|par
|
|upkeep
|turn|6
|j| Mak = ZekromLord
|
|t:|1620206862
|switch|p1a: Xerneas|Xerneas|100/100
|-ability|p1a: Xerneas|Fairy Aura
|move|p2a: Calyrex|Astral Barrage|p1a: Xerneas
|-damage|p1a: Xerneas|61/100
|
|-heal|p1a: Xerneas|67/100|[from] item: Leftovers
|upkeep
|turn|7
|
|t:|1620206873
|switch|p2a: Necrozma|Necrozma-Dusk-Mane|100/100
|move|p1a: Xerneas|Moonblast|p2a: Necrozma
|-resisted|p2a: Necrozma
|-damage|p2a: Necrozma|77/100
|
|-heal|p1a: Xerneas|73/100|[from] item: Leftovers
|upkeep
|turn|8
|
|t:|1620206881
|move|p1a: Xerneas|Thunder Wave|p2a: Necrozma
|-status|p2a: Necrozma|par
|move|p2a: Necrozma|Stealth Rock|p1a: Xerneas
|-sidestart|p1: IWSK|move: Stealth Rock
|
|-heal|p1a: Xerneas|79/100|[from] item: Leftovers
|upkeep
|turn|9
|
|t:|1620206888
|move|p1a: Xerneas|Defog|p2a: Necrozma
|-unboost|p2a: Necrozma|evasion|1
|-sideend|p1: IWSK|Stealth Rock|[from] move: Defog|[of] p1a: Xerneas
|cant|p2a: Necrozma|par
|
|-heal|p1a: Xerneas|86/100|[from] item: Leftovers
|upkeep
|turn|10
|
|t:|1620206898
|switch|p1a: Groudon|Groudon-Primal|6/100
|-weather|DesolateLand|[from] ability: Desolate Land|[of] p1a: Groudon
|switch|p2a: Zacian|Zacian-Crowned|76/100
|-ability|p2a: Zacian|Intrepid Sword|boost
|-boost|p2a: Zacian|atk|1
|
|-weather|DesolateLand|[upkeep]
|upkeep
|turn|11
|
|t:|1620206907
|move|p2a: Zacian|Behemoth Blade|p1a: Groudon
|-resisted|p1a: Groudon
|-damage|p1a: Groudon|0 fnt
|faint|p1a: Groudon
|-weather|none
|
|upkeep
|
|t:|1620206912
|switch|p1a: Zygarde|Zygarde|100/100
|turn|12
|
|t:|1620206926
|switch|p2a: Calyrex|Calyrex-Shadow|100/100 par
|-ability|p2a: Calyrex|As One
|-ability|p2a: Calyrex|Unnerve
|move|p1a: Zygarde|Glare|p2a: Calyrex
|-fail|p2a: Calyrex|par
|
|upkeep
|turn|13
|
|t:|1620206934
|switch|p1a: Xerneas|Xerneas|86/100
|-ability|p1a: Xerneas|Fairy Aura
|move|p2a: Calyrex|Astral Barrage|p1a: Xerneas
|-damage|p1a: Xerneas|42/100
|
|-heal|p1a: Xerneas|48/100|[from] item: Leftovers
|upkeep
|turn|14
|
|t:|1620206944
|switch|p1a: Kyogre|Kyogre|100/100
|-weather|RainDance|[from] ability: Drizzle|[of] p1a: Kyogre
|-zpower|p2a: Calyrex
|move|p2a: Calyrex|Bloom Doom|p1a: Kyogre|[zeffect]
|-supereffective|p1a: Kyogre
|-damage|p1a: Kyogre|0 fnt
|faint|p1a: Kyogre
|-ability|p2a: Calyrex|Grim Neigh|boost
|-boost|p2a: Calyrex|spa|1
|
|-weather|RainDance|[upkeep]
|upkeep
|-message|IWSK forfeited.
|
|win|Alain the expert
|raw|IWSK's rating: 1610 &rarr; <strong>1604</strong><br />(-6 for losing)
|raw|Alain the expert's rating: 1897 &rarr; <strong>1903</strong><br />(+6 for winning)
|l|☆IWSK
|l| Mak = ZekromLord
