|j|☆PM77Switch
|j|‽MasonEliwood
|t:|1626287359
|gametype|singles
|player|p1|PM77Switch|170|1593
|player|p2|MasonEliwood|n|1570
|teamsize|p1|6
|teamsize|p2|6
|gen|8
|tier|[Gen 8] National Dex AG
|rated|
|rule|HP Percentage Mod: HP is shown in percentages
|rule|Endless Battle Clause: Forcing endless battles is banned
|clearpoke
|poke|p1|Arceus-*|
|poke|p1|Groudon|
|poke|p1|Ditto|
|poke|p1|Mew|
|poke|p1|Landorus-Therian, M|
|poke|p1|Xerneas-*|
|poke|p2|Smeargle, F|
|poke|p2|Vivillon, M|
|poke|p2|Xerneas-*|
|poke|p2|Landorus-Therian, M|
|poke|p2|Arceus-*|
|poke|p2|Banette, M|
|teampreview
|inactive|Battle timer is ON: inactive players will automatically lose when time's up. (requested by PM77Switch)
|inactive|MasonEliwood also wants the timer to be on.
|
|t:|1626287378
|start
|switch|p1a: Mew|Mew, shiny|100/100
|switch|p2a: Smeargle|Smeargle, F|100/100
|turn|1
|
|t:|1626287384
|move|p1a: Mew|Stealth Rock|p2a: Smeargle
|-sidestart|p2: MasonEliwood|move: Stealth Rock
|move|p2a: Smeargle|Nuzzle|p1a: Mew
|-damage|p1a: Mew|97/100
|-status|p1a: Mew|par
|-activate|p1a: Mew|ability: Synchronize
|-status|p2a: Smeargle|par
|
|upkeep
|turn|2
|
|t:|1626287393
|cant|p1a: Mew|par
|cant|p2a: Smeargle|par
|
|upkeep
|turn|3
|
|t:|1626287398
|move|p1a: Mew|Flip Turn|p2a: Smeargle
|-damage|p2a: Smeargle|63/100 par
|
|t:|1626287403
|switch|p1a: Arceus|Arceus|100/100|[from]move: Flip Turn
|move|p2a: Smeargle|Rapid Spin|p1a: Arceus
|-damage|p1a: Arceus|89/100
|-boost|p2a: Smeargle|spe|1
|-sideend|p2: MasonEliwood|Stealth Rock|[from] move: Rapid Spin|[of] p2a: Smeargle
|
|upkeep
|turn|4
|
|t:|1626287413
|move|p1a: Arceus|Judgment|p2a: Smeargle
|-damage|p2a: Smeargle|0 fnt
|faint|p2a: Smeargle
|-damage|p1a: Arceus|79/100|[from] item: Life Orb
|
|upkeep
|
|t:|1626287424
|switch|p2a: Arceus|Arceus-Ghost|100/100
|turn|5
|
|t:|1626287433
|move|p1a: Arceus|Flamethrower|p2a: Arceus
|-damage|p2a: Arceus|69/100
|-damage|p1a: Arceus|69/100|[from] item: Life Orb
|move|p2a: Arceus|Swords Dance|p2a: Arceus
|-boost|p2a: Arceus|atk|2
|
|upkeep
|turn|6
|
|t:|1626287440
|move|p2a: Arceus|Extreme Speed|p1a: Arceus
|-damage|p1a: Arceus|26/100
|move|p1a: Arceus|Recover|p1a: Arceus
|-heal|p1a: Arceus|76/100
|
|upkeep
|turn|7
|
|t:|1626287451
|switch|p1a: Ditto|Ditto|100/100
|-transform|p1a: Ditto|p2a: Arceus|[from] ability: Imposter
|move|p2a: Arceus|Swords Dance|p2a: Arceus
|-boost|p2a: Arceus|atk|2
|
|upkeep
|turn|8
|
|t:|1626287459
|move|p1a: Ditto|Shadow Force||[still]
|-prepare|p1a: Ditto|Shadow Force
|move|p2a: Arceus|Shadow Force||[still]
|-prepare|p2a: Arceus|Shadow Force
|
|upkeep
|turn|9
|
|t:|1626287464
|move|p1a: Ditto|Shadow Force|p2a: Arceus|[from]lockedmove|[miss]
|-miss|p1a: Ditto|p2a: Arceus
|move|p2a: Arceus|Shadow Force|p1a: Ditto|[from]lockedmove
|-supereffective|p1a: Ditto
|-damage|p1a: Ditto|0 fnt
|faint|p1a: Ditto
|
|upkeep
|
|t:|1626287475
|switch|p1a: Mew|Mew, shiny|97/100 par
|turn|10
|
|t:|1626287481
|move|p2a: Arceus|Shadow Force||[still]
|-prepare|p2a: Arceus|Shadow Force
|move|p1a: Mew|Stealth Rock|p2a: Arceus
|-sidestart|p2: MasonEliwood|move: Stealth Rock
|
|upkeep
|turn|11
|
|t:|1626287485
|move|p2a: Arceus|Shadow Force|p1a: Mew|[from]lockedmove
|-supereffective|p1a: Mew
|-damage|p1a: Mew|0 fnt
|faint|p1a: Mew
|
|upkeep
|
|t:|1626287493
|switch|p1a: Arceus|Arceus|76/100
|turn|12
|j| Beatboxing_Phantom
|l| Beatboxing_Phantom
|
|t:|1626287504
|move|p1a: Arceus|Flamethrower|p2a: Arceus
|-damage|p2a: Arceus|37/100
|-status|p2a: Arceus|brn
|-damage|p1a: Arceus|66/100|[from] item: Life Orb
|move|p2a: Arceus|Swords Dance|p2a: Arceus
|-boost|p2a: Arceus|atk|2
|
|-damage|p2a: Arceus|31/100 brn|[from] brn
|upkeep
|turn|13
|
|t:|1626287516
|move|p1a: Arceus|Flamethrower|p2a: Arceus
|-damage|p2a: Arceus|1/100 brn
|-damage|p1a: Arceus|56/100|[from] item: Life Orb
|move|p2a: Arceus|Brick Break|p1a: Arceus
|-supereffective|p1a: Arceus
|-damage|p1a: Arceus|0 fnt
|faint|p1a: Arceus
|
|-damage|p2a: Arceus|0 fnt|[from] brn
|faint|p2a: Arceus
|upkeep
|
|t:|1626287534
|switch|p1a: Landorus|Landorus-Therian, M|100/100
|switch|p2a: Banette|Banette, M|100/100
|-ability|p1a: Landorus|Intimidate|boost
|-unboost|p2a: Banette|atk|1
|-damage|p2a: Banette|88/100|[from] Stealth Rock
|-item|p1a: Landorus|Flyinium Z|[from] ability: Frisk|[of] p2a: Banette|[identify]
|turn|14
|
|t:|1626287545
|detailschange|p2a: Banette|Banette-Mega, M
|-mega|p2a: Banette|Banette|Banettite
|move|p2a: Banette|Destiny Bond|p2a: Banette
|-singlemove|p2a: Banette|Destiny Bond
|move|p1a: Landorus|Earthquake|p2a: Banette
|-damage|p2a: Banette|18/100
|
|upkeep
|turn|15
|
|t:|1626287553
|switch|p2a: Landorus|Landorus-Therian, M|100/100
|-damage|p2a: Landorus|88/100|[from] Stealth Rock
|-ability|p2a: Landorus|Intimidate|boost
|-unboost|p1a: Landorus|atk|1
|move|p1a: Landorus|Earthquake|p2a: Landorus
|-immune|p2a: Landorus
|
|upkeep
|turn|16
|
|t:|1626287565
|move|p2a: Landorus|Swords Dance|p2a: Landorus
|-boost|p2a: Landorus|atk|2
|-zpower|p1a: Landorus
|move|p1a: Landorus|Supersonic Skystrike|p2a: Landorus|[zeffect]
|-damage|p2a: Landorus|17/100
|
|upkeep
|turn|17
|
|t:|1626287574
|move|p2a: Landorus|Explosion|p1a: Landorus
|-damage|p1a: Landorus|0 fnt
|faint|p2a: Landorus
|faint|p1a: Landorus
|
|upkeep
|
|t:|1626287579
|switch|p1a: Groudon|Groudon, shiny|100/100
|switch|p2a: Banette|Banette-Mega, M|18/100
|-damage|p2a: Banette|6/100|[from] Stealth Rock
|detailschange|p1a: Groudon|Groudon-Primal, shiny
|-primal|p1a: Groudon
|-weather|DesolateLand|[from] ability: Desolate Land|[of] p1a: Groudon
|turn|18
|
|t:|1626287589
|move|p2a: Banette|Destiny Bond|p2a: Banette
|-singlemove|p2a: Banette|Destiny Bond
|move|p1a: Groudon|Rock Polish|p1a: Groudon
|-boost|p1a: Groudon|spe|2
|
|-weather|DesolateLand|[upkeep]
|upkeep
|turn|19
|
|t:|1626287599
|move|p2a: Banette|Shadow Sneak|p1a: Groudon
|-damage|p1a: Groudon|82/100
|move|p1a: Groudon|Rock Polish|p1a: Groudon
|-boost|p1a: Groudon|spe|2
|
|-weather|DesolateLand|[upkeep]
|upkeep
|turn|20
|
|t:|1626287605
|move|p2a: Banette|Shadow Sneak|p1a: Groudon
|-damage|p1a: Groudon|63/100
|move|p1a: Groudon|Rock Polish|p1a: Groudon
|-boost|p1a: Groudon|spe|2
|
|-weather|DesolateLand|[upkeep]
|upkeep
|turn|21
|
|t:|1626287610
|move|p2a: Banette|Destiny Bond|p2a: Banette
|-singlemove|p2a: Banette|Destiny Bond
|move|p1a: Groudon|Heat Crash|p2a: Banette
|-damage|p2a: Banette|0 fnt
|faint|p2a: Banette
|-activate|p2a: Banette|move: Destiny Bond
|faint|p1a: Groudon
|-weather|none
|
|upkeep
|
|t:|1626287628
|switch|p1a: Xerneas|Xerneas, shiny|100/100
|switch|p2a: Vivillon|Vivillon, M|100/100
|-ability|p1a: Xerneas|Fairy Aura
|-damage|p2a: Vivillon|51/100|[from] Stealth Rock
|turn|22
|
|t:|1626287635
|move|p1a: Xerneas|Geomancy||[still]
|-prepare|p1a: Xerneas|Geomancy
|-enditem|p1a: Xerneas|Power Herb
|-anim|p1a: Xerneas|Geomancy|p1a: Xerneas
|-boost|p1a: Xerneas|spa|2
|-boost|p1a: Xerneas|spd|2
|-boost|p1a: Xerneas|spe|2
|move|p2a: Vivillon|Sleep Powder|p1a: Xerneas
|-status|p1a: Xerneas|slp|[from] move: Sleep Powder
|
|-heal|p2a: Vivillon|57/100|[from] item: Leftovers
|upkeep
|turn|23
|
|t:|1626287644
|cant|p1a: Xerneas|slp
|move|p2a: Vivillon|Substitute|p2a: Vivillon
|-start|p2a: Vivillon|Substitute
|-damage|p2a: Vivillon|32/100
|
|-heal|p2a: Vivillon|38/100|[from] item: Leftovers
|upkeep
|turn|24
|
|t:|1626287659
|cant|p1a: Xerneas|slp
|move|p2a: Vivillon|Quiver Dance|p2a: Vivillon
|-boost|p2a: Vivillon|spa|1
|-boost|p2a: Vivillon|spd|1
|-boost|p2a: Vivillon|spe|1
|
|-heal|p2a: Vivillon|44/100|[from] item: Leftovers
|upkeep
|turn|25
|
|t:|1626287667
|cant|p1a: Xerneas|slp
|move|p2a: Vivillon|Sleep Powder|p1a: Xerneas
|-fail|p1a: Xerneas|slp
|
|-heal|p2a: Vivillon|50/100|[from] item: Leftovers
|upkeep
|turn|26
|
|t:|1626287675
|-curestatus|p1a: Xerneas|slp|[msg]
|move|p1a: Xerneas|Thunderbolt|p2a: Vivillon
|-supereffective|p2a: Vivillon
|-crit|p2a: Vivillon
|-end|p2a: Vivillon|Substitute
|move|p2a: Vivillon|Sleep Powder|p1a: Xerneas
|-status|p1a: Xerneas|slp|[from] move: Sleep Powder
|
|-heal|p2a: Vivillon|56/100|[from] item: Leftovers
|upkeep
|turn|27
|
|t:|1626287686
|cant|p1a: Xerneas|slp
|move|p2a: Vivillon|Substitute|p2a: Vivillon
|-start|p2a: Vivillon|Substitute
|-damage|p2a: Vivillon|31/100
|
|-heal|p2a: Vivillon|37/100|[from] item: Leftovers
|upkeep
|turn|28
|
|t:|1626287692
|cant|p1a: Xerneas|slp
|move|p2a: Vivillon|Quiver Dance|p2a: Vivillon
|-boost|p2a: Vivillon|spa|1
|-boost|p2a: Vivillon|spd|1
|-boost|p2a: Vivillon|spe|1
|
|-heal|p2a: Vivillon|43/100|[from] item: Leftovers
|upkeep
|turn|29
|
|t:|1626287700
|-curestatus|p1a: Xerneas|slp|[msg]
|move|p1a: Xerneas|Thunderbolt|p2a: Vivillon
|-supereffective|p2a: Vivillon
|-end|p2a: Vivillon|Substitute
|move|p2a: Vivillon|Quiver Dance|p2a: Vivillon
|-boost|p2a: Vivillon|spa|1
|-boost|p2a: Vivillon|spd|1
|-boost|p2a: Vivillon|spe|1
|
|-heal|p2a: Vivillon|49/100|[from] item: Leftovers
|upkeep
|turn|30
|
|t:|1626287709
|move|p2a: Vivillon|Sleep Powder|p1a: Xerneas
|-status|p1a: Xerneas|slp|[from] move: Sleep Powder
|cant|p1a: Xerneas|slp
|
|-heal|p2a: Vivillon|55/100|[from] item: Leftovers
|upkeep
|turn|31
|
|t:|1626287716
|move|p2a: Vivillon|Substitute|p2a: Vivillon
|-start|p2a: Vivillon|Substitute
|-damage|p2a: Vivillon|30/100
|-curestatus|p1a: Xerneas|slp|[msg]
|move|p1a: Xerneas|Thunderbolt|p2a: Vivillon
|-supereffective|p2a: Vivillon
|-end|p2a: Vivillon|Substitute
|
|-heal|p2a: Vivillon|36/100|[from] item: Leftovers
|upkeep
|turn|32
|
|t:|1626287724
|move|p2a: Vivillon|Sleep Powder|p1a: Xerneas
|-status|p1a: Xerneas|slp|[from] move: Sleep Powder
|cant|p1a: Xerneas|slp
|
|-heal|p2a: Vivillon|42/100|[from] item: Leftovers
|upkeep
|turn|33
|
|t:|1626287730
|move|p2a: Vivillon|Substitute|p2a: Vivillon
|-start|p2a: Vivillon|Substitute
|-damage|p2a: Vivillon|17/100
|-curestatus|p1a: Xerneas|slp|[msg]
|move|p1a: Xerneas|Thunderbolt|p2a: Vivillon
|-supereffective|p2a: Vivillon
|-crit|p2a: Vivillon
|-end|p2a: Vivillon|Substitute
|
|-heal|p2a: Vivillon|23/100|[from] item: Leftovers
|upkeep
|turn|34
|
|t:|1626287738
|move|p2a: Vivillon|Sleep Powder|p1a: Xerneas
|-status|p1a: Xerneas|slp|[from] move: Sleep Powder
|cant|p1a: Xerneas|slp
|
|-heal|p2a: Vivillon|29/100|[from] item: Leftovers
|upkeep
|turn|35
|
|t:|1626287745
|move|p2a: Vivillon|Substitute|p2a: Vivillon
|-start|p2a: Vivillon|Substitute
|-damage|p2a: Vivillon|4/100
|cant|p1a: Xerneas|slp
|
|-heal|p2a: Vivillon|10/100|[from] item: Leftovers
|upkeep
|turn|36
|
|t:|1626287751
|move|p2a: Vivillon|Hurricane|p1a: Xerneas
|-damage|p1a: Xerneas|57/100 slp
|cant|p1a: Xerneas|slp
|
|-heal|p2a: Vivillon|16/100|[from] item: Leftovers
|upkeep
|turn|37
|
|t:|1626287758
|-start|p1a: Xerneas|Dynamax
|-heal|p1a: Xerneas|57/100 slp|[silent]
|move|p2a: Vivillon|Hurricane|p1a: Xerneas
|-damage|p1a: Xerneas|37/100 slp
|-start|p1a: Xerneas|confusion
|-curestatus|p1a: Xerneas|slp|[msg]
|-activate|p1a: Xerneas|confusion
|-damage|p1a: Xerneas|33/100|[from] confusion
|
|-heal|p2a: Vivillon|22/100|[from] item: Leftovers
|upkeep
|turn|38
|
|t:|1626287770
|move|p2a: Vivillon|Sleep Powder|p1a: Xerneas
|-status|p1a: Xerneas|slp|[from] move: Sleep Powder
|cant|p1a: Xerneas|slp
|
|-heal|p2a: Vivillon|28/100|[from] item: Leftovers
|upkeep
|turn|39
|
|t:|1626287777
|move|p2a: Vivillon|Hurricane|p1a: Xerneas
|-crit|p1a: Xerneas
|-damage|p1a: Xerneas|0 fnt
|faint|p1a: Xerneas
|
|win|MasonEliwood
|raw|PM77Switch's rating: 1593 &rarr; <strong>1572</strong><br />(-21 for losing)
|raw|MasonEliwood's rating: 1570 &rarr; <strong>1591</strong><br />(+21 for winning)
|l|☆PM77Switch
||Ladder isn't responding, score probably updated but might not have (Request timeout).
