|j|☆firexxzz
|j|☆Buck is stallish
|t:|1667555478
|gametype|singles
|player|p1|firexxzz|ghetsis|1731
|player|p2|Buck is stallish|101|1971
|teamsize|p1|6
|teamsize|p2|6
|gen|8
|tier|[Gen 8] National Dex AG
|rated|
|rule|HP Percentage Mod: HP is shown in percentages
|rule|Endless Battle Clause: Forcing endless battles is banned
|clearpoke
|poke|p1|Arceus-*|
|poke|p1|Yveltal|
|poke|p1|Zacian-*|
|poke|p1|Groudon|
|poke|p1|Ditto|
|poke|p1|Calyrex-Shadow|
|poke|p2|Ho-Oh|
|poke|p2|Zygarde|
|poke|p2|Necrozma-Dusk-Mane|
|poke|p2|Yveltal|
|poke|p2|Chansey, F|
|poke|p2|Arceus-*|
|teampreview
|inactive|Battle timer is ON: inactive players will automatically lose when time's up. (requested by firexxzz)
|
|t:|1667555492
|start
|switch|p1a: Calyrex|Calyrex-Shadow|100/100
|switch|p2a: Zygarde|Zygarde|100/100
|-ability|p1a: Calyrex|As One
|-ability|p1a: Calyrex|Unnerve
|turn|1
|
|t:|1667555498
|switch|p2a: Yveltal|Yveltal|100/100
|-ability|p2a: Yveltal|Dark Aura
|move|p1a: Calyrex|Nasty Plot|p1a: Calyrex
|-boost|p1a: Calyrex|spa|2
|
|upkeep
|turn|2
|
|t:|1667555501
|move|p1a: Calyrex|Baton Pass|p1a: Calyrex
|
|t:|1667555505
|switch|p1a: Yveltal|Yveltal|100/100|[from]move: Baton Pass
|-ability|p1a: Yveltal|Dark Aura
|move|p2a: Yveltal|Toxic|p1a: Yveltal
|-status|p1a: Yveltal|tox
|
|-damage|p1a: Yveltal|94/100 tox|[from] psn
|upkeep
|turn|3
|
|t:|1667555513
|switch|p2a: Chansey|Chansey, F|100/100
|-start|p1a: Yveltal|Dynamax|
|-heal|p1a: Yveltal|94/100 tox|[silent]
|move|p1a: Yveltal|Max Airstream|p2a: Chansey
|-damage|p2a: Chansey|57/100
|-boost|p1a: Yveltal|spe|1
|-damage|p1a: Yveltal|89/100 tox|[from] item: Life Orb
|
|-damage|p1a: Yveltal|83/100 tox|[from] psn
|upkeep
|turn|4
|
|t:|1667555527
|move|p1a: Yveltal|Max Knuckle|p2a: Chansey
|-supereffective|p2a: Chansey
|-damage|p2a: Chansey|11/100
|-boost|p1a: Yveltal|atk|1
|-damage|p1a: Yveltal|78/100 tox|[from] item: Life Orb
|move|p2a: Chansey|Soft-Boiled|p2a: Chansey
|-heal|p2a: Chansey|61/100
|
|-damage|p1a: Yveltal|69/100 tox|[from] psn
|upkeep
|turn|5
|
|t:|1667555536
|move|p1a: Yveltal|Max Darkness|p2a: Chansey
|-damage|p2a: Chansey|0 fnt
|faint|p2a: Chansey
|-damage|p1a: Yveltal|64/100 tox|[from] item: Life Orb
|
|-damage|p1a: Yveltal|52/100 tox|[from] psn
|upkeep
|
|t:|1667555555
|switch|p2a: Ho-Oh|Ho-Oh|100/100
|-end|p1a: Yveltal|Dynamax
|-heal|p1a: Yveltal|52/100 tox|[silent]
|turn|6
|
|t:|1667555559
|move|p1a: Yveltal|Oblivion Wing|p2a: Ho-Oh
|-damage|p2a: Ho-Oh|30/100
|-heal|p1a: Yveltal|100/100 tox|[from] drain|[of] p2a: Ho-Oh
|-damage|p1a: Yveltal|91/100 tox|[from] item: Life Orb
|move|p2a: Ho-Oh|Sacred Fire|p1a: Yveltal
|-damage|p1a: Yveltal|40/100 tox
|
|-damage|p1a: Yveltal|9/100 tox|[from] psn
|upkeep
|turn|7
|
|t:|1667555569
|-start|p2a: Ho-Oh|Dynamax|
|-heal|p2a: Ho-Oh|30/100|[silent]
|move|p2a: Ho-Oh|Max Guard|p2a: Ho-Oh
|-singleturn|p2a: Ho-Oh|Max Guard
|move|p1a: Yveltal|Oblivion Wing|p2a: Ho-Oh
|-activate|p2a: Ho-Oh|move: Max Guard
|
|-damage|p1a: Yveltal|0 fnt|[from] psn
|faint|p1a: Yveltal
|upkeep
|
|t:|1667555584
|switch|p1a: Calyrex|Calyrex-Shadow|100/100
|-ability|p1a: Calyrex|As One
|-ability|p1a: Calyrex|Unnerve
|turn|8
|
|t:|1667555596
|-end|p2a: Ho-Oh|Dynamax
|-heal|p2a: Ho-Oh|30/100|[silent]
|switch|p2a: Yveltal|Yveltal|100/100
|-ability|p2a: Yveltal|Dark Aura
|move|p1a: Calyrex|Astral Barrage|p2a: Yveltal
|-resisted|p2a: Yveltal
|-damage|p2a: Yveltal|82/100
|
|upkeep
|turn|9
|
|t:|1667555605
|move|p1a: Calyrex|Baton Pass|p1a: Calyrex
|
|t:|1667555617
|switch|p1a: Groudon|Groudon|100/100|[from]move: Baton Pass
|detailschange|p1a: Groudon|Groudon-Primal
|-primal|p1a: Groudon
|-weather|DesolateLand|[from] ability: Desolate Land|[of] p1a: Groudon
|move|p2a: Yveltal|Foul Play|p1a: Groudon
|-damage|p1a: Groudon|74/100
|
|-weather|DesolateLand|[upkeep]
|upkeep
|turn|10
|
|t:|1667555623
|switch|p2a: Zygarde|Zygarde|100/100
|move|p1a: Groudon|Thunder Wave|p2a: Zygarde
|-immune|p2a: Zygarde
|
|-weather|DesolateLand|[upkeep]
|upkeep
|turn|11
|
|t:|1667555630
|move|p2a: Zygarde|Glare|p1a: Groudon
|-status|p1a: Groudon|par
|move|p1a: Groudon|Stealth Rock|p2a: Zygarde
|-sidestart|p2: Buck is stallish|move: Stealth Rock
|
|-weather|DesolateLand|[upkeep]
|upkeep
|turn|12
|
|t:|1667555635
|-weather|none
|switch|p1a: Calyrex|Calyrex-Shadow|100/100
|-ability|p1a: Calyrex|As One
|-ability|p1a: Calyrex|Unnerve
|move|p2a: Zygarde|Thousand Arrows|p1a: Calyrex
|-damage|p1a: Calyrex|63/100
|
|upkeep
|turn|13
|
|t:|1667555640
|move|p1a: Calyrex|Nasty Plot|p1a: Calyrex
|-boost|p1a: Calyrex|spa|2
|move|p2a: Zygarde|Glare|p1a: Calyrex
|-status|p1a: Calyrex|par
|
|upkeep
|turn|14
|
|t:|1667555643
|move|p2a: Zygarde|Haze|p2a: Zygarde
|-clearallboost
|cant|p1a: Calyrex|par
|
|upkeep
|turn|15
|-message|firexxzz forfeited.
|
|win|Buck is stallish
|raw|firexxzz's rating: 1731 &rarr; <strong>1723</strong><br />(-8 for losing)
|raw|Buck is stallish's rating: 1971 &rarr; <strong>1979</strong><br />(+8 for winning)
|l|☆firexxzz
||Ladder isn't responding, score probably updated but might not have (Request timeout).
