|j|☆dilllllllllllon
|j|☆alpha678
|t:|1595809542
|player|p1|dilllllllllllon|crasherwake|1576
|player|p2|alpha678|unknown|1556
|teamsize|p1|6
|teamsize|p2|6
|gametype|singles
|gen|8
|tier|[Gen 8] National Dex AG
|rated|
|clearpoke
|poke|p1|Diggersby, F|
|poke|p1|Diggersby, M|
|poke|p1|Diggersby, F|
|poke|p1|Diggersby, F|
|poke|p1|Diggersby, M|
|poke|p1|Diggersby, M|
|poke|p2|Zacian-Crowned|
|poke|p2|Xerneas|
|poke|p2|Rayquaza|
|poke|p2|Arceus-*|
|poke|p2|Ditto|
|poke|p2|Groudon|
|rule|HP Percentage Mod: HP is shown in percentages
|rule|Endless Battle Clause: Forcing endless battles is banned
|teampreview
|c|☆dilllllllllllon|diggersby's power level is 9001
|c|☆dilllllllllllon|be scared
|inactive|Battle timer is ON: inactive players will automatically lose when time's up. (requested by alpha678)
|c|☆alpha678|omg
|c|☆alpha678|this is amazingggg
|c|☆alpha678|im interested af to see what happens
|c|☆dilllllllllllon|good luck
|
|t:|1595809598
|start
|switch|p1a: Truck|Diggersby, F|100/100
|switch|p2a: Arceus|Arceus-Ghost|100/100
|turn|1
|
|t:|1595809605
|move|p2a: Arceus|Earthquake|p1a: Truck
|-damage|p1a: Truck|66/100
|move|p1a: Truck|Earthquake|p2a: Arceus
|-damage|p2a: Arceus|25/100
|
|upkeep
|turn|2
|
|t:|1595809611
|move|p2a: Arceus|Will-O-Wisp|p1a: Truck|[miss]
|-miss|p2a: Arceus|p1a: Truck
|move|p1a: Truck|Earthquake|p2a: Arceus
|-damage|p2a: Arceus|0 fnt
|faint|p2a: Arceus
|
|upkeep
|
|t:|1595809622
|switch|p2a: Rayquaza|Rayquaza|100/100
|-ability|p2a: Rayquaza|Air Lock
|turn|3
|
|t:|1595809629
|detailschange|p2a: Rayquaza|Rayquaza-Mega
|-mega|p2a: Rayquaza|Rayquaza|
|-weather|DeltaStream|[from] ability: Delta Stream|[of] p2a: Rayquaza
|move|p2a: Rayquaza|Dragon Ascent|p1a: Truck
|-damage|p1a: Truck|0 fnt
|-unboost|p2a: Rayquaza|def|1
|-unboost|p2a: Rayquaza|spd|1
|-damage|p2a: Rayquaza|91/100|[from] item: Life Orb
|faint|p1a: Truck
|
|-weather|DeltaStream|[upkeep]
|upkeep
|
|t:|1595809639
|switch|p1a: Chuck Norris|Diggersby, F|100/100
|turn|4
|
|t:|1595809650
|move|p1a: Chuck Norris|Return|p2a: Rayquaza
|-damage|p2a: Rayquaza|0 fnt
|faint|p2a: Rayquaza
|-weather|none
|
|upkeep
|
|t:|1595809661
|switch|p2a: Ditto|Ditto, shiny|100/100
|-transform|p2a: Ditto|p1a: Chuck Norris|[from] ability: Imposter
|turn|5
|
|t:|1595809667
|move|p1a: Chuck Norris|Return|p2a: Ditto
|-damage|p2a: Ditto|4/100
|move|p2a: Ditto|Return|p1a: Chuck Norris
|-damage|p1a: Chuck Norris|2/100
|
|upkeep
|turn|6
|
|t:|1595809674
|move|p2a: Ditto|Return|p1a: Chuck Norris
|-damage|p1a: Chuck Norris|0 fnt
|faint|p1a: Chuck Norris
|
|upkeep
|
|t:|1595809677
|switch|p1a: Diggersby|Diggersby, M|100/100
|turn|7
|
|t:|1595809681
|move|p2a: Ditto|Return|p1a: Diggersby
|-damage|p1a: Diggersby|15/100
|move|p1a: Diggersby|Return|p2a: Ditto
|-damage|p2a: Ditto|0 fnt
|faint|p2a: Ditto
|
|upkeep
|
|t:|1595809694
|switch|p2a: Groudon|Groudon, shiny|100/100
|detailschange|p2a: Groudon|Groudon-Primal, shiny
|-primal|p2a: Groudon
|-weather|DesolateLand|[from] ability: Desolate Land|[of] p2a: Groudon
|turn|8
|c|☆dilllllllllllon|i wish diggersby had a mega :'(
|c|☆alpha678|that be too broken bro XD
|
|t:|1595809713
|move|p2a: Groudon|Rock Polish|p2a: Groudon
|-boost|p2a: Groudon|spe|2
|move|p1a: Diggersby|Earthquake|p2a: Groudon
|-supereffective|p2a: Groudon
|-damage|p2a: Groudon|15/100
|
|-weather|DesolateLand|[upkeep]
|upkeep
|turn|9
|
|t:|1595809719
|move|p2a: Groudon|Fire Punch|p1a: Diggersby
|-damage|p1a: Diggersby|0 fnt
|faint|p1a: Diggersby
|
|-weather|DesolateLand|[upkeep]
|upkeep
|
|t:|1595809723
|switch|p1a: Diggersby|Diggersby, M|100/100
|turn|10
|
|t:|1595809728
|move|p2a: Groudon|Fire Punch|p1a: Diggersby
|-damage|p1a: Diggersby|6/100
|move|p1a: Diggersby|Return|p2a: Groudon
|-damage|p2a: Groudon|0 fnt
|faint|p2a: Groudon
|-weather|none
|
|upkeep
|
|t:|1595809733
|switch|p2a: Zacian|Zacian-Crowned|100/100
|-ability|p2a: Zacian|Intrepid Sword|boost
|-boost|p2a: Zacian|atk|1
|turn|11
|c|☆dilllllllllllon|he deserves a broken mega
|
|t:|1595809742
|move|p2a: Zacian|Close Combat|p1a: Diggersby
|-supereffective|p1a: Diggersby
|-damage|p1a: Diggersby|0 fnt
|-unboost|p2a: Zacian|def|1
|-unboost|p2a: Zacian|spd|1
|faint|p1a: Diggersby
|
|upkeep
|c|☆alpha678|lmaooo
|c|☆dilllllllllllon|just give him 100 speed
|c|☆dilllllllllllon|leave all his ohter stats alone
|
|t:|1595809757
|switch|p1a: h a n d_e a r s|Diggersby, F|100/100
|turn|12
|c|☆alpha678|fair enough
|
|t:|1595809767
|move|p2a: Zacian|Close Combat|p1a: h a n d_e a r s
|-supereffective|p1a: h a n d_e a r s
|-enditem|p1a: h a n d_e a r s|Focus Sash
|-damage|p1a: h a n d_e a r s|1/100
|-unboost|p2a: Zacian|def|1
|-unboost|p2a: Zacian|spd|1
|move|p1a: h a n d_e a r s|Agility|p1a: h a n d_e a r s
|-boost|p1a: h a n d_e a r s|spe|2
|
|upkeep
|turn|13
|
|t:|1595809773
|move|p1a: h a n d_e a r s|Earthquake|p2a: Zacian
|-supereffective|p2a: Zacian
|-damage|p2a: Zacian|0 fnt
|faint|p2a: Zacian
|
|upkeep
|
|t:|1595809775
|switch|p2a: Xerneas|Xerneas, shiny|100/100
|-ability|p2a: Xerneas|Fairy Aura
|turn|14
|
|t:|1595809789
|-start|p2a: Xerneas|Dynamax
|-heal|p2a: Xerneas|100/100|[silent]
|move|p1a: h a n d_e a r s|Return|p2a: Xerneas
|-damage|p2a: Xerneas|75/100
|move|p2a: Xerneas|Max Starfall|p1a: h a n d_e a r s
|-damage|p1a: h a n d_e a r s|0 fnt
|-fieldstart|move: Misty Terrain
|faint|p1a: h a n d_e a r s
|
|upkeep
|c|☆dilllllllllllon|i run a scarf hernias w aromatherapy
|
|t:|1595809799
|switch|p1a: God of Death|Diggersby, M|100/100
|turn|15
|
|t:|1595809803
|-start|p1a: God of Death|Dynamax
|-heal|p1a: God of Death|100/100|[silent]
|move|p2a: Xerneas|Max Starfall|p1a: God of Death
|-damage|p1a: God of Death|43/100
|move|p1a: God of Death|Max Quake|p2a: Xerneas
|-damage|p2a: Xerneas|43/100
|-boost|p1a: God of Death|spd|1
|
|upkeep
|turn|16
|
|t:|1595809813
|move|p2a: Xerneas|Max Starfall|p1a: God of Death
|-damage|p1a: God of Death|1/100
|move|p1a: God of Death|Max Strike|p2a: Xerneas
|-damage|p2a: Xerneas|10/100
|-unboost|p2a: Xerneas|spe|1
|
|-end|p2a: Xerneas|Dynamax
|-heal|p2a: Xerneas|10/100|[silent]
|upkeep
|turn|17
|
|t:|1595809816
|move|p1a: God of Death|Max Strike|p2a: Xerneas
|-damage|p2a: Xerneas|0 fnt
|faint|p2a: Xerneas
|
|win|dilllllllllllon
|c|☆dilllllllllllon|gg
|c|☆alpha678|dang
|c|☆alpha678|gg bro
|c|☆dilllllllllllon|it was close
|c|☆alpha678|ik
|c|☆alpha678|thats a fun team
|c|☆dilllllllllllon|i made it in literlly 15 seconds
|c|☆alpha678|i saved that replay
|c|☆alpha678|that was all fun
|c|☆alpha678|gg th
|c|☆dilllllllllllon|same
||Ladder (probably) updated, but score could not be retrieved (Request timeout).
