|j|☆UncleShannon
|j|☆Glaliegoesboom ❤
|t:|1658471818
|gametype|singles
|player|p1|UncleShannon|2|1809
|player|p2|Glaliegoesboom ❤|102|2042
|teamsize|p1|6
|teamsize|p2|6
|gen|8
|tier|[Gen 8] National Dex AG
|rated|
|rule|HP Percentage Mod: HP is shown in percentages
|rule|Endless Battle Clause: Forcing endless battles is banned
|clearpoke
|poke|p1|Scizor, F|
|poke|p1|Arceus-*|
|poke|p1|Groudon|
|poke|p1|Calyrex-Shadow|
|poke|p1|Yveltal|
|poke|p1|Zacian-*|
|poke|p2|Groudon|
|poke|p2|Necrozma-Dusk-Mane|
|poke|p2|Zygarde|
|poke|p2|Arceus-*|
|poke|p2|Chansey, F|
|poke|p2|Arceus-*|
|teampreview
|c|☆UncleShannon|hf
|
|t:|1658471837
|start
|switch|p1a: Arceus|Arceus-Rock|100/100
|switch|p2a: Groudon|Groudon|100/100
|detailschange|p2a: Groudon|Groudon-Primal
|-primal|p2a: Groudon
|-weather|DesolateLand|[from] ability: Desolate Land|[of] p2a: Groudon
|turn|1
|j| rahull
|inactive|Battle timer is ON: inactive players will automatically lose when time's up. (requested by UncleShannon)
|
|t:|1658471844
|-start|p1a: Arceus|Dynamax|
|-heal|p1a: Arceus|100/100|[silent]
|move|p1a: Arceus|Max Rockfall|p2a: Groudon
|-damage|p2a: Groudon|10/100
|move|p2a: Groudon|Earth Power|p1a: Arceus
|-supereffective|p1a: Arceus
|-damage|p1a: Arceus|65/100
|
|-weather|DesolateLand|[upkeep]
|upkeep
|turn|2
|
|t:|1658471853
|-weather|none
|switch|p2a: Chansey|Chansey, F|100/100
|move|p1a: Arceus|Max Rockfall|p2a: Chansey
|-damage|p2a: Chansey|80/100
|-weather|Sandstorm
|
|-weather|Sandstorm|[upkeep]
|-damage|p2a: Chansey|74/100|[from] Sandstorm
|upkeep
|turn|3
|
|t:|1658471856
|move|p1a: Arceus|Max Rockfall|p2a: Chansey
|-damage|p2a: Chansey|53/100
|move|p2a: Chansey|Soft-Boiled|p2a: Chansey
|-heal|p2a: Chansey|100/100
|
|-weather|Sandstorm|[upkeep]
|-damage|p2a: Chansey|94/100|[from] Sandstorm
|upkeep
|-end|p1a: Arceus|Dynamax
|-heal|p1a: Arceus|65/100|[silent]
|turn|4
|
|t:|1658471858
|move|p1a: Arceus|Recover|p1a: Arceus
|-heal|p1a: Arceus|100/100
|move|p2a: Chansey|Wish|p2a: Chansey
|
|-weather|Sandstorm|[upkeep]
|-damage|p2a: Chansey|88/100|[from] Sandstorm
|upkeep
|turn|5
|
|t:|1658471863
|switch|p2a: Zygarde|Zygarde, shiny|100/100
|move|p1a: Arceus|Judgment|p2a: Zygarde
|-resisted|p2a: Zygarde
|-damage|p2a: Zygarde|76/100
|
|-weather|Sandstorm|[upkeep]
|-heal|p2a: Zygarde|100/100|[from] move: Wish|[wisher] Chansey
|upkeep
|turn|6
|
|t:|1658471865
|move|p1a: Arceus|Refresh||[still]
|-fail|p1a: Arceus
|move|p2a: Zygarde|Glare|p1a: Arceus
|-status|p1a: Arceus|par
|
|-weather|none
|upkeep
|turn|7
|j| Lance's Time
|c|☆UncleShannon|Fuckin
|
|t:|1658471870
|move|p2a: Zygarde|Thousand Arrows|p1a: Arceus
|-supereffective|p1a: Arceus
|-damage|p1a: Arceus|55/100 par
|move|p1a: Arceus|Will-O-Wisp|p2a: Zygarde
|-status|p2a: Zygarde|brn
|
|-damage|p2a: Zygarde|94/100 brn|[from] brn
|upkeep
|turn|8
|c|☆UncleShannon|misclicked
|
|t:|1658471878
|switch|p2a: Chansey|Chansey, F|88/100
|move|p1a: Arceus|Refresh|p1a: Arceus
|-curestatus|p1a: Arceus|par|[msg]
|
|upkeep
|turn|9
|
|t:|1658471884
|move|p1a: Arceus|Recover|p1a: Arceus
|-heal|p1a: Arceus|100/100
|move|p2a: Chansey|Wish|p2a: Chansey
|
|upkeep
|turn|10
|
|t:|1658471888
|switch|p2a: Necrozma|Necrozma-Dusk-Mane|100/100
|move|p1a: Arceus|Judgment|p2a: Necrozma
|-resisted|p2a: Necrozma
|-damage|p2a: Necrozma|78/100
|
|-heal|p2a: Necrozma|100/100|[from] move: Wish|[wisher] Chansey
|upkeep
|turn|11
|
|t:|1658471893
|move|p1a: Arceus|Will-O-Wisp|p2a: Necrozma|[miss]
|-miss|p1a: Arceus|p2a: Necrozma
|move|p2a: Necrozma|Stealth Rock|p1a: Arceus
|-sidestart|p1: UncleShannon|move: Stealth Rock
|
|upkeep
|turn|12
|
|t:|1658471897
|switch|p1a: Scizor|Scizor, F|100/100
|-damage|p1a: Scizor|88/100|[from] Stealth Rock
|switch|p2a: Chansey|Chansey, F|88/100
|
|upkeep
|turn|13
|
|t:|1658471904
|switch|p2a: Necrozma|Necrozma-Dusk-Mane|100/100
|detailschange|p1a: Scizor|Scizor-Mega, F
|-mega|p1a: Scizor|Scizor|Scizorite
|move|p1a: Scizor|Curse|p1a: Scizor
|-unboost|p1a: Scizor|spe|1
|-boost|p1a: Scizor|atk|1
|-boost|p1a: Scizor|def|1
|
|upkeep
|turn|14
|
|t:|1658471910
|move|p2a: Necrozma|Thunder Wave|p1a: Scizor|[miss]
|-miss|p2a: Necrozma|p1a: Scizor
|move|p1a: Scizor|Curse|p1a: Scizor
|-unboost|p1a: Scizor|spe|1
|-boost|p1a: Scizor|atk|1
|-boost|p1a: Scizor|def|1
|
|upkeep
|turn|15
|
|t:|1658471919
|switch|p2a: Zygarde|Zygarde, shiny|94/100 brn
|move|p1a: Scizor|Curse|p1a: Scizor
|-unboost|p1a: Scizor|spe|1
|-boost|p1a: Scizor|atk|1
|-boost|p1a: Scizor|def|1
|
|-damage|p2a: Zygarde|88/100 brn|[from] brn
|upkeep
|turn|16
|
|t:|1658471925
|move|p2a: Zygarde|Haze|p2a: Zygarde
|-clearallboost
|move|p1a: Scizor|U-turn|p2a: Zygarde
|-damage|p2a: Zygarde|69/100 brn
|
|t:|1658471929
|switch|p1a: Calyrex|Calyrex-Shadow|100/100|[from]move: U-turn
|-ability|p1a: Calyrex|As One
|-ability|p1a: Calyrex|Unnerve
|-damage|p1a: Calyrex|88/100|[from] Stealth Rock
|
|-damage|p2a: Zygarde|62/100 brn|[from] brn
|upkeep
|turn|17
|
|t:|1658471934
|switch|p2a: Arceus|Arceus-Dark|100/100
|move|p1a: Calyrex|Psyshock|p2a: Arceus
|-immune|p2a: Arceus
|
|upkeep
|turn|18
|
|t:|1658471938
|switch|p1a: Yveltal|Yveltal|100/100
|-ability|p1a: Yveltal|Dark Aura
|move|p2a: Arceus|Thunder Wave|p1a: Yveltal
|-status|p1a: Yveltal|par
|
|upkeep
|turn|19
|
|t:|1658471950
|switch|p2a: Arceus|Arceus-Fairy|100/100
|cant|p1a: Yveltal|par
|
|upkeep
|turn|20
|
|t:|1658471953
|switch|p1a: Groudon|Groudon|100/100
|-damage|p1a: Groudon|94/100|[from] Stealth Rock
|detailschange|p1a: Groudon|Groudon-Primal
|-primal|p1a: Groudon
|-weather|DesolateLand|[from] ability: Desolate Land|[of] p1a: Groudon
|move|p2a: Arceus|Judgment|p1a: Groudon
|-resisted|p1a: Groudon
|-damage|p1a: Groudon|75/100
|
|-weather|DesolateLand|[upkeep]
|upkeep
|turn|21
|
|t:|1658471958
|move|p2a: Arceus|Toxic|p1a: Groudon
|-status|p1a: Groudon|tox
|move|p1a: Groudon|Stealth Rock|p2a: Arceus
|-sidestart|p2: Glaliegoesboom ❤|move: Stealth Rock
|
|-weather|DesolateLand|[upkeep]
|-damage|p1a: Groudon|68/100 tox|[from] psn
|upkeep
|turn|22
|
|t:|1658471964
|move|p2a: Arceus|Judgment|p1a: Groudon
|-resisted|p1a: Groudon
|-damage|p1a: Groudon|49/100 tox
|move|p1a: Groudon|Rest|p1a: Groudon
|-status|p1a: Groudon|slp|[from] move: Rest
|-heal|p1a: Groudon|100/100 slp|[silent]
|
|-weather|DesolateLand|[upkeep]
|upkeep
|turn|23
|
|t:|1658471977
|move|p2a: Arceus|Judgment|p1a: Groudon
|-resisted|p1a: Groudon
|-damage|p1a: Groudon|82/100 slp
|cant|p1a: Groudon|slp
|
|-weather|DesolateLand|[upkeep]
|upkeep
|turn|24
|
|t:|1658471987
|move|p2a: Arceus|Toxic||[still]
|-fail|p2a: Arceus
|cant|p1a: Groudon|slp
|
|-weather|DesolateLand|[upkeep]
|upkeep
|turn|25
|
|t:|1658471993
|move|p2a: Arceus|Toxic||[still]
|-fail|p2a: Arceus
|-curestatus|p1a: Groudon|slp|[msg]
|move|p1a: Groudon|Precipice Blades|p2a: Arceus
|-damage|p2a: Arceus|54/100
|
|-weather|DesolateLand|[upkeep]
|upkeep
|turn|26
|
|t:|1658471999
|move|p2a: Arceus|Recover|p2a: Arceus
|-heal|p2a: Arceus|100/100
|move|p1a: Groudon|Heat Crash|p2a: Arceus
|-damage|p2a: Arceus|52/100
|
|-weather|DesolateLand|[upkeep]
|upkeep
|turn|27
|
|t:|1658472004
|move|p2a: Arceus|Recover|p2a: Arceus
|-heal|p2a: Arceus|100/100
|move|p1a: Groudon|Precipice Blades|p2a: Arceus
|-damage|p2a: Arceus|50/100
|
|-weather|DesolateLand|[upkeep]
|upkeep
|turn|28
|
|t:|1658472010
|move|p2a: Arceus|Recover|p2a: Arceus
|-heal|p2a: Arceus|99/100
|move|p1a: Groudon|Precipice Blades|p2a: Arceus
|-damage|p2a: Arceus|49/100
|
|-weather|DesolateLand|[upkeep]
|upkeep
|turn|29
|
|t:|1658472018
|move|p2a: Arceus|Recover|p2a: Arceus
|-heal|p2a: Arceus|99/100
|move|p1a: Groudon|Heat Crash|p2a: Arceus
|-damage|p2a: Arceus|54/100
|
|-weather|DesolateLand|[upkeep]
|upkeep
|turn|30
|
|t:|1658472021
|move|p2a: Arceus|Toxic|p1a: Groudon
|-status|p1a: Groudon|tox
|move|p1a: Groudon|Precipice Blades|p2a: Arceus
|-damage|p2a: Arceus|4/100
|
|-weather|DesolateLand|[upkeep]
|-damage|p1a: Groudon|76/100 tox|[from] psn
|upkeep
|turn|31
|
|t:|1658472029
|move|p2a: Arceus|Recover|p2a: Arceus
|-heal|p2a: Arceus|54/100
|move|p1a: Groudon|Precipice Blades|p2a: Arceus
|-damage|p2a: Arceus|7/100
|
|-weather|DesolateLand|[upkeep]
|-damage|p1a: Groudon|64/100 tox|[from] psn
|upkeep
|turn|32
|
|t:|1658472034
|move|p2a: Arceus|Recover|p2a: Arceus
|-heal|p2a: Arceus|57/100
|move|p1a: Groudon|Rest|p1a: Groudon
|-status|p1a: Groudon|slp|[from] move: Rest
|-heal|p1a: Groudon|100/100 slp|[silent]
|
|-weather|DesolateLand|[upkeep]
|upkeep
|turn|33
|
|t:|1658472040
|switch|p2a: Arceus|Arceus-Dark|100/100
|-damage|p2a: Arceus|88/100|[from] Stealth Rock
|cant|p1a: Groudon|slp
|
|-weather|DesolateLand|[upkeep]
|upkeep
|turn|34
|
|t:|1658472042
|-weather|none
|switch|p1a: Yveltal|Yveltal|100/100 par
|-ability|p1a: Yveltal|Dark Aura
|move|p2a: Arceus|Defog|p1a: Yveltal
|-unboost|p1a: Yveltal|evasion|1
|-sideend|p1: UncleShannon|Stealth Rock|[from] move: Defog|[of] p2a: Arceus
|-sideend|p2: Glaliegoesboom ❤|Stealth Rock|[from] move: Defog|[of] p2a: Arceus
|
|upkeep
|turn|35
|
|t:|1658472063
|switch|p2a: Zygarde|Zygarde, shiny|62/100 brn
|move|p1a: Yveltal|U-turn|p2a: Zygarde
|-damage|p2a: Zygarde|51/100 brn
|
|t:|1658472073
|switch|p1a: Calyrex|Calyrex-Shadow|88/100|[from]move: U-turn
|-ability|p1a: Calyrex|As One
|-ability|p1a: Calyrex|Unnerve
|
|-damage|p2a: Zygarde|45/100 brn|[from] brn
|-activate|p2a: Zygarde|ability: Power Construct
|detailschange|p2a: Zygarde|Zygarde-Complete, shiny
|-heal|p2a: Zygarde|64/100 brn|[silent]
|upkeep
|turn|36
|
|t:|1658472081
|switch|p1a: Scizor|Scizor-Mega, F|88/100
|switch|p2a: Arceus|Arceus-Dark|88/100
|
|upkeep
|turn|37
|
|t:|1658472086
|switch|p2a: Necrozma|Necrozma-Dusk-Mane|100/100
|move|p1a: Scizor|U-turn|p2a: Necrozma
|-damage|p2a: Necrozma|81/100
|-damage|p1a: Scizor|72/100|[from] item: Rocky Helmet|[of] p2a: Necrozma
|
|t:|1658472096
|switch|p1a: Arceus|Arceus-Rock|100/100|[from]move: U-turn
|
|upkeep
|turn|38
|
|t:|1658472099
|move|p1a: Arceus|Will-O-Wisp|p2a: Necrozma
|-status|p2a: Necrozma|brn
|move|p2a: Necrozma|Sunsteel Strike|p1a: Arceus
|-supereffective|p1a: Arceus
|-damage|p1a: Arceus|63/100
|
|-damage|p2a: Necrozma|75/100 brn|[from] brn
|upkeep
|turn|39
|
|t:|1658472105
|switch|p2a: Chansey|Chansey, F|88/100
|move|p1a: Arceus|Recover|p1a: Arceus
|-heal|p1a: Arceus|100/100
|
|upkeep
|turn|40
|
|t:|1658472107
|switch|p1a: Zacian|Zacian-Crowned|100/100
|-ability|p1a: Zacian|Intrepid Sword|boost
|-boost|p1a: Zacian|atk|1
|move|p2a: Chansey|Wish|p2a: Chansey
|
|upkeep
|turn|41
|
|t:|1658472113
|switch|p2a: Necrozma|Necrozma-Dusk-Mane|75/100 brn
|move|p1a: Zacian|Swords Dance|p1a: Zacian
|-boost|p1a: Zacian|atk|2
|
|-heal|p2a: Necrozma|100/100 brn|[from] move: Wish|[wisher] Chansey
|-damage|p2a: Necrozma|94/100 brn|[from] brn
|upkeep
|turn|42
|
|t:|1658472123
|switch|p1a: Scizor|Scizor-Mega, F|72/100
|move|p2a: Necrozma|Thunder Wave|p1a: Scizor
|-status|p1a: Scizor|par
|
|-damage|p2a: Necrozma|88/100 brn|[from] brn
|upkeep
|turn|43
|
|t:|1658472130
|move|p2a: Necrozma|Stealth Rock|p1a: Scizor
|-sidestart|p1: UncleShannon|move: Stealth Rock
|move|p1a: Scizor|U-turn|p2a: Necrozma
|-damage|p2a: Necrozma|69/100 brn
|-damage|p1a: Scizor|55/100 par|[from] item: Rocky Helmet|[of] p2a: Necrozma
|
|t:|1658472134
|switch|p1a: Yveltal|Yveltal|100/100 par|[from]move: U-turn
|-ability|p1a: Yveltal|Dark Aura
|
|-damage|p2a: Necrozma|63/100 brn|[from] brn
|upkeep
|turn|44
|inactive|Glaliegoesboom ❤ has 120 seconds left.
|
|t:|1658472170
|switch|p2a: Chansey|Chansey, F|88/100
|move|p1a: Yveltal|Defog|p2a: Chansey
|-unboost|p2a: Chansey|evasion|1
|-sideend|p1: UncleShannon|Stealth Rock|[from] move: Defog|[of] p1a: Yveltal
|
|upkeep
|turn|45
|
|t:|1658472173
|move|p2a: Chansey|Aromatherapy|p2a: Chansey
|-activate|p2a: Chansey|move: Aromatherapy
|-curestatus|p2: Necrozma|brn|[msg]
|-curestatus|p2: Zygarde|brn|[msg]
|move|p1a: Yveltal|Knock Off|p2a: Chansey
|-damage|p2a: Chansey|50/100
|-enditem|p2a: Chansey|Eviolite|[from] move: Knock Off|[of] p1a: Yveltal
|
|upkeep
|turn|46
|
|t:|1658472179
|move|p2a: Chansey|Wish|p2a: Chansey
|move|p1a: Yveltal|U-turn|p2a: Chansey
|-damage|p2a: Chansey|28/100
|
|t:|1658472187
|switch|p1a: Calyrex|Calyrex-Shadow|88/100|[from]move: U-turn
|-ability|p1a: Calyrex|As One
|-ability|p1a: Calyrex|Unnerve
|
|upkeep
|turn|47
|
|t:|1658472198
|switch|p2a: Arceus|Arceus-Dark|88/100
|move|p1a: Calyrex|Pollen Puff|p2a: Arceus
|-supereffective|p2a: Arceus
|-damage|p2a: Arceus|25/100
|
|-heal|p2a: Arceus|100/100|[from] move: Wish|[wisher] Chansey
|upkeep
|turn|48
|
|t:|1658472210
|switch|p1a: Yveltal|Yveltal|100/100 par
|-ability|p1a: Yveltal|Dark Aura
|move|p2a: Arceus|Snarl|p1a: Yveltal
|-resisted|p1a: Yveltal
|-damage|p1a: Yveltal|91/100 par
|-unboost|p1a: Yveltal|spa|1
|
|upkeep
|turn|49
|c|☆UncleShannon|Good to know
|
|t:|1658472220
|switch|p2a: Zygarde|Zygarde-Complete, shiny|64/100
|move|p1a: Yveltal|U-turn|p2a: Zygarde
|-damage|p2a: Zygarde|57/100
|
|t:|1658472229
|switch|p1a: Scizor|Scizor-Mega, F|55/100 par|[from]move: U-turn
|
|upkeep
|turn|50
|
|t:|1658472233
|move|p2a: Zygarde|Thousand Arrows|p1a: Scizor
|-damage|p1a: Scizor|38/100 par
|move|p1a: Scizor|Roost|p1a: Scizor
|-heal|p1a: Scizor|88/100 par
|-singleturn|p1a: Scizor|move: Roost
|
|upkeep
|turn|51
|
|t:|1658472243
|switch|p2a: Necrozma|Necrozma-Dusk-Mane|63/100
|move|p1a: Scizor|U-turn|p2a: Necrozma
|-damage|p2a: Necrozma|44/100
|-damage|p1a: Scizor|71/100 par|[from] item: Rocky Helmet|[of] p2a: Necrozma
|
|t:|1658472250
|switch|p1a: Yveltal|Yveltal|91/100 par|[from]move: U-turn
|-ability|p1a: Yveltal|Dark Aura
|
|upkeep
|turn|52
|
|t:|1658472257
|move|p2a: Necrozma|Morning Sun|p2a: Necrozma
|-heal|p2a: Necrozma|94/100
|move|p1a: Yveltal|Knock Off|p2a: Necrozma
|-supereffective|p2a: Necrozma
|-damage|p2a: Necrozma|54/100
|-damage|p1a: Yveltal|74/100 par|[from] item: Rocky Helmet|[of] p2a: Necrozma
|-enditem|p2a: Necrozma|Rocky Helmet|[from] move: Knock Off|[of] p1a: Yveltal
|
|upkeep
|turn|53
|
|t:|1658472267
|switch|p1a: Scizor|Scizor-Mega, F|71/100 par
|move|p2a: Necrozma|Morning Sun|p2a: Necrozma
|-heal|p2a: Necrozma|100/100
|
|upkeep
|turn|54
|
|t:|1658472272
|move|p2a: Necrozma|Stealth Rock|p1a: Scizor
|-sidestart|p1: UncleShannon|move: Stealth Rock
|move|p1a: Scizor|Roost|p1a: Scizor
|-heal|p1a: Scizor|100/100 par
|-singleturn|p1a: Scizor|move: Roost
|
|upkeep
|turn|55
|
|t:|1658472277
|switch|p2a: Zygarde|Zygarde-Complete, shiny|57/100
|cant|p1a: Scizor|par
|
|upkeep
|turn|56
|
|t:|1658472284
|move|p2a: Zygarde|Thousand Arrows|p1a: Scizor
|-damage|p1a: Scizor|80/100 par
|cant|p1a: Scizor|par
|
|upkeep
|turn|57
|
|t:|1658472288
|move|p2a: Zygarde|Rest|p2a: Zygarde
|-status|p2a: Zygarde|slp|[from] move: Rest
|-heal|p2a: Zygarde|100/100 slp|[silent]
|cant|p1a: Scizor|par
|
|upkeep
|turn|58
|
|t:|1658472292
|switch|p1a: Yveltal|Yveltal|74/100 par
|-ability|p1a: Yveltal|Dark Aura
|cant|p2a: Zygarde|slp
|
|upkeep
|turn|59
|
|t:|1658472299
|switch|p2a: Chansey|Chansey, F|28/100
|move|p1a: Yveltal|Knock Off|p2a: Chansey
|-crit|p2a: Chansey
|-damage|p2a: Chansey|0 fnt
|faint|p2a: Chansey
|
|upkeep
|
|t:|1658472303
|switch|p2a: Groudon|Groudon-Primal|10/100
|-weather|DesolateLand|[from] ability: Desolate Land|[of] p2a: Groudon
|turn|60
|
|t:|1658472319
|switch|p1a: Arceus|Arceus-Rock|100/100
|-damage|p1a: Arceus|88/100|[from] Stealth Rock
|move|p2a: Groudon|Stone Edge|p1a: Arceus|[miss]
|-miss|p2a: Groudon|p1a: Arceus
|
|-weather|DesolateLand|[upkeep]
|upkeep
|turn|61
|l|☆Glaliegoesboom ❤
|inactive|Glaliegoesboom ❤ disconnected and has a minute to reconnect!
|player|p2|
|c|☆UncleShannon|Good
|j|☆Glaliegoesboom ❤
|inactive|Glaliegoesboom ❤ reconnected and has 130 seconds left.
|player|p2|Glaliegoesboom ❤|102
|inactive|UncleShannon has 120 seconds left.
|inactive|Glaliegoesboom ❤ has 120 seconds left.
|c|☆UncleShannon|Aye bro
|
|t:|1658472350
|move|p1a: Arceus|Judgment|p2a: Groudon
|-damage|p2a: Groudon|0 fnt
|faint|p2a: Groudon
|-weather|none
|
|upkeep
|-message|Glaliegoesboom ❤ forfeited.
|
|win|UncleShannon
|raw|UncleShannon's rating: 1809 &rarr; <strong>1841</strong><br />(+32 for winning)
|raw|Glaliegoesboom ❤'s rating: 2042 &rarr; <strong>2010</strong><br />(-32 for losing)
|l|☆Glaliegoesboom ❤
|c|☆UncleShannon|Do me a favor
|c|☆UncleShannon|Yeah
|c|☆UncleShannon|Wit this punk ass stall
|l|☆UncleShannon
|l| rahull
|j|☆UncleShannon
|player|p1|UncleShannon|2
|l|☆UncleShannon
|player|p1|
