|j|☆Papa hue
|j|☆SaintLaplace
|t:|1663206891
|gametype|singles
|player|p1|Papa hue|169|1492
|player|p2|SaintLaplace|hilda-wonderlauncher|1606
|teamsize|p1|6
|teamsize|p2|6
|gen|8
|tier|[Gen 8] National Dex AG
|rated|
|rule|HP Percentage Mod: HP is shown in percentages
|rule|Endless Battle Clause: Forcing endless battles is banned
|clearpoke
|poke|p1|Delphox, M|
|poke|p1|Galvantula, F|
|poke|p1|Tapu Lele|
|poke|p1|Ditto|
|poke|p1|Ninetales-Alola, M|
|poke|p1|Cinderace, M|
|poke|p2|Necrozma-Dusk-Mane|
|poke|p2|Zygarde|
|poke|p2|Rayquaza|
|poke|p2|Necrozma-Dawn-Wings|
|poke|p2|Marshadow|
|poke|p2|Skarmory, M|
|teampreview
|inactive|Battle timer is ON: inactive players will automatically lose when time's up. (requested by SaintLaplace)
|
|t:|1663206898
|start
|switch|p1a: Cinderace|Cinderace, M|100/100
|switch|p2a: Skarmory|Skarmory, M|100/100
|turn|1
|
|t:|1663206901
|move|p1a: Cinderace|Pyro Ball|p2a: Skarmory
|-supereffective|p2a: Skarmory
|-damage|p2a: Skarmory|27/100
|-status|p2a: Skarmory|brn
|-enditem|p2a: Skarmory|Red Card|[of] p1a: Cinderace
|drag|p1a: Ninetales|Ninetales-Alola, M|100/100
|-weather|Hail|[from] ability: Snow Warning|[of] p1a: Ninetales
|move|p2a: Skarmory|Stealth Rock|p1a: Ninetales
|-sidestart|p1: Papa hue|move: Stealth Rock
|
|-weather|Hail|[upkeep]
|-damage|p2a: Skarmory|21/100 brn|[from] Hail
|-damage|p2a: Skarmory|15/100 brn|[from] brn
|upkeep
|turn|2
|
|t:|1663206908
|move|p1a: Ninetales|Aurora Veil|p1a: Ninetales
|-sidestart|p1: Papa hue|move: Aurora Veil
|move|p2a: Skarmory|Toxic|p1a: Ninetales
|-status|p1a: Ninetales|tox
|
|-weather|Hail|[upkeep]
|-damage|p2a: Skarmory|9/100 brn|[from] Hail
|-damage|p1a: Ninetales|94/100 tox|[from] psn
|-damage|p2a: Skarmory|3/100 brn|[from] brn
|upkeep
|turn|3
|
|t:|1663206912
|move|p1a: Ninetales|Encore|p2a: Skarmory
|-start|p2a: Skarmory|Encore
|move|p2a: Skarmory|Toxic|p1a: Ninetales
|-fail|p1a: Ninetales|tox
|
|-weather|Hail|[upkeep]
|-damage|p2a: Skarmory|0 fnt|[from] Hail
|faint|p2a: Skarmory
|-damage|p1a: Ninetales|82/100 tox|[from] psn
|upkeep
|
|t:|1663206919
|switch|p2a: Necrozma|Necrozma-Dusk-Mane, shiny|100/100
|turn|4
|
|t:|1663206930
|switch|p1a: Tapu Lele|Tapu Lele|100/100
|-damage|p1a: Tapu Lele|88/100|[from] Stealth Rock
|-fieldstart|move: Psychic Terrain|[from] ability: Psychic Surge|[of] p1a: Tapu Lele
|move|p2a: Necrozma|Autotomize|p2a: Necrozma
|-boost|p2a: Necrozma|spe|2
|-start|p2a: Necrozma|Autotomize
|
|-weather|Hail|[upkeep]
|-damage|p2a: Necrozma|95/100|[from] Hail
|-damage|p1a: Tapu Lele|82/100|[from] Hail
|upkeep
|turn|5
|
|t:|1663206937
|-start|p2a: Necrozma|Dynamax|
|-heal|p2a: Necrozma|95/100|[silent]
|move|p2a: Necrozma|Max Steelspike|p1a: Tapu Lele
|-supereffective|p1a: Tapu Lele
|-damage|p1a: Tapu Lele|0 fnt
|-boost|p2a: Necrozma|def|1
|faint|p1a: Tapu Lele
|
|-weather|none
|upkeep
|
|t:|1663206949
|switch|p1a: Galvantula|Galvantula, F|100/100
|-damage|p1a: Galvantula|76/100|[from] Stealth Rock
|turn|6
|
|t:|1663206956
|move|p2a: Necrozma|Max Steelspike|p1a: Galvantula
|-resisted|p1a: Galvantula
|-damage|p1a: Galvantula|35/100
|-boost|p2a: Necrozma|def|1
|move|p1a: Galvantula|Thunder Wave|p2a: Necrozma
|-status|p2a: Necrozma|par
|
|upkeep
|turn|7
|
|t:|1663206975
|switch|p1a: Ninetales|Ninetales-Alola, M|82/100 tox
|-damage|p1a: Ninetales|57/100 tox|[from] Stealth Rock
|-weather|Hail|[from] ability: Snow Warning|[of] p1a: Ninetales
|move|p2a: Necrozma|Max Quake|p1a: Ninetales
|-damage|p1a: Ninetales|12/100 tox
|-boost|p2a: Necrozma|spd|1
|
|-weather|Hail|[upkeep]
|-damage|p2a: Necrozma|92/100 par|[from] Hail
|-damage|p1a: Ninetales|6/100 tox|[from] psn
|upkeep
|-end|p2a: Necrozma|Dynamax
|-heal|p2a: Necrozma|92/100 par|[silent]
|turn|8
|
|t:|1663206983
|move|p1a: Ninetales|Moonblast|p2a: Necrozma
|-resisted|p2a: Necrozma
|-damage|p2a: Necrozma|79/100 par
|move|p2a: Necrozma|Photon Geyser|p1a: Ninetales
|-damage|p1a: Ninetales|0 fnt
|faint|p1a: Ninetales
|
|-weather|Hail|[upkeep]
|-damage|p2a: Necrozma|73/100 par|[from] Hail
|upkeep
|
|t:|1663206986
|switch|p1a: Cinderace|Cinderace, M|100/100
|turn|9
|
|t:|1663206989
|move|p1a: Cinderace|Court Change|p1a: Cinderace
|-start|p1a: Cinderace|typechange|Normal|[from] ability: Libero
|-swapsideconditions
|-activate|p1a: Cinderace|move: Court Change
|move|p2a: Necrozma|Photon Geyser|p1a: Cinderace
|-damage|p1a: Cinderace|0 fnt
|faint|p1a: Cinderace
|
|-weather|Hail|[upkeep]
|-damage|p2a: Necrozma|67/100 par|[from] Hail
|-sideend|p2: SaintLaplace|move: Aurora Veil
|upkeep
|
|t:|1663206992
|switch|p1a: Galvantula|Galvantula, F|35/100
|turn|10
|
|t:|1663206997
|move|p1a: Galvantula|Sticky Web|p2a: Necrozma
|-sidestart|p2: SaintLaplace|move: Sticky Web
|cant|p2a: Necrozma|par
|
|-weather|Hail|[upkeep]
|-damage|p1a: Galvantula|29/100|[from] Hail
|-damage|p2a: Necrozma|61/100 par|[from] Hail
|upkeep
|turn|11
|
|t:|1663207003
|move|p1a: Galvantula|Bug Buzz|p2a: Necrozma
|-damage|p2a: Necrozma|37/100 par
|cant|p2a: Necrozma|par
|
|-weather|none
|-fieldend|move: Psychic Terrain
|upkeep
|turn|12
|
|t:|1663207008
|move|p1a: Galvantula|Bug Buzz|p2a: Necrozma
|-damage|p2a: Necrozma|12/100 par
|move|p2a: Necrozma|Photon Geyser|p1a: Galvantula
|-damage|p1a: Galvantula|0 fnt
|faint|p1a: Galvantula
|
|upkeep
|
|t:|1663207009
|switch|p1a: Delphox|Delphox, M|100/100
|turn|13
|
|t:|1663207014
|move|p1a: Delphox|Flamethrower|p2a: Necrozma
|-supereffective|p2a: Necrozma
|-damage|p2a: Necrozma|0 fnt
|faint|p2a: Necrozma
|
|upkeep
|
|t:|1663207018
|switch|p2a: Zygarde|Zygarde, shiny|100/100
|-damage|p2a: Zygarde|94/100|[from] Stealth Rock
|-activate|p2a: Zygarde|move: Sticky Web
|-unboost|p2a: Zygarde|spe|1
|turn|14
|
|t:|1663207025
|-start|p1a: Delphox|Dynamax|
|-heal|p1a: Delphox|100/100|[silent]
|move|p1a: Delphox|Max Starfall|p2a: Zygarde
|-supereffective|p2a: Zygarde
|-damage|p2a: Zygarde|18/100
|-fieldstart|move: Misty Terrain
|move|p2a: Zygarde|Dragon Dance|p2a: Zygarde
|-boost|p2a: Zygarde|atk|1
|-boost|p2a: Zygarde|spe|1
|
|-activate|p2a: Zygarde|ability: Power Construct
|detailschange|p2a: Zygarde|Zygarde-Complete, shiny
|-heal|p2a: Zygarde|48/100|[silent]
|upkeep
|turn|15
|
|t:|1663207039
|move|p1a: Delphox|Max Starfall|p2a: Zygarde
|-supereffective|p2a: Zygarde
|-damage|p2a: Zygarde|3/100
|move|p2a: Zygarde|Thousand Arrows|p1a: Delphox
|-supereffective|p1a: Delphox
|-damage|p1a: Delphox|9/100
|-enditem|p1a: Delphox|Weakness Policy
|-boost|p1a: Delphox|atk|2|[from] item: Weakness Policy
|-boost|p1a: Delphox|spa|2|[from] item: Weakness Policy
|
|upkeep
|turn|16
|
|t:|1663207046
|move|p1a: Delphox|Max Mindstorm|p2a: Zygarde
|-damage|p2a: Zygarde|0 fnt
|-fieldstart|move: Psychic Terrain
|faint|p2a: Zygarde
|
|upkeep
|
|t:|1663207049
|switch|p2a: Marshadow|Marshadow|100/100
|-damage|p2a: Marshadow|94/100|[from] Stealth Rock
|-activate|p2a: Marshadow|move: Sticky Web
|-unboost|p2a: Marshadow|spe|1
|-end|p1a: Delphox|Dynamax
|-heal|p1a: Delphox|9/100|[silent]
|turn|17
|
|t:|1663207057
|move|p1a: Delphox|Psyshock|p2a: Marshadow
|-supereffective|p2a: Marshadow
|-damage|p2a: Marshadow|0 fnt
|faint|p2a: Marshadow
|
|upkeep
|
|t:|1663207061
|switch|p2a: Rayquaza|Rayquaza|100/100
|-damage|p2a: Rayquaza|76/100|[from] Stealth Rock
|-ability|p2a: Rayquaza|Air Lock
|turn|18
|
|t:|1663207068
|detailschange|p2a: Rayquaza|Rayquaza-Mega
|-mega|p2a: Rayquaza|Rayquaza|
|-weather|DeltaStream|[from] ability: Delta Stream|[of] p2a: Rayquaza
|move|p1a: Delphox|Dazzling Gleam|p2a: Rayquaza
|-supereffective|p2a: Rayquaza
|-damage|p2a: Rayquaza|0 fnt
|faint|p2a: Rayquaza
|-weather|none
|
|upkeep
|
|t:|1663207073
|switch|p2a: Necrozma|Necrozma-Dawn-Wings, shiny|100/100
|-damage|p2a: Necrozma|88/100|[from] Stealth Rock
|-activate|p2a: Necrozma|move: Sticky Web
|-unboost|p2a: Necrozma|spe|1
|turn|19
|
|t:|1663207079
|detailschange|p2a: Necrozma|Necrozma-Ultra, shiny
|-burst|p2a: Necrozma|Necrozma|Ultranecrozium Z
|move|p1a: Delphox|Shadow Ball|p2a: Necrozma
|-supereffective|p2a: Necrozma
|-damage|p2a: Necrozma|0 fnt
|faint|p2a: Necrozma
|
|win|Papa hue
|raw|Papa hue's rating: 1492 &rarr; <strong>1518</strong><br />(+26 for winning)
|raw|SaintLaplace's rating: 1606 &rarr; <strong>1580</strong><br />(-26 for losing)
|l|☆SaintLaplace
|c|☆Papa hue|Gg
||Ladder isn't responding, score probably updated but might not have (Request timeout).
