|j|☆amnael01
|j|☆iroeweuio
|t:|1662238835
|gametype|singles
|player|p1|amnael01|266|1802
|player|p2|iroeweuio|2|1703
|teamsize|p1|6
|teamsize|p2|6
|gen|8
|tier|[Gen 8] National Dex AG
|rated|
|rule|HP Percentage Mod: HP is shown in percentages
|rule|Endless Battle Clause: Forcing endless battles is banned
|clearpoke
|poke|p1|Smeargle, F|
|poke|p1|Groudon|
|poke|p1|Espeon, F|
|poke|p1|Rayquaza|
|poke|p1|Xerneas-*|
|poke|p1|Zacian-*|
|poke|p2|Chatot, F|
|poke|p2|Weavile, M|
|poke|p2|Giratina-Origin|
|poke|p2|Ditto|
|poke|p2|Breloom, M|
|poke|p2|Wobbuffet, F|
|teampreview
|
|t:|1662238842
|start
|switch|p1a: Groudon|Groudon|100/100
|switch|p2a: Weavile|Weavile, M|100/100
|-ability|p2a: Weavile|Pressure
|detailschange|p1a: Groudon|Groudon-Primal
|-primal|p1a: Groudon
|-weather|DesolateLand|[from] ability: Desolate Land|[of] p1a: Groudon
|turn|1
|
|t:|1662238847
|move|p2a: Weavile|Assist|p2a: Weavile
|move|p2a: Weavile|Spore|p1a: Groudon|[from]move: Assist
|-status|p1a: Groudon|slp|[from] move: Spore
|cant|p1a: Groudon|slp
|
|-weather|DesolateLand|[upkeep]
|upkeep
|turn|2
|
|t:|1662238849
|move|p2a: Weavile|Substitute|p2a: Weavile
|-start|p2a: Weavile|Substitute
|-damage|p2a: Weavile|76/100
|cant|p1a: Groudon|slp
|
|-weather|DesolateLand|[upkeep]
|-heal|p2a: Weavile|82/100|[from] item: Leftovers
|upkeep
|turn|3
|
|t:|1662238852
|move|p2a: Weavile|Swords Dance|p2a: Weavile
|-boost|p2a: Weavile|atk|2
|cant|p1a: Groudon|slp
|
|-weather|DesolateLand|[upkeep]
|-heal|p2a: Weavile|88/100|[from] item: Leftovers
|upkeep
|turn|4
|
|t:|1662238854
|move|p2a: Weavile|Triple Axel|p1a: Groudon
|-damage|p1a: Groudon|87/100 slp
|-damage|p1a: Groudon|61/100 slp
|-damage|p1a: Groudon|25/100 slp
|-hitcount|p1a: Groudon|3
|-curestatus|p1a: Groudon|slp|[msg]
|move|p1a: Groudon|Roar|p2a: Weavile
|drag|p2a: Giratina|Giratina-Origin|100/100
|
|-weather|DesolateLand|[upkeep]
|upkeep
|turn|5
|
|t:|1662238860
|-start|p2a: Giratina|Dynamax|
|-heal|p2a: Giratina|100/100|[silent]
|move|p2a: Giratina|Max Airstream|p1a: Groudon
|-damage|p1a: Groudon|0 fnt
|-boost|p2a: Giratina|spe|1
|faint|p1a: Groudon
|-weather|none
|
|upkeep
|
|t:|1662238867
|switch|p1a: Smeargle|Smeargle, F|100/100
|turn|6
|
|t:|1662238872
|-end|p2a: Giratina|Dynamax
|-heal|p2a: Giratina|100/100|[silent]
|switch|p2a: Breloom|Breloom, M|100/100
|move|p1a: Smeargle|Spore|p2a: Breloom
|-immune|p2a: Breloom
|
|-ability|p1a: Smeargle|Moody|boost
|-boost|p1a: Smeargle|spe|2
|-unboost|p1a: Smeargle|spa|1
|-status|p2a: Breloom|tox|[from] item: Toxic Orb
|upkeep
|turn|7
|
|t:|1662238877
|-singleturn|p2a: Breloom|move: Focus Punch
|move|p1a: Smeargle|Baton Pass|p1a: Smeargle
|
|t:|1662238885
|switch|p1a: Rayquaza|Rayquaza|100/100|[from]move: Baton Pass
|-ability|p1a: Rayquaza|Air Lock
|move|p2a: Breloom|Focus Punch|p1a: Rayquaza
|-resisted|p1a: Rayquaza
|-damage|p1a: Rayquaza|51/100
|
|upkeep
|turn|8
|
|t:|1662238892
|switch|p2a: Wobbuffet|Wobbuffet, F|100/100
|detailschange|p1a: Rayquaza|Rayquaza-Mega
|-mega|p1a: Rayquaza|Rayquaza|
|-weather|DeltaStream|[from] ability: Delta Stream|[of] p1a: Rayquaza
|move|p1a: Rayquaza|Dragon Ascent|p2a: Wobbuffet
|-damage|p2a: Wobbuffet|28/100
|-unboost|p1a: Rayquaza|def|1
|-unboost|p1a: Rayquaza|spd|1
|
|-weather|DeltaStream|[upkeep]
|upkeep
|turn|9
|
|t:|1662238897
|move|p1a: Rayquaza|Dragon Ascent|p2a: Wobbuffet
|-damage|p2a: Wobbuffet|0 fnt
|-unboost|p1a: Rayquaza|def|1
|-unboost|p1a: Rayquaza|spd|1
|faint|p2a: Wobbuffet
|
|-weather|DeltaStream|[upkeep]
|upkeep
|
|t:|1662238900
|switch|p2a: Ditto|Ditto|100/100
|-transform|p2a: Ditto|p1a: Rayquaza|[from] ability: Imposter
|turn|10
|
|t:|1662238902
|move|p2a: Ditto|Extreme Speed|p1a: Rayquaza
|-damage|p1a: Rayquaza|0 fnt
|faint|p1a: Rayquaza
|
|-weather|DeltaStream|[upkeep]
|upkeep
|
|t:|1662238907
|switch|p1a: Zacian|Zacian-Crowned|100/100
|-ability|p1a: Zacian|Intrepid Sword|boost
|-boost|p1a: Zacian|atk|1
|turn|11
|
|t:|1662238914
|-weather|none
|switch|p2a: Chatot|Chatot, F|100/100
|move|p1a: Zacian|Behemoth Blade|p2a: Chatot
|-damage|p2a: Chatot|0 fnt
|faint|p2a: Chatot
|
|upkeep
|
|t:|1662238916
|switch|p2a: Ditto|Ditto|100/100
|-transform|p2a: Ditto|p1a: Zacian|[from] ability: Imposter
|-ability|p2a: Ditto|Intrepid Sword|boost
|-boost|p2a: Ditto|atk|1
|turn|12
|
|t:|1662238921
|move|p2a: Ditto|Behemoth Blade|p1a: Zacian
|-damage|p1a: Zacian|0 fnt
|faint|p1a: Zacian
|
|upkeep
|
|t:|1662238923
|switch|p1a: Smeargle|Smeargle, F|100/100
|turn|13
|
|t:|1662238928
|switch|p2a: Breloom|Breloom, M|100/100 tox
|move|p1a: Smeargle|Spiky Shield||[still]
|-fail|p1a: Smeargle
|
|-ability|p1a: Smeargle|Moody|boost
|-boost|p1a: Smeargle|spe|2
|-unboost|p1a: Smeargle|spa|1
|upkeep
|turn|14
|
|t:|1662238933
|move|p1a: Smeargle|Spiky Shield|p1a: Smeargle
|-singleturn|p1a: Smeargle|move: Protect
|move|p2a: Breloom|Spore|p1a: Smeargle
|-activate|p1a: Smeargle|move: Protect
|
|-ability|p1a: Smeargle|Moody|boost
|-boost|p1a: Smeargle|def|2
|-unboost|p1a: Smeargle|spa|1
|upkeep
|turn|15
|
|t:|1662238939
|-singleturn|p2a: Breloom|move: Focus Punch
|move|p1a: Smeargle|Shift Gear|p1a: Smeargle
|-boost|p1a: Smeargle|spe|2
|-boost|p1a: Smeargle|atk|1
|move|p2a: Breloom|Focus Punch|p1a: Smeargle
|-supereffective|p1a: Smeargle
|-enditem|p1a: Smeargle|Focus Sash
|-damage|p1a: Smeargle|1/100
|
|-ability|p1a: Smeargle|Moody|boost
|-boost|p1a: Smeargle|spa|2
|-unboost|p1a: Smeargle|spe|1
|upkeep
|turn|16
|
|t:|1662238948
|move|p1a: Smeargle|Spiky Shield|p1a: Smeargle
|-singleturn|p1a: Smeargle|move: Protect
|move|p2a: Breloom|Feint|p1a: Smeargle
|-activate|p1a: Smeargle|move: Feint
|-crit|p1a: Smeargle
|-damage|p1a: Smeargle|0 fnt
|faint|p1a: Smeargle
|
|upkeep
|
|t:|1662238952
|switch|p1a: Espeon|Espeon, F|100/100
|turn|17
|
|t:|1662238955
|switch|p2a: Giratina|Giratina-Origin|100/100
|move|p1a: Espeon|Psychic|p2a: Giratina
|-damage|p2a: Giratina|67/100
|
|upkeep
|turn|18
|
|t:|1662238957
|move|p1a: Espeon|Yawn|p2a: Giratina
|-start|p2a: Giratina|move: Yawn|[of] p1a: Espeon
|move|p2a: Giratina|Shadow Force||[still]
|-prepare|p2a: Giratina|Shadow Force
|
|upkeep
|turn|19
|
|t:|1662238962
|move|p1a: Espeon|Psychic|p2a: Giratina|[miss]
|-miss|p1a: Espeon|p2a: Giratina
|move|p2a: Giratina|Shadow Force|p1a: Espeon|[from]lockedmove
|-supereffective|p1a: Espeon
|-enditem|p1a: Espeon|Focus Sash
|-damage|p1a: Espeon|1/100
|
|-end|p2a: Giratina|move: Yawn|[silent]
|-status|p2a: Giratina|slp
|upkeep
|turn|20
|
|t:|1662238965
|move|p1a: Espeon|Baton Pass|p1a: Espeon
|
|t:|1662238966
|switch|p1a: Xerneas|Xerneas|100/100|[from]move: Baton Pass
|-ability|p1a: Xerneas|Fairy Aura
|cant|p2a: Giratina|slp
|
|upkeep
|turn|21
|
|t:|1662238971
|cant|p2a: Giratina|slp
|move|p1a: Xerneas|Geomancy||[still]
|-prepare|p1a: Xerneas|Geomancy
|-enditem|p1a: Xerneas|Power Herb
|-anim|p1a: Xerneas|Geomancy|p1a: Xerneas
|-boost|p1a: Xerneas|spa|2
|-boost|p1a: Xerneas|spd|2
|-boost|p1a: Xerneas|spe|2
|
|upkeep
|turn|22
|
|t:|1662238973
|move|p1a: Xerneas|Moonblast|p2a: Giratina
|-supereffective|p2a: Giratina
|-damage|p2a: Giratina|0 fnt
|faint|p2a: Giratina
|
|upkeep
|
|t:|1662238975
|switch|p2a: Ditto|Ditto|100/100
|-transform|p2a: Ditto|p1a: Xerneas|[from] ability: Imposter
|-ability|p2a: Ditto|Fairy Aura
|turn|23
|
|t:|1662238978
|-start|p1a: Xerneas|Dynamax|
|-heal|p1a: Xerneas|100/100|[silent]
|move|p2a: Ditto|Moonblast|p1a: Xerneas
|-damage|p1a: Xerneas|82/100
|move|p1a: Xerneas|Max Starfall|p2a: Ditto
|-damage|p2a: Ditto|21/100
|-fieldstart|move: Misty Terrain
|
|upkeep
|turn|24
|
|t:|1662238985
|switch|p2a: Breloom|Breloom, M|100/100 tox
|move|p1a: Xerneas|Max Starfall|p2a: Breloom
|-supereffective|p2a: Breloom
|-damage|p2a: Breloom|0 fnt
|faint|p2a: Breloom
|
|upkeep
|
|t:|1662238991
|switch|p2a: Ditto|Ditto|21/100
|-transform|p2a: Ditto|p1a: Xerneas|[from] ability: Imposter
|-ability|p2a: Ditto|Fairy Aura
|turn|25
|
|t:|1662238994
|move|p2a: Ditto|Moonblast|p1a: Xerneas
|-damage|p1a: Xerneas|64/100
|move|p1a: Xerneas|Max Starfall|p2a: Ditto
|-damage|p2a: Ditto|0 fnt
|faint|p2a: Ditto
|
|upkeep
|
|t:|1662238996
|switch|p2a: Weavile|Weavile, M|88/100
|-ability|p2a: Weavile|Pressure
|-end|p1a: Xerneas|Dynamax
|-heal|p1a: Xerneas|64/100|[silent]
|turn|26
|
|t:|1662238998
|move|p1a: Xerneas|Moonblast|p2a: Weavile
|-supereffective|p2a: Weavile
|-damage|p2a: Weavile|0 fnt
|faint|p2a: Weavile
|
|win|amnael01
|raw|amnael01's rating: 1802 &rarr; <strong>1816</strong><br />(+14 for winning)
|raw|iroeweuio's rating: 1703 &rarr; <strong>1689</strong><br />(-14 for losing)
|c|☆iroeweuio|gg
|l|☆amnael01
