|j|☆VolcanicDonut
|j|☆Whitedevil12345678
|t:|1664722903
|gametype|singles
|player|p1|VolcanicDonut|169|1653
|player|p2|Whitedevil12345678|blue-gen3two|1867
|teamsize|p1|6
|teamsize|p2|6
|gen|8
|tier|[Gen 8] National Dex AG
|rated|
|rule|HP Percentage Mod: HP is shown in percentages
|rule|Endless Battle Clause: Forcing endless battles is banned
|clearpoke
|poke|p1|Smeargle, M|
|poke|p1|Kangaskhan, F|
|poke|p1|Arceus-*|
|poke|p1|Xerneas-*|
|poke|p1|Greninja, M|
|poke|p1|Eevee, F|
|poke|p2|Arceus-*|
|poke|p2|Necrozma-Dusk-Mane|
|poke|p2|Zygarde|
|poke|p2|Ditto|
|poke|p2|Yveltal|
|poke|p2|Arceus-*|
|teampreview
|inactive|Battle timer is ON: inactive players will automatically lose when time's up. (requested by Whitedevil12345678)
|
|t:|1664722918
|start
|switch|p1a: Kermit|Greninja, M|100/100
|switch|p2a: Arceus|Arceus-Fairy|100/100
|turn|1
|
|t:|1664722923
|move|p1a: Kermit|Taunt|p2a: Arceus
|-start|p2a: Arceus|move: Taunt
|cant|p2a: Arceus|move: Taunt|Stealth Rock
|
|upkeep
|turn|2
|
|t:|1664722927
|move|p1a: Kermit|Fling|p2a: Arceus
|-resisted|p2a: Arceus
|-damage|p2a: Arceus|97/100
|-status|p2a: Arceus|par
|-enditem|p1a: Kermit|Light Ball|[from] move: Fling
|move|p2a: Arceus|Judgment|p1a: Kermit
|-supereffective|p1a: Kermit
|-damage|p1a: Kermit|0 fnt
|faint|p1a: Kermit
|
|upkeep
|
|t:|1664722933
|switch|p1a: Taunt This|Smeargle, M|100/100
|turn|3
|
|t:|1664722938
|move|p1a: Taunt This|Stealth Rock|p2a: Arceus
|-sidestart|p2: Whitedevil12345678|move: Stealth Rock
|move|p2a: Arceus|Judgment|p1a: Taunt This
|-damage|p1a: Taunt This|8/100
|
|-end|p2a: Arceus|move: Taunt
|upkeep
|turn|4
|
|t:|1664722942
|move|p1a: Taunt This|Memento|p2a: Arceus
|-unboost|p2a: Arceus|atk|2
|-unboost|p2a: Arceus|spa|2
|faint|p1a: Taunt This
|move|p2a: Arceus|Stealth Rock|p1: Taunt This
|-sidestart|p1: VolcanicDonut|move: Stealth Rock
|
|upkeep
|
|t:|1664722944
|switch|p1a: Evoboost Cringe|Eevee, F|100/100
|-damage|p1a: Evoboost Cringe|88/100|[from] Stealth Rock
|turn|5
|
|t:|1664722949
|switch|p2a: Zygarde|Zygarde, shiny|100/100
|-damage|p2a: Zygarde|94/100|[from] Stealth Rock
|-zpower|p1a: Evoboost Cringe
|move|p1a: Evoboost Cringe|Extreme Evoboost|p1a: Evoboost Cringe
|-boost|p1a: Evoboost Cringe|atk|2
|-boost|p1a: Evoboost Cringe|def|2
|-boost|p1a: Evoboost Cringe|spa|2
|-boost|p1a: Evoboost Cringe|spd|2
|-boost|p1a: Evoboost Cringe|spe|2
|
|-heal|p2a: Zygarde|100/100|[from] item: Leftovers
|upkeep
|turn|6
|
|t:|1664722952
|move|p1a: Evoboost Cringe|Baton Pass|p1a: Evoboost Cringe
|
|t:|1664722953
|switch|p1a: Bambi|Arceus|100/100|[from]move: Baton Pass
|-damage|p1a: Bambi|88/100|[from] Stealth Rock
|move|p2a: Zygarde|Haze|p2a: Zygarde
|-clearallboost
|
|upkeep
|turn|7
|
|t:|1664722958
|move|p1a: Bambi|Judgment|p2a: Zygarde
|-damage|p2a: Zygarde|55/100
|move|p2a: Zygarde|Glare|p1a: Bambi
|-status|p1a: Bambi|par
|
|-heal|p2a: Zygarde|61/100|[from] item: Leftovers
|upkeep
|turn|8
|
|t:|1664722964
|switch|p2a: Arceus|Arceus-Fairy|97/100 par
|-damage|p2a: Arceus|85/100 par|[from] Stealth Rock
|move|p1a: Bambi|Rest|p1a: Bambi
|-status|p1a: Bambi|slp|[from] move: Rest
|-heal|p1a: Bambi|100/100 slp|[silent]
|
|upkeep
|turn|9
|
|t:|1664722972
|switch|p2a: Necrozma|Necrozma-Dusk-Mane|100/100
|-damage|p2a: Necrozma|94/100|[from] Stealth Rock
|cant|p1a: Bambi|slp
|move|p1a: Bambi|Snore|p2a: Necrozma
|-resisted|p2a: Necrozma
|-damage|p2a: Necrozma|86/100
|
|upkeep
|turn|10
|
|t:|1664722974
|cant|p1a: Bambi|slp
|move|p1a: Bambi|Snore|p2a: Necrozma
|-resisted|p2a: Necrozma
|-damage|p2a: Necrozma|78/100
|move|p2a: Necrozma|Dragon Dance|p2a: Necrozma
|-boost|p2a: Necrozma|atk|1
|-boost|p2a: Necrozma|spe|1
|
|upkeep
|turn|11
|
|t:|1664722979
|move|p2a: Necrozma|Dragon Dance|p2a: Necrozma
|-boost|p2a: Necrozma|atk|1
|-boost|p2a: Necrozma|spe|1
|-curestatus|p1a: Bambi|slp|[msg]
|move|p1a: Bambi|Shadow Ball|p2a: Necrozma
|-supereffective|p2a: Necrozma
|-damage|p2a: Necrozma|53/100
|-unboost|p2a: Necrozma|spd|1
|-enditem|p2a: Necrozma|Weakness Policy
|-boost|p2a: Necrozma|atk|2|[from] item: Weakness Policy
|-boost|p2a: Necrozma|spa|2|[from] item: Weakness Policy
|
|upkeep
|turn|12
|
|t:|1664722988
|-start|p2a: Necrozma|Dynamax|
|-heal|p2a: Necrozma|53/100|[silent]
|move|p2a: Necrozma|Max Steelspike|p1a: Bambi
|-damage|p1a: Bambi|0 fnt
|-boost|p2a: Necrozma|def|1
|faint|p1a: Bambi
|
|upkeep
|
|t:|1664722999
|switch|p1a: Lol @ Marshadow|Kangaskhan, F|100/100
|-damage|p1a: Lol @ Marshadow|88/100|[from] Stealth Rock
|turn|13
|-message|VolcanicDonut forfeited.
|
|win|Whitedevil12345678
|raw|VolcanicDonut's rating: 1653 &rarr; <strong>1644</strong><br />(-9 for losing)
|raw|Whitedevil12345678's rating: 1867 &rarr; <strong>1876</strong><br />(+9 for winning)
|l|☆VolcanicDonut
