|j|☆nyanpekka
|j|☆Big round man
|t:|1668439572
|gametype|singles
|player|p1|nyanpekka|rosa|1630
|player|p2|Big round man|crasherwake|1609
|teamsize|p1|6
|teamsize|p2|6
|gen|8
|tier|[Gen 8] National Dex AG
|rated|
|rule|HP Percentage Mod: HP is shown in percentages
|rule|Endless Battle Clause: Forcing endless battles is banned
|clearpoke
|poke|p1|Zacian-*|
|poke|p1|Rayquaza|
|poke|p1|Arceus-*|
|poke|p1|Yveltal|
|poke|p1|Cinderace, F|
|poke|p1|Marshadow|
|poke|p2|Ditto|
|poke|p2|Regieleki|
|poke|p2|Forretress, F|
|poke|p2|Landorus, M|
|poke|p2|Dragapult, M|
|poke|p2|Necrozma-Dusk-Mane|
|teampreview
|inactive|Battle timer is ON: inactive players will automatically lose when time's up. (requested by nyanpekka)
|c|☆Big round man|Glhf
|
|t:|1668439583
|start
|switch|p1a: Yveltal|Yveltal|100/100
|switch|p2a: Landorus|Landorus, M|100/100
|-ability|p1a: Yveltal|Dark Aura
|turn|1
|
|t:|1668439588
|move|p1a: Yveltal|Knock Off|p2a: Landorus
|-damage|p2a: Landorus|0 fnt
|-enditem|p2a: Landorus|Life Orb|[from] move: Knock Off|[of] p1a: Yveltal
|faint|p2a: Landorus
|
|upkeep
|
|t:|1668439596
|switch|p2a: Goldmember|Forretress, F, shiny|100/100
|turn|2
|
|t:|1668439599
|move|p1a: Yveltal|Knock Off|p2a: Goldmember
|-damage|p2a: Goldmember|34/100
|-enditem|p2a: Goldmember|Leftovers|[from] move: Knock Off|[of] p1a: Yveltal
|move|p2a: Goldmember|Stealth Rock|p1a: Yveltal
|-sidestart|p1: nyanpekka|move: Stealth Rock
|
|upkeep
|turn|3
|
|t:|1668439604
|move|p1a: Yveltal|Knock Off|p2a: Goldmember
|-damage|p2a: Goldmember|0 fnt
|faint|p2a: Goldmember
|
|upkeep
|
|t:|1668439606
|switch|p2a: Banana|Regieleki, shiny|100/100
|turn|4
|
|t:|1668439620
|switch|p1a: Zacian|Zacian-Crowned|100/100
|-damage|p1a: Zacian|94/100|[from] Stealth Rock
|-ability|p1a: Zacian|Intrepid Sword|boost
|-boost|p1a: Zacian|atk|1
|move|p2a: Banana|Protect||[still]
|-fail|p2a: Banana
|
|upkeep
|turn|5
|
|t:|1668439628
|-start|p2a: Banana|Dynamax|
|-heal|p2a: Banana|100/100|[silent]
|move|p2a: Banana|Max Lightning|p1a: Zacian
|-damage|p1a: Zacian|0 fnt
|-fieldstart|move: Electric Terrain
|faint|p1a: Zacian
|-damage|p2a: Banana|96/100|[from] item: Life Orb
|
|upkeep
|
|t:|1668439636
|switch|p1a: Rayquaza|Rayquaza|100/100
|-damage|p1a: Rayquaza|76/100|[from] Stealth Rock
|-ability|p1a: Rayquaza|Air Lock
|turn|6
|
|t:|1668439641
|detailschange|p1a: Rayquaza|Rayquaza-Mega
|-mega|p1a: Rayquaza|Rayquaza|
|-weather|DeltaStream|[from] ability: Delta Stream|[of] p1a: Rayquaza
|move|p1a: Rayquaza|Earthquake|p2a: Banana
|-supereffective|p2a: Banana
|-crit|p2a: Banana
|-damage|p2a: Banana|0 fnt
|faint|p2a: Banana
|
|-weather|DeltaStream|[upkeep]
|upkeep
|
|t:|1668439648
|switch|p2a: Aswell|Ditto, shiny|100/100
|-transform|p2a: Aswell|p1a: Rayquaza|[from] ability: Imposter
|turn|7
|
|t:|1668439660
|switch|p1a: Arceus|Arceus|100/100
|-damage|p1a: Arceus|88/100|[from] Stealth Rock
|move|p2a: Aswell|Dragon Claw|p1a: Arceus
|-damage|p1a: Arceus|53/100
|
|-weather|DeltaStream|[upkeep]
|upkeep
|turn|8
|
|t:|1668439663
|move|p2a: Aswell|Dragon Claw|p1a: Arceus
|-damage|p1a: Arceus|15/100
|move|p1a: Arceus|Recover|p1a: Arceus
|-heal|p1a: Arceus|65/100
|
|-weather|DeltaStream|[upkeep]
|upkeep
|turn|9
|
|t:|1668439666
|move|p2a: Aswell|Dragon Claw|p1a: Arceus
|-damage|p1a: Arceus|29/100
|move|p1a: Arceus|Recover|p1a: Arceus
|-heal|p1a: Arceus|79/100
|
|-weather|DeltaStream|[upkeep]
|-fieldend|move: Electric Terrain
|upkeep
|turn|10
|
|t:|1668439671
|-weather|none
|switch|p2a: Necrozma|Necrozma-Dusk-Mane|100/100
|move|p1a: Arceus|Recover|p1a: Arceus
|-heal|p1a: Arceus|100/100
|
|upkeep
|turn|11
|
|t:|1668439674
|move|p1a: Arceus|Swords Dance|p1a: Arceus
|-boost|p1a: Arceus|atk|2
|move|p2a: Necrozma|Toxic|p1a: Arceus
|-status|p1a: Arceus|tox
|
|-damage|p1a: Arceus|94/100 tox|[from] psn
|upkeep
|turn|12
|
|t:|1668439683
|move|p1a: Arceus|Swords Dance|p1a: Arceus
|-boost|p1a: Arceus|atk|2
|move|p2a: Necrozma|Photon Geyser|p1a: Arceus
|-damage|p1a: Arceus|59/100 tox
|
|-damage|p1a: Arceus|47/100 tox|[from] psn
|upkeep
|turn|13
|
|t:|1668439685
|move|p1a: Arceus|Shadow Claw|p2a: Necrozma
|-supereffective|p2a: Necrozma
|-damage|p2a: Necrozma|0 fnt
|faint|p2a: Necrozma
|-damage|p1a: Arceus|37/100 tox|[from] item: Life Orb
|
|-damage|p1a: Arceus|19/100 tox|[from] psn
|upkeep
|
|t:|1668439689
|switch|p2a: Aswell|Ditto, shiny|100/100
|-transform|p2a: Aswell|p1a: Arceus|[from] ability: Imposter
|turn|14
|
|t:|1668439695
|switch|p1a: Marshadow|Marshadow|100/100
|-damage|p1a: Marshadow|94/100|[from] Stealth Rock
|move|p2a: Aswell|Extreme Speed|p1a: Marshadow
|-immune|p1a: Marshadow
|
|upkeep
|turn|15
|
|t:|1668439700
|switch|p2a: Dragapult|Dragapult, M|100/100
|move|p1a: Marshadow|Spectral Thief|p2a: Dragapult
|-supereffective|p2a: Dragapult
|-damage|p2a: Dragapult|0 fnt
|faint|p2a: Dragapult
|
|upkeep
|
|t:|1668439705
|switch|p2a: Aswell|Ditto, shiny|100/100
|-transform|p2a: Aswell|p1a: Marshadow|[from] ability: Imposter
|turn|16
|
|t:|1668439708
|move|p1a: Marshadow|Shadow Sneak|p2a: Aswell
|-supereffective|p2a: Aswell
|-damage|p2a: Aswell|18/100
|move|p2a: Aswell|Spectral Thief|p1a: Marshadow
|-supereffective|p1a: Marshadow
|-damage|p1a: Marshadow|0 fnt
|faint|p1a: Marshadow
|
|upkeep
|
|t:|1668439712
|switch|p1a: Yveltal|Yveltal|100/100
|-damage|p1a: Yveltal|76/100|[from] Stealth Rock
|-ability|p1a: Yveltal|Dark Aura
|turn|17
|
|t:|1668439714
|move|p2a: Aswell|Spectral Thief|p1a: Yveltal
|-resisted|p1a: Yveltal
|-damage|p1a: Yveltal|54/100
|move|p1a: Yveltal|Dual Wingbeat|p2a: Aswell
|-supereffective|p2a: Aswell
|-damage|p2a: Aswell|0 fnt
|faint|p2a: Aswell
|-hitcount|p2: Aswell|1
|
|win|nyanpekka
|raw|nyanpekka's rating: 1630 &rarr; <strong>1649</strong><br />(+19 for winning)
|raw|Big round man's rating: 1609 &rarr; <strong>1590</strong><br />(-19 for losing)
|l|☆Big round man
