|j|☆TropIsCool69
|j|☆Ussolando
|t:|1662919777
|gametype|singles
|player|p1|TropIsCool69|hop|1380
|player|p2|Ussolando|karen|1463
|teamsize|p1|6
|teamsize|p2|6
|gen|8
|tier|[Gen 8] National Dex AG
|rated|
|rule|HP Percentage Mod: HP is shown in percentages
|rule|Endless Battle Clause: Forcing endless battles is banned
|clearpoke
|poke|p1|Gyarados, M|
|poke|p1|Tapu Lele|
|poke|p1|Excadrill, M|
|poke|p1|Eternatus|
|poke|p1|Crabominable, M|
|poke|p1|Rillaboom, M|
|poke|p2|Kyogre|
|poke|p2|Galvantula, M|
|poke|p2|Greninja, M|
|poke|p2|Ditto|
|poke|p2|Jirachi|
|poke|p2|Clefable, F|
|teampreview
|
|t:|1662919782
|start
|switch|p1a: Gyarados|Gyarados, M|100/100
|switch|p2a: Clefable|Clefable, F, shiny|100/100
|turn|1
|
|t:|1662919788
|-start|p1a: Gyarados|Dynamax|
|-heal|p1a: Gyarados|100/100|[silent]
|move|p1a: Gyarados|Max Airstream|p2a: Clefable
|-damage|p2a: Clefable|31/100
|-boost|p1a: Gyarados|spe|1
|move|p2a: Clefable|Minimize|p2a: Clefable
|-boost|p2a: Clefable|evasion|2
|
|-heal|p2a: Clefable|37/100|[from] item: Leftovers
|upkeep
|turn|2
|inactive|Battle timer is ON: inactive players will automatically lose when time's up. (requested by Ussolando)
|
|t:|1662919799
|move|p1a: Gyarados|Max Airstream|p2a: Clefable
|-damage|p2a: Clefable|0 fnt
|-boost|p1a: Gyarados|spe|1
|faint|p2a: Clefable
|-ability|p1a: Gyarados|Moxie|boost
|-boost|p1a: Gyarados|atk|1
|
|upkeep
|
|t:|1662919805
|switch|p2a: Galvantula|Galvantula, M, shiny|100/100
|turn|3
|
|t:|1662919813
|move|p1a: Gyarados|Max Airstream|p2a: Galvantula
|-enditem|p2a: Galvantula|Focus Sash
|-damage|p2a: Galvantula|1/100
|-boost|p1a: Gyarados|spe|1
|move|p2a: Galvantula|Sticky Web|p1a: Gyarados
|-sidestart|p1: TropIsCool69|move: Sticky Web
|
|upkeep
|-end|p1a: Gyarados|Dynamax
|-heal|p1a: Gyarados|100/100|[silent]
|turn|4
|
|t:|1662919823
|move|p1a: Gyarados|Earthquake|p2a: Galvantula
|-damage|p2a: Galvantula|0 fnt
|faint|p2a: Galvantula
|-ability|p1a: Gyarados|Moxie|boost
|-boost|p1a: Gyarados|atk|1
|
|upkeep
|
|t:|1662919826
|switch|p2a: Ditto|Ditto, shiny|100/100
|-transform|p2a: Ditto|p1a: Gyarados|[from] ability: Imposter
|turn|5
|
|t:|1662919845
|-start|p2a: Ditto|Dynamax|
|-heal|p2a: Ditto|100/100|[silent]
|move|p1a: Gyarados|Bounce||[still]
|-prepare|p1a: Gyarados|Bounce
|move|p2a: Ditto|Max Airstream|p1a: Gyarados|[miss]
|-miss|p2a: Ditto|p1a: Gyarados
|
|upkeep
|turn|6
|
|t:|1662919853
|move|p2a: Ditto|Max Guard|p2a: Ditto
|-singleturn|p2a: Ditto|Max Guard
|move|p1a: Gyarados|Bounce|p2a: Ditto|[from]lockedmove
|-activate|p2a: Ditto|move: Max Guard
|
|upkeep
|turn|7
|
|t:|1662919858
|move|p2a: Ditto|Max Airstream|p1a: Gyarados
|-damage|p1a: Gyarados|0 fnt
|-boost|p2a: Ditto|spe|1
|faint|p1a: Gyarados
|-ability|p2a: Ditto|Moxie|boost
|-boost|p2a: Ditto|atk|1
|
|upkeep
|
|t:|1662919870
|switch|p1a: Excadrill|Excadrill, M|100/100
|-activate|p1a: Excadrill|move: Sticky Web
|-unboost|p1a: Excadrill|spe|1
|-ability|p1a: Excadrill|Mold Breaker
|-end|p2a: Ditto|Dynamax
|-heal|p2a: Ditto|100/100|[silent]
|turn|8
|
|t:|1662919888
|move|p2a: Ditto|Earthquake|p1a: Excadrill
|-supereffective|p1a: Excadrill
|-damage|p1a: Excadrill|0 fnt
|faint|p1a: Excadrill
|-ability|p2a: Ditto|Moxie|boost
|-boost|p2a: Ditto|atk|1
|
|upkeep
|
|t:|1662919895
|switch|p1a: Rillaboom|Rillaboom, M|100/100
|-activate|p1a: Rillaboom|move: Sticky Web
|-unboost|p1a: Rillaboom|spe|1
|-fieldstart|move: Grassy Terrain|[from] ability: Grassy Surge|[of] p1a: Rillaboom
|turn|9
|
|t:|1662919901
|move|p1a: Rillaboom|Grassy Glide|p2a: Ditto
|-damage|p2a: Ditto|0 fnt
|faint|p2a: Ditto
|
|upkeep
|
|t:|1662919908
|switch|p2a: Jirachi|Jirachi, shiny|100/100
|turn|10
|
|t:|1662919918
|switch|p1a: Eternatus|Eternatus|100/100
|-activate|p1a: Eternatus|move: Sticky Web
|-unboost|p1a: Eternatus|spe|1
|-ability|p1a: Eternatus|Pressure
|move|p2a: Jirachi|Iron Head|p1a: Eternatus
|-damage|p1a: Eternatus|70/100
|
|-heal|p1a: Eternatus|77/100|[from] Grassy Terrain
|upkeep
|turn|11
|
|t:|1662919928
|move|p1a: Eternatus|Flamethrower|p2a: Jirachi
|-supereffective|p2a: Jirachi
|-damage|p2a: Jirachi|27/100
|-damage|p1a: Eternatus|67/100|[from] item: Life Orb
|move|p2a: Jirachi|Iron Head|p1a: Eternatus
|-damage|p1a: Eternatus|36/100
|
|-heal|p1a: Eternatus|42/100|[from] Grassy Terrain
|-heal|p2a: Jirachi|33/100|[from] Grassy Terrain
|-heal|p2a: Jirachi|39/100|[from] item: Leftovers
|upkeep
|turn|12
|
|t:|1662919940
|switch|p2a: Kyogre|Kyogre, shiny|100/100
|detailschange|p2a: Kyogre|Kyogre-Primal, shiny
|-primal|p2a: Kyogre
|-weather|PrimordialSea|[from] ability: Primordial Sea|[of] p2a: Kyogre
|move|p1a: Eternatus|Recover|p1a: Eternatus
|-heal|p1a: Eternatus|92/100
|
|-weather|PrimordialSea|[upkeep]
|-heal|p1a: Eternatus|98/100|[from] Grassy Terrain
|upkeep
|turn|13
|
|t:|1662919950
|move|p2a: Kyogre|Ice Beam|p1a: Eternatus
|-supereffective|p1a: Eternatus
|-damage|p1a: Eternatus|25/100
|move|p1a: Eternatus|Dynamax Cannon|p2a: Kyogre
|-damage|p2a: Kyogre|48/100
|-damage|p1a: Eternatus|15/100|[from] item: Life Orb
|
|-weather|PrimordialSea|[upkeep]
|-heal|p2a: Kyogre|54/100|[from] Grassy Terrain
|-heal|p1a: Eternatus|21/100|[from] Grassy Terrain
|-fieldend|move: Grassy Terrain
|upkeep
|turn|14
|
|t:|1662919959
|move|p2a: Kyogre|Ice Beam|p1a: Eternatus
|-supereffective|p1a: Eternatus
|-damage|p1a: Eternatus|0 fnt
|faint|p1a: Eternatus
|
|-weather|PrimordialSea|[upkeep]
|upkeep
|
|t:|1662919965
|switch|p1a: Rillaboom|Rillaboom, M|100/100
|-activate|p1a: Rillaboom|move: Sticky Web
|-unboost|p1a: Rillaboom|spe|1
|-fieldstart|move: Grassy Terrain|[from] ability: Grassy Surge|[of] p1a: Rillaboom
|turn|15
|
|t:|1662919970
|move|p1a: Rillaboom|Grassy Glide|p2a: Kyogre
|-supereffective|p2a: Kyogre
|-damage|p2a: Kyogre|0 fnt
|faint|p2a: Kyogre
|-weather|none
|
|upkeep
|
|t:|1662919974
|switch|p2a: Jirachi|Jirachi, shiny|39/100
|turn|16
|
|t:|1662919981
|move|p1a: Rillaboom|Grassy Glide|p2a: Jirachi
|-resisted|p2a: Jirachi
|-damage|p2a: Jirachi|7/100
|move|p2a: Jirachi|Drain Punch|p1a: Rillaboom
|-damage|p1a: Rillaboom|77/100
|-heal|p2a: Jirachi|21/100|[from] drain|[of] p1a: Rillaboom
|
|-heal|p2a: Jirachi|27/100|[from] Grassy Terrain
|-heal|p2a: Jirachi|33/100|[from] item: Leftovers
|-heal|p1a: Rillaboom|84/100|[from] Grassy Terrain
|upkeep
|turn|17
|
|t:|1662919993
|move|p1a: Rillaboom|Grassy Glide|p2a: Jirachi
|-resisted|p2a: Jirachi
|-damage|p2a: Jirachi|0 fnt
|faint|p2a: Jirachi
|
|-heal|p1a: Rillaboom|90/100|[from] Grassy Terrain
|upkeep
|
|t:|1662919996
|switch|p2a: Greninja|Greninja, M|100/100
|turn|18
|
|t:|1662920000
|move|p2a: Greninja|Water Shuriken|p1a: Rillaboom
|-resisted|p1a: Rillaboom
|-damage|p1a: Rillaboom|86/100
|-resisted|p1a: Rillaboom
|-damage|p1a: Rillaboom|81/100
|-resisted|p1a: Rillaboom
|-damage|p1a: Rillaboom|77/100
|-hitcount|p1a: Rillaboom|3
|move|p1a: Rillaboom|Grassy Glide|p2a: Greninja
|-supereffective|p2a: Greninja
|-damage|p2a: Greninja|0 fnt
|faint|p2a: Greninja
|
|win|TropIsCool69
|raw|TropIsCool69's rating: 1380 &rarr; <strong>1405</strong><br />(+25 for winning)
|raw|Ussolando's rating: 1463 &rarr; <strong>1438</strong><br />(-25 for losing)
|l|☆Ussolando
