|j|☆YourExLover
|j|☆testingstupidteams
|t:|1648952351
|gametype|singles
|player|p1|YourExLover|rood|1000
|player|p2|testingstupidteams|tuberf|1008
|teamsize|p1|6
|teamsize|p2|1
|gen|8
|tier|[Gen 8] National Dex AG
|rated|
|rule|HP Percentage Mod: HP is shown in percentages
|rule|Endless Battle Clause: Forcing endless battles is banned
|clearpoke
|poke|p1|Ninjask, M|
|poke|p1|Noivern, F|
|poke|p1|Primarina, F|
|poke|p1|Ferrothorn, M|
|poke|p1|Gallade, M|
|poke|p1|Gengar, M|
|poke|p2|Blaziken, M|
|teampreview
|inactive|Battle timer is ON: inactive players will automatically lose when time's up. (requested by testingstupidteams)
|
|t:|1648952366
|start
|switch|p1a: Vaporeon Copypasta|Primarina, F, shiny|100/100
|switch|p2a: Blaziken|Blaziken, M|100/100
|turn|1
|
|t:|1648952376
|move|p2a: Blaziken|Swords Dance|p2a: Blaziken
|-boost|p2a: Blaziken|atk|2
|move|p1a: Vaporeon Copypasta|Hyper Voice|p2a: Blaziken
|-supereffective|p2a: Blaziken
|-enditem|p2a: Blaziken|Focus Sash
|-damage|p2a: Blaziken|1/100
|
|-ability|p2a: Blaziken|Speed Boost|boost
|-boost|p2a: Blaziken|spe|1
|upkeep
|turn|2
|
|t:|1648952385
|move|p2a: Blaziken|Reversal|p1a: Vaporeon Copypasta
|-resisted|p1a: Vaporeon Copypasta
|-crit|p1a: Vaporeon Copypasta
|-damage|p1a: Vaporeon Copypasta|0 fnt
|faint|p1a: Vaporeon Copypasta
|
|-ability|p2a: Blaziken|Speed Boost|boost
|-boost|p2a: Blaziken|spe|1
|upkeep
|
|t:|1648952394
|switch|p1a: Google Maps|Gengar, M, shiny|100/100
|turn|3
|
|t:|1648952402
|detailschange|p1a: Google Maps|Gengar-Mega, M, shiny
|-mega|p1a: Google Maps|Gengar|Gengarite
|move|p2a: Blaziken|Fire Punch|p1a: Google Maps
|-damage|p1a: Google Maps|0 fnt
|faint|p1a: Google Maps
|
|-ability|p2a: Blaziken|Speed Boost|boost
|-boost|p2a: Blaziken|spe|1
|upkeep
|
|t:|1648952413
|switch|p1a: Ninja Brian|Ninjask, M|100/100
|turn|4
|
|t:|1648952418
|move|p2a: Blaziken|Fire Punch|p1a: Ninja Brian
|-supereffective|p1a: Ninja Brian
|-damage|p1a: Ninja Brian|0 fnt
|faint|p1a: Ninja Brian
|
|-ability|p2a: Blaziken|Speed Boost|boost
|-boost|p2a: Blaziken|spe|1
|upkeep
|
|t:|1648952425
|switch|p1a: Joe Swanson|Ferrothorn, M|100/100
|turn|5
|
|t:|1648952435
|-start|p2a: Blaziken|Dynamax|
|-heal|p2a: Blaziken|1/100|[silent]
|move|p2a: Blaziken|Max Flare|p1a: Joe Swanson
|-supereffective|p1a: Joe Swanson
|-damage|p1a: Joe Swanson|0 fnt
|-weather|SunnyDay
|faint|p1a: Joe Swanson
|
|-weather|SunnyDay|[upkeep]
|-ability|p2a: Blaziken|Speed Boost|boost
|-boost|p2a: Blaziken|spe|1
|upkeep
|
|t:|1648952448
|switch|p1a: Boombox Baby|Noivern, F|100/100
|turn|6
|
|t:|1648952467
|move|p2a: Blaziken|Max Flare|p1a: Boombox Baby
|-resisted|p1a: Boombox Baby
|-damage|p1a: Boombox Baby|0 fnt
|faint|p1a: Boombox Baby
|
|-weather|SunnyDay|[upkeep]
|-ability|p2a: Blaziken|Speed Boost|boost
|-boost|p2a: Blaziken|spe|1
|upkeep
|
|t:|1648952476
|switch|p1a: Shia Labeouf|Gallade, M, shiny|100/100
|turn|7
|
|t:|1648952483
|move|p2a: Blaziken|Max Flare|p1a: Shia Labeouf
|-damage|p1a: Shia Labeouf|0 fnt
|faint|p1a: Shia Labeouf
|
|win|testingstupidteams
|raw|YourExLover's rating: 1000 &rarr; <strong>1000</strong><br />(+0 for losing)
|raw|testingstupidteams's rating: 1008 &rarr; <strong>1046</strong><br />(+38 for winning)
