|j|☆Danygamer10
|j|☆Horseradisk
|inactive|Battle timer is ON: inactive players will automatically lose when time's up.
|t:|1635274826
|gametype|singles
|player|p1|Danygamer10|lucas-gen4pt|
|player|p2|Horseradisk|87|
|teamsize|p1|6
|teamsize|p2|6
|gen|8
|tier|[Gen 8] National Dex AG
|rated|Tournament battle
|rule|HP Percentage Mod: HP is shown in percentages
|rule|Endless Battle Clause: Forcing endless battles is banned
|clearpoke
|poke|p1|Zacian-*|
|poke|p1|Necrozma-Dusk-Mane|
|poke|p1|Marshadow|
|poke|p1|Calyrex-Shadow|
|poke|p1|Yveltal|
|poke|p1|Rayquaza|
|poke|p2|Groudon|
|poke|p2|Necrozma-Dusk-Mane|
|poke|p2|Yveltal|
|poke|p2|Rayquaza|
|poke|p2|Yveltal|
|poke|p2|Zacian-*|
|teampreview
|
|t:|1635274834
|start
|switch|p1a: Better Laion|Necrozma-Dusk-Mane|100/100
|switch|p2a: Zacian|Zacian-Crowned|100/100
|-ability|p2a: Zacian|Intrepid Sword|boost
|-boost|p2a: Zacian|atk|1
|turn|1
|
|t:|1635274840
|switch|p2a: Groudon|Groudon|100/100
|-weather|SunnyDay|[from] ability: Drought|[of] p2a: Groudon
|move|p1a: Better Laion|Stealth Rock|p2a: Groudon
|-sidestart|p2: Horseradisk|move: Stealth Rock
|
|-weather|SunnyDay|[upkeep]
|upkeep
|turn|2
|
|t:|1635274851
|move|p2a: Groudon|Stone Edge|p1a: Better Laion|[miss]
|-miss|p2a: Groudon|p1a: Better Laion
|move|p1a: Better Laion|Sunsteel Strike|p2a: Groudon
|-damage|p2a: Groudon|60/100
|
|-weather|SunnyDay|[upkeep]
|upkeep
|turn|3
|
|t:|1635274857
|switch|p1a: Destruct Boi|Yveltal|100/100
|-ability|p1a: Destruct Boi|Dark Aura
|move|p2a: Groudon|Precipice Blades|p1a: Destruct Boi
|-immune|p1a: Destruct Boi
|
|-weather|SunnyDay|[upkeep]
|upkeep
|turn|4
|
|t:|1635274862
|switch|p2a: Yveltal|Yveltal|100/100
|-ability|p2a: Yveltal|Dark Aura
|move|p1a: Destruct Boi|Foul Play|p2a: Yveltal
|-resisted|p2a: Yveltal
|-damage|p2a: Yveltal|83/100
|
|-weather|SunnyDay|[upkeep]
|upkeep
|turn|5
|
|t:|1635274869
|move|p2a: Yveltal|Defog|p1a: Destruct Boi
|-unboost|p1a: Destruct Boi|evasion|1
|-sideend|p2: Horseradisk|Stealth Rock|[from] move: Defog|[of] p2a: Yveltal
|move|p1a: Destruct Boi|Foul Play|p2a: Yveltal
|-resisted|p2a: Yveltal
|-damage|p2a: Yveltal|64/100
|
|-weather|none
|upkeep
|turn|6
|j| Mighty Assassin 69
|
|t:|1635274874
|move|p1a: Destruct Boi|Foul Play|p2a: Yveltal
|-resisted|p2a: Yveltal
|-damage|p2a: Yveltal|48/100
|move|p2a: Yveltal|Toxic|p1a: Destruct Boi
|-status|p1a: Destruct Boi|tox
|
|-damage|p1a: Destruct Boi|94/100 tox|[from] psn
|upkeep
|turn|7
|
|t:|1635274877
|move|p2a: Yveltal|Roost|p2a: Yveltal
|-heal|p2a: Yveltal|98/100
|-singleturn|p2a: Yveltal|move: Roost
|move|p1a: Destruct Boi|Foul Play|p2a: Yveltal
|-resisted|p2a: Yveltal
|-damage|p2a: Yveltal|82/100
|
|-damage|p1a: Destruct Boi|82/100 tox|[from] psn
|upkeep
|turn|8
|
|t:|1635274881
|switch|p1a: Doggo :D|Zacian-Crowned|100/100
|-ability|p1a: Doggo :D|Intrepid Sword|boost
|-boost|p1a: Doggo :D|atk|1
|move|p2a: Yveltal|Toxic|p1a: Doggo :D
|-immune|p1a: Doggo :D
|
|upkeep
|turn|9
|
|t:|1635274884
|switch|p2a: Necrozma|Necrozma-Dusk-Mane|100/100
|move|p1a: Doggo :D|Behemoth Blade|p2a: Necrozma
|-resisted|p2a: Necrozma
|-damage|p2a: Necrozma|74/100
|-damage|p1a: Doggo :D|84/100|[from] item: Rocky Helmet|[of] p2a: Necrozma
|
|upkeep
|turn|10
|
|t:|1635274888
|switch|p1a: Destruct Boi|Yveltal|82/100 tox
|-ability|p1a: Destruct Boi|Dark Aura
|move|p2a: Necrozma|Thunder Wave||[still]
|-fail|p2a: Necrozma
|
|-damage|p1a: Destruct Boi|76/100 tox|[from] psn
|upkeep
|turn|11
|
|t:|1635274893
|move|p1a: Destruct Boi|Foul Play|p2a: Necrozma
|-supereffective|p2a: Necrozma
|-damage|p2a: Necrozma|22/100
|-damage|p1a: Destruct Boi|59/100 tox|[from] item: Rocky Helmet|[of] p2a: Necrozma
|move|p2a: Necrozma|Morning Sun|p2a: Necrozma
|-heal|p2a: Necrozma|72/100
|
|-damage|p1a: Destruct Boi|47/100 tox|[from] psn
|upkeep
|turn|12
|
|t:|1635274905
|move|p1a: Destruct Boi|Roost|p1a: Destruct Boi
|-heal|p1a: Destruct Boi|97/100 tox
|-singleturn|p1a: Destruct Boi|move: Roost
|move|p2a: Necrozma|Morning Sun|p2a: Necrozma
|-heal|p2a: Necrozma|100/100
|
|-damage|p1a: Destruct Boi|79/100 tox|[from] psn
|upkeep
|turn|13
|
|t:|1635274908
|switch|p2a: Yveltal|Yveltal|82/100
|-ability|p2a: Yveltal|Dark Aura
|move|p1a: Destruct Boi|Foul Play|p2a: Yveltal
|-resisted|p2a: Yveltal
|-damage|p2a: Yveltal|64/100
|
|-damage|p1a: Destruct Boi|54/100 tox|[from] psn
|upkeep
|turn|14
|
|t:|1635274912
|switch|p1a: Doggo :D|Zacian-Crowned|84/100
|-ability|p1a: Doggo :D|Intrepid Sword|boost
|-boost|p1a: Doggo :D|atk|1
|move|p2a: Yveltal|Roost|p2a: Yveltal
|-heal|p2a: Yveltal|100/100
|-singleturn|p2a: Yveltal|move: Roost
|
|upkeep
|turn|15
|
|t:|1635274915
|switch|p1a: Destruct Boi|Yveltal|54/100 tox
|-ability|p1a: Destruct Boi|Dark Aura
|switch|p2a: Necrozma|Necrozma-Dusk-Mane|100/100
|
|-damage|p1a: Destruct Boi|48/100 tox|[from] psn
|upkeep
|turn|16
|
|t:|1635274917
|switch|p2a: Yveltal|Yveltal|100/100
|-ability|p2a: Yveltal|Dark Aura
|move|p1a: Destruct Boi|Roost|p1a: Destruct Boi
|-heal|p1a: Destruct Boi|98/100 tox
|-singleturn|p1a: Destruct Boi|move: Roost
|
|-damage|p1a: Destruct Boi|86/100 tox|[from] psn
|upkeep
|turn|17
|
|t:|1635274921
|move|p1a: Destruct Boi|U-turn|p2a: Yveltal
|-damage|p2a: Yveltal|83/100
|
|t:|1635274923
|switch|p1a: Doggo :D|Zacian-Crowned|84/100|[from]move: U-turn
|-ability|p1a: Doggo :D|Intrepid Sword|boost
|-boost|p1a: Doggo :D|atk|1
|move|p2a: Yveltal|Snarl|p1a: Doggo :D
|-resisted|p1a: Doggo :D
|-damage|p1a: Doggo :D|70/100
|-unboost|p1a: Doggo :D|spa|1
|
|upkeep
|turn|18
|
|t:|1635274928
|switch|p2a: Necrozma|Necrozma-Dusk-Mane|100/100
|move|p1a: Doggo :D|Behemoth Blade|p2a: Necrozma
|-resisted|p2a: Necrozma
|-damage|p2a: Necrozma|74/100
|-damage|p1a: Doggo :D|54/100|[from] item: Rocky Helmet|[of] p2a: Necrozma
|
|upkeep
|turn|19
|
|t:|1635274934
|switch|p1a: Little Man Horse|Calyrex-Shadow|100/100
|-ability|p1a: Little Man Horse|As One
|-ability|p1a: Little Man Horse|Unnerve
|move|p2a: Necrozma|Morning Sun|p2a: Necrozma
|-heal|p2a: Necrozma|100/100
|
|upkeep
|turn|20
|
|t:|1635274938
|switch|p2a: Yveltal|Yveltal|83/100
|-ability|p2a: Yveltal|Dark Aura
|move|p1a: Little Man Horse|Nasty Plot|p1a: Little Man Horse
|-boost|p1a: Little Man Horse|spa|2
|
|upkeep
|turn|21
|
|t:|1635274940
|-start|p1a: Little Man Horse|Dynamax
|-heal|p1a: Little Man Horse|100/100|[silent]
|move|p1a: Little Man Horse|Max Starfall|p2a: Yveltal
|-supereffective|p2a: Yveltal
|-damage|p2a: Yveltal|0 fnt
|-fieldstart|move: Misty Terrain
|faint|p2a: Yveltal
|-ability|p1a: Little Man Horse|Grim Neigh|boost
|-boost|p1a: Little Man Horse|spa|1
|
|upkeep
|
|t:|1635274951
|switch|p2a: Yveltal|Yveltal|100/100
|-ability|p2a: Yveltal|Dark Aura
|turn|22
|
|t:|1635274958
|-start|p2a: Yveltal|Dynamax
|-heal|p2a: Yveltal|100/100|[silent]
|move|p1a: Little Man Horse|Max Starfall|p2a: Yveltal
|-supereffective|p2a: Yveltal
|-damage|p2a: Yveltal|26/100
|move|p2a: Yveltal|Max Darkness|p1a: Little Man Horse
|-supereffective|p1a: Little Man Horse
|-enditem|p1a: Little Man Horse|Focus Sash
|-damage|p1a: Little Man Horse|1/100
|-unboost|p1a: Little Man Horse|spd|1
|-damage|p2a: Yveltal|21/100|[from] item: Life Orb
|
|upkeep
|turn|23
|
|t:|1635274966
|move|p1a: Little Man Horse|Max Starfall|p2a: Yveltal
|-supereffective|p2a: Yveltal
|-damage|p2a: Yveltal|0 fnt
|faint|p2a: Yveltal
|-ability|p1a: Little Man Horse|Grim Neigh|boost
|-boost|p1a: Little Man Horse|spa|1
|
|-end|p1a: Little Man Horse|Dynamax
|-heal|p1a: Little Man Horse|1/100|[silent]
|upkeep
|c|☆Horseradisk|Gg
|
|t:|1635274974
|switch|p2a: Zacian|Zacian-Crowned|100/100
|-ability|p2a: Zacian|Intrepid Sword|boost
|-boost|p2a: Zacian|atk|1
|turn|24
|
|t:|1635274976
|move|p1a: Little Man Horse|Astral Barrage|p2a: Zacian
|-damage|p2a: Zacian|0 fnt
|faint|p2a: Zacian
|-ability|p1a: Little Man Horse|Grim Neigh|boost
|-boost|p1a: Little Man Horse|spa|1
|
|upkeep
|-message|Horseradisk forfeited.
|
|win|Danygamer10
|n|☆Danygamer10|danygamer10
|n|☆Horseradisk|horseradisk
|n| Mighty Assassin 69|mightyassassin69
|l|☆Horseradisk
|l|☆Danygamer10
|j| Sheep㋛Go㋛Booo
|l| Sheep㋛Go㋛Booo
