|j|☆ShadesTheMan
|j|☆Master kushagra
|inactive|Battle timer is ON: inactive players will automatically lose when time's up.
|t:|1650779747
|gametype|singles
|player|p1|ShadesTheMan|backpacker|
|player|p2|Master kushagra|leon-tower|
|teamsize|p1|6
|teamsize|p2|6
|gen|8
|tier|[Gen 8] National Dex AG
|rated|Tournament battle
|rule|HP Percentage Mod: HP is shown in percentages
|rule|Endless Battle Clause: Forcing endless battles is banned
|clearpoke
|poke|p1|Groudon|
|poke|p1|Rayquaza|
|poke|p1|Ho-Oh|
|poke|p1|Necrozma-Dusk-Mane|
|poke|p1|Yveltal|
|poke|p1|Regieleki|
|poke|p2|Necrozma-Dusk-Mane|
|poke|p2|Arceus-*|
|poke|p2|Arceus-*|
|poke|p2|Arceus-*|
|poke|p2|Marshadow|
|poke|p2|Xerneas-*|
|teampreview
|j| Shadedoll
|c|☆ShadesTheMan|hf
|c|☆Master kushagra|u2
|l| Shadedoll
|j| TheDragonfire84
|
|t:|1650779760
|start
|switch|p1a: Smiter|Groudon|100/100
|switch|p2a: Arceus|Arceus-Ground|100/100
|detailschange|p1a: Smiter|Groudon-Primal
|-primal|p1a: Smiter
|-weather|DesolateLand|[from] ability: Desolate Land|[of] p1a: Smiter
|turn|1
|
|t:|1650779769
|-weather|none
|switch|p1a: Flappy Boi|Ho-Oh|100/100
|-zpower|p2a: Arceus
|move|p2a: Arceus|Tectonic Rage|p1a: Flappy Boi|[zeffect]
|-immune|p1a: Flappy Boi
|
|upkeep
|turn|2
|
|t:|1650779782
|switch|p1a: Hound|Necrozma-Dusk-Mane|100/100
|move|p2a: Arceus|Stone Edge|p1a: Hound
|-resisted|p1a: Hound
|-damage|p1a: Hound|88/100
|
|-heal|p1a: Hound|94/100|[from] item: Leftovers
|upkeep
|turn|3
|
|t:|1650779787
|move|p2a: Arceus|Earthquake|p1a: Hound
|-supereffective|p1a: Hound
|-damage|p1a: Hound|35/100
|move|p1a: Hound|Toxic|p2a: Arceus
|-status|p2a: Arceus|tox
|
|-heal|p1a: Hound|41/100|[from] item: Leftovers
|-damage|p2a: Arceus|94/100 tox|[from] psn
|upkeep
|turn|4
|
|t:|1650779799
|switch|p2a: zacian destroyer|Necrozma-Dusk-Mane|100/100
|move|p1a: Hound|Stealth Rock|p2a: zacian destroyer
|-sidestart|p2: Master kushagra|move: Stealth Rock
|
|-heal|p1a: Hound|47/100|[from] item: Leftovers
|upkeep
|turn|5
|
|t:|1650779808
|switch|p1a: Smiter|Groudon-Primal|100/100
|-weather|DesolateLand|[from] ability: Desolate Land|[of] p1a: Smiter
|move|p2a: zacian destroyer|Thunder Wave|p1a: Smiter
|-immune|p1a: Smiter
|
|-weather|DesolateLand|[upkeep]
|upkeep
|turn|6
|
|t:|1650779822
|-start|p2a: zacian destroyer|Dynamax|
|-heal|p2a: zacian destroyer|100/100|[silent]
|move|p1a: Smiter|Precipice Blades|p2a: zacian destroyer
|-supereffective|p2a: zacian destroyer
|-damage|p2a: zacian destroyer|65/100
|-enditem|p2a: zacian destroyer|Weakness Policy
|-boost|p2a: zacian destroyer|atk|2|[from] item: Weakness Policy
|-boost|p2a: zacian destroyer|spa|2|[from] item: Weakness Policy
|move|p2a: zacian destroyer|Max Quake|p1a: Smiter
|-supereffective|p1a: Smiter
|-crit|p1a: Smiter
|-damage|p1a: Smiter|0 fnt
|-boost|p2a: zacian destroyer|spd|1
|faint|p1a: Smiter
|-weather|none
|
|upkeep
|
|t:|1650779840
|switch|p1a: Regieleki|Regieleki|100/100
|turn|7
|
|t:|1650779844
|move|p1a: Regieleki|Volt Switch|p2a: zacian destroyer
|-damage|p2a: zacian destroyer|47/100
|
|t:|1650779848
|switch|p1a: Flappy Boi|Ho-Oh|100/100|[from]move: Volt Switch
|move|p2a: zacian destroyer|Max Quake|p1a: Flappy Boi
|-immune|p1a: Flappy Boi
|
|upkeep
|turn|8
|
|t:|1650779852
|move|p1a: Flappy Boi|Thunder Wave|p2a: zacian destroyer
|-status|p2a: zacian destroyer|par
|cant|p2a: zacian destroyer|par
|
|-end|p2a: zacian destroyer|Dynamax
|-heal|p2a: zacian destroyer|47/100 par|[silent]
|upkeep
|turn|9
|
|t:|1650779859
|move|p1a: Flappy Boi|Sacred Fire|p2a: zacian destroyer
|-supereffective|p2a: zacian destroyer
|-damage|p2a: zacian destroyer|7/100 par
|move|p2a: zacian destroyer|Morning Sun|p2a: zacian destroyer
|-heal|p2a: zacian destroyer|57/100 par
|
|upkeep
|turn|10
|c|☆Master kushagra|seriously
|
|t:|1650779867
|move|p1a: Flappy Boi|Sacred Fire|p2a: zacian destroyer
|-supereffective|p2a: zacian destroyer
|-damage|p2a: zacian destroyer|20/100 par
|move|p2a: zacian destroyer|Morning Sun|p2a: zacian destroyer
|-heal|p2a: zacian destroyer|70/100 par
|
|upkeep
|turn|11
|
|t:|1650779888
|move|p1a: Flappy Boi|Sacred Fire|p2a: zacian destroyer
|-supereffective|p2a: zacian destroyer
|-damage|p2a: zacian destroyer|34/100 par
|move|p2a: zacian destroyer|Morning Sun|p2a: zacian destroyer
|-heal|p2a: zacian destroyer|84/100 par
|
|upkeep
|turn|12
|
|t:|1650779894
|switch|p1a: Dominance|Yveltal|100/100
|-ability|p1a: Dominance|Dark Aura
|move|p2a: zacian destroyer|Thunder Wave|p1a: Dominance
|-status|p1a: Dominance|par
|
|upkeep
|turn|13
|
|t:|1650779909
|-start|p1a: Dominance|Dynamax|
|-heal|p1a: Dominance|100/100 par|[silent]
|cant|p1a: Dominance|par
|cant|p2a: zacian destroyer|par
|
|upkeep
|turn|14
|
|t:|1650779930
|move|p1a: Dominance|Max Darkness|p2a: zacian destroyer
|-supereffective|p2a: zacian destroyer
|-damage|p2a: zacian destroyer|0 fnt
|faint|p2a: zacian destroyer
|-damage|p1a: Dominance|96/100 par|[from] item: Life Orb
|
|upkeep
|
|t:|1650779937
|switch|p2a: Marshadow|Marshadow|100/100
|-damage|p2a: Marshadow|94/100|[from] Stealth Rock
|turn|15
|
|t:|1650779944
|move|p2a: Marshadow|Ice Punch|p1a: Dominance
|-supereffective|p1a: Dominance
|-damage|p1a: Dominance|68/100 par
|-damage|p2a: Marshadow|84/100|[from] item: Life Orb
|move|p1a: Dominance|Max Darkness|p2a: Marshadow
|-damage|p2a: Marshadow|0 fnt
|faint|p2a: Marshadow
|-damage|p1a: Dominance|63/100 par|[from] item: Life Orb
|
|-end|p1a: Dominance|Dynamax
|-heal|p1a: Dominance|63/100 par|[silent]
|upkeep
|
|t:|1650779949
|switch|p2a: Xerneas|Xerneas, shiny|100/100
|-damage|p2a: Xerneas|88/100|[from] Stealth Rock
|-ability|p2a: Xerneas|Fairy Aura
|turn|16
|
|t:|1650779966
|switch|p1a: Flappy Boi|Ho-Oh|100/100
|move|p2a: Xerneas|Geomancy||[still]
|-prepare|p2a: Xerneas|Geomancy
|-enditem|p2a: Xerneas|Power Herb
|-anim|p2a: Xerneas|Geomancy|p2a: Xerneas
|-boost|p2a: Xerneas|spa|2
|-boost|p2a: Xerneas|spd|2
|-boost|p2a: Xerneas|spe|2
|
|upkeep
|turn|17
|
|t:|1650779969
|move|p2a: Xerneas|Thunderbolt|p1a: Flappy Boi
|-supereffective|p1a: Flappy Boi
|-damage|p1a: Flappy Boi|34/100
|move|p1a: Flappy Boi|Thunder Wave|p2a: Xerneas
|-status|p2a: Xerneas|par
|
|upkeep
|turn|18
|
|t:|1650779981
|switch|p1a: Regieleki|Regieleki|100/100
|move|p2a: Xerneas|Thunderbolt|p1a: Regieleki
|-resisted|p1a: Regieleki
|-damage|p1a: Regieleki|36/100
|
|upkeep
|turn|19
|
|t:|1650780004
|move|p1a: Regieleki|Explosion|p2a: Xerneas
|-damage|p2a: Xerneas|40/100 par
|faint|p1a: Regieleki
|move|p2a: Xerneas|Moonblast|p1: Regieleki|[notarget]
|-fail|p2a: Xerneas
|
|upkeep
|
|t:|1650780010
|switch|p1a: GOAT Jr|Rayquaza|100/100
|-ability|p1a: GOAT Jr|Air Lock
|turn|20
|
|t:|1650780015
|detailschange|p1a: GOAT Jr|Rayquaza-Mega
|-mega|p1a: GOAT Jr|Rayquaza|
|-weather|DeltaStream|[from] ability: Delta Stream|[of] p1a: GOAT Jr
|move|p1a: GOAT Jr|Extreme Speed|p2a: Xerneas
|-crit|p2a: Xerneas
|-damage|p2a: Xerneas|0 fnt
|faint|p2a: Xerneas
|
|-weather|DeltaStream|[upkeep]
|upkeep
|
|t:|1650780022
|switch|p2a: Arceus|Arceus-Grass|100/100
|-damage|p2a: Arceus|88/100|[from] Stealth Rock
|turn|21
|
|t:|1650780031
|-weather|none
|switch|p1a: Flappy Boi|Ho-Oh|67/100
|move|p2a: Arceus|Will-O-Wisp|p1a: Flappy Boi
|-immune|p1a: Flappy Boi
|
|upkeep
|turn|22
|
|t:|1650780044
|switch|p2a: Arceus|Arceus-Ground|94/100 tox
|-damage|p2a: Arceus|88/100 tox|[from] Stealth Rock
|switch|p1a: GOAT Jr|Rayquaza-Mega|100/100
|-weather|DeltaStream|[from] ability: Delta Stream|[of] p1a: GOAT Jr
|
|-weather|DeltaStream|[upkeep]
|-damage|p2a: Arceus|82/100 tox|[from] psn
|upkeep
|turn|23
|
|t:|1650780054
|-weather|none
|switch|p1a: Hound|Necrozma-Dusk-Mane|47/100
|move|p2a: Arceus|Stone Edge|p1a: Hound
|-resisted|p1a: Hound
|-crit|p1a: Hound
|-damage|p1a: Hound|30/100
|
|-heal|p1a: Hound|36/100|[from] item: Leftovers
|-damage|p2a: Arceus|70/100 tox|[from] psn
|upkeep
|turn|24
|
|t:|1650780064
|move|p2a: Arceus|Earthquake|p1a: Hound
|-supereffective|p1a: Hound
|-damage|p1a: Hound|0 fnt
|faint|p1a: Hound
|
|-damage|p2a: Arceus|52/100 tox|[from] psn
|upkeep
|
|t:|1650780072
|switch|p1a: Dominance|Yveltal|63/100 par
|-ability|p1a: Dominance|Dark Aura
|turn|25
|
|t:|1650780077
|switch|p2a: Thor|Arceus-Electric|100/100
|-damage|p2a: Thor|88/100|[from] Stealth Rock
|move|p1a: Dominance|Sucker Punch||[still]
|-fail|p1a: Dominance
|
|upkeep
|turn|26
|
|t:|1650780082
|move|p2a: Thor|Calm Mind|p2a: Thor
|-boost|p2a: Thor|spa|1
|-boost|p2a: Thor|spd|1
|move|p1a: Dominance|Dark Pulse|p2a: Thor
|-damage|p2a: Thor|50/100
|-damage|p1a: Dominance|53/100 par|[from] item: Life Orb
|
|upkeep
|turn|27
|
|t:|1650780086
|switch|p1a: GOAT Jr|Rayquaza-Mega|100/100
|-weather|DeltaStream|[from] ability: Delta Stream|[of] p1a: GOAT Jr
|move|p2a: Thor|Recover|p2a: Thor
|-heal|p2a: Thor|99/100
|
|-weather|DeltaStream|[upkeep]
|upkeep
|turn|28
|
|t:|1650780091
|move|p1a: GOAT Jr|Earthquake|p2a: Thor
|-supereffective|p2a: Thor
|-damage|p2a: Thor|0 fnt
|faint|p2a: Thor
|
|-weather|DeltaStream|[upkeep]
|upkeep
|c|☆Master kushagra|JOLLY ??
|c|☆ShadesTheMan|ye
|
|t:|1650780109
|switch|p2a: Arceus|Arceus-Grass|88/100
|-damage|p2a: Arceus|76/100|[from] Stealth Rock
|turn|29
|c|☆Master kushagra|i see
|
|t:|1650780121
|-weather|none
|switch|p1a: Flappy Boi|Ho-Oh|100/100
|move|p2a: Arceus|Will-O-Wisp|p1a: Flappy Boi
|-immune|p1a: Flappy Boi
|
|upkeep
|turn|30
|c|☆Master kushagra|ahhhhhhhhhh
|
|t:|1650780137
|switch|p2a: Arceus|Arceus-Ground|52/100 tox
|-damage|p2a: Arceus|46/100 tox|[from] Stealth Rock
|move|p1a: Flappy Boi|Sacred Fire|p2a: Arceus
|-damage|p2a: Arceus|14/100 tox
|
|-damage|p2a: Arceus|8/100 tox|[from] psn
|upkeep
|turn|31
|
|t:|1650780155
|switch|p1a: Dominance|Yveltal|53/100 par
|-ability|p1a: Dominance|Dark Aura
|move|p2a: Arceus|Stone Edge|p1a: Dominance|[miss]
|-miss|p2a: Arceus|p1a: Dominance
|
|-damage|p2a: Arceus|0 fnt|[from] psn
|faint|p2a: Arceus
|upkeep
|
|t:|1650780160
|switch|p2a: Arceus|Arceus-Grass|76/100
|-damage|p2a: Arceus|64/100|[from] Stealth Rock
|turn|32
|
|t:|1650780164
|move|p2a: Arceus|Recover|p2a: Arceus
|-heal|p2a: Arceus|100/100
|move|p1a: Dominance|Oblivion Wing|p2a: Arceus
|-supereffective|p2a: Arceus
|-damage|p2a: Arceus|26/100
|-heal|p1a: Dominance|100/100 par|[from] drain|[of] p2a: Arceus
|-damage|p1a: Dominance|91/100 par|[from] item: Life Orb
|
|upkeep
|turn|33
|
|t:|1650780169
|move|p2a: Arceus|Recover|p2a: Arceus
|-heal|p2a: Arceus|76/100
|move|p1a: Dominance|Oblivion Wing|p2a: Arceus
|-supereffective|p2a: Arceus
|-damage|p2a: Arceus|8/100
|-heal|p1a: Dominance|100/100 par|[from] drain|[of] p2a: Arceus
|-damage|p1a: Dominance|91/100 par|[from] item: Life Orb
|
|upkeep
|turn|34
|
|t:|1650780173
|move|p2a: Arceus|Recover|p2a: Arceus
|-heal|p2a: Arceus|59/100
|cant|p1a: Dominance|par
|
|upkeep
|turn|35
|
|t:|1650780177
|move|p2a: Arceus|Recover|p2a: Arceus
|-heal|p2a: Arceus|100/100
|move|p1a: Dominance|Oblivion Wing|p2a: Arceus
|-supereffective|p2a: Arceus
|-damage|p2a: Arceus|27/100
|-heal|p1a: Dominance|100/100 par|[from] drain|[of] p2a: Arceus
|-damage|p1a: Dominance|91/100 par|[from] item: Life Orb
|
|upkeep
|turn|36
|
|t:|1650780179
|move|p2a: Arceus|Recover|p2a: Arceus
|-heal|p2a: Arceus|77/100
|move|p1a: Dominance|Oblivion Wing|p2a: Arceus
|-supereffective|p2a: Arceus
|-damage|p2a: Arceus|5/100
|-heal|p1a: Dominance|100/100 par|[from] drain|[of] p2a: Arceus
|-damage|p1a: Dominance|91/100 par|[from] item: Life Orb
|
|upkeep
|turn|37
|
|t:|1650780183
|move|p2a: Arceus|Recover|p2a: Arceus
|-heal|p2a: Arceus|55/100
|move|p1a: Dominance|Oblivion Wing|p2a: Arceus
|-supereffective|p2a: Arceus
|-damage|p2a: Arceus|0 fnt
|-heal|p1a: Dominance|100/100 par|[from] drain|[of] p2a: Arceus
|faint|p2a: Arceus
|-damage|p1a: Dominance|91/100 par|[from] item: Life Orb
|
|win|ShadesTheMan
|n|☆ShadesTheMan|shadestheman
|n|☆Master kushagra|masterkushagra
|n| TheDragonfire84|thedragonfire84
|c|☆ShadesTheMan|gg
