|j|☆hanwujiwandou
|j|☆Gieros
|t:|1664852810
|gametype|singles
|player|p1|hanwujiwandou|lillie-z|1747
|player|p2|Gieros|102|1683
|teamsize|p1|6
|teamsize|p2|6
|gen|8
|tier|[Gen 8] National Dex AG
|rated|
|rule|HP Percentage Mod: HP is shown in percentages
|rule|Endless Battle Clause: Forcing endless battles is banned
|clearpoke
|poke|p1|Zacian-*|
|poke|p1|Ho-Oh|
|poke|p1|Groudon|
|poke|p1|Calyrex-Shadow|
|poke|p1|Yveltal|
|poke|p1|Rayquaza|
|poke|p2|Deoxys-Attack|
|poke|p2|Tapu Lele|
|poke|p2|Calyrex-Shadow|
|poke|p2|Necrozma-Dusk-Mane|
|poke|p2|Xerneas-*|
|poke|p2|Ditto|
|teampreview
|
|t:|1664852816
|start
|switch|p1a: Yveltal|Yveltal|100/100
|switch|p2a: Tapu Lele|Tapu Lele|100/100
|-fieldstart|move: Psychic Terrain|[from] ability: Psychic Surge|[of] p2a: Tapu Lele
|-ability|p1a: Yveltal|Dark Aura
|turn|1
|
|t:|1664852825
|switch|p1a: Ho-Oh|Ho-Oh|100/100
|move|p2a: Tapu Lele|Nature's Madness|p1a: Ho-Oh
|-damage|p1a: Ho-Oh|50/100
|
|upkeep
|turn|2
|
|t:|1664852835
|switch|p2a: Deoxys|Deoxys-Attack|100/100
|-ability|p2a: Deoxys|Pressure
|move|p1a: Ho-Oh|Sacred Fire|p2a: Deoxys
|-enditem|p2a: Deoxys|Focus Sash
|-damage|p2a: Deoxys|1/100
|-status|p2a: Deoxys|brn
|
|-damage|p2a: Deoxys|0 fnt|[from] brn
|faint|p2a: Deoxys
|upkeep
|inactive|Battle timer is ON: inactive players will automatically lose when time's up. (requested by hanwujiwandou)
|inactive|Gieros has 120 seconds left.
|
|t:|1664852871
|switch|p2a: Xerneas|Xerneas|100/100
|-ability|p2a: Xerneas|Fairy Aura
|turn|3
|
|t:|1664852880
|move|p2a: Xerneas|Thunder|p1a: Ho-Oh|[miss]
|-miss|p2a: Xerneas|p1a: Ho-Oh
|move|p1a: Ho-Oh|Toxic|p2a: Xerneas
|-status|p2a: Xerneas|tox
|
|-damage|p2a: Xerneas|94/100 tox|[from] psn
|upkeep
|turn|4
|
|t:|1664852889
|switch|p1a: Groudon|Groudon|100/100
|detailschange|p1a: Groudon|Groudon-Primal
|-primal|p1a: Groudon
|-weather|DesolateLand|[from] ability: Desolate Land|[of] p1a: Groudon
|move|p2a: Xerneas|Geomancy||[still]
|-prepare|p2a: Xerneas|Geomancy
|-enditem|p2a: Xerneas|Power Herb
|-anim|p2a: Xerneas|Geomancy|p2a: Xerneas
|-boost|p2a: Xerneas|spa|2
|-boost|p2a: Xerneas|spd|2
|-boost|p2a: Xerneas|spe|2
|
|-weather|DesolateLand|[upkeep]
|-damage|p2a: Xerneas|82/100 tox|[from] psn
|upkeep
|turn|5
|
|t:|1664852902
|-start|p2a: Xerneas|Dynamax|
|-heal|p2a: Xerneas|82/100 tox|[silent]
|move|p2a: Xerneas|Max Mindstorm|p1a: Groudon
|-damage|p1a: Groudon|0 fnt
|faint|p1a: Groudon
|-weather|none
|
|-damage|p2a: Xerneas|73/100 tox|[from] psn
|upkeep
|
|t:|1664852913
|switch|p1a: Zacian|Zacian-Crowned|100/100
|-ability|p1a: Zacian|Intrepid Sword|boost
|-boost|p1a: Zacian|atk|1
|turn|6
|
|t:|1664852918
|switch|p1a: Ho-Oh|Ho-Oh|84/100
|move|p2a: Xerneas|Max Lightning|p1a: Ho-Oh
|-supereffective|p1a: Ho-Oh
|-damage|p1a: Ho-Oh|0 fnt
|-fieldstart|move: Electric Terrain
|faint|p1a: Ho-Oh
|
|-damage|p2a: Xerneas|61/100 tox|[from] psn
|upkeep
|
|t:|1664852935
|switch|p1a: Zacian|Zacian-Crowned|100/100
|-ability|p1a: Zacian|Intrepid Sword|boost
|-boost|p1a: Zacian|atk|1
|turn|7
|
|t:|1664852951
|switch|p1a: Yveltal|Yveltal|100/100
|-ability|p1a: Yveltal|Dark Aura
|move|p2a: Xerneas|Max Mindstorm|p1a: Yveltal
|-immune|p1a: Yveltal
|
|-damage|p2a: Xerneas|46/100 tox|[from] psn
|upkeep
|-end|p2a: Xerneas|Dynamax
|-heal|p2a: Xerneas|46/100 tox|[silent]
|turn|8
|
|t:|1664852965
|switch|p1a: Zacian|Zacian-Crowned|100/100
|-ability|p1a: Zacian|Intrepid Sword|boost
|-boost|p1a: Zacian|atk|1
|move|p2a: Xerneas|Moonblast|p1a: Zacian
|-resisted|p1a: Zacian
|-damage|p1a: Zacian|31/100
|-unboost|p1a: Zacian|spa|1
|
|-damage|p2a: Xerneas|9/100 tox|[from] psn
|upkeep
|turn|9
|
|t:|1664852977
|switch|p1a: Yveltal|Yveltal|100/100
|-ability|p1a: Yveltal|Dark Aura
|move|p2a: Xerneas|Moonblast|p1a: Yveltal
|-supereffective|p1a: Yveltal
|-damage|p1a: Yveltal|0 fnt
|faint|p1a: Yveltal
|
|-damage|p2a: Xerneas|0 fnt|[from] psn
|faint|p2a: Xerneas
|upkeep
|
|t:|1664852991
|switch|p1a: Rayquaza|Rayquaza|100/100
|switch|p2a: Calyrex|Calyrex-Shadow|100/100
|-ability|p2a: Calyrex|As One
|-ability|p2a: Calyrex|Unnerve
|-ability|p1a: Rayquaza|Air Lock
|turn|10
|
|t:|1664853002
|switch|p2a: Tapu Lele|Tapu Lele|100/100
|-fieldstart|move: Psychic Terrain|[from] ability: Psychic Surge|[of] p2a: Tapu Lele
|detailschange|p1a: Rayquaza|Rayquaza-Mega
|-mega|p1a: Rayquaza|Rayquaza|
|-weather|DeltaStream|[from] ability: Delta Stream|[of] p1a: Rayquaza
|move|p1a: Rayquaza|Dragon Ascent|p2a: Tapu Lele
|-damage|p2a: Tapu Lele|0 fnt
|-unboost|p1a: Rayquaza|def|1
|-unboost|p1a: Rayquaza|spd|1
|faint|p2a: Tapu Lele
|
|-weather|DeltaStream|[upkeep]
|upkeep
|
|t:|1664853007
|switch|p2a: Necrozma|Necrozma-Dusk-Mane|100/100
|turn|11
|j| Anetahara
|
|t:|1664853023
|-weather|none
|switch|p1a: Zacian|Zacian-Crowned|31/100
|-ability|p1a: Zacian|Intrepid Sword|boost
|-boost|p1a: Zacian|atk|1
|move|p2a: Necrozma|Photon Geyser|p1a: Zacian
|-resisted|p1a: Zacian
|-damage|p1a: Zacian|0 fnt
|faint|p1a: Zacian
|
|upkeep
|
|t:|1664853035
|switch|p1a: Rayquaza|Rayquaza-Mega|100/100
|-weather|DeltaStream|[from] ability: Delta Stream|[of] p1a: Rayquaza
|turn|12
|
|t:|1664853042
|move|p1a: Rayquaza|V-create|p2a: Necrozma
|-supereffective|p2a: Necrozma
|-damage|p2a: Necrozma|0 fnt
|-unboost|p1a: Rayquaza|spe|1
|-unboost|p1a: Rayquaza|def|1
|-unboost|p1a: Rayquaza|spd|1
|faint|p2a: Necrozma
|
|-weather|DeltaStream|[upkeep]
|upkeep
|
|t:|1664853050
|switch|p2a: Ditto|Ditto|100/100
|-transform|p2a: Ditto|p1a: Rayquaza|[from] ability: Imposter
|turn|13
|
|t:|1664853056
|move|p2a: Ditto|Dragon Ascent|p1a: Rayquaza
|-damage|p1a: Rayquaza|0 fnt
|-unboost|p2a: Ditto|def|1
|-unboost|p2a: Ditto|spd|1
|faint|p1a: Rayquaza
|
|-weather|DeltaStream|[upkeep]
|upkeep
|
|t:|1664853063
|switch|p1a: Calyrex|Calyrex-Shadow|100/100
|-ability|p1a: Calyrex|As One
|-ability|p1a: Calyrex|Unnerve
|turn|14
|
|t:|1664853069
|move|p1a: Calyrex|Astral Barrage|p2a: Ditto
|-damage|p2a: Ditto|0 fnt
|faint|p2a: Ditto
|-weather|none
|-ability|p1a: Calyrex|Grim Neigh|boost
|-boost|p1a: Calyrex|spa|1
|
|upkeep
|
|t:|1664853071
|switch|p2a: Calyrex|Calyrex-Shadow|100/100
|-ability|p2a: Calyrex|As One
|-ability|p2a: Calyrex|Unnerve
|turn|15
|
|t:|1664853082
|move|p1a: Calyrex|Astral Barrage|p2a: Calyrex
|-supereffective|p2a: Calyrex
|-enditem|p2a: Calyrex|Focus Sash
|-damage|p2a: Calyrex|1/100
|move|p2a: Calyrex|Astral Barrage|p1a: Calyrex
|-supereffective|p1a: Calyrex
|-damage|p1a: Calyrex|0 fnt
|faint|p1a: Calyrex
|
|win|Gieros
|raw|hanwujiwandou's rating: 1747 &rarr; <strong>1723</strong><br />(-24 for losing)
|raw|Gieros's rating: 1683 &rarr; <strong>1707</strong><br />(+24 for winning)
|l|☆Gieros
|l|☆hanwujiwandou
||Ladder isn't responding, score probably updated but might not have (Request timeout).
|l| Anetahara
|j|☆Gieros
|player|p2|Gieros|102
