|j|☆Alexthelordmaster
|j|☆Lord Rekkuza
|t:|1645587579
|gametype|singles
|player|p1|Alexthelordmaster|265|1634
|player|p2|Lord Rekkuza|lance-gen1|1800
|teamsize|p1|6
|teamsize|p2|6
|gen|8
|tier|[Gen 8] National Dex AG
|rated|
|rule|HP Percentage Mod: HP is shown in percentages
|rule|Endless Battle Clause: Forcing endless battles is banned
|clearpoke
|poke|p1|Groudon|
|poke|p1|Smeargle, M|
|poke|p1|Zacian-*|
|poke|p1|Ditto|
|poke|p1|Rayquaza|
|poke|p1|Arceus-*|
|poke|p2|Yveltal|
|poke|p2|Necrozma-Dusk-Mane|
|poke|p2|Ho-Oh|
|poke|p2|Zacian-*|
|poke|p2|Calyrex-Shadow|
|poke|p2|Ditto|
|teampreview
|inactive|Battle timer is ON: inactive players will automatically lose when time's up. (requested by Lord Rekkuza)
|inactive|Alexthelordmaster has 120 seconds left.
|inactive|Alexthelordmaster has 90 seconds left.
|
|t:|1645587654
|start
|switch|p1a: Rayquaza|Rayquaza|100/100
|switch|p2a: Yveltal|Yveltal|100/100
|-ability|p2a: Yveltal|Dark Aura
|-ability|p1a: Rayquaza|Air Lock
|turn|1
|
|t:|1645587669
|switch|p2a: Necrozma|Necrozma-Dusk-Mane|100/100
|detailschange|p1a: Rayquaza|Rayquaza-Mega
|-mega|p1a: Rayquaza|Rayquaza|
|-weather|DeltaStream|[from] ability: Delta Stream|[of] p1a: Rayquaza
|move|p1a: Rayquaza|V-create|p2a: Necrozma
|-supereffective|p2a: Necrozma
|-damage|p2a: Necrozma|37/100
|-unboost|p1a: Rayquaza|spe|1
|-unboost|p1a: Rayquaza|def|1
|-unboost|p1a: Rayquaza|spd|1
|-damage|p1a: Rayquaza|84/100|[from] item: Rocky Helmet|[of] p2a: Necrozma
|
|-weather|DeltaStream|[upkeep]
|upkeep
|turn|2
|
|t:|1645587677
|move|p1a: Rayquaza|V-create|p2a: Necrozma
|-supereffective|p2a: Necrozma
|-damage|p2a: Necrozma|0 fnt
|-unboost|p1a: Rayquaza|spe|1
|-unboost|p1a: Rayquaza|def|1
|-unboost|p1a: Rayquaza|spd|1
|-damage|p1a: Rayquaza|67/100|[from] item: Rocky Helmet|[of] p2a: Necrozma
|faint|p2a: Necrozma
|
|-weather|DeltaStream|[upkeep]
|upkeep
|
|t:|1645587681
|switch|p2a: Ditto|Ditto|100/100
|-transform|p2a: Ditto|p1a: Rayquaza|[from] ability: Imposter
|turn|3
|
|t:|1645587684
|move|p2a: Ditto|Extreme Speed|p1a: Rayquaza
|-damage|p1a: Rayquaza|0 fnt
|faint|p1a: Rayquaza
|
|-weather|DeltaStream|[upkeep]
|upkeep
|
|t:|1645587697
|switch|p1a: Smeargle|Smeargle, M, shiny|100/100
|turn|4
|
|t:|1645587705
|-weather|none
|switch|p2a: Ho-Oh|Ho-Oh|100/100
|move|p1a: Smeargle|Spore|p2a: Ho-Oh
|-status|p2a: Ho-Oh|slp|[from] move: Spore
|
|-ability|p1a: Smeargle|Moody|boost
|-boost|p1a: Smeargle|spa|2
|-unboost|p1a: Smeargle|atk|1
|upkeep
|turn|5
|
|t:|1645587710
|move|p1a: Smeargle|Sticky Web|p2a: Ho-Oh
|-sidestart|p2: Lord Rekkuza|move: Sticky Web
|cant|p2a: Ho-Oh|slp
|
|-ability|p1a: Smeargle|Moody|boost
|-boost|p1a: Smeargle|spd|2
|-unboost|p1a: Smeargle|spe|1
|upkeep
|turn|6
|
|t:|1645587717
|move|p1a: Smeargle|Spiky Shield|p1a: Smeargle
|-singleturn|p1a: Smeargle|move: Protect
|cant|p2a: Ho-Oh|slp
|
|-ability|p1a: Smeargle|Moody|boost
|-boost|p1a: Smeargle|spa|2
|-unboost|p1a: Smeargle|def|1
|upkeep
|turn|7
|
|t:|1645587721
|move|p1a: Smeargle|Baton Pass|p1a: Smeargle
|
|t:|1645587722
|switch|p1a: Arceus|Arceus-Fairy, shiny|100/100|[from]move: Baton Pass
|cant|p2a: Ho-Oh|slp
|
|upkeep
|turn|8
|
|t:|1645587730
|-start|p1a: Arceus|Dynamax
|-heal|p1a: Arceus|100/100|[silent]
|move|p1a: Arceus|Max Starfall|p2a: Ho-Oh
|-resisted|p2a: Ho-Oh
|-crit|p2a: Ho-Oh
|-damage|p2a: Ho-Oh|30/100 slp
|-fieldstart|move: Misty Terrain
|-curestatus|p2a: Ho-Oh|slp|[msg]
|move|p2a: Ho-Oh|Toxic|p1a: Arceus
|-activate|p1a: Arceus|move: Misty Terrain
|
|upkeep
|turn|9
|
|t:|1645587737
|switch|p2a: Zacian|Zacian-Crowned, shiny|100/100
|-activate|p2a: Zacian|move: Sticky Web
|-unboost|p2a: Zacian|spe|1
|-ability|p2a: Zacian|Intrepid Sword|boost
|-boost|p2a: Zacian|atk|1
|move|p1a: Arceus|Max Starfall|p2a: Zacian
|-resisted|p2a: Zacian
|-damage|p2a: Zacian|18/100
|
|upkeep
|turn|10
|
|t:|1645587741
|move|p2a: Zacian|Behemoth Blade|p1a: Arceus
|-supereffective|p1a: Arceus
|-damage|p1a: Arceus|0 fnt
|faint|p1a: Arceus
|
|upkeep
|
|t:|1645587745
|switch|p1a: Ditto|Ditto, shiny|100/100
|-transform|p1a: Ditto|p2a: Zacian|[from] ability: Imposter
|-ability|p1a: Ditto|Intrepid Sword|boost
|-boost|p1a: Ditto|atk|1
|turn|11
|j| An11OldNameRaymond
|
|t:|1645587750
|move|p1a: Ditto|Behemoth Blade|p2a: Zacian
|-damage|p2a: Zacian|0 fnt
|faint|p2a: Zacian
|
|upkeep
|
|t:|1645587752
|switch|p2a: Ho-Oh|Ho-Oh|63/100
|turn|12
|
|t:|1645587756
|move|p1a: Ditto|Behemoth Blade|p2a: Ho-Oh
|-resisted|p2a: Ho-Oh
|-damage|p2a: Ho-Oh|15/100
|move|p2a: Ho-Oh|Defog|p1a: Ditto
|-unboost|p1a: Ditto|evasion|1
|-sideend|p2: Lord Rekkuza|Sticky Web|[from] move: Defog|[of] p2a: Ho-Oh
|-fieldend|Misty Terrain
|
|upkeep
|turn|13
|
|t:|1645587760
|move|p1a: Ditto|Behemoth Blade|p2a: Ho-Oh
|-resisted|p2a: Ho-Oh
|-damage|p2a: Ho-Oh|0 fnt
|faint|p2a: Ho-Oh
|
|upkeep
|c|☆Alexthelordmaster|nice
|
|t:|1645587765
|switch|p2a: Calyrex|Calyrex-Shadow|100/100
|-ability|p2a: Calyrex|As One
|-ability|p2a: Calyrex|Unnerve
|turn|14
|c|☆Alexthelordmaster|u had one chance lol
|
|t:|1645587770
|move|p2a: Calyrex|Astral Barrage|p1a: Ditto
|-damage|p1a: Ditto|24/100
|move|p1a: Ditto|Behemoth Blade|p2a: Calyrex
|-damage|p2a: Calyrex|0 fnt
|faint|p2a: Calyrex
|
|upkeep
|
|t:|1645587779
|switch|p2a: Yveltal|Yveltal|100/100
|-ability|p2a: Yveltal|Dark Aura
|turn|15
|
|t:|1645587782
|move|p2a: Yveltal|Sucker Punch|p1a: Ditto
|-resisted|p1a: Ditto
|-damage|p1a: Ditto|0 fnt
|faint|p1a: Ditto
|-damage|p2a: Yveltal|91/100|[from] item: Life Orb
|
|upkeep
|
|t:|1645587788
|switch|p1a: Smeargle|Smeargle, M, shiny|100/100
|turn|16
|
|t:|1645587791
|move|p2a: Yveltal|Dual Wingbeat|p1a: Smeargle
|-damage|p1a: Smeargle|23/100
|-damage|p1a: Smeargle|0 fnt
|faint|p1a: Smeargle
|-hitcount|p1: Smeargle|2
|-damage|p2a: Yveltal|81/100|[from] item: Life Orb
|
|upkeep
|
|t:|1645587795
|switch|p1a: Groudon|Groudon|100/100
|detailschange|p1a: Groudon|Groudon-Primal
|-primal|p1a: Groudon
|-weather|DesolateLand|[from] ability: Desolate Land|[of] p1a: Groudon
|turn|17
|
|t:|1645587801
|-start|p2a: Yveltal|Dynamax
|-heal|p2a: Yveltal|81/100|[silent]
|move|p1a: Groudon|Stone Edge|p2a: Yveltal
|-supereffective|p2a: Yveltal
|-damage|p2a: Yveltal|37/100
|move|p2a: Yveltal|Max Airstream|p1a: Groudon
|-damage|p1a: Groudon|38/100
|-boost|p2a: Yveltal|spe|1
|-damage|p2a: Yveltal|32/100|[from] item: Life Orb
|
|-weather|DesolateLand|[upkeep]
|upkeep
|turn|18
|
|t:|1645587823
|move|p2a: Yveltal|Max Airstream|p1a: Groudon
|-damage|p1a: Groudon|0 fnt
|-boost|p2a: Yveltal|spe|1
|faint|p1a: Groudon
|-weather|none
|-damage|p2a: Yveltal|27/100|[from] item: Life Orb
|
|upkeep
|
|t:|1645587825
|switch|p1a: Zacian|Zacian-Crowned, shiny|100/100
|-ability|p1a: Zacian|Intrepid Sword|boost
|-boost|p1a: Zacian|atk|1
|turn|19
|-message|Alexthelordmaster forfeited.
|
|win|Lord Rekkuza
|raw|Alexthelordmaster's rating: 1634 &rarr; <strong>1623</strong><br />(-11 for losing)
|raw|Lord Rekkuza's rating: 1800 &rarr; <strong>1811</strong><br />(+11 for winning)
|l|☆Alexthelordmaster
