|j|☆Loading0987
|j|☆TheLucasGaming
|inactive|Battle timer is ON: inactive players will automatically lose when time's up.
|t:|1660843176
|gametype|singles
|player|p1|Loading0987|2|
|player|p2|TheLucasGaming|caitlin-masters|
|teamsize|p1|6
|teamsize|p2|6
|gen|8
|tier|[Gen 8] National Dex AG
|rated|Tournament battle
|rule|HP Percentage Mod: HP is shown in percentages
|rule|Endless Battle Clause: Forcing endless battles is banned
|clearpoke
|poke|p1|Calyrex-Shadow|
|poke|p1|Arceus-*|
|poke|p1|Groudon|
|poke|p1|Necrozma-Dusk-Mane|
|poke|p1|Yveltal|
|poke|p1|Zacian-*|
|poke|p2|Deoxys-Speed|
|poke|p2|Yveltal|
|poke|p2|Necrozma-Dusk-Mane|
|poke|p2|Marshadow|
|poke|p2|Arceus-*|
|poke|p2|Rayquaza|
|teampreview
|inactive|TheLucasGaming also wants the timer to be on.
|j| Testing teams 596
|
|t:|1660843184
|start
|switch|p1a: Yveltal|Yveltal|100/100
|switch|p2a: Deoxys|Deoxys-Speed|100/100
|-ability|p2a: Deoxys|Pressure
|-ability|p1a: Yveltal|Dark Aura
|turn|1
|
|t:|1660843187
|move|p2a: Deoxys|Stealth Rock|p1a: Yveltal
|-sidestart|p1: Loading0987|move: Stealth Rock
|move|p1a: Yveltal|U-turn|p2a: Deoxys
|-supereffective|p2a: Deoxys
|-damage|p2a: Deoxys|53/100
|
|t:|1660843192
|switch|p1a: Arceus|Arceus|100/100|[from]move: U-turn
|-damage|p1a: Arceus|88/100|[from] Stealth Rock
|
|-heal|p1a: Arceus|94/100|[from] item: Leftovers
|upkeep
|turn|2
|
|t:|1660843195
|move|p1a: Arceus|Extreme Speed|p2a: Deoxys
|-damage|p2a: Deoxys|0 fnt
|faint|p2a: Deoxys
|
|-heal|p1a: Arceus|99/100|[from] item: Leftovers
|upkeep
|j| GamingWithSceptile
|
|t:|1660843202
|switch|p2a: Marshadow|Marshadow|100/100
|turn|3
|j| Raid-Z3r0
|
|t:|1660843208
|move|p2a: Marshadow|Close Combat|p1a: Arceus
|-supereffective|p1a: Arceus
|-damage|p1a: Arceus|25/100
|-unboost|p2a: Marshadow|def|1
|-unboost|p2a: Marshadow|spd|1
|move|p1a: Arceus|Earthquake|p2a: Marshadow
|-damage|p2a: Marshadow|38/100
|
|-heal|p1a: Arceus|31/100|[from] item: Leftovers
|upkeep
|turn|4
|
|t:|1660843213
|switch|p1a: Calyrex|Calyrex-Shadow|100/100
|-ability|p1a: Calyrex|As One
|-ability|p1a: Calyrex|Unnerve
|-damage|p1a: Calyrex|88/100|[from] Stealth Rock
|move|p2a: Marshadow|Close Combat|p1a: Calyrex
|-immune|p1a: Calyrex
|
|upkeep
|turn|5
|
|t:|1660843216
|switch|p1a: Yveltal|Yveltal|100/100
|-ability|p1a: Yveltal|Dark Aura
|move|p2a: Marshadow|Shadow Sneak|p1a: Yveltal
|-resisted|p1a: Yveltal
|-damage|p1a: Yveltal|90/100
|
|upkeep
|turn|6
|
|t:|1660843222
|switch|p2a: Rayquaza|Rayquaza|100/100
|-ability|p2a: Rayquaza|Air Lock
|move|p1a: Yveltal|Foul Play|p2a: Rayquaza
|-damage|p2a: Rayquaza|22/100
|
|upkeep
|turn|7
|
|t:|1660843226
|detailschange|p2a: Rayquaza|Rayquaza-Mega
|-mega|p2a: Rayquaza|Rayquaza|
|-weather|DeltaStream|[from] ability: Delta Stream|[of] p2a: Rayquaza
|move|p2a: Rayquaza|Dragon Ascent|p1a: Yveltal
|-damage|p1a: Yveltal|25/100
|-unboost|p2a: Rayquaza|def|1
|-unboost|p2a: Rayquaza|spd|1
|move|p1a: Yveltal|Foul Play|p2a: Rayquaza
|-damage|p2a: Rayquaza|0 fnt
|faint|p2a: Rayquaza
|-weather|none
|
|upkeep
|j|%Swas ❤
|
|t:|1660843231
|switch|p2a: Yveltal|Yveltal|100/100
|-ability|p2a: Yveltal|Dark Aura
|turn|8
|
|t:|1660843234
|-start|p2a: Yveltal|Dynamax|
|-heal|p2a: Yveltal|100/100|[silent]
|move|p2a: Yveltal|Max Airstream|p1a: Yveltal
|-damage|p1a: Yveltal|0 fnt
|-boost|p2a: Yveltal|spe|1
|faint|p1a: Yveltal
|-damage|p2a: Yveltal|96/100|[from] item: Life Orb
|
|upkeep
|
|t:|1660843240
|switch|p1a: Groudon|Groudon|100/100
|-damage|p1a: Groudon|94/100|[from] Stealth Rock
|detailschange|p1a: Groudon|Groudon-Primal
|-primal|p1a: Groudon
|-weather|DesolateLand|[from] ability: Desolate Land|[of] p1a: Groudon
|turn|9
|
|t:|1660843244
|move|p2a: Yveltal|Max Darkness|p1a: Groudon
|-crit|p1a: Groudon
|-damage|p1a: Groudon|0 fnt
|faint|p1a: Groudon
|-weather|none
|-damage|p2a: Yveltal|91/100|[from] item: Life Orb
|
|upkeep
|c| Testing teams 596|Wow
|c| Testing teams 596|Haxed
|c|☆Loading0987|the criti
|c|☆Loading0987|yeah /:
|c| Testing teams 596|Mattered
|c| Testing teams 596|U needed rocks
|inactive|Loading0987 has 120 seconds left.
|
|t:|1660843284
|switch|p1a: Necrozma|Necrozma-Dusk-Mane|100/100
|-damage|p1a: Necrozma|94/100|[from] Stealth Rock
|turn|10
|c| Testing teams 596|Or attack it too
|
|t:|1660843289
|-start|p1a: Necrozma|Dynamax|
|-heal|p1a: Necrozma|94/100|[silent]
|move|p1a: Necrozma|Max Guard|p1a: Necrozma
|-singleturn|p1a: Necrozma|Max Guard
|move|p2a: Yveltal|Max Flare|p1a: Necrozma
|-activate|p1a: Necrozma|move: Max Guard
|
|upkeep
|-end|p2a: Yveltal|Dynamax
|-heal|p2a: Yveltal|91/100|[silent]
|turn|11
|
|t:|1660843294
|move|p2a: Yveltal|Dark Pulse|p1a: Necrozma
|-supereffective|p1a: Necrozma
|-damage|p1a: Necrozma|54/100
|-damage|p2a: Yveltal|81/100|[from] item: Life Orb
|move|p1a: Necrozma|Max Steelspike|p2a: Yveltal
|-damage|p2a: Yveltal|20/100
|-boost|p1a: Necrozma|def|1
|
|upkeep
|turn|12
|
|t:|1660843304
|move|p2a: Yveltal|Dark Pulse|p1a: Necrozma
|-supereffective|p1a: Necrozma
|-damage|p1a: Necrozma|8/100
|-damage|p2a: Yveltal|10/100|[from] item: Life Orb
|move|p1a: Necrozma|Max Steelspike|p2a: Yveltal
|-damage|p2a: Yveltal|0 fnt
|-boost|p1a: Necrozma|def|1
|faint|p2a: Yveltal
|
|upkeep
|
|t:|1660843308
|switch|p2a: Marshadow|Marshadow|38/100
|-end|p1a: Necrozma|Dynamax
|-heal|p1a: Necrozma|8/100|[silent]
|turn|13
|
|t:|1660843312
|move|p2a: Marshadow|Pursuit|p1a: Necrozma
|-supereffective|p1a: Necrozma
|-damage|p1a: Necrozma|0 fnt
|-damage|p2a: Marshadow|21/100|[from] item: Rocky Helmet|[of] p1a: Necrozma
|faint|p1a: Necrozma
|
|upkeep
|
|t:|1660843316
|switch|p1a: Zacian|Zacian-Crowned|100/100
|-damage|p1a: Zacian|94/100|[from] Stealth Rock
|-ability|p1a: Zacian|Intrepid Sword|boost
|-boost|p1a: Zacian|atk|1
|turn|14
|
|t:|1660843321
|move|p1a: Zacian|Close Combat|p2a: Marshadow
|-immune|p2a: Marshadow
|move|p2a: Marshadow|Spectral Thief||[still]
|-clearpositiveboost|p1a: Zacian|p2a: Marshadow|move: Spectral Thief
|-boost|p2a: Marshadow|atk|1
|-anim|p2a: Marshadow|Spectral Thief|p1a: Zacian
|-crit|p1a: Zacian
|-damage|p1a: Zacian|0 fnt
|faint|p1a: Zacian
|
|upkeep
|c| Testing teams 596|Bro
|c|☆TheLucasGaming|ok that did not matter
|c| Testing teams 596|Never over predict
|c|☆Loading0987|i was predicting ndm
|c|☆Loading0987|idk why he wouldnt switch
|c|☆TheLucasGaming|yeah
|c| Testing teams 596|Its offensive dm
|inactive|Loading0987 has 120 seconds left.
|c| Testing teams 596|.....
|c|☆Loading0987|you literally needed marshadow for calyrex??
|c|☆Loading0987|wtf
|c|☆Loading0987|you actually threw there
|c|☆TheLucasGaming|i could dd on zacian
|c| Testing teams 596|No
|c|☆Loading0987|wdym no
|c| Testing teams 596|Arceus normal
|c| Testing teams 596|Pretty sure
|inactive|Loading0987 has 90 seconds left.
|c| Testing teams 596|Checks caly
|c|☆Loading0987|whats arcnorm doin?
|c|☆Loading0987|i have psysbock
|c|☆Loading0987|he actually threw there
|c| Testing teams 596|It doesn't kill
|inactive|Loading0987 has 60 seconds left.
|c| Testing teams 596|Wake up to reality
|c|☆Loading0987|2ko
|c|☆Loading0987|stfu testing
|c| Testing teams 596|Even at plus 1
|-message|Loading0987 forfeited.
|
|win|TheLucasGaming
|n|☆Loading0987|loading0987
|n|☆TheLucasGaming|thelucasgaming
|n| Testing teams 596|testingteams596
|n| GamingWithSceptile|gamingwithsceptile
|n| Raid-Z3r0|raidz3r0
|n| Swas ❤|swas
