|j|☆RUiNtheExtinct
|j|☆Obito152001
|t:|1664355085
|gametype|singles
|player|p1|RUiNtheExtinct|red-gen7|1766
|player|p2|Obito152001|blue-gen3two|2037
|teamsize|p1|6
|teamsize|p2|6
|gen|8
|tier|[Gen 8] National Dex AG
|rated|
|rule|HP Percentage Mod: HP is shown in percentages
|rule|Endless Battle Clause: Forcing endless battles is banned
|clearpoke
|poke|p1|Groudon|
|poke|p1|Ditto|
|poke|p1|Rayquaza|
|poke|p1|Yveltal|
|poke|p1|Smeargle, F|
|poke|p1|Arceus-*|
|poke|p2|Arceus-*|
|poke|p2|Necrozma-Dusk-Mane|
|poke|p2|Zygarde|
|poke|p2|Ditto|
|poke|p2|Yveltal|
|poke|p2|Arceus-*|
|teampreview
|inactive|Battle timer is ON: inactive players will automatically lose when time's up. (requested by Obito152001)
|
|t:|1664355093
|start
|switch|p1a: Smeargle|Smeargle, F|100/100
|switch|p2a: Arceus|Arceus-Fairy|100/100
|turn|1
|
|t:|1664355101
|move|p2a: Arceus|Stealth Rock|p1a: Smeargle
|-sidestart|p1: RUiNtheExtinct|move: Stealth Rock
|move|p1a: Smeargle|Shell Smash|p1a: Smeargle
|-unboost|p1a: Smeargle|def|1
|-unboost|p1a: Smeargle|spd|1
|-boost|p1a: Smeargle|atk|2
|-boost|p1a: Smeargle|spa|2
|-boost|p1a: Smeargle|spe|2
|
|-ability|p1a: Smeargle|Moody|boost
|-boost|p1a: Smeargle|def|2
|-unboost|p1a: Smeargle|atk|1
|upkeep
|turn|2
|
|t:|1664355109
|move|p1a: Smeargle|Spore|p2a: Arceus
|-status|p2a: Arceus|slp|[from] move: Spore
|cant|p2a: Arceus|slp
|
|-ability|p1a: Smeargle|Moody|boost
|-boost|p1a: Smeargle|spa|2
|-unboost|p1a: Smeargle|spe|1
|upkeep
|turn|3
|
|t:|1664355116
|move|p1a: Smeargle|Substitute|p1a: Smeargle
|-start|p1a: Smeargle|Substitute
|-damage|p1a: Smeargle|76/100
|cant|p2a: Arceus|slp
|
|-ability|p1a: Smeargle|Moody|boost
|-boost|p1a: Smeargle|spa|2
|-unboost|p1a: Smeargle|def|1
|upkeep
|turn|4
|
|t:|1664355122
|move|p1a: Smeargle|Baton Pass|p1a: Smeargle
|
|t:|1664355124
|switch|p1a: Yveltal|Yveltal|100/100|[from]move: Baton Pass
|-damage|p1a: Yveltal|76/100|[from] Stealth Rock
|-ability|p1a: Yveltal|Dark Aura
|cant|p2a: Arceus|slp
|
|upkeep
|turn|5
|
|t:|1664355131
|move|p1a: Yveltal|Oblivion Wing|p2a: Arceus
|-damage|p2a: Arceus|0 fnt
|-heal|p1a: Yveltal|100/100|[from] drain|[of] p2a: Arceus
|faint|p2a: Arceus
|-damage|p1a: Yveltal|91/100|[from] item: Life Orb
|
|upkeep
|
|t:|1664355135
|switch|p2a: Arceus|Arceus|100/100
|turn|6
|
|t:|1664355151
|switch|p1a: Groudon|Groudon|100/100
|-damage|p1a: Groudon|94/100|[from] Stealth Rock
|detailschange|p1a: Groudon|Groudon-Primal
|-primal|p1a: Groudon
|-weather|DesolateLand|[from] ability: Desolate Land|[of] p1a: Groudon
|move|p2a: Arceus|Extreme Speed|p1a: Groudon
|-damage|p1a: Groudon|69/100
|
|-weather|DesolateLand|[upkeep]
|upkeep
|turn|7
|
|t:|1664355163
|switch|p2a: Zygarde|Zygarde, shiny|100/100
|move|p1a: Groudon|Stealth Rock|p2a: Zygarde
|-sidestart|p2: Obito152001|move: Stealth Rock
|
|-weather|DesolateLand|[upkeep]
|upkeep
|turn|8
|
|t:|1664355167
|-weather|none
|switch|p1a: Smeargle|Smeargle, F|76/100
|-damage|p1a: Smeargle|63/100|[from] Stealth Rock
|move|p2a: Zygarde|Glare|p1a: Smeargle
|-status|p1a: Smeargle|par
|
|-ability|p1a: Smeargle|Moody|boost
|-boost|p1a: Smeargle|def|2
|-unboost|p1a: Smeargle|spa|1
|upkeep
|turn|9
|
|t:|1664355175
|move|p2a: Zygarde|Thousand Arrows|p1a: Smeargle
|-damage|p1a: Smeargle|26/100 par
|move|p1a: Smeargle|Spore|p2a: Zygarde
|-status|p2a: Zygarde|slp|[from] move: Spore
|
|-ability|p1a: Smeargle|Moody|boost
|-boost|p1a: Smeargle|def|2
|-unboost|p1a: Smeargle|spd|1
|upkeep
|turn|10
|
|t:|1664355181
|switch|p1a: Rayquaza|Rayquaza|100/100
|-damage|p1a: Rayquaza|76/100|[from] Stealth Rock
|-ability|p1a: Rayquaza|Air Lock
|cant|p2a: Zygarde|slp
|
|upkeep
|turn|11
|
|t:|1664355191
|switch|p2a: Yveltal|Yveltal, shiny|100/100
|-ability|p2a: Yveltal|Dark Aura
|detailschange|p1a: Rayquaza|Rayquaza-Mega
|-mega|p1a: Rayquaza|Rayquaza|
|-weather|DeltaStream|[from] ability: Delta Stream|[of] p1a: Rayquaza
|move|p1a: Rayquaza|Scale Shot|p2a: Yveltal
|-damage|p2a: Yveltal|84/100
|-damage|p2a: Yveltal|67/100
|-damage|p2a: Yveltal|50/100
|-damage|p2a: Yveltal|32/100
|-damage|p2a: Yveltal|15/100
|-hitcount|p2a: Yveltal|5
|-unboost|p1a: Rayquaza|def|1
|-boost|p1a: Rayquaza|spe|1
|-damage|p1a: Rayquaza|66/100|[from] item: Life Orb
|
|-weather|DeltaStream|[upkeep]
|upkeep
|turn|12
|
|t:|1664355196
|move|p1a: Rayquaza|Extreme Speed|p2a: Yveltal
|-damage|p2a: Yveltal|0 fnt
|faint|p2a: Yveltal
|-damage|p1a: Rayquaza|56/100|[from] item: Life Orb
|
|-weather|DeltaStream|[upkeep]
|upkeep
|
|t:|1664355205
|switch|p2a: Arceus|Arceus|100/100
|-damage|p2a: Arceus|88/100|[from] Stealth Rock
|turn|13
|
|t:|1664355208
|move|p2a: Arceus|Extreme Speed|p1a: Rayquaza
|-damage|p1a: Rayquaza|0 fnt
|faint|p1a: Rayquaza
|-weather|none
|
|upkeep
|
|t:|1664355214
|switch|p1a: Groudon|Groudon-Primal|69/100
|-damage|p1a: Groudon|56/100|[from] Stealth Rock
|-weather|DesolateLand|[from] ability: Desolate Land|[of] p1a: Groudon
|turn|14
|
|t:|1664355221
|switch|p2a: Zygarde|Zygarde, shiny|100/100 slp
|-damage|p2a: Zygarde|94/100 slp|[from] Stealth Rock
|move|p1a: Groudon|Earthquake|p2a: Zygarde
|-damage|p2a: Zygarde|55/100 slp
|
|-weather|DesolateLand|[upkeep]
|-heal|p2a: Zygarde|61/100 slp|[from] item: Leftovers
|upkeep
|turn|15
|
|t:|1664355225
|-weather|none
|switch|p1a: Yveltal|Yveltal|91/100
|-damage|p1a: Yveltal|66/100|[from] Stealth Rock
|-ability|p1a: Yveltal|Dark Aura
|cant|p2a: Zygarde|slp
|
|-heal|p2a: Zygarde|67/100 slp|[from] item: Leftovers
|upkeep
|turn|16
|
|t:|1664355231
|move|p1a: Yveltal|Oblivion Wing|p2a: Zygarde
|-damage|p2a: Zygarde|16/100 slp
|-heal|p1a: Yveltal|100/100|[from] drain|[of] p2a: Zygarde
|-damage|p1a: Yveltal|91/100|[from] item: Life Orb
|-curestatus|p2a: Zygarde|slp|[msg]
|move|p2a: Zygarde|Glare|p1a: Yveltal
|-status|p1a: Yveltal|par
|
|-heal|p2a: Zygarde|22/100|[from] item: Leftovers
|-activate|p2a: Zygarde|ability: Power Construct
|detailschange|p2a: Zygarde|Zygarde-Complete, shiny
|-heal|p2a: Zygarde|49/100|[silent]
|upkeep
|turn|17
|
|t:|1664355242
|switch|p2a: Arceus|Arceus|88/100
|-damage|p2a: Arceus|76/100|[from] Stealth Rock
|move|p1a: Yveltal|Dark Pulse|p2a: Arceus
|-damage|p2a: Arceus|25/100
|-damage|p1a: Yveltal|81/100 par|[from] item: Life Orb
|
|upkeep
|turn|18
|
|t:|1664355249
|switch|p1a: Groudon|Groudon-Primal|56/100
|-damage|p1a: Groudon|44/100|[from] Stealth Rock
|-weather|DesolateLand|[from] ability: Desolate Land|[of] p1a: Groudon
|move|p2a: Arceus|Recover|p2a: Arceus
|-heal|p2a: Arceus|75/100
|
|-weather|DesolateLand|[upkeep]
|upkeep
|turn|19
|
|t:|1664355254
|switch|p2a: Zygarde|Zygarde-Complete, shiny|49/100
|-damage|p2a: Zygarde|42/100|[from] Stealth Rock
|move|p1a: Groudon|Earthquake|p2a: Zygarde
|-damage|p2a: Zygarde|19/100
|
|-weather|DesolateLand|[upkeep]
|-heal|p2a: Zygarde|25/100|[from] item: Leftovers
|upkeep
|turn|20
|
|t:|1664355260
|move|p1a: Groudon|Earthquake|p2a: Zygarde
|-damage|p2a: Zygarde|2/100
|move|p2a: Zygarde|Glare|p1a: Groudon
|-status|p1a: Groudon|par
|
|-weather|DesolateLand|[upkeep]
|-heal|p2a: Zygarde|8/100|[from] item: Leftovers
|upkeep
|turn|21
|
|t:|1664355267
|move|p2a: Zygarde|Rest|p2a: Zygarde
|-status|p2a: Zygarde|slp|[from] move: Rest
|-heal|p2a: Zygarde|100/100 slp|[silent]
|cant|p1a: Groudon|par
|
|-weather|DesolateLand|[upkeep]
|upkeep
|turn|22
|
|t:|1664355271
|-weather|none
|switch|p1a: Yveltal|Yveltal|81/100 par
|-damage|p1a: Yveltal|56/100 par|[from] Stealth Rock
|-ability|p1a: Yveltal|Dark Aura
|cant|p2a: Zygarde|slp
|
|upkeep
|turn|23
|
|t:|1664355274
|cant|p2a: Zygarde|slp
|move|p1a: Yveltal|Oblivion Wing|p2a: Zygarde
|-damage|p2a: Zygarde|69/100 slp
|-heal|p1a: Yveltal|94/100 par|[from] drain|[of] p2a: Zygarde
|-damage|p1a: Yveltal|84/100 par|[from] item: Life Orb
|
|-heal|p2a: Zygarde|75/100 slp|[from] item: Leftovers
|upkeep
|turn|24
|
|t:|1664355278
|-curestatus|p2a: Zygarde|slp|[msg]
|move|p2a: Zygarde|Thousand Arrows|p1a: Yveltal
|-damage|p1a: Yveltal|52/100 par
|-start|p1a: Yveltal|Smack Down
|cant|p1a: Yveltal|par
|
|-heal|p2a: Zygarde|81/100|[from] item: Leftovers
|upkeep
|turn|25
|
|t:|1664355281
|move|p2a: Zygarde|Thousand Arrows|p1a: Yveltal
|-damage|p1a: Yveltal|21/100 par
|move|p1a: Yveltal|Dark Pulse|p2a: Zygarde
|-damage|p2a: Zygarde|35/100
|-damage|p1a: Yveltal|11/100 par|[from] item: Life Orb
|
|-heal|p2a: Zygarde|41/100|[from] item: Leftovers
|upkeep
|turn|26
|
|t:|1664355286
|move|p2a: Zygarde|Thousand Arrows|p1a: Yveltal
|-damage|p1a: Yveltal|0 fnt
|faint|p1a: Yveltal
|
|-heal|p2a: Zygarde|47/100|[from] item: Leftovers
|upkeep
|
|t:|1664355292
|switch|p1a: Ditto|Ditto|100/100
|-damage|p1a: Ditto|88/100|[from] Stealth Rock
|-transform|p1a: Ditto|p2a: Zygarde|[from] ability: Imposter
|turn|27
|
|t:|1664355295
|move|p1a: Ditto|Glare|p2a: Zygarde
|-status|p2a: Zygarde|par
|move|p2a: Zygarde|Glare|p1a: Ditto
|-status|p1a: Ditto|par
|
|-heal|p2a: Zygarde|53/100 par|[from] item: Leftovers
|upkeep
|turn|28
|
|t:|1664355301
|switch|p1a: Arceus|Arceus-Flying|100/100
|-damage|p1a: Arceus|76/100|[from] Stealth Rock
|move|p2a: Zygarde|Thousand Arrows|p1a: Arceus
|-damage|p1a: Arceus|55/100
|-start|p1a: Arceus|Smack Down
|
|-heal|p2a: Zygarde|59/100 par|[from] item: Leftovers
|upkeep
|turn|29
|
|t:|1664355311
|-start|p1a: Arceus|Dynamax|
|-heal|p1a: Arceus|55/100|[silent]
|move|p1a: Arceus|Max Airstream|p2a: Zygarde
|-damage|p2a: Zygarde|29/100 par
|-boost|p1a: Arceus|spe|1
|move|p2a: Zygarde|Glare|p1a: Arceus
|-status|p1a: Arceus|par
|
|-heal|p2a: Zygarde|35/100 par|[from] item: Leftovers
|upkeep
|turn|30
|
|t:|1664355318
|move|p1a: Arceus|Max Airstream|p2a: Zygarde
|-damage|p2a: Zygarde|8/100 par
|-boost|p1a: Arceus|spe|1
|move|p2a: Zygarde|Rest|p2a: Zygarde
|-status|p2a: Zygarde|slp|[from] move: Rest
|-heal|p2a: Zygarde|100/100 slp|[silent]
|
|upkeep
|turn|31
|
|t:|1664355321
|move|p1a: Arceus|Max Airstream|p2a: Zygarde
|-damage|p2a: Zygarde|72/100 slp
|-boost|p1a: Arceus|spe|1
|cant|p2a: Zygarde|slp
|
|-heal|p2a: Zygarde|78/100 slp|[from] item: Leftovers
|upkeep
|-end|p1a: Arceus|Dynamax
|-heal|p1a: Arceus|55/100 par|[silent]
|turn|32
|
|t:|1664355325
|cant|p1a: Arceus|par
|cant|p2a: Zygarde|slp
|
|-heal|p2a: Zygarde|84/100 slp|[from] item: Leftovers
|upkeep
|turn|33
|
|t:|1664355328
|cant|p1a: Arceus|par
|-curestatus|p2a: Zygarde|slp|[msg]
|move|p2a: Zygarde|Haze|p2a: Zygarde
|-clearallboost
|
|-heal|p2a: Zygarde|90/100|[from] item: Leftovers
|upkeep
|turn|34
|
|t:|1664355331
|move|p2a: Zygarde|Thousand Arrows|p1a: Arceus
|-damage|p1a: Arceus|33/100 par
|move|p1a: Arceus|Recover|p1a: Arceus
|-heal|p1a: Arceus|83/100 par
|
|-heal|p2a: Zygarde|97/100|[from] item: Leftovers
|upkeep
|turn|35
|
|t:|1664355337
|switch|p2a: Necrozma|Necrozma-Dusk-Mane|100/100
|-damage|p2a: Necrozma|94/100|[from] Stealth Rock
|move|p1a: Arceus|Swords Dance|p1a: Arceus
|-boost|p1a: Arceus|atk|2
|
|upkeep
|turn|36
|
|t:|1664355346
|switch|p2a: Zygarde|Zygarde-Complete, shiny|97/100
|-damage|p2a: Zygarde|90/100|[from] Stealth Rock
|move|p1a: Arceus|Earthquake|p2a: Zygarde
|-damage|p2a: Zygarde|64/100
|
|-heal|p2a: Zygarde|70/100|[from] item: Leftovers
|upkeep
|turn|37
|
|t:|1664355351
|move|p2a: Zygarde|Haze|p2a: Zygarde
|-clearallboost
|move|p1a: Arceus|Fly||[still]
|-prepare|p1a: Arceus|Fly
|
|-heal|p2a: Zygarde|77/100|[from] item: Leftovers
|upkeep
|turn|38
|
|t:|1664355362
|move|p2a: Zygarde|Thousand Arrows|p1a: Arceus
|-damage|p1a: Arceus|61/100 par
|-start|p1a: Arceus|Smack Down
|
|-heal|p2a: Zygarde|83/100|[from] item: Leftovers
|upkeep
|turn|39
|
|t:|1664355368
|move|p2a: Zygarde|Thousand Arrows|p1a: Arceus
|-damage|p1a: Arceus|39/100 par
|move|p1a: Arceus|Recover|p1a: Arceus
|-heal|p1a: Arceus|89/100 par
|
|-heal|p2a: Zygarde|89/100|[from] item: Leftovers
|upkeep
|turn|40
|
|t:|1664355374
|switch|p2a: Necrozma|Necrozma-Dusk-Mane|94/100
|-damage|p2a: Necrozma|88/100|[from] Stealth Rock
|move|p1a: Arceus|Earthquake|p2a: Necrozma
|-supereffective|p2a: Necrozma
|-damage|p2a: Necrozma|52/100
|-enditem|p2a: Necrozma|Weakness Policy
|-boost|p2a: Necrozma|atk|2|[from] item: Weakness Policy
|-boost|p2a: Necrozma|spa|2|[from] item: Weakness Policy
|
|upkeep
|turn|41
|
|t:|1664355380
|move|p2a: Necrozma|Moonlight|p2a: Necrozma
|-heal|p2a: Necrozma|100/100
|cant|p1a: Arceus|par
|
|upkeep
|turn|42
|
|t:|1664355388
|move|p2a: Necrozma|Dragon Dance|p2a: Necrozma
|-boost|p2a: Necrozma|atk|1
|-boost|p2a: Necrozma|spe|1
|move|p1a: Arceus|Earthquake|p2a: Necrozma
|-supereffective|p2a: Necrozma
|-damage|p2a: Necrozma|65/100
|
|upkeep
|turn|43
|
|t:|1664355396
|-start|p2a: Necrozma|Dynamax|
|-heal|p2a: Necrozma|65/100|[silent]
|move|p2a: Necrozma|Max Steelspike|p1a: Arceus
|-damage|p1a: Arceus|0 fnt
|-boost|p2a: Necrozma|def|1
|faint|p1a: Arceus
|
|upkeep
|
|t:|1664355398
|switch|p1a: Ditto|Ditto|88/100 par
|-damage|p1a: Ditto|76/100 par|[from] Stealth Rock
|-transform|p1a: Ditto|p2a: Necrozma|[from] ability: Imposter
|turn|44
|
|t:|1664355404
|move|p2a: Necrozma|Max Quake|p1a: Ditto
|-supereffective|p1a: Ditto
|-damage|p1a: Ditto|0 fnt
|-boost|p2a: Necrozma|spd|1
|faint|p1a: Ditto
|
|upkeep
|c|☆RUiNtheExtinct|gg
|c|☆Obito152001|Gg
|-message|RUiNtheExtinct forfeited.
|
|win|Obito152001
|raw|RUiNtheExtinct's rating: 1766 &rarr; <strong>1759</strong><br />(-7 for losing)
|raw|Obito152001's rating: 2037 &rarr; <strong>2044</strong><br />(+7 for winning)
|l|☆RUiNtheExtinct
