|j|☆soda49
|j|‽Inferno Scareskull
|t:|1640409021
|gametype|singles
|player|p1|soda49|266|1679
|player|p2|Inferno Scareskull|265|1555
|teamsize|p1|6
|teamsize|p2|6
|gen|8
|tier|[Gen 8] National Dex AG
|rated|
|rule|HP Percentage Mod: HP is shown in percentages
|rule|Endless Battle Clause: Forcing endless battles is banned
|clearpoke
|poke|p1|Whimsicott, F|
|poke|p1|Smeargle, F|
|poke|p1|Calyrex-Shadow|
|poke|p1|Dragonite, M|
|poke|p1|Charizard, M|
|poke|p1|Mimikyu, M|
|poke|p2|Deoxys-Speed|
|poke|p2|Calyrex-Shadow|
|poke|p2|Yveltal|
|poke|p2|Arceus-*|
|poke|p2|Rayquaza|
|poke|p2|Arceus-*|
|teampreview
|inactive|Battle timer is ON: inactive players will automatically lose when time's up. (requested by Inferno Scareskull)
|inactive|soda49 also wants the timer to be on.
|
|t:|1640409026
|start
|switch|p1a: Charizard|Charizard, M|100/100
|switch|p2a: Deoxys|Deoxys-Speed, shiny|100/100
|-ability|p2a: Deoxys|Pressure
|turn|1
|
|t:|1640409033
|-start|p1a: Charizard|Dynamax
|-formechange|p1a: Charizard|Charizard-Gmax
|-heal|p1a: Charizard|100/100|[silent]
|move|p2a: Deoxys|Stealth Rock|p1a: Charizard
|-sidestart|p1: soda49|move: Stealth Rock
|move|p1a: Charizard|Max Airstream|p2a: Deoxys
|-enditem|p2a: Deoxys|Focus Sash
|-damage|p2a: Deoxys|1/100
|-boost|p1a: Charizard|spe|1
|-damage|p1a: Charizard|96/100|[from] item: Life Orb
|
|upkeep
|turn|2
|
|t:|1640409041
|move|p2a: Deoxys|Spikes|p1a: Charizard
|-sidestart|p1: soda49|Spikes
|move|p1a: Charizard|G-Max Wildfire|p2a: Deoxys
|-damage|p2a: Deoxys|0 fnt
|-sidestart|p2: Inferno Scareskull|G-Max Wildfire
|faint|p2a: Deoxys
|-damage|p1a: Charizard|91/100|[from] item: Life Orb
|
|upkeep
|
|t:|1640409048
|switch|p2a: Yveltal|Yveltal, shiny|100/100
|-ability|p2a: Yveltal|Dark Aura
|turn|3
|
|t:|1640409065
|-start|p2a: Yveltal|Dynamax
|-heal|p2a: Yveltal|100/100|[silent]
|move|p1a: Charizard|Max Airstream|p2a: Yveltal
|-damage|p2a: Yveltal|65/100
|-boost|p1a: Charizard|spe|1
|-damage|p1a: Charizard|86/100|[from] item: Life Orb
|move|p2a: Yveltal|Max Airstream|p1a: Charizard
|-damage|p1a: Charizard|32/100
|-boost|p2a: Yveltal|spe|1
|-damage|p2a: Yveltal|60/100|[from] item: Life Orb
|
|-damage|p2a: Yveltal|52/100|[from] G-Max Wildfire
|-end|p1a: Charizard|Dynamax
|-formechange|p1a: Charizard|Charizard
|-heal|p1a: Charizard|32/100|[silent]
|upkeep
|turn|4
|
|t:|1640409083
|move|p1a: Charizard|Air Slash|p2a: Yveltal
|-damage|p2a: Yveltal|34/100
|-damage|p1a: Charizard|22/100|[from] item: Life Orb
|move|p2a: Yveltal|Max Airstream|p1a: Charizard
|-damage|p1a: Charizard|0 fnt
|-boost|p2a: Yveltal|spe|1
|faint|p1a: Charizard
|-damage|p2a: Yveltal|29/100|[from] item: Life Orb
|
|-damage|p2a: Yveltal|20/100|[from] G-Max Wildfire
|upkeep
|
|t:|1640409095
|switch|p1a: Dragonite|Dragonite, M|100/100
|turn|5
|inactive|soda49 has 120 seconds left.
|
|t:|1640409110
|move|p2a: Yveltal|Max Darkness|p1a: Dragonite
|-damage|p1a: Dragonite|47/100
|-unboost|p1a: Dragonite|spd|1
|-damage|p2a: Yveltal|16/100|[from] item: Life Orb
|move|p1a: Dragonite|Defog|p2a: Yveltal
|-unboost|p2a: Yveltal|evasion|1
|-sideend|p1: soda49|Spikes|[from] move: Defog|[of] p1a: Dragonite
|-sideend|p1: soda49|Stealth Rock|[from] move: Defog|[of] p1a: Dragonite
|
|-damage|p2a: Yveltal|7/100|[from] G-Max Wildfire
|-sideend|p2: Inferno Scareskull|G-Max Wildfire
|-end|p2a: Yveltal|Dynamax
|-heal|p2a: Yveltal|7/100|[silent]
|upkeep
|turn|6
|
|t:|1640409117
|move|p2a: Yveltal|Oblivion Wing|p1a: Dragonite
|-damage|p1a: Dragonite|0 fnt
|-heal|p2a: Yveltal|40/100|[from] drain|[of] p1a: Dragonite
|faint|p1a: Dragonite
|-damage|p2a: Yveltal|30/100|[from] item: Life Orb
|
|upkeep
|
|t:|1640409122
|switch|p1a: Mimikyu|Mimikyu, M|100/100
|turn|7
|
|t:|1640409128
|move|p2a: Yveltal|Oblivion Wing|p1a: Mimikyu
|-activate|p1a: Mimikyu|ability: Disguise
|-damage|p1a: Mimikyu|100/100
|detailschange|p1a: Mimikyu|Mimikyu-Busted, M
|-damage|p1a: Mimikyu|88/100|[from] pokemon: Mimikyu-Busted
|-damage|p2a: Yveltal|20/100|[from] item: Life Orb
|move|p1a: Mimikyu|Swords Dance|p1a: Mimikyu
|-boost|p1a: Mimikyu|atk|2
|
|upkeep
|turn|8
|
|t:|1640409136
|move|p1a: Mimikyu|Shadow Sneak|p2a: Yveltal
|-resisted|p2a: Yveltal
|-damage|p2a: Yveltal|4/100
|move|p2a: Yveltal|Oblivion Wing|p1a: Mimikyu
|-damage|p1a: Mimikyu|33/100
|-heal|p2a: Yveltal|37/100|[from] drain|[of] p1a: Mimikyu
|-damage|p2a: Yveltal|27/100|[from] item: Life Orb
|
|upkeep
|turn|9
|
|t:|1640409147
|move|p2a: Yveltal|Sucker Punch||[still]
|-fail|p2a: Yveltal
|move|p1a: Mimikyu|Trick Room|p1a: Mimikyu
|-fieldstart|move: Trick Room|[of] p1a: Mimikyu
|
|upkeep
|turn|10
|
|t:|1640409151
|move|p2a: Yveltal|Sucker Punch|p1a: Mimikyu
|-damage|p1a: Mimikyu|0 fnt
|faint|p1a: Mimikyu
|-damage|p2a: Yveltal|17/100|[from] item: Life Orb
|
|upkeep
|
|t:|1640409152
|switch|p1a: The wobbler|Smeargle, F|100/100
|turn|11
|
|t:|1640409157
|move|p1a: The wobbler|Spore|p2a: Yveltal
|-status|p2a: Yveltal|slp|[from] move: Spore
|cant|p2a: Yveltal|slp
|
|-ability|p1a: The wobbler|Moody|boost
|-boost|p1a: The wobbler|atk|2
|-unboost|p1a: The wobbler|spa|1
|upkeep
|turn|12
|
|t:|1640409161
|move|p1a: The wobbler|Substitute|p1a: The wobbler
|-start|p1a: The wobbler|Substitute
|-damage|p1a: The wobbler|76/100
|-curestatus|p2a: Yveltal|slp|[msg]
|move|p2a: Yveltal|Oblivion Wing|p1a: The wobbler
|-end|p1a: The wobbler|Substitute
|-heal|p2a: Yveltal|29/100|[from] drain|[of] p1a: The wobbler
|-damage|p2a: Yveltal|19/100|[from] item: Life Orb
|
|-heal|p1a: The wobbler|82/100|[from] item: Leftovers
|-ability|p1a: The wobbler|Moody|boost
|-boost|p1a: The wobbler|spd|2
|-unboost|p1a: The wobbler|atk|1
|upkeep
|turn|13
|
|t:|1640409165
|move|p1a: The wobbler|Spore|p2a: Yveltal
|-status|p2a: Yveltal|slp|[from] move: Spore
|cant|p2a: Yveltal|slp
|
|-heal|p1a: The wobbler|88/100|[from] item: Leftovers
|-fieldend|move: Trick Room
|-ability|p1a: The wobbler|Moody|boost
|-boost|p1a: The wobbler|def|2
|-unboost|p1a: The wobbler|spa|1
|upkeep
|turn|14
|
|t:|1640409169
|cant|p2a: Yveltal|slp
|move|p1a: The wobbler|Substitute|p1a: The wobbler
|-start|p1a: The wobbler|Substitute
|-damage|p1a: The wobbler|63/100
|
|-heal|p1a: The wobbler|69/100|[from] item: Leftovers
|-ability|p1a: The wobbler|Moody|boost
|-boost|p1a: The wobbler|atk|2
|-unboost|p1a: The wobbler|def|1
|upkeep
|turn|15
|
|t:|1640409177
|-curestatus|p2a: Yveltal|slp|[msg]
|move|p2a: Yveltal|Oblivion Wing|p1a: The wobbler
|-end|p1a: The wobbler|Substitute
|-heal|p2a: Yveltal|31/100|[from] drain|[of] p1a: The wobbler
|-damage|p2a: Yveltal|21/100|[from] item: Life Orb
|move|p1a: The wobbler|Shell Smash|p1a: The wobbler
|-unboost|p1a: The wobbler|def|1
|-unboost|p1a: The wobbler|spd|1
|-boost|p1a: The wobbler|atk|2
|-boost|p1a: The wobbler|spa|2
|-boost|p1a: The wobbler|spe|2
|
|-heal|p1a: The wobbler|75/100|[from] item: Leftovers
|-ability|p1a: The wobbler|Moody|boost
|-boost|p1a: The wobbler|spe|2
|-unboost|p1a: The wobbler|atk|1
|upkeep
|turn|16
|
|t:|1640409188
|move|p1a: The wobbler|Spore|p2a: Yveltal
|-status|p2a: Yveltal|slp|[from] move: Spore
|cant|p2a: Yveltal|slp
|
|-heal|p1a: The wobbler|81/100|[from] item: Leftovers
|-ability|p1a: The wobbler|Moody|boost
|-boost|p1a: The wobbler|spa|2
|-unboost|p1a: The wobbler|def|1
|upkeep
|turn|17
|
|t:|1640409194
|move|p1a: The wobbler|Substitute|p1a: The wobbler
|-start|p1a: The wobbler|Substitute
|-damage|p1a: The wobbler|56/100
|cant|p2a: Yveltal|slp
|
|-heal|p1a: The wobbler|62/100|[from] item: Leftovers
|-ability|p1a: The wobbler|Moody|boost
|-boost|p1a: The wobbler|atk|2
|-unboost|p1a: The wobbler|def|1
|upkeep
|turn|18
|
|t:|1640409208
|move|p1a: The wobbler|Shell Smash|p1a: The wobbler
|-unboost|p1a: The wobbler|def|1
|-unboost|p1a: The wobbler|spd|1
|-boost|p1a: The wobbler|atk|0
|-boost|p1a: The wobbler|spa|2
|-boost|p1a: The wobbler|spe|2
|cant|p2a: Yveltal|slp
|
|-heal|p1a: The wobbler|68/100|[from] item: Leftovers
|-ability|p1a: The wobbler|Moody|boost
|-boost|p1a: The wobbler|spa|2
|-unboost|p1a: The wobbler|spd|1
|upkeep
|turn|19
|
|t:|1640409224
|move|p1a: The wobbler|Power Trip|p2a: Yveltal
|-resisted|p2a: Yveltal
|-crit|p2a: Yveltal
|-damage|p2a: Yveltal|0 fnt
|faint|p2a: Yveltal
|
|-heal|p1a: The wobbler|74/100|[from] item: Leftovers
|-ability|p1a: The wobbler|Moody|boost
|-boost|p1a: The wobbler|def|2
|-unboost|p1a: The wobbler|atk|1
|upkeep
|
|t:|1640409231
|switch|p2a: Arceus|Arceus-Ground|100/100
|turn|20
|
|t:|1640409234
|move|p1a: The wobbler|Spore|p2a: Arceus
|-status|p2a: Arceus|slp|[from] move: Spore
|cant|p2a: Arceus|slp
|
|-heal|p1a: The wobbler|80/100|[from] item: Leftovers
|-ability|p1a: The wobbler|Moody|boost
|-boost|p1a: The wobbler|spd|2
|-unboost|p1a: The wobbler|atk|1
|upkeep
|turn|21
|-message|Inferno Scareskull forfeited.
|
|win|soda49
|raw|soda49's rating: 1679 &rarr; <strong>1692</strong><br />(+13 for winning)
|raw|Inferno Scareskull's rating: 1555 &rarr; <strong>1542</strong><br />(-13 for losing)
|l|‽Inferno Scareskull
