|j|☆Ascended Alive
|j|☆C0ld as Ic3
|t:|1653612459
|gametype|singles
|player|p1|Ascended Alive|cameraman|1682
|player|p2|C0ld as Ic3|schoolkid-gen4dp|1795
|teamsize|p1|6
|teamsize|p2|6
|gen|8
|tier|[Gen 8] National Dex AG
|rated|
|rule|HP Percentage Mod: HP is shown in percentages
|rule|Endless Battle Clause: Forcing endless battles is banned
|clearpoke
|poke|p1|Kyogre|
|poke|p1|Zacian-*|
|poke|p1|Ditto|
|poke|p1|Yveltal|
|poke|p1|Necrozma-Dusk-Mane|
|poke|p1|Calyrex-Shadow|
|poke|p2|Ho-Oh|
|poke|p2|Arceus-*|
|poke|p2|Necrozma-Dusk-Mane|
|poke|p2|Rayquaza|
|poke|p2|Arceus-*|
|poke|p2|Ditto|
|teampreview
|inactive|Battle timer is ON: inactive players will automatically lose when time's up. (requested by C0ld as Ic3)
|c|☆Ascended Alive|l hf
|c|☆Ascended Alive|u again
|inactive|C0ld as Ic3 has 120 seconds left.
|c|☆C0ld as Ic3|x]
|
|t:|1653612497
|start
|switch|p1a: Kyogre|Kyogre|100/100
|switch|p2a: Ho-Oh|Ho-Oh|100/100
|-weather|RainDance|[from] ability: Drizzle|[of] p1a: Kyogre
|turn|1
|
|t:|1653612519
|switch|p2a: Rayquaza|Rayquaza|100/100
|-ability|p2a: Rayquaza|Air Lock
|move|p1a: Kyogre|Water Spout|p2a: Rayquaza
|-resisted|p2a: Rayquaza
|-damage|p2a: Rayquaza|53/100
|
|-weather|RainDance|[upkeep]
|upkeep
|turn|2
|
|t:|1653612526
|switch|p1a: Yveltal|Yveltal|100/100
|-ability|p1a: Yveltal|Dark Aura
|detailschange|p2a: Rayquaza|Rayquaza-Mega
|-mega|p2a: Rayquaza|Rayquaza|
|-weather|DeltaStream|[from] ability: Delta Stream|[of] p2a: Rayquaza
|move|p2a: Rayquaza|V-create|p1a: Yveltal
|-damage|p1a: Yveltal|0 fnt
|-unboost|p2a: Rayquaza|spe|1
|-unboost|p2a: Rayquaza|def|1
|-unboost|p2a: Rayquaza|spd|1
|faint|p1a: Yveltal
|
|-weather|DeltaStream|[upkeep]
|upkeep
|
|t:|1653612535
|switch|p1a: Calyrex|Calyrex-Shadow|100/100
|-ability|p1a: Calyrex|As One
|-ability|p1a: Calyrex|Unnerve
|turn|3
|
|t:|1653612539
|-weather|none
|switch|p2a: Ho-Oh|Ho-Oh|100/100
|move|p1a: Calyrex|Astral Barrage|p2a: Ho-Oh
|-damage|p2a: Ho-Oh|60/100
|
|upkeep
|turn|4
|
|t:|1653612556
|switch|p1a: Kyogre|Kyogre|100/100
|-weather|RainDance|[from] ability: Drizzle|[of] p1a: Kyogre
|move|p2a: Ho-Oh|Toxic|p1a: Kyogre
|-status|p1a: Kyogre|tox
|
|-weather|RainDance|[upkeep]
|-damage|p1a: Kyogre|94/100 tox|[from] psn
|upkeep
|turn|5
|
|t:|1653612566
|switch|p2a: Ditto|Ditto|100/100
|-transform|p2a: Ditto|p1a: Kyogre|[from] ability: Imposter
|move|p1a: Kyogre|Water Spout|p2a: Ditto
|-resisted|p2a: Ditto
|-damage|p2a: Ditto|45/100
|
|-weather|RainDance|[upkeep]
|-damage|p1a: Kyogre|82/100 tox|[from] psn
|upkeep
|turn|6
|
|t:|1653612570
|move|p1a: Kyogre|Water Spout|p2a: Ditto
|-resisted|p2a: Ditto
|-damage|p2a: Ditto|0 fnt
|faint|p2a: Ditto
|
|-weather|RainDance|[upkeep]
|-damage|p1a: Kyogre|64/100 tox|[from] psn
|upkeep
|
|t:|1653612573
|switch|p2a: Rayquaza|Rayquaza-Mega|53/100
|-weather|DeltaStream|[from] ability: Delta Stream|[of] p2a: Rayquaza
|turn|7
|
|t:|1653612576
|move|p1a: Kyogre|Water Spout|p2a: Rayquaza
|-resisted|p2a: Rayquaza
|-damage|p2a: Rayquaza|29/100
|move|p2a: Rayquaza|V-create|p1a: Kyogre
|-resisted|p1a: Kyogre
|-damage|p1a: Kyogre|0 fnt
|-unboost|p2a: Rayquaza|spe|1
|-unboost|p2a: Rayquaza|def|1
|-unboost|p2a: Rayquaza|spd|1
|faint|p1a: Kyogre
|
|-weather|DeltaStream|[upkeep]
|upkeep
|
|t:|1653612581
|switch|p1a: Calyrex|Calyrex-Shadow|100/100
|-ability|p1a: Calyrex|As One
|-ability|p1a: Calyrex|Unnerve
|turn|8
|
|t:|1653612585
|-weather|none
|switch|p2a: Ho-Oh|Ho-Oh|93/100
|move|p1a: Calyrex|Expanding Force|p2a: Ho-Oh
|-damage|p2a: Ho-Oh|64/100
|
|upkeep
|turn|9
|
|t:|1653612590
|-start|p1a: Calyrex|Dynamax|
|-heal|p1a: Calyrex|100/100|[silent]
|move|p1a: Calyrex|Max Starfall|p2a: Ho-Oh
|-resisted|p2a: Ho-Oh
|-damage|p2a: Ho-Oh|53/100
|-fieldstart|move: Misty Terrain
|move|p2a: Ho-Oh|Sacred Fire|p1a: Calyrex
|-damage|p1a: Calyrex|76/100
|
|upkeep
|turn|10
|
|t:|1653612599
|switch|p2a: Arceus|Arceus-Dark|100/100
|move|p1a: Calyrex|Max Phantasm|p2a: Arceus
|-resisted|p2a: Arceus
|-damage|p2a: Arceus|78/100
|-unboost|p2a: Arceus|def|1
|
|upkeep
|turn|11
|
|t:|1653612605
|switch|p2a: Ho-Oh|Ho-Oh|86/100
|move|p1a: Calyrex|Max Flutterby|p2a: Ho-Oh
|-resisted|p2a: Ho-Oh
|-damage|p2a: Ho-Oh|79/100
|-unboost|p2a: Ho-Oh|spa|1
|
|upkeep
|-end|p1a: Calyrex|Dynamax
|-heal|p1a: Calyrex|76/100|[silent]
|turn|12
|
|t:|1653612610
|move|p1a: Calyrex|Astral Barrage|p2a: Ho-Oh
|-damage|p2a: Ho-Oh|35/100
|move|p2a: Ho-Oh|Toxic|p1a: Calyrex
|-activate|p1a: Calyrex|move: Misty Terrain
|
|upkeep
|turn|13
|
|t:|1653612616
|switch|p2a: Arceus|Arceus-Dark|78/100
|move|p1a: Calyrex|Pollen Puff|p2a: Arceus
|-supereffective|p2a: Arceus
|-crit|p2a: Arceus
|-damage|p2a: Arceus|19/100
|
|-fieldend|Misty Terrain
|upkeep
|turn|14
|
|t:|1653612627
|move|p1a: Calyrex|Astral Barrage|p2a: Arceus
|-resisted|p2a: Arceus
|-damage|p2a: Arceus|0 fnt
|faint|p2a: Arceus
|-ability|p1a: Calyrex|Grim Neigh|boost
|-boost|p1a: Calyrex|spa|1
|
|upkeep
|
|t:|1653612631
|switch|p2a: Arceus|Arceus-Ground|100/100
|turn|15
|
|t:|1653612637
|-start|p2a: Arceus|Dynamax|
|-heal|p2a: Arceus|100/100|[silent]
|move|p1a: Calyrex|Draining Kiss|p2a: Arceus
|-crit|p2a: Arceus
|-damage|p2a: Arceus|84/100
|-heal|p1a: Calyrex|100/100|[from] drain|[of] p2a: Arceus
|move|p2a: Arceus|Max Quake|p1a: Calyrex
|-enditem|p1a: Calyrex|Focus Sash
|-damage|p1a: Calyrex|1/100
|-boost|p2a: Arceus|spd|1
|
|upkeep
|turn|16
|
|t:|1653612641
|move|p1a: Calyrex|Astral Barrage|p2a: Arceus
|-damage|p2a: Arceus|55/100
|move|p2a: Arceus|Max Quake|p1a: Calyrex
|-damage|p1a: Calyrex|0 fnt
|-boost|p2a: Arceus|spd|1
|faint|p1a: Calyrex
|
|upkeep
|
|t:|1653612647
|switch|p1a: Zacian|Zacian-Crowned|100/100
|-ability|p1a: Zacian|Intrepid Sword|boost
|-boost|p1a: Zacian|atk|1
|turn|17
|inactive|C0ld as Ic3 has 120 seconds left.
|
|t:|1653612689
|-end|p2a: Arceus|Dynamax
|-heal|p2a: Arceus|55/100|[silent]
|switch|p2a: Ho-Oh|Ho-Oh|68/100
|move|p1a: Zacian|Behemoth Blade|p2a: Ho-Oh
|-resisted|p2a: Ho-Oh
|-damage|p2a: Ho-Oh|36/100
|
|upkeep
|turn|18
|
|t:|1653612699
|switch|p2a: Necrozma|Necrozma-Dusk-Mane|100/100
|move|p1a: Zacian|Wild Charge|p2a: Necrozma
|-damage|p2a: Necrozma|68/100
|-damage|p1a: Zacian|84/100|[from] item: Rocky Helmet|[of] p2a: Necrozma
|-damage|p1a: Zacian|74/100|[from] Recoil
|
|upkeep
|turn|19
|inactive|C0ld as Ic3 has 120 seconds left.
|
|t:|1653612713
|move|p1a: Zacian|Close Combat|p2a: Necrozma
|-damage|p2a: Necrozma|30/100
|-unboost|p1a: Zacian|def|1
|-unboost|p1a: Zacian|spd|1
|-damage|p1a: Zacian|57/100|[from] item: Rocky Helmet|[of] p2a: Necrozma
|move|p2a: Necrozma|Morning Sun|p2a: Necrozma
|-heal|p2a: Necrozma|80/100
|
|upkeep
|turn|20
|
|t:|1653612719
|switch|p1a: Necrozma|Necrozma-Dusk-Mane|100/100
|move|p2a: Necrozma|Morning Sun|p2a: Necrozma
|-heal|p2a: Necrozma|100/100
|
|upkeep
|turn|21
|
|t:|1653612736
|switch|p2a: Ho-Oh|Ho-Oh|69/100
|move|p1a: Necrozma|Dragon Dance|p1a: Necrozma
|-boost|p1a: Necrozma|atk|1
|-boost|p1a: Necrozma|spe|1
|
|upkeep
|turn|22
|inactive|C0ld as Ic3 has 120 seconds left.
|inactive|C0ld as Ic3 has 90 seconds left.
|
|t:|1653612784
|detailschange|p1a: Necrozma|Necrozma-Ultra
|-burst|p1a: Necrozma|Necrozma|Ultranecrozium Z
|move|p1a: Necrozma|Photon Geyser|p2a: Ho-Oh
|-damage|p2a: Ho-Oh|0 fnt
|faint|p2a: Ho-Oh
|
|upkeep
|inactive|C0ld as Ic3 has 90 seconds left.
|j| PlayRisky4NoReason
|
|t:|1653612806
|switch|p2a: Necrozma|Necrozma-Dusk-Mane|100/100
|turn|23
|
|t:|1653612812
|move|p1a: Necrozma|Earthquake|p2a: Necrozma
|-supereffective|p2a: Necrozma
|-damage|p2a: Necrozma|30/100
|move|p2a: Necrozma|Sunsteel Strike|p1a: Necrozma
|-damage|p1a: Necrozma|48/100
|
|upkeep
|turn|24
|inactive|C0ld as Ic3 has 90 seconds left.
|
|t:|1653612826
|switch|p2a: Rayquaza|Rayquaza-Mega|29/100
|-weather|DeltaStream|[from] ability: Delta Stream|[of] p2a: Rayquaza
|move|p1a: Necrozma|Earthquake|p2a: Rayquaza
|-immune|p2a: Rayquaza
|
|-weather|DeltaStream|[upkeep]
|upkeep
|turn|25
|
|t:|1653612830
|move|p2a: Rayquaza|Extreme Speed|p1a: Necrozma
|-damage|p1a: Necrozma|0 fnt
|faint|p1a: Necrozma
|
|-weather|DeltaStream|[upkeep]
|upkeep
|
|t:|1653612836
|switch|p1a: Zacian|Zacian-Crowned|57/100
|-ability|p1a: Zacian|Intrepid Sword|boost
|-boost|p1a: Zacian|atk|1
|turn|26
|
|t:|1653612845
|-weather|none
|switch|p2a: Necrozma|Necrozma-Dusk-Mane|30/100
|move|p1a: Zacian|Behemoth Blade|p2a: Necrozma
|-resisted|p2a: Necrozma
|-damage|p2a: Necrozma|7/100
|-damage|p1a: Zacian|41/100|[from] item: Rocky Helmet|[of] p2a: Necrozma
|
|upkeep
|turn|27
|
|t:|1653612849
|move|p1a: Zacian|Behemoth Blade|p2a: Necrozma
|-resisted|p2a: Necrozma
|-damage|p2a: Necrozma|0 fnt
|-damage|p1a: Zacian|24/100|[from] item: Rocky Helmet|[of] p2a: Necrozma
|faint|p2a: Necrozma
|
|upkeep
|
|t:|1653612851
|switch|p2a: Rayquaza|Rayquaza-Mega|29/100
|-weather|DeltaStream|[from] ability: Delta Stream|[of] p2a: Rayquaza
|turn|28
|
|t:|1653612855
|move|p2a: Rayquaza|Extreme Speed|p1a: Zacian
|-resisted|p1a: Zacian
|-damage|p1a: Zacian|0 fnt
|faint|p1a: Zacian
|
|-weather|DeltaStream|[upkeep]
|upkeep
|
|t:|1653612859
|switch|p1a: Ditto|Ditto|100/100
|-transform|p1a: Ditto|p2a: Rayquaza|[from] ability: Imposter
|turn|29
|
|t:|1653612867
|move|p2a: Rayquaza|Extreme Speed|p1a: Ditto
|-damage|p1a: Ditto|33/100
|move|p1a: Ditto|Dragon Ascent|p2a: Rayquaza
|-damage|p2a: Rayquaza|0 fnt
|-unboost|p1a: Ditto|def|1
|-unboost|p1a: Ditto|spd|1
|faint|p2a: Rayquaza
|
|-weather|DeltaStream|[upkeep]
|upkeep
|
|t:|1653612871
|switch|p2a: Arceus|Arceus-Ground|55/100
|turn|30
|
|t:|1653612873
|move|p1a: Ditto|Dragon Ascent|p2a: Arceus
|-damage|p2a: Arceus|0 fnt
|-unboost|p1a: Ditto|def|1
|-unboost|p1a: Ditto|spd|1
|faint|p2a: Arceus
|
|win|Ascended Alive
|raw|Ascended Alive's rating: 1682 &rarr; <strong>1708</strong><br />(+26 for winning)
|raw|C0ld as Ic3's rating: 1785 &rarr; <strong>1759</strong><br />(-26 for losing)
|c| PlayRisky4NoReason|,_,
|c|☆C0ld as Ic3|gg wp
|c|☆Ascended Alive|gg
|l| PlayRisky4NoReason
|c|☆Ascended Alive|ouch
|c|☆Ascended Alive|elo tank
|c|☆C0ld as Ic3|:_)
|c|☆Ascended Alive|sorry bout that
|c|☆C0ld as Ic3|nw
|c|☆C0ld as Ic3|you played well
|c|☆Ascended Alive|gg tho
|c|☆C0ld as Ic3|so you deserve it
|c|☆C0ld as Ic3|^^
|c|☆Ascended Alive|:D
