|j|☆zubitop
|j|☆Qwertyuiopll12
|t:|1667660417
|gametype|singles
|player|p1|zubitop|palmer|1600
|player|p2|Qwertyuiopll12|schoolkid-gen4|1797
|teamsize|p1|6
|teamsize|p2|6
|gen|8
|tier|[Gen 8] National Dex AG
|rated|
|rule|HP Percentage Mod: HP is shown in percentages
|rule|Endless Battle Clause: Forcing endless battles is banned
|clearpoke
|poke|p1|Liepard, M|
|poke|p1|Wobbuffet, M|
|poke|p1|Giratina|
|poke|p1|Ditto|
|poke|p1|Hawlucha, M|
|poke|p1|Smeargle, F|
|poke|p2|Aerodactyl, M|
|poke|p2|Groudon|
|poke|p2|Yveltal|
|poke|p2|Arceus-*|
|poke|p2|Rayquaza|
|poke|p2|Calyrex-Shadow|
|teampreview
|inactive|Battle timer is ON: inactive players will automatically lose when time's up. (requested by Qwertyuiopll12)
|
|t:|1667660422
|start
|switch|p1a: I lost :(|Liepard, M|100/100
|switch|p2a: Aerodactyl|Aerodactyl, M|100/100
|-ability|p2a: Aerodactyl|Pressure
|turn|1
|
|t:|1667660437
|move|p1a: I lost :(|Assist|p1a: I lost :(
|move|p1a: I lost :(|Spore|p2a: Aerodactyl|[from]move: Assist
|-status|p2a: Aerodactyl|slp|[from] move: Spore
|cant|p2a: Aerodactyl|slp
|
|upkeep
|turn|2
|
|t:|1667660445
|switch|p2a: Yveltal|Yveltal|100/100
|-ability|p2a: Yveltal|Dark Aura
|move|p1a: I lost :(|Dark Pulse|p2a: Yveltal
|-resisted|p2a: Yveltal
|-damage|p2a: Yveltal|76/100
|
|upkeep
|turn|3
|
|t:|1667660465
|switch|p1a: Blobbo|Ditto, shiny|100/100
|-transform|p1a: Blobbo|p2a: Yveltal|[from] ability: Imposter
|-ability|p1a: Blobbo|Dark Aura
|move|p2a: Yveltal|Oblivion Wing|p1a: Blobbo
|-damage|p1a: Blobbo|23/100
|-heal|p2a: Yveltal|100/100|[from] drain|[of] p1a: Blobbo
|-damage|p2a: Yveltal|91/100|[from] item: Life Orb
|
|upkeep
|turn|4
|
|t:|1667660483
|switch|p1a: I can do worse|Wobbuffet, M, shiny|100/100
|move|p2a: Yveltal|Oblivion Wing|p1a: I can do worse
|-damage|p1a: I can do worse|54/100
|-heal|p2a: Yveltal|100/100|[from] drain|[of] p1a: I can do worse
|-damage|p2a: Yveltal|91/100|[from] item: Life Orb
|
|upkeep
|turn|5
|
|t:|1667660495
|move|p2a: Yveltal|Dark Pulse|p1a: I can do worse
|-supereffective|p1a: I can do worse
|-damage|p1a: I can do worse|0 fnt
|faint|p1a: I can do worse
|-damage|p2a: Yveltal|81/100|[from] item: Life Orb
|
|upkeep
|
|t:|1667660502
|switch|p1a: The devil|Giratina, shiny|100/100
|-ability|p1a: The devil|Pressure
|turn|6
|
|t:|1667660510
|-start|p1a: The devil|Dynamax|
|-heal|p1a: The devil|100/100|[silent]
|move|p2a: Yveltal|Dark Pulse|p1a: The devil
|-supereffective|p1a: The devil
|-damage|p1a: The devil|50/100
|-enditem|p1a: The devil|Weakness Policy
|-boost|p1a: The devil|atk|2|[from] item: Weakness Policy
|-boost|p1a: The devil|spa|2|[from] item: Weakness Policy
|-damage|p2a: Yveltal|71/100|[from] item: Life Orb
|move|p1a: The devil|Max Airstream|p2a: Yveltal
|-damage|p2a: Yveltal|0 fnt
|-boost|p1a: The devil|spe|1
|faint|p2a: Yveltal
|
|upkeep
|
|t:|1667660523
|switch|p2a: Calyrex|Calyrex-Shadow|100/100
|-ability|p2a: Calyrex|As One
|-ability|p2a: Calyrex|Unnerve
|turn|7
|
|t:|1667660530
|move|p2a: Calyrex|Haze|p2a: Calyrex
|-clearallboost
|move|p1a: The devil|Max Airstream|p2a: Calyrex
|-damage|p2a: Calyrex|50/100
|-boost|p1a: The devil|spe|1
|
|upkeep
|turn|8
|
|t:|1667660541
|move|p2a: Calyrex|Astral Barrage|p1a: The devil
|-supereffective|p1a: The devil
|-damage|p1a: The devil|2/100
|move|p1a: The devil|Max Phantasm|p2a: Calyrex
|-supereffective|p2a: Calyrex
|-damage|p2a: Calyrex|0 fnt
|faint|p2a: Calyrex
|
|upkeep
|
|t:|1667660551
|switch|p2a: Aerodactyl|Aerodactyl, M|100/100 slp
|-ability|p2a: Aerodactyl|Pressure
|-end|p1a: The devil|Dynamax
|-heal|p1a: The devil|2/100|[silent]
|turn|9
|
|t:|1667660558
|cant|p2a: Aerodactyl|slp
|move|p1a: The devil|Dragon Tail|p2a: Aerodactyl
|-damage|p2a: Aerodactyl|58/100 slp
|drag|p2a: Groudon|Groudon|100/100
|detailschange|p2a: Groudon|Groudon-Primal
|-primal|p2a: Groudon
|-weather|DesolateLand|[from] ability: Desolate Land|[of] p2a: Groudon
|
|-weather|DesolateLand|[upkeep]
|upkeep
|turn|10
|
|t:|1667660575
|move|p1a: The devil|Destiny Bond|p1a: The devil
|-singlemove|p1a: The devil|Destiny Bond
|move|p2a: Groudon|Precipice Blades|p1a: The devil
|-damage|p1a: The devil|0 fnt
|faint|p1a: The devil
|-activate|p1a: The devil|move: Destiny Bond
|faint|p2a: Groudon
|-weather|none
|
|upkeep
|
|t:|1667660596
|switch|p1a: I lost :(|Liepard, M|100/100
|switch|p2a: Arceus|Arceus-Flying|100/100
|turn|11
|
|t:|1667660605
|-start|p2a: Arceus|Dynamax|
|-heal|p2a: Arceus|100/100|[silent]
|move|p1a: I lost :(|Assist|p1a: I lost :(
|move|p1a: I lost :(|Spore|p2a: Arceus|[from]move: Assist
|-status|p2a: Arceus|slp|[from] move: Spore
|cant|p2a: Arceus|slp
|
|upkeep
|turn|12
|
|t:|1667660616
|move|p1a: I lost :(|Substitute|p1a: I lost :(
|-start|p1a: I lost :(|Substitute
|-damage|p1a: I lost :(|76/100
|-curestatus|p2a: Arceus|slp|[msg]
|move|p2a: Arceus|Max Airstream|p1a: I lost :(
|-end|p1a: I lost :(|Substitute
|-boost|p2a: Arceus|spe|1
|
|-heal|p1a: I lost :(|82/100|[from] item: Leftovers
|upkeep
|turn|13
|
|t:|1667660629
|-end|p2a: Arceus|Dynamax
|-heal|p2a: Arceus|100/100|[silent]
|switch|p2a: Aerodactyl|Aerodactyl, M|58/100 slp
|-ability|p2a: Aerodactyl|Pressure
|move|p1a: I lost :(|Assist|p1a: I lost :(
|move|p1a: I lost :(|Spore|p2a: Aerodactyl|[from]move: Assist
|-fail|p2a: Aerodactyl|slp
|
|-heal|p1a: I lost :(|88/100|[from] item: Leftovers
|upkeep
|turn|14
|
|t:|1667660643
|move|p1a: I lost :(|Substitute|p1a: I lost :(
|-start|p1a: I lost :(|Substitute
|-damage|p1a: I lost :(|63/100
|cant|p2a: Aerodactyl|slp
|
|-heal|p1a: I lost :(|70/100|[from] item: Leftovers
|upkeep
|turn|15
|
|t:|1667660652
|-curestatus|p2a: Aerodactyl|slp|[msg]
|move|p2a: Aerodactyl|Taunt|p1a: I lost :(
|-start|p1a: I lost :(|move: Taunt
|move|p1a: I lost :(|Dark Pulse|p2a: Aerodactyl
|-damage|p2a: Aerodactyl|5/100
|
|-heal|p1a: I lost :(|76/100|[from] item: Leftovers
|upkeep
|turn|16
|
|t:|1667660663
|move|p2a: Aerodactyl|Stealth Rock|p1a: I lost :(
|-sidestart|p1: zubitop|move: Stealth Rock
|move|p1a: I lost :(|Dark Pulse|p2a: Aerodactyl
|-damage|p2a: Aerodactyl|0 fnt
|faint|p2a: Aerodactyl
|
|-heal|p1a: I lost :(|82/100|[from] item: Leftovers
|upkeep
|
|t:|1667660666
|switch|p2a: Rayquaza|Rayquaza|100/100
|-ability|p2a: Rayquaza|Air Lock
|turn|17
|
|t:|1667660678
|detailschange|p2a: Rayquaza|Rayquaza-Mega
|-mega|p2a: Rayquaza|Rayquaza|
|-weather|DeltaStream|[from] ability: Delta Stream|[of] p2a: Rayquaza
|move|p2a: Rayquaza|Earthquake|p1a: I lost :(
|-end|p1a: I lost :(|Substitute
|-damage|p2a: Rayquaza|91/100|[from] item: Life Orb
|move|p1a: I lost :(|Dark Pulse|p2a: Rayquaza
|-damage|p2a: Rayquaza|58/100
|
|-weather|DeltaStream|[upkeep]
|-heal|p1a: I lost :(|88/100|[from] item: Leftovers
|-end|p1a: I lost :(|move: Taunt
|upkeep
|turn|18
|
|t:|1667660693
|move|p2a: Rayquaza|Extreme Speed|p1a: I lost :(
|-damage|p1a: I lost :(|9/100
|-damage|p2a: Rayquaza|48/100|[from] item: Life Orb
|move|p1a: I lost :(|Assist|p1a: I lost :(
|move|p1a: I lost :(|Spore|p2a: Rayquaza|[from]move: Assist
|-status|p2a: Rayquaza|slp|[from] move: Spore
|
|-weather|DeltaStream|[upkeep]
|-heal|p1a: I lost :(|15/100|[from] item: Leftovers
|upkeep
|turn|19
|
|t:|1667660705
|switch|p1a: Blobbo|Ditto, shiny|23/100
|-damage|p1a: Blobbo|11/100|[from] Stealth Rock
|-transform|p1a: Blobbo|p2a: Rayquaza|[from] ability: Imposter
|cant|p2a: Rayquaza|slp
|
|-weather|DeltaStream|[upkeep]
|upkeep
|turn|20
|
|t:|1667660715
|cant|p2a: Rayquaza|slp
|move|p1a: Blobbo|Dragon Ascent|p2a: Rayquaza
|-damage|p2a: Rayquaza|0 fnt
|-unboost|p1a: Blobbo|def|1
|-unboost|p1a: Blobbo|spd|1
|faint|p2a: Rayquaza
|
|-weather|DeltaStream|[upkeep]
|upkeep
|
|t:|1667660719
|switch|p2a: Arceus|Arceus-Flying|100/100
|turn|21
|
|t:|1667660731
|move|p1a: Blobbo|Dragon Ascent|p2a: Arceus
|-damage|p2a: Arceus|38/100
|-unboost|p1a: Blobbo|def|1
|-unboost|p1a: Blobbo|spd|1
|move|p2a: Arceus|Judgment|p1a: Blobbo
|-crit|p1a: Blobbo
|-damage|p1a: Blobbo|0 fnt
|faint|p1a: Blobbo
|-weather|none
|
|upkeep
|
|t:|1667660742
|switch|p1a: I lost :(|Liepard, M|15/100
|-damage|p1a: I lost :(|3/100|[from] Stealth Rock
|turn|22
|
|t:|1667660748
|move|p1a: I lost :(|Assist|p1a: I lost :(
|move|p1a: I lost :(|Spore|p2a: Arceus|[from]move: Assist
|-status|p2a: Arceus|slp|[from] move: Spore
|cant|p2a: Arceus|slp
|
|-heal|p1a: I lost :(|9/100|[from] item: Leftovers
|upkeep
|turn|23
|
|t:|1667660757
|cant|p2a: Arceus|slp
|move|p1a: I lost :(|Dark Pulse|p2a: Arceus
|-damage|p2a: Arceus|13/100 slp
|
|-heal|p1a: I lost :(|15/100|[from] item: Leftovers
|upkeep
|turn|24
|
|t:|1667660780
|cant|p2a: Arceus|slp
|move|p1a: I lost :(|Dark Pulse|p2a: Arceus
|-damage|p2a: Arceus|0 fnt
|faint|p2a: Arceus
|
|win|zubitop
|raw|zubitop's rating: 1600 &rarr; <strong>1631</strong><br />(+31 for winning)
|raw|Qwertyuiopll12's rating: 1805 &rarr; <strong>1774</strong><br />(-31 for losing)
|l|☆Qwertyuiopll12
|c|☆zubitop|gg
||Ladder isn't responding, score probably updated but might not have (Request timeout).
