|j|☆MurderousMantyke
|j|☆Trigun Stampede
|t:|1666722584
|gametype|singles
|player|p1|MurderousMantyke|#helpstaffxmas|
|player|p2|Trigun Stampede|pokemonrangerf|
|teamsize|p1|6
|teamsize|p2|6
|gen|8
|tier|[Gen 8] National Dex AG
|rated|Tournament battle
|rule|HP Percentage Mod: HP is shown in percentages
|rule|Endless Battle Clause: Forcing endless battles is banned
|rule|Dynamax Clause: You cannot dynamax
|rule|Evasion Moves Clause: Evasion moves are banned
|rule|Mega Rayquaza Clause: You cannot mega evolve Rayquaza
|rule|OHKO Clause: OHKO moves are banned
|rule|Same Type Clause: Pokémon in a team must share a type
|rule|Sleep Clause Mod: Limit one foe put to sleep
|rule|Species Clause: Limit one of each Pokémon
|clearpoke
|poke|p1|Arceus-*|
|poke|p1|Ho-Oh|
|poke|p1|Landorus, M|
|poke|p1|Salamence, F|
|poke|p1|Yveltal|
|poke|p1|Lugia|
|poke|p2|Lucario, M|
|poke|p2|Urshifu-*, F|
|poke|p2|Arceus-*|
|poke|p2|Pheromosa|
|poke|p2|Zamazenta-*|
|poke|p2|Infernape, M|
|teampreview
|c|☆Trigun Stampede|oh.
|c|☆Trigun Stampede|no
|c|☆MurderousMantyke|hf
|c|☆Trigun Stampede|u2
|
|t:|1666722629
|start
|switch|p1a: Ho-Oh|Ho-Oh|100/100
|switch|p2a: Ape|Infernape, M, shiny|100/100
|turn|1
|
|t:|1666722663
|move|p2a: Ape|Stealth Rock|p1a: Ho-Oh
|-sidestart|p1: MurderousMantyke|move: Stealth Rock
|move|p1a: Ho-Oh|Thunder Wave|p2a: Ape
|-status|p2a: Ape|par
|
|upkeep
|turn|2
|j| Melo_From3
|
|t:|1666722688
|move|p2a: Ape|Mach Punch|p1a: Ho-Oh
|-resisted|p1a: Ho-Oh
|-damage|p1a: Ho-Oh|93/100
|move|p1a: Ho-Oh|Defog|p2a: Ape
|-unboost|p2a: Ape|evasion|1
|-sideend|p1: MurderousMantyke|Stealth Rock|[from] move: Defog|[of] p1a: Ho-Oh
|
|upkeep
|turn|3
|
|t:|1666722695
|move|p2a: Ape|Mach Punch|p1a: Ho-Oh
|-resisted|p1a: Ho-Oh
|-damage|p1a: Ho-Oh|85/100
|move|p1a: Ho-Oh|Brave Bird|p2a: Ape
|-supereffective|p2a: Ape
|-enditem|p2a: Ape|Focus Sash
|-damage|p2a: Ape|1/100 par
|-damage|p1a: Ho-Oh|62/100|[from] Recoil
|
|upkeep
|turn|4
|
|t:|1666722705
|move|p1a: Ho-Oh|Brave Bird|p2a: Ape
|-supereffective|p2a: Ape
|-damage|p2a: Ape|0 fnt
|faint|p2a: Ape
|-damage|p1a: Ho-Oh|62/100|[from] Recoil
|
|upkeep
|
|t:|1666722712
|switch|p2a: Lucario|Lucario, M, shiny|100/100
|turn|5
|
|t:|1666722728
|detailschange|p2a: Lucario|Lucario-Mega, M, shiny
|-mega|p2a: Lucario|Lucario|Lucarionite
|move|p2a: Lucario|Swords Dance|p2a: Lucario
|-boost|p2a: Lucario|atk|2
|move|p1a: Ho-Oh|Sacred Fire|p2a: Lucario
|-supereffective|p2a: Lucario
|-damage|p2a: Lucario|0 fnt
|faint|p2a: Lucario
|
|upkeep
|
|t:|1666722732
|switch|p2a: Gen S|Zamazenta-Crowned|100/100
|-ability|p2a: Gen S|Dauntless Shield|boost
|-boost|p2a: Gen S|def|1
|turn|6
|
|t:|1666722743
|move|p2a: Gen S|Wild Charge|p1a: Ho-Oh
|-supereffective|p1a: Ho-Oh
|-damage|p1a: Ho-Oh|5/100
|-damage|p2a: Gen S|82/100|[from] Recoil
|move|p1a: Ho-Oh|Thunder Wave|p2a: Gen S
|-status|p2a: Gen S|par
|
|upkeep
|turn|7
|
|t:|1666722757
|switch|p1a: Landorus|Landorus, M|100/100
|move|p2a: Gen S|Quick Attack|p1a: Landorus
|-damage|p1a: Landorus|83/100
|
|upkeep
|turn|8
|-message|Trigun Stampede forfeited.
|
|win|MurderousMantyke
|n|☆MurderousMantyke|murderousmantyke
|n|☆Trigun Stampede|trigunstampede
|n| Melo_From3|melofrom3
