|j|☆NykterStein
|j|‽BasicallyNess
|t:|1663720559
|gametype|singles
|player|p1|NykterStein|lady|1340
|player|p2|BasicallyNess|blue-lgpe|1359
|teamsize|p1|6
|teamsize|p2|6
|gen|8
|tier|[Gen 8] National Dex AG
|rated|
|rule|HP Percentage Mod: HP is shown in percentages
|rule|Endless Battle Clause: Forcing endless battles is banned
|clearpoke
|poke|p1|Zapdos-Galar|
|poke|p1|Zeraora|
|poke|p1|Zacian-*|
|poke|p1|Thundurus, M|
|poke|p1|Aegislash, F|
|poke|p1|Kommo-o, F|
|poke|p2|Tapu Koko|
|poke|p2|Xurkitree|
|poke|p2|Sceptile, F|
|poke|p2|Necrozma-Dusk-Mane|
|poke|p2|Mewtwo|
|poke|p2|Calyrex-Shadow|
|teampreview
|inactive|Battle timer is ON: inactive players will automatically lose when time's up. (requested by NykterStein)
|
|t:|1663720565
|start
|switch|p1a: Thundurus|Thundurus, M|100/100
|switch|p2a: Tapu Koko|Tapu Koko, shiny|100/100
|-fieldstart|move: Electric Terrain|[from] ability: Electric Surge|[of] p2a: Tapu Koko
|turn|1
|
|t:|1663720576
|move|p1a: Thundurus|Toxic|p2a: Tapu Koko
|-status|p2a: Tapu Koko|tox
|move|p2a: Tapu Koko|Calm Mind|p2a: Tapu Koko
|-boost|p2a: Tapu Koko|spa|1
|-boost|p2a: Tapu Koko|spd|1
|
|-damage|p2a: Tapu Koko|94/100 tox|[from] psn
|upkeep
|turn|2
|
|t:|1663720586
|move|p1a: Thundurus|Taunt|p2a: Tapu Koko
|-start|p2a: Tapu Koko|move: Taunt
|move|p2a: Tapu Koko|Dazzling Gleam|p1a: Thundurus
|-damage|p1a: Thundurus|60/100
|
|-heal|p1a: Thundurus|66/100|[from] item: Leftovers
|-damage|p2a: Tapu Koko|82/100 tox|[from] psn
|upkeep
|turn|3
|
|t:|1663720596
|move|p1a: Thundurus|Defog|p2a: Tapu Koko
|-unboost|p2a: Tapu Koko|evasion|1
|-fieldend|move: Electric Terrain
|move|p2a: Tapu Koko|Dazzling Gleam|p1a: Thundurus
|-damage|p1a: Thundurus|23/100
|
|-heal|p1a: Thundurus|29/100|[from] item: Leftovers
|-damage|p2a: Tapu Koko|64/100 tox|[from] psn
|upkeep
|turn|4
|
|t:|1663720614
|switch|p2a: Sceptile|Sceptile, F|100/100
|switch|p1a: Aegislash|Aegislash, F, shiny|100/100
|
|upkeep
|turn|5
|
|t:|1663720621
|move|p2a: Sceptile|Earthquake|p1a: Aegislash
|-supereffective|p1a: Aegislash
|-damage|p1a: Aegislash|59/100
|-enditem|p1a: Aegislash|Weakness Policy
|-boost|p1a: Aegislash|atk|2|[from] item: Weakness Policy
|-boost|p1a: Aegislash|spa|2|[from] item: Weakness Policy
|move|p1a: Aegislash|Autotomize|p1a: Aegislash
|-boost|p1a: Aegislash|spe|2
|-start|p1a: Aegislash|Autotomize
|
|upkeep
|turn|6
|
|t:|1663720632
|move|p2a: Sceptile|Earthquake|p1a: Aegislash
|-supereffective|p1a: Aegislash
|-damage|p1a: Aegislash|12/100
|move|p1a: Aegislash|Autotomize|p1a: Aegislash
|-boost|p1a: Aegislash|spe|2
|
|upkeep
|turn|7
|
|t:|1663720639
|move|p1a: Aegislash|King's Shield|p1a: Aegislash
|-singleturn|p1a: Aegislash|Protect
|move|p2a: Sceptile|Earthquake|p1a: Aegislash
|-activate|p1a: Aegislash|move: Protect
|
|upkeep
|turn|8
|
|t:|1663720644
|-formechange|p1a: Aegislash|Aegislash-Blade||[from] ability: Stance Change
|move|p1a: Aegislash|Flash Cannon|p2a: Sceptile
|-damage|p2a: Sceptile|0 fnt
|faint|p2a: Sceptile
|
|upkeep
|
|t:|1663720654
|switch|p2a: Tapu Koko|Tapu Koko, shiny|64/100 tox
|-fieldstart|move: Electric Terrain|[from] ability: Electric Surge|[of] p2a: Tapu Koko
|turn|9
|
|t:|1663720662
|-formechange|p1a: Aegislash|Aegislash||[from] ability: Stance Change
|move|p1a: Aegislash|King's Shield|p1a: Aegislash
|-singleturn|p1a: Aegislash|Protect
|move|p2a: Tapu Koko|Discharge|p1a: Aegislash
|-activate|p1a: Aegislash|move: Protect
|
|-damage|p2a: Tapu Koko|58/100 tox|[from] psn
|upkeep
|turn|10
|
|t:|1663720673
|-formechange|p1a: Aegislash|Aegislash-Blade||[from] ability: Stance Change
|move|p1a: Aegislash|Flash Cannon|p2a: Tapu Koko
|-damage|p2a: Tapu Koko|0 fnt
|faint|p2a: Tapu Koko
|
|upkeep
|
|t:|1663720681
|switch|p2a: Xurkitree|Xurkitree, shiny|100/100
|turn|11
|
|t:|1663720685
|-formechange|p1a: Aegislash|Aegislash||[from] ability: Stance Change
|move|p1a: Aegislash|King's Shield|p1a: Aegislash
|-singleturn|p1a: Aegislash|Protect
|move|p2a: Xurkitree|Rising Voltage|p1a: Aegislash
|-activate|p1a: Aegislash|move: Protect
|
|upkeep
|turn|12
|
|t:|1663720693
|-formechange|p1a: Aegislash|Aegislash-Blade||[from] ability: Stance Change
|move|p1a: Aegislash|Flash Cannon|p2a: Xurkitree
|-resisted|p2a: Xurkitree
|-damage|p2a: Xurkitree|43/100
|move|p2a: Xurkitree|Rising Voltage|p1a: Aegislash
|-hint|Rising Voltage's BP doubled on grounded target.
|-damage|p1a: Aegislash|0 fnt
|faint|p1a: Aegislash
|-ability|p2a: Xurkitree|Beast Boost|boost
|-boost|p2a: Xurkitree|spa|1
|
|upkeep
|
|t:|1663720711
|switch|p1a: Kommo-o|Kommo-o, F|100/100
|turn|13
|
|t:|1663720715
|move|p2a: Xurkitree|Rising Voltage|p1a: Kommo-o
|-hint|Rising Voltage's BP doubled on grounded target.
|-resisted|p1a: Kommo-o
|-damage|p1a: Kommo-o|0 fnt
|faint|p1a: Kommo-o
|-ability|p2a: Xurkitree|Beast Boost|boost
|-boost|p2a: Xurkitree|spa|1
|
|upkeep
|
|t:|1663720723
|switch|p1a: Zacian|Zacian-Crowned|100/100
|-ability|p1a: Zacian|Intrepid Sword|boost
|-boost|p1a: Zacian|atk|1
|turn|14
|
|t:|1663720728
|move|p2a: Xurkitree|Rising Voltage|p1a: Zacian
|-hint|Rising Voltage's BP doubled on grounded target.
|-damage|p1a: Zacian|0 fnt
|faint|p1a: Zacian
|-ability|p2a: Xurkitree|Beast Boost|boost
|-boost|p2a: Xurkitree|spa|1
|
|upkeep
|
|t:|1663720736
|switch|p1a: Zeraora|Zeraora, shiny|100/100
|turn|15
|
|t:|1663720745
|-start|p2a: Xurkitree|Dynamax|
|-heal|p2a: Xurkitree|43/100|[silent]
|move|p1a: Zeraora|Bulk Up|p1a: Zeraora
|-boost|p1a: Zeraora|atk|1
|-boost|p1a: Zeraora|def|1
|move|p2a: Xurkitree|Max Starfall|p1a: Zeraora
|-damage|p1a: Zeraora|0 fnt
|-fieldstart|move: Misty Terrain
|faint|p1a: Zeraora
|-ability|p2a: Xurkitree|Beast Boost|boost
|-boost|p2a: Xurkitree|spa|1
|
|upkeep
|inactive|NykterStein has 120 seconds left.
|inactive|NykterStein has 90 seconds left.
|inactive|NykterStein has 60 seconds left.
|inactive|NykterStein has 30 seconds left.
|inactive|NykterStein has 20 seconds left.
|inactive|NykterStein has 15 seconds left.
|inactive|NykterStein has 10 seconds left.
|l|‽BasicallyNess
|inactive|BasicallyNess disconnected and has a minute to reconnect!
|player|p2|
|inactive|NykterStein has 5 seconds left.
|-message|NykterStein lost due to inactivity.
|
|win|BasicallyNess
|raw|NykterStein's rating: 1340 &rarr; <strong>1321</strong><br />(-19 for losing)
|raw|BasicallyNess's rating: 1359 &rarr; <strong>1378</strong><br />(+19 for winning)
|j|‽BasicallyNess
|player|p2|BasicallyNess|blue-lgpe
|n|‽BasicallyNess|basicallyness
|n|‽BasicallyNess|basicallyness
|n|‽BasicallyNess|basicallyness
|n|‽BasicallyNess|basicallyness
|n|‽BasicallyNess|basicallyness
|n|‽BasicallyNess|basicallyness
|n|‽BasicallyNess|basicallyness
|n|‽BasicallyNess|basicallyness
|n|‽BasicallyNess|basicallyness
|n|‽BasicallyNess|basicallyness
|n|‽BasicallyNess|basicallyness
