|j|☆AdamHaziq
|j|☆franci07scov
|t:|1653134539
|gametype|singles
|player|p1|AdamHaziq|unknown|1416
|player|p2|franci07scov|marlon|1306
|teamsize|p1|6
|teamsize|p2|6
|gen|8
|tier|[Gen 8] National Dex AG
|rated|
|rule|HP Percentage Mod: HP is shown in percentages
|rule|Endless Battle Clause: Forcing endless battles is banned
|clearpoke
|poke|p1|Yveltal|
|poke|p1|Zacian-*|
|poke|p1|Rayquaza|
|poke|p1|Necrozma-Dusk-Mane|
|poke|p1|Xerneas-*|
|poke|p1|Calyrex-Shadow|
|poke|p2|Xerneas-*|
|poke|p2|Golisopod, M|
|poke|p2|Aegislash, F|
|poke|p2|Zoroark, M|
|poke|p2|Lopunny, M|
|poke|p2|Espeon, M|
|teampreview
|inactive|Battle timer is ON: inactive players will automatically lose when time's up. (requested by AdamHaziq)
|
|t:|1653134554
|start
|switch|p1a: Xerneas|Xerneas|100/100
|switch|p2a: Lopunny|Lopunny, M|100/100
|-ability|p1a: Xerneas|Fairy Aura
|turn|1
|
|t:|1653134561
|switch|p1a: Calyrex|Calyrex-Shadow|100/100
|-ability|p1a: Calyrex|As One
|-ability|p1a: Calyrex|Unnerve
|detailschange|p2a: Lopunny|Lopunny-Mega, M
|-mega|p2a: Lopunny|Lopunny|Lopunnite
|move|p2a: Lopunny|Fake Out|p1a: Calyrex
|-damage|p1a: Calyrex|76/100
|
|upkeep
|turn|2
|
|t:|1653134574
|switch|p1a: Xerneas|Xerneas|100/100
|-ability|p1a: Xerneas|Fairy Aura
|move|p2a: Lopunny|Return|p1a: Xerneas
|-damage|p1a: Xerneas|48/100
|
|upkeep
|turn|3
|
|t:|1653134585
|move|p2a: Lopunny|Return|p1a: Xerneas
|-damage|p1a: Xerneas|0 fnt
|faint|p1a: Xerneas
|
|upkeep
|
|t:|1653134593
|switch|p1a: Necrozma|Necrozma-Dusk-Mane|100/100
|turn|4
|inactive|franci07scov has 120 seconds left.
|
|t:|1653134628
|switch|p2a: Espeon|Espeon, M|100/100
|move|p1a: Necrozma|Stealth Rock|p2a: Espeon
|-sidestart|p2: franci07scov|move: Stealth Rock
|
|upkeep
|turn|5
|inactive|franci07scov has 120 seconds left.
|inactive|AdamHaziq has 120 seconds left.
|
|t:|1653134665
|move|p2a: Espeon|Nasty Plot|p2a: Espeon
|-boost|p2a: Espeon|spa|2
|move|p1a: Necrozma|Knock Off|p2a: Espeon
|-resisted|p2a: Espeon
|-damage|p2a: Espeon|65/100
|replace|p2a: Zoroark|Zoroark, M
|-end|p2a: Zoroark|Illusion
|-enditem|p2a: Zoroark|Focus Sash|[from] move: Knock Off|[of] p1a: Necrozma
|
|upkeep
|turn|6
|inactive|AdamHaziq has 120 seconds left.
|
|t:|1653134674
|move|p2a: Zoroark|Night Daze|p1a: Necrozma
|-supereffective|p1a: Necrozma
|-damage|p1a: Necrozma|2/100
|-unboost|p1a: Necrozma|accuracy|1
|move|p1a: Necrozma|Sunsteel Strike|p2a: Zoroark
|-damage|p2a: Zoroark|0 fnt
|faint|p2a: Zoroark
|
|upkeep
|
|t:|1653134683
|switch|p2a: Aegislash|Aegislash, F|100/100
|-damage|p2a: Aegislash|94/100|[from] Stealth Rock
|turn|7
|
|t:|1653134689
|switch|p1a: Yveltal|Yveltal|100/100
|-ability|p1a: Yveltal|Dark Aura
|-formechange|p2a: Aegislash|Aegislash-Blade||[from] ability: Stance Change
|move|p2a: Aegislash|Shadow Sneak|p1a: Yveltal
|-resisted|p1a: Yveltal
|-damage|p1a: Yveltal|92/100
|
|upkeep
|turn|8
|inactive|franci07scov has 90 seconds left.
|
|t:|1653134733
|-formechange|p2a: Aegislash|Aegislash||[from] ability: Stance Change
|move|p2a: Aegislash|King's Shield|p2a: Aegislash
|-singleturn|p2a: Aegislash|Protect
|move|p1a: Yveltal|Heat Wave|p2a: Aegislash
|-activate|p2a: Aegislash|move: Protect
|
|upkeep
|turn|9
|
|t:|1653134751
|switch|p2a: Lopunny|Lopunny-Mega, M|100/100
|-damage|p2a: Lopunny|94/100|[from] Stealth Rock
|move|p1a: Yveltal|Dark Pulse|p2a: Lopunny
|-resisted|p2a: Lopunny
|-damage|p2a: Lopunny|44/100
|-damage|p1a: Yveltal|82/100|[from] item: Life Orb
|
|upkeep
|turn|10
|
|t:|1653134766
|move|p2a: Lopunny|Close Combat|p1a: Yveltal
|-damage|p1a: Yveltal|25/100
|-unboost|p2a: Lopunny|def|1
|-unboost|p2a: Lopunny|spd|1
|move|p1a: Yveltal|Oblivion Wing|p2a: Lopunny
|-supereffective|p2a: Lopunny
|-damage|p2a: Lopunny|0 fnt
|-heal|p1a: Yveltal|48/100|[from] drain|[of] p2a: Lopunny
|faint|p2a: Lopunny
|-damage|p1a: Yveltal|38/100|[from] item: Life Orb
|
|upkeep
|
|t:|1653134778
|switch|p2a: Xerneas|Xerneas|100/100
|-damage|p2a: Xerneas|88/100|[from] Stealth Rock
|-ability|p2a: Xerneas|Fairy Aura
|turn|11
|
|t:|1653134787
|move|p2a: Xerneas|Moonblast|p1a: Yveltal
|-supereffective|p1a: Yveltal
|-damage|p1a: Yveltal|0 fnt
|faint|p1a: Yveltal
|
|upkeep
|
|t:|1653134789
|switch|p1a: Necrozma|Necrozma-Dusk-Mane|2/100
|turn|12
|
|t:|1653134799
|move|p2a: Xerneas|Focus Blast|p1a: Necrozma
|-damage|p1a: Necrozma|0 fnt
|faint|p1a: Necrozma
|
|upkeep
|
|t:|1653134812
|switch|p1a: Calyrex|Calyrex-Shadow|76/100
|-ability|p1a: Calyrex|As One
|-ability|p1a: Calyrex|Unnerve
|turn|13
|
|t:|1653134817
|move|p1a: Calyrex|Trick|p2a: Xerneas
|-activate|p1a: Calyrex|move: Trick|[of] p2a: Xerneas
|-item|p2a: Xerneas|Focus Sash|[from] move: Trick
|-item|p1a: Calyrex|Power Herb|[from] move: Trick
|move|p2a: Xerneas|Geomancy||[still]
|-prepare|p2a: Xerneas|Geomancy
|
|upkeep
|turn|14
|
|t:|1653134839
|move|p1a: Calyrex|Psyshock|p2a: Xerneas
|-damage|p2a: Xerneas|41/100
|move|p2a: Xerneas|Geomancy|p2a: Xerneas|[from]lockedmove
|-boost|p2a: Xerneas|spa|2
|-boost|p2a: Xerneas|spd|2
|-boost|p2a: Xerneas|spe|2
|
|upkeep
|turn|15
|inactive|franci07scov has 90 seconds left.
|
|t:|1653134882
|move|p2a: Xerneas|Moonblast|p1a: Calyrex
|-damage|p1a: Calyrex|0 fnt
|faint|p1a: Calyrex
|
|upkeep
|
|t:|1653134889
|switch|p1a: Zacian|Zacian-Crowned|100/100
|-ability|p1a: Zacian|Intrepid Sword|boost
|-boost|p1a: Zacian|atk|1
|turn|16
|
|t:|1653134907
|move|p2a: Xerneas|Moonblast|p1a: Zacian
|-resisted|p1a: Zacian
|-damage|p1a: Zacian|42/100
|-unboost|p1a: Zacian|spa|1
|move|p1a: Zacian|Behemoth Blade|p2a: Xerneas
|-supereffective|p2a: Xerneas
|-damage|p2a: Xerneas|0 fnt
|faint|p2a: Xerneas
|
|upkeep
|
|t:|1653134917
|switch|p2a: Golisopod|Golisopod, M|100/100
|-damage|p2a: Golisopod|76/100|[from] Stealth Rock
|turn|17
|
|t:|1653134933
|switch|p1a: Rayquaza|Rayquaza|100/100
|-ability|p1a: Rayquaza|Air Lock
|move|p2a: Golisopod|First Impression|p1a: Rayquaza
|-resisted|p1a: Rayquaza
|-damage|p1a: Rayquaza|75/100
|
|upkeep
|turn|18
|
|t:|1653134941
|move|p1a: Rayquaza|Dragon Dance|p1a: Rayquaza
|-boost|p1a: Rayquaza|atk|1
|-boost|p1a: Rayquaza|spe|1
|move|p2a: Golisopod|Liquidation|p1a: Rayquaza
|-resisted|p1a: Rayquaza
|-damage|p1a: Rayquaza|53/100
|-unboost|p1a: Rayquaza|def|1
|
|upkeep
|turn|19
|
|t:|1653134953
|detailschange|p1a: Rayquaza|Rayquaza-Mega
|-mega|p1a: Rayquaza|Rayquaza|
|-weather|DeltaStream|[from] ability: Delta Stream|[of] p1a: Rayquaza
|move|p1a: Rayquaza|Dragon Dance|p1a: Rayquaza
|-boost|p1a: Rayquaza|atk|1
|-boost|p1a: Rayquaza|spe|1
|move|p2a: Golisopod|Poison Jab|p1a: Rayquaza
|-damage|p1a: Rayquaza|16/100
|
|-weather|DeltaStream|[upkeep]
|upkeep
|turn|20
|inactive|AdamHaziq has 120 seconds left.
|
|t:|1653135004
|-start|p2a: Golisopod|Dynamax|
|-heal|p2a: Golisopod|76/100|[silent]
|move|p1a: Rayquaza|Earthquake|p2a: Golisopod
|-resisted|p2a: Golisopod
|-damage|p2a: Golisopod|56/100
|-damage|p1a: Rayquaza|6/100|[from] item: Life Orb
|move|p2a: Golisopod|Max Ooze|p1a: Rayquaza
|-damage|p1a: Rayquaza|0 fnt
|-boost|p2a: Golisopod|spa|1
|faint|p1a: Rayquaza
|-weather|none
|
|upkeep
|inactive|AdamHaziq has 90 seconds left.
|
|t:|1653135026
|switch|p1a: Zacian|Zacian-Crowned|42/100
|-ability|p1a: Zacian|Intrepid Sword|boost
|-boost|p1a: Zacian|atk|1
|turn|21
|inactive|franci07scov has 90 seconds left.
|
|t:|1653135037
|move|p1a: Zacian|Behemoth Blade|p2a: Golisopod
|-resisted|p2a: Golisopod
|-damage|p2a: Golisopod|24/100
|-activate|p2a: Golisopod|ability: Emergency Exit
|-end|p2a: Golisopod|Dynamax
|-heal|p2a: Golisopod|24/100|[silent]
|
|t:|1653135054
|switch|p2a: Espeon|Espeon, M|100/100
|-damage|p2a: Espeon|88/100|[from] Stealth Rock
|
|upkeep
|turn|22
|
|t:|1653135076
|move|p1a: Zacian|Behemoth Blade|p2a: Espeon
|-damage|p2a: Espeon|0 fnt
|faint|p2a: Espeon
|
|upkeep
|
|t:|1653135082
|switch|p2a: Golisopod|Golisopod, M|24/100
|-damage|p2a: Golisopod|0 fnt|[from] Stealth Rock
|faint|p2a: Golisopod
|
|t:|1653135086
|switch|p2a: Aegislash|Aegislash, F|94/100
|-damage|p2a: Aegislash|88/100|[from] Stealth Rock
|turn|23
|
|t:|1653135104
|move|p1a: Zacian|Behemoth Blade|p2a: Aegislash
|-resisted|p2a: Aegislash
|-damage|p2a: Aegislash|54/100
|-formechange|p2a: Aegislash|Aegislash-Blade||[from] ability: Stance Change
|move|p2a: Aegislash|Iron Head|p1a: Zacian
|-damage|p1a: Zacian|8/100
|
|upkeep
|turn|24
|inactive|AdamHaziq has 120 seconds left.
|
|t:|1653135118
|-formechange|p2a: Aegislash|Aegislash||[from] ability: Stance Change
|move|p2a: Aegislash|King's Shield|p2a: Aegislash
|-singleturn|p2a: Aegislash|Protect
|move|p1a: Zacian|Behemoth Blade|p2a: Aegislash
|-activate|p2a: Aegislash|move: Protect
|-unboost|p1a: Zacian|atk|1
|
|upkeep
|turn|25
|inactive|AdamHaziq has 120 seconds left.
|
|t:|1653135126
|move|p1a: Zacian|Behemoth Blade|p2a: Aegislash
|-resisted|p2a: Aegislash
|-damage|p2a: Aegislash|32/100
|-formechange|p2a: Aegislash|Aegislash-Blade||[from] ability: Stance Change
|move|p2a: Aegislash|Iron Head|p1a: Zacian
|-damage|p1a: Zacian|0 fnt
|faint|p1a: Zacian
|
|win|franci07scov
|raw|AdamHaziq's rating: 1416 &rarr; <strong>1390</strong><br />(-26 for losing)
|raw|franci07scov's rating: 1306 &rarr; <strong>1332</strong><br />(+26 for winning)
