|j|☆garnetandblack
|j|☆mardydu
|t:|1663089511
|gametype|singles
|player|p1|garnetandblack|169|1588
|player|p2|mardydu|boarder|1668
|teamsize|p1|6
|teamsize|p2|6
|gen|8
|tier|[Gen 8] National Dex AG
|rated|
|rule|HP Percentage Mod: HP is shown in percentages
|rule|Endless Battle Clause: Forcing endless battles is banned
|clearpoke
|poke|p1|Zacian-*|
|poke|p1|Necrozma-Dusk-Mane|
|poke|p1|Nidoking, M|
|poke|p1|Orbeetle, M|
|poke|p1|Crawdaunt, F|
|poke|p1|Ditto|
|poke|p2|Kyurem-White|
|poke|p2|Calyrex-Shadow|
|poke|p2|Rayquaza|
|poke|p2|Regieleki|
|poke|p2|Smeargle, M|
|poke|p2|Skarmory, M|
|teampreview
|inactive|Battle timer is ON: inactive players will automatically lose when time's up. (requested by mardydu)
|
|t:|1663089524
|start
|switch|p1a: Crawdaunt|Crawdaunt, F|100/100
|switch|p2a: Skarmory|Skarmory, M|100/100
|turn|1
|
|t:|1663089529
|move|p1a: Crawdaunt|Dragon Dance|p1a: Crawdaunt
|-boost|p1a: Crawdaunt|atk|1
|-boost|p1a: Crawdaunt|spe|1
|move|p2a: Skarmory|Stealth Rock|p1a: Crawdaunt
|-sidestart|p1: garnetandblack|move: Stealth Rock
|
|upkeep
|turn|2
|
|t:|1663089532
|move|p1a: Crawdaunt|Knock Off|p2a: Skarmory
|-damage|p2a: Skarmory|33/100
|-damage|p1a: Crawdaunt|84/100|[from] item: Rocky Helmet|[of] p2a: Skarmory
|-enditem|p2a: Skarmory|Rocky Helmet|[from] move: Knock Off|[of] p1a: Crawdaunt
|-damage|p1a: Crawdaunt|74/100|[from] item: Life Orb
|move|p2a: Skarmory|Whirlwind|p1a: Crawdaunt
|drag|p1a: Nidoking|Nidoking, M, shiny|100/100
|-damage|p1a: Nidoking|94/100|[from] Stealth Rock
|
|upkeep
|turn|3
|
|t:|1663089537
|move|p1a: Nidoking|Flamethrower|p2a: Skarmory
|-supereffective|p2a: Skarmory
|-damage|p2a: Skarmory|0 fnt
|faint|p2a: Skarmory
|
|upkeep
|
|t:|1663089544
|switch|p2a: Kurem|Kyurem-White, shiny|100/100
|-ability|p2a: Kurem|Turboblaze
|turn|4
|
|t:|1663089549
|switch|p1a: Necrozma|Necrozma-Dusk-Mane|100/100
|-damage|p1a: Necrozma|94/100|[from] Stealth Rock
|move|p2a: Kurem|Ice Beam|p1a: Necrozma
|-resisted|p1a: Necrozma
|-damage|p1a: Necrozma|72/100
|
|upkeep
|turn|5
|
|t:|1663089553
|switch|p2a: JumpingMan|Regieleki|100/100
|move|p1a: Necrozma|Stealth Rock|p2a: JumpingMan
|-sidestart|p2: mardydu|move: Stealth Rock
|
|upkeep
|turn|6
|
|t:|1663089557
|move|p2a: JumpingMan|Rapid Spin|p1a: Necrozma
|-resisted|p1a: Necrozma
|-damage|p1a: Necrozma|69/100
|-boost|p2a: JumpingMan|spe|1
|-damage|p2a: JumpingMan|84/100|[from] item: Rocky Helmet|[of] p1a: Necrozma
|-sideend|p2: mardydu|Stealth Rock|[from] move: Rapid Spin|[of] p2a: JumpingMan
|move|p1a: Necrozma|Morning Sun|p1a: Necrozma
|-heal|p1a: Necrozma|100/100
|
|upkeep
|turn|7
|
|t:|1663089559
|move|p2a: JumpingMan|Thunder Cage|p1a: Necrozma
|-damage|p1a: Necrozma|61/100
|-activate|p1a: Necrozma|move: Thunder Cage|[of] p2a: JumpingMan
|move|p1a: Necrozma|Stealth Rock|p2a: JumpingMan
|-sidestart|p2: mardydu|move: Stealth Rock
|
|-damage|p1a: Necrozma|49/100|[from] move: Thunder Cage|[partiallytrapped]
|upkeep
|turn|8
|
|t:|1663089563
|move|p2a: JumpingMan|Rapid Spin|p1a: Necrozma
|-resisted|p1a: Necrozma
|-damage|p1a: Necrozma|46/100
|-boost|p2a: JumpingMan|spe|1
|-damage|p2a: JumpingMan|67/100|[from] item: Rocky Helmet|[of] p1a: Necrozma
|-sideend|p2: mardydu|Stealth Rock|[from] move: Rapid Spin|[of] p2a: JumpingMan
|move|p1a: Necrozma|Sunsteel Strike|p2a: JumpingMan
|-resisted|p2a: JumpingMan
|-damage|p2a: JumpingMan|21/100
|
|-damage|p1a: Necrozma|34/100|[from] move: Thunder Cage|[partiallytrapped]
|upkeep
|turn|9
|
|t:|1663089568
|move|p2a: JumpingMan|Thunder Cage|p1a: Necrozma
|-damage|p1a: Necrozma|0 fnt
|faint|p1a: Necrozma
|
|upkeep
|
|t:|1663089573
|switch|p1a: Nidoking|Nidoking, M, shiny|94/100
|-damage|p1a: Nidoking|88/100|[from] Stealth Rock
|turn|10
|
|t:|1663089577
|move|p2a: JumpingMan|Extreme Speed|p1a: Nidoking
|-damage|p1a: Nidoking|62/100
|move|p1a: Nidoking|Earth Power|p2a: JumpingMan
|-supereffective|p2a: JumpingMan
|-damage|p2a: JumpingMan|0 fnt
|faint|p2a: JumpingMan
|
|upkeep
|
|t:|1663089580
|switch|p2a: Kurem|Kyurem-White, shiny|100/100
|-ability|p2a: Kurem|Turboblaze
|turn|11
|
|t:|1663089593
|switch|p1a: Orbeetle|Orbeetle, M|100/100
|-item|p2a: Kurem|Choice Scarf|[from] ability: Frisk|[of] p1a: Orbeetle|[identify]
|move|p2a: Kurem|Ice Beam|p1a: Orbeetle
|-damage|p1a: Orbeetle|48/100
|
|upkeep
|turn|12
|
|t:|1663089599
|move|p2a: Kurem|Ice Beam|p1a: Orbeetle
|-damage|p1a: Orbeetle|1/100
|move|p1a: Orbeetle|Sticky Web|p2a: Kurem
|-sidestart|p2: mardydu|move: Sticky Web
|
|upkeep
|turn|13
|
|t:|1663089606
|move|p2a: Kurem|Ice Beam|p1a: Orbeetle
|-damage|p1a: Orbeetle|0 fnt
|faint|p1a: Orbeetle
|
|upkeep
|
|t:|1663089608
|switch|p1a: Zacian|Zacian-Crowned, shiny|100/100
|-damage|p1a: Zacian|94/100|[from] Stealth Rock
|-ability|p1a: Zacian|Intrepid Sword|boost
|-boost|p1a: Zacian|atk|1
|turn|14
|
|t:|1663089616
|move|p2a: Kurem|Ice Beam|p1a: Zacian
|-resisted|p1a: Zacian
|-damage|p1a: Zacian|66/100
|move|p1a: Zacian|Behemoth Blade|p2a: Kurem
|-supereffective|p2a: Kurem
|-damage|p2a: Kurem|0 fnt
|faint|p2a: Kurem
|
|upkeep
|
|t:|1663089619
|switch|p2a: Smeargle|Smeargle, M|100/100
|-activate|p2a: Smeargle|move: Sticky Web
|-unboost|p2a: Smeargle|spe|1
|turn|15
|
|t:|1663089626
|switch|p1a: Crawdaunt|Crawdaunt, F|74/100
|-damage|p1a: Crawdaunt|62/100|[from] Stealth Rock
|move|p2a: Smeargle|Spore|p1a: Crawdaunt
|-status|p1a: Crawdaunt|slp|[from] move: Spore
|
|-ability|p2a: Smeargle|Moody|boost
|-boost|p2a: Smeargle|spe|2
|-unboost|p2a: Smeargle|atk|1
|upkeep
|turn|16
|
|t:|1663089639
|move|p2a: Smeargle|Baton Pass|p2a: Smeargle
|
|t:|1663089644
|switch|p2a: Rayquaza|Rayquaza|100/100|[from]move: Baton Pass
|-ability|p2a: Rayquaza|Air Lock
|cant|p1a: Crawdaunt|slp
|
|upkeep
|turn|17
|
|t:|1663089652
|switch|p2a: Smeargle|Smeargle, M|100/100
|-activate|p2a: Smeargle|move: Sticky Web
|-unboost|p2a: Smeargle|spe|1
|cant|p1a: Crawdaunt|slp
|
|-ability|p2a: Smeargle|Moody|boost
|-boost|p2a: Smeargle|spa|2
|-unboost|p2a: Smeargle|atk|1
|upkeep
|turn|18
|
|t:|1663089657
|cant|p1a: Crawdaunt|slp
|move|p2a: Smeargle|Shell Smash|p2a: Smeargle
|-unboost|p2a: Smeargle|def|1
|-unboost|p2a: Smeargle|spd|1
|-boost|p2a: Smeargle|atk|2
|-boost|p2a: Smeargle|spa|2
|-boost|p2a: Smeargle|spe|2
|
|-ability|p2a: Smeargle|Moody|boost
|-boost|p2a: Smeargle|spa|2
|-unboost|p2a: Smeargle|spd|1
|upkeep
|turn|19
|
|t:|1663089668
|move|p2a: Smeargle|Spectral Thief|p1a: Crawdaunt
|-resisted|p1a: Crawdaunt
|-damage|p1a: Crawdaunt|48/100 slp
|-curestatus|p1a: Crawdaunt|slp|[msg]
|move|p1a: Crawdaunt|Knock Off|p2a: Smeargle
|-enditem|p2a: Smeargle|Focus Sash
|-damage|p2a: Smeargle|1/100
|-damage|p1a: Crawdaunt|39/100|[from] item: Life Orb
|
|-ability|p2a: Smeargle|Moody|boost
|-boost|p2a: Smeargle|spd|2
|-unboost|p2a: Smeargle|spa|1
|upkeep
|turn|20
|
|t:|1663089676
|move|p1a: Crawdaunt|Aqua Jet|p2a: Smeargle
|-damage|p2a: Smeargle|0 fnt
|faint|p2a: Smeargle
|-damage|p1a: Crawdaunt|29/100|[from] item: Life Orb
|
|upkeep
|
|t:|1663089680
|switch|p2a: Rayquaza|Rayquaza|100/100
|-ability|p2a: Rayquaza|Air Lock
|turn|21
|
|t:|1663089688
|move|p2a: Rayquaza|Scale Shot|p1a: Crawdaunt
|-damage|p1a: Crawdaunt|0 fnt
|faint|p1a: Crawdaunt
|-hitcount|p1: Crawdaunt|1
|-unboost|p2a: Rayquaza|def|1
|-boost|p2a: Rayquaza|spe|1
|-damage|p2a: Rayquaza|91/100|[from] item: Life Orb
|
|upkeep
|
|t:|1663089696
|switch|p1a: Ditto|Ditto|100/100
|-damage|p1a: Ditto|88/100|[from] Stealth Rock
|-transform|p1a: Ditto|p2a: Rayquaza|[from] ability: Imposter
|turn|22
|
|t:|1663089706
|detailschange|p2a: Rayquaza|Rayquaza-Mega
|-mega|p2a: Rayquaza|Rayquaza|
|-weather|DeltaStream|[from] ability: Delta Stream|[of] p2a: Rayquaza
|move|p2a: Rayquaza|Extreme Speed|p1a: Ditto
|-damage|p1a: Ditto|4/100
|-damage|p2a: Rayquaza|81/100|[from] item: Life Orb
|move|p1a: Ditto|Dragon Ascent|p2a: Rayquaza
|-damage|p2a: Rayquaza|0 fnt
|-unboost|p1a: Ditto|def|1
|-unboost|p1a: Ditto|spd|1
|faint|p2a: Rayquaza
|-weather|none
|
|upkeep
|
|t:|1663089720
|switch|p2a: Horse in cali|Calyrex-Shadow|100/100
|-ability|p2a: Horse in cali|As One
|-ability|p2a: Horse in cali|Unnerve
|-activate|p2a: Horse in cali|move: Sticky Web
|-unboost|p2a: Horse in cali|spe|1
|turn|23
|
|t:|1663089726
|move|p1a: Ditto|Dragon Ascent|p2a: Horse in cali
|-damage|p2a: Horse in cali|13/100
|-unboost|p1a: Ditto|def|1
|-unboost|p1a: Ditto|spd|1
|move|p2a: Horse in cali|Draining Kiss|p1a: Ditto
|-supereffective|p1a: Ditto
|-damage|p1a: Ditto|0 fnt
|-heal|p2a: Horse in cali|16/100|[from] drain|[of] p1a: Ditto
|faint|p1a: Ditto
|-ability|p2a: Horse in cali|Grim Neigh|boost
|-boost|p2a: Horse in cali|spa|1
|
|upkeep
|
|t:|1663089735
|switch|p1a: Zacian|Zacian-Crowned, shiny|66/100
|-damage|p1a: Zacian|60/100|[from] Stealth Rock
|-ability|p1a: Zacian|Intrepid Sword|boost
|-boost|p1a: Zacian|atk|1
|turn|24
|
|t:|1663089737
|move|p1a: Zacian|Behemoth Blade|p2a: Horse in cali
|-damage|p2a: Horse in cali|0 fnt
|faint|p2a: Horse in cali
|
|win|garnetandblack
|raw|garnetandblack's rating: 1588 &rarr; <strong>1613</strong><br />(+25 for winning)
|raw|mardydu's rating: 1668 &rarr; <strong>1643</strong><br />(-25 for losing)
|l|☆mardydu
