|j|☆MiMiTest
|j|☆Adnan13
|t:|1639372579
|gametype|singles
|player|p1|MiMiTest|acerola|1586
|player|p2|Adnan13|101|1953
|teamsize|p1|6
|teamsize|p2|6
|gen|8
|tier|[Gen 8] National Dex AG
|rated|
|rule|HP Percentage Mod: HP is shown in percentages
|rule|Endless Battle Clause: Forcing endless battles is banned
|clearpoke
|poke|p1|Xerneas-*|
|poke|p1|Zacian-*|
|poke|p1|Marshadow|
|poke|p1|Groudon|
|poke|p1|Yveltal|
|poke|p1|Necrozma-Dusk-Mane|
|poke|p2|Calyrex-Shadow|
|poke|p2|Groudon|
|poke|p2|Yveltal|
|poke|p2|Ho-Oh|
|poke|p2|Rayquaza|
|poke|p2|Arceus-*|
|teampreview
|c|☆MiMiTest|gl
|
|t:|1639372590
|start
|switch|p1a: Groudon|Groudon|100/100
|switch|p2a: Calyrex|Calyrex-Shadow|100/100
|-ability|p2a: Calyrex|As One
|-ability|p2a: Calyrex|Unnerve
|detailschange|p1a: Groudon|Groudon-Primal
|-primal|p1a: Groudon
|-weather|DesolateLand|[from] ability: Desolate Land|[of] p1a: Groudon
|turn|1
|c|☆Adnan13|glhf
|
|t:|1639372600
|move|p2a: Calyrex|Nasty Plot|p2a: Calyrex
|-boost|p2a: Calyrex|spa|2
|move|p1a: Groudon|Stealth Rock|p2a: Calyrex
|-sidestart|p2: Adnan13|move: Stealth Rock
|
|-weather|DesolateLand|[upkeep]
|upkeep
|turn|2
|j| pokemasterbrendan
|inactive|Battle timer is ON: inactive players will automatically lose when time's up. (requested by Adnan13)
|
|t:|1639372607
|move|p2a: Calyrex|Astral Barrage|p1a: Groudon
|-damage|p1a: Groudon|3/100
|move|p1a: Groudon|Thunder Wave|p2a: Calyrex
|-status|p2a: Calyrex|par
|
|-weather|DesolateLand|[upkeep]
|upkeep
|turn|3
|c|☆Adnan13|woah
|c|☆Adnan13|thick
|c|☆MiMiTest|k
|
|t:|1639372630
|move|p2a: Calyrex|Astral Barrage|p1a: Groudon
|-damage|p1a: Groudon|0 fnt
|faint|p1a: Groudon
|-weather|none
|-ability|p2a: Calyrex|Grim Neigh|boost
|-boost|p2a: Calyrex|spa|1
|
|upkeep
|
|t:|1639372643
|switch|p1a: Marshadow|Marshadow|100/100
|turn|4
|
|t:|1639372648
|switch|p2a: Arceus|Arceus-Fairy|100/100
|-damage|p2a: Arceus|88/100|[from] Stealth Rock
|move|p1a: Marshadow|Spectral Thief|p2a: Arceus
|-crit|p2a: Arceus
|-damage|p2a: Arceus|39/100
|
|upkeep
|turn|5
|
|t:|1639372659
|switch|p1a: Zacian|Zacian-Crowned|100/100
|-ability|p1a: Zacian|Intrepid Sword|boost
|-boost|p1a: Zacian|atk|1
|move|p2a: Arceus|Recover|p2a: Arceus
|-heal|p2a: Arceus|89/100
|
|upkeep
|turn|6
|
|t:|1639372666
|switch|p1a: Yveltal|Yveltal|100/100
|-ability|p1a: Yveltal|Dark Aura
|switch|p2a: Ho-Oh|Ho-Oh|100/100
|
|upkeep
|turn|7
|
|t:|1639372673
|switch|p1a: Necrozma|Necrozma-Dusk-Mane|100/100
|move|p2a: Ho-Oh|Defog|p1a: Necrozma
|-unboost|p1a: Necrozma|evasion|1
|-sideend|p2: Adnan13|Stealth Rock|[from] move: Defog|[of] p2a: Ho-Oh
|
|upkeep
|turn|8
|
|t:|1639372685
|move|p1a: Necrozma|Dragon Dance|p1a: Necrozma
|-boost|p1a: Necrozma|atk|1
|-boost|p1a: Necrozma|spe|1
|move|p2a: Ho-Oh|Sacred Fire|p1a: Necrozma
|-supereffective|p1a: Necrozma
|-crit|p1a: Necrozma
|-damage|p1a: Necrozma|27/100
|-enditem|p1a: Necrozma|Weakness Policy
|-boost|p1a: Necrozma|atk|2|[from] item: Weakness Policy
|-boost|p1a: Necrozma|spa|2|[from] item: Weakness Policy
|
|upkeep
|turn|9
|
|t:|1639372694
|-start|p1a: Necrozma|Dynamax
|-heal|p1a: Necrozma|27/100|[silent]
|move|p1a: Necrozma|Max Rockfall|p2a: Ho-Oh
|-supereffective|p2a: Ho-Oh
|-damage|p2a: Ho-Oh|0 fnt
|-weather|Sandstorm
|faint|p2a: Ho-Oh
|
|-weather|Sandstorm|[upkeep]
|upkeep
|
|t:|1639372704
|switch|p2a: Calyrex|Calyrex-Shadow|100/100 par
|-ability|p2a: Calyrex|As One
|-ability|p2a: Calyrex|Unnerve
|turn|10
|
|t:|1639372713
|move|p1a: Necrozma|Max Mindstorm|p2a: Calyrex
|-resisted|p2a: Calyrex
|-damage|p2a: Calyrex|58/100 par
|-fieldstart|move: Psychic Terrain
|cant|p2a: Calyrex|par
|
|-weather|Sandstorm|[upkeep]
|-damage|p2a: Calyrex|52/100 par|[from] Sandstorm
|upkeep
|turn|11
|
|t:|1639372726
|move|p1a: Necrozma|Max Quake|p2a: Calyrex
|-damage|p2a: Calyrex|0 fnt
|-boost|p1a: Necrozma|spd|1
|faint|p2a: Calyrex
|
|-weather|Sandstorm|[upkeep]
|-end|p1a: Necrozma|Dynamax
|-heal|p1a: Necrozma|27/100|[silent]
|upkeep
|
|t:|1639372729
|switch|p2a: Rayquaza|Rayquaza|100/100
|-ability|p2a: Rayquaza|Air Lock
|turn|12
|
|t:|1639372738
|detailschange|p2a: Rayquaza|Rayquaza-Mega
|-mega|p2a: Rayquaza|Rayquaza|
|-weather|DeltaStream|[from] ability: Delta Stream|[of] p2a: Rayquaza
|move|p1a: Necrozma|Photon Geyser|p2a: Rayquaza
|-enditem|p2a: Rayquaza|Focus Sash
|-damage|p2a: Rayquaza|1/100
|move|p2a: Rayquaza|Dragon Dance|p2a: Rayquaza
|-boost|p2a: Rayquaza|atk|1
|-boost|p2a: Rayquaza|spe|1
|
|-weather|DeltaStream|[upkeep]
|upkeep
|turn|13
|
|t:|1639372754
|move|p2a: Rayquaza|Dragon Ascent|p1a: Necrozma
|-resisted|p1a: Necrozma
|-damage|p1a: Necrozma|0 fnt
|-unboost|p2a: Rayquaza|def|1
|-unboost|p2a: Rayquaza|spd|1
|faint|p1a: Necrozma
|
|-weather|DeltaStream|[upkeep]
|upkeep
|
|t:|1639372763
|switch|p1a: Marshadow|Marshadow|100/100
|turn|14
|
|t:|1639372767
|-weather|none
|switch|p2a: Groudon|Groudon|100/100
|detailschange|p2a: Groudon|Groudon-Primal
|-primal|p2a: Groudon
|-weather|DesolateLand|[from] ability: Desolate Land|[of] p2a: Groudon
|move|p1a: Marshadow|Spectral Thief|p2a: Groudon
|-damage|p2a: Groudon|80/100
|
|-weather|DesolateLand|[upkeep]
|-fieldend|move: Psychic Terrain
|upkeep
|turn|15
|
|t:|1639372773
|move|p1a: Marshadow|Close Combat|p2a: Groudon
|-damage|p2a: Groudon|56/100
|-unboost|p1a: Marshadow|def|1
|-unboost|p1a: Marshadow|spd|1
|move|p2a: Groudon|Overheat|p1a: Marshadow
|-enditem|p1a: Marshadow|Focus Sash
|-damage|p1a: Marshadow|1/100
|-unboost|p2a: Groudon|spa|2
|
|-weather|DesolateLand|[upkeep]
|upkeep
|turn|16
|
|t:|1639372782
|move|p1a: Marshadow|Close Combat|p2a: Groudon
|-damage|p2a: Groudon|29/100
|-unboost|p1a: Marshadow|def|1
|-unboost|p1a: Marshadow|spd|1
|move|p2a: Groudon|Toxic|p1a: Marshadow
|-status|p1a: Marshadow|tox
|
|-weather|DesolateLand|[upkeep]
|-damage|p1a: Marshadow|0 fnt|[from] psn
|faint|p1a: Marshadow
|upkeep
|
|t:|1639372792
|switch|p1a: Yveltal|Yveltal|100/100
|-ability|p1a: Yveltal|Dark Aura
|turn|17
|
|t:|1639372804
|-weather|none
|switch|p2a: Arceus|Arceus-Fairy|89/100
|move|p1a: Yveltal|Dark Pulse|p2a: Arceus
|-resisted|p2a: Arceus
|-damage|p2a: Arceus|71/100
|-damage|p1a: Yveltal|91/100|[from] item: Life Orb
|
|upkeep
|turn|18
|
|t:|1639372810
|move|p1a: Yveltal|Oblivion Wing|p2a: Arceus
|-damage|p2a: Arceus|44/100
|-heal|p1a: Yveltal|100/100|[from] drain|[of] p2a: Arceus
|-damage|p1a: Yveltal|91/100|[from] item: Life Orb
|move|p2a: Arceus|Judgment|p1a: Yveltal
|-supereffective|p1a: Yveltal
|-damage|p1a: Yveltal|9/100
|
|upkeep
|turn|19
|
|t:|1639372815
|move|p1a: Yveltal|Oblivion Wing|p2a: Arceus
|-damage|p2a: Arceus|16/100
|-heal|p1a: Yveltal|33/100|[from] drain|[of] p2a: Arceus
|-damage|p1a: Yveltal|23/100|[from] item: Life Orb
|move|p2a: Arceus|Judgment|p1a: Yveltal
|-supereffective|p1a: Yveltal
|-damage|p1a: Yveltal|0 fnt
|faint|p1a: Yveltal
|
|upkeep
|
|t:|1639372819
|switch|p1a: Xerneas|Xerneas|100/100
|-ability|p1a: Xerneas|Fairy Aura
|turn|20
|
|t:|1639372823
|move|p2a: Arceus|Toxic|p1a: Xerneas
|-status|p1a: Xerneas|tox
|move|p1a: Xerneas|Geomancy||[still]
|-prepare|p1a: Xerneas|Geomancy
|-enditem|p1a: Xerneas|Power Herb
|-anim|p1a: Xerneas|Geomancy|p1a: Xerneas
|-boost|p1a: Xerneas|spa|2
|-boost|p1a: Xerneas|spd|2
|-boost|p1a: Xerneas|spe|2
|
|-damage|p1a: Xerneas|94/100 tox|[from] psn
|upkeep
|turn|21
|
|t:|1639372843
|-start|p2a: Arceus|Dynamax
|-heal|p2a: Arceus|16/100|[silent]
|move|p2a: Arceus|Max Guard|p2a: Arceus
|-singleturn|p2a: Arceus|Max Guard
|move|p1a: Xerneas|Moonblast|p2a: Arceus
|-activate|p2a: Arceus|move: Max Guard
|
|-damage|p1a: Xerneas|82/100 tox|[from] psn
|upkeep
|turn|22
|
|t:|1639372851
|move|p2a: Arceus|Max Guard||[still]
|-fail|p2a: Arceus
|move|p1a: Xerneas|Moonblast|p2a: Arceus
|-damage|p2a: Arceus|0 fnt
|faint|p2a: Arceus
|
|-damage|p1a: Xerneas|64/100 tox|[from] psn
|upkeep
|
|t:|1639372855
|switch|p2a: Rayquaza|Rayquaza-Mega|1/100
|-weather|DeltaStream|[from] ability: Delta Stream|[of] p2a: Rayquaza
|turn|23
|
|t:|1639372861
|move|p2a: Rayquaza|Extreme Speed|p1a: Xerneas
|-damage|p1a: Xerneas|34/100 tox
|move|p1a: Xerneas|Thunderbolt|p2a: Rayquaza
|-activate||deltastream
|-resisted|p2a: Rayquaza
|-damage|p2a: Rayquaza|0 fnt
|faint|p2a: Rayquaza
|-weather|none
|
|-damage|p1a: Xerneas|9/100 tox|[from] psn
|upkeep
|
|t:|1639372869
|switch|p2a: Yveltal|Yveltal|100/100
|-ability|p2a: Yveltal|Dark Aura
|turn|24
|
|t:|1639372876
|move|p2a: Yveltal|Sucker Punch|p1a: Xerneas
|-resisted|p1a: Xerneas
|-damage|p1a: Xerneas|0 fnt
|faint|p1a: Xerneas
|-damage|p2a: Yveltal|91/100|[from] item: Life Orb
|
|upkeep
|
|t:|1639372880
|switch|p1a: Zacian|Zacian-Crowned|100/100
|-ability|p1a: Zacian|Intrepid Sword|boost
|-boost|p1a: Zacian|atk|1
|turn|25
|c|☆MiMiTest|gg wp
|
|t:|1639372889
|move|p1a: Zacian|Behemoth Blade|p2a: Yveltal
|-damage|p2a: Yveltal|0 fnt
|faint|p2a: Yveltal
|
|upkeep
|
|t:|1639372894
|switch|p2a: Groudon|Groudon-Primal|29/100
|-weather|DesolateLand|[from] ability: Desolate Land|[of] p2a: Groudon
|turn|26
|
|t:|1639372899
|move|p1a: Zacian|Close Combat|p2a: Groudon
|-damage|p2a: Groudon|0 fnt
|-unboost|p1a: Zacian|def|1
|-unboost|p1a: Zacian|spd|1
|faint|p2a: Groudon
|-weather|none
|
|win|MiMiTest
|raw|MiMiTest's rating: 1586 &rarr; <strong>1622</strong><br />(+36 for winning)
|raw|Adnan13's rating: 1953 &rarr; <strong>1917</strong><br />(-36 for losing)
|c|☆Adnan13|uggh
|c|☆MiMiTest|uff
|l|☆Adnan13
|c|☆MiMiTest|1953...
|c| pokemasterbrendan|Wait u have 1917 elo
|c| pokemasterbrendan|he is 6 on ladder whaaaaa
|c| pokemasterbrendan|now 9
|c|☆MiMiTest|epic
|c|☆MiMiTest|arrivederci
