|j|☆Gosse13425 ❀
|j|☆soda49
|t:|1640659340
|gametype|singles
|player|p1|Gosse13425 ❀|dawn-gen4pt|1665
|player|p2|soda49|101|1734
|teamsize|p1|6
|teamsize|p2|6
|gen|8
|tier|[Gen 8] National Dex AG
|rated|
|rule|HP Percentage Mod: HP is shown in percentages
|rule|Endless Battle Clause: Forcing endless battles is banned
|clearpoke
|poke|p1|Ho-Oh|
|poke|p1|Necrozma-Dusk-Mane|
|poke|p1|Groudon|
|poke|p1|Yveltal|
|poke|p1|Arceus-*|
|poke|p1|Arceus-*|
|poke|p2|Smeargle, M|
|poke|p2|Charizard, F|
|poke|p2|Mimikyu, F|
|poke|p2|Whimsicott, F|
|poke|p2|Calyrex-Shadow|
|poke|p2|Rayquaza|
|teampreview
|inactive|Battle timer is ON: inactive players will automatically lose when time's up. (requested by soda49)
|
|t:|1640659346
|start
|switch|p1a: Arceus|Arceus-Fairy|100/100
|switch|p2a: Charizard|Charizard, F|100/100
|turn|1
|
|t:|1640659362
|switch|p1a: Arceus|Arceus-Ground|100/100
|-start|p2a: Charizard|Dynamax
|-formechange|p2a: Charizard|Charizard-Gmax
|-heal|p2a: Charizard|100/100|[silent]
|move|p2a: Charizard|Max Airstream|p1a: Arceus
|-damage|p1a: Arceus|61/100
|-boost|p2a: Charizard|spe|1
|
|upkeep
|turn|2
|
|t:|1640659367
|move|p2a: Charizard|G-Max Wildfire|p1a: Arceus
|-damage|p1a: Arceus|8/100
|-sidestart|p1: Gosse13425 ❀|G-Max Wildfire
|move|p1a: Arceus|Recover|p1a: Arceus
|-heal|p1a: Arceus|58/100
|
|-damage|p1a: Arceus|41/100|[from] G-Max Wildfire
|upkeep
|turn|3
|
|t:|1640659384
|switch|p1a: Ho-Oh|Ho-Oh|100/100
|move|p2a: Charizard|G-Max Wildfire|p1a: Ho-Oh
|-resisted|p1a: Ho-Oh
|-damage|p1a: Ho-Oh|79/100
|
|-end|p2a: Charizard|Dynamax
|-formechange|p2a: Charizard|Charizard
|-heal|p2a: Charizard|100/100|[silent]
|upkeep
|turn|4
|
|t:|1640659387
|move|p2a: Charizard|Air Slash|p1a: Ho-Oh
|-damage|p1a: Ho-Oh|58/100
|move|p1a: Ho-Oh|Toxic|p2a: Charizard
|-status|p2a: Charizard|tox
|-enditem|p2a: Charizard|Lum Berry|[eat]
|-curestatus|p2a: Charizard|tox|[msg]
|
|upkeep
|turn|5
|
|t:|1640659393
|move|p2a: Charizard|Air Slash|p1a: Ho-Oh
|-damage|p1a: Ho-Oh|36/100
|move|p1a: Ho-Oh|Toxic|p2a: Charizard
|-status|p2a: Charizard|tox
|
|-damage|p2a: Charizard|94/100 tox|[from] psn
|-sideend|p1: Gosse13425 ❀|G-Max Wildfire
|upkeep
|turn|6
|
|t:|1640659399
|switch|p1a: Arceus|Arceus-Fairy|100/100
|move|p2a: Charizard|Air Slash|p1a: Arceus
|-damage|p1a: Arceus|80/100
|
|-damage|p2a: Charizard|82/100 tox|[from] psn
|upkeep
|turn|7
|
|t:|1640659402
|move|p2a: Charizard|Air Slash|p1a: Arceus
|-damage|p1a: Arceus|60/100
|move|p1a: Arceus|Judgment|p2a: Charizard
|-resisted|p2a: Charizard
|-damage|p2a: Charizard|51/100 tox
|
|-damage|p2a: Charizard|33/100 tox|[from] psn
|upkeep
|turn|8
|
|t:|1640659406
|move|p2a: Charizard|Tailwind|p2a: Charizard
|-sidestart|p2: soda49|move: Tailwind
|move|p1a: Arceus|Recover|p1a: Arceus
|-heal|p1a: Arceus|100/100
|
|-damage|p2a: Charizard|9/100 tox|[from] psn
|upkeep
|turn|9
|
|t:|1640659409
|switch|p1a: Arceus|Arceus-Ground|41/100
|move|p2a: Charizard|Air Slash|p1a: Arceus
|-damage|p1a: Arceus|16/100
|
|-damage|p2a: Charizard|0 fnt|[from] psn
|faint|p2a: Charizard
|upkeep
|
|t:|1640659414
|switch|p2a: The wobbler|Smeargle, M|100/100
|turn|10
|
|t:|1640659417
|move|p2a: The wobbler|Spore|p1a: Arceus
|-status|p1a: Arceus|slp|[from] move: Spore
|cant|p1a: Arceus|slp
|
|-ability|p2a: The wobbler|Moody|boost
|-boost|p2a: The wobbler|spa|2
|-unboost|p2a: The wobbler|spe|1
|upkeep
|turn|11
|
|t:|1640659430
|switch|p1a: Arceus|Arceus-Fairy|100/100
|move|p2a: The wobbler|Substitute|p2a: The wobbler
|-start|p2a: The wobbler|Substitute
|-damage|p2a: The wobbler|76/100
|
|-heal|p2a: The wobbler|82/100|[from] item: Leftovers
|-sideend|p2: soda49|move: Tailwind
|-ability|p2a: The wobbler|Moody|boost
|-boost|p2a: The wobbler|spd|2
|-unboost|p2a: The wobbler|atk|1
|upkeep
|turn|12
|
|t:|1640659435
|move|p1a: Arceus|Judgment|p2a: The wobbler
|-end|p2a: The wobbler|Substitute
|move|p2a: The wobbler|Spore|p1a: Arceus
|-status|p1a: Arceus|slp|[from] move: Spore
|
|-heal|p2a: The wobbler|88/100|[from] item: Leftovers
|-ability|p2a: The wobbler|Moody|boost
|-boost|p2a: The wobbler|spd|2
|-unboost|p2a: The wobbler|spa|1
|upkeep
|turn|13
|
|t:|1640659439
|switch|p1a: Yveltal|Yveltal|100/100
|-ability|p1a: Yveltal|Dark Aura
|move|p2a: The wobbler|Substitute|p2a: The wobbler
|-start|p2a: The wobbler|Substitute
|-damage|p2a: The wobbler|63/100
|
|-heal|p2a: The wobbler|69/100|[from] item: Leftovers
|-ability|p2a: The wobbler|Moody|boost
|-boost|p2a: The wobbler|spd|2
|-unboost|p2a: The wobbler|atk|1
|upkeep
|turn|14
|
|t:|1640659445
|move|p1a: Yveltal|Dark Pulse|p2a: The wobbler
|-crit|p2a: The wobbler
|-end|p2a: The wobbler|Substitute
|-damage|p1a: Yveltal|91/100|[from] item: Life Orb
|move|p2a: The wobbler|Spore|p1a: Yveltal
|-status|p1a: Yveltal|slp|[from] move: Spore
|
|-heal|p2a: The wobbler|75/100|[from] item: Leftovers
|-ability|p2a: The wobbler|Moody|boost
|-boost|p2a: The wobbler|spa|2
|-unboost|p2a: The wobbler|spd|1
|upkeep
|turn|15
|
|t:|1640659452
|cant|p1a: Yveltal|slp
|move|p2a: The wobbler|Substitute|p2a: The wobbler
|-start|p2a: The wobbler|Substitute
|-damage|p2a: The wobbler|50/100
|
|-heal|p2a: The wobbler|56/100|[from] item: Leftovers
|-ability|p2a: The wobbler|Moody|boost
|-boost|p2a: The wobbler|spe|2
|-unboost|p2a: The wobbler|spd|1
|upkeep
|turn|16
|
|t:|1640659455
|move|p2a: The wobbler|Shell Smash|p2a: The wobbler
|-unboost|p2a: The wobbler|def|1
|-unboost|p2a: The wobbler|spd|1
|-boost|p2a: The wobbler|atk|2
|-boost|p2a: The wobbler|spa|2
|-boost|p2a: The wobbler|spe|2
|cant|p1a: Yveltal|slp
|
|-heal|p2a: The wobbler|62/100|[from] item: Leftovers
|-ability|p2a: The wobbler|Moody|boost
|-boost|p2a: The wobbler|spe|2
|-unboost|p2a: The wobbler|spd|1
|upkeep
|turn|17
|
|t:|1640659460
|move|p2a: The wobbler|Shell Smash|p2a: The wobbler
|-unboost|p2a: The wobbler|def|1
|-unboost|p2a: The wobbler|spd|1
|-boost|p2a: The wobbler|atk|2
|-boost|p2a: The wobbler|spa|1
|-boost|p2a: The wobbler|spe|1
|-curestatus|p1a: Yveltal|slp|[msg]
|move|p1a: Yveltal|Dark Pulse|p2a: The wobbler
|-end|p2a: The wobbler|Substitute
|-damage|p1a: Yveltal|81/100|[from] item: Life Orb
|
|-heal|p2a: The wobbler|68/100|[from] item: Leftovers
|-ability|p2a: The wobbler|Moody|boost
|-boost|p2a: The wobbler|def|2
|-unboost|p2a: The wobbler|atk|1
|upkeep
|turn|18
|
|t:|1640659488
|move|p2a: The wobbler|Spore|p1a: Yveltal
|-status|p1a: Yveltal|slp|[from] move: Spore
|cant|p1a: Yveltal|slp
|
|-heal|p2a: The wobbler|74/100|[from] item: Leftovers
|-ability|p2a: The wobbler|Moody|boost
|-boost|p2a: The wobbler|spd|2
|-unboost|p2a: The wobbler|def|1
|upkeep
|turn|19
|
|t:|1640659494
|switch|p1a: Ho-Oh|Ho-Oh|69/100
|move|p2a: The wobbler|Substitute|p2a: The wobbler
|-start|p2a: The wobbler|Substitute
|-damage|p2a: The wobbler|50/100
|
|-heal|p2a: The wobbler|55/100|[from] item: Leftovers
|-ability|p2a: The wobbler|Moody|boost
|-boost|p2a: The wobbler|atk|2
|-unboost|p2a: The wobbler|spd|1
|upkeep
|turn|20
|
|t:|1640659497
|move|p2a: The wobbler|Spore|p1a: Ho-Oh
|-status|p1a: Ho-Oh|slp|[from] move: Spore
|cant|p1a: Ho-Oh|slp
|
|-heal|p2a: The wobbler|61/100|[from] item: Leftovers
|-ability|p2a: The wobbler|Moody|boost
|-boost|p2a: The wobbler|spd|2
|-unboost|p2a: The wobbler|atk|1
|upkeep
|turn|21
|
|t:|1640659503
|move|p2a: The wobbler|Power Trip|p1a: Ho-Oh
|-damage|p1a: Ho-Oh|5/100 slp
|cant|p1a: Ho-Oh|slp
|
|-heal|p2a: The wobbler|67/100|[from] item: Leftovers
|-ability|p2a: The wobbler|Moody|boost
|-boost|p2a: The wobbler|atk|2
|-unboost|p2a: The wobbler|spd|1
|upkeep
|turn|22
|
|t:|1640659508
|move|p2a: The wobbler|Power Trip|p1a: Ho-Oh
|-damage|p1a: Ho-Oh|0 fnt
|faint|p1a: Ho-Oh
|
|-heal|p2a: The wobbler|73/100|[from] item: Leftovers
|-ability|p2a: The wobbler|Moody|boost
|-boost|p2a: The wobbler|spd|2
|-unboost|p2a: The wobbler|atk|1
|upkeep
|
|t:|1640659516
|switch|p1a: Yveltal|Yveltal|81/100 slp
|-ability|p1a: Yveltal|Dark Aura
|turn|23
|
|t:|1640659524
|move|p2a: The wobbler|Power Trip|p1a: Yveltal
|-resisted|p1a: Yveltal
|-damage|p1a: Yveltal|0 fnt
|faint|p1a: Yveltal
|
|-heal|p2a: The wobbler|79/100|[from] item: Leftovers
|-ability|p2a: The wobbler|Moody|boost
|-boost|p2a: The wobbler|spd|1
|-unboost|p2a: The wobbler|spa|1
|upkeep
|
|t:|1640659534
|switch|p1a: Groudon|Groudon|100/100
|detailschange|p1a: Groudon|Groudon-Primal
|-primal|p1a: Groudon
|-weather|DesolateLand|[from] ability: Desolate Land|[of] p1a: Groudon
|turn|24
|
|t:|1640659542
|move|p2a: The wobbler|Spore|p1a: Groudon
|-status|p1a: Groudon|slp|[from] move: Spore
|cant|p1a: Groudon|slp
|
|-weather|DesolateLand|[upkeep]
|-heal|p2a: The wobbler|85/100|[from] item: Leftovers
|-ability|p2a: The wobbler|Moody|boost
|-boost|p2a: The wobbler|spa|1
|-unboost|p2a: The wobbler|atk|1
|upkeep
|turn|25
|
|t:|1640659548
|move|p2a: The wobbler|Power Trip|p1a: Groudon
|-damage|p1a: Groudon|18/100 slp
|-curestatus|p1a: Groudon|slp|[msg]
|move|p1a: Groudon|Fire Blast|p2a: The wobbler
|-end|p2a: The wobbler|Substitute
|
|-weather|DesolateLand|[upkeep]
|-heal|p2a: The wobbler|91/100|[from] item: Leftovers
|-ability|p2a: The wobbler|Moody|boost
|-boost|p2a: The wobbler|atk|2
|-unboost|p2a: The wobbler|spd|1
|upkeep
|turn|26
|
|t:|1640659554
|move|p2a: The wobbler|Spore|p1a: Groudon
|-status|p1a: Groudon|slp|[from] move: Spore
|cant|p1a: Groudon|slp
|
|-weather|DesolateLand|[upkeep]
|-heal|p2a: The wobbler|97/100|[from] item: Leftovers
|-ability|p2a: The wobbler|Moody|boost
|-boost|p2a: The wobbler|atk|2
|-unboost|p2a: The wobbler|spa|1
|upkeep
|turn|27
|
|t:|1640659582
|move|p2a: The wobbler|Substitute|p2a: The wobbler
|-start|p2a: The wobbler|Substitute
|-damage|p2a: The wobbler|73/100
|cant|p1a: Groudon|slp
|
|-weather|DesolateLand|[upkeep]
|-heal|p2a: The wobbler|79/100|[from] item: Leftovers
|-ability|p2a: The wobbler|Moody|boost
|-boost|p2a: The wobbler|def|2
|-unboost|p2a: The wobbler|atk|1
|upkeep
|turn|28
|
|t:|1640659585
|move|p2a: The wobbler|Power Trip|p1a: Groudon
|-damage|p1a: Groudon|0 fnt
|faint|p1a: Groudon
|-weather|none
|
|-heal|p2a: The wobbler|85/100|[from] item: Leftovers
|-ability|p2a: The wobbler|Moody|boost
|-boost|p2a: The wobbler|spa|1
|-unboost|p2a: The wobbler|atk|1
|upkeep
|
|t:|1640659601
|switch|p1a: Necrozma|Necrozma-Dusk-Mane|100/100
|turn|29
|
|t:|1640659610
|switch|p1a: Arceus|Arceus-Ground|16/100 slp
|move|p2a: The wobbler|Spore|p1a: Arceus
|-fail|p1a: Arceus|slp
|
|-heal|p2a: The wobbler|91/100|[from] item: Leftovers
|-ability|p2a: The wobbler|Moody|boost
|-boost|p2a: The wobbler|def|2
|-unboost|p2a: The wobbler|spd|1
|upkeep
|turn|30
|
|t:|1640659615
|move|p2a: The wobbler|Power Trip|p1a: Arceus
|-damage|p1a: Arceus|0 fnt
|faint|p1a: Arceus
|
|-heal|p2a: The wobbler|97/100|[from] item: Leftovers
|-ability|p2a: The wobbler|Moody|boost
|-boost|p2a: The wobbler|spd|2
|-unboost|p2a: The wobbler|spa|1
|upkeep
|
|t:|1640659629
|switch|p1a: Necrozma|Necrozma-Dusk-Mane|100/100
|turn|31
|
|t:|1640659646
|move|p2a: The wobbler|Spore|p1a: Necrozma
|-status|p1a: Necrozma|slp|[from] move: Spore
|cant|p1a: Necrozma|slp
|
|-heal|p2a: The wobbler|100/100|[from] item: Leftovers
|-ability|p2a: The wobbler|Moody|boost
|-boost|p2a: The wobbler|atk|2
|-unboost|p2a: The wobbler|spe|1
|upkeep
|turn|32
|
|t:|1640659653
|move|p2a: The wobbler|Power Trip|p1a: Necrozma
|-supereffective|p1a: Necrozma
|-damage|p1a: Necrozma|0 fnt
|-damage|p2a: The wobbler|84/100|[from] item: Rocky Helmet|[of] p1a: Necrozma
|faint|p1a: Necrozma
|
|-heal|p2a: The wobbler|90/100|[from] item: Leftovers
|-ability|p2a: The wobbler|Moody|boost
|-boost|p2a: The wobbler|def|2
|-unboost|p2a: The wobbler|spd|1
|upkeep
|
|t:|1640659662
|switch|p1a: Arceus|Arceus-Fairy|100/100 slp
|turn|33
|
|t:|1640659680
|move|p2a: The wobbler|Power Trip|p1a: Arceus
|-resisted|p1a: Arceus
|-damage|p1a: Arceus|10/100 slp
|cant|p1a: Arceus|slp
|
|-heal|p2a: The wobbler|96/100|[from] item: Leftovers
|-ability|p2a: The wobbler|Moody|boost
|-boost|p2a: The wobbler|def|1
|-unboost|p2a: The wobbler|spd|1
|upkeep
|turn|34
|
|t:|1640659690
|move|p2a: The wobbler|Power Trip|p1a: Arceus
|-resisted|p1a: Arceus
|-damage|p1a: Arceus|0 fnt
|faint|p1a: Arceus
|
|win|soda49
|raw|Gosse13425 ❀'s rating: 1665 &rarr; <strong>1649</strong><br />(-16 for losing)
|raw|soda49's rating: 1734 &rarr; <strong>1750</strong><br />(+16 for winning)
|l|☆Gosse13425 ❀
