|j|☆G1lusterpurge
|j|☆Matsui_Miyako
|t:|1661263202
|gametype|singles
|player|p1|G1lusterpurge|cynthia-masters|1403
|player|p2|Matsui_Miyako|steven-masters2|1512
|teamsize|p1|6
|teamsize|p2|6
|gen|8
|tier|[Gen 8] National Dex AG
|rated|
|rule|HP Percentage Mod: HP is shown in percentages
|rule|Endless Battle Clause: Forcing endless battles is banned
|clearpoke
|poke|p1|Excadrill, M|
|poke|p1|Ho-Oh|
|poke|p1|Calyrex-Shadow|
|poke|p1|Xerneas-*|
|poke|p1|Arceus-*|
|poke|p1|Necrozma-Dusk-Mane|
|poke|p2|Arceus-*|
|poke|p2|Kyogre|
|poke|p2|Groudon|
|poke|p2|Crawdaunt, M|
|poke|p2|Victini|
|poke|p2|Slurpuff, M|
|teampreview
|inactive|Battle timer is ON: inactive players will automatically lose when time's up. (requested by G1lusterpurge)
|
|t:|1661263211
|start
|switch|p1a: Excadrill|Excadrill, M|100/100
|switch|p2a: Slurpuff|Slurpuff, M|100/100
|-ability|p1a: Excadrill|Mold Breaker
|turn|1
|
|t:|1661263214
|move|p2a: Slurpuff|Magic Coat|p2a: Slurpuff
|-singleturn|p2a: Slurpuff|move: Magic Coat
|move|p1a: Excadrill|Rapid Spin|p2a: Slurpuff
|-damage|p2a: Slurpuff|70/100
|-boost|p1a: Excadrill|spe|1
|
|upkeep
|turn|2
|
|t:|1661263221
|move|p1a: Excadrill|Earthquake|p2a: Slurpuff
|-damage|p2a: Slurpuff|0 fnt
|faint|p2a: Slurpuff
|
|upkeep
|
|t:|1661263226
|switch|p2a: Crawdaunt|Crawdaunt, M|100/100
|turn|3
|
|t:|1661263246
|move|p1a: Excadrill|Stealth Rock|p2a: Crawdaunt
|-sidestart|p2: Matsui_Miyako|move: Stealth Rock
|move|p2a: Crawdaunt|Knock Off|p1a: Excadrill
|-enditem|p1a: Excadrill|Focus Sash
|-damage|p1a: Excadrill|1/100
|
|upkeep
|turn|4
|
|t:|1661263255
|move|p1a: Excadrill|Earthquake|p2a: Crawdaunt
|-damage|p2a: Crawdaunt|27/100
|move|p2a: Crawdaunt|Knock Off|p1a: Excadrill
|-crit|p1a: Excadrill
|-damage|p1a: Excadrill|0 fnt
|faint|p1a: Excadrill
|
|upkeep
|
|t:|1661263277
|switch|p1a: Calyrex|Calyrex-Shadow|100/100
|-ability|p1a: Calyrex|As One
|-ability|p1a: Calyrex|Unnerve
|turn|5
|
|t:|1661263279
|move|p1a: Calyrex|Draining Kiss|p2a: Crawdaunt
|-supereffective|p2a: Crawdaunt
|-damage|p2a: Crawdaunt|0 fnt
|faint|p2a: Crawdaunt
|-ability|p1a: Calyrex|Grim Neigh|boost
|-boost|p1a: Calyrex|spa|1
|
|upkeep
|
|t:|1661263286
|switch|p2a: Groudon|Groudon|100/100
|-damage|p2a: Groudon|94/100|[from] Stealth Rock
|-weather|SunnyDay|[from] ability: Drought|[of] p2a: Groudon
|turn|6
|
|t:|1661263304
|-start|p2a: Groudon|Dynamax|
|-heal|p2a: Groudon|94/100|[silent]
|move|p1a: Calyrex|Astral Barrage|p2a: Groudon
|-damage|p2a: Groudon|37/100
|move|p2a: Groudon|Max Airstream|p1a: Calyrex
|-damage|p1a: Calyrex|43/100
|-boost|p2a: Groudon|spe|1
|
|-weather|SunnyDay|[upkeep]
|-heal|p2a: Groudon|40/100|[from] item: Leftovers
|upkeep
|turn|7
|
|t:|1661263316
|switch|p1a: Ho-Oh|Ho-Oh|100/100
|move|p2a: Groudon|Max Airstream|p1a: Ho-Oh
|-damage|p1a: Ho-Oh|49/100
|-boost|p2a: Groudon|spe|1
|
|-weather|SunnyDay|[upkeep]
|-heal|p2a: Groudon|43/100|[from] item: Leftovers
|upkeep
|turn|8
|
|t:|1661263321
|move|p2a: Groudon|Max Airstream|p1a: Ho-Oh
|-damage|p1a: Ho-Oh|0 fnt
|-boost|p2a: Groudon|spe|1
|faint|p1a: Ho-Oh
|
|-weather|SunnyDay|[upkeep]
|-heal|p2a: Groudon|46/100|[from] item: Leftovers
|upkeep
|
|t:|1661263323
|switch|p1a: Necrozma|Necrozma-Dusk-Mane|100/100
|-end|p2a: Groudon|Dynamax
|-heal|p2a: Groudon|46/100|[silent]
|turn|9
|
|t:|1661263326
|detailschange|p1a: Necrozma|Necrozma-Ultra
|-burst|p1a: Necrozma|Necrozma|Ultranecrozium Z
|move|p2a: Groudon|Precipice Blades|p1a: Necrozma|[miss]
|-miss|p2a: Groudon|p1a: Necrozma
|move|p1a: Necrozma|Photon Geyser|p2a: Groudon
|-damage|p2a: Groudon|0 fnt
|faint|p2a: Groudon
|
|-weather|SunnyDay|[upkeep]
|upkeep
|
|t:|1661263342
|switch|p2a: no speed...|Arceus|100/100
|-damage|p2a: no speed...|88/100|[from] Stealth Rock
|turn|10
|
|t:|1661263345
|-zpower|p1a: Necrozma
|move|p1a: Necrozma|Light That Burns the Sky|p2a: no speed...|[zeffect]
|-damage|p2a: no speed...|0 fnt
|faint|p2a: no speed...
|
|-weather|none
|upkeep
|
|t:|1661263351
|switch|p2a: Kyogre|Kyogre|100/100
|-damage|p2a: Kyogre|88/100|[from] Stealth Rock
|-weather|RainDance|[from] ability: Drizzle|[of] p2a: Kyogre
|turn|11
|
|t:|1661263356
|move|p2a: Kyogre|Ice Beam|p1a: Necrozma
|-supereffective|p1a: Necrozma
|-damage|p1a: Necrozma|23/100
|move|p1a: Necrozma|Photon Geyser|p2a: Kyogre
|-damage|p2a: Kyogre|16/100
|
|-weather|RainDance|[upkeep]
|upkeep
|turn|12
|
|t:|1661263359
|move|p2a: Kyogre|Ice Beam|p1a: Necrozma
|-supereffective|p1a: Necrozma
|-damage|p1a: Necrozma|0 fnt
|faint|p1a: Necrozma
|
|-weather|RainDance|[upkeep]
|upkeep
|c|☆Matsui_Miyako|ggs
|
|t:|1661263370
|switch|p1a: Arceus|Arceus|100/100
|turn|13
|
|t:|1661263374
|move|p1a: Arceus|Extreme Speed|p2a: Kyogre
|-damage|p2a: Kyogre|0 fnt
|faint|p2a: Kyogre
|
|-weather|RainDance|[upkeep]
|upkeep
|
|t:|1661263376
|switch|p2a: Victini|Victini|100/100
|-damage|p2a: Victini|75/100|[from] Stealth Rock
|turn|14
|
|t:|1661263381
|move|p1a: Arceus|Extreme Speed|p2a: Victini
|-damage|p2a: Victini|42/100
|move|p2a: Victini|V-create|p1a: Arceus
|-damage|p1a: Arceus|79/100
|-unboost|p2a: Victini|spe|1
|-unboost|p2a: Victini|def|1
|-unboost|p2a: Victini|spd|1
|
|-weather|RainDance|[upkeep]
|upkeep
|turn|15
|
|t:|1661263384
|move|p1a: Arceus|Extreme Speed|p2a: Victini
|-damage|p2a: Victini|0 fnt
|faint|p2a: Victini
|
|win|G1lusterpurge
|raw|G1lusterpurge's rating: 1403 &rarr; <strong>1429</strong><br />(+26 for winning)
|raw|Matsui_Miyako's rating: 1512 &rarr; <strong>1486</strong><br />(-26 for losing)
