|j|☆tiggi7
|j|☆Fartconsumer
|t:|1641210353
|gametype|singles
|player|p1|tiggi7|ethan|1606
|player|p2|Fartconsumer|265|1663
|teamsize|p1|6
|teamsize|p2|6
|gen|8
|tier|[Gen 8] National Dex AG
|rated|
|rule|HP Percentage Mod: HP is shown in percentages
|rule|Endless Battle Clause: Forcing endless battles is banned
|clearpoke
|poke|p1|Diancie|
|poke|p1|Chansey, F|
|poke|p1|Necrozma-Dusk-Mane|
|poke|p1|Zygarde|
|poke|p1|Tyranitar, F|
|poke|p1|Ho-Oh|
|poke|p2|Groudon|
|poke|p2|Yveltal|
|poke|p2|Necrozma-Dusk-Mane|
|poke|p2|Rayquaza|
|poke|p2|Arceus-*|
|poke|p2|Ditto|
|teampreview
|
|t:|1641210364
|start
|switch|p1a: Diancie|Diancie, shiny|100/100
|switch|p2a: Necrozma|Necrozma-Dusk-Mane|100/100
|turn|1
|
|t:|1641210394
|switch|p1a: Necrozma|Necrozma-Dusk-Mane|100/100
|move|p2a: Necrozma|Sunsteel Strike|p1a: Necrozma
|-resisted|p1a: Necrozma
|-damage|p1a: Necrozma|87/100
|-damage|p2a: Necrozma|84/100|[from] item: Rocky Helmet|[of] p1a: Necrozma
|
|upkeep
|turn|2
|
|t:|1641210403
|move|p2a: Necrozma|Stealth Rock|p1a: Necrozma
|-sidestart|p1: tiggi7|move: Stealth Rock
|move|p1a: Necrozma|Stealth Rock|p2a: Necrozma
|-sidestart|p2: Fartconsumer|move: Stealth Rock
|
|upkeep
|turn|3
|
|t:|1641210407
|switch|p2a: Groudon|Groudon|100/100
|-damage|p2a: Groudon|94/100|[from] Stealth Rock
|detailschange|p2a: Groudon|Groudon-Primal
|-primal|p2a: Groudon
|-weather|DesolateLand|[from] ability: Desolate Land|[of] p2a: Groudon
|move|p1a: Necrozma|Thunder Wave|p2a: Groudon
|-immune|p2a: Groudon
|
|-weather|DesolateLand|[upkeep]
|upkeep
|turn|4
|
|t:|1641210412
|switch|p1a: Zygarde|Zygarde|100/100
|-damage|p1a: Zygarde|94/100|[from] Stealth Rock
|move|p2a: Groudon|Swords Dance|p2a: Groudon
|-boost|p2a: Groudon|atk|2
|
|-weather|DesolateLand|[upkeep]
|-heal|p1a: Zygarde|100/100|[from] item: Leftovers
|upkeep
|turn|5
|
|t:|1641210418
|move|p2a: Groudon|Precipice Blades|p1a: Zygarde
|-damage|p1a: Zygarde|10/100
|move|p1a: Zygarde|Glare|p2a: Groudon
|-status|p2a: Groudon|par
|
|-weather|DesolateLand|[upkeep]
|-heal|p1a: Zygarde|16/100|[from] item: Leftovers
|-activate|p1a: Zygarde|ability: Power Construct
|detailschange|p1a: Zygarde|Zygarde-Complete
|-heal|p1a: Zygarde|45/100|[silent]
|upkeep
|turn|6
|inactive|Battle timer is ON: inactive players will automatically lose when time's up. (requested by tiggi7)
|
|t:|1641210423
|move|p1a: Zygarde|Haze|p1a: Zygarde
|-clearallboost
|move|p2a: Groudon|Precipice Blades|p1a: Zygarde
|-damage|p1a: Zygarde|12/100
|
|-weather|DesolateLand|[upkeep]
|-heal|p1a: Zygarde|19/100|[from] item: Leftovers
|upkeep
|turn|7
|
|t:|1641210431
|move|p1a: Zygarde|Rest|p1a: Zygarde
|-status|p1a: Zygarde|slp|[from] move: Rest
|-heal|p1a: Zygarde|100/100 slp|[silent]
|cant|p2a: Groudon|par
|
|-weather|DesolateLand|[upkeep]
|upkeep
|turn|8
|
|t:|1641210439
|cant|p1a: Zygarde|slp
|cant|p2a: Groudon|par
|
|-weather|DesolateLand|[upkeep]
|upkeep
|turn|9
|
|t:|1641210446
|cant|p1a: Zygarde|slp
|move|p2a: Groudon|Swords Dance|p2a: Groudon
|-boost|p2a: Groudon|atk|2
|
|-weather|DesolateLand|[upkeep]
|upkeep
|turn|10
|
|t:|1641210451
|-curestatus|p1a: Zygarde|slp|[msg]
|move|p1a: Zygarde|Haze|p1a: Zygarde
|-clearallboost
|move|p2a: Groudon|Precipice Blades|p1a: Zygarde
|-damage|p1a: Zygarde|70/100
|
|-weather|DesolateLand|[upkeep]
|-heal|p1a: Zygarde|76/100|[from] item: Leftovers
|upkeep
|turn|11
|
|t:|1641210460
|move|p1a: Zygarde|Thousand Arrows|p2a: Groudon
|-supereffective|p2a: Groudon
|-damage|p2a: Groudon|56/100 par
|move|p2a: Groudon|Precipice Blades|p1a: Zygarde|[miss]
|-miss|p2a: Groudon|p1a: Zygarde
|
|-weather|DesolateLand|[upkeep]
|-heal|p1a: Zygarde|82/100|[from] item: Leftovers
|upkeep
|turn|12
|
|t:|1641210465
|move|p1a: Zygarde|Thousand Arrows|p2a: Groudon
|-supereffective|p2a: Groudon
|-damage|p2a: Groudon|16/100 par
|cant|p2a: Groudon|par
|
|-weather|DesolateLand|[upkeep]
|-heal|p1a: Zygarde|88/100|[from] item: Leftovers
|upkeep
|turn|13
|
|t:|1641210470
|move|p1a: Zygarde|Thousand Arrows|p2a: Groudon
|-supereffective|p2a: Groudon
|-damage|p2a: Groudon|0 fnt
|faint|p2a: Groudon
|-weather|none
|
|-heal|p1a: Zygarde|94/100|[from] item: Leftovers
|upkeep
|c|☆tiggi7|i prefer earthquake
|
|t:|1641210499
|switch|p2a: Yveltal|Yveltal|100/100
|-ability|p2a: Yveltal|Dark Aura
|turn|14
|c|☆tiggi7|especially with sword dance
|
|t:|1641210509
|switch|p1a: Tyranitar|Tyranitar, F|100/100
|-damage|p1a: Tyranitar|88/100|[from] Stealth Rock
|-weather|Sandstorm|[from] ability: Sand Stream|[of] p1a: Tyranitar
|move|p2a: Yveltal|Toxic|p1a: Tyranitar
|-status|p1a: Tyranitar|tox
|
|-weather|Sandstorm|[upkeep]
|-damage|p2a: Yveltal|94/100|[from] Sandstorm
|-heal|p1a: Tyranitar|94/100 tox|[from] item: Leftovers
|-damage|p1a: Tyranitar|88/100 tox|[from] psn
|upkeep
|turn|15
|
|t:|1641210523
|switch|p2a: Arceus|Arceus-Steel|100/100
|-damage|p2a: Arceus|94/100|[from] Stealth Rock
|move|p1a: Tyranitar|Rock Tomb|p2a: Arceus
|-resisted|p2a: Arceus
|-damage|p2a: Arceus|86/100
|-unboost|p2a: Arceus|spe|1
|
|-weather|Sandstorm|[upkeep]
|-heal|p1a: Tyranitar|94/100 tox|[from] item: Leftovers
|-damage|p1a: Tyranitar|82/100 tox|[from] psn
|upkeep
|turn|16
|
|t:|1641210531
|switch|p1a: Ho-Oh|Ho-Oh|100/100
|move|p2a: Arceus|Calm Mind|p2a: Arceus
|-boost|p2a: Arceus|spa|1
|-boost|p2a: Arceus|spd|1
|
|-weather|Sandstorm|[upkeep]
|-damage|p1a: Ho-Oh|94/100|[from] Sandstorm
|upkeep
|turn|17
|
|t:|1641210539
|switch|p2a: Ditto|Ditto|100/100
|-damage|p2a: Ditto|88/100|[from] Stealth Rock
|-transform|p2a: Ditto|p1a: Ho-Oh|[from] ability: Imposter
|move|p1a: Ho-Oh|Whirlwind|p2a: Ditto
|drag|p2a: Arceus|Arceus-Steel|86/100
|-damage|p2a: Arceus|80/100|[from] Stealth Rock
|
|-weather|Sandstorm|[upkeep]
|-damage|p1a: Ho-Oh|88/100|[from] Sandstorm
|upkeep
|turn|18
|
|t:|1641210543
|switch|p2a: Ditto|Ditto|100/100
|-damage|p2a: Ditto|88/100|[from] Stealth Rock
|-transform|p2a: Ditto|p1a: Ho-Oh|[from] ability: Imposter
|move|p1a: Ho-Oh|Sacred Fire|p2a: Ditto
|-resisted|p2a: Ditto
|-damage|p2a: Ditto|70/100
|
|-weather|none
|upkeep
|turn|19
|
|t:|1641210553
|move|p2a: Ditto|Toxic|p1a: Ho-Oh
|-status|p1a: Ho-Oh|tox
|move|p1a: Ho-Oh|Toxic|p2a: Ditto
|-status|p2a: Ditto|tox
|
|-damage|p2a: Ditto|64/100 tox|[from] psn
|-damage|p1a: Ho-Oh|82/100 tox|[from] psn
|upkeep
|turn|20
|
|t:|1641210564
|switch|p2a: Necrozma|Necrozma-Dusk-Mane|84/100
|-damage|p2a: Necrozma|78/100|[from] Stealth Rock
|switch|p1a: Necrozma|Necrozma-Dusk-Mane|87/100
|-damage|p1a: Necrozma|81/100|[from] Stealth Rock
|
|upkeep
|turn|21
|
|t:|1641210569
|move|p1a: Necrozma|Thunder Wave|p2a: Necrozma
|-status|p2a: Necrozma|par
|move|p2a: Necrozma|Thunder Wave|p1a: Necrozma
|-status|p1a: Necrozma|par
|
|upkeep
|turn|22
|
|t:|1641210578
|switch|p2a: Yveltal|Yveltal|94/100
|-ability|p2a: Yveltal|Dark Aura
|switch|p1a: Zygarde|Zygarde-Complete|94/100
|-damage|p1a: Zygarde|88/100|[from] Stealth Rock
|
|-heal|p1a: Zygarde|94/100|[from] item: Leftovers
|upkeep
|turn|23
|
|t:|1641210590
|switch|p1a: Diancie|Diancie, shiny|100/100
|-damage|p1a: Diancie|88/100|[from] Stealth Rock
|move|p2a: Yveltal|Toxic|p1a: Diancie
|-status|p1a: Diancie|tox
|
|-damage|p1a: Diancie|82/100 tox|[from] psn
|upkeep
|turn|24
|
|t:|1641210598
|switch|p2a: Arceus|Arceus-Steel|80/100
|-damage|p2a: Arceus|74/100|[from] Stealth Rock
|detailschange|p1a: Diancie|Diancie-Mega, shiny
|-mega|p1a: Diancie|Diancie|Diancite
|move|p1a: Diancie|Heal Bell|p1a: Diancie
|-activate|p1a: Diancie|move: Heal Bell
|-curestatus|p1a: Diancie|tox|[msg]
|-curestatus|p1: Ho-Oh|tox|[msg]
|-curestatus|p1: Necrozma|par|[msg]
|-curestatus|p1: Tyranitar|tox|[msg]
|
|upkeep
|turn|25
|
|t:|1641210603
|switch|p1a: Ho-Oh|Ho-Oh|100/100
|move|p2a: Arceus|Calm Mind|p2a: Arceus
|-boost|p2a: Arceus|spa|1
|-boost|p2a: Arceus|spd|1
|
|upkeep
|turn|26
|
|t:|1641210611
|switch|p2a: Ditto|Ditto|97/100 tox
|-damage|p2a: Ditto|85/100 tox|[from] Stealth Rock
|-transform|p2a: Ditto|p1a: Ho-Oh|[from] ability: Imposter
|move|p1a: Ho-Oh|Sacred Fire|p2a: Ditto
|-resisted|p2a: Ditto
|-damage|p2a: Ditto|64/100 tox
|
|-damage|p2a: Ditto|58/100 tox|[from] psn
|upkeep
|turn|27
|
|t:|1641210618
|switch|p1a: Diancie|Diancie-Mega, shiny|82/100
|-damage|p1a: Diancie|70/100|[from] Stealth Rock
|move|p2a: Ditto|Defog|p1a: Diancie
|move|p1a: Diancie|Defog|p2a: Ditto|[from]ability: Magic Bounce
|-unboost|p2a: Ditto|evasion|1
|-sideend|p2: Fartconsumer|Stealth Rock|[from] move: Defog|[of] p1a: Diancie
|-sideend|p1: tiggi7|Stealth Rock|[from] move: Defog|[of] p1a: Diancie
|
|-damage|p2a: Ditto|46/100 tox|[from] psn
|upkeep
|turn|28
|
|t:|1641210632
|switch|p2a: Arceus|Arceus-Steel|74/100
|switch|p1a: Necrozma|Necrozma-Dusk-Mane|81/100
|
|upkeep
|turn|29
|
|t:|1641210638
|move|p2a: Arceus|Calm Mind|p2a: Arceus
|-boost|p2a: Arceus|spa|1
|-boost|p2a: Arceus|spd|1
|move|p1a: Necrozma|Thunder Wave|p2a: Arceus
|-status|p2a: Arceus|par
|
|upkeep
|turn|30
|
|t:|1641210642
|move|p1a: Necrozma|Stealth Rock|p2a: Arceus
|-sidestart|p2: Fartconsumer|move: Stealth Rock
|move|p2a: Arceus|Calm Mind|p2a: Arceus
|-boost|p2a: Arceus|spa|1
|-boost|p2a: Arceus|spd|1
|
|upkeep
|turn|31
|
|t:|1641210646
|switch|p1a: Ho-Oh|Ho-Oh|100/100
|-start|p2a: Arceus|Dynamax
|-heal|p2a: Arceus|74/100 par|[silent]
|move|p2a: Arceus|Max Steelspike|p1a: Ho-Oh
|-resisted|p1a: Ho-Oh
|-crit|p1a: Ho-Oh
|-damage|p1a: Ho-Oh|53/100
|-boost|p2a: Arceus|def|1
|
|upkeep
|turn|32
|
|t:|1641210656
|move|p2a: Arceus|Max Steelspike|p1a: Ho-Oh
|-resisted|p1a: Ho-Oh
|-damage|p1a: Ho-Oh|19/100
|-boost|p2a: Arceus|def|1
|move|p1a: Ho-Oh|Whirlwind|p2a: Arceus
|-block|p2a: Arceus|Dynamax
|
|upkeep
|turn|33
|
|t:|1641210661
|switch|p1a: Necrozma|Necrozma-Dusk-Mane|81/100
|move|p2a: Arceus|Max Steelspike|p1a: Necrozma
|-resisted|p1a: Necrozma
|-damage|p1a: Necrozma|27/100
|-boost|p2a: Arceus|def|1
|
|-end|p2a: Arceus|Dynamax
|-heal|p2a: Arceus|74/100 par|[silent]
|upkeep
|turn|34
|
|t:|1641210680
|switch|p1a: Chansey|Chansey, F|100/100
|move|p2a: Arceus|Calm Mind|p2a: Arceus
|-boost|p2a: Arceus|spa|1
|-boost|p2a: Arceus|spd|1
|
|upkeep
|turn|35
|
|t:|1641210685
|cant|p2a: Arceus|par
|move|p1a: Chansey|Confide|p2a: Arceus
|-unboost|p2a: Arceus|spa|1
|
|upkeep
|turn|36
|
|t:|1641210689
|cant|p2a: Arceus|par
|move|p1a: Chansey|Confide|p2a: Arceus
|-unboost|p2a: Arceus|spa|1
|
|upkeep
|turn|37
|
|t:|1641210692
|move|p2a: Arceus|Calm Mind|p2a: Arceus
|-boost|p2a: Arceus|spa|1
|-boost|p2a: Arceus|spd|1
|move|p1a: Chansey|Confide|p2a: Arceus
|-unboost|p2a: Arceus|spa|1
|
|upkeep
|turn|38
|
|t:|1641210695
|move|p2a: Arceus|Defog|p1a: Chansey
|-unboost|p1a: Chansey|evasion|1
|-sideend|p2: Fartconsumer|Stealth Rock|[from] move: Defog|[of] p2a: Arceus
|move|p1a: Chansey|Confide|p2a: Arceus
|-unboost|p2a: Arceus|spa|1
|
|upkeep
|turn|39
|
|t:|1641210699
|switch|p1a: Ho-Oh|Ho-Oh|52/100
|move|p2a: Arceus|Calm Mind|p2a: Arceus
|-boost|p2a: Arceus|spa|1
|-boost|p2a: Arceus|spd|1
|
|upkeep
|turn|40
|
|t:|1641210701
|move|p2a: Arceus|Judgment|p1a: Ho-Oh
|-resisted|p1a: Ho-Oh
|-damage|p1a: Ho-Oh|32/100
|move|p1a: Ho-Oh|Whirlwind|p2a: Arceus
|drag|p2a: Yveltal|Yveltal|94/100
|-ability|p2a: Yveltal|Dark Aura
|
|upkeep
|turn|41
|
|t:|1641210706
|switch|p1a: Diancie|Diancie-Mega, shiny|70/100
|move|p2a: Yveltal|Snarl|p1a: Diancie
|-resisted|p1a: Diancie
|-damage|p1a: Diancie|59/100
|-unboost|p1a: Diancie|spa|1
|
|upkeep
|turn|42
|
|t:|1641210716
|switch|p2a: Necrozma|Necrozma-Dusk-Mane|78/100 par
|move|p1a: Diancie|Power Gem|p2a: Necrozma
|-resisted|p2a: Necrozma
|-damage|p2a: Necrozma|66/100 par
|
|upkeep
|turn|43
|
|t:|1641210723
|switch|p1a: Necrozma|Necrozma-Dusk-Mane|27/100
|switch|p2a: Yveltal|Yveltal|94/100
|-ability|p2a: Yveltal|Dark Aura
|
|upkeep
|turn|44
|
|t:|1641210732
|switch|p1a: Diancie|Diancie-Mega, shiny|59/100
|move|p2a: Yveltal|Snarl|p1a: Diancie
|-resisted|p1a: Diancie
|-crit|p1a: Diancie
|-damage|p1a: Diancie|40/100
|-unboost|p1a: Diancie|spa|1
|
|upkeep
|turn|45
|
|t:|1641210740
|move|p1a: Diancie|Rest|p1a: Diancie
|-status|p1a: Diancie|slp|[from] move: Rest
|-heal|p1a: Diancie|100/100 slp|[silent]
|move|p2a: Yveltal|Snarl|p1a: Diancie
|-resisted|p1a: Diancie
|-damage|p1a: Diancie|89/100 slp
|-unboost|p1a: Diancie|spa|1
|
|upkeep
|turn|46
|
|t:|1641210746
|switch|p2a: Rayquaza|Rayquaza|100/100
|-ability|p2a: Rayquaza|Air Lock
|cant|p1a: Diancie|slp
|
|upkeep
|turn|47
|
|t:|1641210753
|switch|p1a: Zygarde|Zygarde-Complete|94/100
|detailschange|p2a: Rayquaza|Rayquaza-Mega
|-mega|p2a: Rayquaza|Rayquaza|
|-weather|DeltaStream|[from] ability: Delta Stream|[of] p2a: Rayquaza
|move|p2a: Rayquaza|Dragon Dance|p2a: Rayquaza
|-boost|p2a: Rayquaza|atk|1
|-boost|p2a: Rayquaza|spe|1
|
|-weather|DeltaStream|[upkeep]
|-heal|p1a: Zygarde|99/100|[from] item: Leftovers
|upkeep
|turn|48
|
|t:|1641210765
|move|p2a: Rayquaza|Dragon Ascent|p1a: Zygarde
|-damage|p1a: Zygarde|55/100
|-unboost|p2a: Rayquaza|def|1
|-unboost|p2a: Rayquaza|spd|1
|move|p1a: Zygarde|Glare|p2a: Rayquaza
|-status|p2a: Rayquaza|par
|-enditem|p2a: Rayquaza|Lum Berry|[eat]
|-curestatus|p2a: Rayquaza|par|[msg]
|
|-weather|DeltaStream|[upkeep]
|-heal|p1a: Zygarde|61/100|[from] item: Leftovers
|upkeep
|turn|49
|
|t:|1641210777
|move|p2a: Rayquaza|Dragon Ascent|p1a: Zygarde
|-damage|p1a: Zygarde|20/100
|-unboost|p2a: Rayquaza|def|1
|-unboost|p2a: Rayquaza|spd|1
|move|p1a: Zygarde|Glare|p2a: Rayquaza
|-status|p2a: Rayquaza|par
|
|-weather|DeltaStream|[upkeep]
|-heal|p1a: Zygarde|26/100|[from] item: Leftovers
|upkeep
|turn|50
|
|t:|1641210784
|move|p2a: Rayquaza|Dragon Ascent|p1a: Zygarde
|-damage|p1a: Zygarde|0 fnt
|-unboost|p2a: Rayquaza|def|1
|-unboost|p2a: Rayquaza|spd|1
|faint|p1a: Zygarde
|
|-weather|DeltaStream|[upkeep]
|upkeep
|
|t:|1641210789
|switch|p1a: Tyranitar|Tyranitar, F|82/100
|-ability|p1a: Tyranitar|Sand Stream|[from] deltastream|[fail]
|turn|51
|
|t:|1641210793
|move|p2a: Rayquaza|Earthquake|p1a: Tyranitar
|-supereffective|p1a: Tyranitar
|-damage|p1a: Tyranitar|0 fnt
|faint|p1a: Tyranitar
|
|-weather|DeltaStream|[upkeep]
|upkeep
|
|t:|1641210809
|switch|p1a: Ho-Oh|Ho-Oh|65/100
|turn|52
|
|t:|1641210813
|cant|p2a: Rayquaza|par
|move|p1a: Ho-Oh|Sacred Fire|p2a: Rayquaza
|-resisted|p2a: Rayquaza
|-damage|p2a: Rayquaza|48/100 par
|
|-weather|DeltaStream|[upkeep]
|upkeep
|turn|53
|
|t:|1641210820
|cant|p2a: Rayquaza|par
|move|p1a: Ho-Oh|Sacred Fire|p2a: Rayquaza
|-resisted|p2a: Rayquaza
|-damage|p2a: Rayquaza|0 fnt
|faint|p2a: Rayquaza
|-weather|none
|
|upkeep
|c|☆Fartconsumer|Oh come on
|
|t:|1641210840
|switch|p2a: Yveltal|Yveltal|94/100
|-ability|p2a: Yveltal|Dark Aura
|turn|54
|
|t:|1641210849
|switch|p1a: Diancie|Diancie-Mega, shiny|89/100 slp
|move|p2a: Yveltal|Snarl|p1a: Diancie
|-resisted|p1a: Diancie
|-damage|p1a: Diancie|77/100 slp
|-unboost|p1a: Diancie|spa|1
|
|upkeep
|turn|55
|
|t:|1641210860
|switch|p2a: Ditto|Ditto|80/100 tox
|-transform|p2a: Ditto|p1a: Diancie|[from] ability: Imposter
|cant|p1a: Diancie|slp
|
|-damage|p2a: Ditto|74/100 tox|[from] psn
|upkeep
|turn|56
|
|t:|1641210870
|switch|p1a: Necrozma|Necrozma-Dusk-Mane|27/100
|move|p2a: Ditto|Heal Bell|p2a: Ditto
|-activate|p2a: Ditto|move: Heal Bell
|-curestatus|p2a: Ditto|tox|[msg]
|-curestatus|p2: Necrozma|par|[msg]
|-curestatus|p2: Arceus|par|[msg]
|
|upkeep
|turn|57
|
|t:|1641210874
|switch|p2a: Yveltal|Yveltal|94/100
|-ability|p2a: Yveltal|Dark Aura
|move|p1a: Necrozma|Moonlight|p1a: Necrozma
|-heal|p1a: Necrozma|77/100
|
|upkeep
|turn|58
|
|t:|1641210882
|switch|p1a: Diancie|Diancie-Mega, shiny|77/100 slp
|move|p2a: Yveltal|Snarl|p1a: Diancie
|-resisted|p1a: Diancie
|-damage|p1a: Diancie|65/100 slp
|-unboost|p1a: Diancie|spa|1
|
|upkeep
|turn|59
|
|t:|1641210885
|-curestatus|p1a: Diancie|slp|[msg]
|move|p1a: Diancie|Power Gem|p2a: Yveltal
|-supereffective|p2a: Yveltal
|-damage|p2a: Yveltal|65/100
|move|p2a: Yveltal|Snarl|p1a: Diancie
|-resisted|p1a: Diancie
|-damage|p1a: Diancie|53/100
|-unboost|p1a: Diancie|spa|1
|
|upkeep
|turn|60
|
|t:|1641210894
|move|p1a: Diancie|Power Gem|p2a: Yveltal
|-supereffective|p2a: Yveltal
|-damage|p2a: Yveltal|42/100
|move|p2a: Yveltal|Snarl|p1a: Diancie
|-resisted|p1a: Diancie
|-damage|p1a: Diancie|40/100
|-unboost|p1a: Diancie|spa|1
|
|upkeep
|turn|61
|
|t:|1641210898
|move|p1a: Diancie|Toxic|p2a: Yveltal
|-status|p2a: Yveltal|tox
|move|p2a: Yveltal|Roost|p2a: Yveltal
|-heal|p2a: Yveltal|92/100 tox
|-singleturn|p2a: Yveltal|move: Roost
|
|-damage|p2a: Yveltal|86/100 tox|[from] psn
|upkeep
|turn|62
|
|t:|1641210905
|switch|p2a: Ditto|Ditto|74/100
|-transform|p2a: Ditto|p1a: Diancie|[from] ability: Imposter
|move|p1a: Diancie|Rest|p1a: Diancie
|-status|p1a: Diancie|slp|[from] move: Rest
|-heal|p1a: Diancie|100/100 slp|[silent]
|
|upkeep
|turn|63
|
|t:|1641210911
|move|p2a: Ditto|Heal Bell|p2a: Ditto
|-activate|p2a: Ditto|move: Heal Bell
|-curestatus|p2: Yveltal|tox|[msg]
|cant|p1a: Diancie|slp
|
|upkeep
|turn|64
|
|t:|1641210916
|switch|p2a: Necrozma|Necrozma-Dusk-Mane|66/100
|cant|p1a: Diancie|slp
|
|upkeep
|turn|65
|
|t:|1641210922
|switch|p1a: Necrozma|Necrozma-Dusk-Mane|77/100
|move|p2a: Necrozma|Stealth Rock|p1a: Necrozma
|-sidestart|p1: tiggi7|move: Stealth Rock
|
|upkeep
|turn|66
|
|t:|1641210928
|move|p1a: Necrozma|Stealth Rock|p2a: Necrozma
|-sidestart|p2: Fartconsumer|move: Stealth Rock
|move|p2a: Necrozma|Thunder Wave|p1a: Necrozma|[miss]
|-miss|p2a: Necrozma|p1a: Necrozma
|
|upkeep
|turn|67
|
|t:|1641210932
|move|p2a: Necrozma|Sunsteel Strike|p1a: Necrozma
|-resisted|p1a: Necrozma
|-damage|p1a: Necrozma|64/100
|-damage|p2a: Necrozma|50/100|[from] item: Rocky Helmet|[of] p1a: Necrozma
|move|p1a: Necrozma|Thunder Wave|p2a: Necrozma
|-status|p2a: Necrozma|par
|
|upkeep
|turn|68
|
|t:|1641210937
|switch|p1a: Ho-Oh|Ho-Oh|98/100
|move|p2a: Necrozma|Morning Sun|p2a: Necrozma
|-heal|p2a: Necrozma|99/100 par
|
|upkeep
|turn|69
|
|t:|1641210947
|switch|p1a: Diancie|Diancie-Mega, shiny|100/100 slp
|-damage|p1a: Diancie|88/100 slp|[from] Stealth Rock
|move|p2a: Necrozma|Morning Sun|p2a: Necrozma
|-heal|p2a: Necrozma|100/100 par
|
|upkeep
|turn|70
|
|t:|1641210954
|switch|p1a: Necrozma|Necrozma-Dusk-Mane|64/100
|-damage|p1a: Necrozma|58/100|[from] Stealth Rock
|move|p2a: Necrozma|Sunsteel Strike|p1a: Necrozma
|-resisted|p1a: Necrozma
|-damage|p1a: Necrozma|44/100
|-damage|p2a: Necrozma|84/100 par|[from] item: Rocky Helmet|[of] p1a: Necrozma
|
|upkeep
|turn|71
|
|t:|1641210956
|move|p1a: Necrozma|Moonlight|p1a: Necrozma
|-heal|p1a: Necrozma|94/100
|move|p2a: Necrozma|Thunder Wave|p1a: Necrozma
|-status|p1a: Necrozma|par
|
|upkeep
|turn|72
|
|t:|1641210963
|switch|p2a: Yveltal|Yveltal|86/100
|-ability|p2a: Yveltal|Dark Aura
|move|p1a: Necrozma|Sunsteel Strike|p2a: Yveltal
|-damage|p2a: Yveltal|43/100
|
|upkeep
|turn|73
|
|t:|1641210972
|move|p2a: Yveltal|Roost|p2a: Yveltal
|-heal|p2a: Yveltal|93/100
|-singleturn|p2a: Yveltal|move: Roost
|cant|p1a: Necrozma|par
|
|upkeep
|turn|74
|
|t:|1641210977
|switch|p1a: Chansey|Chansey, F|100/100
|-damage|p1a: Chansey|88/100|[from] Stealth Rock
|move|p2a: Yveltal|Snarl|p1a: Chansey
|-damage|p1a: Chansey|80/100
|-unboost|p1a: Chansey|spa|1
|
|upkeep
|turn|75
|
|t:|1641210985
|switch|p2a: Ditto|Ditto|74/100
|-damage|p2a: Ditto|61/100|[from] Stealth Rock
|-transform|p2a: Ditto|p1a: Chansey|[from] ability: Imposter
|move|p1a: Chansey|Toxic|p2a: Ditto|[miss]
|-miss|p1a: Chansey|p2a: Ditto
|
|upkeep
|turn|76
|
|t:|1641211009
|switch|p1a: Diancie|Diancie-Mega, shiny|88/100 slp
|-damage|p1a: Diancie|76/100 slp|[from] Stealth Rock
|move|p2a: Ditto|Soft-Boiled|p2a: Ditto
|-heal|p2a: Ditto|100/100
|
|upkeep
|turn|77
|
|t:|1641211017
|switch|p2a: Arceus|Arceus-Steel|74/100
|-damage|p2a: Arceus|68/100|[from] Stealth Rock
|-curestatus|p1a: Diancie|slp|[msg]
|move|p1a: Diancie|Heal Bell|p1a: Diancie
|-activate|p1a: Diancie|move: Heal Bell
|-curestatus|p1: Necrozma|par|[msg]
|
|upkeep
|turn|78
|
|t:|1641211028
|switch|p1a: Ho-Oh|Ho-Oh|100/100
|move|p2a: Arceus|Recover|p2a: Arceus
|-heal|p2a: Arceus|100/100
|
|upkeep
|turn|79
|
|t:|1641211035
|move|p2a: Arceus|Defog|p1a: Ho-Oh
|-unboost|p1a: Ho-Oh|evasion|1
|-sideend|p1: tiggi7|Stealth Rock|[from] move: Defog|[of] p2a: Arceus
|-sideend|p2: Fartconsumer|Stealth Rock|[from] move: Defog|[of] p2a: Arceus
|move|p1a: Ho-Oh|Whirlwind|p2a: Arceus
|drag|p2a: Necrozma|Necrozma-Dusk-Mane|84/100 par
|
|upkeep
|turn|80
|
|t:|1641211059
|switch|p1a: Diancie|Diancie-Mega, shiny|76/100
|switch|p2a: Ditto|Ditto|100/100
|-transform|p2a: Ditto|p1a: Diancie|[from] ability: Imposter
|
|upkeep
|turn|81
|
|t:|1641211068
|switch|p2a: Arceus|Arceus-Steel|100/100
|move|p1a: Diancie|Power Gem|p2a: Arceus
|-resisted|p2a: Arceus
|-crit|p2a: Arceus
|-damage|p2a: Arceus|82/100
|
|upkeep
|turn|82
|
|t:|1641211080
|switch|p1a: Chansey|Chansey, F|80/100
|move|p2a: Arceus|Judgment|p1a: Chansey
|-damage|p1a: Chansey|69/100
|
|upkeep
|turn|83
|
|t:|1641211096
|move|p2a: Arceus|Calm Mind|p2a: Arceus
|-boost|p2a: Arceus|spa|1
|-boost|p2a: Arceus|spd|1
|move|p1a: Chansey|Seismic Toss|p2a: Arceus
|-damage|p2a: Arceus|59/100
|
|upkeep
|turn|84
|
|t:|1641211102
|move|p2a: Arceus|Calm Mind|p2a: Arceus
|-boost|p2a: Arceus|spa|1
|-boost|p2a: Arceus|spd|1
|move|p1a: Chansey|Confide|p2a: Arceus
|-unboost|p2a: Arceus|spa|1
|
|upkeep
|turn|85
|
|t:|1641211105
|move|p2a: Arceus|Calm Mind|p2a: Arceus
|-boost|p2a: Arceus|spa|1
|-boost|p2a: Arceus|spd|1
|move|p1a: Chansey|Seismic Toss|p2a: Arceus
|-damage|p2a: Arceus|37/100
|
|upkeep
|turn|86
|
|t:|1641211112
|move|p2a: Arceus|Judgment|p1a: Chansey
|-damage|p1a: Chansey|47/100
|move|p1a: Chansey|Soft-Boiled|p1a: Chansey
|-heal|p1a: Chansey|97/100
|
|upkeep
|turn|87
|
|t:|1641211117
|move|p2a: Arceus|Recover|p2a: Arceus
|-heal|p2a: Arceus|87/100
|move|p1a: Chansey|Confide|p2a: Arceus
|-unboost|p2a: Arceus|spa|1
|
|upkeep
|turn|88
|
|t:|1641211124
|switch|p2a: Necrozma|Necrozma-Dusk-Mane|84/100 par
|move|p1a: Chansey|Confide|p2a: Necrozma
|-unboost|p2a: Necrozma|spa|1
|
|upkeep
|turn|89
|
|t:|1641211128
|switch|p1a: Necrozma|Necrozma-Dusk-Mane|94/100
|cant|p2a: Necrozma|par
|
|upkeep
|turn|90
|
|t:|1641211135
|move|p1a: Necrozma|Stealth Rock|p2a: Necrozma
|-sidestart|p2: Fartconsumer|move: Stealth Rock
|move|p2a: Necrozma|Thunder Wave|p1a: Necrozma
|-status|p1a: Necrozma|par
|
|upkeep
|turn|91
|
|t:|1641211142
|switch|p1a: Ho-Oh|Ho-Oh|100/100
|move|p2a: Necrozma|Sunsteel Strike|p1a: Ho-Oh
|-resisted|p1a: Ho-Oh
|-damage|p1a: Ho-Oh|82/100
|
|upkeep
|turn|92
|
|t:|1641211149
|move|p1a: Ho-Oh|Sacred Fire|p2a: Necrozma
|-supereffective|p2a: Necrozma
|-damage|p2a: Necrozma|47/100 par
|move|p2a: Necrozma|Stealth Rock|p1a: Ho-Oh
|-sidestart|p1: tiggi7|move: Stealth Rock
|
|upkeep
|turn|93
|
|t:|1641211156
|move|p1a: Ho-Oh|Defog|p2a: Necrozma
|-unboost|p2a: Necrozma|evasion|1
|-sideend|p2: Fartconsumer|Stealth Rock|[from] move: Defog|[of] p1a: Ho-Oh
|-sideend|p1: tiggi7|Stealth Rock|[from] move: Defog|[of] p1a: Ho-Oh
|move|p2a: Necrozma|Morning Sun|p2a: Necrozma
|-heal|p2a: Necrozma|97/100 par
|
|upkeep
|turn|94
|
|t:|1641211162
|switch|p1a: Necrozma|Necrozma-Dusk-Mane|94/100 par
|move|p2a: Necrozma|Thunder Wave|p1a: Necrozma
|-fail|p1a: Necrozma|par
|
|upkeep
|turn|95
|
|t:|1641211164
|move|p1a: Necrozma|Stealth Rock|p2a: Necrozma
|-sidestart|p2: Fartconsumer|move: Stealth Rock
|move|p2a: Necrozma|Stealth Rock|p1a: Necrozma
|-sidestart|p1: tiggi7|move: Stealth Rock
|
|upkeep
|turn|96
|
|t:|1641211175
|cant|p1a: Necrozma|par
|move|p2a: Necrozma|Thunder Wave|p1a: Necrozma
|-fail|p1a: Necrozma|par
|
|upkeep
|turn|97
|
|t:|1641211179
|switch|p1a: Ho-Oh|Ho-Oh|100/100
|move|p2a: Necrozma|Thunder Wave|p1a: Ho-Oh
|-status|p1a: Ho-Oh|par
|
|upkeep
|turn|98
|
|t:|1641211184
|move|p1a: Ho-Oh|Defog|p2a: Necrozma
|-unboost|p2a: Necrozma|evasion|1
|-sideend|p2: Fartconsumer|Stealth Rock|[from] move: Defog|[of] p1a: Ho-Oh
|-sideend|p1: tiggi7|Stealth Rock|[from] move: Defog|[of] p1a: Ho-Oh
|cant|p2a: Necrozma|par
|
|upkeep
|turn|99
|
|t:|1641211187
|switch|p1a: Necrozma|Necrozma-Dusk-Mane|94/100 par
|cant|p2a: Necrozma|par
|
|upkeep
|turn|100
|
|t:|1641211190
|move|p2a: Necrozma|Stealth Rock|p1a: Necrozma
|-sidestart|p1: tiggi7|move: Stealth Rock
|move|p1a: Necrozma|Stealth Rock|p2a: Necrozma
|-sidestart|p2: Fartconsumer|move: Stealth Rock
|
|upkeep
|turn|101
|
|t:|1641211195
|switch|p1a: Ho-Oh|Ho-Oh|100/100 par
|switch|p2a: Yveltal|Yveltal|93/100
|-ability|p2a: Yveltal|Dark Aura
|
|upkeep
|turn|102
|
|t:|1641211203
|switch|p2a: Necrozma|Necrozma-Dusk-Mane|97/100 par
|-damage|p2a: Necrozma|91/100 par|[from] Stealth Rock
|cant|p1a: Ho-Oh|par
|
|upkeep
|turn|103
|
|t:|1641211208
|switch|p1a: Necrozma|Necrozma-Dusk-Mane|94/100 par
|-damage|p1a: Necrozma|88/100 par|[from] Stealth Rock
|move|p2a: Necrozma|Thunder Wave|p1a: Necrozma
|-fail|p1a: Necrozma|par
|
|upkeep
|turn|104
|
|t:|1641211214
|switch|p1a: Diancie|Diancie-Mega, shiny|76/100
|-damage|p1a: Diancie|64/100|[from] Stealth Rock
|move|p2a: Necrozma|Thunder Wave|p1a: Diancie
|move|p1a: Diancie|Thunder Wave|p2a: Necrozma|[from]ability: Magic Bounce
|-fail|p2a: Necrozma|par
|
|upkeep
|turn|105
|
|t:|1641211222
|switch|p1a: Necrozma|Necrozma-Dusk-Mane|88/100 par
|-damage|p1a: Necrozma|82/100 par|[from] Stealth Rock
|cant|p2a: Necrozma|par
|
|upkeep
|turn|106
|
|t:|1641211228
|switch|p1a: Chansey|Chansey, F|97/100
|-damage|p1a: Chansey|84/100|[from] Stealth Rock
|cant|p2a: Necrozma|par
|
|upkeep
|turn|107
|
|t:|1641211234
|move|p1a: Chansey|Seismic Toss|p2a: Necrozma
|-damage|p2a: Necrozma|66/100 par
|-damage|p1a: Chansey|67/100|[from] item: Rocky Helmet|[of] p2a: Necrozma
|move|p2a: Necrozma|Thunder Wave|p1a: Chansey
|-status|p1a: Chansey|par
|
|upkeep
|turn|108
|
|t:|1641211238
|cant|p2a: Necrozma|par
|move|p1a: Chansey|Seismic Toss|p2a: Necrozma
|-damage|p2a: Necrozma|40/100 par
|-damage|p1a: Chansey|51/100 par|[from] item: Rocky Helmet|[of] p2a: Necrozma
|
|upkeep
|turn|109
|
|t:|1641211243
|move|p2a: Necrozma|Sunsteel Strike|p1a: Chansey
|-damage|p1a: Chansey|10/100 par
|cant|p1a: Chansey|par
|
|upkeep
|turn|110
|
|t:|1641211248
|move|p2a: Necrozma|Sunsteel Strike|p1a: Chansey
|-damage|p1a: Chansey|0 fnt
|faint|p1a: Chansey
|
|upkeep
|
|t:|1641211253
|switch|p1a: Ho-Oh|Ho-Oh|100/100 par
|turn|111
|
|t:|1641211256
|move|p1a: Ho-Oh|Sacred Fire|p2a: Necrozma
|-supereffective|p2a: Necrozma
|-damage|p2a: Necrozma|6/100 par
|move|p2a: Necrozma|Morning Sun|p2a: Necrozma
|-heal|p2a: Necrozma|56/100 par
|
|upkeep
|turn|112
|
|t:|1641211263
|switch|p1a: Necrozma|Necrozma-Dusk-Mane|82/100 par
|-damage|p1a: Necrozma|76/100 par|[from] Stealth Rock
|move|p2a: Necrozma|Morning Sun|p2a: Necrozma
|-heal|p2a: Necrozma|100/100 par
|
|upkeep
|turn|113
|
|t:|1641211270
|switch|p2a: Yveltal|Yveltal|93/100
|-ability|p2a: Yveltal|Dark Aura
|move|p1a: Necrozma|Sunsteel Strike|p2a: Yveltal
|-crit|p2a: Yveltal
|-damage|p2a: Yveltal|31/100
|
|upkeep
|turn|114
|
|t:|1641211276
|switch|p1a: Ho-Oh|Ho-Oh|100/100 par
|move|p2a: Yveltal|Roost|p2a: Yveltal
|-heal|p2a: Yveltal|81/100
|-singleturn|p2a: Yveltal|move: Roost
|
|upkeep
|turn|115
|
|t:|1641211280
|switch|p2a: Necrozma|Necrozma-Dusk-Mane|100/100 par
|-damage|p2a: Necrozma|94/100 par|[from] Stealth Rock
|cant|p1a: Ho-Oh|par
|
|upkeep
|turn|116
|
|t:|1641211295
|cant|p1a: Ho-Oh|par
|move|p2a: Necrozma|Stealth Rock||[still]
|-fail|p2a: Necrozma
|
|upkeep
|turn|117
|
|t:|1641211299
|switch|p1a: Necrozma|Necrozma-Dusk-Mane|76/100 par
|-damage|p1a: Necrozma|70/100 par|[from] Stealth Rock
|cant|p2a: Necrozma|par
|
|upkeep
|turn|118
|
|t:|1641211304
|switch|p2a: Yveltal|Yveltal|81/100
|-ability|p2a: Yveltal|Dark Aura
|move|p1a: Necrozma|Sunsteel Strike|p2a: Yveltal
|-damage|p2a: Yveltal|40/100
|
|upkeep
|turn|119
|
|t:|1641211312
|switch|p1a: Diancie|Diancie-Mega, shiny|64/100
|-damage|p1a: Diancie|52/100|[from] Stealth Rock
|move|p2a: Yveltal|Roost|p2a: Yveltal
|-heal|p2a: Yveltal|90/100
|-singleturn|p2a: Yveltal|move: Roost
|
|upkeep
|turn|120
|
|t:|1641211318
|move|p1a: Diancie|Power Gem|p2a: Yveltal
|-supereffective|p2a: Yveltal
|-damage|p2a: Yveltal|49/100
|move|p2a: Yveltal|Snarl|p1a: Diancie
|-resisted|p1a: Diancie
|-damage|p1a: Diancie|39/100
|-unboost|p1a: Diancie|spa|1
|
|upkeep
|turn|121
|
|t:|1641211327
|move|p1a: Diancie|Toxic|p2a: Yveltal
|-status|p2a: Yveltal|tox
|move|p2a: Yveltal|Roost|p2a: Yveltal
|-heal|p2a: Yveltal|99/100 tox
|-singleturn|p2a: Yveltal|move: Roost
|
|-damage|p2a: Yveltal|92/100 tox|[from] psn
|upkeep
|turn|122
|
|t:|1641211333
|switch|p1a: Ho-Oh|Ho-Oh|100/100 par
|switch|p2a: Ditto|Ditto|100/100
|-damage|p2a: Ditto|88/100|[from] Stealth Rock
|-transform|p2a: Ditto|p1a: Ho-Oh|[from] ability: Imposter
|
|upkeep
|turn|123
|
|t:|1641211341
|switch|p2a: Necrozma|Necrozma-Dusk-Mane|94/100 par
|-damage|p2a: Necrozma|88/100 par|[from] Stealth Rock
|move|p1a: Ho-Oh|Toxic||[still]
|-fail|p1a: Ho-Oh
|
|upkeep
|turn|124
|
|t:|1641211344
|move|p1a: Ho-Oh|Sacred Fire|p2a: Necrozma
|-supereffective|p2a: Necrozma
|-damage|p2a: Necrozma|55/100 par
|move|p2a: Necrozma|Thunder Wave|p1a: Ho-Oh
|-fail|p1a: Ho-Oh|par
|
|upkeep
|turn|125
|
|t:|1641211360
|-start|p1a: Ho-Oh|Dynamax
|-heal|p1a: Ho-Oh|100/100 par|[silent]
|move|p1a: Ho-Oh|Max Flare|p2a: Necrozma
|-supereffective|p2a: Necrozma
|-damage|p2a: Necrozma|10/100 par
|-weather|SunnyDay
|move|p2a: Necrozma|Morning Sun|p2a: Necrozma
|-heal|p2a: Necrozma|77/100 par
|
|-weather|SunnyDay|[upkeep]
|upkeep
|turn|126
|
|t:|1641211371
|move|p1a: Ho-Oh|Max Guard|p1a: Ho-Oh
|-singleturn|p1a: Ho-Oh|Max Guard
|cant|p2a: Necrozma|par
|
|-weather|SunnyDay|[upkeep]
|upkeep
|turn|127
|c|☆Fartconsumer|Bruh just forfeit
|c|☆Fartconsumer|this is lost for you
|c|☆Fartconsumer|youre wasting both of our time
|
|t:|1641211392
|move|p1a: Ho-Oh|Max Guard|p1a: Ho-Oh
|-singleturn|p1a: Ho-Oh|Max Guard
|move|p2a: Necrozma|Morning Sun|p2a: Necrozma
|-heal|p2a: Necrozma|100/100 par
|
|-weather|SunnyDay|[upkeep]
|-end|p1a: Ho-Oh|Dynamax
|-heal|p1a: Ho-Oh|100/100 par|[silent]
|upkeep
|turn|128
|
|t:|1641211400
|move|p2a: Necrozma|Sunsteel Strike|p1a: Ho-Oh
|-resisted|p1a: Ho-Oh
|-damage|p1a: Ho-Oh|83/100 par
|move|p1a: Ho-Oh|Whirlwind|p2a: Necrozma
|drag|p2a: Ditto|Ditto|100/100
|-damage|p2a: Ditto|88/100|[from] Stealth Rock
|-transform|p2a: Ditto|p1a: Ho-Oh|[from] ability: Imposter
|
|-weather|SunnyDay|[upkeep]
|upkeep
|turn|129
|
|t:|1641211410
|switch|p2a: Necrozma|Necrozma-Dusk-Mane|100/100 par
|-damage|p2a: Necrozma|94/100 par|[from] Stealth Rock
|move|p1a: Ho-Oh|Toxic||[still]
|-fail|p1a: Ho-Oh
|
|-weather|none
|upkeep
|turn|130
|
|t:|1641211412
|switch|p2a: Arceus|Arceus-Steel|87/100
|-damage|p2a: Arceus|80/100|[from] Stealth Rock
|cant|p1a: Ho-Oh|par
|
|upkeep
|turn|131
|
|t:|1641211416
|switch|p2a: Necrozma|Necrozma-Dusk-Mane|94/100 par
|-damage|p2a: Necrozma|88/100 par|[from] Stealth Rock
|move|p1a: Ho-Oh|Whirlwind|p2a: Necrozma
|drag|p2a: Arceus|Arceus-Steel|80/100
|-damage|p2a: Arceus|74/100|[from] Stealth Rock
|
|upkeep
|turn|132
|
|t:|1641211419
|switch|p2a: Necrozma|Necrozma-Dusk-Mane|88/100 par
|-damage|p2a: Necrozma|82/100 par|[from] Stealth Rock
|move|p1a: Ho-Oh|Whirlwind|p2a: Necrozma
|drag|p2a: Ditto|Ditto|100/100
|-damage|p2a: Ditto|88/100|[from] Stealth Rock
|-transform|p2a: Ditto|p1a: Ho-Oh|[from] ability: Imposter
|
|upkeep
|turn|133
|
|t:|1641211423
|switch|p2a: Arceus|Arceus-Steel|74/100
|-damage|p2a: Arceus|68/100|[from] Stealth Rock
|move|p1a: Ho-Oh|Whirlwind|p2a: Arceus
|drag|p2a: Ditto|Ditto|100/100
|-damage|p2a: Ditto|88/100|[from] Stealth Rock
|-transform|p2a: Ditto|p1a: Ho-Oh|[from] ability: Imposter
|
|upkeep
|turn|134
|
|t:|1641211426
|switch|p2a: Arceus|Arceus-Steel|68/100
|-damage|p2a: Arceus|62/100|[from] Stealth Rock
|move|p1a: Ho-Oh|Whirlwind|p2a: Arceus
|drag|p2a: Ditto|Ditto|100/100
|-damage|p2a: Ditto|88/100|[from] Stealth Rock
|-transform|p2a: Ditto|p1a: Ho-Oh|[from] ability: Imposter
|
|upkeep
|turn|135
|
|t:|1641211430
|switch|p2a: Arceus|Arceus-Steel|62/100
|-damage|p2a: Arceus|56/100|[from] Stealth Rock
|move|p1a: Ho-Oh|Whirlwind|p2a: Arceus
|drag|p2a: Necrozma|Necrozma-Dusk-Mane|82/100 par
|-damage|p2a: Necrozma|76/100 par|[from] Stealth Rock
|
|upkeep
|turn|136
|
|t:|1641211434
|switch|p2a: Arceus|Arceus-Steel|56/100
|-damage|p2a: Arceus|50/100|[from] Stealth Rock
|move|p1a: Ho-Oh|Whirlwind|p2a: Arceus
|drag|p2a: Necrozma|Necrozma-Dusk-Mane|76/100 par
|-damage|p2a: Necrozma|70/100 par|[from] Stealth Rock
|
|upkeep
|turn|137
|
|t:|1641211438
|cant|p2a: Necrozma|par
|move|p1a: Ho-Oh|Whirlwind|p2a: Necrozma
|drag|p2a: Arceus|Arceus-Steel|50/100
|-damage|p2a: Arceus|44/100|[from] Stealth Rock
|
|upkeep
|turn|138
|
|t:|1641211443
|move|p2a: Arceus|Recover|p2a: Arceus
|-heal|p2a: Arceus|94/100
|cant|p1a: Ho-Oh|par
|
|upkeep
|turn|139
|
|t:|1641211451
|move|p2a: Arceus|Calm Mind|p2a: Arceus
|-boost|p2a: Arceus|spa|1
|-boost|p2a: Arceus|spd|1
|move|p1a: Ho-Oh|Whirlwind|p2a: Arceus
|drag|p2a: Yveltal|Yveltal|92/100 tox
|-ability|p2a: Yveltal|Dark Aura
|
|-damage|p2a: Yveltal|86/100 tox|[from] psn
|upkeep
|turn|140
|
|t:|1641211457
|switch|p2a: Ditto|Ditto|100/100
|-damage|p2a: Ditto|88/100|[from] Stealth Rock
|-transform|p2a: Ditto|p1a: Ho-Oh|[from] ability: Imposter
|cant|p1a: Ho-Oh|par
|
|upkeep
|turn|141
|c|☆tiggi7|the point is having fun
|
|t:|1641211467
|switch|p2a: Necrozma|Necrozma-Dusk-Mane|70/100 par
|-damage|p2a: Necrozma|64/100 par|[from] Stealth Rock
|move|p1a: Ho-Oh|Whirlwind|p2a: Necrozma
|drag|p2a: Ditto|Ditto|100/100
|-damage|p2a: Ditto|88/100|[from] Stealth Rock
|-transform|p2a: Ditto|p1a: Ho-Oh|[from] ability: Imposter
|
|upkeep
|turn|142
|c|☆Fartconsumer|No one is having fun here lmao
|c|☆tiggi7|you aren't?
|c|☆Fartconsumer|we’re literally just pp stalling
|c|☆tiggi7|yes
|
|t:|1641211496
|switch|p2a: Necrozma|Necrozma-Dusk-Mane|64/100 par
|-damage|p2a: Necrozma|58/100 par|[from] Stealth Rock
|switch|p1a: Diancie|Diancie-Mega, shiny|39/100
|-damage|p1a: Diancie|27/100|[from] Stealth Rock
|
|upkeep
|turn|143
|c|☆tiggi7|that's what i like
|c|☆tiggi7|i thought you liked the same thing
|c|☆tiggi7|considering your team
|c|☆tiggi7|no?
|
|t:|1641211512
|switch|p1a: Necrozma|Necrozma-Dusk-Mane|70/100 par
|-damage|p1a: Necrozma|64/100 par|[from] Stealth Rock
|cant|p2a: Necrozma|par
|
|upkeep
|turn|144
|
|t:|1641211518
|move|p1a: Necrozma|Moonlight|p1a: Necrozma
|-heal|p1a: Necrozma|100/100 par
|move|p2a: Necrozma|Morning Sun|p2a: Necrozma
|-heal|p2a: Necrozma|100/100 par
|
|upkeep
|turn|145
|
|t:|1641211525
|switch|p1a: Ho-Oh|Ho-Oh|100/100 par
|move|p2a: Necrozma|Thunder Wave|p1a: Ho-Oh
|-fail|p1a: Ho-Oh|par
|
|upkeep
|turn|146
|
|t:|1641211532
|move|p1a: Ho-Oh|Defog|p2a: Necrozma
|-unboost|p2a: Necrozma|evasion|1
|-sideend|p2: Fartconsumer|Stealth Rock|[from] move: Defog|[of] p1a: Ho-Oh
|-sideend|p1: tiggi7|Stealth Rock|[from] move: Defog|[of] p1a: Ho-Oh
|move|p2a: Necrozma|Thunder Wave|p1a: Ho-Oh
|-fail|p1a: Ho-Oh|par
|
|upkeep
|turn|147
|c|☆Fartconsumer|My team has double dance don , ray , ditto and setup arc
|c|☆Fartconsumer|its not stall lnao
|inactive|Fartconsumer has 120 seconds left.
|c|☆tiggi7|here i see 4 mons that can just stall
|c|☆Fartconsumer|yve and ndm are necessities since caly and zac exist
|inactive|Fartconsumer has 90 seconds left.
|c|☆Fartconsumer|They can stall because all of your mons are also bulky
|inactive|Fartconsumer has 60 seconds left.
|c|☆Fartconsumer|i can’t setup cus you’ll whirlwind and ditto also turns into your bulky mons
|
|t:|1641211622
|switch|p1a: Necrozma|Necrozma-Dusk-Mane|100/100 par
|switch|p2a: Ditto|Ditto|100/100
|-transform|p2a: Ditto|p1a: Necrozma|[from] ability: Imposter
|
|upkeep
|turn|148
|
|t:|1641211629
|switch|p2a: Necrozma|Necrozma-Dusk-Mane|100/100 par
|move|p1a: Necrozma|Stealth Rock|p2a: Necrozma
|-sidestart|p2: Fartconsumer|move: Stealth Rock
|
|upkeep
|turn|149
|
|t:|1641211633
|switch|p1a: Ho-Oh|Ho-Oh|100/100 par
|cant|p2a: Necrozma|par
|
|upkeep
|turn|150
|
|t:|1641211637
|switch|p1a: Diancie|Diancie-Mega, shiny|27/100
|move|p2a: Necrozma|Stealth Rock|p1a: Diancie
|move|p1a: Diancie|Stealth Rock||[from]ability: Magic Bounce|[still]
|-fail|p1a: Diancie
|
|upkeep
|turn|151
|
|t:|1641211645
|switch|p1a: Necrozma|Necrozma-Dusk-Mane|100/100 par
|move|p2a: Necrozma|Thunder Wave|p1a: Necrozma
|-fail|p1a: Necrozma|par
|
|upkeep
|turn|152
|
|t:|1641211650
|switch|p1a: Ho-Oh|Ho-Oh|100/100 par
|move|p2a: Necrozma|Stealth Rock|p1a: Ho-Oh
|-sidestart|p1: tiggi7|move: Stealth Rock
|
|upkeep
|turn|153
|
|t:|1641211655
|switch|p1a: Necrozma|Necrozma-Dusk-Mane|100/100 par
|-damage|p1a: Necrozma|94/100 par|[from] Stealth Rock
|switch|p2a: Ditto|Ditto|100/100
|-damage|p2a: Ditto|88/100|[from] Stealth Rock
|-transform|p2a: Ditto|p1a: Necrozma|[from] ability: Imposter
|
|upkeep
|turn|154
|
|t:|1641211665
|switch|p2a: Necrozma|Necrozma-Dusk-Mane|100/100 par
|-damage|p2a: Necrozma|94/100 par|[from] Stealth Rock
|switch|p1a: Ho-Oh|Ho-Oh|100/100 par
|
|upkeep
|turn|155
|
|t:|1641211670
|switch|p1a: Necrozma|Necrozma-Dusk-Mane|94/100 par
|-damage|p1a: Necrozma|88/100 par|[from] Stealth Rock
|switch|p2a: Arceus|Arceus-Steel|94/100
|-damage|p2a: Arceus|88/100|[from] Stealth Rock
|
|upkeep
|turn|156
|
|t:|1641211674
|move|p2a: Arceus|Calm Mind|p2a: Arceus
|-boost|p2a: Arceus|spa|1
|-boost|p2a: Arceus|spd|1
|move|p1a: Necrozma|Thunder Wave|p2a: Arceus
|-status|p2a: Arceus|par
|
|upkeep
|turn|157
|
|t:|1641211679
|switch|p1a: Ho-Oh|Ho-Oh|100/100 par
|move|p2a: Arceus|Calm Mind|p2a: Arceus
|-boost|p2a: Arceus|spa|1
|-boost|p2a: Arceus|spd|1
|
|upkeep
|turn|158
|
|t:|1641211685
|move|p2a: Arceus|Judgment|p1a: Ho-Oh
|-resisted|p1a: Ho-Oh
|-damage|p1a: Ho-Oh|74/100 par
|move|p1a: Ho-Oh|Whirlwind|p2a: Arceus
|drag|p2a: Necrozma|Necrozma-Dusk-Mane|94/100 par
|-damage|p2a: Necrozma|88/100 par|[from] Stealth Rock
|
|upkeep
|turn|159
|
|t:|1641211692
|switch|p1a: Necrozma|Necrozma-Dusk-Mane|88/100 par
|-damage|p1a: Necrozma|82/100 par|[from] Stealth Rock
|switch|p2a: Ditto|Ditto|88/100
|-damage|p2a: Ditto|76/100|[from] Stealth Rock
|-transform|p2a: Ditto|p1a: Necrozma|[from] ability: Imposter
|
|upkeep
|turn|160
|
|t:|1641211699
|switch|p2a: Necrozma|Necrozma-Dusk-Mane|88/100 par
|-damage|p2a: Necrozma|82/100 par|[from] Stealth Rock
|switch|p1a: Ho-Oh|Ho-Oh|100/100 par
|
|upkeep
|turn|161
|
|t:|1641211703
|switch|p1a: Necrozma|Necrozma-Dusk-Mane|82/100 par
|-damage|p1a: Necrozma|76/100 par|[from] Stealth Rock
|switch|p2a: Arceus|Arceus-Steel|88/100 par
|-damage|p2a: Arceus|82/100 par|[from] Stealth Rock
|
|upkeep
|turn|162
|
|t:|1641211715
|switch|p2a: Ditto|Ditto|76/100
|-damage|p2a: Ditto|63/100|[from] Stealth Rock
|-transform|p2a: Ditto|p1a: Necrozma|[from] ability: Imposter
|switch|p1a: Ho-Oh|Ho-Oh|100/100 par
|
|upkeep
|turn|163
|
|t:|1641211721
|move|p2a: Ditto|Moonlight|p2a: Ditto
|-heal|p2a: Ditto|100/100
|move|p1a: Ho-Oh|Whirlwind|p2a: Ditto
|drag|p2a: Necrozma|Necrozma-Dusk-Mane|82/100 par
|-damage|p2a: Necrozma|76/100 par|[from] Stealth Rock
|
|upkeep
|turn|164
|
|t:|1641211728
|switch|p1a: Necrozma|Necrozma-Dusk-Mane|76/100 par
|-damage|p1a: Necrozma|70/100 par|[from] Stealth Rock
|move|p2a: Necrozma|Thunder Wave|p1a: Necrozma
|-fail|p1a: Necrozma|par
|
|upkeep
|turn|165
|
|t:|1641211734
|switch|p1a: Ho-Oh|Ho-Oh|100/100 par
|switch|p2a: Ditto|Ditto|100/100
|-damage|p2a: Ditto|88/100|[from] Stealth Rock
|-transform|p2a: Ditto|p1a: Ho-Oh|[from] ability: Imposter
|
|upkeep
|turn|166
|
|t:|1641211742
|move|p1a: Ho-Oh|Toxic|p2a: Ditto
|-status|p2a: Ditto|tox
|move|p2a: Ditto|Whirlwind|p1a: Ho-Oh
|drag|p1a: Diancie|Diancie-Mega, shiny|27/100
|-damage|p1a: Diancie|14/100|[from] Stealth Rock
|
|-damage|p2a: Ditto|82/100 tox|[from] psn
|upkeep
|turn|167
|
|t:|1641211753
|switch|p2a: Necrozma|Necrozma-Dusk-Mane|76/100 par
|-damage|p2a: Necrozma|70/100 par|[from] Stealth Rock
|move|p1a: Diancie|Rest|p1a: Diancie
|-status|p1a: Diancie|slp|[from] move: Rest
|-heal|p1a: Diancie|100/100 slp|[silent]
|
|upkeep
|turn|168
|
|t:|1641211760
|switch|p1a: Ho-Oh|Ho-Oh|100/100 par
|switch|p2a: Ditto|Ditto|100/100 tox
|-damage|p2a: Ditto|88/100 tox|[from] Stealth Rock
|-transform|p2a: Ditto|p1a: Ho-Oh|[from] ability: Imposter
|
|-damage|p2a: Ditto|82/100 tox|[from] psn
|upkeep
|turn|169
|
|t:|1641211770
|switch|p2a: Necrozma|Necrozma-Dusk-Mane|70/100 par
|-damage|p2a: Necrozma|64/100 par|[from] Stealth Rock
|switch|p1a: Necrozma|Necrozma-Dusk-Mane|70/100 par
|-damage|p1a: Necrozma|64/100 par|[from] Stealth Rock
|
|upkeep
|turn|170
|c|☆tiggi7|no morning sun
|
|t:|1641211777
|switch|p1a: Ho-Oh|Ho-Oh|100/100 par
|move|p2a: Necrozma|Thunder Wave|p1a: Ho-Oh
|-fail|p1a: Ho-Oh|par
|
|upkeep
|turn|171
|c|☆tiggi7|your necro will die
|
|t:|1641211784
|switch|p1a: Necrozma|Necrozma-Dusk-Mane|64/100 par
|-damage|p1a: Necrozma|58/100 par|[from] Stealth Rock
|cant|p2a: Necrozma|par
|
|upkeep
|turn|172
|
|t:|1641211791
|switch|p2a: Yveltal|Yveltal|86/100 tox
|-ability|p2a: Yveltal|Dark Aura
|move|p1a: Necrozma|Moonlight|p1a: Necrozma
|-heal|p1a: Necrozma|100/100 par
|
|-damage|p2a: Yveltal|80/100 tox|[from] psn
|upkeep
|turn|173
|
|t:|1641211799
|switch|p1a: Diancie|Diancie-Mega, shiny|100/100 slp
|-damage|p1a: Diancie|88/100 slp|[from] Stealth Rock
|move|p2a: Yveltal|Snarl|p1a: Diancie
|-resisted|p1a: Diancie
|-damage|p1a: Diancie|76/100 slp
|-unboost|p1a: Diancie|spa|1
|
|-damage|p2a: Yveltal|68/100 tox|[from] psn
|upkeep
|turn|174
|
|t:|1641211808
|switch|p2a: Ditto|Ditto|100/100 tox
|-damage|p2a: Ditto|88/100 tox|[from] Stealth Rock
|-transform|p2a: Ditto|p1a: Diancie|[from] ability: Imposter
|cant|p1a: Diancie|slp
|
|-damage|p2a: Ditto|82/100 tox|[from] psn
|upkeep
|turn|175
|
|t:|1641211816
|move|p2a: Ditto|Heal Bell|p2a: Ditto
|-activate|p2a: Ditto|move: Heal Bell
|-curestatus|p2a: Ditto|tox|[msg]
|-curestatus|p2: Yveltal|tox|[msg]
|-curestatus|p2: Arceus|par|[msg]
|-curestatus|p2: Necrozma|par|[msg]
|cant|p1a: Diancie|slp
|
|upkeep
|turn|176
|
|t:|1641211825
|switch|p2a: Arceus|Arceus-Steel|82/100
|-damage|p2a: Arceus|76/100|[from] Stealth Rock
|-curestatus|p1a: Diancie|slp|[msg]
|move|p1a: Diancie|Power Gem|p2a: Arceus
|-resisted|p2a: Arceus
|-damage|p2a: Arceus|66/100
|
|upkeep
|turn|177
|
|t:|1641211831
|switch|p1a: Necrozma|Necrozma-Dusk-Mane|100/100 par
|-damage|p1a: Necrozma|94/100 par|[from] Stealth Rock
|move|p2a: Arceus|Recover|p2a: Arceus
|-heal|p2a: Arceus|100/100
|
|upkeep
|turn|178
|
|t:|1641211835
|switch|p2a: Yveltal|Yveltal|68/100
|-ability|p2a: Yveltal|Dark Aura
|move|p1a: Necrozma|Thunder Wave|p2a: Yveltal
|-status|p2a: Yveltal|par
|
|upkeep
|turn|179
|
|t:|1641211840
|move|p2a: Yveltal|Snarl|p1a: Necrozma
|-supereffective|p1a: Necrozma
|-damage|p1a: Necrozma|57/100 par
|-unboost|p1a: Necrozma|spa|1
|move|p1a: Necrozma|Sunsteel Strike|p2a: Yveltal
|-damage|p2a: Yveltal|25/100 par
|
|upkeep
|turn|180
|
|t:|1641211845
|move|p2a: Yveltal|Roost|p2a: Yveltal
|-heal|p2a: Yveltal|75/100 par
|-singleturn|p2a: Yveltal|move: Roost
|move|p1a: Necrozma|Moonlight|p1a: Necrozma
|-heal|p1a: Necrozma|100/100 par
|
|upkeep
|turn|181
|
|t:|1641211849
|switch|p1a: Diancie|Diancie-Mega, shiny|76/100
|-damage|p1a: Diancie|64/100|[from] Stealth Rock
|move|p2a: Yveltal|Snarl|p1a: Diancie
|-resisted|p1a: Diancie
|-damage|p1a: Diancie|50/100
|-unboost|p1a: Diancie|spa|1
|
|upkeep
|turn|182
|
|t:|1641211857
|switch|p2a: Arceus|Arceus-Steel|100/100
|-damage|p2a: Arceus|94/100|[from] Stealth Rock
|move|p1a: Diancie|Heal Bell|p1a: Diancie
|-activate|p1a: Diancie|move: Heal Bell
|-curestatus|p1: Ho-Oh|par|[msg]
|-curestatus|p1: Necrozma|par|[msg]
|
|upkeep
|turn|183
|
|t:|1641211866
|switch|p1a: Ho-Oh|Ho-Oh|100/100
|move|p2a: Arceus|Judgment|p1a: Ho-Oh
|-resisted|p1a: Ho-Oh
|-damage|p1a: Ho-Oh|88/100
|
|upkeep
|turn|184
|
|t:|1641211871
|switch|p2a: Ditto|Ditto|82/100
|-damage|p2a: Ditto|70/100|[from] Stealth Rock
|-transform|p2a: Ditto|p1a: Ho-Oh|[from] ability: Imposter
|move|p1a: Ho-Oh|Whirlwind|p2a: Ditto
|drag|p2a: Necrozma|Necrozma-Dusk-Mane|64/100
|-damage|p2a: Necrozma|58/100|[from] Stealth Rock
|
|upkeep
|turn|185
|
|t:|1641211881
|switch|p1a: Diancie|Diancie-Mega, shiny|50/100
|-damage|p1a: Diancie|38/100|[from] Stealth Rock
|switch|p2a: Ditto|Ditto|100/100
|-damage|p2a: Ditto|88/100|[from] Stealth Rock
|-transform|p2a: Ditto|p1a: Diancie|[from] ability: Imposter
|
|upkeep
|turn|186
|
|t:|1641211890
|move|p2a: Ditto|Power Gem|p1a: Diancie
|-damage|p1a: Diancie|7/100
|move|p1a: Diancie|Rest|p1a: Diancie
|-status|p1a: Diancie|slp|[from] move: Rest
|-heal|p1a: Diancie|100/100 slp|[silent]
|
|upkeep
|turn|187
|
|t:|1641211897
|switch|p2a: Arceus|Arceus-Steel|94/100
|-damage|p2a: Arceus|88/100|[from] Stealth Rock
|switch|p1a: Necrozma|Necrozma-Dusk-Mane|100/100
|-damage|p1a: Necrozma|94/100|[from] Stealth Rock
|
|upkeep
|turn|188
|
|t:|1641211906
|switch|p2a: Yveltal|Yveltal|75/100 par
|-ability|p2a: Yveltal|Dark Aura
|move|p1a: Necrozma|Thunder Wave|p2a: Yveltal
|-fail|p2a: Yveltal|par
|
|upkeep
|turn|189
|
|t:|1641211912
|switch|p2a: Necrozma|Necrozma-Dusk-Mane|58/100
|-damage|p2a: Necrozma|52/100|[from] Stealth Rock
|move|p1a: Necrozma|Sunsteel Strike|p2a: Necrozma
|-resisted|p2a: Necrozma
|-damage|p2a: Necrozma|39/100
|-damage|p1a: Necrozma|78/100|[from] item: Rocky Helmet|[of] p2a: Necrozma
|
|upkeep
|turn|190
|
|t:|1641211920
|move|p1a: Necrozma|Thunder Wave|p2a: Necrozma
|-status|p2a: Necrozma|par
|move|p2a: Necrozma|Thunder Wave|p1a: Necrozma
|-status|p1a: Necrozma|par
|
|upkeep
|turn|191
|
|t:|1641211926
|switch|p1a: Ho-Oh|Ho-Oh|100/100
|switch|p2a: Yveltal|Yveltal|75/100 par
|-ability|p2a: Yveltal|Dark Aura
|
|upkeep
|turn|192
|
|t:|1641211933
|move|p2a: Yveltal|Toxic|p1a: Ho-Oh
|-status|p1a: Ho-Oh|tox
|move|p1a: Ho-Oh|Whirlwind|p2a: Yveltal
|drag|p2a: Necrozma|Necrozma-Dusk-Mane|39/100 par
|-damage|p2a: Necrozma|33/100 par|[from] Stealth Rock
|
|-damage|p1a: Ho-Oh|94/100 tox|[from] psn
|upkeep
|turn|193
|
|t:|1641211938
|switch|p2a: Arceus|Arceus-Steel|88/100
|-damage|p2a: Arceus|82/100|[from] Stealth Rock
|move|p1a: Ho-Oh|Whirlwind|p2a: Arceus
|drag|p2a: Necrozma|Necrozma-Dusk-Mane|33/100 par
|-damage|p2a: Necrozma|27/100 par|[from] Stealth Rock
|
|-damage|p1a: Ho-Oh|82/100 tox|[from] psn
|upkeep
|turn|194
|
|t:|1641211943
|switch|p2a: Arceus|Arceus-Steel|82/100
|-damage|p2a: Arceus|76/100|[from] Stealth Rock
|move|p1a: Ho-Oh|Whirlwind|p2a: Arceus
|drag|p2a: Yveltal|Yveltal|75/100 par
|-ability|p2a: Yveltal|Dark Aura
|
|-damage|p1a: Ho-Oh|64/100 tox|[from] psn
|upkeep
|turn|195
|
|t:|1641211947
|switch|p1a: Diancie|Diancie-Mega, shiny|100/100 slp
|-damage|p1a: Diancie|88/100 slp|[from] Stealth Rock
|switch|p2a: Arceus|Arceus-Steel|76/100
|-damage|p2a: Arceus|70/100|[from] Stealth Rock
|
|upkeep
|turn|196
|
|t:|1641211949
|move|p2a: Arceus|Judgment|p1a: Diancie
|-supereffective|p1a: Diancie
|-damage|p1a: Diancie|0 fnt
|faint|p1a: Diancie
|
|upkeep
|l|☆tiggi7
|inactive|tiggi7 disconnected and has a minute to reconnect!
|player|p1|
|c|☆Fartconsumer|Lmao you fucking rat
|inactive|tiggi7 has 30 seconds to reconnect!
|inactive|tiggi7 has 20 seconds to reconnect!
|inactive|tiggi7 has 15 seconds to reconnect!
|inactive|tiggi7 has 10 seconds to reconnect!
|inactive|tiggi7 has 5 seconds to reconnect!
|-message|tiggi7 lost due to inactivity.
|
|win|Fartconsumer
|raw|tiggi7's rating: 1606 &rarr; <strong>1589</strong><br />(-17 for losing)
|raw|Fartconsumer's rating: 1663 &rarr; <strong>1680</strong><br />(+17 for winning)
|j| YoshiXP
|l| YoshiXP
|l|☆Fartconsumer
|j| ashfaq(we)r
