|j|☆Snakethey
|j|☆DarkboiJ
|t:|1664100215
|gametype|singles
|player|p1|Snakethey|steven|1709
|player|p2|DarkboiJ|blue-gen3two|1780
|teamsize|p1|6
|teamsize|p2|6
|gen|8
|tier|[Gen 8] National Dex AG
|rated|
|rule|HP Percentage Mod: HP is shown in percentages
|rule|Endless Battle Clause: Forcing endless battles is banned
|clearpoke
|poke|p1|Yveltal|
|poke|p1|Rayquaza|
|poke|p1|Zacian-*|
|poke|p1|Calyrex-Shadow|
|poke|p1|Ditto|
|poke|p1|Arceus-*|
|poke|p2|Zygarde|
|poke|p2|Groudon|
|poke|p2|Arceus-*|
|poke|p2|Groudon|
|poke|p2|Ditto|
|poke|p2|Zacian-*|
|teampreview
|inactive|Battle timer is ON: inactive players will automatically lose when time's up. (requested by DarkboiJ)
|
|t:|1664100235
|start
|switch|p1a: Arceus|Arceus-Electric|100/100
|switch|p2a: Groudon|Groudon|100/100
|detailschange|p2a: Groudon|Groudon-Primal
|-primal|p2a: Groudon
|-weather|DesolateLand|[from] ability: Desolate Land|[of] p2a: Groudon
|turn|1
|
|t:|1664100240
|move|p1a: Arceus|Earth Power|p2a: Groudon
|-supereffective|p2a: Groudon
|-damage|p2a: Groudon|43/100
|move|p2a: Groudon|Stealth Rock|p1a: Arceus
|-sidestart|p1: Snakethey|move: Stealth Rock
|
|-weather|DesolateLand|[upkeep]
|upkeep
|turn|2
|
|t:|1664100248
|move|p1a: Arceus|Earth Power|p2a: Groudon
|-supereffective|p2a: Groudon
|-damage|p2a: Groudon|0 fnt
|faint|p2a: Groudon
|-weather|none
|
|upkeep
|
|t:|1664100252
|switch|p2a: Groudon|Groudon|100/100
|-weather|SunnyDay|[from] ability: Drought|[of] p2a: Groudon
|turn|3
|
|t:|1664100259
|move|p1a: Arceus|Ice Beam|p2a: Groudon
|-supereffective|p2a: Groudon
|-damage|p2a: Groudon|30/100
|move|p2a: Groudon|Swords Dance|p2a: Groudon
|-boost|p2a: Groudon|atk|2
|
|-weather|SunnyDay|[upkeep]
|upkeep
|turn|4
|
|t:|1664100264
|move|p1a: Arceus|Ice Beam|p2a: Groudon
|-supereffective|p2a: Groudon
|-damage|p2a: Groudon|0 fnt
|faint|p2a: Groudon
|
|-weather|SunnyDay|[upkeep]
|upkeep
|
|t:|1664100272
|switch|p2a: Arceus|Arceus|100/100
|turn|5
|
|t:|1664100278
|-zpower|p1a: Arceus
|move|p1a: Arceus|Gigavolt Havoc|p2a: Arceus|[zeffect]
|-damage|p2a: Arceus|40/100
|move|p2a: Arceus|Swords Dance|p2a: Arceus
|-boost|p2a: Arceus|atk|2
|
|-weather|SunnyDay|[upkeep]
|upkeep
|turn|6
|
|t:|1664100288
|move|p1a: Arceus|Thunderbolt|p2a: Arceus
|-damage|p2a: Arceus|10/100
|move|p2a: Arceus|Recover|p2a: Arceus
|-heal|p2a: Arceus|60/100
|
|-weather|SunnyDay|[upkeep]
|upkeep
|turn|7
|
|t:|1664100295
|move|p1a: Arceus|Thunderbolt|p2a: Arceus
|-damage|p2a: Arceus|33/100
|move|p2a: Arceus|Recover|p2a: Arceus
|-heal|p2a: Arceus|83/100
|
|-weather|none
|upkeep
|turn|8
|
|t:|1664100301
|move|p2a: Arceus|Extreme Speed|p1a: Arceus
|-damage|p1a: Arceus|37/100
|move|p1a: Arceus|Thunderbolt|p2a: Arceus
|-crit|p2a: Arceus
|-damage|p2a: Arceus|39/100
|
|upkeep
|turn|9
|
|t:|1664100309
|move|p1a: Arceus|Thunderbolt|p2a: Arceus
|-damage|p2a: Arceus|9/100
|move|p2a: Arceus|Recover|p2a: Arceus
|-heal|p2a: Arceus|59/100
|
|upkeep
|turn|10
|
|t:|1664100314
|move|p1a: Arceus|Thunderbolt|p2a: Arceus
|-damage|p2a: Arceus|28/100
|move|p2a: Arceus|Recover|p2a: Arceus
|-heal|p2a: Arceus|78/100
|
|upkeep
|turn|11
|
|t:|1664100319
|move|p1a: Arceus|Thunderbolt|p2a: Arceus
|-damage|p2a: Arceus|50/100
|-status|p2a: Arceus|par
|-enditem|p2a: Arceus|Lum Berry|[eat]
|-curestatus|p2a: Arceus|par|[msg]
|move|p2a: Arceus|Recover|p2a: Arceus
|-heal|p2a: Arceus|99/100
|
|upkeep
|turn|12
|
|t:|1664100327
|move|p2a: Arceus|Extreme Speed|p1a: Arceus
|-damage|p1a: Arceus|0 fnt
|faint|p1a: Arceus
|
|upkeep
|
|t:|1664100349
|switch|p1a: Ditto|Ditto|100/100
|-damage|p1a: Ditto|88/100|[from] Stealth Rock
|-transform|p1a: Ditto|p2a: Arceus|[from] ability: Imposter
|turn|13
|
|t:|1664100353
|-start|p1a: Ditto|Dynamax|
|-heal|p1a: Ditto|88/100|[silent]
|-start|p2a: Arceus|Dynamax|
|-heal|p2a: Arceus|99/100|[silent]
|move|p1a: Ditto|Max Strike|p2a: Arceus
|-damage|p2a: Arceus|51/100
|-unboost|p2a: Arceus|spe|1
|move|p2a: Arceus|Max Strike|p1a: Ditto
|-damage|p1a: Ditto|21/100
|-unboost|p1a: Ditto|spe|1
|
|upkeep
|turn|14
|
|t:|1664100362
|move|p1a: Ditto|Max Guard|p1a: Ditto
|-singleturn|p1a: Ditto|Max Guard
|move|p2a: Arceus|Max Strike|p1a: Ditto
|-activate|p1a: Ditto|move: Max Guard
|
|upkeep
|turn|15
|
|t:|1664100373
|-end|p1a: Ditto|Dynamax
|-heal|p1a: Ditto|21/100|[silent]
|switch|p1a: Yveltal|Yveltal|100/100
|-damage|p1a: Yveltal|76/100|[from] Stealth Rock
|-ability|p1a: Yveltal|Dark Aura
|move|p2a: Arceus|Max Strike|p1a: Yveltal
|-damage|p1a: Yveltal|0 fnt
|faint|p1a: Yveltal
|
|upkeep
|
|t:|1664100375
|switch|p1a: Ditto|Ditto|21/100
|-damage|p1a: Ditto|9/100|[from] Stealth Rock
|-transform|p1a: Ditto|p2a: Arceus|[from] ability: Imposter
|-end|p2a: Arceus|Dynamax
|-heal|p2a: Arceus|51/100|[silent]
|turn|16
|
|t:|1664100381
|switch|p2a: Zygarde|Zygarde, shiny|100/100
|move|p1a: Ditto|Extreme Speed|p2a: Zygarde
|-damage|p2a: Zygarde|54/100
|
|-heal|p2a: Zygarde|60/100|[from] item: Leftovers
|upkeep
|turn|17
|
|t:|1664100393
|switch|p1a: Rayquaza|Rayquaza|100/100
|-damage|p1a: Rayquaza|76/100|[from] Stealth Rock
|-ability|p1a: Rayquaza|Air Lock
|move|p2a: Zygarde|Thousand Arrows|p1a: Rayquaza
|-damage|p1a: Rayquaza|42/100
|-start|p1a: Rayquaza|Smack Down
|
|-heal|p2a: Zygarde|66/100|[from] item: Leftovers
|upkeep
|turn|18
|
|t:|1664100404
|detailschange|p1a: Rayquaza|Rayquaza-Mega
|-mega|p1a: Rayquaza|Rayquaza|
|-weather|DeltaStream|[from] ability: Delta Stream|[of] p1a: Rayquaza
|move|p1a: Rayquaza|Dragon Dance|p1a: Rayquaza
|-boost|p1a: Rayquaza|atk|1
|-boost|p1a: Rayquaza|spe|1
|move|p2a: Zygarde|Glare|p1a: Rayquaza
|-status|p1a: Rayquaza|par
|-enditem|p1a: Rayquaza|Lum Berry|[eat]
|-curestatus|p1a: Rayquaza|par|[msg]
|
|-weather|DeltaStream|[upkeep]
|-heal|p2a: Zygarde|73/100|[from] item: Leftovers
|upkeep
|turn|19
|
|t:|1664100416
|move|p1a: Rayquaza|Dragon Ascent|p2a: Zygarde
|-damage|p2a: Zygarde|10/100
|-unboost|p1a: Rayquaza|def|1
|-unboost|p1a: Rayquaza|spd|1
|move|p2a: Zygarde|Thousand Arrows|p1a: Rayquaza
|-crit|p1a: Rayquaza
|-damage|p1a: Rayquaza|0 fnt
|faint|p1a: Rayquaza
|-weather|none
|
|-heal|p2a: Zygarde|17/100|[from] item: Leftovers
|-activate|p2a: Zygarde|ability: Power Construct
|detailschange|p2a: Zygarde|Zygarde-Complete, shiny
|-heal|p2a: Zygarde|45/100|[silent]
|upkeep
|
|t:|1664100424
|switch|p1a: Zacian|Zacian-Crowned|100/100
|-damage|p1a: Zacian|94/100|[from] Stealth Rock
|-ability|p1a: Zacian|Intrepid Sword|boost
|-boost|p1a: Zacian|atk|1
|turn|20
|
|t:|1664100429
|move|p1a: Zacian|Play Rough|p2a: Zygarde
|-supereffective|p2a: Zygarde
|-damage|p2a: Zygarde|0 fnt
|faint|p2a: Zygarde
|
|upkeep
|
|t:|1664100432
|switch|p2a: Ditto|Ditto, shiny|100/100
|-transform|p2a: Ditto|p1a: Zacian|[from] ability: Imposter
|-ability|p2a: Ditto|Intrepid Sword|boost
|-boost|p2a: Ditto|atk|1
|turn|21
|
|t:|1664100437
|move|p2a: Ditto|Behemoth Blade|p1a: Zacian
|-damage|p1a: Zacian|0 fnt
|faint|p1a: Zacian
|
|upkeep
|c|☆Snakethey|Gg
|-message|Snakethey forfeited.
|
|win|DarkboiJ
|raw|Snakethey's rating: 1709 &rarr; <strong>1693</strong><br />(-16 for losing)
|raw|DarkboiJ's rating: 1780 &rarr; <strong>1796</strong><br />(+16 for winning)
|c|☆DarkboiJ|Gg
