|j|☆Ussolando
|j|☆FloomFlooms
|t:|1659125389
|gametype|singles
|player|p1|Ussolando|karen|1390
|player|p2|FloomFlooms|flannery|1358
|teamsize|p1|6
|teamsize|p2|6
|gen|8
|tier|[Gen 8] National Dex AG
|rated|
|rule|HP Percentage Mod: HP is shown in percentages
|rule|Endless Battle Clause: Forcing endless battles is banned
|clearpoke
|poke|p1|Kyogre|
|poke|p1|Galvantula, M|
|poke|p1|Greninja, M|
|poke|p1|Ditto|
|poke|p1|Jirachi|
|poke|p1|Clefable, F|
|poke|p2|Eevee, F|
|poke|p2|Smeargle, M|
|poke|p2|Togekiss, F|
|poke|p2|Buzzwole|
|poke|p2|Grimmsnarl, M|
|poke|p2|Cinderace, F|
|teampreview
|
|t:|1659125396
|start
|switch|p1a: Clefable|Clefable, F, shiny|100/100
|switch|p2a: Bunbun|Cinderace, F, shiny|100/100
|turn|1
|
|t:|1659125400
|move|p2a: Bunbun|U-turn|p1a: Clefable
|-start|p2a: Bunbun|typechange|Bug|[from] ability: Libero
|-resisted|p1a: Clefable
|-damage|p1a: Clefable|84/100
|
|t:|1659125404
|switch|p2a: Doopy|Eevee, F|100/100|[from]move: U-turn
|move|p1a: Clefable|Minimize|p1a: Clefable
|-boost|p1a: Clefable|evasion|2
|
|-heal|p1a: Clefable|90/100|[from] item: Leftovers
|upkeep
|turn|2
|
|t:|1659125407
|move|p1a: Clefable|Minimize|p1a: Clefable
|-boost|p1a: Clefable|evasion|2
|move|p2a: Doopy|Substitute|p2a: Doopy
|-start|p2a: Doopy|Substitute
|-damage|p2a: Doopy|75/100
|
|-heal|p1a: Clefable|96/100|[from] item: Leftovers
|upkeep
|turn|3
|
|t:|1659125411
|move|p1a: Clefable|Cosmic Power|p1a: Clefable
|-boost|p1a: Clefable|def|1
|-boost|p1a: Clefable|spd|1
|-zpower|p2a: Doopy
|move|p2a: Doopy|Extreme Evoboost|p2a: Doopy
|-boost|p2a: Doopy|atk|2
|-boost|p2a: Doopy|def|2
|-boost|p2a: Doopy|spa|2
|-boost|p2a: Doopy|spd|2
|-boost|p2a: Doopy|spe|2
|
|-heal|p1a: Clefable|100/100|[from] item: Leftovers
|upkeep
|turn|4
|
|t:|1659125414
|move|p2a: Doopy|Baton Pass|p2a: Doopy
|
|t:|1659125416
|switch|p2a: Painty|Smeargle, M|100/100|[from]move: Baton Pass
|move|p1a: Clefable|Minimize|p1a: Clefable
|-boost|p1a: Clefable|evasion|2
|
|-ability|p2a: Painty|Moody|boost
|-boost|p2a: Painty|spe|2
|-unboost|p2a: Painty|def|1
|upkeep
|turn|5
|
|t:|1659125425
|move|p2a: Painty|Spectral Thief|p1a: Clefable|[miss]
|-miss|p2a: Painty|p1a: Clefable
|move|p1a: Clefable|Cosmic Power|p1a: Clefable
|-boost|p1a: Clefable|def|1
|-boost|p1a: Clefable|spd|1
|
|-ability|p2a: Painty|Moody|boost
|-boost|p2a: Painty|spd|2
|-unboost|p2a: Painty|spe|1
|upkeep
|turn|6
|
|t:|1659125439
|move|p2a: Painty|Spectral Thief||[still]
|-clearpositiveboost|p1a: Clefable|p2a: Painty|move: Spectral Thief
|-boost|p2a: Painty|def|2
|-boost|p2a: Painty|spd|2
|-boost|p2a: Painty|evasion|6
|-anim|p2a: Painty|Spectral Thief|p1a: Clefable
|-damage|p1a: Clefable|90/100
|move|p1a: Clefable|Dazzling Gleam|p2a: Painty|[miss]
|-miss|p1a: Clefable|p2a: Painty
|
|-heal|p1a: Clefable|96/100|[from] item: Leftovers
|-ability|p2a: Painty|Moody|boost
|-boost|p2a: Painty|spa|2
|-unboost|p2a: Painty|atk|1
|upkeep
|turn|7
|
|t:|1659125448
|move|p2a: Painty|Ingrain|p2a: Painty
|-start|p2a: Painty|move: Ingrain
|move|p1a: Clefable|Dazzling Gleam|p2a: Painty|[miss]
|-miss|p1a: Clefable|p2a: Painty
|
|-heal|p1a: Clefable|100/100|[from] item: Leftovers
|-ability|p2a: Painty|Moody|boost
|-boost|p2a: Painty|atk|2
|-unboost|p2a: Painty|def|1
|upkeep
|turn|8
|c|☆FloomFlooms|Wait
|c|☆FloomFlooms|Why not moonlight ?
|
|t:|1659125463
|move|p2a: Painty|Baton Pass|p2a: Painty
|
|t:|1659125467
|switch|p2a: Eggy|Togekiss, F|100/100|[from]move: Baton Pass
|move|p1a: Clefable|Dazzling Gleam|p2a: Eggy|[miss]
|-miss|p1a: Clefable|p2a: Eggy
|
|upkeep
|turn|9
|
|t:|1659125472
|move|p2a: Eggy|Ancient Power|p1a: Clefable
|-crit|p1a: Clefable
|-damage|p1a: Clefable|34/100
|move|p1a: Clefable|Dazzling Gleam|p2a: Eggy
|-activate|p2a: Eggy|move: Substitute|[damage]
|
|-heal|p1a: Clefable|40/100|[from] item: Leftovers
|upkeep
|turn|10
|
|t:|1659125479
|move|p2a: Eggy|Ancient Power|p1a: Clefable
|-damage|p1a: Clefable|0 fnt
|faint|p1a: Clefable
|
|upkeep
|
|t:|1659125491
|switch|p1a: Galvantula|Galvantula, M, shiny|100/100
|turn|11
|
|t:|1659125497
|-start|p1a: Galvantula|Dynamax|
|-heal|p1a: Galvantula|100/100|[silent]
|move|p2a: Eggy|Air Slash|p1a: Galvantula
|-damage|p1a: Galvantula|6/100
|move|p1a: Galvantula|Max Lightning|p2a: Eggy
|-supereffective|p2a: Eggy
|-end|p2a: Eggy|Substitute
|-fieldstart|move: Electric Terrain
|
|upkeep
|turn|12
|
|t:|1659125507
|move|p1a: Galvantula|Max Guard|p1a: Galvantula
|-singleturn|p1a: Galvantula|Max Guard
|move|p2a: Eggy|Stored Power|p1a: Galvantula
|-activate|p1a: Galvantula|move: Max Guard
|
|upkeep
|turn|13
|
|t:|1659125513
|move|p2a: Eggy|Ancient Power|p1a: Galvantula
|-supereffective|p1a: Galvantula
|-damage|p1a: Galvantula|0 fnt
|faint|p1a: Galvantula
|
|upkeep
|
|t:|1659125516
|switch|p1a: Ditto|Ditto, shiny|100/100
|-transform|p1a: Ditto|p2a: Eggy|[from] ability: Imposter
|turn|14
|
|t:|1659125524
|-start|p2a: Eggy|Dynamax|
|-heal|p2a: Eggy|100/100|[silent]
|move|p1a: Ditto|Stored Power|p2a: Eggy
|-damage|p2a: Eggy|40/100
|move|p2a: Eggy|Max Rockfall|p1a: Ditto
|-supereffective|p1a: Ditto
|-damage|p1a: Ditto|35/100
|-weather|Sandstorm
|
|-weather|Sandstorm|[upkeep]
|-damage|p1a: Ditto|29/100|[from] Sandstorm
|-damage|p2a: Eggy|37/100|[from] Sandstorm
|-heal|p2a: Eggy|40/100|[from] item: Leftovers
|-heal|p2a: Eggy|43/100|[from] Ingrain
|upkeep
|turn|15
|
|t:|1659125531
|move|p1a: Ditto|Stored Power|p2a: Eggy|[miss]
|-miss|p1a: Ditto|p2a: Eggy
|move|p2a: Eggy|Max Airstream|p1a: Ditto
|-damage|p1a: Ditto|0 fnt
|-boost|p2a: Eggy|spe|1
|faint|p1a: Ditto
|
|-weather|Sandstorm|[upkeep]
|-damage|p2a: Eggy|40/100|[from] Sandstorm
|-heal|p2a: Eggy|43/100|[from] item: Leftovers
|-heal|p2a: Eggy|46/100|[from] Ingrain
|-fieldend|move: Electric Terrain
|upkeep
|-message|Ussolando forfeited.
|
|win|FloomFlooms
|raw|Ussolando's rating: 1390 &rarr; <strong>1368</strong><br />(-22 for losing)
|raw|FloomFlooms's rating: 1358 &rarr; <strong>1380</strong><br />(+22 for winning)
|l|☆Ussolando
||Ladder isn't responding, score probably updated but might not have (Request timeout).
