|j|☆Batman Magic
|j|☆ywl19260817
|t:|1657031369
|gametype|singles
|player|p1|Batman Magic|cogita|1809
|player|p2|ywl19260817|102|1885
|teamsize|p1|6
|teamsize|p2|6
|gen|8
|tier|[Gen 8] National Dex AG
|rated|
|rule|HP Percentage Mod: HP is shown in percentages
|rule|Endless Battle Clause: Forcing endless battles is banned
|clearpoke
|poke|p1|Groudon|
|poke|p1|Arceus-*|
|poke|p1|Kyogre|
|poke|p1|Arceus-*|
|poke|p1|Gengar, F|
|poke|p1|Arceus-*|
|poke|p2|Zacian-*|
|poke|p2|Yveltal|
|poke|p2|Rayquaza|
|poke|p2|Kyogre|
|poke|p2|Groudon|
|poke|p2|Tornadus, M|
|teampreview
|inactive|Battle timer is ON: inactive players will automatically lose when time's up. (requested by Batman Magic)
|
|t:|1657031401
|start
|switch|p1a: Yoda|Groudon, shiny|100/100
|switch|p2a: Groudon|Groudon|100/100
|detailschange|p2a: Groudon|Groudon-Primal
|-primal|p2a: Groudon
|-weather|DesolateLand|[from] ability: Desolate Land|[of] p2a: Groudon
|detailschange|p1a: Yoda|Groudon-Primal, shiny
|-primal|p1a: Yoda
|turn|1
|j| lakob
|
|t:|1657031418
|switch|p1a: Obi-Wan|Arceus-Ground|100/100
|move|p2a: Groudon|Earthquake|p1a: Obi-Wan
|-damage|p1a: Obi-Wan|71/100
|
|-weather|DesolateLand|[upkeep]
|upkeep
|turn|2
|
|t:|1657031428
|move|p1a: Obi-Wan|Thunder Wave|p2a: Groudon
|-immune|p2a: Groudon
|move|p2a: Groudon|Stealth Rock|p1a: Obi-Wan
|-sidestart|p1: Batman Magic|move: Stealth Rock
|
|-weather|DesolateLand|[upkeep]
|upkeep
|turn|3
|
|t:|1657031438
|-weather|none
|switch|p2a: Rayquaza|Rayquaza|100/100
|-ability|p2a: Rayquaza|Air Lock
|move|p1a: Obi-Wan|Defog|p2a: Rayquaza
|-unboost|p2a: Rayquaza|evasion|1
|-sideend|p1: Batman Magic|Stealth Rock|[from] move: Defog|[of] p1a: Obi-Wan
|
|upkeep
|turn|4
|
|t:|1657031449
|detailschange|p2a: Rayquaza|Rayquaza-Mega
|-mega|p2a: Rayquaza|Rayquaza|
|-weather|DeltaStream|[from] ability: Delta Stream|[of] p2a: Rayquaza
|move|p2a: Rayquaza|Scale Shot|p1a: Obi-Wan
|-damage|p1a: Obi-Wan|63/100
|-crit|p1a: Obi-Wan
|-damage|p1a: Obi-Wan|51/100
|-hitcount|p1a: Obi-Wan|2
|-unboost|p2a: Rayquaza|def|1
|-boost|p2a: Rayquaza|spe|1
|move|p1a: Obi-Wan|Thunder Wave|p2a: Rayquaza
|-status|p2a: Rayquaza|par
|-enditem|p2a: Rayquaza|Lum Berry|[eat]
|-curestatus|p2a: Rayquaza|par|[msg]
|
|-weather|DeltaStream|[upkeep]
|upkeep
|turn|5
|l| lakob
|
|t:|1657031465
|move|p2a: Rayquaza|Dragon Ascent|p1a: Obi-Wan
|-crit|p1a: Obi-Wan
|-damage|p1a: Obi-Wan|0 fnt
|-unboost|p2a: Rayquaza|def|1
|-unboost|p2a: Rayquaza|spd|1
|faint|p1a: Obi-Wan
|
|-weather|DeltaStream|[upkeep]
|upkeep
|j| lakob
|
|t:|1657031473
|switch|p1a: Yoda|Groudon-Primal, shiny|100/100
|-weather|DesolateLand|[from] ability: Desolate Land|[of] p1a: Yoda
|turn|6
|
|t:|1657031488
|move|p2a: Rayquaza|Dragon Ascent|p1a: Yoda
|-damage|p1a: Yoda|66/100
|-unboost|p2a: Rayquaza|def|1
|-unboost|p2a: Rayquaza|spd|1
|move|p1a: Yoda|Thunder Wave|p2a: Rayquaza
|-status|p2a: Rayquaza|par
|
|-weather|DesolateLand|[upkeep]
|upkeep
|turn|7
|
|t:|1657031502
|move|p2a: Rayquaza|Dragon Ascent|p1a: Yoda
|-damage|p1a: Yoda|30/100
|-unboost|p2a: Rayquaza|def|1
|-unboost|p2a: Rayquaza|spd|1
|move|p1a: Yoda|Stealth Rock|p2a: Rayquaza
|-sidestart|p2: ywl19260817|move: Stealth Rock
|
|-weather|DesolateLand|[upkeep]
|upkeep
|turn|8
|
|t:|1657031509
|move|p2a: Rayquaza|Dragon Ascent|p1a: Yoda
|-damage|p1a: Yoda|0 fnt
|-unboost|p2a: Rayquaza|def|1
|-unboost|p2a: Rayquaza|spd|1
|faint|p1a: Yoda
|-weather|none
|
|upkeep
|
|t:|1657031516
|switch|p1a: Grogu|Arceus-Flying|100/100
|turn|9
|
|t:|1657031522
|-start|p1a: Grogu|Dynamax|
|-heal|p1a: Grogu|100/100|[silent]
|move|p1a: Grogu|Max Airstream|p2a: Rayquaza
|-damage|p2a: Rayquaza|0 fnt
|-boost|p1a: Grogu|spe|1
|faint|p2a: Rayquaza
|
|upkeep
|
|t:|1657031544
|switch|p2a: Groudon|Groudon-Primal|100/100
|-damage|p2a: Groudon|88/100|[from] Stealth Rock
|-weather|DesolateLand|[from] ability: Desolate Land|[of] p2a: Groudon
|turn|10
|inactive|ywl19260817 has 120 seconds left.
|
|t:|1657031570
|move|p1a: Grogu|Max Airstream|p2a: Groudon
|-damage|p2a: Groudon|41/100
|-boost|p1a: Grogu|spe|1
|move|p2a: Groudon|Stealth Rock|p1a: Grogu
|-sidestart|p1: Batman Magic|move: Stealth Rock
|
|-weather|DesolateLand|[upkeep]
|upkeep
|turn|11
|inactive|ywl19260817 has 120 seconds left.
|
|t:|1657031579
|move|p1a: Grogu|Max Airstream|p2a: Groudon
|-damage|p2a: Groudon|0 fnt
|-boost|p1a: Grogu|spe|1
|faint|p2a: Groudon
|-weather|none
|
|upkeep
|inactive|ywl19260817 has 120 seconds left.
|
|t:|1657031599
|switch|p2a: Kyogre|Kyogre|100/100
|-damage|p2a: Kyogre|88/100|[from] Stealth Rock
|-weather|RainDance|[from] ability: Drizzle|[of] p2a: Kyogre
|-end|p1a: Grogu|Dynamax
|-heal|p1a: Grogu|100/100|[silent]
|turn|12
|
|t:|1657031608
|move|p1a: Grogu|Judgment|p2a: Kyogre
|-damage|p2a: Kyogre|54/100
|move|p2a: Kyogre|Origin Pulse|p1a: Grogu
|-damage|p1a: Grogu|14/100
|
|-weather|RainDance|[upkeep]
|upkeep
|turn|13
|
|t:|1657031617
|move|p1a: Grogu|Judgment|p2a: Kyogre
|-damage|p2a: Kyogre|16/100
|move|p2a: Kyogre|Origin Pulse|p1a: Grogu|[miss]
|-miss|p2a: Kyogre|p1a: Grogu
|
|-weather|RainDance|[upkeep]
|upkeep
|turn|14
|inactive|ywl19260817 has 120 seconds left.
|
|t:|1657031625
|move|p1a: Grogu|Judgment|p2a: Kyogre
|-damage|p2a: Kyogre|0 fnt
|faint|p2a: Kyogre
|
|-weather|RainDance|[upkeep]
|upkeep
|inactive|ywl19260817 has 120 seconds left.
|
|t:|1657031631
|switch|p2a: Zacian|Zacian-Crowned|100/100
|-damage|p2a: Zacian|94/100|[from] Stealth Rock
|-ability|p2a: Zacian|Intrepid Sword|boost
|-boost|p2a: Zacian|atk|1
|turn|15
|
|t:|1657031638
|move|p2a: Zacian|Quick Attack|p1a: Grogu
|-damage|p1a: Grogu|0 fnt
|faint|p1a: Grogu
|
|-weather|RainDance|[upkeep]
|upkeep
|
|t:|1657031652
|switch|p1a: Mandalorian|Kyogre|100/100
|-damage|p1a: Mandalorian|88/100|[from] Stealth Rock
|turn|16
|l| lakob
|inactive|ywl19260817 has 120 seconds left.
|
|t:|1657031678
|move|p2a: Zacian|Quick Attack|p1a: Mandalorian
|-crit|p1a: Mandalorian
|-damage|p1a: Mandalorian|50/100
|move|p1a: Mandalorian|Water Spout|p2a: Zacian
|-damage|p2a: Zacian|46/100
|
|-weather|none
|upkeep
|turn|17
|inactive|ywl19260817 has 120 seconds left.
|
|t:|1657031701
|switch|p1a: Vader|Gengar, F, shiny|100/100
|-damage|p1a: Vader|88/100|[from] Stealth Rock
|move|p2a: Zacian|Behemoth Blade|p1a: Vader
|-damage|p1a: Vader|0 fnt
|faint|p1a: Vader
|
|upkeep
|
|t:|1657031703
|switch|p1a: Mandalorian|Kyogre|50/100
|-damage|p1a: Mandalorian|38/100|[from] Stealth Rock
|-weather|RainDance|[from] ability: Drizzle|[of] p1a: Mandalorian
|turn|18
|j| Maenjek17
|inactive|ywl19260817 has 120 seconds left.
|
|t:|1657031729
|move|p2a: Zacian|Quick Attack|p1a: Mandalorian
|-damage|p1a: Mandalorian|10/100
|move|p1a: Mandalorian|Origin Pulse|p2a: Zacian
|-damage|p2a: Zacian|0 fnt
|faint|p2a: Zacian
|
|-weather|RainDance|[upkeep]
|upkeep
|
|t:|1657031737
|switch|p2a: Tornadus|Tornadus, M|100/100
|-damage|p2a: Tornadus|76/100|[from] Stealth Rock
|turn|19
|l| Maenjek17
|inactive|Batman Magic has 120 seconds left.
|
|t:|1657031795
|move|p2a: Tornadus|Tailwind|p2a: Tornadus
|-sidestart|p2: ywl19260817|move: Tailwind
|move|p1a: Mandalorian|Origin Pulse|p2a: Tornadus
|-damage|p2a: Tornadus|0 fnt
|faint|p2a: Tornadus
|
|-weather|RainDance|[upkeep]
|upkeep
|
|t:|1657031802
|switch|p2a: Yveltal|Yveltal|100/100
|-damage|p2a: Yveltal|76/100|[from] Stealth Rock
|-ability|p2a: Yveltal|Dark Aura
|turn|20
|
|t:|1657031808
|-start|p2a: Yveltal|Dynamax|
|-heal|p2a: Yveltal|76/100|[silent]
|move|p2a: Yveltal|Max Airstream|p1a: Mandalorian
|-damage|p1a: Mandalorian|0 fnt
|-boost|p2a: Yveltal|spe|1
|faint|p1a: Mandalorian
|-damage|p2a: Yveltal|71/100|[from] item: Life Orb
|
|-weather|RainDance|[upkeep]
|upkeep
|
|t:|1657031812
|switch|p1a: Ahsoka|Arceus-Dark|100/100
|-damage|p1a: Ahsoka|88/100|[from] Stealth Rock
|turn|21
|
|t:|1657031821
|move|p2a: Yveltal|Max Flutterby|p1a: Ahsoka
|-supereffective|p1a: Ahsoka
|-damage|p1a: Ahsoka|6/100
|-unboost|p1a: Ahsoka|spa|1
|-damage|p2a: Yveltal|66/100|[from] item: Life Orb
|move|p1a: Ahsoka|Recover|p1a: Ahsoka
|-heal|p1a: Ahsoka|56/100
|
|-weather|RainDance|[upkeep]
|upkeep
|turn|22
|
|t:|1657031831
|move|p2a: Yveltal|Max Flutterby|p1a: Ahsoka
|-supereffective|p1a: Ahsoka
|-damage|p1a: Ahsoka|0 fnt
|faint|p1a: Ahsoka
|-damage|p2a: Yveltal|61/100|[from] item: Life Orb
|
|win|ywl19260817
|raw|Batman Magic's rating: 1809 &rarr; <strong>1793</strong><br />(-16 for losing)
|raw|ywl19260817's rating: 1885 &rarr; <strong>1901</strong><br />(+16 for winning)
|l|☆Batman Magic
