|j|☆ChibbetyChabo
|j|☆dasort
|inactive|Battle timer is ON: inactive players will automatically lose when time's up.
|t:|1626810875
|gametype|singles
|player|p1|ChibbetyChabo|youngathlete|
|player|p2|dasort|marlon|
|teamsize|p1|6
|teamsize|p2|6
|gen|8
|tier|[Gen 8] National Dex AG
|rated|Tournament battle
|rule|HP Percentage Mod: HP is shown in percentages
|rule|Endless Battle Clause: Forcing endless battles is banned
|clearpoke
|poke|p1|Deoxys-Speed|
|poke|p1|Yveltal|
|poke|p1|Calyrex-Shadow|
|poke|p1|Rayquaza|
|poke|p1|Zacian-*|
|poke|p1|Necrozma-Dusk-Mane|
|poke|p2|Lunala|
|poke|p2|Yveltal|
|poke|p2|Groudon|
|poke|p2|Necrozma-Dusk-Mane|
|poke|p2|Rayquaza|
|poke|p2|Arceus-*|
|teampreview
|inactive|ChibbetyChabo also wants the timer to be on.
|j| supermario1096
|
|t:|1626810888
|start
|switch|p1a: Deoxys|Deoxys-Speed|100/100
|switch|p2a: Yveltal|Yveltal|100/100
|-ability|p1a: Deoxys|Pressure
|-ability|p2a: Yveltal|Dark Aura
|turn|1
|j| pok3m0n_123
|j| Geysers
|l| Geysers
|j| Alpine63
|
|t:|1626810910
|move|p1a: Deoxys|Stealth Rock|p2a: Yveltal
|-sidestart|p2: dasort|move: Stealth Rock
|move|p2a: Yveltal|U-turn|p1a: Deoxys
|-supereffective|p1a: Deoxys
|-damage|p1a: Deoxys|50/100
|
|t:|1626810918
|switch|p2a: Rayquaza|Rayquaza|100/100|[from]move: U-turn
|-damage|p2a: Rayquaza|76/100|[from] Stealth Rock
|-ability|p2a: Rayquaza|Air Lock
|
|upkeep
|turn|2
|inactive|ChibbetyChabo has 120 seconds left.
|inactive|ChibbetyChabo has 90 seconds left.
|
|t:|1626810978
|detailschange|p2a: Rayquaza|Rayquaza-Mega
|-mega|p2a: Rayquaza|Rayquaza|
|-weather|DeltaStream|[from] ability: Delta Stream|[of] p2a: Rayquaza
|move|p2a: Rayquaza|Extreme Speed|p1a: Deoxys
|-damage|p1a: Deoxys|0 fnt
|faint|p1a: Deoxys
|
|-weather|DeltaStream|[upkeep]
|upkeep
|inactive|ChibbetyChabo has 90 seconds left.
|
|t:|1626811008
|switch|p1a: Zacian|Zacian-Crowned|100/100
|-ability|p1a: Zacian|Intrepid Sword|boost
|-boost|p1a: Zacian|atk|1
|turn|3
|l| Alpine63
|
|t:|1626811034
|-weather|none
|switch|p2a: Necrozma|Necrozma-Dusk-Mane|100/100
|-damage|p2a: Necrozma|94/100|[from] Stealth Rock
|move|p1a: Zacian|Swords Dance|p1a: Zacian
|-boost|p1a: Zacian|atk|2
|
|upkeep
|turn|4
|inactive|dasort has 120 seconds left.
|
|t:|1626811051
|-start|p2a: Necrozma|Dynamax
|-heal|p2a: Necrozma|94/100|[silent]
|move|p1a: Zacian|Crunch|p2a: Necrozma
|-supereffective|p2a: Necrozma
|-damage|p2a: Necrozma|61/100
|-damage|p1a: Zacian|84/100|[from] item: Rocky Helmet|[of] p2a: Necrozma
|move|p2a: Necrozma|Max Steelspike|p1a: Zacian
|-damage|p1a: Zacian|19/100
|-boost|p2a: Necrozma|def|1
|
|upkeep
|turn|5
|
|t:|1626811068
|move|p1a: Zacian|Crunch|p2a: Necrozma
|-supereffective|p2a: Necrozma
|-damage|p2a: Necrozma|37/100
|-unboost|p2a: Necrozma|def|1
|-damage|p1a: Zacian|3/100|[from] item: Rocky Helmet|[of] p2a: Necrozma
|move|p2a: Necrozma|Max Steelspike|p1a: Zacian
|-damage|p1a: Zacian|0 fnt
|-boost|p2a: Necrozma|def|1
|faint|p1a: Zacian
|
|upkeep
|j| RHM-Returns
|
|t:|1626811073
|switch|p1a: Calyrex|Calyrex-Shadow|100/100
|-ability|p1a: Calyrex|As One
|-ability|p1a: Calyrex|Unnerve
|turn|6
|
|t:|1626811083
|move|p2a: Necrozma|Max Guard|p2a: Necrozma
|-singleturn|p2a: Necrozma|Max Guard
|move|p1a: Calyrex|Astral Barrage|p2a: Necrozma
|-activate|p2a: Necrozma|move: Max Guard
|
|-end|p2a: Necrozma|Dynamax
|-heal|p2a: Necrozma|37/100|[silent]
|upkeep
|turn|7
|inactive|ChibbetyChabo has 90 seconds left.
|
|t:|1626811094
|switch|p2a: Yveltal|Yveltal|100/100
|-ability|p2a: Yveltal|Dark Aura
|move|p1a: Calyrex|Astral Barrage|p2a: Yveltal
|-resisted|p2a: Yveltal
|-damage|p2a: Yveltal|70/100
|
|upkeep
|turn|8
|inactive|dasort has 120 seconds left.
|
|t:|1626811127
|switch|p1a: Yveltal|Yveltal|100/100
|-ability|p1a: Yveltal|Dark Aura
|move|p2a: Yveltal|Roost|p2a: Yveltal
|-heal|p2a: Yveltal|100/100
|-singleturn|p2a: Yveltal|move: Roost
|
|upkeep
|turn|9
|inactive|dasort has 120 seconds left.
|inactive|ChibbetyChabo has 90 seconds left.
|
|t:|1626811150
|move|p2a: Yveltal|Roost||[still]
|-fail|p2a: Yveltal|heal
|move|p1a: Yveltal|Oblivion Wing|p2a: Yveltal
|-damage|p2a: Yveltal|76/100
|
|upkeep
|turn|10
|inactive|ChibbetyChabo has 90 seconds left.
|
|t:|1626811159
|move|p1a: Yveltal|Oblivion Wing|p2a: Yveltal
|-damage|p2a: Yveltal|49/100
|move|p2a: Yveltal|U-turn|p1a: Yveltal
|-damage|p1a: Yveltal|84/100
|
|t:|1626811167
|switch|p2a: Arceus|Arceus-Fairy|100/100|[from]move: U-turn
|-damage|p2a: Arceus|88/100|[from] Stealth Rock
|
|upkeep
|turn|11
|inactive|dasort has 120 seconds left.
|
|t:|1626811176
|switch|p2a: Groudon|Groudon|100/100
|-damage|p2a: Groudon|94/100|[from] Stealth Rock
|detailschange|p2a: Groudon|Groudon-Primal
|-primal|p2a: Groudon
|-weather|DesolateLand|[from] ability: Desolate Land|[of] p2a: Groudon
|switch|p1a: Necrozma|Necrozma-Dusk-Mane|100/100
|
|-weather|DesolateLand|[upkeep]
|upkeep
|turn|12
|inactive|dasort has 120 seconds left.
|
|t:|1626811189
|move|p1a: Necrozma|Toxic|p2a: Groudon
|-status|p2a: Groudon|tox
|move|p2a: Groudon|Dragon Tail|p1a: Necrozma
|-resisted|p1a: Necrozma
|-damage|p1a: Necrozma|93/100
|-damage|p2a: Groudon|78/100 tox|[from] item: Rocky Helmet|[of] p1a: Necrozma
|drag|p1a: Rayquaza|Rayquaza|100/100
|-ability|p1a: Rayquaza|Air Lock
|
|-weather|DesolateLand|[upkeep]
|-damage|p2a: Groudon|72/100 tox|[from] psn
|upkeep
|turn|13
|
|t:|1626811205
|-weather|none
|switch|p2a: Lunala|Lunala|100/100
|detailschange|p1a: Rayquaza|Rayquaza-Mega
|-mega|p1a: Rayquaza|Rayquaza|
|-weather|DeltaStream|[from] ability: Delta Stream|[of] p1a: Rayquaza
|move|p1a: Rayquaza|Scale Shot|p2a: Lunala
|-damage|p2a: Lunala|94/100
|-damage|p2a: Lunala|80/100
|-damage|p2a: Lunala|65/100
|-damage|p2a: Lunala|51/100
|-hitcount|p2a: Lunala|4
|-unboost|p1a: Rayquaza|def|1
|-boost|p1a: Rayquaza|spe|1
|
|-weather|DeltaStream|[upkeep]
|upkeep
|turn|14
|
|t:|1626811218
|move|p1a: Rayquaza|Scale Shot|p2a: Lunala
|-damage|p2a: Lunala|36/100
|-damage|p2a: Lunala|23/100
|-damage|p2a: Lunala|9/100
|-damage|p2a: Lunala|0 fnt
|faint|p2a: Lunala
|-hitcount|p2: Lunala|4
|-unboost|p1a: Rayquaza|def|1
|-boost|p1a: Rayquaza|spe|1
|
|-weather|DeltaStream|[upkeep]
|upkeep
|inactive|dasort has 120 seconds left.
|
|t:|1626811256
|switch|p2a: Arceus|Arceus-Fairy|88/100
|-damage|p2a: Arceus|76/100|[from] Stealth Rock
|turn|15
|j| Alpine63
|l| Alpine63
|
|t:|1626811260
|-weather|none
|switch|p1a: Necrozma|Necrozma-Dusk-Mane|93/100
|switch|p2a: Necrozma|Necrozma-Dusk-Mane|37/100
|-damage|p2a: Necrozma|31/100|[from] Stealth Rock
|
|upkeep
|turn|16
|inactive|ChibbetyChabo has 120 seconds left.
|j| Beatboxing_Phantom
|
|t:|1626811283
|switch|p1a: Calyrex|Calyrex-Shadow|100/100
|-ability|p1a: Calyrex|As One
|-ability|p1a: Calyrex|Unnerve
|move|p2a: Necrozma|Morning Sun|p2a: Necrozma
|-heal|p2a: Necrozma|81/100
|
|upkeep
|turn|17
|inactive|ChibbetyChabo has 120 seconds left.
|inactive|dasort has 90 seconds left.
|l| Beatboxing_Phantom
|inactive|dasort has 60 seconds left.
|c|☆ChibbetyChabo|Still here?
|inactive|dasort has 30 seconds left.
|c|☆ChibbetyChabo|Or puzzled bc I trapped u in a corner?
|
|t:|1626811373
|switch|p2a: Arceus|Arceus-Fairy|76/100
|-damage|p2a: Arceus|63/100|[from] Stealth Rock
|move|p1a: Calyrex|Astral Barrage|p2a: Arceus
|-damage|p2a: Arceus|0 fnt
|faint|p2a: Arceus
|-ability|p1a: Calyrex|Grim Neigh|boost
|-boost|p1a: Calyrex|spa|1
|
|upkeep
|inactive|dasort has 30 seconds left this turn.
|
|t:|1626811376
|switch|p2a: Yveltal|Yveltal|49/100
|-ability|p2a: Yveltal|Dark Aura
|turn|18
|inactive|ChibbetyChabo has 120 seconds left.
|
|t:|1626811396
|move|p1a: Calyrex|Astral Barrage|p2a: Yveltal
|-resisted|p2a: Yveltal
|-damage|p2a: Yveltal|5/100
|move|p2a: Yveltal|Roost|p2a: Yveltal
|-heal|p2a: Yveltal|55/100
|-singleturn|p2a: Yveltal|move: Roost
|
|upkeep
|turn|19
|
|t:|1626811403
|-start|p1a: Calyrex|Dynamax
|-heal|p1a: Calyrex|100/100|[silent]
|move|p1a: Calyrex|Max Strike|p2a: Yveltal
|-damage|p2a: Yveltal|14/100
|-unboost|p2a: Yveltal|spe|1
|move|p2a: Yveltal|Roost|p2a: Yveltal
|-heal|p2a: Yveltal|64/100
|-singleturn|p2a: Yveltal|move: Roost
|
|upkeep
|turn|20
|c|☆ChibbetyChabo|damn
|c|☆ChibbetyChabo|forgot my fairy move
|inactive|ChibbetyChabo has 120 seconds left.
|c|☆dasort|lol
|
|t:|1626811425
|move|p1a: Calyrex|Max Phantasm|p2a: Yveltal
|-resisted|p2a: Yveltal
|-damage|p2a: Yveltal|31/100
|-unboost|p2a: Yveltal|def|1
|move|p2a: Yveltal|Roost|p2a: Yveltal
|-heal|p2a: Yveltal|81/100
|-singleturn|p2a: Yveltal|move: Roost
|
|upkeep
|turn|21
|inactive|ChibbetyChabo has 120 seconds left.
|inactive|dasort has 60 seconds left.
|
|t:|1626811437
|move|p1a: Calyrex|Max Strike|p2a: Yveltal
|-damage|p2a: Yveltal|37/100
|-unboost|p2a: Yveltal|spe|1
|move|p2a: Yveltal|Foul Play|p1a: Calyrex
|-supereffective|p1a: Calyrex
|-damage|p1a: Calyrex|28/100
|
|-end|p1a: Calyrex|Dynamax
|-heal|p1a: Calyrex|28/100|[silent]
|upkeep
|turn|22
|inactive|dasort has 60 seconds left.
|
|t:|1626811447
|move|p1a: Calyrex|Astral Barrage|p2a: Yveltal
|-resisted|p2a: Yveltal
|-damage|p2a: Yveltal|0 fnt
|faint|p2a: Yveltal
|-ability|p1a: Calyrex|Grim Neigh|boost
|-boost|p1a: Calyrex|spa|1
|
|upkeep
|inactive|dasort has 60 seconds left.
|
|t:|1626811454
|switch|p2a: Groudon|Groudon-Primal|72/100 tox
|-damage|p2a: Groudon|59/100 tox|[from] Stealth Rock
|-weather|DesolateLand|[from] ability: Desolate Land|[of] p2a: Groudon
|turn|23
|
|t:|1626811460
|move|p1a: Calyrex|Astral Barrage|p2a: Groudon
|-damage|p2a: Groudon|0 fnt
|faint|p2a: Groudon
|-weather|none
|-ability|p1a: Calyrex|Grim Neigh|boost
|-boost|p1a: Calyrex|spa|1
|
|upkeep
|
|t:|1626811463
|switch|p2a: Necrozma|Necrozma-Dusk-Mane|81/100
|-damage|p2a: Necrozma|75/100|[from] Stealth Rock
|turn|24
|
|t:|1626811465
|move|p1a: Calyrex|Astral Barrage|p2a: Necrozma
|-supereffective|p2a: Necrozma
|-damage|p2a: Necrozma|0 fnt
|faint|p2a: Necrozma
|-ability|p1a: Calyrex|Grim Neigh|boost
|-boost|p1a: Calyrex|spa|1
|
|upkeep
|
|t:|1626811469
|switch|p2a: Rayquaza|Rayquaza-Mega|76/100
|-damage|p2a: Rayquaza|51/100|[from] Stealth Rock
|-weather|DeltaStream|[from] ability: Delta Stream|[of] p2a: Rayquaza
|turn|25
|c|☆ChibbetyChabo|gg
|inactive|dasort has 90 seconds left.
|
|t:|1626811475
|-activate|p1a: Calyrex|move: Struggle
|move|p1a: Calyrex|Struggle|p2a: Rayquaza
|-damage|p2a: Rayquaza|43/100
|-damage|p1a: Calyrex|3/100|[from] recoil
|move|p2a: Rayquaza|V-create|p1a: Calyrex
|-damage|p1a: Calyrex|0 fnt
|-unboost|p2a: Rayquaza|spe|1
|-unboost|p2a: Rayquaza|def|1
|-unboost|p2a: Rayquaza|spd|1
|faint|p1a: Calyrex
|
|-weather|DeltaStream|[upkeep]
|upkeep
|c|☆dasort|gg
|c|☆ChibbetyChabo|maybe not
|c| supermario1096|Oh.
|c|☆ChibbetyChabo|oh
|
|t:|1626811485
|switch|p1a: Rayquaza|Rayquaza-Mega|100/100
|turn|26
|c|☆ChibbetyChabo|yeah gg
|c|☆dasort|I am banded lol
|c| supermario1096|Pray.
|c|☆ChibbetyChabo|I am too lol
|c|☆ChibbetyChabo|doesn't matter gg
|
|t:|1626811505
|move|p1a: Rayquaza|Dragon Ascent|p2a: Rayquaza
|-damage|p2a: Rayquaza|0 fnt
|-unboost|p1a: Rayquaza|def|1
|-unboost|p1a: Rayquaza|spd|1
|faint|p2a: Rayquaza
|
|win|ChibbetyChabo
|n|☆ChibbetyChabo|chibbetychabo
|n|☆dasort|dasort
|n| supermario1096|supermario1096
|n| pok3m0n_123|pok3m0n123
|n| RHM-Returns|rhmreturns
