|j|☆Onoufrios
|j|☆Zikam
|player|p1|Onoufrios|psychic-gen4|1783
|player|p2|Zikam|infielder|1482
|teamsize|p1|6
|teamsize|p2|6
|gametype|singles
|gen|8
|tier|[Gen 8] National Dex AG
|rated|
|clearpoke
|poke|p1|Necrozma-Dusk-Mane|
|poke|p1|Arceus-*|
|poke|p1|Xerneas|
|poke|p1|Lugia|
|poke|p1|Zacian-Crowned|
|poke|p1|Groudon|
|poke|p2|Zacian-Crowned|
|poke|p2|Lugia|
|poke|p2|Gengar, M|
|poke|p2|Marshadow|
|poke|p2|Arceus-*|
|poke|p2|Melmetal|
|rule|HP Percentage Mod: HP is shown in percentages
|rule|Endless Battle Clause: Forcing endless battles is banned
|teampreview
|inactive|Battle timer is ON: inactive players will automatically lose when time's up. (requested by Zikam)
|
|start
|switch|p1a: Groudon|Groudon|100/100
|switch|p2a: gonna kill yaaaa|Lugia, shiny|100/100
|detailschange|p1a: Groudon|Groudon-Primal
|-primal|p1a: Groudon
|-weather|DesolateLand|[from] ability: Desolate Land|[of] p1a: Groudon
|turn|1
|
|-start|p2a: gonna kill yaaaa|Dynamax
|-heal|p2a: gonna kill yaaaa|100/100|[silent]
|move|p2a: gonna kill yaaaa|Max Airstream|p1a: Groudon
|-damage|p1a: Groudon|49/100
|-boost|p2a: gonna kill yaaaa|spe|1
|move|p1a: Groudon|Stealth Rock|p2a: gonna kill yaaaa
|-sidestart|p2: Zikam|move: Stealth Rock
|
|-weather|DesolateLand|[upkeep]
|upkeep
|turn|2
|
|-weather|none
|switch|p1a: Lugia|Lugia|100/100
|move|p2a: gonna kill yaaaa|Max Airstream|p1a: Lugia
|-damage|p1a: Lugia|85/100
|-boost|p2a: gonna kill yaaaa|spe|1
|
|upkeep
|turn|3
|
|move|p2a: gonna kill yaaaa|Max Lightning|p1a: Lugia
|-supereffective|p1a: Lugia
|-crit|p1a: Lugia
|-damage|p1a: Lugia|13/100
|-fieldstart|move: Electric Terrain
|move|p1a: Lugia|Thunder Wave|p2a: gonna kill yaaaa
|-status|p2a: gonna kill yaaaa|par
|
|-end|p2a: gonna kill yaaaa|Dynamax
|-heal|p2a: gonna kill yaaaa|100/100 par|[silent]
|upkeep
|turn|4
|
|cant|p2a: gonna kill yaaaa|par
|move|p1a: Lugia|Reflect|p1a: Lugia
|-sidestart|p1: Onoufrios|Reflect
|
|upkeep
|turn|5
|
|move|p2a: gonna kill yaaaa|Aeroblast|p1a: Lugia
|-damage|p1a: Lugia|0 fnt
|faint|p1a: Lugia
|
|upkeep
|
|switch|p1a: Necrozma|Necrozma-Dusk-Mane|100/100
|turn|6
|inactive|Zikam has 120 seconds left.
|
|move|p2a: gonna kill yaaaa|Earth Power|p1a: Necrozma
|-supereffective|p1a: Necrozma
|-damage|p1a: Necrozma|71/100
|move|p1a: Necrozma|Dragon Dance|p1a: Necrozma
|-boost|p1a: Necrozma|atk|1
|-boost|p1a: Necrozma|spe|1
|
|upkeep
|turn|7
|
|switch|p2a: Arceus|Arceus|100/100
|detailschange|p1a: Necrozma|Necrozma-Ultra
|-burst|p1a: Necrozma|Necrozma|Ultranecrozium Z
|move|p1a: Necrozma|Photon Geyser|p2a: Arceus
|-damage|p2a: Arceus|37/100
|
|-fieldend|move: Electric Terrain
|upkeep
|turn|8
|
|move|p1a: Necrozma|Photon Geyser|p2a: Arceus
|-damage|p2a: Arceus|0 fnt
|faint|p2a: Arceus
|
|upkeep
|
|switch|p2a: Melmetal|Melmetal|100/100
|-damage|p2a: Melmetal|94/100|[from] Stealth Rock
|turn|9
|
|move|p1a: Necrozma|Earthquake|p2a: Melmetal
|-supereffective|p2a: Melmetal
|-damage|p2a: Melmetal|0 fnt
|faint|p2a: Melmetal
|
|upkeep
|
|switch|p2a: Marshadow|Marshadow|100/100
|-damage|p2a: Marshadow|94/100|[from] Stealth Rock
|turn|10
|
|move|p2a: Marshadow|Shadow Sneak|p1a: Necrozma
|-supereffective|p1a: Necrozma
|-damage|p1a: Necrozma|46/100
|move|p1a: Necrozma|Photon Geyser|p2a: Marshadow
|-supereffective|p2a: Marshadow
|-damage|p2a: Marshadow|0 fnt
|faint|p2a: Marshadow
|
|upkeep
|-message|Zikam forfeited.
|
|win|Onoufrios
|l|☆Zikam
||Ladder (probably) updated, but score could not be retrieved (Response not received).
|l|☆Onoufrios
|j|☆Zikam
|player|p2|Zikam|infielder
