|j|☆starkorea74
|j|☆KyogreF4N
|player|p1|starkorea74|cynthia|1856
|player|p2|KyogreF4N|benga|1782
|teamsize|p1|6
|teamsize|p2|6
|gametype|singles
|gen|8
|tier|[Gen 8] National Dex AG
|rated|
|clearpoke
|poke|p1|Necrozma-Dusk-Mane|
|poke|p1|Ho-Oh|
|poke|p1|Ditto|
|poke|p1|Arceus-*|
|poke|p1|Rayquaza|
|poke|p1|Yveltal|
|poke|p2|Arceus-*|
|poke|p2|Ditto|
|poke|p2|Deoxys-Speed|
|poke|p2|Necrozma-Dusk-Mane|
|poke|p2|Yveltal|
|poke|p2|Arceus-*|
|rule|HP Percentage Mod: HP is shown in percentages
|rule|Endless Battle Clause: Forcing endless battles is banned
|teampreview
|c|☆KyogreF4N|salut
|c|☆KyogreF4N|glhf
|c|☆starkorea74|glfh
|c|☆starkorea74|HO ?
|c|☆KyogreF4N|?
|c|☆starkorea74|t'as pas honte ahah
|c|☆KyogreF4N|j'aime bien c fun ^^
|
|start
|switch|p1a: Rayquaza|Rayquaza|100/100
|switch|p2a: Deoxys|Deoxys-Speed|100/100
|-ability|p2a: Deoxys|Pressure
|-ability|p1a: Rayquaza|Air Lock
|turn|1
|c|☆starkorea74|Tu me diras c'est dur de jouer autre chose maintenant
|
|move|p2a: Deoxys|Stealth Rock|p1a: Rayquaza
|-sidestart|p1: starkorea74|move: Stealth Rock
|move|p1a: Rayquaza|Dragon Ascent|p2a: Deoxys
|-enditem|p2a: Deoxys|Focus Sash
|-damage|p2a: Deoxys|1/100
|-unboost|p1a: Rayquaza|def|1
|-unboost|p1a: Rayquaza|spd|1
|-damage|p1a: Rayquaza|91/100|[from] item: Life Orb
|
|upkeep
|turn|2
|c|☆KyogreF4N|ouais jtrouve aussi
|c|☆starkorea74|La dynamax c'est cancer
|
|switch|p2a: Arceus|Arceus-Ghost|100/100
|detailschange|p1a: Rayquaza|Rayquaza-Mega
|-mega|p1a: Rayquaza|Rayquaza|
|-weather|DeltaStream|[from] ability: Delta Stream|[of] p1a: Rayquaza
|move|p1a: Rayquaza|Extreme Speed|p2a: Arceus
|-immune|p2a: Arceus
|
|-weather|DeltaStream|[upkeep]
|upkeep
|turn|3
|c|☆KyogreF4N|c trop fort oui
|
|move|p2a: Arceus|Swords Dance|p2a: Arceus
|-boost|p2a: Arceus|atk|2
|move|p1a: Rayquaza|Dragon Ascent|p2a: Arceus
|-damage|p2a: Arceus|28/100
|-unboost|p1a: Rayquaza|def|1
|-unboost|p1a: Rayquaza|spd|1
|-damage|p1a: Rayquaza|81/100|[from] item: Life Orb
|
|-weather|DeltaStream|[upkeep]
|upkeep
|turn|4
|
|-weather|none
|switch|p1a: Ho-Oh|Ho-Oh|100/100
|move|p2a: Arceus|Shadow Force||[still]
|-prepare|p2a: Arceus|Shadow Force|p1a: Ho-Oh
|
|upkeep
|turn|5
|
|move|p2a: Arceus|Shadow Force|p1a: Ho-Oh|[from]lockedmove
|-crit|p1a: Ho-Oh
|-damage|p1a: Ho-Oh|0 fnt
|faint|p1a: Ho-Oh
|
|upkeep
|c|☆starkorea74|:'(
|c|☆KyogreF4N|dsl si ça joue
|c|☆KyogreF4N|jsp
|c|☆starkorea74|max def donc je pense
|
|switch|p1a: Ditto|Ditto|100/100
|-damage|p1a: Ditto|88/100|[from] Stealth Rock
|-transform|p1a: Ditto|p2a: Arceus|[from] ability: Imposter
|turn|6
|c|☆KyogreF4N|ah oui
|
|switch|p1a: Arceus|Arceus-Fairy|100/100
|-damage|p1a: Arceus|88/100|[from] Stealth Rock
|switch|p2a: Arceus|Arceus|100/100
|
|upkeep
|turn|7
|
|move|p1a: Arceus|Thunder Wave|p2a: Arceus
|-status|p2a: Arceus|par
|move|p2a: Arceus|Swords Dance|p2a: Arceus
|-boost|p2a: Arceus|atk|2
|
|upkeep
|turn|8
|
|switch|p2a: Deoxys|Deoxys-Speed|1/100
|-ability|p2a: Deoxys|Pressure
|move|p1a: Arceus|Judgment|p2a: Deoxys
|-damage|p2a: Deoxys|0 fnt
|faint|p2a: Deoxys
|
|upkeep
|
|switch|p2a: Necrozma|Necrozma-Dusk-Mane|100/100
|turn|9
|
|move|p1a: Arceus|Thunder Wave|p2a: Necrozma
|-status|p2a: Necrozma|par
|move|p2a: Necrozma|Sunsteel Strike|p1a: Arceus
|-supereffective|p1a: Arceus
|-damage|p1a: Arceus|16/100
|
|upkeep
|turn|10
|
|move|p1a: Arceus|Defog|p2a: Necrozma
|-unboost|p2a: Necrozma|evasion|1
|-sideend|p1: starkorea74|Stealth Rock|[from] move: Defog|[of] p1a: Arceus
|move|p2a: Necrozma|Sunsteel Strike|p1a: Arceus
|-supereffective|p1a: Arceus
|-damage|p1a: Arceus|0 fnt
|faint|p1a: Arceus
|
|upkeep
|
|switch|p1a: Yveltal|Yveltal|100/100
|-ability|p1a: Yveltal|Dark Aura
|turn|11
|
|-start|p1a: Yveltal|Dynamax
|-heal|p1a: Yveltal|100/100|[silent]
|move|p1a: Yveltal|Max Airstream|p2a: Necrozma
|-resisted|p2a: Necrozma
|-damage|p2a: Necrozma|62/100 par
|-boost|p1a: Yveltal|spe|1
|-damage|p1a: Yveltal|96/100|[from] item: Life Orb
|move|p2a: Necrozma|Sunsteel Strike|p1a: Yveltal
|-damage|p1a: Yveltal|72/100
|
|upkeep
|turn|12
|
|move|p1a: Yveltal|Max Darkness|p2a: Necrozma
|-supereffective|p2a: Necrozma
|-damage|p2a: Necrozma|0 fnt
|-damage|p1a: Yveltal|67/100|[from] item: Life Orb
|faint|p2a: Necrozma
|
|upkeep
|
|switch|p2a: Yveltal|Yveltal|100/100
|-ability|p2a: Yveltal|Dark Aura
|turn|13
|
|-start|p2a: Yveltal|Dynamax
|-heal|p2a: Yveltal|100/100|[silent]
|move|p1a: Yveltal|Max Airstream|p2a: Yveltal
|-damage|p2a: Yveltal|60/100
|-boost|p1a: Yveltal|spe|1
|-damage|p1a: Yveltal|62/100|[from] item: Life Orb
|move|p2a: Yveltal|Max Airstream|p1a: Yveltal
|-damage|p1a: Yveltal|21/100
|-boost|p2a: Yveltal|spe|1
|-damage|p2a: Yveltal|55/100|[from] item: Life Orb
|
|-end|p1a: Yveltal|Dynamax
|-heal|p1a: Yveltal|21/100|[silent]
|upkeep
|turn|14
|
|move|p1a: Yveltal|Oblivion Wing|p2a: Yveltal
|-damage|p2a: Yveltal|29/100
|-heal|p1a: Yveltal|61/100|[from] drain|[of] p2a: Yveltal
|-damage|p1a: Yveltal|51/100|[from] item: Life Orb
|move|p2a: Yveltal|Max Airstream|p1a: Yveltal
|-damage|p1a: Yveltal|0 fnt
|-boost|p2a: Yveltal|spe|1
|-damage|p2a: Yveltal|24/100|[from] item: Life Orb
|faint|p1a: Yveltal
|
|upkeep
|
|switch|p1a: Necrozma|Necrozma-Dusk-Mane|100/100
|turn|15
|
|move|p2a: Yveltal|Max Darkness|p1a: Necrozma
|-supereffective|p1a: Necrozma
|-damage|p1a: Necrozma|0 fnt
|-damage|p2a: Yveltal|19/100|[from] item: Life Orb
|faint|p1a: Necrozma
|
|-end|p2a: Yveltal|Dynamax
|-heal|p2a: Yveltal|19/100|[silent]
|upkeep
|
|switch|p1a: Ditto|Ditto|88/100
|-transform|p1a: Ditto|p2a: Yveltal|[from] ability: Imposter
|-ability|p1a: Ditto|Dark Aura
|turn|16
|
|move|p2a: Yveltal|Sucker Punch|p1a: Ditto
|-resisted|p1a: Ditto
|-damage|p1a: Ditto|55/100
|-damage|p2a: Yveltal|9/100|[from] item: Life Orb
|move|p1a: Ditto|Oblivion Wing|p2a: Yveltal
|-damage|p2a: Yveltal|0 fnt
|-heal|p1a: Ditto|63/100|[from] drain|[of] p2a: Yveltal
|faint|p2a: Yveltal
|
|upkeep
|
|switch|p2a: Arceus|Arceus|100/100 par
|turn|17
|
|cant|p2a: Arceus|par
|move|p1a: Ditto|Oblivion Wing|p2a: Arceus
|-damage|p2a: Arceus|75/100 par
|-heal|p1a: Ditto|91/100|[from] drain|[of] p2a: Arceus
|
|upkeep
|turn|18
|
|move|p1a: Ditto|Oblivion Wing|p2a: Arceus
|-damage|p2a: Arceus|50/100 par
|-heal|p1a: Ditto|100/100|[from] drain|[of] p2a: Arceus
|move|p2a: Arceus|Swords Dance|p2a: Arceus
|-boost|p2a: Arceus|atk|2
|
|upkeep
|turn|19
|
|move|p1a: Ditto|Oblivion Wing|p2a: Arceus
|-damage|p2a: Arceus|22/100 par
|move|p2a: Arceus|Recover|p2a: Arceus
|-heal|p2a: Arceus|73/100 par
|
|upkeep
|turn|20
|
|switch|p1a: Rayquaza|Rayquaza-Mega|81/100
|-weather|DeltaStream|[from] ability: Delta Stream|[of] p1a: Rayquaza
|move|p2a: Arceus|Extreme Speed|p1a: Rayquaza
|-damage|p1a: Rayquaza|0 fnt
|faint|p1a: Rayquaza
|-weather|none
|
|upkeep
|
|switch|p1a: Ditto|Ditto|100/100
|-transform|p1a: Ditto|p2a: Arceus|[from] ability: Imposter
|turn|21
|c|☆starkorea74|gg
|c|☆KyogreF4N|jpeux me faire para
|
|move|p2a: Arceus|Extreme Speed|p1a: Ditto
|-damage|p1a: Ditto|11/100
|move|p1a: Ditto|Earthquake|p2a: Arceus
|-crit|p2a: Arceus
|-damage|p2a: Arceus|2/100 par
|
|upkeep
|turn|22
|
|move|p2a: Arceus|Extreme Speed|p1a: Ditto
|-damage|p1a: Ditto|0 fnt
|faint|p1a: Ditto
|
|win|KyogreF4N
|c|☆KyogreF4N|gg
|c|☆starkorea74|nah ahah
|c|☆starkorea74|gg
|l|☆starkorea74
|raw|starkorea74's rating: 1856 &rarr; <strong>1832</strong><br />(-24 for losing)
|raw|KyogreF4N's rating: 1795 &rarr; <strong>1819</strong><br />(+24 for winning)
