|j|☆Mori Jin Kato
|j|☆chvjkjl
|t:|1652387784
|gametype|singles
|player|p1|Mori Jin Kato|red|1488
|player|p2|chvjkjl|1|1518
|teamsize|p1|6
|teamsize|p2|6
|gen|8
|tier|[Gen 8] National Dex AG
|rated|
|rule|HP Percentage Mod: HP is shown in percentages
|rule|Endless Battle Clause: Forcing endless battles is banned
|clearpoke
|poke|p1|Cinderace, F|
|poke|p1|Zacian-*|
|poke|p1|Calyrex-Shadow|
|poke|p1|Dragonite, M|
|poke|p1|Regieleki|
|poke|p1|Ditto|
|poke|p2|Deoxys-Speed|
|poke|p2|Rayquaza|
|poke|p2|Yveltal|
|poke|p2|Ditto|
|poke|p2|Zacian-*|
|poke|p2|Calyrex-Shadow|
|teampreview
|inactive|Battle timer is ON: inactive players will automatically lose when time's up. (requested by Mori Jin Kato)
|
|t:|1652387799
|start
|switch|p1a: Jaecheondaesong|Cinderace, F|100/100
|switch|p2a: Deoxys|Deoxys-Speed|100/100
|-ability|p2a: Deoxys|Pressure
|turn|1
|
|t:|1652387808
|-start|p1a: Jaecheondaesong|Dynamax|
|-heal|p1a: Jaecheondaesong|100/100|[silent]
|move|p2a: Deoxys|Stealth Rock|p1a: Jaecheondaesong
|-sidestart|p1: Mori Jin Kato|move: Stealth Rock
|move|p1a: Jaecheondaesong|Max Airstream|p2a: Deoxys
|-start|p1a: Jaecheondaesong|typechange|Flying|[from] ability: Libero
|-damage|p2a: Deoxys|32/100
|-boost|p1a: Jaecheondaesong|spe|1
|
|upkeep
|turn|2
|
|t:|1652387818
|move|p2a: Deoxys|Taunt|p1a: Jaecheondaesong
|-start|p1a: Jaecheondaesong|move: Taunt
|move|p1a: Jaecheondaesong|Max Airstream|p2a: Deoxys
|-damage|p2a: Deoxys|0 fnt
|-boost|p1a: Jaecheondaesong|spe|1
|faint|p2a: Deoxys
|
|upkeep
|
|t:|1652387837
|switch|p2a: Yveltal|Yveltal|100/100
|-ability|p2a: Yveltal|Dark Aura
|turn|3
|
|t:|1652387847
|move|p1a: Jaecheondaesong|Max Flare|p2a: Yveltal
|-start|p1a: Jaecheondaesong|typechange|Fire|[from] ability: Libero
|-damage|p2a: Yveltal|36/100
|-weather|SunnyDay
|move|p2a: Yveltal|Oblivion Wing|p1a: Jaecheondaesong
|-damage|p1a: Jaecheondaesong|58/100
|-heal|p2a: Yveltal|84/100|[from] drain|[of] p1a: Jaecheondaesong
|-damage|p2a: Yveltal|75/100|[from] item: Life Orb
|
|-weather|SunnyDay|[upkeep]
|upkeep
|-end|p1a: Jaecheondaesong|Dynamax
|-heal|p1a: Jaecheondaesong|59/100|[silent]
|turn|4
|
|t:|1652387860
|move|p1a: Jaecheondaesong|Pyro Ball|p2a: Yveltal
|-damage|p2a: Yveltal|0 fnt
|faint|p2a: Yveltal
|
|-weather|SunnyDay|[upkeep]
|-end|p1a: Jaecheondaesong|move: Taunt
|upkeep
|
|t:|1652387867
|switch|p2a: Rayquaza|Rayquaza|100/100
|-ability|p2a: Rayquaza|Air Lock
|turn|5
|
|t:|1652387896
|detailschange|p2a: Rayquaza|Rayquaza-Mega
|-mega|p2a: Rayquaza|Rayquaza|
|-weather|DeltaStream|[from] ability: Delta Stream|[of] p2a: Rayquaza
|move|p2a: Rayquaza|Extreme Speed|p1a: Jaecheondaesong
|-damage|p1a: Jaecheondaesong|5/100
|-damage|p2a: Rayquaza|91/100|[from] item: Life Orb
|move|p1a: Jaecheondaesong|High Jump Kick|p2a: Rayquaza
|-start|p1a: Jaecheondaesong|typechange|Fighting|[from] ability: Libero
|-resisted|p2a: Rayquaza
|-damage|p2a: Rayquaza|57/100
|
|-weather|DeltaStream|[upkeep]
|upkeep
|turn|6
|
|t:|1652387907
|move|p2a: Rayquaza|Extreme Speed|p1a: Jaecheondaesong
|-damage|p1a: Jaecheondaesong|0 fnt
|faint|p1a: Jaecheondaesong
|-damage|p2a: Rayquaza|47/100|[from] item: Life Orb
|
|-weather|DeltaStream|[upkeep]
|upkeep
|inactive|Mori Jin Kato has 120 seconds left.
|inactive|Mori Jin Kato has 90 seconds left.
|
|t:|1652387975
|switch|p1a: Calyrex|Calyrex-Shadow|100/100
|-ability|p1a: Calyrex|As One
|-ability|p1a: Calyrex|Unnerve
|-damage|p1a: Calyrex|88/100|[from] Stealth Rock
|turn|7
|
|t:|1652387981
|move|p1a: Calyrex|Astral Barrage|p2a: Rayquaza
|-damage|p2a: Rayquaza|0 fnt
|faint|p2a: Rayquaza
|-weather|none
|-ability|p1a: Calyrex|Grim Neigh|boost
|-boost|p1a: Calyrex|spa|1
|
|upkeep
|
|t:|1652387986
|switch|p2a: Ditto|Ditto|100/100
|-transform|p2a: Ditto|p1a: Calyrex|[from] ability: Imposter
|turn|8
|
|t:|1652387995
|move|p2a: Ditto|Astral Barrage|p1a: Calyrex
|-supereffective|p1a: Calyrex
|-damage|p1a: Calyrex|0 fnt
|faint|p1a: Calyrex
|-ability|p2a: Ditto|Grim Neigh|boost
|-boost|p2a: Ditto|spa|1
|
|upkeep
|inactive|Mori Jin Kato has 60 seconds left.
|c|☆Mori Jin Kato|so gay how ditto cant copy ditto
|c|☆Mori Jin Kato|lmaoo
|c|☆Mori Jin Kato|this would be fun
|
|t:|1652388036
|switch|p1a: Gwendouwin|Regieleki|100/100
|-damage|p1a: Gwendouwin|88/100|[from] Stealth Rock
|turn|9
|c|☆chvjkjl|ya ik
|inactive|chvjkjl has 120 seconds left.
|c|☆chvjkjl|i would just have 6 dittos if that was possible
|
|t:|1652388073
|-start|p2a: Ditto|Dynamax|
|-heal|p2a: Ditto|100/100|[silent]
|move|p1a: Gwendouwin|Wild Charge|p2a: Ditto
|-damage|p2a: Ditto|37/100
|-damage|p1a: Gwendouwin|57/100|[from] Recoil
|move|p2a: Ditto|Max Phantasm|p1a: Gwendouwin
|-damage|p1a: Gwendouwin|0 fnt
|faint|p1a: Gwendouwin
|-ability|p2a: Ditto|Grim Neigh|boost
|-boost|p2a: Ditto|spa|1
|
|upkeep
|c|☆Mori Jin Kato|right army back to back lmao
|c|☆Mori Jin Kato|nice dynamax big brain
|c|☆chvjkjl|itd be max attack zacian every time
|inactive|Mori Jin Kato has 30 seconds left.
|inactive|Mori Jin Kato has 20 seconds left.
|inactive|Mori Jin Kato has 15 seconds left.
|
|t:|1652388114
|switch|p1a: Zacian|Zacian-Crowned|100/100
|-damage|p1a: Zacian|94/100|[from] Stealth Rock
|-ability|p1a: Zacian|Intrepid Sword|boost
|-boost|p1a: Zacian|atk|1
|turn|10
|inactive|Mori Jin Kato has 25 seconds left this turn.
|inactive|Mori Jin Kato has 20 seconds left.
|c|☆Mori Jin Kato|kill me
|inactive|chvjkjl has 120 seconds left.
|c|☆Mori Jin Kato|lmaoo
|
|t:|1652388125
|move|p2a: Ditto|Max Phantasm|p1a: Zacian
|-damage|p1a: Zacian|0 fnt
|faint|p1a: Zacian
|-ability|p2a: Ditto|Grim Neigh|boost
|-boost|p2a: Ditto|spa|1
|
|upkeep
|inactive|Mori Jin Kato has 25 seconds left this turn.
|inactive|Mori Jin Kato has 20 seconds left.
|inactive|Mori Jin Kato has 15 seconds left.
|
|t:|1652388137
|switch|p1a: Seventh Owner|Ditto|100/100
|-damage|p1a: Seventh Owner|88/100|[from] Stealth Rock
|turn|11
|inactive|Mori Jin Kato has 25 seconds left this turn.
|inactive|Mori Jin Kato has 20 seconds left.
|inactive|Mori Jin Kato has 15 seconds left.
|c|☆Mori Jin Kato|tranform dittooo goo xD
|
|t:|1652388149
|move|p2a: Ditto|Max Darkness|p1a: Seventh Owner
|-damage|p1a: Seventh Owner|0 fnt
|faint|p1a: Seventh Owner
|-ability|p2a: Ditto|Grim Neigh|boost
|-boost|p2a: Ditto|spa|1
|
|upkeep
|inactive|Mori Jin Kato has 20 seconds left this turn.
|inactive|Mori Jin Kato has 15 seconds left.
|
|t:|1652388156
|switch|p1a: Yeoui|Dragonite, M|100/100
|-damage|p1a: Yeoui|75/100|[from] Stealth Rock
|-end|p2a: Ditto|Dynamax
|-heal|p2a: Ditto|37/100|[silent]
|turn|12
|inactive|Mori Jin Kato has 25 seconds left this turn.
|inactive|Mori Jin Kato has 20 seconds left.
|c|☆chvjkjl|transform fails into ditto
|inactive|Mori Jin Kato has 15 seconds left.
|c|☆Mori Jin Kato|bro if it wasnt caly peep lol
|c|☆chvjkjl|which is dumb
|
|t:|1652388168
|move|p1a: Yeoui|Extreme Speed|p2a: Ditto
|-immune|p2a: Ditto
|move|p2a: Ditto|Astral Barrage|p1a: Yeoui
|-damage|p1a: Yeoui|0 fnt
|faint|p1a: Yeoui
|
|win|chvjkjl
|inactive|Mori Jin Kato has 20 seconds left this turn.
|raw|Mori Jin Kato's rating: 1488 &rarr; <strong>1470</strong><br />(-18 for losing)
|raw|chvjkjl's rating: 1518 &rarr; <strong>1536</strong><br />(+18 for winning)
|c|☆Mori Jin Kato|xD
|c|☆chvjkjl|lmao
|c|☆chvjkjl|gg
|c|☆Mori Jin Kato|gg
|l|☆Mori Jin Kato
||Ladder isn't responding, score probably updated but might not have (Request timeout).
