|j|☆CLEAR GEM清瑜
|j|☆Dominator296
|t:|1662283499
|gametype|singles
|player|p1|CLEAR GEM清瑜|skierf|1834
|player|p2|Dominator296|alder|1870
|teamsize|p1|6
|teamsize|p2|6
|gen|8
|tier|[Gen 8] National Dex AG
|rated|
|rule|HP Percentage Mod: HP is shown in percentages
|rule|Endless Battle Clause: Forcing endless battles is banned
|clearpoke
|poke|p1|Rayquaza|
|poke|p1|Groudon|
|poke|p1|Arceus-*|
|poke|p1|Yveltal|
|poke|p1|Zacian-*|
|poke|p1|Necrozma-Dusk-Mane|
|poke|p2|Kyogre|
|poke|p2|Groudon|
|poke|p2|Tyranitar, M|
|poke|p2|Necrozma-Dusk-Mane|
|poke|p2|Arceus-*|
|poke|p2|Arceus-*|
|teampreview
|inactive|Battle timer is ON: inactive players will automatically lose when time's up. (requested by CLEAR GEM清瑜)
|
|t:|1662283507
|start
|switch|p1a: 不会(?)|Groudon|100/100
|switch|p2a: Necrozma|Necrozma-Dusk-Mane|100/100
|detailschange|p1a: 不会(?)|Groudon-Primal
|-primal|p1a: 不会(?)
|-weather|DesolateLand|[from] ability: Desolate Land|[of] p1a: 不会(?)
|turn|1
|
|t:|1662283516
|detailschange|p2a: Necrozma|Necrozma-Ultra
|-burst|p2a: Necrozma|Necrozma|Ultranecrozium Z
|move|p2a: Necrozma|Stealth Rock|p1a: 不会(?)
|-sidestart|p1: CLEAR GEM清瑜|move: Stealth Rock
|move|p1a: 不会(?)|Stealth Rock|p2a: Necrozma
|-sidestart|p2: Dominator296|move: Stealth Rock
|
|-weather|DesolateLand|[upkeep]
|upkeep
|turn|2
|
|t:|1662283523
|-zpower|p2a: Necrozma
|move|p2a: Necrozma|Light That Burns the Sky|p1a: 不会(?)|[zeffect]
|-damage|p1a: 不会(?)|23/100
|move|p1a: 不会(?)|Roar|p2a: Necrozma
|drag|p2a: Arceus|Arceus-Flying|100/100
|-damage|p2a: Arceus|76/100|[from] Stealth Rock
|
|-weather|DesolateLand|[upkeep]
|upkeep
|turn|3
|
|t:|1662283534
|move|p2a: Arceus|Judgment|p1a: 不会(?)
|-damage|p1a: 不会(?)|0 fnt
|faint|p1a: 不会(?)
|-weather|none
|
|upkeep
|
|t:|1662283545
|switch|p1a: 老烈|Rayquaza|100/100
|-damage|p1a: 老烈|76/100|[from] Stealth Rock
|-ability|p1a: 老烈|Air Lock
|turn|4
|
|t:|1662283555
|detailschange|p1a: 老烈|Rayquaza-Mega
|-mega|p1a: 老烈|Rayquaza|
|-weather|DeltaStream|[from] ability: Delta Stream|[of] p1a: 老烈
|-start|p2a: Arceus|Dynamax|
|-heal|p2a: Arceus|76/100|[silent]
|move|p1a: 老烈|Dragon Ascent|p2a: Arceus
|-damage|p2a: Arceus|54/100
|-unboost|p1a: 老烈|def|1
|-unboost|p1a: 老烈|spd|1
|move|p2a: Arceus|Max Airstream|p1a: 老烈
|-damage|p1a: 老烈|0 fnt
|-boost|p2a: Arceus|spe|1
|faint|p1a: 老烈
|-weather|none
|
|upkeep
|
|t:|1662283561
|switch|p1a: 悬空羊驼|Arceus-Flying|100/100
|-damage|p1a: 悬空羊驼|76/100|[from] Stealth Rock
|turn|5
|
|t:|1662283573
|-start|p1a: 悬空羊驼|Dynamax|
|-heal|p1a: 悬空羊驼|76/100|[silent]
|move|p1a: 悬空羊驼|Max Guard|p1a: 悬空羊驼
|-singleturn|p1a: 悬空羊驼|Max Guard
|move|p2a: Arceus|Max Airstream|p1a: 悬空羊驼
|-activate|p1a: 悬空羊驼|move: Max Guard
|
|upkeep
|turn|6
|
|t:|1662283579
|move|p2a: Arceus|Max Airstream|p1a: 悬空羊驼
|-damage|p1a: 悬空羊驼|53/100
|-boost|p2a: Arceus|spe|1
|move|p1a: 悬空羊驼|Max Airstream|p2a: Arceus
|-damage|p2a: Arceus|26/100
|-boost|p1a: 悬空羊驼|spe|1
|
|upkeep
|-end|p2a: Arceus|Dynamax
|-heal|p2a: Arceus|26/100|[silent]
|turn|7
|
|t:|1662283584
|move|p2a: Arceus|Recover|p2a: Arceus
|-heal|p2a: Arceus|76/100
|move|p1a: 悬空羊驼|Max Airstream|p2a: Arceus
|-damage|p2a: Arceus|21/100
|-boost|p1a: 悬空羊驼|spe|1
|
|upkeep
|-end|p1a: 悬空羊驼|Dynamax
|-heal|p1a: 悬空羊驼|53/100|[silent]
|turn|8
|
|t:|1662283593
|move|p1a: 悬空羊驼|Judgment|p2a: Arceus
|-damage|p2a: Arceus|0 fnt
|faint|p2a: Arceus
|
|upkeep
|
|t:|1662283607
|switch|p2a: Tyranitar|Tyranitar, M|100/100
|-damage|p2a: Tyranitar|88/100|[from] Stealth Rock
|-weather|Sandstorm|[from] ability: Sand Stream|[of] p2a: Tyranitar
|turn|9
|
|t:|1662283612
|detailschange|p2a: Tyranitar|Tyranitar-Mega, M
|-mega|p2a: Tyranitar|Tyranitar|Tyranitarite
|move|p1a: 悬空羊驼|Earth Power|p2a: Tyranitar
|-supereffective|p2a: Tyranitar
|-damage|p2a: Tyranitar|55/100
|move|p2a: Tyranitar|Rock Slide|p1a: 悬空羊驼
|-supereffective|p1a: 悬空羊驼
|-damage|p1a: 悬空羊驼|0 fnt
|faint|p1a: 悬空羊驼
|
|-weather|Sandstorm|[upkeep]
|upkeep
|
|t:|1662283622
|switch|p1a: 钢铁之躯|Necrozma-Dusk-Mane|100/100
|-damage|p1a: 钢铁之躯|94/100|[from] Stealth Rock
|turn|10
|
|t:|1662283629
|switch|p2a: Necrozma|Necrozma-Ultra|100/100
|-damage|p2a: Necrozma|88/100|[from] Stealth Rock
|move|p1a: 钢铁之躯|Dragon Dance|p1a: 钢铁之躯
|-boost|p1a: 钢铁之躯|atk|1
|-boost|p1a: 钢铁之躯|spe|1
|
|-weather|Sandstorm|[upkeep]
|-damage|p2a: Necrozma|82/100|[from] Sandstorm
|upkeep
|turn|11
|
|t:|1662283635
|move|p2a: Necrozma|Thunder Wave|p1a: 钢铁之躯
|-status|p1a: 钢铁之躯|par
|move|p1a: 钢铁之躯|Dragon Dance|p1a: 钢铁之躯
|-boost|p1a: 钢铁之躯|atk|1
|-boost|p1a: 钢铁之躯|spe|1
|
|-weather|Sandstorm|[upkeep]
|-damage|p2a: Necrozma|76/100|[from] Sandstorm
|upkeep
|turn|12
|
|t:|1662283640
|switch|p2a: Kyogre|Kyogre|100/100
|-damage|p2a: Kyogre|88/100|[from] Stealth Rock
|-weather|RainDance|[from] ability: Drizzle|[of] p2a: Kyogre
|detailschange|p1a: 钢铁之躯|Necrozma-Ultra
|-burst|p1a: 钢铁之躯|Necrozma|Ultranecrozium Z
|move|p1a: 钢铁之躯|Earthquake|p2a: Kyogre
|-crit|p2a: Kyogre
|-damage|p2a: Kyogre|0 fnt
|faint|p2a: Kyogre
|
|-weather|RainDance|[upkeep]
|upkeep
|
|t:|1662283654
|switch|p2a: Groudon|Groudon|100/100
|-damage|p2a: Groudon|94/100|[from] Stealth Rock
|detailschange|p2a: Groudon|Groudon-Primal
|-primal|p2a: Groudon
|-weather|DesolateLand|[from] ability: Desolate Land|[of] p2a: Groudon
|turn|13
|
|t:|1662283656
|cant|p1a: 钢铁之躯|par
|move|p2a: Groudon|Precipice Blades|p1a: 钢铁之躯
|-damage|p1a: 钢铁之躯|15/100 par
|
|-weather|DesolateLand|[upkeep]
|upkeep
|turn|14
|
|t:|1662283663
|move|p1a: 钢铁之躯|Earthquake|p2a: Groudon
|-supereffective|p2a: Groudon
|-damage|p2a: Groudon|0 fnt
|faint|p2a: Groudon
|-weather|none
|
|upkeep
|
|t:|1662283665
|switch|p2a: Arceus|Arceus, shiny|100/100
|-damage|p2a: Arceus|88/100|[from] Stealth Rock
|turn|15
|
|t:|1662283667
|move|p2a: Arceus|Extreme Speed|p1a: 钢铁之躯
|-damage|p1a: 钢铁之躯|0 fnt
|faint|p1a: 钢铁之躯
|
|upkeep
|
|t:|1662283671
|switch|p1a: 嘉然小姐的狗|Zacian-Crowned|100/100
|-damage|p1a: 嘉然小姐的狗|94/100|[from] Stealth Rock
|-ability|p1a: 嘉然小姐的狗|Intrepid Sword|boost
|-boost|p1a: 嘉然小姐的狗|atk|1
|turn|16
|
|t:|1662283685
|move|p1a: 嘉然小姐的狗|Close Combat|p2a: Arceus
|-supereffective|p2a: Arceus
|-damage|p2a: Arceus|0 fnt
|-unboost|p1a: 嘉然小姐的狗|def|1
|-unboost|p1a: 嘉然小姐的狗|spd|1
|faint|p2a: Arceus
|
|upkeep
|
|t:|1662283691
|switch|p2a: Necrozma|Necrozma-Ultra|76/100
|-damage|p2a: Necrozma|64/100|[from] Stealth Rock
|turn|17
|
|t:|1662283693
|move|p1a: 嘉然小姐的狗|Behemoth Blade|p2a: Necrozma
|-damage|p2a: Necrozma|0 fnt
|faint|p2a: Necrozma
|
|upkeep
|-message|Dominator296 forfeited.
|
|win|CLEAR GEM清瑜
|raw|CLEAR GEM清瑜's rating: 1834 &rarr; <strong>1856</strong><br />(+22 for winning)
|raw|Dominator296's rating: 1870 &rarr; <strong>1848</strong><br />(-22 for losing)
|l|☆Dominator296
||Ladder isn't responding, score probably updated but might not have (Request timeout).
