|j|☆Alice_Finnemore
|j|☆Monsterapper
|t:|1650942216
|gametype|singles
|player|p1|Alice_Finnemore|cynthia|1485
|player|p2|Monsterapper|fisherman-gen4|1589
|teamsize|p1|6
|teamsize|p2|6
|gen|8
|tier|[Gen 8] National Dex AG
|rated|
|rule|HP Percentage Mod: HP is shown in percentages
|rule|Endless Battle Clause: Forcing endless battles is banned
|clearpoke
|poke|p1|Aerodactyl, F|
|poke|p1|Gyarados, F|
|poke|p1|Dragonite, F|
|poke|p1|Dragonite, M|
|poke|p1|Charizard, M|
|poke|p1|Dragonite, M|
|poke|p2|Deoxys-Attack|
|poke|p2|Calyrex-Shadow|
|poke|p2|Zacian-*|
|poke|p2|Clefable, M|
|poke|p2|Salamence, M|
|poke|p2|Chansey, F|
|teampreview
|inactive|Battle timer is ON: inactive players will automatically lose when time's up. (requested by Alice_Finnemore)
|
|t:|1650942224
|start
|switch|p1a: Aerodactyl|Aerodactyl, F|100/100
|switch|p2a: Deoxys|Deoxys-Attack, shiny|100/100
|-ability|p2a: Deoxys|Pressure
|-ability|p1a: Aerodactyl|Pressure
|turn|1
|
|t:|1650942232
|move|p2a: Deoxys|Ice Beam|p1a: Aerodactyl
|-supereffective|p1a: Aerodactyl
|-enditem|p1a: Aerodactyl|Focus Sash
|-damage|p1a: Aerodactyl|1/100
|move|p1a: Aerodactyl|Stealth Rock|p2a: Deoxys
|-sidestart|p2: Monsterapper|move: Stealth Rock
|
|upkeep
|turn|2
|
|t:|1650942239
|move|p2a: Deoxys|Ice Beam|p1a: Aerodactyl
|-supereffective|p1a: Aerodactyl
|-damage|p1a: Aerodactyl|0 fnt
|faint|p1a: Aerodactyl
|
|upkeep
|
|t:|1650942246
|switch|p1a: Gyarados|Gyarados, F|100/100
|turn|3
|
|t:|1650942254
|move|p2a: Deoxys|Ice Beam|p1a: Gyarados
|-damage|p1a: Gyarados|54/100
|move|p1a: Gyarados|Dragon Dance|p1a: Gyarados
|-boost|p1a: Gyarados|atk|1
|-boost|p1a: Gyarados|spe|1
|
|-heal|p1a: Gyarados|60/100|[from] item: Leftovers
|upkeep
|turn|4
|
|t:|1650942269
|move|p1a: Gyarados|Waterfall|p2a: Deoxys
|-enditem|p2a: Deoxys|Focus Sash
|-damage|p2a: Deoxys|1/100
|cant|p2a: Deoxys|flinch
|
|-heal|p1a: Gyarados|66/100|[from] item: Leftovers
|upkeep
|turn|5
|
|t:|1650942276
|move|p2a: Deoxys|Extreme Speed|p1a: Gyarados
|-damage|p1a: Gyarados|27/100
|move|p1a: Gyarados|Waterfall|p2a: Deoxys
|-damage|p2a: Deoxys|0 fnt
|faint|p2a: Deoxys
|-ability|p1a: Gyarados|Moxie|boost
|-boost|p1a: Gyarados|atk|1
|
|-heal|p1a: Gyarados|33/100|[from] item: Leftovers
|upkeep
|
|t:|1650942285
|switch|p2a: Calyrex|Calyrex-Shadow|100/100
|-ability|p2a: Calyrex|As One
|-ability|p2a: Calyrex|Unnerve
|-damage|p2a: Calyrex|88/100|[from] Stealth Rock
|turn|6
|
|t:|1650942291
|move|p2a: Calyrex|Astral Barrage|p1a: Gyarados
|-damage|p1a: Gyarados|0 fnt
|faint|p1a: Gyarados
|-ability|p2a: Calyrex|Grim Neigh|boost
|-boost|p2a: Calyrex|spa|1
|
|upkeep
|
|t:|1650942294
|switch|p1a: Dragonite|Dragonite, F|100/100
|turn|7
|
|t:|1650942299
|-start|p1a: Dragonite|Dynamax|
|-heal|p1a: Dragonite|100/100|[silent]
|move|p2a: Calyrex|Astral Barrage|p1a: Dragonite
|-damage|p1a: Dragonite|70/100
|move|p1a: Dragonite|Max Airstream|p2a: Calyrex
|-damage|p2a: Calyrex|12/100
|-boost|p1a: Dragonite|spe|1
|
|upkeep
|turn|8
|
|t:|1650942311
|move|p2a: Calyrex|Astral Barrage|p1a: Dragonite
|-damage|p1a: Dragonite|10/100
|move|p1a: Dragonite|Max Quake|p2a: Calyrex
|-damage|p2a: Calyrex|0 fnt
|-boost|p1a: Dragonite|spd|1
|faint|p2a: Calyrex
|
|upkeep
|
|t:|1650942321
|switch|p2a: Clefable|Clefable, M|100/100
|-damage|p2a: Clefable|88/100|[from] Stealth Rock
|turn|9
|
|t:|1650942326
|move|p1a: Dragonite|Max Airstream|p2a: Clefable
|-crit|p2a: Clefable
|-damage|p2a: Clefable|6/100
|-boost|p1a: Dragonite|spe|1
|move|p2a: Clefable|Cosmic Power|p2a: Clefable
|-boost|p2a: Clefable|def|1
|-boost|p2a: Clefable|spd|1
|
|-heal|p2a: Clefable|12/100|[from] item: Leftovers
|-end|p1a: Dragonite|Dynamax
|-heal|p1a: Dragonite|10/100|[silent]
|upkeep
|turn|10
|
|t:|1650942337
|move|p1a: Dragonite|Roost|p1a: Dragonite
|-heal|p1a: Dragonite|60/100
|-singleturn|p1a: Dragonite|move: Roost
|move|p2a: Clefable|Soft-Boiled|p2a: Clefable
|-heal|p2a: Clefable|62/100
|
|-heal|p2a: Clefable|68/100|[from] item: Leftovers
|upkeep
|turn|11
|
|t:|1650942345
|move|p1a: Dragonite|Roost|p1a: Dragonite
|-heal|p1a: Dragonite|100/100
|-singleturn|p1a: Dragonite|move: Roost
|move|p2a: Clefable|Soft-Boiled|p2a: Clefable
|-heal|p2a: Clefable|100/100
|
|upkeep
|turn|12
|
|t:|1650942351
|move|p1a: Dragonite|Dragon Dance|p1a: Dragonite
|-boost|p1a: Dragonite|atk|1
|-boost|p1a: Dragonite|spe|1
|move|p2a: Clefable|Cosmic Power|p2a: Clefable
|-boost|p2a: Clefable|def|1
|-boost|p2a: Clefable|spd|1
|
|upkeep
|turn|13
|
|t:|1650942357
|move|p1a: Dragonite|Earthquake|p2a: Clefable
|-damage|p2a: Clefable|88/100
|move|p2a: Clefable|Cosmic Power|p2a: Clefable
|-boost|p2a: Clefable|def|1
|-boost|p2a: Clefable|spd|1
|
|-heal|p2a: Clefable|94/100|[from] item: Leftovers
|upkeep
|turn|14
|
|t:|1650942364
|move|p1a: Dragonite|Dual Wingbeat|p2a: Clefable
|-damage|p2a: Clefable|87/100
|-damage|p2a: Clefable|80/100
|-hitcount|p2a: Clefable|2
|move|p2a: Clefable|Cosmic Power|p2a: Clefable
|-boost|p2a: Clefable|def|1
|-boost|p2a: Clefable|spd|1
|
|-heal|p2a: Clefable|86/100|[from] item: Leftovers
|upkeep
|turn|15
|
|t:|1650942373
|move|p1a: Dragonite|Dragon Dance|p1a: Dragonite
|-boost|p1a: Dragonite|atk|1
|-boost|p1a: Dragonite|spe|1
|move|p2a: Clefable|Cosmic Power|p2a: Clefable
|-boost|p2a: Clefable|def|1
|-boost|p2a: Clefable|spd|1
|
|-heal|p2a: Clefable|92/100|[from] item: Leftovers
|upkeep
|turn|16
|
|t:|1650942380
|move|p1a: Dragonite|Dragon Dance|p1a: Dragonite
|-boost|p1a: Dragonite|atk|1
|-boost|p1a: Dragonite|spe|1
|move|p2a: Clefable|Cosmic Power|p2a: Clefable
|-boost|p2a: Clefable|def|1
|-boost|p2a: Clefable|spd|1
|
|-heal|p2a: Clefable|98/100|[from] item: Leftovers
|upkeep
|turn|17
|
|t:|1650942387
|move|p1a: Dragonite|Dragon Dance|p1a: Dragonite
|-boost|p1a: Dragonite|atk|1
|-boost|p1a: Dragonite|spe|1
|move|p2a: Clefable|Moonblast|p1a: Dragonite
|-supereffective|p1a: Dragonite
|-damage|p1a: Dragonite|70/100
|-enditem|p1a: Dragonite|Weakness Policy
|-boost|p1a: Dragonite|atk|2|[from] item: Weakness Policy
|-boost|p1a: Dragonite|spa|2|[from] item: Weakness Policy
|
|-heal|p2a: Clefable|100/100|[from] item: Leftovers
|upkeep
|turn|18
|
|t:|1650942397
|move|p1a: Dragonite|Dual Wingbeat|p2a: Clefable
|-damage|p2a: Clefable|96/100
|-damage|p2a: Clefable|91/100
|-hitcount|p2a: Clefable|2
|move|p2a: Clefable|Moonblast|p1a: Dragonite
|-supereffective|p1a: Dragonite
|-damage|p1a: Dragonite|0 fnt
|faint|p1a: Dragonite
|
|-heal|p2a: Clefable|97/100|[from] item: Leftovers
|upkeep
|
|t:|1650942405
|switch|p1a: Dragonite|Dragonite, M, shiny|100/100
|turn|19
|
|t:|1650942408
|-zpower|p1a: Dragonite
|move|p1a: Dragonite|Supersonic Skystrike|p2a: Clefable|[zeffect]
|-damage|p2a: Clefable|87/100
|move|p2a: Clefable|Moonblast|p1a: Dragonite
|-supereffective|p1a: Dragonite
|-crit|p1a: Dragonite
|-damage|p1a: Dragonite|54/100
|
|-heal|p2a: Clefable|93/100|[from] item: Leftovers
|upkeep
|turn|20
|
|t:|1650942418
|move|p1a: Dragonite|Extreme Speed|p2a: Clefable
|-damage|p2a: Clefable|87/100
|move|p2a: Clefable|Moonblast|p1a: Dragonite
|-supereffective|p1a: Dragonite
|-damage|p1a: Dragonite|0 fnt
|faint|p1a: Dragonite
|
|-heal|p2a: Clefable|93/100|[from] item: Leftovers
|upkeep
|
|t:|1650942421
|switch|p1a: Dragonite|Dragonite, M|100/100
|turn|21
|
|t:|1650942429
|move|p1a: Dragonite|Dragon Dance|p1a: Dragonite
|-boost|p1a: Dragonite|atk|1
|-boost|p1a: Dragonite|spe|1
|move|p2a: Clefable|Moonblast|p1a: Dragonite
|-supereffective|p1a: Dragonite
|-damage|p1a: Dragonite|73/100
|-unboost|p1a: Dragonite|spa|1
|
|-heal|p2a: Clefable|99/100|[from] item: Leftovers
|upkeep
|turn|22
|
|t:|1650942437
|move|p1a: Dragonite|Dual Wingbeat|p2a: Clefable
|-damage|p2a: Clefable|95/100
|-damage|p2a: Clefable|92/100
|-hitcount|p2a: Clefable|2
|move|p2a: Clefable|Moonblast|p1a: Dragonite
|-supereffective|p1a: Dragonite
|-damage|p1a: Dragonite|20/100
|
|-heal|p2a: Clefable|98/100|[from] item: Leftovers
|upkeep
|turn|23
|
|t:|1650942445
|move|p1a: Dragonite|Dual Wingbeat|p2a: Clefable
|-damage|p2a: Clefable|94/100
|-damage|p2a: Clefable|90/100
|-hitcount|p2a: Clefable|2
|move|p2a: Clefable|Moonblast|p1a: Dragonite
|-supereffective|p1a: Dragonite
|-damage|p1a: Dragonite|0 fnt
|faint|p1a: Dragonite
|
|-heal|p2a: Clefable|96/100|[from] item: Leftovers
|upkeep
|
|t:|1650942450
|switch|p1a: Charizard|Charizard, M, shiny|100/100
|turn|24
|
|t:|1650942457
|move|p1a: Charizard|Dragon Dance|p1a: Charizard
|-boost|p1a: Charizard|atk|1
|-boost|p1a: Charizard|spe|1
|move|p2a: Clefable|Moonblast|p1a: Charizard
|-resisted|p1a: Charizard
|-damage|p1a: Charizard|80/100
|-unboost|p1a: Charizard|spa|1
|
|-heal|p2a: Clefable|100/100|[from] item: Leftovers
|upkeep
|turn|25
|
|t:|1650942466
|move|p1a: Charizard|Dragon Dance|p1a: Charizard
|-boost|p1a: Charizard|atk|1
|-boost|p1a: Charizard|spe|1
|move|p2a: Clefable|Moonblast|p1a: Charizard
|-resisted|p1a: Charizard
|-damage|p1a: Charizard|60/100
|-unboost|p1a: Charizard|spa|1
|
|upkeep
|turn|26
|
|t:|1650942474
|move|p1a: Charizard|Earthquake|p2a: Clefable
|-damage|p2a: Clefable|96/100
|move|p2a: Clefable|Moonblast|p1a: Charizard
|-resisted|p1a: Charizard
|-damage|p1a: Charizard|40/100
|-unboost|p1a: Charizard|spa|1
|
|-heal|p2a: Clefable|100/100|[from] item: Leftovers
|upkeep
|turn|27
|
|t:|1650942482
|move|p1a: Charizard|Flare Blitz|p2a: Clefable
|-damage|p2a: Clefable|92/100
|-damage|p1a: Charizard|36/100|[from] Recoil
|move|p2a: Clefable|Moonblast|p1a: Charizard
|-resisted|p1a: Charizard
|-damage|p1a: Charizard|17/100
|
|-heal|p2a: Clefable|98/100|[from] item: Leftovers
|upkeep
|turn|28
|
|t:|1650942490
|move|p1a: Charizard|Flare Blitz|p2a: Clefable
|-damage|p2a: Clefable|84/100
|-damage|p1a: Charizard|11/100|[from] Recoil
|move|p2a: Clefable|Moonblast|p1a: Charizard
|-resisted|p1a: Charizard
|-damage|p1a: Charizard|0 fnt
|faint|p1a: Charizard
|
|win|Monsterapper
|raw|Alice_Finnemore's rating: 1485 &rarr; <strong>1471</strong><br />(-14 for losing)
|raw|Monsterapper's rating: 1589 &rarr; <strong>1603</strong><br />(+14 for winning)
|l|☆Alice_Finnemore
