|j|☆IWSK
|j|☆ReactJS3
|t:|1636859451
|gametype|singles
|player|p1|IWSK|gentleman-gen4dp|1866
|player|p2|ReactJS3|1|1975
|teamsize|p1|6
|teamsize|p2|6
|gen|8
|tier|[Gen 8] National Dex AG
|rated|
|rule|HP Percentage Mod: HP is shown in percentages
|rule|Endless Battle Clause: Forcing endless battles is banned
|clearpoke
|poke|p1|Arceus-*|
|poke|p1|Necrozma-Dusk-Mane|
|poke|p1|Gengar, M|
|poke|p1|Ho-Oh|
|poke|p1|Gliscor, F|
|poke|p1|Yveltal|
|poke|p2|Rayquaza|
|poke|p2|Zacian-*|
|poke|p2|Yveltal|
|poke|p2|Groudon|
|poke|p2|Ho-Oh|
|poke|p2|Ditto|
|teampreview
|inactive|Battle timer is ON: inactive players will automatically lose when time's up. (requested by IWSK)
|j| An11OldNameRaymond
|
|t:|1636859460
|start
|switch|p1a: Arceus|Arceus-Water|100/100
|switch|p2a: Yveltal|Yveltal|100/100
|-ability|p2a: Yveltal|Dark Aura
|turn|1
|j| Pokemon Beginners
|
|t:|1636859473
|-start|p2a: Yveltal|Dynamax
|-heal|p2a: Yveltal|100/100|[silent]
|-start|p1a: Arceus|Dynamax
|-heal|p1a: Arceus|100/100|[silent]
|move|p2a: Yveltal|Max Darkness|p1a: Arceus
|-damage|p1a: Arceus|57/100
|-unboost|p1a: Arceus|spd|1
|-damage|p2a: Yveltal|96/100|[from] item: Life Orb
|move|p1a: Arceus|Max Hailstorm|p2a: Yveltal
|-supereffective|p2a: Yveltal
|-damage|p2a: Yveltal|61/100
|-weather|Hail
|
|-weather|Hail|[upkeep]
|-damage|p2a: Yveltal|58/100|[from] Hail
|-damage|p1a: Arceus|54/100|[from] Hail
|upkeep
|turn|2
|
|t:|1636859489
|move|p2a: Yveltal|Max Darkness|p1a: Arceus
|-damage|p1a: Arceus|0 fnt
|faint|p1a: Arceus
|-damage|p2a: Yveltal|53/100|[from] item: Life Orb
|
|-weather|Hail|[upkeep]
|-damage|p2a: Yveltal|50/100|[from] Hail
|upkeep
|
|t:|1636859497
|switch|p1a: Yveltal|Yveltal|100/100
|-ability|p1a: Yveltal|Dark Aura
|turn|3
|
|t:|1636859501
|move|p2a: Yveltal|Max Airstream|p1a: Yveltal
|-damage|p1a: Yveltal|53/100
|-boost|p2a: Yveltal|spe|1
|-damage|p2a: Yveltal|45/100|[from] item: Life Orb
|move|p1a: Yveltal|Oblivion Wing|p2a: Yveltal
|-damage|p2a: Yveltal|24/100
|-heal|p1a: Yveltal|82/100|[from] drain|[of] p2a: Yveltal
|
|-weather|Hail|[upkeep]
|-damage|p2a: Yveltal|21/100|[from] Hail
|-damage|p1a: Yveltal|76/100|[from] Hail
|-end|p2a: Yveltal|Dynamax
|-heal|p2a: Yveltal|21/100|[silent]
|upkeep
|turn|4
|c| Pokemon Beginners|Wtf
|
|t:|1636859514
|move|p2a: Yveltal|Oblivion Wing|p1a: Yveltal
|-damage|p1a: Yveltal|44/100
|-heal|p2a: Yveltal|48/100|[from] drain|[of] p1a: Yveltal
|-damage|p2a: Yveltal|38/100|[from] item: Life Orb
|move|p1a: Yveltal|Oblivion Wing|p2a: Yveltal
|-damage|p2a: Yveltal|0 fnt
|-heal|p1a: Yveltal|69/100|[from] drain|[of] p2a: Yveltal
|faint|p2a: Yveltal
|
|-weather|Hail|[upkeep]
|-damage|p1a: Yveltal|63/100|[from] Hail
|upkeep
|c| Pokemon Beginners|IwSK is rang 16
|
|t:|1636859529
|switch|p2a: Rayquaza|Rayquaza|100/100
|-ability|p2a: Rayquaza|Air Lock
|turn|5
|c| Pokemon Beginners|😮
|
|t:|1636859536
|detailschange|p2a: Rayquaza|Rayquaza-Mega
|-mega|p2a: Rayquaza|Rayquaza|
|-weather|DeltaStream|[from] ability: Delta Stream|[of] p2a: Rayquaza
|move|p2a: Rayquaza|V-create|p1a: Yveltal
|-damage|p1a: Yveltal|0 fnt
|-unboost|p2a: Rayquaza|spe|1
|-unboost|p2a: Rayquaza|def|1
|-unboost|p2a: Rayquaza|spd|1
|faint|p1a: Yveltal
|
|-weather|DeltaStream|[upkeep]
|upkeep
|
|t:|1636859544
|switch|p1a: Gliscor|Gliscor, F|100/100
|turn|6
|
|t:|1636859555
|-weather|none
|switch|p2a: Groudon|Groudon|100/100
|detailschange|p2a: Groudon|Groudon-Primal
|-primal|p2a: Groudon
|-weather|DesolateLand|[from] ability: Desolate Land|[of] p2a: Groudon
|move|p1a: Gliscor|Substitute|p1a: Gliscor
|-start|p1a: Gliscor|Substitute
|-damage|p1a: Gliscor|76/100
|
|-weather|DesolateLand|[upkeep]
|-status|p1a: Gliscor|tox|[from] item: Toxic Orb
|upkeep
|turn|7
|
|t:|1636859564
|-weather|none
|switch|p2a: Ho-Oh|Ho-Oh|100/100
|move|p1a: Gliscor|Toxic|p2a: Ho-Oh
|-status|p2a: Ho-Oh|tox
|
|-heal|p1a: Gliscor|88/100 tox|[from] ability: Poison Heal
|-damage|p2a: Ho-Oh|94/100 tox|[from] psn
|upkeep
|turn|8
|
|t:|1636859575
|switch|p1a: Ho-Oh|Ho-Oh|100/100
|move|p2a: Ho-Oh|Whirlwind|p1a: Ho-Oh
|drag|p1a: Gliscor|Gliscor, F|88/100 tox
|
|-heal|p1a: Gliscor|100/100 tox|[from] ability: Poison Heal
|-damage|p2a: Ho-Oh|82/100 tox|[from] psn
|upkeep
|turn|9
|
|t:|1636859584
|move|p1a: Gliscor|Substitute|p1a: Gliscor
|-start|p1a: Gliscor|Substitute
|-damage|p1a: Gliscor|76/100 tox
|move|p2a: Ho-Oh|Whirlwind|p1a: Gliscor
|drag|p1a: Necrozma|Necrozma-Dusk-Mane|100/100
|
|-damage|p2a: Ho-Oh|64/100 tox|[from] psn
|upkeep
|turn|10
|
|t:|1636859595
|switch|p2a: Groudon|Groudon-Primal|100/100
|-weather|DesolateLand|[from] ability: Desolate Land|[of] p2a: Groudon
|switch|p1a: Gliscor|Gliscor, F|76/100 tox
|
|-weather|DesolateLand|[upkeep]
|-heal|p1a: Gliscor|88/100 tox|[from] ability: Poison Heal
|upkeep
|turn|11
|
|t:|1636859603
|move|p1a: Gliscor|Toxic|p2a: Groudon
|-status|p2a: Groudon|tox
|move|p2a: Groudon|Stealth Rock|p1a: Gliscor
|-sidestart|p1: IWSK|move: Stealth Rock
|
|-weather|DesolateLand|[upkeep]
|-heal|p1a: Gliscor|100/100 tox|[from] ability: Poison Heal
|-damage|p2a: Groudon|94/100 tox|[from] psn
|upkeep
|turn|12
|
|t:|1636859610
|-weather|none
|switch|p2a: Ho-Oh|Ho-Oh|98/100 tox
|move|p1a: Gliscor|Substitute|p1a: Gliscor
|-start|p1a: Gliscor|Substitute
|-damage|p1a: Gliscor|76/100 tox
|
|-heal|p1a: Gliscor|88/100 tox|[from] ability: Poison Heal
|-damage|p2a: Ho-Oh|92/100 tox|[from] psn
|upkeep
|turn|13
|
|t:|1636859619
|move|p1a: Gliscor|Toxic|p2a: Ho-Oh
|-fail|p2a: Ho-Oh|tox
|move|p2a: Ho-Oh|Whirlwind|p1a: Gliscor
|drag|p1a: Ho-Oh|Ho-Oh|100/100
|
|-damage|p2a: Ho-Oh|80/100 tox|[from] psn
|upkeep
|turn|14
|
|t:|1636859627
|move|p1a: Ho-Oh|Defog|p2a: Ho-Oh
|-unboost|p2a: Ho-Oh|evasion|1
|-sideend|p1: IWSK|Stealth Rock|[from] move: Defog|[of] p1a: Ho-Oh
|move|p2a: Ho-Oh|Toxic|p1a: Ho-Oh
|-status|p1a: Ho-Oh|tox
|
|-damage|p1a: Ho-Oh|94/100 tox|[from] psn
|-damage|p2a: Ho-Oh|61/100 tox|[from] psn
|upkeep
|turn|15
|
|t:|1636859635
|switch|p1a: Gengar|Gengar, M|100/100
|switch|p2a: Ditto|Ditto|100/100
|-transform|p2a: Ditto|p1a: Gengar|[from] ability: Imposter
|
|upkeep
|turn|16
|
|t:|1636859650
|switch|p2a: Zacian|Zacian-Crowned|100/100
|-ability|p2a: Zacian|Intrepid Sword|boost
|-boost|p2a: Zacian|atk|1
|detailschange|p1a: Gengar|Gengar-Mega, M
|-mega|p1a: Gengar|Gengar|Gengarite
|move|p1a: Gengar|Perish Song|p1a: Gengar
|-start|p1a: Gengar|perish3|[silent]
|-start|p2a: Zacian|perish3|[silent]
|-fieldactivate|move: Perish Song
|
|-start|p2a: Zacian|perish3
|-start|p1a: Gengar|perish3
|upkeep
|turn|17
|j| Orderedderivatives
|
|t:|1636859660
|switch|p1a: Necrozma|Necrozma-Dusk-Mane|100/100
|move|p2a: Zacian|Behemoth Blade|p1a: Necrozma
|-resisted|p1a: Necrozma
|-damage|p1a: Necrozma|77/100
|-damage|p2a: Zacian|84/100|[from] item: Rocky Helmet|[of] p1a: Necrozma
|
|-start|p2a: Zacian|perish2
|upkeep
|turn|18
|
|t:|1636859670
|switch|p2a: Groudon|Groudon-Primal|94/100 tox
|-weather|DesolateLand|[from] ability: Desolate Land|[of] p2a: Groudon
|move|p1a: Necrozma|Morning Sun|p1a: Necrozma
|-heal|p1a: Necrozma|100/100
|
|-weather|DesolateLand|[upkeep]
|-damage|p2a: Groudon|88/100 tox|[from] psn
|upkeep
|turn|19
|
|t:|1636859678
|switch|p1a: Gengar|Gengar-Mega, M|100/100
|move|p2a: Groudon|Overheat|p1a: Gengar
|-damage|p1a: Gengar|0 fnt
|-unboost|p2a: Groudon|spa|2
|faint|p1a: Gengar
|
|-weather|DesolateLand|[upkeep]
|-damage|p2a: Groudon|76/100 tox|[from] psn
|upkeep
|
|t:|1636859687
|switch|p1a: Gliscor|Gliscor, F|88/100 tox
|turn|20
|
|t:|1636859692
|-weather|none
|switch|p2a: Ho-Oh|Ho-Oh|95/100 tox
|move|p1a: Gliscor|Bulldoze|p2a: Ho-Oh
|-immune|p2a: Ho-Oh
|
|-heal|p1a: Gliscor|100/100 tox|[from] ability: Poison Heal
|-damage|p2a: Ho-Oh|89/100 tox|[from] psn
|upkeep
|turn|21
|
|t:|1636859700
|switch|p1a: Ho-Oh|Ho-Oh|100/100 tox
|move|p2a: Ho-Oh|Whirlwind|p1a: Ho-Oh
|drag|p1a: Necrozma|Necrozma-Dusk-Mane|100/100
|
|-damage|p2a: Ho-Oh|77/100 tox|[from] psn
|upkeep
|turn|22
|
|t:|1636859708
|switch|p2a: Groudon|Groudon-Primal|76/100 tox
|-weather|DesolateLand|[from] ability: Desolate Land|[of] p2a: Groudon
|switch|p1a: Gliscor|Gliscor, F|100/100 tox
|
|-weather|DesolateLand|[upkeep]
|-damage|p2a: Groudon|70/100 tox|[from] psn
|upkeep
|turn|23
|
|t:|1636859716
|switch|p1a: Necrozma|Necrozma-Dusk-Mane|100/100
|-weather|none
|switch|p2a: Ho-Oh|Ho-Oh|100/100 tox
|
|-damage|p2a: Ho-Oh|94/100 tox|[from] psn
|upkeep
|turn|24
|
|t:|1636859723
|move|p2a: Ho-Oh|Sacred Fire|p1a: Necrozma
|-supereffective|p1a: Necrozma
|-damage|p1a: Necrozma|69/100
|move|p1a: Necrozma|Stealth Rock|p2a: Ho-Oh
|-sidestart|p2: ReactJS3|move: Stealth Rock
|
|-damage|p2a: Ho-Oh|82/100 tox|[from] psn
|upkeep
|turn|25
|
|t:|1636859730
|move|p1a: Necrozma|Morning Sun|p1a: Necrozma
|-heal|p1a: Necrozma|100/100
|move|p2a: Ho-Oh|Whirlwind|p1a: Necrozma
|drag|p1a: Ho-Oh|Ho-Oh|100/100 tox
|
|-damage|p2a: Ho-Oh|64/100 tox|[from] psn
|-damage|p1a: Ho-Oh|94/100 tox|[from] psn
|upkeep
|turn|26
|
|t:|1636859739
|switch|p1a: Gliscor|Gliscor, F|100/100 tox
|move|p2a: Ho-Oh|Defog|p1a: Gliscor
|-unboost|p1a: Gliscor|evasion|1
|-sideend|p2: ReactJS3|Stealth Rock|[from] move: Defog|[of] p2a: Ho-Oh
|
|-damage|p2a: Ho-Oh|40/100 tox|[from] psn
|upkeep
|turn|27
|
|t:|1636859749
|move|p1a: Gliscor|Substitute|p1a: Gliscor
|-start|p1a: Gliscor|Substitute
|-damage|p1a: Gliscor|76/100 tox
|move|p2a: Ho-Oh|Whirlwind|p1a: Gliscor
|drag|p1a: Ho-Oh|Ho-Oh|100/100 tox
|
|-damage|p1a: Ho-Oh|94/100 tox|[from] psn
|-damage|p2a: Ho-Oh|10/100 tox|[from] psn
|upkeep
|turn|28
|
|t:|1636859761
|switch|p1a: Gliscor|Gliscor, F|76/100 tox
|switch|p2a: Groudon|Groudon-Primal|70/100 tox
|-weather|DesolateLand|[from] ability: Desolate Land|[of] p2a: Groudon
|
|-weather|DesolateLand|[upkeep]
|-heal|p1a: Gliscor|88/100 tox|[from] ability: Poison Heal
|-damage|p2a: Groudon|63/100 tox|[from] psn
|upkeep
|turn|29
|
|t:|1636859770
|move|p1a: Gliscor|Substitute|p1a: Gliscor
|-start|p1a: Gliscor|Substitute
|-damage|p1a: Gliscor|63/100 tox
|move|p2a: Groudon|Overheat|p1a: Gliscor
|-end|p1a: Gliscor|Substitute
|-unboost|p2a: Groudon|spa|2
|
|-weather|DesolateLand|[upkeep]
|-heal|p1a: Gliscor|76/100 tox|[from] ability: Poison Heal
|-damage|p2a: Groudon|51/100 tox|[from] psn
|upkeep
|turn|30
|
|t:|1636859783
|-weather|none
|switch|p2a: Ho-Oh|Ho-Oh|43/100 tox
|move|p1a: Gliscor|Protect||[still]
|-fail|p1a: Gliscor
|
|-heal|p1a: Gliscor|88/100 tox|[from] ability: Poison Heal
|-damage|p2a: Ho-Oh|37/100 tox|[from] psn
|upkeep
|turn|31
|
|t:|1636859794
|move|p1a: Gliscor|Toxic|p2a: Ho-Oh|[miss]
|-miss|p1a: Gliscor|p2a: Ho-Oh
|move|p2a: Ho-Oh|Whirlwind|p1a: Gliscor
|drag|p1a: Ho-Oh|Ho-Oh|100/100 tox
|
|-damage|p2a: Ho-Oh|25/100 tox|[from] psn
|-damage|p1a: Ho-Oh|94/100 tox|[from] psn
|upkeep
|turn|32
|
|t:|1636859805
|switch|p2a: Zacian|Zacian-Crowned|84/100
|-ability|p2a: Zacian|Intrepid Sword|boost
|-boost|p2a: Zacian|atk|1
|switch|p1a: Gliscor|Gliscor, F|88/100 tox
|
|-heal|p1a: Gliscor|100/100 tox|[from] ability: Poison Heal
|upkeep
|turn|33
|
|t:|1636859817
|move|p2a: Zacian|Behemoth Blade|p1a: Gliscor
|-damage|p1a: Gliscor|27/100 tox
|move|p1a: Gliscor|Bulldoze|p2a: Zacian
|-supereffective|p2a: Zacian
|-damage|p2a: Zacian|47/100
|-unboost|p2a: Zacian|spe|1
|
|-heal|p1a: Gliscor|40/100 tox|[from] ability: Poison Heal
|upkeep
|turn|34
|
|t:|1636859826
|move|p1a: Gliscor|Protect|p1a: Gliscor
|-singleturn|p1a: Gliscor|Protect
|move|p2a: Zacian|Behemoth Blade|p1a: Gliscor
|-activate|p1a: Gliscor|move: Protect
|
|-heal|p1a: Gliscor|52/100 tox|[from] ability: Poison Heal
|upkeep
|turn|35
|
|t:|1636859833
|switch|p1a: Necrozma|Necrozma-Dusk-Mane|100/100
|move|p2a: Zacian|Behemoth Blade|p1a: Necrozma
|-resisted|p1a: Necrozma
|-damage|p1a: Necrozma|75/100
|-damage|p2a: Zacian|31/100|[from] item: Rocky Helmet|[of] p1a: Necrozma
|
|upkeep
|turn|36
|
|t:|1636859841
|move|p2a: Zacian|Close Combat|p1a: Necrozma
|-damage|p1a: Necrozma|35/100
|-unboost|p2a: Zacian|def|1
|-unboost|p2a: Zacian|spd|1
|-damage|p2a: Zacian|14/100|[from] item: Rocky Helmet|[of] p1a: Necrozma
|move|p1a: Necrozma|Morning Sun|p1a: Necrozma
|-heal|p1a: Necrozma|85/100
|
|upkeep
|turn|37
|
|t:|1636859849
|switch|p2a: Groudon|Groudon-Primal|51/100 tox
|-weather|DesolateLand|[from] ability: Desolate Land|[of] p2a: Groudon
|move|p1a: Necrozma|Morning Sun|p1a: Necrozma
|-heal|p1a: Necrozma|100/100
|
|-weather|DesolateLand|[upkeep]
|-damage|p2a: Groudon|45/100 tox|[from] psn
|upkeep
|turn|38
|
|t:|1636859860
|switch|p1a: Ho-Oh|Ho-Oh|100/100 tox
|move|p2a: Groudon|Overheat|p1a: Ho-Oh
|-resisted|p1a: Ho-Oh
|-damage|p1a: Ho-Oh|79/100 tox
|-unboost|p2a: Groudon|spa|2
|
|-weather|DesolateLand|[upkeep]
|-damage|p1a: Ho-Oh|73/100 tox|[from] psn
|-damage|p2a: Groudon|32/100 tox|[from] psn
|upkeep
|turn|39
|
|t:|1636859868
|switch|p1a: Gliscor|Gliscor, F|52/100 tox
|move|p2a: Groudon|Overheat|p1a: Gliscor
|-damage|p1a: Gliscor|0 fnt
|-unboost|p2a: Groudon|spa|2
|faint|p1a: Gliscor
|
|-weather|DesolateLand|[upkeep]
|-damage|p2a: Groudon|14/100 tox|[from] psn
|upkeep
|
|t:|1636859880
|switch|p1a: Ho-Oh|Ho-Oh|100/100 tox
|turn|40
|
|t:|1636859884
|-weather|none
|switch|p2a: Ho-Oh|Ho-Oh|59/100 tox
|move|p1a: Ho-Oh|Sacred Fire|p2a: Ho-Oh
|-resisted|p2a: Ho-Oh
|-damage|p2a: Ho-Oh|44/100 tox
|
|-damage|p2a: Ho-Oh|38/100 tox|[from] psn
|-damage|p1a: Ho-Oh|94/100 tox|[from] psn
|upkeep
|turn|41
|
|t:|1636859895
|switch|p2a: Ditto|Ditto|100/100
|-transform|p2a: Ditto|p1a: Ho-Oh|[from] ability: Imposter
|move|p1a: Ho-Oh|Whirlwind|p2a: Ditto
|drag|p2a: Rayquaza|Rayquaza-Mega|100/100
|-weather|DeltaStream|[from] ability: Delta Stream|[of] p2a: Rayquaza
|
|-weather|DeltaStream|[upkeep]
|-damage|p1a: Ho-Oh|82/100 tox|[from] psn
|upkeep
|turn|42
|
|t:|1636859906
|-weather|none
|switch|p2a: Ho-Oh|Ho-Oh|71/100 tox
|move|p1a: Ho-Oh|Sacred Fire|p2a: Ho-Oh
|-resisted|p2a: Ho-Oh
|-damage|p2a: Ho-Oh|58/100 tox
|
|-damage|p2a: Ho-Oh|52/100 tox|[from] psn
|-damage|p1a: Ho-Oh|64/100 tox|[from] psn
|upkeep
|turn|43
|-message|IWSK forfeited.
|
|win|ReactJS3
|raw|IWSK's rating: 1866 &rarr; <strong>1852</strong><br />(-14 for losing)
|raw|ReactJS3's rating: 1975 &rarr; <strong>1989</strong><br />(+14 for winning)
|l|☆IWSK
|c| Pokemon Beginners|Oh 1989
|l| Pokemon Beginners
|l| An11OldNameRaymond
|n| Orderedderivatives|orderedderivatives
