|j|☆Uberist
|j|☆runeygr
|t:|1651372745
|gametype|singles
|player|p1|Uberist|2|1311
|player|p2|runeygr|nate|1394
|teamsize|p1|6
|teamsize|p2|6
|gen|8
|tier|[Gen 8] National Dex AG
|rated|
|rule|HP Percentage Mod: HP is shown in percentages
|rule|Endless Battle Clause: Forcing endless battles is banned
|clearpoke
|poke|p1|Greninja, M|
|poke|p1|Zacian-*|
|poke|p1|Rayquaza|
|poke|p1|Xerneas-*|
|poke|p1|Zygarde|
|poke|p1|Volcarona, M|
|poke|p2|Rayquaza|
|poke|p2|Groudon|
|poke|p2|Deoxys-Speed|
|poke|p2|Necrozma-Dusk-Mane|
|poke|p2|Zacian-*|
|poke|p2|Calyrex-Shadow|
|teampreview
|inactive|Battle timer is ON: inactive players will automatically lose when time's up. (requested by runeygr)
|
|t:|1651372760
|start
|switch|p1a: Zacian|Zacian-Crowned, shiny|100/100
|switch|p2a: Deoxys|Deoxys-Speed|100/100
|-ability|p2a: Deoxys|Pressure
|-ability|p1a: Zacian|Intrepid Sword|boost
|-boost|p1a: Zacian|atk|1
|turn|1
|
|t:|1651372770
|move|p2a: Deoxys|Thunder Wave|p1a: Zacian
|-status|p1a: Zacian|par
|move|p1a: Zacian|Swords Dance|p1a: Zacian
|-boost|p1a: Zacian|atk|2
|
|upkeep
|turn|2
|
|t:|1651372778
|move|p2a: Deoxys|Stealth Rock|p1a: Zacian
|-sidestart|p1: Uberist|move: Stealth Rock
|move|p1a: Zacian|Behemoth Blade|p2a: Deoxys
|-enditem|p2a: Deoxys|Focus Sash
|-damage|p2a: Deoxys|1/100
|
|upkeep
|turn|3
|
|t:|1651372786
|move|p2a: Deoxys|Taunt|p1a: Zacian
|-start|p1a: Zacian|move: Taunt
|move|p1a: Zacian|Behemoth Blade|p2a: Deoxys
|-damage|p2a: Deoxys|0 fnt
|faint|p2a: Deoxys
|
|upkeep
|
|t:|1651372797
|switch|p2a: Groudon|Groudon, shiny|100/100
|detailschange|p2a: Groudon|Groudon-Primal, shiny
|-primal|p2a: Groudon
|-weather|DesolateLand|[from] ability: Desolate Land|[of] p2a: Groudon
|turn|4
|
|t:|1651372806
|move|p1a: Zacian|Close Combat|p2a: Groudon
|-damage|p2a: Groudon|33/100
|-unboost|p1a: Zacian|def|1
|-unboost|p1a: Zacian|spd|1
|move|p2a: Groudon|Fire Punch|p1a: Zacian
|-supereffective|p1a: Zacian
|-damage|p1a: Zacian|0 fnt
|faint|p1a: Zacian
|
|-weather|DesolateLand|[upkeep]
|upkeep
|
|t:|1651372818
|switch|p1a: Zygarde|Zygarde, shiny|100/100
|-damage|p1a: Zygarde|94/100|[from] Stealth Rock
|turn|5
|
|t:|1651372826
|-weather|none
|switch|p2a: Zacian|Zacian-Crowned, shiny|100/100
|-ability|p2a: Zacian|Intrepid Sword|boost
|-boost|p2a: Zacian|atk|1
|move|p1a: Zygarde|Glare|p2a: Zacian
|-status|p2a: Zacian|par
|
|-heal|p1a: Zygarde|100/100|[from] item: Leftovers
|upkeep
|turn|6
|
|t:|1651372842
|-start|p1a: Zygarde|Dynamax|
|-heal|p1a: Zygarde|100/100|[silent]
|move|p1a: Zygarde|Max Quake|p2a: Zacian
|-supereffective|p2a: Zacian
|-damage|p2a: Zacian|0 fnt
|-boost|p1a: Zygarde|spd|1
|faint|p2a: Zacian
|
|upkeep
|
|t:|1651372852
|switch|p2a: Calyrex|Calyrex-Shadow|100/100
|-ability|p2a: Calyrex|As One
|-ability|p2a: Calyrex|Unnerve
|turn|7
|
|t:|1651372862
|-start|p2a: Calyrex|Dynamax|
|-heal|p2a: Calyrex|100/100|[silent]
|move|p2a: Calyrex|Max Mindstorm|p1a: Zygarde
|-damage|p1a: Zygarde|73/100
|-fieldstart|move: Psychic Terrain
|move|p1a: Zygarde|Max Quake|p2a: Calyrex
|-damage|p2a: Calyrex|68/100
|-boost|p1a: Zygarde|spd|1
|
|-heal|p1a: Zygarde|76/100|[from] item: Leftovers
|upkeep
|turn|8
|
|t:|1651372876
|move|p2a: Calyrex|Max Mindstorm|p1a: Zygarde
|-damage|p1a: Zygarde|50/100
|move|p1a: Zygarde|Max Quake|p2a: Calyrex
|-damage|p2a: Calyrex|36/100
|-boost|p1a: Zygarde|spd|1
|
|-heal|p1a: Zygarde|53/100|[from] item: Leftovers
|upkeep
|-end|p1a: Zygarde|Dynamax
|-heal|p1a: Zygarde|53/100|[silent]
|turn|9
|
|t:|1651372889
|move|p2a: Calyrex|Max Mindstorm|p1a: Zygarde
|-damage|p1a: Zygarde|9/100
|move|p1a: Zygarde|Glare|p2a: Calyrex
|-status|p2a: Calyrex|par
|
|-heal|p1a: Zygarde|15/100|[from] item: Leftovers
|-activate|p1a: Zygarde|ability: Power Construct
|detailschange|p1a: Zygarde|Zygarde-Complete, shiny
|-heal|p1a: Zygarde|47/100|[silent]
|upkeep
|-end|p2a: Calyrex|Dynamax
|-heal|p2a: Calyrex|36/100 par|[silent]
|turn|10
|
|t:|1651372904
|move|p1a: Zygarde|Thousand Arrows|p2a: Calyrex
|-damage|p2a: Calyrex|0 fnt
|faint|p2a: Calyrex
|
|-heal|p1a: Zygarde|54/100|[from] item: Leftovers
|upkeep
|-message|runeygr forfeited.
|
|win|Uberist
|raw|Uberist's rating: 1311 &rarr; <strong>1336</strong><br />(+25 for winning)
|raw|runeygr's rating: 1394 &rarr; <strong>1369</strong><br />(-25 for losing)
|l|☆runeygr
