|j|☆KokoroSenpai
|j|☆sheepbacon
|t:|1660181762
|gametype|singles
|player|p1|KokoroSenpai|cynthia-masters|1509
|player|p2|sheepbacon|1|1692
|teamsize|p1|6
|teamsize|p2|6
|gen|8
|tier|[Gen 8] National Dex AG
|rated|
|rule|HP Percentage Mod: HP is shown in percentages
|rule|Endless Battle Clause: Forcing endless battles is banned
|clearpoke
|poke|p1|Zacian-*|
|poke|p1|Necrozma-Dusk-Mane|
|poke|p1|Diancie|
|poke|p1|Mandibuzz, F|
|poke|p1|Chansey, F|
|poke|p1|Quagsire, M|
|poke|p2|Sableye, F|
|poke|p2|Giratina|
|poke|p2|Tyranitar, F|
|poke|p2|Lugia|
|poke|p2|Chansey, F|
|poke|p2|Quagsire, M|
|teampreview
|inactive|Battle timer is ON: inactive players will automatically lose when time's up. (requested by KokoroSenpai)
|
|t:|1660181770
|start
|switch|p1a: Zacian|Zacian-Crowned|100/100
|switch|p2a: Sableye|Sableye, F|100/100
|-ability|p1a: Zacian|Intrepid Sword|boost
|-boost|p1a: Zacian|atk|1
|turn|1
|
|t:|1660181776
|switch|p1a: Chansey|Chansey, F|100/100
|move|p2a: Sableye|Will-O-Wisp|p1a: Chansey|[miss]
|-miss|p2a: Sableye|p1a: Chansey
|
|upkeep
|turn|2
|
|t:|1660181786
|move|p2a: Sableye|Fake Out||[still]
|-hint|Fake Out only works on your first turn out.
|-fail|p2a: Sableye
|move|p1a: Chansey|Toxic|p2a: Sableye
|-status|p2a: Sableye|tox
|
|-damage|p2a: Sableye|94/100 tox|[from] psn
|upkeep
|turn|3
|
|t:|1660181791
|switch|p2a: Chansey|Chansey, F|100/100
|move|p1a: Chansey|Toxic|p2a: Chansey|[miss]
|-miss|p1a: Chansey|p2a: Chansey
|
|upkeep
|turn|4
|
|t:|1660181800
|switch|p1a: Diancie|Diancie|100/100
|move|p2a: Chansey|Toxic|p1a: Diancie
|-status|p1a: Diancie|tox
|
|-damage|p1a: Diancie|94/100 tox|[from] psn
|upkeep
|turn|5
|
|t:|1660181809
|detailschange|p1a: Diancie|Diancie-Mega
|-mega|p1a: Diancie|Diancie|Diancite
|move|p1a: Diancie|Diamond Storm|p2a: Chansey
|-damage|p2a: Chansey|59/100
|move|p2a: Chansey|Aromatherapy|p2a: Chansey
|-activate|p2a: Chansey|move: Aromatherapy
|-curestatus|p2: Sableye|tox|[msg]
|
|-damage|p1a: Diancie|82/100 tox|[from] psn
|upkeep
|turn|6
|
|t:|1660181821
|switch|p1a: Necrozma|Necrozma-Dusk-Mane|100/100
|move|p2a: Chansey|Aromatherapy||[still]
|-activate|p2a: Chansey|move: Aromatherapy
|-fail|p2a: Chansey
|
|upkeep
|turn|7
|
|t:|1660181838
|switch|p2a: Giratina|Giratina|100/100
|-ability|p2a: Giratina|Pressure
|move|p1a: Necrozma|Knock Off|p2a: Giratina
|-supereffective|p2a: Giratina
|-damage|p2a: Giratina|71/100
|-enditem|p2a: Giratina|Leftovers|[from] move: Knock Off|[of] p1a: Necrozma
|
|upkeep
|turn|8
|
|t:|1660181853
|switch|p1a: Diancie|Diancie-Mega|82/100 tox
|move|p2a: Giratina|Will-O-Wisp|p1a: Diancie
|move|p1a: Diancie|Will-O-Wisp|p2a: Giratina|[from]ability: Magic Bounce
|-status|p2a: Giratina|brn
|
|-damage|p1a: Diancie|76/100 tox|[from] psn
|-damage|p2a: Giratina|65/100 brn|[from] brn
|upkeep
|turn|9
|
|t:|1660181857
|move|p1a: Diancie|Stealth Rock|p2a: Giratina
|-sidestart|p2: sheepbacon|move: Stealth Rock
|move|p2a: Giratina|Rest|p2a: Giratina
|-status|p2a: Giratina|slp|[from] move: Rest
|-heal|p2a: Giratina|100/100 slp|[silent]
|
|-damage|p1a: Diancie|64/100 tox|[from] psn
|upkeep
|turn|10
|
|t:|1660181861
|switch|p1a: Zacian|Zacian-Crowned|100/100
|-ability|p1a: Zacian|Intrepid Sword|boost
|-boost|p1a: Zacian|atk|1
|cant|p2a: Giratina|slp
|
|upkeep
|turn|11
|
|t:|1660181869
|switch|p1a: Mandibuzz|Mandibuzz, F|100/100
|switch|p2a: Quagsire|Quagsire, M|100/100
|-damage|p2a: Quagsire|94/100|[from] Stealth Rock
|
|upkeep
|turn|12
|
|t:|1660181875
|move|p1a: Mandibuzz|Taunt|p2a: Quagsire
|-start|p2a: Quagsire|move: Taunt
|cant|p2a: Quagsire|move: Taunt|Toxic
|
|upkeep
|turn|13
|
|t:|1660181884
|switch|p1a: Chansey|Chansey, F|100/100
|switch|p2a: Giratina|Giratina|100/100 slp
|-damage|p2a: Giratina|88/100 slp|[from] Stealth Rock
|-ability|p2a: Giratina|Pressure
|
|upkeep
|turn|14
|
|t:|1660181889
|cant|p2a: Giratina|slp
|move|p1a: Chansey|Aromatherapy|p1a: Chansey
|-activate|p1a: Chansey|move: Aromatherapy
|-curestatus|p1: Diancie|tox|[msg]
|
|upkeep
|turn|15
|
|t:|1660181892
|switch|p1a: Diancie|Diancie-Mega|64/100
|-curestatus|p2a: Giratina|slp|[msg]
|move|p2a: Giratina|Defog|p1a: Diancie
|move|p1a: Diancie|Defog|p2a: Giratina|[from]ability: Magic Bounce
|-unboost|p2a: Giratina|evasion|1
|-sideend|p2: sheepbacon|Stealth Rock|[from] move: Defog|[of] p1a: Diancie
|
|upkeep
|turn|16
|
|t:|1660181903
|switch|p2a: Tyranitar|Tyranitar, F|100/100
|-weather|Sandstorm|[from] ability: Sand Stream|[of] p2a: Tyranitar
|move|p1a: Diancie|Moonblast|p2a: Tyranitar
|-supereffective|p2a: Tyranitar
|-damage|p2a: Tyranitar|51/100
|
|-weather|Sandstorm|[upkeep]
|-heal|p2a: Tyranitar|58/100|[from] item: Leftovers
|upkeep
|turn|17
|j| Bring The Propain
|
|t:|1660181913
|switch|p1a: Quagsire|Quagsire, M|100/100
|move|p2a: Tyranitar|Stealth Rock|p1a: Quagsire
|-sidestart|p1: KokoroSenpai|move: Stealth Rock
|
|-weather|Sandstorm|[upkeep]
|-heal|p2a: Tyranitar|64/100|[from] item: Leftovers
|upkeep
|turn|18
|
|t:|1660181920
|switch|p2a: Lugia|Lugia|100/100
|move|p1a: Quagsire|Toxic|p2a: Lugia
|-status|p2a: Lugia|tox
|
|-weather|Sandstorm|[upkeep]
|-damage|p2a: Lugia|94/100 tox|[from] Sandstorm
|-damage|p2a: Lugia|88/100 tox|[from] psn
|upkeep
|turn|19
|l| Bring The Propain
|
|t:|1660181933
|switch|p2a: Chansey|Chansey, F|59/100
|switch|p1a: Chansey|Chansey, F|100/100
|-damage|p1a: Chansey|88/100|[from] Stealth Rock
|
|-weather|Sandstorm|[upkeep]
|-damage|p1a: Chansey|82/100|[from] Sandstorm
|-damage|p2a: Chansey|53/100|[from] Sandstorm
|upkeep
|turn|20
|
|t:|1660181937
|move|p1a: Chansey|Toxic|p2a: Chansey
|-status|p2a: Chansey|tox
|move|p2a: Chansey|Soft-Boiled|p2a: Chansey
|-heal|p2a: Chansey|100/100 tox
|
|-weather|none
|-damage|p2a: Chansey|94/100 tox|[from] psn
|upkeep
|turn|21
|
|t:|1660181941
|move|p2a: Chansey|Aromatherapy|p2a: Chansey
|-activate|p2a: Chansey|move: Aromatherapy
|-curestatus|p2a: Chansey|tox|[msg]
|-curestatus|p2: Lugia|tox|[msg]
|move|p1a: Chansey|Seismic Toss|p2a: Chansey
|-damage|p2a: Chansey|79/100
|
|upkeep
|turn|22
|
|t:|1660181948
|move|p1a: Chansey|Toxic|p2a: Chansey
|-status|p2a: Chansey|tox
|move|p2a: Chansey|Toxic|p1a: Chansey
|-status|p1a: Chansey|tox
|
|-damage|p2a: Chansey|72/100 tox|[from] psn
|-damage|p1a: Chansey|75/100 tox|[from] psn
|upkeep
|turn|23
|
|t:|1660181969
|-curestatus|p2a: Chansey|tox|[from] ability: Natural Cure
|switch|p2a: Giratina|Giratina|88/100
|-ability|p2a: Giratina|Pressure
|-curestatus|p1a: Chansey|tox|[from] ability: Natural Cure
|switch|p1a: Necrozma|Necrozma-Dusk-Mane|100/100
|-damage|p1a: Necrozma|94/100|[from] Stealth Rock
|
|upkeep
|turn|24
|
|t:|1660181976
|switch|p1a: Diancie|Diancie-Mega|64/100
|-damage|p1a: Diancie|52/100|[from] Stealth Rock
|move|p2a: Giratina|Will-O-Wisp|p1a: Diancie
|move|p1a: Diancie|Will-O-Wisp|p2a: Giratina|[from]ability: Magic Bounce
|-status|p2a: Giratina|brn
|
|-damage|p2a: Giratina|82/100 brn|[from] brn
|upkeep
|turn|25
|
|t:|1660181981
|switch|p2a: Chansey|Chansey, F|72/100
|move|p1a: Diancie|Stealth Rock|p2a: Chansey
|-sidestart|p2: sheepbacon|move: Stealth Rock
|
|upkeep
|turn|26
|
|t:|1660181988
|switch|p1a: Necrozma|Necrozma-Dusk-Mane|94/100
|-damage|p1a: Necrozma|88/100|[from] Stealth Rock
|move|p2a: Chansey|Aromatherapy|p2a: Chansey
|-activate|p2a: Chansey|move: Aromatherapy
|-curestatus|p2: Giratina|brn|[msg]
|
|upkeep
|turn|27
|
|t:|1660181994
|switch|p1a: Zacian|Zacian-Crowned|100/100
|-damage|p1a: Zacian|94/100|[from] Stealth Rock
|-ability|p1a: Zacian|Intrepid Sword|boost
|-boost|p1a: Zacian|atk|1
|switch|p2a: Giratina|Giratina|82/100
|-damage|p2a: Giratina|70/100|[from] Stealth Rock
|-ability|p2a: Giratina|Pressure
|
|upkeep
|turn|28
|
|t:|1660182005
|switch|p1a: Mandibuzz|Mandibuzz, F|100/100
|switch|p2a: Quagsire|Quagsire, M|94/100
|-damage|p2a: Quagsire|88/100|[from] Stealth Rock
|
|upkeep
|turn|29
|
|t:|1660182012
|move|p1a: Mandibuzz|Defog|p2a: Quagsire
|-unboost|p2a: Quagsire|evasion|1
|-sideend|p2: sheepbacon|Stealth Rock|[from] move: Defog|[of] p1a: Mandibuzz
|-sideend|p1: KokoroSenpai|Stealth Rock|[from] move: Defog|[of] p1a: Mandibuzz
|move|p2a: Quagsire|Earthquake|p1a: Mandibuzz
|-immune|p1a: Mandibuzz
|
|upkeep
|turn|30
|
|t:|1660182017
|move|p1a: Mandibuzz|Taunt|p2a: Quagsire
|-start|p2a: Quagsire|move: Taunt
|cant|p2a: Quagsire|move: Taunt|Toxic
|
|upkeep
|turn|31
|
|t:|1660182022
|switch|p2a: Sableye|Sableye, F|94/100
|move|p1a: Mandibuzz|Foul Play|p2a: Sableye
|-damage|p2a: Sableye|71/100
|
|upkeep
|turn|32
|
|t:|1660182030
|switch|p1a: Diancie|Diancie-Mega|52/100
|detailschange|p2a: Sableye|Sableye-Mega, F
|-mega|p2a: Sableye|Sableye|Sablenite
|move|p2a: Sableye|Fake Out|p1a: Diancie
|-resisted|p1a: Diancie
|-crit|p1a: Diancie
|-damage|p1a: Diancie|43/100
|
|upkeep
|turn|33
|inactive|sheepbacon has 120 seconds left.
|inactive|sheepbacon has 90 seconds left.
|inactive|sheepbacon has 60 seconds left.
|
|t:|1660182123
|switch|p1a: Chansey|Chansey, F|75/100
|switch|p2a: Chansey|Chansey, F|72/100
|
|upkeep
|turn|34
|
|t:|1660182130
|switch|p1a: Necrozma|Necrozma-Dusk-Mane|88/100
|move|p2a: Chansey|Soft-Boiled|p2a: Chansey
|-heal|p2a: Chansey|100/100
|
|upkeep
|turn|35
|
|t:|1660182141
|switch|p1a: Mandibuzz|Mandibuzz, F|100/100
|switch|p2a: Quagsire|Quagsire, M|88/100
|
|upkeep
|turn|36
|
|t:|1660182151
|switch|p2a: Chansey|Chansey, F|100/100
|move|p1a: Mandibuzz|Taunt|p2a: Chansey
|-start|p2a: Chansey|move: Taunt
|
|upkeep
|turn|37
|
|t:|1660182156
|switch|p2a: Sableye|Sableye-Mega, F|71/100
|move|p1a: Mandibuzz|Foul Play|p2a: Sableye
|-damage|p2a: Sableye|51/100
|
|upkeep
|turn|38
|
|t:|1660182168
|switch|p1a: Necrozma|Necrozma-Dusk-Mane|88/100
|move|p2a: Sableye|Recover|p2a: Sableye
|-heal|p2a: Sableye|100/100
|
|upkeep
|turn|39
|
|t:|1660182173
|switch|p1a: Diancie|Diancie-Mega|43/100
|move|p2a: Sableye|Will-O-Wisp|p1a: Diancie
|move|p1a: Diancie|Will-O-Wisp|p2a: Sableye|[from]ability: Magic Bounce
|-status|p2a: Sableye|brn
|
|-damage|p2a: Sableye|94/100 brn|[from] brn
|upkeep
|turn|40
|
|t:|1660182177
|switch|p1a: Zacian|Zacian-Crowned|94/100
|-ability|p1a: Zacian|Intrepid Sword|boost
|-boost|p1a: Zacian|atk|1
|switch|p2a: Chansey|Chansey, F|100/100
|
|upkeep
|turn|41
|
|t:|1660182185
|switch|p1a: Mandibuzz|Mandibuzz, F|100/100
|switch|p2a: Quagsire|Quagsire, M|88/100
|
|upkeep
|turn|42
|inactive|sheepbacon has 120 seconds left.
|
|t:|1660182191
|switch|p2a: Sableye|Sableye-Mega, F|94/100 brn
|move|p1a: Mandibuzz|Foul Play|p2a: Sableye
|-damage|p2a: Sableye|77/100 brn
|
|-damage|p2a: Sableye|71/100 brn|[from] brn
|upkeep
|turn|43
|
|t:|1660182200
|move|p1a: Mandibuzz|Foul Play|p2a: Sableye
|-damage|p2a: Sableye|53/100 brn
|move|p2a: Sableye|Recover|p2a: Sableye
|-heal|p2a: Sableye|100/100 brn
|
|-damage|p2a: Sableye|94/100 brn|[from] brn
|upkeep
|turn|44
|inactive|sheepbacon has 120 seconds left.
|l|☆KokoroSenpai
|inactive|KokoroSenpai disconnected and has a minute to reconnect!
|player|p1|
|j|☆KokoroSenpai
|inactive|KokoroSenpai reconnected.
|player|p1|KokoroSenpai|cynthia-masters
|inactive|sheepbacon has 90 seconds left.
|inactive|sheepbacon has 60 seconds left.
|
|t:|1660182290
|switch|p1a: Quagsire|Quagsire, M|100/100
|switch|p2a: Giratina|Giratina|70/100
|-ability|p2a: Giratina|Pressure
|
|upkeep
|turn|45
|
|t:|1660182300
|move|p2a: Giratina|Rest|p2a: Giratina
|-status|p2a: Giratina|slp|[from] move: Rest
|-heal|p2a: Giratina|100/100 slp|[silent]
|move|p1a: Quagsire|Toxic||[still]
|-fail|p1a: Quagsire
|
|upkeep
|turn|46
|
|t:|1660182309
|switch|p1a: Mandibuzz|Mandibuzz, F|100/100
|cant|p2a: Giratina|slp
|
|upkeep
|turn|47
|
|t:|1660182318
|switch|p1a: Zacian|Zacian-Crowned|94/100
|-ability|p1a: Zacian|Intrepid Sword|boost
|-boost|p1a: Zacian|atk|1
|cant|p2a: Giratina|slp
|
|upkeep
|turn|48
|
|t:|1660182323
|switch|p2a: Quagsire|Quagsire, M|88/100
|move|p1a: Zacian|Play Rough|p2a: Quagsire
|-damage|p2a: Quagsire|46/100
|-damage|p1a: Zacian|78/100|[from] item: Rocky Helmet|[of] p2a: Quagsire
|
|upkeep
|turn|49
|
|t:|1660182333
|switch|p1a: Mandibuzz|Mandibuzz, F|100/100
|move|p2a: Quagsire|Recover|p2a: Quagsire
|-heal|p2a: Quagsire|96/100
|
|upkeep
|turn|50
|
|t:|1660182339
|switch|p2a: Tyranitar|Tyranitar, F|64/100
|-weather|Sandstorm|[from] ability: Sand Stream|[of] p2a: Tyranitar
|move|p1a: Mandibuzz|Taunt|p2a: Tyranitar
|-start|p2a: Tyranitar|move: Taunt
|
|-weather|Sandstorm|[upkeep]
|-heal|p2a: Tyranitar|70/100|[from] item: Leftovers
|upkeep
|turn|51
|
|t:|1660182348
|-activate|p1a: Mandibuzz|move: Pursuit
|move|p2a: Tyranitar|Pursuit|p1a: Mandibuzz|[from]Pursuit
|-resisted|p1a: Mandibuzz
|-damage|p1a: Mandibuzz|89/100
|switch|p1a: Quagsire|Quagsire, M|100/100
|
|-weather|Sandstorm|[upkeep]
|-heal|p2a: Tyranitar|76/100|[from] item: Leftovers
|upkeep
|turn|52
|inactive|sheepbacon has 120 seconds left.
|
|t:|1660182357
|switch|p2a: Giratina|Giratina|100/100 slp
|-ability|p2a: Giratina|Pressure
|move|p1a: Quagsire|Toxic||[still]
|-fail|p1a: Quagsire
|
|-weather|Sandstorm|[upkeep]
|-damage|p2a: Giratina|94/100 slp|[from] Sandstorm
|upkeep
|turn|53
|
|t:|1660182366
|switch|p1a: Chansey|Chansey, F|75/100
|-curestatus|p2a: Giratina|slp|[msg]
|move|p2a: Giratina|Toxic|p1a: Chansey
|-status|p1a: Chansey|tox
|
|-weather|Sandstorm|[upkeep]
|-damage|p2a: Giratina|88/100|[from] Sandstorm
|-damage|p1a: Chansey|69/100 tox|[from] Sandstorm
|-damage|p1a: Chansey|63/100 tox|[from] psn
|upkeep
|turn|54
|
|t:|1660182380
|switch|p2a: Chansey|Chansey, F|100/100
|move|p1a: Chansey|Soft-Boiled|p1a: Chansey
|-heal|p1a: Chansey|100/100 tox
|
|-weather|none
|-damage|p1a: Chansey|88/100 tox|[from] psn
|upkeep
|turn|55
|
|t:|1660182384
|-curestatus|p1a: Chansey|tox|[from] ability: Natural Cure
|switch|p1a: Necrozma|Necrozma-Dusk-Mane|88/100
|move|p2a: Chansey|Aromatherapy|p2a: Chansey
|-activate|p2a: Chansey|move: Aromatherapy
|-curestatus|p2: Sableye|brn|[msg]
|
|upkeep
|turn|56
|
|t:|1660182398
|switch|p1a: Zacian|Zacian-Crowned|78/100
|-ability|p1a: Zacian|Intrepid Sword|boost
|-boost|p1a: Zacian|atk|1
|move|p2a: Chansey|Aromatherapy||[still]
|-activate|p2a: Chansey|move: Aromatherapy
|-fail|p2a: Chansey
|
|upkeep
|turn|57
|
|t:|1660182408
|switch|p1a: Mandibuzz|Mandibuzz, F|89/100
|switch|p2a: Quagsire|Quagsire, M|96/100
|
|upkeep
|turn|58
|inactive|sheepbacon has 120 seconds left.
|l|☆KokoroSenpai
|inactive|KokoroSenpai disconnected and has a minute to reconnect!
|player|p1|
|inactive|sheepbacon has 90 seconds left.
|inactive|sheepbacon has 60 seconds left.
|j|☆KokoroSenpai
|inactive|KokoroSenpai reconnected.
|player|p1|KokoroSenpai|cynthia-masters
|
|t:|1660182529
|switch|p2a: Sableye|Sableye-Mega, F|94/100
|move|p1a: Mandibuzz|Taunt|p2a: Sableye
|move|p2a: Sableye|Taunt|p1a: Mandibuzz|[from]ability: Magic Bounce
|-start|p1a: Mandibuzz|move: Taunt
|
|upkeep
|turn|59
|
|t:|1660182542
|switch|p1a: Chansey|Chansey, F|88/100
|move|p2a: Sableye|Foul Play|p1a: Chansey
|-damage|p1a: Chansey|87/100
|
|upkeep
|turn|60
|inactive|KokoroSenpai has 120 seconds left.
|
|t:|1660182575
|switch|p1a: Diancie|Diancie-Mega|43/100
|switch|p2a: Tyranitar|Tyranitar, F|76/100
|-weather|Sandstorm|[from] ability: Sand Stream|[of] p2a: Tyranitar
|
|-weather|Sandstorm|[upkeep]
|-heal|p2a: Tyranitar|82/100|[from] item: Leftovers
|upkeep
|turn|61
|
|t:|1660182586
|switch|p1a: Mandibuzz|Mandibuzz, F|89/100
|switch|p2a: Giratina|Giratina|88/100
|-ability|p2a: Giratina|Pressure
|
|-weather|Sandstorm|[upkeep]
|-damage|p2a: Giratina|82/100|[from] Sandstorm
|upkeep
|turn|62
|
|t:|1660182596
|switch|p1a: Zacian|Zacian-Crowned|78/100
|-ability|p1a: Zacian|Intrepid Sword|boost
|-boost|p1a: Zacian|atk|1
|switch|p2a: Quagsire|Quagsire, M|96/100
|
|-weather|Sandstorm|[upkeep]
|upkeep
|turn|63
|
|t:|1660182608
|switch|p1a: Chansey|Chansey, F|87/100
|move|p2a: Quagsire|Recover|p2a: Quagsire
|-heal|p2a: Quagsire|100/100
|
|-weather|Sandstorm|[upkeep]
|-damage|p1a: Chansey|80/100|[from] Sandstorm
|upkeep
|turn|64
|
|t:|1660182616
|move|p1a: Chansey|Seismic Toss|p2a: Quagsire
|-damage|p2a: Quagsire|75/100
|-damage|p1a: Chansey|64/100|[from] item: Rocky Helmet|[of] p2a: Quagsire
|move|p2a: Quagsire|Haze|p2a: Quagsire
|-clearallboost
|
|-weather|none
|upkeep
|turn|65
|inactive|KokoroSenpai has 120 seconds left.
|
|t:|1660182622
|move|p1a: Chansey|Toxic|p2a: Quagsire
|-status|p2a: Quagsire|tox
|move|p2a: Quagsire|Recover|p2a: Quagsire
|-heal|p2a: Quagsire|100/100 tox
|
|-damage|p2a: Quagsire|94/100 tox|[from] psn
|upkeep
|turn|66
|
|t:|1660182629
|switch|p2a: Chansey|Chansey, F|100/100
|move|p1a: Chansey|Seismic Toss|p2a: Chansey
|-damage|p2a: Chansey|85/100
|
|upkeep
|turn|67
|
|t:|1660182634
|switch|p1a: Necrozma|Necrozma-Dusk-Mane|88/100
|move|p2a: Chansey|Aromatherapy|p2a: Chansey
|-activate|p2a: Chansey|move: Aromatherapy
|-curestatus|p2: Quagsire|tox|[msg]
|
|upkeep
|turn|68
|
|t:|1660182640
|switch|p1a: Chansey|Chansey, F|64/100
|switch|p2a: Sableye|Sableye-Mega, F|94/100
|
|upkeep
|turn|69
|
|t:|1660182643
|move|p2a: Sableye|Fake Out|p1a: Chansey
|-damage|p1a: Chansey|59/100
|cant|p1a: Chansey|flinch
|
|upkeep
|turn|70
|
|t:|1660182647
|switch|p2a: Lugia|Lugia|88/100
|move|p1a: Chansey|Soft-Boiled|p1a: Chansey
|-heal|p1a: Chansey|100/100
|
|upkeep
|turn|71
|
|t:|1660182651
|move|p2a: Lugia|Roost|p2a: Lugia
|-heal|p2a: Lugia|100/100
|-singleturn|p2a: Lugia|move: Roost
|move|p1a: Chansey|Toxic|p2a: Lugia
|-status|p2a: Lugia|tox
|
|-damage|p2a: Lugia|94/100 tox|[from] psn
|upkeep
|turn|72
|
|t:|1660182658
|switch|p2a: Chansey|Chansey, F|85/100
|switch|p1a: Necrozma|Necrozma-Dusk-Mane|88/100
|
|upkeep
|turn|73
|inactive|sheepbacon has 120 seconds left.
|inactive|sheepbacon has 90 seconds left.
|inactive|sheepbacon has 60 seconds left.
|
|t:|1660182754
|switch|p2a: Sableye|Sableye-Mega, F|94/100
|move|p1a: Necrozma|Knock Off|p2a: Sableye
|-damage|p2a: Sableye|78/100
|
|upkeep
|turn|74
|inactive|sheepbacon has 60 seconds left.
|
|t:|1660182769
|switch|p1a: Chansey|Chansey, F|100/100
|move|p2a: Sableye|Will-O-Wisp|p1a: Chansey
|-status|p1a: Chansey|brn
|
|-damage|p1a: Chansey|94/100 brn|[from] brn
|upkeep
|turn|75
|
|t:|1660182779
|-curestatus|p1a: Chansey|brn|[from] ability: Natural Cure
|switch|p1a: Necrozma|Necrozma-Dusk-Mane|88/100
|move|p2a: Sableye|Recover|p2a: Sableye
|-heal|p2a: Sableye|100/100
|
|upkeep
|turn|76
|
|t:|1660182784
|switch|p1a: Chansey|Chansey, F|94/100
|move|p2a: Sableye|Will-O-Wisp|p1a: Chansey
|-status|p1a: Chansey|brn
|
|-damage|p1a: Chansey|88/100 brn|[from] brn
|upkeep
|turn|77
|
|t:|1660182799
|-curestatus|p1a: Chansey|brn|[from] ability: Natural Cure
|switch|p1a: Diancie|Diancie-Mega|43/100
|move|p2a: Sableye|Foul Play|p1a: Diancie
|-resisted|p1a: Diancie
|-damage|p1a: Diancie|6/100
|
|upkeep
|turn|78
|
|t:|1660182805
|move|p1a: Diancie|Moonblast|p2a: Sableye
|-supereffective|p2a: Sableye
|-damage|p2a: Sableye|3/100
|move|p2a: Sableye|Foul Play|p1a: Diancie
|-resisted|p1a: Diancie
|-damage|p1a: Diancie|0 fnt
|faint|p1a: Diancie
|
|upkeep
|
|t:|1660182821
|switch|p1a: Necrozma|Necrozma-Dusk-Mane|88/100
|turn|79
|
|t:|1660182833
|switch|p2a: Giratina|Giratina|82/100
|-ability|p2a: Giratina|Pressure
|move|p1a: Necrozma|Knock Off|p2a: Giratina
|-supereffective|p2a: Giratina
|-damage|p2a: Giratina|61/100
|
|upkeep
|turn|80
|
|t:|1660182842
|switch|p1a: Chansey|Chansey, F|88/100
|move|p2a: Giratina|Will-O-Wisp|p1a: Chansey|[miss]
|-miss|p2a: Giratina|p1a: Chansey
|
|upkeep
|turn|81
|
|t:|1660182848
|switch|p1a: Necrozma|Necrozma-Dusk-Mane|88/100
|move|p2a: Giratina|Toxic|p1a: Necrozma
|-immune|p1a: Necrozma
|
|upkeep
|turn|82
|
|t:|1660182868
|switch|p1a: Chansey|Chansey, F|88/100
|switch|p2a: Sableye|Sableye-Mega, F|3/100
|
|upkeep
|turn|83
|
|t:|1660182872
|switch|p1a: Zacian|Zacian-Crowned|78/100
|-ability|p1a: Zacian|Intrepid Sword|boost
|-boost|p1a: Zacian|atk|1
|move|p2a: Sableye|Recover|p2a: Sableye
|-heal|p2a: Sableye|53/100
|
|upkeep
|turn|84
|
|t:|1660182877
|switch|p2a: Quagsire|Quagsire, M|94/100
|move|p1a: Zacian|Play Rough|p2a: Quagsire|[miss]
|-miss|p1a: Zacian|p2a: Quagsire
|
|upkeep
|turn|85
|
|t:|1660182890
|switch|p1a: Chansey|Chansey, F|88/100
|move|p2a: Quagsire|Toxic|p1a: Chansey|[miss]
|-miss|p2a: Quagsire|p1a: Chansey
|
|upkeep
|turn|86
|
|t:|1660182892
|move|p1a: Chansey|Toxic|p2a: Quagsire
|-status|p2a: Quagsire|tox
|move|p2a: Quagsire|Toxic|p1a: Chansey
|-status|p1a: Chansey|tox
|
|-damage|p1a: Chansey|82/100 tox|[from] psn
|-damage|p2a: Quagsire|88/100 tox|[from] psn
|upkeep
|turn|87
|
|t:|1660182897
|switch|p2a: Chansey|Chansey, F|85/100
|move|p1a: Chansey|Seismic Toss|p2a: Chansey
|-damage|p2a: Chansey|69/100
|
|-damage|p1a: Chansey|69/100 tox|[from] psn
|upkeep
|turn|88
|
|t:|1660182918
|-curestatus|p1a: Chansey|tox|[from] ability: Natural Cure
|switch|p1a: Necrozma|Necrozma-Dusk-Mane|88/100
|move|p2a: Chansey|Aromatherapy|p2a: Chansey
|-activate|p2a: Chansey|move: Aromatherapy
|-curestatus|p2: Quagsire|tox|[msg]
|-curestatus|p2: Lugia|tox|[msg]
|
|upkeep
|turn|89
|inactive|sheepbacon has 120 seconds left.
|
|t:|1660182945
|switch|p1a: Zacian|Zacian-Crowned|78/100
|-ability|p1a: Zacian|Intrepid Sword|boost
|-boost|p1a: Zacian|atk|1
|switch|p2a: Tyranitar|Tyranitar, F|82/100
|-weather|Sandstorm|[from] ability: Sand Stream|[of] p2a: Tyranitar
|
|-weather|Sandstorm|[upkeep]
|-heal|p2a: Tyranitar|89/100|[from] item: Leftovers
|upkeep
|turn|90
|
|t:|1660182962
|switch|p2a: Quagsire|Quagsire, M|88/100
|move|p1a: Zacian|Play Rough|p2a: Quagsire
|-damage|p2a: Quagsire|47/100
|-damage|p1a: Zacian|62/100|[from] item: Rocky Helmet|[of] p2a: Quagsire
|
|-weather|Sandstorm|[upkeep]
|upkeep
|turn|91
|
|t:|1660182972
|switch|p1a: Chansey|Chansey, F|69/100
|move|p2a: Quagsire|Recover|p2a: Quagsire
|-heal|p2a: Quagsire|97/100
|
|-weather|Sandstorm|[upkeep]
|-damage|p1a: Chansey|63/100|[from] Sandstorm
|upkeep
|turn|92
|
|t:|1660182975
|move|p1a: Chansey|Toxic|p2a: Quagsire
|-status|p2a: Quagsire|tox
|move|p2a: Quagsire|Earthquake|p1a: Chansey
|-damage|p1a: Chansey|41/100
|
|-weather|Sandstorm|[upkeep]
|-damage|p1a: Chansey|35/100|[from] Sandstorm
|-damage|p2a: Quagsire|91/100 tox|[from] psn
|upkeep
|turn|93
|
|t:|1660182980
|switch|p2a: Chansey|Chansey, F|69/100
|move|p1a: Chansey|Soft-Boiled|p1a: Chansey
|-heal|p1a: Chansey|85/100
|
|-weather|none
|upkeep
|turn|94
|
|t:|1660182991
|switch|p1a: Necrozma|Necrozma-Dusk-Mane|88/100
|move|p2a: Chansey|Soft-Boiled|p2a: Chansey
|-heal|p2a: Chansey|100/100
|
|upkeep
|turn|95
|
|t:|1660182998
|switch|p2a: Giratina|Giratina|61/100
|-ability|p2a: Giratina|Pressure
|move|p1a: Necrozma|Knock Off|p2a: Giratina
|-supereffective|p2a: Giratina
|-damage|p2a: Giratina|40/100
|
|upkeep
|turn|96
|inactive|sheepbacon has 120 seconds left.
|
|t:|1660183033
|move|p1a: Necrozma|Sunsteel Strike|p2a: Giratina
|-damage|p2a: Giratina|17/100
|move|p2a: Giratina|Rest|p2a: Giratina
|-status|p2a: Giratina|slp|[from] move: Rest
|-heal|p2a: Giratina|100/100 slp|[silent]
|
|upkeep
|turn|97
|inactive|sheepbacon has 120 seconds left.
|
|t:|1660183045
|switch|p1a: Mandibuzz|Mandibuzz, F|89/100
|cant|p2a: Giratina|slp
|
|upkeep
|turn|98
|
|t:|1660183051
|move|p1a: Mandibuzz|Foul Play|p2a: Giratina
|-supereffective|p2a: Giratina
|-damage|p2a: Giratina|75/100 slp
|cant|p2a: Giratina|slp
|
|upkeep
|turn|99
|
|t:|1660183054
|move|p1a: Mandibuzz|Foul Play|p2a: Giratina
|-supereffective|p2a: Giratina
|-damage|p2a: Giratina|48/100 slp
|-curestatus|p2a: Giratina|slp|[msg]
|move|p2a: Giratina|Rest|p2a: Giratina
|-status|p2a: Giratina|slp|[from] move: Rest
|-heal|p2a: Giratina|100/100 slp|[silent]
|
|upkeep
|turn|100
|
|t:|1660183057
|move|p1a: Mandibuzz|Taunt|p2a: Giratina
|-start|p2a: Giratina|move: Taunt
|cant|p2a: Giratina|slp
|
|upkeep
|turn|101
|
|t:|1660183062
|switch|p1a: Zacian|Zacian-Crowned|62/100
|-ability|p1a: Zacian|Intrepid Sword|boost
|-boost|p1a: Zacian|atk|1
|cant|p2a: Giratina|slp
|
|upkeep
|turn|102
|
|t:|1660183071
|switch|p1a: Mandibuzz|Mandibuzz, F|89/100
|switch|p2a: Quagsire|Quagsire, M|91/100 tox
|
|-damage|p2a: Quagsire|85/100 tox|[from] psn
|upkeep
|turn|103
|
|t:|1660183074
|switch|p2a: Chansey|Chansey, F|100/100
|move|p1a: Mandibuzz|Taunt|p2a: Chansey
|-start|p2a: Chansey|move: Taunt
|
|upkeep
|turn|104
|
|t:|1660183077
|switch|p1a: Necrozma|Necrozma-Dusk-Mane|88/100
|switch|p2a: Quagsire|Quagsire, M|85/100 tox
|
|-damage|p2a: Quagsire|79/100 tox|[from] psn
|upkeep
|turn|105
|
|t:|1660183082
|switch|p2a: Giratina|Giratina|100/100 slp
|-ability|p2a: Giratina|Pressure
|move|p1a: Necrozma|Knock Off|p2a: Giratina
|-supereffective|p2a: Giratina
|-crit|p2a: Giratina
|-damage|p2a: Giratina|71/100 slp
|
|upkeep
|turn|106
|
|t:|1660183088
|switch|p1a: Mandibuzz|Mandibuzz, F|89/100
|-curestatus|p2a: Giratina|slp|[msg]
|move|p2a: Giratina|Rest|p2a: Giratina
|-status|p2a: Giratina|slp|[from] move: Rest
|-heal|p2a: Giratina|100/100 slp|[silent]
|
|upkeep
|turn|107
|
|t:|1660183091
|move|p1a: Mandibuzz|Taunt|p2a: Giratina
|-start|p2a: Giratina|move: Taunt
|cant|p2a: Giratina|slp
|
|upkeep
|turn|108
|inactive|sheepbacon has 120 seconds left.
|
|t:|1660183123
|switch|p1a: Zacian|Zacian-Crowned|62/100
|-ability|p1a: Zacian|Intrepid Sword|boost
|-boost|p1a: Zacian|atk|1
|cant|p2a: Giratina|slp
|
|upkeep
|turn|109
|
|t:|1660183126
|switch|p1a: Necrozma|Necrozma-Dusk-Mane|88/100
|switch|p2a: Quagsire|Quagsire, M|79/100 tox
|
|-damage|p2a: Quagsire|73/100 tox|[from] psn
|upkeep
|turn|110
|
|t:|1660183129
|switch|p2a: Giratina|Giratina|100/100 slp
|-ability|p2a: Giratina|Pressure
|move|p1a: Necrozma|Knock Off|p2a: Giratina
|-supereffective|p2a: Giratina
|-damage|p2a: Giratina|81/100 slp
|
|upkeep
|turn|111
|
|t:|1660183140
|-start|p1a: Necrozma|Dynamax|
|-heal|p1a: Necrozma|88/100|[silent]
|move|p1a: Necrozma|Max Darkness|p2a: Giratina
|-supereffective|p2a: Giratina
|-damage|p2a: Giratina|47/100 slp
|-unboost|p2a: Giratina|spd|1
|-curestatus|p2a: Giratina|slp|[msg]
|move|p2a: Giratina|Will-O-Wisp|p1a: Necrozma
|-status|p1a: Necrozma|brn
|
|-damage|p1a: Necrozma|85/100 brn|[from] brn
|upkeep
|turn|112
|
|t:|1660183147
|move|p1a: Necrozma|Max Steelspike|p2a: Giratina
|-crit|p2a: Giratina
|-damage|p2a: Giratina|23/100
|-boost|p1a: Necrozma|def|1
|move|p2a: Giratina|Rest|p2a: Giratina
|-status|p2a: Giratina|slp|[from] move: Rest
|-heal|p2a: Giratina|100/100 slp|[silent]
|
|-damage|p1a: Necrozma|82/100 brn|[from] brn
|upkeep
|turn|113
|
|t:|1660183151
|move|p1a: Necrozma|Max Steelspike|p2a: Giratina
|-damage|p2a: Giratina|86/100 slp
|-boost|p1a: Necrozma|def|1
|cant|p2a: Giratina|slp
|
|-damage|p1a: Necrozma|79/100 brn|[from] brn
|upkeep
|-end|p1a: Necrozma|Dynamax
|-heal|p1a: Necrozma|79/100 brn|[silent]
|turn|114
|
|t:|1660183155
|move|p1a: Necrozma|Knock Off|p2a: Giratina
|-supereffective|p2a: Giratina
|-damage|p2a: Giratina|76/100 slp
|cant|p2a: Giratina|slp
|
|-damage|p1a: Necrozma|73/100 brn|[from] brn
|upkeep
|turn|115
|
|t:|1660183163
|move|p1a: Necrozma|Stealth Rock|p2a: Giratina
|-sidestart|p2: sheepbacon|move: Stealth Rock
|-curestatus|p2a: Giratina|slp|[msg]
|move|p2a: Giratina|Rest|p2a: Giratina
|-status|p2a: Giratina|slp|[from] move: Rest
|-heal|p2a: Giratina|100/100 slp|[silent]
|
|-damage|p1a: Necrozma|67/100 brn|[from] brn
|upkeep
|turn|116
|
|t:|1660183166
|move|p1a: Necrozma|Knock Off|p2a: Giratina
|-supereffective|p2a: Giratina
|-damage|p2a: Giratina|91/100 slp
|cant|p2a: Giratina|slp
|
|-damage|p1a: Necrozma|61/100 brn|[from] brn
|upkeep
|turn|117
|
|t:|1660183168
|move|p1a: Necrozma|Sunsteel Strike|p2a: Giratina
|-damage|p2a: Giratina|79/100 slp
|cant|p2a: Giratina|slp
|
|-damage|p1a: Necrozma|55/100 brn|[from] brn
|upkeep
|turn|118
|
|t:|1660183172
|move|p1a: Necrozma|Moonlight|p1a: Necrozma
|-heal|p1a: Necrozma|100/100 brn
|-curestatus|p2a: Giratina|slp|[msg]
|move|p2a: Giratina|Rest|p2a: Giratina
|-status|p2a: Giratina|slp|[from] move: Rest
|-heal|p2a: Giratina|100/100 slp|[silent]
|
|-damage|p1a: Necrozma|94/100 brn|[from] brn
|upkeep
|turn|119
|
|t:|1660183178
|switch|p1a: Chansey|Chansey, F|85/100
|cant|p2a: Giratina|slp
|
|upkeep
|turn|120
|
|t:|1660183179
|cant|p2a: Giratina|slp
|move|p1a: Chansey|Aromatherapy|p1a: Chansey
|-activate|p1a: Chansey|move: Aromatherapy
|-curestatus|p1: Necrozma|brn|[msg]
|
|upkeep
|turn|121
|
|t:|1660183188
|switch|p1a: Mandibuzz|Mandibuzz, F|89/100
|-curestatus|p2a: Giratina|slp|[msg]
|move|p2a: Giratina|Defog|p1a: Mandibuzz
|-unboost|p1a: Mandibuzz|evasion|1
|-sideend|p2: sheepbacon|Stealth Rock|[from] move: Defog|[of] p2a: Giratina
|
|upkeep
|turn|122
|
|t:|1660183217
|switch|p2a: Sableye|Sableye-Mega, F|53/100
|move|p1a: Mandibuzz|Taunt|p2a: Sableye
|move|p2a: Sableye|Taunt|p1a: Mandibuzz|[from]ability: Magic Bounce
|-start|p1a: Mandibuzz|move: Taunt
|
|upkeep
|turn|123
|
|t:|1660183221
|switch|p1a: Chansey|Chansey, F|85/100
|move|p2a: Sableye|Foul Play|p1a: Chansey
|-damage|p1a: Chansey|83/100
|
|upkeep
|turn|124
|
|t:|1660183242
|move|p1a: Chansey|Toxic|p2a: Sableye
|move|p2a: Sableye|Toxic|p1a: Chansey|[from]ability: Magic Bounce
|-status|p1a: Chansey|tox
|move|p2a: Sableye|Recover|p2a: Sableye
|-heal|p2a: Sableye|100/100
|
|-damage|p1a: Chansey|77/100 tox|[from] psn
|upkeep
|turn|125
|
|t:|1660183253
|-curestatus|p1a: Chansey|tox|[from] ability: Natural Cure
|switch|p1a: Mandibuzz|Mandibuzz, F|89/100
|switch|p2a: Chansey|Chansey, F|100/100
|
|upkeep
|turn|126
|
|t:|1660183257
|switch|p2a: Sableye|Sableye-Mega, F|100/100
|move|p1a: Mandibuzz|Taunt|p2a: Sableye
|move|p2a: Sableye|Taunt|p1a: Mandibuzz|[from]ability: Magic Bounce
|-start|p1a: Mandibuzz|move: Taunt
|
|upkeep
|turn|127
|
|t:|1660183259
|switch|p1a: Chansey|Chansey, F|77/100
|switch|p2a: Chansey|Chansey, F|100/100
|
|upkeep
|turn|128
|
|t:|1660183268
|switch|p1a: Zacian|Zacian-Crowned|62/100
|-ability|p1a: Zacian|Intrepid Sword|boost
|-boost|p1a: Zacian|atk|1
|switch|p2a: Giratina|Giratina|100/100
|-ability|p2a: Giratina|Pressure
|
|upkeep
|turn|129
|
|t:|1660183288
|switch|p1a: Necrozma|Necrozma-Dusk-Mane|94/100
|switch|p2a: Quagsire|Quagsire, M|73/100 tox
|
|-damage|p2a: Quagsire|66/100 tox|[from] psn
|upkeep
|turn|130
|
|t:|1660183295
|switch|p1a: Zacian|Zacian-Crowned|62/100
|-ability|p1a: Zacian|Intrepid Sword|boost
|-boost|p1a: Zacian|atk|1
|move|p2a: Quagsire|Recover|p2a: Quagsire
|-heal|p2a: Quagsire|100/100 tox
|
|-damage|p2a: Quagsire|88/100 tox|[from] psn
|upkeep
|turn|131
|
|t:|1660183302
|switch|p1a: Mandibuzz|Mandibuzz, F|89/100
|move|p2a: Quagsire|Earthquake|p1a: Mandibuzz
|-immune|p1a: Mandibuzz
|
|-damage|p2a: Quagsire|70/100 tox|[from] psn
|upkeep
|turn|132
|
|t:|1660183304
|switch|p2a: Sableye|Sableye-Mega, F|100/100
|move|p1a: Mandibuzz|Taunt|p2a: Sableye
|move|p2a: Sableye|Taunt|p1a: Mandibuzz|[from]ability: Magic Bounce
|-start|p1a: Mandibuzz|move: Taunt
|
|upkeep
|turn|133
|
|t:|1660183307
|switch|p1a: Chansey|Chansey, F|77/100
|move|p2a: Sableye|Will-O-Wisp|p1a: Chansey
|-status|p1a: Chansey|brn
|
|-damage|p1a: Chansey|71/100 brn|[from] brn
|upkeep
|turn|134
|
|t:|1660183312
|move|p1a: Chansey|Seismic Toss|p2a: Sableye
|-immune|p2a: Sableye
|move|p2a: Sableye|Will-O-Wisp|p1a: Chansey
|-fail|p1a: Chansey|brn
|
|-damage|p1a: Chansey|65/100 brn|[from] brn
|upkeep
|turn|135
|
|t:|1660183316
|move|p1a: Chansey|Seismic Toss|p2a: Sableye
|-immune|p2a: Sableye
|move|p2a: Sableye|Foul Play|p1a: Chansey
|-damage|p1a: Chansey|63/100 brn
|
|-damage|p1a: Chansey|57/100 brn|[from] brn
|upkeep
|turn|136
|
|t:|1660183321
|move|p1a: Chansey|Seismic Toss|p2a: Sableye
|-immune|p2a: Sableye
|move|p2a: Sableye|Foul Play|p1a: Chansey
|-damage|p1a: Chansey|55/100 brn
|
|-damage|p1a: Chansey|49/100 brn|[from] brn
|upkeep
|turn|137
|
|t:|1660183324
|move|p1a: Chansey|Soft-Boiled|p1a: Chansey
|-heal|p1a: Chansey|99/100 brn
|move|p2a: Sableye|Foul Play|p1a: Chansey
|-damage|p1a: Chansey|98/100 brn
|
|-damage|p1a: Chansey|92/100 brn|[from] brn
|upkeep
|turn|138
|
|t:|1660183331
|move|p1a: Chansey|Seismic Toss|p2a: Sableye
|-immune|p2a: Sableye
|move|p2a: Sableye|Foul Play|p1a: Chansey
|-damage|p1a: Chansey|90/100 brn
|
|-damage|p1a: Chansey|84/100 brn|[from] brn
|upkeep
|turn|139
|
|t:|1660183334
|move|p1a: Chansey|Seismic Toss|p2a: Sableye
|-immune|p2a: Sableye
|move|p2a: Sableye|Foul Play|p1a: Chansey
|-damage|p1a: Chansey|82/100 brn
|
|-damage|p1a: Chansey|76/100 brn|[from] brn
|upkeep
|turn|140
|
|t:|1660183338
|move|p1a: Chansey|Seismic Toss|p2a: Sableye
|-immune|p2a: Sableye
|move|p2a: Sableye|Foul Play|p1a: Chansey
|-damage|p1a: Chansey|75/100 brn
|
|-damage|p1a: Chansey|68/100 brn|[from] brn
|upkeep
|turn|141
|
|t:|1660183341
|move|p1a: Chansey|Seismic Toss|p2a: Sableye
|-immune|p2a: Sableye
|move|p2a: Sableye|Foul Play|p1a: Chansey
|-damage|p1a: Chansey|67/100 brn
|
|-damage|p1a: Chansey|61/100 brn|[from] brn
|upkeep
|turn|142
|
|t:|1660183350
|move|p1a: Chansey|Seismic Toss|p2a: Sableye
|-immune|p2a: Sableye
|move|p2a: Sableye|Foul Play|p1a: Chansey
|-damage|p1a: Chansey|59/100 brn
|
|-damage|p1a: Chansey|53/100 brn|[from] brn
|upkeep
|turn|143
|
|t:|1660183351
|move|p1a: Chansey|Toxic|p2a: Sableye
|move|p2a: Sableye|Toxic||[from]ability: Magic Bounce|[still]
|-fail|p2a: Sableye
|move|p2a: Sableye|Foul Play|p1a: Chansey
|-damage|p1a: Chansey|51/100 brn
|
|-damage|p1a: Chansey|45/100 brn|[from] brn
|upkeep
|turn|144
|
|t:|1660183360
|move|p1a: Chansey|Soft-Boiled|p1a: Chansey
|-heal|p1a: Chansey|95/100 brn
|move|p2a: Sableye|Foul Play|p1a: Chansey
|-damage|p1a: Chansey|94/100 brn
|
|-damage|p1a: Chansey|88/100 brn|[from] brn
|upkeep
|turn|145
|
|t:|1660183365
|switch|p2a: Tyranitar|Tyranitar, F|89/100
|-weather|Sandstorm|[from] ability: Sand Stream|[of] p2a: Tyranitar
|move|p1a: Chansey|Toxic|p2a: Tyranitar
|-status|p2a: Tyranitar|tox
|
|-weather|Sandstorm|[upkeep]
|-damage|p1a: Chansey|81/100 brn|[from] Sandstorm
|-heal|p2a: Tyranitar|95/100 tox|[from] item: Leftovers
|-damage|p2a: Tyranitar|89/100 tox|[from] psn
|-damage|p1a: Chansey|75/100 brn|[from] brn
|upkeep
|turn|146
|
|t:|1660183371
|switch|p2a: Sableye|Sableye-Mega, F|100/100
|-curestatus|p1a: Chansey|brn|[from] ability: Natural Cure
|switch|p1a: Quagsire|Quagsire, M|100/100
|
|-weather|Sandstorm|[upkeep]
|-damage|p2a: Sableye|94/100|[from] Sandstorm
|upkeep
|turn|147
|
|t:|1660183375
|switch|p1a: Chansey|Chansey, F|75/100
|move|p2a: Sableye|Will-O-Wisp|p1a: Chansey
|-status|p1a: Chansey|brn
|
|-weather|Sandstorm|[upkeep]
|-damage|p1a: Chansey|69/100 brn|[from] Sandstorm
|-damage|p2a: Sableye|88/100|[from] Sandstorm
|-damage|p1a: Chansey|63/100 brn|[from] brn
|upkeep
|turn|148
|
|t:|1660183382
|switch|p2a: Chansey|Chansey, F|100/100
|move|p1a: Chansey|Soft-Boiled|p1a: Chansey
|-heal|p1a: Chansey|100/100 brn
|
|-weather|Sandstorm|[upkeep]
|-damage|p1a: Chansey|94/100 brn|[from] Sandstorm
|-damage|p2a: Chansey|94/100|[from] Sandstorm
|-damage|p1a: Chansey|88/100 brn|[from] brn
|upkeep
|turn|149
|
|t:|1660183386
|move|p1a: Chansey|Toxic|p2a: Chansey
|-status|p2a: Chansey|tox
|move|p2a: Chansey|Toxic||[still]
|-fail|p2a: Chansey
|
|-weather|none
|-damage|p2a: Chansey|88/100 tox|[from] psn
|-damage|p1a: Chansey|82/100 brn|[from] brn
|upkeep
|turn|150
|
|t:|1660183395
|move|p1a: Chansey|Seismic Toss|p2a: Chansey
|-damage|p2a: Chansey|72/100 tox
|move|p2a: Chansey|Teleport|p2a: Chansey
|
|t:|1660183401
|-curestatus|p2a: Chansey|tox|[from] ability: Natural Cure
|switch|p2a: Tyranitar|Tyranitar, F|89/100 tox|[from]move: Teleport
|-weather|Sandstorm|[from] ability: Sand Stream|[of] p2a: Tyranitar
|
|-weather|Sandstorm|[upkeep]
|-damage|p1a: Chansey|75/100 brn|[from] Sandstorm
|-heal|p2a: Tyranitar|95/100 tox|[from] item: Leftovers
|-damage|p2a: Tyranitar|89/100 tox|[from] psn
|-damage|p1a: Chansey|69/100 brn|[from] brn
|upkeep
|turn|151
|
|t:|1660183406
|-curestatus|p1a: Chansey|brn|[from] ability: Natural Cure
|switch|p1a: Quagsire|Quagsire, M|100/100
|move|p2a: Tyranitar|Stealth Rock|p1a: Quagsire
|-sidestart|p1: KokoroSenpai|move: Stealth Rock
|
|-weather|Sandstorm|[upkeep]
|-heal|p2a: Tyranitar|95/100 tox|[from] item: Leftovers
|-damage|p2a: Tyranitar|82/100 tox|[from] psn
|upkeep
|turn|152
|
|t:|1660183412
|switch|p2a: Lugia|Lugia|94/100
|move|p1a: Quagsire|Scald|p2a: Lugia
|-damage|p2a: Lugia|83/100
|-status|p2a: Lugia|brn
|
|-weather|Sandstorm|[upkeep]
|-damage|p2a: Lugia|77/100 brn|[from] Sandstorm
|-damage|p2a: Lugia|71/100 brn|[from] brn
|upkeep
|turn|153
|
|t:|1660183423
|switch|p1a: Zacian|Zacian-Crowned|62/100
|-damage|p1a: Zacian|56/100|[from] Stealth Rock
|-ability|p1a: Zacian|Intrepid Sword|boost
|-boost|p1a: Zacian|atk|1
|move|p2a: Lugia|Toxic|p1a: Zacian
|-immune|p1a: Zacian
|
|-weather|Sandstorm|[upkeep]
|-damage|p2a: Lugia|65/100 brn|[from] Sandstorm
|-damage|p2a: Lugia|58/100 brn|[from] brn
|upkeep
|turn|154
|
|t:|1660183433
|switch|p1a: Necrozma|Necrozma-Dusk-Mane|94/100
|-damage|p1a: Necrozma|88/100|[from] Stealth Rock
|switch|p2a: Quagsire|Quagsire, M|70/100 tox
|
|-weather|none
|-damage|p2a: Quagsire|64/100 tox|[from] psn
|upkeep
|turn|155
|
|t:|1660183436
|move|p1a: Necrozma|Knock Off|p2a: Quagsire
|-damage|p2a: Quagsire|41/100 tox
|-damage|p1a: Necrozma|72/100|[from] item: Rocky Helmet|[of] p2a: Quagsire
|-enditem|p2a: Quagsire|Rocky Helmet|[from] move: Knock Off|[of] p1a: Necrozma
|move|p2a: Quagsire|Recover|p2a: Quagsire
|-heal|p2a: Quagsire|91/100 tox
|
|-damage|p2a: Quagsire|79/100 tox|[from] psn
|upkeep
|turn|156
|
|t:|1660183442
|switch|p2a: Tyranitar|Tyranitar, F|82/100 tox
|-weather|Sandstorm|[from] ability: Sand Stream|[of] p2a: Tyranitar
|move|p1a: Necrozma|Stealth Rock|p2a: Tyranitar
|-sidestart|p2: sheepbacon|move: Stealth Rock
|
|-weather|Sandstorm|[upkeep]
|-heal|p2a: Tyranitar|89/100 tox|[from] item: Leftovers
|-damage|p2a: Tyranitar|82/100 tox|[from] psn
|upkeep
|turn|157
|
|t:|1660183449
|-activate|p1a: Necrozma|move: Pursuit
|move|p2a: Tyranitar|Pursuit|p1a: Necrozma|[from]Pursuit
|-supereffective|p1a: Necrozma
|-damage|p1a: Necrozma|39/100
|-damage|p2a: Tyranitar|66/100 tox|[from] item: Rocky Helmet|[of] p1a: Necrozma
|switch|p1a: Quagsire|Quagsire, M|100/100
|-damage|p1a: Quagsire|94/100|[from] Stealth Rock
|
|-weather|Sandstorm|[upkeep]
|-heal|p2a: Tyranitar|72/100 tox|[from] item: Leftovers
|-damage|p2a: Tyranitar|60/100 tox|[from] psn
|upkeep
|turn|158
|
|t:|1660183458
|switch|p2a: Lugia|Lugia|58/100 brn
|move|p1a: Quagsire|Earthquake|p2a: Lugia
|-immune|p2a: Lugia
|
|-weather|Sandstorm|[upkeep]
|-damage|p2a: Lugia|52/100 brn|[from] Sandstorm
|-damage|p2a: Lugia|46/100 brn|[from] brn
|upkeep
|turn|159
|
|t:|1660183465
|switch|p1a: Mandibuzz|Mandibuzz, F|89/100
|move|p2a: Lugia|Roost|p2a: Lugia
|-heal|p2a: Lugia|96/100 brn
|-singleturn|p2a: Lugia|move: Roost
|
|-weather|Sandstorm|[upkeep]
|-damage|p2a: Lugia|90/100 brn|[from] Sandstorm
|-damage|p2a: Lugia|83/100 brn|[from] brn
|upkeep
|turn|160
|
|t:|1660183473
|move|p1a: Mandibuzz|Defog|p2a: Lugia
|-unboost|p2a: Lugia|evasion|1
|-sideend|p2: sheepbacon|Stealth Rock|[from] move: Defog|[of] p1a: Mandibuzz
|-sideend|p1: KokoroSenpai|Stealth Rock|[from] move: Defog|[of] p1a: Mandibuzz
|move|p2a: Lugia|Whirlwind|p1a: Mandibuzz
|drag|p1a: Necrozma|Necrozma-Dusk-Mane|39/100
|
|-weather|none
|-damage|p2a: Lugia|77/100 brn|[from] brn
|upkeep
|turn|161
|
|t:|1660183481
|move|p2a: Lugia|Thunder Wave|p1a: Necrozma
|-status|p1a: Necrozma|par
|move|p1a: Necrozma|Moonlight|p1a: Necrozma
|-heal|p1a: Necrozma|89/100 par
|
|-damage|p2a: Lugia|71/100 brn|[from] brn
|upkeep
|turn|162
|
|t:|1660183487
|switch|p1a: Chansey|Chansey, F|69/100
|move|p2a: Lugia|Whirlwind|p1a: Chansey
|drag|p1a: Mandibuzz|Mandibuzz, F|89/100
|
|-damage|p2a: Lugia|65/100 brn|[from] brn
|upkeep
|turn|163
|
|t:|1660183494
|switch|p2a: Tyranitar|Tyranitar, F|60/100 tox
|-weather|Sandstorm|[from] ability: Sand Stream|[of] p2a: Tyranitar
|switch|p1a: Chansey|Chansey, F|69/100
|
|-weather|Sandstorm|[upkeep]
|-damage|p1a: Chansey|63/100|[from] Sandstorm
|-heal|p2a: Tyranitar|66/100 tox|[from] item: Leftovers
|-damage|p2a: Tyranitar|60/100 tox|[from] psn
|upkeep
|turn|164
|
|t:|1660183497
|move|p2a: Tyranitar|Stealth Rock|p1a: Chansey
|-sidestart|p1: KokoroSenpai|move: Stealth Rock
|move|p1a: Chansey|Aromatherapy|p1a: Chansey
|-activate|p1a: Chansey|move: Aromatherapy
|-curestatus|p1: Necrozma|par|[msg]
|
|-weather|Sandstorm|[upkeep]
|-damage|p1a: Chansey|57/100|[from] Sandstorm
|-heal|p2a: Tyranitar|66/100 tox|[from] item: Leftovers
|-damage|p2a: Tyranitar|53/100 tox|[from] psn
|upkeep
|turn|165
|
|t:|1660183503
|switch|p2a: Lugia|Lugia|65/100 brn
|move|p1a: Chansey|Soft-Boiled|p1a: Chansey
|-heal|p1a: Chansey|100/100
|
|-weather|Sandstorm|[upkeep]
|-damage|p2a: Lugia|58/100 brn|[from] Sandstorm
|-damage|p1a: Chansey|94/100|[from] Sandstorm
|-damage|p2a: Lugia|52/100 brn|[from] brn
|upkeep
|turn|166
|
|t:|1660183509
|move|p2a: Lugia|Roost|p2a: Lugia
|-heal|p2a: Lugia|100/100 brn
|-singleturn|p2a: Lugia|move: Roost
|move|p1a: Chansey|Seismic Toss|p2a: Lugia
|-damage|p2a: Lugia|76/100 brn
|
|-weather|Sandstorm|[upkeep]
|-damage|p2a: Lugia|70/100 brn|[from] Sandstorm
|-damage|p1a: Chansey|88/100|[from] Sandstorm
|-damage|p2a: Lugia|64/100 brn|[from] brn
|upkeep
|turn|167
|
|t:|1660183517
|switch|p2a: Giratina|Giratina|100/100
|-ability|p2a: Giratina|Pressure
|move|p1a: Chansey|Seismic Toss|p2a: Giratina
|-immune|p2a: Giratina
|
|-weather|none
|upkeep
|turn|168
|
|t:|1660183525
|switch|p1a: Mandibuzz|Mandibuzz, F|89/100
|move|p2a: Giratina|Will-O-Wisp|p1a: Mandibuzz
|-status|p1a: Mandibuzz|brn
|
|-damage|p1a: Mandibuzz|83/100 brn|[from] brn
|upkeep
|turn|169
|
|t:|1660183530
|move|p1a: Mandibuzz|Taunt|p2a: Giratina
|-start|p2a: Giratina|move: Taunt
|cant|p2a: Giratina|move: Taunt|Will-O-Wisp
|
|-damage|p1a: Mandibuzz|76/100 brn|[from] brn
|upkeep
|turn|170
|
|t:|1660183534
|switch|p2a: Tyranitar|Tyranitar, F|53/100 tox
|-weather|Sandstorm|[from] ability: Sand Stream|[of] p2a: Tyranitar
|move|p1a: Mandibuzz|Defog|p2a: Tyranitar
|-unboost|p2a: Tyranitar|evasion|1
|-sideend|p1: KokoroSenpai|Stealth Rock|[from] move: Defog|[of] p1a: Mandibuzz
|
|-weather|Sandstorm|[upkeep]
|-heal|p2a: Tyranitar|60/100 tox|[from] item: Leftovers
|-damage|p2a: Tyranitar|53/100 tox|[from] psn
|-damage|p1a: Mandibuzz|70/100 brn|[from] brn
|upkeep
|turn|171
|
|t:|1660183541
|switch|p1a: Quagsire|Quagsire, M|94/100
|move|p2a: Tyranitar|Stealth Rock|p1a: Quagsire
|-sidestart|p1: KokoroSenpai|move: Stealth Rock
|
|-weather|Sandstorm|[upkeep]
|-heal|p2a: Tyranitar|60/100 tox|[from] item: Leftovers
|-damage|p2a: Tyranitar|47/100 tox|[from] psn
|upkeep
|turn|172
|
|t:|1660183548
|switch|p2a: Giratina|Giratina|100/100
|-ability|p2a: Giratina|Pressure
|switch|p1a: Mandibuzz|Mandibuzz, F|70/100 brn
|
|-weather|Sandstorm|[upkeep]
|-damage|p2a: Giratina|94/100|[from] Sandstorm
|-damage|p1a: Mandibuzz|64/100 brn|[from] brn
|upkeep
|turn|173
|
|t:|1660183552
|switch|p2a: Sableye|Sableye-Mega, F|88/100
|move|p1a: Mandibuzz|Defog|p2a: Sableye
|move|p2a: Sableye|Defog|p1a: Mandibuzz|[from]ability: Magic Bounce
|-unboost|p1a: Mandibuzz|evasion|1
|-sideend|p1: KokoroSenpai|Stealth Rock|[from] move: Defog|[of] p2a: Sableye
|
|-weather|Sandstorm|[upkeep]
|-damage|p2a: Sableye|82/100|[from] Sandstorm
|-damage|p1a: Mandibuzz|58/100 brn|[from] brn
|upkeep
|turn|174
|
|t:|1660183555
|switch|p2a: Giratina|Giratina|94/100
|-ability|p2a: Giratina|Pressure
|move|p1a: Mandibuzz|Roost|p1a: Mandibuzz
|-heal|p1a: Mandibuzz|100/100 brn
|-singleturn|p1a: Mandibuzz|move: Roost
|
|-weather|none
|-damage|p1a: Mandibuzz|94/100 brn|[from] brn
|upkeep
|turn|175
|
|t:|1660183565
|switch|p1a: Quagsire|Quagsire, M|94/100
|switch|p2a: Sableye|Sableye-Mega, F|82/100
|
|upkeep
|turn|176
|
|t:|1660183568
|switch|p2a: Giratina|Giratina|94/100
|-ability|p2a: Giratina|Pressure
|move|p1a: Quagsire|Earthquake|p2a: Giratina
|-damage|p2a: Giratina|81/100
|
|upkeep
|turn|177
|
|t:|1660183574
|move|p2a: Giratina|Toxic|p1a: Quagsire
|-status|p1a: Quagsire|tox
|move|p1a: Quagsire|Earthquake|p2a: Giratina
|-damage|p2a: Giratina|68/100
|
|-damage|p1a: Quagsire|88/100 tox|[from] psn
|upkeep
|turn|178
|
|t:|1660183579
|move|p2a: Giratina|Will-O-Wisp||[still]
|-fail|p2a: Giratina
|move|p1a: Quagsire|Earthquake|p2a: Giratina
|-damage|p2a: Giratina|55/100
|
|-damage|p1a: Quagsire|76/100 tox|[from] psn
|upkeep
|turn|179
|
|t:|1660183584
|move|p2a: Giratina|Will-O-Wisp|p1a: Quagsire|[miss]
|-miss|p2a: Giratina|p1a: Quagsire
|move|p1a: Quagsire|Earthquake|p2a: Giratina
|-damage|p2a: Giratina|40/100
|
|-damage|p1a: Quagsire|58/100 tox|[from] psn
|upkeep
|turn|180
|
|t:|1660183586
|move|p2a: Giratina|Rest|p2a: Giratina
|-status|p2a: Giratina|slp|[from] move: Rest
|-heal|p2a: Giratina|100/100 slp|[silent]
|move|p1a: Quagsire|Recover|p1a: Quagsire
|-heal|p1a: Quagsire|100/100 tox
|
|-damage|p1a: Quagsire|76/100 tox|[from] psn
|upkeep
|turn|181
|
|t:|1660183589
|switch|p1a: Zacian|Zacian-Crowned|56/100
|-ability|p1a: Zacian|Intrepid Sword|boost
|-boost|p1a: Zacian|atk|1
|cant|p2a: Giratina|slp
|
|upkeep
|turn|182
|
|t:|1660183591
|switch|p2a: Quagsire|Quagsire, M|79/100 tox
|move|p1a: Zacian|Play Rough|p2a: Quagsire
|-damage|p2a: Quagsire|37/100 tox
|
|-damage|p2a: Quagsire|31/100 tox|[from] psn
|upkeep
|turn|183
|
|t:|1660183597
|move|p1a: Zacian|Play Rough|p2a: Quagsire
|-damage|p2a: Quagsire|0 fnt
|faint|p2a: Quagsire
|
|upkeep
|
|t:|1660183604
|switch|p2a: Giratina|Giratina|100/100 slp
|-ability|p2a: Giratina|Pressure
|turn|184
|
|t:|1660183608
|move|p1a: Zacian|Play Rough|p2a: Giratina|[miss]
|-miss|p1a: Zacian|p2a: Giratina
|cant|p2a: Giratina|slp
|
|upkeep
|turn|185
|
|t:|1660183614
|switch|p1a: Chansey|Chansey, F|88/100
|-curestatus|p2a: Giratina|slp|[msg]
|move|p2a: Giratina|Will-O-Wisp|p1a: Chansey
|-status|p1a: Chansey|brn
|
|-damage|p1a: Chansey|82/100 brn|[from] brn
|upkeep
|turn|186
|
|t:|1660183624
|move|p2a: Giratina|Defog|p1a: Chansey
|-unboost|p1a: Chansey|evasion|1
|move|p1a: Chansey|Aromatherapy|p1a: Chansey
|-activate|p1a: Chansey|move: Aromatherapy
|-curestatus|p1a: Chansey|brn|[msg]
|-curestatus|p1: Quagsire|tox|[msg]
|-curestatus|p1: Mandibuzz|brn|[msg]
|
|upkeep
|turn|187
|
|t:|1660183638
|switch|p1a: Mandibuzz|Mandibuzz, F|94/100
|move|p2a: Giratina|Will-O-Wisp|p1a: Mandibuzz
|-status|p1a: Mandibuzz|brn
|
|-damage|p1a: Mandibuzz|88/100 brn|[from] brn
|upkeep
|turn|188
|
|t:|1660183642
|move|p1a: Mandibuzz|Taunt|p2a: Giratina
|-start|p2a: Giratina|move: Taunt
|cant|p2a: Giratina|move: Taunt|Defog
|
|-damage|p1a: Mandibuzz|82/100 brn|[from] brn
|upkeep
|turn|189
|
|t:|1660183644
|switch|p2a: Chansey|Chansey, F|72/100
|move|p1a: Mandibuzz|Foul Play|p2a: Chansey
|-damage|p2a: Chansey|72/100
|
|-damage|p1a: Mandibuzz|76/100 brn|[from] brn
|upkeep
|turn|190
|
|t:|1660183649
|move|p1a: Mandibuzz|Taunt|p2a: Chansey
|-start|p2a: Chansey|move: Taunt
|cant|p2a: Chansey|move: Taunt|Soft-Boiled
|
|-damage|p1a: Mandibuzz|70/100 brn|[from] brn
|upkeep
|turn|191
|
|t:|1660183659
|switch|p1a: Zacian|Zacian-Crowned|56/100
|-ability|p1a: Zacian|Intrepid Sword|boost
|-boost|p1a: Zacian|atk|1
|switch|p2a: Giratina|Giratina|100/100
|-ability|p2a: Giratina|Pressure
|
|upkeep
|turn|192
|
|t:|1660183665
|switch|p1a: Mandibuzz|Mandibuzz, F|70/100 brn
|move|p2a: Giratina|Will-O-Wisp|p1a: Mandibuzz
|-fail|p1a: Mandibuzz|brn
|
|-damage|p1a: Mandibuzz|64/100 brn|[from] brn
|upkeep
|turn|193
|
|t:|1660183674
|move|p1a: Mandibuzz|Roost|p1a: Mandibuzz
|-heal|p1a: Mandibuzz|100/100 brn
|-singleturn|p1a: Mandibuzz|move: Roost
|move|p2a: Giratina|Defog|p1a: Mandibuzz
|-unboost|p1a: Mandibuzz|evasion|1
|
|-damage|p1a: Mandibuzz|94/100 brn|[from] brn
|upkeep
|turn|194
|
|t:|1660183682
|switch|p1a: Quagsire|Quagsire, M|76/100
|move|p2a: Giratina|Defog|p1a: Quagsire
|-unboost|p1a: Quagsire|evasion|1
|
|upkeep
|turn|195
|
|t:|1660183685
|move|p2a: Giratina|Toxic|p1a: Quagsire
|-status|p1a: Quagsire|tox
|move|p1a: Quagsire|Earthquake|p2a: Giratina
|-damage|p2a: Giratina|87/100
|
|-damage|p1a: Quagsire|70/100 tox|[from] psn
|upkeep
|turn|196
|
|t:|1660183688
|move|p2a: Giratina|Defog|p1a: Quagsire
|-unboost|p1a: Quagsire|evasion|1
|move|p1a: Quagsire|Earthquake|p2a: Giratina
|-damage|p2a: Giratina|74/100
|
|-damage|p1a: Quagsire|58/100 tox|[from] psn
|upkeep
|turn|197
|
|t:|1660183693
|move|p2a: Giratina|Toxic|p1a: Quagsire
|-fail|p1a: Quagsire|tox
|move|p1a: Quagsire|Recover|p1a: Quagsire
|-heal|p1a: Quagsire|100/100 tox
|
|-damage|p1a: Quagsire|82/100 tox|[from] psn
|upkeep
|turn|198
|
|t:|1660183698
|move|p2a: Giratina|Will-O-Wisp||[still]
|-fail|p2a: Giratina
|move|p1a: Quagsire|Earthquake|p2a: Giratina
|-damage|p2a: Giratina|60/100
|
|-damage|p1a: Quagsire|58/100 tox|[from] psn
|upkeep
|turn|199
|
|t:|1660183702
|move|p2a: Giratina|Rest|p2a: Giratina
|-status|p2a: Giratina|slp|[from] move: Rest
|-heal|p2a: Giratina|100/100 slp|[silent]
|move|p1a: Quagsire|Earthquake|p2a: Giratina
|-damage|p2a: Giratina|86/100 slp
|
|-damage|p1a: Quagsire|27/100 tox|[from] psn
|upkeep
|turn|200
|
|t:|1660183705
|switch|p1a: Zacian|Zacian-Crowned|56/100
|-ability|p1a: Zacian|Intrepid Sword|boost
|-boost|p1a: Zacian|atk|1
|cant|p2a: Giratina|slp
|
|upkeep
|turn|201
|
|t:|1660183711
|move|p1a: Zacian|Play Rough|p2a: Giratina
|-supereffective|p2a: Giratina
|-damage|p2a: Giratina|17/100 slp
|cant|p2a: Giratina|slp
|
|upkeep
|turn|202
|
|t:|1660183714
|switch|p2a: Sableye|Sableye-Mega, F|82/100
|move|p1a: Zacian|Behemoth Blade|p2a: Sableye
|-damage|p2a: Sableye|12/100
|
|upkeep
|turn|203
|
|t:|1660183721
|move|p2a: Sableye|Fake Out|p1a: Zacian
|-resisted|p1a: Zacian
|-damage|p1a: Zacian|52/100
|cant|p1a: Zacian|flinch
|
|upkeep
|turn|204
|inactive|sheepbacon has 120 seconds left.
|inactive|sheepbacon has 90 seconds left.
|inactive|sheepbacon has 60 seconds left.
|inactive|sheepbacon has 30 seconds left.
|inactive|sheepbacon has 20 seconds left.
|inactive|sheepbacon has 15 seconds left.
|inactive|sheepbacon has 10 seconds left.
|inactive|sheepbacon has 5 seconds left.
|-message|sheepbacon lost due to inactivity.
|
|win|KokoroSenpai
|raw|KokoroSenpai's rating: 1509 &rarr; <strong>1539</strong><br />(+30 for winning)
|raw|sheepbacon's rating: 1692 &rarr; <strong>1662</strong><br />(-30 for losing)
|c|☆KokoroSenpai|GG WP
|c|☆KokoroSenpai|your team looks interesting, but it kinda looks weak to Caly-shadow
||Ladder isn't responding, score probably updated but might not have (Request timeout).
|l|☆KokoroSenpai
|l|☆sheepbacon
