|j|☆Supplement
|j|☆sst_engineer
|t:|1666204867
|gametype|singles
|player|p1|Supplement|red|1588
|player|p2|sst_engineer|fisherman|1675
|teamsize|p1|6
|teamsize|p2|6
|gen|8
|tier|[Gen 8] National Dex AG
|rated|
|rule|HP Percentage Mod: HP is shown in percentages
|rule|Endless Battle Clause: Forcing endless battles is banned
|clearpoke
|poke|p1|Deoxys-Speed|
|poke|p1|Yveltal|
|poke|p1|Necrozma-Dusk-Mane|
|poke|p1|Kyurem-Black|
|poke|p1|Calyrex-Shadow|
|poke|p1|Rayquaza|
|poke|p2|Blaziken, M|
|poke|p2|Marshadow|
|poke|p2|Groudon|
|poke|p2|Zacian-*|
|poke|p2|Zygarde|
|poke|p2|Arceus-*|
|teampreview
|inactive|Battle timer is ON: inactive players will automatically lose when time's up. (requested by Supplement)
|
|t:|1666204873
|start
|switch|p1a: Deoxys|Deoxys-Speed|100/100
|switch|p2a: Groudon|Groudon|100/100
|-ability|p1a: Deoxys|Pressure
|detailschange|p2a: Groudon|Groudon-Primal
|-primal|p2a: Groudon
|-weather|DesolateLand|[from] ability: Desolate Land|[of] p2a: Groudon
|turn|1
|
|t:|1666204881
|move|p1a: Deoxys|Stealth Rock|p2a: Groudon
|-sidestart|p2: sst_engineer|move: Stealth Rock
|move|p2a: Groudon|Stealth Rock|p1a: Deoxys
|-sidestart|p1: Supplement|move: Stealth Rock
|
|-weather|DesolateLand|[upkeep]
|upkeep
|turn|2
|
|t:|1666204886
|move|p1a: Deoxys|Spikes|p2a: Groudon
|-sidestart|p2: sst_engineer|Spikes
|move|p2a: Groudon|Heat Crash|p1a: Deoxys
|-enditem|p1a: Deoxys|Focus Sash
|-damage|p1a: Deoxys|1/100
|
|-weather|DesolateLand|[upkeep]
|upkeep
|turn|3
|
|t:|1666204890
|move|p1a: Deoxys|Spikes|p2a: Groudon
|-sidestart|p2: sst_engineer|Spikes
|move|p2a: Groudon|Earthquake|p1a: Deoxys
|-damage|p1a: Deoxys|0 fnt
|faint|p1a: Deoxys
|
|-weather|DesolateLand|[upkeep]
|upkeep
|
|t:|1666204897
|switch|p1a: Rayquaza|Rayquaza|100/100
|-damage|p1a: Rayquaza|76/100|[from] Stealth Rock
|-ability|p1a: Rayquaza|Air Lock
|turn|4
|
|t:|1666204902
|-weather|none
|switch|p2a: Arceus|Arceus-Dark|100/100
|-damage|p2a: Arceus|88/100|[from] Stealth Rock
|-damage|p2a: Arceus|71/100|[from] Spikes
|detailschange|p1a: Rayquaza|Rayquaza-Mega
|-mega|p1a: Rayquaza|Rayquaza|
|-weather|DeltaStream|[from] ability: Delta Stream|[of] p1a: Rayquaza
|move|p1a: Rayquaza|Waterfall|p2a: Arceus
|-damage|p2a: Arceus|39/100
|
|-weather|DeltaStream|[upkeep]
|upkeep
|turn|5
|
|t:|1666204913
|-weather|none
|switch|p1a: Kyurem|Kyurem-Black|100/100
|-damage|p1a: Kyurem|76/100|[from] Stealth Rock
|-ability|p1a: Kyurem|Teravolt
|move|p2a: Arceus|Defog|p1a: Kyurem
|-unboost|p1a: Kyurem|evasion|1
|-sideend|p1: Supplement|Stealth Rock|[from] move: Defog|[of] p2a: Arceus
|-sideend|p2: sst_engineer|Spikes|[from] move: Defog|[of] p2a: Arceus
|-sideend|p2: sst_engineer|Stealth Rock|[from] move: Defog|[of] p2a: Arceus
|
|upkeep
|turn|6
|
|t:|1666204918
|move|p1a: Kyurem|Dragon Dance|p1a: Kyurem
|-boost|p1a: Kyurem|atk|1
|-boost|p1a: Kyurem|spe|1
|move|p2a: Arceus|Iron Head|p1a: Kyurem
|-supereffective|p1a: Kyurem
|-damage|p1a: Kyurem|24/100
|
|upkeep
|turn|7
|
|t:|1666204926
|move|p2a: Arceus|Extreme Speed|p1a: Kyurem
|-damage|p1a: Kyurem|0 fnt
|faint|p1a: Kyurem
|
|upkeep
|
|t:|1666204932
|switch|p1a: Rayquaza|Rayquaza-Mega|76/100
|-weather|DeltaStream|[from] ability: Delta Stream|[of] p1a: Rayquaza
|turn|8
|
|t:|1666204939
|move|p1a: Rayquaza|Extreme Speed|p2a: Arceus
|-damage|p2a: Arceus|5/100
|move|p2a: Arceus|Extreme Speed|p1a: Rayquaza
|-damage|p1a: Rayquaza|47/100
|
|-weather|DeltaStream|[upkeep]
|upkeep
|turn|9
|
|t:|1666204945
|-weather|none
|switch|p1a: Calyrex|Calyrex-Shadow|100/100
|-ability|p1a: Calyrex|As One
|-ability|p1a: Calyrex|Unnerve
|move|p2a: Arceus|Extreme Speed|p1a: Calyrex
|-immune|p1a: Calyrex
|
|upkeep
|turn|10
|
|t:|1666204962
|move|p1a: Calyrex|Astral Barrage|p2a: Arceus
|-resisted|p2a: Arceus
|-damage|p2a: Arceus|0 fnt
|faint|p2a: Arceus
|-ability|p1a: Calyrex|Grim Neigh|boost
|-boost|p1a: Calyrex|spa|1
|
|upkeep
|
|t:|1666204971
|switch|p2a: Marshadow|Marshadow|100/100
|turn|11
|
|t:|1666204982
|move|p1a: Calyrex|Draining Kiss|p2a: Marshadow
|-supereffective|p2a: Marshadow
|-damage|p2a: Marshadow|31/100
|move|p2a: Marshadow|Spectral Thief||[still]
|-clearpositiveboost|p1a: Calyrex|p2a: Marshadow|move: Spectral Thief
|-boost|p2a: Marshadow|spa|1
|-anim|p2a: Marshadow|Spectral Thief|p1a: Calyrex
|-supereffective|p1a: Calyrex
|-enditem|p1a: Calyrex|Focus Sash
|-damage|p1a: Calyrex|1/100
|
|upkeep
|turn|12
|
|t:|1666204995
|switch|p1a: Yveltal|Yveltal|100/100
|-ability|p1a: Yveltal|Dark Aura
|move|p2a: Marshadow|Shadow Sneak|p1a: Yveltal
|-resisted|p1a: Yveltal
|-damage|p1a: Yveltal|86/100
|
|upkeep
|turn|13
|
|t:|1666205001
|switch|p2a: Zacian|Zacian-Crowned|100/100
|-ability|p2a: Zacian|Intrepid Sword|boost
|-boost|p2a: Zacian|atk|1
|move|p1a: Yveltal|Sucker Punch||[still]
|-fail|p1a: Yveltal
|
|upkeep
|turn|14
|
|t:|1666205009
|switch|p1a: Necrozma|Necrozma-Dusk-Mane|100/100
|move|p2a: Zacian|Substitute|p2a: Zacian
|-start|p2a: Zacian|Substitute
|-damage|p2a: Zacian|76/100
|
|upkeep
|turn|15
|
|t:|1666205016
|move|p2a: Zacian|Behemoth Blade|p1a: Necrozma
|-resisted|p1a: Necrozma
|-damage|p1a: Necrozma|74/100
|-damage|p2a: Zacian|59/100|[from] item: Rocky Helmet|[of] p1a: Necrozma
|move|p1a: Necrozma|Earthquake|p2a: Zacian
|-supereffective|p2a: Zacian
|-end|p2a: Zacian|Substitute
|
|upkeep
|turn|16
|
|t:|1666205032
|move|p2a: Zacian|Behemoth Blade|p1a: Necrozma
|-resisted|p1a: Necrozma
|-damage|p1a: Necrozma|51/100
|-damage|p2a: Zacian|42/100|[from] item: Rocky Helmet|[of] p1a: Necrozma
|move|p1a: Necrozma|Earthquake|p2a: Zacian
|-supereffective|p2a: Zacian
|-damage|p2a: Zacian|0 fnt
|faint|p2a: Zacian
|
|upkeep
|
|t:|1666205040
|switch|p2a: Zygarde|Zygarde|100/100
|turn|17
|
|t:|1666205053
|switch|p1a: Rayquaza|Rayquaza-Mega|47/100
|-weather|DeltaStream|[from] ability: Delta Stream|[of] p1a: Rayquaza
|move|p2a: Zygarde|Dragon Dance|p2a: Zygarde
|-boost|p2a: Zygarde|atk|1
|-boost|p2a: Zygarde|spe|1
|
|-weather|DeltaStream|[upkeep]
|upkeep
|turn|18
|
|t:|1666205066
|-start|p2a: Zygarde|Dynamax|
|-heal|p2a: Zygarde|100/100|[silent]
|move|p2a: Zygarde|Max Wyrmwind|p1a: Rayquaza
|-supereffective|p1a: Rayquaza
|-damage|p1a: Rayquaza|0 fnt
|faint|p1a: Rayquaza
|-weather|none
|
|upkeep
|
|t:|1666205084
|switch|p1a: Calyrex|Calyrex-Shadow|1/100
|-ability|p1a: Calyrex|As One
|-ability|p1a: Calyrex|Unnerve
|turn|19
|
|t:|1666205094
|move|p1a: Calyrex|Draining Kiss|p2a: Zygarde
|-supereffective|p2a: Zygarde
|-damage|p2a: Zygarde|79/100
|-heal|p1a: Calyrex|34/100|[from] drain|[of] p2a: Zygarde
|move|p2a: Zygarde|Max Quake|p1a: Calyrex
|-damage|p1a: Calyrex|0 fnt
|-boost|p2a: Zygarde|spd|1
|faint|p1a: Calyrex
|
|upkeep
|
|t:|1666205103
|switch|p1a: Yveltal|Yveltal|86/100
|-ability|p1a: Yveltal|Dark Aura
|turn|20
|
|t:|1666205113
|-start|p1a: Yveltal|Dynamax|
|-heal|p1a: Yveltal|86/100|[silent]
|move|p2a: Zygarde|Max Wyrmwind|p1a: Yveltal
|-damage|p1a: Yveltal|32/100
|-unboost|p1a: Yveltal|atk|1
|move|p1a: Yveltal|Max Darkness|p2a: Zygarde
|-damage|p2a: Zygarde|36/100
|-unboost|p2a: Zygarde|spd|1
|-damage|p1a: Yveltal|27/100|[from] item: Life Orb
|
|-activate|p2a: Zygarde|ability: Power Construct
|detailschange|p2a: Zygarde|Zygarde-Complete
|-heal|p2a: Zygarde|60/100|[silent]
|upkeep
|-end|p2a: Zygarde|Dynamax
|-heal|p2a: Zygarde|60/100|[silent]
|turn|21
|
|t:|1666205125
|move|p2a: Zygarde|Outrage|p1a: Yveltal
|-damage|p1a: Yveltal|0 fnt
|faint|p1a: Yveltal
|
|upkeep
|
|t:|1666205130
|switch|p1a: Necrozma|Necrozma-Dusk-Mane|51/100
|turn|22
|
|t:|1666205136
|move|p2a: Zygarde|Outrage|p1a: Necrozma|[from]lockedmove
|-resisted|p1a: Necrozma
|-damage|p1a: Necrozma|29/100
|-damage|p2a: Zygarde|43/100|[from] item: Rocky Helmet|[of] p1a: Necrozma
|move|p1a: Necrozma|Morning Sun|p1a: Necrozma
|-heal|p1a: Necrozma|79/100
|
|upkeep
|turn|23
|
|t:|1666205145
|move|p2a: Zygarde|Outrage|p1a: Necrozma|[from]lockedmove
|-resisted|p1a: Necrozma
|-damage|p1a: Necrozma|56/100
|-damage|p2a: Zygarde|27/100|[from] item: Rocky Helmet|[of] p1a: Necrozma
|-start|p2a: Zygarde|confusion|[fatigue]
|move|p1a: Necrozma|Dragon Dance|p1a: Necrozma
|-boost|p1a: Necrozma|atk|1
|-boost|p1a: Necrozma|spe|1
|
|upkeep
|turn|24
|inactive|sst_engineer has 120 seconds left.
|
|t:|1666205180
|-activate|p2a: Zygarde|confusion
|-damage|p2a: Zygarde|17/100|[from] confusion
|move|p1a: Necrozma|Morning Sun|p1a: Necrozma
|-heal|p1a: Necrozma|100/100
|
|upkeep
|turn|25
|inactive|sst_engineer has 120 seconds left.
|
|t:|1666205196
|-activate|p2a: Zygarde|confusion
|-damage|p2a: Zygarde|7/100|[from] confusion
|move|p1a: Necrozma|Dragon Dance|p1a: Necrozma
|-boost|p1a: Necrozma|atk|1
|-boost|p1a: Necrozma|spe|1
|
|upkeep
|turn|26
|
|t:|1666205208
|-activate|p2a: Zygarde|confusion
|-damage|p2a: Zygarde|0 fnt|[from] confusion
|faint|p2a: Zygarde
|move|p1a: Necrozma|Dragon Dance|p1a: Necrozma
|-boost|p1a: Necrozma|atk|1
|-boost|p1a: Necrozma|spe|1
|
|upkeep
|inactive|sst_engineer has 120 seconds left.
|
|t:|1666205217
|switch|p2a: Blaziken|Blaziken, M|100/100
|turn|27
|
|t:|1666205223
|move|p1a: Necrozma|Earthquake|p2a: Blaziken
|-supereffective|p2a: Blaziken
|-enditem|p2a: Blaziken|Focus Sash
|-damage|p2a: Blaziken|1/100
|move|p2a: Blaziken|Flare Blitz|p1a: Necrozma
|-supereffective|p1a: Necrozma
|-damage|p1a: Necrozma|54/100
|-damage|p2a: Blaziken|0 fnt|[from] item: Rocky Helmet|[of] p1a: Necrozma
|faint|p2a: Blaziken
|
|upkeep
|
|t:|1666205228
|switch|p2a: Marshadow|Marshadow|31/100
|turn|28
|
|t:|1666205249
|move|p2a: Marshadow|Shadow Sneak|p1a: Necrozma
|-supereffective|p1a: Necrozma
|-damage|p1a: Necrozma|31/100
|-damage|p2a: Marshadow|14/100|[from] item: Rocky Helmet|[of] p1a: Necrozma
|move|p1a: Necrozma|Sunsteel Strike|p2a: Marshadow
|-damage|p2a: Marshadow|0 fnt
|faint|p2a: Marshadow
|
|upkeep
|
|t:|1666205251
|switch|p2a: Groudon|Groudon-Primal|100/100
|-weather|DesolateLand|[from] ability: Desolate Land|[of] p2a: Groudon
|turn|29
|
|t:|1666205257
|move|p1a: Necrozma|Earthquake|p2a: Groudon
|-supereffective|p2a: Groudon
|-damage|p2a: Groudon|0 fnt
|faint|p2a: Groudon
|-weather|none
|
|win|Supplement
|raw|Supplement's rating: 1588 &rarr; <strong>1613</strong><br />(+25 for winning)
|raw|sst_engineer's rating: 1675 &rarr; <strong>1650</strong><br />(-25 for losing)
|l|☆sst_engineer
