|j|☆Xurkiyee
|j|☆kerrozxl-
|t:|1658363723
|gametype|singles
|player|p1|Xurkiyee|thorton|1822
|player|p2|kerrozxl-|unknownf|1723
|teamsize|p1|6
|teamsize|p2|6
|gen|8
|tier|[Gen 8] National Dex AG
|rated|
|rule|HP Percentage Mod: HP is shown in percentages
|rule|Endless Battle Clause: Forcing endless battles is banned
|clearpoke
|poke|p1|Gliscor, F|
|poke|p1|Tyranitar, F|
|poke|p1|Ho-Oh|
|poke|p1|Eternatus|
|poke|p1|Ferrothorn, M|
|poke|p1|Calyrex-Shadow|
|poke|p2|Rayquaza|
|poke|p2|Groudon|
|poke|p2|Necrozma-Dusk-Mane|
|poke|p2|Marshadow|
|poke|p2|Yveltal|
|poke|p2|Xerneas-*|
|teampreview
|j| NightDahCat
|
|t:|1658363738
|start
|switch|p1a: Gliscor|Gliscor, F|100/100
|switch|p2a: Rayquaza|Rayquaza, shiny|100/100
|-ability|p2a: Rayquaza|Air Lock
|turn|1
|
|t:|1658363743
|switch|p1a: Ferrothorn|Ferrothorn, M|100/100
|detailschange|p2a: Rayquaza|Rayquaza-Mega, shiny
|-mega|p2a: Rayquaza|Rayquaza|
|-weather|DeltaStream|[from] ability: Delta Stream|[of] p2a: Rayquaza
|move|p2a: Rayquaza|Dragon Ascent|p1a: Ferrothorn
|-damage|p1a: Ferrothorn|0 fnt
|-unboost|p2a: Rayquaza|def|1
|-unboost|p2a: Rayquaza|spd|1
|-damage|p2a: Rayquaza|88/100|[from] ability: Iron Barbs|[of] p1a: Ferrothorn
|faint|p1a: Ferrothorn
|
|-weather|DeltaStream|[upkeep]
|upkeep
|
|t:|1658363745
|switch|p1a: Tyranitar|Tyranitar, F|100/100
|-ability|p1a: Tyranitar|Sand Stream|[from] deltastream|[fail]
|turn|2
|
|t:|1658363750
|-activate|p2a: Rayquaza|move: Pursuit
|detailschange|p1a: Tyranitar|Tyranitar-Mega, F
|-mega|p1a: Tyranitar|Tyranitar|Tyranitarite
|-ability|p1a: Tyranitar|Sand Stream|[from] deltastream|[fail]
|move|p1a: Tyranitar|Pursuit|p2a: Rayquaza|[from]Pursuit
|-damage|p2a: Rayquaza|32/100
|-weather|none
|switch|p2a: Groudon|Groudon|100/100
|detailschange|p2a: Groudon|Groudon-Primal
|-primal|p2a: Groudon
|-weather|DesolateLand|[from] ability: Desolate Land|[of] p2a: Groudon
|
|-weather|DesolateLand|[upkeep]
|upkeep
|turn|3
|
|t:|1658363758
|switch|p1a: Gliscor|Gliscor, F|100/100
|move|p2a: Groudon|Stealth Rock|p1a: Gliscor
|-sidestart|p1: Xurkiyee|move: Stealth Rock
|
|-weather|DesolateLand|[upkeep]
|-status|p1a: Gliscor|tox|[from] item: Toxic Orb
|upkeep
|turn|4
|
|t:|1658363765
|move|p1a: Gliscor|Sand Tomb|p2a: Groudon
|-supereffective|p2a: Groudon
|-damage|p2a: Groudon|88/100
|-activate|p2a: Groudon|move: Sand Tomb|[of] p1a: Gliscor
|move|p2a: Groudon|Stone Edge|p1a: Gliscor
|-damage|p1a: Gliscor|67/100 tox
|
|-weather|DesolateLand|[upkeep]
|-heal|p1a: Gliscor|80/100 tox|[from] ability: Poison Heal
|-damage|p2a: Groudon|76/100|[from] move: Sand Tomb|[partiallytrapped]
|upkeep
|turn|5
|
|t:|1658363771
|move|p1a: Gliscor|Sand Tomb|p2a: Groudon
|-supereffective|p2a: Groudon
|-damage|p2a: Groudon|62/100
|move|p2a: Groudon|Stone Edge|p1a: Gliscor
|-damage|p1a: Gliscor|50/100 tox
|
|-weather|DesolateLand|[upkeep]
|-heal|p1a: Gliscor|62/100 tox|[from] ability: Poison Heal
|-damage|p2a: Groudon|50/100|[from] move: Sand Tomb|[partiallytrapped]
|upkeep
|turn|6
|
|t:|1658363776
|move|p1a: Gliscor|Roost|p1a: Gliscor
|-heal|p1a: Gliscor|100/100 tox
|-singleturn|p1a: Gliscor|move: Roost
|move|p2a: Groudon|Stone Edge|p1a: Gliscor|[miss]
|-miss|p2a: Groudon|p1a: Gliscor
|
|-weather|DesolateLand|[upkeep]
|-damage|p2a: Groudon|38/100|[from] move: Sand Tomb|[partiallytrapped]
|upkeep
|turn|7
|
|t:|1658363785
|move|p1a: Gliscor|Sand Tomb|p2a: Groudon
|-supereffective|p2a: Groudon
|-crit|p2a: Groudon
|-damage|p2a: Groudon|17/100
|move|p2a: Groudon|Overheat|p1a: Gliscor
|-damage|p1a: Gliscor|20/100 tox
|-unboost|p2a: Groudon|spa|2
|
|-weather|DesolateLand|[upkeep]
|-heal|p1a: Gliscor|33/100 tox|[from] ability: Poison Heal
|-damage|p2a: Groudon|4/100|[from] move: Sand Tomb|[partiallytrapped]
|upkeep
|turn|8
|l| NightDahCat
|
|t:|1658363798
|move|p1a: Gliscor|Roost|p1a: Gliscor
|-heal|p1a: Gliscor|83/100 tox
|-singleturn|p1a: Gliscor|move: Roost
|move|p2a: Groudon|Overheat|p1a: Gliscor
|-damage|p1a: Gliscor|41/100 tox
|-unboost|p2a: Groudon|spa|2
|
|-weather|DesolateLand|[upkeep]
|-heal|p1a: Gliscor|53/100 tox|[from] ability: Poison Heal
|-damage|p2a: Groudon|0 fnt|[from] move: Sand Tomb|[partiallytrapped]
|faint|p2a: Groudon
|-weather|none
|upkeep
|
|t:|1658363802
|switch|p2a: Rayquaza|Rayquaza-Mega, shiny|32/100
|-weather|DeltaStream|[from] ability: Delta Stream|[of] p2a: Rayquaza
|turn|9
|
|t:|1658363807
|switch|p1a: Eternatus|Eternatus|100/100
|-damage|p1a: Eternatus|88/100|[from] Stealth Rock
|-ability|p1a: Eternatus|Pressure
|move|p2a: Rayquaza|Waterfall|p1a: Eternatus
|-resisted|p1a: Eternatus
|-damage|p1a: Eternatus|62/100
|
|-weather|DeltaStream|[upkeep]
|upkeep
|turn|10
|
|t:|1658363811
|-weather|none
|switch|p2a: Necrozma|Necrozma-Dusk-Mane|100/100
|move|p1a: Eternatus|Flamethrower|p2a: Necrozma
|-supereffective|p2a: Necrozma
|-damage|p2a: Necrozma|53/100
|
|upkeep
|turn|11
|
|t:|1658363818
|switch|p1a: Ho-Oh|Ho-Oh|100/100
|move|p2a: Necrozma|Photon Geyser|p1a: Ho-Oh
|-damage|p1a: Ho-Oh|57/100
|
|upkeep
|turn|12
|
|t:|1658363827
|switch|p1a: Tyranitar|Tyranitar-Mega, F|100/100
|-damage|p1a: Tyranitar|88/100|[from] Stealth Rock
|-weather|Sandstorm|[from] ability: Sand Stream|[of] p1a: Tyranitar
|detailschange|p2a: Necrozma|Necrozma-Ultra
|-burst|p2a: Necrozma|Necrozma|Ultranecrozium Z
|move|p2a: Necrozma|Dragon Dance|p2a: Necrozma
|-boost|p2a: Necrozma|atk|1
|-boost|p2a: Necrozma|spe|1
|
|-weather|Sandstorm|[upkeep]
|-damage|p2a: Necrozma|47/100|[from] Sandstorm
|upkeep
|turn|13
|
|t:|1658363833
|move|p2a: Necrozma|Earthquake|p1a: Tyranitar
|-supereffective|p1a: Tyranitar
|-damage|p1a: Tyranitar|0 fnt
|faint|p1a: Tyranitar
|
|-weather|Sandstorm|[upkeep]
|-damage|p2a: Necrozma|41/100|[from] Sandstorm
|upkeep
|
|t:|1658363835
|switch|p1a: Calyrex|Calyrex-Shadow|100/100
|-ability|p1a: Calyrex|As One
|-ability|p1a: Calyrex|Unnerve
|-damage|p1a: Calyrex|88/100|[from] Stealth Rock
|turn|14
|
|t:|1658363837
|move|p1a: Calyrex|Astral Barrage|p2a: Necrozma
|-supereffective|p2a: Necrozma
|-damage|p2a: Necrozma|0 fnt
|faint|p2a: Necrozma
|-ability|p1a: Calyrex|Grim Neigh|boost
|-boost|p1a: Calyrex|spa|1
|
|-weather|Sandstorm|[upkeep]
|-damage|p1a: Calyrex|82/100|[from] Sandstorm
|upkeep
|
|t:|1658363839
|switch|p2a: Yveltal|Yveltal|100/100
|-ability|p2a: Yveltal|Dark Aura
|turn|15
|
|t:|1658363842
|switch|p1a: Eternatus|Eternatus|62/100
|-damage|p1a: Eternatus|50/100|[from] Stealth Rock
|-ability|p1a: Eternatus|Pressure
|move|p2a: Yveltal|Knock Off|p1a: Eternatus
|-damage|p1a: Eternatus|18/100
|
|-weather|Sandstorm|[upkeep]
|-damage|p1a: Eternatus|12/100|[from] Sandstorm
|-damage|p2a: Yveltal|94/100|[from] Sandstorm
|upkeep
|turn|16
|
|t:|1658363848
|move|p1a: Eternatus|Recover|p1a: Eternatus
|-heal|p1a: Eternatus|62/100
|move|p2a: Yveltal|Knock Off|p1a: Eternatus
|-damage|p1a: Eternatus|33/100
|
|-weather|none
|upkeep
|turn|17
|
|t:|1658363854
|move|p1a: Eternatus|Recover|p1a: Eternatus
|-heal|p1a: Eternatus|83/100
|move|p2a: Yveltal|Knock Off|p1a: Eternatus
|-damage|p1a: Eternatus|51/100
|
|upkeep
|turn|18
|
|t:|1658363856
|switch|p2a: Rayquaza|Rayquaza-Mega, shiny|32/100
|-weather|DeltaStream|[from] ability: Delta Stream|[of] p2a: Rayquaza
|move|p1a: Eternatus|Sludge Bomb|p2a: Rayquaza
|-damage|p2a: Rayquaza|0 fnt
|faint|p2a: Rayquaza
|-weather|none
|
|upkeep
|
|t:|1658363860
|switch|p2a: Marshadow|Marshadow|100/100
|turn|19
|
|t:|1658363862
|-zpower|p1a: Eternatus
|move|p1a: Eternatus|Devastating Drake|p2a: Marshadow|[zeffect]
|-enditem|p2a: Marshadow|Focus Sash
|-damage|p2a: Marshadow|1/100
|move|p2a: Marshadow|Spectral Thief|p1a: Eternatus
|-damage|p1a: Eternatus|12/100
|
|upkeep
|turn|20
|
|t:|1658363867
|switch|p1a: Ho-Oh|Ho-Oh|90/100
|move|p2a: Marshadow|Shadow Sneak|p1a: Ho-Oh
|-crit|p1a: Ho-Oh
|-damage|p1a: Ho-Oh|61/100
|
|upkeep
|turn|21
|
|t:|1658363869
|move|p2a: Marshadow|Rock Tomb|p1a: Ho-Oh
|-supereffective|p1a: Ho-Oh
|-damage|p1a: Ho-Oh|0 fnt
|faint|p1a: Ho-Oh
|
|upkeep
|
|t:|1658363871
|switch|p1a: Gliscor|Gliscor, F|53/100 tox
|-damage|p1a: Gliscor|41/100 tox|[from] Stealth Rock
|turn|22
|
|t:|1658363875
|move|p2a: Marshadow|Spectral Thief|p1a: Gliscor
|-damage|p1a: Gliscor|2/100 tox
|move|p1a: Gliscor|Roost|p1a: Gliscor
|-heal|p1a: Gliscor|52/100 tox
|-singleturn|p1a: Gliscor|move: Roost
|
|-heal|p1a: Gliscor|64/100 tox|[from] ability: Poison Heal
|upkeep
|turn|23
|
|t:|1658363880
|switch|p2a: Xerneas|Xerneas|100/100
|-ability|p2a: Xerneas|Fairy Aura
|move|p1a: Gliscor|Roost|p1a: Gliscor
|-heal|p1a: Gliscor|100/100 tox
|-singleturn|p1a: Gliscor|move: Roost
|
|upkeep
|turn|24
|
|t:|1658363882
|move|p2a: Xerneas|Geomancy||[still]
|-prepare|p2a: Xerneas|Geomancy
|-enditem|p2a: Xerneas|Power Herb
|-anim|p2a: Xerneas|Geomancy|p2a: Xerneas
|-boost|p2a: Xerneas|spa|2
|-boost|p2a: Xerneas|spd|2
|-boost|p2a: Xerneas|spe|2
|move|p1a: Gliscor|Guillotine|p2a: Xerneas
|-damage|p2a: Xerneas|0 fnt
|faint|p2a: Xerneas
|-ohko
|
|upkeep
|l|☆Xurkiyee
|player|p1|
|j|☆Xurkiyee
|player|p1|Xurkiyee|thorton
|
|t:|1658363921
|switch|p2a: Yveltal|Yveltal|94/100
|-ability|p2a: Yveltal|Dark Aura
|turn|25
|
|t:|1658363930
|-start|p2a: Yveltal|Dynamax|
|-heal|p2a: Yveltal|94/100|[silent]
|move|p2a: Yveltal|Max Darkness|p1a: Gliscor
|-damage|p1a: Gliscor|47/100 tox
|-unboost|p1a: Gliscor|spd|1
|move|p1a: Gliscor|Guillotine|p2a: Yveltal
|-immune|p2a: Yveltal|[ohko]
|
|-heal|p1a: Gliscor|59/100 tox|[from] ability: Poison Heal
|upkeep
|turn|26
|
|t:|1658363940
|switch|p1a: Eternatus|Eternatus|12/100
|-damage|p1a: Eternatus|0 fnt|[from] Stealth Rock
|faint|p1a: Eternatus
|move|p2a: Yveltal|Max Darkness|p1: Eternatus|[notarget]
|-fail|p2a: Yveltal
|
|upkeep
|
|t:|1658363956
|switch|p1a: Calyrex|Calyrex-Shadow|82/100
|-ability|p1a: Calyrex|As One
|-ability|p1a: Calyrex|Unnerve
|-damage|p1a: Calyrex|70/100|[from] Stealth Rock
|turn|27
|
|t:|1658363964
|move|p1a: Calyrex|Trick|p2a: Yveltal
|-activate|p1a: Calyrex|move: Trick|[of] p2a: Yveltal
|-item|p2a: Yveltal|Choice Scarf|[from] move: Trick
|-item|p1a: Calyrex|Heavy-Duty Boots|[from] move: Trick
|move|p2a: Yveltal|Max Darkness|p1a: Calyrex
|-supereffective|p1a: Calyrex
|-damage|p1a: Calyrex|0 fnt
|faint|p1a: Calyrex
|
|upkeep
|
|t:|1658363968
|switch|p1a: Gliscor|Gliscor, F|59/100 tox
|-damage|p1a: Gliscor|47/100 tox|[from] Stealth Rock
|-end|p2a: Yveltal|Dynamax
|-heal|p2a: Yveltal|94/100|[silent]
|turn|28
|
|t:|1658363970
|move|p2a: Yveltal|Knock Off|p1a: Gliscor
|-damage|p1a: Gliscor|3/100 tox
|-enditem|p1a: Gliscor|Toxic Orb|[from] move: Knock Off|[of] p2a: Yveltal
|move|p1a: Gliscor|Roost|p1a: Gliscor
|-heal|p1a: Gliscor|53/100 tox
|-singleturn|p1a: Gliscor|move: Roost
|
|-heal|p1a: Gliscor|66/100 tox|[from] ability: Poison Heal
|upkeep
|turn|29
|
|t:|1658363972
|move|p2a: Yveltal|Knock Off|p1a: Gliscor
|-damage|p1a: Gliscor|35/100 tox
|move|p1a: Gliscor|Roost|p1a: Gliscor
|-heal|p1a: Gliscor|85/100 tox
|-singleturn|p1a: Gliscor|move: Roost
|
|-heal|p1a: Gliscor|98/100 tox|[from] ability: Poison Heal
|upkeep
|turn|30
|
|t:|1658363974
|move|p2a: Yveltal|Knock Off|p1a: Gliscor
|-damage|p1a: Gliscor|69/100 tox
|move|p1a: Gliscor|Guillotine|p2a: Yveltal|[miss]
|-miss|p1a: Gliscor|p2a: Yveltal
|
|-heal|p1a: Gliscor|81/100 tox|[from] ability: Poison Heal
|upkeep
|turn|31
|
|t:|1658363977
|move|p2a: Yveltal|Knock Off|p1a: Gliscor
|-damage|p1a: Gliscor|51/100 tox
|move|p1a: Gliscor|Roost|p1a: Gliscor
|-heal|p1a: Gliscor|100/100 tox
|-singleturn|p1a: Gliscor|move: Roost
|
|upkeep
|turn|32
|
|t:|1658363979
|move|p2a: Yveltal|Knock Off|p1a: Gliscor
|-damage|p1a: Gliscor|70/100 tox
|move|p1a: Gliscor|Guillotine|p2a: Yveltal
|-damage|p2a: Yveltal|0 fnt
|faint|p2a: Yveltal
|-ohko
|
|-heal|p1a: Gliscor|82/100 tox|[from] ability: Poison Heal
|upkeep
|
|t:|1658363986
|switch|p2a: Marshadow|Marshadow|1/100
|turn|33
|
|t:|1658363989
|-start|p1a: Gliscor|Dynamax|
|-heal|p1a: Gliscor|82/100 tox|[silent]
|move|p2a: Marshadow|Spectral Thief|p1a: Gliscor
|-damage|p1a: Gliscor|65/100 tox
|move|p1a: Gliscor|Max Quake|p2a: Marshadow
|-damage|p2a: Marshadow|0 fnt
|-boost|p1a: Gliscor|spd|1
|faint|p2a: Marshadow
|
|win|Xurkiyee
|raw|Xurkiyee's rating: 1822 &rarr; <strong>1836</strong><br />(+14 for winning)
|raw|kerrozxl-'s rating: 1723 &rarr; <strong>1709</strong><br />(-14 for losing)
|l|☆kerrozxl-
||Ladder isn't responding, score probably updated but might not have (Request timeout).
