|j|☆harsh634
|j|☆Aquatic Shelter
|t:|1665043487
|gametype|singles
|player|p1|harsh634|red|1689
|player|p2|Aquatic Shelter|kahili|1583
|teamsize|p1|6
|teamsize|p2|6
|gen|8
|tier|[Gen 8] National Dex AG
|rated|
|rule|HP Percentage Mod: HP is shown in percentages
|rule|Endless Battle Clause: Forcing endless battles is banned
|clearpoke
|poke|p1|Mewtwo|
|poke|p1|Tyranitar, F|
|poke|p1|Ferrothorn, F|
|poke|p1|Ho-Oh|
|poke|p1|Arceus-*|
|poke|p1|Ditto|
|poke|p2|Rayquaza|
|poke|p2|Tyranitar, M|
|poke|p2|Ditto|
|poke|p2|Deoxys-Speed|
|poke|p2|Arceus-*|
|poke|p2|Lugia|
|teampreview
|inactive|Battle timer is ON: inactive players will automatically lose when time's up. (requested by harsh634)
|c|☆harsh634|hi
|
|t:|1665043498
|start
|switch|p1a: Arceus|Arceus-Ground|100/100
|switch|p2a: Arceus|Arceus-Steel|100/100
|turn|1
|
|t:|1665043507
|move|p2a: Arceus|Protect|p2a: Arceus
|-singleturn|p2a: Arceus|Protect
|move|p1a: Arceus|Judgment|p2a: Arceus
|-activate|p2a: Arceus|move: Protect
|
|upkeep
|turn|2
|c|☆Aquatic Shelter|Hi
|
|t:|1665043536
|switch|p2a: Lugia|Lugia|100/100
|move|p1a: Arceus|Judgment|p2a: Lugia
|-immune|p2a: Lugia
|
|upkeep
|turn|3
|
|t:|1665043546
|switch|p1a: Ho-Oh|Ho-Oh|100/100
|move|p2a: Lugia|Toxic|p1a: Ho-Oh
|-status|p1a: Ho-Oh|tox
|
|-damage|p1a: Ho-Oh|94/100 tox|[from] psn
|upkeep
|turn|4
|
|t:|1665043557
|switch|p2a: Tyranitar|Tyranitar, M|100/100
|-weather|Sandstorm|[from] ability: Sand Stream|[of] p2a: Tyranitar
|move|p1a: Ho-Oh|Toxic|p2a: Tyranitar
|-status|p2a: Tyranitar|tox
|
|-weather|Sandstorm|[upkeep]
|-damage|p1a: Ho-Oh|88/100 tox|[from] Sandstorm
|-damage|p1a: Ho-Oh|76/100 tox|[from] psn
|-damage|p2a: Tyranitar|94/100 tox|[from] psn
|upkeep
|turn|5
|c|☆harsh634|we just battled right?
|
|t:|1665043575
|switch|p1a: Tyranitar|Tyranitar, F|100/100
|move|p2a: Tyranitar|Roar|p1a: Tyranitar
|drag|p1a: Ditto|Ditto|100/100
|-transform|p1a: Ditto|p2a: Tyranitar|[from] ability: Imposter
|
|-weather|Sandstorm|[upkeep]
|-damage|p2a: Tyranitar|82/100 tox|[from] psn
|upkeep
|turn|6
|
|t:|1665043588
|switch|p1a: Arceus|Arceus-Ground|100/100
|move|p2a: Tyranitar|Thunder Wave|p1a: Arceus
|-immune|p1a: Arceus
|
|-weather|Sandstorm|[upkeep]
|-damage|p2a: Tyranitar|63/100 tox|[from] psn
|upkeep
|turn|7
|
|t:|1665043600
|switch|p2a: Rayquaza|Rayquaza|100/100
|-ability|p2a: Rayquaza|Air Lock
|move|p1a: Arceus|Ice Beam|p2a: Rayquaza
|-supereffective|p2a: Rayquaza
|-crit|p2a: Rayquaza
|-enditem|p2a: Rayquaza|Focus Sash
|-damage|p2a: Rayquaza|1/100
|
|-weather|Sandstorm|[upkeep]
|upkeep
|turn|8
|c|☆harsh634|nice
|
|t:|1665043615
|detailschange|p2a: Rayquaza|Rayquaza-Mega
|-mega|p2a: Rayquaza|Rayquaza|
|-weather|DeltaStream|[from] ability: Delta Stream|[of] p2a: Rayquaza
|move|p2a: Rayquaza|Surf|p1a: Arceus
|-supereffective|p1a: Arceus
|-damage|p1a: Arceus|53/100
|move|p1a: Arceus|Ice Beam|p2a: Rayquaza
|-activate||deltastream
|-supereffective|p2a: Rayquaza
|-damage|p2a: Rayquaza|0 fnt
|faint|p2a: Rayquaza
|-weather|none
|
|upkeep
|
|t:|1665043631
|switch|p2a: Lugia|Lugia|100/100
|turn|9
|
|t:|1665043638
|switch|p1a: Tyranitar|Tyranitar, F|100/100
|-weather|Sandstorm|[from] ability: Sand Stream|[of] p1a: Tyranitar
|move|p2a: Lugia|Toxic|p1a: Tyranitar
|-status|p1a: Tyranitar|tox
|
|-weather|Sandstorm|[upkeep]
|-damage|p2a: Lugia|94/100|[from] Sandstorm
|-damage|p1a: Tyranitar|94/100 tox|[from] psn
|upkeep
|turn|10
|
|t:|1665043651
|detailschange|p1a: Tyranitar|Tyranitar-Mega, F
|-mega|p1a: Tyranitar|Tyranitar|Tyranitarite
|move|p2a: Lugia|Recover|p2a: Lugia
|-heal|p2a: Lugia|100/100
|move|p1a: Tyranitar|Stealth Rock|p2a: Lugia
|-sidestart|p2: Aquatic Shelter|move: Stealth Rock
|
|-weather|Sandstorm|[upkeep]
|-damage|p2a: Lugia|94/100|[from] Sandstorm
|-damage|p1a: Tyranitar|82/100 tox|[from] psn
|upkeep
|turn|11
|
|t:|1665043667
|move|p2a: Lugia|Recover|p2a: Lugia
|-heal|p2a: Lugia|100/100
|move|p1a: Tyranitar|Stone Edge|p2a: Lugia
|-supereffective|p2a: Lugia
|-damage|p2a: Lugia|63/100
|
|-weather|Sandstorm|[upkeep]
|-damage|p2a: Lugia|57/100|[from] Sandstorm
|-damage|p1a: Tyranitar|63/100 tox|[from] psn
|upkeep
|turn|12
|
|t:|1665043680
|switch|p1a: Ferrothorn|Ferrothorn, F|100/100
|move|p2a: Lugia|Recover|p2a: Lugia
|-heal|p2a: Lugia|100/100
|
|-weather|Sandstorm|[upkeep]
|-damage|p2a: Lugia|94/100|[from] Sandstorm
|upkeep
|turn|13
|
|t:|1665043693
|switch|p2a: Arceus|Arceus-Steel|100/100
|-damage|p2a: Arceus|94/100|[from] Stealth Rock
|move|p1a: Ferrothorn|Knock Off|p2a: Arceus
|-damage|p2a: Arceus|85/100
|
|-weather|none
|upkeep
|turn|14
|
|t:|1665043703
|move|p2a: Arceus|Perish Song|p2a: Arceus
|-start|p1a: Ferrothorn|perish3|[silent]
|-start|p2a: Arceus|perish3|[silent]
|-fieldactivate|move: Perish Song
|move|p1a: Ferrothorn|Leech Seed|p2a: Arceus
|-start|p2a: Arceus|move: Leech Seed
|
|-damage|p2a: Arceus|72/100|[from] Leech Seed|[of] p1a: Ferrothorn
|-start|p2a: Arceus|perish3
|-start|p1a: Ferrothorn|perish3
|upkeep
|turn|15
|
|t:|1665043715
|switch|p1a: Tyranitar|Tyranitar-Mega, F|63/100 tox
|-weather|Sandstorm|[from] ability: Sand Stream|[of] p1a: Tyranitar
|move|p2a: Arceus|Whirlpool|p1a: Tyranitar
|-supereffective|p1a: Tyranitar
|-damage|p1a: Tyranitar|56/100 tox
|-activate|p1a: Tyranitar|move: Whirlpool|[of] p2a: Arceus
|
|-weather|Sandstorm|[upkeep]
|-damage|p2a: Arceus|60/100|[from] Leech Seed|[of] p1a: Tyranitar
|-heal|p1a: Tyranitar|70/100 tox|[silent]
|-damage|p1a: Tyranitar|64/100 tox|[from] psn
|-damage|p1a: Tyranitar|51/100 tox|[from] move: Whirlpool|[partiallytrapped]
|-start|p2a: Arceus|perish2
|upkeep
|turn|16
|c|☆harsh634|oh no
|inactive|Aquatic Shelter has 120 seconds left.
|
|t:|1665043736
|switch|p2a: Tyranitar|Tyranitar, M|63/100 tox
|-damage|p2a: Tyranitar|51/100 tox|[from] Stealth Rock
|move|p1a: Tyranitar|Rest|p1a: Tyranitar
|-status|p1a: Tyranitar|slp|[from] move: Rest
|-heal|p1a: Tyranitar|100/100 slp|[silent]
|
|-weather|Sandstorm|[upkeep]
|-damage|p2a: Tyranitar|45/100 tox|[from] psn
|-end|p1a: Tyranitar|Whirlpool|[partiallytrapped]|[silent]
|upkeep
|turn|17
|inactive|Aquatic Shelter has 120 seconds left.
|c|☆harsh634|oh
|c|☆harsh634|no judjment
|inactive|harsh634 has 120 seconds left.
|
|t:|1665043769
|switch|p1a: Ferrothorn|Ferrothorn, F|100/100
|switch|p2a: Arceus|Arceus-Steel|60/100
|-damage|p2a: Arceus|54/100|[from] Stealth Rock
|
|-weather|Sandstorm|[upkeep]
|upkeep
|turn|18
|inactive|Aquatic Shelter has 120 seconds left.
|inactive|harsh634 has 120 seconds left.
|
|t:|1665043780
|move|p2a: Arceus|Whirlpool|p1a: Ferrothorn
|-resisted|p1a: Ferrothorn
|-damage|p1a: Ferrothorn|97/100
|-activate|p1a: Ferrothorn|move: Whirlpool|[of] p2a: Arceus
|move|p1a: Ferrothorn|Leech Seed|p2a: Arceus|[miss]
|-miss|p1a: Ferrothorn|p2a: Arceus
|
|-weather|Sandstorm|[upkeep]
|-heal|p1a: Ferrothorn|100/100|[from] item: Leftovers
|-damage|p1a: Ferrothorn|88/100|[from] move: Whirlpool|[partiallytrapped]
|upkeep
|turn|19
|inactive|Aquatic Shelter has 120 seconds left.
|
|t:|1665043794
|move|p2a: Arceus|Perish Song|p2a: Arceus
|-start|p1a: Ferrothorn|perish3|[silent]
|-start|p2a: Arceus|perish3|[silent]
|-fieldactivate|move: Perish Song
|move|p1a: Ferrothorn|Leech Seed|p2a: Arceus
|-start|p2a: Arceus|move: Leech Seed
|
|-weather|none
|-heal|p1a: Ferrothorn|94/100|[from] item: Leftovers
|-damage|p2a: Arceus|41/100|[from] Leech Seed|[of] p1a: Ferrothorn
|-heal|p1a: Ferrothorn|100/100|[silent]
|-damage|p1a: Ferrothorn|88/100|[from] move: Whirlpool|[partiallytrapped]
|-start|p2a: Arceus|perish3
|-start|p1a: Ferrothorn|perish3
|upkeep
|turn|20
|inactive|Aquatic Shelter has 120 seconds left.
|inactive|harsh634 has 120 seconds left.
|
|t:|1665043810
|move|p2a: Arceus|Recover|p2a: Arceus
|-heal|p2a: Arceus|91/100
|move|p1a: Ferrothorn|Spikes|p2a: Arceus
|-sidestart|p2: Aquatic Shelter|Spikes
|
|-heal|p1a: Ferrothorn|94/100|[from] item: Leftovers
|-damage|p2a: Arceus|79/100|[from] Leech Seed|[of] p1a: Ferrothorn
|-heal|p1a: Ferrothorn|100/100|[silent]
|-damage|p1a: Ferrothorn|88/100|[from] move: Whirlpool|[partiallytrapped]
|-start|p2a: Arceus|perish2
|-start|p1a: Ferrothorn|perish2
|upkeep
|turn|21
|
|t:|1665043826
|move|p2a: Arceus|Recover|p2a: Arceus
|-heal|p2a: Arceus|100/100
|move|p1a: Ferrothorn|Knock Off|p2a: Arceus
|-damage|p2a: Arceus|91/100
|
|-heal|p1a: Ferrothorn|94/100|[from] item: Leftovers
|-damage|p2a: Arceus|78/100|[from] Leech Seed|[of] p1a: Ferrothorn
|-heal|p1a: Ferrothorn|100/100|[silent]
|-damage|p1a: Ferrothorn|88/100|[from] move: Whirlpool|[partiallytrapped]
|-start|p2a: Arceus|perish1
|-start|p1a: Ferrothorn|perish1
|upkeep
|turn|22
|
|t:|1665043854
|switch|p2a: Tyranitar|Tyranitar, M|45/100 tox
|-damage|p2a: Tyranitar|32/100 tox|[from] Stealth Rock
|-damage|p2a: Tyranitar|20/100 tox|[from] Spikes
|-weather|Sandstorm|[from] ability: Sand Stream|[of] p2a: Tyranitar
|move|p1a: Ferrothorn|Knock Off|p2a: Tyranitar
|-resisted|p2a: Tyranitar
|-damage|p2a: Tyranitar|12/100 tox
|-enditem|p2a: Tyranitar|Safety Goggles|[from] move: Knock Off|[of] p1a: Ferrothorn
|
|-weather|Sandstorm|[upkeep]
|-heal|p1a: Ferrothorn|94/100|[from] item: Leftovers
|-damage|p2a: Tyranitar|6/100 tox|[from] psn
|-end|p1a: Ferrothorn|Whirlpool|[partiallytrapped]
|-start|p1a: Ferrothorn|perish0
|upkeep
|faint|p1a: Ferrothorn
|
|t:|1665043867
|switch|p1a: Mewtwo|Mewtwo|100/100
|-ability|p1a: Mewtwo|Unnerve
|turn|23
|
|t:|1665043878
|-start|p1a: Mewtwo|Dynamax|
|-heal|p1a: Mewtwo|100/100|[silent]
|move|p1a: Mewtwo|Max Airstream|p2a: Tyranitar
|-resisted|p2a: Tyranitar
|-damage|p2a: Tyranitar|0 fnt
|-boost|p1a: Mewtwo|spe|1
|faint|p2a: Tyranitar
|-damage|p1a: Mewtwo|96/100|[from] item: Life Orb
|
|-weather|Sandstorm|[upkeep]
|-damage|p1a: Mewtwo|92/100|[from] Sandstorm
|upkeep
|inactive|Aquatic Shelter has 90 seconds left.
|
|t:|1665043895
|switch|p2a: Lugia|Lugia|94/100
|turn|24
|
|t:|1665043906
|move|p1a: Mewtwo|Max Airstream|p2a: Lugia
|-damage|p2a: Lugia|62/100
|-boost|p1a: Mewtwo|spe|1
|-damage|p1a: Mewtwo|88/100|[from] item: Life Orb
|move|p2a: Lugia|Toxic|p1a: Mewtwo
|-status|p1a: Mewtwo|tox
|
|-weather|Sandstorm|[upkeep]
|-damage|p1a: Mewtwo|84/100 tox|[from] Sandstorm
|-damage|p2a: Lugia|56/100|[from] Sandstorm
|-damage|p1a: Mewtwo|81/100 tox|[from] psn
|upkeep
|turn|25
|
|t:|1665043925
|move|p1a: Mewtwo|Max Flare|p2a: Lugia
|-damage|p2a: Lugia|27/100
|-weather|SunnyDay
|-damage|p1a: Mewtwo|76/100 tox|[from] item: Life Orb
|move|p2a: Lugia|Recover|p2a: Lugia
|-heal|p2a: Lugia|77/100
|
|-weather|SunnyDay|[upkeep]
|-damage|p1a: Mewtwo|70/100 tox|[from] psn
|upkeep
|-end|p1a: Mewtwo|Dynamax
|-heal|p1a: Mewtwo|70/100 tox|[silent]
|turn|26
|inactive|Aquatic Shelter has 90 seconds left.
|
|t:|1665043943
|move|p1a: Mewtwo|Nasty Plot|p1a: Mewtwo
|-boost|p1a: Mewtwo|spa|2
|move|p2a: Lugia|Recover|p2a: Lugia
|-heal|p2a: Lugia|100/100
|
|-weather|SunnyDay|[upkeep]
|-damage|p1a: Mewtwo|52/100 tox|[from] psn
|upkeep
|turn|27
|inactive|Aquatic Shelter has 90 seconds left.
|
|t:|1665043960
|move|p1a: Mewtwo|Fire Blast|p2a: Lugia
|-damage|p2a: Lugia|62/100
|-damage|p1a: Mewtwo|42/100 tox|[from] item: Life Orb
|move|p2a: Lugia|Recover|p2a: Lugia
|-heal|p2a: Lugia|100/100
|
|-weather|SunnyDay|[upkeep]
|-damage|p1a: Mewtwo|17/100 tox|[from] psn
|upkeep
|turn|28
|inactive|Aquatic Shelter has 90 seconds left.
|
|t:|1665043974
|move|p1a: Mewtwo|Fire Blast|p2a: Lugia
|-crit|p2a: Lugia
|-damage|p2a: Lugia|45/100
|-damage|p1a: Mewtwo|7/100 tox|[from] item: Life Orb
|move|p2a: Lugia|Recover|p2a: Lugia
|-heal|p2a: Lugia|95/100
|
|-weather|SunnyDay|[upkeep]
|-damage|p1a: Mewtwo|0 fnt|[from] psn
|faint|p1a: Mewtwo
|upkeep
|
|t:|1665043984
|switch|p1a: Ho-Oh|Ho-Oh|100/100 tox
|turn|29
|inactive|Aquatic Shelter has 90 seconds left.
|
|t:|1665043995
|switch|p2a: Deoxys|Deoxys-Speed|100/100
|-damage|p2a: Deoxys|88/100|[from] Stealth Rock
|-damage|p2a: Deoxys|76/100|[from] Spikes
|-ability|p2a: Deoxys|Pressure
|move|p1a: Ho-Oh|Toxic|p2a: Deoxys
|-status|p2a: Deoxys|tox
|
|-weather|none
|-damage|p2a: Deoxys|70/100 tox|[from] psn
|-damage|p1a: Ho-Oh|94/100 tox|[from] psn
|upkeep
|turn|30
|inactive|Aquatic Shelter has 90 seconds left.
|
|t:|1665044013
|move|p2a: Deoxys|Taunt|p1a: Ho-Oh
|-start|p1a: Ho-Oh|move: Taunt
|move|p1a: Ho-Oh|Brave Bird|p2a: Deoxys
|-damage|p2a: Deoxys|4/100 tox
|-damage|p1a: Ho-Oh|79/100 tox|[from] Recoil
|
|-damage|p2a: Deoxys|0 fnt|[from] psn
|faint|p2a: Deoxys
|-damage|p1a: Ho-Oh|67/100 tox|[from] psn
|upkeep
|
|t:|1665044028
|switch|p2a: Lugia|Lugia|95/100
|turn|31
|
|t:|1665044034
|switch|p1a: Tyranitar|Tyranitar-Mega, F|100/100 slp
|-weather|Sandstorm|[from] ability: Sand Stream|[of] p1a: Tyranitar
|move|p2a: Lugia|Defog|p1a: Tyranitar
|-unboost|p1a: Tyranitar|evasion|1
|-sideend|p2: Aquatic Shelter|Spikes|[from] move: Defog|[of] p2a: Lugia
|-sideend|p2: Aquatic Shelter|Stealth Rock|[from] move: Defog|[of] p2a: Lugia
|
|-weather|Sandstorm|[upkeep]
|-damage|p2a: Lugia|89/100|[from] Sandstorm
|upkeep
|turn|32
|inactive|Aquatic Shelter has 90 seconds left.
|
|t:|1665044049
|switch|p2a: Arceus|Arceus-Steel|78/100
|cant|p1a: Tyranitar|slp
|
|-weather|Sandstorm|[upkeep]
|upkeep
|turn|33
|inactive|Aquatic Shelter has 90 seconds left.
|inactive|harsh634 has 120 seconds left.
|inactive|harsh634 has 90 seconds left.
|
|t:|1665044129
|switch|p1a: Arceus|Arceus-Ground|53/100
|move|p2a: Arceus|Whirlpool|p1a: Arceus
|-supereffective|p1a: Arceus
|-damage|p1a: Arceus|41/100
|-activate|p1a: Arceus|move: Whirlpool|[of] p2a: Arceus
|
|-weather|Sandstorm|[upkeep]
|-damage|p1a: Arceus|28/100|[from] move: Whirlpool|[partiallytrapped]
|upkeep
|turn|34
|inactive|Aquatic Shelter has 90 seconds left.
|
|t:|1665044140
|move|p2a: Arceus|Perish Song|p2a: Arceus
|-start|p1a: Arceus|perish3|[silent]
|-start|p2a: Arceus|perish3|[silent]
|-fieldactivate|move: Perish Song
|move|p1a: Arceus|Recover|p1a: Arceus
|-heal|p1a: Arceus|78/100
|
|-weather|Sandstorm|[upkeep]
|-damage|p1a: Arceus|66/100|[from] move: Whirlpool|[partiallytrapped]
|-start|p2a: Arceus|perish3
|-start|p1a: Arceus|perish3
|upkeep
|turn|35
|inactive|Aquatic Shelter has 90 seconds left.
|
|t:|1665044154
|move|p2a: Arceus|Protect|p2a: Arceus
|-singleturn|p2a: Arceus|Protect
|move|p1a: Arceus|Judgment|p2a: Arceus
|-activate|p2a: Arceus|move: Protect
|
|-weather|none
|-damage|p1a: Arceus|53/100|[from] move: Whirlpool|[partiallytrapped]
|-start|p2a: Arceus|perish2
|-start|p1a: Arceus|perish2
|upkeep
|turn|36
|inactive|harsh634 has 90 seconds left.
|inactive|Aquatic Shelter has 90 seconds left.
|
|t:|1665044168
|move|p2a: Arceus|Recover|p2a: Arceus
|-heal|p2a: Arceus|100/100
|move|p1a: Arceus|Judgment|p2a: Arceus
|-supereffective|p2a: Arceus
|-damage|p2a: Arceus|35/100
|
|-damage|p1a: Arceus|41/100|[from] move: Whirlpool|[partiallytrapped]
|-start|p2a: Arceus|perish1
|-start|p1a: Arceus|perish1
|upkeep
|turn|37
|inactive|Aquatic Shelter has 90 seconds left.
|
|t:|1665044183
|switch|p2a: Lugia|Lugia|89/100
|move|p1a: Arceus|Ice Beam|p2a: Lugia
|-supereffective|p2a: Lugia
|-damage|p2a: Lugia|68/100
|
|-end|p1a: Arceus|Whirlpool|[partiallytrapped]|[silent]
|-start|p1a: Arceus|perish0
|upkeep
|faint|p1a: Arceus
|
|t:|1665044188
|switch|p1a: Ho-Oh|Ho-Oh|99/100 tox
|turn|38
|
|t:|1665044202
|-start|p2a: Lugia|Dynamax|
|-heal|p2a: Lugia|68/100|[silent]
|move|p2a: Lugia|Max Airstream|p1a: Ho-Oh
|-damage|p1a: Ho-Oh|77/100 tox
|-boost|p2a: Lugia|spe|1
|move|p1a: Ho-Oh|Toxic|p2a: Lugia
|-status|p2a: Lugia|tox
|
|-damage|p2a: Lugia|65/100 tox|[from] psn
|-damage|p1a: Ho-Oh|71/100 tox|[from] psn
|upkeep
|turn|39
|inactive|Aquatic Shelter has 90 seconds left.
|
|t:|1665044219
|switch|p1a: Tyranitar|Tyranitar-Mega, F|100/100 slp
|-weather|Sandstorm|[from] ability: Sand Stream|[of] p1a: Tyranitar
|move|p2a: Lugia|Max Airstream|p1a: Tyranitar
|-resisted|p1a: Tyranitar
|-damage|p1a: Tyranitar|93/100 slp
|-boost|p2a: Lugia|spe|1
|
|-weather|Sandstorm|[upkeep]
|-damage|p2a: Lugia|62/100 tox|[from] Sandstorm
|-damage|p2a: Lugia|56/100 tox|[from] psn
|upkeep
|turn|40
|inactive|Aquatic Shelter has 90 seconds left.
|
|t:|1665044235
|-end|p2a: Lugia|Dynamax
|-heal|p2a: Lugia|56/100 tox|[silent]
|switch|p2a: Arceus|Arceus-Steel|35/100
|cant|p1a: Tyranitar|slp
|
|-weather|Sandstorm|[upkeep]
|upkeep
|turn|41
|inactive|harsh634 has 120 seconds left.
|inactive|Aquatic Shelter has 90 seconds left.
|
|t:|1665044252
|switch|p1a: Ho-Oh|Ho-Oh|100/100 tox
|move|p2a: Arceus|Whirlpool|p1a: Ho-Oh
|-supereffective|p1a: Ho-Oh
|-damage|p1a: Ho-Oh|90/100 tox
|-activate|p1a: Ho-Oh|move: Whirlpool|[of] p2a: Arceus
|
|-weather|Sandstorm|[upkeep]
|-damage|p1a: Ho-Oh|84/100 tox|[from] Sandstorm
|-damage|p1a: Ho-Oh|78/100 tox|[from] psn
|-damage|p1a: Ho-Oh|66/100 tox|[from] move: Whirlpool|[partiallytrapped]
|upkeep
|turn|42
|inactive|Aquatic Shelter has 90 seconds left.
|
|t:|1665044267
|move|p2a: Arceus|Protect|p2a: Arceus
|-singleturn|p2a: Arceus|Protect
|move|p1a: Ho-Oh|Sacred Fire|p2a: Arceus
|-activate|p2a: Arceus|move: Protect
|
|-weather|Sandstorm|[upkeep]
|-damage|p1a: Ho-Oh|60/100 tox|[from] Sandstorm
|-damage|p1a: Ho-Oh|48/100 tox|[from] psn
|-damage|p1a: Ho-Oh|36/100 tox|[from] move: Whirlpool|[partiallytrapped]
|upkeep
|turn|43
|inactive|Aquatic Shelter has 90 seconds left.
|
|t:|1665044284
|switch|p2a: Lugia|Lugia|56/100 tox
|move|p1a: Ho-Oh|Sacred Fire|p2a: Lugia
|-damage|p2a: Lugia|29/100 tox
|
|-weather|none
|-damage|p2a: Lugia|23/100 tox|[from] psn
|-damage|p1a: Ho-Oh|18/100 tox|[from] psn
|-end|p1a: Ho-Oh|Whirlpool|[partiallytrapped]|[silent]
|upkeep
|turn|44
|
|t:|1665044297
|switch|p1a: Tyranitar|Tyranitar-Mega, F|93/100 slp
|-weather|Sandstorm|[from] ability: Sand Stream|[of] p1a: Tyranitar
|move|p2a: Lugia|Recover|p2a: Lugia
|-heal|p2a: Lugia|73/100 tox
|
|-weather|Sandstorm|[upkeep]
|-damage|p2a: Lugia|67/100 tox|[from] Sandstorm
|-damage|p2a: Lugia|55/100 tox|[from] psn
|upkeep
|turn|45
|
|t:|1665044311
|-activate|p2a: Lugia|move: Pursuit
|-curestatus|p1a: Tyranitar|slp|[msg]
|move|p1a: Tyranitar|Pursuit|p2a: Lugia|[from]Pursuit
|-supereffective|p2a: Lugia
|-damage|p2a: Lugia|1/100 tox
|switch|p2a: Arceus|Arceus-Steel|35/100
|
|-weather|Sandstorm|[upkeep]
|upkeep
|turn|46
|c|☆harsh634|yes
|
|t:|1665044325
|move|p2a: Arceus|Recover|p2a: Arceus
|-heal|p2a: Arceus|85/100
|move|p1a: Tyranitar|Stealth Rock|p2a: Arceus
|-sidestart|p2: Aquatic Shelter|move: Stealth Rock
|
|-weather|Sandstorm|[upkeep]
|upkeep
|turn|47
|
|t:|1665044337
|switch|p1a: Ditto|Ditto|100/100
|-transform|p1a: Ditto|p2a: Arceus|[from] ability: Imposter
|move|p2a: Arceus|Whirlpool|p1a: Ditto|[miss]
|-miss|p2a: Arceus|p1a: Ditto
|
|-weather|Sandstorm|[upkeep]
|upkeep
|turn|48
|inactive|Aquatic Shelter has 90 seconds left.
|
|t:|1665044353
|move|p1a: Ditto|Whirlpool|p2a: Arceus
|-crit|p2a: Arceus
|-damage|p2a: Arceus|76/100
|-activate|p2a: Arceus|move: Whirlpool|[of] p1a: Ditto
|move|p2a: Arceus|Whirlpool|p1a: Ditto
|-damage|p1a: Ditto|91/100
|-activate|p1a: Ditto|move: Whirlpool|[of] p2a: Arceus
|
|-weather|none
|-damage|p1a: Ditto|79/100|[from] move: Whirlpool|[partiallytrapped]
|-damage|p2a: Arceus|64/100|[from] move: Whirlpool|[partiallytrapped]
|upkeep
|turn|49
|
|t:|1665044366
|move|p2a: Arceus|Protect|p2a: Arceus
|-singleturn|p2a: Arceus|Protect
|move|p1a: Ditto|Whirlpool|p2a: Arceus
|-activate|p2a: Arceus|move: Protect
|
|-damage|p1a: Ditto|66/100|[from] move: Whirlpool|[partiallytrapped]
|-damage|p2a: Arceus|51/100|[from] move: Whirlpool|[partiallytrapped]
|upkeep
|turn|50
|
|t:|1665044377
|move|p1a: Ditto|Whirlpool|p2a: Arceus
|-damage|p2a: Arceus|45/100
|move|p2a: Arceus|Recover|p2a: Arceus
|-heal|p2a: Arceus|95/100
|
|-damage|p1a: Ditto|54/100|[from] move: Whirlpool|[partiallytrapped]
|-damage|p2a: Arceus|82/100|[from] move: Whirlpool|[partiallytrapped]
|upkeep
|turn|51
|
|t:|1665044389
|move|p1a: Ditto|Whirlpool|p2a: Arceus
|-damage|p2a: Arceus|76/100
|move|p2a: Arceus|Whirlpool|p1a: Ditto
|-damage|p1a: Ditto|45/100
|
|-damage|p1a: Ditto|33/100|[from] move: Whirlpool|[partiallytrapped]
|-damage|p2a: Arceus|63/100|[from] move: Whirlpool|[partiallytrapped]
|upkeep
|turn|52
|
|t:|1665044400
|move|p1a: Ditto|Whirlpool|p2a: Arceus
|-damage|p2a: Arceus|57/100
|move|p2a: Arceus|Recover|p2a: Arceus
|-heal|p2a: Arceus|100/100
|
|-end|p1a: Ditto|Whirlpool|[partiallytrapped]
|-end|p2a: Arceus|Whirlpool|[partiallytrapped]
|upkeep
|turn|53
|
|t:|1665044411
|switch|p1a: Ho-Oh|Ho-Oh|51/100 tox
|move|p2a: Arceus|Whirlpool|p1a: Ho-Oh
|-supereffective|p1a: Ho-Oh
|-damage|p1a: Ho-Oh|40/100 tox
|-activate|p1a: Ho-Oh|move: Whirlpool|[of] p2a: Arceus
|
|-damage|p1a: Ho-Oh|34/100 tox|[from] psn
|-damage|p1a: Ho-Oh|21/100 tox|[from] move: Whirlpool|[partiallytrapped]
|upkeep
|turn|54
|inactive|Aquatic Shelter has 90 seconds left.
|
|t:|1665044423
|move|p2a: Arceus|Protect|p2a: Arceus
|-singleturn|p2a: Arceus|Protect
|move|p1a: Ho-Oh|Sacred Fire|p2a: Arceus
|-activate|p2a: Arceus|move: Protect
|
|-damage|p1a: Ho-Oh|9/100 tox|[from] psn
|-damage|p1a: Ho-Oh|0 fnt|[from] move: Whirlpool|[partiallytrapped]
|faint|p1a: Ho-Oh
|upkeep
|
|t:|1665044438
|switch|p1a: Ditto|Ditto|33/100
|-transform|p1a: Ditto|p2a: Arceus|[from] ability: Imposter
|turn|55
|
|t:|1665044445
|move|p1a: Ditto|Recover|p1a: Ditto
|-heal|p1a: Ditto|83/100
|move|p2a: Arceus|Whirlpool|p1a: Ditto
|-damage|p1a: Ditto|74/100
|-activate|p1a: Ditto|move: Whirlpool|[of] p2a: Arceus
|
|-damage|p1a: Ditto|62/100|[from] move: Whirlpool|[partiallytrapped]
|upkeep
|turn|56
|c|☆Aquatic Shelter|Gg ?
|inactive|harsh634 has 120 seconds left.
|c|☆harsh634|yes
|
|t:|1665044498
|move|p1a: Ditto|Recover|p1a: Ditto
|-heal|p1a: Ditto|100/100
|move|p2a: Arceus|Perish Song|p2a: Arceus
|-start|p1a: Ditto|perish3|[silent]
|-start|p2a: Arceus|perish3|[silent]
|-fieldactivate|move: Perish Song
|
|-damage|p1a: Ditto|88/100|[from] move: Whirlpool|[partiallytrapped]
|-start|p1a: Ditto|perish3
|-start|p2a: Arceus|perish3
|upkeep
|turn|57
|
|t:|1665044511
|move|p1a: Ditto|Recover|p1a: Ditto
|-heal|p1a: Ditto|100/100
|move|p2a: Arceus|Whirlpool|p1a: Ditto
|-damage|p1a: Ditto|92/100
|
|-damage|p1a: Ditto|79/100|[from] move: Whirlpool|[partiallytrapped]
|-start|p1a: Ditto|perish2
|-start|p2a: Arceus|perish2
|upkeep
|turn|58
|c|☆harsh634|ok just play fast
|c|☆harsh634|u won anyways
|inactive|Aquatic Shelter has 90 seconds left.
|
|t:|1665044527
|move|p1a: Ditto|Recover|p1a: Ditto
|-heal|p1a: Ditto|100/100
|move|p2a: Arceus|Whirlpool|p1a: Ditto
|-crit|p1a: Ditto
|-damage|p1a: Ditto|86/100
|
|-damage|p1a: Ditto|73/100|[from] move: Whirlpool|[partiallytrapped]
|-start|p1a: Ditto|perish1
|-start|p2a: Arceus|perish1
|upkeep
|turn|59
|inactive|Aquatic Shelter has 90 seconds left.
|
|t:|1665044544
|switch|p2a: Lugia|Lugia|1/100 tox
|move|p1a: Ditto|Recover|p1a: Ditto
|-heal|p1a: Ditto|100/100
|
|-damage|p2a: Lugia|0 fnt|[from] psn
|faint|p2a: Lugia
|-end|p1a: Ditto|Whirlpool|[partiallytrapped]|[silent]
|-start|p1a: Ditto|perish0
|upkeep
|faint|p1a: Ditto
|inactive|Aquatic Shelter has 90 seconds left.
|
|t:|1665044557
|switch|p2a: Arceus|Arceus-Steel|100/100
|switch|p1a: Tyranitar|Tyranitar-Mega, F|93/100
|-damage|p2a: Arceus|94/100|[from] Stealth Rock
|-weather|Sandstorm|[from] ability: Sand Stream|[of] p1a: Tyranitar
|turn|60
|inactive|Aquatic Shelter has 90 seconds left.
|
|t:|1665044569
|move|p2a: Arceus|Whirlpool|p1a: Tyranitar|[miss]
|-miss|p2a: Arceus|p1a: Tyranitar
|move|p1a: Tyranitar|Stone Edge|p2a: Arceus
|-resisted|p2a: Arceus
|-damage|p2a: Arceus|78/100
|
|-weather|Sandstorm|[upkeep]
|upkeep
|turn|61
|inactive|Aquatic Shelter has 90 seconds left.
|
|t:|1665044579
|move|p2a: Arceus|Whirlpool|p1a: Tyranitar
|-supereffective|p1a: Tyranitar
|-damage|p1a: Tyranitar|86/100
|-activate|p1a: Tyranitar|move: Whirlpool|[of] p2a: Arceus
|move|p1a: Tyranitar|Stone Edge|p2a: Arceus
|-resisted|p2a: Arceus
|-damage|p2a: Arceus|60/100
|
|-weather|Sandstorm|[upkeep]
|-damage|p1a: Tyranitar|74/100|[from] move: Whirlpool|[partiallytrapped]
|upkeep
|turn|62
|inactive|Aquatic Shelter has 90 seconds left.
|
|t:|1665044595
|move|p2a: Arceus|Perish Song|p2a: Arceus
|-start|p1a: Tyranitar|perish3|[silent]
|-start|p2a: Arceus|perish3|[silent]
|-fieldactivate|move: Perish Song
|move|p1a: Tyranitar|Stone Edge|p2a: Arceus
|-resisted|p2a: Arceus
|-damage|p2a: Arceus|44/100
|
|-weather|Sandstorm|[upkeep]
|-damage|p1a: Tyranitar|61/100|[from] move: Whirlpool|[partiallytrapped]
|-start|p2a: Arceus|perish3
|-start|p1a: Tyranitar|perish3
|upkeep
|turn|63
|inactive|Aquatic Shelter has 90 seconds left.
|
|t:|1665044609
|move|p2a: Arceus|Recover|p2a: Arceus
|-heal|p2a: Arceus|94/100
|move|p1a: Tyranitar|Stone Edge|p2a: Arceus|[miss]
|-miss|p1a: Tyranitar|p2a: Arceus
|
|-weather|Sandstorm|[upkeep]
|-damage|p1a: Tyranitar|49/100|[from] move: Whirlpool|[partiallytrapped]
|-start|p2a: Arceus|perish2
|-start|p1a: Tyranitar|perish2
|upkeep
|turn|64
|inactive|Aquatic Shelter has 90 seconds left.
|
|t:|1665044624
|move|p2a: Arceus|Protect|p2a: Arceus
|-singleturn|p2a: Arceus|Protect
|move|p1a: Tyranitar|Rest|p1a: Tyranitar
|-status|p1a: Tyranitar|slp|[from] move: Rest
|-heal|p1a: Tyranitar|100/100 slp|[silent]
|
|-weather|none
|-damage|p1a: Tyranitar|88/100 slp|[from] move: Whirlpool|[partiallytrapped]
|-start|p2a: Arceus|perish1
|-start|p1a: Tyranitar|perish1
|upkeep
|turn|65
|inactive|Aquatic Shelter has 90 seconds left.
|
|t:|1665044639
|switch|p2a: Ditto|Ditto|100/100
|-damage|p2a: Ditto|88/100|[from] Stealth Rock
|-transform|p2a: Ditto|p1a: Tyranitar|[from] ability: Imposter
|-weather|Sandstorm|[from] ability: Sand Stream|[of] p2a: Ditto
|cant|p1a: Tyranitar|slp
|
|-weather|Sandstorm|[upkeep]
|-end|p1a: Tyranitar|Whirlpool|[partiallytrapped]|[silent]
|-start|p1a: Tyranitar|perish0
|upkeep
|faint|p1a: Tyranitar
|
|win|Aquatic Shelter
|raw|harsh634's rating: 1689 &rarr; <strong>1663</strong><br />(-26 for losing)
|raw|Aquatic Shelter's rating: 1583 &rarr; <strong>1609</strong><br />(+26 for winning)
|l|☆harsh634
|c|☆Aquatic Shelter|Ggwb
