|j|☆Lasombralegendaria
|j|☆Obito 2001
|t:|1666124253
|gametype|singles
|player|p1|Lasombralegendaria|steven-masters2|1654
|player|p2|Obito 2001|teamrocket|1862
|teamsize|p1|6
|teamsize|p2|6
|gen|8
|tier|[Gen 8] National Dex AG
|rated|
|rule|HP Percentage Mod: HP is shown in percentages
|rule|Endless Battle Clause: Forcing endless battles is banned
|clearpoke
|poke|p1|Excadrill, M|
|poke|p1|Smeargle, M|
|poke|p1|Calyrex-Shadow|
|poke|p1|Rayquaza|
|poke|p1|Yveltal|
|poke|p1|Necrozma-Dusk-Mane|
|poke|p2|Ditto|
|poke|p2|Marshadow|
|poke|p2|Landorus, M|
|poke|p2|Arceus-*|
|poke|p2|Arceus-*|
|poke|p2|Deoxys-Attack|
|teampreview
|inactive|Battle timer is ON: inactive players will automatically lose when time's up. (requested by Obito 2001)
|inactive|Lasombralegendaria also wants the timer to be on.
|
|t:|1666124267
|start
|switch|p1a: Excadrill|Excadrill, M|100/100
|switch|p2a: Deoxys|Deoxys-Attack, shiny|100/100
|-ability|p2a: Deoxys|Pressure
|-ability|p1a: Excadrill|Mold Breaker
|turn|1
|
|t:|1666124274
|move|p2a: Deoxys|Ice Beam|p1a: Excadrill
|-damage|p1a: Excadrill|44/100
|move|p1a: Excadrill|Rapid Spin|p2a: Deoxys
|-damage|p2a: Deoxys|19/100
|-boost|p1a: Excadrill|spe|1
|
|upkeep
|turn|2
|
|t:|1666124287
|move|p1a: Excadrill|Stealth Rock|p2a: Deoxys
|-sidestart|p2: Obito 2001|move: Stealth Rock
|move|p2a: Deoxys|Stealth Rock|p1a: Excadrill
|-sidestart|p1: Lasombralegendaria|move: Stealth Rock
|
|upkeep
|turn|3
|
|t:|1666124291
|switch|p2a: Marshadow|Marshadow|100/100
|-damage|p2a: Marshadow|94/100|[from] Stealth Rock
|move|p1a: Excadrill|Rapid Spin|p2a: Marshadow
|-immune|p2a: Marshadow
|
|upkeep
|turn|4
|
|t:|1666124294
|move|p2a: Marshadow|Shadow Sneak|p1a: Excadrill
|-damage|p1a: Excadrill|0 fnt
|faint|p1a: Excadrill
|-damage|p2a: Marshadow|84/100|[from] item: Life Orb
|
|upkeep
|
|t:|1666124299
|switch|p1a: Yveltal|Yveltal|100/100
|-damage|p1a: Yveltal|76/100|[from] Stealth Rock
|-ability|p1a: Yveltal|Dark Aura
|turn|5
|inactive|Obito 2001 has 120 seconds left.
|
|t:|1666124342
|switch|p2a: Deoxys|Deoxys-Attack, shiny|19/100
|-damage|p2a: Deoxys|7/100|[from] Stealth Rock
|-ability|p2a: Deoxys|Pressure
|-start|p1a: Yveltal|Dynamax|
|-heal|p1a: Yveltal|76/100|[silent]
|move|p1a: Yveltal|Max Airstream|p2a: Deoxys
|-damage|p2a: Deoxys|0 fnt
|-boost|p1a: Yveltal|spe|1
|faint|p2a: Deoxys
|-damage|p1a: Yveltal|71/100|[from] item: Life Orb
|
|upkeep
|
|t:|1666124359
|switch|p2a: Arceus|Arceus-Flying|100/100
|-damage|p2a: Arceus|75/100|[from] Stealth Rock
|turn|6
|
|t:|1666124364
|move|p1a: Yveltal|Max Darkness|p2a: Arceus
|-damage|p2a: Arceus|0 fnt
|faint|p2a: Arceus
|-damage|p1a: Yveltal|66/100|[from] item: Life Orb
|
|upkeep
|
|t:|1666124367
|switch|p2a: Landorus|Landorus, M|100/100
|-damage|p2a: Landorus|88/100|[from] Stealth Rock
|turn|7
|
|t:|1666124372
|move|p1a: Yveltal|Max Darkness|p2a: Landorus
|-damage|p2a: Landorus|0 fnt
|faint|p2a: Landorus
|-damage|p1a: Yveltal|61/100|[from] item: Life Orb
|
|upkeep
|
|t:|1666124374
|switch|p2a: Ditto|Ditto, shiny|100/100
|-damage|p2a: Ditto|88/100|[from] Stealth Rock
|-transform|p2a: Ditto|p1a: Yveltal|[from] ability: Imposter
|-ability|p2a: Ditto|Dark Aura
|-end|p1a: Yveltal|Dynamax
|-heal|p1a: Yveltal|61/100|[silent]
|turn|8
|
|t:|1666124378
|-start|p2a: Ditto|Dynamax|
|-heal|p2a: Ditto|88/100|[silent]
|move|p2a: Ditto|Max Airstream|p1a: Yveltal
|-damage|p1a: Yveltal|0 fnt
|-boost|p2a: Ditto|spe|1
|faint|p1a: Yveltal
|
|upkeep
|
|t:|1666124381
|switch|p1a: Smeargle|Smeargle, M|100/100
|-damage|p1a: Smeargle|88/100|[from] Stealth Rock
|turn|9
|
|t:|1666124384
|move|p2a: Ditto|Max Darkness|p1a: Smeargle
|-damage|p1a: Smeargle|0 fnt
|faint|p1a: Smeargle
|
|upkeep
|
|t:|1666124388
|switch|p1a: Calyrex|Calyrex-Shadow|100/100
|-ability|p1a: Calyrex|As One
|-ability|p1a: Calyrex|Unnerve
|-damage|p1a: Calyrex|88/100|[from] Stealth Rock
|turn|10
|
|t:|1666124390
|move|p2a: Ditto|Max Darkness|p1a: Calyrex
|-supereffective|p1a: Calyrex
|-damage|p1a: Calyrex|0 fnt
|faint|p1a: Calyrex
|
|upkeep
|
|t:|1666124392
|switch|p1a: Rayquaza|Rayquaza|100/100
|-damage|p1a: Rayquaza|76/100|[from] Stealth Rock
|-ability|p1a: Rayquaza|Air Lock
|-end|p2a: Ditto|Dynamax
|-heal|p2a: Ditto|88/100|[silent]
|turn|11
|
|t:|1666124396
|detailschange|p1a: Rayquaza|Rayquaza-Mega
|-mega|p1a: Rayquaza|Rayquaza|
|-weather|DeltaStream|[from] ability: Delta Stream|[of] p1a: Rayquaza
|move|p2a: Ditto|Dark Pulse|p1a: Rayquaza
|-damage|p1a: Rayquaza|26/100
|cant|p1a: Rayquaza|flinch
|
|-weather|DeltaStream|[upkeep]
|upkeep
|turn|12
|
|t:|1666124399
|move|p1a: Rayquaza|Extreme Speed|p2a: Ditto
|-damage|p2a: Ditto|23/100
|move|p2a: Ditto|Dark Pulse|p1a: Rayquaza
|-damage|p1a: Rayquaza|0 fnt
|faint|p1a: Rayquaza
|-weather|none
|
|upkeep
|
|t:|1666124400
|switch|p1a: Necrozma|Necrozma-Dusk-Mane|100/100
|-damage|p1a: Necrozma|95/100|[from] Stealth Rock
|turn|13
|-message|Lasombralegendaria forfeited.
|
|win|Obito 2001
|raw|Lasombralegendaria's rating: 1654 &rarr; <strong>1645</strong><br />(-9 for losing)
|raw|Obito 2001's rating: 1862 &rarr; <strong>1871</strong><br />(+9 for winning)
|l|☆Lasombralegendaria
