|j|☆CLEAR GEM清瑜
|j|☆Crystraco
|t:|1662984316
|gametype|singles
|player|p1|CLEAR GEM清瑜|skierf|1828
|player|p2|Crystraco|102|1915
|teamsize|p1|6
|teamsize|p2|6
|gen|8
|tier|[Gen 8] National Dex AG
|rated|
|rule|HP Percentage Mod: HP is shown in percentages
|rule|Endless Battle Clause: Forcing endless battles is banned
|clearpoke
|poke|p1|Rayquaza|
|poke|p1|Groudon|
|poke|p1|Necrozma-Dusk-Mane|
|poke|p1|Arceus-*|
|poke|p1|Zacian-*|
|poke|p1|Yveltal|
|poke|p2|Kyogre|
|poke|p2|Excadrill, F|
|poke|p2|Arceus-*|
|poke|p2|Ditto|
|poke|p2|Salamence, M|
|poke|p2|Xerneas-*|
|teampreview
|inactive|Battle timer is ON: inactive players will automatically lose when time's up. (requested by CLEAR GEM清瑜)
|
|t:|1662984336
|start
|switch|p1a: 老烈|Rayquaza|100/100
|switch|p2a: Excadrill|Excadrill, F|100/100
|-ability|p2a: Excadrill|Mold Breaker
|-ability|p1a: 老烈|Air Lock
|turn|1
|
|t:|1662984341
|detailschange|p1a: 老烈|Rayquaza-Mega
|-mega|p1a: 老烈|Rayquaza|
|-weather|DeltaStream|[from] ability: Delta Stream|[of] p1a: 老烈
|move|p1a: 老烈|Earthquake|p2a: Excadrill
|-supereffective|p2a: Excadrill
|-enditem|p2a: Excadrill|Focus Sash
|-damage|p2a: Excadrill|1/100
|move|p2a: Excadrill|Stealth Rock|p1a: 老烈
|-sidestart|p1: CLEAR GEM清瑜|move: Stealth Rock
|
|-weather|DeltaStream|[upkeep]
|upkeep
|turn|2
|
|t:|1662984345
|move|p1a: 老烈|Extreme Speed|p2a: Excadrill
|-resisted|p2a: Excadrill
|-damage|p2a: Excadrill|0 fnt
|faint|p2a: Excadrill
|
|-weather|DeltaStream|[upkeep]
|upkeep
|
|t:|1662984348
|switch|p2a: Xerneas|Xerneas|100/100
|-ability|p2a: Xerneas|Fairy Aura
|turn|3
|
|t:|1662984350
|move|p2a: Xerneas|Moonblast|p1a: 老烈
|-supereffective|p1a: 老烈
|-enditem|p1a: 老烈|Focus Sash
|-damage|p1a: 老烈|1/100
|move|p1a: 老烈|Dragon Ascent|p2a: Xerneas
|-damage|p2a: Xerneas|26/100
|-unboost|p1a: 老烈|def|1
|-unboost|p1a: 老烈|spd|1
|
|-weather|DeltaStream|[upkeep]
|upkeep
|turn|4
|
|t:|1662984353
|switch|p2a: Arceus|Arceus|100/100
|move|p1a: 老烈|Extreme Speed|p2a: Arceus
|-damage|p2a: Arceus|73/100
|
|-weather|DeltaStream|[upkeep]
|upkeep
|turn|5
|
|t:|1662984356
|move|p1a: 老烈|Extreme Speed|p2a: Arceus
|-damage|p2a: Arceus|47/100
|move|p2a: Arceus|Extreme Speed|p1a: 老烈
|-damage|p1a: 老烈|0 fnt
|faint|p1a: 老烈
|-weather|none
|
|upkeep
|
|t:|1662984359
|switch|p1a: 不会(?)|Groudon|100/100
|-damage|p1a: 不会(?)|94/100|[from] Stealth Rock
|detailschange|p1a: 不会(?)|Groudon-Primal
|-primal|p1a: 不会(?)
|-weather|DesolateLand|[from] ability: Desolate Land|[of] p1a: 不会(?)
|turn|6
|
|t:|1662984362
|switch|p2a: Salamence|Salamence, M|100/100
|-ability|p2a: Salamence|Intimidate|boost
|-unboost|p1a: 不会(?)|atk|1
|move|p1a: 不会(?)|Stealth Rock|p2a: Salamence
|-sidestart|p2: Crystraco|move: Stealth Rock
|
|-weather|DesolateLand|[upkeep]
|upkeep
|turn|7
|
|t:|1662984366
|detailschange|p2a: Salamence|Salamence-Mega, M
|-mega|p2a: Salamence|Salamence|Salamencite
|move|p2a: Salamence|Dragon Dance|p2a: Salamence
|-boost|p2a: Salamence|atk|1
|-boost|p2a: Salamence|spe|1
|move|p1a: 不会(?)|Roar|p2a: Salamence
|drag|p2a: Xerneas|Xerneas|26/100
|-damage|p2a: Xerneas|13/100|[from] Stealth Rock
|-ability|p2a: Xerneas|Fairy Aura
|
|-weather|DesolateLand|[upkeep]
|upkeep
|turn|8
|
|t:|1662984368
|move|p2a: Xerneas|Toxic|p1a: 不会(?)
|-status|p1a: 不会(?)|tox
|move|p1a: 不会(?)|Heat Crash|p2a: Xerneas
|-damage|p2a: Xerneas|0 fnt
|faint|p2a: Xerneas
|
|-weather|DesolateLand|[upkeep]
|-damage|p1a: 不会(?)|88/100 tox|[from] psn
|upkeep
|
|t:|1662984375
|switch|p2a: Kyogre|Kyogre|100/100
|-damage|p2a: Kyogre|88/100|[from] Stealth Rock
|detailschange|p2a: Kyogre|Kyogre-Primal
|-primal|p2a: Kyogre
|-weather|PrimordialSea|[from] ability: Primordial Sea|[of] p2a: Kyogre
|turn|9
|
|t:|1662984377
|move|p2a: Kyogre|Origin Pulse|p1a: 不会(?)|[miss]
|-miss|p2a: Kyogre|p1a: 不会(?)
|move|p1a: 不会(?)|Precipice Blades|p2a: Kyogre|[miss]
|-miss|p1a: 不会(?)|p2a: Kyogre
|
|-weather|PrimordialSea|[upkeep]
|-damage|p1a: 不会(?)|76/100 tox|[from] psn
|upkeep
|turn|10
|
|t:|1662984379
|move|p2a: Kyogre|Origin Pulse|p1a: 不会(?)|[miss]
|-miss|p2a: Kyogre|p1a: 不会(?)
|move|p1a: 不会(?)|Precipice Blades|p2a: Kyogre
|-damage|p2a: Kyogre|23/100
|
|-weather|PrimordialSea|[upkeep]
|-damage|p1a: 不会(?)|57/100 tox|[from] psn
|upkeep
|turn|11
|
|t:|1662984382
|move|p2a: Kyogre|Origin Pulse|p1a: 不会(?)
|-supereffective|p1a: 不会(?)
|-damage|p1a: 不会(?)|0 fnt
|faint|p1a: 不会(?)
|
|-weather|PrimordialSea|[upkeep]
|upkeep
|
|t:|1662984391
|switch|p1a: 悬空羊驼|Arceus-Flying|100/100
|-damage|p1a: 悬空羊驼|76/100|[from] Stealth Rock
|turn|12
|
|t:|1662984394
|-start|p1a: 悬空羊驼|Dynamax|
|-heal|p1a: 悬空羊驼|76/100|[silent]
|move|p1a: 悬空羊驼|Max Airstream|p2a: Kyogre
|-damage|p2a: Kyogre|0 fnt
|-boost|p1a: 悬空羊驼|spe|1
|faint|p2a: Kyogre
|-weather|none
|
|upkeep
|
|t:|1662984407
|switch|p2a: Arceus|Arceus|47/100
|-damage|p2a: Arceus|34/100|[from] Stealth Rock
|turn|13
|
|t:|1662984410
|-start|p2a: Arceus|Dynamax|
|-heal|p2a: Arceus|34/100|[silent]
|move|p2a: Arceus|Max Guard|p2a: Arceus
|-singleturn|p2a: Arceus|Max Guard
|move|p1a: 悬空羊驼|Max Airstream|p2a: Arceus
|-activate|p2a: Arceus|move: Max Guard
|
|upkeep
|turn|14
|
|t:|1662984416
|move|p1a: 悬空羊驼|Max Airstream|p2a: Arceus
|-damage|p2a: Arceus|9/100
|-boost|p1a: 悬空羊驼|spe|1
|move|p2a: Arceus|Max Strike|p1a: 悬空羊驼
|-damage|p1a: 悬空羊驼|47/100
|-unboost|p1a: 悬空羊驼|spe|1
|
|upkeep
|-end|p1a: 悬空羊驼|Dynamax
|-heal|p1a: 悬空羊驼|47/100|[silent]
|turn|15
|
|t:|1662984423
|move|p2a: Arceus|Max Guard|p2a: Arceus
|-singleturn|p2a: Arceus|Max Guard
|move|p1a: 悬空羊驼|Judgment|p2a: Arceus
|-activate|p2a: Arceus|move: Max Guard
|
|upkeep
|-end|p2a: Arceus|Dynamax
|-heal|p2a: Arceus|9/100|[silent]
|turn|16
|
|t:|1662984426
|move|p2a: Arceus|Extreme Speed|p1a: 悬空羊驼
|-damage|p1a: 悬空羊驼|10/100
|move|p1a: 悬空羊驼|Recover|p1a: 悬空羊驼
|-heal|p1a: 悬空羊驼|60/100
|
|upkeep
|turn|17
|
|t:|1662984431
|move|p1a: 悬空羊驼|Judgment|p2a: Arceus
|-damage|p2a: Arceus|0 fnt
|faint|p2a: Arceus
|
|upkeep
|
|t:|1662984434
|switch|p2a: Salamence|Salamence-Mega, M|100/100
|-damage|p2a: Salamence|76/100|[from] Stealth Rock
|turn|18
|
|t:|1662984441
|move|p1a: 悬空羊驼|Judgment|p2a: Salamence
|-damage|p2a: Salamence|2/100
|move|p2a: Salamence|Dragon Dance|p2a: Salamence
|-boost|p2a: Salamence|atk|1
|-boost|p2a: Salamence|spe|1
|
|upkeep
|turn|19
|
|t:|1662984446
|move|p2a: Salamence|Frustration|p1a: 悬空羊驼
|-damage|p1a: 悬空羊驼|0 fnt
|faint|p1a: 悬空羊驼
|
|upkeep
|
|t:|1662984449
|switch|p1a: 嘉然小姐的狗|Zacian-Crowned|100/100
|-damage|p1a: 嘉然小姐的狗|94/100|[from] Stealth Rock
|-ability|p1a: 嘉然小姐的狗|Intrepid Sword|boost
|-boost|p1a: 嘉然小姐的狗|atk|1
|turn|20
|
|t:|1662984455
|move|p1a: 嘉然小姐的狗|Quick Attack|p2a: Salamence
|-damage|p2a: Salamence|0 fnt
|faint|p2a: Salamence
|
|upkeep
|
|t:|1662984457
|switch|p2a: Ditto|Ditto|100/100
|-damage|p2a: Ditto|88/100|[from] Stealth Rock
|-transform|p2a: Ditto|p1a: 嘉然小姐的狗|[from] ability: Imposter
|-ability|p2a: Ditto|Intrepid Sword|boost
|-boost|p2a: Ditto|atk|1
|turn|21
|
|t:|1662984459
|move|p2a: Ditto|Close Combat|p1a: 嘉然小姐的狗
|-damage|p1a: 嘉然小姐的狗|14/100
|-unboost|p2a: Ditto|def|1
|-unboost|p2a: Ditto|spd|1
|move|p1a: 嘉然小姐的狗|Behemoth Blade|p2a: Ditto
|-damage|p2a: Ditto|0 fnt
|faint|p2a: Ditto
|
|win|CLEAR GEM清瑜
|raw|CLEAR GEM清瑜's rating: 1828 &rarr; <strong>1853</strong><br />(+25 for winning)
|raw|Crystraco's rating: 1915 &rarr; <strong>1890</strong><br />(-25 for losing)
|l|☆Crystraco
||Ladder isn't responding, score probably updated but might not have (Request timeout).
