|j|☆JAY100064
|j|☆bluemew2021
|t:|1619796422
|gametype|singles
|player|p1|JAY100064|buck|1173
|player|p2|bluemew2021|iris-gen5bw2|1235
|teamsize|p1|6
|teamsize|p2|6
|gen|8
|tier|[Gen 8] National Dex AG
|rated|
|clearpoke
|poke|p1|Metagross|
|poke|p1|Garchomp, M|
|poke|p1|Kommo-o, M|
|poke|p1|Volcarona, F|
|poke|p1|Braviary, M|
|poke|p1|Eelektross, F|
|poke|p2|Milotic, F|
|poke|p2|Arbok, M|
|poke|p2|Serperior, F|
|poke|p2|Steelix, M|
|poke|p2|Dragonair, F|
|poke|p2|Sandaconda, M|
|rule|HP Percentage Mod: HP is shown in percentages
|rule|Endless Battle Clause: Forcing endless battles is banned
|teampreview
|
|t:|1619796444
|start
|switch|p1a: Eelektross|Eelektross, F, shiny|100/100
|switch|p2a: Sisu|Dragonair, F|100/100
|turn|1
|
|t:|1619796452
|move|p2a: Sisu|Toxic|p1a: Eelektross
|-status|p1a: Eelektross|tox
|move|p1a: Eelektross|Coil|p1a: Eelektross
|-boost|p1a: Eelektross|atk|1
|-boost|p1a: Eelektross|def|1
|-boost|p1a: Eelektross|accuracy|1
|
|-damage|p1a: Eelektross|94/100 tox|[from] psn
|upkeep
|turn|2
|
|t:|1619796462
|move|p2a: Sisu|Haze|p2a: Sisu
|-clearallboost
|move|p1a: Eelektross|Coil|p1a: Eelektross
|-boost|p1a: Eelektross|atk|1
|-boost|p1a: Eelektross|def|1
|-boost|p1a: Eelektross|accuracy|1
|
|-damage|p1a: Eelektross|82/100 tox|[from] psn
|upkeep
|turn|3
|
|t:|1619796481
|move|p2a: Sisu|Haze|p2a: Sisu
|-clearallboost
|move|p1a: Eelektross|Drain Punch|p2a: Sisu
|-damage|p2a: Sisu|78/100
|-heal|p1a: Eelektross|90/100 tox|[from] drain|[of] p2a: Sisu
|
|-damage|p1a: Eelektross|71/100 tox|[from] psn
|upkeep
|turn|4
|
|t:|1619796491
|move|p2a: Sisu|Extreme Speed|p1a: Eelektross
|-damage|p1a: Eelektross|48/100 tox
|move|p1a: Eelektross|Drain Punch|p2a: Sisu
|-damage|p2a: Sisu|58/100
|-heal|p1a: Eelektross|55/100 tox|[from] drain|[of] p2a: Sisu
|
|-damage|p1a: Eelektross|30/100 tox|[from] psn
|upkeep
|turn|5
|
|t:|1619796503
|move|p2a: Sisu|Extreme Speed|p1a: Eelektross
|-damage|p1a: Eelektross|5/100 tox
|move|p1a: Eelektross|Drain Punch|p2a: Sisu
|-damage|p2a: Sisu|35/100
|-heal|p1a: Eelektross|13/100 tox|[from] drain|[of] p2a: Sisu
|
|-damage|p1a: Eelektross|0 fnt|[from] psn
|faint|p1a: Eelektross
|upkeep
|
|t:|1619796532
|switch|p1a: Garchomp|Garchomp, M, shiny|100/100
|turn|6
|
|t:|1619796540
|move|p1a: Garchomp|Dragon Rush|p2a: Sisu
|-supereffective|p2a: Sisu
|-damage|p2a: Sisu|0 fnt
|-damage|p1a: Garchomp|91/100|[from] item: Life Orb
|faint|p2a: Sisu
|
|upkeep
|
|t:|1619796548
|switch|p2a: Sandy|Sandaconda, M|100/100
|turn|7
|
|t:|1619796567
|switch|p1a: Braviary|Braviary, M, shiny|100/100
|move|p2a: Sandy|Coil|p2a: Sandy
|-boost|p2a: Sandy|atk|1
|-boost|p2a: Sandy|def|1
|-boost|p2a: Sandy|accuracy|1
|
|upkeep
|turn|8
|
|t:|1619796580
|move|p1a: Braviary|Bulk Up|p1a: Braviary
|-boost|p1a: Braviary|atk|1
|-boost|p1a: Braviary|def|1
|move|p2a: Sandy|Coil|p2a: Sandy
|-boost|p2a: Sandy|atk|1
|-boost|p2a: Sandy|def|1
|-boost|p2a: Sandy|accuracy|1
|
|upkeep
|turn|9
|
|t:|1619796589
|move|p1a: Braviary|Bulk Up|p1a: Braviary
|-boost|p1a: Braviary|atk|1
|-boost|p1a: Braviary|def|1
|move|p2a: Sandy|Coil|p2a: Sandy
|-boost|p2a: Sandy|atk|1
|-boost|p2a: Sandy|def|1
|-boost|p2a: Sandy|accuracy|1
|
|upkeep
|turn|10
|
|t:|1619796597
|move|p1a: Braviary|Bulk Up|p1a: Braviary
|-boost|p1a: Braviary|atk|1
|-boost|p1a: Braviary|def|1
|move|p2a: Sandy|Coil|p2a: Sandy
|-boost|p2a: Sandy|atk|1
|-boost|p2a: Sandy|def|1
|-boost|p2a: Sandy|accuracy|1
|
|upkeep
|turn|11
|
|t:|1619796607
|-start|p1a: Braviary|Dynamax
|-heal|p1a: Braviary|100/100|[silent]
|move|p1a: Braviary|Max Airstream|p2a: Sandy
|-damage|p2a: Sandy|38/100
|-boost|p1a: Braviary|spe|1
|-weather|Sandstorm|[from] ability: Sand Spit|[of] p2a: Sandy
|-damage|p1a: Braviary|96/100|[from] item: Life Orb
|move|p2a: Sandy|Coil|p2a: Sandy
|-boost|p2a: Sandy|atk|1
|-boost|p2a: Sandy|def|1
|-boost|p2a: Sandy|accuracy|1
|
|-weather|Sandstorm|[upkeep]
|-damage|p1a: Braviary|92/100|[from] Sandstorm
|-heal|p2a: Sandy|44/100|[from] item: Leftovers
|upkeep
|turn|12
|
|t:|1619796626
|move|p1a: Braviary|Max Airstream|p2a: Sandy
|-damage|p2a: Sandy|0 fnt
|-boost|p1a: Braviary|spe|1
|-damage|p1a: Braviary|87/100|[from] item: Life Orb
|faint|p2a: Sandy
|
|-weather|Sandstorm|[upkeep]
|-damage|p1a: Braviary|84/100|[from] Sandstorm
|upkeep
|
|t:|1619796639
|switch|p2a: Mavis|Milotic, F, shiny|100/100
|turn|13
|
|t:|1619796647
|-start|p2a: Mavis|Dynamax
|-heal|p2a: Mavis|100/100|[silent]
|move|p2a: Mavis|Max Guard|p2a: Mavis
|-singleturn|p2a: Mavis|Max Guard
|move|p1a: Braviary|Max Airstream|p2a: Mavis
|-activate|p2a: Mavis|move: Max Guard
|
|-weather|Sandstorm|[upkeep]
|-damage|p1a: Braviary|81/100|[from] Sandstorm
|-damage|p2a: Mavis|97/100|[from] Sandstorm
|-status|p2a: Mavis|brn|[from] item: Flame Orb
|-end|p1a: Braviary|Dynamax
|-heal|p1a: Braviary|81/100|[silent]
|upkeep
|turn|14
|
|t:|1619796661
|move|p1a: Braviary|Bulk Up|p1a: Braviary
|-boost|p1a: Braviary|atk|1
|-boost|p1a: Braviary|def|1
|move|p2a: Mavis|Max Hailstorm|p1a: Braviary
|-supereffective|p1a: Braviary
|-damage|p1a: Braviary|0 fnt
|-weather|Hail
|faint|p1a: Braviary
|
|-weather|Hail|[upkeep]
|-damage|p2a: Mavis|94/100 brn|[from] Hail
|-damage|p2a: Mavis|91/100 brn|[from] brn
|upkeep
|
|t:|1619796684
|switch|p1a: Metagross|Metagross, shiny|100/100
|turn|15
|
|t:|1619796691
|detailschange|p1a: Metagross|Metagross-Mega, shiny
|-mega|p1a: Metagross|Metagross|Metagrossite
|move|p1a: Metagross|Zen Headbutt|p2a: Mavis
|-damage|p2a: Mavis|72/100 brn
|move|p2a: Mavis|Max Wyrmwind|p1a: Metagross
|-resisted|p1a: Metagross
|-damage|p1a: Metagross|78/100
|-unboost|p1a: Metagross|atk|1
|
|-weather|Hail|[upkeep]
|-damage|p1a: Metagross|72/100|[from] Hail
|-damage|p2a: Mavis|69/100 brn|[from] Hail
|-damage|p2a: Mavis|66/100 brn|[from] brn
|-end|p2a: Mavis|Dynamax
|-heal|p2a: Mavis|66/100 brn|[silent]
|upkeep
|turn|16
|
|t:|1619796707
|move|p1a: Metagross|Zen Headbutt|p2a: Mavis
|-damage|p2a: Mavis|40/100 brn
|move|p2a: Mavis|Scald|p1a: Metagross
|-damage|p1a: Metagross|29/100
|-status|p1a: Metagross|brn
|
|-weather|Hail|[upkeep]
|-damage|p1a: Metagross|23/100 brn|[from] Hail
|-damage|p2a: Mavis|34/100 brn|[from] Hail
|-damage|p1a: Metagross|17/100 brn|[from] brn
|-damage|p2a: Mavis|28/100 brn|[from] brn
|upkeep
|turn|17
|
|t:|1619796735
|move|p1a: Metagross|Zen Headbutt|p2a: Mavis
|-damage|p2a: Mavis|15/100 brn
|cant|p2a: Mavis|flinch
|
|-weather|Hail|[upkeep]
|-damage|p1a: Metagross|11/100 brn|[from] Hail
|-damage|p2a: Mavis|9/100 brn|[from] Hail
|-damage|p1a: Metagross|5/100 brn|[from] brn
|-damage|p2a: Mavis|3/100 brn|[from] brn
|upkeep
|turn|18
|
|t:|1619796745
|move|p1a: Metagross|Zen Headbutt|p2a: Mavis|[miss]
|-miss|p1a: Metagross|p2a: Mavis
|move|p2a: Mavis|Recover|p2a: Mavis
|-heal|p2a: Mavis|53/100 brn
|
|-weather|none
|-damage|p1a: Metagross|0 fnt|[from] brn
|faint|p1a: Metagross
|-damage|p2a: Mavis|46/100 brn|[from] brn
|upkeep
|
|t:|1619796758
|switch|p1a: Volcarona|Volcarona, F, shiny|100/100
|turn|19
|
|t:|1619796765
|move|p1a: Volcarona|Giga Drain|p2a: Mavis
|-supereffective|p2a: Mavis
|-damage|p2a: Mavis|11/100 brn
|move|p2a: Mavis|Recover|p2a: Mavis
|-heal|p2a: Mavis|61/100 brn
|
|-damage|p2a: Mavis|55/100 brn|[from] brn
|upkeep
|turn|20
|
|t:|1619796774
|move|p1a: Volcarona|Giga Drain|p2a: Mavis
|-supereffective|p2a: Mavis
|-damage|p2a: Mavis|25/100 brn
|move|p2a: Mavis|Recover|p2a: Mavis
|-heal|p2a: Mavis|75/100 brn
|
|-damage|p2a: Mavis|69/100 brn|[from] brn
|upkeep
|turn|21
|
|t:|1619796783
|move|p1a: Volcarona|Giga Drain|p2a: Mavis
|-supereffective|p2a: Mavis
|-damage|p2a: Mavis|36/100 brn
|move|p2a: Mavis|Recover|p2a: Mavis
|-heal|p2a: Mavis|86/100 brn
|
|-damage|p2a: Mavis|80/100 brn|[from] brn
|upkeep
|turn|22
|
|t:|1619796791
|move|p1a: Volcarona|Quiver Dance|p1a: Volcarona
|-boost|p1a: Volcarona|spa|1
|-boost|p1a: Volcarona|spd|1
|-boost|p1a: Volcarona|spe|1
|move|p2a: Mavis|Recover|p2a: Mavis
|-heal|p2a: Mavis|100/100 brn
|
|-damage|p2a: Mavis|94/100 brn|[from] brn
|upkeep
|turn|23
|
|t:|1619796802
|move|p1a: Volcarona|Giga Drain|p2a: Mavis
|-supereffective|p2a: Mavis
|-damage|p2a: Mavis|47/100 brn
|move|p2a: Mavis|Scald|p1a: Volcarona
|-supereffective|p1a: Volcarona
|-damage|p1a: Volcarona|50/100
|
|-heal|p1a: Volcarona|56/100|[from] item: Leftovers
|-damage|p2a: Mavis|41/100 brn|[from] brn
|upkeep
|turn|24
|
|t:|1619796817
|move|p1a: Volcarona|Quiver Dance|p1a: Volcarona
|-boost|p1a: Volcarona|spa|1
|-boost|p1a: Volcarona|spd|1
|-boost|p1a: Volcarona|spe|1
|move|p2a: Mavis|Scald|p1a: Volcarona
|-supereffective|p1a: Volcarona
|-damage|p1a: Volcarona|17/100
|
|-heal|p1a: Volcarona|23/100|[from] item: Leftovers
|-damage|p2a: Mavis|35/100 brn|[from] brn
|upkeep
|turn|25
|
|t:|1619796829
|move|p1a: Volcarona|Giga Drain|p2a: Mavis
|-supereffective|p2a: Mavis
|-damage|p2a: Mavis|0 fnt
|-heal|p1a: Volcarona|45/100|[from] drain|[of] p2a: Mavis
|faint|p2a: Mavis
|
|-heal|p1a: Volcarona|51/100|[from] item: Leftovers
|upkeep
|
|t:|1619796837
|switch|p2a: King|Arbok, M|100/100
|-ability|p2a: King|Intimidate|boost
|-unboost|p1a: Volcarona|atk|1
|turn|26
|
|t:|1619796846
|move|p1a: Volcarona|Flamethrower|p2a: King
|-damage|p2a: King|0 fnt
|faint|p2a: King
|
|-heal|p1a: Volcarona|57/100|[from] item: Leftovers
|upkeep
|
|t:|1619796853
|switch|p2a: Queen|Serperior, F, shiny|100/100
|turn|27
|
|t:|1619796866
|move|p1a: Volcarona|Bug Buzz|p2a: Queen
|-supereffective|p2a: Queen
|-damage|p2a: Queen|0 fnt
|faint|p2a: Queen
|
|-heal|p1a: Volcarona|63/100|[from] item: Leftovers
|upkeep
|c|☆bluemew2021|Gg
|
|t:|1619796876
|switch|p2a: Brick|Steelix, M|100/100
|turn|28
|c|☆JAY100064|gg
|
|t:|1619796883
|detailschange|p2a: Brick|Steelix-Mega, M
|-mega|p2a: Brick|Steelix|Steelixite
|move|p1a: Volcarona|Flamethrower|p2a: Brick
|-supereffective|p2a: Brick
|-damage|p2a: Brick|0 fnt
|faint|p2a: Brick
|
|win|JAY100064
|raw|JAY100064's rating: 1140 &rarr; <strong>1172</strong><br />(+32 for winning)
|raw|bluemew2021's rating: 1235 &rarr; <strong>1203</strong><br />(-32 for losing)
|l|☆bluemew2021
|c|☆JAY100064|i like fighting without the use of legendaries
