|j|☆1WeedBeard
|j|☆Turn11keepmealive
|inactive|Battle timer is ON: inactive players will automatically lose when time's up.
|t:|1603384746
|player|p1|1WeedBeard|zinzolin|
|player|p2|Turn11keepmealive|schoolkid-gen4|
|teamsize|p1|6
|teamsize|p2|6
|gametype|singles
|gen|8
|tier|[Gen 8] National Dex AG
|rated|Tournament battle
|clearpoke
|poke|p1|Zacian-Crowned|
|poke|p1|Tyranitar, M|
|poke|p1|Arceus-*|
|poke|p1|Smeargle, M|
|poke|p1|Groudon|
|poke|p1|Ditto|
|poke|p2|Kyogre|
|poke|p2|Necrozma-Dusk-Mane|
|poke|p2|Ho-Oh|
|poke|p2|Arceus-*|
|poke|p2|Zacian-Crowned|
|poke|p2|Rayquaza|
|rule|HP Percentage Mod: HP is shown in percentages
|rule|Endless Battle Clause: Forcing endless battles is banned
|teampreview
|j| ASHKETCHUMJORNADAS
|j| WOOPERSONS 42
|c|☆1WeedBeard|glhf
|j| O-LuaNZiNN
|l| ASHKETCHUMJORNADAS
|inactive|Turn11keepmealive has 120 seconds left.
|c| O-LuaNZiNN|here we see two tryhards playing
|c| O-LuaNZiNN|lol
|c| O-LuaNZiNN|just kidding
|
|t:|1603384799
|start
|switch|p1a: Smeargle|Smeargle, M|100/100
|switch|p2a: Rayquaza|Rayquaza|100/100
|-ability|p2a: Rayquaza|Air Lock
|turn|1
|c| O-LuaNZiNN|boa sorte aos 2
|l| WOOPERSONS 42
|
|t:|1603384805
|move|p2a: Rayquaza|Extreme Speed|p1a: Smeargle
|-enditem|p1a: Smeargle|Focus Sash
|-damage|p1a: Smeargle|1/100
|-damage|p2a: Rayquaza|91/100|[from] item: Life Orb
|move|p1a: Smeargle|Spore|p2a: Rayquaza
|-status|p2a: Rayquaza|slp|[from] move: Spore
|
|-ability|p1a: Smeargle|Moody|boost
|-boost|p1a: Smeargle|spd|2
|-unboost|p1a: Smeargle|spa|1
|upkeep
|turn|2
|
|t:|1603384811
|cant|p2a: Rayquaza|slp
|move|p1a: Smeargle|Sticky Web|p2a: Rayquaza
|-sidestart|p2: Turn11keepmealive|move: Sticky Web
|
|-ability|p1a: Smeargle|Moody|boost
|-boost|p1a: Smeargle|spd|2
|-unboost|p1a: Smeargle|atk|1
|upkeep
|turn|3
|j| Showndown
|
|t:|1603384819
|cant|p2a: Rayquaza|slp
|move|p1a: Smeargle|Shell Smash|p1a: Smeargle
|-unboost|p1a: Smeargle|def|1
|-unboost|p1a: Smeargle|spd|1
|-boost|p1a: Smeargle|atk|2
|-boost|p1a: Smeargle|spa|2
|-boost|p1a: Smeargle|spe|2
|
|-ability|p1a: Smeargle|Moody|boost
|-boost|p1a: Smeargle|spe|2
|-unboost|p1a: Smeargle|spd|1
|upkeep
|turn|4
|
|t:|1603384823
|-curestatus|p2a: Rayquaza|slp|[msg]
|move|p2a: Rayquaza|Extreme Speed|p1a: Smeargle
|-damage|p1a: Smeargle|0 fnt
|-damage|p2a: Rayquaza|81/100|[from] item: Life Orb
|faint|p1a: Smeargle
|
|upkeep
|
|t:|1603384835
|switch|p1a: Zacian|Zacian-Crowned|100/100
|-ability|p1a: Zacian|Intrepid Sword|boost
|-boost|p1a: Zacian|atk|1
|turn|5
|
|t:|1603384848
|switch|p2a: Zacian|Zacian-Crowned|100/100
|-activate|p2a: Zacian|move: Sticky Web
|-unboost|p2a: Zacian|spe|1
|-ability|p2a: Zacian|Intrepid Sword|boost
|-boost|p2a: Zacian|atk|1
|move|p1a: Zacian|Play Rough|p2a: Zacian
|-resisted|p2a: Zacian
|-damage|p2a: Zacian|56/100
|
|upkeep
|turn|6
|
|t:|1603384871
|move|p1a: Zacian|Behemoth Blade|p2a: Zacian
|-damage|p2a: Zacian|0 fnt
|faint|p2a: Zacian
|
|upkeep
|
|t:|1603384875
|switch|p2a: Necrozma|Necrozma-Dusk-Mane|100/100
|-activate|p2a: Necrozma|move: Sticky Web
|-unboost|p2a: Necrozma|spe|1
|turn|7
|
|t:|1603384883
|move|p1a: Zacian|Crunch|p2a: Necrozma
|-supereffective|p2a: Necrozma
|-damage|p2a: Necrozma|56/100
|-damage|p1a: Zacian|84/100|[from] item: Rocky Helmet|[of] p2a: Necrozma
|move|p2a: Necrozma|Stealth Rock|p1a: Zacian
|-sidestart|p1: 1WeedBeard|move: Stealth Rock
|
|upkeep
|turn|8
|j| THE DUCK HERO!
|
|t:|1603384896
|move|p1a: Zacian|Crunch|p2a: Necrozma
|-supereffective|p2a: Necrozma
|-damage|p2a: Necrozma|13/100
|-damage|p1a: Zacian|67/100|[from] item: Rocky Helmet|[of] p2a: Necrozma
|move|p2a: Necrozma|Sunsteel Strike|p1a: Zacian
|-damage|p1a: Zacian|21/100
|
|upkeep
|turn|9
|
|t:|1603384902
|move|p1a: Zacian|Crunch|p2a: Necrozma
|-supereffective|p2a: Necrozma
|-damage|p2a: Necrozma|0 fnt
|-damage|p1a: Zacian|4/100|[from] item: Rocky Helmet|[of] p2a: Necrozma
|faint|p2a: Necrozma
|
|upkeep
|
|t:|1603384907
|switch|p2a: Rayquaza|Rayquaza|81/100
|-ability|p2a: Rayquaza|Air Lock
|turn|10
|
|t:|1603384911
|switch|p1a: Arceus-Normal|Arceus-Ghost|100/100
|-damage|p1a: Arceus-Normal|88/100|[from] Stealth Rock
|detailschange|p2a: Rayquaza|Rayquaza-Mega
|-mega|p2a: Rayquaza|Rayquaza|
|-weather|DeltaStream|[from] ability: Delta Stream|[of] p2a: Rayquaza
|move|p2a: Rayquaza|Extreme Speed|p1a: Arceus-Normal
|-immune|p1a: Arceus-Normal
|
|-weather|DeltaStream|[upkeep]
|upkeep
|turn|11
|c|☆Turn11keepmealive|ngm viu que esse arceus e dark
|inactive|Turn11keepmealive has 120 seconds left.
|c|☆1WeedBeard|vdd
|c| Showndown|engraçado q é ghost
|
|t:|1603384947
|-start|p1a: Arceus-Normal|Dynamax
|-heal|p1a: Arceus-Normal|88/100|[silent]
|move|p1a: Arceus-Normal|Max Phantasm|p2a: Rayquaza
|-crit|p2a: Rayquaza
|-damage|p2a: Rayquaza|0 fnt
|faint|p2a: Rayquaza
|-weather|none
|
|upkeep
|c| Showndown|mas tudo bem
|c|☆Turn11keepmealive|a
|c|☆Turn11keepmealive|kkkk
|c|☆Turn11keepmealive|falei errado
|c|☆1WeedBeard|trollarceus
|l| THE DUCK HERO!
|
|t:|1603384976
|switch|p2a: Ho-Oh|Ho-Oh|100/100
|turn|12
|
|t:|1603384982
|move|p1a: Arceus-Normal|Max Knuckle|p2a: Ho-Oh
|-resisted|p2a: Ho-Oh
|-damage|p2a: Ho-Oh|92/100
|-boost|p1a: Arceus-Normal|atk|1
|move|p2a: Ho-Oh|Defog|p1a: Arceus-Normal
|-unboost|p1a: Arceus-Normal|evasion|1
|-sideend|p1: 1WeedBeard|Stealth Rock|[from] move: Defog|[of] p2a: Ho-Oh
|-sideend|p2: Turn11keepmealive|Sticky Web|[from] move: Defog|[of] p2a: Ho-Oh
|
|upkeep
|turn|13
|
|t:|1603384997
|move|p1a: Arceus-Normal|Max Phantasm|p2a: Ho-Oh
|-damage|p2a: Ho-Oh|15/100
|-unboost|p2a: Ho-Oh|def|1
|move|p2a: Ho-Oh|Sacred Fire|p1a: Arceus-Normal
|-damage|p1a: Arceus-Normal|70/100
|
|-end|p1a: Arceus-Normal|Dynamax
|-heal|p1a: Arceus-Normal|70/100|[silent]
|upkeep
|turn|14
|
|t:|1603385011
|move|p1a: Arceus-Normal|Brick Break|p2a: Ho-Oh
|-resisted|p2a: Ho-Oh
|-damage|p2a: Ho-Oh|0 fnt
|faint|p2a: Ho-Oh
|
|upkeep
|
|t:|1603385023
|switch|p2a: Arceus|Arceus-Dark|100/100
|turn|15
|
|t:|1603385029
|move|p1a: Arceus-Normal|Brick Break|p2a: Arceus
|-supereffective|p2a: Arceus
|-damage|p2a: Arceus|59/100
|move|p2a: Arceus|Judgment|p1a: Arceus-Normal
|-supereffective|p1a: Arceus-Normal
|-damage|p1a: Arceus-Normal|0 fnt
|faint|p1a: Arceus-Normal
|
|upkeep
|
|t:|1603385034
|switch|p1a: Zacian|Zacian-Crowned|4/100
|-ability|p1a: Zacian|Intrepid Sword|boost
|-boost|p1a: Zacian|atk|1
|turn|16
|
|t:|1603385041
|move|p1a: Zacian|Play Rough|p2a: Arceus
|-supereffective|p2a: Arceus
|-damage|p2a: Arceus|0 fnt
|faint|p2a: Arceus
|
|upkeep
|
|t:|1603385045
|switch|p2a: Kyogre|Kyogre|100/100
|-weather|RainDance|[from] ability: Drizzle|[of] p2a: Kyogre
|turn|17
|
|t:|1603385048
|-start|p2a: Kyogre|Dynamax
|-heal|p2a: Kyogre|100/100|[silent]
|move|p1a: Zacian|Wild Charge|p2a: Kyogre
|-supereffective|p2a: Kyogre
|-damage|p2a: Kyogre|27/100
|-damage|p1a: Zacian|0 fnt|[from] Recoil
|faint|p1a: Zacian
|move|p2a: Kyogre|Max Airstream|p1: Zacian|[notarget]
|-fail|p2a: Kyogre
|
|-weather|RainDance|[upkeep]
|upkeep
|
|t:|1603385062
|switch|p1a: Groudon|Groudon|100/100
|detailschange|p1a: Groudon|Groudon-Primal
|-primal|p1a: Groudon
|-weather|DesolateLand|[from] ability: Desolate Land|[of] p1a: Groudon
|turn|18
|c| O-LuaNZiNN|groudon gostou
|c| O-LuaNZiNN|big fish
|c|☆1WeedBeard|ou nao...
|
|t:|1603385076
|move|p2a: Kyogre|Max Hailstorm|p1a: Groudon
|-damage|p1a: Groudon|53/100
|-damage|p2a: Kyogre|22/100|[from] item: Life Orb
|move|p1a: Groudon|Thunder Punch|p2a: Kyogre
|-supereffective|p2a: Kyogre
|-damage|p2a: Kyogre|0 fnt
|faint|p2a: Kyogre
|
|win|1WeedBeard
