|j|☆CLEAR GEM清瑜
|j|☆Master kushagra
|t:|1664704787
|gametype|singles
|player|p1|CLEAR GEM清瑜|skierf|1878
|player|p2|Master kushagra|leon-masters|1769
|teamsize|p1|6
|teamsize|p2|6
|gen|8
|tier|[Gen 8] National Dex AG
|rated|
|rule|HP Percentage Mod: HP is shown in percentages
|rule|Endless Battle Clause: Forcing endless battles is banned
|clearpoke
|poke|p1|Rayquaza|
|poke|p1|Groudon|
|poke|p1|Necrozma-Dusk-Mane|
|poke|p1|Arceus-*|
|poke|p1|Zacian-*|
|poke|p1|Yveltal|
|poke|p2|Arceus-*|
|poke|p2|Zacian-*|
|poke|p2|Rayquaza|
|poke|p2|Yveltal|
|poke|p2|Calyrex-Shadow|
|poke|p2|Arceus-*|
|teampreview
|inactive|Battle timer is ON: inactive players will automatically lose when time's up. (requested by CLEAR GEM清瑜)
|
|t:|1664704803
|start
|switch|p1a: 不会(?)|Groudon|100/100
|switch|p2a: Future 🔮|Arceus-Ground|100/100
|detailschange|p1a: 不会(?)|Groudon-Primal
|-primal|p1a: 不会(?)
|-weather|DesolateLand|[from] ability: Desolate Land|[of] p1a: 不会(?)
|turn|1
|
|t:|1664704806
|move|p2a: Future 🔮|Magic Coat|p2a: Future 🔮
|-singleturn|p2a: Future 🔮|move: Magic Coat
|move|p1a: 不会(?)|Stealth Rock|p2a: Future 🔮
|move|p2a: Future 🔮|Stealth Rock|p1a: 不会(?)|[from]Magic Coat
|-sidestart|p1: CLEAR GEM清瑜|move: Stealth Rock
|
|-weather|DesolateLand|[upkeep]
|upkeep
|turn|2
|
|t:|1664704811
|-zpower|p2a: Future 🔮
|move|p2a: Future 🔮|Tectonic Rage|p1a: 不会(?)|[zeffect]
|-supereffective|p1a: 不会(?)
|-damage|p1a: 不会(?)|0 fnt
|faint|p1a: 不会(?)
|-weather|none
|
|upkeep
|
|t:|1664704814
|switch|p1a: Y鸟|Yveltal|100/100
|-damage|p1a: Y鸟|76/100|[from] Stealth Rock
|-ability|p1a: Y鸟|Dark Aura
|turn|3
|
|t:|1664704817
|-start|p1a: Y鸟|Dynamax|
|-heal|p1a: Y鸟|76/100|[silent]
|move|p2a: Future 🔮|Stone Edge|p1a: Y鸟
|-supereffective|p1a: Y鸟
|-damage|p1a: Y鸟|45/100
|move|p1a: Y鸟|Max Airstream|p2a: Future 🔮
|-damage|p2a: Future 🔮|30/100
|-boost|p1a: Y鸟|spe|1
|-damage|p1a: Y鸟|40/100|[from] item: Life Orb
|
|upkeep
|turn|4
|
|t:|1664704821
|move|p1a: Y鸟|Max Flare|p2a: Future 🔮
|-damage|p2a: Future 🔮|0 fnt
|-weather|SunnyDay
|faint|p2a: Future 🔮
|-damage|p1a: Y鸟|36/100|[from] item: Life Orb
|
|-weather|SunnyDay|[upkeep]
|upkeep
|
|t:|1664704826
|switch|p2a: Yveltal|Yveltal, shiny|100/100
|-ability|p2a: Yveltal|Dark Aura
|turn|5
|
|t:|1664704829
|-start|p2a: Yveltal|Dynamax|
|-heal|p2a: Yveltal|100/100|[silent]
|move|p1a: Y鸟|Max Airstream|p2a: Yveltal
|-damage|p2a: Yveltal|60/100
|-boost|p1a: Y鸟|spe|1
|-damage|p1a: Y鸟|31/100|[from] item: Life Orb
|move|p2a: Yveltal|Max Airstream|p1a: Y鸟
|-damage|p1a: Y鸟|0 fnt
|-boost|p2a: Yveltal|spe|1
|faint|p1a: Y鸟
|-damage|p2a: Yveltal|55/100|[from] item: Life Orb
|
|-weather|SunnyDay|[upkeep]
|upkeep
|
|t:|1664704831
|switch|p1a: 嘉然小姐的狗|Zacian-Crowned|100/100
|-damage|p1a: 嘉然小姐的狗|94/100|[from] Stealth Rock
|-ability|p1a: 嘉然小姐的狗|Intrepid Sword|boost
|-boost|p1a: 嘉然小姐的狗|atk|1
|turn|6
|
|t:|1664704839
|move|p2a: Yveltal|Max Flare|p1a: 嘉然小姐的狗
|-supereffective|p1a: 嘉然小姐的狗
|-damage|p1a: 嘉然小姐的狗|0 fnt
|faint|p1a: 嘉然小姐的狗
|-damage|p2a: Yveltal|50/100|[from] item: Life Orb
|
|-weather|SunnyDay|[upkeep]
|upkeep
|
|t:|1664704846
|switch|p1a: 老烈|Rayquaza, shiny|100/100
|-damage|p1a: 老烈|76/100|[from] Stealth Rock
|-ability|p1a: 老烈|Air Lock
|turn|7
|
|t:|1664704850
|detailschange|p1a: 老烈|Rayquaza-Mega, shiny
|-mega|p1a: 老烈|Rayquaza|
|-weather|DeltaStream|[from] ability: Delta Stream|[of] p1a: 老烈
|move|p2a: Yveltal|Max Airstream|p1a: 老烈
|-damage|p1a: 老烈|0 fnt
|-boost|p2a: Yveltal|spe|1
|faint|p1a: 老烈
|-weather|none
|-damage|p2a: Yveltal|45/100|[from] item: Life Orb
|
|upkeep
|-message|CLEAR GEM清瑜 forfeited.
|
|win|Master kushagra
|raw|CLEAR GEM清瑜's rating: 1878 &rarr; <strong>1852</strong><br />(-26 for losing)
|raw|Master kushagra's rating: 1769 &rarr; <strong>1795</strong><br />(+26 for winning)
|l|☆CLEAR GEM清瑜
