|j|☆Snakethey
|j|☆SonicoLolLmao
|t:|1651262119
|gametype|singles
|player|p1|Snakethey|flint|1179
|player|p2|SonicoLolLmao|red|1305
|teamsize|p1|6
|teamsize|p2|6
|gen|8
|tier|[Gen 8] National Dex AG
|rated|
|rule|HP Percentage Mod: HP is shown in percentages
|rule|Endless Battle Clause: Forcing endless battles is banned
|clearpoke
|poke|p1|Zacian-*|
|poke|p1|Marshadow|
|poke|p1|Charizard, M|
|poke|p1|Klefki, M|
|poke|p1|Smeargle, F|
|poke|p1|Wynaut, F|
|poke|p2|Keldeo-Resolute|
|poke|p2|Kommo-o, F|
|poke|p2|Hawlucha, M|
|poke|p2|Breloom, F|
|poke|p2|Lucario, M|
|poke|p2|Marshadow|
|teampreview
|inactive|Battle timer is ON: inactive players will automatically lose when time's up. (requested by SonicoLolLmao)
|
|t:|1651262125
|start
|switch|p1a: Charizard|Charizard, M|100/100
|switch|p2a: Breloom|Breloom, F|100/100
|turn|1
|
|t:|1651262131
|detailschange|p1a: Charizard|Charizard-Mega-Y, M
|-mega|p1a: Charizard|Charizard|Charizardite Y
|-weather|SunnyDay|[from] ability: Drought|[of] p1a: Charizard
|move|p1a: Charizard|Dual Wingbeat|p2a: Breloom
|-supereffective|p2a: Breloom
|-damage|p2a: Breloom|26/100
|-supereffective|p2a: Breloom
|-damage|p2a: Breloom|0 fnt
|faint|p2a: Breloom
|-hitcount|p2: Breloom|2
|
|-weather|SunnyDay|[upkeep]
|upkeep
|c|☆SonicoLolLmao|haha funny
|
|t:|1651262143
|switch|p2a: Keldeo|Keldeo-Resolute|100/100
|turn|2
|
|t:|1651262149
|-start|p2a: Keldeo|Dynamax|
|-heal|p2a: Keldeo|100/100|[silent]
|move|p2a: Keldeo|Max Geyser|p1a: Charizard
|-supereffective|p1a: Charizard
|-damage|p1a: Charizard|32/100
|-weather|RainDance
|move|p1a: Charizard|Solar Beam||[still]
|-prepare|p1a: Charizard|Solar Beam
|
|-weather|RainDance|[upkeep]
|upkeep
|turn|3
|
|t:|1651262160
|move|p2a: Keldeo|Max Geyser|p1a: Charizard
|-supereffective|p1a: Charizard
|-damage|p1a: Charizard|0 fnt
|faint|p1a: Charizard
|
|-weather|RainDance|[upkeep]
|upkeep
|
|t:|1651262164
|switch|p1a: Zacian|Zacian-Crowned|100/100
|-ability|p1a: Zacian|Intrepid Sword|boost
|-boost|p1a: Zacian|atk|1
|turn|4
|
|t:|1651262168
|move|p1a: Zacian|Behemoth Blade|p2a: Keldeo
|-resisted|p2a: Keldeo
|-damage|p2a: Keldeo|43/100
|move|p2a: Keldeo|Max Knuckle|p1a: Zacian
|-damage|p1a: Zacian|57/100
|-boost|p2a: Keldeo|atk|1
|
|-weather|RainDance|[upkeep]
|upkeep
|-end|p2a: Keldeo|Dynamax
|-heal|p2a: Keldeo|43/100|[silent]
|turn|5
|
|t:|1651262178
|move|p1a: Zacian|Play Rough|p2a: Keldeo
|-supereffective|p2a: Keldeo
|-damage|p2a: Keldeo|0 fnt
|faint|p2a: Keldeo
|
|-weather|RainDance|[upkeep]
|upkeep
|
|t:|1651262187
|switch|p2a: Hawlucha|Hawlucha, M|100/100
|turn|6
|
|t:|1651262191
|move|p1a: Zacian|Behemoth Blade|p2a: Hawlucha
|-damage|p2a: Hawlucha|0 fnt
|faint|p2a: Hawlucha
|
|-weather|none
|upkeep
|
|t:|1651262196
|switch|p2a: Lucario|Lucario, M|100/100
|turn|7
|
|t:|1651262200
|detailschange|p2a: Lucario|Lucario-Mega, M
|-mega|p2a: Lucario|Lucario|Lucarionite
|move|p1a: Zacian|Behemoth Blade|p2a: Lucario
|-resisted|p2a: Lucario
|-damage|p2a: Lucario|31/100
|move|p2a: Lucario|Meteor Mash|p1a: Zacian
|-damage|p1a: Zacian|0 fnt
|faint|p1a: Zacian
|
|upkeep
|
|t:|1651262213
|switch|p1a: Wynaut|Wynaut, F|100/100
|turn|8
|c|☆SonicoLolLmao|uh oh
|
|t:|1651262221
|move|p2a: Lucario|Meteor Mash|p1a: Wynaut
|-enditem|p1a: Wynaut|Focus Sash
|-damage|p1a: Wynaut|1/100
|-boost|p2a: Lucario|atk|1
|move|p1a: Wynaut|Destiny Bond|p1a: Wynaut
|-singlemove|p1a: Wynaut|Destiny Bond
|
|upkeep
|turn|9
|
|t:|1651262228
|move|p2a: Lucario|Swords Dance|p2a: Lucario
|-boost|p2a: Lucario|atk|2
|move|p1a: Wynaut|Encore|p2a: Lucario
|-start|p2a: Lucario|Encore
|
|upkeep
|turn|10
|
|t:|1651262232
|switch|p1a: Smeargle|Smeargle, F|100/100
|move|p2a: Lucario|Swords Dance|p2a: Lucario
|-boost|p2a: Lucario|atk|2
|
|-ability|p1a: Smeargle|Moody|boost
|-boost|p1a: Smeargle|spd|2
|-unboost|p1a: Smeargle|atk|1
|upkeep
|turn|11
|
|t:|1651262243
|move|p2a: Lucario|Swords Dance|p2a: Lucario
|-boost|p2a: Lucario|atk|1
|move|p1a: Smeargle|Spore|p2a: Lucario
|-status|p2a: Lucario|slp|[from] move: Spore
|
|-ability|p1a: Smeargle|Moody|boost
|-boost|p1a: Smeargle|spe|2
|-unboost|p1a: Smeargle|spa|1
|upkeep
|turn|12
|
|t:|1651262248
|move|p1a: Smeargle|Substitute|p1a: Smeargle
|-start|p1a: Smeargle|Substitute
|-damage|p1a: Smeargle|76/100
|cant|p2a: Lucario|slp
|
|-heal|p1a: Smeargle|82/100|[from] item: Leftovers
|-end|p2a: Lucario|Encore
|-ability|p1a: Smeargle|Moody|boost
|-boost|p1a: Smeargle|spe|2
|-unboost|p1a: Smeargle|atk|1
|upkeep
|turn|13
|
|t:|1651262254
|-curestatus|p2a: Lucario|slp|[msg]
|move|p2a: Lucario|Bullet Punch|p1a: Smeargle
|-end|p1a: Smeargle|Substitute
|move|p1a: Smeargle|Shell Smash|p1a: Smeargle
|-unboost|p1a: Smeargle|def|1
|-unboost|p1a: Smeargle|spd|1
|-boost|p1a: Smeargle|atk|2
|-boost|p1a: Smeargle|spa|2
|-boost|p1a: Smeargle|spe|2
|
|-heal|p1a: Smeargle|88/100|[from] item: Leftovers
|-ability|p1a: Smeargle|Moody|boost
|-boost|p1a: Smeargle|spd|2
|-unboost|p1a: Smeargle|def|1
|upkeep
|turn|14
|
|t:|1651262264
|switch|p1a: Wynaut|Wynaut, F|1/100
|move|p2a: Lucario|Bullet Punch|p1a: Wynaut
|-damage|p1a: Wynaut|0 fnt
|faint|p1a: Wynaut
|
|upkeep
|
|t:|1651262267
|switch|p1a: Marshadow|Marshadow|100/100
|turn|15
|
|t:|1651262273
|move|p2a: Lucario|Bullet Punch|p1a: Marshadow
|-damage|p1a: Marshadow|0 fnt
|faint|p1a: Marshadow
|
|upkeep
|
|t:|1651262276
|switch|p1a: Klefki|Klefki, M|100/100
|turn|16
|
|t:|1651262282
|move|p2a: Lucario|Bullet Punch|p1a: Klefki
|-crit|p1a: Klefki
|-damage|p1a: Klefki|0 fnt
|faint|p1a: Klefki
|
|upkeep
|
|t:|1651262285
|switch|p1a: Smeargle|Smeargle, F|88/100
|turn|17
|c|☆SonicoLolLmao|thanks for the encore
|
|t:|1651262290
|move|p2a: Lucario|Bullet Punch|p1a: Smeargle
|-damage|p1a: Smeargle|0 fnt
|faint|p1a: Smeargle
|
|win|SonicoLolLmao
|raw|Snakethey's rating: 1179 &rarr; <strong>1163</strong><br />(-16 for losing)
|raw|SonicoLolLmao's rating: 1305 &rarr; <strong>1318</strong><br />(+13 for winning)
