|j|☆Le_punisher501
|j|☆Purrglar
|t:|1654509962
|gametype|singles
|player|p1|Le_punisher501|cynthia-gen4|1134
|player|p2|Purrglar|petrel|1221
|teamsize|p1|6
|teamsize|p2|6
|gen|8
|tier|[Gen 8] National Dex AG
|rated|
|rule|HP Percentage Mod: HP is shown in percentages
|rule|Endless Battle Clause: Forcing endless battles is banned
|clearpoke
|poke|p1|Trapinch, F|
|poke|p1|Drilbur, F|
|poke|p1|Machop, M|
|poke|p1|Timburr, F|
|poke|p1|Honedge, M|
|poke|p1|Bagon, F|
|poke|p2|Aerodactyl, M|
|poke|p2|Omastar, F|
|poke|p2|Dracovish|
|poke|p2|Tyrantrum, M|
|poke|p2|Rampardos, F|
|poke|p2|Carracosta, F|
|teampreview
|inactive|Battle timer is ON: inactive players will automatically lose when time's up. (requested by Purrglar)
|
|t:|1654509980
|start
|switch|p1a: Trapinch|Trapinch, F|100/100
|switch|p2a: Aerodactyl|Aerodactyl, M|100/100
|-ability|p2a: Aerodactyl|Unnerve
|turn|1
|
|t:|1654510001
|detailschange|p2a: Aerodactyl|Aerodactyl-Mega, M
|-mega|p2a: Aerodactyl|Aerodactyl|Aerodactylite
|move|p2a: Aerodactyl|Dual Wingbeat|p1a: Trapinch
|-damage|p1a: Trapinch|31/100
|-damage|p1a: Trapinch|0 fnt
|faint|p1a: Trapinch
|-hitcount|p1: Trapinch|2
|
|upkeep
|
|t:|1654510014
|switch|p1a: Honedge|Honedge, M|100/100
|turn|2
|
|t:|1654510019
|move|p2a: Aerodactyl|Stealth Rock|p1a: Honedge
|-sidestart|p1: Le_punisher501|move: Stealth Rock
|move|p1a: Honedge|Destiny Bond|p1a: Honedge
|-singlemove|p1a: Honedge|Destiny Bond
|
|upkeep
|turn|3
|
|t:|1654510031
|switch|p2a: Carracosta|Carracosta, F|100/100
|move|p1a: Honedge|Gyro Ball|p2a: Carracosta
|-damage|p2a: Carracosta|70/100
|
|upkeep
|turn|4
|
|t:|1654510043
|move|p2a: Carracosta|Liquidation|p1a: Honedge
|-damage|p1a: Honedge|54/100
|move|p1a: Honedge|Toxic|p2a: Carracosta
|-status|p2a: Carracosta|tox
|
|-damage|p2a: Carracosta|64/100 tox|[from] psn
|upkeep
|turn|5
|
|t:|1654510048
|move|p2a: Carracosta|Shell Smash|p2a: Carracosta
|-unboost|p2a: Carracosta|def|1
|-unboost|p2a: Carracosta|spd|1
|-boost|p2a: Carracosta|atk|2
|-boost|p2a: Carracosta|spa|2
|-boost|p2a: Carracosta|spe|2
|move|p1a: Honedge|Destiny Bond|p1a: Honedge
|-singlemove|p1a: Honedge|Destiny Bond
|
|-damage|p2a: Carracosta|52/100 tox|[from] psn
|upkeep
|turn|6
|
|t:|1654510055
|move|p2a: Carracosta|Aqua Jet|p1a: Honedge
|-damage|p1a: Honedge|11/100
|move|p1a: Honedge|Reversal|p2a: Carracosta
|-supereffective|p2a: Carracosta
|-damage|p2a: Carracosta|0 fnt
|faint|p2a: Carracosta
|
|upkeep
|
|t:|1654510065
|switch|p2a: Rampardos|Rampardos, F|100/100
|turn|7
|
|t:|1654510075
|move|p2a: Rampardos|Fire Punch|p1a: Honedge
|-supereffective|p1a: Honedge
|-damage|p1a: Honedge|0 fnt
|faint|p1a: Honedge
|
|upkeep
|
|t:|1654510081
|switch|p1a: Machop|Machop, M|100/100
|-damage|p1a: Machop|94/100|[from] Stealth Rock
|turn|8
|
|t:|1654510086
|move|p2a: Rampardos|Fire Punch|p1a: Machop
|-damage|p1a: Machop|51/100
|move|p1a: Machop|Dynamic Punch|p2a: Rampardos
|-supereffective|p2a: Rampardos
|-damage|p2a: Rampardos|0 fnt
|faint|p2a: Rampardos
|
|upkeep
|
|t:|1654510092
|switch|p2a: Omastar|Omastar, F|100/100
|turn|9
|
|t:|1654510097
|move|p2a: Omastar|Shell Smash|p2a: Omastar
|-unboost|p2a: Omastar|def|1
|-unboost|p2a: Omastar|spd|1
|-boost|p2a: Omastar|atk|2
|-boost|p2a: Omastar|spa|2
|-boost|p2a: Omastar|spe|2
|move|p1a: Machop|Dynamic Punch|p2a: Omastar
|-supereffective|p2a: Omastar
|-enditem|p2a: Omastar|Focus Sash
|-damage|p2a: Omastar|1/100
|-start|p2a: Omastar|confusion
|
|upkeep
|turn|10
|
|t:|1654510102
|move|p1a: Machop|Bullet Punch|p2a: Omastar
|-damage|p2a: Omastar|0 fnt
|faint|p2a: Omastar
|
|upkeep
|
|t:|1654510110
|switch|p2a: Tyrantrum|Tyrantrum, M|100/100
|turn|11
|
|t:|1654510120
|move|p2a: Tyrantrum|Outrage|p1a: Machop
|-damage|p1a: Machop|0 fnt
|faint|p1a: Machop
|
|upkeep
|
|t:|1654510139
|switch|p1a: Timburr|Timburr, F|100/100
|-damage|p1a: Timburr|94/100|[from] Stealth Rock
|turn|12
|
|t:|1654510143
|move|p2a: Tyrantrum|Outrage|p1a: Timburr|[from]lockedmove
|-damage|p1a: Timburr|4/100
|move|p1a: Timburr|Counter|p2a: Tyrantrum
|-damage|p2a: Tyrantrum|0 fnt
|faint|p2a: Tyrantrum
|
|upkeep
|
|t:|1654510149
|switch|p2a: Dracovish|Dracovish|100/100
|turn|13
|
|t:|1654510156
|move|p2a: Dracovish|Fishious Rend|p1a: Timburr
|-damage|p1a: Timburr|0 fnt
|faint|p1a: Timburr
|
|upkeep
|
|t:|1654510162
|switch|p1a: Bagon|Bagon, F|100/100
|-damage|p1a: Bagon|88/100|[from] Stealth Rock
|turn|14
|
|t:|1654510173
|move|p2a: Dracovish|Fishious Rend|p1a: Bagon
|-resisted|p1a: Bagon
|-damage|p1a: Bagon|0 fnt
|faint|p1a: Bagon
|
|upkeep
|
|t:|1654510174
|switch|p1a: Drilbur|Drilbur, F|100/100
|-damage|p1a: Drilbur|94/100|[from] Stealth Rock
|turn|15
|
|t:|1654510182
|move|p2a: Dracovish|Fishious Rend|p1a: Drilbur
|-supereffective|p1a: Drilbur
|-damage|p1a: Drilbur|0 fnt
|faint|p1a: Drilbur
|
|win|Purrglar
|raw|Le_punisher501's rating: 1134 &rarr; <strong>1115</strong><br />(-19 for losing)
|raw|Purrglar's rating: 1221 &rarr; <strong>1240</strong><br />(+19 for winning)
|l|☆Purrglar
