|j|☆Bloooe ^~^
|j|☆soviet glonk
|inactive|Battle timer is ON: inactive players will automatically lose when time's up.
|t:|1642656817
|gametype|singles
|player|p1|Bloooe ^~^|preschoolerf|
|player|p2|soviet glonk|ghetsis|
|teamsize|p1|6
|teamsize|p2|6
|gen|8
|tier|[Gen 8] National Dex AG
|rated|Tournament battle
|rule|HP Percentage Mod: HP is shown in percentages
|rule|Endless Battle Clause: Forcing endless battles is banned
|clearpoke
|poke|p1|Smeargle, F|
|poke|p1|Landorus-Therian, M|
|poke|p1|Arceus-*|
|poke|p1|Kartana|
|poke|p1|Xerneas-*|
|poke|p1|Calyrex-Shadow|
|poke|p2|Marshadow|
|poke|p2|Zacian-*|
|poke|p2|Yveltal|
|poke|p2|Necrozma-Dusk-Mane|
|poke|p2|Arceus-*|
|poke|p2|Arceus-*|
|teampreview
|inactive|Bloooe ^~^ also wants the timer to be on.
|inactive|soviet glonk also wants the timer to be on.
|j| adhiraj8202
|
|t:|1642656825
|start
|switch|p1a: Smeargle|Smeargle, F|100/100
|switch|p2a: Yveltal|Yveltal|100/100
|-ability|p2a: Yveltal|Dark Aura
|turn|1
|j| 09-10a
|
|t:|1642656834
|move|p2a: Yveltal|Taunt|p1a: Smeargle
|-start|p1a: Smeargle|move: Taunt
|move|p1a: Smeargle|Nuzzle|p2a: Yveltal
|-supereffective|p2a: Yveltal
|-damage|p2a: Yveltal|96/100
|-status|p2a: Yveltal|par
|
|upkeep
|turn|2
|
|t:|1642656840
|switch|p1a: Landorus|Landorus-Therian, M|100/100
|-ability|p1a: Landorus|Intimidate|boost
|-unboost|p2a: Yveltal|atk|1
|cant|p2a: Yveltal|par
|
|upkeep
|turn|3
|
|t:|1642656847
|switch|p2a: Arceus|Arceus-Ground|100/100
|move|p1a: Landorus|Stealth Rock|p2a: Arceus
|-sidestart|p2: soviet glonk|move: Stealth Rock
|
|upkeep
|turn|4
|
|t:|1642656852
|move|p1a: Landorus|Swords Dance|p1a: Landorus
|-boost|p1a: Landorus|atk|2
|move|p2a: Arceus|Ice Beam|p1a: Landorus
|-supereffective|p1a: Landorus
|-enditem|p1a: Landorus|Focus Sash
|-damage|p1a: Landorus|1/100
|
|upkeep
|turn|5
|
|t:|1642656857
|switch|p2a: Marshadow|Marshadow|100/100
|-damage|p2a: Marshadow|94/100|[from] Stealth Rock
|move|p1a: Landorus|Earthquake|p2a: Marshadow
|-damage|p2a: Marshadow|0 fnt
|faint|p2a: Marshadow
|
|upkeep
|c|☆Bloooe ^~^|Lol
|inactive|soviet glonk has 120 seconds left.
|
|t:|1642656891
|switch|p2a: Zacian|Zacian-Crowned|100/100
|-damage|p2a: Zacian|94/100|[from] Stealth Rock
|-ability|p2a: Zacian|Intrepid Sword|boost
|-boost|p2a: Zacian|atk|1
|turn|6
|
|t:|1642656895
|move|p2a: Zacian|Behemoth Blade|p1a: Landorus
|-damage|p1a: Landorus|0 fnt
|faint|p1a: Landorus
|
|upkeep
|
|t:|1642656897
|switch|p1a: Smeargle|Smeargle, F|100/100
|turn|7
|
|t:|1642656901
|move|p2a: Zacian|Behemoth Blade|p1a: Smeargle
|-enditem|p1a: Smeargle|Focus Sash
|-damage|p1a: Smeargle|1/100
|move|p1a: Smeargle|Nuzzle|p2a: Zacian
|-damage|p2a: Zacian|92/100
|-status|p2a: Zacian|par
|
|upkeep
|turn|8
|
|t:|1642656906
|switch|p2a: Arceus|Arceus-Ground|100/100
|-damage|p2a: Arceus|94/100|[from] Stealth Rock
|move|p1a: Smeargle|Sticky Web|p2a: Arceus
|-sidestart|p2: soviet glonk|move: Sticky Web
|
|upkeep
|turn|9
|
|t:|1642656918
|move|p2a: Arceus|Defog|p1a: Smeargle
|-unboost|p1a: Smeargle|evasion|1
|-sideend|p2: soviet glonk|Stealth Rock|[from] move: Defog|[of] p2a: Arceus
|-sideend|p2: soviet glonk|Sticky Web|[from] move: Defog|[of] p2a: Arceus
|move|p1a: Smeargle|Sticky Web|p2a: Arceus
|-sidestart|p2: soviet glonk|move: Sticky Web
|
|upkeep
|turn|10
|
|t:|1642656922
|move|p2a: Arceus|Defog|p1a: Smeargle
|-unboost|p1a: Smeargle|evasion|1
|-sideend|p2: soviet glonk|Sticky Web|[from] move: Defog|[of] p2a: Arceus
|move|p1a: Smeargle|Sticky Web|p2a: Arceus
|-sidestart|p2: soviet glonk|move: Sticky Web
|
|upkeep
|turn|11
|l|☆Bloooe ^~^
|inactive|Bloooe ^~^ disconnected and has a minute to reconnect!
|player|p1|
|j| Frontier_Champion
|j|☆Bloooe ^~^
|inactive|Bloooe ^~^ reconnected and has 140 seconds left.
|player|p1|Bloooe ^~^|preschoolerf
|
|t:|1642656938
|move|p2a: Arceus|Defog|p1a: Smeargle
|-unboost|p1a: Smeargle|evasion|1
|-sideend|p2: soviet glonk|Sticky Web|[from] move: Defog|[of] p2a: Arceus
|move|p1a: Smeargle|Sticky Web|p2a: Arceus
|-sidestart|p2: soviet glonk|move: Sticky Web
|
|upkeep
|turn|12
|
|t:|1642656954
|switch|p2a: Yveltal|Yveltal|96/100 par
|-ability|p2a: Yveltal|Dark Aura
|move|p1a: Smeargle|Sticky Web||[still]
|-fail|p1a: Smeargle
|
|upkeep
|turn|13
|
|t:|1642656959
|move|p2a: Yveltal|Taunt|p1a: Smeargle
|-start|p1a: Smeargle|move: Taunt
|cant|p1a: Smeargle|move: Taunt|Whirlwind
|
|upkeep
|turn|14
|
|t:|1642656964
|switch|p2a: Arceus|Arceus-Ground|94/100
|-activate|p2a: Arceus|move: Sticky Web
|-unboost|p2a: Arceus|spe|1
|move|p1a: Smeargle|Rapid Spin|p2a: Arceus
|-damage|p2a: Arceus|90/100
|-boost|p1a: Smeargle|spe|1
|
|upkeep
|turn|15
|
|t:|1642656969
|switch|p1a: Kartana|Kartana|100/100
|move|p2a: Arceus|Defog|p1a: Kartana
|-unboost|p1a: Kartana|evasion|1
|-sideend|p2: soviet glonk|Sticky Web|[from] move: Defog|[of] p2a: Arceus
|
|upkeep
|turn|16
|l| Frontier_Champion
|
|t:|1642656972
|move|p1a: Kartana|Swords Dance|p1a: Kartana
|-boost|p1a: Kartana|atk|2
|move|p2a: Arceus|Judgment|p1a: Kartana
|-damage|p1a: Kartana|0 fnt
|faint|p1a: Kartana
|
|upkeep
|
|t:|1642656975
|switch|p1a: Calyrex|Calyrex-Shadow|100/100
|-ability|p1a: Calyrex|As One
|-ability|p1a: Calyrex|Unnerve
|turn|17
|
|t:|1642656986
|switch|p2a: Arceus|Arceus-Dark|100/100
|move|p1a: Calyrex|Nasty Plot|p1a: Calyrex
|-boost|p1a: Calyrex|spa|2
|
|upkeep
|turn|18
|
|t:|1642656992
|move|p1a: Calyrex|Taunt|p2a: Arceus
|-start|p2a: Arceus|move: Taunt
|cant|p2a: Arceus|move: Taunt|Roar
|
|upkeep
|turn|19
|j| Frontier_Champion
|
|t:|1642657017
|switch|p2a: Necrozma|Necrozma-Dusk-Mane|100/100
|move|p1a: Calyrex|Baton Pass|p1a: Calyrex
|
|t:|1642657031
|switch|p1a: Xerneas|Xerneas|100/100|[from]move: Baton Pass
|-ability|p1a: Xerneas|Fairy Aura
|
|upkeep
|turn|20
|
|t:|1642657037
|-start|p2a: Necrozma|Dynamax
|-heal|p2a: Necrozma|100/100|[silent]
|move|p1a: Xerneas|Geomancy||[still]
|-prepare|p1a: Xerneas|Geomancy
|-enditem|p1a: Xerneas|Power Herb
|-anim|p1a: Xerneas|Geomancy|p1a: Xerneas
|-boost|p1a: Xerneas|spa|2
|-boost|p1a: Xerneas|spd|2
|-boost|p1a: Xerneas|spe|2
|move|p2a: Necrozma|Max Steelspike|p1a: Xerneas
|-supereffective|p1a: Xerneas
|-damage|p1a: Xerneas|0 fnt
|-boost|p2a: Necrozma|def|1
|faint|p1a: Xerneas
|
|upkeep
|j| Mikirae
|
|t:|1642657041
|switch|p1a: Smeargle|Smeargle, F|1/100
|turn|21
|
|t:|1642657043
|move|p1a: Smeargle|Nuzzle|p2a: Necrozma
|-damage|p2a: Necrozma|99/100
|-status|p2a: Necrozma|par
|-damage|p1a: Smeargle|0 fnt|[from] item: Rocky Helmet|[of] p2a: Necrozma
|faint|p1a: Smeargle
|cant|p2a: Necrozma|par
|
|upkeep
|
|t:|1642657046
|switch|p1a: Arceus|Arceus|100/100
|turn|22
|
|t:|1642657049
|move|p1a: Arceus|Swords Dance|p1a: Arceus
|-boost|p1a: Arceus|atk|2
|cant|p2a: Necrozma|par
|
|-end|p2a: Necrozma|Dynamax
|-heal|p2a: Necrozma|99/100 par|[silent]
|upkeep
|turn|23
|
|t:|1642657053
|move|p1a: Arceus|Swords Dance|p1a: Arceus
|-boost|p1a: Arceus|atk|2
|move|p2a: Necrozma|Toxic|p1a: Arceus
|-status|p1a: Arceus|tox
|
|-damage|p1a: Arceus|94/100 tox|[from] psn
|upkeep
|turn|24
|
|t:|1642657058
|move|p1a: Arceus|Earthquake|p2a: Necrozma
|-supereffective|p2a: Necrozma
|-damage|p2a: Necrozma|46/100 par
|cant|p2a: Necrozma|par
|
|-damage|p1a: Arceus|82/100 tox|[from] psn
|upkeep
|turn|25
|j| World breaker Odin
|
|t:|1642657064
|move|p1a: Arceus|Earthquake|p2a: Necrozma
|-supereffective|p2a: Necrozma
|-damage|p2a: Necrozma|0 fnt
|faint|p2a: Necrozma
|
|-damage|p1a: Arceus|64/100 tox|[from] psn
|upkeep
|
|t:|1642657085
|switch|p2a: Arceus|Arceus-Ground|90/100
|turn|26
|
|t:|1642657090
|move|p1a: Arceus|Extreme Speed|p2a: Arceus
|-damage|p2a: Arceus|29/100
|move|p2a: Arceus|Recover|p2a: Arceus
|-heal|p2a: Arceus|79/100
|
|-damage|p1a: Arceus|40/100 tox|[from] psn
|upkeep
|turn|27
|
|t:|1642657099
|-zpower|p1a: Arceus
|move|p1a: Arceus|Breakneck Blitz|p2a: Arceus|[zeffect]
|-damage|p2a: Arceus|0 fnt
|faint|p2a: Arceus
|
|-damage|p1a: Arceus|9/100 tox|[from] psn
|upkeep
|
|t:|1642657107
|switch|p2a: Zacian|Zacian-Crowned|92/100 par
|-ability|p2a: Zacian|Intrepid Sword|boost
|-boost|p2a: Zacian|atk|1
|turn|28
|l| Frontier_Champion
|
|t:|1642657111
|move|p1a: Arceus|Extreme Speed|p2a: Zacian
|-resisted|p2a: Zacian
|-damage|p2a: Zacian|27/100 par
|move|p2a: Zacian|Behemoth Blade|p1a: Arceus
|-damage|p1a: Arceus|0 fnt
|faint|p1a: Arceus
|
|upkeep
|
|t:|1642657113
|switch|p1a: Calyrex|Calyrex-Shadow|100/100
|-ability|p1a: Calyrex|As One
|-ability|p1a: Calyrex|Unnerve
|turn|29
|
|t:|1642657116
|switch|p2a: Arceus|Arceus-Dark|100/100
|move|p1a: Calyrex|Nasty Plot|p1a: Calyrex
|-boost|p1a: Calyrex|spa|2
|
|upkeep
|turn|30
|j| Map of Infinity
|c| 09-10a|O.o
|
|t:|1642657123
|-start|p1a: Calyrex|Dynamax
|-heal|p1a: Calyrex|100/100|[silent]
|move|p1a: Calyrex|Max Phantasm|p2a: Arceus
|-resisted|p2a: Arceus
|-crit|p2a: Arceus
|-damage|p2a: Arceus|27/100
|-unboost|p2a: Arceus|def|1
|move|p2a: Arceus|Judgment|p1a: Calyrex
|-supereffective|p1a: Calyrex
|-damage|p1a: Calyrex|7/100
|
|upkeep
|turn|31
|c| Map of Infinity|Gg
|
|t:|1642657133
|move|p1a: Calyrex|Max Phantasm|p2a: Arceus
|-resisted|p2a: Arceus
|-damage|p2a: Arceus|0 fnt
|faint|p2a: Arceus
|-ability|p1a: Calyrex|Grim Neigh|boost
|-boost|p1a: Calyrex|spa|1
|
|upkeep
|
|t:|1642657136
|switch|p2a: Yveltal|Yveltal|96/100 par
|-ability|p2a: Yveltal|Dark Aura
|turn|32
|
|t:|1642657138
|move|p1a: Calyrex|Max Phantasm|p2a: Yveltal
|-resisted|p2a: Yveltal
|-damage|p2a: Yveltal|0 fnt
|faint|p2a: Yveltal
|-ability|p1a: Calyrex|Grim Neigh|boost
|-boost|p1a: Calyrex|spa|1
|
|-end|p1a: Calyrex|Dynamax
|-heal|p1a: Calyrex|7/100|[silent]
|upkeep
|c|☆soviet glonk|gg
|c|☆Bloooe ^~^|Ggwp
|c| Map of Infinity|Oo
|c| Map of Infinity|Good
|c|☆soviet glonk|did crit matter?
|j| Frontier_Champion
|c| Map of Infinity|Yes
|c| Map of Infinity|Maybe
|c| 09-10a|is it spdef yvel?
|c| adhiraj8202|no i think
|inactive|soviet glonk has 120 seconds left.
|c| adhiraj8202|ig it was a 2hko either way
|c|☆Bloooe ^~^|No way
|c| 09-10a|...
|c|☆Bloooe ^~^|P-P
|c| 09-10a|im confused lmfao
|c|☆soviet glonk|on spdef darkceus?
|c| Map of Infinity|Well Soviet freeezd matter
|c| 09-10a|oh
|c| Map of Infinity|In my match
|c| adhiraj8202|oh that was spdef
|c| 09-10a|How about on yvel?
|inactive|soviet glonk has 90 seconds left.
|c| 09-10a|yea, the crit mattered
|l| Frontier_Champion
|c| 09-10a|imo at least
|c| Map of Infinity|Isn't that lo
|c| adhiraj8202|no
|c| Map of Infinity|No lie
|c| 09-10a|sash
|c| 09-10a|?
|c|☆Bloooe ^~^|Yeee
|inactive|soviet glonk has 60 seconds left.
|c| Map of Infinity|He is using hyper offences
|c| adhiraj8202|its sash prob
|c| Map of Infinity|Yvel
|c| Map of Infinity|With life orb
|c|☆Bloooe ^~^|Let's just end this bruh
|inactive|soviet glonk has 30 seconds left.
|c| Map of Infinity|Bad glonk
|inactive|soviet glonk has 20 seconds left.
|j| The ultimate necro
|inactive|soviet glonk has 15 seconds left.
|c| Map of Infinity|Now reset yvel sets
|inactive|soviet glonk has 10 seconds left.
|c| Map of Infinity|And send
|c| Map of Infinity|It
|c| 09-10a|+2 252 SpA Calyrex-Shadow Max Phantasm vs. 252 HP / 252+ SpD Arceus-Dark: 174-204 (39.1 - 45.9%) -- guaranteed 3HKO
|c| Map of Infinity|Here
|inactive|soviet glonk has 5 seconds left.
|-message|soviet glonk lost due to inactivity.
|
|win|Bloooe ^~^
|n|☆soviet glonk|sovietglonk
|n| adhiraj8202|adhiraj8202
|n| 09-10a|0910a
|n|☆Bloooe ^~^|bloooe
|n| Mikirae|mikirae
|n| World breaker Odin|worldbreakerodin
|n| Map of Infinity|mapofinfinity
|n| The ultimate necro|theultimatenecro
