|j|☆Diancie_hhh
|j|☆Tahz
|t:|1666625894
|gametype|singles
|player|p1|Diancie_hhh|marnie|1688
|player|p2|Tahz|veteran|1751
|teamsize|p1|6
|teamsize|p2|6
|gen|8
|tier|[Gen 8] National Dex AG
|rated|
|rule|HP Percentage Mod: HP is shown in percentages
|rule|Endless Battle Clause: Forcing endless battles is banned
|clearpoke
|poke|p1|Arceus-*|
|poke|p1|Zacian-*|
|poke|p1|Groudon|
|poke|p1|Ho-Oh|
|poke|p1|Zygarde|
|poke|p1|Weavile, F|
|poke|p2|Marshadow|
|poke|p2|Necrozma-Dusk-Mane|
|poke|p2|Arceus-*|
|poke|p2|Ditto|
|poke|p2|Yveltal|
|poke|p2|Arceus-*|
|teampreview
|inactive|Battle timer is ON: inactive players will automatically lose when time's up. (requested by Tahz)
|
|t:|1666625902
|start
|switch|p1a: Zygarde|Zygarde, shiny|100/100
|switch|p2a: Arceus|Arceus-Ground|100/100
|turn|1
|
|t:|1666625926
|switch|p1a: Ho-Oh|Ho-Oh|100/100
|move|p2a: Arceus|Magic Coat|p2a: Arceus
|-singleturn|p2a: Arceus|move: Magic Coat
|
|upkeep
|turn|2
|
|t:|1666625945
|move|p2a: Arceus|Stone Edge|p1a: Ho-Oh
|-supereffective|p1a: Ho-Oh
|-damage|p1a: Ho-Oh|7/100
|move|p1a: Ho-Oh|Sacred Fire|p2a: Arceus
|-crit|p2a: Arceus
|-damage|p2a: Arceus|61/100
|
|upkeep
|turn|3
|inactive|Diancie_hhh has 120 seconds left.
|
|t:|1666625976
|switch|p1a: Zygarde|Zygarde, shiny|100/100
|move|p2a: Arceus|Stealth Rock|p1a: Zygarde
|-sidestart|p1: Diancie_hhh|move: Stealth Rock
|
|upkeep
|turn|4
|j| BuckfromGothamCity
|inactive|Diancie_hhh has 120 seconds left.
|
|t:|1666626004
|switch|p1a: Arceus|Arceus, shiny|100/100
|-damage|p1a: Arceus|88/100|[from] Stealth Rock
|move|p2a: Arceus|Magic Coat|p2a: Arceus
|-singleturn|p2a: Arceus|move: Magic Coat
|
|upkeep
|turn|5
|
|t:|1666626015
|move|p2a: Arceus|Earthquake|p1a: Arceus
|-damage|p1a: Arceus|56/100
|move|p1a: Arceus|Swords Dance|p1a: Arceus
|-boost|p1a: Arceus|atk|2
|
|upkeep
|turn|6
|
|t:|1666626019
|move|p2a: Arceus|Earthquake|p1a: Arceus
|-damage|p1a: Arceus|21/100
|move|p1a: Arceus|Recover|p1a: Arceus
|-heal|p1a: Arceus|71/100
|
|upkeep
|turn|7
|
|t:|1666626022
|move|p2a: Arceus|Earthquake|p1a: Arceus
|-damage|p1a: Arceus|40/100
|move|p1a: Arceus|Recover|p1a: Arceus
|-heal|p1a: Arceus|90/100
|
|upkeep
|turn|8
|
|t:|1666626026
|move|p2a: Arceus|Earthquake|p1a: Arceus
|-damage|p1a: Arceus|58/100
|move|p1a: Arceus|Recover|p1a: Arceus
|-heal|p1a: Arceus|100/100
|
|upkeep
|turn|9
|
|t:|1666626030
|move|p1a: Arceus|Extreme Speed|p2a: Arceus
|-damage|p2a: Arceus|0 fnt
|faint|p2a: Arceus
|-damage|p1a: Arceus|91/100|[from] item: Life Orb
|
|upkeep
|
|t:|1666626036
|switch|p2a: hello caly|Marshadow|100/100
|turn|10
|
|t:|1666626041
|-start|p1a: Arceus|Dynamax|
|-heal|p1a: Arceus|91/100|[silent]
|move|p2a: hello caly|Close Combat|p1a: Arceus
|-supereffective|p1a: Arceus
|-damage|p1a: Arceus|41/100
|-unboost|p2a: hello caly|def|1
|-unboost|p2a: hello caly|spd|1
|-damage|p2a: hello caly|91/100|[from] item: Life Orb
|move|p1a: Arceus|Max Airstream|p2a: hello caly
|-supereffective|p2a: hello caly
|-damage|p2a: hello caly|0 fnt
|-boost|p1a: Arceus|spe|1
|faint|p2a: hello caly
|-damage|p1a: Arceus|36/100|[from] item: Life Orb
|
|upkeep
|
|t:|1666626052
|switch|p2a: Watch yo tone|Yveltal|100/100
|-ability|p2a: Watch yo tone|Dark Aura
|turn|11
|
|t:|1666626055
|-start|p2a: Watch yo tone|Dynamax|
|-heal|p2a: Watch yo tone|100/100|[silent]
|move|p1a: Arceus|Max Strike|p2a: Watch yo tone
|-damage|p2a: Watch yo tone|14/100
|-unboost|p2a: Watch yo tone|spe|1
|-damage|p1a: Arceus|31/100|[from] item: Life Orb
|move|p2a: Watch yo tone|Max Airstream|p1a: Arceus
|-damage|p1a: Arceus|0 fnt
|-boost|p2a: Watch yo tone|spe|1
|faint|p1a: Arceus
|-damage|p2a: Watch yo tone|9/100|[from] item: Life Orb
|
|upkeep
|
|t:|1666626070
|switch|p1a: Weavile|Weavile, F, shiny|100/100
|-damage|p1a: Weavile|76/100|[from] Stealth Rock
|-ability|p1a: Weavile|Pressure
|turn|12
|c|☆Tahz|huge misplay by me
|
|t:|1666626082
|move|p1a: Weavile|Knock Off|p2a: Watch yo tone
|-resisted|p2a: Watch yo tone
|-damage|p2a: Watch yo tone|0 fnt
|-enditem|p2a: Watch yo tone|Life Orb|[from] move: Knock Off|[of] p1a: Weavile
|faint|p2a: Watch yo tone
|
|upkeep
|l|☆Tahz
|inactive|Tahz disconnected and has a minute to reconnect!
|player|p2|
|inactive|Tahz has 30 seconds to reconnect!
|j|☆Tahz
|inactive|Tahz reconnected and has 95 seconds left.
|player|p2|Tahz|veteran
|inactive|Tahz has 90 seconds left.
|
|t:|1666626145
|switch|p2a: Necrozma|Necrozma-Dusk-Mane|100/100
|turn|13
|
|t:|1666626152
|move|p1a: Weavile|Knock Off|p2a: Necrozma
|-supereffective|p2a: Necrozma
|-crit|p2a: Necrozma
|-damage|p2a: Necrozma|38/100
|move|p2a: Necrozma|Stone Edge|p1a: Weavile
|-supereffective|p1a: Weavile
|-damage|p1a: Weavile|0 fnt
|faint|p1a: Weavile
|
|upkeep
|
|t:|1666626165
|switch|p1a: Zygarde|Zygarde, shiny|100/100
|-damage|p1a: Zygarde|94/100|[from] Stealth Rock
|turn|14
|
|t:|1666626169
|detailschange|p2a: Necrozma|Necrozma-Ultra
|-burst|p2a: Necrozma|Necrozma|Ultranecrozium Z
|move|p2a: Necrozma|Dragon Dance|p2a: Necrozma
|-boost|p2a: Necrozma|atk|1
|-boost|p2a: Necrozma|spe|1
|move|p1a: Zygarde|Glare|p2a: Necrozma
|-status|p2a: Necrozma|par
|
|upkeep
|turn|15
|
|t:|1666626175
|-zpower|p2a: Necrozma
|move|p2a: Necrozma|Light That Burns the Sky|p1a: Zygarde|[zeffect]
|-damage|p1a: Zygarde|0 fnt
|faint|p1a: Zygarde
|
|upkeep
|
|t:|1666626197
|switch|p1a: 大地之神|Groudon, shiny|100/100
|-damage|p1a: 大地之神|94/100|[from] Stealth Rock
|detailschange|p1a: 大地之神|Groudon-Primal, shiny
|-primal|p1a: 大地之神
|-weather|DesolateLand|[from] ability: Desolate Land|[of] p1a: 大地之神
|turn|16
|
|t:|1666626202
|move|p2a: Necrozma|Earthquake|p1a: 大地之神
|-supereffective|p1a: 大地之神
|-damage|p1a: 大地之神|0 fnt
|faint|p1a: 大地之神
|-weather|none
|
|upkeep
|
|t:|1666626218
|switch|p1a: Ho-Oh|Ho-Oh|40/100
|turn|17
|
|t:|1666626221
|switch|p1a: Zacian|Zacian-Crowned|100/100
|-damage|p1a: Zacian|94/100|[from] Stealth Rock
|-ability|p1a: Zacian|Intrepid Sword|boost
|-boost|p1a: Zacian|atk|1
|move|p2a: Necrozma|Stone Edge|p1a: Zacian
|-resisted|p1a: Zacian
|-crit|p1a: Zacian
|-damage|p1a: Zacian|48/100
|
|upkeep
|turn|18
|
|t:|1666626235
|switch|p1a: Ho-Oh|Ho-Oh|73/100
|cant|p2a: Necrozma|par
|
|upkeep
|turn|19
|
|t:|1666626245
|switch|p1a: Zacian|Zacian-Crowned|48/100
|-damage|p1a: Zacian|42/100|[from] Stealth Rock
|-ability|p1a: Zacian|Intrepid Sword|boost
|-boost|p1a: Zacian|atk|1
|move|p2a: Necrozma|Photon Geyser|p1a: Zacian
|-resisted|p1a: Zacian
|-damage|p1a: Zacian|0 fnt
|faint|p1a: Zacian
|
|upkeep
|
|t:|1666626254
|switch|p1a: Ho-Oh|Ho-Oh|100/100
|turn|20
|l|☆Tahz
|inactive|Tahz disconnected and has a minute to reconnect!
|player|p2|
|j| thicsucttv
|inactive|Tahz has 30 seconds to reconnect!
|j|☆Tahz
|inactive|Tahz reconnected and has 115 seconds left.
|player|p2|Tahz|veteran
|
|t:|1666626296
|move|p2a: Necrozma|Stone Edge|p1a: Ho-Oh
|-supereffective|p1a: Ho-Oh
|-damage|p1a: Ho-Oh|0 fnt
|faint|p1a: Ho-Oh
|
|win|Tahz
|raw|Diancie_hhh's rating: 1688 &rarr; <strong>1672</strong><br />(-16 for losing)
|raw|Tahz's rating: 1751 &rarr; <strong>1767</strong><br />(+16 for winning)
|l|☆Tahz
|l| thicsucttv
||Ladder isn't responding, score probably updated but might not have (Request timeout).
|j|☆Tahz
|player|p2|Tahz|veteran
