|j|☆aseeasase
|j|☆Keshav Kirupa
|t:|1657977410
|gametype|singles
|player|p1|aseeasase|101|1747
|player|p2|Keshav Kirupa|lucas|1675
|teamsize|p1|6
|teamsize|p2|6
|gen|8
|tier|[Gen 8] National Dex AG
|rated|
|rule|HP Percentage Mod: HP is shown in percentages
|rule|Endless Battle Clause: Forcing endless battles is banned
|clearpoke
|poke|p1|Kyogre|
|poke|p1|Hatterene, F|
|poke|p1|Melmetal|
|poke|p1|Solosis, L1, M|
|poke|p1|Alakazam, M|
|poke|p1|Groudon|
|poke|p2|Zacian-*|
|poke|p2|Ditto|
|poke|p2|Smeargle, M|
|poke|p2|Groudon|
|poke|p2|Marshadow|
|poke|p2|Tyranitar, M|
|teampreview
|
|t:|1657977423
|start
|switch|p1a: Hatterene|Hatterene, F|100/100
|switch|p2a: Groudon|Groudon|100/100
|detailschange|p2a: Groudon|Groudon-Primal
|-primal|p2a: Groudon
|-weather|DesolateLand|[from] ability: Desolate Land|[of] p2a: Groudon
|turn|1
|
|t:|1657977434
|move|p2a: Groudon|Earthquake|p1a: Hatterene
|-damage|p1a: Hatterene|24/100
|move|p1a: Hatterene|Trick Room|p1a: Hatterene
|-fieldstart|move: Trick Room|[of] p1a: Hatterene
|
|-weather|DesolateLand|[upkeep]
|upkeep
|turn|2
|
|t:|1657977448
|move|p1a: Hatterene|Healing Wish|p1a: Hatterene
|faint|p1a: Hatterene
|move|p2a: Groudon|Earthquake|p1: Hatterene|[notarget]
|-fail|p2a: Groudon
|
|-weather|DesolateLand|[upkeep]
|upkeep
|
|t:|1657977455
|switch|p1a: Groudon|Groudon|100/100
|detailschange|p1a: Groudon|Groudon-Primal
|-primal|p1a: Groudon
|turn|3
|
|t:|1657977476
|move|p1a: Groudon|Precipice Blades|p2a: Groudon
|-supereffective|p2a: Groudon
|-damage|p2a: Groudon|19/100
|move|p2a: Groudon|Earthquake|p1a: Groudon
|-supereffective|p1a: Groudon
|-damage|p1a: Groudon|26/100
|
|-weather|DesolateLand|[upkeep]
|upkeep
|turn|4
|
|t:|1657977494
|move|p1a: Groudon|Stealth Rock|p2a: Groudon
|-sidestart|p2: Keshav Kirupa|move: Stealth Rock
|move|p2a: Groudon|Earthquake|p1a: Groudon
|-supereffective|p1a: Groudon
|-damage|p1a: Groudon|0 fnt
|faint|p1a: Groudon
|
|-weather|DesolateLand|[upkeep]
|upkeep
|
|t:|1657977505
|switch|p1a: Kyogre|Kyogre|100/100
|-ability|p1a: Kyogre|Drizzle|[from] desolateland|[fail]
|turn|5
|
|t:|1657977525
|move|p1a: Kyogre|Ice Beam|p2a: Groudon
|-damage|p2a: Groudon|0 fnt
|faint|p2a: Groudon
|-weather|none
|
|-fieldend|move: Trick Room
|upkeep
|
|t:|1657977528
|switch|p2a: Tyranitar|Tyranitar, M|100/100
|-damage|p2a: Tyranitar|88/100|[from] Stealth Rock
|-weather|Sandstorm|[from] ability: Sand Stream|[of] p2a: Tyranitar
|turn|6
|
|t:|1657977553
|switch|p1a: Melmetal|Melmetal|100/100
|move|p2a: Tyranitar|Rock Tomb|p1a: Melmetal
|-resisted|p1a: Melmetal
|-damage|p1a: Melmetal|91/100
|-unboost|p1a: Melmetal|spe|1
|
|-weather|Sandstorm|[upkeep]
|upkeep
|turn|7
|
|t:|1657977592
|switch|p2a: Ditto|Ditto|100/100
|-damage|p2a: Ditto|88/100|[from] Stealth Rock
|-transform|p2a: Ditto|p1a: Melmetal|[from] ability: Imposter
|move|p1a: Melmetal|Double Iron Bash|p2a: Ditto
|-resisted|p2a: Ditto
|-damage|p2a: Ditto|61/100
|-resisted|p2a: Ditto
|-damage|p2a: Ditto|35/100
|-hitcount|p2a: Ditto|2
|
|-weather|Sandstorm|[upkeep]
|upkeep
|turn|8
|
|t:|1657977623
|move|p2a: Ditto|Superpower|p1a: Melmetal
|-supereffective|p1a: Melmetal
|-damage|p1a: Melmetal|42/100
|-unboost|p2a: Ditto|atk|1
|-unboost|p2a: Ditto|def|1
|move|p1a: Melmetal|Double Iron Bash|p2a: Ditto
|-resisted|p2a: Ditto
|-damage|p2a: Ditto|0 fnt
|faint|p2a: Ditto
|-hitcount|p2: Ditto|1
|
|-weather|Sandstorm|[upkeep]
|upkeep
|
|t:|1657977633
|switch|p2a: Zacian|Zacian-Crowned|100/100
|-damage|p2a: Zacian|94/100|[from] Stealth Rock
|-ability|p2a: Zacian|Intrepid Sword|boost
|-boost|p2a: Zacian|atk|1
|turn|9
|
|t:|1657977652
|switch|p1a: Alakazam|Alakazam, M|100/100
|move|p2a: Zacian|Close Combat|p1a: Alakazam
|-resisted|p1a: Alakazam
|-enditem|p1a: Alakazam|Focus Sash
|-damage|p1a: Alakazam|1/100
|-unboost|p2a: Zacian|def|1
|-unboost|p2a: Zacian|spd|1
|
|-weather|Sandstorm|[upkeep]
|upkeep
|turn|10
|
|t:|1657977664
|move|p2a: Zacian|Behemoth Blade|p1a: Alakazam
|-damage|p1a: Alakazam|0 fnt
|faint|p1a: Alakazam
|
|-weather|none
|upkeep
|
|t:|1657977672
|switch|p1a: Solosis|Solosis, L1, M|100/100
|turn|11
|
|t:|1657977679
|move|p2a: Zacian|Crunch|p1a: Solosis
|-supereffective|p1a: Solosis
|-enditem|p1a: Solosis|Focus Sash
|-damage|p1a: Solosis|9/100
|move|p1a: Solosis|Trick Room|p1a: Solosis
|-fieldstart|move: Trick Room|[of] p1a: Solosis
|
|upkeep
|turn|12
|
|t:|1657977689
|move|p1a: Solosis|Endeavor|p2a: Zacian
|-damage|p2a: Zacian|1/100
|move|p2a: Zacian|Substitute|p2a: Zacian
|-fail|p2a: Zacian|move: Substitute|[weak]
|
|upkeep
|turn|13
|
|t:|1657977698
|move|p1a: Solosis|Explosion|p2a: Zacian
|-resisted|p2a: Zacian
|-damage|p2a: Zacian|0 fnt
|faint|p1a: Solosis
|faint|p2a: Zacian
|
|upkeep
|inactive|Battle timer is ON: inactive players will automatically lose when time's up. (requested by Keshav Kirupa)
|
|t:|1657977720
|switch|p1a: Kyogre|Kyogre|100/100
|switch|p2a: Marshadow|Marshadow|100/100
|-weather|RainDance|[from] ability: Drizzle|[of] p1a: Kyogre
|-damage|p2a: Marshadow|94/100|[from] Stealth Rock
|turn|14
|
|t:|1657977731
|-start|p1a: Kyogre|Dynamax|
|-heal|p1a: Kyogre|100/100|[silent]
|-start|p2a: Marshadow|Dynamax|
|-heal|p2a: Marshadow|94/100|[silent]
|move|p2a: Marshadow|Max Guard|p2a: Marshadow
|-singleturn|p2a: Marshadow|Max Guard
|move|p1a: Kyogre|Max Geyser|p2a: Marshadow
|-activate|p2a: Marshadow|move: Max Guard
|
|-weather|RainDance|[upkeep]
|upkeep
|turn|15
|
|t:|1657977743
|move|p1a: Kyogre|Max Geyser|p2a: Marshadow
|-damage|p2a: Marshadow|11/100
|move|p2a: Marshadow|Max Strike|p1a: Kyogre
|-damage|p1a: Kyogre|81/100
|-unboost|p1a: Kyogre|spe|1
|
|-weather|RainDance|[upkeep]
|-fieldend|move: Trick Room
|upkeep
|turn|16
|inactive|aseeasase has 120 seconds left.
|
|t:|1657977774
|move|p2a: Marshadow|Max Guard|p2a: Marshadow
|-singleturn|p2a: Marshadow|Max Guard
|move|p1a: Kyogre|Max Geyser|p2a: Marshadow
|-activate|p2a: Marshadow|move: Max Guard
|
|-weather|RainDance|[upkeep]
|upkeep
|-end|p2a: Marshadow|Dynamax
|-heal|p2a: Marshadow|11/100|[silent]
|-end|p1a: Kyogre|Dynamax
|-heal|p1a: Kyogre|81/100|[silent]
|turn|17
|inactive|aseeasase has 120 seconds left.
|
|t:|1657977786
|move|p2a: Marshadow|Rock Tomb|p1a: Kyogre
|-damage|p1a: Kyogre|52/100
|-unboost|p1a: Kyogre|spe|1
|move|p1a: Kyogre|Ice Beam|p2a: Marshadow
|-damage|p2a: Marshadow|0 fnt
|faint|p2a: Marshadow
|
|-weather|RainDance|[upkeep]
|upkeep
|
|t:|1657977796
|switch|p2a: Smeargle|Smeargle, M|100/100
|-damage|p2a: Smeargle|88/100|[from] Stealth Rock
|turn|18
|
|t:|1657977803
|switch|p1a: Melmetal|Melmetal|42/100
|-heal|p1a: Melmetal|100/100|[from] move: Healing Wish
|move|p2a: Smeargle|Spore|p1a: Melmetal
|-status|p1a: Melmetal|slp|[from] move: Spore
|
|-weather|none
|-heal|p2a: Smeargle|94/100|[from] item: Leftovers
|-ability|p2a: Smeargle|Moody|boost
|-boost|p2a: Smeargle|spd|2
|-unboost|p2a: Smeargle|spa|1
|upkeep
|turn|19
|
|t:|1657977817
|move|p2a: Smeargle|Shell Smash|p2a: Smeargle
|-unboost|p2a: Smeargle|def|1
|-unboost|p2a: Smeargle|spd|1
|-boost|p2a: Smeargle|atk|2
|-boost|p2a: Smeargle|spa|2
|-boost|p2a: Smeargle|spe|2
|cant|p1a: Melmetal|slp
|
|-heal|p2a: Smeargle|99/100|[from] item: Leftovers
|-ability|p2a: Smeargle|Moody|boost
|-boost|p2a: Smeargle|atk|2
|-unboost|p2a: Smeargle|spd|1
|upkeep
|turn|20
|
|t:|1657977830
|move|p2a: Smeargle|Power Trip|p1a: Melmetal
|-damage|p1a: Melmetal|61/100 slp
|-curestatus|p1a: Melmetal|slp|[msg]
|move|p1a: Melmetal|Double Iron Bash|p2a: Smeargle
|-crit|p2a: Smeargle
|-damage|p2a: Smeargle|0 fnt
|faint|p2a: Smeargle
|-hitcount|p2: Smeargle|1
|
|upkeep
|-message|Keshav Kirupa forfeited.
|
|win|aseeasase
|raw|aseeasase's rating: 1747 &rarr; <strong>1763</strong><br />(+16 for winning)
|raw|Keshav Kirupa's rating: 1675 &rarr; <strong>1659</strong><br />(-16 for losing)
|l|☆Keshav Kirupa
||Ladder isn't responding, score probably updated but might not have (Request timeout).
