|j|☆Jamira!?
|j|☆SohamDee
|t:|1596177520
|player|p1|Jamira!?|iris-gen5bw2|1263
|player|p2|SohamDee|1|1249
|teamsize|p1|6
|teamsize|p2|6
|gametype|singles
|gen|8
|tier|[Gen 8] National Dex AG
|rated|
|clearpoke
|poke|p1|Groudon|
|poke|p1|Kyogre|
|poke|p1|Rayquaza|
|poke|p1|Latios, M|
|poke|p1|Latias, F|
|poke|p1|Jirachi|
|poke|p2|Zoroark, F|
|poke|p2|Gengar, F|
|poke|p2|Blaziken, F|
|poke|p2|Ferrothorn, F|
|poke|p2|Pelipper, M|
|poke|p2|Kingdra, M|
|rule|HP Percentage Mod: HP is shown in percentages
|rule|Endless Battle Clause: Forcing endless battles is banned
|teampreview
|
|t:|1596177533
|start
|switch|p1a: Groudon|Groudon, shiny|100/100
|switch|p2a: Pelipper|Pelipper, M|100/100
|-weather|RainDance|[from] ability: Drizzle|[of] p2a: Pelipper
|detailschange|p1a: Groudon|Groudon-Primal, shiny
|-primal|p1a: Groudon
|-weather|DesolateLand|[from] ability: Desolate Land|[of] p1a: Groudon
|turn|1
|inactive|Battle timer is ON: inactive players will automatically lose when time's up. (requested by SohamDee)
|
|t:|1596177544
|move|p1a: Groudon|Rock Polish|p1a: Groudon
|-boost|p1a: Groudon|spe|2
|move|p2a: Pelipper|Toxic|p1a: Groudon
|-status|p1a: Groudon|tox
|
|-weather|DesolateLand|[upkeep]
|-damage|p1a: Groudon|94/100 tox|[from] psn
|upkeep
|turn|2
|
|t:|1596177559
|switch|p2a: Ferrothorn|Ferrothorn, F|100/100
|move|p1a: Groudon|Stone Edge|p2a: Ferrothorn|[miss]
|-miss|p1a: Groudon|p2a: Ferrothorn
|
|-weather|DesolateLand|[upkeep]
|-damage|p1a: Groudon|82/100 tox|[from] psn
|upkeep
|turn|3
|
|t:|1596177569
|switch|p2a: Pelipper|Pelipper, M|100/100
|-ability|p2a: Pelipper|Drizzle|[from] desolateland|[fail]
|move|p1a: Groudon|Stone Edge|p2a: Pelipper
|-supereffective|p2a: Pelipper
|-crit|p2a: Pelipper
|-damage|p2a: Pelipper|0 fnt
|faint|p2a: Pelipper
|
|-weather|DesolateLand|[upkeep]
|-damage|p1a: Groudon|64/100 tox|[from] psn
|upkeep
|
|t:|1596177578
|switch|p2a: Ferrothorn|Ferrothorn, F|100/100
|turn|4
|
|t:|1596177584
|move|p1a: Groudon|Precipice Blades|p2a: Ferrothorn
|-damage|p2a: Ferrothorn|46/100
|move|p2a: Ferrothorn|Stealth Rock|p1a: Groudon
|-sidestart|p1: Jamira!?|move: Stealth Rock
|
|-weather|DesolateLand|[upkeep]
|-damage|p1a: Groudon|40/100 tox|[from] psn
|upkeep
|turn|5
|
|t:|1596177593
|move|p1a: Groudon|Precipice Blades|p2a: Ferrothorn
|-damage|p2a: Ferrothorn|0 fnt
|faint|p2a: Ferrothorn
|
|-weather|DesolateLand|[upkeep]
|-damage|p1a: Groudon|10/100 tox|[from] psn
|upkeep
|
|t:|1596177598
|switch|p2a: Blaziken|Blaziken, F|100/100
|turn|6
|
|t:|1596177603
|move|p2a: Blaziken|Protect|p2a: Blaziken
|-singleturn|p2a: Blaziken|Protect
|move|p1a: Groudon|Precipice Blades|p2a: Blaziken
|-activate|p2a: Blaziken|move: Protect
|
|-weather|DesolateLand|[upkeep]
|-damage|p1a: Groudon|0 fnt|[from] psn
|faint|p1a: Groudon
|-weather|none
|-ability|p2a: Blaziken|Speed Boost|boost
|-boost|p2a: Blaziken|spe|1
|upkeep
|
|t:|1596177614
|switch|p1a: Latias|Latias, F|100/100
|-damage|p1a: Latias|88/100|[from] Stealth Rock
|turn|7
|
|t:|1596177629
|move|p2a: Blaziken|Night Slash|p1a: Latias
|-supereffective|p1a: Latias
|-damage|p1a: Latias|52/100
|-damage|p2a: Blaziken|84/100|[from] item: Rocky Helmet|[of] p1a: Latias
|move|p1a: Latias|Defog|p2a: Blaziken
|-unboost|p2a: Blaziken|evasion|1
|-sideend|p1: Jamira!?|Stealth Rock|[from] move: Defog|[of] p1a: Latias
|
|-ability|p2a: Blaziken|Speed Boost|boost
|-boost|p2a: Blaziken|spe|1
|upkeep
|turn|8
|
|t:|1596177641
|move|p2a: Blaziken|Swords Dance|p2a: Blaziken
|-boost|p2a: Blaziken|atk|2
|move|p1a: Latias|Roost|p1a: Latias
|-heal|p1a: Latias|100/100
|-singleturn|p1a: Latias|move: Roost
|
|-ability|p2a: Blaziken|Speed Boost|boost
|-boost|p2a: Blaziken|spe|1
|upkeep
|turn|9
|
|t:|1596177651
|-start|p2a: Blaziken|Dynamax
|-heal|p2a: Blaziken|84/100|[silent]
|move|p2a: Blaziken|Max Darkness|p1a: Latias
|-supereffective|p1a: Latias
|-damage|p1a: Latias|0 fnt
|faint|p1a: Latias
|
|-ability|p2a: Blaziken|Speed Boost|boost
|-boost|p2a: Blaziken|spe|1
|upkeep
|
|t:|1596177665
|switch|p1a: Latios|Latios, M|100/100
|turn|10
|
|t:|1596177674
|move|p2a: Blaziken|Max Darkness|p1a: Latios
|-supereffective|p1a: Latios
|-damage|p1a: Latios|0 fnt
|faint|p1a: Latios
|
|-ability|p2a: Blaziken|Speed Boost|boost
|-boost|p2a: Blaziken|spe|1
|upkeep
|
|t:|1596177683
|switch|p1a: Jirachi|Jirachi|100/100
|turn|11
|
|t:|1596177688
|-start|p1a: Jirachi|Dynamax
|-heal|p1a: Jirachi|100/100|[silent]
|move|p2a: Blaziken|Max Darkness|p1a: Jirachi
|-supereffective|p1a: Jirachi
|-damage|p1a: Jirachi|19/100
|-unboost|p1a: Jirachi|spd|1
|move|p1a: Jirachi|Max Mindstorm|p2a: Blaziken
|-supereffective|p2a: Blaziken
|-damage|p2a: Blaziken|8/100
|-fieldstart|move: Psychic Terrain
|
|-ability|p2a: Blaziken|Speed Boost|boost
|-boost|p2a: Blaziken|spe|1
|-end|p2a: Blaziken|Dynamax
|-heal|p2a: Blaziken|8/100|[silent]
|upkeep
|turn|12
|
|t:|1596177706
|move|p2a: Blaziken|Night Slash|p1a: Jirachi
|-supereffective|p1a: Jirachi
|-crit|p1a: Jirachi
|-damage|p1a: Jirachi|0 fnt
|faint|p1a: Jirachi
|
|upkeep
|
|t:|1596177713
|switch|p1a: Kyogre|Kyogre, shiny|100/100
|detailschange|p1a: Kyogre|Kyogre-Primal, shiny
|-primal|p1a: Kyogre
|-weather|PrimordialSea|[from] ability: Primordial Sea|[of] p1a: Kyogre
|turn|13
|
|t:|1596177723
|move|p2a: Blaziken|High Jump Kick|p1a: Kyogre
|-damage|p1a: Kyogre|0 fnt
|faint|p1a: Kyogre
|-weather|none
|
|upkeep
|-message|Jamira!? forfeited.
|
|win|SohamDee
|l|☆Jamira!?
|raw|Jamira!?'s rating: 1263 &rarr; <strong>1237</strong><br />(-26 for losing)
|raw|SohamDee's rating: 1249 &rarr; <strong>1275</strong><br />(+26 for winning)
