|j|☆TheGirl0nFire
|j|☆Baddu 4444
|t:|1639462853
|gametype|singles
|player|p1|TheGirl0nFire|flannery|1832
|player|p2|Baddu 4444|2|1668
|teamsize|p1|6
|teamsize|p2|6
|gen|8
|tier|[Gen 8] National Dex AG
|rated|
|rule|HP Percentage Mod: HP is shown in percentages
|rule|Endless Battle Clause: Forcing endless battles is banned
|clearpoke
|poke|p1|Kyogre|
|poke|p1|Klefki, F|
|poke|p1|Landorus-Therian, M|
|poke|p1|Arceus-*|
|poke|p1|Xerneas-*|
|poke|p1|Regieleki|
|poke|p2|Arceus-*|
|poke|p2|Zacian-*|
|poke|p2|Lucario, F|
|poke|p2|Corsola-Galar, M|
|poke|p2|Yveltal|
|poke|p2|Groudon|
|teampreview
|inactive|Battle timer is ON: inactive players will automatically lose when time's up. (requested by TheGirl0nFire)
|
|t:|1639462872
|start
|switch|p1a: Kyogre|Kyogre|100/100
|switch|p2a: Yveltal|Yveltal, shiny|100/100
|-ability|p2a: Yveltal|Dark Aura
|detailschange|p1a: Kyogre|Kyogre-Primal
|-primal|p1a: Kyogre
|-weather|PrimordialSea|[from] ability: Primordial Sea|[of] p1a: Kyogre
|turn|1
|
|t:|1639462882
|switch|p2a: Arceus|Arceus-Steel|100/100
|-weather|none
|switch|p1a: Klefki|Klefki, F|100/100
|
|upkeep
|turn|2
|
|t:|1639462887
|move|p1a: Klefki|Light Screen|p1a: Klefki
|-sidestart|p1: TheGirl0nFire|move: Light Screen
|move|p2a: Arceus|Thunder Wave|p1a: Klefki
|-status|p1a: Klefki|par
|
|upkeep
|turn|3
|
|t:|1639462895
|cant|p1a: Klefki|par
|move|p2a: Arceus|Judgment|p1a: Klefki
|-damage|p1a: Klefki|72/100 par
|
|upkeep
|turn|4
|
|t:|1639462899
|move|p1a: Klefki|Reflect|p1a: Klefki
|-sidestart|p1: TheGirl0nFire|Reflect
|move|p2a: Arceus|Judgment|p1a: Klefki
|-damage|p1a: Klefki|41/100 par
|
|upkeep
|turn|5
|
|t:|1639462902
|switch|p1a: Landorus|Landorus-Therian, M|100/100
|-ability|p1a: Landorus|Intimidate|boost
|-unboost|p2a: Arceus|atk|1
|move|p2a: Arceus|Defog|p1a: Landorus
|-unboost|p1a: Landorus|evasion|1
|-sideend|p1: TheGirl0nFire|Reflect
|-sideend|p1: TheGirl0nFire|move: Light Screen
|
|upkeep
|turn|6
|
|t:|1639462908
|switch|p2a: Yveltal|Yveltal, shiny|100/100
|-ability|p2a: Yveltal|Dark Aura
|move|p1a: Landorus|Swords Dance|p1a: Landorus
|-boost|p1a: Landorus|atk|2
|
|upkeep
|turn|7
|
|t:|1639462913
|-start|p1a: Landorus|Dynamax
|-heal|p1a: Landorus|100/100|[silent]
|move|p1a: Landorus|Max Airstream|p2a: Yveltal
|-damage|p2a: Yveltal|0 fnt
|-boost|p1a: Landorus|spe|1
|faint|p2a: Yveltal
|
|upkeep
|
|t:|1639462933
|switch|p2a: Corsola|Corsola-Galar, M|100/100
|turn|8
|
|t:|1639462937
|move|p1a: Landorus|Max Airstream|p2a: Corsola
|-damage|p2a: Corsola|31/100
|-boost|p1a: Landorus|spe|1
|move|p2a: Corsola|Will-O-Wisp|p1a: Landorus
|-status|p1a: Landorus|brn
|-enditem|p1a: Landorus|Lum Berry|[eat]
|-curestatus|p1a: Landorus|brn|[msg]
|
|upkeep
|turn|9
|
|t:|1639462950
|-start|p2a: Corsola|Dynamax
|-heal|p2a: Corsola|31/100|[silent]
|move|p2a: Corsola|Max Guard|p2a: Corsola
|-singleturn|p2a: Corsola|Max Guard
|move|p1a: Landorus|Max Quake|p2a: Corsola
|-activate|p2a: Corsola|move: Max Guard
|
|-end|p1a: Landorus|Dynamax
|-heal|p1a: Landorus|100/100|[silent]
|upkeep
|turn|10
|
|t:|1639462959
|move|p1a: Landorus|Earthquake|p2a: Corsola
|-damage|p2a: Corsola|3/100
|move|p2a: Corsola|Max Phantasm|p1a: Landorus
|-damage|p1a: Landorus|68/100
|-unboost|p1a: Landorus|def|1
|
|upkeep
|turn|11
|
|t:|1639462967
|move|p2a: Corsola|Max Guard|p2a: Corsola
|-singleturn|p2a: Corsola|Max Guard
|move|p1a: Landorus|Earthquake|p2a: Corsola
|-activate|p2a: Corsola|move: Max Guard
|
|-end|p2a: Corsola|Dynamax
|-heal|p2a: Corsola|4/100|[silent]
|upkeep
|turn|12
|
|t:|1639462973
|move|p1a: Landorus|Earthquake|p2a: Corsola
|-damage|p2a: Corsola|0 fnt
|-start|p1a: Landorus|Disable|Earthquake|[from] ability: Cursed Body|[of] p2a: Corsola
|faint|p2a: Corsola
|
|upkeep
|
|t:|1639462986
|switch|p2a: Lucario|Lucario, F|100/100
|turn|13
|
|t:|1639462989
|detailschange|p2a: Lucario|Lucario-Mega, F
|-mega|p2a: Lucario|Lucario|Lucarionite
|move|p1a: Landorus|Fly||[still]
|-prepare|p1a: Landorus|Fly
|move|p2a: Lucario|Swords Dance|p2a: Lucario
|-boost|p2a: Lucario|atk|2
|
|upkeep
|turn|14
|
|t:|1639462997
|move|p1a: Landorus|Fly|p2a: Lucario|[from]lockedmove
|-damage|p2a: Lucario|0 fnt
|faint|p2a: Lucario
|
|upkeep
|c|☆Baddu 4444|whta
|j| pokemasterbrendan
|
|t:|1639463015
|switch|p2a: Groudon|Groudon, shiny|100/100
|detailschange|p2a: Groudon|Groudon-Primal, shiny
|-primal|p2a: Groudon
|-weather|DesolateLand|[from] ability: Desolate Land|[of] p2a: Groudon
|turn|15
|
|t:|1639463033
|move|p1a: Landorus|Explosion|p2a: Groudon
|-damage|p2a: Groudon|0 fnt
|faint|p1a: Landorus
|faint|p2a: Groudon
|-weather|none
|
|upkeep
|c|☆Baddu 4444|:(
|inactive|Baddu 4444 has 120 seconds left.
|
|t:|1639463061
|switch|p1a: Klefki|Klefki, F|41/100 par
|switch|p2a: Zacian|Zacian|100/100
|-ability|p2a: Zacian|Intrepid Sword|boost
|-boost|p2a: Zacian|atk|1
|turn|16
|inactive|Baddu 4444 has 120 seconds left.
|
|t:|1639463068
|cant|p1a: Klefki|par
|move|p2a: Zacian|Close Combat|p1a: Klefki
|-crit|p1a: Klefki
|-damage|p1a: Klefki|0 fnt
|-unboost|p2a: Zacian|def|1
|-unboost|p2a: Zacian|spd|1
|faint|p1a: Klefki
|
|upkeep
|
|t:|1639463073
|switch|p1a: Regieleki|Regieleki|100/100
|turn|17
|
|t:|1639463080
|switch|p2a: Arceus|Arceus-Steel|100/100
|move|p1a: Regieleki|Thunderbolt|p2a: Arceus
|-damage|p2a: Arceus|59/100
|
|upkeep
|turn|18
|
|t:|1639463086
|move|p1a: Regieleki|Thunderbolt|p2a: Arceus
|-damage|p2a: Arceus|15/100
|move|p2a: Arceus|Recover|p2a: Arceus
|-heal|p2a: Arceus|65/100
|
|upkeep
|turn|19
|
|t:|1639463091
|move|p1a: Regieleki|Thunderbolt|p2a: Arceus
|-damage|p2a: Arceus|22/100
|move|p2a: Arceus|Recover|p2a: Arceus
|-heal|p2a: Arceus|72/100
|
|upkeep
|turn|20
|
|t:|1639463095
|move|p1a: Regieleki|Thunderbolt|p2a: Arceus
|-damage|p2a: Arceus|31/100
|move|p2a: Arceus|Recover|p2a: Arceus
|-heal|p2a: Arceus|81/100
|
|upkeep
|turn|21
|
|t:|1639463100
|move|p1a: Regieleki|Thunderbolt|p2a: Arceus
|-damage|p2a: Arceus|43/100
|move|p2a: Arceus|Recover|p2a: Arceus
|-heal|p2a: Arceus|93/100
|
|upkeep
|turn|22
|
|t:|1639463104
|move|p1a: Regieleki|Thunderbolt|p2a: Arceus
|-damage|p2a: Arceus|55/100
|move|p2a: Arceus|Judgment|p1a: Regieleki
|-resisted|p1a: Regieleki
|-damage|p1a: Regieleki|49/100
|
|upkeep
|turn|23
|
|t:|1639463112
|move|p1a: Regieleki|Volt Switch|p2a: Arceus
|-damage|p2a: Arceus|22/100
|
|t:|1639463114
|switch|p1a: Arceus|Arceus|100/100|[from]move: Volt Switch
|move|p2a: Arceus|Recover|p2a: Arceus
|-heal|p2a: Arceus|72/100
|
|upkeep
|turn|24
|
|t:|1639463119
|move|p2a: Arceus|Thunder Wave|p1a: Arceus
|-status|p1a: Arceus|par
|move|p1a: Arceus|Swords Dance|p1a: Arceus
|-boost|p1a: Arceus|atk|2
|
|upkeep
|turn|25
|
|t:|1639463127
|switch|p2a: Zacian|Zacian|100/100
|-ability|p2a: Zacian|Intrepid Sword|boost
|-boost|p2a: Zacian|atk|1
|move|p1a: Arceus|Earthquake|p2a: Zacian
|-damage|p2a: Zacian|34/100
|
|upkeep
|turn|26
|
|t:|1639463129
|cant|p1a: Arceus|par
|move|p2a: Zacian|Close Combat|p1a: Arceus
|-supereffective|p1a: Arceus
|-damage|p1a: Arceus|0 fnt
|-unboost|p2a: Zacian|def|1
|-unboost|p2a: Zacian|spd|1
|faint|p1a: Arceus
|
|upkeep
|
|t:|1639463131
|switch|p1a: Regieleki|Regieleki|49/100
|turn|27
|
|t:|1639463136
|switch|p2a: Arceus|Arceus-Steel|72/100
|move|p1a: Regieleki|Thunderbolt|p2a: Arceus
|-crit|p2a: Arceus
|-damage|p2a: Arceus|6/100
|-status|p2a: Arceus|par
|
|upkeep
|turn|28
|
|t:|1639463141
|move|p1a: Regieleki|Thunderbolt|p2a: Arceus
|-damage|p2a: Arceus|0 fnt
|faint|p2a: Arceus
|
|upkeep
|
|t:|1639463144
|switch|p2a: Zacian|Zacian|34/100
|-ability|p2a: Zacian|Intrepid Sword|boost
|-boost|p2a: Zacian|atk|1
|turn|29
|l| pokemasterbrendan
|c|☆Baddu 4444|gg
|c|☆Baddu 4444|wp
|c|☆TheGirl0nFire|gg
|
|t:|1639463165
|move|p1a: Regieleki|Thunderbolt|p2a: Zacian
|-damage|p2a: Zacian|0 fnt
|faint|p2a: Zacian
|
|win|TheGirl0nFire
|raw|TheGirl0nFire's rating: 1832 &rarr; <strong>1843</strong><br />(+11 for winning)
|raw|Baddu 4444's rating: 1668 &rarr; <strong>1657</strong><br />(-11 for losing)
