|j|‽RottenInfernape
|j|☆Hogwashimperial
|player|p1|RottenInfernape|guzma|1605
|player|p2|Hogwashimperial|swimmer-gen4dp|1517
|teamsize|p1|6
|teamsize|p2|6
|gametype|singles
|gen|8
|tier|[Gen 8] National Dex AG
|rated|
|clearpoke
|poke|p1|Necrozma-Dusk-Mane|
|poke|p1|Groudon|
|poke|p1|Xerneas|
|poke|p1|Yveltal|
|poke|p1|Rayquaza|
|poke|p1|Arceus-*|
|poke|p2|Rayquaza|
|poke|p2|Zacian-Crowned|
|poke|p2|Groudon|
|poke|p2|Smeargle, M|
|poke|p2|Necrozma-Dusk-Mane|
|poke|p2|Yveltal|
|rule|HP Percentage Mod: HP is shown in percentages
|rule|Endless Battle Clause: Forcing endless battles is banned
|teampreview
|
|start
|switch|p1a: Arceus|Arceus-Ground|100/100
|switch|p2a: Smeargle|Smeargle, M|100/100
|turn|1
|inactive|Battle timer is ON: inactive players will automatically lose when time's up. (requested by Hogwashimperial)
|
|move|p1a: Arceus|Ice Beam|p2a: Smeargle
|-damage|p2a: Smeargle|43/100
|move|p2a: Smeargle|Spore|p1a: Arceus
|-status|p1a: Arceus|slp|[from] move: Spore
|
|-ability|p2a: Smeargle|Moody|boost
|-boost|p2a: Smeargle|spe|2
|-unboost|p2a: Smeargle|spa|1
|upkeep
|turn|2
|
|move|p2a: Smeargle|Shell Smash|p2a: Smeargle
|-unboost|p2a: Smeargle|def|1
|-unboost|p2a: Smeargle|spd|1
|-boost|p2a: Smeargle|atk|2
|-boost|p2a: Smeargle|spa|2
|-boost|p2a: Smeargle|spe|2
|cant|p1a: Arceus|slp
|
|-ability|p2a: Smeargle|Moody|boost
|-boost|p2a: Smeargle|spa|2
|-unboost|p2a: Smeargle|spd|1
|upkeep
|turn|3
|
|move|p2a: Smeargle|Baton Pass|p2a: Smeargle
|
|switch|p2a: Yveltal|Yveltal|100/100|[from]move: Baton Pass
|-ability|p2a: Yveltal|Dark Aura
|-curestatus|p1a: Arceus|slp|[msg]
|move|p1a: Arceus|Judgment|p2a: Yveltal
|-immune|p2a: Yveltal
|
|upkeep
|turn|4
|
|-start|p2a: Yveltal|Dynamax
|-heal|p2a: Yveltal|100/100|[silent]
|move|p2a: Yveltal|Max Airstream|p1a: Arceus
|-damage|p1a: Arceus|0 fnt
|-boost|p2a: Yveltal|spe|1
|faint|p1a: Arceus
|
|upkeep
|
|switch|p1a: Xerneas|Xerneas|100/100
|-ability|p1a: Xerneas|Fairy Aura
|turn|5
|
|-start|p1a: Xerneas|Dynamax
|-heal|p1a: Xerneas|100/100|[silent]
|move|p2a: Yveltal|Max Airstream|p1a: Xerneas
|-crit|p1a: Xerneas
|-damage|p1a: Xerneas|0 fnt
|-boost|p2a: Yveltal|spe|1
|faint|p1a: Xerneas
|
|upkeep
|
|switch|p1a: Rayquaza|Rayquaza|100/100
|-ability|p1a: Rayquaza|Air Lock
|turn|6
|
|detailschange|p1a: Rayquaza|Rayquaza-Mega
|-mega|p1a: Rayquaza|Rayquaza|
|-weather|DeltaStream|[from] ability: Delta Stream|[of] p1a: Rayquaza
|move|p2a: Yveltal|Max Darkness|p1a: Rayquaza
|-enditem|p1a: Rayquaza|Focus Sash
|-damage|p1a: Rayquaza|1/100
|-unboost|p1a: Rayquaza|spd|1
|move|p1a: Rayquaza|Dragon Ascent|p2a: Yveltal
|-damage|p2a: Yveltal|40/100
|-unboost|p1a: Rayquaza|def|1
|-unboost|p1a: Rayquaza|spd|1
|
|-weather|DeltaStream|[upkeep]
|-end|p2a: Yveltal|Dynamax
|-heal|p2a: Yveltal|40/100|[silent]
|upkeep
|turn|7
|
|move|p1a: Rayquaza|Extreme Speed|p2a: Yveltal
|-damage|p2a: Yveltal|0 fnt
|faint|p2a: Yveltal
|
|-weather|DeltaStream|[upkeep]
|upkeep
|
|switch|p2a: Rayquaza|Rayquaza|100/100
|-ability|p2a: Rayquaza|Air Lock
|turn|8
|
|detailschange|p2a: Rayquaza|Rayquaza-Mega
|-mega|p2a: Rayquaza|Rayquaza|
|move|p2a: Rayquaza|Extreme Speed|p1a: Rayquaza
|-damage|p1a: Rayquaza|0 fnt
|-damage|p2a: Rayquaza|91/100|[from] item: Life Orb
|faint|p1a: Rayquaza
|
|-weather|DeltaStream|[upkeep]
|upkeep
|
|switch|p1a: Groudon|Groudon|100/100
|detailschange|p1a: Groudon|Groudon-Primal
|-primal|p1a: Groudon
|-weather|DesolateLand|[from] ability: Desolate Land|[of] p1a: Groudon
|turn|9
|
|switch|p2a: Smeargle|Smeargle, M|43/100
|move|p1a: Groudon|Rock Polish|p1a: Groudon
|-boost|p1a: Groudon|spe|2
|
|-weather|DesolateLand|[upkeep]
|-ability|p2a: Smeargle|Moody|boost
|-boost|p2a: Smeargle|spe|2
|-unboost|p2a: Smeargle|def|1
|upkeep
|turn|10
|
|move|p1a: Groudon|Precipice Blades|p2a: Smeargle
|-damage|p2a: Smeargle|0 fnt
|faint|p2a: Smeargle
|
|-weather|DesolateLand|[upkeep]
|upkeep
|
|switch|p2a: Groudon|Groudon|100/100
|detailschange|p2a: Groudon|Groudon-Primal
|-primal|p2a: Groudon
|turn|11
|
|move|p1a: Groudon|Precipice Blades|p2a: Groudon
|-supereffective|p2a: Groudon
|-damage|p2a: Groudon|0 fnt
|faint|p2a: Groudon
|
|-weather|DesolateLand|[upkeep]
|upkeep
|
|switch|p2a: Necrozma|Necrozma-Dusk-Mane|100/100
|turn|12
|
|detailschange|p2a: Necrozma|Necrozma-Ultra
|-burst|p2a: Necrozma|Necrozma|Ultranecrozium Z
|move|p1a: Groudon|Precipice Blades|p2a: Necrozma
|-crit|p2a: Necrozma
|-damage|p2a: Necrozma|0 fnt
|faint|p2a: Necrozma
|
|-weather|DesolateLand|[upkeep]
|upkeep
|
|switch|p2a: Rayquaza|Rayquaza-Mega|91/100
|-weather|DeltaStream|[from] ability: Delta Stream|[of] p2a: Rayquaza
|turn|13
|
|move|p1a: Groudon|Stone Edge|p2a: Rayquaza
|-activate||deltastream
|-damage|p2a: Rayquaza|46/100
|move|p2a: Rayquaza|Dragon Ascent|p1a: Groudon
|-damage|p1a: Groudon|37/100
|-unboost|p2a: Rayquaza|def|1
|-unboost|p2a: Rayquaza|spd|1
|-damage|p2a: Rayquaza|36/100|[from] item: Life Orb
|
|-weather|DeltaStream|[upkeep]
|upkeep
|turn|14
|
|move|p1a: Groudon|Stone Edge|p2a: Rayquaza
|-activate||deltastream
|-damage|p2a: Rayquaza|0 fnt
|faint|p2a: Rayquaza
|-weather|none
|
|upkeep
|j| vggjguu9iu
|
|switch|p2a: Zacian|Zacian-Crowned|100/100
|-ability|p2a: Zacian|Intrepid Sword|boost
|-boost|p2a: Zacian|atk|1
|turn|15
|
|move|p1a: Groudon|Precipice Blades|p2a: Zacian
|-supereffective|p2a: Zacian
|-damage|p2a: Zacian|0 fnt
|faint|p2a: Zacian
|
|win|RottenInfernape
|l|☆Hogwashimperial
|raw|RottenInfernape's rating: 1605 &rarr; <strong>1620</strong><br />(+15 for winning)
|raw|Hogwashimperial's rating: 1517 &rarr; <strong>1502</strong><br />(-15 for losing)
