|j|☆digging your grave
|j|☆Jonny (Trick Room)
|t:|1657928331
|gametype|singles
|player|p1|digging your grave|byron|1686
|player|p2|Jonny (Trick Room)|schoolkidf|1630
|teamsize|p1|6
|teamsize|p2|6
|gen|8
|tier|[Gen 8] National Dex AG
|rated|
|rule|HP Percentage Mod: HP is shown in percentages
|rule|Endless Battle Clause: Forcing endless battles is banned
|clearpoke
|poke|p1|Yveltal|
|poke|p1|Rayquaza|
|poke|p1|Arceus-*|
|poke|p1|Zygarde|
|poke|p1|Deoxys-Attack|
|poke|p1|Kyurem-Black|
|poke|p2|Hatterene, F|
|poke|p2|Melmetal|
|poke|p2|Calyrex-Ice|
|poke|p2|Stakataka|
|poke|p2|Melmetal|
|poke|p2|Hatterene, F|
|teampreview
|inactive|Battle timer is ON: inactive players will automatically lose when time's up. (requested by Jonny (Trick Room))
|j| MrPassTheSalt
|
|t:|1657928347
|start
|switch|p1a: Kyurem|Kyurem-Black|100/100
|switch|p2a: Hatterene|Hatterene, F|100/100
|-ability|p1a: Kyurem|Teravolt
|turn|1
|c| MrPassTheSalt|here we have digging your grave vs jonny
|
|t:|1657928358
|move|p1a: Kyurem|Substitute|p1a: Kyurem
|-start|p1a: Kyurem|Substitute
|-damage|p1a: Kyurem|75/100
|move|p2a: Hatterene|Trick Room|p2a: Hatterene
|-fieldstart|move: Trick Room|[of] p2a: Hatterene
|
|-heal|p1a: Kyurem|82/100|[from] item: Leftovers
|upkeep
|turn|2
|
|t:|1657928362
|move|p2a: Hatterene|Psychic|p1a: Kyurem
|-end|p1a: Kyurem|Substitute
|move|p1a: Kyurem|Fusion Bolt|p2a: Hatterene
|-crit|p2a: Hatterene
|-damage|p2a: Hatterene|26/100
|
|-heal|p1a: Kyurem|88/100|[from] item: Leftovers
|upkeep
|turn|3
|c| MrPassTheSalt|in some high ladder ranked matches, im excited lets get into it
|
|t:|1657928367
|move|p2a: Hatterene|Misty Explosion|p1a: Kyurem
|-supereffective|p1a: Kyurem
|-damage|p1a: Kyurem|0 fnt
|faint|p2a: Hatterene
|faint|p1a: Kyurem
|
|upkeep
|c| MrPassTheSalt|looks like its gonna be a trick room team from jonny
|
|t:|1657928375
|switch|p2a: Melmetal|Melmetal|100/100
|switch|p1a: Deoxys|Deoxys-Attack|100/100
|-ability|p1a: Deoxys|Pressure
|turn|4
|c| MrPassTheSalt|very threatening team featuring the slowest mons in the tier
|
|t:|1657928390
|move|p1a: Deoxys|Magic Coat|p1a: Deoxys
|-singleturn|p1a: Deoxys|move: Magic Coat
|move|p2a: Melmetal|Double Iron Bash|p1a: Deoxys
|-enditem|p1a: Deoxys|Focus Sash
|-damage|p1a: Deoxys|1/100
|-damage|p1a: Deoxys|0 fnt
|faint|p1a: Deoxys
|-hitcount|p1: Deoxys|2
|
|upkeep
|c| MrPassTheSalt|how is grave dealing with this?
|
|t:|1657928393
|switch|p1a: Rayquaza|Rayquaza|100/100
|-ability|p1a: Rayquaza|Air Lock
|turn|5
|
|t:|1657928395
|detailschange|p1a: Rayquaza|Rayquaza-Mega
|-mega|p1a: Rayquaza|Rayquaza|
|-weather|DeltaStream|[from] ability: Delta Stream|[of] p1a: Rayquaza
|move|p2a: Melmetal|Double Iron Bash|p1a: Rayquaza
|-damage|p1a: Rayquaza|36/100
|-damage|p1a: Rayquaza|0 fnt
|faint|p1a: Rayquaza
|-weather|none
|-hitcount|p1: Rayquaza|2
|
|-fieldend|move: Trick Room
|upkeep
|
|t:|1657928401
|switch|p1a: Zygarde|Zygarde|100/100
|turn|6
|c| MrPassTheSalt|the magic coat
|c| MrPassTheSalt|very interesting choice from digging right htere
|
|t:|1657928408
|move|p1a: Zygarde|Coil|p1a: Zygarde
|-boost|p1a: Zygarde|atk|1
|-boost|p1a: Zygarde|def|1
|-boost|p1a: Zygarde|accuracy|1
|move|p2a: Melmetal|Double Iron Bash|p1a: Zygarde
|-damage|p1a: Zygarde|71/100
|-damage|p1a: Zygarde|42/100
|-hitcount|p1a: Zygarde|2
|
|-heal|p1a: Zygarde|48/100|[from] item: Leftovers
|-activate|p1a: Zygarde|ability: Power Construct
|detailschange|p1a: Zygarde|Zygarde-Complete
|-heal|p1a: Zygarde|66/100|[silent]
|upkeep
|turn|7
|
|t:|1657928415
|move|p1a: Zygarde|Coil|p1a: Zygarde
|-boost|p1a: Zygarde|atk|1
|-boost|p1a: Zygarde|def|1
|-boost|p1a: Zygarde|accuracy|1
|move|p2a: Melmetal|Double Iron Bash|p1a: Zygarde
|-damage|p1a: Zygarde|51/100
|-damage|p1a: Zygarde|35/100
|-hitcount|p1a: Zygarde|2
|
|-heal|p1a: Zygarde|41/100|[from] item: Leftovers
|upkeep
|turn|8
|c| MrPassTheSalt|hes gonna pull out the zygarde to wall off melmetal
|c| MrPassTheSalt|maybe a dynamax?
|c| MrPassTheSalt|lets find out here
|
|t:|1657928433
|-start|p1a: Zygarde|Dynamax|
|-heal|p1a: Zygarde|41/100|[silent]
|move|p1a: Zygarde|Max Quake|p2a: Melmetal
|-supereffective|p2a: Melmetal
|-damage|p2a: Melmetal|8/100
|-boost|p1a: Zygarde|spd|1
|move|p2a: Melmetal|Double Iron Bash|p1a: Zygarde
|-damage|p1a: Zygarde|33/100
|-damage|p1a: Zygarde|26/100
|-hitcount|p1a: Zygarde|2
|
|-heal|p1a: Zygarde|29/100|[from] item: Leftovers
|upkeep
|turn|9
|c| MrPassTheSalt|HE DYNAMAXES
|
|t:|1657928440
|move|p1a: Zygarde|Max Quake|p2a: Melmetal
|-supereffective|p2a: Melmetal
|-damage|p2a: Melmetal|0 fnt
|-boost|p1a: Zygarde|spd|1
|faint|p2a: Melmetal
|
|-heal|p1a: Zygarde|32/100|[from] item: Leftovers
|upkeep
|c| MrPassTheSalt|VERY PREDICTABLE PLAY FRMO ZYGARDE
|
|t:|1657928444
|switch|p2a: Hatterene|Hatterene, F|100/100
|turn|10
|c| MrPassTheSalt|VERY THREATENING NOW
|
|t:|1657928446
|move|p1a: Zygarde|Max Quake|p2a: Hatterene
|-enditem|p2a: Hatterene|Focus Sash
|-damage|p2a: Hatterene|1/100
|-boost|p1a: Zygarde|spd|1
|move|p2a: Hatterene|Trick Room|p2a: Hatterene
|-fieldstart|move: Trick Room|[of] p2a: Hatterene
|
|-heal|p1a: Zygarde|35/100|[from] item: Leftovers
|upkeep
|-end|p1a: Zygarde|Dynamax
|-heal|p1a: Zygarde|35/100|[silent]
|turn|11
|
|t:|1657928452
|move|p2a: Hatterene|Misty Explosion|p1a: Zygarde
|-supereffective|p1a: Zygarde
|-damage|p1a: Zygarde|7/100
|faint|p2a: Hatterene
|move|p1a: Zygarde|Thousand Arrows|p2: Hatterene|[notarget]
|-fail|p1a: Zygarde
|
|-heal|p1a: Zygarde|13/100|[from] item: Leftovers
|upkeep
|c| MrPassTheSalt|is he gonna allow a trick room to go back out?
|
|t:|1657928455
|switch|p2a: Calyrex|Calyrex-Ice|100/100
|-ability|p2a: Calyrex|As One
|-ability|p2a: Calyrex|Unnerve
|turn|12
|
|t:|1657928458
|-start|p2a: Calyrex|Dynamax|
|-heal|p2a: Calyrex|100/100|[silent]
|move|p2a: Calyrex|Max Hailstorm|p1a: Zygarde
|-supereffective|p1a: Zygarde
|-damage|p1a: Zygarde|0 fnt
|-weather|Hail
|faint|p1a: Zygarde
|-ability|p2a: Calyrex|Chilling Neigh|boost
|-boost|p2a: Calyrex|atk|1
|
|-weather|Hail|[upkeep]
|upkeep
|
|t:|1657928462
|switch|p1a: Yveltal|Yveltal|100/100
|-ability|p1a: Yveltal|Dark Aura
|turn|13
|c| MrPassTheSalt|he is, but is trick room gonna be enough to take him down
|
|t:|1657928465
|move|p2a: Calyrex|Max Hailstorm|p1a: Yveltal
|-supereffective|p1a: Yveltal
|-damage|p1a: Yveltal|0 fnt
|faint|p1a: Yveltal
|-ability|p2a: Calyrex|Chilling Neigh|boost
|-boost|p2a: Calyrex|atk|1
|
|-weather|Hail|[upkeep]
|upkeep
|
|t:|1657928467
|switch|p1a: Arceus|Arceus|100/100
|turn|14
|
|t:|1657928471
|move|p2a: Calyrex|Max Hailstorm|p1a: Arceus
|-damage|p1a: Arceus|0 fnt
|faint|p1a: Arceus
|
|win|Jonny (Trick Room)
|raw|digging your grave's rating: 1686 &rarr; <strong>1663</strong><br />(-23 for losing)
|raw|Jonny (Trick Room)'s rating: 1630 &rarr; <strong>1653</strong><br />(+23 for winning)
|c| MrPassTheSalt|it isnt, zygarde is still going strong
|l|☆digging your grave
|c| MrPassTheSalt|not for long though, his reign is over
