|j|☆GolemWentBoom
|j|☆Better Alone
|t:|1660247717
|gametype|singles
|player|p1|GolemWentBoom|170|1576
|player|p2|Better Alone|hiker-gen4|1608
|teamsize|p1|6
|teamsize|p2|6
|gen|8
|tier|[Gen 8] National Dex AG
|rated|
|rule|HP Percentage Mod: HP is shown in percentages
|rule|Endless Battle Clause: Forcing endless battles is banned
|clearpoke
|poke|p1|Golem, F|
|poke|p1|Xerneas-*|
|poke|p1|Kyogre|
|poke|p1|Kyurem-White|
|poke|p1|Arceus-*|
|poke|p1|Necrozma-Dusk-Mane|
|poke|p2|Ho-Oh|
|poke|p2|Murkrow, F|
|poke|p2|Diancie|
|poke|p2|Calyrex-Shadow|
|poke|p2|Groudon|
|poke|p2|Zacian-*|
|teampreview
|inactive|Battle timer is ON: inactive players will automatically lose when time's up. (requested by GolemWentBoom)
|
|t:|1660247725
|start
|switch|p1a: Golem|Golem, F|100/100
|switch|p2a: Diancie|Diancie|100/100
|turn|1
|
|t:|1660247733
|detailschange|p2a: Diancie|Diancie-Mega
|-mega|p2a: Diancie|Diancie|Diancite
|move|p2a: Diancie|Earth Power|p1a: Golem
|-supereffective|p1a: Golem
|-ability|p1a: Golem|Sturdy
|-damage|p1a: Golem|1/100
|move|p1a: Golem|Earthquake|p2a: Diancie
|-supereffective|p2a: Diancie
|-damage|p2a: Diancie|0 fnt
|faint|p2a: Diancie
|
|upkeep
|
|t:|1660247740
|switch|p2a: Calyrex|Calyrex-Shadow|100/100
|-ability|p2a: Calyrex|As One
|-ability|p2a: Calyrex|Unnerve
|turn|2
|
|t:|1660247743
|move|p2a: Calyrex|Psyshock|p1a: Golem
|-damage|p1a: Golem|0 fnt
|faint|p1a: Golem
|-ability|p2a: Calyrex|Grim Neigh|boost
|-boost|p2a: Calyrex|spa|1
|
|upkeep
|
|t:|1660247750
|switch|p1a: Kyurem|Kyurem-White|100/100
|-ability|p1a: Kyurem|Turboblaze
|turn|3
|
|t:|1660247755
|-start|p2a: Calyrex|Dynamax|
|-heal|p2a: Calyrex|100/100|[silent]
|-start|p1a: Kyurem|Dynamax|
|-heal|p1a: Kyurem|100/100|[silent]
|move|p2a: Calyrex|Max Starfall|p1a: Kyurem
|-supereffective|p1a: Kyurem
|-damage|p1a: Kyurem|46/100
|-fieldstart|move: Misty Terrain
|move|p1a: Kyurem|Max Airstream|p2a: Calyrex
|-damage|p2a: Calyrex|71/100
|-boost|p1a: Kyurem|spe|1
|-damage|p1a: Kyurem|41/100|[from] item: Life Orb
|
|upkeep
|turn|4
|
|t:|1660247772
|move|p1a: Kyurem|Max Hailstorm|p2a: Calyrex
|-damage|p2a: Calyrex|20/100
|-weather|Hail
|-damage|p1a: Kyurem|36/100|[from] item: Life Orb
|move|p2a: Calyrex|Max Starfall|p1a: Kyurem
|-supereffective|p1a: Kyurem
|-damage|p1a: Kyurem|0 fnt
|faint|p1a: Kyurem
|-ability|p2a: Calyrex|Grim Neigh|boost
|-boost|p2a: Calyrex|spa|1
|
|-weather|Hail|[upkeep]
|-damage|p2a: Calyrex|17/100|[from] Hail
|upkeep
|
|t:|1660247775
|switch|p1a: Kyogre|Kyogre|100/100
|-weather|RainDance|[from] ability: Drizzle|[of] p1a: Kyogre
|turn|5
|
|t:|1660247778
|-end|p2a: Calyrex|Dynamax
|-heal|p2a: Calyrex|17/100|[silent]
|switch|p2a: Groudon|Groudon, shiny|100/100
|detailschange|p2a: Groudon|Groudon-Primal, shiny
|-primal|p2a: Groudon
|-weather|DesolateLand|[from] ability: Desolate Land|[of] p2a: Groudon
|move|p1a: Kyogre|Ice Beam|p2a: Groudon
|-damage|p2a: Groudon|63/100
|
|-weather|DesolateLand|[upkeep]
|upkeep
|turn|6
|
|t:|1660247785
|move|p1a: Kyogre|Ice Beam|p2a: Groudon
|-damage|p2a: Groudon|23/100
|move|p2a: Groudon|Rock Tomb|p1a: Kyogre
|-damage|p1a: Kyogre|71/100
|-unboost|p1a: Kyogre|spe|1
|
|-weather|DesolateLand|[upkeep]
|upkeep
|turn|7
|
|t:|1660247787
|move|p1a: Kyogre|Ice Beam|p2a: Groudon
|-damage|p2a: Groudon|0 fnt
|faint|p2a: Groudon
|-weather|none
|
|-fieldend|Misty Terrain
|upkeep
|
|t:|1660247792
|switch|p2a: Zacian|Zacian-Crowned, shiny|100/100
|-ability|p2a: Zacian|Intrepid Sword|boost
|-boost|p2a: Zacian|atk|1
|turn|8
|
|t:|1660247803
|switch|p1a: Necrozma|Necrozma-Dusk-Mane|100/100
|move|p2a: Zacian|Behemoth Blade|p1a: Necrozma
|-resisted|p1a: Necrozma
|-damage|p1a: Necrozma|68/100
|
|upkeep
|turn|9
|
|t:|1660247808
|switch|p2a: Calyrex|Calyrex-Shadow|17/100
|-ability|p2a: Calyrex|As One
|-ability|p2a: Calyrex|Unnerve
|move|p1a: Necrozma|Dragon Dance|p1a: Necrozma
|-boost|p1a: Necrozma|atk|1
|-boost|p1a: Necrozma|spe|1
|
|upkeep
|turn|10
|
|t:|1660247811
|detailschange|p1a: Necrozma|Necrozma-Ultra
|-burst|p1a: Necrozma|Necrozma|Ultranecrozium Z
|move|p1a: Necrozma|Earthquake|p2a: Calyrex
|-damage|p2a: Calyrex|0 fnt
|faint|p2a: Calyrex
|
|upkeep
|
|t:|1660247815
|switch|p2a: Murkrow|Murkrow, F|100/100
|turn|11
|
|t:|1660247818
|move|p2a: Murkrow|Thunder Wave|p1a: Necrozma
|-status|p1a: Necrozma|par
|move|p1a: Necrozma|Rock Blast|p2a: Murkrow
|-supereffective|p2a: Murkrow
|-damage|p2a: Murkrow|9/100
|-supereffective|p2a: Murkrow
|-damage|p2a: Murkrow|0 fnt
|faint|p2a: Murkrow
|-hitcount|p2: Murkrow|2
|
|upkeep
|
|t:|1660247821
|switch|p2a: Zacian|Zacian-Crowned, shiny|100/100
|-ability|p2a: Zacian|Intrepid Sword|boost
|-boost|p2a: Zacian|atk|1
|turn|12
|
|t:|1660247825
|move|p2a: Zacian|Play Rough|p1a: Necrozma
|-supereffective|p1a: Necrozma
|-damage|p1a: Necrozma|0 fnt
|faint|p1a: Necrozma
|
|upkeep
|
|t:|1660247829
|switch|p1a: Kyogre|Kyogre|71/100
|-weather|RainDance|[from] ability: Drizzle|[of] p1a: Kyogre
|turn|13
|
|t:|1660247835
|move|p1a: Kyogre|Origin Pulse|p2a: Zacian
|-damage|p2a: Zacian|5/100
|move|p2a: Zacian|Play Rough|p1a: Kyogre
|-damage|p1a: Kyogre|0 fnt
|faint|p1a: Kyogre
|
|-weather|RainDance|[upkeep]
|upkeep
|
|t:|1660247848
|switch|p1a: Arceus|Arceus|100/100
|turn|14
|
|t:|1660247852
|switch|p2a: Ho-Oh|Ho-Oh|100/100
|move|p1a: Arceus|Extreme Speed|p2a: Ho-Oh
|-damage|p2a: Ho-Oh|60/100
|
|-weather|RainDance|[upkeep]
|upkeep
|turn|15
|
|t:|1660247855
|move|p1a: Arceus|Swords Dance|p1a: Arceus
|-boost|p1a: Arceus|atk|2
|move|p2a: Ho-Oh|Sacred Fire|p1a: Arceus
|-damage|p1a: Arceus|84/100
|-status|p1a: Arceus|brn
|
|-weather|RainDance|[upkeep]
|-damage|p1a: Arceus|78/100 brn|[from] brn
|upkeep
|turn|16
|
|t:|1660247867
|move|p1a: Arceus|Extreme Speed|p2a: Ho-Oh
|-damage|p2a: Ho-Oh|17/100
|move|p2a: Ho-Oh|Dual Wingbeat|p1a: Arceus
|-damage|p1a: Arceus|66/100 brn
|-damage|p1a: Arceus|52/100 brn
|-hitcount|p1a: Arceus|2
|
|-weather|RainDance|[upkeep]
|-damage|p1a: Arceus|46/100 brn|[from] brn
|upkeep
|turn|17
|
|t:|1660247872
|move|p1a: Arceus|Extreme Speed|p2a: Ho-Oh
|-damage|p2a: Ho-Oh|0 fnt
|faint|p2a: Ho-Oh
|
|-weather|none
|-damage|p1a: Arceus|40/100 brn|[from] brn
|upkeep
|
|t:|1660247875
|switch|p2a: Zacian|Zacian-Crowned, shiny|5/100
|-ability|p2a: Zacian|Intrepid Sword|boost
|-boost|p2a: Zacian|atk|1
|turn|18
|
|t:|1660247876
|move|p1a: Arceus|Extreme Speed|p2a: Zacian
|-resisted|p2a: Zacian
|-damage|p2a: Zacian|0 fnt
|faint|p2a: Zacian
|
|win|GolemWentBoom
|raw|GolemWentBoom's rating: 1585 &rarr; <strong>1606</strong><br />(+21 for winning)
|raw|Better Alone's rating: 1608 &rarr; <strong>1587</strong><br />(-21 for losing)
