|j|☆12thmanforlife
|j|☆spicyntegral
|t:|1618007939
|gametype|singles
|player|p1|12thmanforlife|2|1518
|player|p2|spicyntegral|n|1595
|teamsize|p1|6
|teamsize|p2|6
|gen|8
|tier|[Gen 8] National Dex AG
|rated|
|clearpoke
|poke|p1|Kyogre|
|poke|p1|Yveltal|
|poke|p1|Necrozma-Dusk-Mane|
|poke|p1|Rayquaza|
|poke|p1|Smeargle, M|
|poke|p1|Groudon|
|poke|p2|Ho-Oh|
|poke|p2|Groudon|
|poke|p2|Rayquaza|
|poke|p2|Zygarde|
|poke|p2|Zacian-Crowned|
|poke|p2|Arceus-*|
|rule|HP Percentage Mod: HP is shown in percentages
|rule|Endless Battle Clause: Forcing endless battles is banned
|teampreview
|c|☆12thmanforlife|one sec
|
|t:|1618007952
|start
|switch|p1a: Smeargle|Smeargle, M, shiny|100/100
|switch|p2a: Zacian|Zacian-Crowned|100/100
|-ability|p2a: Zacian|Intrepid Sword|boost
|-boost|p2a: Zacian|atk|1
|turn|1
|j| PrimalKyogre555
|
|t:|1618007968
|move|p2a: Zacian|Substitute|p2a: Zacian
|-start|p2a: Zacian|Substitute
|-damage|p2a: Zacian|76/100
|move|p1a: Smeargle|Spore||[still]
|-fail|p1a: Smeargle
|
|-ability|p1a: Smeargle|Moody|boost
|-boost|p1a: Smeargle|spe|2
|-unboost|p1a: Smeargle|atk|1
|upkeep
|turn|2
|
|t:|1618007979
|move|p1a: Smeargle|Sticky Web|p2a: Zacian
|-sidestart|p2: spicyntegral|move: Sticky Web
|move|p2a: Zacian|Behemoth Blade|p1a: Smeargle
|-enditem|p1a: Smeargle|Focus Sash
|-damage|p1a: Smeargle|1/100
|
|-ability|p1a: Smeargle|Moody|boost
|-boost|p1a: Smeargle|spe|2
|-unboost|p1a: Smeargle|atk|1
|upkeep
|turn|3
|
|t:|1618007994
|move|p1a: Smeargle|Baton Pass|p1a: Smeargle
|inactive|Battle timer is ON: inactive players will automatically lose when time's up. (requested by spicyntegral)
|
|t:|1618008044
|switch|p1a: Yveltal|Yveltal, shiny|100/100|[from]move: Baton Pass
|-ability|p1a: Yveltal|Dark Aura
|move|p2a: Zacian|Close Combat|p1a: Yveltal
|-damage|p1a: Yveltal|19/100
|-unboost|p2a: Zacian|def|1
|-unboost|p2a: Zacian|spd|1
|
|upkeep
|turn|4
|inactive|12thmanforlife has 120 seconds left.
|
|t:|1618008097
|move|p1a: Yveltal|Heat Wave|p2a: Zacian
|-supereffective|p2a: Zacian
|-end|p2a: Zacian|Substitute
|-damage|p1a: Yveltal|9/100|[from] item: Life Orb
|move|p2a: Zacian|Behemoth Blade|p1a: Yveltal
|-damage|p1a: Yveltal|0 fnt
|faint|p1a: Yveltal
|
|upkeep
|
|t:|1618008107
|switch|p1a: Groudon|Groudon, shiny|100/100
|detailschange|p1a: Groudon|Groudon-Primal, shiny
|-primal|p1a: Groudon
|-weather|DesolateLand|[from] ability: Desolate Land|[of] p1a: Groudon
|turn|5
|
|t:|1618008125
|move|p2a: Zacian|Substitute|p2a: Zacian
|-start|p2a: Zacian|Substitute
|-damage|p2a: Zacian|51/100
|move|p1a: Groudon|Stone Edge|p2a: Zacian
|-resisted|p2a: Zacian
|-end|p2a: Zacian|Substitute
|
|-weather|DesolateLand|[upkeep]
|upkeep
|turn|6
|
|t:|1618008141
|move|p2a: Zacian|Close Combat|p1a: Groudon
|-damage|p1a: Groudon|43/100
|-unboost|p2a: Zacian|def|1
|-unboost|p2a: Zacian|spd|1
|move|p1a: Groudon|Stone Edge|p2a: Zacian
|-resisted|p2a: Zacian
|-damage|p2a: Zacian|11/100
|
|-weather|DesolateLand|[upkeep]
|upkeep
|turn|7
|
|t:|1618008154
|-weather|none
|switch|p1a: Smeargle|Smeargle, M, shiny|1/100
|move|p2a: Zacian|Close Combat|p1a: Smeargle
|-supereffective|p1a: Smeargle
|-damage|p1a: Smeargle|0 fnt
|-unboost|p2a: Zacian|def|1
|-unboost|p2a: Zacian|spd|1
|faint|p1a: Smeargle
|
|upkeep
|
|t:|1618008162
|switch|p1a: Rayquaza|Rayquaza|100/100
|-ability|p1a: Rayquaza|Air Lock
|turn|8
|
|t:|1618008172
|move|p1a: Rayquaza|Extreme Speed|p2a: Zacian
|-resisted|p2a: Zacian
|-damage|p2a: Zacian|0 fnt
|-damage|p1a: Rayquaza|91/100|[from] item: Life Orb
|faint|p2a: Zacian
|
|upkeep
|
|t:|1618008181
|switch|p2a: Ho-Oh|Ho-Oh|100/100
|turn|9
|inactive|12thmanforlife has 120 seconds left.
|
|t:|1618008204
|detailschange|p1a: Rayquaza|Rayquaza-Mega
|-mega|p1a: Rayquaza|Rayquaza|
|-weather|DeltaStream|[from] ability: Delta Stream|[of] p1a: Rayquaza
|move|p1a: Rayquaza|Swords Dance|p1a: Rayquaza
|-boost|p1a: Rayquaza|atk|2
|move|p2a: Ho-Oh|Toxic|p1a: Rayquaza
|-status|p1a: Rayquaza|tox
|
|-weather|DeltaStream|[upkeep]
|-damage|p1a: Rayquaza|85/100 tox|[from] psn
|upkeep
|turn|10
|inactive|12thmanforlife has 120 seconds left.
|
|t:|1618008220
|switch|p2a: Zygarde|Zygarde|100/100
|-activate|p2a: Zygarde|move: Sticky Web
|-unboost|p2a: Zygarde|spe|1
|move|p1a: Rayquaza|Dragon Ascent|p2a: Zygarde
|-damage|p2a: Zygarde|0 fnt
|-unboost|p1a: Rayquaza|def|1
|-unboost|p1a: Rayquaza|spd|1
|-damage|p1a: Rayquaza|75/100 tox|[from] item: Life Orb
|faint|p2a: Zygarde
|
|-weather|DeltaStream|[upkeep]
|-damage|p1a: Rayquaza|63/100 tox|[from] psn
|upkeep
|inactive|spicyntegral has 120 seconds left.
|inactive|spicyntegral has 90 seconds left.
|
|t:|1618008277
|switch|p2a: Groudon|Groudon|100/100
|-activate|p2a: Groudon|move: Sticky Web
|-unboost|p2a: Groudon|spe|1
|detailschange|p2a: Groudon|Groudon-Primal
|-primal|p2a: Groudon
|-weather|DesolateLand|[from] ability: Desolate Land|[of] p2a: Groudon
|turn|11
|inactive|spicyntegral has 90 seconds left.
|
|t:|1618008286
|-weather|none
|switch|p2a: Rayquaza|Rayquaza|100/100
|-ability|p2a: Rayquaza|Air Lock
|move|p1a: Rayquaza|Dragon Ascent|p2a: Rayquaza
|-damage|p2a: Rayquaza|0 fnt
|-unboost|p1a: Rayquaza|def|1
|-unboost|p1a: Rayquaza|spd|1
|-damage|p1a: Rayquaza|53/100 tox|[from] item: Life Orb
|faint|p2a: Rayquaza
|
|-damage|p1a: Rayquaza|35/100 tox|[from] psn
|upkeep
|inactive|spicyntegral has 90 seconds left.
|c|☆12thmanforlife|lmao
|c|☆12thmanforlife|what
|
|t:|1618008319
|switch|p2a: Arceus|Arceus-Flying|100/100
|turn|12
|
|t:|1618008328
|move|p1a: Rayquaza|Extreme Speed|p2a: Arceus
|-damage|p2a: Arceus|33/100
|-damage|p1a: Rayquaza|25/100 tox|[from] item: Life Orb
|move|p2a: Arceus|Judgment|p1a: Rayquaza
|-damage|p1a: Rayquaza|0 fnt
|faint|p1a: Rayquaza
|
|upkeep
|
|t:|1618008340
|switch|p1a: Kyogre|Kyogre, shiny|100/100
|detailschange|p1a: Kyogre|Kyogre-Primal, shiny
|-primal|p1a: Kyogre
|-weather|PrimordialSea|[from] ability: Primordial Sea|[of] p1a: Kyogre
|turn|13
|
|t:|1618008347
|switch|p2a: Groudon|Groudon-Primal|100/100
|-activate|p2a: Groudon|move: Sticky Web
|-unboost|p2a: Groudon|spe|1
|-weather|DesolateLand|[from] ability: Desolate Land|[of] p2a: Groudon
|move|p1a: Kyogre|Ice Beam|p2a: Groudon
|-damage|p2a: Groudon|64/100
|
|-weather|DesolateLand|[upkeep]
|upkeep
|turn|14
|inactive|12thmanforlife has 120 seconds left.
|c|☆spicyntegral|before I thought you would use eq
|inactive|12thmanforlife has 90 seconds left.
|
|t:|1618008415
|move|p1a: Kyogre|Ice Beam|p2a: Groudon
|-damage|p2a: Groudon|30/100
|move|p2a: Groudon|Rock Tomb|p1a: Kyogre
|-damage|p1a: Kyogre|69/100
|-unboost|p1a: Kyogre|spe|1
|
|-weather|DesolateLand|[upkeep]
|upkeep
|turn|15
|inactive|12thmanforlife has 90 seconds left.
|
|t:|1618008423
|move|p1a: Kyogre|Ice Beam|p2a: Groudon
|-damage|p2a: Groudon|0 fnt
|faint|p2a: Groudon
|-weather|none
|
|upkeep
|
|t:|1618008435
|switch|p2a: Arceus|Arceus-Flying|33/100
|turn|16
|
|t:|1618008449
|move|p2a: Arceus|Recover|p2a: Arceus
|-heal|p2a: Arceus|83/100
|move|p1a: Kyogre|Ice Beam|p2a: Arceus
|-supereffective|p2a: Arceus
|-damage|p2a: Arceus|26/100
|
|upkeep
|turn|17
|inactive|spicyntegral has 60 seconds left.
|
|t:|1618008479
|-start|p2a: Arceus|Dynamax
|-heal|p2a: Arceus|26/100|[silent]
|move|p2a: Arceus|Max Quake|p1a: Kyogre
|-damage|p1a: Kyogre|38/100
|-boost|p2a: Arceus|spd|1
|move|p1a: Kyogre|Ice Beam|p2a: Arceus
|-supereffective|p2a: Arceus
|-damage|p2a: Arceus|9/100
|
|upkeep
|turn|18
|inactive|spicyntegral has 60 seconds left.
|
|t:|1618008497
|move|p2a: Arceus|Max Airstream|p1a: Kyogre
|-damage|p1a: Kyogre|0 fnt
|-boost|p2a: Arceus|spe|1
|faint|p1a: Kyogre
|
|upkeep
|
|t:|1618008506
|switch|p1a: Necrozma|Necrozma-Dusk-Mane|100/100
|turn|19
|inactive|spicyntegral has 60 seconds left.
|
|t:|1618008513
|-start|p1a: Necrozma|Dynamax
|-heal|p1a: Necrozma|100/100|[silent]
|move|p2a: Arceus|Max Quake|p1a: Necrozma
|-supereffective|p1a: Necrozma
|-damage|p1a: Necrozma|69/100
|-boost|p2a: Arceus|spd|1
|-enditem|p1a: Necrozma|Weakness Policy
|-boost|p1a: Necrozma|atk|2|[from] item: Weakness Policy
|-boost|p1a: Necrozma|spa|2|[from] item: Weakness Policy
|move|p1a: Necrozma|Max Rockfall|p2a: Arceus
|-supereffective|p2a: Arceus
|-damage|p2a: Arceus|0 fnt
|-weather|Sandstorm
|faint|p2a: Arceus
|
|-weather|Sandstorm|[upkeep]
|upkeep
|inactive|spicyntegral has 60 seconds left.
|c|☆12thmanforlife|loool
|
|t:|1618008528
|switch|p2a: Ho-Oh|Ho-Oh|100/100
|turn|20
|c|☆12thmanforlife|my surprise card
|inactive|12thmanforlife has 120 seconds left.
|c|☆spicyntegral|it's not a surprise
|c|☆12thmanforlife|I know lol
|c|☆12thmanforlife|I like saying that
|c|☆12thmanforlife|lmao
|inactive|spicyntegral has 30 seconds left.
|c|☆12thmanforlife|don't judge
|inactive|spicyntegral has 20 seconds left.
|c|☆spicyntegral|I lost with the death of Quaza
|inactive|spicyntegral has 15 seconds left.
|c|☆12thmanforlife|yeah
|c|☆12thmanforlife|that killed you
|inactive|spicyntegral has 10 seconds left.
|c|☆12thmanforlife|wait how did zygarde die
|inactive|spicyntegral has 5 seconds left.
|-message|spicyntegral forfeited.
|
|win|12thmanforlife
|inactive|spicyntegral has 10 seconds left this turn.
|raw|12thmanforlife's rating: 1518 &rarr; <strong>1542</strong><br />(+24 for winning)
|raw|spicyntegral's rating: 1595 &rarr; <strong>1571</strong><br />(-24 for losing)
|l|☆spicyntegral
|l| PrimalKyogre555
