|j|☆dratini1yt
|j|☆CLEAR GEM清瑜
|t:|1664974082
|gametype|singles
|player|p1|dratini1yt|clair|1754
|player|p2|CLEAR GEM清瑜|skierf|1784
|teamsize|p1|6
|teamsize|p2|6
|gen|8
|tier|[Gen 8] National Dex AG
|rated|
|rule|HP Percentage Mod: HP is shown in percentages
|rule|Endless Battle Clause: Forcing endless battles is banned
|clearpoke
|poke|p1|Yveltal|
|poke|p1|Xerneas-*|
|poke|p1|Necrozma-Dusk-Mane|
|poke|p1|Rayquaza|
|poke|p1|Arceus-*|
|poke|p1|Marshadow|
|poke|p2|Rayquaza|
|poke|p2|Groudon|
|poke|p2|Necrozma-Dusk-Mane|
|poke|p2|Arceus-*|
|poke|p2|Zacian-*|
|poke|p2|Yveltal|
|teampreview
|c|☆dratini1yt|glhf
|inactive|Battle timer is ON: inactive players will automatically lose when time's up. (requested by CLEAR GEM清瑜)
|
|t:|1664974086
|start
|switch|p1a: Arceus|Arceus-Ground|100/100
|switch|p2a: 老烈|Rayquaza, shiny|100/100
|-ability|p2a: 老烈|Air Lock
|turn|1
|
|t:|1664974093
|detailschange|p2a: 老烈|Rayquaza-Mega, shiny
|-mega|p2a: 老烈|Rayquaza|
|-weather|DeltaStream|[from] ability: Delta Stream|[of] p2a: 老烈
|move|p1a: Arceus|Toxic|p2a: 老烈
|-status|p2a: 老烈|tox
|move|p2a: 老烈|Scale Shot|p1a: Arceus
|-damage|p1a: Arceus|87/100
|-damage|p1a: Arceus|75/100
|-hitcount|p1a: Arceus|2
|-unboost|p2a: 老烈|def|1
|-boost|p2a: 老烈|spe|1
|-damage|p2a: 老烈|91/100 tox|[from] item: Life Orb
|
|-weather|DeltaStream|[upkeep]
|-damage|p2a: 老烈|84/100 tox|[from] psn
|upkeep
|turn|2
|c|☆dratini1yt|oh I'm faster
|c|☆dratini1yt|and scale shot
|c|☆dratini1yt|very interesting
|
|t:|1664974109
|move|p2a: 老烈|Dragon Ascent|p1a: Arceus
|-damage|p1a: Arceus|15/100
|-unboost|p2a: 老烈|def|1
|-unboost|p2a: 老烈|spd|1
|-damage|p2a: 老烈|75/100 tox|[from] item: Life Orb
|move|p1a: Arceus|Recover|p1a: Arceus
|-heal|p1a: Arceus|65/100
|
|-weather|DeltaStream|[upkeep]
|-damage|p2a: 老烈|62/100 tox|[from] psn
|upkeep
|turn|3
|
|t:|1664974119
|move|p2a: 老烈|Dragon Ascent|p1a: Arceus
|-damage|p1a: Arceus|4/100
|-unboost|p2a: 老烈|def|1
|-unboost|p2a: 老烈|spd|1
|-damage|p2a: 老烈|52/100 tox|[from] item: Life Orb
|move|p1a: Arceus|Recover|p1a: Arceus
|-heal|p1a: Arceus|54/100
|
|-weather|DeltaStream|[upkeep]
|-damage|p2a: 老烈|34/100 tox|[from] psn
|upkeep
|turn|4
|
|t:|1664974129
|switch|p1a: Necrozma|Necrozma-Dusk-Mane|100/100
|move|p2a: 老烈|Earthquake|p1a: Necrozma
|-supereffective|p1a: Necrozma
|-damage|p1a: Necrozma|43/100
|-damage|p2a: 老烈|24/100 tox|[from] item: Life Orb
|
|-weather|DeltaStream|[upkeep]
|-damage|p2a: 老烈|0 fnt|[from] psn
|faint|p2a: 老烈
|-weather|none
|upkeep
|c|☆dratini1yt|smart
|
|t:|1664974134
|switch|p2a: 不会(?)|Groudon|100/100
|detailschange|p2a: 不会(?)|Groudon-Primal
|-primal|p2a: 不会(?)
|-weather|DesolateLand|[from] ability: Desolate Land|[of] p2a: 不会(?)
|turn|5
|
|t:|1664974143
|switch|p1a: Arceus|Arceus-Ground|54/100
|move|p2a: 不会(?)|Stealth Rock|p1a: Arceus
|-sidestart|p1: dratini1yt|move: Stealth Rock
|
|-weather|DesolateLand|[upkeep]
|upkeep
|turn|6
|
|t:|1664974149
|move|p1a: Arceus|Defog|p2a: 不会(?)
|-unboost|p2a: 不会(?)|evasion|1
|-sideend|p1: dratini1yt|Stealth Rock|[from] move: Defog|[of] p1a: Arceus
|move|p2a: 不会(?)|Heat Crash|p1a: Arceus
|-damage|p1a: Arceus|7/100
|
|-weather|DesolateLand|[upkeep]
|upkeep
|turn|7
|c|☆dratini1yt|so I guess u knew it
|
|t:|1664974159
|move|p1a: Arceus|Recover|p1a: Arceus
|-heal|p1a: Arceus|57/100
|move|p2a: 不会(?)|Stealth Rock|p1a: Arceus
|-sidestart|p1: dratini1yt|move: Stealth Rock
|
|-weather|DesolateLand|[upkeep]
|upkeep
|turn|8
|
|t:|1664974165
|move|p1a: Arceus|Judgment|p2a: 不会(?)
|-supereffective|p2a: 不会(?)
|-damage|p2a: 不会(?)|11/100
|move|p2a: 不会(?)|Roar|p1a: Arceus
|drag|p1a: Marshadow|Marshadow|100/100
|-damage|p1a: Marshadow|94/100|[from] Stealth Rock
|
|-weather|DesolateLand|[upkeep]
|upkeep
|turn|9
|
|t:|1664974175
|move|p1a: Marshadow|Spectral Thief|p2a: 不会(?)
|-damage|p2a: 不会(?)|0 fnt
|faint|p2a: 不会(?)
|-weather|none
|
|upkeep
|c|☆dratini1yt|shoot
|
|t:|1664974183
|switch|p2a: 悬空羊驼|Arceus-Flying|100/100
|turn|10
|
|t:|1664974187
|switch|p1a: Necrozma|Necrozma-Dusk-Mane|43/100
|-damage|p1a: Necrozma|37/100|[from] Stealth Rock
|move|p2a: 悬空羊驼|Fly||[still]
|-prepare|p2a: 悬空羊驼|Fly
|
|upkeep
|turn|11
|
|t:|1664974195
|move|p2a: 悬空羊驼|Fly|p1a: Necrozma|[from]lockedmove
|-resisted|p1a: Necrozma
|-damage|p1a: Necrozma|20/100
|-damage|p2a: 悬空羊驼|84/100|[from] item: Rocky Helmet|[of] p1a: Necrozma
|move|p1a: Necrozma|Moonlight|p1a: Necrozma
|-heal|p1a: Necrozma|70/100
|
|upkeep
|turn|12
|
|t:|1664974203
|move|p2a: 悬空羊驼|Swords Dance|p2a: 悬空羊驼
|-boost|p2a: 悬空羊驼|atk|2
|move|p1a: Necrozma|Moonlight|p1a: Necrozma
|-heal|p1a: Necrozma|100/100
|
|upkeep
|turn|13
|
|t:|1664974208
|move|p2a: 悬空羊驼|Earthquake|p1a: Necrozma
|-supereffective|p1a: Necrozma
|-damage|p1a: Necrozma|33/100
|move|p1a: Necrozma|Stealth Rock|p2a: 悬空羊驼
|-sidestart|p2: CLEAR GEM清瑜|move: Stealth Rock
|
|upkeep
|turn|14
|
|t:|1664974221
|-start|p2a: 悬空羊驼|Dynamax|
|-heal|p2a: 悬空羊驼|84/100|[silent]
|move|p2a: 悬空羊驼|Max Airstream|p1a: Necrozma
|-resisted|p1a: Necrozma
|-damage|p1a: Necrozma|0 fnt
|-boost|p2a: 悬空羊驼|spe|1
|faint|p1a: Necrozma
|
|upkeep
|c|☆dratini1yt|oh shoot
|inactive|dratini1yt has 120 seconds left.
|
|t:|1664974248
|switch|p1a: Marshadow|Marshadow|94/100
|-damage|p1a: Marshadow|88/100|[from] Stealth Rock
|turn|15
|
|t:|1664974253
|move|p1a: Marshadow|Shadow Sneak|p2a: 悬空羊驼
|-damage|p2a: 悬空羊驼|72/100
|move|p2a: 悬空羊驼|Max Airstream|p1a: Marshadow
|-supereffective|p1a: Marshadow
|-crit|p1a: Marshadow
|-damage|p1a: Marshadow|0 fnt
|-boost|p2a: 悬空羊驼|spe|1
|faint|p1a: Marshadow
|
|upkeep
|inactive|dratini1yt has 120 seconds left.
|
|t:|1664974274
|switch|p1a: Xerneas|Xerneas|100/100
|-damage|p1a: Xerneas|88/100|[from] Stealth Rock
|-ability|p1a: Xerneas|Fairy Aura
|turn|16
|c|☆CLEAR GEM清瑜|Let me see ...
|inactive|dratini1yt has 120 seconds left.
|
|t:|1664974281
|-start|p1a: Xerneas|Dynamax|
|-heal|p1a: Xerneas|88/100|[silent]
|move|p1a: Xerneas|Max Guard|p1a: Xerneas
|-singleturn|p1a: Xerneas|Max Guard
|move|p2a: 悬空羊驼|Max Quake|p1a: Xerneas
|-activate|p1a: Xerneas|move: Max Guard
|
|upkeep
|-end|p2a: 悬空羊驼|Dynamax
|-heal|p2a: 悬空羊驼|72/100|[silent]
|turn|17
|c|☆dratini1yt|gg
|c|☆dratini1yt|wp
|c|☆dratini1yt|u win
|inactive|dratini1yt has 120 seconds left.
|
|t:|1664974293
|move|p2a: 悬空羊驼|Fly||[still]
|-prepare|p2a: 悬空羊驼|Fly
|move|p1a: Xerneas|Max Starfall|p2a: 悬空羊驼|[miss]
|-miss|p1a: Xerneas|p2a: 悬空羊驼
|
|upkeep
|turn|18
|c|☆dratini1yt|impossible to win though
|
|t:|1664974300
|move|p2a: 悬空羊驼|Fly|p1a: Xerneas|[from]lockedmove
|-damage|p1a: Xerneas|38/100
|move|p1a: Xerneas|Max Starfall|p2a: 悬空羊驼
|-damage|p2a: 悬空羊驼|7/100
|-fieldstart|move: Misty Terrain
|
|upkeep
|-end|p1a: Xerneas|Dynamax
|-heal|p1a: Xerneas|39/100|[silent]
|turn|19
|
|t:|1664974309
|move|p2a: 悬空羊驼|Recover|p2a: 悬空羊驼
|-heal|p2a: 悬空羊驼|57/100
|move|p1a: Xerneas|Geomancy||[still]
|-prepare|p1a: Xerneas|Geomancy
|-enditem|p1a: Xerneas|Power Herb
|-anim|p1a: Xerneas|Geomancy|p1a: Xerneas
|-boost|p1a: Xerneas|spa|2
|-boost|p1a: Xerneas|spd|2
|-boost|p1a: Xerneas|spe|2
|
|upkeep
|turn|20
|
|t:|1664974317
|move|p2a: 悬空羊驼|Earthquake|p1a: Xerneas
|-damage|p1a: Xerneas|0 fnt
|faint|p1a: Xerneas
|
|upkeep
|c|☆dratini1yt|gg
|-message|dratini1yt forfeited.
|
|win|CLEAR GEM清瑜
|raw|dratini1yt's rating: 1754 &rarr; <strong>1736</strong><br />(-18 for losing)
|raw|CLEAR GEM清瑜's rating: 1784 &rarr; <strong>1802</strong><br />(+18 for winning)
|l|☆dratini1yt
|c|☆CLEAR GEM清瑜|gg
||Ladder isn't responding, score probably updated but might not have (Request timeout).
