|j|☆Fayry
|j|☆orange overhaul
|t:|1630499060
|gametype|singles
|player|p1|Fayry|beauty-gen5bw2|1094
|player|p2|orange overhaul|wallace|1009
|teamsize|p1|6
|teamsize|p2|6
|gen|8
|tier|[Gen 8] National Dex AG
|rated|
|rule|HP Percentage Mod: HP is shown in percentages
|rule|Endless Battle Clause: Forcing endless battles is banned
|clearpoke
|poke|p1|Gyarados, M|
|poke|p1|Shaymin-Sky|
|poke|p1|Archeops, M|
|poke|p1|Swellow, F|
|poke|p1|Salamence, M|
|poke|p1|Masquerain, M|
|poke|p2|Dragapult, L69, M|
|poke|p2|Zapdos|
|poke|p2|Porygon2|
|poke|p2|Hippowdon, F|
|poke|p2|Zygarde, L70|
|poke|p2|Necrozma, L70|
|teampreview
|inactive|Battle timer is ON: inactive players will automatically lose when time's up. (requested by orange overhaul)
|inactive|Fayry has 120 seconds left.
|
|t:|1630499093
|start
|switch|p1a: Salamence|Salamence, M|100/100
|switch|p2a: Zapdos|Zapdos|100/100
|-ability|p1a: Salamence|Intimidate|boost
|-unboost|p2a: Zapdos|atk|1
|-ability|p2a: Zapdos|Pressure
|turn|1
|
|t:|1630499108
|detailschange|p1a: Salamence|Salamence-Mega, M
|-mega|p1a: Salamence|Salamence|Salamencite
|move|p1a: Salamence|Dragon Dance|p1a: Salamence
|-boost|p1a: Salamence|atk|1
|-boost|p1a: Salamence|spe|1
|move|p2a: Zapdos|Thunderbolt|p1a: Salamence
|-damage|p1a: Salamence|51/100
|
|upkeep
|turn|2
|
|t:|1630499115
|move|p1a: Salamence|Dragon Claw|p2a: Zapdos
|-damage|p2a: Zapdos|37/100
|move|p2a: Zapdos|Thunderbolt|p1a: Salamence
|-damage|p1a: Salamence|3/100
|-status|p1a: Salamence|par
|
|upkeep
|turn|3
|
|t:|1630499122
|move|p1a: Salamence|Dragon Claw|p2a: Zapdos
|-damage|p2a: Zapdos|0 fnt
|faint|p2a: Zapdos
|
|upkeep
|
|t:|1630499126
|switch|p2a: Dragapult|Dragapult, L69, M, shiny|100/100
|turn|4
|
|t:|1630499130
|move|p2a: Dragapult|Sucker Punch|p1a: Salamence
|-damage|p1a: Salamence|0 fnt
|faint|p1a: Salamence
|-damage|p2a: Dragapult|91/100|[from] item: Life Orb
|
|upkeep
|
|t:|1630499139
|switch|p1a: Gyarados|Gyarados, M, shiny|100/100
|turn|5
|
|t:|1630499144
|move|p2a: Dragapult|Phantom Force||[still]
|-prepare|p2a: Dragapult|Phantom Force
|-zpower|p1a: Gyarados
|move|p1a: Gyarados|Z-Happy Hour|p1a: Gyarados|[anim]Happy Hour
|-boost|p1a: Gyarados|atk|1|[zeffect]
|-boost|p1a: Gyarados|def|1|[zeffect]
|-boost|p1a: Gyarados|spa|1|[zeffect]
|-boost|p1a: Gyarados|spd|1|[zeffect]
|-boost|p1a: Gyarados|spe|1|[zeffect]
|
|upkeep
|turn|6
|
|t:|1630499153
|move|p1a: Gyarados|Earthquake|p2a: Dragapult|[miss]
|-miss|p1a: Gyarados|p2a: Dragapult
|move|p2a: Dragapult|Phantom Force|p1a: Gyarados|[from]lockedmove
|-damage|p1a: Gyarados|81/100
|-damage|p2a: Dragapult|81/100|[from] item: Life Orb
|
|upkeep
|turn|7
|
|t:|1630499160
|move|p2a: Dragapult|Sucker Punch|p1a: Gyarados
|-damage|p1a: Gyarados|70/100
|-damage|p2a: Dragapult|71/100|[from] item: Life Orb
|move|p1a: Gyarados|Earthquake|p2a: Dragapult
|-damage|p2a: Dragapult|0 fnt
|faint|p2a: Dragapult
|-ability|p1a: Gyarados|Moxie|boost
|-boost|p1a: Gyarados|atk|1
|
|upkeep
|
|t:|1630499170
|switch|p2a: Porygon2|Porygon2, shiny|100/100
|turn|8
|
|t:|1630499174
|move|p1a: Gyarados|Waterfall|p2a: Porygon2
|-damage|p2a: Porygon2|38/100
|move|p2a: Porygon2|Ice Beam|p1a: Gyarados
|-damage|p1a: Gyarados|50/100
|-status|p1a: Gyarados|frz
|
|upkeep
|turn|9
|
|t:|1630499182
|cant|p1a: Gyarados|frz
|move|p2a: Porygon2|Recover|p2a: Porygon2
|-heal|p2a: Porygon2|88/100
|
|upkeep
|turn|10
|
|t:|1630499188
|-curestatus|p1a: Gyarados|frz|[msg]
|move|p1a: Gyarados|Waterfall|p2a: Porygon2
|-damage|p2a: Porygon2|32/100
|move|p2a: Porygon2|Ice Beam|p1a: Gyarados
|-damage|p1a: Gyarados|29/100
|
|upkeep
|turn|11
|
|t:|1630499196
|move|p1a: Gyarados|Waterfall|p2a: Porygon2
|-damage|p2a: Porygon2|0 fnt
|faint|p2a: Porygon2
|-ability|p1a: Gyarados|Moxie|boost
|-boost|p1a: Gyarados|atk|1
|
|upkeep
|
|t:|1630499213
|switch|p2a: Necrozma|Necrozma, L70|100/100
|turn|12
|
|t:|1630499239
|move|p1a: Gyarados|Waterfall|p2a: Necrozma
|-damage|p2a: Necrozma|0 fnt
|faint|p2a: Necrozma
|-ability|p1a: Gyarados|Moxie|boost
|-boost|p1a: Gyarados|atk|1
|
|upkeep
|
|t:|1630499245
|switch|p2a: Zygarde|Zygarde, L70|100/100
|-ability|p2a: Zygarde|Aura Break
|turn|13
|
|t:|1630499250
|move|p1a: Gyarados|Waterfall|p2a: Zygarde
|-crit|p2a: Zygarde
|-damage|p2a: Zygarde|0 fnt
|faint|p2a: Zygarde
|-ability|p1a: Gyarados|Moxie|boost
|-boost|p1a: Gyarados|atk|1
|
|upkeep
|
|t:|1630499256
|switch|p2a: Hippowdon|Hippowdon, F|100/100
|-weather|Sandstorm|[from] ability: Sand Stream|[of] p2a: Hippowdon
|turn|14
|
|t:|1630499262
|move|p1a: Gyarados|Waterfall|p2a: Hippowdon
|-supereffective|p2a: Hippowdon
|-damage|p2a: Hippowdon|0 fnt
|faint|p2a: Hippowdon
|
|win|Fayry
|raw|Fayry's rating: 1094 &rarr; <strong>1114</strong><br />(+20 for winning)
|raw|orange overhaul's rating: 1009 &rarr; <strong>1000</strong><br />(-9 for losing)
|l|☆orange overhaul
