|j|☆rajof
|j|☆minp
|t:|1628410745
|gametype|singles
|player|p1|rajof|youngster-gen4|1612
|player|p2|minp|gentleman-gen4dp|1540
|teamsize|p1|6
|teamsize|p2|6
|gen|8
|tier|[Gen 8] National Dex AG
|rated|
|rule|HP Percentage Mod: HP is shown in percentages
|rule|Endless Battle Clause: Forcing endless battles is banned
|clearpoke
|poke|p1|Arceus-*|
|poke|p1|Ditto|
|poke|p1|Chansey, F|
|poke|p1|Lugia|
|poke|p1|Groudon|
|poke|p1|Arceus-*|
|poke|p2|Espeon, M|
|poke|p2|Whimsicott, F|
|poke|p2|Eevee, M|
|poke|p2|Yveltal|
|poke|p2|Smeargle, M|
|poke|p2|Xerneas-*|
|teampreview
|inactive|Battle timer is ON: inactive players will automatically lose when time's up. (requested by minp)
|
|t:|1628410758
|start
|switch|p1a: 메타몽|Ditto|100/100
|switch|p2a: Smeargle|Smeargle, M|100/100
|-transform|p1a: 메타몽|p2a: Smeargle|[from] ability: Imposter
|turn|1
|
|t:|1628410775
|move|p1a: 메타몽|Stealth Rock|p2a: Smeargle
|-sidestart|p2: minp|move: Stealth Rock
|move|p2a: Smeargle|Nuzzle|p1a: 메타몽
|-damage|p1a: 메타몽|89/100
|-status|p1a: 메타몽|par
|
|upkeep
|turn|2
|
|t:|1628410797
|switch|p2a: Xerneas|Xerneas|100/100
|-damage|p2a: Xerneas|88/100|[from] Stealth Rock
|-ability|p2a: Xerneas|Fairy Aura
|switch|p1a: 악르세우스|Arceus-Dark|100/100
|
|-heal|p2a: Xerneas|94/100|[from] item: Leftovers
|upkeep
|turn|3
|
|t:|1628410807
|switch|p1a: 럭키|Chansey, F|100/100
|move|p2a: Xerneas|Defog|p1a: 럭키
|-unboost|p1a: 럭키|evasion|1
|-sideend|p2: minp|Stealth Rock|[from] move: Defog|[of] p2a: Xerneas
|
|-heal|p2a: Xerneas|99/100|[from] item: Leftovers
|upkeep
|turn|4
|
|t:|1628410819
|switch|p2a: Smeargle|Smeargle, M|100/100
|move|p1a: 럭키|Toxic|p2a: Smeargle
|-status|p2a: Smeargle|tox
|
|-damage|p2a: Smeargle|95/100 tox|[from] psn
|upkeep
|turn|5
|
|t:|1628410826
|switch|p1a: 메타몽|Ditto|89/100 par
|-transform|p1a: 메타몽|p2a: Smeargle|[from] ability: Imposter
|move|p2a: Smeargle|Stealth Rock|p1a: 메타몽
|-sidestart|p1: rajof|move: Stealth Rock
|
|-damage|p2a: Smeargle|83/100 tox|[from] psn
|upkeep
|turn|6
|
|t:|1628410834
|switch|p2a: Eevee|Eevee, M|100/100
|move|p1a: 메타몽|Stealth Rock|p2a: Eevee
|-sidestart|p2: minp|move: Stealth Rock
|
|upkeep
|turn|7
|
|t:|1628410856
|switch|p1a: 그란돈|Groudon|100/100
|-damage|p1a: 그란돈|94/100|[from] Stealth Rock
|detailschange|p1a: 그란돈|Groudon-Primal
|-primal|p1a: 그란돈
|-weather|DesolateLand|[from] ability: Desolate Land|[of] p1a: 그란돈
|-zpower|p2a: Eevee
|move|p2a: Eevee|Extreme Evoboost|p2a: Eevee
|-boost|p2a: Eevee|atk|2
|-boost|p2a: Eevee|def|2
|-boost|p2a: Eevee|spa|2
|-boost|p2a: Eevee|spd|2
|-boost|p2a: Eevee|spe|2
|
|-weather|DesolateLand|[upkeep]
|upkeep
|turn|8
|
|t:|1628410869
|move|p2a: Eevee|Baton Pass|p2a: Eevee
|
|t:|1628410871
|switch|p2a: Espeon|Espeon, M|100/100|[from]move: Baton Pass
|-damage|p2a: Espeon|88/100|[from] Stealth Rock
|move|p1a: 그란돈|Fire Punch|p2a: Espeon
|-damage|p2a: Espeon|43/100
|
|-weather|DesolateLand|[upkeep]
|upkeep
|turn|9
|
|t:|1628410881
|-weather|none
|switch|p1a: 악르세우스|Arceus-Dark|100/100
|-damage|p1a: 악르세우스|88/100|[from] Stealth Rock
|move|p2a: Espeon|Stored Power|p1a: 악르세우스
|-immune|p1a: 악르세우스
|
|upkeep
|turn|10
|
|t:|1628410890
|switch|p1a: 럭키|Chansey, F|100/100
|-damage|p1a: 럭키|88/100|[from] Stealth Rock
|move|p2a: Espeon|Calm Mind|p2a: Espeon
|-boost|p2a: Espeon|spa|1
|-boost|p2a: Espeon|spd|1
|
|upkeep
|turn|11
|
|t:|1628410897
|move|p2a: Espeon|Morning Sun|p2a: Espeon
|-heal|p2a: Espeon|93/100
|move|p1a: 럭키|Seismic Toss|p2a: Espeon
|-damage|p2a: Espeon|61/100
|
|upkeep
|turn|12
|
|t:|1628410908
|move|p2a: Espeon|Stored Power|p1a: 럭키
|-damage|p1a: 럭키|1/100
|move|p1a: 럭키|Seismic Toss|p2a: Espeon
|-damage|p2a: Espeon|30/100
|
|upkeep
|turn|13
|
|t:|1628410914
|move|p2a: Espeon|Morning Sun|p2a: Espeon
|-heal|p2a: Espeon|80/100
|move|p1a: 럭키|Seismic Toss|p2a: Espeon
|-damage|p2a: Espeon|48/100
|
|upkeep
|turn|14
|
|t:|1628410920
|move|p2a: Espeon|Morning Sun|p2a: Espeon
|-heal|p2a: Espeon|98/100
|move|p1a: 럭키|Seismic Toss|p2a: Espeon
|-damage|p2a: Espeon|67/100
|
|upkeep
|turn|15
|
|t:|1628410927
|move|p2a: Espeon|Stored Power|p1a: 럭키
|-damage|p1a: 럭키|0 fnt
|faint|p1a: 럭키
|
|upkeep
|
|t:|1628410930
|switch|p1a: 메타몽|Ditto|89/100 par
|-damage|p1a: 메타몽|77/100 par|[from] Stealth Rock
|-transform|p1a: 메타몽|p2a: Espeon|[from] ability: Imposter
|turn|16
|
|t:|1628410936
|move|p2a: Espeon|Stored Power|p1a: 메타몽
|-resisted|p1a: 메타몽
|-damage|p1a: 메타몽|15/100 par
|move|p1a: 메타몽|Stored Power|p2a: Espeon
|-resisted|p2a: Espeon
|-damage|p2a: Espeon|12/100
|
|upkeep
|turn|17
|
|t:|1628410950
|move|p2a: Espeon|Stored Power|p1a: 메타몽
|-resisted|p1a: 메타몽
|-damage|p1a: 메타몽|0 fnt
|faint|p1a: 메타몽
|
|upkeep
|
|t:|1628410958
|switch|p1a: 아르세우스|Arceus-Fairy|100/100
|-damage|p1a: 아르세우스|88/100|[from] Stealth Rock
|turn|18
|
|t:|1628410964
|move|p2a: Espeon|Morning Sun|p2a: Espeon
|-heal|p2a: Espeon|62/100
|move|p1a: 아르세우스|Calm Mind|p1a: 아르세우스
|-boost|p1a: 아르세우스|spa|1
|-boost|p1a: 아르세우스|spd|1
|
|upkeep
|turn|19
|
|t:|1628410969
|move|p2a: Espeon|Stored Power|p1a: 아르세우스
|-damage|p1a: 아르세우스|0 fnt
|faint|p1a: 아르세우스
|
|upkeep
|-message|rajof forfeited.
|
|win|minp
|raw|rajof's rating: 1612 &rarr; <strong>1588</strong><br />(-24 for losing)
|raw|minp's rating: 1540 &rarr; <strong>1564</strong><br />(+24 for winning)
|l|☆rajof
|l|☆minp
