|j|☆Ysingh6067
|j|☆Lone Thief
|t:|1602296989
|player|p1|Ysingh6067|lucas|1571
|player|p2|Lone Thief|gambler|1596
|teamsize|p1|6
|teamsize|p2|6
|gametype|singles
|gen|8
|tier|[Gen 8] National Dex AG
|rated|
|clearpoke
|poke|p1|Zacian-Crowned|
|poke|p1|Necrozma-Dusk-Mane|
|poke|p1|Arceus-*|
|poke|p1|Ditto|
|poke|p1|Kyogre|
|poke|p1|Rayquaza|
|poke|p2|Rayquaza|
|poke|p2|Greninja, M|
|poke|p2|Zacian-Crowned|
|poke|p2|Groudon|
|poke|p2|Ditto|
|poke|p2|Necrozma-Dusk-Mane|
|rule|HP Percentage Mod: HP is shown in percentages
|rule|Endless Battle Clause: Forcing endless battles is banned
|teampreview
|inactive|Battle timer is ON: inactive players will automatically lose when time's up. (requested by Ysingh6067)
|inactive|Lone Thief also wants the timer to be on.
|inactive|Ysingh6067 has 120 seconds left.
|
|t:|1602297024
|start
|switch|p1a: Necrozma|Necrozma-Dusk-Mane|100/100
|switch|p2a: Necrozma|Necrozma-Dusk-Mane|100/100
|turn|1
|
|t:|1602297036
|move|p2a: Necrozma|Dragon Dance|p2a: Necrozma
|-boost|p2a: Necrozma|atk|1
|-boost|p2a: Necrozma|spe|1
|move|p1a: Necrozma|Thunder Wave|p2a: Necrozma
|-status|p2a: Necrozma|par
|
|upkeep
|turn|2
|j| The_Unexpected_One
|
|t:|1602297053
|-start|p1a: Necrozma|Dynamax
|-heal|p1a: Necrozma|100/100|[silent]
|move|p1a: Necrozma|Max Quake|p2a: Necrozma
|-supereffective|p2a: Necrozma
|-damage|p2a: Necrozma|30/100 par
|-boost|p1a: Necrozma|spd|1
|move|p2a: Necrozma|Earthquake|p1a: Necrozma
|-supereffective|p1a: Necrozma
|-damage|p1a: Necrozma|68/100
|-enditem|p1a: Necrozma|Weakness Policy
|-boost|p1a: Necrozma|atk|2|[from] item: Weakness Policy
|-boost|p1a: Necrozma|spa|2|[from] item: Weakness Policy
|
|upkeep
|turn|3
|l| The_Unexpected_One
|inactive|Ysingh6067 has 120 seconds left.
|
|t:|1602297106
|move|p1a: Necrozma|Max Steelspike|p2a: Necrozma
|-resisted|p2a: Necrozma
|-damage|p2a: Necrozma|0 fnt
|-boost|p1a: Necrozma|def|1
|faint|p2a: Necrozma
|
|upkeep
|
|t:|1602297117
|switch|p2a: Ditto|Ditto|100/100
|-transform|p2a: Ditto|p1a: Necrozma|[from] ability: Imposter
|turn|4
|j| The_Unexpected_One
|l| The_Unexpected_One
|
|t:|1602297128
|-start|p2a: Ditto|Dynamax
|-heal|p2a: Ditto|100/100|[silent]
|move|p2a: Ditto|Max Guard|p2a: Ditto
|-singleturn|p2a: Ditto|Max Guard
|move|p1a: Necrozma|Max Quake|p2a: Ditto
|-activate|p2a: Ditto|move: Max Guard
|
|-end|p1a: Necrozma|Dynamax
|-heal|p1a: Necrozma|68/100|[silent]
|upkeep
|turn|5
|
|t:|1602297138
|move|p1a: Necrozma|Thunder Wave|p2a: Ditto
|-status|p2a: Ditto|par
|move|p2a: Ditto|Max Quake|p1a: Necrozma
|-supereffective|p1a: Necrozma
|-damage|p1a: Necrozma|0 fnt
|-boost|p2a: Ditto|spd|1
|faint|p1a: Necrozma
|
|upkeep
|
|t:|1602297146
|switch|p1a: Kyogre|Kyogre|100/100
|detailschange|p1a: Kyogre|Kyogre-Primal
|-primal|p1a: Kyogre
|-weather|PrimordialSea|[from] ability: Primordial Sea|[of] p1a: Kyogre
|turn|6
|
|t:|1602297153
|move|p1a: Kyogre|Water Spout|p2a: Ditto
|-damage|p2a: Ditto|63/100 par
|move|p2a: Ditto|Max Quake|p1a: Kyogre
|-damage|p1a: Kyogre|0 fnt
|-boost|p2a: Ditto|spd|1
|faint|p1a: Kyogre
|-weather|none
|
|-end|p2a: Ditto|Dynamax
|-heal|p2a: Ditto|63/100 par|[silent]
|upkeep
|inactive|Ysingh6067 has 120 seconds left.
|
|t:|1602297162
|switch|p1a: Rayquaza|Rayquaza, shiny|100/100
|-ability|p1a: Rayquaza|Air Lock
|turn|7
|
|t:|1602297166
|detailschange|p1a: Rayquaza|Rayquaza-Mega, shiny
|-mega|p1a: Rayquaza|Rayquaza|
|-weather|DeltaStream|[from] ability: Delta Stream|[of] p1a: Rayquaza
|move|p1a: Rayquaza|Earthquake|p2a: Ditto
|-supereffective|p2a: Ditto
|-damage|p2a: Ditto|20/100 par
|move|p2a: Ditto|Sunsteel Strike|p1a: Rayquaza
|-enditem|p1a: Rayquaza|Focus Sash
|-damage|p1a: Rayquaza|1/100
|
|-weather|DeltaStream|[upkeep]
|upkeep
|turn|8
|
|t:|1602297177
|move|p1a: Rayquaza|Earthquake|p2a: Ditto
|-supereffective|p2a: Ditto
|-damage|p2a: Ditto|0 fnt
|faint|p2a: Ditto
|
|-weather|DeltaStream|[upkeep]
|upkeep
|
|t:|1602297182
|switch|p2a: Greninja|Greninja, M|100/100
|turn|9
|
|t:|1602297187
|move|p1a: Rayquaza|Extreme Speed|p2a: Greninja
|-crit|p2a: Greninja
|-damage|p2a: Greninja|11/100
|move|p2a: Greninja|Water Shuriken|p1a: Rayquaza
|-resisted|p1a: Rayquaza
|-damage|p1a: Rayquaza|0 fnt
|-hitcount|p1a: Rayquaza|1
|faint|p1a: Rayquaza
|-weather|none
|-activate|p2a: Greninja|ability: Battle Bond
|detailschange|p2a: Greninja|Greninja-Ash, M
|
|upkeep
|
|t:|1602297197
|switch|p1a: Arceus|Arceus|100/100
|turn|10
|
|t:|1602297201
|move|p1a: Arceus|Extreme Speed|p2a: Greninja
|-damage|p2a: Greninja|0 fnt
|faint|p2a: Greninja
|
|upkeep
|
|t:|1602297207
|switch|p2a: Rayquaza|Rayquaza|100/100
|-ability|p2a: Rayquaza|Air Lock
|turn|11
|
|t:|1602297220
|detailschange|p2a: Rayquaza|Rayquaza-Mega
|-mega|p2a: Rayquaza|Rayquaza|
|-weather|DeltaStream|[from] ability: Delta Stream|[of] p2a: Rayquaza
|move|p1a: Arceus|Extreme Speed|p2a: Rayquaza
|-damage|p2a: Rayquaza|66/100
|move|p2a: Rayquaza|Dragon Ascent|p1a: Arceus
|-damage|p1a: Arceus|38/100
|-unboost|p2a: Rayquaza|def|1
|-unboost|p2a: Rayquaza|spd|1
|-damage|p2a: Rayquaza|56/100|[from] item: Life Orb
|
|-weather|DeltaStream|[upkeep]
|upkeep
|turn|12
|
|t:|1602297232
|move|p1a: Arceus|Extreme Speed|p2a: Rayquaza
|-damage|p2a: Rayquaza|0 fnt
|faint|p2a: Rayquaza
|-weather|none
|
|upkeep
|
|t:|1602297236
|switch|p2a: Groudon|Groudon|100/100
|detailschange|p2a: Groudon|Groudon-Primal
|-primal|p2a: Groudon
|-weather|DesolateLand|[from] ability: Desolate Land|[of] p2a: Groudon
|turn|13
|
|t:|1602297251
|move|p1a: Arceus|Extreme Speed|p2a: Groudon
|-damage|p2a: Groudon|81/100
|move|p2a: Groudon|Fire Punch|p1a: Arceus
|-crit|p1a: Arceus
|-damage|p1a: Arceus|0 fnt
|faint|p1a: Arceus
|
|-weather|DesolateLand|[upkeep]
|upkeep
|
|t:|1602297257
|switch|p1a: Zacian|Zacian-Crowned|100/100
|-ability|p1a: Zacian|Intrepid Sword|boost
|-boost|p1a: Zacian|atk|1
|turn|14
|
|t:|1602297261
|move|p1a: Zacian|Close Combat|p2a: Groudon
|-crit|p2a: Groudon
|-damage|p2a: Groudon|22/100
|-unboost|p1a: Zacian|def|1
|-unboost|p1a: Zacian|spd|1
|move|p2a: Groudon|Fire Punch|p1a: Zacian
|-supereffective|p1a: Zacian
|-damage|p1a: Zacian|0 fnt
|faint|p1a: Zacian
|
|-weather|DesolateLand|[upkeep]
|upkeep
|
|t:|1602297268
|switch|p1a: Ditto|Ditto|100/100
|-transform|p1a: Ditto|p2a: Groudon|[from] ability: Imposter
|turn|15
|
|t:|1602297288
|move|p1a: Ditto|Fire Punch|p2a: Groudon
|-resisted|p2a: Groudon
|-damage|p2a: Groudon|0 fnt
|faint|p2a: Groudon
|
|-weather|DesolateLand|[upkeep]
|upkeep
|
|t:|1602297292
|switch|p2a: Zacian|Zacian-Crowned|100/100
|-ability|p2a: Zacian|Intrepid Sword|boost
|-boost|p2a: Zacian|atk|1
|turn|16
|
|t:|1602297304
|move|p2a: Zacian|Substitute|p2a: Zacian
|-start|p2a: Zacian|Substitute
|-damage|p2a: Zacian|76/100
|move|p1a: Ditto|Fire Punch|p2a: Zacian
|-supereffective|p2a: Zacian
|-end|p2a: Zacian|Substitute
|
|-weather|DesolateLand|[upkeep]
|upkeep
|turn|17
|
|t:|1602297310
|move|p2a: Zacian|Substitute|p2a: Zacian
|-start|p2a: Zacian|Substitute
|-damage|p2a: Zacian|51/100
|move|p1a: Ditto|Fire Punch|p2a: Zacian
|-supereffective|p2a: Zacian
|-end|p2a: Zacian|Substitute
|
|-weather|DesolateLand|[upkeep]
|upkeep
|turn|18
|
|t:|1602297317
|move|p2a: Zacian|Substitute|p2a: Zacian
|-start|p2a: Zacian|Substitute
|-damage|p2a: Zacian|26/100
|move|p1a: Ditto|Fire Punch|p2a: Zacian
|-supereffective|p2a: Zacian
|-end|p2a: Zacian|Substitute
|
|-weather|DesolateLand|[upkeep]
|upkeep
|turn|19
|
|t:|1602297323
|move|p2a: Zacian|Substitute|p2a: Zacian
|-start|p2a: Zacian|Substitute
|-damage|p2a: Zacian|1/100
|move|p1a: Ditto|Fire Punch|p2a: Zacian
|-supereffective|p2a: Zacian
|-end|p2a: Zacian|Substitute
|
|-weather|DesolateLand|[upkeep]
|upkeep
|turn|20
|
|t:|1602297328
|move|p2a: Zacian|Behemoth Blade|p1a: Ditto
|-resisted|p1a: Ditto
|-damage|p1a: Ditto|62/100
|-activate|p1a: Ditto|move: Struggle
|move|p1a: Ditto|Struggle|p2a: Zacian
|-damage|p2a: Zacian|0 fnt
|-damage|p1a: Ditto|37/100|[from] recoil
|faint|p2a: Zacian
|
|win|Ysingh6067
|raw|Ysingh6067's rating: 1571 &rarr; <strong>1593</strong><br />(+22 for winning)
|raw|Lone Thief's rating: 1596 &rarr; <strong>1574</strong><br />(-22 for losing)
|l|☆Lone Thief
