|j|☆starkorea74
|j|☆85792195wwww
|t:|1602706176
|player|p1|starkorea74|1|1760
|player|p2|85792195wwww|lady|1767
|teamsize|p1|6
|teamsize|p2|6
|gametype|singles
|gen|8
|tier|[Gen 8] National Dex AG
|rated|
|clearpoke
|poke|p1|Necrozma-Dusk-Mane|
|poke|p1|Ho-Oh|
|poke|p1|Ditto|
|poke|p1|Arceus-*|
|poke|p1|Rayquaza|
|poke|p1|Yveltal|
|poke|p2|Rayquaza|
|poke|p2|Kyogre|
|poke|p2|Ditto|
|poke|p2|Zacian-Crowned|
|poke|p2|Arceus-*|
|poke|p2|Marshadow|
|rule|HP Percentage Mod: HP is shown in percentages
|rule|Endless Battle Clause: Forcing endless battles is banned
|teampreview
|
|t:|1602706228
|start
|switch|p1a: Rayquaza|Rayquaza|100/100
|switch|p2a: Rayquaza|Rayquaza|100/100
|-ability|p1a: Rayquaza|Air Lock
|-ability|p2a: Rayquaza|Air Lock
|turn|1
|
|t:|1602706244
|switch|p1a: Necrozma|Necrozma-Dusk-Mane|100/100
|detailschange|p2a: Rayquaza|Rayquaza-Mega
|-mega|p2a: Rayquaza|Rayquaza|
|-weather|DeltaStream|[from] ability: Delta Stream|[of] p2a: Rayquaza
|move|p2a: Rayquaza|Dragon Ascent|p1a: Necrozma
|-resisted|p1a: Necrozma
|-damage|p1a: Necrozma|70/100
|-unboost|p2a: Rayquaza|def|1
|-unboost|p2a: Rayquaza|spd|1
|-damage|p2a: Rayquaza|91/100|[from] item: Life Orb
|
|-weather|DeltaStream|[upkeep]
|-heal|p1a: Necrozma|76/100|[from] item: Leftovers
|upkeep
|turn|2
|
|t:|1602706263
|switch|p1a: Ho-Oh|Ho-Oh|100/100
|move|p2a: Rayquaza|V-create|p1a: Ho-Oh
|-resisted|p1a: Ho-Oh
|-damage|p1a: Ho-Oh|67/100
|-unboost|p2a: Rayquaza|spe|1
|-unboost|p2a: Rayquaza|def|1
|-unboost|p2a: Rayquaza|spd|1
|-damage|p2a: Rayquaza|81/100|[from] item: Life Orb
|
|-weather|DeltaStream|[upkeep]
|upkeep
|turn|3
|
|t:|1602706283
|-weather|none
|switch|p2a: Kyogre|Kyogre|100/100
|detailschange|p2a: Kyogre|Kyogre-Primal
|-primal|p2a: Kyogre
|-weather|PrimordialSea|[from] ability: Primordial Sea|[of] p2a: Kyogre
|move|p1a: Ho-Oh|Sacred Fire||[still]
|-fail|p1a: Ho-Oh|Sacred Fire|[from] Primordial Sea
|
|-weather|PrimordialSea|[upkeep]
|upkeep
|turn|4
|
|t:|1602706296
|switch|p1a: Rayquaza|Rayquaza|100/100
|-ability|p1a: Rayquaza|Air Lock
|move|p2a: Kyogre|Ice Beam|p1a: Rayquaza
|-supereffective|p1a: Rayquaza
|-damage|p1a: Rayquaza|0 fnt
|faint|p1a: Rayquaza
|
|-weather|PrimordialSea|[upkeep]
|upkeep
|
|t:|1602706307
|switch|p1a: Arceus|Arceus-Dark|100/100
|turn|5
|
|t:|1602706313
|-weather|none
|switch|p2a: Zacian|Zacian-Crowned|100/100
|-ability|p2a: Zacian|Intrepid Sword|boost
|-boost|p2a: Zacian|atk|1
|move|p1a: Arceus|Calm Mind|p1a: Arceus
|-boost|p1a: Arceus|spa|1
|-boost|p1a: Arceus|spd|1
|
|upkeep
|turn|6
|
|t:|1602706325
|switch|p1a: Ho-Oh|Ho-Oh|99/100
|move|p2a: Zacian|Close Combat|p1a: Ho-Oh
|-resisted|p1a: Ho-Oh
|-damage|p1a: Ho-Oh|71/100
|-unboost|p2a: Zacian|def|1
|-unboost|p2a: Zacian|spd|1
|
|upkeep
|turn|7
|
|t:|1602706336
|switch|p1a: Necrozma|Necrozma-Dusk-Mane|76/100
|move|p2a: Zacian|Wild Charge|p1a: Necrozma
|-damage|p1a: Necrozma|45/100
|-damage|p2a: Zacian|91/100|[from] Recoil
|
|-heal|p1a: Necrozma|51/100|[from] item: Leftovers
|upkeep
|turn|8
|
|t:|1602706349
|switch|p2a: Kyogre|Kyogre-Primal|100/100
|-weather|PrimordialSea|[from] ability: Primordial Sea|[of] p2a: Kyogre
|move|p1a: Necrozma|Morning Sun|p1a: Necrozma
|-heal|p1a: Necrozma|76/100
|
|-weather|PrimordialSea|[upkeep]
|-heal|p1a: Necrozma|82/100|[from] item: Leftovers
|upkeep
|turn|9
|
|t:|1602706361
|switch|p1a: Ditto|Ditto|100/100
|-transform|p1a: Ditto|p2a: Kyogre|[from] ability: Imposter
|move|p2a: Kyogre|Scald|p1a: Ditto
|-resisted|p1a: Ditto
|-damage|p1a: Ditto|66/100
|
|-weather|PrimordialSea|[upkeep]
|upkeep
|turn|10
|j| Briks
|
|t:|1602706376
|switch|p1a: Arceus|Arceus-Dark|100/100
|-weather|none
|switch|p2a: Rayquaza|Rayquaza-Mega|81/100
|-weather|DeltaStream|[from] ability: Delta Stream|[of] p2a: Rayquaza
|
|-weather|DeltaStream|[upkeep]
|upkeep
|turn|11
|
|t:|1602706386
|move|p2a: Rayquaza|Dragon Dance|p2a: Rayquaza
|-boost|p2a: Rayquaza|atk|1
|-boost|p2a: Rayquaza|spe|1
|move|p1a: Arceus|Judgment|p2a: Rayquaza
|-damage|p2a: Rayquaza|32/100
|
|-weather|DeltaStream|[upkeep]
|upkeep
|turn|12
|
|t:|1602706396
|move|p2a: Rayquaza|Dragon Ascent|p1a: Arceus
|-damage|p1a: Arceus|0 fnt
|-unboost|p2a: Rayquaza|def|1
|-unboost|p2a: Rayquaza|spd|1
|-damage|p2a: Rayquaza|22/100|[from] item: Life Orb
|faint|p1a: Arceus
|
|-weather|DeltaStream|[upkeep]
|upkeep
|
|t:|1602706402
|switch|p1a: Ditto|Ditto|66/100
|-transform|p1a: Ditto|p2a: Rayquaza|[from] ability: Imposter
|turn|13
|
|t:|1602706410
|move|p1a: Ditto|Dragon Ascent|p2a: Rayquaza
|-damage|p2a: Rayquaza|0 fnt
|-unboost|p1a: Ditto|def|1
|-unboost|p1a: Ditto|spd|1
|faint|p2a: Rayquaza
|
|-weather|DeltaStream|[upkeep]
|upkeep
|
|t:|1602706419
|switch|p2a: Marshadow|Marshadow|100/100
|turn|14
|
|t:|1602706425
|move|p2a: Marshadow|Shadow Sneak|p1a: Ditto
|-damage|p1a: Ditto|0 fnt
|-damage|p2a: Marshadow|91/100|[from] item: Life Orb
|faint|p1a: Ditto
|-weather|none
|
|upkeep
|
|t:|1602706429
|switch|p1a: Yveltal|Yveltal, shiny|100/100
|-ability|p1a: Yveltal|Dark Aura
|turn|15
|
|t:|1602706440
|switch|p2a: Zacian|Zacian-Crowned|91/100
|-ability|p2a: Zacian|Intrepid Sword|boost
|-boost|p2a: Zacian|atk|1
|-start|p1a: Yveltal|Dynamax
|-heal|p1a: Yveltal|100/100|[silent]
|move|p1a: Yveltal|Max Airstream|p2a: Zacian
|-resisted|p2a: Zacian
|-damage|p2a: Zacian|43/100
|-boost|p1a: Yveltal|spe|1
|-damage|p1a: Yveltal|96/100|[from] item: Life Orb
|
|upkeep
|turn|16
|
|t:|1602706457
|move|p1a: Yveltal|Max Quake|p2a: Zacian
|-supereffective|p2a: Zacian
|-damage|p2a: Zacian|0 fnt
|-boost|p1a: Yveltal|spd|1
|-damage|p1a: Yveltal|91/100|[from] item: Life Orb
|faint|p2a: Zacian
|
|upkeep
|
|t:|1602706474
|switch|p2a: Marshadow|Marshadow|91/100
|turn|17
|
|t:|1602706478
|move|p2a: Marshadow|Shadow Sneak|p1a: Yveltal
|-resisted|p1a: Yveltal
|-damage|p1a: Yveltal|81/100
|-damage|p2a: Marshadow|81/100|[from] item: Life Orb
|move|p1a: Yveltal|Max Airstream|p2a: Marshadow
|-supereffective|p2a: Marshadow
|-damage|p2a: Marshadow|0 fnt
|-boost|p1a: Yveltal|spe|1
|-damage|p1a: Yveltal|76/100|[from] item: Life Orb
|faint|p2a: Marshadow
|
|-end|p1a: Yveltal|Dynamax
|-heal|p1a: Yveltal|76/100|[silent]
|upkeep
|
|t:|1602706497
|switch|p2a: Arceus|Arceus-Electric|100/100
|turn|18
|
|t:|1602706502
|-start|p2a: Arceus|Dynamax
|-heal|p2a: Arceus|100/100|[silent]
|move|p1a: Yveltal|Dark Pulse|p2a: Arceus
|-damage|p2a: Arceus|70/100
|-damage|p1a: Yveltal|66/100|[from] item: Life Orb
|move|p2a: Arceus|Max Lightning|p1a: Yveltal
|-supereffective|p1a: Yveltal
|-damage|p1a: Yveltal|0 fnt
|-fieldstart|move: Electric Terrain
|faint|p1a: Yveltal
|
|upkeep
|-message|starkorea74 forfeited.
|
|win|85792195wwww
|l|☆starkorea74
