|j|☆ThiccPurplecliffe
|j|☆lavenderlad02
|t:|1666209647
|gametype|singles
|player|p1|ThiccPurplecliffe|hiker-gen4|1631
|player|p2|lavenderlad02|2|1836
|teamsize|p1|6
|teamsize|p2|6
|gen|8
|tier|[Gen 8] National Dex AG
|rated|
|rule|HP Percentage Mod: HP is shown in percentages
|rule|Endless Battle Clause: Forcing endless battles is banned
|clearpoke
|poke|p1|Necrozma-Dusk-Mane|
|poke|p1|Arceus-*|
|poke|p1|Marshadow|
|poke|p1|Zygarde|
|poke|p1|Deoxys-Speed|
|poke|p1|Xerneas-*|
|poke|p2|Rayquaza|
|poke|p2|Zacian-*|
|poke|p2|Necrozma-Dusk-Mane|
|poke|p2|Ferrothorn, F|
|poke|p2|Arceus-*|
|poke|p2|Arceus-*|
|teampreview
|inactive|Battle timer is ON: inactive players will automatically lose when time's up. (requested by lavenderlad02)
|
|t:|1666209661
|start
|switch|p1a: Deoxys|Deoxys-Speed|100/100
|switch|p2a: Rayquaza|Rayquaza|100/100
|-ability|p1a: Deoxys|Pressure
|-ability|p2a: Rayquaza|Air Lock
|turn|1
|
|t:|1666209667
|detailschange|p2a: Rayquaza|Rayquaza-Mega
|-mega|p2a: Rayquaza|Rayquaza|
|-weather|DeltaStream|[from] ability: Delta Stream|[of] p2a: Rayquaza
|move|p2a: Rayquaza|Dragon Ascent|p1a: Deoxys
|-damage|p1a: Deoxys|11/100
|-unboost|p2a: Rayquaza|def|1
|-unboost|p2a: Rayquaza|spd|1
|move|p1a: Deoxys|Taunt|p2a: Rayquaza
|-start|p2a: Rayquaza|move: Taunt
|
|-weather|DeltaStream|[upkeep]
|upkeep
|turn|2
|
|t:|1666209684
|switch|p1a: Necrozma|Necrozma-Dusk-Mane|100/100
|move|p2a: Rayquaza|Dragon Ascent|p1a: Necrozma
|-resisted|p1a: Necrozma
|-damage|p1a: Necrozma|77/100
|-unboost|p2a: Rayquaza|def|1
|-unboost|p2a: Rayquaza|spd|1
|-damage|p2a: Rayquaza|84/100|[from] item: Rocky Helmet|[of] p1a: Necrozma
|
|-weather|DeltaStream|[upkeep]
|upkeep
|turn|3
|
|t:|1666209690
|-weather|none
|switch|p2a: Arceus|Arceus-Ground|100/100
|move|p1a: Necrozma|Thunder Wave|p2a: Arceus
|-immune|p2a: Arceus
|
|upkeep
|turn|4
|
|t:|1666209700
|move|p2a: Arceus|Calm Mind|p2a: Arceus
|-boost|p2a: Arceus|spa|1
|-boost|p2a: Arceus|spd|1
|move|p1a: Necrozma|Toxic|p2a: Arceus
|-status|p2a: Arceus|tox
|
|-damage|p2a: Arceus|94/100 tox|[from] psn
|upkeep
|turn|5
|
|t:|1666209704
|move|p2a: Arceus|Judgment|p1a: Necrozma
|-supereffective|p1a: Necrozma
|-damage|p1a: Necrozma|0 fnt
|faint|p1a: Necrozma
|
|-damage|p2a: Arceus|82/100 tox|[from] psn
|upkeep
|
|t:|1666209711
|switch|p1a: Deoxys|Deoxys-Speed|11/100
|-ability|p1a: Deoxys|Pressure
|turn|6
|
|t:|1666209713
|move|p1a: Deoxys|Stealth Rock|p2a: Arceus
|-sidestart|p2: lavenderlad02|move: Stealth Rock
|move|p2a: Arceus|Judgment|p1a: Deoxys
|-damage|p1a: Deoxys|0 fnt
|faint|p1a: Deoxys
|
|-damage|p2a: Arceus|64/100 tox|[from] psn
|upkeep
|
|t:|1666209719
|switch|p1a: Marshadow|Marshadow|100/100
|turn|7
|
|t:|1666209721
|move|p1a: Marshadow|Spectral Thief||[still]
|-clearpositiveboost|p2a: Arceus|p1a: Marshadow|move: Spectral Thief
|-boost|p1a: Marshadow|spa|1
|-boost|p1a: Marshadow|spd|1
|-anim|p1a: Marshadow|Spectral Thief|p2a: Arceus
|-damage|p2a: Arceus|29/100 tox
|move|p2a: Arceus|Judgment|p1a: Marshadow
|-crit|p1a: Marshadow
|-damage|p1a: Marshadow|2/100
|
|-damage|p2a: Arceus|5/100 tox|[from] psn
|upkeep
|turn|8
|
|t:|1666209726
|move|p1a: Marshadow|Shadow Sneak|p2a: Arceus
|-damage|p2a: Arceus|0 fnt
|faint|p2a: Arceus
|
|upkeep
|
|t:|1666209732
|switch|p2a: Ferrothorn|Ferrothorn, F|100/100
|-damage|p2a: Ferrothorn|94/100|[from] Stealth Rock
|turn|9
|
|t:|1666209736
|move|p1a: Marshadow|Close Combat|p2a: Ferrothorn
|-supereffective|p2a: Ferrothorn
|-damage|p2a: Ferrothorn|0 fnt
|-unboost|p1a: Marshadow|def|1
|-unboost|p1a: Marshadow|spd|1
|-damage|p1a: Marshadow|0 fnt|[from] ability: Iron Barbs|[of] p2a: Ferrothorn
|faint|p2a: Ferrothorn
|faint|p1a: Marshadow
|
|upkeep
|
|t:|1666209760
|switch|p1a: Zygarde|Zygarde|100/100
|switch|p2a: Zacian|Zacian-Crowned|100/100
|-damage|p2a: Zacian|94/100|[from] Stealth Rock
|-ability|p2a: Zacian|Intrepid Sword|boost
|-boost|p2a: Zacian|atk|1
|turn|10
|
|t:|1666209763
|move|p2a: Zacian|Behemoth Blade|p1a: Zygarde
|-damage|p1a: Zygarde|30/100
|move|p1a: Zygarde|Glare|p2a: Zacian
|-status|p2a: Zacian|par
|
|-heal|p1a: Zygarde|36/100|[from] item: Leftovers
|-activate|p1a: Zygarde|ability: Power Construct
|detailschange|p1a: Zygarde|Zygarde-Complete
|-heal|p1a: Zygarde|58/100|[silent]
|upkeep
|turn|11
|
|t:|1666209770
|move|p1a: Zygarde|Thousand Arrows|p2a: Zacian
|-supereffective|p2a: Zacian
|-damage|p2a: Zacian|33/100 par
|move|p2a: Zacian|Behemoth Blade|p1a: Zygarde
|-damage|p1a: Zygarde|13/100
|
|-heal|p1a: Zygarde|20/100|[from] item: Leftovers
|upkeep
|turn|12
|
|t:|1666209780
|move|p1a: Zygarde|Thousand Arrows|p2a: Zacian
|-supereffective|p2a: Zacian
|-damage|p2a: Zacian|0 fnt
|faint|p2a: Zacian
|
|-heal|p1a: Zygarde|26/100|[from] item: Leftovers
|upkeep
|
|t:|1666209782
|switch|p2a: Rayquaza|Rayquaza-Mega|84/100
|-damage|p2a: Rayquaza|59/100|[from] Stealth Rock
|-weather|DeltaStream|[from] ability: Delta Stream|[of] p2a: Rayquaza
|turn|13
|
|t:|1666209788
|move|p2a: Rayquaza|Dragon Ascent|p1a: Zygarde
|-damage|p1a: Zygarde|0 fnt
|-unboost|p2a: Rayquaza|def|1
|-unboost|p2a: Rayquaza|spd|1
|faint|p1a: Zygarde
|
|-weather|DeltaStream|[upkeep]
|upkeep
|
|t:|1666209794
|switch|p1a: Arceus|Arceus-Dark|100/100
|turn|14
|
|t:|1666209803
|move|p2a: Rayquaza|Dragon Ascent|p1a: Arceus
|-damage|p1a: Arceus|59/100
|-unboost|p2a: Rayquaza|def|1
|-unboost|p2a: Rayquaza|spd|1
|move|p1a: Arceus|Judgment|p2a: Rayquaza
|-damage|p2a: Rayquaza|0 fnt
|faint|p2a: Rayquaza
|-weather|none
|
|upkeep
|
|t:|1666209809
|switch|p2a: Necrozma|Necrozma-Dusk-Mane|100/100
|-damage|p2a: Necrozma|94/100|[from] Stealth Rock
|turn|15
|
|t:|1666209813
|move|p1a: Arceus|Recover|p1a: Arceus
|-heal|p1a: Arceus|100/100
|move|p2a: Necrozma|Thunder Wave|p1a: Arceus
|-status|p1a: Arceus|par
|
|upkeep
|turn|16
|
|t:|1666209816
|move|p2a: Necrozma|Sunsteel Strike|p1a: Arceus
|-damage|p1a: Arceus|74/100 par
|move|p1a: Arceus|Refresh|p1a: Arceus
|-curestatus|p1a: Arceus|par|[msg]
|
|upkeep
|turn|17
|
|t:|1666209819
|switch|p2a: Arceus|Arceus-Water|100/100
|-damage|p2a: Arceus|88/100|[from] Stealth Rock
|move|p1a: Arceus|Calm Mind|p1a: Arceus
|-boost|p1a: Arceus|spa|1
|-boost|p1a: Arceus|spd|1
|
|upkeep
|turn|18
|
|t:|1666209821
|move|p2a: Arceus|Whirlpool|p1a: Arceus
|-damage|p1a: Arceus|67/100
|-activate|p1a: Arceus|move: Whirlpool|[of] p2a: Arceus
|move|p1a: Arceus|Calm Mind|p1a: Arceus
|-boost|p1a: Arceus|spa|1
|-boost|p1a: Arceus|spd|1
|
|-damage|p1a: Arceus|55/100|[from] move: Whirlpool|[partiallytrapped]
|upkeep
|turn|19
|
|t:|1666209823
|move|p2a: Arceus|Perish Song|p2a: Arceus
|-start|p1a: Arceus|perish3|[silent]
|-start|p2a: Arceus|perish3|[silent]
|-fieldactivate|move: Perish Song
|move|p1a: Arceus|Recover|p1a: Arceus
|-heal|p1a: Arceus|100/100
|
|-damage|p1a: Arceus|88/100|[from] move: Whirlpool|[partiallytrapped]
|-start|p2a: Arceus|perish3
|-start|p1a: Arceus|perish3
|upkeep
|turn|20
|
|t:|1666209847
|move|p2a: Arceus|Recover|p2a: Arceus
|-heal|p2a: Arceus|100/100
|move|p1a: Arceus|Calm Mind|p1a: Arceus
|-boost|p1a: Arceus|spa|1
|-boost|p1a: Arceus|spd|1
|
|-damage|p1a: Arceus|76/100|[from] move: Whirlpool|[partiallytrapped]
|-start|p2a: Arceus|perish2
|-start|p1a: Arceus|perish2
|upkeep
|turn|21
|
|t:|1666209859
|move|p2a: Arceus|Whirlpool|p1a: Arceus
|-damage|p1a: Arceus|71/100
|move|p1a: Arceus|Judgment|p2a: Arceus
|-damage|p2a: Arceus|21/100
|
|-damage|p1a: Arceus|58/100|[from] move: Whirlpool|[partiallytrapped]
|-start|p2a: Arceus|perish1
|-start|p1a: Arceus|perish1
|upkeep
|turn|22
|
|t:|1666209862
|switch|p2a: Necrozma|Necrozma-Dusk-Mane|94/100
|-damage|p2a: Necrozma|88/100|[from] Stealth Rock
|move|p1a: Arceus|Judgment|p2a: Necrozma
|-supereffective|p2a: Necrozma
|-damage|p2a: Necrozma|0 fnt
|faint|p2a: Necrozma
|
|-end|p1a: Arceus|Whirlpool|[partiallytrapped]|[silent]
|-start|p1a: Arceus|perish0
|upkeep
|faint|p1a: Arceus
|
|t:|1666209864
|switch|p1a: Xerneas|Xerneas|100/100
|switch|p2a: Arceus|Arceus-Water|21/100
|-ability|p1a: Xerneas|Fairy Aura
|-damage|p2a: Arceus|8/100|[from] Stealth Rock
|turn|23
|
|t:|1666209868
|-start|p1a: Xerneas|Dynamax|
|-heal|p1a: Xerneas|100/100|[silent]
|move|p1a: Xerneas|Max Starfall|p2a: Arceus
|-damage|p2a: Arceus|0 fnt
|-fieldstart|move: Misty Terrain
|faint|p2a: Arceus
|
|win|ThiccPurplecliffe
|raw|ThiccPurplecliffe's rating: 1631 &rarr; <strong>1662</strong><br />(+31 for winning)
|raw|lavenderlad02's rating: 1836 &rarr; <strong>1805</strong><br />(-31 for losing)
|l|☆lavenderlad02
||Ladder isn't responding, score probably updated but might not have (Request timeout).
