|j|☆Hoenn Militian
|j|☆RUiNtheExtinct
|t:|1649690605
|gametype|singles
|player|p1|Hoenn Militian|ingo|1831
|player|p2|RUiNtheExtinct|red-gen7|1872
|teamsize|p1|6
|teamsize|p2|6
|gen|8
|tier|[Gen 8] National Dex AG
|rated|
|rule|HP Percentage Mod: HP is shown in percentages
|rule|Endless Battle Clause: Forcing endless battles is banned
|clearpoke
|poke|p1|Yveltal|
|poke|p1|Quagsire, M|
|poke|p1|Mamoswine, F|
|poke|p1|Shedinja|
|poke|p1|Kyogre|
|poke|p1|Zacian-*|
|poke|p2|Arceus-*|
|poke|p2|Arceus-*|
|poke|p2|Kyogre|
|poke|p2|Groudon|
|poke|p2|Smeargle, F|
|poke|p2|Ditto|
|teampreview
|
|t:|1649690638
|start
|switch|p1a: Mamoswine|Mamoswine, F|100/100
|switch|p2a: Smeargle|Smeargle, F|100/100
|turn|1
|
|t:|1649690646
|switch|p1a: Kyogre|Kyogre|100/100
|-weather|RainDance|[from] ability: Drizzle|[of] p1a: Kyogre
|move|p2a: Smeargle|Spore|p1a: Kyogre
|-activate|p1a: Kyogre|item: Safety Goggles|Spore
|
|-weather|RainDance|[upkeep]
|-ability|p2a: Smeargle|Moody|boost
|-boost|p2a: Smeargle|spa|2
|-unboost|p2a: Smeargle|def|1
|upkeep
|turn|2
|inactive|Battle timer is ON: inactive players will automatically lose when time's up. (requested by RUiNtheExtinct)
|
|t:|1649690655
|move|p1a: Kyogre|Ice Beam|p2a: Smeargle
|-damage|p2a: Smeargle|31/100
|move|p2a: Smeargle|Nuzzle|p1a: Kyogre
|-supereffective|p1a: Kyogre
|-damage|p1a: Kyogre|97/100
|-status|p1a: Kyogre|par
|
|-weather|RainDance|[upkeep]
|-ability|p2a: Smeargle|Moody|boost
|-boost|p2a: Smeargle|spd|2
|-unboost|p2a: Smeargle|atk|1
|upkeep
|turn|3
|
|t:|1649690666
|switch|p1a: Mamoswine|Mamoswine, F|100/100
|move|p2a: Smeargle|Stealth Rock|p1a: Mamoswine
|-sidestart|p1: Hoenn Militian|move: Stealth Rock
|
|-weather|RainDance|[upkeep]
|-ability|p2a: Smeargle|Moody|boost
|-boost|p2a: Smeargle|spe|2
|-unboost|p2a: Smeargle|spd|1
|upkeep
|turn|4
|c|☆RUiNtheExtinct|neat
|
|t:|1649690674
|move|p1a: Mamoswine|Ice Shard|p2a: Smeargle
|-damage|p2a: Smeargle|0 fnt
|faint|p2a: Smeargle
|
|-weather|RainDance|[upkeep]
|upkeep
|
|t:|1649690678
|switch|p2a: Kyogre|Kyogre|100/100
|detailschange|p2a: Kyogre|Kyogre-Primal
|-primal|p2a: Kyogre
|-weather|PrimordialSea|[from] ability: Primordial Sea|[of] p2a: Kyogre
|turn|5
|
|t:|1649690685
|switch|p1a: Shedinja|Shedinja|100/100
|-weather|none
|switch|p2a: Groudon|Groudon|100/100
|detailschange|p2a: Groudon|Groudon-Primal
|-primal|p2a: Groudon
|-weather|DesolateLand|[from] ability: Desolate Land|[of] p2a: Groudon
|
|-weather|DesolateLand|[upkeep]
|upkeep
|turn|6
|
|t:|1649690695
|switch|p1a: Quagsire|Quagsire, M|100/100
|-damage|p1a: Quagsire|94/100|[from] Stealth Rock
|move|p2a: Groudon|Bulk Up|p2a: Groudon
|-boost|p2a: Groudon|atk|1
|-boost|p2a: Groudon|def|1
|
|-weather|DesolateLand|[upkeep]
|upkeep
|turn|7
|
|t:|1649690704
|-start|p1a: Quagsire|Dynamax|
|-heal|p1a: Quagsire|94/100|[silent]
|move|p2a: Groudon|Earthquake|p1a: Quagsire
|-damage|p1a: Quagsire|67/100
|move|p1a: Quagsire|Max Quake|p2a: Groudon
|-supereffective|p2a: Groudon
|-damage|p2a: Groudon|55/100
|-boost|p1a: Quagsire|spd|1
|
|-weather|DesolateLand|[upkeep]
|upkeep
|turn|8
|
|t:|1649690719
|-weather|none
|switch|p2a: Arceus|Arceus-Flying|100/100
|move|p1a: Quagsire|Max Quake|p2a: Arceus
|-immune|p2a: Arceus
|
|upkeep
|turn|9
|
|t:|1649690728
|switch|p2a: Arceus|Arceus|100/100
|move|p1a: Quagsire|Max Guard||[still]
|-fail|p1a: Quagsire
|
|-end|p1a: Quagsire|Dynamax
|-heal|p1a: Quagsire|67/100|[silent]
|upkeep
|turn|10
|
|t:|1649690735
|move|p2a: Arceus|Extreme Speed|p1a: Quagsire
|-damage|p1a: Quagsire|36/100
|-damage|p2a: Arceus|84/100|[from] item: Rocky Helmet|[of] p1a: Quagsire
|move|p1a: Quagsire|Curse|p1a: Quagsire
|-unboost|p1a: Quagsire|spe|1
|-boost|p1a: Quagsire|atk|1
|-boost|p1a: Quagsire|def|1
|
|upkeep
|turn|11
|
|t:|1649690744
|switch|p2a: Kyogre|Kyogre-Primal|100/100
|-weather|PrimordialSea|[from] ability: Primordial Sea|[of] p2a: Kyogre
|move|p1a: Quagsire|Recover|p1a: Quagsire
|-heal|p1a: Quagsire|86/100
|
|-weather|PrimordialSea|[upkeep]
|upkeep
|turn|12
|
|t:|1649690751
|switch|p1a: Shedinja|Shedinja|100/100
|move|p2a: Kyogre|Origin Pulse|p1a: Shedinja
|-immune|p1a: Shedinja|[from] ability: Wonder Guard
|
|-weather|PrimordialSea|[upkeep]
|upkeep
|turn|13
|
|t:|1649690757
|-weather|none
|switch|p2a: Groudon|Groudon-Primal|55/100
|-weather|DesolateLand|[from] ability: Desolate Land|[of] p2a: Groudon
|move|p1a: Shedinja|Baton Pass|p1a: Shedinja
|
|t:|1649690765
|switch|p1a: Mamoswine|Mamoswine, F|100/100|[from]move: Baton Pass
|-damage|p1a: Mamoswine|88/100|[from] Stealth Rock
|
|-weather|DesolateLand|[upkeep]
|upkeep
|turn|14
|
|t:|1649690772
|move|p1a: Mamoswine|Earthquake|p2a: Groudon
|-supereffective|p2a: Groudon
|-damage|p2a: Groudon|0 fnt
|faint|p2a: Groudon
|-weather|none
|
|upkeep
|
|t:|1649690778
|switch|p2a: Ditto|Ditto|100/100
|-transform|p2a: Ditto|p1a: Mamoswine|[from] ability: Imposter
|turn|15
|
|t:|1649690785
|move|p2a: Ditto|Ice Shard|p1a: Mamoswine
|-damage|p1a: Mamoswine|62/100
|move|p1a: Mamoswine|Stealth Rock|p2a: Ditto
|-sidestart|p2: RUiNtheExtinct|move: Stealth Rock
|
|upkeep
|turn|16
|
|t:|1649690791
|switch|p2a: Arceus|Arceus|84/100
|-damage|p2a: Arceus|71/100|[from] Stealth Rock
|move|p1a: Mamoswine|Ice Shard|p2a: Arceus
|-damage|p2a: Arceus|58/100
|
|upkeep
|turn|17
|
|t:|1649690799
|move|p2a: Arceus|Recover|p2a: Arceus
|-heal|p2a: Arceus|100/100
|move|p1a: Mamoswine|Earthquake|p2a: Arceus
|-damage|p2a: Arceus|63/100
|
|upkeep
|turn|18
|
|t:|1649690805
|switch|p1a: Zacian|Zacian-Crowned|100/100
|-damage|p1a: Zacian|94/100|[from] Stealth Rock
|-ability|p1a: Zacian|Intrepid Sword|boost
|-boost|p1a: Zacian|atk|1
|move|p2a: Arceus|Earthquake|p1a: Zacian
|-supereffective|p1a: Zacian
|-damage|p1a: Zacian|32/100
|
|upkeep
|turn|19
|
|t:|1649690815
|move|p2a: Arceus|Extreme Speed|p1a: Zacian
|-resisted|p1a: Zacian
|-damage|p1a: Zacian|12/100
|move|p1a: Zacian|Behemoth Blade|p2a: Arceus
|-damage|p2a: Arceus|0 fnt
|faint|p2a: Arceus
|
|upkeep
|
|t:|1649690817
|switch|p2a: Ditto|Ditto|100/100
|-damage|p2a: Ditto|88/100|[from] Stealth Rock
|-transform|p2a: Ditto|p1a: Zacian|[from] ability: Imposter
|-ability|p2a: Ditto|Intrepid Sword|boost
|-boost|p2a: Ditto|atk|1
|turn|20
|
|t:|1649690828
|switch|p1a: Quagsire|Quagsire, M|86/100
|-damage|p1a: Quagsire|80/100|[from] Stealth Rock
|move|p2a: Ditto|Behemoth Blade|p1a: Quagsire
|-resisted|p1a: Quagsire
|-damage|p1a: Quagsire|57/100
|-damage|p2a: Ditto|71/100|[from] item: Rocky Helmet|[of] p1a: Quagsire
|
|upkeep
|turn|21
|
|t:|1649690838
|switch|p2a: Kyogre|Kyogre-Primal|100/100
|-damage|p2a: Kyogre|88/100|[from] Stealth Rock
|-weather|PrimordialSea|[from] ability: Primordial Sea|[of] p2a: Kyogre
|move|p1a: Quagsire|Toxic|p2a: Kyogre
|-status|p2a: Kyogre|tox
|
|-weather|PrimordialSea|[upkeep]
|-damage|p2a: Kyogre|82/100 tox|[from] psn
|upkeep
|turn|22
|
|t:|1649690847
|-weather|none
|switch|p2a: Arceus|Arceus-Flying|100/100
|-damage|p2a: Arceus|75/100|[from] Stealth Rock
|move|p1a: Quagsire|Recover|p1a: Quagsire
|-heal|p1a: Quagsire|100/100
|
|upkeep
|turn|23
|
|t:|1649690854
|move|p2a: Arceus|Swords Dance|p2a: Arceus
|-boost|p2a: Arceus|atk|2
|move|p1a: Quagsire|Toxic|p2a: Arceus
|-status|p2a: Arceus|tox
|
|-damage|p2a: Arceus|69/100 tox|[from] psn
|upkeep
|turn|24
|
|t:|1649690861
|-start|p2a: Arceus|Dynamax|
|-heal|p2a: Arceus|69/100 tox|[silent]
|move|p2a: Arceus|Max Airstream|p1a: Quagsire
|-damage|p1a: Quagsire|35/100
|-boost|p2a: Arceus|spe|1
|move|p1a: Quagsire|Curse|p1a: Quagsire
|-unboost|p1a: Quagsire|spe|1
|-boost|p1a: Quagsire|atk|1
|-boost|p1a: Quagsire|def|1
|
|-damage|p2a: Arceus|63/100 tox|[from] psn
|upkeep
|turn|25
|
|t:|1649690874
|move|p2a: Arceus|Max Airstream|p1a: Quagsire
|-damage|p1a: Quagsire|0 fnt
|-boost|p2a: Arceus|spe|1
|faint|p1a: Quagsire
|
|-damage|p2a: Arceus|54/100 tox|[from] psn
|upkeep
|
|t:|1649690896
|switch|p1a: Yveltal|Yveltal|100/100
|-ability|p1a: Yveltal|Dark Aura
|turn|26
|
|t:|1649690901
|switch|p1a: Zacian|Zacian-Crowned|12/100
|-damage|p1a: Zacian|5/100|[from] Stealth Rock
|-ability|p1a: Zacian|Intrepid Sword|boost
|-boost|p1a: Zacian|atk|1
|move|p2a: Arceus|Max Airstream|p1a: Zacian
|-resisted|p1a: Zacian
|-damage|p1a: Zacian|0 fnt
|-boost|p2a: Arceus|spe|1
|faint|p1a: Zacian
|
|-damage|p2a: Arceus|42/100 tox|[from] psn
|-end|p2a: Arceus|Dynamax
|-heal|p2a: Arceus|42/100 tox|[silent]
|upkeep
|inactive|Hoenn Militian has 120 seconds left.
|
|t:|1649690916
|switch|p1a: Mamoswine|Mamoswine, F|62/100
|-damage|p1a: Mamoswine|49/100|[from] Stealth Rock
|turn|27
|
|t:|1649690921
|move|p1a: Mamoswine|Ice Shard|p2a: Arceus
|-supereffective|p2a: Arceus
|-damage|p2a: Arceus|9/100 tox
|move|p2a: Arceus|Recover|p2a: Arceus
|-heal|p2a: Arceus|59/100 tox
|
|-damage|p2a: Arceus|29/100 tox|[from] psn
|upkeep
|turn|28
|-message|RUiNtheExtinct forfeited.
|
|win|Hoenn Militian
|raw|Hoenn Militian's rating: 1831 &rarr; <strong>1853</strong><br />(+22 for winning)
|raw|RUiNtheExtinct's rating: 1872 &rarr; <strong>1850</strong><br />(-22 for losing)
|l|☆RUiNtheExtinct
||Ladder isn't responding, score probably updated but might not have (Request timeout).
