|j|☆Free Th3 Phoenix
|j|☆seidou45
|t:|1654374399
|gametype|singles
|player|p1|Free Th3 Phoenix|clown|1751
|player|p2|seidou45|lucas|1773
|teamsize|p1|6
|teamsize|p2|6
|gen|8
|tier|[Gen 8] National Dex AG
|rated|
|rule|HP Percentage Mod: HP is shown in percentages
|rule|Endless Battle Clause: Forcing endless battles is banned
|clearpoke
|poke|p1|Lugia|
|poke|p1|Arceus-*|
|poke|p1|Ho-Oh|
|poke|p1|Sableye, M|
|poke|p1|Giratina|
|poke|p1|Chansey, F|
|poke|p2|Tyranitar, M|
|poke|p2|Lugia|
|poke|p2|Ho-Oh|
|poke|p2|Groudon|
|poke|p2|Arceus-*|
|poke|p2|Gothorita, M|
|teampreview
|inactive|Battle timer is ON: inactive players will automatically lose when time's up. (requested by Free Th3 Phoenix)
|j| rowletroost
|inactive|seidou45 has 120 seconds left.
|
|t:|1654374440
|start
|switch|p1a: no u|Sableye, M|100/100
|switch|p2a: Groudon|Groudon, shiny|100/100
|detailschange|p2a: Groudon|Groudon-Primal, shiny
|-primal|p2a: Groudon
|-weather|DesolateLand|[from] ability: Desolate Land|[of] p2a: Groudon
|turn|1
|c|☆Free Th3 Phoenix|Why are you tracking me 😂
|
|t:|1654374448
|move|p1a: no u|Will-O-Wisp|p2a: Groudon
|-immune|p2a: Groudon
|move|p2a: Groudon|Eruption|p1a: no u
|-damage|p1a: no u|0 fnt
|faint|p1a: no u
|
|-weather|DesolateLand|[upkeep]
|upkeep
|c|☆Free Th3 Phoenix|Misclick…,
|
|t:|1654374457
|switch|p1a: The Big Boi|Giratina|100/100
|-ability|p1a: The Big Boi|Pressure
|turn|2
|
|t:|1654374462
|-weather|none
|switch|p2a: Tyranitar|Tyranitar, M, shiny|100/100
|-weather|Sandstorm|[from] ability: Sand Stream|[of] p2a: Tyranitar
|move|p1a: The Big Boi|Toxic|p2a: Tyranitar
|-status|p2a: Tyranitar|tox
|
|-weather|Sandstorm|[upkeep]
|-damage|p1a: The Big Boi|94/100|[from] Sandstorm
|-heal|p1a: The Big Boi|100/100|[from] item: Leftovers
|-damage|p2a: Tyranitar|94/100 tox|[from] psn
|upkeep
|turn|3
|
|t:|1654374468
|move|p1a: The Big Boi|Defog|p2a: Tyranitar
|-unboost|p2a: Tyranitar|evasion|1
|move|p2a: Tyranitar|Stealth Rock|p1a: The Big Boi
|-sidestart|p1: Free Th3 Phoenix|move: Stealth Rock
|
|-weather|Sandstorm|[upkeep]
|-damage|p1a: The Big Boi|94/100|[from] Sandstorm
|-heal|p1a: The Big Boi|100/100|[from] item: Leftovers
|-heal|p2a: Tyranitar|100/100 tox|[from] item: Leftovers
|-damage|p2a: Tyranitar|88/100 tox|[from] psn
|upkeep
|turn|4
|
|t:|1654374472
|move|p1a: The Big Boi|Defog|p2a: Tyranitar
|-unboost|p2a: Tyranitar|evasion|1
|-sideend|p1: Free Th3 Phoenix|Stealth Rock|[from] move: Defog|[of] p1a: The Big Boi
|move|p2a: Tyranitar|Rest|p2a: Tyranitar
|-status|p2a: Tyranitar|slp|[from] move: Rest
|-heal|p2a: Tyranitar|100/100 slp|[silent]
|
|-weather|Sandstorm|[upkeep]
|-damage|p1a: The Big Boi|94/100|[from] Sandstorm
|-heal|p1a: The Big Boi|100/100|[from] item: Leftovers
|upkeep
|turn|5
|
|t:|1654374475
|switch|p1a: Darkest God|Arceus-Dark|100/100
|cant|p2a: Tyranitar|slp
|
|-weather|Sandstorm|[upkeep]
|-damage|p1a: Darkest God|94/100|[from] Sandstorm
|upkeep
|turn|6
|
|t:|1654374480
|switch|p2a: Ho-Oh|Ho-Oh, shiny|100/100
|move|p1a: Darkest God|Whirlpool|p2a: Ho-Oh|[miss]
|-miss|p1a: Darkest God|p2a: Ho-Oh
|
|-weather|none
|upkeep
|turn|7
|
|t:|1654374485
|switch|p1a: The Big Boi|Giratina|100/100
|-ability|p1a: The Big Boi|Pressure
|move|p2a: Ho-Oh|Sacred Fire|p1a: The Big Boi
|-resisted|p1a: The Big Boi
|-damage|p1a: The Big Boi|90/100
|-status|p1a: The Big Boi|brn
|
|-heal|p1a: The Big Boi|97/100 brn|[from] item: Leftovers
|-damage|p1a: The Big Boi|90/100 brn|[from] brn
|upkeep
|turn|8
|
|t:|1654374496
|switch|p2a: Tyranitar|Tyranitar, M, shiny|100/100 slp
|-weather|Sandstorm|[from] ability: Sand Stream|[of] p2a: Tyranitar
|switch|p1a: Darkest God|Arceus-Dark|94/100
|
|-weather|Sandstorm|[upkeep]
|-damage|p1a: Darkest God|88/100|[from] Sandstorm
|upkeep
|turn|9
|
|t:|1654374499
|switch|p2a: Ho-Oh|Ho-Oh, shiny|100/100
|move|p1a: Darkest God|Whirlpool|p2a: Ho-Oh
|-supereffective|p2a: Ho-Oh
|-damage|p2a: Ho-Oh|92/100
|-activate|p2a: Ho-Oh|move: Whirlpool|[of] p1a: Darkest God
|
|-weather|Sandstorm|[upkeep]
|-damage|p1a: Darkest God|82/100|[from] Sandstorm
|-damage|p2a: Ho-Oh|86/100|[from] Sandstorm
|-damage|p2a: Ho-Oh|74/100|[from] move: Whirlpool|[partiallytrapped]
|upkeep
|turn|10
|
|t:|1654374502
|-start|p1a: Darkest God|Dynamax|
|-heal|p1a: Darkest God|82/100|[silent]
|move|p1a: Darkest God|Max Darkness|p2a: Ho-Oh
|-damage|p2a: Ho-Oh|49/100
|-unboost|p2a: Ho-Oh|spd|1
|move|p2a: Ho-Oh|Whirlwind|p1a: Darkest God
|-block|p1a: Darkest God|Dynamax
|
|-weather|Sandstorm|[upkeep]
|-damage|p1a: Darkest God|79/100|[from] Sandstorm
|-damage|p2a: Ho-Oh|43/100|[from] Sandstorm
|-damage|p2a: Ho-Oh|31/100|[from] move: Whirlpool|[partiallytrapped]
|upkeep
|turn|11
|
|t:|1654374511
|move|p1a: Darkest God|Max Darkness|p2a: Ho-Oh
|-damage|p2a: Ho-Oh|0 fnt
|faint|p2a: Ho-Oh
|
|-weather|Sandstorm|[upkeep]
|-damage|p1a: Darkest God|76/100|[from] Sandstorm
|upkeep
|
|t:|1654374521
|switch|p2a: Lugia|Lugia, shiny|100/100
|turn|12
|
|t:|1654374526
|move|p1a: Darkest God|Max Darkness|p2a: Lugia
|-supereffective|p2a: Lugia
|-damage|p2a: Lugia|72/100
|-unboost|p2a: Lugia|spd|1
|move|p2a: Lugia|Toxic|p1a: Darkest God
|-status|p1a: Darkest God|tox
|
|-weather|none
|-heal|p2a: Lugia|78/100|[from] item: Leftovers
|-damage|p1a: Darkest God|73/100 tox|[from] psn
|upkeep
|-end|p1a: Darkest God|Dynamax
|-heal|p1a: Darkest God|73/100 tox|[silent]
|turn|13
|
|t:|1654374535
|move|p1a: Darkest God|Snarl|p2a: Lugia
|-supereffective|p2a: Lugia
|-damage|p2a: Lugia|32/100
|-unboost|p2a: Lugia|spa|1
|move|p2a: Lugia|Roost|p2a: Lugia
|-heal|p2a: Lugia|82/100
|-singleturn|p2a: Lugia|move: Roost
|
|-heal|p2a: Lugia|88/100|[from] item: Leftovers
|-damage|p1a: Darkest God|61/100 tox|[from] psn
|upkeep
|turn|14
|
|t:|1654374543
|move|p1a: Darkest God|Recover|p1a: Darkest God
|-heal|p1a: Darkest God|100/100 tox
|move|p2a: Lugia|Roost|p2a: Lugia
|-heal|p2a: Lugia|100/100
|-singleturn|p2a: Lugia|move: Roost
|
|-damage|p1a: Darkest God|82/100 tox|[from] psn
|upkeep
|turn|15
|
|t:|1654374547
|switch|p1a: The Big Boi|Giratina|90/100 brn
|-ability|p1a: The Big Boi|Pressure
|move|p2a: Lugia|Whirlwind|p1a: The Big Boi
|drag|p1a: FREE THE PHOENIX|Ho-Oh|100/100
|
|upkeep
|turn|16
|
|t:|1654374552
|switch|p2a: Gothorita|Gothorita, M, shiny|100/100
|move|p1a: FREE THE PHOENIX|Toxic|p2a: Gothorita
|-status|p2a: Gothorita|tox
|
|-damage|p2a: Gothorita|94/100 tox|[from] psn
|upkeep
|turn|17
|
|t:|1654374555
|move|p2a: Gothorita|Taunt|p1a: FREE THE PHOENIX
|-start|p1a: FREE THE PHOENIX|move: Taunt
|cant|p1a: FREE THE PHOENIX|move: Taunt|Whirlwind
|
|-damage|p2a: Gothorita|82/100 tox|[from] psn
|upkeep
|turn|18
|
|t:|1654374557
|move|p1a: FREE THE PHOENIX|Sacred Fire|p2a: Gothorita
|-damage|p2a: Gothorita|53/100 tox
|move|p2a: Gothorita|Charm|p1a: FREE THE PHOENIX
|-unboost|p1a: FREE THE PHOENIX|atk|2
|
|-damage|p2a: Gothorita|35/100 tox|[from] psn
|upkeep
|turn|19
|
|t:|1654374561
|move|p1a: FREE THE PHOENIX|Sacred Fire|p2a: Gothorita
|-damage|p2a: Gothorita|21/100 tox
|move|p2a: Gothorita|Rest|p2a: Gothorita
|-status|p2a: Gothorita|slp|[from] move: Rest
|-heal|p2a: Gothorita|100/100 slp|[silent]
|
|-end|p1a: FREE THE PHOENIX|move: Taunt
|upkeep
|turn|20
|
|t:|1654374563
|cant|p2a: Gothorita|slp
|move|p1a: FREE THE PHOENIX|Whirlwind|p2a: Gothorita
|drag|p2a: Arceus|Arceus-Water, shiny|100/100
|
|upkeep
|turn|21
|
|t:|1654374567
|switch|p1a: The Big Boi|Giratina|90/100 brn
|-ability|p1a: The Big Boi|Pressure
|move|p2a: Arceus|Calm Mind|p2a: Arceus
|-boost|p2a: Arceus|spa|1
|-boost|p2a: Arceus|spd|1
|
|-heal|p1a: The Big Boi|97/100 brn|[from] item: Leftovers
|-damage|p1a: The Big Boi|90/100 brn|[from] brn
|upkeep
|turn|22
|
|t:|1654374580
|move|p2a: Arceus|Blizzard|p1a: The Big Boi
|-supereffective|p1a: The Big Boi
|-damage|p1a: The Big Boi|32/100 brn
|move|p1a: The Big Boi|Toxic|p2a: Arceus
|-status|p2a: Arceus|tox
|
|-heal|p1a: The Big Boi|38/100 brn|[from] item: Leftovers
|-damage|p2a: Arceus|94/100 tox|[from] psn
|-damage|p1a: The Big Boi|32/100 brn|[from] brn
|upkeep
|turn|23
|
|t:|1654374586
|switch|p2a: Gothorita|Gothorita, M, shiny|100/100 slp
|move|p1a: The Big Boi|Rest|p1a: The Big Boi
|-status|p1a: The Big Boi|slp|[from] move: Rest
|-heal|p1a: The Big Boi|100/100 slp|[silent]
|
|upkeep
|turn|24
|
|t:|1654374592
|switch|p1a: Darkest God|Arceus-Dark|82/100 tox
|switch|p2a: Arceus|Arceus-Water, shiny|94/100 tox
|
|-damage|p2a: Arceus|88/100 tox|[from] psn
|-damage|p1a: Darkest God|76/100 tox|[from] psn
|upkeep
|turn|25
|
|t:|1654374602
|switch|p1a: FREE THE PHOENIX|Ho-Oh|100/100
|move|p2a: Arceus|Calm Mind|p2a: Arceus
|-boost|p2a: Arceus|spa|1
|-boost|p2a: Arceus|spd|1
|
|-damage|p2a: Arceus|76/100 tox|[from] psn
|upkeep
|turn|26
|
|t:|1654374607
|switch|p1a: The Big Boi|Giratina|100/100 slp
|-ability|p1a: The Big Boi|Pressure
|-start|p2a: Arceus|Dynamax|
|-heal|p2a: Arceus|76/100 tox|[silent]
|move|p2a: Arceus|Max Geyser|p1a: The Big Boi
|-resisted|p1a: The Big Boi
|-damage|p1a: The Big Boi|69/100 slp
|-weather|RainDance
|
|-weather|RainDance|[upkeep]
|-heal|p1a: The Big Boi|75/100 slp|[from] item: Leftovers
|-damage|p2a: Arceus|67/100 tox|[from] psn
|upkeep
|turn|27
|
|t:|1654374610
|switch|p1a: FREE THE PHOENIX|Ho-Oh|100/100
|move|p2a: Arceus|Max Hailstorm|p1a: FREE THE PHOENIX
|-damage|p1a: FREE THE PHOENIX|65/100
|-weather|Hail
|
|-weather|Hail|[upkeep]
|-damage|p2a: Arceus|64/100 tox|[from] Hail
|-damage|p1a: FREE THE PHOENIX|59/100|[from] Hail
|-heal|p1a: FREE THE PHOENIX|65/100|[from] item: Leftovers
|-damage|p2a: Arceus|51/100 tox|[from] psn
|upkeep
|turn|28
|
|t:|1654374617
|switch|p1a: SpA moves tickle|Chansey, F|100/100
|move|p2a: Arceus|Max Geyser|p1a: SpA moves tickle
|-damage|p1a: SpA moves tickle|70/100
|-weather|RainDance
|
|-weather|RainDance|[upkeep]
|-damage|p2a: Arceus|36/100 tox|[from] psn
|upkeep
|-end|p2a: Arceus|Dynamax
|-heal|p2a: Arceus|36/100 tox|[silent]
|turn|29
|
|t:|1654374627
|switch|p1a: Darkest God|Arceus-Dark|76/100 tox
|move|p2a: Arceus|Blizzard|p1a: Darkest God|[miss]
|-miss|p2a: Arceus|p1a: Darkest God
|
|-weather|RainDance|[upkeep]
|-damage|p2a: Arceus|0 fnt|[from] psn
|faint|p2a: Arceus
|-damage|p1a: Darkest God|70/100 tox|[from] psn
|upkeep
|
|t:|1654374635
|switch|p2a: Groudon|Groudon-Primal, shiny|100/100
|-weather|DesolateLand|[from] ability: Desolate Land|[of] p2a: Groudon
|turn|30
|
|t:|1654374644
|move|p2a: Groudon|Eruption|p1a: Darkest God
|-damage|p1a: Darkest God|5/100 tox
|move|p1a: Darkest God|Snarl|p2a: Groudon
|-damage|p2a: Groudon|73/100
|-unboost|p2a: Groudon|spa|1
|
|-weather|DesolateLand|[upkeep]
|-damage|p1a: Darkest God|0 fnt|[from] psn
|faint|p1a: Darkest God
|upkeep
|
|t:|1654374649
|switch|p1a: The Big Boi|Giratina|75/100 slp
|-ability|p1a: The Big Boi|Pressure
|turn|31
|
|t:|1654374653
|-weather|none
|switch|p2a: Tyranitar|Tyranitar, M, shiny|100/100 slp
|-weather|Sandstorm|[from] ability: Sand Stream|[of] p2a: Tyranitar
|cant|p1a: The Big Boi|slp
|
|-weather|Sandstorm|[upkeep]
|-damage|p1a: The Big Boi|69/100 slp|[from] Sandstorm
|-heal|p1a: The Big Boi|75/100 slp|[from] item: Leftovers
|upkeep
|turn|32
|
|t:|1654374661
|cant|p1a: The Big Boi|slp
|cant|p2a: Tyranitar|slp
|
|-weather|Sandstorm|[upkeep]
|-damage|p1a: The Big Boi|69/100 slp|[from] Sandstorm
|-heal|p1a: The Big Boi|75/100 slp|[from] item: Leftovers
|upkeep
|turn|33
|
|t:|1654374669
|-curestatus|p1a: The Big Boi|slp|[msg]
|move|p1a: The Big Boi|Rest|p1a: The Big Boi
|-status|p1a: The Big Boi|slp|[from] move: Rest
|-heal|p1a: The Big Boi|100/100 slp|[silent]
|-curestatus|p2a: Tyranitar|slp|[msg]
|move|p2a: Tyranitar|Stealth Rock|p1a: The Big Boi
|-sidestart|p1: Free Th3 Phoenix|move: Stealth Rock
|
|-weather|Sandstorm|[upkeep]
|-damage|p1a: The Big Boi|94/100 slp|[from] Sandstorm
|-heal|p1a: The Big Boi|100/100 slp|[from] item: Leftovers
|upkeep
|turn|34
|
|t:|1654374673
|switch|p2a: Lugia|Lugia, shiny|100/100
|cant|p1a: The Big Boi|slp
|
|-weather|Sandstorm|[upkeep]
|-damage|p2a: Lugia|94/100|[from] Sandstorm
|-damage|p1a: The Big Boi|94/100 slp|[from] Sandstorm
|-heal|p2a: Lugia|100/100|[from] item: Leftovers
|-heal|p1a: The Big Boi|100/100 slp|[from] item: Leftovers
|upkeep
|turn|35
|
|t:|1654374677
|move|p2a: Lugia|Substitute|p2a: Lugia
|-start|p2a: Lugia|Substitute
|-damage|p2a: Lugia|76/100
|cant|p1a: The Big Boi|slp
|
|-weather|none
|-heal|p2a: Lugia|82/100|[from] item: Leftovers
|upkeep
|turn|36
|
|t:|1654374682
|-curestatus|p1a: The Big Boi|slp|[msg]
|move|p1a: The Big Boi|Defog|p2a: Lugia
|-sideend|p1: Free Th3 Phoenix|Stealth Rock|[from] move: Defog|[of] p1a: The Big Boi
|move|p2a: Lugia|Whirlwind|p1a: The Big Boi
|drag|p1a: SpA moves tickle|Chansey, F|70/100
|
|-heal|p2a: Lugia|88/100|[from] item: Leftovers
|upkeep
|turn|37
|
|t:|1654374686
|switch|p1a: FREE THE PHOENIX|Ho-Oh|98/100
|move|p2a: Lugia|Toxic|p1a: FREE THE PHOENIX
|-status|p1a: FREE THE PHOENIX|tox
|
|-heal|p2a: Lugia|94/100|[from] item: Leftovers
|-heal|p1a: FREE THE PHOENIX|100/100 tox|[from] item: Leftovers
|-damage|p1a: FREE THE PHOENIX|94/100 tox|[from] psn
|upkeep
|turn|38
|
|t:|1654374696
|move|p2a: Lugia|Toxic|p1a: FREE THE PHOENIX
|-fail|p1a: FREE THE PHOENIX|tox
|move|p1a: FREE THE PHOENIX|Whirlwind|p2a: Lugia
|drag|p2a: Gothorita|Gothorita, M, shiny|100/100 slp
|
|-heal|p1a: FREE THE PHOENIX|100/100 tox|[from] item: Leftovers
|-damage|p1a: FREE THE PHOENIX|88/100 tox|[from] psn
|upkeep
|turn|39
|
|t:|1654374703
|cant|p2a: Gothorita|slp
|move|p1a: FREE THE PHOENIX|Whirlwind|p2a: Gothorita
|drag|p2a: Lugia|Lugia, shiny|94/100
|
|-heal|p2a: Lugia|99/100|[from] item: Leftovers
|-heal|p1a: FREE THE PHOENIX|94/100 tox|[from] item: Leftovers
|-damage|p1a: FREE THE PHOENIX|75/100 tox|[from] psn
|upkeep
|turn|40
|
|t:|1654374707
|switch|p2a: Gothorita|Gothorita, M, shiny|100/100 slp
|move|p1a: FREE THE PHOENIX|Toxic||[still]
|-fail|p1a: FREE THE PHOENIX
|
|-heal|p1a: FREE THE PHOENIX|82/100 tox|[from] item: Leftovers
|-damage|p1a: FREE THE PHOENIX|57/100 tox|[from] psn
|upkeep
|turn|41
|
|t:|1654374712
|-curestatus|p2a: Gothorita|slp|[msg]
|move|p2a: Gothorita|Taunt|p1a: FREE THE PHOENIX
|-start|p1a: FREE THE PHOENIX|move: Taunt
|cant|p1a: FREE THE PHOENIX|move: Taunt|Whirlwind
|
|-heal|p1a: FREE THE PHOENIX|63/100 tox|[from] item: Leftovers
|-damage|p1a: FREE THE PHOENIX|32/100 tox|[from] psn
|upkeep
|turn|42
|
|t:|1654374715
|move|p1a: FREE THE PHOENIX|Sacred Fire|p2a: Gothorita
|-damage|p2a: Gothorita|71/100
|-status|p2a: Gothorita|brn
|move|p2a: Gothorita|Charm|p1a: FREE THE PHOENIX
|-unboost|p1a: FREE THE PHOENIX|atk|2
|
|-heal|p1a: FREE THE PHOENIX|38/100 tox|[from] item: Leftovers
|-damage|p1a: FREE THE PHOENIX|0 fnt|[from] psn
|faint|p1a: FREE THE PHOENIX
|-damage|p2a: Gothorita|65/100 brn|[from] brn
|upkeep
|
|t:|1654374721
|switch|p1a: Air Wall|Lugia|100/100
|turn|43
|-message|Free Th3 Phoenix forfeited.
|
|win|seidou45
|raw|Free Th3 Phoenix's rating: 1751 &rarr; <strong>1732</strong><br />(-19 for losing)
|raw|seidou45's rating: 1773 &rarr; <strong>1792</strong><br />(+19 for winning)
|c|☆seidou45|gg
|c|☆Free Th3 Phoenix|not a gg
|c|☆Free Th3 Phoenix|cuz
|c| rowletroost|yess seidou
|c|☆Free Th3 Phoenix|everyone is cteaming me
|c| rowletroost|good job
|c|☆Free Th3 Phoenix|bro why does everyone legit target me?
|c|☆Free Th3 Phoenix|People get rekt by me so theyre jealous
|c| rowletroost|cus u talk so much shit
||Ladder isn't responding, score probably updated but might not have (Request timeout).
|l|☆Free Th3 Phoenix
