|j|☆yiyi yizi
|j|☆chopforce8
|t:|1642893625
|gametype|singles
|player|p1|yiyi yizi|hilbert|1492
|player|p2|chopforce8|red|1686
|teamsize|p1|6
|teamsize|p2|6
|gen|8
|tier|[Gen 8] National Dex AG
|rated|
|rule|HP Percentage Mod: HP is shown in percentages
|rule|Endless Battle Clause: Forcing endless battles is banned
|clearpoke
|poke|p1|Whimsicott, M|
|poke|p1|Gliscor, M|
|poke|p1|Corsola-Galar, M|
|poke|p1|Greninja, F|
|poke|p1|Lugia|
|poke|p1|Magnemite, L1|
|poke|p2|Ditto|
|poke|p2|Shedinja|
|poke|p2|Ditto|
|poke|p2|Sableye, M|
|poke|p2|Necrozma-Dusk-Mane|
|poke|p2|Arceus-*|
|teampreview
|inactive|Battle timer is ON: inactive players will automatically lose when time's up. (requested by yiyi yizi)
|inactive|chopforce8 has 120 seconds left.
|
|t:|1642893663
|start
|switch|p1a: Greninja|Greninja, F|100/100
|switch|p2a: Sableye|Sableye, M|100/100
|turn|1
|
|t:|1642893673
|switch|p1a: Lugia|Lugia, shiny|100/100
|detailschange|p2a: Sableye|Sableye-Mega, M
|-mega|p2a: Sableye|Sableye|Sablenite
|move|p2a: Sableye|Fake Out|p1a: Lugia
|-damage|p1a: Lugia|98/100
|
|-heal|p1a: Lugia|100/100|[from] item: Leftovers
|upkeep
|turn|2
|
|t:|1642893703
|move|p1a: Lugia|Substitute|p1a: Lugia
|-start|p1a: Lugia|Substitute
|-damage|p1a: Lugia|75/100
|move|p2a: Sableye|Will-O-Wisp||[still]
|-fail|p2a: Sableye
|
|-heal|p1a: Lugia|82/100|[from] item: Leftovers
|upkeep
|turn|3
|inactive|chopforce8 has 120 seconds left.
|
|t:|1642893721
|switch|p2a: Arceus|Arceus-Flying|100/100
|move|p1a: Lugia|Protect||[still]
|-fail|p1a: Lugia
|
|-heal|p1a: Lugia|88/100|[from] item: Leftovers
|upkeep
|turn|4
|
|t:|1642893728
|switch|p2a: Necrozma|Necrozma-Dusk-Mane|100/100
|move|p1a: Lugia|Toxic|p2a: Necrozma|[miss]
|-miss|p1a: Lugia|p2a: Necrozma
|
|-heal|p1a: Lugia|94/100|[from] item: Leftovers
|upkeep
|turn|5
|
|t:|1642893735
|switch|p1a: Gliscor|Gliscor, M, shiny|100/100
|move|p2a: Necrozma|Dragon Dance|p2a: Necrozma
|-boost|p2a: Necrozma|atk|1
|-boost|p2a: Necrozma|spe|1
|
|-status|p1a: Gliscor|tox|[from] item: Toxic Orb
|upkeep
|turn|6
|
|t:|1642893743
|-start|p1a: Gliscor|Dynamax
|-heal|p1a: Gliscor|100/100 tox|[silent]
|move|p2a: Necrozma|Dragon Dance|p2a: Necrozma
|-boost|p2a: Necrozma|atk|1
|-boost|p2a: Necrozma|spe|1
|move|p1a: Gliscor|Max Quake|p2a: Necrozma
|-supereffective|p2a: Necrozma
|-damage|p2a: Necrozma|46/100
|-boost|p1a: Gliscor|spd|1
|
|upkeep
|turn|7
|
|t:|1642893752
|move|p2a: Necrozma|Morning Sun|p2a: Necrozma
|-heal|p2a: Necrozma|96/100
|move|p1a: Gliscor|Max Quake|p2a: Necrozma
|-supereffective|p2a: Necrozma
|-damage|p2a: Necrozma|45/100
|-boost|p1a: Gliscor|spd|1
|
|upkeep
|turn|8
|
|t:|1642893759
|move|p2a: Necrozma|Morning Sun|p2a: Necrozma
|-heal|p2a: Necrozma|95/100
|move|p1a: Gliscor|Max Quake|p2a: Necrozma
|-supereffective|p2a: Necrozma
|-damage|p2a: Necrozma|40/100
|-boost|p1a: Gliscor|spd|1
|
|-end|p1a: Gliscor|Dynamax
|-heal|p1a: Gliscor|100/100 tox|[silent]
|upkeep
|turn|9
|
|t:|1642893768
|move|p2a: Necrozma|Morning Sun|p2a: Necrozma
|-heal|p2a: Necrozma|89/100
|move|p1a: Gliscor|Earthquake|p2a: Necrozma
|-supereffective|p2a: Necrozma
|-damage|p2a: Necrozma|47/100
|
|upkeep
|turn|10
|
|t:|1642893774
|move|p2a: Necrozma|Morning Sun|p2a: Necrozma
|-heal|p2a: Necrozma|97/100
|move|p1a: Gliscor|Earthquake|p2a: Necrozma
|-supereffective|p2a: Necrozma
|-damage|p2a: Necrozma|60/100
|
|upkeep
|turn|11
|
|t:|1642893783
|-start|p2a: Necrozma|Dynamax
|-heal|p2a: Necrozma|60/100|[silent]
|move|p2a: Necrozma|Max Steelspike|p1a: Gliscor
|-damage|p1a: Gliscor|0 fnt
|-boost|p2a: Necrozma|def|1
|faint|p1a: Gliscor
|
|upkeep
|
|t:|1642893792
|switch|p1a: Corsola|Corsola-Galar, M, shiny|100/100
|turn|12
|
|t:|1642893795
|move|p2a: Necrozma|Max Quake|p1a: Corsola
|-damage|p1a: Corsola|45/100
|-boost|p2a: Necrozma|spd|1
|move|p1a: Corsola|Strength Sap|p2a: Necrozma
|-unboost|p2a: Necrozma|atk|1
|-heal|p1a: Corsola|100/100
|
|upkeep
|turn|13
|
|t:|1642893805
|move|p2a: Necrozma|Max Steelspike|p1a: Corsola
|-damage|p1a: Corsola|39/100
|-boost|p2a: Necrozma|def|1
|move|p1a: Corsola|Will-O-Wisp|p2a: Necrozma
|-status|p2a: Necrozma|brn
|
|-damage|p2a: Necrozma|57/100 brn|[from] brn
|-end|p2a: Necrozma|Dynamax
|-heal|p2a: Necrozma|57/100 brn|[silent]
|upkeep
|turn|14
|
|t:|1642893808
|move|p2a: Necrozma|Dragon Dance|p2a: Necrozma
|-boost|p2a: Necrozma|atk|1
|-boost|p2a: Necrozma|spe|1
|move|p1a: Corsola|Strength Sap|p2a: Necrozma
|-unboost|p2a: Necrozma|atk|1
|-heal|p1a: Corsola|100/100
|
|-damage|p2a: Necrozma|51/100 brn|[from] brn
|upkeep
|turn|15
|
|t:|1642893829
|move|p2a: Necrozma|Morning Sun|p2a: Necrozma
|-heal|p2a: Necrozma|100/100 brn
|move|p1a: Corsola|Strength Sap|p2a: Necrozma
|-unboost|p2a: Necrozma|atk|1
|
|-damage|p2a: Necrozma|95/100 brn|[from] brn
|upkeep
|turn|16
|
|t:|1642893839
|switch|p1a: Greninja|Greninja, F|100/100
|move|p2a: Necrozma|Dragon Dance|p2a: Necrozma
|-boost|p2a: Necrozma|atk|1
|-boost|p2a: Necrozma|spe|1
|
|-damage|p2a: Necrozma|89/100 brn|[from] brn
|upkeep
|turn|17
|
|t:|1642893845
|move|p2a: Necrozma|Earthquake|p1a: Greninja
|-damage|p1a: Greninja|48/100
|move|p1a: Greninja|Toxic Spikes|p2a: Necrozma
|-sidestart|p2: chopforce8|move: Toxic Spikes
|
|-damage|p2a: Necrozma|83/100 brn|[from] brn
|upkeep
|turn|18
|
|t:|1642893852
|switch|p1a: Lugia|Lugia, shiny|94/100
|move|p2a: Necrozma|Sunsteel Strike|p1a: Lugia
|-damage|p1a: Lugia|71/100
|
|-heal|p1a: Lugia|77/100|[from] item: Leftovers
|-damage|p2a: Necrozma|77/100 brn|[from] brn
|upkeep
|turn|19
|
|t:|1642893866
|switch|p2a: Sableye|Sableye-Mega, M|100/100
|-status|p2a: Sableye|psn
|move|p1a: Lugia|Roost|p1a: Lugia
|-heal|p1a: Lugia|100/100
|-singleturn|p1a: Lugia|move: Roost
|
|-damage|p2a: Sableye|88/100 psn|[from] psn
|upkeep
|turn|20
|
|t:|1642893878
|move|p1a: Lugia|Substitute|p1a: Lugia
|-start|p1a: Lugia|Substitute
|-damage|p1a: Lugia|75/100
|move|p2a: Sableye|Will-O-Wisp||[still]
|-fail|p2a: Sableye
|
|-heal|p1a: Lugia|82/100|[from] item: Leftovers
|-damage|p2a: Sableye|76/100 psn|[from] psn
|upkeep
|turn|21
|
|t:|1642893893
|switch|p2a: Arceus|Arceus-Flying|100/100
|move|p1a: Lugia|Toxic|p2a: Arceus
|-status|p2a: Arceus|tox
|
|-heal|p1a: Lugia|88/100|[from] item: Leftovers
|-damage|p2a: Arceus|94/100 tox|[from] psn
|upkeep
|turn|22
|
|t:|1642893901
|move|p1a: Lugia|Protect|p1a: Lugia
|-singleturn|p1a: Lugia|Protect
|move|p2a: Arceus|Perish Song|p2a: Arceus
|-start|p1a: Lugia|perish3|[silent]
|-start|p2a: Arceus|perish3|[silent]
|-fieldactivate|move: Perish Song
|
|-heal|p1a: Lugia|94/100|[from] item: Leftovers
|-damage|p2a: Arceus|82/100 tox|[from] psn
|-start|p2a: Arceus|perish3
|-start|p1a: Lugia|perish3
|upkeep
|turn|23
|
|t:|1642893913
|switch|p2a: Sableye|Sableye-Mega, M|76/100 psn
|move|p1a: Lugia|Toxic|p2a: Sableye
|move|p2a: Sableye|Toxic||[from]ability: Magic Bounce|[still]
|-fail|p2a: Sableye
|
|-heal|p1a: Lugia|100/100|[from] item: Leftovers
|-damage|p2a: Sableye|64/100 psn|[from] psn
|-start|p1a: Lugia|perish2
|upkeep
|turn|24
|
|t:|1642893927
|switch|p1a: Corsola|Corsola-Galar, M, shiny|100/100
|switch|p2a: Shedinja|Shedinja|100/100
|
|upkeep
|turn|25
|
|t:|1642893935
|switch|p2a: Sableye|Sableye-Mega, M|64/100 psn
|move|p1a: Corsola|Whirlpool|p2a: Sableye
|-damage|p2a: Sableye|60/100 psn
|-activate|p2a: Sableye|move: Whirlpool|[of] p1a: Corsola
|
|-damage|p2a: Sableye|47/100 psn|[from] psn
|-damage|p2a: Sableye|35/100 psn|[from] move: Whirlpool|[partiallytrapped]
|upkeep
|turn|26
|
|t:|1642893944
|move|p1a: Corsola|Night Shade|p2a: Sableye
|-damage|p2a: Sableye|2/100 psn
|move|p2a: Sableye|Recover|p2a: Sableye
|-heal|p2a: Sableye|52/100 psn
|
|-damage|p2a: Sableye|40/100 psn|[from] psn
|-damage|p2a: Sableye|28/100 psn|[from] move: Whirlpool|[partiallytrapped]
|upkeep
|turn|27
|
|t:|1642893954
|switch|p2a: Necrozma|Necrozma-Dusk-Mane|77/100 brn
|move|p1a: Corsola|Night Shade|p2a: Necrozma
|-damage|p2a: Necrozma|47/100 brn
|
|-damage|p2a: Necrozma|41/100 brn|[from] brn
|upkeep
|turn|28
|
|t:|1642893961
|move|p2a: Necrozma|Morning Sun|p2a: Necrozma
|-heal|p2a: Necrozma|91/100 brn
|move|p1a: Corsola|Whirlpool|p2a: Necrozma
|-damage|p2a: Necrozma|84/100 brn
|-activate|p2a: Necrozma|move: Whirlpool|[of] p1a: Corsola
|
|-damage|p2a: Necrozma|78/100 brn|[from] brn
|-damage|p2a: Necrozma|66/100 brn|[from] move: Whirlpool|[partiallytrapped]
|upkeep
|turn|29
|
|t:|1642893980
|move|p2a: Necrozma|Morning Sun|p2a: Necrozma
|-heal|p2a: Necrozma|100/100 brn
|move|p1a: Corsola|Night Shade|p2a: Necrozma
|-damage|p2a: Necrozma|71/100 brn
|
|-damage|p2a: Necrozma|65/100 brn|[from] brn
|-damage|p2a: Necrozma|52/100 brn|[from] move: Whirlpool|[partiallytrapped]
|upkeep
|turn|30
|
|t:|1642893989
|move|p2a: Necrozma|Morning Sun|p2a: Necrozma
|-heal|p2a: Necrozma|100/100 brn
|move|p1a: Corsola|Night Shade|p2a: Necrozma
|-damage|p2a: Necrozma|71/100 brn
|
|-damage|p2a: Necrozma|65/100 brn|[from] brn
|-damage|p2a: Necrozma|52/100 brn|[from] move: Whirlpool|[partiallytrapped]
|upkeep
|turn|31
|
|t:|1642894002
|move|p2a: Necrozma|Sunsteel Strike|p1a: Corsola
|-damage|p1a: Corsola|86/100
|move|p1a: Corsola|Night Shade|p2a: Necrozma
|-damage|p2a: Necrozma|23/100 brn
|
|-damage|p2a: Necrozma|17/100 brn|[from] brn
|-damage|p2a: Necrozma|4/100 brn|[from] move: Whirlpool|[partiallytrapped]
|upkeep
|turn|32
|
|t:|1642894016
|move|p2a: Necrozma|Sunsteel Strike|p1a: Corsola
|-damage|p1a: Corsola|72/100
|move|p1a: Corsola|Strength Sap|p2a: Necrozma
|-unboost|p2a: Necrozma|atk|1
|-heal|p1a: Corsola|100/100
|
|-damage|p2a: Necrozma|0 fnt|[from] brn
|faint|p2a: Necrozma
|upkeep
|
|t:|1642894030
|switch|p2a: Arceus|Arceus-Flying|82/100 tox
|turn|33
|
|t:|1642894035
|move|p2a: Arceus|Calm Mind|p2a: Arceus
|-boost|p2a: Arceus|spa|1
|-boost|p2a: Arceus|spd|1
|move|p1a: Corsola|Whirlpool|p2a: Arceus
|-damage|p2a: Arceus|80/100 tox
|-activate|p2a: Arceus|move: Whirlpool|[of] p1a: Corsola
|
|-damage|p2a: Arceus|73/100 tox|[from] psn
|-damage|p2a: Arceus|61/100 tox|[from] move: Whirlpool|[partiallytrapped]
|upkeep
|turn|34
|
|t:|1642894044
|move|p2a: Arceus|Judgment|p1a: Corsola
|-damage|p1a: Corsola|51/100
|move|p1a: Corsola|Night Shade|p2a: Arceus
|-damage|p2a: Arceus|38/100 tox
|
|-damage|p2a: Arceus|26/100 tox|[from] psn
|-damage|p2a: Arceus|14/100 tox|[from] move: Whirlpool|[partiallytrapped]
|upkeep
|turn|35
|
|t:|1642894051
|move|p2a: Arceus|Judgment|p1a: Corsola
|-crit|p1a: Corsola
|-damage|p1a: Corsola|0 fnt
|faint|p1a: Corsola
|
|-damage|p2a: Arceus|0 fnt|[from] psn
|faint|p2a: Arceus
|upkeep
|
|t:|1642894062
|switch|p2a: Sableye|Sableye-Mega, M|28/100 psn
|switch|p1a: Greninja|Greninja, F|48/100
|turn|36
|
|t:|1642894067
|move|p2a: Sableye|Fake Out|p1a: Greninja
|-damage|p1a: Greninja|34/100
|cant|p1a: Greninja|flinch
|
|-damage|p2a: Sableye|16/100 psn|[from] psn
|upkeep
|turn|37
|
|t:|1642894076
|switch|p2a: Ditto|Ditto|100/100
|-status|p2a: Ditto|psn
|-transform|p2a: Ditto|p1a: Greninja|[from] ability: Imposter
|move|p1a: Greninja|Dark Pulse|p2a: Ditto
|-resisted|p2a: Ditto
|-damage|p2a: Ditto|76/100 psn
|
|-damage|p2a: Ditto|63/100 psn|[from] psn
|upkeep
|turn|38
|
|t:|1642894093
|move|p2a: Ditto|Toxic|p1a: Greninja
|-status|p1a: Greninja|tox
|move|p1a: Greninja|Toxic Spikes|p2a: Ditto
|-sidestart|p2: chopforce8|move: Toxic Spikes
|
|-damage|p2a: Ditto|51/100 psn|[from] psn
|-damage|p1a: Greninja|28/100 tox|[from] psn
|upkeep
|turn|39
|
|t:|1642894109
|switch|p1a: Magnemite|Magnemite, L1, shiny|100/100
|move|p2a: Ditto|Toxic|p1a: Magnemite
|-immune|p1a: Magnemite
|
|-damage|p2a: Ditto|39/100 psn|[from] psn
|upkeep
|turn|40
|
|t:|1642894121
|switch|p2a: Sableye|Sableye-Mega, M|16/100 psn
|move|p1a: Magnemite|Substitute|p1a: Magnemite
|-start|p1a: Magnemite|Substitute
|-damage|p1a: Magnemite|82/100
|
|-damage|p2a: Sableye|3/100 psn|[from] psn
|upkeep
|turn|41
|
|t:|1642894128
|move|p1a: Magnemite|Protect|p1a: Magnemite
|-singleturn|p1a: Magnemite|Protect
|move|p2a: Sableye|Recover|p2a: Sableye
|-heal|p2a: Sableye|54/100 psn
|
|-damage|p2a: Sableye|41/100 psn|[from] psn
|upkeep
|turn|42
|
|t:|1642894135
|move|p2a: Sableye|Recover|p2a: Sableye
|-heal|p2a: Sableye|92/100 psn
|move|p1a: Magnemite|Substitute|p1a: Magnemite
|-fail|p1a: Magnemite|move: Substitute
|
|-damage|p2a: Sableye|79/100 psn|[from] psn
|upkeep
|turn|43
|
|t:|1642894147
|move|p1a: Magnemite|Protect|p1a: Magnemite
|-singleturn|p1a: Magnemite|Protect
|move|p2a: Sableye|Foul Play|p1a: Magnemite
|-activate|p1a: Magnemite|move: Protect
|
|-damage|p2a: Sableye|67/100 psn|[from] psn
|upkeep
|turn|44
|
|t:|1642894154
|move|p2a: Sableye|Foul Play|p1a: Magnemite
|-end|p1a: Magnemite|Substitute
|move|p1a: Magnemite|Substitute|p1a: Magnemite
|-start|p1a: Magnemite|Substitute
|-damage|p1a: Magnemite|64/100
|
|-damage|p2a: Sableye|55/100 psn|[from] psn
|upkeep
|turn|45
|
|t:|1642894161
|move|p1a: Magnemite|Protect|p1a: Magnemite
|-singleturn|p1a: Magnemite|Protect
|move|p2a: Sableye|Foul Play|p1a: Magnemite
|-activate|p1a: Magnemite|move: Protect
|
|-damage|p2a: Sableye|43/100 psn|[from] psn
|upkeep
|turn|46
|
|t:|1642894175
|move|p2a: Sableye|Recover|p2a: Sableye
|-heal|p2a: Sableye|93/100 psn
|move|p1a: Magnemite|Substitute|p1a: Magnemite
|-fail|p1a: Magnemite|move: Substitute
|
|-damage|p2a: Sableye|81/100 psn|[from] psn
|upkeep
|turn|47
|
|t:|1642894186
|move|p1a: Magnemite|Protect|p1a: Magnemite
|-singleturn|p1a: Magnemite|Protect
|move|p2a: Sableye|Foul Play|p1a: Magnemite
|-activate|p1a: Magnemite|move: Protect
|
|-damage|p2a: Sableye|68/100 psn|[from] psn
|upkeep
|turn|48
|
|t:|1642894193
|move|p2a: Sableye|Foul Play|p1a: Magnemite
|-end|p1a: Magnemite|Substitute
|move|p1a: Magnemite|Substitute|p1a: Magnemite
|-start|p1a: Magnemite|Substitute
|-damage|p1a: Magnemite|46/100
|-enditem|p1a: Magnemite|Berry Juice
|-heal|p1a: Magnemite|100/100|[from] item: Berry Juice
|
|-damage|p2a: Sableye|56/100 psn|[from] psn
|upkeep
|turn|49
|
|t:|1642894202
|move|p2a: Sableye|Recover|p2a: Sableye
|-heal|p2a: Sableye|100/100 psn
|move|p1a: Magnemite|Recycle|p1a: Magnemite
|-item|p1a: Magnemite|Berry Juice|[from] move: Recycle
|
|-damage|p2a: Sableye|88/100 psn|[from] psn
|upkeep
|turn|50
|
|t:|1642894214
|move|p1a: Magnemite|Protect|p1a: Magnemite
|-singleturn|p1a: Magnemite|Protect
|move|p2a: Sableye|Foul Play|p1a: Magnemite
|-activate|p1a: Magnemite|move: Protect
|
|-damage|p2a: Sableye|76/100 psn|[from] psn
|upkeep
|turn|51
|
|t:|1642894226
|move|p2a: Sableye|Foul Play|p1a: Magnemite
|-end|p1a: Magnemite|Substitute
|move|p1a: Magnemite|Substitute|p1a: Magnemite
|-start|p1a: Magnemite|Substitute
|-damage|p1a: Magnemite|82/100
|
|-damage|p2a: Sableye|64/100 psn|[from] psn
|upkeep
|turn|52
|
|t:|1642894238
|move|p1a: Magnemite|Protect|p1a: Magnemite
|-singleturn|p1a: Magnemite|Protect
|move|p2a: Sableye|Fake Out||[still]
|-hint|Fake Out only works on your first turn out.
|-fail|p2a: Sableye
|
|-damage|p2a: Sableye|52/100 psn|[from] psn
|upkeep
|turn|53
|
|t:|1642894246
|move|p2a: Sableye|Recover|p2a: Sableye
|-heal|p2a: Sableye|100/100 psn
|move|p1a: Magnemite|Substitute|p1a: Magnemite
|-fail|p1a: Magnemite|move: Substitute
|
|-damage|p2a: Sableye|88/100 psn|[from] psn
|upkeep
|turn|54
|
|t:|1642894259
|move|p1a: Magnemite|Protect|p1a: Magnemite
|-singleturn|p1a: Magnemite|Protect
|move|p2a: Sableye|Will-O-Wisp|p1a: Magnemite
|-activate|p1a: Magnemite|move: Protect
|
|-damage|p2a: Sableye|76/100 psn|[from] psn
|upkeep
|turn|55
|
|t:|1642894266
|move|p2a: Sableye|Foul Play|p1a: Magnemite
|-end|p1a: Magnemite|Substitute
|move|p1a: Magnemite|Substitute|p1a: Magnemite
|-start|p1a: Magnemite|Substitute
|-damage|p1a: Magnemite|64/100
|
|-damage|p2a: Sableye|64/100 psn|[from] psn
|upkeep
|turn|56
|
|t:|1642894273
|move|p1a: Magnemite|Protect|p1a: Magnemite
|-singleturn|p1a: Magnemite|Protect
|move|p2a: Sableye|Will-O-Wisp|p1a: Magnemite
|-activate|p1a: Magnemite|move: Protect
|
|-damage|p2a: Sableye|52/100 psn|[from] psn
|upkeep
|turn|57
|
|t:|1642894280
|move|p2a: Sableye|Foul Play|p1a: Magnemite
|-end|p1a: Magnemite|Substitute
|move|p1a: Magnemite|Substitute|p1a: Magnemite
|-start|p1a: Magnemite|Substitute
|-damage|p1a: Magnemite|46/100
|-enditem|p1a: Magnemite|Berry Juice
|-heal|p1a: Magnemite|100/100|[from] item: Berry Juice
|
|-damage|p2a: Sableye|39/100 psn|[from] psn
|upkeep
|turn|58
|
|t:|1642894290
|move|p2a: Sableye|Foul Play|p1a: Magnemite
|-end|p1a: Magnemite|Substitute
|move|p1a: Magnemite|Recycle|p1a: Magnemite
|-item|p1a: Magnemite|Berry Juice|[from] move: Recycle
|
|-damage|p2a: Sableye|27/100 psn|[from] psn
|upkeep
|turn|59
|
|t:|1642894297
|switch|p1a: Lugia|Lugia, shiny|100/100
|move|p2a: Sableye|Will-O-Wisp|p1a: Lugia
|-status|p1a: Lugia|brn
|
|-damage|p2a: Sableye|15/100 psn|[from] psn
|-damage|p1a: Lugia|94/100 brn|[from] brn
|upkeep
|turn|60
|
|t:|1642894308
|switch|p1a: Whimsicott|Whimsicott, M, shiny|100/100
|switch|p2a: Ditto|Ditto|39/100 psn
|-transform|p2a: Ditto|p1a: Whimsicott|[from] ability: Imposter
|
|-damage|p2a: Ditto|26/100 psn|[from] psn
|upkeep
|turn|61
|
|t:|1642894326
|switch|p2a: Sableye|Sableye-Mega, M|15/100 psn
|switch|p1a: Lugia|Lugia, shiny|94/100 brn
|
|-heal|p1a: Lugia|100/100 brn|[from] item: Leftovers
|-damage|p2a: Sableye|3/100 psn|[from] psn
|-damage|p1a: Lugia|94/100 brn|[from] brn
|upkeep
|turn|62
|
|t:|1642894336
|switch|p1a: Greninja|Greninja, F|28/100 tox
|move|p2a: Sableye|Recover|p2a: Sableye
|-heal|p2a: Sableye|53/100 psn
|
|-damage|p1a: Greninja|22/100 tox|[from] psn
|-damage|p2a: Sableye|41/100 psn|[from] psn
|upkeep
|turn|63
|
|t:|1642894342
|switch|p1a: Lugia|Lugia, shiny|94/100 brn
|switch|p2a: Ditto|Ditto|100/100
|-status|p2a: Ditto|tox
|-transform|p2a: Ditto|p1a: Lugia|[from] ability: Imposter
|
|-heal|p1a: Lugia|100/100 brn|[from] item: Leftovers
|-damage|p2a: Ditto|94/100 tox|[from] psn
|-damage|p1a: Lugia|94/100 brn|[from] brn
|upkeep
|turn|64
|
|t:|1642894362
|switch|p2a: Sableye|Sableye-Mega, M|41/100 psn
|switch|p1a: Magnemite|Magnemite, L1, shiny|100/100
|
|-damage|p2a: Sableye|29/100 psn|[from] psn
|upkeep
|turn|65
|
|t:|1642894370
|switch|p1a: Lugia|Lugia, shiny|94/100 brn
|move|p2a: Sableye|Recover|p2a: Sableye
|-heal|p2a: Sableye|79/100 psn
|
|-heal|p1a: Lugia|100/100 brn|[from] item: Leftovers
|-damage|p2a: Sableye|67/100 psn|[from] psn
|-damage|p1a: Lugia|94/100 brn|[from] brn
|upkeep
|turn|66
|
|t:|1642894383
|switch|p1a: Whimsicott|Whimsicott, M, shiny|100/100
|move|p2a: Sableye|Foul Play|p1a: Whimsicott
|-resisted|p1a: Whimsicott
|-crit|p1a: Whimsicott
|-damage|p1a: Whimsicott|90/100
|
|-heal|p1a: Whimsicott|96/100|[from] item: Leftovers
|-damage|p2a: Sableye|54/100 psn|[from] psn
|upkeep
|turn|67
|
|t:|1642894392
|switch|p1a: Lugia|Lugia, shiny|94/100 brn
|move|p2a: Sableye|Recover|p2a: Sableye
|-heal|p2a: Sableye|100/100 psn
|
|-heal|p1a: Lugia|100/100 brn|[from] item: Leftovers
|-damage|p2a: Sableye|88/100 psn|[from] psn
|-damage|p1a: Lugia|94/100 brn|[from] brn
|upkeep
|turn|68
|
|t:|1642894401
|switch|p1a: Whimsicott|Whimsicott, M, shiny|96/100
|switch|p2a: Ditto|Ditto|26/100 psn
|-transform|p2a: Ditto|p1a: Whimsicott|[from] ability: Imposter
|
|-heal|p1a: Whimsicott|100/100|[from] item: Leftovers
|-damage|p2a: Ditto|14/100 psn|[from] psn
|upkeep
|turn|69
|
|t:|1642894415
|switch|p2a: Shedinja|Shedinja|100/100
|move|p1a: Whimsicott|Protect||[still]
|-fail|p1a: Whimsicott
|
|upkeep
|turn|70
|
|t:|1642894423
|switch|p2a: Sableye|Sableye-Mega, M|88/100 psn
|move|p1a: Whimsicott|Leech Seed|p2a: Sableye
|move|p2a: Sableye|Leech Seed|p1a: Whimsicott|[from]ability: Magic Bounce
|-immune|p1a: Whimsicott
|
|-damage|p2a: Sableye|76/100 psn|[from] psn
|upkeep
|turn|71
|
|t:|1642894437
|switch|p1a: Lugia|Lugia, shiny|94/100 brn
|switch|p2a: Shedinja|Shedinja|100/100
|
|-heal|p1a: Lugia|100/100 brn|[from] item: Leftovers
|-damage|p1a: Lugia|94/100 brn|[from] brn
|upkeep
|turn|72
|
|t:|1642894447
|switch|p2a: Sableye|Sableye-Mega, M|76/100 psn
|move|p1a: Lugia|Toxic|p2a: Sableye
|move|p2a: Sableye|Toxic||[from]ability: Magic Bounce|[still]
|-fail|p2a: Sableye
|
|-heal|p1a: Lugia|100/100 brn|[from] item: Leftovers
|-damage|p2a: Sableye|64/100 psn|[from] psn
|-damage|p1a: Lugia|94/100 brn|[from] brn
|upkeep
|turn|73
|
|t:|1642894458
|switch|p1a: Whimsicott|Whimsicott, M, shiny|100/100
|switch|p2a: Shedinja|Shedinja|100/100
|
|upkeep
|turn|74
|
|t:|1642894464
|switch|p1a: Lugia|Lugia, shiny|94/100 brn
|switch|p2a: Sableye|Sableye-Mega, M|64/100 psn
|
|-heal|p1a: Lugia|100/100 brn|[from] item: Leftovers
|-damage|p2a: Sableye|52/100 psn|[from] psn
|-damage|p1a: Lugia|94/100 brn|[from] brn
|upkeep
|turn|75
|
|t:|1642894478
|switch|p1a: Whimsicott|Whimsicott, M, shiny|100/100
|move|p2a: Sableye|Recover|p2a: Sableye
|-heal|p2a: Sableye|100/100 psn
|
|-damage|p2a: Sableye|88/100 psn|[from] psn
|upkeep
|turn|76
|
|t:|1642894490
|switch|p1a: Lugia|Lugia, shiny|94/100 brn
|switch|p2a: Shedinja|Shedinja|100/100
|
|-heal|p1a: Lugia|100/100 brn|[from] item: Leftovers
|-damage|p1a: Lugia|94/100 brn|[from] brn
|upkeep
|turn|77
|
|t:|1642894499
|switch|p1a: Whimsicott|Whimsicott, M, shiny|100/100
|switch|p2a: Ditto|Ditto|14/100 psn
|-transform|p2a: Ditto|p1a: Whimsicott|[from] ability: Imposter
|
|-damage|p2a: Ditto|2/100 psn|[from] psn
|upkeep
|turn|78
|
|t:|1642894509
|switch|p2a: Sableye|Sableye-Mega, M|88/100 psn
|switch|p1a: Lugia|Lugia, shiny|94/100 brn
|
|-heal|p1a: Lugia|100/100 brn|[from] item: Leftovers
|-damage|p2a: Sableye|76/100 psn|[from] psn
|-damage|p1a: Lugia|94/100 brn|[from] brn
|upkeep
|turn|79
|j| piolin 2.0
|
|t:|1642894520
|switch|p1a: Whimsicott|Whimsicott, M, shiny|100/100
|move|p2a: Sableye|Will-O-Wisp|p1a: Whimsicott
|-status|p1a: Whimsicott|brn
|
|-damage|p2a: Sableye|64/100 psn|[from] psn
|-damage|p1a: Whimsicott|94/100 brn|[from] brn
|upkeep
|turn|80
|
|t:|1642894531
|switch|p1a: Lugia|Lugia, shiny|94/100 brn
|switch|p2a: Ditto|Ditto|94/100 tox
|-transform|p2a: Ditto|p1a: Lugia|[from] ability: Imposter
|
|-heal|p1a: Lugia|100/100 brn|[from] item: Leftovers
|-damage|p2a: Ditto|88/100 tox|[from] psn
|-damage|p1a: Lugia|94/100 brn|[from] brn
|upkeep
|turn|81
|
|t:|1642894543
|switch|p1a: Whimsicott|Whimsicott, M, shiny|94/100 brn
|move|p2a: Ditto|Toxic||[still]
|-fail|p2a: Ditto
|
|-heal|p1a: Whimsicott|100/100 brn|[from] item: Leftovers
|-damage|p2a: Ditto|76/100 tox|[from] psn
|-damage|p1a: Whimsicott|94/100 brn|[from] brn
|upkeep
|turn|82
|
|t:|1642894555
|switch|p1a: Lugia|Lugia, shiny|94/100 brn
|switch|p2a: Sableye|Sableye-Mega, M|64/100 psn
|
|-heal|p1a: Lugia|100/100 brn|[from] item: Leftovers
|-damage|p2a: Sableye|52/100 psn|[from] psn
|-damage|p1a: Lugia|94/100 brn|[from] brn
|upkeep
|turn|83
|
|t:|1642894569
|switch|p1a: Whimsicott|Whimsicott, M, shiny|94/100 brn
|move|p2a: Sableye|Recover|p2a: Sableye
|-heal|p2a: Sableye|100/100 psn
|
|-heal|p1a: Whimsicott|100/100 brn|[from] item: Leftovers
|-damage|p2a: Sableye|88/100 psn|[from] psn
|-damage|p1a: Whimsicott|94/100 brn|[from] brn
|upkeep
|turn|84
|
|t:|1642894578
|switch|p1a: Lugia|Lugia, shiny|94/100 brn
|switch|p2a: Shedinja|Shedinja|100/100
|
|-heal|p1a: Lugia|100/100 brn|[from] item: Leftovers
|-damage|p1a: Lugia|94/100 brn|[from] brn
|upkeep
|turn|85
|
|t:|1642894591
|switch|p1a: Whimsicott|Whimsicott, M, shiny|94/100 brn
|switch|p2a: Sableye|Sableye-Mega, M|88/100 psn
|
|-heal|p1a: Whimsicott|100/100 brn|[from] item: Leftovers
|-damage|p2a: Sableye|76/100 psn|[from] psn
|-damage|p1a: Whimsicott|94/100 brn|[from] brn
|upkeep
|turn|86
|
|t:|1642894606
|switch|p1a: Lugia|Lugia, shiny|94/100 brn
|move|p2a: Sableye|Foul Play|p1a: Lugia
|-supereffective|p1a: Lugia
|-damage|p1a: Lugia|70/100 brn
|
|-heal|p1a: Lugia|76/100 brn|[from] item: Leftovers
|-damage|p2a: Sableye|64/100 psn|[from] psn
|-damage|p1a: Lugia|70/100 brn|[from] brn
|upkeep
|turn|87
|
|t:|1642894615
|switch|p1a: Whimsicott|Whimsicott, M, shiny|94/100 brn
|move|p2a: Sableye|Foul Play|p1a: Whimsicott
|-resisted|p1a: Whimsicott
|-damage|p1a: Whimsicott|86/100 brn
|
|-heal|p1a: Whimsicott|92/100 brn|[from] item: Leftovers
|-damage|p2a: Sableye|52/100 psn|[from] psn
|-damage|p1a: Whimsicott|86/100 brn|[from] brn
|upkeep
|turn|88
|
|t:|1642894628
|switch|p1a: Lugia|Lugia, shiny|70/100 brn
|move|p2a: Sableye|Foul Play|p1a: Lugia
|-supereffective|p1a: Lugia
|-damage|p1a: Lugia|49/100 brn
|
|-heal|p1a: Lugia|55/100 brn|[from] item: Leftovers
|-damage|p2a: Sableye|39/100 psn|[from] psn
|-damage|p1a: Lugia|49/100 brn|[from] brn
|upkeep
|turn|89
|
|t:|1642894639
|move|p1a: Lugia|Roost|p1a: Lugia
|-heal|p1a: Lugia|99/100 brn
|-singleturn|p1a: Lugia|move: Roost
|move|p2a: Sableye|Foul Play|p1a: Lugia
|-supereffective|p1a: Lugia
|-crit|p1a: Lugia
|-damage|p1a: Lugia|67/100 brn
|
|-heal|p1a: Lugia|73/100 brn|[from] item: Leftovers
|-damage|p2a: Sableye|27/100 psn|[from] psn
|-damage|p1a: Lugia|67/100 brn|[from] brn
|upkeep
|turn|90
|
|t:|1642894655
|switch|p1a: Whimsicott|Whimsicott, M, shiny|86/100 brn
|move|p2a: Sableye|Recover|p2a: Sableye
|-heal|p2a: Sableye|77/100 psn
|
|-heal|p1a: Whimsicott|92/100 brn|[from] item: Leftovers
|-damage|p2a: Sableye|65/100 psn|[from] psn
|-damage|p1a: Whimsicott|86/100 brn|[from] brn
|upkeep
|turn|91
|
|t:|1642894666
|switch|p2a: Shedinja|Shedinja|100/100
|move|p1a: Whimsicott|Protect||[still]
|-fail|p1a: Whimsicott
|
|-heal|p1a: Whimsicott|92/100 brn|[from] item: Leftovers
|-damage|p1a: Whimsicott|86/100 brn|[from] brn
|upkeep
|turn|92
|
|t:|1642894676
|switch|p2a: Sableye|Sableye-Mega, M|65/100 psn
|move|p1a: Whimsicott|Leech Seed|p2a: Sableye
|move|p2a: Sableye|Leech Seed|p1a: Whimsicott|[from]ability: Magic Bounce
|-immune|p1a: Whimsicott
|
|-heal|p1a: Whimsicott|92/100 brn|[from] item: Leftovers
|-damage|p2a: Sableye|53/100 psn|[from] psn
|-damage|p1a: Whimsicott|86/100 brn|[from] brn
|upkeep
|turn|93
|
|t:|1642894692
|move|p1a: Whimsicott|Leech Seed|p2a: Sableye
|move|p2a: Sableye|Leech Seed|p1a: Whimsicott|[from]ability: Magic Bounce
|-immune|p1a: Whimsicott
|move|p2a: Sableye|Recover|p2a: Sableye
|-heal|p2a: Sableye|100/100 psn
|
|-heal|p1a: Whimsicott|92/100 brn|[from] item: Leftovers
|-damage|p2a: Sableye|88/100 psn|[from] psn
|-damage|p1a: Whimsicott|86/100 brn|[from] brn
|upkeep
|turn|94
|
|t:|1642894704
|move|p1a: Whimsicott|Protect|p1a: Whimsicott
|-singleturn|p1a: Whimsicott|Protect
|move|p2a: Sableye|Foul Play|p1a: Whimsicott
|-activate|p1a: Whimsicott|move: Protect
|
|-heal|p1a: Whimsicott|92/100 brn|[from] item: Leftovers
|-damage|p2a: Sableye|76/100 psn|[from] psn
|-damage|p1a: Whimsicott|86/100 brn|[from] brn
|upkeep
|turn|95
|l| piolin 2.0
|
|t:|1642894724
|switch|p1a: Lugia|Lugia, shiny|67/100 brn
|switch|p2a: Shedinja|Shedinja|100/100
|
|-heal|p1a: Lugia|73/100 brn|[from] item: Leftovers
|-damage|p1a: Lugia|67/100 brn|[from] brn
|upkeep
|turn|96
|
|t:|1642894732
|switch|p2a: Sableye|Sableye-Mega, M|76/100 psn
|move|p1a: Lugia|Roost|p1a: Lugia
|-heal|p1a: Lugia|100/100 brn
|-singleturn|p1a: Lugia|move: Roost
|
|-damage|p2a: Sableye|64/100 psn|[from] psn
|-damage|p1a: Lugia|94/100 brn|[from] brn
|upkeep
|turn|97
|
|t:|1642894742
|switch|p1a: Whimsicott|Whimsicott, M, shiny|86/100 brn
|switch|p2a: Shedinja|Shedinja|100/100
|
|-heal|p1a: Whimsicott|92/100 brn|[from] item: Leftovers
|-damage|p1a: Whimsicott|86/100 brn|[from] brn
|upkeep
|turn|98
|
|t:|1642894754
|switch|p1a: Lugia|Lugia, shiny|94/100 brn
|switch|p2a: Sableye|Sableye-Mega, M|64/100 psn
|
|-heal|p1a: Lugia|100/100 brn|[from] item: Leftovers
|-damage|p2a: Sableye|52/100 psn|[from] psn
|-damage|p1a: Lugia|94/100 brn|[from] brn
|upkeep
|turn|99
|
|t:|1642894764
|switch|p1a: Whimsicott|Whimsicott, M, shiny|86/100 brn
|move|p2a: Sableye|Recover|p2a: Sableye
|-heal|p2a: Sableye|100/100 psn
|
|-heal|p1a: Whimsicott|92/100 brn|[from] item: Leftovers
|-damage|p2a: Sableye|88/100 psn|[from] psn
|-damage|p1a: Whimsicott|86/100 brn|[from] brn
|upkeep
|turn|100
|
|t:|1642894772
|switch|p2a: Ditto|Ditto|76/100 tox
|-transform|p2a: Ditto|p1a: Whimsicott|[from] ability: Imposter
|move|p1a: Whimsicott|Leech Seed|p2a: Ditto
|-immune|p2a: Ditto
|
|-heal|p1a: Whimsicott|92/100 brn|[from] item: Leftovers
|-damage|p2a: Ditto|70/100 tox|[from] psn
|-damage|p1a: Whimsicott|86/100 brn|[from] brn
|upkeep
|turn|101
|inactive|chopforce8 has 120 seconds left.
|
|t:|1642894786
|switch|p1a: Lugia|Lugia, shiny|94/100 brn
|move|p2a: Ditto|Leech Seed|p1a: Lugia
|-start|p1a: Lugia|move: Leech Seed
|
|-heal|p1a: Lugia|100/100 brn|[from] item: Leftovers
|-damage|p1a: Lugia|88/100 brn|[from] Leech Seed|[of] p2a: Ditto
|-heal|p2a: Ditto|88/100 tox|[silent]
|-damage|p2a: Ditto|76/100 tox|[from] psn
|-damage|p1a: Lugia|82/100 brn|[from] brn
|upkeep
|turn|102
|inactive|chopforce8 has 120 seconds left.
|
|t:|1642894797
|switch|p2a: Shedinja|Shedinja|100/100
|switch|p1a: Whimsicott|Whimsicott, M, shiny|86/100 brn
|
|-heal|p1a: Whimsicott|92/100 brn|[from] item: Leftovers
|-damage|p1a: Whimsicott|86/100 brn|[from] brn
|upkeep
|turn|103
|
|t:|1642894813
|switch|p1a: Lugia|Lugia, shiny|82/100 brn
|switch|p2a: Ditto|Ditto|76/100 tox
|-transform|p2a: Ditto|p1a: Lugia|[from] ability: Imposter
|
|-heal|p1a: Lugia|88/100 brn|[from] item: Leftovers
|-damage|p2a: Ditto|70/100 tox|[from] psn
|-damage|p1a: Lugia|82/100 brn|[from] brn
|upkeep
|turn|104
|
|t:|1642894824
|switch|p1a: Whimsicott|Whimsicott, M, shiny|86/100 brn
|move|p2a: Ditto|Roost|p2a: Ditto
|-heal|p2a: Ditto|100/100 tox
|-singleturn|p2a: Ditto|move: Roost
|
|-heal|p1a: Whimsicott|92/100 brn|[from] item: Leftovers
|-damage|p2a: Ditto|88/100 tox|[from] psn
|-damage|p1a: Whimsicott|86/100 brn|[from] brn
|upkeep
|turn|105
|inactive|chopforce8 has 90 seconds left.
|
|t:|1642894840
|switch|p1a: Greninja|Greninja, F|22/100 tox
|move|p2a: Ditto|Protect||[still]
|-fail|p2a: Ditto
|
|-damage|p1a: Greninja|16/100 tox|[from] psn
|-damage|p2a: Ditto|70/100 tox|[from] psn
|upkeep
|turn|106
|inactive|chopforce8 has 90 seconds left.
|
|t:|1642894847
|move|p2a: Ditto|Protect|p2a: Ditto
|-singleturn|p2a: Ditto|Protect
|move|p1a: Greninja|Dark Pulse|p2a: Ditto
|-activate|p2a: Ditto|move: Protect
|
|-damage|p1a: Greninja|4/100 tox|[from] psn
|-damage|p2a: Ditto|46/100 tox|[from] psn
|upkeep
|turn|107
|inactive|chopforce8 has 90 seconds left.
|
|t:|1642894856
|switch|p2a: Sableye|Sableye-Mega, M|88/100 psn
|move|p1a: Greninja|Dark Pulse|p2a: Sableye
|-damage|p2a: Sableye|61/100 psn
|
|-damage|p1a: Greninja|0 fnt|[from] psn
|faint|p1a: Greninja
|-damage|p2a: Sableye|48/100 psn|[from] psn
|upkeep
|
|t:|1642894860
|switch|p1a: Lugia|Lugia, shiny|82/100 brn
|turn|108
|
|t:|1642894868
|switch|p1a: Whimsicott|Whimsicott, M, shiny|86/100 brn
|switch|p2a: Ditto|Ditto|46/100 tox
|-transform|p2a: Ditto|p1a: Whimsicott|[from] ability: Imposter
|
|-heal|p1a: Whimsicott|92/100 brn|[from] item: Leftovers
|-damage|p2a: Ditto|40/100 tox|[from] psn
|-damage|p1a: Whimsicott|86/100 brn|[from] brn
|upkeep
|turn|109
|inactive|chopforce8 has 90 seconds left.
|
|t:|1642894881
|switch|p2a: Shedinja|Shedinja|100/100
|move|p1a: Whimsicott|Leech Seed|p2a: Shedinja
|-start|p2a: Shedinja|move: Leech Seed
|
|-heal|p1a: Whimsicott|92/100 brn|[from] item: Leftovers
|-damage|p2a: Shedinja|0 fnt|[from] Leech Seed|[of] p1a: Whimsicott
|-heal|p1a: Whimsicott|93/100 brn|[silent]
|faint|p2a: Shedinja
|-damage|p1a: Whimsicott|87/100 brn|[from] brn
|upkeep
|inactive|chopforce8 has 90 seconds left.
|
|t:|1642894893
|switch|p2a: Ditto|Ditto|2/100 psn
|-transform|p2a: Ditto|p1a: Whimsicott|[from] ability: Imposter
|turn|110
|c|☆yiyi yizi|wwowowowowowoomggmgogmogmgogm!!!!
|
|t:|1642894898
|switch|p2a: Sableye|Sableye-Mega, M|48/100 psn
|switch|p1a: Lugia|Lugia, shiny|82/100 brn
|
|-heal|p1a: Lugia|88/100 brn|[from] item: Leftovers
|-damage|p2a: Sableye|36/100 psn|[from] psn
|-damage|p1a: Lugia|82/100 brn|[from] brn
|upkeep
|turn|111
|c|☆chopforce8|lol
|inactive|chopforce8 has 90 seconds left.
|c|☆yiyi yizi|gg wp
|
|t:|1642894906
|switch|p1a: Whimsicott|Whimsicott, M, shiny|87/100 brn
|move|p2a: Sableye|Recover|p2a: Sableye
|-heal|p2a: Sableye|86/100 psn
|
|-heal|p1a: Whimsicott|93/100 brn|[from] item: Leftovers
|-damage|p2a: Sableye|74/100 psn|[from] psn
|-damage|p1a: Whimsicott|87/100 brn|[from] brn
|upkeep
|turn|112
|c|☆yiyi yizi|xD
|inactive|chopforce8 has 90 seconds left.
|
|t:|1642894932
|switch|p1a: Lugia|Lugia, shiny|82/100 brn
|move|p2a: Sableye|Foul Play|p1a: Lugia
|-supereffective|p1a: Lugia
|-damage|p1a: Lugia|57/100 brn
|
|-heal|p1a: Lugia|63/100 brn|[from] item: Leftovers
|-damage|p2a: Sableye|62/100 psn|[from] psn
|-damage|p1a: Lugia|57/100 brn|[from] brn
|upkeep
|turn|113
|c|☆chopforce8|gg
|c|☆yiyi yizi|gg wp
|
|t:|1642894943
|switch|p1a: Whimsicott|Whimsicott, M, shiny|87/100 brn
|move|p2a: Sableye|Foul Play|p1a: Whimsicott
|-resisted|p1a: Whimsicott
|-crit|p1a: Whimsicott
|-damage|p1a: Whimsicott|75/100 brn
|
|-heal|p1a: Whimsicott|82/100 brn|[from] item: Leftovers
|-damage|p2a: Sableye|50/100 psn|[from] psn
|-damage|p1a: Whimsicott|75/100 brn|[from] brn
|upkeep
|turn|114
|inactive|chopforce8 has 60 seconds left.
|
|t:|1642894956
|switch|p2a: Ditto|Ditto|40/100 tox
|-transform|p2a: Ditto|p1a: Whimsicott|[from] ability: Imposter
|move|p1a: Whimsicott|Protect||[still]
|-fail|p1a: Whimsicott
|
|-heal|p1a: Whimsicott|82/100 brn|[from] item: Leftovers
|-damage|p2a: Ditto|34/100 tox|[from] psn
|-damage|p1a: Whimsicott|75/100 brn|[from] brn
|upkeep
|turn|115
|inactive|chopforce8 has 60 seconds left.
|
|t:|1642894966
|switch|p1a: Lugia|Lugia, shiny|57/100 brn
|move|p2a: Ditto|Leech Seed|p1a: Lugia
|-start|p1a: Lugia|move: Leech Seed
|
|-heal|p1a: Lugia|63/100 brn|[from] item: Leftovers
|-damage|p1a: Lugia|51/100 brn|[from] Leech Seed|[of] p2a: Ditto
|-heal|p2a: Ditto|52/100 tox|[silent]
|-damage|p2a: Ditto|40/100 tox|[from] psn
|-damage|p1a: Lugia|45/100 brn|[from] brn
|upkeep
|turn|116
|
|t:|1642894977
|switch|p2a: Sableye|Sableye-Mega, M|50/100 psn
|move|p1a: Lugia|Roost|p1a: Lugia
|-heal|p1a: Lugia|95/100 brn
|-singleturn|p1a: Lugia|move: Roost
|
|-heal|p1a: Lugia|100/100 brn|[from] item: Leftovers
|-damage|p1a: Lugia|88/100 brn|[from] Leech Seed|[of] p2a: Sableye
|-heal|p2a: Sableye|67/100 psn|[silent]
|-damage|p2a: Sableye|55/100 psn|[from] psn
|-damage|p1a: Lugia|82/100 brn|[from] brn
|upkeep
|turn|117
|
|t:|1642894990
|switch|p1a: Whimsicott|Whimsicott, M, shiny|75/100 brn
|switch|p2a: Ditto|Ditto|40/100 tox
|-transform|p2a: Ditto|p1a: Whimsicott|[from] ability: Imposter
|
|-heal|p1a: Whimsicott|82/100 brn|[from] item: Leftovers
|-damage|p2a: Ditto|34/100 tox|[from] psn
|-damage|p1a: Whimsicott|75/100 brn|[from] brn
|upkeep
|turn|118
|
|t:|1642895004
|move|p1a: Whimsicott|Protect|p1a: Whimsicott
|-singleturn|p1a: Whimsicott|Protect
|move|p2a: Ditto|Leech Seed|p1a: Whimsicott
|-activate|p1a: Whimsicott|move: Protect
|
|-heal|p1a: Whimsicott|82/100 brn|[from] item: Leftovers
|-damage|p2a: Ditto|22/100 tox|[from] psn
|-damage|p1a: Whimsicott|75/100 brn|[from] brn
|upkeep
|turn|119
|
|t:|1642895017
|switch|p2a: Sableye|Sableye-Mega, M|55/100 psn
|move|p1a: Whimsicott|Leech Seed|p2a: Sableye
|move|p2a: Sableye|Leech Seed|p1a: Whimsicott|[from]ability: Magic Bounce
|-immune|p1a: Whimsicott
|
|-heal|p1a: Whimsicott|82/100 brn|[from] item: Leftovers
|-damage|p2a: Sableye|42/100 psn|[from] psn
|-damage|p1a: Whimsicott|75/100 brn|[from] brn
|upkeep
|turn|120
|inactive|chopforce8 has 30 seconds left.
|
|t:|1642895034
|switch|p2a: Ditto|Ditto|22/100 tox
|-transform|p2a: Ditto|p1a: Whimsicott|[from] ability: Imposter
|move|p1a: Whimsicott|Protect||[still]
|-fail|p1a: Whimsicott
|
|-heal|p1a: Whimsicott|82/100 brn|[from] item: Leftovers
|-damage|p2a: Ditto|16/100 tox|[from] psn
|-damage|p1a: Whimsicott|75/100 brn|[from] brn
|upkeep
|turn|121
|inactive|chopforce8 has 30 seconds left this turn.
|inactive|chopforce8 has 20 seconds left.
|
|t:|1642895045
|switch|p2a: Sableye|Sableye-Mega, M|42/100 psn
|move|p1a: Whimsicott|Leech Seed|p2a: Sableye
|move|p2a: Sableye|Leech Seed|p1a: Whimsicott|[from]ability: Magic Bounce
|-immune|p1a: Whimsicott
|
|-heal|p1a: Whimsicott|82/100 brn|[from] item: Leftovers
|-damage|p2a: Sableye|30/100 psn|[from] psn
|-damage|p1a: Whimsicott|75/100 brn|[from] brn
|upkeep
|turn|122
|inactive|chopforce8 has 25 seconds left this turn.
|inactive|chopforce8 has 20 seconds left.
|inactive|chopforce8 has 15 seconds left.
|
|t:|1642895058
|switch|p1a: Lugia|Lugia, shiny|82/100 brn
|move|p2a: Sableye|Recover|p2a: Sableye
|-heal|p2a: Sableye|80/100 psn
|
|-heal|p1a: Lugia|88/100 brn|[from] item: Leftovers
|-damage|p2a: Sableye|68/100 psn|[from] psn
|-damage|p1a: Lugia|82/100 brn|[from] brn
|upkeep
|turn|123
|inactive|chopforce8 has 20 seconds left this turn.
|c|☆yiyi yizi|ff?
|inactive|chopforce8 has 15 seconds left.
|c|☆chopforce8|ok
|inactive|chopforce8 has 10 seconds left.
|inactive|chopforce8 has 5 seconds left.
|
|t:|1642895073
|switch|p1a: Whimsicott|Whimsicott, M, shiny|75/100 brn
|move|p2a: Sableye|Foul Play|p1a: Whimsicott
|-resisted|p1a: Whimsicott
|-crit|p1a: Whimsicott
|-damage|p1a: Whimsicott|65/100 brn
|
|-heal|p1a: Whimsicott|71/100 brn|[from] item: Leftovers
|-damage|p2a: Sableye|56/100 psn|[from] psn
|-damage|p1a: Whimsicott|65/100 brn|[from] brn
|upkeep
|turn|124
|inactive|chopforce8 has 10 seconds left this turn.
|inactive|chopforce8 has 5 seconds left.
|
|t:|1642895082
|switch|p1a: Lugia|Lugia, shiny|82/100 brn
|move|p2a: Sableye|Foul Play|p1a: Lugia
|-supereffective|p1a: Lugia
|-damage|p1a: Lugia|60/100 brn
|
|-heal|p1a: Lugia|66/100 brn|[from] item: Leftovers
|-damage|p2a: Sableye|44/100 psn|[from] psn
|-damage|p1a: Lugia|60/100 brn|[from] brn
|upkeep
|turn|125
|inactive|chopforce8 has 10 seconds left this turn.
|inactive|chopforce8 has 5 seconds left.
|
|t:|1642895092
|switch|p1a: Whimsicott|Whimsicott, M, shiny|65/100 brn
|move|p2a: Sableye|Foul Play|p1a: Whimsicott
|-resisted|p1a: Whimsicott
|-damage|p1a: Whimsicott|58/100 brn
|
|-heal|p1a: Whimsicott|64/100 brn|[from] item: Leftovers
|-damage|p2a: Sableye|32/100 psn|[from] psn
|-damage|p1a: Whimsicott|58/100 brn|[from] brn
|upkeep
|turn|126
|inactive|chopforce8 has 10 seconds left this turn.
|inactive|chopforce8 has 5 seconds left.
|
|t:|1642895101
|switch|p1a: Lugia|Lugia, shiny|60/100 brn
|move|p2a: Sableye|Foul Play|p1a: Lugia
|-supereffective|p1a: Lugia
|-damage|p1a: Lugia|35/100 brn
|
|-heal|p1a: Lugia|41/100 brn|[from] item: Leftovers
|-damage|p2a: Sableye|19/100 psn|[from] psn
|-damage|p1a: Lugia|35/100 brn|[from] brn
|upkeep
|turn|127
|inactive|chopforce8 has 10 seconds left this turn.
|inactive|chopforce8 has 5 seconds left.
|-message|chopforce8 lost due to inactivity.
|
|win|yiyi yizi
|raw|yiyi yizi's rating: 1492 &rarr; <strong>1522</strong><br />(+30 for winning)
|raw|chopforce8's rating: 1686 &rarr; <strong>1656</strong><br />(-30 for losing)
|l|☆chopforce8
|c|☆yiyi yizi|xD
|c|☆yiyi yizi|gg wp
