|j|☆starkorea74
|j|☆tanomaly
|t:|1597352338
|player|p1|starkorea74|cynthia|1868
|player|p2|tanomaly|red|1710
|teamsize|p1|6
|teamsize|p2|6
|gametype|singles
|gen|8
|tier|[Gen 8] National Dex AG
|rated|
|clearpoke
|poke|p1|Necrozma-Dusk-Mane|
|poke|p1|Ho-Oh|
|poke|p1|Ditto|
|poke|p1|Arceus-*|
|poke|p1|Rayquaza|
|poke|p1|Yveltal|
|poke|p2|Mewtwo|
|poke|p2|Kyogre|
|poke|p2|Groudon|
|poke|p2|Rayquaza|
|poke|p2|Zacian-Crowned|
|poke|p2|Eternatus|
|rule|HP Percentage Mod: HP is shown in percentages
|rule|Endless Battle Clause: Forcing endless battles is banned
|teampreview
|inactive|Battle timer is ON: inactive players will automatically lose when time's up. (requested by tanomaly)
|
|t:|1597352352
|start
|switch|p1a: Rayquaza|Rayquaza|100/100
|switch|p2a: Rayquaza|Rayquaza|100/100
|-ability|p1a: Rayquaza|Air Lock
|-ability|p2a: Rayquaza|Air Lock
|turn|1
|
|t:|1597352360
|switch|p1a: Necrozma|Necrozma-Dusk-Mane|100/100
|detailschange|p2a: Rayquaza|Rayquaza-Mega
|-mega|p2a: Rayquaza|Rayquaza|
|-weather|DeltaStream|[from] ability: Delta Stream|[of] p2a: Rayquaza
|move|p2a: Rayquaza|Dragon Ascent|p1a: Necrozma
|-resisted|p1a: Necrozma
|-damage|p1a: Necrozma|71/100
|-unboost|p2a: Rayquaza|def|1
|-unboost|p2a: Rayquaza|spd|1
|-damage|p2a: Rayquaza|91/100|[from] item: Life Orb
|
|-weather|DeltaStream|[upkeep]
|-heal|p1a: Necrozma|77/100|[from] item: Leftovers
|upkeep
|turn|2
|
|t:|1597352372
|switch|p1a: Ho-Oh|Ho-Oh|100/100
|move|p2a: Rayquaza|V-create|p1a: Ho-Oh
|-resisted|p1a: Ho-Oh
|-damage|p1a: Ho-Oh|64/100
|-unboost|p2a: Rayquaza|spe|1
|-unboost|p2a: Rayquaza|def|1
|-unboost|p2a: Rayquaza|spd|1
|-damage|p2a: Rayquaza|81/100|[from] item: Life Orb
|
|-weather|DeltaStream|[upkeep]
|upkeep
|turn|3
|
|t:|1597352392
|switch|p1a: Necrozma|Necrozma-Dusk-Mane|77/100
|move|p2a: Rayquaza|Dragon Ascent|p1a: Necrozma
|-resisted|p1a: Necrozma
|-damage|p1a: Necrozma|47/100
|-unboost|p2a: Rayquaza|def|1
|-unboost|p2a: Rayquaza|spd|1
|-damage|p2a: Rayquaza|71/100|[from] item: Life Orb
|
|-weather|DeltaStream|[upkeep]
|-heal|p1a: Necrozma|54/100|[from] item: Leftovers
|upkeep
|turn|4
|
|t:|1597352402
|move|p2a: Rayquaza|Dragon Ascent|p1a: Necrozma
|-resisted|p1a: Necrozma
|-damage|p1a: Necrozma|22/100
|-unboost|p2a: Rayquaza|def|1
|-unboost|p2a: Rayquaza|spd|1
|-damage|p2a: Rayquaza|61/100|[from] item: Life Orb
|move|p1a: Necrozma|Morning Sun|p1a: Necrozma
|-heal|p1a: Necrozma|72/100
|
|-weather|DeltaStream|[upkeep]
|-heal|p1a: Necrozma|78/100|[from] item: Leftovers
|upkeep
|turn|5
|
|t:|1597352417
|switch|p1a: Ho-Oh|Ho-Oh|97/100
|move|p2a: Rayquaza|Dragon Ascent|p1a: Ho-Oh
|-damage|p1a: Ho-Oh|22/100
|-unboost|p2a: Rayquaza|def|1
|-unboost|p2a: Rayquaza|spd|1
|-damage|p2a: Rayquaza|51/100|[from] item: Life Orb
|
|-weather|DeltaStream|[upkeep]
|upkeep
|turn|6
|
|t:|1597352430
|switch|p1a: Necrozma|Necrozma-Dusk-Mane|78/100
|move|p2a: Rayquaza|V-create|p1a: Necrozma
|-supereffective|p1a: Necrozma
|-damage|p1a: Necrozma|0 fnt
|-unboost|p2a: Rayquaza|spe|1
|-unboost|p2a: Rayquaza|def|1
|-unboost|p2a: Rayquaza|spd|1
|-damage|p2a: Rayquaza|41/100|[from] item: Life Orb
|faint|p1a: Necrozma
|
|-weather|DeltaStream|[upkeep]
|upkeep
|
|t:|1597352439
|switch|p1a: Rayquaza|Rayquaza|100/100
|-ability|p1a: Rayquaza|Air Lock
|turn|7
|c|☆tanomaly|you gonna play or just switch, hahah
|
|t:|1597352444
|detailschange|p1a: Rayquaza|Rayquaza-Mega
|-mega|p1a: Rayquaza|Rayquaza|
|move|p1a: Rayquaza|Extreme Speed|p2a: Rayquaza
|-damage|p2a: Rayquaza|0 fnt
|-damage|p1a: Rayquaza|91/100|[from] item: Life Orb
|faint|p2a: Rayquaza
|
|-weather|DeltaStream|[upkeep]
|upkeep
|
|t:|1597352451
|switch|p2a: Eternatus|Eternatus|100/100
|-ability|p2a: Eternatus|Pressure
|turn|8
|
|t:|1597352457
|-weather|none
|switch|p1a: Arceus|Arceus-Dark|100/100
|move|p2a: Eternatus|Dynamax Cannon|p1a: Arceus
|-damage|p1a: Arceus|70/100
|
|upkeep
|turn|9
|
|t:|1597352470
|move|p1a: Arceus|Judgment|p2a: Eternatus
|-damage|p2a: Eternatus|62/100
|move|p2a: Eternatus|Dragon Tail|p1a: Arceus
|-damage|p1a: Arceus|59/100
|drag|p1a: Yveltal|Yveltal, shiny|100/100
|-ability|p1a: Yveltal|Dark Aura
|
|upkeep
|turn|10
|
|t:|1597352484
|-start|p1a: Yveltal|Dynamax
|-heal|p1a: Yveltal|100/100|[silent]
|move|p2a: Eternatus|Dynamax Cannon|p1a: Yveltal
|-crit|p1a: Yveltal
|-damage|p1a: Yveltal|19/100
|move|p1a: Yveltal|Max Airstream|p2a: Eternatus
|-damage|p2a: Eternatus|0 fnt
|-boost|p1a: Yveltal|spe|1
|-damage|p1a: Yveltal|14/100|[from] item: Life Orb
|faint|p2a: Eternatus
|
|upkeep
|
|t:|1597352498
|switch|p2a: Kyogre|Kyogre|100/100
|detailschange|p2a: Kyogre|Kyogre-Primal
|-primal|p2a: Kyogre
|-weather|PrimordialSea|[from] ability: Primordial Sea|[of] p2a: Kyogre
|turn|11
|
|t:|1597352508
|move|p1a: Yveltal|Max Darkness|p2a: Kyogre
|-damage|p2a: Kyogre|8/100
|-unboost|p2a: Kyogre|spd|1
|-damage|p1a: Yveltal|9/100|[from] item: Life Orb
|move|p2a: Kyogre|Thunder|p1a: Yveltal
|-supereffective|p1a: Yveltal
|-damage|p1a: Yveltal|0 fnt
|faint|p1a: Yveltal
|
|-weather|PrimordialSea|[upkeep]
|upkeep
|
|t:|1597352519
|switch|p1a: Rayquaza|Rayquaza-Mega|91/100
|-weather|DeltaStream|[from] ability: Delta Stream|[of] p1a: Rayquaza
|turn|12
|
|t:|1597352539
|move|p1a: Rayquaza|Extreme Speed|p2a: Kyogre
|-damage|p2a: Kyogre|0 fnt
|-damage|p1a: Rayquaza|81/100|[from] item: Life Orb
|faint|p2a: Kyogre
|
|-weather|DeltaStream|[upkeep]
|upkeep
|
|t:|1597352559
|switch|p2a: Mewtwo|Mewtwo|100/100
|-ability|p2a: Mewtwo|Unnerve|p1: starkorea74
|turn|13
|
|t:|1597352570
|-weather|none
|switch|p1a: Ho-Oh|Ho-Oh|55/100
|-start|p2a: Mewtwo|Dynamax
|-heal|p2a: Mewtwo|100/100|[silent]
|move|p2a: Mewtwo|Max Hailstorm|p1a: Ho-Oh
|-damage|p1a: Ho-Oh|25/100
|-weather|Hail
|
|-weather|Hail|[upkeep]
|-damage|p2a: Mewtwo|97/100|[from] Hail
|-damage|p1a: Ho-Oh|19/100|[from] Hail
|upkeep
|turn|14
|
|t:|1597352584
|move|p2a: Mewtwo|Max Hailstorm|p1a: Ho-Oh
|-damage|p1a: Ho-Oh|0 fnt
|faint|p1a: Ho-Oh
|
|-weather|Hail|[upkeep]
|-damage|p2a: Mewtwo|94/100|[from] Hail
|upkeep
|
|t:|1597352590
|switch|p1a: Arceus|Arceus-Dark|59/100
|turn|15
|
|t:|1597352603
|move|p2a: Mewtwo|Max Hailstorm|p1a: Arceus
|-damage|p1a: Arceus|33/100
|move|p1a: Arceus|Recover|p1a: Arceus
|-heal|p1a: Arceus|83/100
|
|-weather|Hail|[upkeep]
|-damage|p2a: Mewtwo|91/100|[from] Hail
|-damage|p1a: Arceus|77/100|[from] Hail
|-end|p2a: Mewtwo|Dynamax
|-heal|p2a: Mewtwo|91/100|[silent]
|upkeep
|turn|16
|
|t:|1597352613
|move|p2a: Mewtwo|Ice Beam|p1a: Arceus
|-damage|p1a: Arceus|59/100
|move|p1a: Arceus|Judgment|p2a: Mewtwo
|-supereffective|p2a: Mewtwo
|-damage|p2a: Mewtwo|0 fnt
|faint|p2a: Mewtwo
|
|-weather|Hail|[upkeep]
|-damage|p1a: Arceus|53/100|[from] Hail
|upkeep
|
|t:|1597352628
|switch|p2a: Dittos R 4 Bitches|Zacian-Crowned|100/100
|-ability|p2a: Dittos R 4 Bitches|Intrepid Sword|boost
|-boost|p2a: Dittos R 4 Bitches|atk|1
|turn|17
|
|t:|1597352638
|move|p2a: Dittos R 4 Bitches|Play Rough|p1a: Arceus
|-supereffective|p1a: Arceus
|-damage|p1a: Arceus|0 fnt
|faint|p1a: Arceus
|
|-weather|none
|upkeep
|
|t:|1597352643
|switch|p1a: Ditto|Ditto|100/100
|-transform|p1a: Ditto|p2a: Dittos R 4 Bitches|[from] ability: Imposter
|-ability|p1a: Ditto|Intrepid Sword|boost
|-boost|p1a: Ditto|atk|1
|turn|18
|inactive|tanomaly has 120 seconds left.
|
|t:|1597352674
|move|p1a: Ditto|Behemoth Blade|p2a: Dittos R 4 Bitches
|-damage|p2a: Dittos R 4 Bitches|0 fnt
|faint|p2a: Dittos R 4 Bitches
|
|upkeep
|
|t:|1597352678
|switch|p2a: Groudon|Groudon|100/100
|detailschange|p2a: Groudon|Groudon-Primal
|-primal|p2a: Groudon
|-weather|DesolateLand|[from] ability: Desolate Land|[of] p2a: Groudon
|turn|19
|
|t:|1597352685
|move|p1a: Ditto|Behemoth Blade|p2a: Groudon
|-resisted|p2a: Groudon
|-damage|p2a: Groudon|53/100
|move|p2a: Groudon|Fire Punch|p1a: Ditto
|-supereffective|p1a: Ditto
|-damage|p1a: Ditto|0 fnt
|faint|p1a: Ditto
|
|-weather|DesolateLand|[upkeep]
|upkeep
|
|t:|1597352692
|switch|p1a: Rayquaza|Rayquaza-Mega|81/100
|-weather|DeltaStream|[from] ability: Delta Stream|[of] p1a: Rayquaza
|turn|20
|
|t:|1597352697
|move|p1a: Rayquaza|Dragon Ascent|p2a: Groudon
|-damage|p2a: Groudon|0 fnt
|-unboost|p1a: Rayquaza|def|1
|-unboost|p1a: Rayquaza|spd|1
|-damage|p1a: Rayquaza|71/100|[from] item: Life Orb
|faint|p2a: Groudon
|
|win|starkorea74
|l|☆tanomaly
|l|☆starkorea74
