|j|☆The AlphaOm3ga
|j|☆mardydu
|t:|1661332573
|gametype|singles
|player|p1|The AlphaOm3ga|lance-masters|1532
|player|p2|mardydu|boarder|1710
|teamsize|p1|6
|teamsize|p2|6
|gen|8
|tier|[Gen 8] National Dex AG
|rated|
|rule|HP Percentage Mod: HP is shown in percentages
|rule|Endless Battle Clause: Forcing endless battles is banned
|clearpoke
|poke|p1|Arcanine, M|
|poke|p1|Yveltal|
|poke|p1|Zygarde|
|poke|p1|Zacian-*|
|poke|p1|Kyogre|
|poke|p1|Calyrex-Shadow|
|poke|p2|Kyurem-White|
|poke|p2|Calyrex-Shadow|
|poke|p2|Rayquaza|
|poke|p2|Regieleki|
|poke|p2|Smeargle, F|
|poke|p2|Skarmory, M|
|teampreview
|inactive|Battle timer is ON: inactive players will automatically lose when time's up. (requested by mardydu)
|inactive|The AlphaOm3ga also wants the timer to be on.
|
|t:|1661332583
|start
|switch|p1a: Zacian|Zacian-Crowned|100/100
|switch|p2a: Skarmory|Skarmory, M|100/100
|-ability|p1a: Zacian|Intrepid Sword|boost
|-boost|p1a: Zacian|atk|1
|turn|1
|
|t:|1661332600
|move|p1a: Zacian|Wild Charge|p2a: Skarmory
|-supereffective|p2a: Skarmory
|-damage|p2a: Skarmory|36/100
|-damage|p1a: Zacian|84/100|[from] item: Rocky Helmet|[of] p2a: Skarmory
|-damage|p1a: Zacian|67/100|[from] Recoil
|move|p2a: Skarmory|Stealth Rock|p1a: Zacian
|-sidestart|p1: The AlphaOm3ga|move: Stealth Rock
|
|upkeep
|turn|2
|
|t:|1661332607
|switch|p1a: Yveltal|Yveltal|100/100
|-ability|p1a: Yveltal|Dark Aura
|move|p2a: Skarmory|Taunt|p1a: Yveltal
|-start|p1a: Yveltal|move: Taunt
|
|upkeep
|turn|3
|
|t:|1661332611
|move|p1a: Yveltal|Snarl|p2a: Skarmory
|-damage|p2a: Skarmory|0 fnt
|faint|p2a: Skarmory
|
|upkeep
|
|t:|1661332617
|switch|p2a: Kurem|Kyurem-White, shiny|100/100
|-ability|p2a: Kurem|Turboblaze
|turn|4
|
|t:|1661332625
|switch|p1a: Kyogre|Kyogre|100/100
|-damage|p1a: Kyogre|88/100|[from] Stealth Rock
|detailschange|p1a: Kyogre|Kyogre-Primal
|-primal|p1a: Kyogre
|-weather|PrimordialSea|[from] ability: Primordial Sea|[of] p1a: Kyogre
|move|p2a: Kurem|Ice Beam|p1a: Kyogre
|-resisted|p1a: Kyogre
|-damage|p1a: Kyogre|74/100
|
|-weather|PrimordialSea|[upkeep]
|upkeep
|turn|5
|
|t:|1661332638
|switch|p2a: JumpingMan|Regieleki|100/100
|-weather|none
|switch|p1a: Zacian|Zacian-Crowned|67/100
|-damage|p1a: Zacian|61/100|[from] Stealth Rock
|-ability|p1a: Zacian|Intrepid Sword|boost
|-boost|p1a: Zacian|atk|1
|
|upkeep
|turn|6
|
|t:|1661332644
|switch|p2a: Kurem|Kyurem-White, shiny|100/100
|-ability|p2a: Kurem|Turboblaze
|switch|p1a: Zygarde|Zygarde|100/100
|-damage|p1a: Zygarde|94/100|[from] Stealth Rock
|
|-heal|p1a: Zygarde|100/100|[from] item: Leftovers
|upkeep
|turn|7
|
|t:|1661332650
|switch|p1a: Arcanine|Arcanine, M|100/100
|-ability|p1a: Arcanine|Intimidate|boost
|-unboost|p2a: Kurem|atk|1
|move|p2a: Kurem|Ice Beam|p1a: Arcanine
|-resisted|p1a: Arcanine
|-damage|p1a: Arcanine|69/100
|
|upkeep
|turn|8
|
|t:|1661332659
|move|p2a: Kurem|Ice Beam|p1a: Arcanine
|-resisted|p1a: Arcanine
|-damage|p1a: Arcanine|40/100
|move|p1a: Arcanine|Will-O-Wisp|p2a: Kurem
|-status|p2a: Kurem|brn
|
|-damage|p2a: Kurem|94/100 brn|[from] brn
|upkeep
|turn|9
|
|t:|1661332668
|move|p2a: Kurem|Ice Beam|p1a: Arcanine
|-resisted|p1a: Arcanine
|-damage|p1a: Arcanine|8/100
|move|p1a: Arcanine|Morning Sun|p1a: Arcanine
|-heal|p1a: Arcanine|58/100
|
|-damage|p2a: Kurem|88/100 brn|[from] brn
|upkeep
|turn|10
|
|t:|1661332674
|switch|p2a: Smeargle|Smeargle, F|100/100
|move|p1a: Arcanine|Close Combat|p2a: Smeargle
|-supereffective|p2a: Smeargle
|-crit|p2a: Smeargle
|-enditem|p2a: Smeargle|Focus Sash
|-damage|p2a: Smeargle|1/100
|-unboost|p1a: Arcanine|def|1
|-unboost|p1a: Arcanine|spd|1
|
|-ability|p2a: Smeargle|Moody|boost
|-boost|p2a: Smeargle|def|2
|-unboost|p2a: Smeargle|spd|1
|upkeep
|turn|11
|
|t:|1661332685
|switch|p1a: Zygarde|Zygarde|100/100
|-damage|p1a: Zygarde|94/100|[from] Stealth Rock
|move|p2a: Smeargle|Spore|p1a: Zygarde
|-status|p1a: Zygarde|slp|[from] move: Spore
|
|-heal|p1a: Zygarde|100/100 slp|[from] item: Leftovers
|-ability|p2a: Smeargle|Moody|boost
|-boost|p2a: Smeargle|atk|2
|-unboost|p2a: Smeargle|spe|1
|upkeep
|turn|12
|
|t:|1661332691
|switch|p1a: Zacian|Zacian-Crowned|61/100
|-damage|p1a: Zacian|55/100|[from] Stealth Rock
|-ability|p1a: Zacian|Intrepid Sword|boost
|-boost|p1a: Zacian|atk|1
|move|p2a: Smeargle|Shell Smash|p2a: Smeargle
|-unboost|p2a: Smeargle|def|1
|-unboost|p2a: Smeargle|spd|1
|-boost|p2a: Smeargle|atk|2
|-boost|p2a: Smeargle|spa|2
|-boost|p2a: Smeargle|spe|2
|
|-ability|p2a: Smeargle|Moody|boost
|-boost|p2a: Smeargle|atk|2
|-unboost|p2a: Smeargle|def|1
|upkeep
|turn|13
|
|t:|1661332695
|move|p1a: Zacian|Behemoth Blade|p2a: Smeargle
|-damage|p2a: Smeargle|0 fnt
|faint|p2a: Smeargle
|
|upkeep
|
|t:|1661332700
|switch|p2a: Horse in cali|Calyrex-Shadow|100/100
|-ability|p2a: Horse in cali|As One
|-ability|p2a: Horse in cali|Unnerve
|turn|14
|
|t:|1661332702
|switch|p1a: Yveltal|Yveltal|100/100
|-ability|p1a: Yveltal|Dark Aura
|move|p2a: Horse in cali|Nasty Plot|p2a: Horse in cali
|-boost|p2a: Horse in cali|spa|2
|
|upkeep
|turn|15
|
|t:|1661332709
|-start|p2a: Horse in cali|Dynamax|
|-heal|p2a: Horse in cali|100/100|[silent]
|move|p2a: Horse in cali|Max Starfall|p1a: Yveltal
|-supereffective|p1a: Yveltal
|-damage|p1a: Yveltal|4/100
|-fieldstart|move: Misty Terrain
|move|p1a: Yveltal|Snarl|p2a: Horse in cali
|-supereffective|p2a: Horse in cali
|-damage|p2a: Horse in cali|32/100
|-unboost|p2a: Horse in cali|spa|1
|
|upkeep
|turn|16
|
|t:|1661332721
|move|p2a: Horse in cali|Max Phantasm|p1a: Yveltal
|-resisted|p1a: Yveltal
|-damage|p1a: Yveltal|0 fnt
|faint|p1a: Yveltal
|-ability|p2a: Horse in cali|Grim Neigh|boost
|-boost|p2a: Horse in cali|spa|1
|
|upkeep
|
|t:|1661332722
|switch|p1a: Calyrex|Calyrex-Shadow|100/100
|-ability|p1a: Calyrex|As One
|-ability|p1a: Calyrex|Unnerve
|-damage|p1a: Calyrex|88/100|[from] Stealth Rock
|turn|17
|
|t:|1661332725
|move|p2a: Horse in cali|Max Guard|p2a: Horse in cali
|-singleturn|p2a: Horse in cali|Max Guard
|move|p1a: Calyrex|Astral Barrage|p2a: Horse in cali
|-activate|p2a: Horse in cali|move: Max Guard
|
|upkeep
|-end|p2a: Horse in cali|Dynamax
|-heal|p2a: Horse in cali|32/100|[silent]
|turn|18
|
|t:|1661332729
|move|p1a: Calyrex|Astral Barrage|p2a: Horse in cali
|-supereffective|p2a: Horse in cali
|-damage|p2a: Horse in cali|0 fnt
|faint|p2a: Horse in cali
|-ability|p1a: Calyrex|Grim Neigh|boost
|-boost|p1a: Calyrex|spa|1
|
|upkeep
|
|t:|1661332732
|switch|p2a: Kurem|Kyurem-White, shiny|88/100 brn
|-ability|p2a: Kurem|Turboblaze
|turn|19
|
|t:|1661332738
|move|p2a: Kurem|Shadow Ball|p1a: Calyrex
|-supereffective|p1a: Calyrex
|-damage|p1a: Calyrex|0 fnt
|faint|p1a: Calyrex
|
|-damage|p2a: Kurem|82/100 brn|[from] brn
|-fieldend|Misty Terrain
|upkeep
|
|t:|1661332743
|switch|p1a: Kyogre|Kyogre-Primal|74/100
|-damage|p1a: Kyogre|61/100|[from] Stealth Rock
|-weather|PrimordialSea|[from] ability: Primordial Sea|[of] p1a: Kyogre
|turn|20
|
|t:|1661332747
|switch|p2a: JumpingMan|Regieleki|100/100
|move|p1a: Kyogre|Ice Beam|p2a: JumpingMan
|-damage|p2a: JumpingMan|29/100
|
|-weather|PrimordialSea|[upkeep]
|upkeep
|turn|21
|
|t:|1661332752
|switch|p2a: Kurem|Kyurem-White, shiny|82/100 brn
|-ability|p2a: Kurem|Turboblaze
|move|p1a: Kyogre|Ice Beam|p2a: Kurem
|-damage|p2a: Kurem|52/100 brn
|
|-weather|PrimordialSea|[upkeep]
|-damage|p2a: Kurem|46/100 brn|[from] brn
|upkeep
|turn|22
|
|t:|1661332757
|-weather|none
|switch|p1a: Arcanine|Arcanine, M|58/100
|-ability|p1a: Arcanine|Intimidate|boost
|-unboost|p2a: Kurem|atk|1
|move|p2a: Kurem|Earth Power|p1a: Arcanine
|-supereffective|p1a: Arcanine
|-damage|p1a: Arcanine|0 fnt
|faint|p1a: Arcanine
|
|-damage|p2a: Kurem|40/100 brn|[from] brn
|upkeep
|
|t:|1661332767
|switch|p1a: Zygarde|Zygarde|100/100 slp
|-damage|p1a: Zygarde|94/100 slp|[from] Stealth Rock
|turn|23
|
|t:|1661332772
|move|p2a: Kurem|Earth Power|p1a: Zygarde
|-damage|p1a: Zygarde|63/100 slp
|cant|p1a: Zygarde|slp
|
|-heal|p1a: Zygarde|70/100 slp|[from] item: Leftovers
|-damage|p2a: Kurem|34/100 brn|[from] brn
|upkeep
|turn|24
|
|t:|1661332782
|switch|p2a: Rayquaza|Rayquaza|100/100
|-ability|p2a: Rayquaza|Air Lock
|cant|p1a: Zygarde|slp
|
|-heal|p1a: Zygarde|76/100 slp|[from] item: Leftovers
|upkeep
|turn|25
|
|t:|1661332794
|move|p2a: Rayquaza|Scale Shot|p1a: Zygarde
|-supereffective|p1a: Zygarde
|-damage|p1a: Zygarde|49/100 slp
|-supereffective|p1a: Zygarde
|-damage|p1a: Zygarde|24/100 slp
|-hitcount|p1a: Zygarde|2
|-unboost|p2a: Rayquaza|def|1
|-boost|p2a: Rayquaza|spe|1
|-damage|p2a: Rayquaza|91/100|[from] item: Life Orb
|-curestatus|p1a: Zygarde|slp|[msg]
|move|p1a: Zygarde|Glare|p2a: Rayquaza
|-status|p2a: Rayquaza|par
|
|-heal|p1a: Zygarde|30/100|[from] item: Leftovers
|-activate|p1a: Zygarde|ability: Power Construct
|detailschange|p1a: Zygarde|Zygarde-Complete
|-heal|p1a: Zygarde|54/100|[silent]
|upkeep
|turn|26
|
|t:|1661332802
|move|p2a: Rayquaza|Scale Shot|p1a: Zygarde
|-supereffective|p1a: Zygarde
|-damage|p1a: Zygarde|35/100
|-supereffective|p1a: Zygarde
|-damage|p1a: Zygarde|17/100
|-supereffective|p1a: Zygarde
|-crit|p1a: Zygarde
|-damage|p1a: Zygarde|0 fnt
|faint|p1a: Zygarde
|-hitcount|p1: Zygarde|3
|-unboost|p2a: Rayquaza|def|1
|-boost|p2a: Rayquaza|spe|1
|-damage|p2a: Rayquaza|81/100 par|[from] item: Life Orb
|
|upkeep
|
|t:|1661332808
|switch|p1a: Zacian|Zacian-Crowned|55/100
|-damage|p1a: Zacian|49/100|[from] Stealth Rock
|-ability|p1a: Zacian|Intrepid Sword|boost
|-boost|p1a: Zacian|atk|1
|turn|27
|
|t:|1661332825
|detailschange|p2a: Rayquaza|Rayquaza-Mega
|-mega|p2a: Rayquaza|Rayquaza|
|-weather|DeltaStream|[from] ability: Delta Stream|[of] p2a: Rayquaza
|move|p1a: Zacian|Substitute|p1a: Zacian
|-start|p1a: Zacian|Substitute
|-damage|p1a: Zacian|24/100
|move|p2a: Rayquaza|Dragon Ascent|p1a: Zacian
|-resisted|p1a: Zacian
|-end|p1a: Zacian|Substitute
|-unboost|p2a: Rayquaza|def|1
|-unboost|p2a: Rayquaza|spd|1
|-damage|p2a: Rayquaza|71/100 par|[from] item: Life Orb
|
|-weather|DeltaStream|[upkeep]
|upkeep
|turn|28
|c|☆The AlphaOm3ga|Ggwp
|
|t:|1661332841
|cant|p2a: Rayquaza|par
|move|p1a: Zacian|Behemoth Blade|p2a: Rayquaza
|-damage|p2a: Rayquaza|0 fnt
|faint|p2a: Rayquaza
|-weather|none
|
|upkeep
|
|t:|1661332844
|switch|p2a: Kurem|Kyurem-White, shiny|34/100 brn
|-ability|p2a: Kurem|Turboblaze
|turn|29
|
|t:|1661332847
|move|p2a: Kurem|Earth Power|p1a: Zacian
|-supereffective|p1a: Zacian
|-damage|p1a: Zacian|0 fnt
|faint|p1a: Zacian
|
|-damage|p2a: Kurem|28/100 brn|[from] brn
|upkeep
|
|t:|1661332848
|switch|p1a: Kyogre|Kyogre-Primal|61/100
|-damage|p1a: Kyogre|49/100|[from] Stealth Rock
|-weather|PrimordialSea|[from] ability: Primordial Sea|[of] p1a: Kyogre
|turn|30
|
|t:|1661332854
|move|p2a: Kurem|Earth Power|p1a: Kyogre
|-damage|p1a: Kyogre|25/100
|move|p1a: Kyogre|Calm Mind|p1a: Kyogre
|-boost|p1a: Kyogre|spa|1
|-boost|p1a: Kyogre|spd|1
|
|-weather|PrimordialSea|[upkeep]
|-damage|p2a: Kurem|21/100 brn|[from] brn
|upkeep
|turn|31
|
|t:|1661332859
|move|p2a: Kurem|Earth Power|p1a: Kyogre
|-damage|p1a: Kyogre|12/100
|move|p1a: Kyogre|Rest|p1a: Kyogre
|-status|p1a: Kyogre|slp|[from] move: Rest
|-heal|p1a: Kyogre|100/100 slp|[silent]
|
|-weather|PrimordialSea|[upkeep]
|-damage|p2a: Kurem|15/100 brn|[from] brn
|upkeep
|turn|32
|
|t:|1661332863
|move|p2a: Kurem|Earth Power|p1a: Kyogre
|-damage|p1a: Kyogre|85/100 slp
|cant|p1a: Kyogre|slp
|
|-weather|PrimordialSea|[upkeep]
|-damage|p2a: Kurem|9/100 brn|[from] brn
|upkeep
|turn|33
|c|☆mardydu|Oh fudge
|
|t:|1661332868
|switch|p2a: JumpingMan|Regieleki|29/100
|cant|p1a: Kyogre|slp
|
|-weather|PrimordialSea|[upkeep]
|upkeep
|turn|34
|
|t:|1661332871
|move|p2a: JumpingMan|Thunder Cage|p1a: Kyogre
|-supereffective|p1a: Kyogre
|-damage|p1a: Kyogre|44/100 slp
|-activate|p1a: Kyogre|move: Thunder Cage|[of] p2a: JumpingMan
|-curestatus|p1a: Kyogre|slp|[msg]
|move|p1a: Kyogre|Ice Beam|p2a: JumpingMan
|-damage|p2a: JumpingMan|0 fnt
|faint|p2a: JumpingMan
|
|-weather|PrimordialSea|[upkeep]
|-end|p1a: Kyogre|Thunder Cage|[partiallytrapped]|[silent]
|upkeep
|
|t:|1661332879
|switch|p2a: Kurem|Kyurem-White, shiny|9/100 brn
|-ability|p2a: Kurem|Turboblaze
|turn|35
|c|☆The AlphaOm3ga|Is it u birds?
|
|t:|1661332887
|move|p2a: Kurem|Earth Power|p1a: Kyogre
|-damage|p1a: Kyogre|31/100
|move|p1a: Kyogre|Ice Beam|p2a: Kurem
|-damage|p2a: Kurem|0 fnt
|faint|p2a: Kurem
|
|win|The AlphaOm3ga
|raw|The AlphaOm3ga's rating: 1532 &rarr; <strong>1561</strong><br />(+29 for winning)
|raw|mardydu's rating: 1710 &rarr; <strong>1681</strong><br />(-29 for losing)
|c|☆mardydu|Gg
