|j|☆SaintLaplace
|j|☆Gohansenju
|t:|1665427103
|gametype|singles
|player|p1|SaintLaplace|hilda-wonderlauncher|1841
|player|p2|Gohansenju|blue-gen3two|1882
|teamsize|p1|6
|teamsize|p2|6
|gen|8
|tier|[Gen 8] National Dex AG
|rated|
|rule|HP Percentage Mod: HP is shown in percentages
|rule|Endless Battle Clause: Forcing endless battles is banned
|clearpoke
|poke|p1|Rayquaza|
|poke|p1|Zygarde|
|poke|p1|Necrozma-Dusk-Mane|
|poke|p1|Smeargle, M|
|poke|p1|Marshadow|
|poke|p1|Xerneas-*|
|poke|p2|Mewtwo|
|poke|p2|Arceus-*|
|poke|p2|Ditto|
|poke|p2|Rayquaza|
|poke|p2|Zamazenta-*|
|poke|p2|Arceus-*|
|teampreview
|inactive|Battle timer is ON: inactive players will automatically lose when time's up. (requested by SaintLaplace)
|inactive|Gohansenju also wants the timer to be on.
|
|t:|1665427116
|start
|switch|p1a: Smeargle|Smeargle, M|100/100
|switch|p2a: Mewtwo|Mewtwo|100/100
|-ability|p2a: Mewtwo|Pressure
|turn|1
|c|☆SaintLaplace|Interesting team
|
|t:|1665427122
|detailschange|p2a: Mewtwo|Mewtwo-Mega-Y
|-mega|p2a: Mewtwo|Mewtwo|Mewtwonite Y
|move|p2a: Mewtwo|Substitute|p2a: Mewtwo
|-start|p2a: Mewtwo|Substitute
|-damage|p2a: Mewtwo|76/100
|move|p1a: Smeargle|Shell Smash|p1a: Smeargle
|-unboost|p1a: Smeargle|def|1
|-unboost|p1a: Smeargle|spd|1
|-boost|p1a: Smeargle|atk|2
|-boost|p1a: Smeargle|spa|2
|-boost|p1a: Smeargle|spe|2
|
|upkeep
|turn|2
|
|t:|1665427130
|move|p1a: Smeargle|Baton Pass|p1a: Smeargle
|
|t:|1665427133
|switch|p1a: Marshadow|Marshadow|100/100|[from]move: Baton Pass
|move|p2a: Mewtwo|Psystrike|p1a: Marshadow
|-supereffective|p1a: Marshadow
|-enditem|p1a: Marshadow|Focus Sash
|-damage|p1a: Marshadow|1/100
|
|upkeep
|turn|3
|
|t:|1665427140
|switch|p2a: Arceus|Arceus|100/100
|move|p1a: Marshadow|Spectral Thief|p2a: Arceus
|-immune|p2a: Arceus
|
|upkeep
|turn|4
|
|t:|1665427143
|switch|p2a: Ditto|Ditto, shiny|100/100
|-transform|p2a: Ditto|p1a: Marshadow|[from] ability: Imposter
|move|p1a: Marshadow|Close Combat|p2a: Ditto
|-immune|p2a: Ditto
|
|upkeep
|turn|5
|
|t:|1665427146
|move|p2a: Ditto|Shadow Sneak|p1a: Marshadow
|-supereffective|p1a: Marshadow
|-damage|p1a: Marshadow|0 fnt
|faint|p1a: Marshadow
|
|upkeep
|
|t:|1665427149
|switch|p1a: Smeargle|Smeargle, M|100/100
|turn|6
|
|t:|1665427154
|switch|p2a: Mewtwo|Mewtwo-Mega-Y|76/100
|move|p1a: Smeargle|Spore|p2a: Mewtwo
|-immune|p2a: Mewtwo|[from] ability: Insomnia
|
|upkeep
|turn|7
|
|t:|1665427158
|move|p2a: Mewtwo|Substitute|p2a: Mewtwo
|-start|p2a: Mewtwo|Substitute
|-damage|p2a: Mewtwo|51/100
|move|p1a: Smeargle|Shell Smash|p1a: Smeargle
|-unboost|p1a: Smeargle|def|1
|-unboost|p1a: Smeargle|spd|1
|-boost|p1a: Smeargle|atk|2
|-boost|p1a: Smeargle|spa|2
|-boost|p1a: Smeargle|spe|2
|
|upkeep
|turn|8
|
|t:|1665427165
|move|p1a: Smeargle|Shell Smash|p1a: Smeargle
|-unboost|p1a: Smeargle|def|1
|-unboost|p1a: Smeargle|spd|1
|-boost|p1a: Smeargle|atk|2
|-boost|p1a: Smeargle|spa|2
|-boost|p1a: Smeargle|spe|2
|move|p2a: Mewtwo|Nasty Plot|p2a: Mewtwo
|-boost|p2a: Mewtwo|spa|2
|
|upkeep
|turn|9
|
|t:|1665427172
|move|p1a: Smeargle|Baton Pass|p1a: Smeargle
|
|t:|1665427174
|switch|p1a: Rayquaza|Rayquaza|100/100|[from]move: Baton Pass
|-ability|p1a: Rayquaza|Air Lock
|move|p2a: Mewtwo|Psystrike|p1a: Rayquaza
|-enditem|p1a: Rayquaza|Focus Sash
|-damage|p1a: Rayquaza|1/100
|
|upkeep
|turn|10
|
|t:|1665427180
|detailschange|p1a: Rayquaza|Rayquaza-Mega
|-mega|p1a: Rayquaza|Rayquaza|
|-weather|DeltaStream|[from] ability: Delta Stream|[of] p1a: Rayquaza
|move|p1a: Rayquaza|Scale Shot|p2a: Mewtwo
|-end|p2a: Mewtwo|Substitute
|-damage|p2a: Mewtwo|0 fnt
|faint|p2a: Mewtwo
|-hitcount|p2: Mewtwo|2
|-unboost|p1a: Rayquaza|def|1
|-boost|p1a: Rayquaza|spe|1
|
|-weather|DeltaStream|[upkeep]
|upkeep
|
|t:|1665427184
|switch|p2a: Ditto|Ditto, shiny|100/100
|-transform|p2a: Ditto|p1a: Rayquaza|[from] ability: Imposter
|turn|11
|
|t:|1665427189
|move|p2a: Ditto|Extreme Speed|p1a: Rayquaza
|-damage|p1a: Rayquaza|0 fnt
|faint|p1a: Rayquaza
|
|-weather|DeltaStream|[upkeep]
|upkeep
|
|t:|1665427192
|switch|p1a: Smeargle|Smeargle, M|100/100
|turn|12
|
|t:|1665427205
|-weather|none
|switch|p2a: Arceus|Arceus|100/100
|move|p1a: Smeargle|Spore|p2a: Arceus
|-status|p2a: Arceus|slp|[from] move: Spore
|-enditem|p2a: Arceus|Lum Berry|[eat]
|-curestatus|p2a: Arceus|slp|[msg]
|
|upkeep
|turn|13
|
|t:|1665427208
|move|p2a: Arceus|Extreme Speed|p1a: Smeargle
|-enditem|p1a: Smeargle|Focus Sash
|-damage|p1a: Smeargle|1/100
|move|p1a: Smeargle|Spore|p2a: Arceus
|-status|p2a: Arceus|slp|[from] move: Spore
|
|upkeep
|turn|14
|
|t:|1665427213
|cant|p2a: Arceus|slp
|move|p1a: Smeargle|Shell Smash|p1a: Smeargle
|-unboost|p1a: Smeargle|def|1
|-unboost|p1a: Smeargle|spd|1
|-boost|p1a: Smeargle|atk|2
|-boost|p1a: Smeargle|spa|2
|-boost|p1a: Smeargle|spe|2
|
|upkeep
|turn|15
|
|t:|1665427219
|cant|p2a: Arceus|slp
|move|p1a: Smeargle|Baton Pass|p1a: Smeargle
|
|t:|1665427222
|switch|p1a: Necrozma|Necrozma-Dusk-Mane, shiny|100/100|[from]move: Baton Pass
|
|upkeep
|turn|16
|
|t:|1665427226
|move|p1a: Necrozma|Photon Geyser|p2a: Arceus
|-damage|p2a: Arceus|10/100 slp
|-curestatus|p2a: Arceus|slp|[msg]
|move|p2a: Arceus|Shadow Claw|p1a: Necrozma
|-supereffective|p1a: Necrozma
|-damage|p1a: Necrozma|63/100
|
|upkeep
|turn|17
|
|t:|1665427238
|move|p2a: Arceus|Extreme Speed|p1a: Necrozma
|-resisted|p1a: Necrozma
|-damage|p1a: Necrozma|41/100
|move|p1a: Necrozma|Photon Geyser|p2a: Arceus
|-damage|p2a: Arceus|0 fnt
|faint|p2a: Arceus
|
|upkeep
|
|t:|1665427242
|switch|p2a: Ditto|Ditto, shiny|100/100
|-transform|p2a: Ditto|p1a: Necrozma|[from] ability: Imposter
|turn|18
|
|t:|1665427258
|switch|p2a: Arceus|Arceus-Fairy|100/100
|detailschange|p1a: Necrozma|Necrozma-Ultra, shiny
|-burst|p1a: Necrozma|Necrozma|Ultranecrozium Z
|move|p1a: Necrozma|Earthquake|p2a: Arceus
|-damage|p2a: Arceus|37/100
|
|upkeep
|turn|19
|
|t:|1665427266
|switch|p1a: Smeargle|Smeargle, M|1/100
|move|p2a: Arceus|Recover|p2a: Arceus
|-heal|p2a: Arceus|87/100
|
|upkeep
|turn|20
|
|t:|1665427270
|move|p2a: Arceus|Judgment|p1a: Smeargle
|-damage|p1a: Smeargle|0 fnt
|faint|p1a: Smeargle
|
|upkeep
|
|t:|1665427273
|switch|p1a: Xerneas|Xerneas|100/100
|-ability|p1a: Xerneas|Fairy Aura
|turn|21
|
|t:|1665427278
|move|p2a: Arceus|Judgment|p1a: Xerneas
|-damage|p1a: Xerneas|52/100
|move|p1a: Xerneas|Geomancy||[still]
|-prepare|p1a: Xerneas|Geomancy
|-enditem|p1a: Xerneas|Power Herb
|-anim|p1a: Xerneas|Geomancy|p1a: Xerneas
|-boost|p1a: Xerneas|spa|2
|-boost|p1a: Xerneas|spd|2
|-boost|p1a: Xerneas|spe|2
|
|upkeep
|turn|22
|
|t:|1665427282
|move|p1a: Xerneas|Draining Kiss|p2a: Arceus
|-damage|p2a: Arceus|48/100
|-heal|p1a: Xerneas|80/100|[from] drain|[of] p2a: Arceus
|move|p2a: Arceus|Judgment|p1a: Xerneas
|-damage|p1a: Xerneas|58/100
|
|upkeep
|turn|23
|
|t:|1665427287
|-start|p1a: Xerneas|Dynamax|
|-heal|p1a: Xerneas|58/100|[silent]
|move|p1a: Xerneas|Max Starfall|p2a: Arceus
|-damage|p2a: Arceus|0 fnt
|-fieldstart|move: Misty Terrain
|faint|p2a: Arceus
|
|upkeep
|
|t:|1665427298
|switch|p2a: Zamazenta|Zamazenta-Crowned|100/100
|-ability|p2a: Zamazenta|Dauntless Shield|boost
|-boost|p2a: Zamazenta|def|1
|turn|24
|
|t:|1665427302
|move|p1a: Xerneas|Max Flare|p2a: Zamazenta
|-supereffective|p2a: Zamazenta
|-damage|p2a: Zamazenta|0 fnt
|-weather|SunnyDay
|faint|p2a: Zamazenta
|
|-weather|SunnyDay|[upkeep]
|upkeep
|
|t:|1665427316
|switch|p2a: Ditto|Ditto, shiny|100/100
|-transform|p2a: Ditto|p1a: Xerneas|[from] ability: Imposter
|-ability|p2a: Ditto|Fairy Aura
|turn|25
|
|t:|1665427320
|-start|p2a: Ditto|Dynamax|
|-heal|p2a: Ditto|100/100|[silent]
|move|p2a: Ditto|Max Guard|p2a: Ditto
|-singleturn|p2a: Ditto|Max Guard
|move|p1a: Xerneas|Max Starfall|p2a: Ditto
|-activate|p2a: Ditto|move: Max Guard
|
|-weather|SunnyDay|[upkeep]
|upkeep
|-end|p1a: Xerneas|Dynamax
|-heal|p1a: Xerneas|58/100|[silent]
|turn|26
|
|t:|1665427327
|move|p1a: Xerneas|Draining Kiss|p2a: Ditto
|-damage|p2a: Ditto|79/100
|-heal|p1a: Xerneas|79/100|[from] drain|[of] p2a: Ditto
|move|p2a: Ditto|Max Starfall|p1a: Xerneas
|-damage|p1a: Xerneas|18/100
|
|-weather|SunnyDay|[upkeep]
|upkeep
|turn|27
|
|t:|1665427332
|move|p2a: Ditto|Max Starfall|p1a: Xerneas
|-damage|p1a: Xerneas|0 fnt
|faint|p1a: Xerneas
|
|-weather|SunnyDay|[upkeep]
|-fieldend|Misty Terrain
|upkeep
|
|t:|1665427338
|switch|p1a: Necrozma|Necrozma-Ultra, shiny|41/100
|-end|p2a: Ditto|Dynamax
|-heal|p2a: Ditto|79/100|[silent]
|turn|28
|
|t:|1665427346
|move|p2a: Ditto|Draining Kiss|p1a: Necrozma
|-supereffective|p1a: Necrozma
|-damage|p1a: Necrozma|0 fnt
|-heal|p2a: Ditto|100/100|[from] drain|[of] p1a: Necrozma
|faint|p1a: Necrozma
|
|-weather|none
|upkeep
|
|t:|1665427348
|switch|p1a: Zygarde|Zygarde, shiny|100/100
|turn|29
|
|t:|1665427352
|move|p2a: Ditto|Draining Kiss|p1a: Zygarde
|-supereffective|p1a: Zygarde
|-damage|p1a: Zygarde|0 fnt
|faint|p1a: Zygarde
|
|win|Gohansenju
|raw|SaintLaplace's rating: 1841 &rarr; <strong>1823</strong><br />(-18 for losing)
|raw|Gohansenju's rating: 1882 &rarr; <strong>1900</strong><br />(+18 for winning)
|l|☆SaintLaplace
