|j|☆cllout
|j|☆Morii 55
|t:|1668350951
|gametype|singles
|player|p1|cllout|misty-lgpe|1608
|player|p2|Morii 55|roxie|1466
|teamsize|p1|6
|teamsize|p2|6
|gen|8
|tier|[Gen 8] National Dex AG
|rated|
|rule|HP Percentage Mod: HP is shown in percentages
|rule|Endless Battle Clause: Forcing endless battles is banned
|clearpoke
|poke|p1|Rayquaza|
|poke|p1|Necrozma-Dusk-Mane|
|poke|p1|Kyogre|
|poke|p1|Arceus-*|
|poke|p1|Calyrex-Shadow|
|poke|p1|Marshadow|
|poke|p2|Cloyster, F|
|poke|p2|Polteageist|
|poke|p2|Blastoise, M|
|poke|p2|Carracosta, M|
|poke|p2|Barbaracle, F|
|poke|p2|Omastar, M|
|teampreview
|inactive|Battle timer is ON: inactive players will automatically lose when time's up. (requested by cllout)
|
|t:|1668350972
|start
|switch|p1a: Dusk Mane|Necrozma-Dusk-Mane|100/100
|switch|p2a: Carracosta|Carracosta, M|100/100
|turn|1
|
|t:|1668350985
|move|p1a: Dusk Mane|Stealth Rock|p2a: Carracosta
|-sidestart|p2: Morii 55|move: Stealth Rock
|move|p2a: Carracosta|Stealth Rock|p1a: Dusk Mane
|-sidestart|p1: cllout|move: Stealth Rock
|
|upkeep
|turn|2
|
|t:|1668350991
|move|p1a: Dusk Mane|Thunder Wave|p2a: Carracosta
|-status|p2a: Carracosta|par
|move|p2a: Carracosta|Shell Smash|p2a: Carracosta
|-unboost|p2a: Carracosta|def|1
|-unboost|p2a: Carracosta|spd|1
|-boost|p2a: Carracosta|atk|2
|-boost|p2a: Carracosta|spa|2
|-boost|p2a: Carracosta|spe|2
|
|upkeep
|turn|3
|
|t:|1668350999
|move|p1a: Dusk Mane|Sunsteel Strike|p2a: Carracosta
|-damage|p2a: Carracosta|29/100 par
|move|p2a: Carracosta|Shell Smash|p2a: Carracosta
|-unboost|p2a: Carracosta|def|1
|-unboost|p2a: Carracosta|spd|1
|-boost|p2a: Carracosta|atk|2
|-boost|p2a: Carracosta|spa|2
|-boost|p2a: Carracosta|spe|2
|
|upkeep
|turn|4
|
|t:|1668351020
|move|p2a: Carracosta|Aqua Jet|p1a: Dusk Mane
|-damage|p1a: Dusk Mane|73/100
|-damage|p2a: Carracosta|12/100 par|[from] item: Rocky Helmet|[of] p1a: Dusk Mane
|move|p1a: Dusk Mane|Sunsteel Strike|p2a: Carracosta
|-damage|p2a: Carracosta|0 fnt
|faint|p2a: Carracosta
|
|upkeep
|
|t:|1668351033
|switch|p2a: Blastoise|Blastoise, M|100/100
|-damage|p2a: Blastoise|88/100|[from] Stealth Rock
|turn|5
|
|t:|1668351053
|move|p2a: Blastoise|Shell Smash|p2a: Blastoise
|-unboost|p2a: Blastoise|def|1
|-unboost|p2a: Blastoise|spd|1
|-boost|p2a: Blastoise|atk|2
|-boost|p2a: Blastoise|spa|2
|-boost|p2a: Blastoise|spe|2
|-enditem|p2a: Blastoise|White Herb
|-clearnegativeboost|p2a: Blastoise|[silent]
|move|p1a: Dusk Mane|Thunder Wave|p2a: Blastoise
|-status|p2a: Blastoise|par
|
|upkeep
|turn|6
|
|t:|1668351072
|switch|p1a: Arce|Arceus-Fairy|100/100
|-damage|p1a: Arce|88/100|[from] Stealth Rock
|move|p2a: Blastoise|Hydro Pump|p1a: Arce
|-damage|p1a: Arce|38/100
|
|upkeep
|turn|7
|
|t:|1668351077
|move|p1a: Arce|Defog|p2a: Blastoise
|-unboost|p2a: Blastoise|evasion|1
|-sideend|p2: Morii 55|Stealth Rock|[from] move: Defog|[of] p1a: Arce
|-sideend|p1: cllout|Stealth Rock|[from] move: Defog|[of] p1a: Arce
|move|p2a: Blastoise|Hydro Pump|p1a: Arce
|-damage|p1a: Arce|0 fnt
|faint|p1a: Arce
|
|upkeep
|
|t:|1668351097
|switch|p1a: Marsh|Marshadow|100/100
|turn|8
|
|t:|1668351114
|switch|p2a: Cloyster|Cloyster, F|100/100
|move|p1a: Marsh|Spectral Thief|p2a: Cloyster
|-damage|p2a: Cloyster|60/100
|
|upkeep
|turn|9
|
|t:|1668351123
|move|p1a: Marsh|Close Combat|p2a: Cloyster
|-supereffective|p2a: Cloyster
|-damage|p2a: Cloyster|0 fnt
|-unboost|p1a: Marsh|def|1
|-unboost|p1a: Marsh|spd|1
|faint|p2a: Cloyster
|
|upkeep
|
|t:|1668351127
|switch|p2a: Barbaracle|Barbaracle, F|100/100
|turn|10
|
|t:|1668351156
|switch|p1a: Dusk Mane|Necrozma-Dusk-Mane|73/100
|move|p2a: Barbaracle|Liquidation|p1a: Dusk Mane
|-damage|p1a: Dusk Mane|47/100
|-damage|p2a: Barbaracle|84/100|[from] item: Rocky Helmet|[of] p1a: Dusk Mane
|
|upkeep
|turn|11
|
|t:|1668351168
|move|p2a: Barbaracle|Shell Smash|p2a: Barbaracle
|-unboost|p2a: Barbaracle|def|1
|-unboost|p2a: Barbaracle|spd|1
|-boost|p2a: Barbaracle|atk|2
|-boost|p2a: Barbaracle|spa|2
|-boost|p2a: Barbaracle|spe|2
|move|p1a: Dusk Mane|Thunder Wave|p2a: Barbaracle
|-status|p2a: Barbaracle|par
|
|upkeep
|turn|12
|
|t:|1668351173
|cant|p2a: Barbaracle|par
|move|p1a: Dusk Mane|Stealth Rock|p2a: Barbaracle
|-sidestart|p2: Morii 55|move: Stealth Rock
|
|upkeep
|turn|13
|
|t:|1668351179
|move|p2a: Barbaracle|Earthquake|p1a: Dusk Mane
|-supereffective|p1a: Dusk Mane
|-damage|p1a: Dusk Mane|0 fnt
|faint|p1a: Dusk Mane
|
|upkeep
|
|t:|1668351184
|switch|p1a: Marsh|Marshadow|100/100
|turn|14
|
|t:|1668351189
|switch|p2a: Blastoise|Blastoise, M|88/100 par
|-damage|p2a: Blastoise|76/100 par|[from] Stealth Rock
|move|p1a: Marsh|Spectral Thief|p2a: Blastoise
|-damage|p2a: Blastoise|27/100 par
|
|upkeep
|turn|15
|
|t:|1668351196
|move|p1a: Marsh|Spectral Thief|p2a: Blastoise
|-crit|p2a: Blastoise
|-damage|p2a: Blastoise|0 fnt
|faint|p2a: Blastoise
|
|upkeep
|-message|Morii 55 forfeited.
|
|win|cllout
|raw|cllout's rating: 1608 &rarr; <strong>1620</strong><br />(+12 for winning)
|raw|Morii 55's rating: 1466 &rarr; <strong>1454</strong><br />(-12 for losing)
|l|☆Morii 55
