|j|☆tortoiseshell
|j|‽DDDDD33333
|t:|1643194095
|gametype|singles
|player|p1|tortoiseshell|265|1596
|player|p2|DDDDD33333|101|1767
|teamsize|p1|6
|teamsize|p2|6
|gen|8
|tier|[Gen 8] National Dex AG
|rated|
|rule|HP Percentage Mod: HP is shown in percentages
|rule|Endless Battle Clause: Forcing endless battles is banned
|clearpoke
|poke|p1|Zacian-*|
|poke|p1|Necrozma-Dusk-Mane|
|poke|p1|Ho-Oh|
|poke|p1|Groudon|
|poke|p1|Yveltal|
|poke|p1|Rayquaza|
|poke|p2|Ho-Oh|
|poke|p2|Lugia|
|poke|p2|Rayquaza|
|poke|p2|Ditto|
|poke|p2|Kyogre|
|poke|p2|Zacian-*|
|teampreview
|inactive|Battle timer is ON: inactive players will automatically lose when time's up. (requested by DDDDD33333)
|
|t:|1643194106
|start
|switch|p1a: Ho-Oh|Ho-Oh|100/100
|switch|p2a: Ho-Oh|Ho-Oh, shiny|100/100
|turn|1
|
|t:|1643194113
|move|p2a: Ho-Oh|Substitute|p2a: Ho-Oh
|-start|p2a: Ho-Oh|Substitute
|-damage|p2a: Ho-Oh|76/100
|move|p1a: Ho-Oh|Toxic||[still]
|-fail|p1a: Ho-Oh
|
|-heal|p2a: Ho-Oh|82/100|[from] item: Leftovers
|upkeep
|turn|2
|
|t:|1643194121
|move|p2a: Ho-Oh|Brave Bird|p1a: Ho-Oh
|-crit|p1a: Ho-Oh
|-damage|p1a: Ho-Oh|44/100
|-damage|p2a: Ho-Oh|60/100|[from] Recoil
|move|p1a: Ho-Oh|Whirlwind|p2a: Ho-Oh
|drag|p2a: Lugia|Lugia, shiny|100/100
|
|upkeep
|turn|3
|
|t:|1643194131
|switch|p2a: Zacian|Zacian-Crowned, shiny|100/100
|-ability|p2a: Zacian|Intrepid Sword|boost
|-boost|p2a: Zacian|atk|1
|move|p1a: Ho-Oh|Toxic|p2a: Zacian
|-immune|p2a: Zacian
|
|upkeep
|turn|4
|
|t:|1643194138
|switch|p2a: Kyogre|Kyogre, shiny|100/100
|detailschange|p2a: Kyogre|Kyogre-Primal, shiny
|-primal|p2a: Kyogre
|-weather|PrimordialSea|[from] ability: Primordial Sea|[of] p2a: Kyogre
|switch|p1a: Groudon|Groudon|100/100
|detailschange|p1a: Groudon|Groudon-Primal
|-primal|p1a: Groudon
|-weather|DesolateLand|[from] ability: Desolate Land|[of] p1a: Groudon
|
|-weather|DesolateLand|[upkeep]
|upkeep
|turn|5
|
|t:|1643194151
|switch|p2a: Lugia|Lugia, shiny|100/100
|move|p1a: Groudon|Stealth Rock|p2a: Lugia
|-sidestart|p2: DDDDD33333|move: Stealth Rock
|
|-weather|DesolateLand|[upkeep]
|upkeep
|turn|6
|
|t:|1643194157
|-weather|none
|switch|p1a: Ho-Oh|Ho-Oh|77/100
|move|p2a: Lugia|Defog|p1a: Ho-Oh
|-unboost|p1a: Ho-Oh|evasion|1
|-sideend|p2: DDDDD33333|Stealth Rock|[from] move: Defog|[of] p2a: Lugia
|
|upkeep
|turn|7
|
|t:|1643194166
|switch|p2a: Kyogre|Kyogre-Primal, shiny|100/100
|-weather|PrimordialSea|[from] ability: Primordial Sea|[of] p2a: Kyogre
|move|p1a: Ho-Oh|Sacred Fire||[still]
|-fail|p1a: Ho-Oh|Sacred Fire|[from] Primordial Sea
|
|-weather|PrimordialSea|[upkeep]
|upkeep
|turn|8
|
|t:|1643194174
|-weather|none
|switch|p2a: Lugia|Lugia, shiny|100/100
|switch|p1a: Groudon|Groudon-Primal|100/100
|-weather|DesolateLand|[from] ability: Desolate Land|[of] p1a: Groudon
|
|-weather|DesolateLand|[upkeep]
|upkeep
|turn|9
|
|t:|1643194183
|move|p2a: Lugia|Toxic|p1a: Groudon
|-status|p1a: Groudon|tox
|move|p1a: Groudon|Rock Tomb|p2a: Lugia
|-supereffective|p2a: Lugia
|-crit|p2a: Lugia
|-damage|p2a: Lugia|85/100
|-unboost|p2a: Lugia|spe|1
|
|-weather|DesolateLand|[upkeep]
|-damage|p1a: Groudon|94/100 tox|[from] psn
|upkeep
|turn|10
|
|t:|1643194193
|-weather|none
|switch|p1a: Ho-Oh|Ho-Oh|100/100
|move|p2a: Lugia|Roost|p2a: Lugia
|-heal|p2a: Lugia|100/100
|-singleturn|p2a: Lugia|move: Roost
|
|upkeep
|turn|11
|
|t:|1643194202
|move|p1a: Ho-Oh|Toxic|p2a: Lugia
|-status|p2a: Lugia|tox
|move|p2a: Lugia|Toxic|p1a: Ho-Oh
|-status|p1a: Ho-Oh|tox
|
|-damage|p1a: Ho-Oh|94/100 tox|[from] psn
|-damage|p2a: Lugia|94/100 tox|[from] psn
|upkeep
|turn|12
|
|t:|1643194211
|move|p1a: Ho-Oh|Toxic|p2a: Lugia
|-fail|p2a: Lugia|tox
|move|p2a: Lugia|Roost|p2a: Lugia
|-heal|p2a: Lugia|100/100 tox
|-singleturn|p2a: Lugia|move: Roost
|
|-damage|p1a: Ho-Oh|82/100 tox|[from] psn
|-damage|p2a: Lugia|88/100 tox|[from] psn
|upkeep
|turn|13
|
|t:|1643194220
|move|p1a: Ho-Oh|Sacred Fire|p2a: Lugia
|-damage|p2a: Lugia|67/100 tox
|move|p2a: Lugia|Thunder Wave||[still]
|-fail|p2a: Lugia
|
|-damage|p1a: Ho-Oh|63/100 tox|[from] psn
|-damage|p2a: Lugia|48/100 tox|[from] psn
|upkeep
|turn|14
|
|t:|1643194229
|switch|p1a: Groudon|Groudon-Primal|94/100 tox
|-weather|DesolateLand|[from] ability: Desolate Land|[of] p1a: Groudon
|move|p2a: Lugia|Roost|p2a: Lugia
|-heal|p2a: Lugia|98/100 tox
|-singleturn|p2a: Lugia|move: Roost
|
|-weather|DesolateLand|[upkeep]
|-damage|p1a: Groudon|88/100 tox|[from] psn
|-damage|p2a: Lugia|73/100 tox|[from] psn
|upkeep
|turn|15
|
|t:|1643194240
|-weather|none
|switch|p1a: Ho-Oh|Ho-Oh|96/100 tox
|switch|p2a: Ho-Oh|Ho-Oh, shiny|93/100
|
|-heal|p2a: Ho-Oh|99/100|[from] item: Leftovers
|-damage|p1a: Ho-Oh|90/100 tox|[from] psn
|upkeep
|turn|16
|
|t:|1643194251
|move|p2a: Ho-Oh|Substitute|p2a: Ho-Oh
|-start|p2a: Ho-Oh|Substitute
|-damage|p2a: Ho-Oh|74/100
|move|p1a: Ho-Oh|Sacred Fire|p2a: Ho-Oh
|-resisted|p2a: Ho-Oh
|-activate|p2a: Ho-Oh|move: Substitute|[damage]
|
|-heal|p2a: Ho-Oh|80/100|[from] item: Leftovers
|-damage|p1a: Ho-Oh|77/100 tox|[from] psn
|upkeep
|turn|17
|
|t:|1643194261
|move|p2a: Ho-Oh|Brave Bird|p1a: Ho-Oh
|-damage|p1a: Ho-Oh|36/100 tox
|-damage|p2a: Ho-Oh|64/100|[from] Recoil
|move|p1a: Ho-Oh|Whirlwind|p2a: Ho-Oh
|drag|p2a: Rayquaza|Rayquaza, shiny|100/100
|-ability|p2a: Rayquaza|Air Lock
|
|-damage|p1a: Ho-Oh|17/100 tox|[from] psn
|upkeep
|turn|18
|
|t:|1643194274
|detailschange|p2a: Rayquaza|Rayquaza-Mega, shiny
|-mega|p2a: Rayquaza|Rayquaza|
|-weather|DeltaStream|[from] ability: Delta Stream|[of] p2a: Rayquaza
|move|p2a: Rayquaza|Dragon Ascent|p1a: Ho-Oh
|-damage|p1a: Ho-Oh|0 fnt
|-unboost|p2a: Rayquaza|def|1
|-unboost|p2a: Rayquaza|spd|1
|faint|p1a: Ho-Oh
|
|-weather|DeltaStream|[upkeep]
|upkeep
|
|t:|1643194278
|switch|p1a: Groudon|Groudon-Primal|88/100 tox
|-weather|DesolateLand|[from] ability: Desolate Land|[of] p1a: Groudon
|turn|19
|
|t:|1643194291
|switch|p2a: Lugia|Lugia, shiny|73/100 tox
|move|p1a: Groudon|Rock Tomb|p2a: Lugia
|-supereffective|p2a: Lugia
|-damage|p2a: Lugia|50/100 tox
|-unboost|p2a: Lugia|spe|1
|
|-weather|DesolateLand|[upkeep]
|-damage|p1a: Groudon|82/100 tox|[from] psn
|-damage|p2a: Lugia|44/100 tox|[from] psn
|upkeep
|turn|20
|inactive|DDDDD33333 has 120 seconds left.
|
|t:|1643194327
|-weather|none
|switch|p1a: Zacian|Zacian-Crowned|100/100
|-ability|p1a: Zacian|Intrepid Sword|boost
|-boost|p1a: Zacian|atk|1
|move|p2a: Lugia|Roost|p2a: Lugia
|-heal|p2a: Lugia|94/100 tox
|-singleturn|p2a: Lugia|move: Roost
|
|-damage|p2a: Lugia|81/100 tox|[from] psn
|upkeep
|turn|21
|inactive|DDDDD33333 has 120 seconds left.
|
|t:|1643194340
|switch|p1a: Groudon|Groudon-Primal|82/100 tox
|-weather|DesolateLand|[from] ability: Desolate Land|[of] p1a: Groudon
|move|p2a: Lugia|Thunder Wave|p1a: Groudon
|-immune|p1a: Groudon
|
|-weather|DesolateLand|[upkeep]
|-damage|p1a: Groudon|75/100 tox|[from] psn
|-damage|p2a: Lugia|63/100 tox|[from] psn
|upkeep
|turn|22
|inactive|DDDDD33333 has 120 seconds left.
|
|t:|1643194351
|switch|p2a: Ho-Oh|Ho-Oh, shiny|97/100
|move|p1a: Groudon|Stealth Rock|p2a: Ho-Oh
|-sidestart|p2: DDDDD33333|move: Stealth Rock
|
|-weather|DesolateLand|[upkeep]
|-heal|p2a: Ho-Oh|100/100|[from] item: Leftovers
|-damage|p1a: Groudon|63/100 tox|[from] psn
|upkeep
|turn|23
|inactive|DDDDD33333 has 120 seconds left.
|
|t:|1643194359
|move|p2a: Ho-Oh|Substitute|p2a: Ho-Oh
|-start|p2a: Ho-Oh|Substitute
|-damage|p2a: Ho-Oh|76/100
|move|p1a: Groudon|Rock Tomb|p2a: Ho-Oh
|-supereffective|p2a: Ho-Oh
|-end|p2a: Ho-Oh|Substitute
|
|-weather|DesolateLand|[upkeep]
|-heal|p2a: Ho-Oh|82/100|[from] item: Leftovers
|-damage|p1a: Groudon|44/100 tox|[from] psn
|upkeep
|turn|24
|inactive|DDDDD33333 has 120 seconds left.
|
|t:|1643194370
|move|p2a: Ho-Oh|Substitute|p2a: Ho-Oh
|-start|p2a: Ho-Oh|Substitute
|-damage|p2a: Ho-Oh|57/100
|move|p1a: Groudon|Roar|p2a: Ho-Oh
|drag|p2a: Rayquaza|Rayquaza-Mega, shiny|100/100
|-damage|p2a: Rayquaza|76/100|[from] Stealth Rock
|-weather|DeltaStream|[from] ability: Delta Stream|[of] p2a: Rayquaza
|
|-weather|DeltaStream|[upkeep]
|-damage|p1a: Groudon|19/100 tox|[from] psn
|upkeep
|turn|25
|inactive|DDDDD33333 has 120 seconds left.
|
|t:|1643194382
|move|p2a: Rayquaza|Dragon Ascent|p1a: Groudon
|-damage|p1a: Groudon|0 fnt
|-unboost|p2a: Rayquaza|def|1
|-unboost|p2a: Rayquaza|spd|1
|faint|p1a: Groudon
|
|-weather|DeltaStream|[upkeep]
|upkeep
|
|t:|1643194389
|switch|p1a: Zacian|Zacian-Crowned|100/100
|-ability|p1a: Zacian|Intrepid Sword|boost
|-boost|p1a: Zacian|atk|1
|turn|26
|
|t:|1643194398
|move|p2a: Rayquaza|Extreme Speed|p1a: Zacian
|-resisted|p1a: Zacian
|-damage|p1a: Zacian|84/100
|move|p1a: Zacian|Behemoth Blade|p2a: Rayquaza
|-damage|p2a: Rayquaza|0 fnt
|faint|p2a: Rayquaza
|-weather|none
|
|upkeep
|inactive|DDDDD33333 has 120 seconds left.
|
|t:|1643194426
|switch|p2a: Lugia|Lugia, shiny|63/100 tox
|turn|27
|
|t:|1643194430
|move|p1a: Zacian|Wild Charge|p2a: Lugia
|-supereffective|p2a: Lugia
|-damage|p2a: Lugia|0 fnt
|faint|p2a: Lugia
|-damage|p1a: Zacian|64/100|[from] Recoil
|
|upkeep
|inactive|DDDDD33333 has 120 seconds left.
|
|t:|1643194447
|switch|p2a: Ditto|Ditto, shiny|100/100
|-damage|p2a: Ditto|88/100|[from] Stealth Rock
|-transform|p2a: Ditto|p1a: Zacian|[from] ability: Imposter
|-ability|p2a: Ditto|Intrepid Sword|boost
|-boost|p2a: Ditto|atk|1
|turn|28
|
|t:|1643194456
|move|p2a: Ditto|Close Combat|p1a: Zacian
|-damage|p1a: Zacian|0 fnt
|-unboost|p2a: Ditto|def|1
|-unboost|p2a: Ditto|spd|1
|faint|p1a: Zacian
|
|upkeep
|
|t:|1643194459
|switch|p1a: Rayquaza|Rayquaza|100/100
|-ability|p1a: Rayquaza|Air Lock
|turn|29
|
|t:|1643194471
|detailschange|p1a: Rayquaza|Rayquaza-Mega
|-mega|p1a: Rayquaza|Rayquaza|
|-weather|DeltaStream|[from] ability: Delta Stream|[of] p1a: Rayquaza
|move|p2a: Ditto|Behemoth Blade|p1a: Rayquaza
|-damage|p1a: Rayquaza|0 fnt
|faint|p1a: Rayquaza
|-weather|none
|
|upkeep
|
|t:|1643194475
|switch|p1a: Necrozma|Necrozma-Dusk-Mane|100/100
|turn|30
|
|t:|1643194483
|switch|p2a: Ho-Oh|Ho-Oh, shiny|90/100
|-damage|p2a: Ho-Oh|40/100|[from] Stealth Rock
|move|p1a: Necrozma|Trick Room|p1a: Necrozma
|-fieldstart|move: Trick Room|[of] p1a: Necrozma
|
|-heal|p2a: Ho-Oh|46/100|[from] item: Leftovers
|upkeep
|turn|31
|
|t:|1643194491
|move|p1a: Necrozma|Stone Edge|p2a: Ho-Oh
|-supereffective|p2a: Ho-Oh
|-damage|p2a: Ho-Oh|0 fnt
|faint|p2a: Ho-Oh
|
|upkeep
|
|t:|1643194499
|switch|p2a: Kyogre|Kyogre-Primal, shiny|100/100
|-damage|p2a: Kyogre|88/100|[from] Stealth Rock
|-weather|PrimordialSea|[from] ability: Primordial Sea|[of] p2a: Kyogre
|turn|32
|
|t:|1643194505
|-start|p1a: Necrozma|Dynamax
|-heal|p1a: Necrozma|100/100|[silent]
|move|p1a: Necrozma|Max Quake|p2a: Kyogre
|-damage|p2a: Kyogre|29/100
|-boost|p1a: Necrozma|spd|1
|move|p2a: Kyogre|Origin Pulse|p1a: Necrozma
|-crit|p1a: Necrozma
|-damage|p1a: Necrozma|31/100
|
|-weather|PrimordialSea|[upkeep]
|upkeep
|turn|33
|j| eeveeleon154
|
|t:|1643194516
|move|p1a: Necrozma|Max Rockfall|p2a: Kyogre
|-damage|p2a: Kyogre|0 fnt
|-weather|Sandstorm
|faint|p2a: Kyogre
|
|-weather|Sandstorm|[upkeep]
|upkeep
|
|t:|1643194524
|switch|p2a: Ditto|Ditto, shiny|88/100
|-damage|p2a: Ditto|76/100|[from] Stealth Rock
|-transform|p2a: Ditto|p1a: Necrozma|[from] ability: Imposter
|turn|34
|
|t:|1643194536
|-end|p1a: Necrozma|Dynamax
|-heal|p1a: Necrozma|31/100|[silent]
|switch|p1a: Yveltal|Yveltal|100/100
|-ability|p1a: Yveltal|Dark Aura
|-start|p2a: Ditto|Dynamax
|-heal|p2a: Ditto|76/100|[silent]
|move|p2a: Ditto|Max Guard||[still]
|-fail|p2a: Ditto
|
|-weather|Sandstorm|[upkeep]
|-damage|p1a: Yveltal|94/100|[from] Sandstorm
|-fieldend|move: Trick Room
|upkeep
|turn|35
|l|☆tortoiseshell
|inactive|tortoiseshell disconnected and has a minute to reconnect!
|player|p1|
|
|t:|1643194553
|move|p1a: Yveltal|Dark Pulse|p2a: Ditto
|-supereffective|p2a: Ditto
|-damage|p2a: Ditto|46/100
|-damage|p1a: Yveltal|84/100|[from] item: Life Orb
|move|p2a: Ditto|Max Rockfall|p1a: Yveltal
|-supereffective|p1a: Yveltal
|-damage|p1a: Yveltal|0 fnt
|faint|p1a: Yveltal
|
|-weather|Sandstorm|[upkeep]
|upkeep
|inactive|tortoiseshell has 30 seconds to reconnect!
|inactive|tortoiseshell has 20 seconds to reconnect!
|inactive|tortoiseshell has 15 seconds to reconnect!
|inactive|tortoiseshell has 10 seconds to reconnect!
|inactive|tortoiseshell has 5 seconds to reconnect!
|-message|tortoiseshell lost due to inactivity.
|
|win|DDDDD33333
|raw|tortoiseshell's rating: 1596 &rarr; <strong>1585</strong><br />(-11 for losing)
|raw|DDDDD33333's rating: 1767 &rarr; <strong>1778</strong><br />(+11 for winning)
|l|‽DDDDD33333
