|j|☆JustXpxp
|j|☆Kenesitto
|t:|1632594833
|gametype|singles
|player|p1|JustXpxp|102|1608
|player|p2|Kenesitto|red|1518
|teamsize|p1|6
|teamsize|p2|6
|gen|8
|tier|[Gen 8] National Dex AG
|rated|
|rule|HP Percentage Mod: HP is shown in percentages
|rule|Endless Battle Clause: Forcing endless battles is banned
|clearpoke
|poke|p1|Groudon|
|poke|p1|Necrozma-Dusk-Mane|
|poke|p1|Yveltal|
|poke|p1|Arceus-*|
|poke|p1|Arceus-*|
|poke|p1|Zacian-*|
|poke|p2|Necrozma-Dawn-Wings|
|poke|p2|Marshadow|
|poke|p2|Arceus-*|
|poke|p2|Calyrex-Shadow|
|poke|p2|Eternatus|
|poke|p2|Zacian-*|
|teampreview
|
|t:|1632594842
|start
|switch|p1a: Zacian|Zacian-Crowned|100/100
|switch|p2a: Bidóof|Arceus-Ground|100/100
|-ability|p1a: Zacian|Intrepid Sword|boost
|-boost|p1a: Zacian|atk|1
|turn|1
|
|t:|1632594851
|switch|p1a: Yveltal|Yveltal|100/100
|-ability|p1a: Yveltal|Dark Aura
|move|p2a: Bidóof|Judgment|p1a: Yveltal
|-immune|p1a: Yveltal
|
|upkeep
|turn|2
|
|t:|1632594855
|move|p2a: Bidóof|Stealth Rock|p1a: Yveltal
|-sidestart|p1: JustXpxp|move: Stealth Rock
|move|p1a: Yveltal|Foul Play|p2a: Bidóof
|-damage|p2a: Bidóof|72/100
|
|upkeep
|turn|3
|
|t:|1632594861
|-start|p2a: Bidóof|Dynamax
|-heal|p2a: Bidóof|72/100|[silent]
|move|p2a: Bidóof|Max Hailstorm|p1a: Yveltal
|-supereffective|p1a: Yveltal
|-damage|p1a: Yveltal|46/100
|-weather|Hail
|move|p1a: Yveltal|Foul Play|p2a: Bidóof
|-damage|p2a: Bidóof|58/100
|
|-weather|Hail|[upkeep]
|-damage|p2a: Bidóof|55/100|[from] Hail
|-damage|p1a: Yveltal|40/100|[from] Hail
|upkeep
|turn|4
|
|t:|1632594868
|switch|p1a: Arceus|Arceus-Water|100/100
|-damage|p1a: Arceus|88/100|[from] Stealth Rock
|move|p2a: Bidóof|Max Hailstorm|p1a: Arceus
|-resisted|p1a: Arceus
|-damage|p1a: Arceus|73/100
|
|-weather|Hail|[upkeep]
|-damage|p2a: Bidóof|52/100|[from] Hail
|-damage|p1a: Arceus|67/100|[from] Hail
|upkeep
|turn|5
|
|t:|1632594872
|move|p2a: Bidóof|Max Quake|p1a: Arceus
|-damage|p1a: Arceus|10/100
|-boost|p2a: Bidóof|spd|1
|move|p1a: Arceus|Recover|p1a: Arceus
|-heal|p1a: Arceus|61/100
|
|-weather|Hail|[upkeep]
|-damage|p2a: Bidóof|49/100|[from] Hail
|-damage|p1a: Arceus|54/100|[from] Hail
|-end|p2a: Bidóof|Dynamax
|-heal|p2a: Bidóof|49/100|[silent]
|upkeep
|turn|6
|
|t:|1632594877
|switch|p2a: Sweep 2.0|Zacian-Crowned|100/100
|-ability|p2a: Sweep 2.0|Intrepid Sword|boost
|-boost|p2a: Sweep 2.0|atk|1
|move|p1a: Arceus|Recover|p1a: Arceus
|-heal|p1a: Arceus|100/100
|
|-weather|Hail|[upkeep]
|-damage|p2a: Sweep 2.0|94/100|[from] Hail
|-damage|p1a: Arceus|94/100|[from] Hail
|upkeep
|turn|7
|
|t:|1632594883
|switch|p1a: Necrozma|Necrozma-Dusk-Mane|100/100
|-damage|p1a: Necrozma|94/100|[from] Stealth Rock
|move|p2a: Sweep 2.0|Thunder Fang|p1a: Necrozma
|-damage|p1a: Necrozma|72/100
|-damage|p2a: Sweep 2.0|78/100|[from] item: Rocky Helmet|[of] p1a: Necrozma
|
|-weather|none
|upkeep
|turn|8
|
|t:|1632594887
|move|p2a: Sweep 2.0|Sacred Sword|p1a: Necrozma
|-damage|p1a: Necrozma|43/100
|-damage|p2a: Sweep 2.0|61/100|[from] item: Rocky Helmet|[of] p1a: Necrozma
|move|p1a: Necrozma|Morning Sun|p1a: Necrozma
|-heal|p1a: Necrozma|93/100
|
|upkeep
|turn|9
|
|t:|1632594890
|switch|p2a: Bidóof|Arceus-Ground|49/100
|move|p1a: Necrozma|Stealth Rock|p2a: Bidóof
|-sidestart|p2: Kenesitto|move: Stealth Rock
|
|upkeep
|turn|10
|
|t:|1632594896
|move|p2a: Bidóof|Defog|p1a: Necrozma
|-unboost|p1a: Necrozma|evasion|1
|-sideend|p1: JustXpxp|Stealth Rock|[from] move: Defog|[of] p2a: Bidóof
|-sideend|p2: Kenesitto|Stealth Rock|[from] move: Defog|[of] p2a: Bidóof
|move|p1a: Necrozma|Sunsteel Strike|p2a: Bidóof
|-damage|p2a: Bidóof|11/100
|
|upkeep
|turn|11
|
|t:|1632594909
|switch|p1a: Yveltal|Yveltal|40/100
|-ability|p1a: Yveltal|Dark Aura
|move|p2a: Bidóof|Judgment|p1a: Yveltal
|-immune|p1a: Yveltal
|
|upkeep
|turn|12
|
|t:|1632594915
|move|p1a: Yveltal|Sucker Punch|p2a: Bidóof
|-damage|p2a: Bidóof|0 fnt
|faint|p2a: Bidóof
|
|upkeep
|
|t:|1632594917
|switch|p2a: Shady Guy|Marshadow|100/100
|turn|13
|
|t:|1632594920
|switch|p2a: D Killer|Eternatus|100/100
|-ability|p2a: D Killer|Pressure
|move|p1a: Yveltal|Roost|p1a: Yveltal
|-heal|p1a: Yveltal|90/100
|-singleturn|p1a: Yveltal|move: Roost
|
|upkeep
|turn|14
|
|t:|1632594924
|switch|p1a: Zacian|Zacian-Crowned|100/100
|-ability|p1a: Zacian|Intrepid Sword|boost
|-boost|p1a: Zacian|atk|1
|move|p2a: D Killer|Dynamax Cannon|p1a: Zacian
|-immune|p1a: Zacian
|
|upkeep
|turn|15
|
|t:|1632594926
|move|p1a: Zacian|Behemoth Blade|p2a: D Killer
|-damage|p2a: D Killer|23/100
|move|p2a: D Killer|Flamethrower|p1a: Zacian
|-supereffective|p1a: Zacian
|-damage|p1a: Zacian|37/100
|
|upkeep
|turn|16
|
|t:|1632594928
|move|p1a: Zacian|Behemoth Blade|p2a: D Killer
|-damage|p2a: D Killer|0 fnt
|faint|p2a: D Killer
|
|upkeep
|
|t:|1632594929
|switch|p2a: Sweep 2.0|Zacian-Crowned|61/100
|-ability|p2a: Sweep 2.0|Intrepid Sword|boost
|-boost|p2a: Sweep 2.0|atk|1
|turn|17
|
|t:|1632594932
|switch|p1a: Necrozma|Necrozma-Dusk-Mane|93/100
|move|p2a: Sweep 2.0|Behemoth Blade|p1a: Necrozma
|-resisted|p1a: Necrozma
|-damage|p1a: Necrozma|70/100
|-damage|p2a: Sweep 2.0|44/100|[from] item: Rocky Helmet|[of] p1a: Necrozma
|
|upkeep
|turn|18
|
|t:|1632594935
|switch|p2a: Sweep?|Calyrex-Shadow|100/100
|-ability|p2a: Sweep?|As One
|-ability|p2a: Sweep?|Unnerve
|move|p1a: Necrozma|Stealth Rock|p2a: Sweep?
|-sidestart|p2: Kenesitto|move: Stealth Rock
|
|upkeep
|turn|19
|
|t:|1632594938
|switch|p1a: Yveltal|Yveltal|90/100
|-ability|p1a: Yveltal|Dark Aura
|move|p2a: Sweep?|Astral Barrage|p1a: Yveltal
|-resisted|p1a: Yveltal
|-damage|p1a: Yveltal|70/100
|
|upkeep
|turn|20
|
|t:|1632594942
|move|p2a: Sweep?|Nasty Plot|p2a: Sweep?
|-boost|p2a: Sweep?|spa|2
|move|p1a: Yveltal|Foul Play|p2a: Sweep?
|-supereffective|p2a: Sweep?
|-enditem|p2a: Sweep?|Focus Sash
|-damage|p2a: Sweep?|1/100
|
|upkeep
|turn|21
|
|t:|1632594945
|move|p1a: Yveltal|Sucker Punch|p2a: Sweep?
|-supereffective|p2a: Sweep?
|-damage|p2a: Sweep?|0 fnt
|faint|p2a: Sweep?
|
|upkeep
|
|t:|1632594948
|switch|p2a: Slow as fuck boii|Necrozma-Dawn-Wings|100/100
|-damage|p2a: Slow as fuck boii|88/100|[from] Stealth Rock
|turn|22
|
|t:|1632594950
|move|p1a: Yveltal|Foul Play|p2a: Slow as fuck boii
|-supereffective|p2a: Slow as fuck boii
|-damage|p2a: Slow as fuck boii|0 fnt
|faint|p2a: Slow as fuck boii
|
|upkeep
|
|t:|1632594953
|switch|p2a: Shady Guy|Marshadow|100/100
|-damage|p2a: Shady Guy|94/100|[from] Stealth Rock
|turn|23
|
|t:|1632594955
|move|p1a: Yveltal|Sucker Punch|p2a: Shady Guy
|-damage|p2a: Shady Guy|42/100
|move|p2a: Shady Guy|Drain Punch|p1a: Yveltal
|-damage|p1a: Yveltal|42/100
|-heal|p2a: Shady Guy|62/100|[from] drain|[of] p1a: Yveltal
|
|upkeep
|turn|24
|
|t:|1632594958
|move|p2a: Shady Guy|Drain Punch|p1a: Yveltal
|-damage|p1a: Yveltal|13/100
|-heal|p2a: Shady Guy|82/100|[from] drain|[of] p1a: Yveltal
|move|p1a: Yveltal|Foul Play|p2a: Shady Guy
|-damage|p2a: Shady Guy|0 fnt
|faint|p2a: Shady Guy
|
|upkeep
|
|t:|1632594961
|switch|p2a: Sweep 2.0|Zacian-Crowned|44/100
|-damage|p2a: Sweep 2.0|38/100|[from] Stealth Rock
|-ability|p2a: Sweep 2.0|Intrepid Sword|boost
|-boost|p2a: Sweep 2.0|atk|1
|turn|25
|
|t:|1632594964
|switch|p1a: Necrozma|Necrozma-Dusk-Mane|70/100
|move|p2a: Sweep 2.0|Thunder Fang|p1a: Necrozma
|-damage|p1a: Necrozma|46/100
|-damage|p2a: Sweep 2.0|22/100|[from] item: Rocky Helmet|[of] p1a: Necrozma
|
|upkeep
|turn|26
|
|t:|1632594967
|move|p2a: Sweep 2.0|Thunder Fang|p1a: Necrozma
|-damage|p1a: Necrozma|23/100
|-damage|p2a: Sweep 2.0|5/100|[from] item: Rocky Helmet|[of] p1a: Necrozma
|move|p1a: Necrozma|Sunsteel Strike|p2a: Sweep 2.0
|-damage|p2a: Sweep 2.0|0 fnt
|faint|p2a: Sweep 2.0
|
|win|JustXpxp
|raw|JustXpxp's rating: 1608 &rarr; <strong>1623</strong><br />(+15 for winning)
|raw|Kenesitto's rating: 1518 &rarr; <strong>1503</strong><br />(-15 for losing)
|l|☆Kenesitto
