|j|☆Obito152001
|j|☆BasakBooster2
|t:|1665125741
|gametype|singles
|player|p1|Obito152001|blue-gen3two|1956
|player|p2|BasakBooster2|265|1931
|teamsize|p1|6
|teamsize|p2|6
|gen|8
|tier|[Gen 8] National Dex AG
|rated|
|rule|HP Percentage Mod: HP is shown in percentages
|rule|Endless Battle Clause: Forcing endless battles is banned
|clearpoke
|poke|p1|Mewtwo|
|poke|p1|Arceus-*|
|poke|p1|Ditto|
|poke|p1|Arceus-*|
|poke|p1|Zygarde|
|poke|p1|Kyogre|
|poke|p2|Groudon|
|poke|p2|Rayquaza|
|poke|p2|Zygarde|
|poke|p2|Calyrex-Shadow|
|poke|p2|Arceus-*|
|poke|p2|Arceus-*|
|teampreview
|inactive|Battle timer is ON: inactive players will automatically lose when time's up. (requested by Obito152001)
|
|t:|1665125747
|start
|switch|p1a: Mewtwo|Mewtwo|100/100
|switch|p2a: Arceus|Arceus-Fairy|100/100
|-ability|p1a: Mewtwo|Pressure
|turn|1
|
|t:|1665125753
|move|p1a: Mewtwo|Taunt|p2a: Arceus
|-start|p2a: Arceus|move: Taunt
|move|p2a: Arceus|Judgment|p1a: Mewtwo
|-damage|p1a: Mewtwo|50/100
|
|upkeep
|turn|2
|
|t:|1665125764
|switch|p1a: Arceus|Arceus-Fairy|100/100
|move|p2a: Arceus|Judgment|p1a: Arceus
|-damage|p1a: Arceus|79/100
|
|upkeep
|turn|3
|inactive|BasakBooster2 has 120 seconds left.
|
|t:|1665125798
|switch|p2a: Pyra|Groudon|100/100
|detailschange|p2a: Pyra|Groudon-Primal
|-primal|p2a: Pyra
|-weather|DesolateLand|[from] ability: Desolate Land|[of] p2a: Pyra
|move|p1a: Arceus|Stealth Rock|p2a: Pyra
|-sidestart|p2: BasakBooster2|move: Stealth Rock
|
|-weather|DesolateLand|[upkeep]
|upkeep
|turn|4
|
|t:|1665125807
|-weather|none
|switch|p2a: Arceus|Arceus-Fairy|100/100
|-damage|p2a: Arceus|88/100|[from] Stealth Rock
|move|p1a: Arceus|Toxic|p2a: Arceus
|-status|p2a: Arceus|tox
|
|-damage|p2a: Arceus|82/100 tox|[from] psn
|upkeep
|turn|5
|
|t:|1665125814
|switch|p1a: Kyogre|Kyogre|100/100
|detailschange|p1a: Kyogre|Kyogre-Primal
|-primal|p1a: Kyogre
|-weather|PrimordialSea|[from] ability: Primordial Sea|[of] p1a: Kyogre
|move|p2a: Arceus|Whirlpool|p1a: Kyogre
|-resisted|p1a: Kyogre
|-damage|p1a: Kyogre|96/100
|-activate|p1a: Kyogre|move: Whirlpool|[of] p2a: Arceus
|
|-weather|PrimordialSea|[upkeep]
|-damage|p2a: Arceus|70/100 tox|[from] psn
|-damage|p1a: Kyogre|83/100|[from] move: Whirlpool|[partiallytrapped]
|upkeep
|turn|6
|
|t:|1665125822
|move|p1a: Kyogre|Water Spout|p2a: Arceus
|-damage|p2a: Arceus|10/100 tox
|move|p2a: Arceus|Perish Song|p2a: Arceus
|-start|p1a: Kyogre|perish3|[silent]
|-start|p2a: Arceus|perish3|[silent]
|-fieldactivate|move: Perish Song
|
|-weather|PrimordialSea|[upkeep]
|-damage|p2a: Arceus|0 fnt|[from] psn
|faint|p2a: Arceus
|-end|p1a: Kyogre|Whirlpool|[partiallytrapped]|[silent]
|-start|p1a: Kyogre|perish3
|upkeep
|
|t:|1665125824
|switch|p2a: Pyra|Groudon-Primal|100/100
|-damage|p2a: Pyra|88/100|[from] Stealth Rock
|-weather|DesolateLand|[from] ability: Desolate Land|[of] p2a: Pyra
|turn|7
|
|t:|1665125827
|switch|p1a: Zygarde|Zygarde, shiny|100/100
|move|p2a: Pyra|Precipice Blades|p1a: Zygarde
|-damage|p1a: Zygarde|68/100
|
|-weather|DesolateLand|[upkeep]
|-heal|p1a: Zygarde|74/100|[from] item: Leftovers
|upkeep
|turn|8
|
|t:|1665125833
|-weather|none
|switch|p2a: the gwoat|Rayquaza|100/100
|-damage|p2a: the gwoat|76/100|[from] Stealth Rock
|-ability|p2a: the gwoat|Air Lock
|move|p1a: Zygarde|Glare|p2a: the gwoat
|-status|p2a: the gwoat|par
|
|-heal|p1a: Zygarde|80/100|[from] item: Leftovers
|upkeep
|turn|9
|
|t:|1665125839
|switch|p1a: Arceus|Arceus-Fairy|79/100
|detailschange|p2a: the gwoat|Rayquaza-Mega
|-mega|p2a: the gwoat|Rayquaza|
|-weather|DeltaStream|[from] ability: Delta Stream|[of] p2a: the gwoat
|cant|p2a: the gwoat|par
|
|-weather|DeltaStream|[upkeep]
|upkeep
|turn|10
|
|t:|1665125844
|move|p1a: Arceus|Judgment|p2a: the gwoat
|-supereffective|p2a: the gwoat
|-damage|p2a: the gwoat|0 fnt
|faint|p2a: the gwoat
|-weather|none
|
|upkeep
|
|t:|1665125846
|switch|p2a: Arceus|Arceus|100/100
|-damage|p2a: Arceus|88/100|[from] Stealth Rock
|turn|11
|
|t:|1665125849
|switch|p1a: Zygarde|Zygarde, shiny|80/100
|move|p2a: Arceus|Swords Dance|p2a: Arceus
|-boost|p2a: Arceus|atk|2
|
|-heal|p1a: Zygarde|87/100|[from] item: Leftovers
|upkeep
|turn|12
|
|t:|1665125851
|move|p2a: Arceus|Swords Dance|p2a: Arceus
|-boost|p2a: Arceus|atk|2
|move|p1a: Zygarde|Haze|p1a: Zygarde
|-clearallboost
|
|-heal|p1a: Zygarde|93/100|[from] item: Leftovers
|upkeep
|turn|13
|
|t:|1665125854
|move|p2a: Arceus|Swords Dance|p2a: Arceus
|-boost|p2a: Arceus|atk|2
|move|p1a: Zygarde|Glare|p2a: Arceus
|-status|p2a: Arceus|par
|-enditem|p2a: Arceus|Lum Berry|[eat]
|-curestatus|p2a: Arceus|par|[msg]
|
|-heal|p1a: Zygarde|99/100|[from] item: Leftovers
|upkeep
|turn|14
|
|t:|1665125861
|-start|p2a: Arceus|Dynamax|
|-heal|p2a: Arceus|88/100|[silent]
|move|p2a: Arceus|Max Strike|p1a: Zygarde
|-damage|p1a: Zygarde|22/100
|-unboost|p1a: Zygarde|spe|1
|move|p1a: Zygarde|Haze|p1a: Zygarde
|-clearallboost
|
|-heal|p1a: Zygarde|29/100|[from] item: Leftovers
|-activate|p1a: Zygarde|ability: Power Construct
|detailschange|p1a: Zygarde|Zygarde-Complete, shiny
|-heal|p1a: Zygarde|53/100|[silent]
|upkeep
|turn|15
|
|t:|1665125864
|move|p2a: Arceus|Max Phantasm|p1a: Zygarde
|-damage|p1a: Zygarde|39/100
|-unboost|p1a: Zygarde|def|1
|move|p1a: Zygarde|Glare|p2a: Arceus
|-status|p2a: Arceus|par
|
|-heal|p1a: Zygarde|45/100|[from] item: Leftovers
|upkeep
|turn|16
|
|t:|1665125875
|move|p1a: Zygarde|Haze|p1a: Zygarde
|-clearallboost
|move|p2a: Arceus|Max Strike|p1a: Zygarde
|-damage|p1a: Zygarde|20/100
|-unboost|p1a: Zygarde|spe|1
|
|-heal|p1a: Zygarde|26/100|[from] item: Leftovers
|upkeep
|-end|p2a: Arceus|Dynamax
|-heal|p2a: Arceus|88/100 par|[silent]
|turn|17
|
|t:|1665125881
|cant|p2a: Arceus|par
|move|p1a: Zygarde|Rest|p1a: Zygarde
|-status|p1a: Zygarde|slp|[from] move: Rest
|-heal|p1a: Zygarde|100/100 slp|[silent]
|
|upkeep
|turn|18
|
|t:|1665125883
|move|p2a: Arceus|Swords Dance|p2a: Arceus
|-boost|p2a: Arceus|atk|2
|cant|p1a: Zygarde|slp
|
|upkeep
|turn|19
|
|t:|1665125886
|cant|p2a: Arceus|par
|cant|p1a: Zygarde|slp
|
|upkeep
|turn|20
|
|t:|1665125888
|move|p2a: Arceus|Swords Dance|p2a: Arceus
|-boost|p2a: Arceus|atk|2
|-curestatus|p1a: Zygarde|slp|[msg]
|move|p1a: Zygarde|Haze|p1a: Zygarde
|-clearallboost
|
|upkeep
|turn|21
|
|t:|1665125891
|move|p1a: Zygarde|Thousand Arrows|p2a: Arceus
|-damage|p2a: Arceus|69/100 par
|move|p2a: Arceus|Swords Dance|p2a: Arceus
|-boost|p2a: Arceus|atk|2
|
|upkeep
|turn|22
|
|t:|1665125893
|move|p1a: Zygarde|Haze|p1a: Zygarde
|-clearallboost
|move|p2a: Arceus|Swords Dance|p2a: Arceus
|-boost|p2a: Arceus|atk|2
|
|upkeep
|turn|23
|
|t:|1665125895
|move|p1a: Zygarde|Haze|p1a: Zygarde
|-clearallboost
|move|p2a: Arceus|Swords Dance|p2a: Arceus
|-boost|p2a: Arceus|atk|2
|
|upkeep
|turn|24
|
|t:|1665125898
|move|p2a: Arceus|Extreme Speed|p1a: Zygarde
|-crit|p1a: Zygarde
|-damage|p1a: Zygarde|60/100
|move|p1a: Zygarde|Haze|p1a: Zygarde
|-clearallboost
|
|-heal|p1a: Zygarde|66/100|[from] item: Leftovers
|upkeep
|turn|25
|
|t:|1665125900
|move|p1a: Zygarde|Thousand Arrows|p2a: Arceus
|-damage|p2a: Arceus|48/100 par
|move|p2a: Arceus|Swords Dance|p2a: Arceus
|-boost|p2a: Arceus|atk|2
|
|-heal|p1a: Zygarde|72/100|[from] item: Leftovers
|upkeep
|turn|26
|
|t:|1665125904
|move|p1a: Zygarde|Haze|p1a: Zygarde
|-clearallboost
|cant|p2a: Arceus|par
|
|-heal|p1a: Zygarde|78/100|[from] item: Leftovers
|upkeep
|turn|27
|
|t:|1665125906
|move|p1a: Zygarde|Thousand Arrows|p2a: Arceus
|-damage|p2a: Arceus|26/100 par
|move|p2a: Arceus|Recover|p2a: Arceus
|-heal|p2a: Arceus|76/100 par
|
|-heal|p1a: Zygarde|84/100|[from] item: Leftovers
|upkeep
|turn|28
|
|t:|1665125914
|move|p1a: Zygarde|Thousand Arrows|p2a: Arceus
|-damage|p2a: Arceus|53/100 par
|move|p2a: Arceus|Swords Dance|p2a: Arceus
|-boost|p2a: Arceus|atk|2
|
|-heal|p1a: Zygarde|90/100|[from] item: Leftovers
|upkeep
|turn|29
|
|t:|1665125918
|move|p2a: Arceus|Extreme Speed|p1a: Zygarde
|-damage|p1a: Zygarde|63/100
|move|p1a: Zygarde|Haze|p1a: Zygarde
|-clearallboost
|
|-heal|p1a: Zygarde|69/100|[from] item: Leftovers
|upkeep
|turn|30
|
|t:|1665125924
|move|p1a: Zygarde|Thousand Arrows|p2a: Arceus
|-damage|p2a: Arceus|30/100 par
|cant|p2a: Arceus|par
|
|-heal|p1a: Zygarde|75/100|[from] item: Leftovers
|upkeep
|turn|31
|
|t:|1665125926
|move|p1a: Zygarde|Thousand Arrows|p2a: Arceus
|-damage|p2a: Arceus|8/100 par
|move|p2a: Arceus|Recover|p2a: Arceus
|-heal|p2a: Arceus|58/100 par
|
|-heal|p1a: Zygarde|81/100|[from] item: Leftovers
|upkeep
|turn|32
|
|t:|1665125931
|move|p1a: Zygarde|Thousand Arrows|p2a: Arceus
|-damage|p2a: Arceus|38/100 par
|move|p2a: Arceus|Recover|p2a: Arceus
|-heal|p2a: Arceus|88/100 par
|
|-heal|p1a: Zygarde|88/100|[from] item: Leftovers
|upkeep
|turn|33
|
|t:|1665125934
|move|p1a: Zygarde|Thousand Arrows|p2a: Arceus
|-damage|p2a: Arceus|67/100 par
|move|p2a: Arceus|Swords Dance|p2a: Arceus
|-boost|p2a: Arceus|atk|2
|
|-heal|p1a: Zygarde|94/100|[from] item: Leftovers
|upkeep
|turn|34
|
|t:|1665125936
|move|p2a: Arceus|Extreme Speed|p1a: Zygarde
|-damage|p1a: Zygarde|64/100
|move|p1a: Zygarde|Haze|p1a: Zygarde
|-clearallboost
|
|-heal|p1a: Zygarde|70/100|[from] item: Leftovers
|upkeep
|turn|35
|
|t:|1665125941
|move|p1a: Zygarde|Thousand Arrows|p2a: Arceus
|-damage|p2a: Arceus|44/100 par
|move|p2a: Arceus|Swords Dance|p2a: Arceus
|-boost|p2a: Arceus|atk|2
|
|-heal|p1a: Zygarde|77/100|[from] item: Leftovers
|upkeep
|turn|36
|
|t:|1665125946
|move|p2a: Arceus|Extreme Speed|p1a: Zygarde
|-damage|p1a: Zygarde|47/100
|move|p1a: Zygarde|Haze|p1a: Zygarde
|-clearallboost
|
|-heal|p1a: Zygarde|53/100|[from] item: Leftovers
|upkeep
|turn|37
|
|t:|1665125951
|move|p1a: Zygarde|Rest|p1a: Zygarde
|-status|p1a: Zygarde|slp|[from] move: Rest
|-heal|p1a: Zygarde|100/100 slp|[silent]
|cant|p2a: Arceus|par
|
|upkeep
|turn|38
|
|t:|1665125955
|cant|p1a: Zygarde|slp
|cant|p2a: Arceus|par
|
|upkeep
|turn|39
|c|☆BasakBooster2|Bruh
|
|t:|1665125964
|cant|p1a: Zygarde|slp
|cant|p2a: Arceus|par
|
|upkeep
|turn|40
|c|☆BasakBooster2|Hmmm
|
|t:|1665125975
|-curestatus|p1a: Zygarde|slp|[msg]
|move|p1a: Zygarde|Thousand Arrows|p2a: Arceus
|-damage|p2a: Arceus|23/100 par
|move|p2a: Arceus|Recover|p2a: Arceus
|-heal|p2a: Arceus|74/100 par
|
|upkeep
|turn|41
|
|t:|1665125985
|move|p1a: Zygarde|Glare|p2a: Arceus
|-fail|p2a: Arceus|par
|move|p2a: Arceus|Recover|p2a: Arceus
|-heal|p2a: Arceus|100/100 par
|
|upkeep
|turn|42
|
|t:|1665125988
|move|p1a: Zygarde|Glare|p2a: Arceus
|-fail|p2a: Arceus|par
|move|p2a: Arceus|Swords Dance|p2a: Arceus
|-boost|p2a: Arceus|atk|2
|
|upkeep
|turn|43
|
|t:|1665125990
|move|p1a: Zygarde|Haze|p1a: Zygarde
|-clearallboost
|cant|p2a: Arceus|par
|
|upkeep
|turn|44
|
|t:|1665125992
|move|p1a: Zygarde|Glare|p2a: Arceus
|-fail|p2a: Arceus|par
|cant|p2a: Arceus|par
|
|upkeep
|turn|45
|
|t:|1665125996
|move|p1a: Zygarde|Glare|p2a: Arceus
|-fail|p2a: Arceus|par
|move|p2a: Arceus|Swords Dance|p2a: Arceus
|-boost|p2a: Arceus|atk|2
|
|upkeep
|turn|46
|
|t:|1665126000
|move|p2a: Arceus|Extreme Speed|p1a: Zygarde
|-damage|p1a: Zygarde|74/100
|move|p1a: Zygarde|Haze|p1a: Zygarde
|-clearallboost
|
|-heal|p1a: Zygarde|80/100|[from] item: Leftovers
|upkeep
|turn|47
|
|t:|1665126003
|move|p1a: Zygarde|Glare|p2a: Arceus
|-fail|p2a: Arceus|par
|move|p2a: Arceus|Swords Dance|p2a: Arceus
|-boost|p2a: Arceus|atk|2
|
|-heal|p1a: Zygarde|86/100|[from] item: Leftovers
|upkeep
|turn|48
|
|t:|1665126005
|move|p2a: Arceus|Extreme Speed|p1a: Zygarde
|-damage|p1a: Zygarde|58/100
|move|p1a: Zygarde|Haze|p1a: Zygarde
|-clearallboost
|
|-heal|p1a: Zygarde|64/100|[from] item: Leftovers
|upkeep
|turn|49
|
|t:|1665126010
|move|p1a: Zygarde|Glare|p2a: Arceus
|-fail|p2a: Arceus|par
|move|p2a: Arceus|Swords Dance|p2a: Arceus
|-boost|p2a: Arceus|atk|2
|
|-heal|p1a: Zygarde|70/100|[from] item: Leftovers
|upkeep
|turn|50
|
|t:|1665126013
|move|p1a: Zygarde|Haze|p1a: Zygarde
|-clearallboost
|move|p2a: Arceus|Shadow Claw|p1a: Zygarde
|-damage|p1a: Zygarde|61/100
|
|-heal|p1a: Zygarde|67/100|[from] item: Leftovers
|upkeep
|turn|51
|
|t:|1665126017
|switch|p1a: Kyogre|Kyogre-Primal|83/100
|-weather|PrimordialSea|[from] ability: Primordial Sea|[of] p1a: Kyogre
|cant|p2a: Arceus|par
|
|-weather|PrimordialSea|[upkeep]
|upkeep
|turn|52
|
|t:|1665126020
|move|p1a: Kyogre|Water Spout|p2a: Arceus
|-damage|p2a: Arceus|17/100 par
|move|p2a: Arceus|Shadow Claw|p1a: Kyogre
|-damage|p1a: Kyogre|56/100
|
|-weather|PrimordialSea|[upkeep]
|upkeep
|turn|53
|
|t:|1665126024
|move|p1a: Kyogre|Ice Beam|p2a: Arceus
|-crit|p2a: Arceus
|-damage|p2a: Arceus|0 fnt
|faint|p2a: Arceus
|
|-weather|PrimordialSea|[upkeep]
|upkeep
|
|t:|1665126029
|switch|p2a: Pyra|Groudon-Primal|88/100
|-damage|p2a: Pyra|76/100|[from] Stealth Rock
|-weather|DesolateLand|[from] ability: Desolate Land|[of] p2a: Pyra
|turn|54
|
|t:|1665126033
|switch|p1a: Zygarde|Zygarde-Complete, shiny|67/100
|-weather|none
|switch|p2a: Calyrex|Calyrex-Shadow|100/100
|-ability|p2a: Calyrex|As One
|-ability|p2a: Calyrex|Unnerve
|-damage|p2a: Calyrex|88/100|[from] Stealth Rock
|
|-heal|p2a: Calyrex|94/100|[from] item: Leftovers
|-heal|p1a: Zygarde|73/100|[from] item: Leftovers
|upkeep
|turn|55
|
|t:|1665126038
|switch|p1a: Arceus|Arceus|100/100
|move|p2a: Calyrex|Substitute|p2a: Calyrex
|-start|p2a: Calyrex|Substitute
|-damage|p2a: Calyrex|70/100
|
|-heal|p2a: Calyrex|76/100|[from] item: Leftovers
|upkeep
|turn|56
|
|t:|1665126043
|move|p2a: Calyrex|Leech Seed|p1a: Arceus
|-start|p1a: Arceus|move: Leech Seed
|move|p1a: Arceus|Swords Dance|p1a: Arceus
|-boost|p1a: Arceus|atk|2
|
|-heal|p2a: Calyrex|82/100|[from] item: Leftovers
|-damage|p1a: Arceus|88/100|[from] Leech Seed|[of] p2a: Calyrex
|-heal|p2a: Calyrex|98/100|[silent]
|upkeep
|turn|57
|
|t:|1665126049
|switch|p2a: Pyra|Groudon-Primal|76/100
|-damage|p2a: Pyra|64/100|[from] Stealth Rock
|-weather|DesolateLand|[from] ability: Desolate Land|[of] p2a: Pyra
|move|p1a: Arceus|Shadow Claw|p2a: Pyra
|-damage|p2a: Pyra|40/100
|
|-weather|DesolateLand|[upkeep]
|-damage|p1a: Arceus|76/100|[from] Leech Seed|[of] p2a: Pyra
|-heal|p2a: Pyra|54/100|[silent]
|upkeep
|turn|58
|
|t:|1665126052
|switch|p1a: Zygarde|Zygarde-Complete, shiny|73/100
|move|p2a: Pyra|Thunder Wave|p1a: Zygarde
|-immune|p1a: Zygarde
|
|-weather|DesolateLand|[upkeep]
|-heal|p1a: Zygarde|79/100|[from] item: Leftovers
|upkeep
|turn|59
|
|t:|1665126056
|move|p2a: Pyra|Stealth Rock|p1a: Zygarde
|-sidestart|p1: Obito152001|move: Stealth Rock
|move|p1a: Zygarde|Glare|p2a: Pyra
|-status|p2a: Pyra|par
|
|-weather|DesolateLand|[upkeep]
|-heal|p1a: Zygarde|85/100|[from] item: Leftovers
|upkeep
|turn|60
|
|t:|1665126059
|move|p1a: Zygarde|Glare|p2a: Pyra
|-fail|p2a: Pyra|par
|move|p2a: Pyra|Precipice Blades|p1a: Zygarde
|-damage|p1a: Zygarde|62/100
|
|-weather|DesolateLand|[upkeep]
|-heal|p1a: Zygarde|68/100|[from] item: Leftovers
|upkeep
|turn|61
|
|t:|1665126063
|move|p1a: Zygarde|Glare|p2a: Pyra
|-fail|p2a: Pyra|par
|move|p2a: Pyra|Precipice Blades|p1a: Zygarde
|-damage|p1a: Zygarde|43/100
|
|-weather|DesolateLand|[upkeep]
|-heal|p1a: Zygarde|49/100|[from] item: Leftovers
|upkeep
|turn|62
|
|t:|1665126065
|move|p1a: Zygarde|Thousand Arrows|p2a: Pyra
|-supereffective|p2a: Pyra
|-damage|p2a: Pyra|27/100 par
|move|p2a: Pyra|Precipice Blades|p1a: Zygarde
|-damage|p1a: Zygarde|25/100
|
|-weather|DesolateLand|[upkeep]
|-heal|p1a: Zygarde|31/100|[from] item: Leftovers
|upkeep
|turn|63
|
|t:|1665126069
|move|p1a: Zygarde|Rest|p1a: Zygarde
|-status|p1a: Zygarde|slp|[from] move: Rest
|-heal|p1a: Zygarde|100/100 slp|[silent]
|cant|p2a: Pyra|par
|
|-weather|DesolateLand|[upkeep]
|upkeep
|turn|64
|
|t:|1665126072
|-weather|none
|switch|p2a: the goat|Zygarde, shiny|100/100
|-damage|p2a: the goat|94/100|[from] Stealth Rock
|cant|p1a: Zygarde|slp
|
|-heal|p2a: the goat|100/100|[from] item: Leftovers
|upkeep
|turn|65
|
|t:|1665126080
|move|p2a: the goat|Substitute|p2a: the goat
|-start|p2a: the goat|Substitute
|-damage|p2a: the goat|75/100
|cant|p1a: Zygarde|slp
|
|-heal|p2a: the goat|82/100|[from] item: Leftovers
|upkeep
|turn|66
|
|t:|1665126083
|move|p2a: the goat|Coil|p2a: the goat
|-boost|p2a: the goat|atk|1
|-boost|p2a: the goat|def|1
|-boost|p2a: the goat|accuracy|1
|-curestatus|p1a: Zygarde|slp|[msg]
|move|p1a: Zygarde|Haze|p1a: Zygarde
|-clearallboost
|
|-heal|p2a: the goat|88/100|[from] item: Leftovers
|upkeep
|turn|67
|
|t:|1665126088
|move|p2a: the goat|Glare|p1a: Zygarde
|-status|p1a: Zygarde|par
|move|p1a: Zygarde|Glare||[still]
|-fail|p1a: Zygarde
|
|-heal|p2a: the goat|94/100|[from] item: Leftovers
|upkeep
|turn|68
|
|t:|1665126106
|move|p2a: the goat|Coil|p2a: the goat
|-boost|p2a: the goat|atk|1
|-boost|p2a: the goat|def|1
|-boost|p2a: the goat|accuracy|1
|move|p1a: Zygarde|Glare||[still]
|-fail|p1a: Zygarde
|
|-heal|p2a: the goat|99/100|[from] item: Leftovers
|upkeep
|turn|69
|
|t:|1665126109
|move|p2a: the goat|Coil|p2a: the goat
|-boost|p2a: the goat|atk|1
|-boost|p2a: the goat|def|1
|-boost|p2a: the goat|accuracy|1
|move|p1a: Zygarde|Glare||[still]
|-fail|p1a: Zygarde
|
|-heal|p2a: the goat|100/100|[from] item: Leftovers
|upkeep
|turn|70
|
|t:|1665126119
|move|p2a: the goat|Thousand Arrows|p1a: Zygarde
|-damage|p1a: Zygarde|80/100 par
|move|p1a: Zygarde|Glare||[still]
|-fail|p1a: Zygarde
|
|-heal|p1a: Zygarde|86/100 par|[from] item: Leftovers
|upkeep
|turn|71
|
|t:|1665126125
|move|p2a: the goat|Thousand Arrows|p1a: Zygarde
|-damage|p1a: Zygarde|65/100 par
|cant|p1a: Zygarde|par
|
|-heal|p1a: Zygarde|71/100 par|[from] item: Leftovers
|upkeep
|turn|72
|
|t:|1665126131
|move|p2a: the goat|Coil|p2a: the goat
|-boost|p2a: the goat|atk|1
|-boost|p2a: the goat|def|1
|-boost|p2a: the goat|accuracy|1
|move|p1a: Zygarde|Haze|p1a: Zygarde
|-clearallboost
|
|-heal|p1a: Zygarde|77/100 par|[from] item: Leftovers
|upkeep
|turn|73
|
|t:|1665126134
|move|p2a: the goat|Coil|p2a: the goat
|-boost|p2a: the goat|atk|1
|-boost|p2a: the goat|def|1
|-boost|p2a: the goat|accuracy|1
|move|p1a: Zygarde|Glare||[still]
|-fail|p1a: Zygarde
|
|-heal|p1a: Zygarde|83/100 par|[from] item: Leftovers
|upkeep
|turn|74
|
|t:|1665126139
|move|p2a: the goat|Coil|p2a: the goat
|-boost|p2a: the goat|atk|1
|-boost|p2a: the goat|def|1
|-boost|p2a: the goat|accuracy|1
|cant|p1a: Zygarde|par
|
|-heal|p1a: Zygarde|89/100 par|[from] item: Leftovers
|upkeep
|turn|75
|
|t:|1665126143
|move|p2a: the goat|Coil|p2a: the goat
|-boost|p2a: the goat|atk|1
|-boost|p2a: the goat|def|1
|-boost|p2a: the goat|accuracy|1
|move|p1a: Zygarde|Haze|p1a: Zygarde
|-clearallboost
|
|-heal|p1a: Zygarde|95/100 par|[from] item: Leftovers
|upkeep
|turn|76
|
|t:|1665126145
|move|p2a: the goat|Coil|p2a: the goat
|-boost|p2a: the goat|atk|1
|-boost|p2a: the goat|def|1
|-boost|p2a: the goat|accuracy|1
|move|p1a: Zygarde|Glare||[still]
|-fail|p1a: Zygarde
|
|-heal|p1a: Zygarde|100/100 par|[from] item: Leftovers
|upkeep
|turn|77
|
|t:|1665126148
|move|p2a: the goat|Coil|p2a: the goat
|-boost|p2a: the goat|atk|1
|-boost|p2a: the goat|def|1
|-boost|p2a: the goat|accuracy|1
|move|p1a: Zygarde|Glare||[still]
|-fail|p1a: Zygarde
|
|upkeep
|turn|78
|
|t:|1665126153
|move|p2a: the goat|Thousand Arrows|p1a: Zygarde
|-damage|p1a: Zygarde|81/100 par
|move|p1a: Zygarde|Glare||[still]
|-fail|p1a: Zygarde
|
|-heal|p1a: Zygarde|87/100 par|[from] item: Leftovers
|upkeep
|turn|79
|
|t:|1665126161
|move|p2a: the goat|Thousand Arrows|p1a: Zygarde
|-damage|p1a: Zygarde|65/100 par
|move|p1a: Zygarde|Glare||[still]
|-fail|p1a: Zygarde
|
|-heal|p1a: Zygarde|71/100 par|[from] item: Leftovers
|upkeep
|turn|80
|
|t:|1665126165
|move|p2a: the goat|Thousand Arrows|p1a: Zygarde
|-damage|p1a: Zygarde|48/100 par
|move|p1a: Zygarde|Haze|p1a: Zygarde
|-clearallboost
|
|-heal|p1a: Zygarde|55/100 par|[from] item: Leftovers
|upkeep
|turn|81
|
|t:|1665126168
|move|p2a: the goat|Coil|p2a: the goat
|-boost|p2a: the goat|atk|1
|-boost|p2a: the goat|def|1
|-boost|p2a: the goat|accuracy|1
|move|p1a: Zygarde|Rest|p1a: Zygarde
|-status|p1a: Zygarde|slp|[from] move: Rest
|-heal|p1a: Zygarde|100/100 slp|[silent]
|
|upkeep
|turn|82
|
|t:|1665126174
|move|p2a: the goat|Coil|p2a: the goat
|-boost|p2a: the goat|atk|1
|-boost|p2a: the goat|def|1
|-boost|p2a: the goat|accuracy|1
|cant|p1a: Zygarde|slp
|
|upkeep
|turn|83
|
|t:|1665126176
|move|p2a: the goat|Coil|p2a: the goat
|-boost|p2a: the goat|atk|1
|-boost|p2a: the goat|def|1
|-boost|p2a: the goat|accuracy|1
|cant|p1a: Zygarde|slp
|
|upkeep
|turn|84
|
|t:|1665126181
|move|p2a: the goat|Thousand Arrows|p1a: Zygarde
|-damage|p1a: Zygarde|75/100 slp
|-curestatus|p1a: Zygarde|slp|[msg]
|move|p1a: Zygarde|Haze|p1a: Zygarde
|-clearallboost
|
|-heal|p1a: Zygarde|81/100|[from] item: Leftovers
|upkeep
|turn|85
|
|t:|1665126187
|move|p2a: the goat|Coil|p2a: the goat
|-boost|p2a: the goat|atk|1
|-boost|p2a: the goat|def|1
|-boost|p2a: the goat|accuracy|1
|move|p1a: Zygarde|Glare||[still]
|-fail|p1a: Zygarde
|
|-heal|p1a: Zygarde|87/100|[from] item: Leftovers
|upkeep
|turn|86
|
|t:|1665126190
|move|p2a: the goat|Coil|p2a: the goat
|-boost|p2a: the goat|atk|1
|-boost|p2a: the goat|def|1
|-boost|p2a: the goat|accuracy|1
|move|p1a: Zygarde|Glare||[still]
|-fail|p1a: Zygarde
|
|-heal|p1a: Zygarde|93/100|[from] item: Leftovers
|upkeep
|turn|87
|
|t:|1665126197
|move|p2a: the goat|Coil|p2a: the goat
|-boost|p2a: the goat|atk|1
|-boost|p2a: the goat|def|1
|-boost|p2a: the goat|accuracy|1
|move|p1a: Zygarde|Glare||[still]
|-fail|p1a: Zygarde
|
|-heal|p1a: Zygarde|99/100|[from] item: Leftovers
|upkeep
|turn|88
|j| Nick072994
|
|t:|1665126206
|move|p2a: the goat|Thousand Arrows|p1a: Zygarde
|-damage|p1a: Zygarde|74/100
|move|p1a: Zygarde|Haze|p1a: Zygarde
|-clearallboost
|
|-heal|p1a: Zygarde|80/100|[from] item: Leftovers
|upkeep
|turn|89
|
|t:|1665126209
|move|p2a: the goat|Coil|p2a: the goat
|-boost|p2a: the goat|atk|1
|-boost|p2a: the goat|def|1
|-boost|p2a: the goat|accuracy|1
|move|p1a: Zygarde|Glare||[still]
|-fail|p1a: Zygarde
|
|-heal|p1a: Zygarde|86/100|[from] item: Leftovers
|upkeep
|turn|90
|
|t:|1665126217
|move|p2a: the goat|Coil|p2a: the goat
|-boost|p2a: the goat|atk|1
|-boost|p2a: the goat|def|1
|-boost|p2a: the goat|accuracy|1
|move|p1a: Zygarde|Glare||[still]
|-fail|p1a: Zygarde
|
|-heal|p1a: Zygarde|92/100|[from] item: Leftovers
|upkeep
|turn|91
|
|t:|1665126222
|move|p2a: the goat|Coil|p2a: the goat
|-boost|p2a: the goat|atk|1
|-boost|p2a: the goat|def|1
|-boost|p2a: the goat|accuracy|1
|move|p1a: Zygarde|Haze|p1a: Zygarde
|-clearallboost
|
|-heal|p1a: Zygarde|98/100|[from] item: Leftovers
|upkeep
|turn|92
|
|t:|1665126233
|move|p2a: the goat|Coil|p2a: the goat
|-boost|p2a: the goat|atk|1
|-boost|p2a: the goat|def|1
|-boost|p2a: the goat|accuracy|1
|move|p1a: Zygarde|Glare||[still]
|-fail|p1a: Zygarde
|
|-heal|p1a: Zygarde|100/100|[from] item: Leftovers
|upkeep
|turn|93
|
|t:|1665126236
|move|p2a: the goat|Coil|p2a: the goat
|-boost|p2a: the goat|atk|1
|-boost|p2a: the goat|def|1
|-boost|p2a: the goat|accuracy|1
|move|p1a: Zygarde|Glare||[still]
|-fail|p1a: Zygarde
|
|upkeep
|turn|94
|
|t:|1665126246
|switch|p2a: Calyrex|Calyrex-Shadow|98/100
|-ability|p2a: Calyrex|As One
|-ability|p2a: Calyrex|Unnerve
|-damage|p2a: Calyrex|86/100|[from] Stealth Rock
|move|p1a: Zygarde|Glare|p2a: Calyrex
|-status|p2a: Calyrex|par
|
|-heal|p2a: Calyrex|92/100 par|[from] item: Leftovers
|upkeep
|turn|95
|
|t:|1665126249
|switch|p1a: Arceus|Arceus|76/100
|-damage|p1a: Arceus|63/100|[from] Stealth Rock
|move|p2a: Calyrex|Leech Seed|p1a: Arceus
|-start|p1a: Arceus|move: Leech Seed
|
|-heal|p2a: Calyrex|98/100 par|[from] item: Leftovers
|-damage|p1a: Arceus|51/100|[from] Leech Seed|[of] p2a: Calyrex
|-heal|p2a: Calyrex|100/100 par|[silent]
|upkeep
|turn|96
|
|t:|1665126253
|move|p1a: Arceus|Shadow Claw|p2a: Calyrex
|-supereffective|p2a: Calyrex
|-damage|p2a: Calyrex|0 fnt
|faint|p2a: Calyrex
|
|upkeep
|
|t:|1665126256
|switch|p2a: the goat|Zygarde, shiny|100/100
|-damage|p2a: the goat|94/100|[from] Stealth Rock
|turn|97
|
|t:|1665126259
|switch|p1a: Zygarde|Zygarde-Complete, shiny|100/100
|-damage|p1a: Zygarde|94/100|[from] Stealth Rock
|move|p2a: the goat|Coil|p2a: the goat
|-boost|p2a: the goat|atk|1
|-boost|p2a: the goat|def|1
|-boost|p2a: the goat|accuracy|1
|
|-heal|p2a: the goat|100/100|[from] item: Leftovers
|-heal|p1a: Zygarde|100/100|[from] item: Leftovers
|upkeep
|turn|98
|
|t:|1665126262
|move|p2a: the goat|Substitute|p2a: the goat
|-start|p2a: the goat|Substitute
|-damage|p2a: the goat|75/100
|move|p1a: Zygarde|Haze|p1a: Zygarde
|-clearallboost
|
|-heal|p2a: the goat|82/100|[from] item: Leftovers
|upkeep
|turn|99
|
|t:|1665126266
|move|p2a: the goat|Glare|p1a: Zygarde
|-status|p1a: Zygarde|par
|move|p1a: Zygarde|Glare||[still]
|-fail|p1a: Zygarde
|
|-heal|p2a: the goat|88/100|[from] item: Leftovers
|upkeep
|turn|100
|-message|BasakBooster2 forfeited.
|
|win|Obito152001
|raw|Obito152001's rating: 1956 &rarr; <strong>1975</strong><br />(+19 for winning)
|raw|BasakBooster2's rating: 1931 &rarr; <strong>1912</strong><br />(-19 for losing)
|l|☆BasakBooster2
