|j|☆SpookyMareep
|j|‽i go ttt
|t:|1661487486
|gametype|singles
|player|p1|SpookyMareep|rocketgruntf|1616
|player|p2|i go ttt|101|1692
|teamsize|p1|6
|teamsize|p2|6
|gen|8
|tier|[Gen 8] National Dex AG
|rated|
|rule|HP Percentage Mod: HP is shown in percentages
|rule|Endless Battle Clause: Forcing endless battles is banned
|clearpoke
|poke|p1|Ditto|
|poke|p1|Marshadow|
|poke|p1|Toxapex, F|
|poke|p1|Shedinja|
|poke|p1|Quagsire, F|
|poke|p1|Landorus-Therian, M|
|poke|p2|Yveltal|
|poke|p2|Arceus-*|
|poke|p2|Ditto|
|poke|p2|Zacian-*|
|poke|p2|Calyrex-Shadow|
|poke|p2|Deoxys-Speed|
|teampreview
|inactive|Battle timer is ON: inactive players will automatically lose when time's up. (requested by i go ttt)
|
|t:|1661487491
|start
|switch|p1a: SpookyMareep(YT)|Marshadow|100/100
|switch|p2a: Deoxys|Deoxys-Speed|100/100
|-ability|p2a: Deoxys|Pressure
|turn|1
|
|t:|1661487498
|move|p1a: SpookyMareep(YT)|Shadow Sneak|p2a: Deoxys
|-supereffective|p2a: Deoxys
|-enditem|p2a: Deoxys|Focus Sash
|-damage|p2a: Deoxys|1/100
|-damage|p1a: SpookyMareep(YT)|91/100|[from] item: Life Orb
|move|p2a: Deoxys|Stealth Rock|p1a: SpookyMareep(YT)
|-sidestart|p1: SpookyMareep|move: Stealth Rock
|
|upkeep
|turn|2
|
|t:|1661487507
|move|p2a: Deoxys|Thunder Wave|p1a: SpookyMareep(YT)|[miss]
|-miss|p2a: Deoxys|p1a: SpookyMareep(YT)
|move|p1a: SpookyMareep(YT)|Ice Punch|p2a: Deoxys
|-damage|p2a: Deoxys|0 fnt
|faint|p2a: Deoxys
|-damage|p1a: SpookyMareep(YT)|81/100|[from] item: Life Orb
|
|upkeep
|
|t:|1661487527
|switch|p2a: Yveltal|Yveltal|100/100
|-ability|p2a: Yveltal|Dark Aura
|turn|3
|
|t:|1661487533
|-start|p1a: SpookyMareep(YT)|Dynamax|
|-heal|p1a: SpookyMareep(YT)|81/100|[silent]
|move|p2a: Yveltal|Sucker Punch|p1a: SpookyMareep(YT)
|-damage|p1a: SpookyMareep(YT)|53/100
|-damage|p2a: Yveltal|91/100|[from] item: Life Orb
|move|p1a: SpookyMareep(YT)|Max Hailstorm|p2a: Yveltal
|-supereffective|p2a: Yveltal
|-damage|p2a: Yveltal|0 fnt
|-weather|Hail
|faint|p2a: Yveltal
|-damage|p1a: SpookyMareep(YT)|48/100|[from] item: Life Orb
|
|-weather|Hail|[upkeep]
|-damage|p1a: SpookyMareep(YT)|45/100|[from] Hail
|upkeep
|
|t:|1661487554
|switch|p2a: Calyrex|Calyrex-Shadow|100/100
|-ability|p2a: Calyrex|As One
|-ability|p2a: Calyrex|Unnerve
|turn|4
|
|t:|1661487560
|-end|p1a: SpookyMareep(YT)|Dynamax
|-heal|p1a: SpookyMareep(YT)|45/100|[silent]
|switch|p1a: Yakuza.|Shedinja|100/100
|-damage|p1a: Yakuza.|0 fnt|[from] Stealth Rock
|faint|p1a: Yakuza.
|move|p2a: Calyrex|Astral Barrage|p1: Yakuza.|[notarget]
|-fail|p2a: Calyrex
|
|-weather|Hail|[upkeep]
|-damage|p2a: Calyrex|94/100|[from] Hail
|upkeep
|
|t:|1661487563
|switch|p1a: SpookyMareep(YT)|Marshadow|45/100
|-damage|p1a: SpookyMareep(YT)|39/100|[from] Stealth Rock
|turn|5
|
|t:|1661487567
|switch|p2a: Arceus|Arceus|100/100
|move|p1a: SpookyMareep(YT)|Shadow Sneak|p2a: Arceus
|-immune|p2a: Arceus
|
|-weather|Hail|[upkeep]
|-damage|p1a: SpookyMareep(YT)|32/100|[from] Hail
|-damage|p2a: Arceus|94/100|[from] Hail
|upkeep
|turn|6
|
|t:|1661487577
|move|p1a: SpookyMareep(YT)|Drain Punch|p2a: Arceus
|-supereffective|p2a: Arceus
|-damage|p2a: Arceus|20/100
|-heal|p1a: SpookyMareep(YT)|77/100|[from] drain|[of] p2a: Arceus
|-damage|p1a: SpookyMareep(YT)|67/100|[from] item: Life Orb
|move|p2a: Arceus|Earthquake|p1a: SpookyMareep(YT)
|-damage|p1a: SpookyMareep(YT)|12/100
|-damage|p2a: Arceus|10/100|[from] item: Life Orb
|
|-weather|Hail|[upkeep]
|-damage|p1a: SpookyMareep(YT)|6/100|[from] Hail
|-damage|p2a: Arceus|4/100|[from] Hail
|upkeep
|turn|7
|
|t:|1661487589
|move|p1a: SpookyMareep(YT)|Ice Punch|p2a: Arceus
|-damage|p2a: Arceus|0 fnt
|faint|p2a: Arceus
|-damage|p1a: SpookyMareep(YT)|0 fnt|[from] item: Life Orb
|faint|p1a: SpookyMareep(YT)
|
|-weather|none
|upkeep
|
|t:|1661487598
|switch|p1a: Zacian! Wait STOP!|Ditto|100/100
|switch|p2a: Ditto|Ditto|100/100
|-damage|p1a: Zacian! Wait STOP!|88/100|[from] Stealth Rock
|-transform|p1a: Zacian! Wait STOP!|p2a: Ditto|[from] ability: Imposter
|turn|8
|
|t:|1661487612
|move|p2a: Ditto|Transform||[still]
|-fail|p2a: Ditto
|move|p1a: Zacian! Wait STOP!|Transform||[still]
|-fail|p1a: Zacian! Wait STOP!
|
|upkeep
|turn|9
|
|t:|1661487616
|move|p1a: Zacian! Wait STOP!|Transform||[still]
|-fail|p1a: Zacian! Wait STOP!
|move|p2a: Ditto|Transform||[still]
|-fail|p2a: Ditto
|
|upkeep
|turn|10
|
|t:|1661487619
|switch|p1a: >1440 ELO TEAM|Landorus-Therian, M|100/100
|-ability|p1a: >1440 ELO TEAM|Intimidate|boost
|-unboost|p2a: Ditto|atk|1
|move|p2a: Ditto|Transform|p1a: >1440 ELO TEAM
|-transform|p2a: Ditto|p1a: >1440 ELO TEAM
|-ability|p2a: Ditto|Intimidate|boost
|-unboost|p1a: >1440 ELO TEAM|atk|1
|
|upkeep
|turn|11
|
|t:|1661487647
|move|p2a: Ditto|Stone Edge|p1a: >1440 ELO TEAM
|-damage|p1a: >1440 ELO TEAM|54/100
|move|p1a: >1440 ELO TEAM|Defog|p2a: Ditto
|-unboost|p2a: Ditto|evasion|1
|-sideend|p1: SpookyMareep|Stealth Rock|[from] move: Defog|[of] p1a: >1440 ELO TEAM
|
|upkeep
|turn|12
|
|t:|1661487657
|switch|p2a: Calyrex|Calyrex-Shadow|94/100
|-ability|p2a: Calyrex|As One
|-ability|p2a: Calyrex|Unnerve
|switch|p1a: Yakuza|Toxapex, F|100/100
|
|upkeep
|turn|13
|
|t:|1661487667
|move|p2a: Calyrex|Psyshock|p1a: Yakuza
|-supereffective|p1a: Yakuza
|-damage|p1a: Yakuza|40/100
|move|p1a: Yakuza|Toxic Spikes|p2a: Calyrex
|-sidestart|p2: i go ttt|move: Toxic Spikes
|
|upkeep
|turn|14
|
|t:|1661487678
|move|p2a: Calyrex|Astral Barrage|p1a: Yakuza
|-damage|p1a: Yakuza|0 fnt
|faint|p1a: Yakuza
|-ability|p2a: Calyrex|Grim Neigh|boost
|-boost|p2a: Calyrex|spa|1
|
|upkeep
|
|t:|1661487681
|switch|p1a: Zacian! Wait STOP!|Ditto|88/100
|-transform|p1a: Zacian! Wait STOP!|p2a: Calyrex|[from] ability: Imposter
|turn|15
|
|t:|1661487685
|switch|p2a: Ditto|Ditto|100/100
|-status|p2a: Ditto|psn
|move|p1a: Zacian! Wait STOP!|Psyshock|p2a: Ditto
|-damage|p2a: Ditto|5/100 psn
|
|-damage|p2a: Ditto|0 fnt|[from] psn
|faint|p2a: Ditto
|upkeep
|c|☆SpookyMareep|wp
|
|t:|1661487708
|switch|p2a: Zacian|Zacian-Crowned|100/100
|-ability|p2a: Zacian|Intrepid Sword|boost
|-boost|p2a: Zacian|atk|1
|turn|16
|
|t:|1661487713
|switch|p1a: :)|Quagsire, F|100/100
|switch|p2a: Calyrex|Calyrex-Shadow|94/100
|-ability|p2a: Calyrex|As One
|-ability|p2a: Calyrex|Unnerve
|-status|p2a: Calyrex|psn
|
|-damage|p2a: Calyrex|82/100 psn|[from] psn
|upkeep
|turn|17
|
|t:|1661487720
|switch|p1a: >1440 ELO TEAM|Landorus-Therian, M|54/100
|-ability|p1a: >1440 ELO TEAM|Intimidate|boost
|-unboost|p2a: Calyrex|atk|1
|-start|p2a: Calyrex|Dynamax|
|-heal|p2a: Calyrex|82/100 psn|[silent]
|move|p2a: Calyrex|Max Phantasm|p1a: >1440 ELO TEAM
|-damage|p1a: >1440 ELO TEAM|0 fnt
|faint|p1a: >1440 ELO TEAM
|-ability|p2a: Calyrex|Grim Neigh|boost
|-boost|p2a: Calyrex|spa|1
|
|-damage|p2a: Calyrex|76/100 psn|[from] psn
|upkeep
|
|t:|1661487722
|switch|p1a: Zacian! Wait STOP!|Ditto|88/100
|-transform|p1a: Zacian! Wait STOP!|p2a: Calyrex|[from] ability: Imposter
|turn|18
|
|t:|1661487725
|move|p1a: Zacian! Wait STOP!|Astral Barrage|p2a: Calyrex
|-supereffective|p2a: Calyrex
|-damage|p2a: Calyrex|0 fnt
|faint|p2a: Calyrex
|-ability|p1a: Zacian! Wait STOP!|Grim Neigh|boost
|-boost|p1a: Zacian! Wait STOP!|spa|1
|
|upkeep
|
|t:|1661487726
|switch|p2a: Zacian|Zacian-Crowned|100/100
|-ability|p2a: Zacian|Intrepid Sword|boost
|-boost|p2a: Zacian|atk|1
|turn|19
|
|t:|1661487730
|switch|p1a: :)|Quagsire, F|100/100
|move|p2a: Zacian|Behemoth Blade|p1a: :)
|-resisted|p1a: :)
|-damage|p1a: :)|77/100
|-damage|p2a: Zacian|84/100|[from] item: Rocky Helmet|[of] p1a: :)
|
|upkeep
|turn|20
|
|t:|1661487734
|move|p2a: Zacian|Behemoth Blade|p1a: :)
|-resisted|p1a: :)
|-damage|p1a: :)|55/100
|-damage|p2a: Zacian|67/100|[from] item: Rocky Helmet|[of] p1a: :)
|move|p1a: :)|Earthquake|p2a: Zacian
|-supereffective|p2a: Zacian
|-damage|p2a: Zacian|8/100
|
|upkeep
|turn|21
|-message|i go ttt forfeited.
|
|win|SpookyMareep
|raw|SpookyMareep's rating: 1616 &rarr; <strong>1640</strong><br />(+24 for winning)
|raw|i go ttt's rating: 1692 &rarr; <strong>1668</strong><br />(-24 for losing)
|l|‽i go ttt
