|j|☆Racnoin
|j|☆aseeasase
|t:|1656649335
|gametype|singles
|player|p1|Racnoin|pokekid|1567
|player|p2|aseeasase|170|1585
|teamsize|p1|6
|teamsize|p2|6
|gen|8
|tier|[Gen 8] National Dex AG
|rated|
|rule|HP Percentage Mod: HP is shown in percentages
|rule|Endless Battle Clause: Forcing endless battles is banned
|clearpoke
|poke|p1|Arceus-*|
|poke|p1|Excadrill, F|
|poke|p1|Smeargle, F|
|poke|p1|Smeargle, F|
|poke|p1|Xerneas-*|
|poke|p1|Rayquaza|
|poke|p2|Arceus-*|
|poke|p2|Arceus-*|
|poke|p2|Arceus-*|
|poke|p2|Arceus-*|
|poke|p2|Arceus-*|
|poke|p2|Arceus-*|
|teampreview
|
|t:|1656649348
|start
|switch|p1a: Smeargle|Smeargle, F|100/100
|switch|p2a: Arceus|Arceus-Fairy|100/100
|turn|1
|inactive|Battle timer is ON: inactive players will automatically lose when time's up. (requested by Racnoin)
|
|t:|1656649359
|move|p2a: Arceus|Magic Coat|p2a: Arceus
|-singleturn|p2a: Arceus|move: Magic Coat
|move|p1a: Smeargle|Spore|p2a: Arceus
|move|p2a: Arceus|Spore|p1a: Smeargle|[from]Magic Coat
|-status|p1a: Smeargle|slp|[from] move: Spore
|
|-ability|p1a: Smeargle|Moody|boost
|-boost|p1a: Smeargle|atk|2
|-unboost|p1a: Smeargle|def|1
|upkeep
|turn|2
|
|t:|1656649382
|switch|p1a: Arceus|Arceus-Ghost|100/100
|move|p2a: Arceus|Judgment|p1a: Arceus
|-damage|p1a: Arceus|53/100
|
|upkeep
|turn|3
|
|t:|1656649393
|move|p2a: Arceus|Stealth Rock|p1a: Arceus
|-sidestart|p1: Racnoin|move: Stealth Rock
|move|p1a: Arceus|Shadow Force||[still]
|-prepare|p1a: Arceus|Shadow Force
|
|upkeep
|turn|4
|inactive|aseeasase has 120 seconds left.
|
|t:|1656649423
|switch|p2a: Arceus|Arceus|100/100
|move|p1a: Arceus|Shadow Force|p2a: Arceus|[from]lockedmove
|-immune|p2a: Arceus
|
|upkeep
|turn|5
|
|t:|1656649434
|move|p1a: Arceus|Brick Break|p2a: Arceus
|-supereffective|p2a: Arceus
|-damage|p2a: Arceus|58/100
|move|p2a: Arceus|Calm Mind|p2a: Arceus
|-boost|p2a: Arceus|spa|1
|-boost|p2a: Arceus|spd|1
|
|upkeep
|turn|6
|
|t:|1656649446
|move|p1a: Arceus|Swords Dance|p1a: Arceus
|-boost|p1a: Arceus|atk|2
|move|p2a: Arceus|Shadow Ball|p1a: Arceus
|-supereffective|p1a: Arceus
|-damage|p1a: Arceus|0 fnt
|faint|p1a: Arceus
|-damage|p2a: Arceus|48/100|[from] item: Life Orb
|
|upkeep
|
|t:|1656649455
|switch|p1a: Rayquaza|Rayquaza|100/100
|-damage|p1a: Rayquaza|76/100|[from] Stealth Rock
|-ability|p1a: Rayquaza|Air Lock
|turn|7
|
|t:|1656649462
|detailschange|p1a: Rayquaza|Rayquaza-Mega
|-mega|p1a: Rayquaza|Rayquaza|
|-weather|DeltaStream|[from] ability: Delta Stream|[of] p1a: Rayquaza
|move|p1a: Rayquaza|Dragon Ascent|p2a: Arceus
|-damage|p2a: Arceus|0 fnt
|-unboost|p1a: Rayquaza|def|1
|-unboost|p1a: Rayquaza|spd|1
|faint|p2a: Arceus
|-damage|p1a: Rayquaza|66/100|[from] item: Life Orb
|
|-weather|DeltaStream|[upkeep]
|upkeep
|
|t:|1656649480
|switch|p2a: Arceus|Arceus-Fairy|100/100
|turn|8
|
|t:|1656649489
|-weather|none
|switch|p1a: Excadrill|Excadrill, F|100/100
|-damage|p1a: Excadrill|97/100|[from] Stealth Rock
|-ability|p1a: Excadrill|Mold Breaker
|move|p2a: Arceus|Judgment|p1a: Excadrill
|-resisted|p1a: Excadrill
|-damage|p1a: Excadrill|57/100
|
|upkeep
|turn|9
|
|t:|1656649511
|move|p2a: Arceus|Earth Power|p1a: Excadrill
|-supereffective|p1a: Excadrill
|-damage|p1a: Excadrill|0 fnt
|faint|p1a: Excadrill
|
|upkeep
|
|t:|1656649515
|switch|p1a: Smeargle|Smeargle, F|100/100
|-damage|p1a: Smeargle|88/100|[from] Stealth Rock
|turn|10
|
|t:|1656649524
|move|p2a: Arceus|Judgment|p1a: Smeargle
|-damage|p1a: Smeargle|0 fnt
|faint|p1a: Smeargle
|
|upkeep
|
|t:|1656649531
|switch|p1a: Xerneas|Xerneas|100/100
|-damage|p1a: Xerneas|88/100|[from] Stealth Rock
|-ability|p1a: Xerneas|Fairy Aura
|turn|11
|
|t:|1656649537
|move|p2a: Arceus|Judgment|p1a: Xerneas
|-damage|p1a: Xerneas|5/100
|move|p1a: Xerneas|Geomancy||[still]
|-prepare|p1a: Xerneas|Geomancy
|-enditem|p1a: Xerneas|Power Herb
|-anim|p1a: Xerneas|Geomancy|p1a: Xerneas
|-boost|p1a: Xerneas|spa|2
|-boost|p1a: Xerneas|spd|2
|-boost|p1a: Xerneas|spe|2
|
|upkeep
|turn|12
|
|t:|1656649548
|-start|p1a: Xerneas|Dynamax|
|-heal|p1a: Xerneas|5/100|[silent]
|move|p1a: Xerneas|Max Starfall|p2a: Arceus
|-damage|p2a: Arceus|0 fnt
|-fieldstart|move: Misty Terrain
|faint|p2a: Arceus
|
|upkeep
|inactive|aseeasase has 120 seconds left.
|
|t:|1656649579
|switch|p2a: Arceus|Arceus-Fire|100/100
|turn|13
|
|t:|1656649600
|move|p1a: Xerneas|Max Starfall|p2a: Arceus
|-resisted|p2a: Arceus
|-damage|p2a: Arceus|26/100
|move|p2a: Arceus|Fire Blast|p1a: Xerneas
|-damage|p1a: Xerneas|0 fnt
|faint|p1a: Xerneas
|
|upkeep
|
|t:|1656649604
|switch|p1a: Rayquaza|Rayquaza-Mega|66/100
|-damage|p1a: Rayquaza|41/100|[from] Stealth Rock
|-weather|DeltaStream|[from] ability: Delta Stream|[of] p1a: Rayquaza
|turn|14
|
|t:|1656649614
|move|p1a: Rayquaza|Swords Dance|p1a: Rayquaza
|-boost|p1a: Rayquaza|atk|2
|-zpower|p2a: Arceus
|move|p2a: Arceus|Inferno Overdrive|p1a: Rayquaza|[zeffect]
|-resisted|p1a: Rayquaza
|-damage|p1a: Rayquaza|0 fnt
|faint|p1a: Rayquaza
|-weather|none
|
|upkeep
|
|t:|1656649618
|switch|p1a: Smeargle|Smeargle, F|100/100 slp
|-damage|p1a: Smeargle|88/100 slp|[from] Stealth Rock
|turn|15
|-message|Racnoin forfeited.
|
|win|aseeasase
|raw|Racnoin's rating: 1567 &rarr; <strong>1548</strong><br />(-19 for losing)
|raw|aseeasase's rating: 1585 &rarr; <strong>1604</strong><br />(+19 for winning)
|l|☆Racnoin
