|j|☆DINOZAC
|j|☆MehicTUH_92
|t:|1667143849
|gametype|singles
|player|p1|DINOZAC|hilda-wonderlauncher|1585
|player|p2|MehicTUH_92|yellow|1759
|teamsize|p1|6
|teamsize|p2|6
|gen|8
|tier|[Gen 8] National Dex AG
|rated|
|rule|HP Percentage Mod: HP is shown in percentages
|rule|Endless Battle Clause: Forcing endless battles is banned
|clearpoke
|poke|p1|Zacian-*|
|poke|p1|Celesteela|
|poke|p1|Chansey, F|
|poke|p1|Tyranitar, M|
|poke|p1|Quagsire, M|
|poke|p1|Groudon|
|poke|p2|Zacian-*|
|poke|p2|Arceus-*|
|poke|p2|Arceus-*|
|poke|p2|Necrozma-Dusk-Mane|
|poke|p2|Ho-Oh|
|poke|p2|Rayquaza|
|teampreview
|
|t:|1667143864
|start
|switch|p1a: Celesteela|Celesteela|100/100
|switch|p2a: Necrozma|Necrozma-Dusk-Mane|100/100
|turn|1
|
|t:|1667143867
|move|p2a: Necrozma|Knock Off|p1a: Celesteela
|-damage|p1a: Celesteela|77/100
|-enditem|p1a: Celesteela|Leftovers|[from] move: Knock Off|[of] p2a: Necrozma
|move|p1a: Celesteela|Leech Seed|p2a: Necrozma
|-start|p2a: Necrozma|move: Leech Seed
|
|-damage|p2a: Necrozma|88/100|[from] Leech Seed|[of] p1a: Celesteela
|-heal|p1a: Celesteela|91/100|[silent]
|upkeep
|turn|2
|
|t:|1667143870
|move|p2a: Necrozma|Stealth Rock|p1a: Celesteela
|-sidestart|p1: DINOZAC|move: Stealth Rock
|move|p1a: Celesteela|Flamethrower|p2a: Necrozma
|-supereffective|p2a: Necrozma
|-damage|p2a: Necrozma|62/100
|
|-damage|p2a: Necrozma|49/100|[from] Leech Seed|[of] p1a: Celesteela
|-heal|p1a: Celesteela|100/100|[silent]
|upkeep
|turn|3
|
|t:|1667143876
|switch|p2a: Ho-Oh|Ho-Oh|100/100
|move|p1a: Celesteela|Flamethrower|p2a: Ho-Oh
|-resisted|p2a: Ho-Oh
|-damage|p2a: Ho-Oh|95/100
|
|upkeep
|turn|4
|
|t:|1667143883
|move|p2a: Ho-Oh|Sacred Fire|p1a: Celesteela
|-supereffective|p1a: Celesteela
|-damage|p1a: Celesteela|33/100
|-status|p1a: Celesteela|brn
|move|p1a: Celesteela|Leech Seed|p2a: Ho-Oh
|-start|p2a: Ho-Oh|move: Leech Seed
|
|-damage|p2a: Ho-Oh|83/100|[from] Leech Seed|[of] p1a: Celesteela
|-heal|p1a: Celesteela|47/100 brn|[silent]
|-damage|p1a: Celesteela|41/100 brn|[from] brn
|upkeep
|turn|5
|
|t:|1667143903
|move|p1a: Celesteela|Protect|p1a: Celesteela
|-singleturn|p1a: Celesteela|Protect
|move|p2a: Ho-Oh|Sacred Fire|p1a: Celesteela
|-activate|p1a: Celesteela|move: Protect
|
|-damage|p2a: Ho-Oh|71/100|[from] Leech Seed|[of] p1a: Celesteela
|-heal|p1a: Celesteela|55/100 brn|[silent]
|-damage|p1a: Celesteela|49/100 brn|[from] brn
|upkeep
|turn|6
|
|t:|1667143911
|switch|p1a: Quagsire|Quagsire, M|100/100
|-damage|p1a: Quagsire|94/100|[from] Stealth Rock
|move|p2a: Ho-Oh|Sacred Fire|p1a: Quagsire
|-resisted|p1a: Quagsire
|-damage|p1a: Quagsire|79/100
|-status|p1a: Quagsire|brn
|
|-damage|p2a: Ho-Oh|59/100|[from] Leech Seed|[of] p1a: Quagsire
|-heal|p1a: Quagsire|92/100 brn|[silent]
|-damage|p1a: Quagsire|86/100 brn|[from] brn
|upkeep
|turn|7
|
|t:|1667143916
|switch|p2a: Arceus|Arceus-Dark|100/100
|move|p1a: Quagsire|Yawn|p2a: Arceus
|-start|p2a: Arceus|move: Yawn|[of] p1a: Quagsire
|
|-damage|p1a: Quagsire|79/100 brn|[from] brn
|upkeep
|turn|8
|
|t:|1667143924
|switch|p2a: Necrozma|Necrozma-Dusk-Mane|49/100
|switch|p1a: Celesteela|Celesteela|49/100 brn
|-damage|p1a: Celesteela|37/100 brn|[from] Stealth Rock
|
|-damage|p1a: Celesteela|31/100 brn|[from] brn
|upkeep
|turn|9
|
|t:|1667143926
|move|p2a: Necrozma|Morning Sun|p2a: Necrozma
|-heal|p2a: Necrozma|99/100
|move|p1a: Celesteela|Leech Seed|p2a: Necrozma
|-start|p2a: Necrozma|move: Leech Seed
|
|-damage|p2a: Necrozma|87/100|[from] Leech Seed|[of] p1a: Celesteela
|-heal|p1a: Celesteela|44/100 brn|[silent]
|-damage|p1a: Celesteela|38/100 brn|[from] brn
|upkeep
|turn|10
|
|t:|1667143932
|switch|p2a: Ho-Oh|Ho-Oh|92/100
|move|p1a: Celesteela|Flamethrower|p2a: Ho-Oh
|-resisted|p2a: Ho-Oh
|-damage|p2a: Ho-Oh|87/100
|
|-damage|p1a: Celesteela|32/100 brn|[from] brn
|upkeep
|turn|11
|
|t:|1667143937
|switch|p1a: Groudon|Groudon|100/100
|-damage|p1a: Groudon|94/100|[from] Stealth Rock
|detailschange|p1a: Groudon|Groudon-Primal
|-primal|p1a: Groudon
|-weather|DesolateLand|[from] ability: Desolate Land|[of] p1a: Groudon
|move|p2a: Ho-Oh|Sacred Fire|p1a: Groudon
|-resisted|p1a: Groudon
|-damage|p1a: Groudon|77/100
|
|-weather|DesolateLand|[upkeep]
|upkeep
|turn|12
|
|t:|1667143939
|switch|p2a: Arceus|Arceus-Ground|100/100
|move|p1a: Groudon|Stealth Rock|p2a: Arceus
|-sidestart|p2: MehicTUH_92|move: Stealth Rock
|
|-weather|DesolateLand|[upkeep]
|upkeep
|turn|13
|
|t:|1667143944
|-weather|none
|switch|p1a: Celesteela|Celesteela|32/100 brn
|-damage|p1a: Celesteela|20/100 brn|[from] Stealth Rock
|move|p2a: Arceus|Judgment|p1a: Celesteela
|-immune|p1a: Celesteela
|
|-damage|p1a: Celesteela|14/100 brn|[from] brn
|upkeep
|turn|14
|
|t:|1667143946
|move|p2a: Arceus|Ice Beam|p1a: Celesteela
|-crit|p1a: Celesteela
|-damage|p1a: Celesteela|0 fnt
|faint|p1a: Celesteela
|
|upkeep
|
|t:|1667143955
|switch|p1a: Chansey|Chansey, F|100/100
|-damage|p1a: Chansey|88/100|[from] Stealth Rock
|turn|15
|
|t:|1667143958
|switch|p2a: Ho-Oh|Ho-Oh|100/100
|move|p1a: Chansey|Charm|p2a: Ho-Oh
|-unboost|p2a: Ho-Oh|atk|2
|
|upkeep
|turn|16
|
|t:|1667143963
|move|p2a: Ho-Oh|Defog|p1a: Chansey
|-unboost|p1a: Chansey|evasion|1
|-sideend|p1: DINOZAC|Stealth Rock|[from] move: Defog|[of] p2a: Ho-Oh
|-sideend|p2: MehicTUH_92|Stealth Rock|[from] move: Defog|[of] p2a: Ho-Oh
|move|p1a: Chansey|Toxic|p2a: Ho-Oh
|-status|p2a: Ho-Oh|tox
|
|-damage|p2a: Ho-Oh|94/100 tox|[from] psn
|upkeep
|turn|17
|
|t:|1667143969
|switch|p2a: Necrozma|Necrozma-Dusk-Mane|87/100
|move|p1a: Chansey|Charm|p2a: Necrozma
|-unboost|p2a: Necrozma|atk|2
|
|upkeep
|turn|18
|
|t:|1667143972
|move|p2a: Necrozma|Knock Off|p1a: Chansey
|-damage|p1a: Chansey|76/100
|-enditem|p1a: Chansey|Eviolite|[from] move: Knock Off|[of] p2a: Necrozma
|move|p1a: Chansey|Soft-Boiled|p1a: Chansey
|-heal|p1a: Chansey|100/100
|
|upkeep
|turn|19
|
|t:|1667143975
|move|p2a: Necrozma|Stealth Rock|p1a: Chansey
|-sidestart|p1: DINOZAC|move: Stealth Rock
|move|p1a: Chansey|Seismic Toss|p2a: Necrozma
|-damage|p2a: Necrozma|62/100
|-damage|p1a: Chansey|84/100|[from] item: Rocky Helmet|[of] p2a: Necrozma
|
|upkeep
|turn|20
|
|t:|1667143982
|switch|p2a: Arceus|Arceus-Dark|100/100
|switch|p1a: Groudon|Groudon-Primal|77/100
|-damage|p1a: Groudon|64/100|[from] Stealth Rock
|-weather|DesolateLand|[from] ability: Desolate Land|[of] p1a: Groudon
|
|-weather|DesolateLand|[upkeep]
|upkeep
|turn|21
|
|t:|1667143985
|move|p2a: Arceus|Judgment|p1a: Groudon
|-damage|p1a: Groudon|15/100
|move|p1a: Groudon|Stealth Rock|p2a: Arceus
|-sidestart|p2: MehicTUH_92|move: Stealth Rock
|
|-weather|DesolateLand|[upkeep]
|upkeep
|turn|22
|
|t:|1667143989
|switch|p2a: Ho-Oh|Ho-Oh|100/100 tox
|move|p1a: Groudon|Precipice Blades|p2a: Ho-Oh
|-immune|p2a: Ho-Oh
|
|-weather|DesolateLand|[upkeep]
|-damage|p2a: Ho-Oh|94/100 tox|[from] psn
|upkeep
|turn|23
|
|t:|1667143997
|move|p1a: Groudon|Overheat|p2a: Ho-Oh
|-resisted|p2a: Ho-Oh
|-damage|p2a: Ho-Oh|75/100 tox
|-unboost|p1a: Groudon|spa|2
|move|p2a: Ho-Oh|Sacred Fire|p1a: Groudon
|-resisted|p1a: Groudon
|-damage|p1a: Groudon|0 fnt
|faint|p1a: Groudon
|-weather|none
|
|-damage|p2a: Ho-Oh|63/100 tox|[from] psn
|upkeep
|
|t:|1667144001
|switch|p1a: Tyranitar|Tyranitar, M|100/100
|-damage|p1a: Tyranitar|88/100|[from] Stealth Rock
|-weather|Sandstorm|[from] ability: Sand Stream|[of] p1a: Tyranitar
|turn|24
|
|t:|1667144012
|switch|p2a: Arceus|Arceus-Ground|100/100
|-damage|p2a: Arceus|94/100|[from] Stealth Rock
|move|p1a: Tyranitar|Earthquake|p2a: Arceus
|-damage|p2a: Arceus|75/100
|
|-weather|Sandstorm|[upkeep]
|upkeep
|turn|25
|
|t:|1667144021
|switch|p1a: Chansey|Chansey, F|84/100
|-damage|p1a: Chansey|71/100|[from] Stealth Rock
|move|p2a: Arceus|Judgment|p1a: Chansey
|-damage|p1a: Chansey|53/100
|
|-weather|Sandstorm|[upkeep]
|-damage|p1a: Chansey|47/100|[from] Sandstorm
|upkeep
|turn|26
|
|t:|1667144024
|switch|p2a: Ho-Oh|Ho-Oh|96/100 tox
|move|p1a: Chansey|Soft-Boiled|p1a: Chansey
|-heal|p1a: Chansey|97/100
|
|-weather|Sandstorm|[upkeep]
|-damage|p2a: Ho-Oh|90/100 tox|[from] Sandstorm
|-damage|p1a: Chansey|91/100|[from] Sandstorm
|-damage|p2a: Ho-Oh|84/100 tox|[from] psn
|upkeep
|turn|27
|
|t:|1667144026
|move|p2a: Ho-Oh|Defog|p1a: Chansey
|-unboost|p1a: Chansey|evasion|1
|-sideend|p1: DINOZAC|Stealth Rock|[from] move: Defog|[of] p2a: Ho-Oh
|-sideend|p2: MehicTUH_92|Stealth Rock|[from] move: Defog|[of] p2a: Ho-Oh
|move|p1a: Chansey|Charm|p2a: Ho-Oh
|-unboost|p2a: Ho-Oh|atk|2
|
|-weather|Sandstorm|[upkeep]
|-damage|p2a: Ho-Oh|78/100 tox|[from] Sandstorm
|-damage|p1a: Chansey|84/100|[from] Sandstorm
|-damage|p2a: Ho-Oh|66/100 tox|[from] psn
|upkeep
|turn|28
|
|t:|1667144034
|switch|p1a: Tyranitar|Tyranitar, M|88/100
|move|p2a: Ho-Oh|Toxic|p1a: Tyranitar
|-status|p1a: Tyranitar|tox
|
|-weather|none
|-damage|p2a: Ho-Oh|48/100 tox|[from] psn
|-damage|p1a: Tyranitar|82/100 tox|[from] psn
|upkeep
|turn|29
|
|t:|1667144038
|switch|p2a: Arceus|Arceus-Ground|75/100
|-start|p1a: Tyranitar|Dynamax|
|-heal|p1a: Tyranitar|82/100 tox|[silent]
|move|p1a: Tyranitar|Max Rockfall|p2a: Arceus
|-resisted|p2a: Arceus
|-damage|p2a: Arceus|57/100
|-weather|Sandstorm
|
|-weather|Sandstorm|[upkeep]
|-damage|p1a: Tyranitar|76/100 tox|[from] psn
|upkeep
|turn|30
|
|t:|1667144042
|move|p2a: Arceus|Recover|p2a: Arceus
|-heal|p2a: Arceus|100/100
|move|p1a: Tyranitar|Max Hailstorm|p2a: Arceus
|-supereffective|p2a: Arceus
|-damage|p2a: Arceus|64/100
|-weather|Hail
|
|-weather|Hail|[upkeep]
|-damage|p2a: Arceus|58/100|[from] Hail
|-damage|p1a: Tyranitar|73/100 tox|[from] Hail
|-damage|p1a: Tyranitar|63/100 tox|[from] psn
|upkeep
|turn|31
|
|t:|1667144048
|move|p2a: Arceus|Recover|p2a: Arceus
|-heal|p2a: Arceus|100/100
|move|p1a: Tyranitar|Max Hailstorm|p2a: Arceus
|-supereffective|p2a: Arceus
|-damage|p2a: Arceus|62/100
|
|-weather|Hail|[upkeep]
|-damage|p2a: Arceus|56/100|[from] Hail
|-damage|p1a: Tyranitar|60/100 tox|[from] Hail
|-damage|p1a: Tyranitar|48/100 tox|[from] psn
|upkeep
|-end|p1a: Tyranitar|Dynamax
|-heal|p1a: Tyranitar|48/100 tox|[silent]
|turn|32
|
|t:|1667144053
|move|p2a: Arceus|Recover|p2a: Arceus
|-heal|p2a: Arceus|100/100
|move|p1a: Tyranitar|Stone Edge|p2a: Arceus
|-resisted|p2a: Arceus
|-damage|p2a: Arceus|87/100
|
|-weather|Hail|[upkeep]
|-damage|p2a: Arceus|81/100|[from] Hail
|-damage|p1a: Tyranitar|42/100 tox|[from] Hail
|-damage|p1a: Tyranitar|11/100 tox|[from] psn
|upkeep
|turn|33
|
|t:|1667144057
|switch|p1a: Chansey|Chansey, F|84/100
|move|p2a: Arceus|Judgment|p1a: Chansey
|-damage|p1a: Chansey|65/100
|
|-weather|Hail|[upkeep]
|-damage|p2a: Arceus|75/100|[from] Hail
|-damage|p1a: Chansey|59/100|[from] Hail
|upkeep
|turn|34
|
|t:|1667144061
|move|p2a: Arceus|Recover|p2a: Arceus
|-heal|p2a: Arceus|100/100
|move|p1a: Chansey|Soft-Boiled|p1a: Chansey
|-heal|p1a: Chansey|100/100
|
|-weather|none
|upkeep
|turn|35
|
|t:|1667144064
|switch|p2a: Zacian|Zacian-Crowned|100/100
|-ability|p2a: Zacian|Intrepid Sword|boost
|-boost|p2a: Zacian|atk|1
|move|p1a: Chansey|Seismic Toss|p2a: Zacian
|-damage|p2a: Zacian|70/100
|
|upkeep
|turn|36
|
|t:|1667144069
|switch|p1a: Quagsire|Quagsire, M|79/100 brn
|move|p2a: Zacian|Behemoth Blade|p1a: Quagsire
|-resisted|p1a: Quagsire
|-damage|p1a: Quagsire|57/100 brn
|-damage|p2a: Zacian|53/100|[from] item: Rocky Helmet|[of] p1a: Quagsire
|
|-damage|p1a: Quagsire|51/100 brn|[from] brn
|upkeep
|turn|37
|
|t:|1667144071
|switch|p2a: Necrozma|Necrozma-Dusk-Mane|62/100
|move|p1a: Quagsire|Recover|p1a: Quagsire
|-heal|p1a: Quagsire|100/100 brn
|
|-damage|p1a: Quagsire|94/100 brn|[from] brn
|upkeep
|turn|38
|
|t:|1667144074
|move|p2a: Necrozma|Knock Off|p1a: Quagsire
|-damage|p1a: Quagsire|73/100 brn
|-damage|p2a: Necrozma|45/100|[from] item: Rocky Helmet|[of] p1a: Quagsire
|-enditem|p1a: Quagsire|Rocky Helmet|[from] move: Knock Off|[of] p2a: Necrozma
|move|p1a: Quagsire|Yawn|p2a: Necrozma
|-start|p2a: Necrozma|move: Yawn|[of] p1a: Quagsire
|
|-damage|p1a: Quagsire|67/100 brn|[from] brn
|upkeep
|turn|39
|
|t:|1667144080
|switch|p2a: Rayquaza|Rayquaza|100/100
|-ability|p2a: Rayquaza|Air Lock
|move|p1a: Quagsire|Recover|p1a: Quagsire
|-heal|p1a: Quagsire|100/100 brn
|
|-damage|p1a: Quagsire|94/100 brn|[from] brn
|upkeep
|turn|40
|
|t:|1667144082
|detailschange|p2a: Rayquaza|Rayquaza-Mega
|-mega|p2a: Rayquaza|Rayquaza|
|-weather|DeltaStream|[from] ability: Delta Stream|[of] p2a: Rayquaza
|move|p2a: Rayquaza|Dragon Ascent|p1a: Quagsire
|-damage|p1a: Quagsire|17/100 brn
|-unboost|p2a: Rayquaza|def|1
|-unboost|p2a: Rayquaza|spd|1
|-damage|p2a: Rayquaza|91/100|[from] item: Life Orb
|move|p1a: Quagsire|Yawn|p2a: Rayquaza
|-start|p2a: Rayquaza|move: Yawn|[of] p1a: Quagsire
|
|-weather|DeltaStream|[upkeep]
|-damage|p1a: Quagsire|11/100 brn|[from] brn
|upkeep
|turn|41
|
|t:|1667144087
|move|p2a: Rayquaza|Dragon Ascent|p1a: Quagsire
|-damage|p1a: Quagsire|0 fnt
|-unboost|p2a: Rayquaza|def|1
|-unboost|p2a: Rayquaza|spd|1
|faint|p1a: Quagsire
|-damage|p2a: Rayquaza|81/100|[from] item: Life Orb
|
|-weather|DeltaStream|[upkeep]
|-end|p2a: Rayquaza|move: Yawn|[silent]
|-status|p2a: Rayquaza|slp
|upkeep
|
|t:|1667144090
|switch|p1a: Zacian|Zacian-Crowned|100/100
|-ability|p1a: Zacian|Intrepid Sword|boost
|-boost|p1a: Zacian|atk|1
|turn|42
|
|t:|1667144092
|move|p1a: Zacian|Play Rough|p2a: Rayquaza
|-supereffective|p2a: Rayquaza
|-damage|p2a: Rayquaza|0 fnt
|faint|p2a: Rayquaza
|-weather|none
|
|upkeep
|
|t:|1667144095
|switch|p2a: Arceus|Arceus-Ground|100/100
|turn|43
|
|t:|1667144098
|switch|p1a: Chansey|Chansey, F|100/100
|move|p2a: Arceus|Judgment|p1a: Chansey
|-damage|p1a: Chansey|81/100
|
|upkeep
|turn|44
|
|t:|1667144101
|switch|p2a: Zacian|Zacian-Crowned|53/100
|-ability|p2a: Zacian|Intrepid Sword|boost
|-boost|p2a: Zacian|atk|1
|move|p1a: Chansey|Toxic|p2a: Zacian
|-immune|p2a: Zacian
|
|upkeep
|turn|45
|
|t:|1667144105
|move|p2a: Zacian|Behemoth Blade|p1a: Chansey
|-damage|p1a: Chansey|0 fnt
|faint|p1a: Chansey
|
|upkeep
|
|t:|1667144108
|switch|p1a: Zacian|Zacian-Crowned|100/100
|-ability|p1a: Zacian|Intrepid Sword|boost
|-boost|p1a: Zacian|atk|1
|turn|46
|
|t:|1667144109
|switch|p2a: Necrozma|Necrozma-Dusk-Mane|45/100
|move|p1a: Zacian|Behemoth Blade|p2a: Necrozma
|-resisted|p2a: Necrozma
|-damage|p2a: Necrozma|19/100
|-damage|p1a: Zacian|84/100|[from] item: Rocky Helmet|[of] p2a: Necrozma
|
|upkeep
|turn|47
|
|t:|1667144112
|move|p1a: Zacian|Behemoth Blade|p2a: Necrozma
|-resisted|p2a: Necrozma
|-damage|p2a: Necrozma|0 fnt
|-damage|p1a: Zacian|67/100|[from] item: Rocky Helmet|[of] p2a: Necrozma
|faint|p2a: Necrozma
|
|upkeep
|
|t:|1667144114
|switch|p2a: Arceus|Arceus-Ground|100/100
|turn|48
|
|t:|1667144117
|move|p1a: Zacian|Behemoth Blade|p2a: Arceus
|-damage|p2a: Arceus|48/100
|move|p2a: Arceus|Judgment|p1a: Zacian
|-supereffective|p1a: Zacian
|-damage|p1a: Zacian|0 fnt
|faint|p1a: Zacian
|
|upkeep
|-message|DINOZAC forfeited.
|
|win|MehicTUH_92
|raw|DINOZAC's rating: 1585 &rarr; <strong>1574</strong><br />(-11 for losing)
|raw|MehicTUH_92's rating: 1759 &rarr; <strong>1770</strong><br />(+11 for winning)
|l|☆DINOZAC
