|j|☆CottonCandyIceCrm
|j|☆dividing by 0
|t:|1657056837
|gametype|singles
|player|p1|CottonCandyIceCrm|sonia|1526
|player|p2|dividing by 0|pokemaniac|1594
|teamsize|p1|6
|teamsize|p2|6
|gen|8
|tier|[Gen 8] National Dex AG
|rated|
|rule|HP Percentage Mod: HP is shown in percentages
|rule|Endless Battle Clause: Forcing endless battles is banned
|clearpoke
|poke|p1|Pikachu-Unova, M|
|poke|p1|Arceus-*|
|poke|p1|Yveltal|
|poke|p1|Quagsire, M|
|poke|p1|Zacian-*|
|poke|p1|Yveltal|
|poke|p2|Smeargle, F|
|poke|p2|Clefable, F|
|poke|p2|Scolipede, M|
|poke|p2|Arceus-*|
|poke|p2|Espeon, F|
|poke|p2|Liepard, F|
|teampreview
|
|t:|1657056847
|start
|switch|p1a: Pikachu|Pikachu-Unova, M|100/100
|switch|p2a: Scolipede|Scolipede, M|100/100
|turn|1
|
|t:|1657056853
|move|p2a: Scolipede|Substitute|p2a: Scolipede
|-start|p2a: Scolipede|Substitute
|-damage|p2a: Scolipede|76/100
|move|p1a: Pikachu|Volt Switch|p2a: Scolipede
|-crit|p2a: Scolipede
|-end|p2a: Scolipede|Substitute
|
|t:|1657056859
|switch|p1a: Arceus|Arceus-Grass|100/100|[from]move: Volt Switch
|
|-ability|p2a: Scolipede|Speed Boost|boost
|-boost|p2a: Scolipede|spe|1
|upkeep
|turn|2
|
|t:|1657056866
|move|p2a: Scolipede|Substitute|p2a: Scolipede
|-start|p2a: Scolipede|Substitute
|-damage|p2a: Scolipede|51/100
|move|p1a: Arceus|Roar|p2a: Scolipede
|drag|p2a: Arceus|Arceus|100/100
|
|upkeep
|turn|3
|
|t:|1657056874
|switch|p2a: Scolipede|Scolipede, M|51/100
|move|p1a: Arceus|Stealth Rock|p2a: Scolipede
|-sidestart|p2: dividing by 0|move: Stealth Rock
|
|upkeep
|turn|4
|
|t:|1657056886
|move|p2a: Scolipede|Substitute|p2a: Scolipede
|-start|p2a: Scolipede|Substitute
|-damage|p2a: Scolipede|26/100
|move|p1a: Arceus|Roar|p2a: Scolipede
|drag|p2a: Liepard|Liepard, F|100/100
|-damage|p2a: Liepard|88/100|[from] Stealth Rock
|
|-heal|p2a: Liepard|94/100|[from] item: Leftovers
|upkeep
|turn|5
|
|t:|1657056896
|move|p2a: Liepard|Taunt|p1a: Arceus
|-start|p1a: Arceus|move: Taunt
|move|p1a: Arceus|Judgment|p2a: Liepard
|-damage|p2a: Liepard|0 fnt
|faint|p2a: Liepard
|
|upkeep
|c|☆CottonCandyIceCrm|lol
|-message|dividing by 0 forfeited.
|
|win|CottonCandyIceCrm
|raw|CottonCandyIceCrm's rating: 1526 &rarr; <strong>1550</strong><br />(+24 for winning)
|raw|dividing by 0's rating: 1594 &rarr; <strong>1570</strong><br />(-24 for losing)
|l|☆dividing by 0
||Ladder isn't responding, score probably updated but might not have (Request timeout).
