|j|☆rowletroost
|j|☆starkorea74
|t:|1603556561
|player|p1|rowletroost|erika-gen1rb|1618
|player|p2|starkorea74|170|1859
|teamsize|p1|6
|teamsize|p2|6
|gametype|singles
|gen|8
|tier|[Gen 8] National Dex AG
|rated|
|clearpoke
|poke|p1|Lunala|
|poke|p1|Xerneas|
|poke|p1|Xerneas|
|poke|p1|Marshadow|
|poke|p1|Ribombee, M|
|poke|p1|Vivillon-Savanna, F|
|poke|p2|Necrozma-Dusk-Mane|
|poke|p2|Ho-Oh|
|poke|p2|Ditto|
|poke|p2|Arceus-*|
|poke|p2|Rayquaza|
|poke|p2|Yveltal|
|rule|HP Percentage Mod: HP is shown in percentages
|rule|Endless Battle Clause: Forcing endless battles is banned
|teampreview
|
|t:|1603556578
|start
|switch|p1a: Xerneas|Xerneas, shiny|100/100
|switch|p2a: Ho-Oh|Ho-Oh|100/100
|-ability|p1a: Xerneas|Fairy Aura
|turn|1
|inactive|Battle timer is ON: inactive players will automatically lose when time's up. (requested by rowletroost)
|inactive|starkorea74 has 120 seconds left.
|
|t:|1603556617
|move|p1a: Xerneas|Geomancy||[still]
|-prepare|p1a: Xerneas|Geomancy
|-enditem|p1a: Xerneas|Power Herb
|-anim|p1a: Xerneas|Geomancy|p1a: Xerneas
|-boost|p1a: Xerneas|spa|2
|-boost|p1a: Xerneas|spd|2
|-boost|p1a: Xerneas|spe|2
|move|p2a: Ho-Oh|Toxic|p1a: Xerneas
|-status|p1a: Xerneas|tox
|
|-damage|p1a: Xerneas|94/100 tox|[from] psn
|upkeep
|turn|2
|
|t:|1603556632
|-start|p1a: Xerneas|Dynamax
|-heal|p1a: Xerneas|94/100 tox|[silent]
|move|p1a: Xerneas|Max Lightning|p2a: Ho-Oh
|-supereffective|p2a: Ho-Oh
|-damage|p2a: Ho-Oh|0 fnt
|-fieldstart|move: Electric Terrain
|faint|p2a: Ho-Oh
|
|-damage|p1a: Xerneas|88/100 tox|[from] psn
|upkeep
|
|t:|1603556641
|switch|p2a: Necrozma|Necrozma-Dusk-Mane|100/100
|turn|3
|
|t:|1603556652
|-start|p2a: Necrozma|Dynamax
|-heal|p2a: Necrozma|100/100|[silent]
|move|p1a: Xerneas|Max Lightning|p2a: Necrozma
|-crit|p2a: Necrozma
|-damage|p2a: Necrozma|21/100
|move|p2a: Necrozma|Max Steelspike|p1a: Xerneas
|-supereffective|p1a: Xerneas
|-damage|p1a: Xerneas|39/100 tox
|-boost|p2a: Necrozma|def|1
|
|-heal|p2a: Necrozma|24/100|[from] item: Leftovers
|-damage|p1a: Xerneas|30/100 tox|[from] psn
|upkeep
|turn|4
|
|t:|1603556665
|move|p2a: Necrozma|Max Guard|p2a: Necrozma
|-singleturn|p2a: Necrozma|Max Guard
|move|p1a: Xerneas|Max Lightning|p2a: Necrozma
|-activate|p2a: Necrozma|move: Max Guard
|
|-heal|p2a: Necrozma|27/100|[from] item: Leftovers
|-damage|p1a: Xerneas|18/100 tox|[from] psn
|-end|p1a: Xerneas|Dynamax
|-heal|p1a: Xerneas|18/100 tox|[silent]
|upkeep
|turn|5
|
|t:|1603556677
|-end|p2a: Necrozma|Dynamax
|-heal|p2a: Necrozma|27/100|[silent]
|switch|p2a: Arceus|Arceus-Dark|100/100
|move|p1a: Xerneas|Moonblast|p2a: Arceus
|-supereffective|p2a: Arceus
|-damage|p2a: Arceus|0 fnt
|faint|p2a: Arceus
|
|-damage|p1a: Xerneas|0 fnt|[from] psn
|faint|p1a: Xerneas
|upkeep
|
|t:|1603556693
|switch|p2a: Necrozma|Necrozma-Dusk-Mane|27/100
|switch|p1a: Ribombee|Ribombee, M, shiny|100/100
|turn|6
|
|t:|1603556697
|move|p1a: Ribombee|Sticky Web|p2a: Necrozma
|-sidestart|p2: starkorea74|move: Sticky Web
|move|p2a: Necrozma|Morning Sun|p2a: Necrozma
|-heal|p2a: Necrozma|77/100
|
|-heal|p2a: Necrozma|83/100|[from] item: Leftovers
|-fieldend|move: Electric Terrain
|upkeep
|turn|7
|
|t:|1603556707
|move|p1a: Ribombee|Moonblast|p2a: Necrozma
|-resisted|p2a: Necrozma
|-damage|p2a: Necrozma|67/100
|move|p2a: Necrozma|Stealth Rock|p1a: Ribombee
|-sidestart|p1: rowletroost|move: Stealth Rock
|
|-heal|p2a: Necrozma|73/100|[from] item: Leftovers
|upkeep
|turn|8
|
|t:|1603556713
|move|p1a: Ribombee|Defog|p2a: Necrozma
|-unboost|p2a: Necrozma|evasion|1
|-sideend|p2: starkorea74|Sticky Web|[from] move: Defog|[of] p1a: Ribombee
|-sideend|p1: rowletroost|Stealth Rock|[from] move: Defog|[of] p1a: Ribombee
|move|p2a: Necrozma|Toxic|p1a: Ribombee
|-status|p1a: Ribombee|tox
|
|-heal|p2a: Necrozma|79/100|[from] item: Leftovers
|-damage|p1a: Ribombee|94/100 tox|[from] psn
|upkeep
|turn|9
|
|t:|1603556722
|move|p1a: Ribombee|Sticky Web|p2a: Necrozma
|-sidestart|p2: starkorea74|move: Sticky Web
|move|p2a: Necrozma|Stealth Rock|p1a: Ribombee
|-sidestart|p1: rowletroost|move: Stealth Rock
|
|-heal|p2a: Necrozma|85/100|[from] item: Leftovers
|-damage|p1a: Ribombee|82/100 tox|[from] psn
|upkeep
|turn|10
|
|t:|1603556729
|move|p1a: Ribombee|Defog|p2a: Necrozma
|-unboost|p2a: Necrozma|evasion|1
|-sideend|p2: starkorea74|Sticky Web|[from] move: Defog|[of] p1a: Ribombee
|-sideend|p1: rowletroost|Stealth Rock|[from] move: Defog|[of] p1a: Ribombee
|move|p2a: Necrozma|Stealth Rock|p1a: Ribombee
|-sidestart|p1: rowletroost|move: Stealth Rock
|
|-heal|p2a: Necrozma|91/100|[from] item: Leftovers
|-damage|p1a: Ribombee|64/100 tox|[from] psn
|upkeep
|turn|11
|
|t:|1603556740
|move|p1a: Ribombee|Aromatherapy|p1a: Ribombee
|-activate|p1a: Ribombee|move: Aromatherapy
|-curestatus|p1a: Ribombee|tox|[msg]
|move|p2a: Necrozma|Stealth Rock||[still]
|-fail|p2a: Necrozma
|
|-heal|p2a: Necrozma|97/100|[from] item: Leftovers
|upkeep
|turn|12
|
|t:|1603556747
|move|p1a: Ribombee|Defog|p2a: Necrozma
|-unboost|p2a: Necrozma|evasion|1
|-sideend|p1: rowletroost|Stealth Rock|[from] move: Defog|[of] p1a: Ribombee
|move|p2a: Necrozma|Toxic|p1a: Ribombee
|-status|p1a: Ribombee|tox
|
|-heal|p2a: Necrozma|100/100|[from] item: Leftovers
|-damage|p1a: Ribombee|58/100 tox|[from] psn
|upkeep
|turn|13
|
|t:|1603556755
|move|p1a: Ribombee|Aromatherapy|p1a: Ribombee
|-activate|p1a: Ribombee|move: Aromatherapy
|-curestatus|p1a: Ribombee|tox|[msg]
|move|p2a: Necrozma|Stealth Rock|p1a: Ribombee
|-sidestart|p1: rowletroost|move: Stealth Rock
|
|upkeep
|turn|14
|
|t:|1603556762
|move|p1a: Ribombee|Defog|p2a: Necrozma
|-unboost|p2a: Necrozma|evasion|1
|-sideend|p1: rowletroost|Stealth Rock|[from] move: Defog|[of] p1a: Ribombee
|move|p2a: Necrozma|Toxic|p1a: Ribombee
|-status|p1a: Ribombee|tox
|
|-damage|p1a: Ribombee|52/100 tox|[from] psn
|upkeep
|turn|15
|
|t:|1603556769
|move|p1a: Ribombee|Aromatherapy|p1a: Ribombee
|-activate|p1a: Ribombee|move: Aromatherapy
|-curestatus|p1a: Ribombee|tox|[msg]
|move|p2a: Necrozma|Stealth Rock|p1a: Ribombee
|-sidestart|p1: rowletroost|move: Stealth Rock
|
|upkeep
|turn|16
|
|t:|1603556777
|move|p1a: Ribombee|Defog|p2a: Necrozma
|-unboost|p2a: Necrozma|evasion|1
|-sideend|p1: rowletroost|Stealth Rock|[from] move: Defog|[of] p1a: Ribombee
|move|p2a: Necrozma|Sunsteel Strike|p1a: Ribombee
|-supereffective|p1a: Ribombee
|-damage|p1a: Ribombee|0 fnt
|faint|p1a: Ribombee
|
|upkeep
|
|t:|1603556781
|switch|p1a: Vivillon|Vivillon-Savanna, F|100/100
|turn|17
|
|t:|1603556788
|move|p1a: Vivillon|Sleep Powder|p2a: Necrozma
|-status|p2a: Necrozma|slp|[from] move: Sleep Powder
|cant|p2a: Necrozma|slp
|
|upkeep
|turn|18
|
|t:|1603556793
|move|p1a: Vivillon|Substitute|p1a: Vivillon
|-start|p1a: Vivillon|Substitute
|-damage|p1a: Vivillon|76/100
|cant|p2a: Necrozma|slp
|
|-heal|p1a: Vivillon|82/100|[from] item: Leftovers
|upkeep
|turn|19
|
|t:|1603556798
|move|p1a: Vivillon|Quiver Dance|p1a: Vivillon
|-boost|p1a: Vivillon|spa|1
|-boost|p1a: Vivillon|spd|1
|-boost|p1a: Vivillon|spe|1
|-curestatus|p2a: Necrozma|slp|[msg]
|move|p2a: Necrozma|Sunsteel Strike|p1a: Vivillon
|-end|p1a: Vivillon|Substitute
|
|-heal|p1a: Vivillon|88/100|[from] item: Leftovers
|upkeep
|turn|20
|
|t:|1603556809
|move|p1a: Vivillon|Sleep Powder|p2a: Necrozma
|-status|p2a: Necrozma|slp|[from] move: Sleep Powder
|cant|p2a: Necrozma|slp
|
|-heal|p1a: Vivillon|94/100|[from] item: Leftovers
|upkeep
|turn|21
|
|t:|1603556815
|move|p1a: Vivillon|Substitute|p1a: Vivillon
|-start|p1a: Vivillon|Substitute
|-damage|p1a: Vivillon|69/100
|cant|p2a: Necrozma|slp
|
|-heal|p1a: Vivillon|75/100|[from] item: Leftovers
|upkeep
|turn|22
|c|☆starkorea74|!dt sleep powder
|raw|<ul class="utilichart"><li class="result"><span class="col movenamecol"><a href="https://dex.pokemonshowdown.com/moves/sleeppowder">Sleep Powder</a></span> <span class="col typecol"><img src="//play.pokemonshowdown.com/sprites/types/Grass.png" alt="Grass" width="32" height="14"><img src="//play.pokemonshowdown.com/sprites/categories/Status.png" alt="Status" width="32" height="14"></span> <span class="col widelabelcol"><em>Accuracy</em><br>75%</span> <span class="col pplabelcol"><em>PP</em><br>24</span> <span class="col movedesccol">Causes the target to fall asleep.</span> </li><li style="clear:both"></li></ul>
|raw|<font size="1"><font color="#686868">Priority:</font> 0&nbsp;|&ThickSpace;<font color="#686868">Gen:</font> 1&nbsp;|&ThickSpace;&#10003; Powder&nbsp;|&ThickSpace;&#10003; Bounceable&nbsp;|&ThickSpace;<font color="#686868">Z-Effect:</font>  Speed +1&nbsp;|&ThickSpace;<font color="#686868">Target:</font> One Adjacent Pokémon</font>

|
|t:|1603556830
|move|p1a: Vivillon|Quiver Dance|p1a: Vivillon
|-boost|p1a: Vivillon|spa|1
|-boost|p1a: Vivillon|spd|1
|-boost|p1a: Vivillon|spe|1
|-curestatus|p2a: Necrozma|slp|[msg]
|move|p2a: Necrozma|Sunsteel Strike|p1a: Vivillon
|-end|p1a: Vivillon|Substitute
|
|-heal|p1a: Vivillon|81/100|[from] item: Leftovers
|upkeep
|turn|23
|
|t:|1603556840
|move|p1a: Vivillon|Sleep Powder|p2a: Necrozma
|-status|p2a: Necrozma|slp|[from] move: Sleep Powder
|cant|p2a: Necrozma|slp
|
|-heal|p1a: Vivillon|87/100|[from] item: Leftovers
|upkeep
|turn|24
|
|t:|1603556846
|move|p1a: Vivillon|Substitute|p1a: Vivillon
|-start|p1a: Vivillon|Substitute
|-damage|p1a: Vivillon|62/100
|cant|p2a: Necrozma|slp
|
|-heal|p1a: Vivillon|68/100|[from] item: Leftovers
|upkeep
|turn|25
|
|t:|1603556855
|move|p1a: Vivillon|Quiver Dance|p1a: Vivillon
|-boost|p1a: Vivillon|spa|1
|-boost|p1a: Vivillon|spd|1
|-boost|p1a: Vivillon|spe|1
|-curestatus|p2a: Necrozma|slp|[msg]
|move|p2a: Necrozma|Sunsteel Strike|p1a: Vivillon
|-end|p1a: Vivillon|Substitute
|
|-heal|p1a: Vivillon|74/100|[from] item: Leftovers
|upkeep
|turn|26
|
|t:|1603556865
|move|p1a: Vivillon|Sleep Powder|p2a: Necrozma
|-status|p2a: Necrozma|slp|[from] move: Sleep Powder
|cant|p2a: Necrozma|slp
|
|-heal|p1a: Vivillon|80/100|[from] item: Leftovers
|upkeep
|turn|27
|
|t:|1603556871
|move|p1a: Vivillon|Substitute|p1a: Vivillon
|-start|p1a: Vivillon|Substitute
|-damage|p1a: Vivillon|55/100
|cant|p2a: Necrozma|slp
|
|-heal|p1a: Vivillon|61/100|[from] item: Leftovers
|upkeep
|turn|28
|
|t:|1603556877
|move|p1a: Vivillon|Hurricane|p2a: Necrozma
|-resisted|p2a: Necrozma
|-damage|p2a: Necrozma|57/100 slp
|-curestatus|p2a: Necrozma|slp|[msg]
|move|p2a: Necrozma|Sunsteel Strike|p1a: Vivillon
|-end|p1a: Vivillon|Substitute
|
|-heal|p1a: Vivillon|67/100|[from] item: Leftovers
|-heal|p2a: Necrozma|63/100|[from] item: Leftovers
|upkeep
|turn|29
|
|t:|1603556887
|move|p1a: Vivillon|Sleep Powder|p2a: Necrozma
|-status|p2a: Necrozma|slp|[from] move: Sleep Powder
|cant|p2a: Necrozma|slp
|
|-heal|p1a: Vivillon|73/100|[from] item: Leftovers
|-heal|p2a: Necrozma|69/100 slp|[from] item: Leftovers
|upkeep
|turn|30
|
|t:|1603556895
|move|p1a: Vivillon|Substitute|p1a: Vivillon
|-start|p1a: Vivillon|Substitute
|-damage|p1a: Vivillon|48/100
|-curestatus|p2a: Necrozma|slp|[msg]
|move|p2a: Necrozma|Sunsteel Strike|p1a: Vivillon
|-end|p1a: Vivillon|Substitute
|
|-heal|p1a: Vivillon|54/100|[from] item: Leftovers
|-heal|p2a: Necrozma|75/100|[from] item: Leftovers
|upkeep
|turn|31
|
|t:|1603556905
|move|p1a: Vivillon|Sleep Powder|p2a: Necrozma
|-status|p2a: Necrozma|slp|[from] move: Sleep Powder
|cant|p2a: Necrozma|slp
|
|-heal|p1a: Vivillon|60/100|[from] item: Leftovers
|-heal|p2a: Necrozma|81/100 slp|[from] item: Leftovers
|upkeep
|turn|32
|
|t:|1603556911
|move|p1a: Vivillon|Substitute|p1a: Vivillon
|-start|p1a: Vivillon|Substitute
|-damage|p1a: Vivillon|35/100
|-curestatus|p2a: Necrozma|slp|[msg]
|move|p2a: Necrozma|Sunsteel Strike|p1a: Vivillon
|-end|p1a: Vivillon|Substitute
|
|-heal|p1a: Vivillon|41/100|[from] item: Leftovers
|-heal|p2a: Necrozma|87/100|[from] item: Leftovers
|upkeep
|turn|33
|
|t:|1603556921
|switch|p2a: Ditto|Ditto|100/100
|-transform|p2a: Ditto|p1a: Vivillon|[from] ability: Imposter
|move|p1a: Vivillon|Sleep Powder|p2a: Ditto
|-status|p2a: Ditto|slp|[from] move: Sleep Powder
|
|-heal|p1a: Vivillon|47/100|[from] item: Leftovers
|upkeep
|turn|34
|
|t:|1603556930
|cant|p2a: Ditto|slp
|move|p1a: Vivillon|Hurricane|p2a: Ditto
|-supereffective|p2a: Ditto
|-damage|p2a: Ditto|0 fnt
|faint|p2a: Ditto
|
|-heal|p1a: Vivillon|53/100|[from] item: Leftovers
|upkeep
|
|t:|1603556937
|switch|p2a: Rayquaza|Rayquaza|100/100
|-ability|p2a: Rayquaza|Air Lock
|turn|35
|
|t:|1603556942
|switch|p1a: Lunala|Lunala|100/100
|detailschange|p2a: Rayquaza|Rayquaza-Mega
|-mega|p2a: Rayquaza|Rayquaza|
|-weather|DeltaStream|[from] ability: Delta Stream|[of] p2a: Rayquaza
|move|p2a: Rayquaza|Extreme Speed|p1a: Lunala
|-immune|p1a: Lunala
|
|-weather|DeltaStream|[upkeep]
|upkeep
|turn|36
|
|t:|1603556951
|-weather|none
|switch|p2a: Yveltal|Yveltal, shiny|100/100
|-ability|p2a: Yveltal|Dark Aura
|move|p1a: Lunala|Will-O-Wisp|p2a: Yveltal|[miss]
|-miss|p1a: Lunala|p2a: Yveltal
|
|upkeep
|turn|37
|
|t:|1603556959
|move|p2a: Yveltal|Dark Pulse|p1a: Lunala
|-supereffective|p1a: Lunala
|-damage|p1a: Lunala|0 fnt
|-damage|p2a: Yveltal|91/100|[from] item: Life Orb
|faint|p1a: Lunala
|
|upkeep
|
|t:|1603556961
|switch|p1a: Xerneas|Xerneas, shiny|100/100
|-ability|p1a: Xerneas|Fairy Aura
|turn|38
|
|t:|1603556967
|move|p2a: Yveltal|Taunt|p1a: Xerneas
|-start|p1a: Xerneas|move: Taunt
|cant|p1a: Xerneas|move: Taunt|Geomancy
|
|upkeep
|turn|39
|
|t:|1603556977
|move|p2a: Yveltal|Oblivion Wing|p1a: Xerneas
|-damage|p1a: Xerneas|45/100
|-heal|p2a: Yveltal|100/100|[from] drain|[of] p1a: Xerneas
|-damage|p2a: Yveltal|91/100|[from] item: Life Orb
|move|p1a: Xerneas|Moonblast|p2a: Yveltal
|-supereffective|p2a: Yveltal
|-damage|p2a: Yveltal|0 fnt
|faint|p2a: Yveltal
|
|upkeep
|
|t:|1603556986
|switch|p2a: Rayquaza|Rayquaza-Mega|100/100
|-weather|DeltaStream|[from] ability: Delta Stream|[of] p2a: Rayquaza
|turn|40
|
|t:|1603556995
|move|p2a: Rayquaza|Dragon Ascent|p1a: Xerneas
|-damage|p1a: Xerneas|0 fnt
|-unboost|p2a: Rayquaza|def|1
|-unboost|p2a: Rayquaza|spd|1
|-damage|p2a: Rayquaza|91/100|[from] item: Life Orb
|faint|p1a: Xerneas
|
|-weather|DeltaStream|[upkeep]
|upkeep
|
|t:|1603556998
|switch|p1a: Marshadow|Marshadow|100/100
|turn|41
|
|t:|1603557004
|-weather|none
|switch|p2a: Necrozma|Necrozma-Dusk-Mane|87/100
|move|p1a: Marshadow|Shadow Sneak|p2a: Necrozma
|-supereffective|p2a: Necrozma
|-damage|p2a: Necrozma|61/100
|
|-heal|p2a: Necrozma|67/100|[from] item: Leftovers
|upkeep
|turn|42
|
|t:|1603557018
|move|p1a: Marshadow|Spectral Thief|p2a: Necrozma
|-supereffective|p2a: Necrozma
|-damage|p2a: Necrozma|28/100
|move|p2a: Necrozma|Morning Sun|p2a: Necrozma
|-heal|p2a: Necrozma|78/100
|
|-heal|p2a: Necrozma|84/100|[from] item: Leftovers
|upkeep
|turn|43
|
|t:|1603557036
|move|p1a: Marshadow|Spectral Thief|p2a: Necrozma
|-supereffective|p2a: Necrozma
|-damage|p2a: Necrozma|48/100
|move|p2a: Necrozma|Toxic|p1a: Marshadow
|-status|p1a: Marshadow|tox
|
|-heal|p2a: Necrozma|54/100|[from] item: Leftovers
|-damage|p1a: Marshadow|94/100 tox|[from] psn
|upkeep
|turn|44
|j| Spectralium
|
|t:|1603557046
|move|p1a: Marshadow|Spectral Thief|p2a: Necrozma
|-supereffective|p2a: Necrozma
|-damage|p2a: Necrozma|11/100
|move|p2a: Necrozma|Morning Sun|p2a: Necrozma
|-heal|p2a: Necrozma|61/100
|
|-heal|p2a: Necrozma|67/100|[from] item: Leftovers
|-damage|p1a: Marshadow|82/100 tox|[from] psn
|upkeep
|turn|45
|
|t:|1603557056
|switch|p1a: Vivillon|Vivillon-Savanna, F|53/100
|move|p2a: Necrozma|Stealth Rock|p1a: Vivillon
|-sidestart|p1: rowletroost|move: Stealth Rock
|
|-heal|p1a: Vivillon|59/100|[from] item: Leftovers
|-heal|p2a: Necrozma|73/100|[from] item: Leftovers
|upkeep
|turn|46
|c| Spectralium|you need crit
|
|t:|1603557067
|move|p1a: Vivillon|Sleep Powder|p2a: Necrozma
|-status|p2a: Necrozma|slp|[from] move: Sleep Powder
|cant|p2a: Necrozma|slp
|
|-heal|p1a: Vivillon|65/100|[from] item: Leftovers
|-heal|p2a: Necrozma|79/100 slp|[from] item: Leftovers
|upkeep
|turn|47
|
|t:|1603557075
|switch|p2a: Rayquaza|Rayquaza-Mega|91/100
|-weather|DeltaStream|[from] ability: Delta Stream|[of] p2a: Rayquaza
|move|p1a: Vivillon|Substitute|p1a: Vivillon
|-start|p1a: Vivillon|Substitute
|-damage|p1a: Vivillon|40/100
|
|-weather|DeltaStream|[upkeep]
|-heal|p1a: Vivillon|46/100|[from] item: Leftovers
|upkeep
|turn|48
|
|t:|1603557083
|move|p2a: Rayquaza|Extreme Speed|p1a: Vivillon
|-end|p1a: Vivillon|Substitute
|-damage|p2a: Rayquaza|81/100|[from] item: Life Orb
|move|p1a: Vivillon|Sleep Powder|p2a: Rayquaza
|-status|p2a: Rayquaza|slp|[from] move: Sleep Powder
|
|-weather|DeltaStream|[upkeep]
|-heal|p1a: Vivillon|52/100|[from] item: Leftovers
|upkeep
|turn|49
|
|t:|1603557090
|switch|p1a: Marshadow|Marshadow|82/100 tox
|-damage|p1a: Marshadow|76/100 tox|[from] Stealth Rock
|cant|p2a: Rayquaza|slp
|
|-weather|DeltaStream|[upkeep]
|-damage|p1a: Marshadow|69/100 tox|[from] psn
|upkeep
|turn|50
|c| Spectralium|GET EM
|
|t:|1603557110
|move|p1a: Marshadow|Spectral Thief|p2a: Rayquaza
|-damage|p2a: Rayquaza|24/100 slp
|cant|p2a: Rayquaza|slp
|
|-weather|DeltaStream|[upkeep]
|-damage|p1a: Marshadow|57/100 tox|[from] psn
|upkeep
|turn|51
|
|t:|1603557118
|-weather|none
|switch|p2a: Necrozma|Necrozma-Dusk-Mane|79/100 slp
|move|p1a: Marshadow|Shadow Sneak|p2a: Necrozma
|-supereffective|p2a: Necrozma
|-damage|p2a: Necrozma|52/100 slp
|
|-heal|p2a: Necrozma|58/100 slp|[from] item: Leftovers
|-damage|p1a: Marshadow|38/100 tox|[from] psn
|upkeep
|turn|52
|
|t:|1603557127
|move|p1a: Marshadow|Spectral Thief|p2a: Necrozma
|-supereffective|p2a: Necrozma
|-damage|p2a: Necrozma|17/100 slp
|cant|p2a: Necrozma|slp
|
|-heal|p2a: Necrozma|23/100 slp|[from] item: Leftovers
|-damage|p1a: Marshadow|13/100 tox|[from] psn
|upkeep
|turn|53
|l| Spectralium
|
|t:|1603557144
|move|p1a: Marshadow|Spectral Thief|p2a: Necrozma
|-supereffective|p2a: Necrozma
|-damage|p2a: Necrozma|0 fnt
|faint|p2a: Necrozma
|
|-damage|p1a: Marshadow|0 fnt|[from] psn
|faint|p1a: Marshadow
|upkeep
|
|t:|1603557151
|switch|p1a: Vivillon|Vivillon-Savanna, F|52/100
|switch|p2a: Rayquaza|Rayquaza-Mega|24/100 slp
|-weather|DeltaStream|[from] ability: Delta Stream|[of] p2a: Rayquaza
|-damage|p1a: Vivillon|2/100|[from] Stealth Rock
|turn|54
|
|t:|1603557157
|cant|p2a: Rayquaza|slp
|move|p1a: Vivillon|Hurricane|p2a: Rayquaza
|-damage|p2a: Rayquaza|0 fnt
|faint|p2a: Rayquaza
|-weather|none
|
|win|rowletroost
|c|☆rowletroost|gg
|l|☆starkorea74
||Ladder (probably) updated, but score could not be retrieved (Request timeout).
