|j|☆Bio03
|j|☆KerroZxL-
|player|p1|Bio03|battlegirl-gen4|1488
|player|p2|KerroZxL-|unknownf|1594
|teamsize|p1|6
|teamsize|p2|6
|gametype|singles
|gen|8
|tier|[Gen 8] National Dex AG
|rated|
|clearpoke
|poke|p1|Marshadow|
|poke|p1|Xerneas|
|poke|p1|Mewtwo|
|poke|p1|Minior|
|poke|p1|Kartana|
|poke|p1|Kyogre|
|poke|p2|Ditto|
|poke|p2|Rayquaza|
|poke|p2|Necrozma-Dusk-Mane|
|poke|p2|Excadrill, F|
|poke|p2|Yveltal|
|poke|p2|Marshadow|
|rule|HP Percentage Mod: HP is shown in percentages
|rule|Endless Battle Clause: Forcing endless battles is banned
|teampreview
|
|start
|switch|p1a: Xerneas|Xerneas|100/100
|switch|p2a: Excadrill|Excadrill, F|100/100
|-ability|p1a: Xerneas|Fairy Aura
|-ability|p2a: Excadrill|Mold Breaker
|turn|1
|
|switch|p1a: Kyogre|Kyogre|100/100
|detailschange|p1a: Kyogre|Kyogre-Primal
|-primal|p1a: Kyogre
|-weather|PrimordialSea|[from] ability: Primordial Sea|[of] p1a: Kyogre
|move|p2a: Excadrill|Iron Head|p1a: Kyogre
|-resisted|p1a: Kyogre
|-damage|p1a: Kyogre|72/100
|
|-weather|PrimordialSea|[upkeep]
|upkeep
|turn|2
|
|move|p2a: Excadrill|Stealth Rock|p1a: Kyogre
|-sidestart|p1: Bio03|move: Stealth Rock
|move|p1a: Kyogre|Origin Pulse|p2a: Excadrill
|-supereffective|p2a: Excadrill
|-enditem|p2a: Excadrill|Focus Sash
|-damage|p2a: Excadrill|1/100
|
|-weather|PrimordialSea|[upkeep]
|upkeep
|turn|3
|
|move|p2a: Excadrill|Earthquake|p1a: Kyogre
|-damage|p1a: Kyogre|11/100
|move|p1a: Kyogre|Ice Beam|p2a: Excadrill
|-damage|p2a: Excadrill|0 fnt
|faint|p2a: Excadrill
|
|-weather|PrimordialSea|[upkeep]
|upkeep
|
|switch|p2a: -|Yveltal, shiny|100/100
|-ability|p2a: -|Dark Aura
|turn|4
|l|☆Bio03
|player|p1|
|j|☆Bio03
|player|p1|Bio03|battlegirl-gen4
|
|-start|p2a: -|Dynamax
|-heal|p2a: -|100/100|[silent]
|move|p1a: Kyogre|Thunder|p2a: -
|-supereffective|p2a: -
|-damage|p2a: -|51/100
|-status|p2a: -|par
|move|p2a: -|Max Airstream|p1a: Kyogre
|-crit|p1a: Kyogre
|-damage|p1a: Kyogre|0 fnt
|-boost|p2a: -|spe|1
|-damage|p2a: -|46/100 par|[from] item: Life Orb
|faint|p1a: Kyogre
|-weather|none
|
|upkeep
|
|switch|p1a: Xerneas|Xerneas|100/100
|-damage|p1a: Xerneas|88/100|[from] Stealth Rock
|-ability|p1a: Xerneas|Fairy Aura
|turn|5
|
|move|p1a: Xerneas|Defog|p2a: -
|-unboost|p2a: -|evasion|1
|-sideend|p1: Bio03|Stealth Rock|[from] move: Defog|[of] p1a: Xerneas
|move|p2a: -|Max Airstream|p1a: Xerneas
|-damage|p1a: Xerneas|0 fnt
|-boost|p2a: -|spe|1
|-damage|p2a: -|41/100 par|[from] item: Life Orb
|faint|p1a: Xerneas
|
|upkeep
|
|switch|p1a: Marshadow|Marshadow|100/100
|turn|6
|
|move|p1a: Marshadow|Spectral Thief||[still]
|-clearpositiveboost|p2a: -|p1a: Marshadow|move: Spectral Thief
|-boost|p1a: Marshadow|spe|2
|-anim|p1a: Marshadow|Spectral Thief|p2a: -
|-resisted|p2a: -
|-damage|p2a: -|32/100 par
|move|p2a: -|Max Airstream|p1a: Marshadow
|-supereffective|p1a: Marshadow
|-enditem|p1a: Marshadow|Focus Sash
|-damage|p1a: Marshadow|1/100
|-boost|p2a: -|spe|1
|-damage|p2a: -|28/100 par|[from] item: Life Orb
|
|-end|p2a: -|Dynamax
|-heal|p2a: -|28/100 par|[silent]
|upkeep
|turn|7
|
|move|p1a: Marshadow|Close Combat|p2a: -
|-damage|p2a: -|0 fnt
|-unboost|p1a: Marshadow|def|1
|-unboost|p1a: Marshadow|spd|1
|faint|p2a: -
|
|upkeep
|
|switch|p2a: Marshadow|Marshadow|100/100
|turn|8
|
|move|p1a: Marshadow|Shadow Sneak|p2a: Marshadow
|-supereffective|p2a: Marshadow
|-damage|p2a: Marshadow|23/100
|move|p2a: Marshadow|Shadow Sneak|p1a: Marshadow
|-supereffective|p1a: Marshadow
|-damage|p1a: Marshadow|0 fnt
|faint|p1a: Marshadow
|
|upkeep
|
|switch|p1a: Kartana|Kartana|100/100
|turn|9
|
|move|p2a: Marshadow|Shadow Sneak|p1a: Kartana
|-damage|p1a: Kartana|68/100
|move|p1a: Kartana|Knock Off|p2a: Marshadow
|-damage|p2a: Marshadow|0 fnt
|-enditem|p2a: Marshadow|Focus Sash|[from] move: Knock Off|[of] p1a: Kartana
|faint|p2a: Marshadow
|-ability|p1a: Kartana|Beast Boost|boost
|-boost|p1a: Kartana|atk|1
|
|upkeep
|
|switch|p2a: Ditto|Ditto|100/100
|-transform|p2a: Ditto|p1a: Kartana|[from] ability: Imposter
|turn|10
|
|move|p1a: Kartana|Knock Off|p2a: Ditto
|-damage|p2a: Ditto|39/100
|-enditem|p2a: Ditto|Choice Scarf|[from] move: Knock Off|[of] p1a: Kartana
|move|p2a: Ditto|Sacred Sword|p1a: Kartana
|-supereffective|p1a: Kartana
|-damage|p1a: Kartana|0 fnt
|faint|p1a: Kartana
|-ability|p2a: Ditto|Beast Boost|boost
|-boost|p2a: Ditto|atk|1
|
|upkeep
|
|switch|p1a: Mewtwo|Mewtwo|100/100
|-ability|p1a: Mewtwo|Pressure
|turn|11
|
|detailschange|p1a: Mewtwo|Mewtwo-Mega-Y
|-mega|p1a: Mewtwo|Mewtwo|Mewtwonite Y
|move|p1a: Mewtwo|Ice Beam|p2a: Ditto
|-damage|p2a: Ditto|0 fnt
|faint|p2a: Ditto
|
|upkeep
|
|switch|p2a: Necrozma|Necrozma-Dusk-Mane|100/100
|turn|12
|
|move|p1a: Mewtwo|Fire Blast|p2a: Necrozma
|-supereffective|p2a: Necrozma
|-crit|p2a: Necrozma
|-damage|p2a: Necrozma|10/100
|move|p2a: Necrozma|Thunder Wave|p1a: Mewtwo
|-status|p1a: Mewtwo|par
|
|-heal|p2a: Necrozma|16/100|[from] item: Leftovers
|upkeep
|turn|13
|
|move|p1a: Mewtwo|Ice Beam|p2a: Necrozma
|-resisted|p2a: Necrozma
|-damage|p2a: Necrozma|0 fnt
|faint|p2a: Necrozma
|
|upkeep
|
|switch|p2a: Rayquaza|Rayquaza|100/100
|-ability|p2a: Rayquaza|Air Lock
|turn|14
|
|detailschange|p2a: Rayquaza|Rayquaza-Mega
|-mega|p2a: Rayquaza|Rayquaza|
|-weather|DeltaStream|[from] ability: Delta Stream|[of] p2a: Rayquaza
|move|p2a: Rayquaza|Dragon Dance|p2a: Rayquaza
|-boost|p2a: Rayquaza|atk|1
|-boost|p2a: Rayquaza|spe|1
|move|p1a: Mewtwo|Ice Beam|p2a: Rayquaza
|-activate||deltastream
|-supereffective|p2a: Rayquaza
|-damage|p2a: Rayquaza|15/100
|
|-weather|DeltaStream|[upkeep]
|upkeep
|turn|15
|
|move|p2a: Rayquaza|Earthquake|p1a: Mewtwo
|-damage|p1a: Mewtwo|3/100 par
|-damage|p2a: Rayquaza|5/100|[from] item: Life Orb
|move|p1a: Mewtwo|Ice Beam|p2a: Rayquaza
|-activate||deltastream
|-supereffective|p2a: Rayquaza
|-damage|p2a: Rayquaza|0 fnt
|faint|p2a: Rayquaza
|-weather|none
|
|win|Bio03
|c|☆Bio03|GG
|c|☆KerroZxL-|gg
|raw|Bio03's rating: 1489 &rarr; <strong>1515</strong><br />(+26 for winning)
|raw|KerroZxL-'s rating: 1595 &rarr; <strong>1569</strong><br />(-26 for losing)
|l|☆KerroZxL-
|c|☆Bio03|Finally 1500+
