|j|☆Wyvern.xyz
|j|☆Joethepineapple
|t:|1653686483
|gametype|singles
|player|p1|Wyvern.xyz|shadowtriad|1582
|player|p2|Joethepineapple|169|1459
|teamsize|p1|6
|teamsize|p2|6
|gen|8
|tier|[Gen 8] National Dex AG
|rated|
|rule|HP Percentage Mod: HP is shown in percentages
|rule|Endless Battle Clause: Forcing endless battles is banned
|clearpoke
|poke|p1|Necrozma-Dusk-Mane|
|poke|p1|Ho-Oh|
|poke|p1|Zacian-*|
|poke|p1|Rayquaza|
|poke|p1|Arceus-*|
|poke|p1|Kyogre|
|poke|p2|Greninja, M|
|poke|p2|Smeargle, M|
|poke|p2|Volbeat, M|
|poke|p2|Marshadow|
|poke|p2|Zacian-*|
|poke|p2|Shuckle, M|
|teampreview
|
|t:|1653686488
|start
|switch|p1a: Rayquaza|Rayquaza|100/100
|switch|p2a: Smeargle|Smeargle, M|100/100
|-ability|p1a: Rayquaza|Air Lock
|turn|1
|
|t:|1653686494
|detailschange|p1a: Rayquaza|Rayquaza-Mega
|-mega|p1a: Rayquaza|Rayquaza|
|-weather|DeltaStream|[from] ability: Delta Stream|[of] p1a: Rayquaza
|move|p1a: Rayquaza|Scale Shot|p2a: Smeargle
|-damage|p2a: Smeargle|77/100
|-damage|p2a: Smeargle|51/100
|-crit|p2a: Smeargle
|-damage|p2a: Smeargle|13/100
|-hitcount|p2a: Smeargle|3
|-unboost|p1a: Rayquaza|def|1
|-boost|p1a: Rayquaza|spe|1
|move|p2a: Smeargle|Spore|p1a: Rayquaza
|-status|p1a: Rayquaza|slp|[from] move: Spore
|
|-weather|DeltaStream|[upkeep]
|-ability|p2a: Smeargle|Moody|boost
|-boost|p2a: Smeargle|spe|2
|-unboost|p2a: Smeargle|def|1
|upkeep
|turn|2
|
|t:|1653686510
|cant|p1a: Rayquaza|slp
|move|p2a: Smeargle|Baton Pass|p2a: Smeargle
|
|t:|1653686513
|switch|p2a: Volbeat|Volbeat, M|100/100|[from]move: Baton Pass
|
|-weather|DeltaStream|[upkeep]
|upkeep
|turn|3
|
|t:|1653686527
|move|p2a: Volbeat|Substitute|p2a: Volbeat
|-start|p2a: Volbeat|Substitute
|-damage|p2a: Volbeat|76/100
|-curestatus|p1a: Rayquaza|slp|[msg]
|move|p1a: Rayquaza|Scale Shot|p2a: Volbeat
|-end|p2a: Volbeat|Substitute
|-damage|p2a: Volbeat|48/100
|-damage|p2a: Volbeat|23/100
|-damage|p2a: Volbeat|0 fnt
|faint|p2a: Volbeat
|-hitcount|p2: Volbeat|4
|-unboost|p1a: Rayquaza|def|1
|-boost|p1a: Rayquaza|spe|1
|
|-weather|DeltaStream|[upkeep]
|upkeep
|
|t:|1653686547
|switch|p2a: Marshadow|Marshadow|100/100
|turn|4
|
|t:|1653686557
|-weather|none
|switch|p1a: Necrozma|Necrozma-Dusk-Mane|100/100
|switch|p2a: Shuckle|Shuckle, M|100/100
|
|upkeep
|turn|5
|
|t:|1653686564
|switch|p1a: Kyogre|Kyogre|100/100
|detailschange|p1a: Kyogre|Kyogre-Primal
|-primal|p1a: Kyogre
|-weather|PrimordialSea|[from] ability: Primordial Sea|[of] p1a: Kyogre
|move|p2a: Shuckle|Encore||[still]
|-fail|p2a: Shuckle
|
|-weather|PrimordialSea|[upkeep]
|upkeep
|turn|6
|
|t:|1653686577
|move|p1a: Kyogre|Origin Pulse|p2a: Shuckle
|-supereffective|p2a: Shuckle
|-ability|p2a: Shuckle|Sturdy
|-damage|p2a: Shuckle|1/100
|move|p2a: Shuckle|Sticky Web|p1a: Kyogre
|-sidestart|p1: Wyvern.xyz|move: Sticky Web
|
|-weather|PrimordialSea|[upkeep]
|upkeep
|turn|7
|
|t:|1653686584
|move|p1a: Kyogre|Ice Beam|p2a: Shuckle
|-damage|p2a: Shuckle|0 fnt
|faint|p2a: Shuckle
|
|-weather|PrimordialSea|[upkeep]
|upkeep
|
|t:|1653686595
|switch|p2a: Greninja|Greninja, M|100/100
|turn|8
|
|t:|1653686599
|move|p2a: Greninja|Dark Pulse|p1a: Kyogre
|-damage|p1a: Kyogre|68/100
|cant|p1a: Kyogre|flinch
|
|-weather|PrimordialSea|[upkeep]
|upkeep
|turn|9
|
|t:|1653686604
|move|p2a: Greninja|Dark Pulse|p1a: Kyogre
|-damage|p1a: Kyogre|33/100
|move|p1a: Kyogre|Thunder|p2a: Greninja
|-supereffective|p2a: Greninja
|-damage|p2a: Greninja|0 fnt
|faint|p2a: Greninja
|
|-weather|PrimordialSea|[upkeep]
|upkeep
|
|t:|1653686613
|switch|p2a: Marshadow|Marshadow|100/100
|turn|10
|
|t:|1653686617
|-weather|none
|switch|p1a: Necrozma|Necrozma-Dusk-Mane|100/100
|-activate|p1a: Necrozma|move: Sticky Web
|-unboost|p1a: Necrozma|spe|1
|move|p2a: Marshadow|Close Combat|p1a: Necrozma
|-damage|p1a: Necrozma|66/100
|-unboost|p2a: Marshadow|def|1
|-unboost|p2a: Marshadow|spd|1
|-damage|p2a: Marshadow|84/100|[from] item: Rocky Helmet|[of] p1a: Necrozma
|
|upkeep
|turn|11
|
|t:|1653686628
|switch|p2a: Smeargle|Smeargle, M|13/100
|move|p1a: Necrozma|Stealth Rock|p2a: Smeargle
|-sidestart|p2: Joethepineapple|move: Stealth Rock
|
|-ability|p2a: Smeargle|Moody|boost
|-boost|p2a: Smeargle|spe|2
|-unboost|p2a: Smeargle|atk|1
|upkeep
|turn|12
|
|t:|1653686641
|move|p2a: Smeargle|Spore|p1a: Necrozma
|-status|p1a: Necrozma|slp|[from] move: Spore
|cant|p1a: Necrozma|slp
|
|-ability|p2a: Smeargle|Moody|boost
|-boost|p2a: Smeargle|atk|2
|-unboost|p2a: Smeargle|spa|1
|upkeep
|turn|13
|
|t:|1653686650
|move|p2a: Smeargle|Baton Pass|p2a: Smeargle
|
|t:|1653686651
|switch|p2a: Marshadow|Marshadow|84/100|[from]move: Baton Pass
|-damage|p2a: Marshadow|78/100|[from] Stealth Rock
|cant|p1a: Necrozma|slp
|
|upkeep
|turn|14
|
|t:|1653686661
|-start|p1a: Necrozma|Dynamax|
|-heal|p1a: Necrozma|66/100 slp|[silent]
|move|p2a: Marshadow|Spectral Thief|p1a: Necrozma
|-supereffective|p1a: Necrozma
|-damage|p1a: Necrozma|39/100 slp
|-damage|p2a: Marshadow|61/100|[from] item: Rocky Helmet|[of] p1a: Necrozma
|cant|p1a: Necrozma|slp
|
|upkeep
|turn|15
|
|t:|1653686672
|-start|p2a: Marshadow|Dynamax|
|-heal|p2a: Marshadow|61/100|[silent]
|move|p2a: Marshadow|Max Phantasm|p1a: Necrozma
|-supereffective|p1a: Necrozma
|-damage|p1a: Necrozma|0 fnt
|faint|p1a: Necrozma
|
|upkeep
|
|t:|1653686683
|switch|p1a: Arceus|Arceus-Dark|100/100
|-activate|p1a: Arceus|move: Sticky Web
|-unboost|p1a: Arceus|spe|1
|turn|16
|
|t:|1653686688
|move|p2a: Marshadow|Max Knuckle|p1a: Arceus
|-supereffective|p1a: Arceus
|-damage|p1a: Arceus|3/100
|-boost|p2a: Marshadow|atk|1
|move|p1a: Arceus|Judgment|p2a: Marshadow
|-damage|p2a: Marshadow|33/100
|
|upkeep
|turn|17
|
|t:|1653686697
|move|p2a: Marshadow|Max Knuckle|p1a: Arceus
|-supereffective|p1a: Arceus
|-damage|p1a: Arceus|0 fnt
|-boost|p2a: Marshadow|atk|1
|faint|p1a: Arceus
|
|upkeep
|inactive|Battle timer is ON: inactive players will automatically lose when time's up. (requested by Joethepineapple)
|
|t:|1653686721
|switch|p1a: Ho-Oh|Ho-Oh|100/100
|-end|p2a: Marshadow|Dynamax
|-heal|p2a: Marshadow|33/100|[silent]
|turn|18
|
|t:|1653686728
|move|p2a: Marshadow|Spectral Thief|p1a: Ho-Oh
|-damage|p1a: Ho-Oh|20/100
|move|p1a: Ho-Oh|Whirlwind|p2a: Marshadow
|drag|p2a: Zacian|Zacian-Crowned|100/100
|-damage|p2a: Zacian|94/100|[from] Stealth Rock
|-ability|p2a: Zacian|Intrepid Sword|boost
|-boost|p2a: Zacian|atk|1
|
|upkeep
|turn|19
|
|t:|1653686747
|move|p2a: Zacian|Behemoth Blade|p1a: Ho-Oh
|-resisted|p1a: Ho-Oh
|-damage|p1a: Ho-Oh|0 fnt
|faint|p1a: Ho-Oh
|
|upkeep
|
|t:|1653686751
|switch|p1a: Rayquaza|Rayquaza-Mega|100/100
|-weather|DeltaStream|[from] ability: Delta Stream|[of] p1a: Rayquaza
|turn|20
|
|t:|1653686756
|move|p1a: Rayquaza|V-create|p2a: Zacian|[miss]
|-miss|p1a: Rayquaza|p2a: Zacian
|move|p2a: Zacian|Play Rough|p1a: Rayquaza
|-supereffective|p1a: Rayquaza
|-damage|p1a: Rayquaza|0 fnt
|faint|p1a: Rayquaza
|-weather|none
|
|upkeep
|
|t:|1653686760
|switch|p1a: Zacian|Zacian-Crowned|100/100
|-activate|p1a: Zacian|move: Sticky Web
|-unboost|p1a: Zacian|spe|1
|-ability|p1a: Zacian|Intrepid Sword|boost
|-boost|p1a: Zacian|atk|1
|turn|21
|c|☆Joethepineapple|lotta legendaries
|
|t:|1653686768
|move|p2a: Zacian|Behemoth Blade|p1a: Zacian
|-damage|p1a: Zacian|12/100
|move|p1a: Zacian|Behemoth Blade|p2a: Zacian
|-damage|p2a: Zacian|3/100
|
|upkeep
|turn|22
|
|t:|1653686781
|move|p2a: Zacian|Behemoth Blade|p1a: Zacian
|-damage|p1a: Zacian|0 fnt
|faint|p1a: Zacian
|
|upkeep
|-message|Wyvern.xyz forfeited.
|
|win|Joethepineapple
|raw|Wyvern.xyz's rating: 1582 &rarr; <strong>1555</strong><br />(-27 for losing)
|raw|Joethepineapple's rating: 1459 &rarr; <strong>1486</strong><br />(+27 for winning)
|l|☆Wyvern.xyz
|c|☆Joethepineapple|Not trying t be mean
|c|☆Joethepineapple|but try mixing it up
||Ladder isn't responding, score probably updated but might not have (Request timeout).
