|j|☆Heatran192
|j|☆Kypza
|t:|1660366315
|gametype|singles
|player|p1|Heatran192|burglar|
|player|p2|Kypza|brycen|
|teamsize|p1|6
|teamsize|p2|6
|gen|8
|tier|[Gen 8] National Dex AG
|rule|HP Percentage Mod: HP is shown in percentages
|rule|Endless Battle Clause: Forcing endless battles is banned
|clearpoke
|poke|p1|Alakazam, M|
|poke|p1|Landorus-Therian, M|
|poke|p1|Toxapex, F|
|poke|p1|Kartana|
|poke|p1|Charizard, F|
|poke|p1|Zygarde|
|poke|p2|Deoxys-Speed|
|poke|p2|Lugia|
|poke|p2|Darkrai|
|poke|p2|Arceus-*|
|poke|p2|Swoobat, F|
|poke|p2|Jirachi|
|teampreview
|c|☆Kypza|Alr lets gooo
|
|t:|1660366340
|start
|switch|p1a: Toxapex|Toxapex, F|100/100
|switch|p2a: Darkrai|Darkrai|100/100
|turn|1
|c|☆Heatran192|My team's goofy fr
|
|t:|1660366364
|switch|p2a: Jirachi|Jirachi|100/100
|move|p1a: Toxapex|Gunk Shot|p2a: Jirachi
|-immune|p2a: Jirachi
|
|upkeep
|turn|2
|inactive|Battle timer is ON: inactive players will automatically lose when time's up. (requested by Heatran192)
|
|t:|1660366373
|move|p2a: Jirachi|Thunder Wave|p1a: Toxapex|[miss]
|-miss|p2a: Jirachi|p1a: Toxapex
|move|p1a: Toxapex|Liquidation|p2a: Jirachi
|-damage|p2a: Jirachi|68/100
|-damage|p1a: Toxapex|91/100|[from] item: Life Orb
|
|upkeep
|turn|3
|c|☆Heatran192|Epic
|inactive|Kypza has 270 seconds left.
|c|☆Heatran192|Imma wait now ig
|c|☆Heatran192|🗿
|
|t:|1660366423
|switch|p2a: Arceus|Arceus|100/100
|switch|p1a: Landorus|Landorus-Therian, M|100/100
|-ability|p1a: Landorus|Intimidate|boost
|-unboost|p2a: Arceus|atk|1
|
|-status|p2a: Arceus|brn|[from] item: Flame Orb
|upkeep
|turn|4
|
|t:|1660366430
|move|p2a: Arceus|Trick|p1a: Landorus
|-activate|p2a: Arceus|move: Trick|[of] p1a: Landorus
|-item|p1a: Landorus|Flame Orb|[from] move: Trick
|-item|p2a: Arceus|Choice Specs|[from] move: Trick
|move|p1a: Landorus|Focus Blast|p2a: Arceus
|-supereffective|p2a: Arceus
|-damage|p2a: Arceus|44/100 brn
|
|-damage|p2a: Arceus|38/100 brn|[from] brn
|-status|p1a: Landorus|brn|[from] item: Flame Orb
|upkeep
|turn|5
|
|t:|1660366443
|move|p2a: Arceus|Swords Dance|p2a: Arceus
|-boost|p2a: Arceus|atk|2
|move|p1a: Landorus|U-turn|p2a: Arceus
|-damage|p2a: Arceus|30/100 brn
|
|t:|1660366451
|switch|p1a: Alakazam|Alakazam, M|100/100|[from]move: U-turn
|
|-damage|p2a: Arceus|24/100 brn|[from] brn
|upkeep
|turn|6
|inactive|Kypza has 270 seconds left.
|
|t:|1660366479
|-start|p2a: Arceus|Dynamax|
|-heal|p2a: Arceus|24/100 brn|[silent]
|move|p2a: Arceus|Max Strike|p1a: Alakazam
|-damage|p1a: Alakazam|1/100
|-unboost|p1a: Alakazam|spe|1
|move|p1a: Alakazam|Teleport|p1a: Alakazam
|c|☆Heatran192|The tech
|
|t:|1660366493
|switch|p1a: Zygarde|Zygarde|100/100|[from]move: Teleport
|
|-damage|p2a: Arceus|21/100 brn|[from] brn
|upkeep
|turn|7
|
|t:|1660366503
|move|p2a: Arceus|Max Strike|p1a: Zygarde
|-damage|p1a: Zygarde|62/100
|-unboost|p1a: Zygarde|spe|1
|move|p1a: Zygarde|Core Enforcer|p2a: Arceus
|-damage|p2a: Arceus|0 fnt
|faint|p2a: Arceus
|
|upkeep
|
|t:|1660366515
|switch|p2a: Darkrai|Darkrai|100/100
|turn|8
|
|t:|1660366530
|switch|p1a: Toxapex|Toxapex, F|91/100
|-zpower|p2a: Darkrai
|move|p2a: Darkrai|Z-Hypnosis|p1a: Toxapex|[anim]Hypnosis
|-boost|p2a: Darkrai|spe|1|[zeffect]
|-status|p1a: Toxapex|slp|[from] move: Hypnosis
|
|-damage|p1a: Toxapex|78/100 slp|[from] ability: Bad Dreams|[of] p2a: Darkrai
|upkeep
|turn|9
|inactive|Kypza has 240 seconds left.
|
|t:|1660366556
|switch|p1a: Kartana|Kartana|100/100
|move|p2a: Darkrai|Dark Pulse|p1a: Kartana
|-damage|p1a: Kartana|68/100
|
|upkeep
|turn|10
|
|t:|1660366562
|move|p2a: Darkrai|Drain Punch|p1a: Kartana
|-supereffective|p1a: Kartana
|-damage|p1a: Kartana|39/100
|move|p1a: Kartana|Sacred Sword|p2a: Darkrai
|-supereffective|p2a: Darkrai
|-damage|p2a: Darkrai|10/100
|
|upkeep
|turn|11
|
|t:|1660366570
|move|p2a: Darkrai|Trick||[still]
|-fail|p2a: Darkrai
|move|p1a: Kartana|Sacred Sword|p2a: Darkrai
|-supereffective|p2a: Darkrai
|-damage|p2a: Darkrai|0 fnt
|faint|p2a: Darkrai
|-ability|p1a: Kartana|Beast Boost|boost
|-boost|p1a: Kartana|atk|1
|
|upkeep
|c|☆Heatran192|Guess what item
|
|t:|1660366587
|switch|p2a: Lugia|Lugia|100/100
|-ability|p2a: Lugia|Pressure
|turn|12
|
|t:|1660366590
|move|p2a: Lugia|Aeroblast|p1a: Kartana
|-damage|p1a: Kartana|0 fnt
|faint|p1a: Kartana
|
|upkeep
|
|t:|1660366593
|switch|p1a: Zygarde|Zygarde|62/100
|turn|13
|
|t:|1660366611
|switch|p2a: Jirachi|Jirachi|68/100
|move|p1a: Zygarde|Core Enforcer|p2a: Jirachi
|-resisted|p2a: Jirachi
|-damage|p2a: Jirachi|42/100
|
|upkeep
|turn|14
|
|t:|1660366618
|-start|p1a: Zygarde|Dynamax|
|-heal|p1a: Zygarde|62/100|[silent]
|move|p2a: Jirachi|Thunder Wave|p1a: Zygarde
|-immune|p1a: Zygarde
|move|p1a: Zygarde|Max Quake|p2a: Jirachi
|-supereffective|p2a: Jirachi
|-damage|p2a: Jirachi|0 fnt
|-boost|p1a: Zygarde|spd|1
|faint|p2a: Jirachi
|
|upkeep
|
|t:|1660366630
|switch|p2a: Deoxys|Deoxys-Speed|100/100
|-ability|p2a: Deoxys|Pressure
|turn|15
|
|t:|1660366634
|move|p2a: Deoxys|Trick|p1a: Zygarde
|-activate|p2a: Deoxys|move: Trick|[of] p1a: Zygarde
|-item|p1a: Zygarde|Toxic Orb|[from] move: Trick
|-item|p2a: Deoxys|Choice Specs|[from] move: Trick
|move|p1a: Zygarde|Max Ooze|p2a: Deoxys
|-damage|p2a: Deoxys|64/100
|-boost|p1a: Zygarde|spa|1
|
|-status|p1a: Zygarde|tox|[from] item: Toxic Orb
|upkeep
|turn|16
|
|t:|1660366642
|move|p2a: Deoxys|Ice Punch|p1a: Zygarde
|-supereffective|p1a: Zygarde
|-damage|p1a: Zygarde|31/100 tox
|move|p1a: Zygarde|Max Wyrmwind|p2a: Deoxys
|-damage|p2a: Deoxys|0 fnt
|faint|p2a: Deoxys
|
|-damage|p1a: Zygarde|28/100 tox|[from] psn
|-activate|p1a: Zygarde|ability: Power Construct
|detailschange|p1a: Zygarde|Zygarde-Complete
|-heal|p1a: Zygarde|55/100 tox|[silent]
|upkeep
|inactive|Kypza has 270 seconds left.
|
|t:|1660366661
|switch|p2a: Lugia|Lugia|100/100
|-ability|p2a: Lugia|Pressure
|-end|p1a: Zygarde|Dynamax
|-heal|p1a: Zygarde|55/100 tox|[silent]
|turn|17
|inactive|Kypza has 270 seconds left.
|
|t:|1660366683
|move|p2a: Lugia|Psycho Boost|p1a: Zygarde
|-damage|p1a: Zygarde|21/100 tox
|-unboost|p2a: Lugia|spa|2
|move|p1a: Zygarde|Core Enforcer|p2a: Lugia
|-damage|p2a: Lugia|56/100
|-endability|p2a: Lugia
|
|-damage|p1a: Zygarde|9/100 tox|[from] psn
|upkeep
|turn|18
|
|t:|1660366689
|move|p2a: Lugia|Psycho Boost|p1a: Zygarde|[miss]
|-miss|p2a: Lugia|p1a: Zygarde
|move|p1a: Zygarde|Core Enforcer|p2a: Lugia
|-damage|p2a: Lugia|9/100
|
|-damage|p1a: Zygarde|0 fnt|[from] psn
|faint|p1a: Zygarde
|upkeep
|
|t:|1660366697
|switch|p1a: Charizard|Charizard, F|100/100
|turn|19
|
|t:|1660366704
|switch|p2a: Swoobat|Swoobat, F|100/100
|detailschange|p1a: Charizard|Charizard-Mega-X, F
|-mega|p1a: Charizard|Charizard|Charizardite X
|move|p1a: Charizard|Dragon Pulse|p2a: Swoobat
|-damage|p2a: Swoobat|2/100
|
|upkeep
|turn|20
|
|t:|1660366715
|move|p2a: Swoobat|Thunder Wave|p1a: Charizard
|-status|p1a: Charizard|par
|move|p1a: Charizard|Dragon Pulse|p2a: Swoobat
|-damage|p2a: Swoobat|0 fnt
|faint|p2a: Swoobat
|
|upkeep
|
|t:|1660366718
|switch|p2a: Lugia|Lugia|9/100
|-ability|p2a: Lugia|Pressure
|turn|21
|
|t:|1660366725
|move|p2a: Lugia|Aeroblast|p1a: Charizard
|-damage|p1a: Charizard|26/100 par
|cant|p1a: Charizard|par
|
|upkeep
|turn|22
|
|t:|1660366730
|move|p2a: Lugia|Aeroblast|p1a: Charizard
|-crit|p1a: Charizard
|-damage|p1a: Charizard|0 fnt
|faint|p1a: Charizard
|
|upkeep
|
|t:|1660366733
|switch|p1a: Landorus|Landorus-Therian, M|100/100 brn
|-ability|p1a: Landorus|Intimidate|boost
|-unboost|p2a: Lugia|atk|1
|turn|23
|
|t:|1660366738
|move|p2a: Lugia|Aeroblast|p1a: Landorus
|-damage|p1a: Landorus|29/100 brn
|move|p1a: Landorus|Sludge Wave|p2a: Lugia
|-damage|p2a: Lugia|0 fnt
|faint|p2a: Lugia
|
|win|Heatran192
|c|☆Heatran192|gg
|c|☆Kypza|Ggs
|l|☆Kypza
|c|☆Heatran192|Ur team goofier tho
|l|☆Heatran192
|j|☆Heatran192
|player|p1|Heatran192|burglar
