|j|☆cheziqua
|j|☆Cocky but goated
|t:|1660566160
|gametype|singles
|player|p1|cheziqua|2|1733
|player|p2|Cocky but goated|ethan-masters|1733
|teamsize|p1|6
|teamsize|p2|6
|gen|8
|tier|[Gen 8] National Dex AG
|rated|
|rule|HP Percentage Mod: HP is shown in percentages
|rule|Endless Battle Clause: Forcing endless battles is banned
|clearpoke
|poke|p1|Calyrex-Shadow|
|poke|p1|Groudon|
|poke|p1|Marshadow|
|poke|p1|Zacian-*|
|poke|p1|Lugia|
|poke|p1|Yveltal|
|poke|p2|Deoxys-Speed|
|poke|p2|Zygarde|
|poke|p2|Calyrex-Shadow|
|poke|p2|Arceus-*|
|poke|p2|Ditto|
|poke|p2|Necrozma-Dusk-Mane|
|teampreview
|inactive|Battle timer is ON: inactive players will automatically lose when time's up. (requested by Cocky but goated)
|inactive|Cocky but goated has 120 seconds left.
|
|t:|1660566210
|start
|switch|p1a: Groudon|Groudon, shiny|100/100
|switch|p2a: Deoxys|Deoxys-Speed|100/100
|-ability|p2a: Deoxys|Pressure
|detailschange|p1a: Groudon|Groudon-Primal, shiny
|-primal|p1a: Groudon
|-weather|DesolateLand|[from] ability: Desolate Land|[of] p1a: Groudon
|turn|1
|
|t:|1660566214
|move|p2a: Deoxys|Taunt|p1a: Groudon
|-start|p1a: Groudon|move: Taunt
|move|p1a: Groudon|Heat Crash|p2a: Deoxys
|-enditem|p2a: Deoxys|Focus Sash
|-damage|p2a: Deoxys|1/100
|
|-weather|DesolateLand|[upkeep]
|upkeep
|turn|2
|
|t:|1660566216
|move|p2a: Deoxys|Stealth Rock|p1a: Groudon
|-sidestart|p1: cheziqua|move: Stealth Rock
|move|p1a: Groudon|Heat Crash|p2a: Deoxys
|-damage|p2a: Deoxys|0 fnt
|faint|p2a: Deoxys
|
|-weather|DesolateLand|[upkeep]
|upkeep
|inactive|Cocky but goated has 120 seconds left.
|inactive|Cocky but goated has 90 seconds left.
|
|t:|1660566289
|switch|p2a: Zygarde|Zygarde|100/100
|turn|3
|
|t:|1660566294
|-weather|none
|switch|p1a: Lugia|Lugia|100/100
|move|p2a: Zygarde|Dragon Dance|p2a: Zygarde
|-boost|p2a: Zygarde|atk|1
|-boost|p2a: Zygarde|spe|1
|
|upkeep
|turn|4
|inactive|Cocky but goated has 90 seconds left.
|
|t:|1660566325
|-start|p2a: Zygarde|Dynamax|
|-heal|p2a: Zygarde|100/100|[silent]
|move|p2a: Zygarde|Max Rockfall|p1a: Lugia
|-supereffective|p1a: Lugia
|-damage|p1a: Lugia|56/100
|-weather|Sandstorm
|-damage|p2a: Zygarde|96/100|[from] item: Life Orb
|move|p1a: Lugia|Toxic|p2a: Zygarde
|-status|p2a: Zygarde|tox
|
|-weather|Sandstorm|[upkeep]
|-damage|p1a: Lugia|50/100|[from] Sandstorm
|-damage|p2a: Zygarde|93/100 tox|[from] psn
|upkeep
|turn|5
|
|t:|1660566336
|move|p2a: Zygarde|Max Wyrmwind|p1a: Lugia
|-damage|p1a: Lugia|0 fnt
|faint|p1a: Lugia
|-damage|p2a: Zygarde|88/100 tox|[from] item: Life Orb
|
|-weather|Sandstorm|[upkeep]
|-damage|p2a: Zygarde|81/100 tox|[from] psn
|upkeep
|
|t:|1660566338
|switch|p1a: Groudon|Groudon-Primal, shiny|100/100
|-damage|p1a: Groudon|88/100|[from] Stealth Rock
|-weather|DesolateLand|[from] ability: Desolate Land|[of] p1a: Groudon
|turn|6
|inactive|Cocky but goated has 90 seconds left.
|
|t:|1660566371
|move|p2a: Zygarde|Max Quake|p1a: Groudon
|-supereffective|p1a: Groudon
|-damage|p1a: Groudon|0 fnt
|-boost|p2a: Zygarde|spd|1
|faint|p1a: Groudon
|-weather|none
|-damage|p2a: Zygarde|77/100 tox|[from] item: Life Orb
|
|-damage|p2a: Zygarde|67/100 tox|[from] psn
|upkeep
|
|t:|1660566377
|switch|p1a: Yveltal|Yveltal, shiny|100/100
|-damage|p1a: Yveltal|76/100|[from] Stealth Rock
|-ability|p1a: Yveltal|Dark Aura
|-end|p2a: Zygarde|Dynamax
|-heal|p2a: Zygarde|67/100 tox|[silent]
|turn|7
|
|t:|1660566390
|-start|p1a: Yveltal|Dynamax|
|-heal|p1a: Yveltal|76/100|[silent]
|move|p2a: Zygarde|Stone Edge|p1a: Yveltal
|-supereffective|p1a: Yveltal
|-damage|p1a: Yveltal|24/100
|-damage|p2a: Zygarde|58/100 tox|[from] item: Life Orb
|move|p1a: Yveltal|Max Airstream|p2a: Zygarde
|-damage|p2a: Zygarde|0 fnt
|-boost|p1a: Yveltal|spe|1
|faint|p2a: Zygarde
|-damage|p1a: Yveltal|19/100|[from] item: Life Orb
|
|upkeep
|
|t:|1660566396
|switch|p2a: Arceus|Arceus|100/100
|turn|8
|
|t:|1660566399
|move|p2a: Arceus|Extreme Speed|p1a: Yveltal
|-damage|p1a: Yveltal|0 fnt
|faint|p1a: Yveltal
|
|upkeep
|
|t:|1660566402
|switch|p1a: Marshadow|Marshadow|100/100
|-damage|p1a: Marshadow|94/100|[from] Stealth Rock
|turn|9
|inactive|Cocky but goated has 90 seconds left.
|
|t:|1660566420
|switch|p2a: Calyrex|Calyrex-Shadow|100/100
|-ability|p2a: Calyrex|As One
|-ability|p2a: Calyrex|Unnerve
|move|p1a: Marshadow|Drain Punch|p2a: Calyrex
|-immune|p2a: Calyrex
|
|upkeep
|turn|10
|
|t:|1660566426
|move|p1a: Marshadow|Shadow Sneak|p2a: Calyrex
|-supereffective|p2a: Calyrex
|-crit|p2a: Calyrex
|-enditem|p2a: Calyrex|Focus Sash
|-damage|p2a: Calyrex|1/100
|move|p2a: Calyrex|Astral Barrage|p1a: Marshadow
|-supereffective|p1a: Marshadow
|-damage|p1a: Marshadow|0 fnt
|faint|p1a: Marshadow
|-ability|p2a: Calyrex|Grim Neigh|boost
|-boost|p2a: Calyrex|spa|1
|
|upkeep
|
|t:|1660566429
|switch|p1a: Calyrex|Calyrex-Shadow|100/100
|-ability|p1a: Calyrex|As One
|-ability|p1a: Calyrex|Unnerve
|-damage|p1a: Calyrex|88/100|[from] Stealth Rock
|turn|11
|
|t:|1660566434
|move|p1a: Calyrex|Astral Barrage|p2a: Calyrex
|-supereffective|p2a: Calyrex
|-damage|p2a: Calyrex|0 fnt
|faint|p2a: Calyrex
|-ability|p1a: Calyrex|Grim Neigh|boost
|-boost|p1a: Calyrex|spa|1
|
|upkeep
|
|t:|1660566436
|switch|p2a: Ditto|Ditto|100/100
|-transform|p2a: Ditto|p1a: Calyrex|[from] ability: Imposter
|turn|12
|
|t:|1660566438
|move|p1a: Calyrex|Astral Barrage|p2a: Ditto
|-supereffective|p2a: Ditto
|-damage|p2a: Ditto|0 fnt
|faint|p2a: Ditto
|-ability|p1a: Calyrex|Grim Neigh|boost
|-boost|p1a: Calyrex|spa|1
|
|upkeep
|
|t:|1660566441
|switch|p2a: Arceus|Arceus|100/100
|turn|13
|
|t:|1660566445
|switch|p1a: Zacian|Zacian-Crowned|100/100
|-damage|p1a: Zacian|94/100|[from] Stealth Rock
|-ability|p1a: Zacian|Intrepid Sword|boost
|-boost|p1a: Zacian|atk|1
|switch|p2a: Necrozma|Necrozma-Dusk-Mane|100/100
|
|upkeep
|turn|14
|
|t:|1660566451
|move|p1a: Zacian|Sacred Sword|p2a: Necrozma
|-damage|p2a: Necrozma|52/100
|-zpower|p2a: Necrozma
|move|p2a: Necrozma|Searing Sunraze Smash|p1a: Zacian|[zeffect]
|-damage|p1a: Zacian|0 fnt
|faint|p1a: Zacian
|
|upkeep
|
|t:|1660566454
|switch|p1a: Calyrex|Calyrex-Shadow|88/100
|-ability|p1a: Calyrex|As One
|-ability|p1a: Calyrex|Unnerve
|-damage|p1a: Calyrex|76/100|[from] Stealth Rock
|turn|15
|
|t:|1660566461
|move|p1a: Calyrex|Trick||[still]
|-fail|p1a: Calyrex
|move|p2a: Necrozma|Sunsteel Strike|p1a: Calyrex
|-damage|p1a: Calyrex|9/100
|
|upkeep
|turn|16
|-message|cheziqua forfeited.
|
|win|Cocky but goated
|raw|cheziqua's rating: 1733 &rarr; <strong>1712</strong><br />(-21 for losing)
|raw|Cocky but goated's rating: 1709 &rarr; <strong>1730</strong><br />(+21 for winning)
|l|☆cheziqua
||Ladder isn't responding, score probably updated but might not have (Request timeout).
