|j|☆eeeeeeawgega
|j|☆VolcanicDonut
|t:|1668043383
|gametype|singles
|player|p1|eeeeeeawgega|byron|1641
|player|p2|VolcanicDonut|170|1664
|teamsize|p1|6
|teamsize|p2|6
|gen|8
|tier|[Gen 8] National Dex AG
|rated|
|rule|HP Percentage Mod: HP is shown in percentages
|rule|Endless Battle Clause: Forcing endless battles is banned
|clearpoke
|poke|p1|Kyurem-Black|
|poke|p1|Arceus-*|
|poke|p1|Rayquaza|
|poke|p1|Necrozma-Dusk-Mane|
|poke|p1|Murkrow, F|
|poke|p1|Quagsire, M|
|poke|p2|Smeargle, M|
|poke|p2|Zacian-*|
|poke|p2|Arceus-*|
|poke|p2|Xerneas-*|
|poke|p2|Greninja, M|
|poke|p2|Eevee, M|
|teampreview
|inactive|Battle timer is ON: inactive players will automatically lose when time's up. (requested by eeeeeeawgega)
|
|t:|1668043389
|start
|switch|p1a: Rayquaza|Rayquaza|100/100
|switch|p2a: Taunt This|Smeargle, M|100/100
|-ability|p1a: Rayquaza|Air Lock
|turn|1
|
|t:|1668043391
|detailschange|p1a: Rayquaza|Rayquaza-Mega
|-mega|p1a: Rayquaza|Rayquaza|
|-weather|DeltaStream|[from] ability: Delta Stream|[of] p1a: Rayquaza
|move|p1a: Rayquaza|Scale Shot|p2a: Taunt This
|-damage|p2a: Taunt This|60/100
|-damage|p2a: Taunt This|23/100
|-damage|p2a: Taunt This|0 fnt
|faint|p2a: Taunt This
|-hitcount|p2: Taunt This|3
|-unboost|p1a: Rayquaza|def|1
|-boost|p1a: Rayquaza|spe|1
|
|-weather|DeltaStream|[upkeep]
|upkeep
|
|t:|1668043399
|switch|p2a: Kermit|Greninja, M|100/100
|turn|2
|
|t:|1668043401
|move|p1a: Rayquaza|Scale Shot|p2a: Kermit
|-damage|p2a: Kermit|69/100
|-damage|p2a: Kermit|39/100
|-damage|p2a: Kermit|8/100
|-damage|p2a: Kermit|0 fnt
|faint|p2a: Kermit
|-hitcount|p2: Kermit|4
|-unboost|p1a: Rayquaza|def|1
|-boost|p1a: Rayquaza|spe|1
|
|-weather|DeltaStream|[upkeep]
|upkeep
|
|t:|1668043417
|switch|p2a: Roadkill|Xerneas|100/100
|-ability|p2a: Roadkill|Fairy Aura
|turn|3
|
|t:|1668043420
|move|p1a: Rayquaza|Dragon Ascent|p2a: Roadkill
|-damage|p2a: Roadkill|39/100
|-unboost|p1a: Rayquaza|def|1
|-unboost|p1a: Rayquaza|spd|1
|move|p2a: Roadkill|Geomancy||[still]
|-prepare|p2a: Roadkill|Geomancy
|-enditem|p2a: Roadkill|Power Herb
|-anim|p2a: Roadkill|Geomancy|p2a: Roadkill
|-boost|p2a: Roadkill|spa|2
|-boost|p2a: Roadkill|spd|2
|-boost|p2a: Roadkill|spe|2
|
|-weather|DeltaStream|[upkeep]
|upkeep
|turn|4
|
|t:|1668043427
|move|p1a: Rayquaza|Dragon Ascent|p2a: Roadkill
|-damage|p2a: Roadkill|0 fnt
|-unboost|p1a: Rayquaza|def|1
|-unboost|p1a: Rayquaza|spd|1
|faint|p2a: Roadkill
|
|-weather|DeltaStream|[upkeep]
|upkeep
|
|t:|1668043430
|switch|p2a: Unitard|Zacian-Crowned|100/100
|-ability|p2a: Unitard|Intrepid Sword|boost
|-boost|p2a: Unitard|atk|1
|turn|5
|
|t:|1668043432
|move|p1a: Rayquaza|V-create|p2a: Unitard
|-supereffective|p2a: Unitard
|-damage|p2a: Unitard|0 fnt
|-unboost|p1a: Rayquaza|spe|1
|-unboost|p1a: Rayquaza|def|1
|-unboost|p1a: Rayquaza|spd|1
|faint|p2a: Unitard
|
|-weather|DeltaStream|[upkeep]
|upkeep
|
|t:|1668043436
|switch|p2a: Evoboost Cringe|Eevee, M|100/100
|turn|6
|
|t:|1668043439
|move|p1a: Rayquaza|Scale Shot|p2a: Evoboost Cringe
|-damage|p2a: Evoboost Cringe|69/100
|-damage|p2a: Evoboost Cringe|35/100
|-damage|p2a: Evoboost Cringe|4/100
|-damage|p2a: Evoboost Cringe|0 fnt
|faint|p2a: Evoboost Cringe
|-hitcount|p2: Evoboost Cringe|4
|-unboost|p1a: Rayquaza|def|1
|-boost|p1a: Rayquaza|spe|1
|
|-weather|DeltaStream|[upkeep]
|upkeep
|
|t:|1668043444
|switch|p2a: Bambi|Arceus|100/100
|turn|7
|
|t:|1668043446
|move|p1a: Rayquaza|Dragon Ascent|p2a: Bambi
|-damage|p2a: Bambi|49/100
|-unboost|p1a: Rayquaza|spd|1
|move|p2a: Bambi|Judgment|p1a: Rayquaza
|-enditem|p1a: Rayquaza|Focus Sash
|-damage|p1a: Rayquaza|1/100
|
|-weather|DeltaStream|[upkeep]
|upkeep
|turn|8
|
|t:|1668043449
|move|p1a: Rayquaza|Dragon Ascent|p2a: Bambi
|-damage|p2a: Bambi|0 fnt
|-unboost|p1a: Rayquaza|spd|1
|faint|p2a: Bambi
|
|win|eeeeeeawgega
|raw|eeeeeeawgega's rating: 1641 &rarr; <strong>1662</strong><br />(+21 for winning)
|raw|VolcanicDonut's rating: 1664 &rarr; <strong>1643</strong><br />(-21 for losing)
|l|☆VolcanicDonut
