|j|☆Lasombralegendaria
|j|☆amnael01
|t:|1645713543
|gametype|singles
|player|p1|Lasombralegendaria|dawn-gen4pt|1800
|player|p2|amnael01|dawn|1852
|teamsize|p1|6
|teamsize|p2|6
|gen|8
|tier|[Gen 8] National Dex AG
|rated|
|rule|HP Percentage Mod: HP is shown in percentages
|rule|Endless Battle Clause: Forcing endless battles is banned
|clearpoke
|poke|p1|Smeargle, F|
|poke|p1|Rayquaza|
|poke|p1|Yveltal|
|poke|p1|Arceus-*|
|poke|p1|Kyogre|
|poke|p1|Zacian-*|
|poke|p2|Smeargle, M|
|poke|p2|Groudon|
|poke|p2|Espeon, F|
|poke|p2|Rayquaza|
|poke|p2|Xerneas-*|
|poke|p2|Zacian-*|
|teampreview
|inactive|Battle timer is ON: inactive players will automatically lose when time's up. (requested by Lasombralegendaria)
|
|t:|1645713554
|start
|switch|p1a: Rayquaza|Rayquaza|100/100
|switch|p2a: Smeargle|Smeargle, M|100/100
|-ability|p1a: Rayquaza|Air Lock
|turn|1
|
|t:|1645713560
|detailschange|p1a: Rayquaza|Rayquaza-Mega
|-mega|p1a: Rayquaza|Rayquaza|
|-weather|DeltaStream|[from] ability: Delta Stream|[of] p1a: Rayquaza
|move|p2a: Smeargle|Spiky Shield|p2a: Smeargle
|-singleturn|p2a: Smeargle|move: Protect
|move|p1a: Rayquaza|Scale Shot|p2a: Smeargle
|-activate|p2a: Smeargle|move: Protect
|
|-weather|DeltaStream|[upkeep]
|-ability|p2a: Smeargle|Moody|boost
|-boost|p2a: Smeargle|spd|2
|-unboost|p2a: Smeargle|spa|1
|upkeep
|turn|2
|
|t:|1645713569
|move|p1a: Rayquaza|Scale Shot|p2a: Smeargle
|-damage|p2a: Smeargle|40/100
|-crit|p2a: Smeargle
|-damage|p2a: Smeargle|0 fnt
|faint|p2a: Smeargle
|-hitcount|p2: Smeargle|2
|-unboost|p1a: Rayquaza|def|1
|-boost|p1a: Rayquaza|spe|1
|-damage|p1a: Rayquaza|91/100|[from] item: Life Orb
|
|-weather|DeltaStream|[upkeep]
|upkeep
|
|t:|1645713573
|switch|p2a: Zacian|Zacian-Crowned|100/100
|-ability|p2a: Zacian|Intrepid Sword|boost
|-boost|p2a: Zacian|atk|1
|turn|3
|
|t:|1645713576
|move|p1a: Rayquaza|Earthquake|p2a: Zacian
|-supereffective|p2a: Zacian
|-damage|p2a: Zacian|0 fnt
|faint|p2a: Zacian
|-damage|p1a: Rayquaza|81/100|[from] item: Life Orb
|
|-weather|DeltaStream|[upkeep]
|upkeep
|
|t:|1645713578
|switch|p2a: Rayquaza|Rayquaza|100/100
|-ability|p2a: Rayquaza|Air Lock
|turn|4
|
|t:|1645713580
|detailschange|p2a: Rayquaza|Rayquaza-Mega
|-mega|p2a: Rayquaza|Rayquaza|
|move|p1a: Rayquaza|Extreme Speed|p2a: Rayquaza
|-damage|p2a: Rayquaza|55/100
|-damage|p1a: Rayquaza|71/100|[from] item: Life Orb
|move|p2a: Rayquaza|Extreme Speed|p1a: Rayquaza
|-damage|p1a: Rayquaza|14/100
|
|-weather|DeltaStream|[upkeep]
|upkeep
|turn|5
|
|t:|1645713582
|move|p1a: Rayquaza|Extreme Speed|p2a: Rayquaza
|-damage|p2a: Rayquaza|2/100
|-damage|p1a: Rayquaza|4/100|[from] item: Life Orb
|move|p2a: Rayquaza|Extreme Speed|p1a: Rayquaza
|-damage|p1a: Rayquaza|0 fnt
|faint|p1a: Rayquaza
|
|-weather|DeltaStream|[upkeep]
|upkeep
|
|t:|1645713589
|switch|p1a: Zacian|Zacian-Crowned|100/100
|-ability|p1a: Zacian|Intrepid Sword|boost
|-boost|p1a: Zacian|atk|1
|turn|6
|
|t:|1645713592
|move|p1a: Zacian|Behemoth Blade|p2a: Rayquaza
|-damage|p2a: Rayquaza|0 fnt
|faint|p2a: Rayquaza
|-weather|none
|
|upkeep
|
|t:|1645713594
|switch|p2a: Groudon|Groudon|100/100
|detailschange|p2a: Groudon|Groudon-Primal
|-primal|p2a: Groudon
|-weather|DesolateLand|[from] ability: Desolate Land|[of] p2a: Groudon
|turn|7
|
|t:|1645713597
|move|p1a: Zacian|Close Combat|p2a: Groudon
|-damage|p2a: Groudon|49/100
|-unboost|p1a: Zacian|def|1
|-unboost|p1a: Zacian|spd|1
|move|p2a: Groudon|Fire Punch|p1a: Zacian
|-supereffective|p1a: Zacian
|-damage|p1a: Zacian|0 fnt
|faint|p1a: Zacian
|
|-weather|DesolateLand|[upkeep]
|upkeep
|
|t:|1645713599
|switch|p1a: Kyogre|Kyogre|100/100
|detailschange|p1a: Kyogre|Kyogre-Primal
|-primal|p1a: Kyogre
|-weather|PrimordialSea|[from] ability: Primordial Sea|[of] p1a: Kyogre
|turn|8
|
|t:|1645713603
|switch|p2a: Espeon|Espeon, F|100/100
|move|p1a: Kyogre|Water Spout|p2a: Espeon
|-enditem|p2a: Espeon|Focus Sash
|-damage|p2a: Espeon|1/100
|
|-weather|PrimordialSea|[upkeep]
|upkeep
|turn|9
|
|t:|1645713607
|switch|p2a: Groudon|Groudon-Primal|49/100
|-weather|DesolateLand|[from] ability: Desolate Land|[of] p2a: Groudon
|move|p1a: Kyogre|Ice Beam|p2a: Groudon
|-crit|p2a: Groudon
|-damage|p2a: Groudon|0 fnt
|faint|p2a: Groudon
|-weather|none
|
|upkeep
|
|t:|1645713611
|switch|p2a: Xerneas|Xerneas|100/100
|-ability|p2a: Xerneas|Fairy Aura
|turn|10
|
|t:|1645713612
|move|p1a: Kyogre|Water Spout|p2a: Xerneas
|-damage|p2a: Xerneas|30/100
|move|p2a: Xerneas|Geomancy||[still]
|-prepare|p2a: Xerneas|Geomancy
|-enditem|p2a: Xerneas|Power Herb
|-anim|p2a: Xerneas|Geomancy|p2a: Xerneas
|-boost|p2a: Xerneas|spa|2
|-boost|p2a: Xerneas|spd|2
|-boost|p2a: Xerneas|spe|2
|
|upkeep
|turn|11
|
|t:|1645713617
|move|p2a: Xerneas|Grass Knot|p1a: Kyogre
|-supereffective|p1a: Kyogre
|-damage|p1a: Kyogre|0 fnt
|faint|p1a: Kyogre
|
|upkeep
|
|t:|1645713620
|switch|p1a: Smeargle|Smeargle, F|100/100
|turn|12
|
|t:|1645713623
|-start|p2a: Xerneas|Dynamax
|-heal|p2a: Xerneas|30/100|[silent]
|move|p2a: Xerneas|Max Starfall|p1a: Smeargle
|-enditem|p1a: Smeargle|Focus Sash
|-damage|p1a: Smeargle|1/100
|-fieldstart|move: Misty Terrain
|move|p1a: Smeargle|Nuzzle|p2a: Xerneas
|-damage|p2a: Xerneas|29/100
|
|upkeep
|turn|13
|
|t:|1645713627
|move|p2a: Xerneas|Max Starfall|p1a: Smeargle
|-damage|p1a: Smeargle|0 fnt
|faint|p1a: Smeargle
|
|upkeep
|
|t:|1645713629
|switch|p1a: Arceus|Arceus-Ground|100/100
|turn|14
|
|t:|1645713631
|-start|p1a: Arceus|Dynamax
|-heal|p1a: Arceus|100/100|[silent]
|move|p1a: Arceus|Max Guard|p1a: Arceus
|-singleturn|p1a: Arceus|Max Guard
|move|p2a: Xerneas|Max Overgrowth|p1a: Arceus
|-activate|p1a: Arceus|move: Max Guard
|
|-end|p2a: Xerneas|Dynamax
|-heal|p2a: Xerneas|29/100|[silent]
|upkeep
|turn|15
|
|t:|1645713638
|move|p2a: Xerneas|Moonblast|p1a: Arceus
|-damage|p1a: Arceus|54/100
|move|p1a: Arceus|Max Airstream|p2a: Xerneas
|-damage|p2a: Xerneas|0 fnt
|-boost|p1a: Arceus|spe|1
|faint|p2a: Xerneas
|
|upkeep
|
|t:|1645713644
|switch|p2a: Espeon|Espeon, F|1/100
|turn|16
|c|☆Lasombralegendaria|gg
|
|t:|1645713647
|move|p1a: Arceus|Max Quake|p2a: Espeon
|-damage|p2a: Espeon|0 fnt
|-boost|p1a: Arceus|spd|1
|faint|p2a: Espeon
|
|win|Lasombralegendaria
|raw|Lasombralegendaria's rating: 1800 &rarr; <strong>1823</strong><br />(+23 for winning)
|raw|amnael01's rating: 1852 &rarr; <strong>1829</strong><br />(-23 for losing)
