|j|☆soda49
|j|☆Apprenti Buck
|t:|1652558440
|gametype|singles
|player|p1|soda49|2|1707
|player|p2|Apprenti Buck|mustard-master|1799
|teamsize|p1|6
|teamsize|p2|6
|gen|8
|tier|[Gen 8] National Dex AG
|rated|
|rule|HP Percentage Mod: HP is shown in percentages
|rule|Endless Battle Clause: Forcing endless battles is banned
|clearpoke
|poke|p1|Charizard, F|
|poke|p1|Mimikyu, M|
|poke|p1|Smeargle, M|
|poke|p1|Calyrex-Shadow|
|poke|p1|Whimsicott, F|
|poke|p1|Quagsire, F|
|poke|p2|Gengar, F|
|poke|p2|Giratina-Origin|
|poke|p2|Quagsire, M|
|poke|p2|Arceus-*|
|poke|p2|Yveltal|
|poke|p2|Zacian-*|
|teampreview
|inactive|Battle timer is ON: inactive players will automatically lose when time's up. (requested by Apprenti Buck)
|
|t:|1652558448
|start
|switch|p1a: Charizard|Charizard, F|100/100
|switch|p2a: Arceus|Arceus-Ground|100/100
|turn|1
|
|t:|1652558461
|-start|p1a: Charizard|Dynamax|Gmax
|-heal|p1a: Charizard|100/100|[silent]
|move|p1a: Charizard|Max Airstream|p2a: Arceus
|-damage|p2a: Arceus|69/100
|-boost|p1a: Charizard|spe|1
|move|p2a: Arceus|Stealth Rock|p1a: Charizard
|-sidestart|p1: soda49|move: Stealth Rock
|
|upkeep
|turn|2
|
|t:|1652558472
|switch|p2a: Giratina|Giratina-Origin|100/100
|move|p1a: Charizard|G-Max Wildfire|p2a: Giratina
|-resisted|p2a: Giratina
|-damage|p2a: Giratina|86/100
|-sidestart|p2: Apprenti Buck|G-Max Wildfire
|
|-damage|p2a: Giratina|70/100|[from] G-Max Wildfire
|upkeep
|turn|3
|
|t:|1652558479
|move|p1a: Charizard|Max Airstream|p2a: Giratina
|-damage|p2a: Giratina|32/100
|-boost|p1a: Charizard|spe|1
|move|p2a: Giratina|Shadow Force||[still]
|-prepare|p2a: Giratina|Shadow Force
|
|-damage|p2a: Giratina|15/100|[from] G-Max Wildfire
|upkeep
|-end|p1a: Charizard|Dynamax
|-heal|p1a: Charizard|100/100|[silent]
|turn|4
|
|t:|1652558490
|move|p1a: Charizard|Tailwind|p1a: Charizard
|-sidestart|p1: soda49|move: Tailwind
|move|p2a: Giratina|Shadow Force|p1a: Charizard|[from]lockedmove
|-damage|p1a: Charizard|0 fnt
|faint|p1a: Charizard
|
|-damage|p2a: Giratina|0 fnt|[from] G-Max Wildfire
|faint|p2a: Giratina
|upkeep
|
|t:|1652558496
|switch|p1a: Smeargle|Smeargle, M|100/100
|switch|p2a: Arceus|Arceus-Ground|69/100
|-damage|p1a: Smeargle|88/100|[from] Stealth Rock
|turn|5
|
|t:|1652558500
|move|p2a: Arceus|Magic Coat|p2a: Arceus
|-singleturn|p2a: Arceus|move: Magic Coat
|move|p1a: Smeargle|Spore|p2a: Arceus
|move|p2a: Arceus|Spore|p1a: Smeargle|[from]Magic Coat
|-status|p1a: Smeargle|slp|[from] move: Spore
|
|-heal|p1a: Smeargle|94/100 slp|[from] item: Leftovers
|-damage|p2a: Arceus|52/100|[from] G-Max Wildfire
|-sideend|p2: Apprenti Buck|G-Max Wildfire
|-ability|p1a: Smeargle|Moody|boost
|-boost|p1a: Smeargle|spd|2
|-unboost|p1a: Smeargle|spe|1
|upkeep
|turn|6
|
|t:|1652558503
|cant|p1a: Smeargle|slp
|-zpower|p2a: Arceus
|move|p2a: Arceus|Tectonic Rage|p1a: Smeargle|[zeffect]
|-damage|p1a: Smeargle|10/100 slp
|
|-heal|p1a: Smeargle|16/100 slp|[from] item: Leftovers
|-ability|p1a: Smeargle|Moody|boost
|-boost|p1a: Smeargle|spe|2
|-unboost|p1a: Smeargle|spa|1
|upkeep
|turn|7
|
|t:|1652558510
|-curestatus|p1a: Smeargle|slp|[msg]
|move|p1a: Smeargle|Spore|p2a: Arceus
|-status|p2a: Arceus|slp|[from] move: Spore
|cant|p2a: Arceus|slp
|
|-heal|p1a: Smeargle|22/100|[from] item: Leftovers
|-sideend|p1: soda49|move: Tailwind
|-ability|p1a: Smeargle|Moody|boost
|-boost|p1a: Smeargle|spe|2
|-unboost|p1a: Smeargle|atk|1
|upkeep
|turn|8
|
|t:|1652558523
|switch|p2a: Quagsire|Quagsire, M|100/100
|move|p1a: Smeargle|Shell Smash|p1a: Smeargle
|-unboost|p1a: Smeargle|def|1
|-unboost|p1a: Smeargle|spd|1
|-boost|p1a: Smeargle|atk|2
|-boost|p1a: Smeargle|spa|2
|-boost|p1a: Smeargle|spe|2
|
|-heal|p1a: Smeargle|28/100|[from] item: Leftovers
|-ability|p1a: Smeargle|Moody|boost
|-boost|p1a: Smeargle|atk|2
|-unboost|p1a: Smeargle|def|1
|upkeep
|turn|9
|
|t:|1652558528
|move|p1a: Smeargle|Spore|p2a: Quagsire
|-status|p2a: Quagsire|slp|[from] move: Spore
|cant|p2a: Quagsire|slp
|
|-heal|p1a: Smeargle|34/100|[from] item: Leftovers
|-ability|p1a: Smeargle|Moody|boost
|-boost|p1a: Smeargle|def|2
|-unboost|p1a: Smeargle|atk|1
|upkeep
|turn|10
|
|t:|1652558530
|move|p1a: Smeargle|Substitute|p1a: Smeargle
|-start|p1a: Smeargle|Substitute
|-damage|p1a: Smeargle|9/100
|-curestatus|p2a: Quagsire|slp|[msg]
|move|p2a: Quagsire|Haze|p2a: Quagsire
|-clearallboost
|
|-heal|p1a: Smeargle|15/100|[from] item: Leftovers
|-ability|p1a: Smeargle|Moody|boost
|-boost|p1a: Smeargle|def|2
|-unboost|p1a: Smeargle|spd|1
|upkeep
|turn|11
|
|t:|1652558534
|move|p1a: Smeargle|Spore|p2a: Quagsire
|-status|p2a: Quagsire|slp|[from] move: Spore
|cant|p2a: Quagsire|slp
|
|-heal|p1a: Smeargle|21/100|[from] item: Leftovers
|-ability|p1a: Smeargle|Moody|boost
|-boost|p1a: Smeargle|atk|2
|-unboost|p1a: Smeargle|spe|1
|upkeep
|turn|12
|
|t:|1652558542
|move|p1a: Smeargle|Shell Smash|p1a: Smeargle
|-unboost|p1a: Smeargle|def|1
|-unboost|p1a: Smeargle|spd|1
|-boost|p1a: Smeargle|atk|2
|-boost|p1a: Smeargle|spa|2
|-boost|p1a: Smeargle|spe|2
|-curestatus|p2a: Quagsire|slp|[msg]
|move|p2a: Quagsire|Earthquake|p1a: Smeargle
|-end|p1a: Smeargle|Substitute
|
|-heal|p1a: Smeargle|27/100|[from] item: Leftovers
|-ability|p1a: Smeargle|Moody|boost
|-boost|p1a: Smeargle|atk|2
|-unboost|p1a: Smeargle|spa|1
|upkeep
|turn|13
|
|t:|1652558555
|switch|p2a: Arceus|Arceus-Ground|52/100 slp
|move|p1a: Smeargle|Spore|p2a: Arceus
|-fail|p2a: Arceus|slp
|
|-heal|p1a: Smeargle|33/100|[from] item: Leftovers
|-ability|p1a: Smeargle|Moody|boost
|-boost|p1a: Smeargle|spa|2
|-unboost|p1a: Smeargle|def|1
|upkeep
|turn|14
|
|t:|1652558560
|move|p1a: Smeargle|Substitute|p1a: Smeargle
|-start|p1a: Smeargle|Substitute
|-damage|p1a: Smeargle|8/100
|cant|p2a: Arceus|slp
|
|-heal|p1a: Smeargle|14/100|[from] item: Leftovers
|-ability|p1a: Smeargle|Moody|boost
|-boost|p1a: Smeargle|def|2
|-unboost|p1a: Smeargle|spd|1
|upkeep
|turn|15
|
|t:|1652558563
|move|p1a: Smeargle|Power Trip|p2a: Arceus
|-damage|p2a: Arceus|0 fnt
|faint|p2a: Arceus
|
|-heal|p1a: Smeargle|20/100|[from] item: Leftovers
|-ability|p1a: Smeargle|Moody|boost
|-boost|p1a: Smeargle|spe|2
|-unboost|p1a: Smeargle|spd|1
|upkeep
|
|t:|1652558569
|switch|p2a: Yveltal|Yveltal|100/100
|-ability|p2a: Yveltal|Dark Aura
|turn|16
|
|t:|1652558574
|move|p1a: Smeargle|Spore|p2a: Yveltal
|-status|p2a: Yveltal|slp|[from] move: Spore
|cant|p2a: Yveltal|slp
|
|-heal|p1a: Smeargle|26/100|[from] item: Leftovers
|-ability|p1a: Smeargle|Moody|boost
|-boost|p1a: Smeargle|spe|2
|-unboost|p1a: Smeargle|def|1
|upkeep
|turn|17
|
|t:|1652558579
|move|p1a: Smeargle|Power Trip|p2a: Yveltal
|-resisted|p2a: Yveltal
|-damage|p2a: Yveltal|10/100 slp
|-curestatus|p2a: Yveltal|slp|[msg]
|move|p2a: Yveltal|Snarl|p1a: Smeargle
|-damage|p1a: Smeargle|0 fnt
|faint|p1a: Smeargle
|
|upkeep
|c|☆Apprenti Buck|Ggwp
|c|☆Apprenti Buck|closw
|
|t:|1652558592
|switch|p1a: Whimsicott|Whimsicott, F|100/100
|turn|18
|c|☆Apprenti Buck|close
|c|☆Apprenti Buck|but gg
|
|t:|1652558597
|move|p1a: Whimsicott|Moonblast|p2a: Yveltal
|-supereffective|p2a: Yveltal
|-crit|p2a: Yveltal
|-damage|p2a: Yveltal|0 fnt
|faint|p2a: Yveltal
|
|upkeep
|
|t:|1652558604
|switch|p2a: Quagsire|Quagsire, M|100/100
|turn|19
|
|t:|1652558610
|move|p1a: Whimsicott|Defog|p2a: Quagsire
|-unboost|p2a: Quagsire|evasion|1
|-sideend|p1: soda49|Stealth Rock|[from] move: Defog|[of] p1a: Whimsicott
|move|p2a: Quagsire|Toxic|p1a: Whimsicott|[miss]
|-miss|p2a: Quagsire|p1a: Whimsicott
|
|upkeep
|turn|20
|
|t:|1652558621
|move|p1a: Whimsicott|Switcheroo|p2a: Quagsire
|-activate|p1a: Whimsicott|move: Trick|[of] p2a: Quagsire
|-item|p2a: Quagsire|Heavy-Duty Boots|[from] move: Switcheroo
|-item|p1a: Whimsicott|Rocky Helmet|[from] move: Switcheroo
|move|p2a: Quagsire|Toxic|p1a: Whimsicott
|-status|p1a: Whimsicott|tox
|
|-damage|p1a: Whimsicott|94/100 tox|[from] psn
|upkeep
|turn|21
|
|t:|1652558629
|move|p1a: Whimsicott|Moonblast|p2a: Quagsire
|-damage|p2a: Quagsire|55/100
|move|p2a: Quagsire|Haze|p2a: Quagsire
|-clearallboost
|
|-damage|p1a: Whimsicott|82/100 tox|[from] psn
|upkeep
|turn|22
|
|t:|1652558636
|move|p1a: Whimsicott|Moonblast|p2a: Quagsire
|-damage|p2a: Quagsire|16/100
|-unboost|p2a: Quagsire|spa|1
|move|p2a: Quagsire|Recover|p2a: Quagsire
|-heal|p2a: Quagsire|66/100
|
|-damage|p1a: Whimsicott|64/100 tox|[from] psn
|upkeep
|turn|23
|
|t:|1652558641
|move|p1a: Whimsicott|Moonblast|p2a: Quagsire
|-damage|p2a: Quagsire|25/100
|-unboost|p2a: Quagsire|spa|1
|move|p2a: Quagsire|Recover|p2a: Quagsire
|-heal|p2a: Quagsire|75/100
|
|-damage|p1a: Whimsicott|39/100 tox|[from] psn
|upkeep
|turn|24
|
|t:|1652558648
|move|p1a: Whimsicott|Moonblast|p2a: Quagsire
|-damage|p2a: Quagsire|28/100
|move|p2a: Quagsire|Recover|p2a: Quagsire
|-heal|p2a: Quagsire|78/100
|
|-damage|p1a: Whimsicott|9/100 tox|[from] psn
|upkeep
|turn|25
|
|t:|1652558657
|move|p1a: Whimsicott|Moonblast|p2a: Quagsire
|-damage|p2a: Quagsire|32/100
|move|p2a: Quagsire|Recover|p2a: Quagsire
|-heal|p2a: Quagsire|82/100
|
|-damage|p1a: Whimsicott|0 fnt|[from] psn
|faint|p1a: Whimsicott
|upkeep
|
|t:|1652558681
|switch|p1a: Mimikyu|Mimikyu, M|100/100
|turn|26
|
|t:|1652558683
|move|p1a: Mimikyu|Curse|p2a: Quagsire
|-start|p2a: Quagsire|Curse|[of] p1a: Mimikyu
|-damage|p1a: Mimikyu|50/100
|move|p2a: Quagsire|Toxic|p1a: Mimikyu
|-status|p1a: Mimikyu|tox
|
|-damage|p1a: Mimikyu|44/100 tox|[from] psn
|-damage|p2a: Quagsire|57/100|[from] Curse
|upkeep
|turn|27
|
|t:|1652558689
|-zpower|p1a: Mimikyu
|move|p1a: Mimikyu|Let's Snuggle Forever|p2a: Quagsire|[zeffect]
|-damage|p2a: Quagsire|0 fnt
|faint|p2a: Quagsire
|
|-damage|p1a: Mimikyu|32/100 tox|[from] psn
|upkeep
|
|t:|1652558697
|switch|p2a: Gengar|Gengar, F|100/100
|turn|28
|
|t:|1652558711
|detailschange|p2a: Gengar|Gengar-Mega, F
|-mega|p2a: Gengar|Gengar|Gengarite
|move|p2a: Gengar|Substitute|p2a: Gengar
|-start|p2a: Gengar|Substitute
|-damage|p2a: Gengar|76/100
|move|p1a: Mimikyu|Curse|p2a: Gengar
|-start|p2a: Gengar|Curse|[of] p1a: Mimikyu
|-damage|p1a: Mimikyu|0 fnt
|faint|p1a: Mimikyu
|
|-damage|p2a: Gengar|51/100|[from] Curse
|upkeep
|
|t:|1652558722
|switch|p1a: Quagsire|Quagsire, F|100/100
|turn|29
|
|t:|1652558729
|move|p2a: Gengar|Perish Song|p2a: Gengar
|-start|p1a: Quagsire|perish3|[silent]
|-start|p2a: Gengar|perish3|[silent]
|-fieldactivate|move: Perish Song
|move|p1a: Quagsire|Earthquake|p2a: Gengar
|-supereffective|p2a: Gengar
|-end|p2a: Gengar|Substitute
|
|-damage|p2a: Gengar|26/100|[from] Curse
|-start|p2a: Gengar|perish3
|-start|p1a: Quagsire|perish3
|upkeep
|turn|30
|
|t:|1652558741
|move|p2a: Gengar|Destiny Bond|p2a: Gengar
|-singlemove|p2a: Gengar|Destiny Bond
|move|p1a: Quagsire|Earthquake|p2a: Gengar
|-supereffective|p2a: Gengar
|-damage|p2a: Gengar|0 fnt
|faint|p2a: Gengar
|-activate|p2a: Gengar|move: Destiny Bond
|faint|p1a: Quagsire
|
|upkeep
|
|t:|1652558751
|switch|p2a: Zacian|Zacian-Crowned|100/100
|switch|p1a: Calyrex|Calyrex-Shadow|100/100
|-ability|p1a: Calyrex|As One
|-ability|p1a: Calyrex|Unnerve
|-ability|p2a: Zacian|Intrepid Sword|boost
|-boost|p2a: Zacian|atk|1
|turn|31
|
|t:|1652558753
|move|p1a: Calyrex|Astral Barrage|p2a: Zacian
|-damage|p2a: Zacian|36/100
|move|p2a: Zacian|Behemoth Blade|p1a: Calyrex
|-enditem|p1a: Calyrex|Focus Sash
|-damage|p1a: Calyrex|1/100
|
|upkeep
|turn|32
|
|t:|1652558756
|move|p1a: Calyrex|Astral Barrage|p2a: Zacian
|-damage|p2a: Zacian|0 fnt
|faint|p2a: Zacian
|
|win|soda49
|raw|soda49's rating: 1707 &rarr; <strong>1732</strong><br />(+25 for winning)
|raw|Apprenti Buck's rating: 1799 &rarr; <strong>1774</strong><br />(-25 for losing)
|c|☆Apprenti Buck|Ggwp
|c|☆soda49|Gg
|l|☆Apprenti Buck
||Ladder isn't responding, score probably updated but might not have (Request timeout).
|l|☆soda49
|j|☆soda49
|player|p1|soda49|2
