|j|☆Mak the ZekLord
|j|☆alwaysrinse
|t:|1621283822
|gametype|singles
|player|p1|Mak the ZekLord|ash-kalos|1787
|player|p2|alwaysrinse|170|1894
|teamsize|p1|6
|teamsize|p2|6
|gen|8
|tier|[Gen 8] National Dex AG
|rated|
|rule|HP Percentage Mod: HP is shown in percentages
|rule|Endless Battle Clause: Forcing endless battles is banned
|clearpoke
|poke|p1|Arceus-*|
|poke|p1|Zacian-*|
|poke|p1|Yveltal|
|poke|p1|Zekrom|
|poke|p1|Grimmsnarl, M|
|poke|p1|Xerneas-*|
|poke|p2|Quagsire, F|
|poke|p2|Chansey, F|
|poke|p2|Tyranitar, M|
|poke|p2|Lugia|
|poke|p2|Sableye, F|
|poke|p2|Giratina|
|teampreview
|c|☆alwaysrinse|again
|c|☆Mak the ZekLord|What again?
|c|☆alwaysrinse|i'm scared
|c|☆Mak the ZekLord|I just did a gen 7 ag battle
|inactive|Battle timer is ON: inactive players will automatically lose when time's up. (requested by Mak the ZekLord)
|c|☆alwaysrinse|who is leading
|c|☆alwaysrinse|the god
|c|☆Mak the ZekLord|Can't say, just see lol
|
|t:|1621283872
|start
|switch|p1a: Arceus|Arceus-Ground|100/100
|switch|p2a: Tyranitar|Tyranitar, M|100/100
|-weather|Sandstorm|[from] ability: Sand Stream|[of] p2a: Tyranitar
|turn|1
|
|t:|1621283883
|switch|p2a: Quagsire|Quagsire, F|100/100
|move|p1a: Arceus|Stealth Rock|p2a: Quagsire
|-sidestart|p2: alwaysrinse|move: Stealth Rock
|
|-weather|Sandstorm|[upkeep]
|upkeep
|turn|2
|
|t:|1621283891
|switch|p1a: Yveltal|Yveltal|100/100
|-ability|p1a: Yveltal|Dark Aura
|move|p2a: Quagsire|Toxic|p1a: Yveltal|[miss]
|-miss|p2a: Quagsire|p1a: Yveltal
|
|-weather|Sandstorm|[upkeep]
|-damage|p1a: Yveltal|94/100|[from] Sandstorm
|upkeep
|turn|3
|c|☆alwaysrinse|hax
|c|☆Mak the ZekLord|:D u bet
|
|t:|1621283914
|switch|p1a: Arceus|Arceus-Ground|100/100
|switch|p2a: Tyranitar|Tyranitar, M|100/100
|-damage|p2a: Tyranitar|88/100|[from] Stealth Rock
|
|-weather|Sandstorm|[upkeep]
|-heal|p2a: Tyranitar|94/100|[from] item: Leftovers
|upkeep
|turn|4
|
|t:|1621283919
|move|p1a: Arceus|Earthquake|p2a: Tyranitar
|-supereffective|p2a: Tyranitar
|-damage|p2a: Tyranitar|0 fnt
|faint|p2a: Tyranitar
|
|-weather|Sandstorm|[upkeep]
|upkeep
|c|☆alwaysrinse|you actually satyed it
|
|t:|1621283925
|switch|p2a: Giratina|Giratina|100/100
|-damage|p2a: Giratina|88/100|[from] Stealth Rock
|-ability|p2a: Giratina|Pressure
|turn|5
|
|t:|1621283930
|switch|p1a: Yveltal|Yveltal|94/100
|-ability|p1a: Yveltal|Dark Aura
|move|p2a: Giratina|Defog|p1a: Yveltal
|-unboost|p1a: Yveltal|evasion|1
|-sideend|p2: alwaysrinse|Stealth Rock|[from] move: Defog|[of] p2a: Giratina
|
|-weather|none
|-heal|p2a: Giratina|94/100|[from] item: Leftovers
|upkeep
|turn|6
|
|t:|1621283936
|switch|p2a: Chansey|Chansey, F|100/100
|move|p1a: Yveltal|Sucker Punch||[still]
|-fail|p1a: Yveltal
|
|upkeep
|turn|7
|c|☆Mak the ZekLord|Misclicked
|
|t:|1621283945
|switch|p1a: Zacian|Zacian-Crowned|100/100
|-ability|p1a: Zacian|Intrepid Sword|boost
|-boost|p1a: Zacian|atk|1
|move|p2a: Chansey|Toxic|p1a: Zacian
|-immune|p1a: Zacian
|
|upkeep
|turn|8
|
|t:|1621283953
|switch|p1a: Xerneas|Xerneas|100/100
|-ability|p1a: Xerneas|Fairy Aura
|switch|p2a: Lugia|Lugia|100/100
|
|upkeep
|turn|9
|
|t:|1621283959
|move|p1a: Xerneas|Thunder|p2a: Lugia
|-supereffective|p2a: Lugia
|-crit|p2a: Lugia
|-damage|p2a: Lugia|65/100
|-status|p2a: Lugia|par
|move|p2a: Lugia|Toxic|p1a: Xerneas
|-status|p1a: Xerneas|tox
|
|-damage|p1a: Xerneas|94/100 tox|[from] psn
|upkeep
|turn|10
|
|t:|1621283973
|switch|p1a: Zacian|Zacian-Crowned|100/100
|-ability|p1a: Zacian|Intrepid Sword|boost
|-boost|p1a: Zacian|atk|1
|cant|p2a: Lugia|par
|
|upkeep
|turn|11
|
|t:|1621283979
|switch|p2a: Giratina|Giratina|94/100
|-ability|p2a: Giratina|Pressure
|move|p1a: Zacian|Close Combat|p2a: Giratina
|-immune|p2a: Giratina
|
|-heal|p2a: Giratina|100/100|[from] item: Leftovers
|upkeep
|turn|12
|
|t:|1621283985
|switch|p1a: Xerneas|Xerneas|94/100 tox
|-ability|p1a: Xerneas|Fairy Aura
|move|p2a: Giratina|Will-O-Wisp||[still]
|-fail|p2a: Giratina
|
|-damage|p1a: Xerneas|88/100 tox|[from] psn
|upkeep
|turn|13
|c|☆alwaysrinse|xern hax
|c|☆Mak the ZekLord|Hax mattered maybe
|inactive|Mak the ZekLord has 120 seconds left.
|
|t:|1621284017
|switch|p1a: Yveltal|Yveltal|94/100
|-ability|p1a: Yveltal|Dark Aura
|switch|p2a: Chansey|Chansey, F|100/100
|
|upkeep
|turn|14
|inactive|Mak the ZekLord has 120 seconds left.
|
|t:|1621284031
|switch|p1a: Zekrom|Zekrom|100/100
|-ability|p1a: Zekrom|Teravolt
|move|p2a: Chansey|Toxic|p1a: Zekrom
|-status|p1a: Zekrom|tox
|
|-damage|p1a: Zekrom|94/100 tox|[from] psn
|upkeep
|turn|15
|
|t:|1621284039
|switch|p2a: Quagsire|Quagsire, F|100/100
|move|p1a: Zekrom|Dragon Dance|p1a: Zekrom
|-boost|p1a: Zekrom|atk|1
|-boost|p1a: Zekrom|spe|1
|
|-damage|p1a: Zekrom|82/100 tox|[from] psn
|upkeep
|turn|16
|
|t:|1621284047
|-start|p1a: Zekrom|Dynamax
|-heal|p1a: Zekrom|82/100 tox|[silent]
|-start|p2a: Quagsire|Dynamax
|-heal|p2a: Quagsire|100/100|[silent]
|move|p1a: Zekrom|Max Wyrmwind|p2a: Quagsire
|-damage|p2a: Quagsire|67/100
|-unboost|p2a: Quagsire|atk|1
|move|p2a: Quagsire|Max Quake|p1a: Zekrom
|-supereffective|p1a: Zekrom
|-damage|p1a: Zekrom|61/100 tox
|-boost|p2a: Quagsire|spd|1
|-enditem|p1a: Zekrom|Weakness Policy
|-boost|p1a: Zekrom|atk|2|[from] item: Weakness Policy
|-boost|p1a: Zekrom|spa|2|[from] item: Weakness Policy
|
|-heal|p2a: Quagsire|70/100|[from] item: Leftovers
|-damage|p1a: Zekrom|52/100 tox|[from] psn
|upkeep
|turn|17
|
|t:|1621284063
|move|p2a: Quagsire|Max Guard|p2a: Quagsire
|-singleturn|p2a: Quagsire|Max Guard
|move|p1a: Zekrom|Max Wyrmwind|p2a: Quagsire
|-activate|p2a: Quagsire|move: Max Guard
|
|-heal|p2a: Quagsire|73/100|[from] item: Leftovers
|-damage|p1a: Zekrom|39/100 tox|[from] psn
|upkeep
|turn|18
|
|t:|1621284069
|move|p1a: Zekrom|Max Wyrmwind|p2a: Quagsire
|-damage|p2a: Quagsire|17/100
|-unboost|p2a: Quagsire|atk|1
|move|p2a: Quagsire|Max Quake|p1a: Zekrom
|-supereffective|p1a: Zekrom
|-damage|p1a: Zekrom|25/100 tox
|-boost|p2a: Quagsire|spd|1
|
|-heal|p2a: Quagsire|20/100|[from] item: Leftovers
|-damage|p1a: Zekrom|9/100 tox|[from] psn
|-end|p1a: Zekrom|Dynamax
|-heal|p1a: Zekrom|9/100 tox|[silent]
|-end|p2a: Quagsire|Dynamax
|-heal|p2a: Quagsire|20/100|[silent]
|upkeep
|turn|19
|c|☆alwaysrinse|dragon move
|c|☆Mak the ZekLord|Who said quag can't get killed by a physical attacker lol
|
|t:|1621284098
|move|p1a: Zekrom|Dragon Claw|p2a: Quagsire
|-damage|p2a: Quagsire|0 fnt
|faint|p2a: Quagsire
|
|-damage|p1a: Zekrom|0 fnt|[from] psn
|faint|p1a: Zekrom
|upkeep
|
|t:|1621284110
|switch|p1a: Xerneas|Xerneas|88/100 tox
|switch|p2a: Sableye|Sableye, F|100/100
|-ability|p1a: Xerneas|Fairy Aura
|turn|20
|j| 9ln88crgvd6y5h.ak
|
|t:|1621284118
|switch|p2a: Chansey|Chansey, F|100/100
|move|p1a: Xerneas|Geomancy||[still]
|-prepare|p1a: Xerneas|Geomancy
|-enditem|p1a: Xerneas|Power Herb
|-anim|p1a: Xerneas|Geomancy|p1a: Xerneas
|-boost|p1a: Xerneas|spa|2
|-boost|p1a: Xerneas|spd|2
|-boost|p1a: Xerneas|spe|2
|
|-damage|p1a: Xerneas|82/100 tox|[from] psn
|upkeep
|turn|21
|c|☆alwaysrinse|lol
|
|t:|1621284125
|move|p1a: Xerneas|Thunder|p2a: Chansey|[miss]
|-miss|p1a: Xerneas|p2a: Chansey
|move|p2a: Chansey|Confide|p1a: Xerneas
|-unboost|p1a: Xerneas|spa|1
|
|-damage|p1a: Xerneas|70/100 tox|[from] psn
|upkeep
|turn|22
|
|t:|1621284128
|move|p1a: Xerneas|Thunder|p2a: Chansey|[miss]
|-miss|p1a: Xerneas|p2a: Chansey
|move|p2a: Chansey|Heal Bell|p2a: Chansey
|-activate|p2a: Chansey|move: Heal Bell
|-curestatus|p2: Lugia|par|[msg]
|
|-damage|p1a: Xerneas|52/100 tox|[from] psn
|upkeep
|turn|23
|
|t:|1621284136
|move|p1a: Xerneas|Thunder|p2a: Chansey
|-damage|p2a: Chansey|85/100
|move|p2a: Chansey|Confide|p1a: Xerneas
|-unboost|p1a: Xerneas|spa|1
|
|-damage|p1a: Xerneas|27/100 tox|[from] psn
|upkeep
|turn|24
|
|t:|1621284142
|move|p1a: Xerneas|Thunder|p2a: Chansey
|-damage|p2a: Chansey|74/100
|move|p2a: Chansey|Soft-Boiled|p2a: Chansey
|-heal|p2a: Chansey|100/100
|
|-damage|p1a: Xerneas|0 fnt|[from] psn
|faint|p1a: Xerneas
|upkeep
|c|☆alwaysrinse|ll
|c|☆Mak the ZekLord|Fishing for parahax dats why
|
|t:|1621284164
|switch|p1a: Arceus|Arceus-Ground|100/100
|turn|25
|
|t:|1621284170
|switch|p2a: Giratina|Giratina|100/100
|-ability|p2a: Giratina|Pressure
|move|p1a: Arceus|Swords Dance|p1a: Arceus
|-boost|p1a: Arceus|atk|2
|
|upkeep
|turn|26
|
|t:|1621284174
|move|p1a: Arceus|Earthquake|p2a: Giratina
|-damage|p2a: Giratina|45/100
|move|p2a: Giratina|Will-O-Wisp|p1a: Arceus|[miss]
|-miss|p2a: Giratina|p1a: Arceus
|
|-heal|p2a: Giratina|51/100|[from] item: Leftovers
|upkeep
|turn|27
|c|☆alwaysrinse|NOOOO
|c|☆Mak the ZekLord|:D
|c|☆Mak the ZekLord|Yippppeeeee
|
|t:|1621284189
|switch|p2a: Lugia|Lugia|65/100
|move|p1a: Arceus|Earthquake|p2a: Lugia
|-immune|p2a: Lugia
|
|upkeep
|turn|28
|
|t:|1621284196
|move|p1a: Arceus|Stone Edge|p2a: Lugia
|-supereffective|p2a: Lugia
|-damage|p2a: Lugia|0 fnt
|faint|p2a: Lugia
|
|upkeep
|
|t:|1621284199
|switch|p2a: Sableye|Sableye, F|100/100
|turn|29
|
|t:|1621284203
|move|p2a: Sableye|Will-O-Wisp|p1a: Arceus
|-status|p1a: Arceus|brn
|move|p1a: Arceus|Earthquake|p2a: Sableye
|-damage|p2a: Sableye|42/100
|
|-damage|p1a: Arceus|94/100 brn|[from] brn
|upkeep
|turn|30
|c|☆Mak the ZekLord|Sd exist (swords dance)
|
|t:|1621284226
|detailschange|p2a: Sableye|Sableye-Mega, F
|-mega|p2a: Sableye|Sableye|Sablenite
|move|p1a: Arceus|Earthquake|p2a: Sableye
|-damage|p2a: Sableye|0 fnt
|faint|p2a: Sableye
|
|-damage|p1a: Arceus|88/100 brn|[from] brn
|upkeep
|
|t:|1621284233
|switch|p2a: Giratina|Giratina|51/100
|-ability|p2a: Giratina|Pressure
|turn|31
|
|t:|1621284237
|move|p1a: Arceus|Swords Dance|p1a: Arceus
|-boost|p1a: Arceus|atk|2
|move|p2a: Giratina|Hex|p1a: Arceus
|-damage|p1a: Arceus|57/100 brn
|
|-heal|p2a: Giratina|57/100|[from] item: Leftovers
|-damage|p1a: Arceus|51/100 brn|[from] brn
|upkeep
|turn|32
|
|t:|1621284245
|move|p1a: Arceus|Earthquake|p2a: Giratina
|-crit|p2a: Giratina
|-damage|p2a: Giratina|0 fnt
|faint|p2a: Giratina
|
|-damage|p1a: Arceus|45/100 brn|[from] brn
|upkeep
|
|t:|1621284249
|switch|p2a: Chansey|Chansey, F|100/100
|turn|33
|c|☆alwaysrinse|crit
|
|t:|1621284251
|move|p1a: Arceus|Earthquake|p2a: Chansey
|-damage|p2a: Chansey|29/100
|move|p2a: Chansey|Soft-Boiled|p2a: Chansey
|-heal|p2a: Chansey|79/100
|
|-damage|p1a: Arceus|39/100 brn|[from] brn
|upkeep
|turn|34
|c|☆alwaysrinse|huge hax
|c|☆Mak the ZekLord|I was gonna forfiet too If I won
|
|t:|1621284278
|move|p1a: Arceus|Earthquake|p2a: Chansey
|-damage|p2a: Chansey|11/100
|move|p2a: Chansey|Soft-Boiled|p2a: Chansey
|-heal|p2a: Chansey|61/100
|
|-damage|p1a: Arceus|33/100 brn|[from] brn
|upkeep
|turn|35
|c|☆alwaysrinse|forfeit
|c|☆alwaysrinse|yeah
|c|☆alwaysrinse|forfeit
|c|☆Mak the ZekLord|When I'm at 1800, then I will
|inactive|alwaysrinse has 120 seconds left.
|
|t:|1621284310
|move|p1a: Arceus|Earthquake|p2a: Chansey
|-damage|p2a: Chansey|0 fnt
|faint|p2a: Chansey
|
|win|Mak the ZekLord
|raw|Mak the ZekLord's rating: 1787 &rarr; <strong>1813</strong><br />(+26 for winning)
|raw|alwaysrinse's rating: 1895 &rarr; <strong>1869</strong><br />(-26 for losing)
|c|☆alwaysrinse|I wanna get 1900
|c|☆Mak the ZekLord|Well, wish u luck on reaching 1900 with it
|c|☆Mak the ZekLord|Imma do ou stuff
||Ladder isn't responding, score probably updated but might not have (Request timeout).
|l|☆alwaysrinse
