|j|☆harsh634
|j|☆rajof
|t:|1667017708
|gametype|singles
|player|p1|harsh634|red|1778
|player|p2|rajof|youngster-gen4dp|2021
|teamsize|p1|6
|teamsize|p2|6
|gen|8
|tier|[Gen 8] National Dex AG
|rated|
|rule|HP Percentage Mod: HP is shown in percentages
|rule|Endless Battle Clause: Forcing endless battles is banned
|clearpoke
|poke|p1|Mewtwo|
|poke|p1|Tyranitar, F|
|poke|p1|Ferrothorn, F|
|poke|p1|Ho-Oh|
|poke|p1|Arceus-*|
|poke|p1|Ditto|
|poke|p2|Arceus-*|
|poke|p2|Ditto|
|poke|p2|Chansey, F|
|poke|p2|Lugia|
|poke|p2|Groudon|
|poke|p2|Arceus-*|
|teampreview
|inactive|Battle timer is ON: inactive players will automatically lose when time's up. (requested by harsh634)
|c|☆harsh634|OMG
|c|☆harsh634|2021
|c|☆harsh634|JUST ONE MORE
|c|☆harsh634|FOR 2022
|
|t:|1667017729
|start
|switch|p1a: Arceus|Arceus-Ground|100/100
|switch|p2a: 루기아|Lugia|100/100
|turn|1
|j| Shade Master 101
|
|t:|1667017736
|switch|p1a: Tyranitar|Tyranitar, F|100/100
|-weather|Sandstorm|[from] ability: Sand Stream|[of] p1a: Tyranitar
|move|p2a: 루기아|Toxic|p1a: Tyranitar
|-status|p1a: Tyranitar|tox
|
|-weather|Sandstorm|[upkeep]
|-damage|p2a: 루기아|94/100|[from] Sandstorm
|-damage|p1a: Tyranitar|94/100 tox|[from] psn
|upkeep
|turn|2
|
|t:|1667017740
|detailschange|p1a: Tyranitar|Tyranitar-Mega, F
|-mega|p1a: Tyranitar|Tyranitar|Tyranitarite
|move|p2a: 루기아|Roost|p2a: 루기아
|-heal|p2a: 루기아|100/100
|-singleturn|p2a: 루기아|move: Roost
|move|p1a: Tyranitar|Stealth Rock|p2a: 루기아
|-sidestart|p2: rajof|move: Stealth Rock
|
|-weather|Sandstorm|[upkeep]
|-damage|p2a: 루기아|94/100|[from] Sandstorm
|-damage|p1a: Tyranitar|82/100 tox|[from] psn
|upkeep
|turn|3
|
|t:|1667017744
|switch|p1a: Ho-Oh|Ho-Oh|100/100
|move|p2a: 루기아|Defog|p1a: Ho-Oh
|-unboost|p1a: Ho-Oh|evasion|1
|-sideend|p2: rajof|Stealth Rock|[from] move: Defog|[of] p2a: 루기아
|
|-weather|Sandstorm|[upkeep]
|-damage|p2a: 루기아|88/100|[from] Sandstorm
|-damage|p1a: Ho-Oh|94/100|[from] Sandstorm
|upkeep
|turn|4
|c| Shade Master 101|???
|c|☆harsh634|huh
|c| Shade Master 101|for 2022 wins?
|c|☆harsh634|no
|c|☆harsh634|for 2022 rating
|c| Shade Master 101|HOLY MOTHER
|inactive|rajof has 120 seconds left.
|
|t:|1667017776
|move|p2a: 루기아|Toxic|p1a: Ho-Oh
|-status|p1a: Ho-Oh|tox
|move|p1a: Ho-Oh|Toxic|p2a: 루기아
|-status|p2a: 루기아|tox
|
|-weather|Sandstorm|[upkeep]
|-damage|p2a: 루기아|82/100 tox|[from] Sandstorm
|-damage|p1a: Ho-Oh|88/100 tox|[from] Sandstorm
|-damage|p2a: 루기아|75/100 tox|[from] psn
|-damage|p1a: Ho-Oh|82/100 tox|[from] psn
|upkeep
|turn|5
|c| Shade Master 101|GL BRO
|
|t:|1667017790
|switch|p2a: 그란돈|Groudon|100/100
|detailschange|p2a: 그란돈|Groudon-Primal
|-primal|p2a: 그란돈
|-weather|DesolateLand|[from] ability: Desolate Land|[of] p2a: 그란돈
|switch|p1a: Ferrothorn|Ferrothorn, F|100/100
|
|-weather|DesolateLand|[upkeep]
|upkeep
|turn|6
|c|☆harsh634|u2
|
|t:|1667017804
|switch|p1a: Arceus|Arceus-Ground|100/100
|move|p2a: 그란돈|Rock Tomb|p1a: Arceus|[miss]
|-miss|p2a: 그란돈|p1a: Arceus
|
|-weather|DesolateLand|[upkeep]
|upkeep
|turn|7
|c| Shade Master 101|wait, so like 2022 in the ranks or something?
|
|t:|1667017810
|-weather|none
|switch|p2a: 악르세우스|Arceus-Dark|100/100
|move|p1a: Arceus|Ice Beam|p2a: 악르세우스
|-damage|p2a: 악르세우스|85/100
|
|upkeep
|turn|8
|c|☆harsh634|no
|c| Shade Master 101|then what?
|c|☆harsh634|its 2022
|c|☆harsh634|so
|c|☆harsh634|2022 rating will be nice
|inactive|harsh634 has 120 seconds left.
|c| Shade Master 101|neat
|c|☆harsh634|and u have 2021
|c|☆harsh634|so just one more
|c|☆harsh634|hmm
|c|☆harsh634|whirlpool + perish song
|inactive|harsh634 has 90 seconds left.
|
|t:|1667017871
|move|p2a: 악르세우스|Calm Mind|p2a: 악르세우스
|-boost|p2a: 악르세우스|spa|1
|-boost|p2a: 악르세우스|spd|1
|move|p1a: Arceus|Judgment|p2a: 악르세우스
|-damage|p2a: 악르세우스|65/100
|
|upkeep
|turn|9
|
|t:|1667017879
|switch|p1a: Ho-Oh|Ho-Oh|100/100 tox
|move|p2a: 악르세우스|Recover|p2a: 악르세우스
|-heal|p2a: 악르세우스|100/100
|
|-damage|p1a: Ho-Oh|94/100 tox|[from] psn
|upkeep
|turn|10
|c|☆harsh634|i just hate arceus dark
|
|t:|1667017888
|move|p2a: 악르세우스|Judgment|p1a: Ho-Oh
|-damage|p1a: Ho-Oh|58/100 tox
|move|p1a: Ho-Oh|Whirlwind|p2a: 악르세우스
|drag|p2a: 그란돈|Groudon-Primal|100/100
|-weather|DesolateLand|[from] ability: Desolate Land|[of] p2a: 그란돈
|
|-weather|DesolateLand|[upkeep]
|-damage|p1a: Ho-Oh|46/100 tox|[from] psn
|upkeep
|turn|11
|
|t:|1667017897
|switch|p1a: Arceus|Arceus-Ground|100/100
|move|p2a: 그란돈|Rock Tomb|p1a: Arceus|[miss]
|-miss|p2a: 그란돈|p1a: Arceus
|
|-weather|DesolateLand|[upkeep]
|upkeep
|turn|12
|inactive|harsh634 has 120 seconds left.
|c|☆harsh634|im so sorry
|c|☆harsh634|1 in 400
|c|☆harsh634|of missing 2 times
|c| Shade Master 101|u on about that? I hate all kinds of arceus
|
|t:|1667017920
|-weather|none
|switch|p2a: 악르세우스|Arceus-Dark|100/100
|move|p1a: Arceus|Judgment|p2a: 악르세우스
|-damage|p2a: 악르세우스|67/100
|
|upkeep
|turn|13
|c|☆harsh634|oh
|c| Shade Master 101|especially if u have a niche buster team lol
|c|☆harsh634|then why do u use it
|c| Shade Master 101|for funsies
|c|☆harsh634|lol
|
|t:|1667017940
|switch|p2a: 그란돈|Groudon-Primal|100/100
|-weather|DesolateLand|[from] ability: Desolate Land|[of] p2a: 그란돈
|switch|p1a: Ferrothorn|Ferrothorn, F|100/100
|
|-weather|DesolateLand|[upkeep]
|upkeep
|turn|14
|
|t:|1667017947
|move|p2a: 그란돈|Fire Punch|p1a: Ferrothorn
|-supereffective|p1a: Ferrothorn
|-damage|p1a: Ferrothorn|0 fnt
|-damage|p2a: 그란돈|88/100|[from] ability: Iron Barbs|[of] p1a: Ferrothorn
|faint|p1a: Ferrothorn
|
|-weather|DesolateLand|[upkeep]
|upkeep
|
|t:|1667017952
|switch|p1a: Tyranitar|Tyranitar-Mega, F|82/100 tox
|-ability|p1a: Tyranitar|Sand Stream|[from] desolateland|[fail]
|turn|15
|
|t:|1667017957
|move|p2a: 그란돈|Precipice Blades|p1a: Tyranitar|[miss]
|-miss|p2a: 그란돈|p1a: Tyranitar
|move|p1a: Tyranitar|Stealth Rock|p2a: 그란돈
|-sidestart|p2: rajof|move: Stealth Rock
|
|-weather|DesolateLand|[upkeep]
|-damage|p1a: Tyranitar|76/100 tox|[from] psn
|upkeep
|turn|16
|c| Shade Master 101|trust me, no one, NO ONE likes to see an eevee, or worse, cottonee
|inactive|harsh634 has 120 seconds left.
|c|☆harsh634|im fine with both
|
|t:|1667017977
|move|p2a: 그란돈|Rock Tomb|p1a: Tyranitar
|-damage|p1a: Tyranitar|58/100 tox
|-unboost|p1a: Tyranitar|spe|1
|move|p1a: Tyranitar|Stone Edge|p2a: 그란돈|[miss]
|-miss|p1a: Tyranitar|p2a: 그란돈
|
|-weather|DesolateLand|[upkeep]
|-damage|p1a: Tyranitar|45/100 tox|[from] psn
|upkeep
|turn|17
|inactive|harsh634 has 120 seconds left.
|
|t:|1667017985
|switch|p1a: Arceus|Arceus-Ground|100/100
|move|p2a: 그란돈|Precipice Blades|p1a: Arceus|[miss]
|-miss|p2a: 그란돈|p1a: Arceus
|
|-weather|DesolateLand|[upkeep]
|upkeep
|turn|18
|c| Shade Master 101|makes sense, considering u have ttar and whirlwind
|c|☆harsh634|yes
|
|t:|1667017995
|switch|p1a: Mewtwo|Mewtwo|100/100
|-ability|p1a: Mewtwo|Unnerve
|-weather|none
|switch|p2a: 럭키|Chansey, F|100/100
|-damage|p2a: 럭키|88/100|[from] Stealth Rock
|
|upkeep
|turn|19
|
|t:|1667018004
|move|p1a: Mewtwo|Nasty Plot|p1a: Mewtwo
|-boost|p1a: Mewtwo|spa|2
|move|p2a: 럭키|Toxic|p1a: Mewtwo
|-status|p1a: Mewtwo|tox
|
|-damage|p1a: Mewtwo|94/100 tox|[from] psn
|upkeep
|turn|20
|c|☆harsh634|bruh
|c| Shade Master 101|ngl, that's a good team u have
|
|t:|1667018011
|move|p1a: Mewtwo|Psystrike|p2a: 럭키
|-damage|p2a: 럭키|0 fnt
|faint|p2a: 럭키
|-damage|p1a: Mewtwo|84/100 tox|[from] item: Life Orb
|
|-damage|p1a: Mewtwo|72/100 tox|[from] psn
|upkeep
|
|t:|1667018015
|switch|p2a: 메타몽|Ditto|100/100
|-damage|p2a: 메타몽|88/100|[from] Stealth Rock
|-transform|p2a: 메타몽|p1a: Mewtwo|[from] ability: Imposter
|-ability|p2a: 메타몽|Unnerve
|turn|21
|c|☆harsh634|actually
|c|☆harsh634|it is one of the sample teams
|
|t:|1667018029
|switch|p2a: 루기아|Lugia|75/100 tox
|-damage|p2a: 루기아|50/100 tox|[from] Stealth Rock
|switch|p1a: Tyranitar|Tyranitar-Mega, F|45/100 tox
|-weather|Sandstorm|[from] ability: Sand Stream|[of] p1a: Tyranitar
|
|-weather|Sandstorm|[upkeep]
|-damage|p2a: 루기아|44/100 tox|[from] Sandstorm
|-damage|p2a: 루기아|38/100 tox|[from] psn
|-damage|p1a: Tyranitar|39/100 tox|[from] psn
|upkeep
|turn|22
|c| Shade Master 101|not a big fan of the ditto, but still, good nonetheless
|c| Shade Master 101|wait but?
|c| Shade Master 101|WUT?
|
|t:|1667018038
|move|p2a: 루기아|Roost|p2a: 루기아
|-heal|p2a: 루기아|88/100 tox
|-singleturn|p2a: 루기아|move: Roost
|move|p1a: Tyranitar|Rest|p1a: Tyranitar
|-status|p1a: Tyranitar|slp|[from] move: Rest
|-heal|p1a: Tyranitar|100/100 slp|[silent]
|
|-weather|Sandstorm|[upkeep]
|-damage|p2a: 루기아|82/100 tox|[from] Sandstorm
|-damage|p2a: 루기아|69/100 tox|[from] psn
|upkeep
|turn|23
|c| Shade Master 101|god autocorrect sucks balls
|c|☆harsh634|lol
|
|t:|1667018058
|switch|p1a: Mewtwo|Mewtwo|72/100 tox
|-ability|p1a: Mewtwo|Unnerve
|move|p2a: 루기아|Defog|p1a: Mewtwo
|-unboost|p1a: Mewtwo|evasion|1
|-sideend|p2: rajof|Stealth Rock|[from] move: Defog|[of] p2a: 루기아
|
|-weather|Sandstorm|[upkeep]
|-damage|p1a: Mewtwo|66/100 tox|[from] Sandstorm
|-damage|p2a: 루기아|63/100 tox|[from] Sandstorm
|-damage|p1a: Mewtwo|60/100 tox|[from] psn
|-damage|p2a: 루기아|44/100 tox|[from] psn
|upkeep
|turn|24
|
|t:|1667018065
|switch|p2a: 악르세우스|Arceus-Dark|67/100
|-start|p1a: Mewtwo|Dynamax|
|-heal|p1a: Mewtwo|60/100 tox|[silent]
|move|p1a: Mewtwo|Max Airstream|p2a: 악르세우스
|-damage|p2a: 악르세우스|22/100
|-boost|p1a: Mewtwo|spe|1
|-damage|p1a: Mewtwo|55/100 tox|[from] item: Life Orb
|
|-weather|Sandstorm|[upkeep]
|-damage|p1a: Mewtwo|51/100 tox|[from] Sandstorm
|-damage|p2a: 악르세우스|16/100|[from] Sandstorm
|-damage|p1a: Mewtwo|45/100 tox|[from] psn
|upkeep
|turn|25
|
|t:|1667018076
|switch|p2a: 아르세우스|Arceus-Fairy|100/100
|move|p1a: Mewtwo|Max Flare|p2a: 아르세우스
|-damage|p2a: 아르세우스|51/100
|-weather|SunnyDay
|-damage|p1a: Mewtwo|40/100 tox|[from] item: Life Orb
|
|-weather|SunnyDay|[upkeep]
|-damage|p1a: Mewtwo|31/100 tox|[from] psn
|upkeep
|turn|26
|
|t:|1667018086
|switch|p2a: 루기아|Lugia|44/100 tox
|move|p1a: Mewtwo|Max Mindstorm|p2a: 루기아
|-resisted|p2a: 루기아
|-damage|p2a: 루기아|15/100 tox
|-fieldstart|move: Psychic Terrain
|-damage|p1a: Mewtwo|26/100 tox|[from] item: Life Orb
|
|-weather|SunnyDay|[upkeep]
|-damage|p1a: Mewtwo|14/100 tox|[from] psn
|-damage|p2a: 루기아|9/100 tox|[from] psn
|upkeep
|-end|p1a: Mewtwo|Dynamax
|-heal|p1a: Mewtwo|14/100 tox|[silent]
|turn|27
|c|☆harsh634|nice
|
|t:|1667018101
|move|p1a: Mewtwo|Fire Blast|p2a: 루기아
|-damage|p2a: 루기아|0 fnt
|faint|p2a: 루기아
|-damage|p1a: Mewtwo|4/100 tox|[from] item: Life Orb
|
|-weather|SunnyDay|[upkeep]
|-damage|p1a: Mewtwo|0 fnt|[from] psn
|faint|p1a: Mewtwo
|upkeep
|c|☆harsh634|ok
|
|t:|1667018118
|switch|p1a: Ho-Oh|Ho-Oh|79/100 tox
|switch|p2a: 악르세우스|Arceus-Dark|16/100
|turn|28
|
|t:|1667018123
|move|p2a: 악르세우스|Recover|p2a: 악르세우스
|-heal|p2a: 악르세우스|66/100
|move|p1a: Ho-Oh|Sacred Fire|p2a: 악르세우스
|-damage|p2a: 악르세우스|21/100
|
|-weather|SunnyDay|[upkeep]
|-damage|p1a: Ho-Oh|73/100 tox|[from] psn
|upkeep
|turn|29
|
|t:|1667018129
|move|p2a: 악르세우스|Recover|p2a: 악르세우스
|-heal|p2a: 악르세우스|71/100
|move|p1a: Ho-Oh|Toxic|p2a: 악르세우스
|-status|p2a: 악르세우스|tox
|
|-weather|none
|-damage|p2a: 악르세우스|65/100 tox|[from] psn
|-damage|p1a: Ho-Oh|61/100 tox|[from] psn
|upkeep
|turn|30
|
|t:|1667018134
|switch|p1a: Tyranitar|Tyranitar-Mega, F|100/100 slp
|-weather|Sandstorm|[from] ability: Sand Stream|[of] p1a: Tyranitar
|move|p2a: 악르세우스|Refresh|p2a: 악르세우스
|-curestatus|p2a: 악르세우스|tox|[msg]
|
|-weather|Sandstorm|[upkeep]
|-damage|p2a: 악르세우스|58/100|[from] Sandstorm
|-fieldend|move: Psychic Terrain
|upkeep
|turn|31
|c|☆harsh634|oh
|c|☆harsh634|31pp
|
|t:|1667018148
|switch|p1a: Ho-Oh|Ho-Oh|94/100 tox
|move|p2a: 악르세우스|Recover|p2a: 악르세우스
|-heal|p2a: 악르세우스|100/100
|
|-weather|Sandstorm|[upkeep]
|-damage|p2a: 악르세우스|94/100|[from] Sandstorm
|-damage|p1a: Ho-Oh|88/100 tox|[from] Sandstorm
|-damage|p1a: Ho-Oh|82/100 tox|[from] psn
|upkeep
|turn|32
|
|t:|1667018153
|move|p2a: 악르세우스|Judgment|p1a: Ho-Oh
|-damage|p1a: Ho-Oh|57/100 tox
|move|p1a: Ho-Oh|Whirlwind|p2a: 악르세우스
|drag|p2a: 메타몽|Ditto|88/100
|-transform|p2a: 메타몽|p1a: Ho-Oh|[from] ability: Imposter
|
|-weather|Sandstorm|[upkeep]
|-damage|p2a: 메타몽|82/100|[from] Sandstorm
|-damage|p1a: Ho-Oh|51/100 tox|[from] Sandstorm
|-damage|p1a: Ho-Oh|39/100 tox|[from] psn
|upkeep
|turn|33
|
|t:|1667018162
|switch|p2a: 악르세우스|Arceus-Dark|94/100
|move|p1a: Ho-Oh|Toxic|p2a: 악르세우스
|-status|p2a: 악르세우스|tox
|
|-weather|Sandstorm|[upkeep]
|-damage|p2a: 악르세우스|88/100 tox|[from] Sandstorm
|-damage|p1a: Ho-Oh|33/100 tox|[from] Sandstorm
|-damage|p2a: 악르세우스|82/100 tox|[from] psn
|-damage|p1a: Ho-Oh|14/100 tox|[from] psn
|upkeep
|turn|34
|
|t:|1667018166
|switch|p1a: Tyranitar|Tyranitar-Mega, F|100/100 slp
|move|p2a: 악르세우스|Refresh|p2a: 악르세우스
|-curestatus|p2a: 악르세우스|tox|[msg]
|
|-weather|none
|upkeep
|turn|35
|c|☆harsh634|bro how does anyone win against calm mind arceus dark
|inactive|harsh634 has 120 seconds left.
|c|☆harsh634|i have lost to EVERY SINGLE CALM MIND ARCEUS DARK
|
|t:|1667018216
|switch|p2a: 그란돈|Groudon-Primal|88/100
|-weather|DesolateLand|[from] ability: Desolate Land|[of] p2a: 그란돈
|cant|p1a: Tyranitar|slp
|
|-weather|DesolateLand|[upkeep]
|upkeep
|turn|36
|
|t:|1667018222
|switch|p1a: Arceus|Arceus-Ground|100/100
|move|p2a: 그란돈|Precipice Blades|p1a: Arceus|[miss]
|-miss|p2a: 그란돈|p1a: Arceus
|
|-weather|DesolateLand|[upkeep]
|upkeep
|turn|37
|inactive|harsh634 has 120 seconds left.
|c|☆harsh634|im so sorry
|
|t:|1667018232
|switch|p1a: Ho-Oh|Ho-Oh|48/100 tox
|-weather|none
|switch|p2a: 악르세우스|Arceus-Dark|82/100
|
|-damage|p1a: Ho-Oh|42/100 tox|[from] psn
|upkeep
|turn|38
|inactive|harsh634 has 120 seconds left.
|
|t:|1667018241
|switch|p1a: Arceus|Arceus-Ground|100/100
|move|p2a: 악르세우스|Judgment|p1a: Arceus
|-damage|p1a: Arceus|67/100
|
|upkeep
|turn|39
|
|t:|1667018249
|move|p2a: 악르세우스|Judgment|p1a: Arceus
|-damage|p1a: Arceus|35/100
|move|p1a: Arceus|Judgment|p2a: 악르세우스
|-damage|p2a: 악르세우스|52/100
|
|upkeep
|turn|40
|
|t:|1667018256
|move|p2a: 악르세우스|Recover|p2a: 악르세우스
|-heal|p2a: 악르세우스|100/100
|move|p1a: Arceus|Recover|p1a: Arceus
|-heal|p1a: Arceus|85/100
|
|upkeep
|turn|41
|
|t:|1667018262
|switch|p1a: Tyranitar|Tyranitar-Mega, F|100/100 slp
|-weather|Sandstorm|[from] ability: Sand Stream|[of] p1a: Tyranitar
|move|p2a: 악르세우스|Calm Mind|p2a: 악르세우스
|-boost|p2a: 악르세우스|spa|1
|-boost|p2a: 악르세우스|spd|1
|
|-weather|Sandstorm|[upkeep]
|-damage|p2a: 악르세우스|94/100|[from] Sandstorm
|upkeep
|turn|42
|c| Shade Master 101|hmm
|
|t:|1667018276
|switch|p2a: 아르세우스|Arceus-Fairy|51/100
|switch|p1a: Ho-Oh|Ho-Oh|75/100 tox
|
|-weather|Sandstorm|[upkeep]
|-damage|p2a: 아르세우스|45/100|[from] Sandstorm
|-damage|p1a: Ho-Oh|69/100 tox|[from] Sandstorm
|-damage|p1a: Ho-Oh|63/100 tox|[from] psn
|upkeep
|turn|43
|c| Shade Master 101|I have an idea
|
|t:|1667018284
|switch|p2a: 악르세우스|Arceus-Dark|94/100
|move|p1a: Ho-Oh|Toxic|p2a: 악르세우스
|-status|p2a: 악르세우스|tox
|
|-weather|Sandstorm|[upkeep]
|-damage|p2a: 악르세우스|88/100 tox|[from] Sandstorm
|-damage|p1a: Ho-Oh|57/100 tox|[from] Sandstorm
|-damage|p2a: 악르세우스|82/100 tox|[from] psn
|-damage|p1a: Ho-Oh|45/100 tox|[from] psn
|upkeep
|turn|44
|c| Shade Master 101|maybe bulk up close combat maybe??
|
|t:|1667018288
|move|p2a: 악르세우스|Refresh|p2a: 악르세우스
|-curestatus|p2a: 악르세우스|tox|[msg]
|move|p1a: Ho-Oh|Whirlwind|p2a: 악르세우스
|drag|p2a: 메타몽|Ditto|100/100
|-transform|p2a: 메타몽|p1a: Ho-Oh|[from] ability: Imposter
|
|-weather|Sandstorm|[upkeep]
|-damage|p2a: 메타몽|94/100|[from] Sandstorm
|-damage|p1a: Ho-Oh|39/100 tox|[from] Sandstorm
|-damage|p1a: Ho-Oh|21/100 tox|[from] psn
|upkeep
|turn|45
|
|t:|1667018296
|switch|p2a: 아르세우스|Arceus-Fairy|45/100
|switch|p1a: Tyranitar|Tyranitar-Mega, F|100/100 slp
|
|-weather|none
|upkeep
|turn|46
|c| Shade Master 101|sorry, jus thinking of ways to get around stuff
|
|t:|1667018307
|switch|p1a: Ho-Oh|Ho-Oh|54/100 tox
|move|p2a: 아르세우스|Recover|p2a: 아르세우스
|-heal|p2a: 아르세우스|95/100
|
|-damage|p1a: Ho-Oh|48/100 tox|[from] psn
|upkeep
|turn|47
|
|t:|1667018314
|switch|p2a: 악르세우스|Arceus-Dark|82/100
|switch|p1a: Tyranitar|Tyranitar-Mega, F|100/100 slp
|-weather|Sandstorm|[from] ability: Sand Stream|[of] p1a: Tyranitar
|
|-weather|Sandstorm|[upkeep]
|-damage|p2a: 악르세우스|76/100|[from] Sandstorm
|upkeep
|turn|48
|
|t:|1667018324
|switch|p2a: 그란돈|Groudon-Primal|88/100
|-weather|DesolateLand|[from] ability: Desolate Land|[of] p2a: 그란돈
|cant|p1a: Tyranitar|slp
|
|-weather|DesolateLand|[upkeep]
|upkeep
|turn|49
|
|t:|1667018329
|switch|p1a: Arceus|Arceus-Ground|85/100
|move|p2a: 그란돈|Precipice Blades|p1a: Arceus|[miss]
|-miss|p2a: 그란돈|p1a: Arceus
|
|-weather|DesolateLand|[upkeep]
|upkeep
|turn|50
|c|☆harsh634|im so sorry
|
|t:|1667018347
|-weather|none
|switch|p2a: 악르세우스|Arceus-Dark|76/100
|move|p1a: Arceus|Judgment|p2a: 악르세우스
|-damage|p2a: 악르세우스|42/100
|
|upkeep
|turn|51
|
|t:|1667018354
|move|p2a: 악르세우스|Recover|p2a: 악르세우스
|-heal|p2a: 악르세우스|92/100
|move|p1a: Arceus|Judgment|p2a: 악르세우스
|-damage|p2a: 악르세우스|58/100
|
|upkeep
|turn|52
|
|t:|1667018361
|move|p2a: 악르세우스|Calm Mind|p2a: 악르세우스
|-boost|p2a: 악르세우스|spa|1
|-boost|p2a: 악르세우스|spd|1
|move|p1a: Arceus|Ice Beam|p2a: 악르세우스
|-damage|p2a: 악르세우스|46/100
|
|upkeep
|turn|53
|
|t:|1667018382
|move|p2a: 악르세우스|Recover|p2a: 악르세우스
|-heal|p2a: 악르세우스|96/100
|move|p1a: Arceus|Ice Beam|p2a: 악르세우스
|-damage|p2a: 악르세우스|85/100
|
|upkeep
|turn|54
|
|t:|1667018387
|move|p2a: 악르세우스|Calm Mind|p2a: 악르세우스
|-boost|p2a: 악르세우스|spa|1
|-boost|p2a: 악르세우스|spd|1
|move|p1a: Arceus|Ice Beam|p2a: 악르세우스
|-damage|p2a: 악르세우스|77/100
|
|upkeep
|turn|55
|
|t:|1667018393
|move|p2a: 악르세우스|Judgment|p1a: Arceus
|-damage|p1a: Arceus|24/100
|move|p1a: Arceus|Ice Beam|p2a: 악르세우스
|-damage|p2a: 악르세우스|69/100
|
|upkeep
|turn|56
|
|t:|1667018399
|switch|p1a: Tyranitar|Tyranitar-Mega, F|100/100 slp
|-weather|Sandstorm|[from] ability: Sand Stream|[of] p1a: Tyranitar
|move|p2a: 악르세우스|Judgment|p1a: Tyranitar
|-resisted|p1a: Tyranitar
|-damage|p1a: Tyranitar|82/100 slp
|
|-weather|Sandstorm|[upkeep]
|-damage|p2a: 악르세우스|62/100|[from] Sandstorm
|upkeep
|turn|57
|
|t:|1667018408
|move|p2a: 악르세우스|Recover|p2a: 악르세우스
|-heal|p2a: 악르세우스|100/100
|-curestatus|p1a: Tyranitar|slp|[msg]
|move|p1a: Tyranitar|Stone Edge|p2a: 악르세우스
|-crit|p2a: 악르세우스
|-damage|p2a: 악르세우스|52/100
|
|-weather|Sandstorm|[upkeep]
|-damage|p2a: 악르세우스|46/100|[from] Sandstorm
|upkeep
|turn|58
|
|t:|1667018416
|switch|p1a: Ho-Oh|Ho-Oh|81/100 tox
|move|p2a: 악르세우스|Recover|p2a: 악르세우스
|-heal|p2a: 악르세우스|96/100
|
|-weather|Sandstorm|[upkeep]
|-damage|p2a: 악르세우스|90/100|[from] Sandstorm
|-damage|p1a: Ho-Oh|75/100 tox|[from] Sandstorm
|-damage|p1a: Ho-Oh|69/100 tox|[from] psn
|upkeep
|turn|59
|
|t:|1667018420
|-start|p2a: 악르세우스|Dynamax|
|-heal|p2a: 악르세우스|90/100|[silent]
|move|p2a: 악르세우스|Max Darkness|p1a: Ho-Oh
|-damage|p1a: Ho-Oh|0 fnt
|faint|p1a: Ho-Oh
|
|-weather|Sandstorm|[upkeep]
|-damage|p2a: 악르세우스|87/100|[from] Sandstorm
|upkeep
|c|☆harsh634|ok
|c|☆harsh634|gg
|c|☆harsh634|u win
|
|t:|1667018431
|switch|p1a: Tyranitar|Tyranitar-Mega, F|82/100
|turn|60
|
|t:|1667018435
|move|p2a: 악르세우스|Max Darkness|p1a: Tyranitar
|-resisted|p1a: Tyranitar
|-damage|p1a: Tyranitar|58/100
|-unboost|p1a: Tyranitar|spd|1
|move|p1a: Tyranitar|Stealth Rock|p2a: 악르세우스
|-sidestart|p2: rajof|move: Stealth Rock
|
|-weather|none
|upkeep
|turn|61
|
|t:|1667018445
|move|p2a: 악르세우스|Max Darkness|p1a: Tyranitar
|-resisted|p1a: Tyranitar
|-damage|p1a: Tyranitar|7/100
|-unboost|p1a: Tyranitar|spd|1
|move|p1a: Tyranitar|Rest|p1a: Tyranitar
|-status|p1a: Tyranitar|slp|[from] move: Rest
|-heal|p1a: Tyranitar|100/100 slp|[silent]
|
|upkeep
|-end|p2a: 악르세우스|Dynamax
|-heal|p2a: 악르세우스|87/100|[silent]
|turn|62
|
|t:|1667018453
|switch|p1a: Arceus|Arceus-Ground|24/100
|move|p2a: 악르세우스|Judgment|p1a: Arceus
|-damage|p1a: Arceus|0 fnt
|faint|p1a: Arceus
|
|upkeep
|
|t:|1667018458
|switch|p1a: Tyranitar|Tyranitar-Mega, F|100/100 slp
|-weather|Sandstorm|[from] ability: Sand Stream|[of] p1a: Tyranitar
|turn|63
|c|☆harsh634|ok yeah
|c|☆harsh634|now no way uu lose
|
|t:|1667018473
|switch|p2a: 메타몽|Ditto|100/100
|-damage|p2a: 메타몽|88/100|[from] Stealth Rock
|-transform|p2a: 메타몽|p1a: Tyranitar|[from] ability: Imposter
|cant|p1a: Tyranitar|slp
|
|-weather|Sandstorm|[upkeep]
|upkeep
|turn|64
|
|t:|1667018495
|move|p2a: 메타몽|Stealth Rock|p1a: Tyranitar
|-sidestart|p1: harsh634|move: Stealth Rock
|cant|p1a: Tyranitar|slp
|
|-weather|Sandstorm|[upkeep]
|upkeep
|turn|65
|
|t:|1667018503
|switch|p2a: 아르세우스|Arceus-Fairy|95/100
|-damage|p2a: 아르세우스|82/100|[from] Stealth Rock
|-curestatus|p1a: Tyranitar|slp|[msg]
|move|p1a: Tyranitar|Stone Edge|p2a: 아르세우스
|-damage|p2a: 아르세우스|57/100
|
|-weather|Sandstorm|[upkeep]
|-damage|p2a: 아르세우스|51/100|[from] Sandstorm
|upkeep
|turn|66
|
|t:|1667018511
|move|p2a: 아르세우스|Recover|p2a: 아르세우스
|-heal|p2a: 아르세우스|100/100
|move|p1a: Tyranitar|Stone Edge|p2a: 아르세우스
|-damage|p2a: 아르세우스|72/100
|
|-weather|Sandstorm|[upkeep]
|-damage|p2a: 아르세우스|66/100|[from] Sandstorm
|upkeep
|turn|67
|
|t:|1667018517
|move|p2a: 아르세우스|Recover|p2a: 아르세우스
|-heal|p2a: 아르세우스|100/100
|move|p1a: Tyranitar|Stone Edge|p2a: 아르세우스
|-damage|p2a: 아르세우스|75/100
|
|-weather|none
|upkeep
|turn|68
|
|t:|1667018522
|move|p2a: 아르세우스|Recover|p2a: 아르세우스
|-heal|p2a: 아르세우스|100/100
|move|p1a: Tyranitar|Stone Edge|p2a: 아르세우스
|-damage|p2a: 아르세우스|73/100
|
|upkeep
|turn|69
|
|t:|1667018531
|move|p2a: 아르세우스|Recover|p2a: 아르세우스
|-heal|p2a: 아르세우스|100/100
|move|p1a: Tyranitar|Stone Edge|p2a: 아르세우스
|-damage|p2a: 아르세우스|76/100
|
|upkeep
|turn|70
|
|t:|1667018536
|move|p2a: 아르세우스|Recover|p2a: 아르세우스
|-heal|p2a: 아르세우스|100/100
|move|p1a: Tyranitar|Stone Edge|p2a: 아르세우스
|-damage|p2a: 아르세우스|75/100
|
|upkeep
|turn|71
|
|t:|1667018541
|move|p2a: 아르세우스|Recover|p2a: 아르세우스
|-heal|p2a: 아르세우스|100/100
|move|p1a: Tyranitar|Pursuit|p2a: 아르세우스
|-resisted|p2a: 아르세우스
|-damage|p2a: 아르세우스|95/100
|
|upkeep
|turn|72
|
|t:|1667018547
|move|p2a: 아르세우스|Calm Mind|p2a: 아르세우스
|-boost|p2a: 아르세우스|spa|1
|-boost|p2a: 아르세우스|spd|1
|move|p1a: Tyranitar|Pursuit|p2a: 아르세우스
|-resisted|p2a: 아르세우스
|-damage|p2a: 아르세우스|90/100
|
|upkeep
|turn|73
|
|t:|1667018552
|move|p2a: 아르세우스|Recover|p2a: 아르세우스
|-heal|p2a: 아르세우스|100/100
|move|p1a: Tyranitar|Pursuit|p2a: 아르세우스
|-resisted|p2a: 아르세우스
|-damage|p2a: 아르세우스|95/100
|
|upkeep
|turn|74
|c|☆harsh634|bruh
|c|☆harsh634|cmon
|
|t:|1667018566
|move|p2a: 아르세우스|Judgment|p1a: Tyranitar
|-supereffective|p1a: Tyranitar
|-damage|p1a: Tyranitar|22/100
|move|p1a: Tyranitar|Pursuit|p2a: 아르세우스
|-resisted|p2a: 아르세우스
|-damage|p2a: 아르세우스|89/100
|
|upkeep
|turn|75
|
|t:|1667018573
|move|p2a: 아르세우스|Earth Power|p1a: Tyranitar
|-supereffective|p1a: Tyranitar
|-damage|p1a: Tyranitar|0 fnt
|faint|p1a: Tyranitar
|
|upkeep
|
|t:|1667018576
|switch|p1a: Ditto|Ditto|100/100
|-damage|p1a: Ditto|88/100|[from] Stealth Rock
|-transform|p1a: Ditto|p2a: 아르세우스|[from] ability: Imposter
|turn|76
|
|t:|1667018583
|move|p1a: Ditto|Judgment|p2a: 아르세우스
|-damage|p2a: 아르세우스|71/100
|move|p2a: 아르세우스|Recover|p2a: 아르세우스
|-heal|p2a: 아르세우스|100/100
|
|upkeep
|turn|77
|
|t:|1667018586
|move|p1a: Ditto|Judgment|p2a: 아르세우스
|-damage|p2a: 아르세우스|82/100
|move|p2a: 아르세우스|Recover|p2a: 아르세우스
|-heal|p2a: 아르세우스|100/100
|
|upkeep
|turn|78
|
|t:|1667018589
|move|p1a: Ditto|Judgment|p2a: 아르세우스
|-damage|p2a: 아르세우스|82/100
|move|p2a: 아르세우스|Recover|p2a: 아르세우스
|-heal|p2a: 아르세우스|100/100
|
|upkeep
|turn|79
|
|t:|1667018591
|move|p1a: Ditto|Judgment|p2a: 아르세우스
|-damage|p2a: 아르세우스|82/100
|move|p2a: 아르세우스|Recover|p2a: 아르세우스
|-heal|p2a: 아르세우스|100/100
|
|upkeep
|turn|80
|
|t:|1667018593
|move|p1a: Ditto|Judgment|p2a: 아르세우스
|-damage|p2a: 아르세우스|84/100
|move|p2a: 아르세우스|Recover|p2a: 아르세우스
|-heal|p2a: 아르세우스|100/100
|
|upkeep
|turn|81
|
|t:|1667018595
|-activate|p1a: Ditto|move: Struggle
|move|p1a: Ditto|Struggle|p2a: 아르세우스
|-damage|p2a: 아르세우스|96/100
|-damage|p1a: Ditto|63/100|[from] recoil
|move|p2a: 아르세우스|Recover|p2a: 아르세우스
|-heal|p2a: 아르세우스|100/100
|
|upkeep
|turn|82
|
|t:|1667018597
|-activate|p1a: Ditto|move: Struggle
|move|p1a: Ditto|Struggle|p2a: 아르세우스
|-damage|p2a: 아르세우스|95/100
|-damage|p1a: Ditto|38/100|[from] recoil
|move|p2a: 아르세우스|Recover|p2a: 아르세우스
|-heal|p2a: 아르세우스|100/100
|
|upkeep
|turn|83
|
|t:|1667018599
|-activate|p1a: Ditto|move: Struggle
|move|p1a: Ditto|Struggle|p2a: 아르세우스
|-damage|p2a: 아르세우스|95/100
|-damage|p1a: Ditto|13/100|[from] recoil
|move|p2a: 아르세우스|Recover|p2a: 아르세우스
|-heal|p2a: 아르세우스|100/100
|
|upkeep
|turn|84
|
|t:|1667018601
|switch|p2a: 메타몽|Ditto|88/100
|-damage|p2a: 메타몽|76/100|[from] Stealth Rock
|-activate|p1a: Ditto|move: Struggle
|move|p1a: Ditto|Struggle|p2a: 메타몽
|-damage|p2a: 메타몽|53/100
|-damage|p1a: Ditto|0 fnt|[from] recoil
|faint|p1a: Ditto
|
|win|rajof
|raw|harsh634's rating: 1778 &rarr; <strong>1770</strong><br />(-8 for losing)
|raw|rajof's rating: 2021 &rarr; <strong>2029</strong><br />(+8 for winning)
|c|☆harsh634|gg
|c|☆harsh634|well played
