|j|☆ikill3r
|j|☆CLEAR GEM清瑜
|t:|1667054708
|gametype|singles
|player|p1|ikill3r|1|1795
|player|p2|CLEAR GEM清瑜|skierf|1832
|teamsize|p1|6
|teamsize|p2|6
|gen|8
|tier|[Gen 8] National Dex AG
|rated|
|rule|HP Percentage Mod: HP is shown in percentages
|rule|Endless Battle Clause: Forcing endless battles is banned
|clearpoke
|poke|p1|Arceus-*|
|poke|p1|Groudon|
|poke|p1|Lugia|
|poke|p1|Marshadow|
|poke|p1|Melmetal|
|poke|p1|Calyrex-Shadow|
|poke|p2|Rayquaza|
|poke|p2|Groudon|
|poke|p2|Necrozma-Dusk-Mane|
|poke|p2|Arceus-*|
|poke|p2|Zacian-*|
|poke|p2|Yveltal|
|teampreview
|inactive|Battle timer is ON: inactive players will automatically lose when time's up. (requested by CLEAR GEM清瑜)
|
|t:|1667054732
|start
|switch|p1a: Calyrex|Calyrex-Shadow|100/100
|switch|p2a: 老烈|Rayquaza, shiny|100/100
|-ability|p1a: Calyrex|As One
|-ability|p1a: Calyrex|Unnerve
|-ability|p2a: 老烈|Air Lock
|turn|1
|
|t:|1667054748
|detailschange|p2a: 老烈|Rayquaza-Mega, shiny
|-mega|p2a: 老烈|Rayquaza|
|-weather|DeltaStream|[from] ability: Delta Stream|[of] p2a: 老烈
|move|p1a: Calyrex|Nasty Plot|p1a: Calyrex
|-boost|p1a: Calyrex|spa|2
|move|p2a: 老烈|Scale Shot|p1a: Calyrex
|-crit|p1a: Calyrex
|-damage|p1a: Calyrex|59/100
|-damage|p1a: Calyrex|30/100
|-damage|p1a: Calyrex|0 fnt
|faint|p1a: Calyrex
|-hitcount|p1: Calyrex|3
|-unboost|p2a: 老烈|def|1
|-boost|p2a: 老烈|spe|1
|-damage|p2a: 老烈|91/100|[from] item: Life Orb
|
|-weather|DeltaStream|[upkeep]
|upkeep
|
|t:|1667054766
|switch|p1a: Arceus|Arceus|100/100
|turn|2
|
|t:|1667054770
|move|p2a: 老烈|Dragon Ascent|p1a: Arceus
|-damage|p1a: Arceus|21/100
|-unboost|p2a: 老烈|def|1
|-unboost|p2a: 老烈|spd|1
|-damage|p2a: 老烈|81/100|[from] item: Life Orb
|move|p1a: Arceus|Swords Dance|p1a: Arceus
|-boost|p1a: Arceus|atk|2
|
|-weather|DeltaStream|[upkeep]
|upkeep
|turn|3
|
|t:|1667054779
|move|p2a: 老烈|Extreme Speed|p1a: Arceus
|-damage|p1a: Arceus|0 fnt
|faint|p1a: Arceus
|-damage|p2a: 老烈|71/100|[from] item: Life Orb
|
|-weather|DeltaStream|[upkeep]
|upkeep
|
|t:|1667054789
|switch|p1a: Lugia|Lugia|100/100
|turn|4
|
|t:|1667054793
|move|p2a: 老烈|Scale Shot|p1a: Lugia|[miss]
|-miss|p2a: 老烈|p1a: Lugia
|move|p1a: Lugia|Toxic|p2a: 老烈
|-status|p2a: 老烈|tox
|
|-weather|DeltaStream|[upkeep]
|-damage|p2a: 老烈|65/100 tox|[from] psn
|upkeep
|turn|5
|
|t:|1667054801
|move|p2a: 老烈|Scale Shot|p1a: Lugia
|-damage|p1a: Lugia|92/100
|-damage|p1a: Lugia|76/100
|-hitcount|p1a: Lugia|2
|-unboost|p2a: 老烈|def|1
|-boost|p2a: 老烈|spe|1
|-damage|p2a: 老烈|55/100 tox|[from] item: Life Orb
|move|p1a: Lugia|Roost|p1a: Lugia
|-heal|p1a: Lugia|100/100
|-singleturn|p1a: Lugia|move: Roost
|
|-weather|DeltaStream|[upkeep]
|-damage|p2a: 老烈|42/100 tox|[from] psn
|upkeep
|turn|6
|
|t:|1667054814
|move|p2a: 老烈|Scale Shot|p1a: Lugia
|-damage|p1a: Lugia|92/100
|-damage|p1a: Lugia|75/100
|-damage|p1a: Lugia|58/100
|-damage|p1a: Lugia|43/100
|-hitcount|p1a: Lugia|4
|-unboost|p2a: 老烈|def|1
|-boost|p2a: 老烈|spe|1
|-damage|p2a: 老烈|33/100 tox|[from] item: Life Orb
|move|p1a: Lugia|Roost|p1a: Lugia
|-heal|p1a: Lugia|94/100
|-singleturn|p1a: Lugia|move: Roost
|
|-weather|DeltaStream|[upkeep]
|-damage|p2a: 老烈|14/100 tox|[from] psn
|upkeep
|turn|7
|
|t:|1667054829
|move|p2a: 老烈|Dragon Ascent|p1a: Lugia
|-damage|p1a: Lugia|21/100
|-unboost|p2a: 老烈|def|1
|-unboost|p2a: 老烈|spd|1
|-damage|p2a: 老烈|4/100 tox|[from] item: Life Orb
|move|p1a: Lugia|Roost|p1a: Lugia
|-heal|p1a: Lugia|71/100
|-singleturn|p1a: Lugia|move: Roost
|
|-weather|DeltaStream|[upkeep]
|-damage|p2a: 老烈|0 fnt|[from] psn
|faint|p2a: 老烈
|-weather|none
|upkeep
|
|t:|1667054834
|switch|p2a: 不会(?)|Groudon|100/100
|detailschange|p2a: 不会(?)|Groudon-Primal
|-primal|p2a: 不会(?)
|-weather|DesolateLand|[from] ability: Desolate Land|[of] p2a: 不会(?)
|turn|8
|
|t:|1667054846
|move|p1a: Lugia|Toxic|p2a: 不会(?)
|-status|p2a: 不会(?)|tox
|move|p2a: 不会(?)|Thunder Wave|p1a: Lugia
|-status|p1a: Lugia|par
|
|-weather|DesolateLand|[upkeep]
|-damage|p2a: 不会(?)|94/100 tox|[from] psn
|upkeep
|turn|9
|
|t:|1667054854
|switch|p1a: Groudon|Groudon|100/100
|detailschange|p1a: Groudon|Groudon-Primal
|-primal|p1a: Groudon
|move|p2a: 不会(?)|Stealth Rock|p1a: Groudon
|-sidestart|p1: ikill3r|move: Stealth Rock
|
|-weather|DesolateLand|[upkeep]
|-damage|p2a: 不会(?)|82/100 tox|[from] psn
|upkeep
|turn|10
|
|t:|1667054861
|move|p1a: Groudon|Earthquake|p2a: 不会(?)
|-supereffective|p2a: 不会(?)
|-damage|p2a: 不会(?)|18/100 tox
|move|p2a: 不会(?)|Roar|p1a: Groudon
|drag|p1a: Melmetal|Melmetal|100/100
|-damage|p1a: Melmetal|94/100|[from] Stealth Rock
|
|-weather|DesolateLand|[upkeep]
|-damage|p2a: 不会(?)|0 fnt|[from] psn
|faint|p2a: 不会(?)
|-weather|none
|upkeep
|
|t:|1667054865
|switch|p2a: 嘉然小姐的狗|Zacian-Crowned|100/100
|-ability|p2a: 嘉然小姐的狗|Intrepid Sword|boost
|-boost|p2a: 嘉然小姐的狗|atk|1
|turn|11
|
|t:|1667054874
|move|p2a: 嘉然小姐的狗|Close Combat|p1a: Melmetal
|-supereffective|p1a: Melmetal
|-damage|p1a: Melmetal|15/100
|-unboost|p2a: 嘉然小姐的狗|def|1
|-unboost|p2a: 嘉然小姐的狗|spd|1
|move|p1a: Melmetal|Double Iron Bash|p2a: 嘉然小姐的狗
|-damage|p2a: 嘉然小姐的狗|29/100
|-damage|p2a: 嘉然小姐的狗|0 fnt
|faint|p2a: 嘉然小姐的狗
|-hitcount|p2: 嘉然小姐的狗|2
|
|upkeep
|
|t:|1667054880
|switch|p2a: Y鸟|Yveltal|100/100
|-ability|p2a: Y鸟|Dark Aura
|turn|12
|
|t:|1667054887
|-start|p2a: Y鸟|Dynamax|
|-heal|p2a: Y鸟|100/100|[silent]
|move|p2a: Y鸟|Max Airstream|p1a: Melmetal
|-resisted|p1a: Melmetal
|-damage|p1a: Melmetal|0 fnt
|-boost|p2a: Y鸟|spe|1
|faint|p1a: Melmetal
|-damage|p2a: Y鸟|96/100|[from] item: Life Orb
|
|upkeep
|
|t:|1667054901
|switch|p1a: Lugia|Lugia|71/100 par
|turn|13
|
|t:|1667054910
|-start|p1a: Lugia|Dynamax|
|-heal|p1a: Lugia|71/100 par|[silent]
|move|p1a: Lugia|Max Guard|p1a: Lugia
|-singleturn|p1a: Lugia|Max Guard
|move|p2a: Y鸟|Max Darkness|p1a: Lugia
|-activate|p1a: Lugia|move: Max Guard
|
|upkeep
|turn|14
|
|t:|1667054919
|move|p2a: Y鸟|Max Darkness|p1a: Lugia
|-supereffective|p1a: Lugia
|-damage|p1a: Lugia|1/100 par
|-unboost|p1a: Lugia|spd|1
|-damage|p2a: Y鸟|91/100|[from] item: Life Orb
|move|p1a: Lugia|Max Airstream|p2a: Y鸟
|-damage|p2a: Y鸟|73/100
|-boost|p1a: Lugia|spe|1
|
|upkeep
|-end|p2a: Y鸟|Dynamax
|-heal|p2a: Y鸟|73/100|[silent]
|turn|15
|
|t:|1667054933
|move|p2a: Y鸟|Dark Pulse|p1a: Lugia
|-supereffective|p1a: Lugia
|-damage|p1a: Lugia|0 fnt
|faint|p1a: Lugia
|-damage|p2a: Y鸟|63/100|[from] item: Life Orb
|
|upkeep
|
|t:|1667054939
|switch|p1a: Groudon|Groudon-Primal|100/100
|-damage|p1a: Groudon|88/100|[from] Stealth Rock
|-weather|DesolateLand|[from] ability: Desolate Land|[of] p1a: Groudon
|turn|16
|
|t:|1667054945
|move|p2a: Y鸟|Dark Pulse|p1a: Groudon
|-damage|p1a: Groudon|18/100
|-damage|p2a: Y鸟|53/100|[from] item: Life Orb
|move|p1a: Groudon|Heat Crash|p2a: Y鸟
|-damage|p2a: Y鸟|0 fnt
|faint|p2a: Y鸟
|
|-weather|DesolateLand|[upkeep]
|upkeep
|
|t:|1667054950
|switch|p2a: 钢铁之躯|Necrozma-Dusk-Mane|100/100
|turn|17
|
|t:|1667054956
|detailschange|p2a: 钢铁之躯|Necrozma-Ultra
|-burst|p2a: 钢铁之躯|Necrozma|Ultranecrozium Z
|move|p2a: 钢铁之躯|Photon Geyser|p1a: Groudon
|-damage|p1a: Groudon|0 fnt
|faint|p1a: Groudon
|-weather|none
|
|upkeep
|
|t:|1667054964
|switch|p1a: Marshadow|Marshadow|100/100
|-damage|p1a: Marshadow|94/100|[from] Stealth Rock
|turn|18
|
|t:|1667054969
|move|p1a: Marshadow|Shadow Sneak|p2a: 钢铁之躯
|-supereffective|p2a: 钢铁之躯
|-damage|p2a: 钢铁之躯|41/100
|-zpower|p2a: 钢铁之躯
|move|p2a: 钢铁之躯|Light That Burns the Sky|p1a: Marshadow|[zeffect]
|-supereffective|p1a: Marshadow
|-damage|p1a: Marshadow|0 fnt
|faint|p1a: Marshadow
|
|win|CLEAR GEM清瑜
|raw|ikill3r's rating: 1795 &rarr; <strong>1777</strong><br />(-18 for losing)
|raw|CLEAR GEM清瑜's rating: 1832 &rarr; <strong>1850</strong><br />(+18 for winning)
|l|☆ikill3r
||Ladder isn't responding, score probably updated but might not have (Request timeout).
