|j|☆Diancie_hhh
|j|☆alt1445645
|t:|1659580159
|gametype|singles
|player|p1|Diancie_hhh|marnie|1664
|player|p2|alt1445645|102|1868
|teamsize|p1|6
|teamsize|p2|6
|gen|8
|tier|[Gen 8] National Dex AG
|rated|
|rule|HP Percentage Mod: HP is shown in percentages
|rule|Endless Battle Clause: Forcing endless battles is banned
|clearpoke
|poke|p1|Arceus-*|
|poke|p1|Zacian-*|
|poke|p1|Groudon|
|poke|p1|Ho-Oh|
|poke|p1|Zygarde|
|poke|p1|Weavile, F|
|poke|p2|Arceus-*|
|poke|p2|Groudon|
|poke|p2|Zacian-*|
|poke|p2|Rayquaza|
|poke|p2|Calyrex-Shadow|
|poke|p2|Yveltal|
|teampreview
|
|t:|1659580171
|start
|switch|p1a: Zygarde|Zygarde, shiny|100/100
|switch|p2a: Zacian|Zacian-Crowned|100/100
|-ability|p2a: Zacian|Intrepid Sword|boost
|-boost|p2a: Zacian|atk|1
|turn|1
|j| boi in the back
|
|t:|1659580185
|move|p2a: Zacian|Play Rough|p1a: Zygarde
|-supereffective|p1a: Zygarde
|-damage|p1a: Zygarde|4/100
|move|p1a: Zygarde|Glare|p2a: Zacian
|-status|p2a: Zacian|par
|
|-activate|p1a: Zygarde|ability: Power Construct
|detailschange|p1a: Zygarde|Zygarde-Complete, shiny
|-heal|p1a: Zygarde|38/100|[silent]
|upkeep
|turn|2
|
|t:|1659580196
|switch|p1a: Ho-Oh|Ho-Oh|100/100
|move|p2a: Zacian|Play Rough|p1a: Ho-Oh|[miss]
|-miss|p2a: Zacian|p1a: Ho-Oh
|
|upkeep
|turn|3
|c|☆alt1445645|hmm i think thats a roll
|
|t:|1659580205
|switch|p1a: 大地之神|Groudon, shiny|100/100
|detailschange|p1a: 大地之神|Groudon-Primal, shiny
|-primal|p1a: 大地之神
|-weather|DesolateLand|[from] ability: Desolate Land|[of] p1a: 大地之神
|move|p2a: Zacian|Wild Charge|p1a: 大地之神
|-immune|p1a: 大地之神
|
|-weather|DesolateLand|[upkeep]
|upkeep
|turn|4
|
|t:|1659580215
|switch|p2a: Rayquaza|Rayquaza|100/100
|-ability|p2a: Rayquaza|Air Lock
|move|p1a: 大地之神|Stealth Rock|p2a: Rayquaza
|-sidestart|p2: alt1445645|move: Stealth Rock
|
|-weather|DesolateLand|[upkeep]
|upkeep
|turn|5
|
|t:|1659580222
|detailschange|p2a: Rayquaza|Rayquaza-Mega
|-mega|p2a: Rayquaza|Rayquaza|
|-weather|DeltaStream|[from] ability: Delta Stream|[of] p2a: Rayquaza
|move|p2a: Rayquaza|Dragon Dance|p2a: Rayquaza
|-boost|p2a: Rayquaza|atk|1
|-boost|p2a: Rayquaza|spe|1
|move|p1a: 大地之神|Roar|p2a: Rayquaza
|-weather|none
|drag|p2a: Yveltal|Yveltal|100/100
|-damage|p2a: Yveltal|76/100|[from] Stealth Rock
|-ability|p2a: Yveltal|Dark Aura
|
|upkeep
|turn|6
|
|t:|1659580235
|switch|p1a: Ho-Oh|Ho-Oh|100/100
|move|p2a: Yveltal|Oblivion Wing|p1a: Ho-Oh
|-damage|p1a: Ho-Oh|67/100
|-heal|p2a: Yveltal|99/100|[from] drain|[of] p1a: Ho-Oh
|-damage|p2a: Yveltal|90/100|[from] item: Life Orb
|
|upkeep
|turn|7
|
|t:|1659580241
|switch|p2a: Arceus|Arceus|100/100
|-damage|p2a: Arceus|88/100|[from] Stealth Rock
|move|p1a: Ho-Oh|Sacred Fire|p2a: Arceus|[miss]
|-miss|p1a: Ho-Oh|p2a: Arceus
|
|upkeep
|turn|8
|inactive|Battle timer is ON: inactive players will automatically lose when time's up. (requested by alt1445645)
|
|t:|1659580257
|switch|p1a: Arceus|Arceus, shiny|100/100
|move|p2a: Arceus|Defog|p1a: Arceus
|-unboost|p1a: Arceus|evasion|1
|-sideend|p2: alt1445645|Stealth Rock|[from] move: Defog|[of] p2a: Arceus
|
|upkeep
|turn|9
|
|t:|1659580274
|move|p1a: Arceus|Swords Dance|p1a: Arceus
|-boost|p1a: Arceus|atk|2
|move|p2a: Arceus|Swords Dance|p2a: Arceus
|-boost|p2a: Arceus|atk|2
|
|upkeep
|turn|10
|
|t:|1659580279
|-start|p1a: Arceus|Dynamax|
|-heal|p1a: Arceus|100/100|[silent]
|move|p2a: Arceus|Extreme Speed|p1a: Arceus
|-damage|p1a: Arceus|72/100
|move|p1a: Arceus|Max Strike|p2a: Arceus
|-damage|p2a: Arceus|0 fnt
|faint|p2a: Arceus
|-damage|p1a: Arceus|67/100|[from] item: Life Orb
|
|upkeep
|
|t:|1659580285
|switch|p2a: Zacian|Zacian-Crowned|100/100 par
|-ability|p2a: Zacian|Intrepid Sword|boost
|-boost|p2a: Zacian|atk|1
|turn|11
|
|t:|1659580289
|move|p1a: Arceus|Max Strike|p2a: Zacian
|-resisted|p2a: Zacian
|-damage|p2a: Zacian|12/100 par
|-unboost|p2a: Zacian|spe|1
|-damage|p1a: Arceus|62/100|[from] item: Life Orb
|cant|p2a: Zacian|par
|
|upkeep
|turn|12
|
|t:|1659580295
|move|p1a: Arceus|Max Airstream|p2a: Zacian
|-resisted|p2a: Zacian
|-damage|p2a: Zacian|0 fnt
|-boost|p1a: Arceus|spe|1
|faint|p2a: Zacian
|-damage|p1a: Arceus|57/100|[from] item: Life Orb
|
|upkeep
|
|t:|1659580300
|switch|p2a: Groudon|Groudon|100/100
|detailschange|p2a: Groudon|Groudon-Primal
|-primal|p2a: Groudon
|-weather|DesolateLand|[from] ability: Desolate Land|[of] p2a: Groudon
|-end|p1a: Arceus|Dynamax
|-heal|p1a: Arceus|57/100|[silent]
|turn|13
|
|t:|1659580308
|move|p1a: Arceus|Recover|p1a: Arceus
|-heal|p1a: Arceus|100/100
|move|p2a: Groudon|Thunder Wave|p1a: Arceus
|-status|p1a: Arceus|par
|
|-weather|DesolateLand|[upkeep]
|upkeep
|turn|14
|
|t:|1659580314
|move|p1a: Arceus|Extreme Speed|p2a: Groudon
|-damage|p2a: Groudon|52/100
|-damage|p1a: Arceus|91/100 par|[from] item: Life Orb
|move|p2a: Groudon|Precipice Blades|p1a: Arceus
|-damage|p1a: Arceus|41/100 par
|
|-weather|DesolateLand|[upkeep]
|upkeep
|turn|15
|
|t:|1659580321
|move|p1a: Arceus|Extreme Speed|p2a: Groudon
|-damage|p2a: Groudon|4/100
|-damage|p1a: Arceus|31/100 par|[from] item: Life Orb
|move|p2a: Groudon|Fire Punch|p1a: Arceus
|-damage|p1a: Arceus|0 fnt
|faint|p1a: Arceus
|
|-weather|DesolateLand|[upkeep]
|upkeep
|
|t:|1659580330
|switch|p1a: Zygarde|Zygarde-Complete, shiny|38/100
|turn|16
|
|t:|1659580340
|move|p2a: Groudon|Precipice Blades|p1a: Zygarde
|-damage|p1a: Zygarde|11/100
|move|p1a: Zygarde|Glare|p2a: Groudon
|-status|p2a: Groudon|par
|
|-weather|DesolateLand|[upkeep]
|upkeep
|turn|17
|
|t:|1659580347
|-weather|none
|switch|p2a: Yveltal|Yveltal|90/100
|-ability|p2a: Yveltal|Dark Aura
|move|p1a: Zygarde|Rest|p1a: Zygarde
|-status|p1a: Zygarde|slp|[from] move: Rest
|-heal|p1a: Zygarde|100/100 slp|[silent]
|-enditem|p1a: Zygarde|Chesto Berry|[eat]
|-curestatus|p1a: Zygarde|slp|[msg]
|
|upkeep
|turn|18
|
|t:|1659580353
|-start|p2a: Yveltal|Dynamax|
|-heal|p2a: Yveltal|90/100|[silent]
|move|p2a: Yveltal|Max Darkness|p1a: Zygarde
|-damage|p1a: Zygarde|35/100
|-unboost|p1a: Zygarde|spd|1
|-damage|p2a: Yveltal|85/100|[from] item: Life Orb
|move|p1a: Zygarde|Glare|p2a: Yveltal
|-status|p2a: Yveltal|par
|
|upkeep
|turn|19
|
|t:|1659580364
|switch|p1a: Ho-Oh|Ho-Oh|100/100
|move|p2a: Yveltal|Max Airstream|p1a: Ho-Oh
|-damage|p1a: Ho-Oh|49/100
|-boost|p2a: Yveltal|spe|1
|-damage|p2a: Yveltal|80/100 par|[from] item: Life Orb
|
|upkeep
|turn|20
|l| boi in the back
|
|t:|1659580382
|switch|p1a: Zygarde|Zygarde-Complete, shiny|35/100
|move|p2a: Yveltal|Max Airstream|p1a: Zygarde
|-damage|p1a: Zygarde|0 fnt
|-boost|p2a: Yveltal|spe|1
|faint|p1a: Zygarde
|-damage|p2a: Yveltal|75/100 par|[from] item: Life Orb
|
|upkeep
|
|t:|1659580387
|switch|p1a: Weavile|Weavile, F, shiny|100/100
|-ability|p1a: Weavile|Pressure
|-end|p2a: Yveltal|Dynamax
|-heal|p2a: Yveltal|75/100 par|[silent]
|turn|21
|
|t:|1659580396
|move|p1a: Weavile|Triple Axel|p2a: Yveltal
|-supereffective|p2a: Yveltal
|-damage|p2a: Yveltal|42/100 par
|-supereffective|p2a: Yveltal
|-damage|p2a: Yveltal|0 fnt
|faint|p2a: Yveltal
|-hitcount|p2: Yveltal|2
|
|upkeep
|
|t:|1659580401
|switch|p2a: Rayquaza|Rayquaza-Mega|100/100
|-weather|DeltaStream|[from] ability: Delta Stream|[of] p2a: Rayquaza
|turn|22
|
|t:|1659580410
|move|p2a: Rayquaza|Extreme Speed|p1a: Weavile
|-damage|p1a: Weavile|31/100
|move|p1a: Weavile|Triple Axel|p2a: Rayquaza
|-activate||deltastream
|-supereffective|p2a: Rayquaza
|-damage|p2a: Rayquaza|68/100
|-activate||deltastream
|-supereffective|p2a: Rayquaza
|-damage|p2a: Rayquaza|4/100
|-activate||deltastream
|-supereffective|p2a: Rayquaza
|-damage|p2a: Rayquaza|0 fnt
|faint|p2a: Rayquaza
|-weather|none
|-hitcount|p2: Rayquaza|3
|
|upkeep
|
|t:|1659580413
|switch|p2a: Calyrex|Calyrex-Shadow|100/100
|-ability|p2a: Calyrex|As One
|-ability|p2a: Calyrex|Unnerve
|turn|23
|
|t:|1659580425
|switch|p1a: Ho-Oh|Ho-Oh|82/100
|move|p2a: Calyrex|Draining Kiss|p1a: Ho-Oh
|-resisted|p1a: Ho-Oh
|-damage|p1a: Ho-Oh|77/100
|
|upkeep
|turn|24
|
|t:|1659580435
|move|p2a: Calyrex|Nasty Plot|p2a: Calyrex
|-boost|p2a: Calyrex|spa|2
|move|p1a: Ho-Oh|Sacred Fire|p2a: Calyrex
|-damage|p2a: Calyrex|42/100
|
|upkeep
|turn|25
|
|t:|1659580444
|switch|p1a: Weavile|Weavile, F, shiny|31/100
|-ability|p1a: Weavile|Pressure
|move|p2a: Calyrex|Psyshock|p1a: Weavile
|-immune|p1a: Weavile
|
|upkeep
|turn|26
|
|t:|1659580450
|move|p1a: Weavile|Ice Shard|p2a: Calyrex
|-damage|p2a: Calyrex|5/100
|move|p2a: Calyrex|Astral Barrage|p1a: Weavile
|-resisted|p1a: Weavile
|-damage|p1a: Weavile|0 fnt
|faint|p1a: Weavile
|-ability|p2a: Calyrex|Grim Neigh|boost
|-boost|p2a: Calyrex|spa|1
|
|upkeep
|
|t:|1659580473
|switch|p1a: Zacian|Zacian-Crowned|100/100
|-ability|p1a: Zacian|Intrepid Sword|boost
|-boost|p1a: Zacian|atk|1
|turn|27
|
|t:|1659580480
|move|p2a: Calyrex|Astral Barrage|p1a: Zacian
|-damage|p1a: Zacian|0 fnt
|faint|p1a: Zacian
|-ability|p2a: Calyrex|Grim Neigh|boost
|-boost|p2a: Calyrex|spa|1
|
|upkeep
|c|☆alt1445645|gg
|c|☆Diancie_hhh|gg
|
|t:|1659580488
|switch|p1a: 大地之神|Groudon-Primal, shiny|100/100
|-weather|DesolateLand|[from] ability: Desolate Land|[of] p1a: 大地之神
|turn|28
|
|t:|1659580492
|move|p2a: Calyrex|Astral Barrage|p1a: 大地之神
|-damage|p1a: 大地之神|0 fnt
|faint|p1a: 大地之神
|-weather|none
|-ability|p2a: Calyrex|Grim Neigh|boost
|-boost|p2a: Calyrex|spa|1
|
|upkeep
|-message|Diancie_hhh forfeited.
|
|win|alt1445645
|raw|Diancie_hhh's rating: 1664 &rarr; <strong>1655</strong><br />(-9 for losing)
|raw|alt1445645's rating: 1868 &rarr; <strong>1877</strong><br />(+9 for winning)
|c|☆alt1445645|i think u wanted to bring out
|c|☆alt1445645|ho oh firs
|c|☆alt1445645|t
|c|☆alt1445645|before the other 2
|c|☆alt1445645|and hope for a low roll
