|j|☆digging your grave
|j|☆Mrgrimmlock
|t:|1651122502
|gametype|singles
|player|p1|digging your grave|byron|1242
|player|p2|Mrgrimmlock|265|1294
|teamsize|p1|6
|teamsize|p2|6
|gen|8
|tier|[Gen 8] National Dex AG
|rated|
|rule|HP Percentage Mod: HP is shown in percentages
|rule|Endless Battle Clause: Forcing endless battles is banned
|clearpoke
|poke|p1|Weavile, M|
|poke|p1|Dragonite, F|
|poke|p1|Blaziken, F|
|poke|p1|Arceus-*|
|poke|p1|Kyurem-Black|
|poke|p1|Regieleki|
|poke|p2|Ho-Oh|
|poke|p2|Chansey, F|
|poke|p2|Butterfree, M|
|poke|p2|Marshadow|
|poke|p2|Zapdos-Galar|
|poke|p2|Blastoise, F|
|teampreview
|inactive|Battle timer is ON: inactive players will automatically lose when time's up. (requested by digging your grave)
|
|t:|1651122507
|start
|switch|p1a: Weavile|Weavile, M|100/100
|switch|p2a: Ho-Oh|Ho-Oh|100/100
|turn|1
|
|t:|1651122512
|move|p1a: Weavile|Fake Out|p2a: Ho-Oh
|-damage|p2a: Ho-Oh|92/100
|cant|p2a: Ho-Oh|flinch
|
|-heal|p2a: Ho-Oh|99/100|[from] item: Leftovers
|upkeep
|turn|2
|
|t:|1651122517
|move|p1a: Weavile|Beat Up|p2a: Ho-Oh
|-damage|p2a: Ho-Oh|93/100
|-damage|p2a: Ho-Oh|87/100
|-damage|p2a: Ho-Oh|82/100
|-damage|p2a: Ho-Oh|76/100
|-damage|p2a: Ho-Oh|69/100
|-damage|p2a: Ho-Oh|63/100
|-hitcount|p2a: Ho-Oh|6
|cant|p2a: Ho-Oh|flinch
|
|-heal|p2a: Ho-Oh|70/100|[from] item: Leftovers
|upkeep
|turn|3
|
|t:|1651122530
|move|p1a: Weavile|Beat Up|p2a: Ho-Oh
|-damage|p2a: Ho-Oh|64/100
|-damage|p2a: Ho-Oh|58/100
|-damage|p2a: Ho-Oh|52/100
|-damage|p2a: Ho-Oh|47/100
|-damage|p2a: Ho-Oh|39/100
|-damage|p2a: Ho-Oh|34/100
|-hitcount|p2a: Ho-Oh|6
|move|p2a: Ho-Oh|Sacred Fire|p1a: Weavile
|-supereffective|p1a: Weavile
|-damage|p1a: Weavile|0 fnt
|faint|p1a: Weavile
|
|-heal|p2a: Ho-Oh|41/100|[from] item: Leftovers
|upkeep
|
|t:|1651122545
|switch|p1a: Regieleki|Regieleki|100/100
|turn|4
|
|t:|1651122551
|switch|p2a: Chansey|Chansey, F, shiny|100/100
|move|p1a: Regieleki|Electro Ball|p2a: Chansey
|-damage|p2a: Chansey|77/100
|
|upkeep
|turn|5
|
|t:|1651122558
|switch|p1a: Arceus|Arceus-Steel|100/100
|move|p2a: Chansey|Toxic|p1a: Arceus
|-immune|p1a: Arceus
|
|upkeep
|turn|6
|
|t:|1651122565
|switch|p2a: Ho-Oh|Ho-Oh|74/100
|move|p1a: Arceus|Calm Mind|p1a: Arceus
|-boost|p1a: Arceus|spa|1
|-boost|p1a: Arceus|spd|1
|
|-heal|p2a: Ho-Oh|80/100|[from] item: Leftovers
|upkeep
|turn|7
|
|t:|1651122571
|move|p1a: Arceus|Calm Mind|p1a: Arceus
|-boost|p1a: Arceus|spa|1
|-boost|p1a: Arceus|spd|1
|move|p2a: Ho-Oh|Sacred Fire|p1a: Arceus
|-supereffective|p1a: Arceus
|-damage|p1a: Arceus|42/100
|
|-heal|p2a: Ho-Oh|86/100|[from] item: Leftovers
|upkeep
|turn|8
|
|t:|1651122584
|move|p1a: Arceus|Recover|p1a: Arceus
|-heal|p1a: Arceus|92/100
|move|p2a: Ho-Oh|Sacred Fire|p1a: Arceus
|-supereffective|p1a: Arceus
|-damage|p1a: Arceus|34/100
|-status|p1a: Arceus|brn
|
|-heal|p2a: Ho-Oh|93/100|[from] item: Leftovers
|-damage|p1a: Arceus|28/100 brn|[from] brn
|upkeep
|turn|9
|
|t:|1651122594
|switch|p1a: Dragonite|Dragonite, F|100/100
|move|p2a: Ho-Oh|Tailwind|p2a: Ho-Oh
|-sidestart|p2: Mrgrimmlock|move: Tailwind
|
|-heal|p2a: Ho-Oh|99/100|[from] item: Leftovers
|upkeep
|turn|10
|
|t:|1651122604
|switch|p2a: Zapdos|Zapdos-Galar, shiny|100/100
|move|p1a: Dragonite|Ice Beam|p2a: Zapdos
|-supereffective|p2a: Zapdos
|-damage|p2a: Zapdos|35/100
|
|upkeep
|turn|11
|
|t:|1651122618
|move|p2a: Zapdos|Thunderous Kick|p1a: Dragonite
|-resisted|p1a: Dragonite
|-damage|p1a: Dragonite|85/100
|-unboost|p1a: Dragonite|def|1
|move|p1a: Dragonite|Ice Beam|p2a: Zapdos
|-supereffective|p2a: Zapdos
|-damage|p2a: Zapdos|0 fnt
|faint|p2a: Zapdos
|
|upkeep
|
|t:|1651122627
|switch|p2a: Butterfree|Butterfree, M, shiny|100/100
|turn|12
|
|t:|1651122632
|switch|p1a: Arceus|Arceus-Steel|28/100 brn
|move|p2a: Butterfree|Sleep Powder||[still]
|-fail|p2a: Butterfree
|
|-damage|p1a: Arceus|22/100 brn|[from] brn
|-sideend|p2: Mrgrimmlock|move: Tailwind
|upkeep
|turn|13
|
|t:|1651122639
|switch|p2a: Chansey|Chansey, F, shiny|77/100
|move|p1a: Arceus|Recover|p1a: Arceus
|-heal|p1a: Arceus|72/100 brn
|
|-damage|p1a: Arceus|66/100 brn|[from] brn
|upkeep
|turn|14
|
|t:|1651122646
|move|p2a: Chansey|Seismic Toss|p1a: Arceus
|-damage|p1a: Arceus|43/100 brn
|move|p1a: Arceus|Roar|p2a: Chansey
|drag|p2a: Ho-Oh|Ho-Oh|100/100
|
|-damage|p1a: Arceus|37/100 brn|[from] brn
|upkeep
|turn|15
|
|t:|1651122657
|switch|p1a: Dragonite|Dragonite, F|85/100
|move|p2a: Ho-Oh|Tailwind|p2a: Ho-Oh
|-sidestart|p2: Mrgrimmlock|move: Tailwind
|
|upkeep
|turn|16
|
|t:|1651122666
|move|p2a: Ho-Oh|Toxic|p1a: Dragonite
|-status|p1a: Dragonite|tox
|move|p1a: Dragonite|Ice Beam|p2a: Ho-Oh
|-damage|p2a: Ho-Oh|83/100
|
|-heal|p2a: Ho-Oh|90/100|[from] item: Leftovers
|-damage|p1a: Dragonite|78/100 tox|[from] psn
|upkeep
|turn|17
|
|t:|1651122673
|move|p2a: Ho-Oh|Sacred Fire|p1a: Dragonite
|-resisted|p1a: Dragonite
|-damage|p1a: Dragonite|59/100 tox
|move|p1a: Dragonite|Heal Bell|p1a: Dragonite
|-activate|p1a: Dragonite|move: Heal Bell
|-curestatus|p1a: Dragonite|tox|[msg]
|-curestatus|p1: Arceus|brn|[msg]
|
|-heal|p2a: Ho-Oh|96/100|[from] item: Leftovers
|upkeep
|turn|18
|
|t:|1651122683
|move|p2a: Ho-Oh|Toxic|p1a: Dragonite
|-status|p1a: Dragonite|tox
|move|p1a: Dragonite|Roost|p1a: Dragonite
|-heal|p1a: Dragonite|100/100 tox
|-singleturn|p1a: Dragonite|move: Roost
|
|-heal|p2a: Ho-Oh|100/100|[from] item: Leftovers
|-damage|p1a: Dragonite|94/100 tox|[from] psn
|-sideend|p2: Mrgrimmlock|move: Tailwind
|upkeep
|turn|19
|
|t:|1651122693
|move|p2a: Ho-Oh|Tailwind|p2a: Ho-Oh
|-sidestart|p2: Mrgrimmlock|move: Tailwind
|move|p1a: Dragonite|Heal Bell|p1a: Dragonite
|-activate|p1a: Dragonite|move: Heal Bell
|-curestatus|p1a: Dragonite|tox|[msg]
|
|upkeep
|turn|20
|
|t:|1651122703
|move|p2a: Ho-Oh|Toxic|p1a: Dragonite
|-status|p1a: Dragonite|tox
|move|p1a: Dragonite|Heal Bell|p1a: Dragonite
|-activate|p1a: Dragonite|move: Heal Bell
|-curestatus|p1a: Dragonite|tox|[msg]
|
|upkeep
|turn|21
|
|t:|1651122709
|move|p2a: Ho-Oh|Toxic|p1a: Dragonite
|-status|p1a: Dragonite|tox
|move|p1a: Dragonite|Roost|p1a: Dragonite
|-heal|p1a: Dragonite|100/100 tox
|-singleturn|p1a: Dragonite|move: Roost
|
|-damage|p1a: Dragonite|94/100 tox|[from] psn
|upkeep
|turn|22
|
|t:|1651122717
|switch|p1a: Kyurem|Kyurem-Black|100/100
|-ability|p1a: Kyurem|Teravolt
|move|p2a: Ho-Oh|Sacred Fire|p1a: Kyurem
|-damage|p1a: Kyurem|61/100
|-status|p1a: Kyurem|brn
|
|-heal|p1a: Kyurem|68/100 brn|[from] item: Leftovers
|-damage|p1a: Kyurem|61/100 brn|[from] brn
|-sideend|p2: Mrgrimmlock|move: Tailwind
|upkeep
|turn|23
|
|t:|1651122729
|switch|p1a: Dragonite|Dragonite, F|94/100 tox
|move|p2a: Ho-Oh|Sacred Fire|p1a: Dragonite
|-resisted|p1a: Dragonite
|-damage|p1a: Dragonite|75/100 tox
|
|-damage|p1a: Dragonite|69/100 tox|[from] psn
|upkeep
|turn|24
|
|t:|1651122737
|move|p2a: Ho-Oh|Tailwind|p2a: Ho-Oh
|-sidestart|p2: Mrgrimmlock|move: Tailwind
|move|p1a: Dragonite|Heal Bell|p1a: Dragonite
|-activate|p1a: Dragonite|move: Heal Bell
|-curestatus|p1a: Dragonite|tox|[msg]
|-curestatus|p1: Kyurem|brn|[msg]
|
|upkeep
|turn|25
|
|t:|1651122752
|switch|p2a: Butterfree|Butterfree, M, shiny|100/100
|move|p1a: Dragonite|Roost|p1a: Dragonite
|-heal|p1a: Dragonite|100/100
|-singleturn|p1a: Dragonite|move: Roost
|
|upkeep
|turn|26
|
|t:|1651122764
|switch|p1a: Arceus|Arceus-Steel|37/100
|move|p2a: Butterfree|Substitute|p2a: Butterfree
|-start|p2a: Butterfree|Substitute
|-damage|p2a: Butterfree|76/100
|
|-heal|p2a: Butterfree|82/100|[from] item: Leftovers
|upkeep
|turn|27
|
|t:|1651122774
|move|p2a: Butterfree|Sleep Powder|p1a: Arceus
|-status|p1a: Arceus|slp|[from] move: Sleep Powder
|cant|p1a: Arceus|slp
|
|-heal|p2a: Butterfree|88/100|[from] item: Leftovers
|-sideend|p2: Mrgrimmlock|move: Tailwind
|upkeep
|turn|28
|
|t:|1651122781
|move|p2a: Butterfree|Quiver Dance|p2a: Butterfree
|-boost|p2a: Butterfree|spa|1
|-boost|p2a: Butterfree|spd|1
|-boost|p2a: Butterfree|spe|1
|-curestatus|p1a: Arceus|slp|[msg]
|move|p1a: Arceus|Roar|p2a: Butterfree
|drag|p2a: Chansey|Chansey, F, shiny|77/100
|
|upkeep
|turn|29
|
|t:|1651122792
|switch|p1a: Kyurem|Kyurem-Black|61/100
|-ability|p1a: Kyurem|Teravolt
|switch|p2a: Ho-Oh|Ho-Oh|100/100
|
|-heal|p1a: Kyurem|68/100|[from] item: Leftovers
|upkeep
|turn|30
|
|t:|1651122801
|move|p1a: Kyurem|Substitute|p1a: Kyurem
|-start|p1a: Kyurem|Substitute
|-damage|p1a: Kyurem|43/100
|move|p2a: Ho-Oh|Sacred Fire|p1a: Kyurem
|-end|p1a: Kyurem|Substitute
|
|-heal|p1a: Kyurem|49/100|[from] item: Leftovers
|upkeep
|turn|31
|
|t:|1651122810
|switch|p1a: Dragonite|Dragonite, F|100/100
|move|p2a: Ho-Oh|Sacred Fire|p1a: Dragonite
|-resisted|p1a: Dragonite
|-damage|p1a: Dragonite|91/100
|-status|p1a: Dragonite|brn
|
|-damage|p1a: Dragonite|84/100 brn|[from] brn
|upkeep
|turn|32
|
|t:|1651122819
|move|p2a: Ho-Oh|Tailwind|p2a: Ho-Oh
|-sidestart|p2: Mrgrimmlock|move: Tailwind
|move|p1a: Dragonite|Heal Bell|p1a: Dragonite
|-activate|p1a: Dragonite|move: Heal Bell
|-curestatus|p1a: Dragonite|brn|[msg]
|
|upkeep
|turn|33
|
|t:|1651122825
|move|p2a: Ho-Oh|Toxic|p1a: Dragonite
|-status|p1a: Dragonite|tox
|move|p1a: Dragonite|Ice Beam|p2a: Ho-Oh
|-damage|p2a: Ho-Oh|84/100
|
|-heal|p2a: Ho-Oh|91/100|[from] item: Leftovers
|-damage|p1a: Dragonite|78/100 tox|[from] psn
|upkeep
|turn|34
|
|t:|1651122834
|switch|p2a: Butterfree|Butterfree, M, shiny|88/100
|move|p1a: Dragonite|Defog|p2a: Butterfree
|-unboost|p2a: Butterfree|evasion|1
|
|-heal|p2a: Butterfree|94/100|[from] item: Leftovers
|-damage|p1a: Dragonite|66/100 tox|[from] psn
|upkeep
|turn|35
|
|t:|1651122844
|move|p2a: Butterfree|Substitute|p2a: Butterfree
|-start|p2a: Butterfree|Substitute
|-damage|p2a: Butterfree|69/100
|move|p1a: Dragonite|Ice Beam|p2a: Butterfree
|-supereffective|p2a: Butterfree
|-end|p2a: Butterfree|Substitute
|
|-heal|p2a: Butterfree|75/100|[from] item: Leftovers
|-damage|p1a: Dragonite|47/100 tox|[from] psn
|-sideend|p2: Mrgrimmlock|move: Tailwind
|upkeep
|turn|36
|
|t:|1651122853
|switch|p2a: Blastoise|Blastoise, F, shiny|100/100
|switch|p1a: Kyurem|Kyurem-Black|49/100
|-ability|p1a: Kyurem|Teravolt
|
|-heal|p1a: Kyurem|55/100|[from] item: Leftovers
|upkeep
|turn|37
|
|t:|1651122862
|switch|p2a: Chansey|Chansey, F, shiny|77/100
|move|p1a: Kyurem|Dragon Dance|p1a: Kyurem
|-boost|p1a: Kyurem|atk|1
|-boost|p1a: Kyurem|spe|1
|
|-heal|p1a: Kyurem|61/100|[from] item: Leftovers
|upkeep
|turn|38
|
|t:|1651122870
|-start|p1a: Kyurem|Dynamax|
|-heal|p1a: Kyurem|61/100|[silent]
|move|p1a: Kyurem|Max Hailstorm|p2a: Chansey
|-damage|p2a: Chansey|0 fnt
|-weather|Hail
|faint|p2a: Chansey
|
|-weather|Hail|[upkeep]
|-heal|p1a: Kyurem|64/100|[from] item: Leftovers
|upkeep
|
|t:|1651122881
|switch|p2a: Marshadow|Marshadow|100/100
|turn|39
|
|t:|1651122887
|move|p1a: Kyurem|Max Guard|p1a: Kyurem
|-singleturn|p1a: Kyurem|Max Guard
|move|p2a: Marshadow|Spectral Thief|p1a: Kyurem
|-activate|p1a: Kyurem|move: Max Guard
|
|-weather|Hail|[upkeep]
|-damage|p2a: Marshadow|94/100|[from] Hail
|-heal|p1a: Kyurem|67/100|[from] item: Leftovers
|upkeep
|turn|40
|
|t:|1651122895
|switch|p2a: Ho-Oh|Ho-Oh|100/100
|move|p1a: Kyurem|Max Hailstorm|p2a: Ho-Oh
|-damage|p2a: Ho-Oh|13/100
|
|-weather|Hail|[upkeep]
|-damage|p2a: Ho-Oh|6/100|[from] Hail
|-heal|p1a: Kyurem|70/100|[from] item: Leftovers
|-heal|p2a: Ho-Oh|13/100|[from] item: Leftovers
|-end|p1a: Kyurem|Dynamax
|-heal|p1a: Kyurem|70/100|[silent]
|upkeep
|turn|41
|
|t:|1651122907
|move|p1a: Kyurem|Icicle Spear|p2a: Ho-Oh
|-damage|p2a: Ho-Oh|0 fnt
|faint|p2a: Ho-Oh
|-hitcount|p2: Ho-Oh|1
|
|-weather|Hail|[upkeep]
|-heal|p1a: Kyurem|76/100|[from] item: Leftovers
|upkeep
|
|t:|1651122917
|switch|p2a: Marshadow|Marshadow|94/100
|turn|42
|
|t:|1651122928
|move|p1a: Kyurem|Icicle Spear|p2a: Marshadow
|-damage|p2a: Marshadow|63/100
|-damage|p2a: Marshadow|33/100
|-damage|p2a: Marshadow|0 fnt
|faint|p2a: Marshadow
|-hitcount|p2: Marshadow|3
|
|-weather|none
|-heal|p1a: Kyurem|82/100|[from] item: Leftovers
|upkeep
|
|t:|1651122937
|switch|p2a: Blastoise|Blastoise, F, shiny|100/100
|turn|43
|
|t:|1651122941
|detailschange|p2a: Blastoise|Blastoise-Mega, F, shiny
|-mega|p2a: Blastoise|Blastoise|Blastoisinite
|move|p1a: Kyurem|Fusion Bolt|p2a: Blastoise
|-supereffective|p2a: Blastoise
|-damage|p2a: Blastoise|0 fnt
|faint|p2a: Blastoise
|
|-heal|p1a: Kyurem|89/100|[from] item: Leftovers
|upkeep
|-message|Mrgrimmlock forfeited.
|
|win|digging your grave
|raw|digging your grave's rating: 1242 &rarr; <strong>1271</strong><br />(+29 for winning)
|raw|Mrgrimmlock's rating: 1294 &rarr; <strong>1265</strong><br />(-29 for losing)
|l|☆Mrgrimmlock
