|j|☆Defensive0
|j|☆Uber legend
|inactive|Battle timer is ON: inactive players will automatically lose when time's up.
|t:|1668713953
|gametype|singles
|player|p1|Defensive0|riley|
|player|p2|Uber legend|steven|
|teamsize|p1|6
|teamsize|p2|6
|gen|8
|tier|[Gen 8] National Dex AG
|rated|Tournament battle
|rule|HP Percentage Mod: HP is shown in percentages
|rule|Endless Battle Clause: Forcing endless battles is banned
|clearpoke
|poke|p1|Groudon|
|poke|p1|Ditto|
|poke|p1|Arceus-*|
|poke|p1|Mewtwo|
|poke|p1|Arceus-*|
|poke|p1|Yveltal|
|poke|p2|Ho-Oh|
|poke|p2|Cottonee, L1, F|
|poke|p2|Durant, F|
|poke|p2|Dugtrio, F|
|poke|p2|Zacian-*|
|poke|p2|Yveltal|
|teampreview
|j|*Lady Monita ☽
|j| BB-8-NU
|inactive|Defensive0 also wants the timer to be on.
|inactive|Uber legend also wants the timer to be on.
|j| minior fan
|c|☆Uber legend|Gl hf
|j| bvance121212
|c|☆Defensive0|Ah temp 6 cotton
|c|☆Uber legend|A true classic
|
|t:|1668713979
|start
|switch|p1a: Arceus|Arceus-Fairy|100/100
|switch|p2a: #7|Durant, F|100/100
|turn|1
|
|t:|1668713995
|switch|p1a: Groudon|Groudon|100/100
|detailschange|p1a: Groudon|Groudon-Primal
|-primal|p1a: Groudon
|-weather|DesolateLand|[from] ability: Desolate Land|[of] p1a: Groudon
|move|p2a: #7|Iron Head|p1a: Groudon
|-resisted|p1a: Groudon
|-damage|p1a: Groudon|88/100
|
|-weather|DesolateLand|[upkeep]
|upkeep
|turn|2
|c|☆Uber legend|Whoa omegas are allowed?
|c|☆Uber legend|Spicy
|
|t:|1668714019
|switch|p2a: approaching me?|Ho-Oh|100/100
|move|p1a: Groudon|Heat Crash|p2a: approaching me?
|-resisted|p2a: approaching me?
|-damage|p2a: approaching me?|58/100
|
|-weather|DesolateLand|[upkeep]
|upkeep
|turn|3
|inactive|Uber legend has 120 seconds left.
|
|t:|1668714036
|move|p1a: Groudon|Stone Edge|p2a: approaching me?
|-supereffective|p2a: approaching me?
|-damage|p2a: approaching me?|0 fnt
|faint|p2a: approaching me?
|
|-weather|DesolateLand|[upkeep]
|upkeep
|c|☆Uber legend|Waaa
|inactive|Uber legend has 120 seconds left.
|
|t:|1668714042
|switch|p2a: #7|Durant, F|100/100
|turn|4
|
|t:|1668714047
|move|p2a: #7|Entrainment|p1a: Groudon
|-weather|none
|-endability|p1a: Groudon|Desolate Land|[from] move: Entrainment
|-ability|p1a: Groudon|Truant|[from] move: Entrainment
|move|p1a: Groudon|Heat Crash|p2a: #7
|-supereffective|p2a: #7
|-damage|p2a: #7|0 fnt
|faint|p2a: #7
|
|upkeep
|
|t:|1668714055
|switch|p2a: Dug-triggered|Dugtrio, F|100/100
|turn|5
|c|☆Defensive0|Oh this trick nice
|
|t:|1668714062
|move|p2a: Dug-triggered|Stealth Rock|p1a: Groudon
|-sidestart|p1: Defensive0|move: Stealth Rock
|cant|p1a: Groudon|ability: Truant
|
|upkeep
|turn|6
|
|t:|1668714067
|move|p2a: Dug-triggered|Protect|p2a: Dug-triggered
|-singleturn|p2a: Dug-triggered|Protect
|move|p1a: Groudon|Heat Crash|p2a: Dug-triggered
|-activate|p2a: Dug-triggered|move: Protect
|
|upkeep
|turn|7
|c|☆Uber legend|I set it up
|c|☆Uber legend|But at what cost
|
|t:|1668714080
|move|p2a: Dug-triggered|Hone Claws|p2a: Dug-triggered
|-boost|p2a: Dug-triggered|atk|1
|-boost|p2a: Dug-triggered|accuracy|1
|cant|p1a: Groudon|ability: Truant
|
|upkeep
|turn|8
|
|t:|1668714086
|move|p2a: Dug-triggered|Protect|p2a: Dug-triggered
|-singleturn|p2a: Dug-triggered|Protect
|move|p1a: Groudon|Hone Claws|p1a: Groudon
|-boost|p1a: Groudon|atk|1
|-boost|p1a: Groudon|accuracy|1
|
|upkeep
|turn|9
|
|t:|1668714094
|move|p2a: Dug-triggered|Hone Claws|p2a: Dug-triggered
|-boost|p2a: Dug-triggered|atk|1
|-boost|p2a: Dug-triggered|accuracy|1
|cant|p1a: Groudon|ability: Truant
|
|upkeep
|turn|10
|
|t:|1668714101
|move|p2a: Dug-triggered|Protect|p2a: Dug-triggered
|-singleturn|p2a: Dug-triggered|Protect
|move|p1a: Groudon|Hone Claws|p1a: Groudon
|-boost|p1a: Groudon|atk|1
|-boost|p1a: Groudon|accuracy|1
|
|upkeep
|turn|11
|
|t:|1668714113
|move|p2a: Dug-triggered|Hone Claws|p2a: Dug-triggered
|-boost|p2a: Dug-triggered|atk|1
|-boost|p2a: Dug-triggered|accuracy|1
|cant|p1a: Groudon|ability: Truant
|
|upkeep
|turn|12
|
|t:|1668714119
|move|p2a: Dug-triggered|Protect|p2a: Dug-triggered
|-singleturn|p2a: Dug-triggered|Protect
|move|p1a: Groudon|Heat Crash|p2a: Dug-triggered
|-activate|p2a: Dug-triggered|move: Protect
|
|upkeep
|turn|13
|
|t:|1668714125
|move|p2a: Dug-triggered|Hone Claws|p2a: Dug-triggered
|-boost|p2a: Dug-triggered|atk|1
|-boost|p2a: Dug-triggered|accuracy|1
|cant|p1a: Groudon|ability: Truant
|
|upkeep
|turn|14
|
|t:|1668714132
|move|p2a: Dug-triggered|Protect|p2a: Dug-triggered
|-singleturn|p2a: Dug-triggered|Protect
|move|p1a: Groudon|Heat Crash|p2a: Dug-triggered
|-activate|p2a: Dug-triggered|move: Protect
|
|upkeep
|turn|15
|
|t:|1668714142
|move|p2a: Dug-triggered|Hone Claws|p2a: Dug-triggered
|-boost|p2a: Dug-triggered|atk|1
|-boost|p2a: Dug-triggered|accuracy|1
|cant|p1a: Groudon|ability: Truant
|
|upkeep
|turn|16
|j| iwasterrible
|c|☆Defensive0|I have mewtwo so I guess I can win
|
|t:|1668714153
|move|p2a: Dug-triggered|Protect|p2a: Dug-triggered
|-singleturn|p2a: Dug-triggered|Protect
|move|p1a: Groudon|Heat Crash|p2a: Dug-triggered
|-activate|p2a: Dug-triggered|move: Protect
|
|upkeep
|turn|17
|c|☆Uber legend|Hopefully
|
|t:|1668714160
|move|p2a: Dug-triggered|Hone Claws|p2a: Dug-triggered
|-boost|p2a: Dug-triggered|atk|1
|-boost|p2a: Dug-triggered|accuracy|1
|cant|p1a: Groudon|ability: Truant
|
|upkeep
|turn|18
|
|t:|1668714166
|move|p2a: Dug-triggered|Protect|p2a: Dug-triggered
|-singleturn|p2a: Dug-triggered|Protect
|move|p1a: Groudon|Heat Crash|p2a: Dug-triggered
|-activate|p2a: Dug-triggered|move: Protect
|
|upkeep
|turn|19
|
|t:|1668714172
|move|p2a: Dug-triggered|Stone Edge|p1a: Groudon
|-damage|p1a: Groudon|12/100
|cant|p1a: Groudon|ability: Truant
|
|upkeep
|turn|20
|c|☆Uber legend|Tbh
|c|☆Uber legend|I dont really know AG that well
|c|☆Uber legend|This is just my ubers team
|c|☆Uber legend|With zacian in it
|
|t:|1668714196
|move|p2a: Dug-triggered|Stone Edge|p1a: Groudon
|-crit|p1a: Groudon
|-damage|p1a: Groudon|0 fnt
|faint|p1a: Groudon
|
|upkeep
|c|☆Defensive0|I can see
|
|t:|1668714201
|switch|p1a: Mewtwo|Mewtwo|100/100
|-damage|p1a: Mewtwo|88/100|[from] Stealth Rock
|-ability|p1a: Mewtwo|Pressure
|turn|21
|
|t:|1668714207
|detailschange|p1a: Mewtwo|Mewtwo-Mega-X
|-mega|p1a: Mewtwo|Mewtwo|Mewtwonite X
|move|p1a: Mewtwo|Ice Beam|p2a: Dug-triggered
|-supereffective|p2a: Dug-triggered
|-enditem|p2a: Dug-triggered|Focus Sash
|-damage|p2a: Dug-triggered|1/100
|move|p2a: Dug-triggered|Stone Edge|p1a: Mewtwo
|-resisted|p1a: Mewtwo
|-crit|p1a: Mewtwo
|-damage|p1a: Mewtwo|11/100
|
|upkeep
|turn|22
|c|☆Uber legend|BEEFCAKES
|
|t:|1668714224
|move|p1a: Mewtwo|Ice Beam|p2a: Dug-triggered
|-supereffective|p2a: Dug-triggered
|-damage|p2a: Dug-triggered|0 fnt
|faint|p2a: Dug-triggered
|
|upkeep
|
|t:|1668714232
|switch|p2a: oin?|Zacian-Crowned, shiny|100/100
|-ability|p2a: oin?|Intrepid Sword|boost
|-boost|p2a: oin?|atk|1
|turn|23
|
|t:|1668714239
|move|p2a: oin?|Behemoth Blade|p1a: Mewtwo
|-damage|p1a: Mewtwo|0 fnt
|faint|p1a: Mewtwo
|
|upkeep
|
|t:|1668714242
|switch|p1a: Ditto|Ditto, shiny|100/100
|-damage|p1a: Ditto|88/100|[from] Stealth Rock
|-transform|p1a: Ditto|p2a: oin?|[from] ability: Imposter
|-ability|p1a: Ditto|Intrepid Sword|boost
|-boost|p1a: Ditto|atk|1
|turn|24
|c|☆Uber legend|Sus
|c|☆Defensive0|Scarf
|
|t:|1668714259
|move|p1a: Ditto|Behemoth Blade|p2a: oin?
|-damage|p2a: oin?|0 fnt
|faint|p2a: oin?
|
|upkeep
|
|t:|1668714264
|switch|p2a: Cotton|Cottonee, L1, F, shiny|100/100
|turn|25
|
|t:|1668714270
|switch|p1a: Yveltal|Yveltal, shiny|100/100
|-ability|p1a: Yveltal|Dark Aura
|move|p2a: Cotton|Leech Seed|p1a: Yveltal
|-hint|Since gen 7, Dark is immune to Prankster moves.
|-immune|p1a: Yveltal
|
|upkeep
|turn|26
|
|t:|1668714282
|switch|p1a: Arceus|Arceus-Fairy|100/100
|-damage|p1a: Arceus|88/100|[from] Stealth Rock
|switch|p2a: Birdman|Yveltal, shiny|100/100
|-ability|p2a: Birdman|Dark Aura
|
|upkeep
|turn|27
|l| bvance121212
|c|☆Uber legend|Hmmmm
|c|☆Uber legend|This does not
|c|☆Uber legend|I daresay
|c|☆Uber legend|Appear good
|
|t:|1668714301
|move|p2a: Birdman|Toxic|p1a: Arceus
|-status|p1a: Arceus|tox
|move|p1a: Arceus|Stealth Rock|p2a: Birdman
|-sidestart|p2: Uber legend|move: Stealth Rock
|
|-damage|p1a: Arceus|82/100 tox|[from] psn
|upkeep
|turn|28
|j| neckbeard007
|
|t:|1668714314
|switch|p2a: Cotton|Cottonee, L1, F, shiny|100/100
|-damage|p2a: Cotton|91/100|[from] Stealth Rock
|move|p1a: Arceus|Judgment|p2a: Cotton
|-damage|p2a: Cotton|0 fnt
|faint|p2a: Cotton
|
|-damage|p1a: Arceus|70/100 tox|[from] psn
|upkeep
|c|☆Uber legend|Yeah
|c|☆Defensive0|Gg
|c|☆Uber legend|That checks out
|c|☆Uber legend|Gg
|
|t:|1668714327
|switch|p2a: Birdman|Yveltal, shiny|100/100
|-ability|p2a: Birdman|Dark Aura
|turn|29
|
|t:|1668714331
|-start|p1a: Arceus|Dynamax|
|-heal|p1a: Arceus|70/100 tox|[silent]
|move|p2a: Birdman|Knock Off|p1a: Arceus
|-resisted|p1a: Arceus
|-damage|p1a: Arceus|63/100 tox
|move|p1a: Arceus|Max Starfall|p2a: Birdman
|-supereffective|p2a: Birdman
|-damage|p2a: Birdman|6/100
|-fieldstart|move: Misty Terrain
|
|-damage|p1a: Arceus|54/100 tox|[from] psn
|upkeep
|turn|30
|c|☆Uber legend|Oh yeah
|c|☆Uber legend|Dynamax is a thing
|c|☆Uber legend|That wouldve been good to remember
|
|t:|1668714354
|-start|p2a: Birdman|Dynamax|
|-heal|p2a: Birdman|6/100|[silent]
|move|p2a: Birdman|Max Guard|p2a: Birdman
|-singleturn|p2a: Birdman|Max Guard
|move|p1a: Arceus|Max Starfall|p2a: Birdman
|-activate|p2a: Birdman|move: Max Guard
|
|-damage|p1a: Arceus|42/100 tox|[from] psn
|upkeep
|turn|31
|j| Arcanine1929
|
|t:|1668714364
|move|p2a: Birdman|Max Guard||[still]
|-fail|p2a: Birdman
|move|p1a: Arceus|Max Starfall|p2a: Birdman
|-supereffective|p2a: Birdman
|-damage|p2a: Birdman|0 fnt
|faint|p2a: Birdman
|
|win|Defensive0
|n|☆Defensive0|defensive0
|n|☆Uber legend|uberlegend
|n|*Lady Monita ☽|ladymonita
|n| BB-8-NU|bb8nu
|n| minior fan|miniorfan
|n| iwasterrible|iwasterrible
|n| neckbeard007|neckbeard007
|n| Arcanine1929|arcanine1929
|l| BB-8-NU
|l|*Lady Monita ☽
|l| Arcanine1929
|c|☆Uber legend|Ggs
|l|☆Uber legend
|l| minior fan
|c|☆Defensive0|Gg
