|j|☆xianxin520
|j|☆Krooknotch
|t:|1668650226
|gametype|singles
|player|p1|xianxin520|lusamine-nihilego|1537
|player|p2|Krooknotch|li|1431
|teamsize|p1|6
|teamsize|p2|6
|gen|8
|tier|[Gen 8] National Dex AG
|rated|
|rule|HP Percentage Mod: HP is shown in percentages
|rule|Endless Battle Clause: Forcing endless battles is banned
|clearpoke
|poke|p1|Calyrex-Shadow|
|poke|p1|Necrozma-Dusk-Mane|
|poke|p1|Groudon|
|poke|p1|Zacian-*|
|poke|p1|Yveltal|
|poke|p1|Ditto|
|poke|p2|Tyranitar, M|
|poke|p2|Togedemaru, L1, F|
|poke|p2|Magnezone|
|poke|p2|Lapras, F|
|poke|p2|Aerodactyl, F|
|poke|p2|Chandelure, F|
|teampreview
|inactive|Battle timer is ON: inactive players will automatically lose when time's up. (requested by xianxin520)
|
|t:|1668650257
|start
|switch|p1a: Groudon|Groudon, shiny|100/100
|switch|p2a: Tyranitar|Tyranitar, M|100/100
|-weather|Sandstorm|[from] ability: Sand Stream|[of] p2a: Tyranitar
|detailschange|p1a: Groudon|Groudon-Primal, shiny
|-primal|p1a: Groudon
|-weather|DesolateLand|[from] ability: Desolate Land|[of] p1a: Groudon
|turn|1
|
|t:|1668650266
|switch|p2a: Aerodactyl|Aerodactyl, F|100/100
|move|p1a: Groudon|Stealth Rock|p2a: Aerodactyl
|-sidestart|p2: Krooknotch|move: Stealth Rock
|
|-weather|DesolateLand|[upkeep]
|upkeep
|turn|2
|
|t:|1668650273
|detailschange|p2a: Aerodactyl|Aerodactyl-Mega, F
|-mega|p2a: Aerodactyl|Aerodactyl|Aerodactylite
|move|p2a: Aerodactyl|Defog|p1a: Groudon
|-unboost|p1a: Groudon|evasion|1
|-sideend|p2: Krooknotch|Stealth Rock|[from] move: Defog|[of] p2a: Aerodactyl
|move|p1a: Groudon|Stone Edge|p2a: Aerodactyl|[miss]
|-miss|p1a: Groudon|p2a: Aerodactyl
|
|-weather|DesolateLand|[upkeep]
|upkeep
|turn|3
|
|t:|1668650284
|move|p2a: Aerodactyl|Iron Head|p1a: Groudon
|-resisted|p1a: Groudon
|-damage|p1a: Groudon|91/100
|move|p1a: Groudon|Stone Edge|p2a: Aerodactyl
|-supereffective|p2a: Aerodactyl
|-damage|p2a: Aerodactyl|9/100
|
|-weather|DesolateLand|[upkeep]
|upkeep
|turn|4
|
|t:|1668650294
|switch|p2a: Magnezone|Magnezone|100/100
|move|p1a: Groudon|Stealth Rock|p2a: Magnezone
|-sidestart|p2: Krooknotch|move: Stealth Rock
|
|-weather|DesolateLand|[upkeep]
|upkeep
|turn|5
|
|t:|1668650301
|move|p1a: Groudon|Precipice Blades|p2a: Magnezone
|-supereffective|p2a: Magnezone
|-damage|p2a: Magnezone|0 fnt
|faint|p2a: Magnezone
|
|-weather|DesolateLand|[upkeep]
|upkeep
|
|t:|1668650313
|switch|p2a: Togedemaru|Togedemaru, L1, F, shiny|100/100
|-damage|p2a: Togedemaru|92/100|[from] Stealth Rock
|turn|6
|
|t:|1668650319
|move|p2a: Togedemaru|Fake Out|p1a: Groudon
|-damage|p1a: Groudon|91/100
|-heal|p2a: Togedemaru|100/100|[from] item: Shell Bell|[of] p1a: Groudon
|cant|p1a: Groudon|flinch
|
|-weather|DesolateLand|[upkeep]
|upkeep
|turn|7
|
|t:|1668650323
|move|p1a: Groudon|Overheat|p2a: Togedemaru
|-supereffective|p2a: Togedemaru
|-ability|p2a: Togedemaru|Sturdy
|-damage|p2a: Togedemaru|9/100
|-unboost|p1a: Groudon|spa|2
|move|p2a: Togedemaru|Endeavor|p1a: Groudon
|-damage|p1a: Groudon|1/100
|-heal|p2a: Togedemaru|100/100|[from] item: Shell Bell|[of] p1a: Groudon
|
|-weather|DesolateLand|[upkeep]
|upkeep
|turn|8
|
|t:|1668650339
|switch|p2a: Aerodactyl|Aerodactyl-Mega, F|9/100
|-damage|p2a: Aerodactyl|0 fnt|[from] Stealth Rock
|faint|p2a: Aerodactyl
|move|p1a: Groudon|Precipice Blades|p2: Aerodactyl|[notarget]
|-fail|p1a: Groudon
|
|-weather|DesolateLand|[upkeep]
|upkeep
|inactive|Krooknotch has 120 seconds left.
|inactive|Krooknotch has 90 seconds left.
|
|t:|1668650402
|switch|p2a: Lapras|Lapras, F|100/100
|-damage|p2a: Lapras|76/100|[from] Stealth Rock
|turn|9
|
|t:|1668650412
|move|p2a: Lapras|Ice Shard|p1a: Groudon
|-damage|p1a: Groudon|0 fnt
|faint|p1a: Groudon
|-weather|none
|
|upkeep
|
|t:|1668650419
|switch|p1a: Calyrex|Calyrex-Shadow|100/100
|-ability|p1a: Calyrex|As One
|-ability|p1a: Calyrex|Unnerve
|turn|10
|
|t:|1668650426
|-start|p2a: Lapras|Dynamax|Gmax
|-heal|p2a: Lapras|76/100|[silent]
|move|p1a: Calyrex|Astral Barrage|p2a: Lapras
|-damage|p2a: Lapras|49/100
|move|p2a: Lapras|G-Max Resonance|p1a: Calyrex
|-damage|p1a: Calyrex|52/100
|-sidestart|p2: Krooknotch|move: Aurora Veil
|
|upkeep
|turn|11
|
|t:|1668650434
|move|p1a: Calyrex|Astral Barrage|p2a: Lapras
|-damage|p2a: Lapras|33/100
|move|p2a: Lapras|Max Geyser|p1a: Calyrex
|-damage|p1a: Calyrex|0 fnt
|-weather|RainDance
|faint|p1a: Calyrex
|
|-weather|RainDance|[upkeep]
|upkeep
|
|t:|1668650440
|switch|p1a: Zacian|Zacian-Crowned, shiny|100/100
|-ability|p1a: Zacian|Intrepid Sword|boost
|-boost|p1a: Zacian|atk|1
|turn|12
|inactive|Krooknotch has 120 seconds left.
|
|t:|1668650446
|move|p1a: Zacian|Behemoth Blade|p2a: Lapras
|-damage|p2a: Lapras|0 fnt
|faint|p2a: Lapras
|
|-weather|RainDance|[upkeep]
|upkeep
|inactive|Krooknotch has 120 seconds left.
|
|t:|1668650454
|switch|p2a: Togedemaru|Togedemaru, L1, F, shiny|100/100
|-damage|p2a: Togedemaru|92/100|[from] Stealth Rock
|turn|13
|
|t:|1668650476
|move|p2a: Togedemaru|Fake Out|p1a: Zacian
|-resisted|p1a: Zacian
|-damage|p1a: Zacian|99/100
|-heal|p2a: Togedemaru|100/100|[from] item: Shell Bell|[of] p1a: Zacian
|cant|p1a: Zacian|flinch
|
|-weather|RainDance|[upkeep]
|upkeep
|turn|14
|
|t:|1668650486
|move|p1a: Zacian|Swords Dance|p1a: Zacian
|-boost|p1a: Zacian|atk|2
|move|p2a: Togedemaru|Endeavor|p1a: Zacian
|-damage|p1a: Zacian|4/100
|
|-weather|RainDance|[upkeep]
|-sideend|p2: Krooknotch|move: Aurora Veil
|upkeep
|turn|15
|
|t:|1668650497
|move|p2a: Togedemaru|Spiky Shield|p2a: Togedemaru
|-singleturn|p2a: Togedemaru|move: Protect
|move|p1a: Zacian|Sacred Sword|p2a: Togedemaru
|-activate|p2a: Togedemaru|move: Protect
|-damage|p1a: Zacian|0 fnt|[from] Spiky Shield|[of] p2a: Togedemaru
|faint|p1a: Zacian
|
|-weather|none
|upkeep
|
|t:|1668650503
|switch|p1a: Yveltal|Yveltal, shiny|100/100
|-ability|p1a: Yveltal|Dark Aura
|turn|16
|
|t:|1668650509
|-start|p1a: Yveltal|Dynamax|
|-heal|p1a: Yveltal|100/100|[silent]
|move|p1a: Yveltal|Max Airstream|p2a: Togedemaru
|-resisted|p2a: Togedemaru
|-crit|p2a: Togedemaru
|-ability|p2a: Togedemaru|Sturdy
|-damage|p2a: Togedemaru|9/100
|-boost|p1a: Yveltal|spe|1
|-damage|p1a: Yveltal|96/100|[from] item: Life Orb
|move|p2a: Togedemaru|Endeavor|p1a: Yveltal
|-damage|p1a: Yveltal|48/100
|-heal|p2a: Togedemaru|100/100|[from] item: Shell Bell|[of] p1a: Yveltal
|
|upkeep
|turn|17
|
|t:|1668650515
|move|p1a: Yveltal|Max Flare|p2a: Togedemaru
|-supereffective|p2a: Togedemaru
|-ability|p2a: Togedemaru|Sturdy
|-damage|p2a: Togedemaru|9/100
|-weather|SunnyDay
|-damage|p1a: Yveltal|43/100|[from] item: Life Orb
|move|p2a: Togedemaru|Endeavor|p1a: Yveltal
|-damage|p1a: Yveltal|22/100
|-heal|p2a: Togedemaru|100/100|[from] item: Shell Bell|[of] p1a: Yveltal
|
|-weather|SunnyDay|[upkeep]
|upkeep
|turn|18
|
|t:|1668650521
|move|p1a: Yveltal|Max Flare|p2a: Togedemaru
|-supereffective|p2a: Togedemaru
|-ability|p2a: Togedemaru|Sturdy
|-damage|p2a: Togedemaru|9/100
|-damage|p1a: Yveltal|17/100|[from] item: Life Orb
|move|p2a: Togedemaru|Endeavor|p1a: Yveltal
|-damage|p1a: Yveltal|9/100
|-heal|p2a: Togedemaru|75/100|[from] item: Shell Bell|[of] p1a: Yveltal
|
|-weather|SunnyDay|[upkeep]
|upkeep
|-end|p1a: Yveltal|Dynamax
|-heal|p1a: Yveltal|9/100|[silent]
|turn|19
|
|t:|1668650530
|move|p1a: Yveltal|Heat Wave|p2a: Togedemaru
|-supereffective|p2a: Togedemaru
|-damage|p2a: Togedemaru|0 fnt
|faint|p2a: Togedemaru
|-damage|p1a: Yveltal|0 fnt|[from] item: Life Orb
|faint|p1a: Yveltal
|
|-weather|SunnyDay|[upkeep]
|upkeep
|
|t:|1668650555
|switch|p1a: Necrozma|Necrozma-Dusk-Mane|100/100
|switch|p2a: Chandelure|Chandelure, F|100/100
|-damage|p2a: Chandelure|76/100|[from] Stealth Rock
|turn|20
|
|t:|1668650566
|move|p2a: Chandelure|Overheat|p1a: Necrozma
|-supereffective|p1a: Necrozma
|-damage|p1a: Necrozma|0 fnt
|-unboost|p2a: Chandelure|spa|2
|faint|p1a: Necrozma
|
|-weather|SunnyDay|[upkeep]
|upkeep
|
|t:|1668650569
|switch|p1a: Ditto|Ditto, shiny|100/100
|-transform|p1a: Ditto|p2a: Chandelure|[from] ability: Imposter
|turn|21
|
|t:|1668650578
|switch|p2a: Tyranitar|Tyranitar, M|100/100
|-damage|p2a: Tyranitar|88/100|[from] Stealth Rock
|-weather|Sandstorm|[from] ability: Sand Stream|[of] p2a: Tyranitar
|move|p1a: Ditto|Energy Ball|p2a: Tyranitar
|-supereffective|p2a: Tyranitar
|-damage|p2a: Tyranitar|67/100
|-unboost|p2a: Tyranitar|spd|1
|
|-weather|Sandstorm|[upkeep]
|-damage|p1a: Ditto|94/100|[from] Sandstorm
|upkeep
|turn|22
|
|t:|1668650591
|move|p1a: Ditto|Energy Ball|p2a: Tyranitar
|-supereffective|p2a: Tyranitar
|-damage|p2a: Tyranitar|39/100
|move|p2a: Tyranitar|Dark Pulse|p1a: Ditto
|-supereffective|p1a: Ditto
|-crit|p1a: Ditto
|-damage|p1a: Ditto|0 fnt
|faint|p1a: Ditto
|
|win|Krooknotch
|raw|xianxin520's rating: 1537 &rarr; <strong>1511</strong><br />(-26 for losing)
|raw|Krooknotch's rating: 1431 &rarr; <strong>1457</strong><br />(+26 for winning)
|c|☆Krooknotch|Gg
|c|☆xianxin520|你gg你妈
|c|☆xianxin520|有没有素质
|c|☆xianxin520|恶心人赢了就gg?
||Ladder isn't responding, score probably updated but might not have (Request timeout).
|c|☆xianxin520|你们外国人素质课真棒
|c|☆xianxin520|可
|c|☆xianxin520|无语了
|c|☆xianxin520|恶心人的人你人也恶心
|l|☆xianxin520
