|j|☆RUiNtheExtinct
|j|☆rowletroost
|t:|1637465862
|gametype|singles
|player|p1|RUiNtheExtinct|red-gen7|1790
|player|p2|rowletroost|candice|1813
|teamsize|p1|6
|teamsize|p2|6
|gen|8
|tier|[Gen 8] National Dex AG
|rated|
|rule|HP Percentage Mod: HP is shown in percentages
|rule|Endless Battle Clause: Forcing endless battles is banned
|clearpoke
|poke|p1|Groudon|
|poke|p1|Calyrex-Shadow|
|poke|p1|Ditto|
|poke|p1|Zacian-*|
|poke|p1|Yveltal|
|poke|p1|Arceus-*|
|poke|p2|Arceus-*|
|poke|p2|Xerneas-*|
|poke|p2|Kyogre|
|poke|p2|Marshadow|
|poke|p2|Ribombee, M|
|poke|p2|Vivillon-Savanna, F|
|teampreview
|inactive|Battle timer is ON: inactive players will automatically lose when time's up. (requested by rowletroost)
|
|t:|1637465871
|start
|switch|p1a: Groudon|Groudon|100/100
|switch|p2a: Arceus|Arceus-Ground|100/100
|detailschange|p1a: Groudon|Groudon-Primal
|-primal|p1a: Groudon
|-weather|DesolateLand|[from] ability: Desolate Land|[of] p1a: Groudon
|turn|1
|
|t:|1637465878
|move|p2a: Arceus|Ice Beam|p1a: Groudon
|-damage|p1a: Groudon|75/100
|move|p1a: Groudon|Stealth Rock|p2a: Arceus
|-sidestart|p2: rowletroost|move: Stealth Rock
|
|-weather|DesolateLand|[upkeep]
|upkeep
|turn|2
|j| An11OldNameRaymond
|
|t:|1637465889
|-weather|none
|switch|p1a: Yveltal|Yveltal|100/100
|-ability|p1a: Yveltal|Dark Aura
|move|p2a: Arceus|Defog|p1a: Yveltal
|-unboost|p1a: Yveltal|evasion|1
|-sideend|p2: rowletroost|Stealth Rock|[from] move: Defog|[of] p2a: Arceus
|
|upkeep
|turn|3
|
|t:|1637465897
|switch|p2a: Kyogre|Kyogre, shiny|100/100
|detailschange|p2a: Kyogre|Kyogre-Primal, shiny
|-primal|p2a: Kyogre
|-weather|PrimordialSea|[from] ability: Primordial Sea|[of] p2a: Kyogre
|move|p1a: Yveltal|Dark Pulse|p2a: Kyogre
|-damage|p2a: Kyogre|62/100
|-damage|p1a: Yveltal|91/100|[from] item: Life Orb
|
|-weather|PrimordialSea|[upkeep]
|upkeep
|turn|4
|
|t:|1637465909
|move|p1a: Yveltal|Knock Off|p2a: Kyogre
|-damage|p2a: Kyogre|14/100
|-damage|p1a: Yveltal|81/100|[from] item: Life Orb
|move|p2a: Kyogre|Ice Beam|p1a: Yveltal
|-supereffective|p1a: Yveltal
|-damage|p1a: Yveltal|9/100
|
|-weather|PrimordialSea|[upkeep]
|upkeep
|turn|5
|
|t:|1637465917
|-weather|none
|switch|p2a: Arceus|Arceus-Ground|100/100
|move|p1a: Yveltal|Oblivion Wing|p2a: Arceus
|-crit|p2a: Arceus
|-damage|p2a: Arceus|48/100
|-heal|p1a: Yveltal|53/100|[from] drain|[of] p2a: Arceus
|-damage|p1a: Yveltal|43/100|[from] item: Life Orb
|
|upkeep
|turn|6
|l| An11OldNameRaymond
|
|t:|1637465926
|move|p1a: Yveltal|Dark Pulse|p2a: Arceus
|-damage|p2a: Arceus|0 fnt
|faint|p2a: Arceus
|-damage|p1a: Yveltal|33/100|[from] item: Life Orb
|
|upkeep
|
|t:|1637465930
|switch|p2a: Ribombee|Ribombee, M, shiny|100/100
|turn|7
|
|t:|1637465934
|switch|p1a: Groudon|Groudon-Primal|75/100
|-weather|DesolateLand|[from] ability: Desolate Land|[of] p1a: Groudon
|move|p2a: Ribombee|Sticky Web|p1a: Groudon
|-sidestart|p1: RUiNtheExtinct|move: Sticky Web
|
|-weather|DesolateLand|[upkeep]
|upkeep
|turn|8
|
|t:|1637465943
|switch|p2a: Vivillon|Vivillon-Savanna, F|100/100
|move|p1a: Groudon|Stealth Rock|p2a: Vivillon
|-sidestart|p2: rowletroost|move: Stealth Rock
|
|-weather|DesolateLand|[upkeep]
|upkeep
|turn|9
|
|t:|1637465949
|move|p2a: Vivillon|Sleep Powder|p1a: Groudon
|-status|p1a: Groudon|slp|[from] move: Sleep Powder
|cant|p1a: Groudon|slp
|
|-weather|DesolateLand|[upkeep]
|upkeep
|turn|10
|
|t:|1637465954
|move|p2a: Vivillon|Substitute|p2a: Vivillon
|-start|p2a: Vivillon|Substitute
|-damage|p2a: Vivillon|76/100
|cant|p1a: Groudon|slp
|
|-weather|DesolateLand|[upkeep]
|-heal|p2a: Vivillon|82/100|[from] item: Leftovers
|upkeep
|turn|11
|j| snwlprd
|
|t:|1637465961
|move|p2a: Vivillon|Quiver Dance|p2a: Vivillon
|-boost|p2a: Vivillon|spa|1
|-boost|p2a: Vivillon|spd|1
|-boost|p2a: Vivillon|spe|1
|cant|p1a: Groudon|slp
|
|-weather|DesolateLand|[upkeep]
|-heal|p2a: Vivillon|88/100|[from] item: Leftovers
|upkeep
|turn|12
|
|t:|1637465968
|move|p2a: Vivillon|Hurricane|p1a: Groudon
|-damage|p1a: Groudon|6/100 slp
|-curestatus|p1a: Groudon|slp|[msg]
|move|p1a: Groudon|Heat Crash|p2a: Vivillon
|-supereffective|p2a: Vivillon
|-end|p2a: Vivillon|Substitute
|
|-weather|DesolateLand|[upkeep]
|-heal|p2a: Vivillon|94/100|[from] item: Leftovers
|upkeep
|turn|13
|
|t:|1637465984
|-weather|none
|switch|p1a: Ditto|Ditto|100/100
|-activate|p1a: Ditto|move: Sticky Web
|-unboost|p1a: Ditto|spe|1
|-transform|p1a: Ditto|p2a: Vivillon|[from] ability: Imposter
|move|p2a: Vivillon|Sleep Powder|p1a: Ditto
|-status|p1a: Ditto|slp|[from] move: Sleep Powder
|
|-heal|p2a: Vivillon|99/100|[from] item: Leftovers
|upkeep
|turn|14
|
|t:|1637466001
|-start|p1a: Ditto|Dynamax
|-heal|p1a: Ditto|100/100 slp|[silent]
|cant|p1a: Ditto|slp
|move|p2a: Vivillon|Hurricane|p1a: Ditto
|-supereffective|p1a: Ditto
|-damage|p1a: Ditto|10/100 slp
|-start|p1a: Ditto|confusion
|
|-heal|p2a: Vivillon|100/100|[from] item: Leftovers
|upkeep
|turn|15
|
|t:|1637466012
|-curestatus|p1a: Ditto|slp|[msg]
|-activate|p1a: Ditto|confusion
|-damage|p1a: Ditto|6/100|[from] confusion
|move|p2a: Vivillon|Hurricane|p1a: Ditto|[miss]
|-miss|p2a: Vivillon|p1a: Ditto
|
|upkeep
|turn|16
|
|t:|1637466024
|-activate|p1a: Ditto|confusion
|-damage|p1a: Ditto|2/100|[from] confusion
|move|p2a: Vivillon|Hurricane|p1a: Ditto
|-supereffective|p1a: Ditto
|-damage|p1a: Ditto|0 fnt
|faint|p1a: Ditto
|
|upkeep
|c|☆RUiNtheExtinct|srsly
|
|t:|1637466038
|switch|p1a: Arceus|Arceus|100/100
|-activate|p1a: Arceus|move: Sticky Web
|-unboost|p1a: Arceus|spe|1
|turn|17
|c|☆rowletroost|yes fuck ditto
|c|☆RUiNtheExtinct|confusion at all turns
|
|t:|1637466054
|-start|p2a: Vivillon|Dynamax
|-heal|p2a: Vivillon|100/100|[silent]
|move|p1a: Arceus|Extreme Speed|p2a: Vivillon
|-damage|p2a: Vivillon|61/100
|move|p2a: Vivillon|Max Airstream|p1a: Arceus
|-damage|p1a: Arceus|47/100
|-boost|p2a: Vivillon|spe|1
|
|-heal|p2a: Vivillon|64/100|[from] item: Leftovers
|upkeep
|turn|18
|
|t:|1637466066
|move|p1a: Arceus|Extreme Speed|p2a: Vivillon
|-damage|p2a: Vivillon|25/100
|move|p2a: Vivillon|Max Airstream|p1a: Arceus
|-damage|p1a: Arceus|0 fnt
|-boost|p2a: Vivillon|spe|1
|faint|p1a: Arceus
|
|-heal|p2a: Vivillon|28/100|[from] item: Leftovers
|upkeep
|
|t:|1637466078
|switch|p1a: Zacian|Zacian-Crowned|100/100
|-activate|p1a: Zacian|move: Sticky Web
|-unboost|p1a: Zacian|spe|1
|-ability|p1a: Zacian|Intrepid Sword|boost
|-boost|p1a: Zacian|atk|1
|turn|19
|
|t:|1637466084
|move|p2a: Vivillon|Max Guard|p2a: Vivillon
|-singleturn|p2a: Vivillon|Max Guard
|move|p1a: Zacian|Behemoth Blade|p2a: Vivillon
|-activate|p2a: Vivillon|move: Max Guard
|
|-heal|p2a: Vivillon|31/100|[from] item: Leftovers
|-end|p2a: Vivillon|Dynamax
|-heal|p2a: Vivillon|31/100|[silent]
|upkeep
|turn|20
|
|t:|1637466092
|move|p2a: Vivillon|Sleep Powder|p1a: Zacian
|-status|p1a: Zacian|slp|[from] move: Sleep Powder
|cant|p1a: Zacian|slp
|
|-heal|p2a: Vivillon|37/100|[from] item: Leftovers
|upkeep
|turn|21
|
|t:|1637466099
|move|p2a: Vivillon|Substitute|p2a: Vivillon
|-start|p2a: Vivillon|Substitute
|-damage|p2a: Vivillon|12/100
|cant|p1a: Zacian|slp
|
|-heal|p2a: Vivillon|18/100|[from] item: Leftovers
|upkeep
|turn|22
|
|t:|1637466105
|move|p2a: Vivillon|Hurricane|p1a: Zacian
|-resisted|p1a: Zacian
|-damage|p1a: Zacian|67/100 slp
|cant|p1a: Zacian|slp
|
|-heal|p2a: Vivillon|24/100|[from] item: Leftovers
|upkeep
|turn|23
|
|t:|1637466113
|move|p2a: Vivillon|Hurricane|p1a: Zacian
|-resisted|p1a: Zacian
|-damage|p1a: Zacian|34/100 slp
|-curestatus|p1a: Zacian|slp|[msg]
|move|p1a: Zacian|Substitute|p1a: Zacian
|-start|p1a: Zacian|Substitute
|-damage|p1a: Zacian|9/100
|
|-heal|p2a: Vivillon|30/100|[from] item: Leftovers
|upkeep
|turn|24
|
|t:|1637466121
|move|p2a: Vivillon|Hurricane|p1a: Zacian
|-resisted|p1a: Zacian
|-end|p1a: Zacian|Substitute
|move|p1a: Zacian|Behemoth Blade|p2a: Vivillon
|-end|p2a: Vivillon|Substitute
|
|-heal|p2a: Vivillon|36/100|[from] item: Leftovers
|upkeep
|turn|25
|
|t:|1637466130
|move|p2a: Vivillon|Sleep Powder|p1a: Zacian
|-status|p1a: Zacian|slp|[from] move: Sleep Powder
|cant|p1a: Zacian|slp
|
|-heal|p2a: Vivillon|42/100|[from] item: Leftovers
|upkeep
|turn|26
|-message|RUiNtheExtinct forfeited.
|
|win|rowletroost
|raw|RUiNtheExtinct's rating: 1790 &rarr; <strong>1771</strong><br />(-19 for losing)
|raw|rowletroost's rating: 1813 &rarr; <strong>1832</strong><br />(+19 for winning)
|l|☆RUiNtheExtinct
