|j|☆PlayRisky4NoReason
|j|☆C0ld as Ice
|inactive|Battle timer is ON: inactive players will automatically lose when time's up.
|t:|1647505460
|gametype|singles
|player|p1|PlayRisky4NoReason|pokemonbreederf-gen4|
|player|p2|C0ld as Ice|schoolkid-gen4dp|
|teamsize|p1|6
|teamsize|p2|6
|gen|8
|tier|[Gen 8] National Dex AG
|rated|Tournament battle
|rule|HP Percentage Mod: HP is shown in percentages
|rule|Endless Battle Clause: Forcing endless battles is banned
|clearpoke
|poke|p1|Darkrai|
|poke|p1|Zacian-*|
|poke|p1|Groudon|
|poke|p1|Arceus-*|
|poke|p1|Lugia|
|poke|p1|Rayquaza|
|poke|p2|Calyrex-Shadow|
|poke|p2|Arceus-*|
|poke|p2|Lugia|
|poke|p2|Marshadow|
|poke|p2|Donphan, F|
|poke|p2|Smeargle, M|
|teampreview
|inactive|C0ld as Ice also wants the timer to be on.
|j| LaprasPlayer
|
|t:|1647505465
|start
|switch|p1a: Darkrai|Darkrai|100/100
|switch|p2a: Arceus|Arceus|100/100
|turn|1
|j| Opnoob 598
|c| Opnoob 598|Wow
|
|t:|1647505471
|switch|p1a: Lugia|Lugia|100/100
|move|p2a: Arceus|Extreme Speed|p1a: Lugia
|-damage|p1a: Lugia|90/100
|
|upkeep
|turn|2
|
|t:|1647505478
|switch|p2a: Donphan|Donphan, F|100/100
|move|p1a: Lugia|Toxic|p2a: Donphan
|-status|p2a: Donphan|tox
|
|-damage|p2a: Donphan|94/100 tox|[from] psn
|upkeep
|turn|3
|
|t:|1647505484
|switch|p1a: Darkrai|Darkrai|100/100
|move|p2a: Donphan|Toxic|p1a: Darkrai
|-status|p1a: Darkrai|tox
|
|-damage|p1a: Darkrai|94/100 tox|[from] psn
|-damage|p2a: Donphan|82/100 tox|[from] psn
|upkeep
|turn|4
|
|t:|1647505488
|move|p1a: Darkrai|Dark Pulse|p2a: Donphan
|-damage|p2a: Donphan|23/100 tox
|cant|p2a: Donphan|flinch
|
|-damage|p1a: Darkrai|82/100 tox|[from] psn
|-damage|p2a: Donphan|5/100 tox|[from] psn
|upkeep
|turn|5
|
|t:|1647505491
|move|p1a: Darkrai|Dark Pulse|p2a: Donphan
|-damage|p2a: Donphan|0 fnt
|faint|p2a: Donphan
|
|-damage|p1a: Darkrai|64/100 tox|[from] psn
|upkeep
|c|☆PlayRisky4NoReason|sry
|c| LaprasPlayer|gl
|j| Crunchman
|j|@Frito ❤
|
|t:|1647505500
|switch|p2a: Arceus|Arceus|100/100
|turn|6
|
|t:|1647505510
|switch|p1a: Zacian|Zacian-Crowned|100/100
|-ability|p1a: Zacian|Intrepid Sword|boost
|-boost|p1a: Zacian|atk|1
|move|p2a: Arceus|Extreme Speed|p1a: Zacian
|-resisted|p1a: Zacian
|-damage|p1a: Zacian|80/100
|
|upkeep
|turn|7
|
|t:|1647505515
|switch|p2a: Marshadow|Marshadow|100/100
|move|p1a: Zacian|Close Combat|p2a: Marshadow
|-immune|p2a: Marshadow
|
|upkeep
|turn|8
|c|@Frito ❤|you are actually incapable of loading a good team istg
|c|☆PlayRisky4NoReason|LOL
|j| oceanicintrovertt
|j| JobraCannon
|
|t:|1647505530
|switch|p1a: Groudon|Groudon|100/100
|detailschange|p1a: Groudon|Groudon-Primal
|-primal|p1a: Groudon
|-weather|DesolateLand|[from] ability: Desolate Land|[of] p1a: Groudon
|move|p2a: Marshadow|Spectral Thief|p1a: Groudon
|-damage|p1a: Groudon|80/100
|
|-weather|DesolateLand|[upkeep]
|upkeep
|turn|9
|
|t:|1647505532
|switch|p2a: Smeargle|Smeargle, M|100/100
|move|p1a: Groudon|Stealth Rock|p2a: Smeargle
|-sidestart|p2: C0ld as Ice|move: Stealth Rock
|
|-weather|DesolateLand|[upkeep]
|upkeep
|turn|10
|l| Opnoob 598
|
|t:|1647505537
|-weather|none
|switch|p1a: Darkrai|Darkrai|64/100 tox
|move|p2a: Smeargle|Rapid Spin|p1a: Darkrai
|-damage|p1a: Darkrai|56/100 tox
|-boost|p2a: Smeargle|spe|1
|-sideend|p2: C0ld as Ice|Stealth Rock|[from] move: Rapid Spin|[of] p2a: Smeargle
|
|-damage|p1a: Darkrai|50/100 tox|[from] psn
|upkeep
|turn|11
|
|t:|1647505545
|move|p2a: Smeargle|Taunt|p1a: Darkrai
|-start|p1a: Darkrai|move: Taunt
|move|p1a: Darkrai|Dark Pulse|p2a: Smeargle
|-damage|p2a: Smeargle|8/100
|
|-damage|p1a: Darkrai|38/100 tox|[from] psn
|upkeep
|turn|12
|
|t:|1647505548
|switch|p1a: Rayquaza|Rayquaza|100/100
|-ability|p1a: Rayquaza|Air Lock
|move|p2a: Smeargle|Sticky Web|p1a: Rayquaza
|-sidestart|p1: PlayRisky4NoReason|move: Sticky Web
|
|upkeep
|turn|13
|
|t:|1647505551
|detailschange|p1a: Rayquaza|Rayquaza-Mega
|-mega|p1a: Rayquaza|Rayquaza|
|-weather|DeltaStream|[from] ability: Delta Stream|[of] p1a: Rayquaza
|move|p1a: Rayquaza|Extreme Speed|p2a: Smeargle
|-damage|p2a: Smeargle|0 fnt
|faint|p2a: Smeargle
|
|-weather|DeltaStream|[upkeep]
|upkeep
|
|t:|1647505563
|switch|p2a: Arceus|Arceus|100/100
|turn|14
|
|t:|1647505570
|move|p1a: Rayquaza|Dragon Dance|p1a: Rayquaza
|-boost|p1a: Rayquaza|atk|1
|-boost|p1a: Rayquaza|spe|1
|move|p2a: Arceus|Swords Dance|p2a: Arceus
|-boost|p2a: Arceus|atk|2
|
|-weather|DeltaStream|[upkeep]
|upkeep
|turn|15
|
|t:|1647505575
|move|p2a: Arceus|Extreme Speed|p1a: Rayquaza
|-damage|p1a: Rayquaza|15/100
|move|p1a: Rayquaza|Dragon Ascent|p2a: Arceus
|-damage|p2a: Arceus|13/100
|-unboost|p1a: Rayquaza|def|1
|-unboost|p1a: Rayquaza|spd|1
|
|-weather|DeltaStream|[upkeep]
|upkeep
|turn|16
|
|t:|1647505580
|switch|p2a: Marshadow|Marshadow|100/100
|move|p1a: Rayquaza|Extreme Speed|p2a: Marshadow
|-immune|p2a: Marshadow
|
|-weather|DeltaStream|[upkeep]
|upkeep
|turn|17
|
|t:|1647505585
|-weather|none
|switch|p1a: Groudon|Groudon-Primal|80/100
|-activate|p1a: Groudon|move: Sticky Web
|-unboost|p1a: Groudon|spe|1
|-weather|DesolateLand|[from] ability: Desolate Land|[of] p1a: Groudon
|move|p2a: Marshadow|Shadow Sneak|p1a: Groudon
|-damage|p1a: Groudon|66/100
|
|-weather|DesolateLand|[upkeep]
|upkeep
|turn|18
|
|t:|1647505591
|switch|p2a: Calyrex|Calyrex-Shadow|100/100
|-ability|p2a: Calyrex|As One
|-ability|p2a: Calyrex|Unnerve
|move|p1a: Groudon|Precipice Blades|p2a: Calyrex
|-damage|p2a: Calyrex|23/100
|
|-weather|DesolateLand|[upkeep]
|upkeep
|turn|19
|
|t:|1647505594
|-weather|none
|switch|p1a: Arceus|Arceus-Dark|100/100
|-activate|p1a: Arceus|move: Sticky Web
|-unboost|p1a: Arceus|spe|1
|move|p2a: Calyrex|Astral Barrage|p1a: Arceus
|-resisted|p1a: Arceus
|-damage|p1a: Arceus|81/100
|
|upkeep
|turn|20
|
|t:|1647505597
|switch|p2a: Arceus|Arceus|13/100
|move|p1a: Arceus|Defog|p2a: Arceus
|-unboost|p2a: Arceus|evasion|1
|-sideend|p1: PlayRisky4NoReason|Sticky Web|[from] move: Defog|[of] p1a: Arceus
|
|upkeep
|turn|21
|
|t:|1647505603
|switch|p1a: Zacian|Zacian-Crowned|80/100
|-ability|p1a: Zacian|Intrepid Sword|boost
|-boost|p1a: Zacian|atk|1
|-zpower|p2a: Arceus
|move|p2a: Arceus|Breakneck Blitz|p1a: Zacian|[zeffect]
|-resisted|p1a: Zacian
|-crit|p1a: Zacian
|-damage|p1a: Zacian|7/100
|
|upkeep
|turn|22
|
|t:|1647505609
|switch|p1a: Arceus|Arceus-Dark|81/100
|move|p2a: Arceus|Extreme Speed|p1a: Arceus
|-damage|p1a: Arceus|50/100
|
|upkeep
|turn|23
|
|t:|1647505616
|move|p2a: Arceus|Giga Impact|p1a: Arceus
|-damage|p1a: Arceus|0 fnt
|-mustrecharge|p2a: Arceus
|faint|p1a: Arceus
|
|upkeep
|
|t:|1647505621
|switch|p1a: Rayquaza|Rayquaza-Mega|15/100
|-weather|DeltaStream|[from] ability: Delta Stream|[of] p1a: Rayquaza
|turn|24
|
|t:|1647505623
|move|p1a: Rayquaza|Earthquake|p2a: Arceus
|-damage|p2a: Arceus|0 fnt
|faint|p2a: Arceus
|
|-weather|DeltaStream|[upkeep]
|upkeep
|j|+AGCL6 Swas
|
|t:|1647505628
|switch|p2a: Calyrex|Calyrex-Shadow|23/100
|-ability|p2a: Calyrex|As One
|-ability|p2a: Calyrex|Unnerve
|turn|25
|c|☆PlayRisky4NoReason|where did my
|c|☆PlayRisky4NoReason|darkceus go
|
|t:|1647505637
|-weather|none
|switch|p1a: Zacian|Zacian-Crowned|7/100
|-ability|p1a: Zacian|Intrepid Sword|boost
|-boost|p1a: Zacian|atk|1
|move|p2a: Calyrex|Astral Barrage|p1a: Zacian
|-damage|p1a: Zacian|0 fnt
|faint|p1a: Zacian
|-ability|p2a: Calyrex|Grim Neigh|boost
|-boost|p2a: Calyrex|spa|1
|
|upkeep
|
|t:|1647505639
|switch|p1a: Lugia|Lugia|90/100
|turn|26
|
|t:|1647505646
|-start|p1a: Lugia|Dynamax
|-heal|p1a: Lugia|90/100|[silent]
|move|p2a: Calyrex|Baton Pass|p2a: Calyrex
|
|t:|1647505649
|switch|p2a: Lugia|Lugia|100/100|[from]move: Baton Pass
|move|p1a: Lugia|Max Hailstorm|p2a: Lugia
|-supereffective|p2a: Lugia
|-damage|p2a: Lugia|84/100
|-weather|Hail
|-enditem|p2a: Lugia|Weakness Policy
|-boost|p2a: Lugia|atk|2|[from] item: Weakness Policy
|-boost|p2a: Lugia|spa|2|[from] item: Weakness Policy
|
|-weather|Hail|[upkeep]
|-damage|p2a: Lugia|78/100|[from] Hail
|-damage|p1a: Lugia|87/100|[from] Hail
|upkeep
|turn|27
|c|+AGCL6 Swas|gg
|-message|PlayRisky4NoReason forfeited.
|
|win|C0ld as Ice
|n|☆PlayRisky4NoReason|playrisky4noreason
|n|☆C0ld as Ice|c0ldasice
|n| LaprasPlayer|laprasplayer
|n| Crunchman|crunchman
|n|+Frito ❤|frito
|n| oceanicintrovertt|oceanicintrovertt
|n| JobraCannon|jobracannon
|n| AGCL6 Swas|agcl6swas
|c| JobraCannon|It died
|c| AGCL6 Swas|gg
|c|☆PlayRisky4NoReason|n one saw that
|c| LaprasPlayer|Gg
|c| JobraCannon|gg
|l|☆PlayRisky4NoReason
|l|+Frito ❤
|l| AGCL6 Swas
|l| JobraCannon
|l| LaprasPlayer
|l| Crunchman
|l| oceanicintrovertt
|j|☆PlayRisky4NoReason
|player|p1|PlayRisky4NoReason|pokemonbreederf-gen4
