|j|☆sleepybulbasaur
|j|☆OnTheGrindTo1
|t:|1655500240
|gametype|singles
|player|p1|sleepybulbasaur|jogger|1600
|player|p2|OnTheGrindTo1|unknown|1662
|teamsize|p1|6
|teamsize|p2|6
|gen|8
|tier|[Gen 8] National Dex AG
|rated|
|rule|HP Percentage Mod: HP is shown in percentages
|rule|Endless Battle Clause: Forcing endless battles is banned
|clearpoke
|poke|p1|Groudon|
|poke|p1|Yveltal|
|poke|p1|Arceus-*|
|poke|p1|Grimmsnarl, M|
|poke|p1|Zacian-*|
|poke|p1|Ditto|
|poke|p2|Rayquaza|
|poke|p2|Zacian-*|
|poke|p2|Calyrex-Shadow|
|poke|p2|Ditto|
|poke|p2|Yveltal|
|poke|p2|Kyogre|
|teampreview
|inactive|Battle timer is ON: inactive players will automatically lose when time's up. (requested by OnTheGrindTo1)
|
|t:|1655500260
|start
|switch|p1a: Grimmsnarl|Grimmsnarl, M|100/100
|switch|p2a: Calyrex|Calyrex-Shadow|100/100
|-ability|p2a: Calyrex|As One
|-ability|p2a: Calyrex|Unnerve
|turn|1
|
|t:|1655500271
|move|p1a: Grimmsnarl|Light Screen|p1a: Grimmsnarl
|-sidestart|p1: sleepybulbasaur|move: Light Screen
|move|p2a: Calyrex|Substitute|p2a: Calyrex
|-start|p2a: Calyrex|Substitute
|-damage|p2a: Calyrex|76/100
|
|-heal|p2a: Calyrex|82/100|[from] item: Leftovers
|upkeep
|turn|2
|
|t:|1655500280
|move|p2a: Calyrex|Draining Kiss|p1a: Grimmsnarl
|-supereffective|p1a: Grimmsnarl
|-damage|p1a: Grimmsnarl|78/100
|-heal|p2a: Calyrex|100/100|[from] drain|[of] p1a: Grimmsnarl
|move|p1a: Grimmsnarl|Play Rough|p2a: Calyrex
|-end|p2a: Calyrex|Substitute
|
|upkeep
|turn|3
|
|t:|1655500289
|move|p1a: Grimmsnarl|Taunt|p2a: Calyrex
|-start|p2a: Calyrex|move: Taunt
|move|p2a: Calyrex|Draining Kiss|p1a: Grimmsnarl
|-supereffective|p1a: Grimmsnarl
|-damage|p1a: Grimmsnarl|57/100
|
|upkeep
|turn|4
|
|t:|1655500302
|switch|p1a: Groudon|Groudon|100/100
|detailschange|p1a: Groudon|Groudon-Primal
|-primal|p1a: Groudon
|-weather|DesolateLand|[from] ability: Desolate Land|[of] p1a: Groudon
|move|p2a: Calyrex|Draining Kiss|p1a: Groudon
|-resisted|p1a: Groudon
|-damage|p1a: Groudon|94/100
|
|-weather|DesolateLand|[upkeep]
|upkeep
|turn|5
|
|t:|1655500318
|move|p2a: Calyrex|Astral Barrage|p1a: Groudon
|-damage|p1a: Groudon|47/100
|move|p1a: Groudon|Swords Dance|p1a: Groudon
|-boost|p1a: Groudon|atk|2
|
|-weather|DesolateLand|[upkeep]
|-end|p2a: Calyrex|move: Taunt
|upkeep
|turn|6
|
|t:|1655500328
|move|p2a: Calyrex|Astral Barrage|p1a: Groudon
|-damage|p1a: Groudon|3/100
|move|p1a: Groudon|Rock Tomb|p2a: Calyrex
|-damage|p2a: Calyrex|49/100
|-unboost|p2a: Calyrex|spe|1
|
|-weather|DesolateLand|[upkeep]
|-heal|p2a: Calyrex|55/100|[from] item: Leftovers
|upkeep
|turn|7
|
|t:|1655500341
|move|p1a: Groudon|Precipice Blades|p2a: Calyrex|[miss]
|-miss|p1a: Groudon|p2a: Calyrex
|move|p2a: Calyrex|Psyshock|p1a: Groudon
|-crit|p1a: Groudon
|-damage|p1a: Groudon|0 fnt
|faint|p1a: Groudon
|-weather|none
|-ability|p2a: Calyrex|Grim Neigh|boost
|-boost|p2a: Calyrex|spa|1
|
|-heal|p2a: Calyrex|61/100|[from] item: Leftovers
|upkeep
|
|t:|1655500355
|switch|p1a: Zacian|Zacian-Crowned|100/100
|-ability|p1a: Zacian|Intrepid Sword|boost
|-boost|p1a: Zacian|atk|1
|turn|8
|
|t:|1655500361
|move|p1a: Zacian|Behemoth Blade|p2a: Calyrex
|-damage|p2a: Calyrex|0 fnt
|faint|p2a: Calyrex
|
|-sideend|p1: sleepybulbasaur|move: Light Screen
|upkeep
|
|t:|1655500366
|switch|p2a: Ditto|Ditto|100/100
|-transform|p2a: Ditto|p1a: Zacian|[from] ability: Imposter
|-ability|p2a: Ditto|Intrepid Sword|boost
|-boost|p2a: Ditto|atk|1
|turn|9
|
|t:|1655500383
|switch|p2a: Yveltal|Yveltal|100/100
|-ability|p2a: Yveltal|Dark Aura
|switch|p1a: Grimmsnarl|Grimmsnarl, M|57/100
|
|upkeep
|turn|10
|
|t:|1655500390
|move|p1a: Grimmsnarl|Taunt|p2a: Yveltal
|-hint|Since gen 7, Dark is immune to Prankster moves.
|-immune|p2a: Yveltal
|move|p2a: Yveltal|Oblivion Wing|p1a: Grimmsnarl
|-damage|p1a: Grimmsnarl|9/100
|
|upkeep
|turn|11
|
|t:|1655500399
|move|p1a: Grimmsnarl|Light Screen|p1a: Grimmsnarl
|-sidestart|p1: sleepybulbasaur|move: Light Screen
|move|p2a: Yveltal|Oblivion Wing|p1a: Grimmsnarl
|-damage|p1a: Grimmsnarl|0 fnt
|faint|p1a: Grimmsnarl
|
|upkeep
|inactive|sleepybulbasaur has 120 seconds left.
|
|t:|1655500445
|switch|p1a: Arceus|Arceus-Water|100/100
|turn|12
|
|t:|1655500450
|move|p2a: Yveltal|Dark Pulse|p1a: Arceus
|-damage|p1a: Arceus|81/100
|move|p1a: Arceus|Toxic|p2a: Yveltal
|-status|p2a: Yveltal|tox
|
|-damage|p2a: Yveltal|94/100 tox|[from] psn
|upkeep
|turn|13
|inactive|sleepybulbasaur has 120 seconds left.
|
|t:|1655500470
|switch|p1a: Zacian|Zacian-Crowned|100/100
|-ability|p1a: Zacian|Intrepid Sword|boost
|-boost|p1a: Zacian|atk|1
|move|p2a: Yveltal|Sucker Punch||[still]
|-fail|p2a: Yveltal
|
|-damage|p2a: Yveltal|82/100 tox|[from] psn
|upkeep
|turn|14
|
|t:|1655500481
|move|p2a: Yveltal|Sucker Punch|p1a: Zacian
|-resisted|p1a: Zacian
|-damage|p1a: Zacian|82/100
|move|p1a: Zacian|Behemoth Blade|p2a: Yveltal
|-damage|p2a: Yveltal|0 fnt
|faint|p2a: Yveltal
|
|upkeep
|
|t:|1655500485
|switch|p2a: Rayquaza|Rayquaza|100/100
|-ability|p2a: Rayquaza|Air Lock
|turn|15
|
|t:|1655500495
|detailschange|p2a: Rayquaza|Rayquaza-Mega
|-mega|p2a: Rayquaza|Rayquaza|
|-weather|DeltaStream|[from] ability: Delta Stream|[of] p2a: Rayquaza
|move|p1a: Zacian|Behemoth Blade|p2a: Rayquaza
|-damage|p2a: Rayquaza|7/100
|move|p2a: Rayquaza|V-create|p1a: Zacian
|-supereffective|p1a: Zacian
|-crit|p1a: Zacian
|-damage|p1a: Zacian|0 fnt
|-unboost|p2a: Rayquaza|spe|1
|-unboost|p2a: Rayquaza|def|1
|-unboost|p2a: Rayquaza|spd|1
|faint|p1a: Zacian
|
|-weather|DeltaStream|[upkeep]
|upkeep
|
|t:|1655500511
|switch|p1a: Yveltal|Yveltal|100/100
|-ability|p1a: Yveltal|Dark Aura
|turn|16
|
|t:|1655500521
|move|p1a: Yveltal|Dark Pulse|p2a: Rayquaza
|-damage|p2a: Rayquaza|0 fnt
|faint|p2a: Rayquaza
|-weather|none
|-damage|p1a: Yveltal|91/100|[from] item: Life Orb
|
|upkeep
|
|t:|1655500524
|switch|p2a: Zacian|Zacian-Crowned|100/100
|-ability|p2a: Zacian|Intrepid Sword|boost
|-boost|p2a: Zacian|atk|1
|turn|17
|
|t:|1655500533
|switch|p1a: Arceus|Arceus-Water|81/100
|move|p2a: Zacian|Wild Charge|p1a: Arceus
|-supereffective|p1a: Arceus
|-damage|p1a: Arceus|21/100
|-damage|p2a: Zacian|80/100|[from] Recoil
|
|upkeep
|turn|18
|inactive|sleepybulbasaur has 120 seconds left.
|
|t:|1655500544
|move|p2a: Zacian|Wild Charge|p1a: Arceus
|-supereffective|p1a: Arceus
|-damage|p1a: Arceus|0 fnt
|faint|p1a: Arceus
|-damage|p2a: Zacian|73/100|[from] Recoil
|
|-sideend|p1: sleepybulbasaur|move: Light Screen
|upkeep
|
|t:|1655500552
|switch|p1a: Ditto|Ditto|100/100
|-transform|p1a: Ditto|p2a: Zacian|[from] ability: Imposter
|-ability|p1a: Ditto|Intrepid Sword|boost
|-boost|p1a: Ditto|atk|1
|turn|19
|inactive|sleepybulbasaur has 120 seconds left.
|
|t:|1655500571
|move|p1a: Ditto|Behemoth Blade|p2a: Zacian
|-damage|p2a: Zacian|0 fnt
|faint|p2a: Zacian
|
|upkeep
|
|t:|1655500574
|switch|p2a: Ditto|Ditto|100/100
|turn|20
|inactive|sleepybulbasaur has 120 seconds left.
|
|t:|1655500580
|move|p1a: Ditto|Behemoth Blade|p2a: Ditto
|-damage|p2a: Ditto|0 fnt
|faint|p2a: Ditto
|
|upkeep
|
|t:|1655500582
|switch|p2a: Kyogre|Kyogre|100/100
|-weather|RainDance|[from] ability: Drizzle|[of] p2a: Kyogre
|turn|21
|
|t:|1655500590
|-start|p2a: Kyogre|Dynamax|
|-heal|p2a: Kyogre|100/100|[silent]
|move|p1a: Ditto|Behemoth Blade|p2a: Kyogre
|-resisted|p2a: Kyogre
|-damage|p2a: Kyogre|37/100
|move|p2a: Kyogre|Max Lightning|p1a: Ditto
|-damage|p1a: Ditto|44/100
|-fieldstart|move: Electric Terrain
|
|-weather|RainDance|[upkeep]
|upkeep
|turn|22
|l|☆OnTheGrindTo1
|inactive|OnTheGrindTo1 disconnected and has a minute to reconnect!
|player|p2|
|
|t:|1655500602
|move|p1a: Ditto|Behemoth Blade|p2a: Kyogre
|-resisted|p2a: Kyogre
|-damage|p2a: Kyogre|0 fnt
|faint|p2a: Kyogre
|
|win|sleepybulbasaur
|raw|sleepybulbasaur's rating: 1600 &rarr; <strong>1624</strong><br />(+24 for winning)
|raw|OnTheGrindTo1's rating: 1662 &rarr; <strong>1638</strong><br />(-24 for losing)
