|j|☆seyterr
|j|☆CLEAR GEM清瑜
|t:|1668245293
|gametype|singles
|player|p1|seyterr|cynthia-gen4|1562
|player|p2|CLEAR GEM清瑜|skierf|1862
|teamsize|p1|6
|teamsize|p2|6
|gen|8
|tier|[Gen 8] National Dex AG
|rated|
|rule|HP Percentage Mod: HP is shown in percentages
|rule|Endless Battle Clause: Forcing endless battles is banned
|clearpoke
|poke|p1|Rillaboom, M|
|poke|p1|Mawile, F|
|poke|p1|Kyogre|
|poke|p1|Yveltal|
|poke|p1|Ferrothorn, M|
|poke|p1|Groudon|
|poke|p2|Rayquaza|
|poke|p2|Groudon|
|poke|p2|Necrozma-Dusk-Mane|
|poke|p2|Arceus-*|
|poke|p2|Zacian-*|
|poke|p2|Yveltal|
|teampreview
|inactive|Battle timer is ON: inactive players will automatically lose when time's up. (requested by seyterr)
|
|t:|1668245306
|start
|switch|p1a: окунь|Kyogre, shiny|100/100
|switch|p2a: 老烈|Rayquaza, shiny|100/100
|-weather|RainDance|[from] ability: Drizzle|[of] p1a: окунь
|-ability|p2a: 老烈|Air Lock
|turn|1
|
|t:|1668245311
|move|p2a: 老烈|Extreme Speed|p1a: окунь
|-damage|p1a: окунь|56/100
|-damage|p2a: 老烈|91/100|[from] item: Life Orb
|move|p1a: окунь|Ice Beam|p2a: 老烈
|-supereffective|p2a: 老烈
|-damage|p2a: 老烈|0 fnt
|faint|p2a: 老烈
|
|-weather|RainDance|[upkeep]
|upkeep
|
|t:|1668245314
|switch|p2a: 不会(?)|Groudon|100/100
|detailschange|p2a: 不会(?)|Groudon-Primal
|-primal|p2a: 不会(?)
|-weather|DesolateLand|[from] ability: Desolate Land|[of] p2a: 不会(?)
|turn|2
|
|t:|1668245317
|switch|p1a: Біо голуб|Yveltal, shiny|100/100
|-ability|p1a: Біо голуб|Dark Aura
|move|p2a: 不会(?)|Stealth Rock|p1a: Біо голуб
|-sidestart|p1: seyterr|move: Stealth Rock
|
|-weather|DesolateLand|[upkeep]
|upkeep
|turn|3
|
|t:|1668245321
|move|p1a: Біо голуб|Dark Pulse|p2a: 不会(?)
|-damage|p2a: 不会(?)|50/100
|move|p2a: 不会(?)|Thunder Wave|p1a: Біо голуб
|-status|p1a: Біо голуб|par
|
|-weather|DesolateLand|[upkeep]
|upkeep
|turn|4
|
|t:|1668245326
|move|p2a: 不会(?)|Fire Punch|p1a: Біо голуб
|-damage|p1a: Біо голуб|42/100 par
|cant|p1a: Біо голуб|par
|
|-weather|DesolateLand|[upkeep]
|-heal|p1a: Біо голуб|48/100 par|[from] item: Leftovers
|upkeep
|turn|5
|
|t:|1668245334
|switch|p1a: Залужний|Groudon, shiny|100/100
|-damage|p1a: Залужний|94/100|[from] Stealth Rock
|detailschange|p1a: Залужний|Groudon-Primal, shiny
|-primal|p1a: Залужний
|move|p2a: 不会(?)|Thunder Wave|p1a: Залужний
|-immune|p1a: Залужний
|
|-weather|DesolateLand|[upkeep]
|upkeep
|turn|6
|
|t:|1668245337
|move|p1a: Залужний|Earthquake|p2a: 不会(?)
|-supereffective|p2a: 不会(?)
|-damage|p2a: 不会(?)|0 fnt
|faint|p2a: 不会(?)
|
|-weather|DesolateLand|[upkeep]
|upkeep
|
|t:|1668245349
|switch|p2a: 钢铁之躯|Necrozma-Dusk-Mane|100/100
|turn|7
|
|t:|1668245352
|detailschange|p2a: 钢铁之躯|Necrozma-Ultra
|-burst|p2a: 钢铁之躯|Necrozma|Ultranecrozium Z
|move|p2a: 钢铁之躯|Dragon Dance|p2a: 钢铁之躯
|-boost|p2a: 钢铁之躯|atk|1
|-boost|p2a: 钢铁之躯|spe|1
|move|p1a: Залужний|Fire Punch|p2a: 钢铁之躯
|-resisted|p2a: 钢铁之躯
|-damage|p2a: 钢铁之躯|65/100
|-status|p2a: 钢铁之躯|brn
|
|-weather|DesolateLand|[upkeep]
|-damage|p2a: 钢铁之躯|59/100 brn|[from] brn
|upkeep
|turn|8
|
|t:|1668245360
|move|p2a: 钢铁之躯|Earthquake|p1a: Залужний
|-supereffective|p1a: Залужний
|-damage|p1a: Залужний|29/100
|move|p1a: Залужний|Earthquake|p2a: 钢铁之躯
|-damage|p2a: 钢铁之躯|0 fnt
|faint|p2a: 钢铁之躯
|
|-weather|DesolateLand|[upkeep]
|upkeep
|
|t:|1668245363
|switch|p2a: 嘉然小姐的狗|Zacian-Crowned|100/100
|-ability|p2a: 嘉然小姐的狗|Intrepid Sword|boost
|-boost|p2a: 嘉然小姐的狗|atk|1
|turn|9
|
|t:|1668245368
|move|p2a: 嘉然小姐的狗|Close Combat|p1a: Залужний
|-damage|p1a: Залужний|0 fnt
|-unboost|p2a: 嘉然小姐的狗|def|1
|-unboost|p2a: 嘉然小姐的狗|spd|1
|faint|p1a: Залужний
|-weather|none
|
|upkeep
|
|t:|1668245374
|switch|p1a: окунь|Kyogre, shiny|56/100
|-damage|p1a: окунь|44/100|[from] Stealth Rock
|-weather|RainDance|[from] ability: Drizzle|[of] p1a: окунь
|turn|10
|
|t:|1668245386
|switch|p2a: Y鸟|Yveltal|100/100
|-ability|p2a: Y鸟|Dark Aura
|move|p1a: окунь|Hydro Pump|p2a: Y鸟
|-damage|p2a: Y鸟|16/100
|
|-weather|RainDance|[upkeep]
|upkeep
|turn|11
|
|t:|1668245392
|move|p1a: окунь|Hydro Pump|p2a: Y鸟
|-damage|p2a: Y鸟|0 fnt
|faint|p2a: Y鸟
|
|-weather|RainDance|[upkeep]
|upkeep
|
|t:|1668245395
|switch|p2a: 悬空羊驼|Arceus-Flying|100/100
|turn|12
|
|t:|1668245401
|-start|p1a: окунь|Dynamax|
|-heal|p1a: окунь|44/100|[silent]
|move|p2a: 悬空羊驼|Swords Dance|p2a: 悬空羊驼
|-boost|p2a: 悬空羊驼|atk|2
|move|p1a: окунь|Max Lightning|p2a: 悬空羊驼
|-supereffective|p2a: 悬空羊驼
|-damage|p2a: 悬空羊驼|21/100
|-fieldstart|move: Electric Terrain
|
|-weather|RainDance|[upkeep]
|upkeep
|turn|13
|
|t:|1668245404
|-start|p2a: 悬空羊驼|Dynamax|
|-heal|p2a: 悬空羊驼|21/100|[silent]
|move|p2a: 悬空羊驼|Max Airstream|p1a: окунь
|-damage|p1a: окунь|0 fnt
|-boost|p2a: 悬空羊驼|spe|1
|faint|p1a: окунь
|
|-weather|RainDance|[upkeep]
|upkeep
|
|t:|1668245411
|switch|p1a: су4е4ка|Mawile, F, shiny|100/100
|-damage|p1a: су4е4ка|94/100|[from] Stealth Rock
|turn|14
|
|t:|1668245413
|detailschange|p1a: су4е4ка|Mawile-Mega, F, shiny
|-mega|p1a: су4е4ка|Mawile|Mawilite
|move|p1a: су4е4ка|Sucker Punch|p2a: 悬空羊驼
|-damage|p2a: 悬空羊驼|5/100
|move|p2a: 悬空羊驼|Max Quake|p1a: су4е4ка
|-supereffective|p1a: су4е4ка
|-damage|p1a: су4е4ка|0 fnt
|-boost|p2a: 悬空羊驼|spd|1
|faint|p1a: су4е4ка
|
|-weather|none
|upkeep
|
|t:|1668245419
|switch|p1a: макака|Rillaboom, M, shiny|100/100
|-damage|p1a: макака|88/100|[from] Stealth Rock
|-fieldstart|move: Grassy Terrain|[from] ability: Grassy Surge|[of] p1a: макака
|turn|15
|
|t:|1668245425
|move|p1a: макака|Grassy Glide|p2a: 悬空羊驼
|-resisted|p2a: 悬空羊驼
|-damage|p2a: 悬空羊驼|0 fnt
|faint|p2a: 悬空羊驼
|
|-heal|p1a: макака|94/100|[from] Grassy Terrain
|upkeep
|
|t:|1668245426
|switch|p2a: 嘉然小姐的狗|Zacian-Crowned|100/100
|-ability|p2a: 嘉然小姐的狗|Intrepid Sword|boost
|-boost|p2a: 嘉然小姐的狗|atk|1
|turn|16
|
|t:|1668245430
|switch|p1a: Їжак|Ferrothorn, M, shiny|100/100
|-damage|p1a: Їжак|94/100|[from] Stealth Rock
|move|p2a: 嘉然小姐的狗|Behemoth Blade|p1a: Їжак
|-resisted|p1a: Їжак
|-damage|p1a: Їжак|58/100
|-damage|p2a: 嘉然小姐的狗|88/100|[from] ability: Iron Barbs|[of] p1a: Їжак
|
|-heal|p2a: 嘉然小姐的狗|94/100|[from] Grassy Terrain
|-heal|p1a: Їжак|64/100|[from] Grassy Terrain
|-heal|p1a: Їжак|70/100|[from] item: Leftovers
|upkeep
|turn|17
|
|t:|1668245433
|move|p1a: Їжак|Protect|p1a: Їжак
|-singleturn|p1a: Їжак|Protect
|move|p2a: 嘉然小姐的狗|Close Combat|p1a: Їжак
|-activate|p1a: Їжак|move: Protect
|
|-heal|p2a: 嘉然小姐的狗|100/100|[from] Grassy Terrain
|-heal|p1a: Їжак|77/100|[from] Grassy Terrain
|-heal|p1a: Їжак|83/100|[from] item: Leftovers
|upkeep
|turn|18
|
|t:|1668245438
|move|p2a: 嘉然小姐的狗|Close Combat|p1a: Їжак
|-supereffective|p1a: Їжак
|-damage|p1a: Їжак|0 fnt
|-unboost|p2a: 嘉然小姐的狗|def|1
|-unboost|p2a: 嘉然小姐的狗|spd|1
|-damage|p2a: 嘉然小姐的狗|88/100|[from] ability: Iron Barbs|[of] p1a: Їжак
|faint|p1a: Їжак
|
|-heal|p2a: 嘉然小姐的狗|94/100|[from] Grassy Terrain
|upkeep
|
|t:|1668245442
|switch|p1a: Біо голуб|Yveltal, shiny|48/100 par
|-damage|p1a: Біо голуб|23/100 par|[from] Stealth Rock
|-ability|p1a: Біо голуб|Dark Aura
|turn|19
|
|t:|1668245445
|move|p2a: 嘉然小姐的狗|Quick Attack|p1a: Біо голуб
|-damage|p1a: Біо голуб|1/100 par
|move|p1a: Біо голуб|Oblivion Wing|p2a: 嘉然小姐的狗
|-resisted|p2a: 嘉然小姐的狗
|-damage|p2a: 嘉然小姐的狗|72/100
|-heal|p1a: Біо голуб|17/100 par|[from] drain|[of] p2a: 嘉然小姐的狗
|
|-heal|p2a: 嘉然小姐的狗|79/100|[from] Grassy Terrain
|-heal|p1a: Біо голуб|23/100 par|[from] item: Leftovers
|-fieldend|move: Grassy Terrain
|upkeep
|turn|20
|
|t:|1668245453
|move|p2a: 嘉然小姐的狗|Behemoth Blade|p1a: Біо голуб
|-damage|p1a: Біо голуб|0 fnt
|faint|p1a: Біо голуб
|
|upkeep
|
|t:|1668245455
|switch|p1a: макака|Rillaboom, M, shiny|94/100
|-damage|p1a: макака|82/100|[from] Stealth Rock
|-fieldstart|move: Grassy Terrain|[from] ability: Grassy Surge|[of] p1a: макака
|turn|21
|
|t:|1668245460
|move|p1a: макака|Grassy Glide|p2a: 嘉然小姐的狗
|-resisted|p2a: 嘉然小姐的狗
|-damage|p2a: 嘉然小姐的狗|35/100
|move|p2a: 嘉然小姐的狗|Behemoth Blade|p1a: макака
|-damage|p1a: макака|0 fnt
|faint|p1a: макака
|
|win|CLEAR GEM清瑜
|raw|seyterr's rating: 1562 &rarr; <strong>1556</strong><br />(-6 for losing)
|raw|CLEAR GEM清瑜's rating: 1862 &rarr; <strong>1868</strong><br />(+6 for winning)
