|j|☆Zrp200
|j|☆Leafstorm121❤
|t:|1597767573
|player|p1|Zrp200|supernerd-gen3|1738
|player|p2|Leafstorm121❤|sina|1781
|teamsize|p1|6
|teamsize|p2|6
|gametype|singles
|gen|8
|tier|[Gen 8] National Dex AG
|rated|
|clearpoke
|poke|p1|Zacian-Crowned|
|poke|p1|Rayquaza|
|poke|p1|Necrozma-Dusk-Mane|
|poke|p1|Yveltal|
|poke|p1|Ho-Oh|
|poke|p1|Zygarde|
|poke|p2|Giratina|
|poke|p2|Quagsire, F|
|poke|p2|Chansey, F|
|poke|p2|Arceus-*|
|poke|p2|Lugia|
|poke|p2|Sableye, F|
|rule|HP Percentage Mod: HP is shown in percentages
|rule|Endless Battle Clause: Forcing endless battles is banned
|teampreview
|
|t:|1597767588
|start
|switch|p1a: Zacian|Zacian-Crowned|100/100
|switch|p2a: Sableye|Sableye, F|100/100
|-ability|p1a: Zacian|Intrepid Sword|boost
|-boost|p1a: Zacian|atk|1
|turn|1
|
|t:|1597767594
|switch|p1a: Yveltal|Yveltal|100/100
|-ability|p1a: Yveltal|Dark Aura
|detailschange|p2a: Sableye|Sableye-Mega, F
|-mega|p2a: Sableye|Sableye|Sablenite
|move|p2a: Sableye|Fake Out|p1a: Yveltal
|-damage|p1a: Yveltal|92/100
|
|upkeep
|turn|2
|
|t:|1597767609
|switch|p2a: Arceus|Arceus-Fairy|100/100
|move|p1a: Yveltal|Dark Pulse|p2a: Arceus
|-resisted|p2a: Arceus
|-damage|p2a: Arceus|79/100
|-damage|p1a: Yveltal|82/100|[from] item: Life Orb
|
|upkeep
|turn|3
|
|t:|1597767615
|switch|p1a: Necrozma|Necrozma-Dusk-Mane|100/100
|move|p2a: Arceus|Recover|p2a: Arceus
|-heal|p2a: Arceus|100/100
|
|upkeep
|turn|4
|
|t:|1597767620
|switch|p2a: Sableye|Sableye-Mega, F|100/100
|move|p1a: Necrozma|Knock Off|p2a: Sableye
|-damage|p2a: Sableye|84/100
|
|upkeep
|turn|5
|
|t:|1597767626
|move|p1a: Necrozma|Stealth Rock|p2a: Sableye
|move|p2a: Sableye|Stealth Rock|p1a: Necrozma|[from]Magic Bounce
|-sidestart|p1: Zrp200|move: Stealth Rock
|move|p2a: Sableye|Recover|p2a: Sableye
|-heal|p2a: Sableye|100/100
|
|upkeep
|turn|6
|-message|Zrp200 forfeited.
|
|win|Leafstorm121❤
|l|☆Zrp200
||Ladder (probably) updated, but score could not be retrieved (Request timeout).
