|j|☆electricdeoxys
|j|☆Emorawr79
|t:|1659341201
|gametype|singles
|player|p1|electricdeoxys|n|1637
|player|p2|Emorawr79|ghetsis|1855
|teamsize|p1|6
|teamsize|p2|6
|gen|8
|tier|[Gen 8] National Dex AG
|rated|
|rule|HP Percentage Mod: HP is shown in percentages
|rule|Endless Battle Clause: Forcing endless battles is banned
|clearpoke
|poke|p1|Zacian-*|
|poke|p1|Rayquaza|
|poke|p1|Yveltal|
|poke|p1|Deoxys-Speed|
|poke|p1|Arceus-*|
|poke|p1|Ditto|
|poke|p2|Calyrex-Shadow|
|poke|p2|Zygarde|
|poke|p2|Yveltal|
|poke|p2|Ho-Oh|
|poke|p2|Smeargle, M|
|poke|p2|Rayquaza|
|teampreview
|inactive|Battle timer is ON: inactive players will automatically lose when time's up. (requested by electricdeoxys)
|
|t:|1659341213
|start
|switch|p1a: Deoxys|Deoxys-Speed|100/100
|switch|p2a: Smeargle|Smeargle, M|100/100
|-ability|p1a: Deoxys|Pressure
|turn|1
|
|t:|1659341217
|switch|p2a: Rayquaza|Rayquaza|100/100
|-ability|p2a: Rayquaza|Air Lock
|move|p1a: Deoxys|Taunt|p2a: Rayquaza
|-start|p2a: Rayquaza|move: Taunt
|
|upkeep
|turn|2
|
|t:|1659341219
|detailschange|p2a: Rayquaza|Rayquaza-Mega
|-mega|p2a: Rayquaza|Rayquaza|
|-weather|DeltaStream|[from] ability: Delta Stream|[of] p2a: Rayquaza
|move|p1a: Deoxys|Stealth Rock|p2a: Rayquaza
|-sidestart|p2: Emorawr79|move: Stealth Rock
|move|p2a: Rayquaza|Scale Shot|p1a: Deoxys
|-damage|p1a: Deoxys|81/100
|-damage|p1a: Deoxys|60/100
|-damage|p1a: Deoxys|37/100
|-hitcount|p1a: Deoxys|3
|-unboost|p2a: Rayquaza|def|1
|-boost|p2a: Rayquaza|spe|1
|
|-weather|DeltaStream|[upkeep]
|upkeep
|turn|3
|
|t:|1659341224
|move|p2a: Rayquaza|Scale Shot|p1a: Deoxys
|-damage|p1a: Deoxys|17/100
|-damage|p1a: Deoxys|0 fnt
|faint|p1a: Deoxys
|-hitcount|p1: Deoxys|2
|-unboost|p2a: Rayquaza|def|1
|-boost|p2a: Rayquaza|spe|1
|
|-weather|DeltaStream|[upkeep]
|-end|p2a: Rayquaza|move: Taunt
|upkeep
|
|t:|1659341229
|switch|p1a: Arceus|Arceus|100/100
|turn|4
|
|t:|1659341233
|move|p1a: Arceus|Extreme Speed|p2a: Rayquaza
|-damage|p2a: Rayquaza|23/100
|move|p2a: Rayquaza|Brick Break|p1a: Arceus
|-supereffective|p1a: Arceus
|-damage|p1a: Arceus|47/100
|
|-weather|DeltaStream|[upkeep]
|upkeep
|turn|5
|
|t:|1659341236
|move|p1a: Arceus|Extreme Speed|p2a: Rayquaza
|-damage|p2a: Rayquaza|0 fnt
|faint|p2a: Rayquaza
|-weather|none
|
|upkeep
|
|t:|1659341238
|switch|p2a: Ho-Oh|Ho-Oh|100/100
|turn|6
|
|t:|1659341243
|-zpower|p1a: Arceus
|move|p1a: Arceus|Breakneck Blitz|p2a: Ho-Oh|[zeffect]
|-crit|p2a: Ho-Oh
|-damage|p2a: Ho-Oh|1/100
|move|p2a: Ho-Oh|Defog|p1a: Arceus
|-unboost|p1a: Arceus|evasion|1
|-sideend|p2: Emorawr79|Stealth Rock|[from] move: Defog|[of] p2a: Ho-Oh
|
|upkeep
|turn|7
|
|t:|1659341250
|move|p1a: Arceus|Shadow Claw|p2a: Ho-Oh
|-damage|p2a: Ho-Oh|0 fnt
|faint|p2a: Ho-Oh
|
|upkeep
|
|t:|1659341252
|switch|p2a: Smeargle|Smeargle, M|100/100
|turn|8
|
|t:|1659341258
|move|p1a: Arceus|Extreme Speed|p2a: Smeargle
|-enditem|p2a: Smeargle|Focus Sash
|-damage|p2a: Smeargle|1/100
|move|p2a: Smeargle|Spore|p1a: Arceus
|-status|p1a: Arceus|slp|[from] move: Spore
|
|-ability|p2a: Smeargle|Moody|boost
|-boost|p2a: Smeargle|def|2
|-unboost|p2a: Smeargle|spa|1
|upkeep
|turn|9
|
|t:|1659341266
|cant|p1a: Arceus|slp
|move|p2a: Smeargle|Stealth Rock|p1a: Arceus
|-sidestart|p1: electricdeoxys|move: Stealth Rock
|
|-ability|p2a: Smeargle|Moody|boost
|-boost|p2a: Smeargle|spa|2
|-unboost|p2a: Smeargle|def|1
|upkeep
|turn|10
|
|t:|1659341269
|-curestatus|p1a: Arceus|slp|[msg]
|move|p1a: Arceus|Extreme Speed|p2a: Smeargle
|-damage|p2a: Smeargle|0 fnt
|faint|p2a: Smeargle
|
|upkeep
|
|t:|1659341272
|switch|p2a: Zygarde|Zygarde|100/100
|turn|11
|
|t:|1659341277
|switch|p1a: Zacian|Zacian-Crowned|100/100
|-damage|p1a: Zacian|94/100|[from] Stealth Rock
|-ability|p1a: Zacian|Intrepid Sword|boost
|-boost|p1a: Zacian|atk|1
|move|p2a: Zygarde|Glare|p1a: Zacian
|-status|p1a: Zacian|par
|
|upkeep
|turn|12
|
|t:|1659341280
|move|p2a: Zygarde|Thousand Arrows|p1a: Zacian
|-supereffective|p1a: Zacian
|-damage|p1a: Zacian|39/100 par
|cant|p1a: Zacian|par
|
|upkeep
|turn|13
|
|t:|1659341284
|move|p1a: Zacian|Quick Attack|p2a: Zygarde
|-damage|p2a: Zygarde|88/100
|move|p2a: Zygarde|Thousand Arrows|p1a: Zacian
|-supereffective|p1a: Zacian
|-damage|p1a: Zacian|0 fnt
|faint|p1a: Zacian
|
|-heal|p2a: Zygarde|94/100|[from] item: Leftovers
|upkeep
|
|t:|1659341288
|switch|p1a: Yveltal|Yveltal|100/100
|-damage|p1a: Yveltal|76/100|[from] Stealth Rock
|-ability|p1a: Yveltal|Dark Aura
|turn|14
|
|t:|1659341294
|move|p1a: Yveltal|Taunt|p2a: Zygarde
|-start|p2a: Zygarde|move: Taunt
|cant|p2a: Zygarde|move: Taunt|Glare
|
|-heal|p2a: Zygarde|100/100|[from] item: Leftovers
|upkeep
|turn|15
|
|t:|1659341299
|-start|p1a: Yveltal|Dynamax|
|-heal|p1a: Yveltal|76/100|[silent]
|move|p1a: Yveltal|Max Airstream|p2a: Zygarde
|-damage|p2a: Zygarde|22/100
|-boost|p1a: Yveltal|spe|1
|-damage|p1a: Yveltal|71/100|[from] item: Life Orb
|move|p2a: Zygarde|Thousand Arrows|p1a: Yveltal
|-damage|p1a: Yveltal|57/100
|-start|p1a: Yveltal|Smack Down
|
|-heal|p2a: Zygarde|28/100|[from] item: Leftovers
|-activate|p2a: Zygarde|ability: Power Construct
|detailschange|p2a: Zygarde|Zygarde-Complete
|-heal|p2a: Zygarde|53/100|[silent]
|upkeep
|turn|16
|
|t:|1659341308
|move|p1a: Yveltal|Max Darkness|p2a: Zygarde
|-damage|p2a: Zygarde|0 fnt
|faint|p2a: Zygarde
|-damage|p1a: Yveltal|52/100|[from] item: Life Orb
|
|upkeep
|
|t:|1659341310
|switch|p2a: Yveltal|Yveltal|100/100
|-ability|p2a: Yveltal|Dark Aura
|turn|17
|
|t:|1659341312
|-start|p2a: Yveltal|Dynamax|
|-heal|p2a: Yveltal|100/100|[silent]
|move|p2a: Yveltal|Max Guard|p2a: Yveltal
|-singleturn|p2a: Yveltal|Max Guard
|move|p1a: Yveltal|Max Airstream|p2a: Yveltal
|-activate|p2a: Yveltal|move: Max Guard
|
|upkeep
|-end|p1a: Yveltal|Dynamax
|-heal|p1a: Yveltal|52/100|[silent]
|turn|18
|
|t:|1659341317
|move|p1a: Yveltal|Oblivion Wing|p2a: Yveltal
|-damage|p2a: Yveltal|75/100
|-heal|p1a: Yveltal|90/100|[from] drain|[of] p2a: Yveltal
|-damage|p1a: Yveltal|80/100|[from] item: Life Orb
|move|p2a: Yveltal|Max Airstream|p1a: Yveltal
|-damage|p1a: Yveltal|2/100
|-boost|p2a: Yveltal|spe|1
|-damage|p2a: Yveltal|70/100|[from] item: Life Orb
|
|upkeep
|turn|19
|
|t:|1659341321
|move|p1a: Yveltal|Oblivion Wing|p2a: Yveltal
|-damage|p2a: Yveltal|45/100
|-heal|p1a: Yveltal|40/100|[from] drain|[of] p2a: Yveltal
|-damage|p1a: Yveltal|30/100|[from] item: Life Orb
|move|p2a: Yveltal|Max Airstream|p1a: Yveltal
|-damage|p1a: Yveltal|0 fnt
|-boost|p2a: Yveltal|spe|1
|faint|p1a: Yveltal
|-damage|p2a: Yveltal|40/100|[from] item: Life Orb
|
|upkeep
|
|t:|1659341325
|switch|p1a: Ditto|Ditto|100/100
|-damage|p1a: Ditto|88/100|[from] Stealth Rock
|-transform|p1a: Ditto|p2a: Yveltal|[from] ability: Imposter
|-ability|p1a: Ditto|Dark Aura
|-end|p2a: Yveltal|Dynamax
|-heal|p2a: Yveltal|40/100|[silent]
|turn|20
|
|t:|1659341329
|move|p1a: Ditto|Oblivion Wing|p2a: Yveltal
|-damage|p2a: Yveltal|3/100
|-heal|p1a: Ditto|100/100|[from] drain|[of] p2a: Yveltal
|move|p2a: Yveltal|Oblivion Wing|p1a: Ditto
|-damage|p1a: Ditto|36/100
|-heal|p2a: Yveltal|39/100|[from] drain|[of] p1a: Ditto
|-damage|p2a: Yveltal|29/100|[from] item: Life Orb
|
|upkeep
|turn|21
|
|t:|1659341332
|move|p1a: Ditto|Oblivion Wing|p2a: Yveltal
|-damage|p2a: Yveltal|0 fnt
|-heal|p1a: Ditto|65/100|[from] drain|[of] p2a: Yveltal
|faint|p2a: Yveltal
|
|upkeep
|
|t:|1659341334
|switch|p2a: Calyrex|Calyrex-Shadow|100/100
|-ability|p2a: Calyrex|As One
|-ability|p2a: Calyrex|Unnerve
|turn|22
|
|t:|1659341340
|move|p1a: Ditto|Oblivion Wing|p2a: Calyrex
|-damage|p2a: Calyrex|58/100
|-heal|p1a: Ditto|100/100|[from] drain|[of] p2a: Calyrex
|move|p2a: Calyrex|Draining Kiss|p1a: Ditto
|-supereffective|p1a: Ditto
|-damage|p1a: Ditto|54/100
|-heal|p2a: Calyrex|88/100|[from] drain|[of] p1a: Ditto
|
|upkeep
|turn|23
|
|t:|1659341344
|move|p1a: Ditto|Oblivion Wing|p2a: Calyrex
|-damage|p2a: Calyrex|45/100
|-heal|p1a: Ditto|91/100|[from] drain|[of] p2a: Calyrex
|move|p2a: Calyrex|Draining Kiss|p1a: Ditto
|-supereffective|p1a: Ditto
|-damage|p1a: Ditto|43/100
|-heal|p2a: Calyrex|77/100|[from] drain|[of] p1a: Ditto
|
|upkeep
|turn|24
|
|t:|1659341349
|move|p1a: Ditto|Oblivion Wing|p2a: Calyrex
|-damage|p2a: Calyrex|35/100
|-heal|p1a: Ditto|79/100|[from] drain|[of] p2a: Calyrex
|move|p2a: Calyrex|Draining Kiss|p1a: Ditto
|-supereffective|p1a: Ditto
|-damage|p1a: Ditto|29/100
|-heal|p2a: Calyrex|68/100|[from] drain|[of] p1a: Ditto
|
|upkeep
|turn|25
|
|t:|1659341353
|switch|p1a: Arceus|Arceus|47/100
|-damage|p1a: Arceus|35/100|[from] Stealth Rock
|move|p2a: Calyrex|Draining Kiss|p1a: Arceus
|-damage|p1a: Arceus|18/100
|-heal|p2a: Calyrex|83/100|[from] drain|[of] p1a: Arceus
|
|upkeep
|turn|26
|
|t:|1659341357
|move|p2a: Calyrex|Draining Kiss|p1a: Arceus
|-damage|p1a: Arceus|2/100
|-heal|p2a: Calyrex|96/100|[from] drain|[of] p1a: Arceus
|move|p1a: Arceus|Shadow Claw|p2a: Calyrex
|-supereffective|p2a: Calyrex
|-damage|p2a: Calyrex|0 fnt
|faint|p2a: Calyrex
|
|win|electricdeoxys
|raw|electricdeoxys's rating: 1637 &rarr; <strong>1668</strong><br />(+31 for winning)
|raw|Emorawr79's rating: 1855 &rarr; <strong>1824</strong><br />(-31 for losing)
|l|☆Emorawr79
