|j|☆Battle Bro Barret
|j|☆caprisong
|t:|1661632448
|gametype|singles
|player|p1|Battle Bro Barret|benga|1534
|player|p2|caprisong|nessa-masters|1723
|teamsize|p1|6
|teamsize|p2|6
|gen|8
|tier|[Gen 8] National Dex AG
|rated|
|rule|HP Percentage Mod: HP is shown in percentages
|rule|Endless Battle Clause: Forcing endless battles is banned
|clearpoke
|poke|p1|Marshadow|
|poke|p1|Regieleki|
|poke|p1|Darmanitan-Galar, M|
|poke|p1|Lucario, M|
|poke|p1|Charizard, M|
|poke|p1|Zacian-*|
|poke|p2|Necrozma-Dusk-Mane|
|poke|p2|Ditto|
|poke|p2|Chansey, F|
|poke|p2|Zygarde|
|poke|p2|Ho-Oh|
|poke|p2|Zacian-*|
|teampreview
|inactive|Battle timer is ON: inactive players will automatically lose when time's up. (requested by caprisong)
|inactive|Battle Bro Barret also wants the timer to be on.
|c|☆Battle Bro Barret|glhf
|
|t:|1661632462
|start
|switch|p1a: Charizard|Charizard, M, shiny|100/100
|switch|p2a: Zacian|Zacian-Crowned, shiny|100/100
|-ability|p2a: Zacian|Intrepid Sword|boost
|-boost|p2a: Zacian|atk|1
|turn|1
|c|☆caprisong|glhf
|
|t:|1661632473
|switch|p2a: Ho-Oh|Ho-Oh, shiny|100/100
|-start|p1a: Charizard|Dynamax|Gmax
|-heal|p1a: Charizard|100/100|[silent]
|move|p1a: Charizard|G-Max Wildfire|p2a: Ho-Oh
|-resisted|p2a: Ho-Oh
|-damage|p2a: Ho-Oh|83/100
|-sidestart|p2: caprisong|G-Max Wildfire
|
|upkeep
|turn|2
|
|t:|1661632479
|switch|p2a: Chansey|Chansey, F|100/100
|move|p1a: Charizard|Max Airstream|p2a: Chansey
|-damage|p2a: Chansey|83/100
|-boost|p1a: Charizard|spe|1
|
|-damage|p2a: Chansey|67/100|[from] G-Max Wildfire
|upkeep
|turn|3
|
|t:|1661632483
|move|p1a: Charizard|Max Airstream|p2a: Chansey
|-damage|p2a: Chansey|51/100
|-boost|p1a: Charizard|spe|1
|move|p2a: Chansey|Soft-Boiled|p2a: Chansey
|-heal|p2a: Chansey|100/100
|
|-damage|p2a: Chansey|84/100|[from] G-Max Wildfire
|upkeep
|-end|p1a: Charizard|Dynamax
|-heal|p1a: Charizard|100/100|[silent]
|turn|4
|
|t:|1661632489
|switch|p1a: Zacian|Zacian-Crowned|100/100
|-ability|p1a: Zacian|Intrepid Sword|boost
|-boost|p1a: Zacian|atk|1
|move|p2a: Chansey|Teleport|p2a: Chansey
|
|t:|1661632494
|switch|p2a: Ditto|Ditto|100/100|[from]move: Teleport
|-transform|p2a: Ditto|p1a: Zacian|[from] ability: Imposter
|-ability|p2a: Ditto|Intrepid Sword|boost
|-boost|p2a: Ditto|atk|1
|
|-damage|p2a: Ditto|84/100|[from] G-Max Wildfire
|-sideend|p2: caprisong|G-Max Wildfire
|upkeep
|turn|5
|
|t:|1661632499
|move|p2a: Ditto|Behemoth Blade|p1a: Zacian
|-damage|p1a: Zacian|0 fnt
|faint|p1a: Zacian
|
|upkeep
|
|t:|1661632504
|switch|p1a: Darmanitan|Darmanitan-Galar, M|100/100
|turn|6
|
|t:|1661632507
|move|p2a: Ditto|Behemoth Blade|p1a: Darmanitan
|-supereffective|p1a: Darmanitan
|-damage|p1a: Darmanitan|0 fnt
|faint|p1a: Darmanitan
|
|upkeep
|
|t:|1661632512
|switch|p1a: Regieleki|Regieleki|100/100
|turn|7
|
|t:|1661632515
|switch|p2a: Zygarde|Zygarde, shiny|100/100
|move|p1a: Regieleki|Thunderbolt|p2a: Zygarde
|-immune|p2a: Zygarde
|
|upkeep
|turn|8
|-message|Battle Bro Barret forfeited.
|
|win|caprisong
|raw|Battle Bro Barret's rating: 1534 &rarr; <strong>1524</strong><br />(-10 for losing)
|raw|caprisong's rating: 1723 &rarr; <strong>1733</strong><br />(+10 for winning)
|l|☆Battle Bro Barret
||Ladder isn't responding, score probably updated but might not have (Request timeout).
