|j|☆xing-ggggg
|j|☆Defensive0
|t:|1667890391
|gametype|singles
|player|p1|xing-ggggg|hexmaniac-gen6|1774
|player|p2|Defensive0|riley|2018
|teamsize|p1|6
|teamsize|p2|6
|gen|8
|tier|[Gen 8] National Dex AG
|rated|
|rule|HP Percentage Mod: HP is shown in percentages
|rule|Endless Battle Clause: Forcing endless battles is banned
|clearpoke
|poke|p1|Kyogre|
|poke|p1|Necrozma-Dusk-Mane|
|poke|p1|Arceus-*|
|poke|p1|Rayquaza|
|poke|p1|Zacian-*|
|poke|p1|Arceus-*|
|poke|p2|Kyogre|
|poke|p2|Ditto|
|poke|p2|Xerneas-*|
|poke|p2|Arceus-*|
|poke|p2|Arceus-*|
|poke|p2|Necrozma-Dusk-Mane|
|teampreview
|inactive|Battle timer is ON: inactive players will automatically lose when time's up. (requested by Defensive0)
|inactive|Defensive0 has 120 seconds left.
|
|t:|1667890422
|start
|switch|p1a: Necrozma|Necrozma-Dusk-Mane|100/100
|switch|p2a: Kyogre|Kyogre|100/100
|detailschange|p2a: Kyogre|Kyogre-Primal
|-primal|p2a: Kyogre
|-weather|PrimordialSea|[from] ability: Primordial Sea|[of] p2a: Kyogre
|turn|1
|
|t:|1667890448
|move|p2a: Kyogre|Water Spout|p1a: Necrozma
|-damage|p1a: Necrozma|0 fnt
|faint|p1a: Necrozma
|
|-weather|PrimordialSea|[upkeep]
|upkeep
|
|t:|1667890452
|switch|p1a: Kyogre|Kyogre|100/100
|-ability|p1a: Kyogre|Drizzle|[from] primordialsea|[fail]
|turn|2
|
|t:|1667890469
|-start|p1a: Kyogre|Dynamax|
|-heal|p1a: Kyogre|100/100|[silent]
|move|p2a: Kyogre|Water Spout|p1a: Kyogre
|-resisted|p1a: Kyogre
|-damage|p1a: Kyogre|75/100
|move|p1a: Kyogre|Max Airstream|p2a: Kyogre
|-damage|p2a: Kyogre|62/100
|-boost|p1a: Kyogre|spe|1
|-damage|p1a: Kyogre|70/100|[from] item: Life Orb
|
|-weather|PrimordialSea|[upkeep]
|upkeep
|turn|3
|
|t:|1667890480
|move|p1a: Kyogre|Max Airstream|p2a: Kyogre
|-crit|p2a: Kyogre
|-damage|p2a: Kyogre|5/100
|-boost|p1a: Kyogre|spe|1
|-damage|p1a: Kyogre|65/100|[from] item: Life Orb
|move|p2a: Kyogre|Rest|p2a: Kyogre
|-status|p2a: Kyogre|slp|[from] move: Rest
|-heal|p2a: Kyogre|100/100 slp|[silent]
|
|-weather|PrimordialSea|[upkeep]
|upkeep
|turn|4
|
|t:|1667890484
|move|p1a: Kyogre|Max Geyser|p2a: Kyogre
|-resisted|p2a: Kyogre
|-damage|p2a: Kyogre|47/100 slp
|-damage|p1a: Kyogre|60/100|[from] item: Life Orb
|cant|p2a: Kyogre|slp
|move|p2a: Kyogre|Sleep Talk|p2a: Kyogre
|move|p2a: Kyogre|Rest||[from]move: Sleep Talk|[still]
|-fail|p2a: Kyogre
|
|-weather|PrimordialSea|[upkeep]
|upkeep
|-end|p1a: Kyogre|Dynamax
|-heal|p1a: Kyogre|60/100|[silent]
|turn|5
|
|t:|1667890488
|move|p1a: Kyogre|Origin Pulse|p2a: Kyogre
|-resisted|p2a: Kyogre
|-damage|p2a: Kyogre|3/100 slp
|-damage|p1a: Kyogre|50/100|[from] item: Life Orb
|cant|p2a: Kyogre|slp
|move|p2a: Kyogre|Sleep Talk|p2a: Kyogre
|move|p2a: Kyogre|Ice Beam|p1a: Kyogre|[from]move: Sleep Talk
|-resisted|p1a: Kyogre
|-damage|p1a: Kyogre|34/100
|
|-weather|PrimordialSea|[upkeep]
|upkeep
|turn|6
|
|t:|1667890496
|move|p1a: Kyogre|Calm Mind|p1a: Kyogre
|-boost|p1a: Kyogre|spa|1
|-boost|p1a: Kyogre|spd|1
|-curestatus|p2a: Kyogre|slp|[msg]
|move|p2a: Kyogre|Rest|p2a: Kyogre
|-status|p2a: Kyogre|slp|[from] move: Rest
|-heal|p2a: Kyogre|100/100 slp|[silent]
|
|-weather|PrimordialSea|[upkeep]
|upkeep
|turn|7
|
|t:|1667890500
|move|p1a: Kyogre|Calm Mind|p1a: Kyogre
|-boost|p1a: Kyogre|spa|1
|-boost|p1a: Kyogre|spd|1
|cant|p2a: Kyogre|slp
|move|p2a: Kyogre|Sleep Talk|p2a: Kyogre
|move|p2a: Kyogre|Ice Beam|p1a: Kyogre|[from]move: Sleep Talk
|-resisted|p1a: Kyogre
|-damage|p1a: Kyogre|27/100
|
|-weather|PrimordialSea|[upkeep]
|upkeep
|turn|8
|
|t:|1667890513
|-weather|none
|switch|p2a: Ditto|Ditto, shiny|100/100
|-transform|p2a: Ditto|p1a: Kyogre|[from] ability: Imposter
|-weather|RainDance|[from] ability: Drizzle|[of] p2a: Ditto
|move|p1a: Kyogre|Origin Pulse|p2a: Ditto|[miss]
|-miss|p1a: Kyogre|p2a: Ditto
|
|-weather|RainDance|[upkeep]
|upkeep
|turn|9
|c|☆xing-ggggg|nooooooooo
|
|t:|1667890527
|move|p2a: Ditto|Origin Pulse|p1a: Kyogre|[miss]
|-miss|p2a: Ditto|p1a: Kyogre
|move|p1a: Kyogre|Origin Pulse|p2a: Ditto
|-resisted|p2a: Ditto
|-damage|p2a: Ditto|48/100
|-damage|p1a: Kyogre|17/100|[from] item: Life Orb
|
|-weather|RainDance|[upkeep]
|upkeep
|turn|10
|
|t:|1667890537
|move|p2a: Ditto|Origin Pulse|p1a: Kyogre
|-resisted|p1a: Kyogre
|-damage|p1a: Kyogre|0 fnt
|faint|p1a: Kyogre
|
|-weather|RainDance|[upkeep]
|upkeep
|
|t:|1667890543
|switch|p1a: Rayquaza|Rayquaza|100/100
|-ability|p1a: Rayquaza|Air Lock
|turn|11
|
|t:|1667890561
|detailschange|p1a: Rayquaza|Rayquaza-Mega
|-mega|p1a: Rayquaza|Rayquaza|
|-weather|DeltaStream|[from] ability: Delta Stream|[of] p1a: Rayquaza
|-start|p2a: Ditto|Dynamax|
|-heal|p2a: Ditto|48/100|[silent]
|move|p2a: Ditto|Max Hailstorm|p1a: Rayquaza
|-activate||deltastream
|-supereffective|p1a: Rayquaza
|-damage|p1a: Rayquaza|0 fnt
|-weather|Hail
|faint|p1a: Rayquaza
|
|-weather|Hail|[upkeep]
|-damage|p2a: Ditto|45/100|[from] Hail
|upkeep
|-message|xing-ggggg forfeited.
|
|win|Defensive0
|raw|xing-ggggg's rating: 1774 &rarr; <strong>1766</strong><br />(-8 for losing)
|raw|Defensive0's rating: 2018 &rarr; <strong>2026</strong><br />(+8 for winning)
