|j|☆xLeonisx
|j|☆kek1445645
|t:|1658598223
|gametype|singles
|player|p1|xLeonisx|266|1722
|player|p2|kek1445645|265|1911
|teamsize|p1|6
|teamsize|p2|6
|gen|8
|tier|[Gen 8] National Dex AG
|rated|
|rule|HP Percentage Mod: HP is shown in percentages
|rule|Endless Battle Clause: Forcing endless battles is banned
|clearpoke
|poke|p1|Deoxys-Speed|
|poke|p1|Ditto|
|poke|p1|Kyogre|
|poke|p1|Calyrex-Shadow|
|poke|p1|Lugia|
|poke|p1|Zacian-*|
|poke|p2|Arceus-*|
|poke|p2|Groudon|
|poke|p2|Zacian-*|
|poke|p2|Rayquaza|
|poke|p2|Calyrex-Shadow|
|poke|p2|Yveltal|
|teampreview
|inactive|Battle timer is ON: inactive players will automatically lose when time's up. (requested by xLeonisx)
|
|t:|1658598235
|start
|switch|p1a: Lugia|Lugia|100/100
|switch|p2a: Arceus|Arceus|100/100
|turn|1
|
|t:|1658598238
|switch|p2a: Zacian|Zacian-Crowned|100/100
|-ability|p2a: Zacian|Intrepid Sword|boost
|-boost|p2a: Zacian|atk|1
|move|p1a: Lugia|Toxic|p2a: Zacian
|-immune|p2a: Zacian
|
|upkeep
|turn|2
|
|t:|1658598245
|move|p2a: Zacian|Behemoth Blade|p1a: Lugia
|-damage|p1a: Lugia|67/100
|move|p1a: Lugia|Roost|p1a: Lugia
|-heal|p1a: Lugia|100/100
|-singleturn|p1a: Lugia|move: Roost
|
|upkeep
|turn|3
|
|t:|1658598249
|move|p2a: Zacian|Play Rough|p1a: Lugia
|-crit|p1a: Lugia
|-damage|p1a: Lugia|58/100
|move|p1a: Lugia|Roost|p1a: Lugia
|-heal|p1a: Lugia|100/100
|-singleturn|p1a: Lugia|move: Roost
|
|upkeep
|turn|4
|
|t:|1658598257
|switch|p1a: Zacian|Zacian-Crowned|100/100
|-ability|p1a: Zacian|Intrepid Sword|boost
|-boost|p1a: Zacian|atk|1
|move|p2a: Zacian|Play Rough|p1a: Zacian
|-resisted|p1a: Zacian
|-damage|p1a: Zacian|61/100
|
|upkeep
|turn|5
|
|t:|1658598260
|move|p2a: Zacian|Behemoth Blade|p1a: Zacian
|-damage|p1a: Zacian|0 fnt
|faint|p1a: Zacian
|
|upkeep
|
|t:|1658598263
|switch|p1a: Deoxys|Deoxys-Speed|100/100
|-ability|p1a: Deoxys|Pressure
|turn|6
|
|t:|1658598278
|move|p1a: Deoxys|Stealth Rock|p2a: Zacian
|-sidestart|p2: kek1445645|move: Stealth Rock
|move|p2a: Zacian|Behemoth Blade|p1a: Deoxys
|-enditem|p1a: Deoxys|Focus Sash
|-damage|p1a: Deoxys|1/100
|
|upkeep
|turn|7
|
|t:|1658598282
|move|p1a: Deoxys|Thunder Wave|p2a: Zacian|[miss]
|-miss|p1a: Deoxys|p2a: Zacian
|move|p2a: Zacian|Behemoth Blade|p1a: Deoxys
|-damage|p1a: Deoxys|0 fnt
|faint|p1a: Deoxys
|
|upkeep
|c|☆xLeonisx|ffs
|c|☆xLeonisx|man
|
|t:|1658598289
|switch|p1a: Ditto|Ditto|100/100
|-transform|p1a: Ditto|p2a: Zacian|[from] ability: Imposter
|-ability|p1a: Ditto|Intrepid Sword|boost
|-boost|p1a: Ditto|atk|1
|turn|8
|
|t:|1658598295
|switch|p1a: Kyogre|Kyogre|100/100
|detailschange|p1a: Kyogre|Kyogre-Primal
|-primal|p1a: Kyogre
|-weather|PrimordialSea|[from] ability: Primordial Sea|[of] p1a: Kyogre
|move|p2a: Zacian|Behemoth Blade|p1a: Kyogre
|-resisted|p1a: Kyogre
|-damage|p1a: Kyogre|47/100
|
|-weather|PrimordialSea|[upkeep]
|upkeep
|turn|9
|
|t:|1658598297
|move|p2a: Zacian|Wild Charge|p1a: Kyogre
|-supereffective|p1a: Kyogre
|-damage|p1a: Kyogre|0 fnt
|faint|p1a: Kyogre
|-weather|none
|-damage|p2a: Zacian|88/100|[from] Recoil
|
|upkeep
|
|t:|1658598300
|switch|p1a: Ditto|Ditto|100/100
|-transform|p1a: Ditto|p2a: Zacian|[from] ability: Imposter
|-ability|p1a: Ditto|Intrepid Sword|boost
|-boost|p1a: Ditto|atk|1
|turn|10
|
|t:|1658598302
|move|p1a: Ditto|Behemoth Blade|p2a: Zacian
|-damage|p2a: Zacian|0 fnt
|faint|p2a: Zacian
|
|upkeep
|c|☆xLeonisx|bro
|
|t:|1658598306
|switch|p2a: Groudon|Groudon|100/100
|-damage|p2a: Groudon|94/100|[from] Stealth Rock
|detailschange|p2a: Groudon|Groudon-Primal
|-primal|p2a: Groudon
|-weather|DesolateLand|[from] ability: Desolate Land|[of] p2a: Groudon
|turn|11
|
|t:|1658598312
|switch|p1a: Lugia|Lugia|100/100
|move|p2a: Groudon|Stone Edge|p1a: Lugia
|-supereffective|p1a: Lugia
|-crit|p1a: Lugia
|-damage|p1a: Lugia|64/100
|
|-weather|DesolateLand|[upkeep]
|upkeep
|turn|12
|
|t:|1658598315
|-weather|none
|switch|p2a: Arceus|Arceus|100/100
|-damage|p2a: Arceus|88/100|[from] Stealth Rock
|move|p1a: Lugia|Toxic|p2a: Arceus
|-status|p2a: Arceus|tox
|
|-damage|p2a: Arceus|82/100 tox|[from] psn
|upkeep
|turn|13
|
|t:|1658598318
|move|p1a: Lugia|Roost|p1a: Lugia
|-heal|p1a: Lugia|100/100
|-singleturn|p1a: Lugia|move: Roost
|move|p2a: Arceus|Defog|p1a: Lugia
|-unboost|p1a: Lugia|evasion|1
|-sideend|p2: kek1445645|Stealth Rock|[from] move: Defog|[of] p2a: Arceus
|
|-damage|p2a: Arceus|70/100 tox|[from] psn
|upkeep
|turn|14
|
|t:|1658598324
|move|p1a: Lugia|Roost||[still]
|-fail|p1a: Lugia|heal
|move|p2a: Arceus|Swords Dance|p2a: Arceus
|-boost|p2a: Arceus|atk|2
|
|-damage|p2a: Arceus|51/100 tox|[from] psn
|upkeep
|turn|15
|
|t:|1658598327
|move|p2a: Arceus|Swords Dance|p2a: Arceus
|-boost|p2a: Arceus|atk|2
|move|p1a: Lugia|Whirlwind|p2a: Arceus
|drag|p2a: Calyrex|Calyrex-Shadow|100/100
|-ability|p2a: Calyrex|As One
|-ability|p2a: Calyrex|Unnerve
|
|upkeep
|turn|16
|
|t:|1658598333
|move|p2a: Calyrex|Astral Barrage|p1a: Lugia
|-supereffective|p1a: Lugia
|-damage|p1a: Lugia|56/100
|move|p1a: Lugia|Toxic|p2a: Calyrex
|-status|p2a: Calyrex|tox
|
|-damage|p2a: Calyrex|94/100 tox|[from] psn
|upkeep
|turn|17
|
|t:|1658598342
|move|p2a: Calyrex|Astral Barrage|p1a: Lugia
|-supereffective|p1a: Lugia
|-damage|p1a: Lugia|0 fnt
|faint|p1a: Lugia
|-ability|p2a: Calyrex|Grim Neigh|boost
|-boost|p2a: Calyrex|spa|1
|
|-damage|p2a: Calyrex|82/100 tox|[from] psn
|upkeep
|
|t:|1658598345
|switch|p1a: Calyrex|Calyrex-Shadow|100/100
|-ability|p1a: Calyrex|As One
|-ability|p1a: Calyrex|Unnerve
|turn|18
|
|t:|1658598350
|switch|p2a: Arceus|Arceus|51/100 tox
|move|p1a: Calyrex|Astral Barrage|p2a: Arceus
|-immune|p2a: Arceus
|
|-damage|p2a: Arceus|45/100 tox|[from] psn
|upkeep
|turn|19
|
|t:|1658598353
|switch|p1a: Ditto|Ditto|100/100
|-transform|p1a: Ditto|p2a: Arceus|[from] ability: Imposter
|switch|p2a: Yveltal|Yveltal|100/100
|-ability|p2a: Yveltal|Dark Aura
|
|upkeep
|turn|20
|
|t:|1658598361
|-start|p2a: Yveltal|Dynamax|
|-heal|p2a: Yveltal|100/100|[silent]
|move|p1a: Ditto|Extreme Speed|p2a: Yveltal
|-damage|p2a: Yveltal|80/100
|move|p2a: Yveltal|Max Airstream|p1a: Ditto
|-damage|p1a: Ditto|4/100
|-boost|p2a: Yveltal|spe|1
|-damage|p2a: Yveltal|75/100|[from] item: Life Orb
|
|upkeep
|turn|21
|
|t:|1658598370
|move|p1a: Ditto|Extreme Speed|p2a: Yveltal
|-damage|p2a: Yveltal|53/100
|move|p2a: Yveltal|Max Darkness|p1a: Ditto
|-damage|p1a: Ditto|0 fnt
|faint|p1a: Ditto
|-damage|p2a: Yveltal|48/100|[from] item: Life Orb
|
|upkeep
|
|t:|1658598372
|switch|p1a: Calyrex|Calyrex-Shadow|100/100
|-ability|p1a: Calyrex|As One
|-ability|p1a: Calyrex|Unnerve
|turn|22
|
|t:|1658598379
|-start|p1a: Calyrex|Dynamax|
|-heal|p1a: Calyrex|100/100|[silent]
|move|p2a: Yveltal|Max Darkness|p1a: Calyrex
|-supereffective|p1a: Calyrex
|-damage|p1a: Calyrex|0 fnt
|faint|p1a: Calyrex
|-damage|p2a: Yveltal|43/100|[from] item: Life Orb
|
|win|kek1445645
|raw|xLeonisx's rating: 1722 &rarr; <strong>1712</strong><br />(-10 for losing)
|raw|kek1445645's rating: 1911 &rarr; <strong>1921</strong><br />(+10 for winning)
|c|☆kek1445645|gg
|c|☆xLeonisx|can we rematch pls
|c|☆xLeonisx|gg
|c|☆kek1445645|sorry im about 2 head out lol
|c|☆xLeonisx|all good
|l|☆xLeonisx
|c|☆kek1445645|i hope 2 see u on ladder again
||Ladder isn't responding, score probably updated but might not have (Request timeout).
