|j|☆AERLZ_
|j|☆Batman Magic
|t:|1657030136
|gametype|singles
|player|p1|AERLZ_|101|1689
|player|p2|Batman Magic|cogita|1779
|teamsize|p1|6
|teamsize|p2|6
|gen|8
|tier|[Gen 8] National Dex AG
|rated|
|rule|HP Percentage Mod: HP is shown in percentages
|rule|Endless Battle Clause: Forcing endless battles is banned
|clearpoke
|poke|p1|Zacian-*|
|poke|p1|Groudon|
|poke|p1|Yveltal|
|poke|p1|Deoxys-Speed|
|poke|p1|Ditto|
|poke|p1|Arceus-*|
|poke|p2|Groudon|
|poke|p2|Arceus-*|
|poke|p2|Kyogre|
|poke|p2|Arceus-*|
|poke|p2|Gengar, F|
|poke|p2|Arceus-*|
|teampreview
|inactive|Battle timer is ON: inactive players will automatically lose when time's up. (requested by Batman Magic)
|
|t:|1657030174
|start
|switch|p1a: Deoxys|Deoxys-Speed|100/100
|switch|p2a: Vader|Gengar, F, shiny|100/100
|-ability|p1a: Deoxys|Pressure
|turn|1
|
|t:|1657030179
|detailschange|p2a: Vader|Gengar-Mega, F, shiny
|-mega|p2a: Vader|Gengar|Gengarite
|move|p1a: Deoxys|Stealth Rock|p2a: Vader
|-sidestart|p2: Batman Magic|move: Stealth Rock
|move|p2a: Vader|Encore|p1a: Deoxys
|-start|p1a: Deoxys|Encore
|
|upkeep
|turn|2
|
|t:|1657030186
|-start|p1a: Deoxys|Dynamax|
|-heal|p1a: Deoxys|100/100|[silent]
|move|p1a: Deoxys|Max Mindstorm|p2a: Vader
|-supereffective|p2a: Vader
|-damage|p2a: Vader|0 fnt
|-fieldstart|move: Psychic Terrain
|faint|p2a: Vader
|
|upkeep
|
|t:|1657030191
|switch|p2a: Ahsoka|Arceus-Dark|100/100
|-damage|p2a: Ahsoka|88/100|[from] Stealth Rock
|turn|3
|
|t:|1657030200
|-end|p1a: Deoxys|Dynamax
|-heal|p1a: Deoxys|100/100|[silent]
|switch|p1a: Zacian|Zacian-Crowned|100/100
|-ability|p1a: Zacian|Intrepid Sword|boost
|-boost|p1a: Zacian|atk|1
|move|p2a: Ahsoka|Judgment|p1a: Zacian
|-resisted|p1a: Zacian
|-damage|p1a: Zacian|81/100
|
|upkeep
|turn|4
|
|t:|1657030228
|switch|p2a: Yoda|Groudon, shiny|100/100
|-damage|p2a: Yoda|94/100|[from] Stealth Rock
|detailschange|p2a: Yoda|Groudon-Primal, shiny
|-primal|p2a: Yoda
|-weather|DesolateLand|[from] ability: Desolate Land|[of] p2a: Yoda
|move|p1a: Zacian|Close Combat|p2a: Yoda
|-damage|p2a: Yoda|60/100
|-unboost|p1a: Zacian|def|1
|-unboost|p1a: Zacian|spd|1
|
|-weather|DesolateLand|[upkeep]
|upkeep
|turn|5
|
|t:|1657030251
|switch|p1a: Arceus|Arceus-Ground|100/100
|move|p2a: Yoda|Thunder Wave|p1a: Arceus
|-immune|p1a: Arceus
|
|-weather|DesolateLand|[upkeep]
|upkeep
|turn|6
|inactive|Batman Magic has 120 seconds left.
|inactive|Batman Magic has 90 seconds left.
|
|t:|1657030318
|-weather|none
|switch|p2a: Ahsoka|Arceus-Dark|88/100
|-damage|p2a: Ahsoka|76/100|[from] Stealth Rock
|move|p1a: Arceus|Judgment|p2a: Ahsoka
|-damage|p2a: Ahsoka|51/100
|
|-fieldend|move: Psychic Terrain
|upkeep
|turn|7
|
|t:|1657030341
|switch|p1a: Zacian|Zacian-Crowned|81/100
|-ability|p1a: Zacian|Intrepid Sword|boost
|-boost|p1a: Zacian|atk|1
|move|p2a: Ahsoka|Recover|p2a: Ahsoka
|-heal|p2a: Ahsoka|100/100
|
|upkeep
|turn|8
|
|t:|1657030349
|switch|p2a: Obi-Wan|Arceus-Ground|100/100
|-damage|p2a: Obi-Wan|94/100|[from] Stealth Rock
|move|p1a: Zacian|Close Combat|p2a: Obi-Wan
|-damage|p2a: Obi-Wan|55/100
|-unboost|p1a: Zacian|def|1
|-unboost|p1a: Zacian|spd|1
|
|upkeep
|turn|9
|
|t:|1657030358
|move|p1a: Zacian|Behemoth Blade|p2a: Obi-Wan
|-damage|p2a: Obi-Wan|6/100
|move|p2a: Obi-Wan|Defog|p1a: Zacian
|-unboost|p1a: Zacian|evasion|1
|-sideend|p2: Batman Magic|Stealth Rock|[from] move: Defog|[of] p2a: Obi-Wan
|
|upkeep
|turn|10
|
|t:|1657030365
|move|p1a: Zacian|Close Combat|p2a: Obi-Wan
|-damage|p2a: Obi-Wan|0 fnt
|-unboost|p1a: Zacian|def|1
|-unboost|p1a: Zacian|spd|1
|faint|p2a: Obi-Wan
|
|upkeep
|
|t:|1657030367
|switch|p2a: Yoda|Groudon-Primal, shiny|60/100
|-weather|DesolateLand|[from] ability: Desolate Land|[of] p2a: Yoda
|turn|11
|
|t:|1657030372
|switch|p1a: Arceus|Arceus-Ground|100/100
|move|p2a: Yoda|Stealth Rock|p1a: Arceus
|-sidestart|p1: AERLZ_|move: Stealth Rock
|
|-weather|DesolateLand|[upkeep]
|upkeep
|turn|12
|inactive|Batman Magic has 120 seconds left.
|inactive|Batman Magic has 90 seconds left.
|
|t:|1657030424
|-weather|none
|switch|p2a: Grogu|Arceus-Flying|100/100
|move|p1a: Arceus|Judgment|p2a: Grogu
|-immune|p2a: Grogu
|
|upkeep
|turn|13
|
|t:|1657030432
|move|p2a: Grogu|Calm Mind|p2a: Grogu
|-boost|p2a: Grogu|spa|1
|-boost|p2a: Grogu|spd|1
|move|p1a: Arceus|Icy Wind|p2a: Grogu
|-supereffective|p2a: Grogu
|-damage|p2a: Grogu|88/100
|-unboost|p2a: Grogu|spe|1
|
|upkeep
|turn|14
|
|t:|1657030443
|move|p1a: Arceus|Defog|p2a: Grogu
|-unboost|p2a: Grogu|evasion|1
|-sideend|p1: AERLZ_|Stealth Rock|[from] move: Defog|[of] p1a: Arceus
|move|p2a: Grogu|Calm Mind|p2a: Grogu
|-boost|p2a: Grogu|spa|1
|-boost|p2a: Grogu|spd|1
|
|upkeep
|turn|15
|
|t:|1657030448
|switch|p1a: Deoxys|Deoxys-Speed|100/100
|-ability|p1a: Deoxys|Pressure
|-start|p2a: Grogu|Dynamax|
|-heal|p2a: Grogu|88/100|[silent]
|move|p2a: Grogu|Max Airstream|p1a: Deoxys
|-enditem|p1a: Deoxys|Focus Sash
|-damage|p1a: Deoxys|1/100
|-boost|p2a: Grogu|spe|1
|
|upkeep
|turn|16
|
|t:|1657030452
|move|p1a: Deoxys|Stealth Rock|p2a: Grogu
|-sidestart|p2: Batman Magic|move: Stealth Rock
|move|p2a: Grogu|Max Airstream|p1a: Deoxys
|-damage|p1a: Deoxys|0 fnt
|-boost|p2a: Grogu|spe|1
|faint|p1a: Deoxys
|
|upkeep
|
|t:|1657030469
|switch|p1a: Arceus|Arceus-Ground|100/100
|turn|17
|inactive|Batman Magic has 120 seconds left.
|
|t:|1657030491
|move|p2a: Grogu|Max Airstream|p1a: Arceus
|-damage|p1a: Arceus|38/100
|-boost|p2a: Grogu|spe|1
|move|p1a: Arceus|Recover|p1a: Arceus
|-heal|p1a: Arceus|88/100
|
|upkeep
|-end|p2a: Grogu|Dynamax
|-heal|p2a: Grogu|88/100|[silent]
|turn|18
|
|t:|1657030499
|move|p2a: Grogu|Calm Mind|p2a: Grogu
|-boost|p2a: Grogu|spa|1
|-boost|p2a: Grogu|spd|1
|move|p1a: Arceus|Icy Wind|p2a: Grogu
|-supereffective|p2a: Grogu
|-damage|p2a: Grogu|80/100
|-unboost|p2a: Grogu|spe|1
|
|upkeep
|turn|19
|
|t:|1657030501
|move|p2a: Grogu|Judgment|p1a: Arceus
|-damage|p1a: Arceus|28/100
|move|p1a: Arceus|Icy Wind|p2a: Grogu
|-supereffective|p2a: Grogu
|-damage|p2a: Grogu|73/100
|-unboost|p2a: Grogu|spe|1
|
|upkeep
|turn|20
|
|t:|1657030504
|move|p2a: Grogu|Judgment|p1a: Arceus
|-damage|p1a: Arceus|0 fnt
|faint|p1a: Arceus
|
|upkeep
|
|t:|1657030515
|switch|p1a: Ditto|Ditto|100/100
|-transform|p1a: Ditto|p2a: Grogu|[from] ability: Imposter
|turn|21
|
|t:|1657030523
|move|p1a: Ditto|Judgment|p2a: Grogu
|-damage|p2a: Grogu|54/100
|move|p2a: Grogu|Recover|p2a: Grogu
|-heal|p2a: Grogu|100/100
|
|upkeep
|turn|22
|
|t:|1657030528
|switch|p1a: Zacian|Zacian-Crowned|81/100
|-ability|p1a: Zacian|Intrepid Sword|boost
|-boost|p1a: Zacian|atk|1
|move|p2a: Grogu|Judgment|p1a: Zacian
|-resisted|p1a: Zacian
|-damage|p1a: Zacian|22/100
|
|upkeep
|turn|23
|
|t:|1657030539
|move|p1a: Zacian|Wild Charge|p2a: Grogu
|-supereffective|p2a: Grogu
|-damage|p2a: Grogu|24/100
|-damage|p1a: Zacian|0 fnt|[from] Recoil
|faint|p1a: Zacian
|move|p2a: Grogu|Earth Power|p1: Zacian|[notarget]
|-fail|p2a: Grogu
|
|upkeep
|
|t:|1657030543
|switch|p1a: Yveltal|Yveltal|100/100
|-ability|p1a: Yveltal|Dark Aura
|turn|24
|
|t:|1657030549
|move|p2a: Grogu|Recover|p2a: Grogu
|-heal|p2a: Grogu|74/100
|move|p1a: Yveltal|Dark Pulse|p2a: Grogu
|-damage|p2a: Grogu|54/100
|-damage|p1a: Yveltal|91/100|[from] item: Life Orb
|
|upkeep
|turn|25
|
|t:|1657030553
|move|p1a: Yveltal|Sucker Punch||[still]
|-fail|p1a: Yveltal
|move|p2a: Grogu|Recover|p2a: Grogu
|-heal|p2a: Grogu|100/100
|
|upkeep
|turn|26
|
|t:|1657030556
|move|p2a: Grogu|Judgment|p1a: Yveltal
|-damage|p1a: Yveltal|0 fnt
|faint|p1a: Yveltal
|
|upkeep
|
|t:|1657030558
|switch|p1a: Groudon|Groudon|100/100
|detailschange|p1a: Groudon|Groudon-Primal
|-primal|p1a: Groudon
|-weather|DesolateLand|[from] ability: Desolate Land|[of] p1a: Groudon
|turn|27
|
|t:|1657030584
|move|p2a: Grogu|Judgment|p1a: Groudon
|-damage|p1a: Groudon|0 fnt
|faint|p1a: Groudon
|-weather|none
|
|upkeep
|-message|AERLZ_ forfeited.
|
|win|Batman Magic
|raw|AERLZ_'s rating: 1689 &rarr; <strong>1674</strong><br />(-15 for losing)
|raw|Batman Magic's rating: 1779 &rarr; <strong>1794</strong><br />(+15 for winning)
|l|☆AERLZ_
|l|☆Batman Magic
||Ladder isn't responding, score probably updated but might not have (Request timeout).
