|j|☆Frality
|j|☆seidou45
|t:|1661340849
|gametype|singles
|player|p1|Frality|102|
|player|p2|seidou45|lucas|
|teamsize|p1|6
|teamsize|p2|6
|gen|8
|tier|[Gen 8] National Dex AG
|rule|HP Percentage Mod: HP is shown in percentages
|rule|Endless Battle Clause: Forcing endless battles is banned
|clearpoke
|poke|p1|Groudon|
|poke|p1|Ditto|
|poke|p1|Rayquaza|
|poke|p1|Xerneas-*|
|poke|p1|Zacian-*|
|poke|p1|Calyrex-Shadow|
|poke|p2|Lugia|
|poke|p2|Kyogre|
|poke|p2|Groudon|
|poke|p2|Rayquaza|
|poke|p2|Arceus-*|
|poke|p2|Regieleki|
|teampreview
|
|t:|1661340864
|start
|switch|p1a: Groudon|Groudon|100/100
|switch|p2a: Groudon|Groudon, shiny|100/100
|-weather|SunnyDay|[from] ability: Drought|[of] p2a: Groudon
|detailschange|p1a: Groudon|Groudon-Primal
|-primal|p1a: Groudon
|-weather|DesolateLand|[from] ability: Desolate Land|[of] p1a: Groudon
|turn|1
|
|t:|1661340876
|-weather|none
|switch|p1a: Rayquaza|Rayquaza|100/100
|-ability|p1a: Rayquaza|Air Lock
|move|p2a: Groudon|Earthquake|p1a: Rayquaza
|-immune|p1a: Rayquaza
|
|upkeep
|turn|2
|
|t:|1661340888
|detailschange|p1a: Rayquaza|Rayquaza-Mega
|-mega|p1a: Rayquaza|Rayquaza|
|-weather|DeltaStream|[from] ability: Delta Stream|[of] p1a: Rayquaza
|move|p1a: Rayquaza|Dragon Ascent|p2a: Groudon
|-damage|p2a: Groudon|47/100
|-unboost|p1a: Rayquaza|def|1
|-unboost|p1a: Rayquaza|spd|1
|move|p2a: Groudon|Fling|p1a: Rayquaza
|-damage|p1a: Rayquaza|87/100
|-status|p1a: Rayquaza|par
|-enditem|p2a: Groudon|Light Ball|[from] move: Fling
|
|-weather|DeltaStream|[upkeep]
|-heal|p1a: Rayquaza|93/100 par|[from] item: Leftovers
|upkeep
|turn|3
|
|t:|1661340904
|move|p2a: Groudon|Stealth Rock|p1a: Rayquaza
|-sidestart|p1: Frality|move: Stealth Rock
|cant|p1a: Rayquaza|par
|
|-weather|DeltaStream|[upkeep]
|-heal|p1a: Rayquaza|99/100 par|[from] item: Leftovers
|upkeep
|turn|4
|
|t:|1661340912
|move|p2a: Groudon|Rock Tomb|p1a: Rayquaza
|-activate||deltastream
|-damage|p1a: Rayquaza|73/100 par
|-unboost|p1a: Rayquaza|spe|1
|move|p1a: Rayquaza|Dragon Ascent|p2a: Groudon
|-damage|p2a: Groudon|0 fnt
|-unboost|p1a: Rayquaza|def|1
|-unboost|p1a: Rayquaza|spd|1
|faint|p2a: Groudon
|
|-weather|DeltaStream|[upkeep]
|-heal|p1a: Rayquaza|79/100 par|[from] item: Leftovers
|upkeep
|
|t:|1661340923
|switch|p2a: Regieleki|Regieleki, shiny|100/100
|turn|5
|
|t:|1661340929
|move|p1a: Rayquaza|Extreme Speed|p2a: Regieleki
|-damage|p2a: Regieleki|32/100
|move|p2a: Regieleki|Thunderbolt|p1a: Rayquaza
|-activate||deltastream
|-resisted|p1a: Rayquaza
|-damage|p1a: Rayquaza|0 fnt
|faint|p1a: Rayquaza
|-weather|none
|-damage|p2a: Regieleki|22/100|[from] item: Life Orb
|
|upkeep
|
|t:|1661340946
|switch|p1a: Ditto|Ditto|100/100
|-damage|p1a: Ditto|88/100|[from] Stealth Rock
|-transform|p1a: Ditto|p2a: Regieleki|[from] ability: Imposter
|turn|6
|
|t:|1661340958
|move|p1a: Ditto|Thunderbolt|p2a: Regieleki
|-resisted|p2a: Regieleki
|-damage|p2a: Regieleki|0 fnt
|faint|p2a: Regieleki
|
|upkeep
|
|t:|1661340961
|switch|p2a: Rayquaza|Rayquaza, shiny|100/100
|-ability|p2a: Rayquaza|Air Lock
|turn|7
|
|t:|1661340979
|switch|p1a: Xerneas|Xerneas|100/100
|-damage|p1a: Xerneas|88/100|[from] Stealth Rock
|-ability|p1a: Xerneas|Fairy Aura
|detailschange|p2a: Rayquaza|Rayquaza-Mega, shiny
|-mega|p2a: Rayquaza|Rayquaza|
|-weather|DeltaStream|[from] ability: Delta Stream|[of] p2a: Rayquaza
|move|p2a: Rayquaza|Earthquake|p1a: Xerneas
|-damage|p1a: Xerneas|59/100
|
|-weather|DeltaStream|[upkeep]
|upkeep
|turn|8
|
|t:|1661340994
|move|p2a: Rayquaza|Dragon Ascent|p1a: Xerneas
|-damage|p1a: Xerneas|5/100
|-unboost|p2a: Rayquaza|def|1
|-unboost|p2a: Rayquaza|spd|1
|move|p1a: Xerneas|Geomancy||[still]
|-prepare|p1a: Xerneas|Geomancy
|-enditem|p1a: Xerneas|Power Herb
|-anim|p1a: Xerneas|Geomancy|p1a: Xerneas
|-boost|p1a: Xerneas|spa|2
|-boost|p1a: Xerneas|spd|2
|-boost|p1a: Xerneas|spe|2
|
|-weather|DeltaStream|[upkeep]
|upkeep
|turn|9
|
|t:|1661341007
|move|p1a: Xerneas|Moonblast|p2a: Rayquaza
|-supereffective|p2a: Rayquaza
|-damage|p2a: Rayquaza|0 fnt
|faint|p2a: Rayquaza
|-weather|none
|
|upkeep
|
|t:|1661341012
|switch|p2a: Lugia|Lugia, shiny|100/100
|turn|10
|
|t:|1661341020
|move|p1a: Xerneas|Thunderbolt|p2a: Lugia
|-supereffective|p2a: Lugia
|-damage|p2a: Lugia|70/100
|move|p2a: Lugia|Whirlwind|p1a: Xerneas
|drag|p1a: Groudon|Groudon-Primal|100/100
|-damage|p1a: Groudon|88/100|[from] Stealth Rock
|-weather|DesolateLand|[from] ability: Desolate Land|[of] p1a: Groudon
|
|-weather|DesolateLand|[upkeep]
|-heal|p2a: Lugia|76/100|[from] item: Leftovers
|upkeep
|turn|11
|
|t:|1661341034
|move|p1a: Groudon|Stone Edge|p2a: Lugia|[miss]
|-miss|p1a: Groudon|p2a: Lugia
|move|p2a: Lugia|Substitute|p2a: Lugia
|-start|p2a: Lugia|Substitute
|-damage|p2a: Lugia|52/100
|
|-weather|DesolateLand|[upkeep]
|-heal|p2a: Lugia|58/100|[from] item: Leftovers
|upkeep
|turn|12
|
|t:|1661341066
|move|p1a: Groudon|Stone Edge|p2a: Lugia
|-supereffective|p2a: Lugia
|-end|p2a: Lugia|Substitute
|move|p2a: Lugia|Roost|p2a: Lugia
|-heal|p2a: Lugia|100/100
|-singleturn|p2a: Lugia|move: Roost
|
|-weather|DesolateLand|[upkeep]
|upkeep
|turn|13
|
|t:|1661341077
|move|p1a: Groudon|Stone Edge|p2a: Lugia
|-supereffective|p2a: Lugia
|-damage|p2a: Lugia|78/100
|move|p2a: Lugia|Substitute|p2a: Lugia
|-start|p2a: Lugia|Substitute
|-damage|p2a: Lugia|54/100
|
|-weather|DesolateLand|[upkeep]
|-heal|p2a: Lugia|60/100|[from] item: Leftovers
|upkeep
|turn|14
|
|t:|1661341087
|move|p1a: Groudon|Stone Edge|p2a: Lugia
|-supereffective|p2a: Lugia
|-end|p2a: Lugia|Substitute
|move|p2a: Lugia|Roost|p2a: Lugia
|-heal|p2a: Lugia|100/100
|-singleturn|p2a: Lugia|move: Roost
|
|-weather|DesolateLand|[upkeep]
|upkeep
|turn|15
|
|t:|1661341098
|-weather|none
|switch|p1a: Ditto|Ditto|88/100
|-damage|p1a: Ditto|76/100|[from] Stealth Rock
|-transform|p1a: Ditto|p2a: Lugia|[from] ability: Imposter
|move|p2a: Lugia|Substitute|p2a: Lugia
|-start|p2a: Lugia|Substitute
|-damage|p2a: Lugia|76/100
|
|-heal|p2a: Lugia|82/100|[from] item: Leftovers
|upkeep
|turn|16
|
|t:|1661341114
|move|p2a: Lugia|Thunder Wave|p1a: Ditto
|-status|p1a: Ditto|par
|cant|p1a: Ditto|par
|
|-heal|p2a: Lugia|88/100|[from] item: Leftovers
|upkeep
|turn|17
|
|t:|1661341123
|move|p2a: Lugia|Whirlwind|p1a: Ditto
|drag|p1a: Xerneas|Xerneas|5/100
|-damage|p1a: Xerneas|0 fnt|[from] Stealth Rock
|faint|p1a: Xerneas
|
|-heal|p2a: Lugia|94/100|[from] item: Leftovers
|upkeep
|
|t:|1661341142
|switch|p1a: Calyrex|Calyrex-Shadow|100/100
|-ability|p1a: Calyrex|As One
|-ability|p1a: Calyrex|Unnerve
|-damage|p1a: Calyrex|88/100|[from] Stealth Rock
|turn|18
|
|t:|1661341151
|move|p1a: Calyrex|Astral Barrage|p2a: Lugia
|-supereffective|p2a: Lugia
|-end|p2a: Lugia|Substitute
|move|p2a: Lugia|Thunder Wave|p1a: Calyrex
|-status|p1a: Calyrex|par
|
|-heal|p2a: Lugia|99/100|[from] item: Leftovers
|upkeep
|turn|19
|
|t:|1661341162
|move|p1a: Calyrex|Astral Barrage|p2a: Lugia
|-supereffective|p2a: Lugia
|-damage|p2a: Lugia|4/100
|move|p2a: Lugia|Roost|p2a: Lugia
|-heal|p2a: Lugia|54/100
|-singleturn|p2a: Lugia|move: Roost
|
|-heal|p2a: Lugia|60/100|[from] item: Leftovers
|upkeep
|turn|20
|
|t:|1661341176
|switch|p2a: No.493|Arceus, shiny|100/100
|move|p1a: Calyrex|Astral Barrage|p2a: No.493
|-immune|p2a: No.493
|
|upkeep
|turn|21
|
|t:|1661341190
|switch|p1a: Ditto|Ditto|76/100 par
|-damage|p1a: Ditto|63/100 par|[from] Stealth Rock
|-transform|p1a: Ditto|p2a: No.493|[from] ability: Imposter
|move|p2a: No.493|Thunder Wave|p1a: Ditto
|-fail|p1a: Ditto|par
|
|upkeep
|turn|22
|
|t:|1661341204
|switch|p2a: Lugia|Lugia, shiny|60/100
|move|p1a: Ditto|Thunder Wave|p2a: Lugia
|-status|p2a: Lugia|par
|
|-heal|p2a: Lugia|66/100 par|[from] item: Leftovers
|upkeep
|turn|23
|
|t:|1661341216
|switch|p1a: Calyrex|Calyrex-Shadow|88/100 par
|-ability|p1a: Calyrex|As One
|-ability|p1a: Calyrex|Unnerve
|-damage|p1a: Calyrex|76/100 par|[from] Stealth Rock
|move|p2a: Lugia|Roost|p2a: Lugia
|-heal|p2a: Lugia|100/100 par
|-singleturn|p2a: Lugia|move: Roost
|
|upkeep
|turn|24
|
|t:|1661341229
|switch|p2a: No.493|Arceus, shiny|100/100
|move|p1a: Calyrex|Psychic|p2a: No.493
|-damage|p2a: No.493|72/100
|
|upkeep
|turn|25
|
|t:|1661341241
|switch|p1a: Zacian|Zacian-Crowned|100/100
|-damage|p1a: Zacian|94/100|[from] Stealth Rock
|-ability|p1a: Zacian|Intrepid Sword|boost
|-boost|p1a: Zacian|atk|1
|move|p2a: No.493|Snarl|p1a: Zacian
|-resisted|p1a: Zacian
|-damage|p1a: Zacian|87/100
|-unboost|p1a: Zacian|spa|1
|
|upkeep
|turn|26
|
|t:|1661341255
|switch|p2a: Lugia|Lugia, shiny|100/100 par
|move|p1a: Zacian|Close Combat|p2a: Lugia
|-resisted|p2a: Lugia
|-damage|p2a: Lugia|96/100 par
|-unboost|p1a: Zacian|def|1
|-unboost|p1a: Zacian|spd|1
|
|-heal|p2a: Lugia|100/100 par|[from] item: Leftovers
|upkeep
|turn|27
|
|t:|1661341269
|switch|p1a: Calyrex|Calyrex-Shadow|76/100 par
|-ability|p1a: Calyrex|As One
|-ability|p1a: Calyrex|Unnerve
|-damage|p1a: Calyrex|64/100 par|[from] Stealth Rock
|cant|p2a: Lugia|par
|
|upkeep
|turn|28
|
|t:|1661341284
|switch|p2a: No.493|Arceus, shiny|72/100
|move|p1a: Calyrex|Psychic|p2a: No.493
|-damage|p2a: No.493|42/100
|
|upkeep
|turn|29
|
|t:|1661341302
|switch|p1a: Groudon|Groudon-Primal|88/100
|-damage|p1a: Groudon|76/100|[from] Stealth Rock
|-weather|DesolateLand|[from] ability: Desolate Land|[of] p1a: Groudon
|move|p2a: No.493|Recover|p2a: No.493
|-heal|p2a: No.493|92/100
|
|-weather|DesolateLand|[upkeep]
|upkeep
|turn|30
|
|t:|1661341313
|move|p2a: No.493|Snarl|p1a: Groudon
|-damage|p1a: Groudon|59/100
|-unboost|p1a: Groudon|spa|1
|move|p1a: Groudon|Fire Punch|p2a: No.493
|-damage|p2a: No.493|54/100
|-status|p2a: No.493|brn
|
|-weather|DesolateLand|[upkeep]
|-damage|p2a: No.493|48/100 brn|[from] brn
|upkeep
|turn|31
|
|t:|1661341327
|move|p2a: No.493|Snarl|p1a: Groudon
|-damage|p1a: Groudon|44/100
|-unboost|p1a: Groudon|spa|1
|move|p1a: Groudon|Stone Edge|p2a: No.493
|-damage|p2a: No.493|15/100 brn
|
|-weather|DesolateLand|[upkeep]
|-damage|p2a: No.493|9/100 brn|[from] brn
|upkeep
|turn|32
|
|t:|1661341337
|move|p2a: No.493|Snarl|p1a: Groudon
|-damage|p1a: Groudon|27/100
|-unboost|p1a: Groudon|spa|1
|move|p1a: Groudon|Fire Punch|p2a: No.493
|-damage|p2a: No.493|0 fnt
|faint|p2a: No.493
|
|-weather|DesolateLand|[upkeep]
|upkeep
|
|t:|1661341341
|switch|p2a: Kyogre|Kyogre, shiny|100/100
|-ability|p2a: Kyogre|Drizzle|[from] desolateland|[fail]
|turn|33
|
|t:|1661341351
|-start|p2a: Kyogre|Dynamax|
|-heal|p2a: Kyogre|100/100|[silent]
|move|p1a: Groudon|Precipice Blades|p2a: Kyogre
|-damage|p2a: Kyogre|54/100
|move|p2a: Kyogre|Max Airstream|p1a: Groudon
|-damage|p1a: Groudon|0 fnt
|-boost|p2a: Kyogre|spe|1
|faint|p1a: Groudon
|-weather|none
|-damage|p2a: Kyogre|49/100|[from] item: Life Orb
|
|upkeep
|
|t:|1661341380
|switch|p1a: Calyrex|Calyrex-Shadow|64/100 par
|-ability|p1a: Calyrex|As One
|-ability|p1a: Calyrex|Unnerve
|-damage|p1a: Calyrex|51/100 par|[from] Stealth Rock
|turn|34
|
|t:|1661341391
|-start|p1a: Calyrex|Dynamax|
|-heal|p1a: Calyrex|51/100 par|[silent]
|move|p2a: Kyogre|Max Airstream|p1a: Calyrex
|-damage|p1a: Calyrex|24/100 par
|-boost|p2a: Kyogre|spe|1
|-damage|p2a: Kyogre|44/100|[from] item: Life Orb
|move|p1a: Calyrex|Max Phantasm|p2a: Kyogre
|-damage|p2a: Kyogre|7/100
|-unboost|p2a: Kyogre|def|1
|
|upkeep
|turn|35
|
|t:|1661341408
|move|p2a: Kyogre|Max Geyser|p1a: Calyrex
|-damage|p1a: Calyrex|0 fnt
|-weather|RainDance
|faint|p1a: Calyrex
|-damage|p2a: Kyogre|2/100|[from] item: Life Orb
|
|-weather|RainDance|[upkeep]
|upkeep
|
|t:|1661341418
|switch|p1a: Ditto|Ditto|63/100 par
|-damage|p1a: Ditto|51/100 par|[from] Stealth Rock
|-transform|p1a: Ditto|p2a: Kyogre|[from] ability: Imposter
|-end|p2a: Kyogre|Dynamax
|-heal|p2a: Kyogre|2/100|[silent]
|turn|36
|
|t:|1661341429
|move|p2a: Kyogre|Origin Pulse|p1a: Ditto
|-resisted|p1a: Ditto
|-damage|p1a: Ditto|0 fnt
|faint|p1a: Ditto
|-damage|p2a: Kyogre|0 fnt|[from] item: Life Orb
|faint|p2a: Kyogre
|
|-weather|RainDance|[upkeep]
|upkeep
|
|t:|1661341439
|switch|p2a: Lugia|Lugia, shiny|100/100 par
|switch|p1a: Zacian|Zacian-Crowned|87/100
|-damage|p1a: Zacian|81/100|[from] Stealth Rock
|-ability|p1a: Zacian|Intrepid Sword|boost
|-boost|p1a: Zacian|atk|1
|turn|37
|
|t:|1661341449
|move|p1a: Zacian|Swords Dance|p1a: Zacian
|-boost|p1a: Zacian|atk|2
|move|p2a: Lugia|Thunder Wave|p1a: Zacian
|-status|p1a: Zacian|par
|
|-weather|RainDance|[upkeep]
|upkeep
|turn|38
|l|☆Frality
|player|p1|
|c|☆seidou45|gg
|j|☆Frality
|player|p1|Frality|102
|
|t:|1661341558
|cant|p1a: Zacian|par
|move|p2a: Lugia|Substitute|p2a: Lugia
|-start|p2a: Lugia|Substitute
|-damage|p2a: Lugia|76/100 par
|
|-weather|RainDance|[upkeep]
|-heal|p2a: Lugia|82/100 par|[from] item: Leftovers
|upkeep
|turn|39
|
|t:|1661341569
|move|p1a: Zacian|Swords Dance|p1a: Zacian
|-boost|p1a: Zacian|atk|2
|move|p2a: Lugia|Roost|p2a: Lugia
|-heal|p2a: Lugia|100/100 par
|-singleturn|p2a: Lugia|move: Roost
|
|-weather|none
|upkeep
|turn|40
|
|t:|1661341582
|move|p1a: Zacian|Swords Dance|p1a: Zacian
|-boost|p1a: Zacian|atk|1
|move|p2a: Lugia|Thunder Wave|p1a: Zacian
|-fail|p1a: Zacian|par
|
|upkeep
|turn|41
|
|t:|1661341595
|move|p1a: Zacian|Play Rough|p2a: Lugia
|-end|p2a: Lugia|Substitute
|move|p2a: Lugia|Substitute|p2a: Lugia
|-start|p2a: Lugia|Substitute
|-damage|p2a: Lugia|76/100 par
|
|-heal|p2a: Lugia|82/100 par|[from] item: Leftovers
|upkeep
|turn|42
|-message|seidou45 forfeited.
|
|win|Frality
|c|☆Frality|Gg
|l|☆seidou45
