|j|☆thicsucttv
|j|‽meepacman
|t:|1668551750
|gametype|singles
|player|p1|thicsucttv|265|1762
|player|p2|meepacman|101|1611
|teamsize|p1|6
|teamsize|p2|6
|gen|8
|tier|[Gen 8] National Dex AG
|rated|
|rule|HP Percentage Mod: HP is shown in percentages
|rule|Endless Battle Clause: Forcing endless battles is banned
|clearpoke
|poke|p1|Tyranitar, F|
|poke|p1|Marshadow|
|poke|p1|Yveltal|
|poke|p1|Necrozma-Dusk-Mane|
|poke|p1|Ditto|
|poke|p1|Lucario, F|
|poke|p2|Yveltal|
|poke|p2|Ditto|
|poke|p2|Reshiram|
|poke|p2|Arceus-*|
|poke|p2|Groudon|
|poke|p2|Tapu Fini|
|teampreview
|inactive|Battle timer is ON: inactive players will automatically lose when time's up. (requested by thicsucttv)
|
|t:|1668551760
|start
|switch|p1a: Lucario|Lucario, F|100/100
|switch|p2a: Groudon|Groudon|100/100
|detailschange|p2a: Groudon|Groudon-Primal
|-primal|p2a: Groudon
|-weather|DesolateLand|[from] ability: Desolate Land|[of] p2a: Groudon
|turn|1
|
|t:|1668551769
|detailschange|p1a: Lucario|Lucario-Mega, F
|-mega|p1a: Lucario|Lucario|Lucarionite
|move|p1a: Lucario|Substitute|p1a: Lucario
|-start|p1a: Lucario|Substitute
|-damage|p1a: Lucario|76/100
|move|p2a: Groudon|Eruption|p1a: Lucario
|-supereffective|p1a: Lucario
|-end|p1a: Lucario|Substitute
|
|-weather|DesolateLand|[upkeep]
|upkeep
|turn|2
|
|t:|1668551785
|move|p1a: Lucario|Close Combat|p2a: Groudon
|-damage|p2a: Groudon|59/100
|-unboost|p1a: Lucario|def|1
|-unboost|p1a: Lucario|spd|1
|move|p2a: Groudon|Precipice Blades|p1a: Lucario
|-supereffective|p1a: Lucario
|-damage|p1a: Lucario|0 fnt
|faint|p1a: Lucario
|
|-weather|DesolateLand|[upkeep]
|upkeep
|
|t:|1668551795
|switch|p1a: Necrozma|Necrozma-Dusk-Mane|100/100
|turn|3
|
|t:|1668551805
|-weather|none
|switch|p2a: Tapu Fini|Tapu Fini|100/100
|-fieldstart|move: Misty Terrain|[from] ability: Misty Surge|[of] p2a: Tapu Fini
|detailschange|p1a: Necrozma|Necrozma-Ultra
|-burst|p1a: Necrozma|Necrozma|Ultranecrozium Z
|move|p1a: Necrozma|Earth Power|p2a: Tapu Fini
|-damage|p2a: Tapu Fini|79/100
|
|-heal|p2a: Tapu Fini|85/100|[from] item: Leftovers
|upkeep
|turn|4
|
|t:|1668551822
|-zpower|p1a: Necrozma
|move|p1a: Necrozma|Light That Burns the Sky|p2a: Tapu Fini|[zeffect]
|-crit|p2a: Tapu Fini
|-damage|p2a: Tapu Fini|0 fnt
|faint|p2a: Tapu Fini
|
|upkeep
|
|t:|1668551828
|switch|p2a: Reshiram|Reshiram|100/100
|-ability|p2a: Reshiram|Turboblaze
|turn|5
|
|t:|1668551839
|move|p2a: Reshiram|Draco Meteor|p1a: Necrozma
|-supereffective|p1a: Necrozma
|-damage|p1a: Necrozma|19/100
|-unboost|p2a: Reshiram|spa|2
|move|p1a: Necrozma|Dragon Pulse|p2a: Reshiram
|-supereffective|p2a: Reshiram
|-damage|p2a: Reshiram|47/100
|
|upkeep
|turn|6
|
|t:|1668551849
|switch|p1a: Tyranitar|Tyranitar, F|100/100
|-weather|Sandstorm|[from] ability: Sand Stream|[of] p1a: Tyranitar
|move|p2a: Reshiram|Draco Meteor|p1a: Tyranitar
|-damage|p1a: Tyranitar|93/100
|-unboost|p2a: Reshiram|spa|2
|
|-weather|Sandstorm|[upkeep]
|-damage|p2a: Reshiram|41/100|[from] Sandstorm
|-heal|p1a: Tyranitar|99/100|[from] item: Leftovers
|upkeep
|turn|7
|
|t:|1668551873
|-activate|p2a: Reshiram|move: Pursuit
|move|p1a: Tyranitar|Pursuit|p2a: Reshiram|[from]Pursuit
|-damage|p2a: Reshiram|5/100
|switch|p2a: Groudon|Groudon-Primal|59/100
|-weather|DesolateLand|[from] ability: Desolate Land|[of] p2a: Groudon
|
|-weather|DesolateLand|[upkeep]
|-heal|p1a: Tyranitar|100/100|[from] item: Leftovers
|-fieldend|Misty Terrain
|upkeep
|turn|8
|inactive|thicsucttv has 120 seconds left.
|
|t:|1668551904
|switch|p1a: Necrozma|Necrozma-Ultra|19/100
|move|p2a: Groudon|Rock Slide|p1a: Necrozma
|-damage|p1a: Necrozma|0 fnt
|faint|p1a: Necrozma
|
|-weather|DesolateLand|[upkeep]
|upkeep
|
|t:|1668551925
|switch|p1a: Ditto|Ditto|100/100
|-transform|p1a: Ditto|p2a: Groudon|[from] ability: Imposter
|turn|9
|
|t:|1668551935
|switch|p2a: Reshiram|Reshiram|5/100
|-ability|p2a: Reshiram|Turboblaze
|move|p1a: Ditto|Precipice Blades|p2a: Reshiram
|-supereffective|p2a: Reshiram
|-damage|p2a: Reshiram|0 fnt
|faint|p2a: Reshiram
|
|-weather|DesolateLand|[upkeep]
|upkeep
|
|t:|1668551939
|switch|p2a: Yveltal|Yveltal|100/100
|-ability|p2a: Yveltal|Dark Aura
|turn|10
|
|t:|1668551948
|-weather|none
|switch|p1a: Tyranitar|Tyranitar, F|100/100
|-weather|Sandstorm|[from] ability: Sand Stream|[of] p1a: Tyranitar
|switch|p2a: Arceus|Arceus-Ground|100/100
|
|-weather|Sandstorm|[upkeep]
|upkeep
|turn|11
|
|t:|1668551958
|move|p2a: Arceus|Judgment|p1a: Tyranitar
|-supereffective|p1a: Tyranitar
|-damage|p1a: Tyranitar|45/100
|move|p1a: Tyranitar|Stealth Rock|p2a: Arceus
|-sidestart|p2: meepacman|move: Stealth Rock
|
|-weather|Sandstorm|[upkeep]
|-heal|p1a: Tyranitar|51/100|[from] item: Leftovers
|upkeep
|turn|12
|
|t:|1668551974
|switch|p1a: Ditto|Ditto|100/100
|-transform|p1a: Ditto|p2a: Arceus|[from] ability: Imposter
|move|p2a: Arceus|Defog|p1a: Ditto
|-unboost|p1a: Ditto|evasion|1
|-sideend|p2: meepacman|Stealth Rock|[from] move: Defog|[of] p2a: Arceus
|
|-weather|Sandstorm|[upkeep]
|upkeep
|turn|13
|
|t:|1668551990
|move|p1a: Ditto|Ice Beam|p2a: Arceus
|-supereffective|p2a: Arceus
|-damage|p2a: Arceus|61/100
|move|p2a: Arceus|Judgment|p1a: Ditto
|-damage|p1a: Ditto|34/100
|
|-weather|Sandstorm|[upkeep]
|upkeep
|turn|14
|
|t:|1668551999
|move|p1a: Ditto|Ice Beam|p2a: Arceus
|-supereffective|p2a: Arceus
|-damage|p2a: Arceus|19/100
|move|p2a: Arceus|Recover|p2a: Arceus
|-heal|p2a: Arceus|69/100
|
|-weather|none
|upkeep
|turn|15
|
|t:|1668552011
|move|p1a: Ditto|Ice Beam|p2a: Arceus
|-supereffective|p2a: Arceus
|-damage|p2a: Arceus|29/100
|move|p2a: Arceus|Recover|p2a: Arceus
|-heal|p2a: Arceus|79/100
|
|upkeep
|turn|16
|inactive|thicsucttv has 120 seconds left.
|
|t:|1668552018
|switch|p2a: Groudon|Groudon-Primal|59/100
|-weather|DesolateLand|[from] ability: Desolate Land|[of] p2a: Groudon
|move|p1a: Ditto|Ice Beam|p2a: Groudon
|-damage|p2a: Groudon|27/100
|
|-weather|DesolateLand|[upkeep]
|upkeep
|turn|17
|
|t:|1668552026
|move|p1a: Ditto|Ice Beam|p2a: Groudon
|-damage|p2a: Groudon|0 fnt
|faint|p2a: Groudon
|-weather|none
|
|upkeep
|
|t:|1668552029
|switch|p2a: Arceus|Arceus-Ground|79/100
|turn|18
|
|t:|1668552040
|switch|p1a: Marshadow|Marshadow|100/100
|move|p2a: Arceus|Ice Beam|p1a: Marshadow
|-damage|p1a: Marshadow|66/100
|
|upkeep
|turn|19
|
|t:|1668552048
|move|p1a: Marshadow|Ice Punch|p2a: Arceus
|-supereffective|p2a: Arceus
|-damage|p2a: Arceus|37/100
|-damage|p1a: Marshadow|56/100|[from] item: Life Orb
|move|p2a: Arceus|Judgment|p1a: Marshadow
|-damage|p1a: Marshadow|0 fnt
|faint|p1a: Marshadow
|
|upkeep
|
|t:|1668552068
|switch|p1a: Ditto|Ditto|34/100
|-transform|p1a: Ditto|p2a: Arceus|[from] ability: Imposter
|turn|20
|
|t:|1668552073
|switch|p2a: Ditto|Ditto|100/100
|move|p1a: Ditto|Ice Beam|p2a: Ditto
|-damage|p2a: Ditto|31/100
|
|upkeep
|turn|21
|
|t:|1668552080
|move|p1a: Ditto|Ice Beam|p2a: Ditto
|-damage|p2a: Ditto|0 fnt
|faint|p2a: Ditto
|
|upkeep
|
|t:|1668552082
|switch|p2a: Yveltal|Yveltal|100/100
|-ability|p2a: Yveltal|Dark Aura
|turn|22
|
|t:|1668552088
|move|p1a: Ditto|Ice Beam|p2a: Yveltal
|-supereffective|p2a: Yveltal
|-damage|p2a: Yveltal|63/100
|move|p2a: Yveltal|Roost|p2a: Yveltal
|-heal|p2a: Yveltal|100/100
|-singleturn|p2a: Yveltal|move: Roost
|
|upkeep
|turn|23
|
|t:|1668552098
|move|p1a: Ditto|Ice Beam|p2a: Yveltal
|-supereffective|p2a: Yveltal
|-damage|p2a: Yveltal|68/100
|move|p2a: Yveltal|Dark Pulse|p1a: Ditto
|-damage|p1a: Ditto|0 fnt
|faint|p1a: Ditto
|-damage|p2a: Yveltal|58/100|[from] item: Life Orb
|
|upkeep
|
|t:|1668552108
|switch|p1a: Yveltal|Yveltal|100/100
|-ability|p1a: Yveltal|Dark Aura
|turn|24
|
|t:|1668552113
|-start|p1a: Yveltal|Dynamax|
|-heal|p1a: Yveltal|100/100|[silent]
|move|p1a: Yveltal|Max Airstream|p2a: Yveltal
|-damage|p2a: Yveltal|0 fnt
|-boost|p1a: Yveltal|spe|1
|faint|p2a: Yveltal
|-damage|p1a: Yveltal|96/100|[from] item: Life Orb
|
|upkeep
|
|t:|1668552116
|switch|p2a: Arceus|Arceus-Ground|37/100
|turn|25
|
|t:|1668552126
|-start|p2a: Arceus|Dynamax|
|-heal|p2a: Arceus|37/100|[silent]
|move|p2a: Arceus|Max Guard|p2a: Arceus
|-singleturn|p2a: Arceus|Max Guard
|move|p1a: Yveltal|Max Darkness|p2a: Arceus
|-activate|p2a: Arceus|move: Max Guard
|
|upkeep
|turn|26
|
|t:|1668552135
|move|p2a: Arceus|Max Guard|p2a: Arceus
|-singleturn|p2a: Arceus|Max Guard
|move|p1a: Yveltal|Max Darkness|p2a: Arceus
|-activate|p2a: Arceus|move: Max Guard
|
|upkeep
|-end|p1a: Yveltal|Dynamax
|-heal|p1a: Yveltal|96/100|[silent]
|turn|27
|c|☆thicsucttv|Dude
|c|☆thicsucttv|How
|c|☆thicsucttv|Omg
|
|t:|1668552163
|move|p1a: Yveltal|Knock Off|p2a: Arceus
|-damage|p2a: Arceus|17/100
|-damage|p1a: Yveltal|86/100|[from] item: Life Orb
|move|p2a: Arceus|Max Hailstorm|p1a: Yveltal
|-supereffective|p1a: Yveltal
|-damage|p1a: Yveltal|2/100
|-weather|Hail
|
|-weather|Hail|[upkeep]
|-damage|p1a: Yveltal|0 fnt|[from] Hail
|-damage|p2a: Arceus|14/100|[from] Hail
|faint|p1a: Yveltal
|upkeep
|j| luisYR_a
|inactive|thicsucttv has 120 seconds left.
|l| luisYR_a
|
|t:|1668552175
|switch|p1a: Tyranitar|Tyranitar, F|51/100
|-weather|Sandstorm|[from] ability: Sand Stream|[of] p1a: Tyranitar
|-end|p2a: Arceus|Dynamax
|-heal|p2a: Arceus|14/100|[silent]
|turn|28
|
|t:|1668552182
|move|p2a: Arceus|Recover|p2a: Arceus
|-heal|p2a: Arceus|64/100
|move|p1a: Tyranitar|Stone Edge|p2a: Arceus
|-resisted|p2a: Arceus
|-damage|p2a: Arceus|50/100
|
|-weather|Sandstorm|[upkeep]
|-heal|p1a: Tyranitar|57/100|[from] item: Leftovers
|upkeep
|turn|29
|c|☆thicsucttv|What is this
|inactive|thicsucttv has 120 seconds left.
|
|t:|1668552199
|move|p2a: Arceus|Recover|p2a: Arceus
|-heal|p2a: Arceus|99/100
|move|p1a: Tyranitar|Stone Edge|p2a: Arceus
|-resisted|p2a: Arceus
|-crit|p2a: Arceus
|-damage|p2a: Arceus|78/100
|
|-weather|Sandstorm|[upkeep]
|-heal|p1a: Tyranitar|64/100|[from] item: Leftovers
|upkeep
|turn|30
|inactive|thicsucttv has 120 seconds left.
|c|☆thicsucttv|Did  I srsly lose bcs of double max guard
|
|t:|1668552215
|move|p2a: Arceus|Judgment|p1a: Tyranitar
|-supereffective|p1a: Tyranitar
|-damage|p1a: Tyranitar|9/100
|move|p1a: Tyranitar|Stone Edge|p2a: Arceus
|-resisted|p2a: Arceus
|-damage|p2a: Arceus|62/100
|
|-weather|Sandstorm|[upkeep]
|-heal|p1a: Tyranitar|15/100|[from] item: Leftovers
|upkeep
|turn|31
|inactive|thicsucttv has 120 seconds left.
|
|t:|1668552225
|move|p2a: Arceus|Judgment|p1a: Tyranitar
|-supereffective|p1a: Tyranitar
|-damage|p1a: Tyranitar|0 fnt
|faint|p1a: Tyranitar
|
|win|meepacman
|raw|thicsucttv's rating: 1762 &rarr; <strong>1734</strong><br />(-28 for losing)
|raw|meepacman's rating: 1611 &rarr; <strong>1639</strong><br />(+28 for winning)
|c|☆thicsucttv|Ok
|l|☆thicsucttv
||Ladder isn't responding, score probably updated but might not have (Request timeout).
