|j|☆DarkboiJ
|j|☆xu7
|t:|1665730677
|gametype|singles
|player|p1|DarkboiJ|blue-gen3two|1897
|player|p2|xu7|steven|1803
|teamsize|p1|6
|teamsize|p2|6
|gen|8
|tier|[Gen 8] National Dex AG
|rated|
|rule|HP Percentage Mod: HP is shown in percentages
|rule|Endless Battle Clause: Forcing endless battles is banned
|clearpoke
|poke|p1|Yveltal|
|poke|p1|Ditto|
|poke|p1|Arceus-*|
|poke|p1|Necrozma-Dusk-Mane|
|poke|p1|Groudon|
|poke|p1|Arceus-*|
|poke|p2|Ditto|
|poke|p2|Zacian-*|
|poke|p2|Marshadow|
|poke|p2|Kyogre|
|poke|p2|Rayquaza|
|poke|p2|Arceus-*|
|teampreview
|inactive|Battle timer is ON: inactive players will automatically lose when time's up. (requested by DarkboiJ)
|
|t:|1665730700
|start
|switch|p1a: Arceus|Arceus-Fairy|100/100
|switch|p2a: Arceus|Arceus-Ground|100/100
|turn|1
|
|t:|1665730719
|move|p2a: Arceus|Thunder Wave|p1a: Arceus
|-status|p1a: Arceus|par
|move|p1a: Arceus|Stealth Rock|p2a: Arceus
|-sidestart|p2: xu7|move: Stealth Rock
|
|upkeep
|turn|2
|
|t:|1665730725
|move|p2a: Arceus|Defog|p1a: Arceus
|-unboost|p1a: Arceus|evasion|1
|-sideend|p2: xu7|Stealth Rock|[from] move: Defog|[of] p2a: Arceus
|move|p1a: Arceus|Will-O-Wisp|p2a: Arceus
|-status|p2a: Arceus|brn
|
|-damage|p2a: Arceus|94/100 brn|[from] brn
|upkeep
|turn|3
|
|t:|1665730735
|move|p2a: Arceus|Earth Power|p1a: Arceus
|-damage|p1a: Arceus|73/100 par
|move|p1a: Arceus|Stealth Rock|p2a: Arceus
|-sidestart|p2: xu7|move: Stealth Rock
|
|-damage|p2a: Arceus|88/100 brn|[from] brn
|upkeep
|turn|4
|
|t:|1665730747
|move|p2a: Arceus|Defog|p1a: Arceus
|-unboost|p1a: Arceus|evasion|1
|-sideend|p2: xu7|Stealth Rock|[from] move: Defog|[of] p2a: Arceus
|move|p1a: Arceus|Judgment|p2a: Arceus
|-damage|p2a: Arceus|50/100 brn
|
|-damage|p2a: Arceus|44/100 brn|[from] brn
|upkeep
|turn|5
|
|t:|1665730756
|switch|p2a: Kyogre|Kyogre|100/100
|detailschange|p2a: Kyogre|Kyogre-Primal
|-primal|p2a: Kyogre
|-weather|PrimordialSea|[from] ability: Primordial Sea|[of] p2a: Kyogre
|move|p1a: Arceus|Stealth Rock|p2a: Kyogre
|-sidestart|p2: xu7|move: Stealth Rock
|
|-weather|PrimordialSea|[upkeep]
|upkeep
|turn|6
|
|t:|1665730768
|switch|p1a: Groudon|Groudon|100/100
|detailschange|p1a: Groudon|Groudon-Primal
|-primal|p1a: Groudon
|-weather|DesolateLand|[from] ability: Desolate Land|[of] p1a: Groudon
|move|p2a: Kyogre|Water Spout||[still]
|-fail|p2a: Kyogre|Water Spout|[from] Desolate Land
|
|-weather|DesolateLand|[upkeep]
|upkeep
|turn|7
|
|t:|1665730779
|move|p2a: Kyogre|Ice Beam|p1a: Groudon
|-damage|p1a: Groudon|60/100
|move|p1a: Groudon|Precipice Blades|p2a: Kyogre
|-damage|p2a: Kyogre|42/100
|
|-weather|DesolateLand|[upkeep]
|upkeep
|turn|8
|
|t:|1665730786
|move|p2a: Kyogre|Ice Beam|p1a: Groudon
|-damage|p1a: Groudon|19/100
|move|p1a: Groudon|Precipice Blades|p2a: Kyogre
|-damage|p2a: Kyogre|0 fnt
|faint|p2a: Kyogre
|
|-weather|DesolateLand|[upkeep]
|upkeep
|
|t:|1665730795
|switch|p2a: Arceus|Arceus-Ground|44/100 brn
|-damage|p2a: Arceus|38/100 brn|[from] Stealth Rock
|turn|9
|
|t:|1665730810
|move|p2a: Arceus|Earth Power|p1a: Groudon
|-supereffective|p1a: Groudon
|-damage|p1a: Groudon|0 fnt
|faint|p1a: Groudon
|-weather|none
|
|-damage|p2a: Arceus|32/100 brn|[from] brn
|upkeep
|
|t:|1665730826
|switch|p1a: Yveltal|Yveltal, shiny|100/100
|-ability|p1a: Yveltal|Dark Aura
|turn|10
|
|t:|1665730832
|move|p2a: Arceus|Thunder Wave|p1a: Yveltal
|-status|p1a: Yveltal|par
|move|p1a: Yveltal|Knock Off|p2a: Arceus
|-damage|p2a: Arceus|0 fnt
|faint|p2a: Arceus
|-damage|p1a: Yveltal|91/100 par|[from] item: Life Orb
|
|upkeep
|
|t:|1665730845
|switch|p2a: Zacian|Zacian-Crowned, shiny|100/100
|-damage|p2a: Zacian|94/100|[from] Stealth Rock
|-ability|p2a: Zacian|Intrepid Sword|boost
|-boost|p2a: Zacian|atk|1
|turn|11
|
|t:|1665730855
|switch|p1a: Arceus|Arceus-Fairy|73/100 par
|move|p2a: Zacian|Substitute|p2a: Zacian
|-start|p2a: Zacian|Substitute
|-damage|p2a: Zacian|69/100
|
|upkeep
|turn|12
|
|t:|1665730864
|move|p2a: Zacian|Behemoth Blade|p1a: Arceus
|-supereffective|p1a: Arceus
|-damage|p1a: Arceus|0 fnt
|faint|p1a: Arceus
|
|upkeep
|
|t:|1665730871
|switch|p1a: Yveltal|Yveltal, shiny|91/100 par
|-ability|p1a: Yveltal|Dark Aura
|turn|13
|
|t:|1665730879
|cant|p1a: Yveltal|par
|move|p2a: Zacian|Wild Charge|p1a: Yveltal
|-supereffective|p1a: Yveltal
|-crit|p1a: Yveltal
|-damage|p1a: Yveltal|0 fnt
|faint|p1a: Yveltal
|-damage|p2a: Zacian|45/100|[from] Recoil
|
|upkeep
|
|t:|1665730904
|switch|p1a: Necrozma|Necrozma-Dusk-Mane|100/100
|turn|14
|
|t:|1665730912
|-start|p1a: Necrozma|Dynamax|
|-heal|p1a: Necrozma|100/100|[silent]
|move|p2a: Zacian|Crunch|p1a: Necrozma
|-supereffective|p1a: Necrozma
|-damage|p1a: Necrozma|72/100
|-enditem|p1a: Necrozma|Weakness Policy
|-boost|p1a: Necrozma|atk|2|[from] item: Weakness Policy
|-boost|p1a: Necrozma|spa|2|[from] item: Weakness Policy
|move|p1a: Necrozma|Max Steelspike|p2a: Zacian
|-end|p2a: Zacian|Substitute
|-boost|p1a: Necrozma|def|1
|
|upkeep
|turn|15
|
|t:|1665730926
|move|p2a: Zacian|Crunch|p1a: Necrozma
|-supereffective|p1a: Necrozma
|-damage|p1a: Necrozma|53/100
|move|p1a: Necrozma|Max Quake|p2a: Zacian
|-supereffective|p2a: Zacian
|-damage|p2a: Zacian|0 fnt
|-boost|p1a: Necrozma|spd|1
|faint|p2a: Zacian
|
|upkeep
|
|t:|1665730941
|switch|p2a: Marshadow|Marshadow|100/100
|-damage|p2a: Marshadow|94/100|[from] Stealth Rock
|turn|16
|
|t:|1665730947
|move|p2a: Marshadow|Spectral Thief||[still]
|-clearpositiveboost|p1a: Necrozma|p2a: Marshadow|move: Spectral Thief
|-boost|p2a: Marshadow|atk|2
|-boost|p2a: Marshadow|def|1
|-boost|p2a: Marshadow|spa|2
|-boost|p2a: Marshadow|spd|1
|-anim|p2a: Marshadow|Spectral Thief|p1a: Necrozma
|-supereffective|p1a: Necrozma
|-damage|p1a: Necrozma|6/100
|move|p1a: Necrozma|Max Steelspike|p2a: Marshadow
|-crit|p2a: Marshadow
|-damage|p2a: Marshadow|0 fnt
|-boost|p1a: Necrozma|def|1
|faint|p2a: Marshadow
|
|upkeep
|
|t:|1665730965
|switch|p2a: Ditto|Ditto|100/100
|-damage|p2a: Ditto|88/100|[from] Stealth Rock
|-transform|p2a: Ditto|p1a: Necrozma|[from] ability: Imposter
|-end|p1a: Necrozma|Dynamax
|-heal|p1a: Necrozma|6/100|[silent]
|turn|17
|
|t:|1665730977
|move|p2a: Ditto|Earthquake|p1a: Necrozma
|-supereffective|p1a: Necrozma
|-damage|p1a: Necrozma|0 fnt
|faint|p1a: Necrozma
|
|upkeep
|
|t:|1665730981
|switch|p1a: Arceus|Arceus|100/100
|turn|18
|
|t:|1665730991
|-start|p2a: Ditto|Dynamax|
|-heal|p2a: Ditto|88/100|[silent]
|move|p1a: Arceus|Recover||[still]
|-fail|p1a: Arceus|heal
|move|p2a: Ditto|Max Steelspike|p1a: Arceus
|-damage|p1a: Arceus|60/100
|-boost|p2a: Ditto|def|1
|
|upkeep
|turn|19
|
|t:|1665731002
|move|p1a: Arceus|Recover|p1a: Arceus
|-heal|p1a: Arceus|100/100
|move|p2a: Ditto|Max Steelspike|p1a: Arceus
|-damage|p1a: Arceus|57/100
|-boost|p2a: Ditto|def|1
|
|upkeep
|turn|20
|
|t:|1665731010
|move|p1a: Arceus|Recover|p1a: Arceus
|-heal|p1a: Arceus|100/100
|move|p2a: Ditto|Max Quake|p1a: Arceus
|-damage|p1a: Arceus|73/100
|-boost|p2a: Ditto|spd|1
|
|upkeep
|-end|p2a: Ditto|Dynamax
|-heal|p2a: Ditto|88/100|[silent]
|turn|21
|
|t:|1665731024
|move|p2a: Ditto|Earthquake|p1a: Arceus
|-damage|p1a: Arceus|49/100
|move|p1a: Arceus|Shadow Claw|p2a: Ditto
|-supereffective|p2a: Ditto
|-crit|p2a: Ditto
|-damage|p2a: Ditto|34/100
|
|upkeep
|turn|22
|
|t:|1665731032
|move|p2a: Ditto|Earthquake|p1a: Arceus
|-damage|p1a: Arceus|25/100
|move|p1a: Arceus|Recover|p1a: Arceus
|-heal|p1a: Arceus|75/100
|
|upkeep
|turn|23
|
|t:|1665731038
|switch|p2a: Rayquaza|Rayquaza|100/100
|-damage|p2a: Rayquaza|75/100|[from] Stealth Rock
|-ability|p2a: Rayquaza|Air Lock
|move|p1a: Arceus|Recover|p1a: Arceus
|-heal|p1a: Arceus|100/100
|
|upkeep
|turn|24
|
|t:|1665731049
|detailschange|p2a: Rayquaza|Rayquaza-Mega
|-mega|p2a: Rayquaza|Rayquaza|
|-weather|DeltaStream|[from] ability: Delta Stream|[of] p2a: Rayquaza
|move|p1a: Arceus|Extreme Speed|p2a: Rayquaza
|-damage|p2a: Rayquaza|35/100
|move|p2a: Rayquaza|Dragon Ascent|p1a: Arceus
|-damage|p1a: Arceus|31/100
|-unboost|p2a: Rayquaza|def|1
|-unboost|p2a: Rayquaza|spd|1
|-damage|p2a: Rayquaza|25/100|[from] item: Life Orb
|
|-weather|DeltaStream|[upkeep]
|upkeep
|turn|25
|
|t:|1665731062
|move|p2a: Rayquaza|Extreme Speed|p1a: Arceus
|-damage|p1a: Arceus|0 fnt
|faint|p1a: Arceus
|-damage|p2a: Rayquaza|15/100|[from] item: Life Orb
|
|-weather|DeltaStream|[upkeep]
|upkeep
|
|t:|1665731066
|switch|p1a: Ditto|Ditto|100/100
|-transform|p1a: Ditto|p2a: Rayquaza|[from] ability: Imposter
|turn|26
|
|t:|1665731073
|move|p1a: Ditto|Extreme Speed|p2a: Rayquaza
|-crit|p2a: Rayquaza
|-damage|p2a: Rayquaza|0 fnt
|faint|p2a: Rayquaza
|
|-weather|DeltaStream|[upkeep]
|upkeep
|-message|xu7 forfeited.
|
|win|DarkboiJ
|raw|DarkboiJ's rating: 1897 &rarr; <strong>1912</strong><br />(+15 for winning)
|raw|xu7's rating: 1803 &rarr; <strong>1788</strong><br />(-15 for losing)
|l|☆xu7
