|j|☆mardydu
|j|☆TaxFraud094
|inactive|Battle timer is ON: inactive players will automatically lose when time's up.
|t:|1667881148
|gametype|singles
|player|p1|mardydu|boarder|
|player|p2|TaxFraud094|acetrainerf-gen4|
|teamsize|p1|6
|teamsize|p2|6
|gen|8
|tier|[Gen 8] National Dex AG
|rated|Tournament battle
|rule|HP Percentage Mod: HP is shown in percentages
|rule|Endless Battle Clause: Forcing endless battles is banned
|clearpoke
|poke|p1|Arceus-*|
|poke|p1|Calyrex-Shadow|
|poke|p1|Rayquaza|
|poke|p1|Regieleki|
|poke|p1|Smeargle, F|
|poke|p1|Skarmory, M|
|poke|p2|Yveltal|
|poke|p2|Xerneas-*|
|poke|p2|Rayquaza|
|poke|p2|Necrozma-Dusk-Mane|
|poke|p2|Arceus-*|
|poke|p2|Marshadow|
|teampreview
|inactive|mardydu also wants the timer to be on.
|inactive|TaxFraud094 also wants the timer to be on.
|j| LocalMetagross
|j| BestLeBronNA
|
|t:|1667881153
|start
|switch|p1a: Skarmory|Skarmory, M|100/100
|switch|p2a: Xerneas|Xerneas|100/100
|-ability|p2a: Xerneas|Fairy Aura
|turn|1
|j| 1729is56time
|
|t:|1667881156
|move|p2a: Xerneas|Thunder|p1a: Skarmory
|-supereffective|p1a: Skarmory
|-ability|p1a: Skarmory|Sturdy
|-damage|p1a: Skarmory|1/100
|move|p1a: Skarmory|Stealth Rock|p2a: Xerneas
|-sidestart|p2: TaxFraud094|move: Stealth Rock
|
|upkeep
|turn|2
|
|t:|1667881160
|move|p2a: Xerneas|Moonblast|p1a: Skarmory
|-resisted|p1a: Skarmory
|-damage|p1a: Skarmory|0 fnt
|faint|p1a: Skarmory
|
|upkeep
|
|t:|1667881166
|switch|p1a: Smeargle|Smeargle, F|100/100
|turn|3
|
|t:|1667881168
|move|p2a: Xerneas|Substitute|p2a: Xerneas
|-start|p2a: Xerneas|Substitute
|-damage|p2a: Xerneas|76/100
|move|p1a: Smeargle|Shell Smash|p1a: Smeargle
|-unboost|p1a: Smeargle|def|1
|-unboost|p1a: Smeargle|spd|1
|-boost|p1a: Smeargle|atk|2
|-boost|p1a: Smeargle|spa|2
|-boost|p1a: Smeargle|spe|2
|
|-ability|p1a: Smeargle|Moody|boost
|-boost|p1a: Smeargle|atk|2
|-unboost|p1a: Smeargle|def|1
|upkeep
|turn|4
|
|t:|1667881188
|move|p1a: Smeargle|Spectral Thief|p2a: Xerneas
|-damage|p2a: Xerneas|46/100
|move|p2a: Xerneas|Geomancy||[still]
|-prepare|p2a: Xerneas|Geomancy
|-enditem|p2a: Xerneas|Power Herb
|-anim|p2a: Xerneas|Geomancy|p2a: Xerneas
|-boost|p2a: Xerneas|spa|2
|-boost|p2a: Xerneas|spd|2
|-boost|p2a: Xerneas|spe|2
|
|-ability|p1a: Smeargle|Moody|boost
|-boost|p1a: Smeargle|spe|2
|-unboost|p1a: Smeargle|def|1
|upkeep
|turn|5
|c|☆TaxFraud094|really
|c|☆TaxFraud094|REALLY
|inactive|TaxFraud094 has 120 seconds left.
|c|☆TaxFraud094|if you didnt get speed boost there it was gg
|
|t:|1667881226
|move|p1a: Smeargle|Spectral Thief||[still]
|-clearpositiveboost|p2a: Xerneas|p1a: Smeargle|move: Spectral Thief
|-boost|p1a: Smeargle|spa|2
|-boost|p1a: Smeargle|spd|2
|-boost|p1a: Smeargle|spe|2
|-anim|p1a: Smeargle|Spectral Thief|p2a: Xerneas
|-crit|p2a: Xerneas
|-damage|p2a: Xerneas|0 fnt
|faint|p2a: Xerneas
|
|-ability|p1a: Smeargle|Moody|boost
|-boost|p1a: Smeargle|atk|2
|-unboost|p1a: Smeargle|spa|1
|upkeep
|-message|TaxFraud094 forfeited.
|
|win|mardydu
|n|☆mardydu|mardydu
|n|☆TaxFraud094|taxfraud094
|n| LocalMetagross|localmetagross
|n| BestLeBronNA|bestlebronna
|n| 1729is56time|1729is56time
|l|☆TaxFraud094
|l| LocalMetagross
|j| NATALlE
|l|☆mardydu
