|j|☆Log4j
|j|☆Pkmn3443
|t:|1617996091
|gametype|singles
|player|p1|Log4j|2|1772
|player|p2|Pkmn3443|266|1812
|teamsize|p1|6
|teamsize|p2|6
|gen|8
|tier|[Gen 8] National Dex AG
|rated|
|clearpoke
|poke|p1|Xerneas|
|poke|p1|Zacian-Crowned|
|poke|p1|Yveltal|
|poke|p1|Calyrex-Shadow|
|poke|p1|Ho-Oh|
|poke|p1|Ditto|
|poke|p2|Zacian-Crowned|
|poke|p2|Necrozma-Dusk-Mane|
|poke|p2|Ditto|
|poke|p2|Ho-Oh|
|poke|p2|Rayquaza|
|poke|p2|Yveltal|
|rule|HP Percentage Mod: HP is shown in percentages
|rule|Endless Battle Clause: Forcing endless battles is banned
|teampreview
|
|t:|1617996112
|start
|switch|p1a: Xerneas|Xerneas|100/100
|switch|p2a: Zacian|Zacian-Crowned|100/100
|-ability|p2a: Zacian|Intrepid Sword|boost
|-boost|p2a: Zacian|atk|1
|-ability|p1a: Xerneas|Fairy Aura
|turn|1
|
|t:|1617996116
|switch|p1a: Ho-Oh|Ho-Oh|100/100
|move|p2a: Zacian|Crunch|p1a: Ho-Oh
|-damage|p1a: Ho-Oh|62/100
|
|upkeep
|turn|2
|
|t:|1617996123
|switch|p2a: Ho-Oh|Ho-Oh|100/100
|switch|p1a: Ditto|Ditto|100/100
|-transform|p1a: Ditto|p2a: Ho-Oh|[from] ability: Imposter
|
|upkeep
|turn|3
|
|t:|1617996135
|move|p1a: Ditto|Toxic|p2a: Ho-Oh
|-status|p2a: Ho-Oh|tox
|move|p2a: Ho-Oh|Toxic|p1a: Ditto
|-status|p1a: Ditto|tox
|
|-damage|p1a: Ditto|94/100 tox|[from] psn
|-damage|p2a: Ho-Oh|94/100 tox|[from] psn
|upkeep
|turn|4
|
|t:|1617996141
|move|p1a: Ditto|Toxic|p2a: Ho-Oh
|-fail|p2a: Ho-Oh|tox
|move|p2a: Ho-Oh|Toxic|p1a: Ditto
|-fail|p1a: Ditto|tox
|
|-damage|p1a: Ditto|82/100 tox|[from] psn
|-damage|p2a: Ho-Oh|82/100 tox|[from] psn
|upkeep
|turn|5
|j| Frostigar479
|
|t:|1617996149
|move|p1a: Ditto|Toxic|p2a: Ho-Oh
|-fail|p2a: Ho-Oh|tox
|move|p2a: Ho-Oh|Toxic|p1a: Ditto
|-fail|p1a: Ditto|tox
|
|-damage|p1a: Ditto|64/100 tox|[from] psn
|-damage|p2a: Ho-Oh|63/100 tox|[from] psn
|upkeep
|turn|6
|
|t:|1617996157
|switch|p1a: Ho-Oh|Ho-Oh|96/100
|move|p2a: Ho-Oh|Toxic|p1a: Ho-Oh
|-status|p1a: Ho-Oh|tox
|
|-damage|p2a: Ho-Oh|38/100 tox|[from] psn
|-damage|p1a: Ho-Oh|90/100 tox|[from] psn
|upkeep
|turn|7
|
|t:|1617996161
|switch|p2a: Ditto|Ditto|100/100
|-transform|p2a: Ditto|p1a: Ho-Oh|[from] ability: Imposter
|switch|p1a: Ditto|Ditto|98/100 tox
|
|-damage|p1a: Ditto|92/100 tox|[from] psn
|upkeep
|turn|8
|
|t:|1617996169
|switch|p1a: Ho-Oh|Ho-Oh|100/100 tox
|move|p2a: Ditto|Sacred Fire|p1a: Ho-Oh
|-resisted|p1a: Ho-Oh
|-damage|p1a: Ho-Oh|87/100 tox
|
|-damage|p1a: Ho-Oh|81/100 tox|[from] psn
|upkeep
|turn|9
|
|t:|1617996176
|switch|p2a: Ho-Oh|Ho-Oh|72/100 tox
|switch|p1a: Zacian|Zacian-Crowned|100/100
|-ability|p1a: Zacian|Intrepid Sword|boost
|-boost|p1a: Zacian|atk|1
|
|-damage|p2a: Ho-Oh|66/100 tox|[from] psn
|upkeep
|turn|10
|
|t:|1617996182
|switch|p2a: Necrozma|Necrozma-Dusk-Mane|100/100
|move|p1a: Zacian|Wild Charge|p2a: Necrozma
|-damage|p2a: Necrozma|68/100
|-damage|p1a: Zacian|84/100|[from] item: Rocky Helmet|[of] p2a: Necrozma
|-damage|p1a: Zacian|74/100|[from] Recoil
|
|upkeep
|turn|11
|
|t:|1617996187
|move|p1a: Zacian|Close Combat|p2a: Necrozma
|-damage|p2a: Necrozma|26/100
|-unboost|p1a: Zacian|def|1
|-unboost|p1a: Zacian|spd|1
|-damage|p1a: Zacian|58/100|[from] item: Rocky Helmet|[of] p2a: Necrozma
|move|p2a: Necrozma|Morning Sun|p2a: Necrozma
|-heal|p2a: Necrozma|76/100
|
|upkeep
|turn|12
|
|t:|1617996192
|switch|p1a: Yveltal|Yveltal|100/100
|-ability|p1a: Yveltal|Dark Aura
|move|p2a: Necrozma|Stealth Rock|p1a: Yveltal
|-sidestart|p1: Log4j|move: Stealth Rock
|
|upkeep
|turn|13
|
|t:|1617996198
|switch|p2a: Zacian|Zacian-Crowned|100/100
|-ability|p2a: Zacian|Intrepid Sword|boost
|-boost|p2a: Zacian|atk|1
|move|p1a: Yveltal|Dark Pulse|p2a: Zacian
|-resisted|p2a: Zacian
|-damage|p2a: Zacian|66/100
|-damage|p1a: Yveltal|91/100|[from] item: Life Orb
|
|upkeep
|turn|14
|
|t:|1617996205
|switch|p1a: Zacian|Zacian-Crowned|58/100
|-damage|p1a: Zacian|51/100|[from] Stealth Rock
|-ability|p1a: Zacian|Intrepid Sword|boost
|-boost|p1a: Zacian|atk|1
|move|p2a: Zacian|Behemoth Blade|p1a: Zacian
|-damage|p1a: Zacian|0 fnt
|faint|p1a: Zacian
|
|upkeep
|
|t:|1617996209
|switch|p1a: Ditto|Ditto|92/100 tox
|-damage|p1a: Ditto|79/100 tox|[from] Stealth Rock
|-transform|p1a: Ditto|p2a: Zacian|[from] ability: Imposter
|-ability|p1a: Ditto|Intrepid Sword|boost
|-boost|p1a: Ditto|atk|1
|turn|15
|
|t:|1617996213
|switch|p2a: Ho-Oh|Ho-Oh|99/100 tox
|move|p1a: Ditto|Close Combat|p2a: Ho-Oh
|-resisted|p2a: Ho-Oh
|-damage|p2a: Ho-Oh|57/100 tox
|-unboost|p1a: Ditto|def|1
|-unboost|p1a: Ditto|spd|1
|
|-damage|p1a: Ditto|73/100 tox|[from] psn
|-damage|p2a: Ho-Oh|51/100 tox|[from] psn
|upkeep
|turn|16
|
|t:|1617996222
|switch|p1a: Ho-Oh|Ho-Oh|100/100 tox
|move|p2a: Ho-Oh|Sacred Fire|p1a: Ho-Oh
|-resisted|p1a: Ho-Oh
|-damage|p1a: Ho-Oh|85/100 tox
|
|-damage|p2a: Ho-Oh|38/100 tox|[from] psn
|-damage|p1a: Ho-Oh|79/100 tox|[from] psn
|upkeep
|turn|17
|
|t:|1617996228
|switch|p2a: Zacian|Zacian-Crowned|66/100
|-ability|p2a: Zacian|Intrepid Sword|boost
|-boost|p2a: Zacian|atk|1
|move|p1a: Ho-Oh|Defog|p2a: Zacian
|-unboost|p2a: Zacian|evasion|1
|-sideend|p1: Log4j|Stealth Rock|[from] move: Defog|[of] p1a: Ho-Oh
|
|-damage|p1a: Ho-Oh|67/100 tox|[from] psn
|upkeep
|turn|18
|
|t:|1617996235
|switch|p2a: Ho-Oh|Ho-Oh|71/100 tox
|move|p1a: Ho-Oh|Sacred Fire|p2a: Ho-Oh
|-resisted|p2a: Ho-Oh
|-crit|p2a: Ho-Oh
|-damage|p2a: Ho-Oh|49/100 tox
|
|-damage|p1a: Ho-Oh|49/100 tox|[from] psn
|-damage|p2a: Ho-Oh|43/100 tox|[from] psn
|upkeep
|turn|19
|
|t:|1617996243
|switch|p1a: Ditto|Ditto|73/100 tox
|-transform|p1a: Ditto|p2a: Ho-Oh|[from] ability: Imposter
|switch|p2a: Ditto|Ditto|100/100
|
|-damage|p1a: Ditto|67/100 tox|[from] psn
|upkeep
|turn|20
|
|t:|1617996249
|switch|p1a: Ho-Oh|Ho-Oh|82/100 tox
|switch|p2a: Ho-Oh|Ho-Oh|76/100 tox
|
|-damage|p1a: Ho-Oh|76/100 tox|[from] psn
|-damage|p2a: Ho-Oh|70/100 tox|[from] psn
|upkeep
|turn|21
|
|t:|1617996258
|switch|p2a: Ditto|Ditto|100/100
|-transform|p2a: Ditto|p1a: Ho-Oh|[from] ability: Imposter
|switch|p1a: Ditto|Ditto|100/100 tox
|
|-damage|p1a: Ditto|94/100 tox|[from] psn
|upkeep
|turn|22
|
|t:|1617996263
|switch|p1a: Ho-Oh|Ho-Oh|100/100 tox
|move|p2a: Ditto|Sacred Fire|p1a: Ho-Oh
|-resisted|p1a: Ho-Oh
|-damage|p1a: Ho-Oh|87/100 tox
|
|-damage|p1a: Ho-Oh|81/100 tox|[from] psn
|upkeep
|turn|23
|
|t:|1617996269
|move|p2a: Ditto|Sacred Fire|p1a: Ho-Oh
|-resisted|p1a: Ho-Oh
|-damage|p1a: Ho-Oh|68/100 tox
|move|p1a: Ho-Oh|Toxic|p2a: Ditto|[miss]
|-miss|p1a: Ho-Oh|p2a: Ditto
|
|-damage|p1a: Ho-Oh|56/100 tox|[from] psn
|upkeep
|turn|24
|
|t:|1617996277
|switch|p1a: Yveltal|Yveltal|91/100
|-ability|p1a: Yveltal|Dark Aura
|move|p2a: Ditto|Sacred Fire|p1a: Yveltal
|-damage|p1a: Yveltal|55/100
|-status|p1a: Yveltal|brn
|
|-damage|p1a: Yveltal|48/100 brn|[from] brn
|upkeep
|turn|25
|
|t:|1617996282
|move|p2a: Ditto|Sacred Fire|p1a: Yveltal
|-damage|p1a: Yveltal|11/100 brn
|move|p1a: Yveltal|Oblivion Wing|p2a: Ditto
|-damage|p2a: Ditto|56/100
|-heal|p1a: Yveltal|37/100 brn|[from] drain|[of] p2a: Ditto
|-damage|p1a: Yveltal|27/100 brn|[from] item: Life Orb
|
|-damage|p1a: Yveltal|21/100 brn|[from] brn
|upkeep
|turn|26
|
|t:|1617996290
|move|p2a: Ditto|Sacred Fire|p1a: Yveltal
|-damage|p1a: Yveltal|0 fnt
|faint|p1a: Yveltal
|
|upkeep
|
|t:|1617996292
|switch|p1a: Calyrex|Calyrex-Shadow|100/100
|-ability|p1a: Calyrex|As One
|-ability|p1a: Calyrex|Unnerve
|turn|27
|
|t:|1617996298
|switch|p2a: Ho-Oh|Ho-Oh|100/100 tox
|move|p1a: Calyrex|Nasty Plot|p1a: Calyrex
|-boost|p1a: Calyrex|spa|2
|
|-damage|p2a: Ho-Oh|94/100 tox|[from] psn
|upkeep
|turn|28
|
|t:|1617996304
|move|p1a: Calyrex|Astral Barrage|p2a: Ho-Oh
|-damage|p2a: Ho-Oh|15/100 tox
|move|p2a: Ho-Oh|Sacred Fire|p1a: Calyrex
|-damage|p1a: Calyrex|48/100
|
|-damage|p2a: Ho-Oh|3/100 tox|[from] psn
|upkeep
|turn|29
|
|t:|1617996316
|switch|p1a: Ho-Oh|Ho-Oh|89/100 tox
|move|p2a: Ho-Oh|Sacred Fire|p1a: Ho-Oh
|-resisted|p1a: Ho-Oh
|-damage|p1a: Ho-Oh|74/100 tox
|
|-damage|p2a: Ho-Oh|0 fnt|[from] psn
|faint|p2a: Ho-Oh
|-damage|p1a: Ho-Oh|68/100 tox|[from] psn
|upkeep
|
|t:|1617996320
|switch|p2a: Rayquaza|Rayquaza|100/100
|-ability|p2a: Rayquaza|Air Lock
|turn|30
|
|t:|1617996326
|detailschange|p2a: Rayquaza|Rayquaza-Mega
|-mega|p2a: Rayquaza|Rayquaza|
|-weather|DeltaStream|[from] ability: Delta Stream|[of] p2a: Rayquaza
|move|p2a: Rayquaza|Dragon Ascent|p1a: Ho-Oh
|-damage|p1a: Ho-Oh|0 fnt
|-unboost|p2a: Rayquaza|def|1
|-unboost|p2a: Rayquaza|spd|1
|-damage|p2a: Rayquaza|91/100|[from] item: Life Orb
|faint|p1a: Ho-Oh
|
|-weather|DeltaStream|[upkeep]
|upkeep
|
|t:|1617996328
|switch|p1a: Calyrex|Calyrex-Shadow|48/100
|-ability|p1a: Calyrex|As One
|-ability|p1a: Calyrex|Unnerve
|turn|31
|
|t:|1617996336
|move|p1a: Calyrex|Draining Kiss|p2a: Rayquaza
|-supereffective|p2a: Rayquaza
|-damage|p2a: Rayquaza|32/100
|-heal|p1a: Calyrex|93/100|[from] drain|[of] p2a: Rayquaza
|move|p2a: Rayquaza|Dragon Ascent|p1a: Calyrex
|-damage|p1a: Calyrex|0 fnt
|-unboost|p2a: Rayquaza|def|1
|-unboost|p2a: Rayquaza|spd|1
|-damage|p2a: Rayquaza|22/100|[from] item: Life Orb
|faint|p1a: Calyrex
|
|-weather|DeltaStream|[upkeep]
|upkeep
|
|t:|1617996340
|switch|p1a: Ditto|Ditto|94/100 tox
|-transform|p1a: Ditto|p2a: Rayquaza|[from] ability: Imposter
|turn|32
|
|t:|1617996347
|move|p2a: Rayquaza|Extreme Speed|p1a: Ditto
|-damage|p1a: Ditto|0 fnt
|-damage|p2a: Rayquaza|12/100|[from] item: Life Orb
|faint|p1a: Ditto
|
|-weather|DeltaStream|[upkeep]
|upkeep
|
|t:|1617996350
|switch|p1a: Xerneas|Xerneas|100/100
|-ability|p1a: Xerneas|Fairy Aura
|turn|33
|-message|Log4j forfeited.
|
|win|Pkmn3443
|l|☆Log4j
|raw|Log4j's rating: 1772 &rarr; <strong>1754</strong><br />(-18 for losing)
|raw|Pkmn3443's rating: 1811 &rarr; <strong>1829</strong><br />(+18 for winning)
