|j|☆Lopez Family
|j|☆Maxime et Fildrong
|player|p1|Lopez Family|cynthia|1476
|player|p2|Maxime et Fildrong|madame|1371
|teamsize|p1|6
|teamsize|p2|6
|gametype|singles
|gen|8
|tier|[Gen 8] National Dex AG
|rated|
|rule|HP Percentage Mod: HP is shown in percentages
|rule|Endless Battle Clause: Forcing endless battles is banned
|clearpoke
|poke|p1|Deoxys-Speed|
|poke|p1|Tapu Koko|
|poke|p1|Yveltal|
|poke|p1|Eternatus|
|poke|p1|Rayquaza|
|poke|p1|Zacian-*|
|poke|p2|Rayquaza|
|poke|p2|Zacian-*|
|poke|p2|Eternatus|
|poke|p2|Marshadow|
|poke|p2|Arceus-*|
|poke|p2|Kyogre|
|teampreview
|
|start
|switch|p1a: Deoxys|Deoxys-Speed|100/100
|switch|p2a: Arceus|Arceus-Steel|100/100
|-ability|p1a: Deoxys|Pressure
|turn|1
|
|move|p1a: Deoxys|Taunt|p2a: Arceus
|-start|p2a: Arceus|move: Taunt
|move|p2a: Arceus|Judgment|p1a: Deoxys
|-damage|p1a: Deoxys|45/100
|
|upkeep
|turn|2
|
|move|p1a: Deoxys|Stealth Rock|p2a: Arceus
|-sidestart|p2: Maxime et Fildrong|move: Stealth Rock
|move|p2a: Arceus|Judgment|p1a: Deoxys
|-damage|p1a: Deoxys|0 fnt
|faint|p1a: Deoxys
|
|upkeep
|
|switch|p1a: Tapu Koko|Tapu Koko|100/100
|-fieldstart|move: Electric Terrain|[from] ability: Electric Surge|[of] p1a: Tapu Koko
|turn|3
|
|move|p1a: Tapu Koko|Light Screen|p1a: Tapu Koko
|-sidestart|p1: Lopez Family|move: Light Screen
|move|p2a: Arceus|Judgment|p1a: Tapu Koko
|-damage|p1a: Tapu Koko|73/100
|
|-end|p2a: Arceus|move: Taunt
|upkeep
|turn|4
|
|move|p1a: Tapu Koko|Taunt|p2a: Arceus
|-start|p2a: Arceus|move: Taunt
|cant|p2a: Arceus|move: Taunt|Defog
|
|upkeep
|turn|5
|
|move|p1a: Tapu Koko|Reflect|p1a: Tapu Koko
|-sidestart|p1: Lopez Family|Reflect
|move|p2a: Arceus|Judgment|p1a: Tapu Koko
|-crit|p1a: Tapu Koko
|-damage|p1a: Tapu Koko|0 fnt
|faint|p1a: Tapu Koko
|
|upkeep
|
|switch|p1a: Zacian|Zacian|100/100
|-ability|p1a: Zacian|Intrepid Sword|boost
|-boost|p1a: Zacian|atk|1
|turn|6
|
|move|p1a: Zacian|Agility|p1a: Zacian
|-boost|p1a: Zacian|spe|2
|move|p2a: Arceus|Judgment|p1a: Zacian
|-supereffective|p1a: Zacian
|-damage|p1a: Zacian|60/100
|-enditem|p1a: Zacian|Weakness Policy
|-boost|p1a: Zacian|atk|2
|-boost|p1a: Zacian|spa|2
|
|-end|p2a: Arceus|move: Taunt
|upkeep
|turn|7
|
|move|p1a: Zacian|Close Combat|p2a: Arceus
|-supereffective|p2a: Arceus
|-damage|p2a: Arceus|0 fnt
|-unboost|p1a: Zacian|def|1
|-unboost|p1a: Zacian|spd|1
|faint|p2a: Arceus
|
|-fieldend|move: Electric Terrain
|upkeep
|
|switch|p2a: Eternatus|Eternatus, shiny|100/100
|-damage|p2a: Eternatus|88/100|[from] Stealth Rock
|-ability|p2a: Eternatus|Pressure
|turn|8
|
|move|p1a: Zacian|Play Rough|p2a: Eternatus
|-damage|p2a: Eternatus|0 fnt
|faint|p2a: Eternatus
|
|upkeep
|
|switch|p2a: Kyogre|Kyogre|100/100
|-damage|p2a: Kyogre|88/100|[from] Stealth Rock
|detailschange|p2a: Kyogre|Kyogre-Primal
|-primal|p2a: Kyogre
|-weather|PrimordialSea|[from] ability: Primordial Sea|[of] p2a: Kyogre
|turn|9
|
|move|p1a: Zacian|Play Rough|p2a: Kyogre|[miss]
|-miss|p1a: Zacian|p2a: Kyogre
|move|p2a: Kyogre|Origin Pulse|p1a: Zacian|[miss]
|-miss|p2a: Kyogre|p1a: Zacian
|
|-weather|PrimordialSea|[upkeep]
|upkeep
|turn|10
|
|move|p1a: Zacian|Play Rough|p2a: Kyogre
|-damage|p2a: Kyogre|0 fnt
|faint|p2a: Kyogre
|-weather|none
|
|-sideend|p1: Lopez Family|move: Light Screen
|upkeep
|
|switch|p2a: Marshadow|Marshadow|100/100
|-damage|p2a: Marshadow|94/100|[from] Stealth Rock
|turn|11
|
|move|p2a: Marshadow|Shadow Sneak|p1a: Zacian
|-damage|p1a: Zacian|43/100
|move|p1a: Zacian|Play Rough|p2a: Marshadow
|-supereffective|p2a: Marshadow
|-crit|p2a: Marshadow
|-damage|p2a: Marshadow|0 fnt
|faint|p2a: Marshadow
|
|upkeep
|-message|Maxime et Fildrong forfeited.
|
|win|Lopez Family
|l|☆Maxime et Fildrong
|raw|Lopez Family's rating: 1476 &rarr; <strong>1491</strong><br />(+15 for winning)
|raw|Maxime et Fildrong's rating: 1380 &rarr; <strong>1365</strong><br />(-15 for losing)
