|j|☆lemoncell0
|j|☆Matsui_Miyako
|t:|1662853722
|gametype|singles
|player|p1|lemoncell0|allister|1941
|player|p2|Matsui_Miyako|allister|1778
|teamsize|p1|6
|teamsize|p2|6
|gen|8
|tier|[Gen 8] National Dex AG
|rated|
|rule|HP Percentage Mod: HP is shown in percentages
|rule|Endless Battle Clause: Forcing endless battles is banned
|clearpoke
|poke|p1|Gothitelle, M|
|poke|p1|Diancie|
|poke|p1|Zacian-*|
|poke|p1|Quagsire, F|
|poke|p1|Tyranitar, F|
|poke|p1|Ferrothorn, M|
|poke|p2|Yveltal|
|poke|p2|Deoxys-Attack|
|poke|p2|Marshadow|
|poke|p2|Arceus-*|
|poke|p2|Calyrex-Shadow|
|poke|p2|Arceus-*|
|teampreview
|inactive|Battle timer is ON: inactive players will automatically lose when time's up. (requested by Matsui_Miyako)
|inactive|lemoncell0 has 120 seconds left.
|
|t:|1662853766
|start
|switch|p1a: Tyranitar|Tyranitar, F|100/100
|switch|p2a: Titã|Arceus-Ground|100/100
|-weather|Sandstorm|[from] ability: Sand Stream|[of] p1a: Tyranitar
|turn|1
|
|t:|1662853772
|switch|p1a: Ferrothorn|Ferrothorn, M|100/100
|move|p2a: Titã|Earth Power|p1a: Ferrothorn
|-damage|p1a: Ferrothorn|71/100
|
|-weather|Sandstorm|[upkeep]
|-heal|p1a: Ferrothorn|77/100|[from] item: Leftovers
|upkeep
|turn|2
|
|t:|1662853776
|-zpower|p2a: Titã
|move|p2a: Titã|Tectonic Rage|p1a: Ferrothorn|[zeffect]
|-damage|p1a: Ferrothorn|20/100
|move|p1a: Ferrothorn|Leech Seed|p2a: Titã|[miss]
|-miss|p1a: Ferrothorn|p2a: Titã
|
|-weather|Sandstorm|[upkeep]
|-heal|p1a: Ferrothorn|26/100|[from] item: Leftovers
|upkeep
|turn|3
|
|t:|1662853782
|move|p1a: Ferrothorn|Protect|p1a: Ferrothorn
|-singleturn|p1a: Ferrothorn|Protect
|move|p2a: Titã|Earth Power|p1a: Ferrothorn
|-activate|p1a: Ferrothorn|move: Protect
|
|-weather|Sandstorm|[upkeep]
|-heal|p1a: Ferrothorn|32/100|[from] item: Leftovers
|upkeep
|turn|4
|
|t:|1662853786
|-start|p1a: Ferrothorn|Dynamax|
|-heal|p1a: Ferrothorn|32/100|[silent]
|move|p2a: Titã|Earth Power|p1a: Ferrothorn
|-damage|p1a: Ferrothorn|17/100
|move|p1a: Ferrothorn|Max Overgrowth|p2a: Titã
|-supereffective|p2a: Titã
|-damage|p2a: Titã|35/100
|-fieldstart|move: Grassy Terrain
|
|-weather|Sandstorm|[upkeep]
|-heal|p2a: Titã|41/100|[from] Grassy Terrain
|-heal|p1a: Ferrothorn|20/100|[from] Grassy Terrain
|-heal|p1a: Ferrothorn|23/100|[from] item: Leftovers
|upkeep
|turn|5
|
|t:|1662853795
|move|p2a: Titã|Stealth Rock|p1a: Ferrothorn
|-sidestart|p1: lemoncell0|move: Stealth Rock
|move|p1a: Ferrothorn|Max Overgrowth|p2a: Titã
|-supereffective|p2a: Titã
|-damage|p2a: Titã|0 fnt
|faint|p2a: Titã
|
|-weather|none
|-heal|p1a: Ferrothorn|26/100|[from] Grassy Terrain
|-heal|p1a: Ferrothorn|29/100|[from] item: Leftovers
|upkeep
|
|t:|1662853799
|switch|p2a: Pássaro das Trevas|Yveltal|100/100
|-ability|p2a: Pássaro das Trevas|Dark Aura
|turn|6
|j| luisYR_a
|
|t:|1662853825
|move|p1a: Ferrothorn|Max Guard|p1a: Ferrothorn
|-singleturn|p1a: Ferrothorn|Max Guard
|move|p2a: Pássaro das Trevas|Heat Wave|p1a: Ferrothorn
|-activate|p1a: Ferrothorn|move: Max Guard
|
|-heal|p1a: Ferrothorn|33/100|[from] Grassy Terrain
|-heal|p1a: Ferrothorn|36/100|[from] item: Leftovers
|upkeep
|-end|p1a: Ferrothorn|Dynamax
|-heal|p1a: Ferrothorn|36/100|[silent]
|turn|7
|
|t:|1662853836
|switch|p1a: Tyranitar|Tyranitar, F|100/100
|-damage|p1a: Tyranitar|88/100|[from] Stealth Rock
|-weather|Sandstorm|[from] ability: Sand Stream|[of] p1a: Tyranitar
|move|p2a: Pássaro das Trevas|Heat Wave|p1a: Tyranitar
|-resisted|p1a: Tyranitar
|-damage|p1a: Tyranitar|79/100
|-damage|p2a: Pássaro das Trevas|91/100|[from] item: Life Orb
|
|-weather|Sandstorm|[upkeep]
|-damage|p2a: Pássaro das Trevas|84/100|[from] Sandstorm
|-heal|p1a: Tyranitar|85/100|[from] Grassy Terrain
|-heal|p1a: Tyranitar|92/100|[from] item: Leftovers
|upkeep
|turn|8
|
|t:|1662853849
|switch|p2a: Deus|Arceus|100/100
|move|p1a: Tyranitar|Stealth Rock|p2a: Deus
|-sidestart|p2: Matsui_Miyako|move: Stealth Rock
|
|-weather|Sandstorm|[upkeep]
|-damage|p2a: Deus|94/100|[from] Sandstorm
|-heal|p2a: Deus|100/100|[from] Grassy Terrain
|-heal|p1a: Tyranitar|98/100|[from] Grassy Terrain
|-heal|p1a: Tyranitar|100/100|[from] item: Leftovers
|-fieldend|move: Grassy Terrain
|upkeep
|turn|9
|
|t:|1662853855
|switch|p1a: Quagsire|Quagsire, F|100/100
|-damage|p1a: Quagsire|94/100|[from] Stealth Rock
|move|p2a: Deus|Earthquake|p1a: Quagsire
|-damage|p1a: Quagsire|69/100
|
|-weather|Sandstorm|[upkeep]
|-damage|p2a: Deus|94/100|[from] Sandstorm
|-heal|p2a: Deus|100/100|[from] item: Leftovers
|upkeep
|turn|10
|
|t:|1662853859
|switch|p2a: Deoxys|Deoxys-Attack|100/100
|-damage|p2a: Deoxys|88/100|[from] Stealth Rock
|-ability|p2a: Deoxys|Pressure
|move|p1a: Quagsire|Recover|p1a: Quagsire
|-heal|p1a: Quagsire|100/100
|
|-weather|Sandstorm|[upkeep]
|-damage|p2a: Deoxys|82/100|[from] Sandstorm
|upkeep
|turn|11
|inactive|lemoncell0 has 120 seconds left.
|
|t:|1662853899
|switch|p1a: Tyranitar|Tyranitar, F|100/100
|-damage|p1a: Tyranitar|88/100|[from] Stealth Rock
|move|p2a: Deoxys|Knock Off|p1a: Tyranitar
|-resisted|p1a: Tyranitar
|-damage|p1a: Tyranitar|72/100
|-enditem|p1a: Tyranitar|Leftovers|[from] move: Knock Off|[of] p2a: Deoxys
|
|-weather|none
|upkeep
|turn|12
|inactive|lemoncell0 has 120 seconds left.
|
|t:|1662853911
|move|p2a: Deoxys|Extreme Speed|p1a: Tyranitar
|-resisted|p1a: Tyranitar
|-damage|p1a: Tyranitar|58/100
|move|p1a: Tyranitar|Pursuit|p2a: Deoxys
|-supereffective|p2a: Deoxys
|-damage|p2a: Deoxys|0 fnt
|faint|p2a: Deoxys
|
|upkeep
|
|t:|1662853918
|switch|p2a: Deus|Arceus|100/100
|-damage|p2a: Deus|88/100|[from] Stealth Rock
|turn|13
|inactive|lemoncell0 has 120 seconds left.
|inactive|lemoncell0 has 90 seconds left.
|
|t:|1662853978
|switch|p2a: Cavaleiro Fantasma|Calyrex-Shadow|100/100
|-ability|p2a: Cavaleiro Fantasma|As One
|-ability|p2a: Cavaleiro Fantasma|Unnerve
|-damage|p2a: Cavaleiro Fantasma|88/100|[from] Stealth Rock
|switch|p1a: Quagsire|Quagsire, F|100/100
|-damage|p1a: Quagsire|94/100|[from] Stealth Rock
|
|upkeep
|turn|14
|
|t:|1662853987
|switch|p1a: Tyranitar|Tyranitar, F|58/100
|-damage|p1a: Tyranitar|45/100|[from] Stealth Rock
|-weather|Sandstorm|[from] ability: Sand Stream|[of] p1a: Tyranitar
|-start|p2a: Cavaleiro Fantasma|Dynamax|
|-heal|p2a: Cavaleiro Fantasma|88/100|[silent]
|move|p2a: Cavaleiro Fantasma|Max Overgrowth|p1a: Tyranitar
|-supereffective|p1a: Tyranitar
|-damage|p1a: Tyranitar|0 fnt
|-fieldstart|move: Grassy Terrain
|faint|p1a: Tyranitar
|-ability|p2a: Cavaleiro Fantasma|Grim Neigh|boost
|-boost|p2a: Cavaleiro Fantasma|spa|1
|
|-weather|Sandstorm|[upkeep]
|-damage|p2a: Cavaleiro Fantasma|85/100|[from] Sandstorm
|-heal|p2a: Cavaleiro Fantasma|88/100|[from] Grassy Terrain
|upkeep
|
|t:|1662854001
|switch|p1a: Ferrothorn|Ferrothorn, M|36/100
|-damage|p1a: Ferrothorn|29/100|[from] Stealth Rock
|turn|15
|
|t:|1662854006
|move|p1a: Ferrothorn|Protect|p1a: Ferrothorn
|-singleturn|p1a: Ferrothorn|Protect
|move|p2a: Cavaleiro Fantasma|Max Phantasm|p1a: Ferrothorn
|-zbroken|p1a: Ferrothorn
|-damage|p1a: Ferrothorn|7/100
|-unboost|p1a: Ferrothorn|def|1
|
|-weather|Sandstorm|[upkeep]
|-damage|p2a: Cavaleiro Fantasma|85/100|[from] Sandstorm
|-heal|p2a: Cavaleiro Fantasma|88/100|[from] Grassy Terrain
|-heal|p1a: Ferrothorn|13/100|[from] Grassy Terrain
|-heal|p1a: Ferrothorn|19/100|[from] item: Leftovers
|upkeep
|turn|16
|inactive|lemoncell0 has 90 seconds left.
|-message|lemoncell0 forfeited.
|
|win|Matsui_Miyako
|raw|lemoncell0's rating: 1941 &rarr; <strong>1912</strong><br />(-29 for losing)
|raw|Matsui_Miyako's rating: 1778 &rarr; <strong>1807</strong><br />(+29 for winning)
|l|☆lemoncell0
||Ladder isn't responding, score probably updated but might not have (Request timeout).
