|j|☆Lazy#4341 on cord
|j|☆lemoncell0
|t:|1661913506
|gametype|singles
|player|p1|Lazy#4341 on cord|brawly|1815
|player|p2|lemoncell0|allister|2041
|teamsize|p1|6
|teamsize|p2|6
|gen|8
|tier|[Gen 8] National Dex AG
|rated|
|rule|HP Percentage Mod: HP is shown in percentages
|rule|Endless Battle Clause: Forcing endless battles is banned
|clearpoke
|poke|p1|Cinderace, F|
|poke|p1|Zygarde|
|poke|p1|Necrozma-Dusk-Mane|
|poke|p1|Rayquaza|
|poke|p1|Arceus-*|
|poke|p1|Ferrothorn, F|
|poke|p2|Ferrothorn, M|
|poke|p2|Tyranitar, F|
|poke|p2|Quagsire, M|
|poke|p2|Zacian-*|
|poke|p2|Ditto|
|poke|p2|Salamence, M|
|teampreview
|inactive|Battle timer is ON: inactive players will automatically lose when time's up. (requested by Lazy#4341 on cord)
|
|t:|1661913533
|start
|switch|p1a: Ganon|Zygarde|100/100
|switch|p2a: Zacian|Zacian-Crowned|100/100
|-ability|p2a: Zacian|Intrepid Sword|boost
|-boost|p2a: Zacian|atk|1
|turn|1
|
|t:|1661913536
|switch|p2a: Quagsire|Quagsire, M|100/100
|switch|p1a: Sora|Necrozma-Dusk-Mane, shiny|100/100
|
|upkeep
|turn|2
|
|t:|1661913539
|switch|p2a: Ferrothorn|Ferrothorn, M|100/100
|move|p1a: Sora|Stealth Rock|p2a: Ferrothorn
|-sidestart|p2: lemoncell0|move: Stealth Rock
|
|upkeep
|turn|3
|
|t:|1661913543
|switch|p1a: Mythra|Rayquaza|100/100
|-ability|p1a: Mythra|Air Lock
|move|p2a: Ferrothorn|Knock Off|p1a: Mythra
|-damage|p1a: Mythra|73/100
|-enditem|p1a: Mythra|Life Orb|[from] move: Knock Off|[of] p2a: Ferrothorn
|
|upkeep
|turn|4
|
|t:|1661913548
|switch|p2a: Salamence|Salamence, M|100/100
|-damage|p2a: Salamence|76/100|[from] Stealth Rock
|-ability|p2a: Salamence|Intimidate|boost
|-unboost|p1a: Mythra|atk|1
|detailschange|p1a: Mythra|Rayquaza-Mega
|-mega|p1a: Mythra|Rayquaza|
|-weather|DeltaStream|[from] ability: Delta Stream|[of] p1a: Mythra
|move|p1a: Mythra|Dragon Ascent|p2a: Salamence
|-damage|p2a: Salamence|13/100
|-unboost|p1a: Mythra|def|1
|-unboost|p1a: Mythra|spd|1
|
|-weather|DeltaStream|[upkeep]
|upkeep
|turn|5
|
|t:|1661913551
|detailschange|p2a: Salamence|Salamence-Mega, M
|-mega|p2a: Salamence|Salamence|Salamencite
|move|p1a: Mythra|Extreme Speed|p2a: Salamence
|-damage|p2a: Salamence|0 fnt
|faint|p2a: Salamence
|
|-weather|DeltaStream|[upkeep]
|upkeep
|
|t:|1661913553
|switch|p2a: Zacian|Zacian-Crowned|100/100
|-damage|p2a: Zacian|94/100|[from] Stealth Rock
|-ability|p2a: Zacian|Intrepid Sword|boost
|-boost|p2a: Zacian|atk|1
|turn|6
|
|t:|1661913556
|switch|p2a: Ferrothorn|Ferrothorn, M|100/100
|-damage|p2a: Ferrothorn|94/100|[from] Stealth Rock
|-weather|none
|switch|p1a: Sora|Necrozma-Dusk-Mane, shiny|100/100
|
|-heal|p2a: Ferrothorn|100/100|[from] item: Leftovers
|upkeep
|turn|7
|
|t:|1661913560
|switch|p1a: Pyra|Cinderace, F, shiny|100/100
|move|p2a: Ferrothorn|Leech Seed|p1a: Pyra
|-start|p1a: Pyra|move: Leech Seed
|
|-damage|p1a: Pyra|88/100|[from] Leech Seed|[of] p2a: Ferrothorn
|upkeep
|turn|8
|
|t:|1661913564
|switch|p1a: Ganon|Zygarde|100/100
|move|p2a: Ferrothorn|Protect||[still]
|-fail|p2a: Ferrothorn
|
|upkeep
|turn|9
|
|t:|1661913566
|move|p1a: Ganon|Glare|p2a: Ferrothorn
|-status|p2a: Ferrothorn|par
|move|p2a: Ferrothorn|Leech Seed|p1a: Ganon
|-start|p1a: Ganon|move: Leech Seed
|
|-damage|p1a: Ganon|88/100|[from] Leech Seed|[of] p2a: Ferrothorn
|upkeep
|turn|10
|
|t:|1661913568
|switch|p1a: Pyra|Cinderace, F, shiny|88/100
|move|p2a: Ferrothorn|Spikes|p1a: Pyra
|-sidestart|p1: Lazy#4341 on cord|Spikes
|
|upkeep
|turn|11
|
|t:|1661913571
|switch|p2a: Quagsire|Quagsire, M|100/100
|-damage|p2a: Quagsire|94/100|[from] Stealth Rock
|move|p1a: Pyra|Pyro Ball|p2a: Quagsire
|-resisted|p2a: Quagsire
|-damage|p2a: Quagsire|65/100
|-damage|p1a: Pyra|78/100|[from] item: Life Orb
|
|upkeep
|turn|12
|
|t:|1661913573
|switch|p1a: Ferrothorn|Ferrothorn, F|100/100
|-damage|p1a: Ferrothorn|88/100|[from] Spikes
|move|p2a: Quagsire|Recover|p2a: Quagsire
|-heal|p2a: Quagsire|100/100
|
|-heal|p1a: Ferrothorn|94/100|[from] item: Leftovers
|upkeep
|turn|13
|
|t:|1661913577
|switch|p2a: Ferrothorn|Ferrothorn, M|100/100 par
|-damage|p2a: Ferrothorn|94/100 par|[from] Stealth Rock
|move|p1a: Ferrothorn|Spikes|p2a: Ferrothorn
|-sidestart|p2: lemoncell0|Spikes
|
|-heal|p1a: Ferrothorn|100/100|[from] item: Leftovers
|-heal|p2a: Ferrothorn|100/100 par|[from] item: Leftovers
|upkeep
|turn|14
|
|t:|1661913579
|move|p1a: Ferrothorn|Spikes|p2a: Ferrothorn
|-sidestart|p2: lemoncell0|Spikes
|move|p2a: Ferrothorn|Spikes|p1a: Ferrothorn
|-sidestart|p1: Lazy#4341 on cord|Spikes
|
|upkeep
|turn|15
|
|t:|1661913581
|move|p1a: Ferrothorn|Spikes|p2a: Ferrothorn
|-sidestart|p2: lemoncell0|Spikes
|cant|p2a: Ferrothorn|par
|
|upkeep
|turn|16
|
|t:|1661913584
|switch|p1a: Mythra|Rayquaza-Mega|73/100
|-weather|DeltaStream|[from] ability: Delta Stream|[of] p1a: Mythra
|cant|p2a: Ferrothorn|par
|
|-weather|DeltaStream|[upkeep]
|upkeep
|turn|17
|
|t:|1661913590
|switch|p2a: Tyranitar|Tyranitar, F|100/100
|-damage|p2a: Tyranitar|88/100|[from] Stealth Rock
|-damage|p2a: Tyranitar|63/100|[from] Spikes
|-ability|p2a: Tyranitar|Sand Stream|[from] deltastream|[fail]
|move|p1a: Mythra|V-create|p2a: Tyranitar
|-resisted|p2a: Tyranitar
|-damage|p2a: Tyranitar|30/100
|-unboost|p1a: Mythra|spe|1
|-unboost|p1a: Mythra|def|1
|-unboost|p1a: Mythra|spd|1
|
|-weather|DeltaStream|[upkeep]
|-heal|p2a: Tyranitar|36/100|[from] item: Leftovers
|upkeep
|turn|18
|
|t:|1661913599
|-activate|p1a: Mythra|move: Pursuit
|move|p2a: Tyranitar|Pursuit|p1a: Mythra|[from]Pursuit
|-damage|p1a: Mythra|17/100
|-weather|none
|switch|p1a: Ganon|Zygarde|88/100
|-damage|p1a: Ganon|72/100|[from] Spikes
|
|-heal|p1a: Ganon|78/100|[from] item: Leftovers
|-heal|p2a: Tyranitar|43/100|[from] item: Leftovers
|upkeep
|turn|19
|
|t:|1661913608
|move|p1a: Ganon|Thousand Arrows|p2a: Tyranitar
|-supereffective|p2a: Tyranitar
|-damage|p2a: Tyranitar|0 fnt
|faint|p2a: Tyranitar
|
|-heal|p1a: Ganon|84/100|[from] item: Leftovers
|upkeep
|
|t:|1661913611
|switch|p2a: Zacian|Zacian-Crowned|94/100
|-damage|p2a: Zacian|88/100|[from] Stealth Rock
|-damage|p2a: Zacian|63/100|[from] Spikes
|-ability|p2a: Zacian|Intrepid Sword|boost
|-boost|p2a: Zacian|atk|1
|turn|20
|
|t:|1661913620
|move|p2a: Zacian|Play Rough|p1a: Ganon
|-supereffective|p1a: Ganon
|-damage|p1a: Ganon|0 fnt
|faint|p1a: Ganon
|
|upkeep
|
|t:|1661913623
|switch|p1a: Sora|Necrozma-Dusk-Mane, shiny|100/100
|-damage|p1a: Sora|84/100|[from] Spikes
|turn|21
|
|t:|1661913627
|switch|p2a: Ferrothorn|Ferrothorn, M|100/100 par
|-damage|p2a: Ferrothorn|94/100 par|[from] Stealth Rock
|-damage|p2a: Ferrothorn|69/100 par|[from] Spikes
|move|p1a: Sora|Sunsteel Strike|p2a: Ferrothorn
|-resisted|p2a: Ferrothorn
|-damage|p2a: Ferrothorn|51/100 par
|-damage|p1a: Sora|72/100|[from] ability: Iron Barbs|[of] p2a: Ferrothorn
|
|-heal|p2a: Ferrothorn|58/100 par|[from] item: Leftovers
|upkeep
|turn|22
|
|t:|1661913629
|move|p1a: Sora|Knock Off|p2a: Ferrothorn
|-damage|p2a: Ferrothorn|34/100 par
|-damage|p1a: Sora|59/100|[from] ability: Iron Barbs|[of] p2a: Ferrothorn
|-enditem|p2a: Ferrothorn|Leftovers|[from] move: Knock Off|[of] p1a: Sora
|move|p2a: Ferrothorn|Spikes|p1a: Sora
|-sidestart|p1: Lazy#4341 on cord|Spikes
|
|upkeep
|turn|23
|
|t:|1661913637
|switch|p1a: Mythra|Rayquaza-Mega|17/100
|-weather|DeltaStream|[from] ability: Delta Stream|[of] p1a: Mythra
|move|p2a: Ferrothorn|Knock Off|p1a: Mythra
|-damage|p1a: Mythra|1/100
|
|-weather|DeltaStream|[upkeep]
|upkeep
|turn|24
|
|t:|1661913643
|move|p1a: Mythra|Draco Meteor|p2a: Ferrothorn
|-resisted|p2a: Ferrothorn
|-damage|p2a: Ferrothorn|12/100 par
|-unboost|p1a: Mythra|spa|2
|move|p2a: Ferrothorn|Leech Seed|p1a: Mythra
|-start|p1a: Mythra|move: Leech Seed
|
|-weather|DeltaStream|[upkeep]
|-damage|p1a: Mythra|0 fnt|[from] Leech Seed|[of] p2a: Ferrothorn
|-heal|p2a: Ferrothorn|12/100 par|[silent]
|faint|p1a: Mythra
|-weather|none
|upkeep
|
|t:|1661913656
|switch|p1a: Sora|Necrozma-Dusk-Mane, shiny|59/100
|-damage|p1a: Sora|34/100|[from] Spikes
|turn|25
|
|t:|1661913659
|move|p1a: Sora|Morning Sun|p1a: Sora
|-heal|p1a: Sora|84/100
|move|p2a: Ferrothorn|Leech Seed|p1a: Sora
|-start|p1a: Sora|move: Leech Seed
|
|-damage|p1a: Sora|72/100|[from] Leech Seed|[of] p2a: Ferrothorn
|-heal|p2a: Ferrothorn|26/100 par|[silent]
|upkeep
|turn|26
|
|t:|1661913663
|switch|p1a: Pyra|Cinderace, F, shiny|78/100
|-damage|p1a: Pyra|53/100|[from] Spikes
|move|p2a: Ferrothorn|Leech Seed|p1a: Pyra
|-start|p1a: Pyra|move: Leech Seed
|
|-damage|p1a: Pyra|41/100|[from] Leech Seed|[of] p2a: Ferrothorn
|-heal|p2a: Ferrothorn|37/100 par|[silent]
|upkeep
|turn|27
|
|t:|1661913669
|move|p2a: Ferrothorn|Protect|p2a: Ferrothorn
|-singleturn|p2a: Ferrothorn|Protect
|move|p1a: Pyra|Pyro Ball|p2a: Ferrothorn
|-activate|p2a: Ferrothorn|move: Protect
|
|-damage|p1a: Pyra|29/100|[from] Leech Seed|[of] p2a: Ferrothorn
|-heal|p2a: Ferrothorn|47/100 par|[silent]
|upkeep
|turn|28
|
|t:|1661913677
|switch|p2a: Quagsire|Quagsire, M|100/100
|-damage|p2a: Quagsire|94/100|[from] Stealth Rock
|-damage|p2a: Quagsire|70/100|[from] Spikes
|-start|p1a: Pyra|Dynamax|Gmax
|-heal|p1a: Pyra|29/100|[silent]
|move|p1a: Pyra|Max Airstream|p2a: Quagsire
|-start|p1a: Pyra|typechange|Flying|[from] ability: Libero
|-damage|p2a: Quagsire|11/100
|-boost|p1a: Pyra|spe|1
|-damage|p1a: Pyra|24/100|[from] item: Life Orb
|
|-damage|p1a: Pyra|18/100|[from] Leech Seed|[of] p2a: Quagsire
|-heal|p2a: Quagsire|20/100|[silent]
|upkeep
|turn|29
|
|t:|1661913690
|move|p1a: Pyra|Max Airstream|p2a: Quagsire
|-damage|p2a: Quagsire|0 fnt
|-boost|p1a: Pyra|spe|1
|faint|p2a: Quagsire
|-damage|p1a: Pyra|13/100|[from] item: Life Orb
|
|upkeep
|
|t:|1661913694
|switch|p2a: Ditto|Ditto|100/100
|-damage|p2a: Ditto|88/100|[from] Stealth Rock
|-damage|p2a: Ditto|63/100|[from] Spikes
|-transform|p2a: Ditto|p1a: Pyra|[from] ability: Imposter
|turn|30
|
|t:|1661913699
|move|p1a: Pyra|Max Guard|p1a: Pyra
|-start|p1a: Pyra|typechange|Normal|[from] ability: Libero
|-singleturn|p1a: Pyra|Max Guard
|move|p2a: Ditto|Pyro Ball|p1a: Pyra
|-start|p2a: Ditto|typechange|Fire|[from] ability: Libero
|-activate|p1a: Pyra|move: Max Guard
|
|-damage|p1a: Pyra|6/100|[from] Leech Seed|[of] p2a: Ditto
|-heal|p2a: Ditto|75/100|[silent]
|upkeep
|-end|p1a: Pyra|Dynamax
|-heal|p1a: Pyra|6/100|[silent]
|turn|31
|
|t:|1661913709
|-start|p2a: Ditto|Dynamax|
|-heal|p2a: Ditto|75/100|[silent]
|move|p2a: Ditto|Max Guard|p2a: Ditto
|-start|p2a: Ditto|typechange|Normal|[from] ability: Libero
|-singleturn|p2a: Ditto|Max Guard
|move|p1a: Pyra|Sucker Punch||[still]
|-fail|p1a: Pyra
|
|-damage|p1a: Pyra|0 fnt|[from] Leech Seed|[of] p2a: Ditto
|-heal|p2a: Ditto|78/100|[silent]
|faint|p1a: Pyra
|upkeep
|
|t:|1661913715
|switch|p1a: Dark Pit|Arceus-Dark|100/100
|-damage|p1a: Dark Pit|75/100|[from] Spikes
|turn|32
|
|t:|1661913722
|-end|p2a: Ditto|Dynamax
|-heal|p2a: Ditto|78/100|[silent]
|switch|p2a: Zacian|Zacian-Crowned|63/100
|-damage|p2a: Zacian|57/100|[from] Stealth Rock
|-damage|p2a: Zacian|32/100|[from] Spikes
|-ability|p2a: Zacian|Intrepid Sword|boost
|-boost|p2a: Zacian|atk|1
|move|p1a: Dark Pit|Recover|p1a: Dark Pit
|-heal|p1a: Dark Pit|100/100
|
|upkeep
|turn|33
|
|t:|1661913736
|switch|p1a: Ferrothorn|Ferrothorn, F|100/100
|-damage|p1a: Ferrothorn|75/100|[from] Spikes
|move|p2a: Zacian|Close Combat|p1a: Ferrothorn
|-supereffective|p1a: Ferrothorn
|-damage|p1a: Ferrothorn|0 fnt
|-unboost|p2a: Zacian|def|1
|-unboost|p2a: Zacian|spd|1
|-damage|p2a: Zacian|20/100|[from] ability: Iron Barbs|[of] p1a: Ferrothorn
|faint|p1a: Ferrothorn
|
|upkeep
|
|t:|1661913740
|switch|p1a: Sora|Necrozma-Dusk-Mane, shiny|72/100
|-damage|p1a: Sora|47/100|[from] Spikes
|turn|34
|
|t:|1661913743
|move|p2a: Zacian|Close Combat|p1a: Sora
|-damage|p1a: Sora|4/100
|-unboost|p2a: Zacian|def|1
|-unboost|p2a: Zacian|spd|1
|-damage|p2a: Zacian|3/100|[from] item: Rocky Helmet|[of] p1a: Sora
|move|p1a: Sora|Morning Sun|p1a: Sora
|-heal|p1a: Sora|54/100
|
|upkeep
|turn|35
|
|t:|1661913747
|move|p2a: Zacian|Close Combat|p1a: Sora
|-damage|p1a: Sora|10/100
|-unboost|p2a: Zacian|def|1
|-unboost|p2a: Zacian|spd|1
|-damage|p2a: Zacian|0 fnt|[from] item: Rocky Helmet|[of] p1a: Sora
|faint|p2a: Zacian
|move|p1a: Sora|Morning Sun|p1a: Sora
|-heal|p1a: Sora|60/100
|
|upkeep
|
|t:|1661913748
|switch|p2a: Ferrothorn|Ferrothorn, M|47/100 par
|-damage|p2a: Ferrothorn|41/100 par|[from] Stealth Rock
|-damage|p2a: Ferrothorn|16/100 par|[from] Spikes
|turn|36
|
|t:|1661913758
|move|p1a: Sora|Knock Off|p2a: Ferrothorn
|-damage|p2a: Ferrothorn|0 fnt
|-damage|p1a: Sora|48/100|[from] ability: Iron Barbs|[of] p2a: Ferrothorn
|faint|p2a: Ferrothorn
|
|upkeep
|
|t:|1661913764
|switch|p2a: Ditto|Ditto|78/100
|-damage|p2a: Ditto|66/100|[from] Stealth Rock
|-damage|p2a: Ditto|41/100|[from] Spikes
|-transform|p2a: Ditto|p1a: Sora|[from] ability: Imposter
|turn|37
|c|☆Lazy#4341 on cord|nice team btw
|
|t:|1661913769
|move|p2a: Ditto|Knock Off|p1a: Sora
|-supereffective|p1a: Sora
|-damage|p1a: Sora|24/100
|-damage|p2a: Ditto|24/100|[from] item: Rocky Helmet|[of] p1a: Sora
|-enditem|p1a: Sora|Rocky Helmet|[from] move: Knock Off|[of] p2a: Ditto
|move|p1a: Sora|Morning Sun|p1a: Sora
|-heal|p1a: Sora|74/100
|
|upkeep
|turn|38
|j| OtherW0rld
|c|☆lemoncell0|gg I screwed up switching ditt out
|c|☆Lazy#4341 on cord|im curious tho
|
|t:|1661913780
|move|p2a: Ditto|Knock Off|p1a: Sora
|-supereffective|p1a: Sora
|-damage|p1a: Sora|55/100
|move|p1a: Sora|Morning Sun|p1a: Sora
|-heal|p1a: Sora|100/100
|
|upkeep
|turn|39
|c|☆Lazy#4341 on cord|why mega mence?
|c|☆lemoncell0|to beat pdon
|c|☆Lazy#4341 on cord|i can see that
|inactive|Lazy#4341 on cord has 120 seconds left.
|c|☆Lazy#4341 on cord|wouldnt zygarde just be better than m mence tho?
|c|☆Lazy#4341 on cord|cuz it eats all the hits
|c|☆Lazy#4341 on cord|throws off free glares
|
|t:|1661913836
|move|p2a: Ditto|Knock Off|p1a: Sora
|-supereffective|p1a: Sora
|-damage|p1a: Sora|84/100
|move|p1a: Sora|Sunsteel Strike|p2a: Ditto
|-resisted|p2a: Ditto
|-damage|p2a: Ditto|6/100
|
|upkeep
|turn|40
|c|☆lemoncell0|maybe
|c|☆lemoncell0|I just like mence lol
|c|☆Lazy#4341 on cord|valid
|c|☆Lazy#4341 on cord|im just trying to use
|c|☆Lazy#4341 on cord|cinderace
|inactive|lemoncell0 has 120 seconds left.
|
|t:|1661913869
|move|p2a: Ditto|Knock Off|p1a: Sora
|-supereffective|p1a: Sora
|-damage|p1a: Sora|68/100
|move|p1a: Sora|Knock Off|p2a: Ditto
|-supereffective|p2a: Ditto
|-damage|p2a: Ditto|0 fnt
|-enditem|p2a: Ditto|Choice Scarf|[from] move: Knock Off|[of] p1a: Sora
|faint|p2a: Ditto
|
|win|Lazy#4341 on cord
|raw|Lazy#4341 on cord's rating: 1815 &rarr; <strong>1846</strong><br />(+31 for winning)
|raw|lemoncell0's rating: 2041 &rarr; <strong>2010</strong><br />(-31 for losing)
|c|☆Lazy#4341 on cord|because i wanted to see if it had some hidden potential
|l| OtherW0rld
|c|☆lemoncell0|gg
|c|☆Lazy#4341 on cord|gg
|c|☆Lazy#4341 on cord|so far
|l|☆lemoncell0
|c|☆Lazy#4341 on cord|cinderace isnt too bad
||Ladder isn't responding, score probably updated but might not have (Request timeout).
