|j|☆Tussockywall97
|j|☆Defensive0
|t:|1668668975
|gametype|singles
|player|p1|Tussockywall97|gentleman|1565
|player|p2|Defensive0|riley|1895
|teamsize|p1|6
|teamsize|p2|6
|gen|8
|tier|[Gen 8] National Dex AG
|rated|
|rule|HP Percentage Mod: HP is shown in percentages
|rule|Endless Battle Clause: Forcing endless battles is banned
|clearpoke
|poke|p1|Hatterene, F|
|poke|p1|Necrozma-Dawn-Wings|
|poke|p1|Necrozma-Dusk-Mane|
|poke|p1|Stakataka|
|poke|p1|Calyrex-Ice|
|poke|p1|Palkia|
|poke|p2|Blaziken, M|
|poke|p2|Ditto|
|poke|p2|Arceus-*|
|poke|p2|Arceus-*|
|poke|p2|Yveltal|
|poke|p2|Mewtwo|
|teampreview
|inactive|Battle timer is ON: inactive players will automatically lose when time's up. (requested by Defensive0)
|inactive|Tussockywall97 also wants the timer to be on.
|
|t:|1668668982
|start
|switch|p1a: Hatterene|Hatterene, F|100/100
|switch|p2a: Blaziken|Blaziken, M, shiny|100/100
|turn|1
|
|t:|1668668985
|move|p2a: Blaziken|Flare Blitz|p1a: Hatterene
|-damage|p1a: Hatterene|24/100
|-damage|p2a: Blaziken|74/100|[from] Recoil
|-damage|p2a: Blaziken|64/100|[from] item: Life Orb
|move|p1a: Hatterene|Trick Room|p1a: Hatterene
|-fieldstart|move: Trick Room|[of] p1a: Hatterene
|
|-ability|p2a: Blaziken|Speed Boost|boost
|-boost|p2a: Blaziken|spe|1
|upkeep
|turn|2
|
|t:|1668668988
|move|p2a: Blaziken|Protect|p2a: Blaziken
|-singleturn|p2a: Blaziken|Protect
|move|p1a: Hatterene|Psyshock|p2a: Blaziken
|-activate|p2a: Blaziken|move: Protect
|
|-ability|p2a: Blaziken|Speed Boost|boost
|-boost|p2a: Blaziken|spe|1
|upkeep
|turn|3
|
|t:|1668668994
|switch|p2a: Arceus|Arceus-Fairy|100/100
|move|p1a: Hatterene|Psyshock|p2a: Arceus
|-damage|p2a: Arceus|73/100
|
|upkeep
|turn|4
|
|t:|1668668997
|move|p1a: Hatterene|Misty Explosion|p2a: Arceus
|-crit|p2a: Arceus
|-damage|p2a: Arceus|30/100
|faint|p1a: Hatterene
|move|p2a: Arceus|Recover|p2a: Arceus
|-heal|p2a: Arceus|80/100
|
|upkeep
|
|t:|1668669003
|switch|p1a: Necrozma|Necrozma-Dusk-Mane, shiny|100/100
|turn|5
|
|t:|1668669006
|switch|p2a: Yveltal|Yveltal, shiny|100/100
|-ability|p2a: Yveltal|Dark Aura
|move|p1a: Necrozma|Swords Dance|p1a: Necrozma
|-boost|p1a: Necrozma|atk|2
|
|-fieldend|move: Trick Room
|upkeep
|turn|6
|
|t:|1668669009
|move|p2a: Yveltal|Foul Play|p1a: Necrozma
|-supereffective|p1a: Necrozma
|-damage|p1a: Necrozma|0 fnt
|faint|p1a: Necrozma
|
|upkeep
|
|t:|1668669013
|switch|p1a: Stakataka|Stakataka|100/100
|turn|7
|
|t:|1668669016
|move|p2a: Yveltal|Taunt|p1a: Stakataka
|-start|p1a: Stakataka|move: Taunt
|-zpower|p1a: Stakataka
|move|p1a: Stakataka|Continental Crush|p2a: Yveltal|[zeffect]
|-supereffective|p2a: Yveltal
|-damage|p2a: Yveltal|0 fnt
|faint|p2a: Yveltal
|-ability|p1a: Stakataka|Beast Boost|boost
|-boost|p1a: Stakataka|def|1
|
|upkeep
|
|t:|1668669019
|switch|p2a: Blaziken|Blaziken, M, shiny|64/100
|turn|8
|
|t:|1668669021
|move|p2a: Blaziken|Close Combat|p1a: Stakataka
|-supereffective|p1a: Stakataka
|-damage|p1a: Stakataka|0 fnt
|-unboost|p2a: Blaziken|def|1
|-unboost|p2a: Blaziken|spd|1
|faint|p1a: Stakataka
|-damage|p2a: Blaziken|54/100|[from] item: Life Orb
|
|-ability|p2a: Blaziken|Speed Boost|boost
|-boost|p2a: Blaziken|spe|1
|upkeep
|
|t:|1668669025
|switch|p1a: Necrozma|Necrozma-Dawn-Wings, shiny|100/100
|turn|9
|
|t:|1668669032
|move|p2a: Blaziken|Flare Blitz|p1a: Necrozma
|-damage|p1a: Necrozma|44/100
|-damage|p2a: Blaziken|29/100|[from] Recoil
|-damage|p2a: Blaziken|19/100|[from] item: Life Orb
|move|p1a: Necrozma|Trick Room|p1a: Necrozma
|-fieldstart|move: Trick Room|[of] p1a: Necrozma
|
|-ability|p2a: Blaziken|Speed Boost|boost
|-boost|p2a: Blaziken|spe|1
|upkeep
|turn|10
|l|☆Defensive0
|inactive|Defensive0 disconnected and has a minute to reconnect!
|player|p2|
|inactive|Defensive0 has 30 seconds to reconnect!
|inactive|Defensive0 has 20 seconds to reconnect!
|inactive|Defensive0 has 15 seconds to reconnect!
|inactive|Defensive0 has 10 seconds to reconnect!
|inactive|Defensive0 has 5 seconds to reconnect!
|j|☆Defensive0
|inactive|Defensive0 reconnected and has 85 seconds left.
|player|p2|Defensive0|riley
|
|t:|1668669100
|move|p2a: Blaziken|Protect|p2a: Blaziken
|-singleturn|p2a: Blaziken|Protect
|move|p1a: Necrozma|Heat Wave|p2a: Blaziken
|-activate|p2a: Blaziken|move: Protect
|
|-ability|p2a: Blaziken|Speed Boost|boost
|-boost|p2a: Blaziken|spe|1
|upkeep
|turn|11
|inactive|Defensive0 has 90 seconds left.
|
|t:|1668669113
|switch|p2a: Arceus|Arceus-Fairy|80/100
|move|p1a: Necrozma|Moongeist Beam|p2a: Arceus
|-damage|p2a: Arceus|48/100
|
|upkeep
|turn|12
|inactive|Defensive0 has 90 seconds left.
|
|t:|1668669121
|move|p1a: Necrozma|Meteor Beam||[still]
|-prepare|p1a: Necrozma|Meteor Beam
|-boost|p1a: Necrozma|spa|1
|-enditem|p1a: Necrozma|Power Herb
|-anim|p1a: Necrozma|Meteor Beam|p2a: Arceus
|-damage|p2a: Arceus|7/100
|move|p2a: Arceus|Recover|p2a: Arceus
|-heal|p2a: Arceus|57/100
|
|upkeep
|turn|13
|
|t:|1668669128
|-start|p1a: Necrozma|Dynamax|
|-heal|p1a: Necrozma|44/100|[silent]
|move|p1a: Necrozma|Max Flare|p2a: Arceus
|-damage|p2a: Arceus|17/100
|-weather|SunnyDay
|move|p2a: Arceus|Judgment|p1a: Necrozma
|-damage|p1a: Necrozma|28/100
|
|-weather|SunnyDay|[upkeep]
|-fieldend|move: Trick Room
|upkeep
|turn|14
|
|t:|1668669132
|move|p2a: Arceus|Judgment|p1a: Necrozma
|-damage|p1a: Necrozma|11/100
|move|p1a: Necrozma|Max Phantasm|p2a: Arceus
|-damage|p2a: Arceus|0 fnt
|faint|p2a: Arceus
|
|-weather|SunnyDay|[upkeep]
|upkeep
|
|t:|1668669134
|switch|p2a: Ditto|Ditto, shiny|100/100
|-transform|p2a: Ditto|p1a: Necrozma|[from] ability: Imposter
|turn|15
|
|t:|1668669139
|move|p2a: Ditto|Moongeist Beam|p1a: Necrozma
|-supereffective|p1a: Necrozma
|-damage|p1a: Necrozma|0 fnt
|faint|p1a: Necrozma
|
|-weather|SunnyDay|[upkeep]
|upkeep
|
|t:|1668669141
|switch|p1a: Palkia|Palkia|100/100
|-ability|p1a: Palkia|Pressure
|turn|16
|
|t:|1668669145
|move|p2a: Ditto|Moongeist Beam|p1a: Palkia
|-damage|p1a: Palkia|24/100
|move|p1a: Palkia|Trick Room|p1a: Palkia
|-fieldstart|move: Trick Room|[of] p1a: Palkia
|
|-weather|SunnyDay|[upkeep]
|upkeep
|turn|17
|
|t:|1668669153
|-start|p2a: Ditto|Dynamax|
|-heal|p2a: Ditto|100/100|[silent]
|move|p2a: Ditto|Max Phantasm|p1a: Palkia
|-damage|p1a: Palkia|0 fnt
|faint|p1a: Palkia
|
|-weather|none
|upkeep
|
|t:|1668669158
|switch|p1a: Calyrex|Calyrex-Ice|100/100
|-ability|p1a: Calyrex|As One
|-ability|p1a: Calyrex|Unnerve
|turn|18
|
|t:|1668669163
|move|p1a: Calyrex|Glacial Lance|p2a: Ditto
|-damage|p2a: Ditto|60/100
|move|p2a: Ditto|Max Flare|p1a: Calyrex
|-supereffective|p1a: Calyrex
|-damage|p1a: Calyrex|0 fnt
|-weather|SunnyDay
|faint|p1a: Calyrex
|
|win|Defensive0
|raw|Tussockywall97's rating: 1565 &rarr; <strong>1560</strong><br />(-5 for losing)
|raw|Defensive0's rating: 1895 &rarr; <strong>1900</strong><br />(+5 for winning)
|l|☆Tussockywall97
