|j|☆ThievesBoom
|j|☆Maxymax300
|t:|1667153006
|gametype|singles
|player|p1|ThievesBoom|169|1621
|player|p2|Maxymax300|ghetsis-gen5bw|1677
|teamsize|p1|6
|teamsize|p2|6
|gen|8
|tier|[Gen 8] National Dex AG
|rated|
|rule|HP Percentage Mod: HP is shown in percentages
|rule|Endless Battle Clause: Forcing endless battles is banned
|clearpoke
|poke|p1|Gengar, F|
|poke|p1|Wobbuffet, F|
|poke|p1|Gothitelle, F|
|poke|p1|Arceus-*|
|poke|p1|Tyranitar, M|
|poke|p1|Arceus-*|
|poke|p2|Giratina-Origin|
|poke|p2|Arceus-*|
|poke|p2|Zacian-*|
|poke|p2|Groudon|
|poke|p2|Ditto|
|poke|p2|Palkia|
|teampreview
|inactive|Battle timer is ON: inactive players will automatically lose when time's up. (requested by Maxymax300)
|
|t:|1667153055
|start
|switch|p1a: Gothitelle|Gothitelle, F|100/100
|switch|p2a: Arceus|Arceus|100/100
|turn|1
|
|t:|1667153060
|move|p1a: Gothitelle|Trick|p2a: Arceus
|-activate|p1a: Gothitelle|move: Trick|[of] p2a: Arceus
|-item|p2a: Arceus|Choice Scarf|[from] move: Trick
|-item|p1a: Gothitelle|Safety Goggles|[from] move: Trick
|move|p2a: Arceus|Swords Dance|p2a: Arceus
|-boost|p2a: Arceus|atk|2
|
|upkeep
|turn|2
|
|t:|1667153071
|-start|p2a: Arceus|Dynamax|
|-heal|p2a: Arceus|100/100|[silent]
|move|p2a: Arceus|Max Phantasm|p1a: Gothitelle
|-supereffective|p1a: Gothitelle
|-damage|p1a: Gothitelle|0 fnt
|faint|p1a: Gothitelle
|
|upkeep
|
|t:|1667153075
|switch|p1a: Gengar|Gengar, F|100/100
|turn|3
|
|t:|1667153079
|detailschange|p1a: Gengar|Gengar-Mega, F
|-mega|p1a: Gengar|Gengar|Gengarite
|move|p1a: Gengar|Substitute|p1a: Gengar
|-start|p1a: Gengar|Substitute
|-damage|p1a: Gengar|76/100
|move|p2a: Arceus|Max Phantasm|p1a: Gengar
|-supereffective|p1a: Gengar
|-crit|p1a: Gengar
|-end|p1a: Gengar|Substitute
|-unboost|p1a: Gengar|def|1
|
|upkeep
|turn|4
|
|t:|1667153082
|move|p1a: Gengar|Substitute|p1a: Gengar
|-start|p1a: Gengar|Substitute
|-damage|p1a: Gengar|51/100
|move|p2a: Arceus|Max Phantasm|p1a: Gengar
|-supereffective|p1a: Gengar
|-crit|p1a: Gengar
|-end|p1a: Gengar|Substitute
|-unboost|p1a: Gengar|def|1
|
|upkeep
|-end|p2a: Arceus|Dynamax
|-heal|p2a: Arceus|100/100|[silent]
|turn|5
|
|t:|1667153086
|move|p2a: Arceus|Swords Dance|p2a: Arceus
|-boost|p2a: Arceus|atk|2
|move|p1a: Gengar|Substitute|p1a: Gengar
|-start|p1a: Gengar|Substitute
|-damage|p1a: Gengar|26/100
|
|upkeep
|turn|6
|
|t:|1667153090
|move|p2a: Arceus|Swords Dance|p2a: Arceus
|-boost|p2a: Arceus|atk|2
|move|p1a: Gengar|Nasty Plot|p1a: Gengar
|-boost|p1a: Gengar|spa|2
|
|upkeep
|turn|7
|
|t:|1667153094
|move|p2a: Arceus|Swords Dance|p2a: Arceus
|-boost|p2a: Arceus|atk|0
|move|p1a: Gengar|Nasty Plot|p1a: Gengar
|-boost|p1a: Gengar|spa|2
|
|upkeep
|turn|8
|
|t:|1667153097
|move|p2a: Arceus|Swords Dance|p2a: Arceus
|-boost|p2a: Arceus|atk|0
|move|p1a: Gengar|Nasty Plot|p1a: Gengar
|-boost|p1a: Gengar|spa|2
|
|upkeep
|turn|9
|
|t:|1667153100
|move|p2a: Arceus|Swords Dance|p2a: Arceus
|-boost|p2a: Arceus|atk|0
|move|p1a: Gengar|Focus Blast|p2a: Arceus
|-supereffective|p2a: Arceus
|-damage|p2a: Arceus|0 fnt
|faint|p2a: Arceus
|
|upkeep
|
|t:|1667153104
|switch|p2a: Giratina|Giratina-Origin|100/100
|turn|10
|
|t:|1667153106
|move|p2a: Giratina|Shadow Sneak|p1a: Gengar
|-supereffective|p1a: Gengar
|-end|p1a: Gengar|Substitute
|move|p1a: Gengar|Shadow Ball|p2a: Giratina
|-supereffective|p2a: Giratina
|-damage|p2a: Giratina|0 fnt
|faint|p2a: Giratina
|
|upkeep
|
|t:|1667153114
|switch|p2a: Zacian|Zacian-Crowned|100/100
|-ability|p2a: Zacian|Intrepid Sword|boost
|-boost|p2a: Zacian|atk|1
|turn|11
|
|t:|1667153118
|switch|p1a: Arceus|Arceus-Ground|100/100
|move|p2a: Zacian|Crunch|p1a: Arceus
|-damage|p1a: Arceus|76/100
|
|upkeep
|turn|12
|
|t:|1667153123
|switch|p2a: Palkia|Palkia|100/100
|-ability|p2a: Palkia|Pressure
|move|p1a: Arceus|Will-O-Wisp|p2a: Palkia
|-status|p2a: Palkia|brn
|
|-damage|p2a: Palkia|94/100 brn|[from] brn
|upkeep
|turn|13
|
|t:|1667153126
|switch|p1a: Wobbuffet|Wobbuffet, F|100/100
|move|p2a: Palkia|Hydro Pump|p1a: Wobbuffet|[miss]
|-miss|p2a: Palkia|p1a: Wobbuffet
|
|-damage|p2a: Palkia|88/100 brn|[from] brn
|upkeep
|turn|14
|
|t:|1667153131
|move|p2a: Palkia|Spacial Rend|p1a: Wobbuffet
|-damage|p1a: Wobbuffet|42/100
|move|p1a: Wobbuffet|Mirror Coat|p2a: Palkia
|-damage|p2a: Palkia|0 fnt
|faint|p2a: Palkia
|
|upkeep
|
|t:|1667153138
|switch|p2a: Groudon|Groudon|100/100
|detailschange|p2a: Groudon|Groudon-Primal
|-primal|p2a: Groudon
|-weather|DesolateLand|[from] ability: Desolate Land|[of] p2a: Groudon
|turn|15
|
|t:|1667153143
|move|p2a: Groudon|Stealth Rock|p1a: Wobbuffet
|-sidestart|p1: ThievesBoom|move: Stealth Rock
|move|p1a: Wobbuffet|Encore|p2a: Groudon
|-start|p2a: Groudon|Encore
|
|-weather|DesolateLand|[upkeep]
|upkeep
|turn|16
|
|t:|1667153157
|switch|p1a: Arceus|Arceus-Ground|76/100
|-damage|p1a: Arceus|70/100|[from] Stealth Rock
|move|p2a: Groudon|Stealth Rock||[still]
|-fail|p2a: Groudon
|
|-weather|DesolateLand|[upkeep]
|upkeep
|turn|17
|
|t:|1667153161
|move|p1a: Arceus|Recover|p1a: Arceus
|-heal|p1a: Arceus|100/100
|move|p2a: Groudon|Stealth Rock||[still]
|-fail|p2a: Groudon
|
|-weather|DesolateLand|[upkeep]
|upkeep
|turn|18
|
|t:|1667153169
|-weather|none
|switch|p2a: Ditto|Ditto|100/100
|-transform|p2a: Ditto|p1a: Arceus|[from] ability: Imposter
|move|p1a: Arceus|Judgment|p2a: Ditto
|-damage|p2a: Ditto|53/100
|
|upkeep
|turn|19
|
|t:|1667153176
|move|p2a: Ditto|Ice Beam|p1a: Arceus
|-supereffective|p1a: Arceus
|-damage|p1a: Arceus|71/100
|move|p1a: Arceus|Judgment|p2a: Ditto
|-damage|p2a: Ditto|8/100
|
|upkeep
|turn|20
|
|t:|1667153181
|move|p2a: Ditto|Ice Beam|p1a: Arceus
|-supereffective|p1a: Arceus
|-damage|p1a: Arceus|41/100
|move|p1a: Arceus|Recover|p1a: Arceus
|-heal|p1a: Arceus|91/100
|
|upkeep
|turn|21
|
|t:|1667153191
|switch|p1a: Wobbuffet|Wobbuffet, F|42/100
|-damage|p1a: Wobbuffet|29/100|[from] Stealth Rock
|move|p2a: Ditto|Ice Beam|p1a: Wobbuffet
|-damage|p1a: Wobbuffet|10/100
|
|upkeep
|turn|22
|
|t:|1667153201
|move|p2a: Ditto|Ice Beam|p1a: Wobbuffet
|-damage|p1a: Wobbuffet|0 fnt
|faint|p1a: Wobbuffet
|
|upkeep
|
|t:|1667153204
|switch|p1a: Gengar|Gengar-Mega, F|26/100
|-damage|p1a: Gengar|14/100|[from] Stealth Rock
|turn|23
|
|t:|1667153206
|move|p2a: Ditto|Ice Beam|p1a: Gengar
|-damage|p1a: Gengar|0 fnt
|faint|p1a: Gengar
|
|upkeep
|
|t:|1667153209
|switch|p1a: Tyranitar|Tyranitar, M|100/100
|-damage|p1a: Tyranitar|88/100|[from] Stealth Rock
|-weather|Sandstorm|[from] ability: Sand Stream|[of] p1a: Tyranitar
|turn|24
|
|t:|1667153222
|-activate|p2a: Ditto|move: Pursuit
|move|p1a: Tyranitar|Pursuit|p2a: Ditto|[from]Pursuit
|-damage|p2a: Ditto|0 fnt
|faint|p2a: Ditto
|-hint|A Pokemon can't switch between when it runs out of HP and when it faints
|
|-weather|Sandstorm|[upkeep]
|-heal|p1a: Tyranitar|94/100|[from] item: Leftovers
|upkeep
|
|t:|1667153227
|switch|p2a: Zacian|Zacian-Crowned|100/100
|-ability|p2a: Zacian|Intrepid Sword|boost
|-boost|p2a: Zacian|atk|1
|turn|25
|
|t:|1667153234
|move|p2a: Zacian|Close Combat|p1a: Tyranitar
|-supereffective|p1a: Tyranitar
|-damage|p1a: Tyranitar|0 fnt
|-unboost|p2a: Zacian|def|1
|-unboost|p2a: Zacian|spd|1
|faint|p1a: Tyranitar
|
|-weather|Sandstorm|[upkeep]
|upkeep
|
|t:|1667153237
|switch|p1a: Arceus|Arceus-Ground|91/100
|-damage|p1a: Arceus|85/100|[from] Stealth Rock
|turn|26
|
|t:|1667153245
|move|p2a: Zacian|Play Rough|p1a: Arceus
|-damage|p1a: Arceus|42/100
|move|p1a: Arceus|Judgment|p2a: Zacian
|-supereffective|p2a: Zacian
|-damage|p2a: Zacian|0 fnt
|faint|p2a: Zacian
|
|-weather|Sandstorm|[upkeep]
|upkeep
|
|t:|1667153249
|switch|p2a: Groudon|Groudon-Primal|100/100
|-weather|DesolateLand|[from] ability: Desolate Land|[of] p2a: Groudon
|turn|27
|
|t:|1667153253
|move|p1a: Arceus|Judgment|p2a: Groudon
|-supereffective|p2a: Groudon
|-damage|p2a: Groudon|6/100
|move|p2a: Groudon|Precipice Blades|p1a: Arceus
|-damage|p1a: Arceus|7/100
|
|-weather|DesolateLand|[upkeep]
|upkeep
|turn|28
|
|t:|1667153259
|move|p1a: Arceus|Judgment|p2a: Groudon
|-supereffective|p2a: Groudon
|-damage|p2a: Groudon|0 fnt
|faint|p2a: Groudon
|-weather|none
|
|win|ThievesBoom
|raw|ThievesBoom's rating: 1621 &rarr; <strong>1644</strong><br />(+23 for winning)
|raw|Maxymax300's rating: 1677 &rarr; <strong>1654</strong><br />(-23 for losing)
|l|☆Maxymax300
||Ladder isn't responding, score probably updated but might not have (Request timeout).
