|j|‽Mawm
|j|☆Rivalzin
|t:|1666008198
|gametype|singles
|player|p1|Mawm|beauty-gen6xy|1753
|player|p2|Rivalzin|lusamine-nihilego|1649
|teamsize|p1|6
|teamsize|p2|6
|gen|8
|tier|[Gen 8] National Dex AG
|rated|
|rule|HP Percentage Mod: HP is shown in percentages
|rule|Endless Battle Clause: Forcing endless battles is banned
|clearpoke
|poke|p1|Calyrex-Shadow|
|poke|p1|Genesect|
|poke|p1|Yveltal|
|poke|p1|Necrozma-Dusk-Mane|
|poke|p1|Rayquaza|
|poke|p1|Groudon|
|poke|p2|Zacian-*|
|poke|p2|Yveltal|
|poke|p2|Calyrex-Shadow|
|poke|p2|Kyogre|
|poke|p2|Groudon|
|poke|p2|Ditto|
|teampreview
|inactive|Battle timer is ON: inactive players will automatically lose when time's up. (requested by Mawm)
|
|t:|1666008206
|start
|switch|p1a: Calyrex|Calyrex-Shadow|100/100
|switch|p2a: Groudon|Groudon|100/100
|-ability|p1a: Calyrex|As One
|-ability|p1a: Calyrex|Unnerve
|detailschange|p2a: Groudon|Groudon-Primal
|-primal|p2a: Groudon
|-weather|DesolateLand|[from] ability: Desolate Land|[of] p2a: Groudon
|turn|1
|
|t:|1666008211
|move|p1a: Calyrex|Nasty Plot|p1a: Calyrex
|-boost|p1a: Calyrex|spa|2
|move|p2a: Groudon|Stealth Rock|p1a: Calyrex
|-sidestart|p1: Mawm|move: Stealth Rock
|
|-weather|DesolateLand|[upkeep]
|upkeep
|turn|2
|
|t:|1666008221
|move|p1a: Calyrex|Astral Barrage|p2a: Groudon
|-damage|p2a: Groudon|0 fnt
|faint|p2a: Groudon
|-weather|none
|-ability|p1a: Calyrex|Grim Neigh|boost
|-boost|p1a: Calyrex|spa|1
|
|upkeep
|
|t:|1666008226
|switch|p2a: Yveltal|Yveltal|100/100
|-ability|p2a: Yveltal|Dark Aura
|turn|3
|
|t:|1666008229
|move|p2a: Yveltal|Sucker Punch|p1a: Calyrex
|-supereffective|p1a: Calyrex
|-enditem|p1a: Calyrex|Focus Sash
|-damage|p1a: Calyrex|1/100
|move|p1a: Calyrex|Astral Barrage|p2a: Yveltal
|-resisted|p2a: Yveltal
|-damage|p2a: Yveltal|24/100
|
|upkeep
|turn|4
|
|t:|1666008236
|move|p1a: Calyrex|Baton Pass|p1a: Calyrex
|
|t:|1666008237
|switch|p1a: Yveltal|Yveltal, shiny|100/100|[from]move: Baton Pass
|-damage|p1a: Yveltal|76/100|[from] Stealth Rock
|-ability|p1a: Yveltal|Dark Aura
|move|p2a: Yveltal|Knock Off|p1a: Yveltal
|-resisted|p1a: Yveltal
|-damage|p1a: Yveltal|46/100
|-enditem|p1a: Yveltal|Assault Vest|[from] move: Knock Off|[of] p2a: Yveltal
|
|upkeep
|turn|5
|
|t:|1666008244
|move|p2a: Yveltal|Sucker Punch|p1a: Yveltal
|-resisted|p1a: Yveltal
|-damage|p1a: Yveltal|26/100
|move|p1a: Yveltal|Oblivion Wing|p2a: Yveltal
|-damage|p2a: Yveltal|0 fnt
|-heal|p1a: Yveltal|44/100|[from] drain|[of] p2a: Yveltal
|faint|p2a: Yveltal
|
|upkeep
|
|t:|1666008246
|switch|p2a: Ditto|Ditto|100/100
|-transform|p2a: Ditto|p1a: Yveltal|[from] ability: Imposter
|-ability|p2a: Ditto|Dark Aura
|turn|6
|
|t:|1666008257
|-start|p2a: Ditto|Dynamax|
|-heal|p2a: Ditto|100/100|[silent]
|-start|p1a: Yveltal|Dynamax|
|-heal|p1a: Yveltal|44/100|[silent]
|move|p1a: Yveltal|Max Airstream|p2a: Ditto
|-damage|p2a: Ditto|0 fnt
|-boost|p1a: Yveltal|spe|1
|faint|p2a: Ditto
|
|upkeep
|
|t:|1666008273
|switch|p2a: Zacian|Zacian-Crowned|100/100
|-ability|p2a: Zacian|Intrepid Sword|boost
|-boost|p2a: Zacian|atk|1
|turn|7
|
|t:|1666008276
|switch|p2a: Kyogre|Kyogre|100/100
|-weather|RainDance|[from] ability: Drizzle|[of] p2a: Kyogre
|move|p1a: Yveltal|Max Flare|p2a: Kyogre
|-resisted|p2a: Kyogre
|-damage|p2a: Kyogre|79/100
|-weather|SunnyDay
|
|-weather|SunnyDay|[upkeep]
|upkeep
|turn|8
|
|t:|1666008289
|move|p2a: Kyogre|Origin Pulse|p1a: Yveltal
|-crit|p1a: Yveltal
|-damage|p1a: Yveltal|22/100
|move|p1a: Yveltal|Max Airstream|p2a: Kyogre
|-damage|p2a: Kyogre|0 fnt
|-boost|p1a: Yveltal|spe|1
|faint|p2a: Kyogre
|
|-weather|SunnyDay|[upkeep]
|upkeep
|
|t:|1666008293
|switch|p2a: Zacian|Zacian-Crowned|100/100
|-ability|p2a: Zacian|Intrepid Sword|boost
|-boost|p2a: Zacian|atk|1
|-end|p1a: Yveltal|Dynamax
|-heal|p1a: Yveltal|22/100|[silent]
|turn|9
|
|t:|1666008297
|move|p1a: Yveltal|Heat Wave|p2a: Zacian
|-supereffective|p2a: Zacian
|-damage|p2a: Zacian|0 fnt
|faint|p2a: Zacian
|
|-weather|SunnyDay|[upkeep]
|upkeep
|
|t:|1666008299
|switch|p2a: Calyrex|Calyrex-Shadow|100/100
|-ability|p2a: Calyrex|As One
|-ability|p2a: Calyrex|Unnerve
|turn|10
|
|t:|1666008301
|move|p1a: Yveltal|Oblivion Wing|p2a: Calyrex
|-crit|p2a: Calyrex
|-enditem|p2a: Calyrex|Focus Sash
|-damage|p2a: Calyrex|1/100
|-heal|p1a: Yveltal|87/100|[from] drain|[of] p2a: Calyrex
|move|p2a: Calyrex|Draining Kiss|p1a: Yveltal
|-supereffective|p1a: Yveltal
|-damage|p1a: Yveltal|49/100
|-heal|p2a: Calyrex|34/100|[from] drain|[of] p1a: Yveltal
|
|-weather|SunnyDay|[upkeep]
|upkeep
|turn|11
|
|t:|1666008304
|move|p1a: Yveltal|Oblivion Wing|p2a: Calyrex
|-damage|p2a: Calyrex|0 fnt
|-heal|p1a: Yveltal|71/100|[from] drain|[of] p2a: Calyrex
|faint|p2a: Calyrex
|
|win|Mawm
|raw|Mawm's rating: 1753 &rarr; <strong>1767</strong><br />(+14 for winning)
|raw|Rivalzin's rating: 1649 &rarr; <strong>1635</strong><br />(-14 for losing)
