|j|☆KMTYS
|j|☆Obito 2001
|t:|1666950147
|gametype|singles
|player|p1|KMTYS|elesa|1723
|player|p2|Obito 2001|teamrocket|1940
|teamsize|p1|6
|teamsize|p2|6
|gen|8
|tier|[Gen 8] National Dex AG
|rated|
|rule|HP Percentage Mod: HP is shown in percentages
|rule|Endless Battle Clause: Forcing endless battles is banned
|clearpoke
|poke|p1|Arceus-*|
|poke|p1|Calyrex-Shadow|
|poke|p1|Rayquaza|
|poke|p1|Ditto|
|poke|p1|Arceus-*|
|poke|p1|Kyogre|
|poke|p2|Mewtwo|
|poke|p2|Arceus-*|
|poke|p2|Mewtwo|
|poke|p2|Ditto|
|poke|p2|Mewtwo|
|poke|p2|Arceus-*|
|teampreview
|inactive|Battle timer is ON: inactive players will automatically lose when time's up. (requested by Obito 2001)
|
|t:|1666950157
|start
|switch|p1a: Kyogre|Kyogre|100/100
|switch|p2a: Arceus|Arceus-Fairy|100/100
|-weather|RainDance|[from] ability: Drizzle|[of] p1a: Kyogre
|turn|1
|
|t:|1666950162
|move|p1a: Kyogre|Water Spout|p2a: Arceus
|-damage|p2a: Arceus|40/100
|move|p2a: Arceus|Stealth Rock|p1a: Kyogre
|-sidestart|p1: KMTYS|move: Stealth Rock
|
|-weather|RainDance|[upkeep]
|upkeep
|turn|2
|
|t:|1666950165
|move|p1a: Kyogre|Water Spout|p2a: Arceus
|-damage|p2a: Arceus|0 fnt
|faint|p2a: Arceus
|
|-weather|RainDance|[upkeep]
|upkeep
|
|t:|1666950167
|switch|p2a: Ditto|Ditto, shiny|100/100
|-transform|p2a: Ditto|p1a: Kyogre|[from] ability: Imposter
|turn|3
|
|t:|1666950178
|switch|p1a: 理之王座|Rayquaza|100/100
|-damage|p1a: 理之王座|76/100|[from] Stealth Rock
|-ability|p1a: 理之王座|Air Lock
|move|p2a: Ditto|Thunder|p1a: 理之王座|[miss]
|-miss|p2a: Ditto|p1a: 理之王座
|
|-weather|RainDance|[upkeep]
|upkeep
|turn|4
|
|t:|1666950191
|detailschange|p1a: 理之王座|Rayquaza-Mega
|-mega|p1a: 理之王座|Rayquaza|
|-weather|DeltaStream|[from] ability: Delta Stream|[of] p1a: 理之王座
|move|p2a: Ditto|Thunder|p1a: 理之王座
|-activate||deltastream
|-resisted|p1a: 理之王座
|-damage|p1a: 理之王座|56/100
|move|p1a: 理之王座|Dragon Dance|p1a: 理之王座
|-boost|p1a: 理之王座|atk|1
|-boost|p1a: 理之王座|spe|1
|
|-weather|DeltaStream|[upkeep]
|upkeep
|turn|5
|j| arguslime
|
|t:|1666950198
|switch|p2a: Mewtwo|Mewtwo|100/100
|-ability|p2a: Mewtwo|Pressure
|move|p1a: 理之王座|Dragon Ascent|p2a: Mewtwo
|-damage|p2a: Mewtwo|0 fnt
|-unboost|p1a: 理之王座|def|1
|-unboost|p1a: 理之王座|spd|1
|faint|p2a: Mewtwo
|-damage|p1a: 理之王座|46/100|[from] item: Life Orb
|
|-weather|DeltaStream|[upkeep]
|upkeep
|
|t:|1666950200
|switch|p2a: Ditto|Ditto, shiny|100/100
|-transform|p2a: Ditto|p1a: 理之王座|[from] ability: Imposter
|turn|6
|
|t:|1666950207
|move|p2a: Ditto|Extreme Speed|p1a: 理之王座
|-damage|p1a: 理之王座|0 fnt
|faint|p1a: 理之王座
|
|-weather|DeltaStream|[upkeep]
|upkeep
|
|t:|1666950211
|switch|p1a: 死之王座|Calyrex-Shadow|100/100
|-ability|p1a: 死之王座|As One
|-ability|p1a: 死之王座|Unnerve
|-damage|p1a: 死之王座|88/100|[from] Stealth Rock
|turn|7
|
|t:|1666950214
|-weather|none
|switch|p2a: Arceus|Arceus|100/100
|move|p1a: 死之王座|Astral Barrage|p2a: Arceus
|-immune|p2a: Arceus
|
|upkeep
|turn|8
|
|t:|1666950220
|switch|p1a: 时之王座|Arceus|100/100
|-damage|p1a: 时之王座|88/100|[from] Stealth Rock
|move|p2a: Arceus|Swords Dance|p2a: Arceus
|-boost|p2a: Arceus|atk|2
|
|-heal|p1a: 时之王座|94/100|[from] item: Leftovers
|upkeep
|turn|9
|
|t:|1666950226
|move|p2a: Arceus|Extreme Speed|p1a: 时之王座
|-damage|p1a: 时之王座|37/100
|move|p1a: 时之王座|Perish Song|p1a: 时之王座
|-start|p1a: 时之王座|perish3|[silent]
|-start|p2a: Arceus|perish3|[silent]
|-fieldactivate|move: Perish Song
|
|-heal|p1a: 时之王座|43/100|[from] item: Leftovers
|-start|p2a: Arceus|perish3
|-start|p1a: 时之王座|perish3
|upkeep
|turn|10
|
|t:|1666950233
|switch|p2a: Mewtwo|Mewtwo|100/100
|-ability|p2a: Mewtwo|Pressure
|move|p1a: 时之王座|Extreme Speed|p2a: Mewtwo
|-damage|p2a: Mewtwo|54/100
|
|-heal|p1a: 时之王座|49/100|[from] item: Leftovers
|-start|p1a: 时之王座|perish2
|upkeep
|turn|11
|
|t:|1666950250
|detailschange|p2a: Mewtwo|Mewtwo-Mega-X
|-mega|p2a: Mewtwo|Mewtwo|Mewtwonite X
|move|p1a: 时之王座|Extreme Speed|p2a: Mewtwo
|-damage|p2a: Mewtwo|10/100
|move|p2a: Mewtwo|Low Kick|p1a: 时之王座
|-supereffective|p1a: 时之王座
|-crit|p1a: 时之王座
|-damage|p1a: 时之王座|0 fnt
|faint|p1a: 时之王座
|
|upkeep
|
|t:|1666950253
|switch|p1a: 至高王座|Ditto|100/100
|-damage|p1a: 至高王座|88/100|[from] Stealth Rock
|-transform|p1a: 至高王座|p2a: Mewtwo|[from] ability: Imposter
|turn|12
|
|t:|1666950263
|move|p1a: 至高王座|Ice Beam|p2a: Mewtwo
|-damage|p2a: Mewtwo|0 fnt
|faint|p2a: Mewtwo
|
|upkeep
|
|t:|1666950270
|switch|p2a: Mewtwo|Mewtwo|100/100
|-ability|p2a: Mewtwo|Pressure
|turn|13
|
|t:|1666950280
|switch|p1a: 空之王座|Arceus-Flying|100/100
|-damage|p1a: 空之王座|75/100|[from] Stealth Rock
|move|p2a: Mewtwo|Hurricane|p1a: 空之王座|[miss]
|-miss|p2a: Mewtwo|p1a: 空之王座
|
|upkeep
|turn|14
|
|t:|1666950294
|-start|p1a: 空之王座|Dynamax|
|-heal|p1a: 空之王座|75/100|[silent]
|move|p2a: Mewtwo|Ice Beam|p1a: 空之王座
|-supereffective|p1a: 空之王座
|-damage|p1a: 空之王座|45/100
|-damage|p2a: Mewtwo|91/100|[from] item: Life Orb
|move|p1a: 空之王座|Max Airstream|p2a: Mewtwo
|-damage|p2a: Mewtwo|8/100
|-boost|p1a: 空之王座|spe|1
|
|upkeep
|turn|15
|
|t:|1666950297
|move|p1a: 空之王座|Max Airstream|p2a: Mewtwo
|-damage|p2a: Mewtwo|0 fnt
|-boost|p1a: 空之王座|spe|1
|faint|p2a: Mewtwo
|
|upkeep
|
|t:|1666950301
|switch|p2a: Arceus|Arceus|100/100
|turn|16
|
|t:|1666950303
|move|p1a: 空之王座|Max Airstream|p2a: Arceus
|-crit|p2a: Arceus
|-damage|p2a: Arceus|27/100
|-boost|p1a: 空之王座|spe|1
|move|p2a: Arceus|Recover|p2a: Arceus
|-heal|p2a: Arceus|77/100
|
|upkeep
|-end|p1a: 空之王座|Dynamax
|-heal|p1a: 空之王座|45/100|[silent]
|turn|17
|
|t:|1666950313
|move|p1a: 空之王座|Iron Defense|p1a: 空之王座
|-boost|p1a: 空之王座|def|2
|move|p2a: Arceus|Swords Dance|p2a: Arceus
|-boost|p2a: Arceus|atk|2
|
|upkeep
|turn|18
|
|t:|1666950320
|-start|p2a: Arceus|Dynamax|
|-heal|p2a: Arceus|77/100|[silent]
|move|p1a: 空之王座|Recover|p1a: 空之王座
|-heal|p1a: 空之王座|95/100
|move|p2a: Arceus|Max Strike|p1a: 空之王座
|-damage|p1a: 空之王座|49/100
|-unboost|p1a: 空之王座|spe|1
|
|upkeep
|turn|19
|
|t:|1666950324
|move|p1a: 空之王座|Recover|p1a: 空之王座
|-heal|p1a: 空之王座|99/100
|move|p2a: Arceus|Max Strike|p1a: 空之王座
|-damage|p1a: 空之王座|53/100
|-unboost|p1a: 空之王座|spe|1
|
|upkeep
|turn|20
|
|t:|1666950329
|move|p1a: 空之王座|Recover|p1a: 空之王座
|-heal|p1a: 空之王座|100/100
|move|p2a: Arceus|Max Phantasm|p1a: 空之王座
|-damage|p1a: 空之王座|73/100
|-unboost|p1a: 空之王座|def|1
|
|upkeep
|-end|p2a: Arceus|Dynamax
|-heal|p2a: Arceus|77/100|[silent]
|turn|21
|
|t:|1666950355
|move|p2a: Arceus|Extreme Speed|p1a: 空之王座
|-damage|p1a: 空之王座|37/100
|move|p1a: 空之王座|Calm Mind|p1a: 空之王座
|-boost|p1a: 空之王座|spa|1
|-boost|p1a: 空之王座|spd|1
|
|upkeep
|turn|22
|
|t:|1666950360
|move|p2a: Arceus|Extreme Speed|p1a: 空之王座
|-damage|p1a: 空之王座|0 fnt
|faint|p1a: 空之王座
|
|upkeep
|
|t:|1666950366
|switch|p1a: 至高王座|Ditto|88/100
|-damage|p1a: 至高王座|76/100|[from] Stealth Rock
|-transform|p1a: 至高王座|p2a: Arceus|[from] ability: Imposter
|turn|23
|
|t:|1666950371
|move|p1a: 至高王座|Extreme Speed|p2a: Arceus
|-damage|p2a: Arceus|22/100
|move|p2a: Arceus|Extreme Speed|p1a: 至高王座
|-damage|p1a: 至高王座|0 fnt
|faint|p1a: 至高王座
|
|upkeep
|
|t:|1666950374
|switch|p1a: Kyogre|Kyogre|100/100
|-damage|p1a: Kyogre|88/100|[from] Stealth Rock
|-weather|RainDance|[from] ability: Drizzle|[of] p1a: Kyogre
|turn|24
|
|t:|1666950377
|switch|p1a: 死之王座|Calyrex-Shadow|88/100
|-ability|p1a: 死之王座|As One
|-ability|p1a: 死之王座|Unnerve
|-damage|p1a: 死之王座|76/100|[from] Stealth Rock
|move|p2a: Arceus|Extreme Speed|p1a: 死之王座
|-immune|p1a: 死之王座
|
|-weather|RainDance|[upkeep]
|upkeep
|turn|25
|
|t:|1666950381
|move|p1a: 死之王座|Draining Kiss|p2a: Arceus
|-damage|p2a: Arceus|7/100
|-heal|p1a: 死之王座|91/100|[from] drain|[of] p2a: Arceus
|move|p2a: Arceus|Shadow Claw|p1a: 死之王座
|-supereffective|p1a: 死之王座
|-damage|p1a: 死之王座|0 fnt
|faint|p1a: 死之王座
|
|-weather|RainDance|[upkeep]
|upkeep
|
|t:|1666950382
|switch|p1a: Kyogre|Kyogre|88/100
|-damage|p1a: Kyogre|76/100|[from] Stealth Rock
|turn|26
|
|t:|1666950385
|move|p2a: Arceus|Extreme Speed|p1a: Kyogre
|-damage|p1a: Kyogre|0 fnt
|faint|p1a: Kyogre
|
|win|Obito 2001
|raw|KMTYS's rating: 1723 &rarr; <strong>1714</strong><br />(-9 for losing)
|raw|Obito 2001's rating: 1940 &rarr; <strong>1949</strong><br />(+9 for winning)
