|j|☆Whitedevil12345678
|j|☆BasakBooster2
|t:|1665381431
|gametype|singles
|player|p1|Whitedevil12345678|blue-gen3two|2030
|player|p2|BasakBooster2|lucas|1881
|teamsize|p1|6
|teamsize|p2|6
|gen|8
|tier|[Gen 8] National Dex AG
|rated|
|rule|HP Percentage Mod: HP is shown in percentages
|rule|Endless Battle Clause: Forcing endless battles is banned
|clearpoke
|poke|p1|Arceus-*|
|poke|p1|Ditto|
|poke|p1|Groudon|
|poke|p1|Arceus-*|
|poke|p1|Arceus-*|
|poke|p1|Zygarde|
|poke|p2|Groudon|
|poke|p2|Rayquaza|
|poke|p2|Calyrex-Shadow|
|poke|p2|Zacian-*|
|poke|p2|Necrozma-Dusk-Mane|
|poke|p2|Yveltal|
|teampreview
|inactive|Battle timer is ON: inactive players will automatically lose when time's up. (requested by Whitedevil12345678)
|
|t:|1665381440
|start
|switch|p1a: Arceus|Arceus-Rock|100/100
|switch|p2a: Zacian|Zacian-Crowned|100/100
|-ability|p2a: Zacian|Intrepid Sword|boost
|-boost|p2a: Zacian|atk|1
|turn|1
|
|t:|1665381454
|switch|p1a: Groudon|Groudon|100/100
|detailschange|p1a: Groudon|Groudon-Primal
|-primal|p1a: Groudon
|-weather|DesolateLand|[from] ability: Desolate Land|[of] p1a: Groudon
|move|p2a: Zacian|Substitute|p2a: Zacian
|-start|p2a: Zacian|Substitute
|-damage|p2a: Zacian|76/100
|
|-weather|DesolateLand|[upkeep]
|upkeep
|turn|2
|
|t:|1665381466
|switch|p2a: the gwoat|Rayquaza|100/100
|-ability|p2a: the gwoat|Air Lock
|move|p1a: Groudon|Fire Punch|p2a: the gwoat
|-resisted|p2a: the gwoat
|-damage|p2a: the gwoat|79/100
|
|-weather|DesolateLand|[upkeep]
|upkeep
|turn|3
|
|t:|1665381474
|-weather|none
|switch|p1a: Arceus|Arceus-Rock|100/100
|detailschange|p2a: the gwoat|Rayquaza-Mega
|-mega|p2a: the gwoat|Rayquaza|
|-weather|DeltaStream|[from] ability: Delta Stream|[of] p2a: the gwoat
|move|p2a: the gwoat|Scale Shot|p1a: Arceus
|-damage|p1a: Arceus|84/100
|-damage|p1a: Arceus|69/100
|-damage|p1a: Arceus|53/100
|-hitcount|p1a: Arceus|3
|-unboost|p2a: the gwoat|def|1
|-boost|p2a: the gwoat|spe|1
|-damage|p2a: the gwoat|69/100|[from] item: Life Orb
|
|-weather|DeltaStream|[upkeep]
|upkeep
|turn|4
|
|t:|1665381482
|switch|p1a: Ditto|Ditto, shiny|100/100
|-transform|p1a: Ditto|p2a: the gwoat|[from] ability: Imposter
|move|p2a: the gwoat|Earthquake|p1a: Ditto
|-immune|p1a: Ditto
|
|-weather|DeltaStream|[upkeep]
|upkeep
|turn|5
|
|t:|1665381497
|move|p2a: the gwoat|Extreme Speed|p1a: Ditto
|-damage|p1a: Ditto|9/100
|-damage|p2a: the gwoat|59/100|[from] item: Life Orb
|move|p1a: Ditto|Dragon Ascent|p2a: the gwoat
|-damage|p2a: the gwoat|0 fnt
|-unboost|p1a: Ditto|def|1
|-unboost|p1a: Ditto|spd|1
|faint|p2a: the gwoat
|
|-weather|DeltaStream|[upkeep]
|upkeep
|
|t:|1665381500
|switch|p2a: Zacian|Zacian-Crowned|76/100
|-ability|p2a: Zacian|Intrepid Sword|boost
|-boost|p2a: Zacian|atk|1
|turn|6
|
|t:|1665381506
|-weather|none
|switch|p1a: Groudon|Groudon-Primal|100/100
|-weather|DesolateLand|[from] ability: Desolate Land|[of] p1a: Groudon
|switch|p2a: Yveltal|Yveltal|100/100
|-ability|p2a: Yveltal|Dark Aura
|
|-weather|DesolateLand|[upkeep]
|upkeep
|turn|7
|
|t:|1665381517
|-weather|none
|switch|p1a: Arceus|Arceus-Rock|53/100
|move|p2a: Yveltal|Dark Pulse|p1a: Arceus
|-damage|p1a: Arceus|0 fnt
|faint|p1a: Arceus
|-damage|p2a: Yveltal|91/100|[from] item: Life Orb
|
|upkeep
|
|t:|1665381523
|switch|p1a: Zygarde|Zygarde, shiny|100/100
|turn|8
|
|t:|1665381528
|-start|p2a: Yveltal|Dynamax|
|-heal|p2a: Yveltal|91/100|[silent]
|move|p2a: Yveltal|Max Darkness|p1a: Zygarde
|-damage|p1a: Zygarde|21/100
|-unboost|p1a: Zygarde|spd|1
|-damage|p2a: Yveltal|86/100|[from] item: Life Orb
|move|p1a: Zygarde|Glare|p2a: Yveltal
|-status|p2a: Yveltal|par
|
|-activate|p1a: Zygarde|ability: Power Construct
|detailschange|p1a: Zygarde|Zygarde-Complete, shiny
|-heal|p1a: Zygarde|48/100|[silent]
|upkeep
|turn|9
|
|t:|1665381546
|switch|p1a: Ditto|Ditto, shiny|9/100
|-transform|p1a: Ditto|p2a: Yveltal|[from] ability: Imposter
|-ability|p1a: Ditto|Dark Aura
|cant|p2a: Yveltal|par
|
|upkeep
|turn|10
|
|t:|1665381550
|move|p1a: Ditto|Oblivion Wing|p2a: Yveltal
|-damage|p2a: Yveltal|63/100 par
|-heal|p1a: Ditto|53/100|[from] drain|[of] p2a: Yveltal
|move|p2a: Yveltal|Max Darkness|p1a: Ditto
|-resisted|p1a: Ditto
|-damage|p1a: Ditto|0 fnt
|faint|p1a: Ditto
|-damage|p2a: Yveltal|59/100 par|[from] item: Life Orb
|
|upkeep
|
|t:|1665381560
|switch|p1a: Zygarde|Zygarde-Complete, shiny|48/100
|-end|p2a: Yveltal|Dynamax
|-heal|p2a: Yveltal|59/100 par|[silent]
|turn|11
|
|t:|1665381566
|move|p1a: Zygarde|Coil|p1a: Zygarde
|-boost|p1a: Zygarde|atk|1
|-boost|p1a: Zygarde|def|1
|-boost|p1a: Zygarde|accuracy|1
|move|p2a: Yveltal|Dark Pulse|p1a: Zygarde
|-damage|p1a: Zygarde|13/100
|-damage|p2a: Yveltal|49/100 par|[from] item: Life Orb
|
|upkeep
|turn|12
|
|t:|1665381573
|move|p1a: Zygarde|Rest|p1a: Zygarde
|-status|p1a: Zygarde|slp|[from] move: Rest
|-heal|p1a: Zygarde|100/100 slp|[silent]
|-enditem|p1a: Zygarde|Chesto Berry|[eat]
|-curestatus|p1a: Zygarde|slp|[msg]
|cant|p2a: Yveltal|par
|
|upkeep
|turn|13
|
|t:|1665381577
|move|p1a: Zygarde|Thousand Arrows|p2a: Yveltal
|-damage|p2a: Yveltal|2/100 par
|-start|p2a: Yveltal|Smack Down
|move|p2a: Yveltal|Oblivion Wing|p1a: Zygarde
|-damage|p1a: Zygarde|75/100
|-heal|p2a: Yveltal|33/100 par|[from] drain|[of] p1a: Zygarde
|-damage|p2a: Yveltal|23/100 par|[from] item: Life Orb
|
|upkeep
|turn|14
|
|t:|1665381588
|move|p1a: Zygarde|Thousand Arrows|p2a: Yveltal
|-damage|p2a: Yveltal|0 fnt
|faint|p2a: Yveltal
|
|upkeep
|
|t:|1665381591
|switch|p2a: Zacian|Zacian-Crowned|76/100
|-ability|p2a: Zacian|Intrepid Sword|boost
|-boost|p2a: Zacian|atk|1
|turn|15
|
|t:|1665381596
|move|p2a: Zacian|Play Rough|p1a: Zygarde
|-supereffective|p1a: Zygarde
|-damage|p1a: Zygarde|14/100
|move|p1a: Zygarde|Thousand Arrows|p2a: Zacian
|-supereffective|p2a: Zacian
|-damage|p2a: Zacian|0 fnt
|faint|p2a: Zacian
|
|upkeep
|
|t:|1665381599
|switch|p2a: Calyrex|Calyrex-Shadow|100/100
|-ability|p2a: Calyrex|As One
|-ability|p2a: Calyrex|Unnerve
|turn|16
|
|t:|1665381603
|switch|p1a: Arceus|Arceus|100/100
|move|p2a: Calyrex|Substitute|p2a: Calyrex
|-start|p2a: Calyrex|Substitute
|-damage|p2a: Calyrex|76/100
|
|-heal|p2a: Calyrex|82/100|[from] item: Leftovers
|upkeep
|turn|17
|
|t:|1665381610
|move|p2a: Calyrex|Leech Seed|p1a: Arceus
|-start|p1a: Arceus|move: Leech Seed
|move|p1a: Arceus|Swords Dance|p1a: Arceus
|-boost|p1a: Arceus|atk|2
|
|-heal|p2a: Calyrex|88/100|[from] item: Leftovers
|-damage|p1a: Arceus|88/100|[from] Leech Seed|[of] p2a: Calyrex
|-heal|p2a: Calyrex|100/100|[silent]
|upkeep
|turn|18
|
|t:|1665381616
|switch|p2a: Necrozma|Necrozma-Dusk-Mane|100/100
|move|p1a: Arceus|Swords Dance|p1a: Arceus
|-boost|p1a: Arceus|atk|2
|
|-damage|p1a: Arceus|76/100|[from] Leech Seed|[of] p2a: Necrozma
|upkeep
|turn|19
|
|t:|1665381620
|-start|p1a: Arceus|Dynamax|
|-heal|p1a: Arceus|76/100|[silent]
|move|p1a: Arceus|Max Phantasm|p2a: Necrozma
|-supereffective|p2a: Necrozma
|-damage|p2a: Necrozma|0 fnt
|faint|p2a: Necrozma
|
|upkeep
|
|t:|1665381623
|switch|p2a: Pyra|Groudon|100/100
|detailschange|p2a: Pyra|Groudon-Primal
|-primal|p2a: Pyra
|-weather|DesolateLand|[from] ability: Desolate Land|[of] p2a: Pyra
|turn|20
|
|t:|1665381627
|move|p1a: Arceus|Max Phantasm|p2a: Pyra
|-damage|p2a: Pyra|43/100
|-unboost|p2a: Pyra|def|1
|move|p2a: Pyra|Thunder Wave|p1a: Arceus
|-status|p1a: Arceus|par
|-enditem|p1a: Arceus|Lum Berry|[eat]
|-curestatus|p1a: Arceus|par|[msg]
|
|-weather|DesolateLand|[upkeep]
|-damage|p1a: Arceus|70/100|[from] Leech Seed|[of] p2a: Pyra
|-heal|p2a: Pyra|57/100|[silent]
|upkeep
|turn|21
|
|t:|1665381632
|move|p1a: Arceus|Max Phantasm|p2a: Pyra
|-damage|p2a: Pyra|0 fnt
|faint|p2a: Pyra
|-weather|none
|
|upkeep
|
|t:|1665381634
|switch|p2a: Calyrex|Calyrex-Shadow|100/100
|-ability|p2a: Calyrex|As One
|-ability|p2a: Calyrex|Unnerve
|-end|p1a: Arceus|Dynamax
|-heal|p1a: Arceus|70/100|[silent]
|turn|22
|
|t:|1665381637
|move|p2a: Calyrex|Substitute|p2a: Calyrex
|-start|p2a: Calyrex|Substitute
|-damage|p2a: Calyrex|76/100
|move|p1a: Arceus|Recover|p1a: Arceus
|-heal|p1a: Arceus|100/100
|
|-heal|p2a: Calyrex|82/100|[from] item: Leftovers
|-damage|p1a: Arceus|88/100|[from] Leech Seed|[of] p2a: Calyrex
|-heal|p2a: Calyrex|98/100|[silent]
|upkeep
|turn|23
|
|t:|1665381654
|move|p2a: Calyrex|Draining Kiss|p1a: Arceus
|-damage|p1a: Arceus|75/100
|-heal|p2a: Calyrex|100/100|[from] drain|[of] p1a: Arceus
|move|p1a: Arceus|Shadow Claw|p2a: Calyrex
|-supereffective|p2a: Calyrex
|-end|p2a: Calyrex|Substitute
|
|-damage|p1a: Arceus|63/100|[from] Leech Seed|[of] p2a: Calyrex
|upkeep
|turn|24
|
|t:|1665381658
|move|p2a: Calyrex|Substitute|p2a: Calyrex
|-start|p2a: Calyrex|Substitute
|-damage|p2a: Calyrex|76/100
|move|p1a: Arceus|Recover|p1a: Arceus
|-heal|p1a: Arceus|100/100
|
|-heal|p2a: Calyrex|82/100|[from] item: Leftovers
|-damage|p1a: Arceus|88/100|[from] Leech Seed|[of] p2a: Calyrex
|-heal|p2a: Calyrex|98/100|[silent]
|upkeep
|turn|25
|
|t:|1665381662
|move|p2a: Calyrex|Draining Kiss|p1a: Arceus
|-damage|p1a: Arceus|75/100
|-heal|p2a: Calyrex|100/100|[from] drain|[of] p1a: Arceus
|move|p1a: Arceus|Shadow Claw|p2a: Calyrex
|-supereffective|p2a: Calyrex
|-end|p2a: Calyrex|Substitute
|
|-damage|p1a: Arceus|62/100|[from] Leech Seed|[of] p2a: Calyrex
|upkeep
|turn|26
|
|t:|1665381665
|move|p2a: Calyrex|Substitute|p2a: Calyrex
|-start|p2a: Calyrex|Substitute
|-damage|p2a: Calyrex|76/100
|move|p1a: Arceus|Shadow Claw|p2a: Calyrex
|-supereffective|p2a: Calyrex
|-end|p2a: Calyrex|Substitute
|
|-heal|p2a: Calyrex|82/100|[from] item: Leftovers
|-damage|p1a: Arceus|50/100|[from] Leech Seed|[of] p2a: Calyrex
|-heal|p2a: Calyrex|98/100|[silent]
|upkeep
|turn|27
|
|t:|1665381669
|move|p2a: Calyrex|Substitute|p2a: Calyrex
|-start|p2a: Calyrex|Substitute
|-damage|p2a: Calyrex|73/100
|move|p1a: Arceus|Recover|p1a: Arceus
|-heal|p1a: Arceus|99/100
|
|-heal|p2a: Calyrex|79/100|[from] item: Leftovers
|-damage|p1a: Arceus|88/100|[from] Leech Seed|[of] p2a: Calyrex
|-heal|p2a: Calyrex|95/100|[silent]
|upkeep
|turn|28
|
|t:|1665381674
|move|p2a: Calyrex|Draining Kiss|p1a: Arceus
|-damage|p1a: Arceus|73/100
|-heal|p2a: Calyrex|100/100|[from] drain|[of] p1a: Arceus
|move|p1a: Arceus|Shadow Claw|p2a: Calyrex
|-supereffective|p2a: Calyrex
|-end|p2a: Calyrex|Substitute
|
|-damage|p1a: Arceus|61/100|[from] Leech Seed|[of] p2a: Calyrex
|upkeep
|turn|29
|
|t:|1665381688
|move|p2a: Calyrex|Substitute|p2a: Calyrex
|-start|p2a: Calyrex|Substitute
|-damage|p2a: Calyrex|76/100
|move|p1a: Arceus|Shadow Claw|p2a: Calyrex
|-supereffective|p2a: Calyrex
|-end|p2a: Calyrex|Substitute
|
|-heal|p2a: Calyrex|82/100|[from] item: Leftovers
|-damage|p1a: Arceus|48/100|[from] Leech Seed|[of] p2a: Calyrex
|-heal|p2a: Calyrex|98/100|[silent]
|upkeep
|turn|30
|
|t:|1665381691
|move|p2a: Calyrex|Substitute|p2a: Calyrex
|-start|p2a: Calyrex|Substitute
|-damage|p2a: Calyrex|73/100
|move|p1a: Arceus|Recover|p1a: Arceus
|-heal|p1a: Arceus|98/100
|
|-heal|p2a: Calyrex|79/100|[from] item: Leftovers
|-damage|p1a: Arceus|86/100|[from] Leech Seed|[of] p2a: Calyrex
|-heal|p2a: Calyrex|95/100|[silent]
|upkeep
|turn|31
|
|t:|1665381694
|move|p2a: Calyrex|Draining Kiss|p1a: Arceus
|-damage|p1a: Arceus|73/100
|-heal|p2a: Calyrex|100/100|[from] drain|[of] p1a: Arceus
|move|p1a: Arceus|Shadow Claw|p2a: Calyrex
|-supereffective|p2a: Calyrex
|-crit|p2a: Calyrex
|-end|p2a: Calyrex|Substitute
|
|-damage|p1a: Arceus|60/100|[from] Leech Seed|[of] p2a: Calyrex
|upkeep
|turn|32
|
|t:|1665381697
|move|p2a: Calyrex|Draining Kiss|p1a: Arceus
|-damage|p1a: Arceus|48/100
|move|p1a: Arceus|Shadow Claw|p2a: Calyrex
|-supereffective|p2a: Calyrex
|-damage|p2a: Calyrex|0 fnt
|faint|p2a: Calyrex
|
|win|Whitedevil12345678
|raw|Whitedevil12345678's rating: 2030 &rarr; <strong>2041</strong><br />(+11 for winning)
|raw|BasakBooster2's rating: 1854 &rarr; <strong>1843</strong><br />(-11 for losing)
|l|☆BasakBooster2
