|j|☆Lone Thief
|j|☆Wiso6
|t:|1603723841
|player|p1|Lone Thief|gambler|1670
|player|p2|Wiso6|acerola|1357
|teamsize|p1|6
|teamsize|p2|6
|gametype|singles
|gen|8
|tier|[Gen 8] National Dex AG
|rated|
|clearpoke
|poke|p1|Calyrex-Shadow|
|poke|p1|Rayquaza|
|poke|p1|Zacian-Crowned|
|poke|p1|Palkia|
|poke|p1|Ditto|
|poke|p1|Ho-Oh|
|poke|p2|Yveltal|
|poke|p2|Kyogre|
|poke|p2|Arceus-*|
|poke|p2|Groudon|
|poke|p2|Calyrex-Shadow|
|poke|p2|Marshadow|
|rule|HP Percentage Mod: HP is shown in percentages
|rule|Endless Battle Clause: Forcing endless battles is banned
|teampreview
|inactive|Battle timer is ON: inactive players will automatically lose when time's up. (requested by Lone Thief)
|
|t:|1603723863
|start
|switch|p1a: Rayquaza|Rayquaza|100/100
|switch|p2a: Marshadow|Marshadow|100/100
|-ability|p1a: Rayquaza|Air Lock
|turn|1
|
|t:|1603723876
|switch|p2a: Arceus|Arceus-Dark|100/100
|detailschange|p1a: Rayquaza|Rayquaza-Mega
|-mega|p1a: Rayquaza|Rayquaza|
|-weather|DeltaStream|[from] ability: Delta Stream|[of] p1a: Rayquaza
|move|p1a: Rayquaza|Surf|p2a: Arceus
|-damage|p2a: Arceus|83/100
|
|-weather|DeltaStream|[upkeep]
|upkeep
|turn|2
|
|t:|1603723885
|-weather|none
|switch|p1a: Zacian|Zacian-Crowned|100/100
|-ability|p1a: Zacian|Intrepid Sword|boost
|-boost|p1a: Zacian|atk|1
|move|p2a: Arceus|Thunder Wave|p1a: Zacian
|-status|p1a: Zacian|par
|
|upkeep
|turn|3
|
|t:|1603723893
|switch|p2a: Groudon|Groudon|100/100
|detailschange|p2a: Groudon|Groudon-Primal
|-primal|p2a: Groudon
|-weather|DesolateLand|[from] ability: Desolate Land|[of] p2a: Groudon
|cant|p1a: Zacian|par
|
|-weather|DesolateLand|[upkeep]
|upkeep
|turn|4
|
|t:|1603723903
|switch|p1a: Rayquaza|Rayquaza-Mega|100/100
|-weather|DeltaStream|[from] ability: Delta Stream|[of] p1a: Rayquaza
|move|p2a: Groudon|Dragon Claw|p1a: Rayquaza
|-supereffective|p1a: Rayquaza
|-damage|p1a: Rayquaza|38/100
|
|-weather|DeltaStream|[upkeep]
|upkeep
|turn|5
|
|t:|1603723910
|switch|p2a: Arceus|Arceus-Dark|83/100
|move|p1a: Rayquaza|Dragon Ascent|p2a: Arceus
|-damage|p2a: Arceus|32/100
|-unboost|p1a: Rayquaza|def|1
|-unboost|p1a: Rayquaza|spd|1
|
|-weather|DeltaStream|[upkeep]
|upkeep
|turn|6
|
|t:|1603723917
|move|p1a: Rayquaza|Dragon Ascent|p2a: Arceus
|-damage|p2a: Arceus|0 fnt
|-unboost|p1a: Rayquaza|def|1
|-unboost|p1a: Rayquaza|spd|1
|faint|p2a: Arceus
|
|-weather|DeltaStream|[upkeep]
|upkeep
|
|t:|1603723920
|switch|p2a: Marshadow|Marshadow|100/100
|turn|7
|
|t:|1603723926
|-weather|none
|switch|p1a: Ho-Oh|Ho-Oh|100/100
|move|p2a: Marshadow|Shadow Sneak|p1a: Ho-Oh
|-damage|p1a: Ho-Oh|71/100
|
|upkeep
|turn|8
|
|t:|1603723932
|move|p2a: Marshadow|Stone Edge|p1a: Ho-Oh
|-supereffective|p1a: Ho-Oh
|-damage|p1a: Ho-Oh|0 fnt
|faint|p1a: Ho-Oh
|
|upkeep
|
|t:|1603723943
|switch|p1a: Palkia|Palkia|100/100
|-ability|p1a: Palkia|Pressure
|turn|9
|
|t:|1603723952
|switch|p2a: Groudon|Groudon-Primal|100/100
|-weather|DesolateLand|[from] ability: Desolate Land|[of] p2a: Groudon
|move|p1a: Palkia|Earth Power|p2a: Groudon
|-supereffective|p2a: Groudon
|-damage|p2a: Groudon|45/100
|
|-weather|DesolateLand|[upkeep]
|upkeep
|turn|10
|
|t:|1603723959
|-weather|none
|switch|p2a: Yveltal|Yveltal|100/100
|-ability|p2a: Yveltal|Dark Aura
|move|p1a: Palkia|Spacial Rend|p2a: Yveltal
|-crit|p2a: Yveltal
|-damage|p2a: Yveltal|0 fnt
|faint|p2a: Yveltal
|
|upkeep
|
|t:|1603723965
|switch|p2a: Calyrex|Calyrex-Shadow|100/100
|-ability|p2a: Calyrex|As One
|-ability|p2a: Calyrex|Unnerve|p1: Lone Thief
|turn|11
|
|t:|1603723972
|move|p2a: Calyrex|Astral Barrage|p1a: Palkia
|-damage|p1a: Palkia|0 fnt
|faint|p1a: Palkia
|-ability|p2a: Calyrex|Grim Neigh
|-boost|p2a: Calyrex|spa|1
|
|upkeep
|
|t:|1603723979
|switch|p1a: Calyrex|Calyrex-Shadow|100/100
|-ability|p1a: Calyrex|As One
|-ability|p1a: Calyrex|Unnerve|p2: Wiso6
|turn|12
|
|t:|1603723985
|switch|p2a: Groudon|Groudon-Primal|45/100
|-weather|DesolateLand|[from] ability: Desolate Land|[of] p2a: Groudon
|move|p1a: Calyrex|Astral Barrage|p2a: Groudon
|-damage|p2a: Groudon|0 fnt
|faint|p2a: Groudon
|-weather|none
|-ability|p1a: Calyrex|Grim Neigh
|-boost|p1a: Calyrex|spa|1
|
|upkeep
|
|t:|1603723987
|switch|p2a: Marshadow|Marshadow|100/100
|turn|13
|
|t:|1603723998
|move|p2a: Marshadow|Shadow Sneak|p1a: Calyrex
|-supereffective|p1a: Calyrex
|-enditem|p1a: Calyrex|Focus Sash
|-damage|p1a: Calyrex|1/100
|move|p1a: Calyrex|Astral Barrage|p2a: Marshadow
|-supereffective|p2a: Marshadow
|-enditem|p2a: Marshadow|Focus Sash
|-damage|p2a: Marshadow|1/100
|
|upkeep
|turn|14
|
|t:|1603724008
|switch|p1a: Rayquaza|Rayquaza-Mega|38/100
|-weather|DeltaStream|[from] ability: Delta Stream|[of] p1a: Rayquaza
|move|p2a: Marshadow|Shadow Sneak|p1a: Rayquaza
|-damage|p1a: Rayquaza|3/100
|
|-weather|DeltaStream|[upkeep]
|upkeep
|turn|15
|
|t:|1603724015
|move|p2a: Marshadow|Shadow Sneak|p1a: Rayquaza
|-damage|p1a: Rayquaza|0 fnt
|faint|p1a: Rayquaza
|-weather|none
|
|upkeep
|
|t:|1603724021
|switch|p1a: Ditto|Ditto|100/100
|-transform|p1a: Ditto|p2a: Marshadow|[from] ability: Imposter
|turn|16
|
|t:|1603724030
|move|p1a: Ditto|Shadow Sneak|p2a: Marshadow
|-supereffective|p2a: Marshadow
|-damage|p2a: Marshadow|0 fnt
|faint|p2a: Marshadow
|
|upkeep
|
|t:|1603724032
|switch|p2a: Kyogre|Kyogre|100/100
|-weather|RainDance|[from] ability: Drizzle|[of] p2a: Kyogre
|turn|17
|
|t:|1603724053
|-start|p2a: Kyogre|Dynamax
|-heal|p2a: Kyogre|100/100|[silent]
|move|p1a: Ditto|Shadow Sneak|p2a: Kyogre
|-damage|p2a: Kyogre|84/100
|move|p2a: Kyogre|Max Geyser|p1a: Ditto
|-damage|p1a: Ditto|0 fnt
|faint|p1a: Ditto
|
|-weather|RainDance|[upkeep]
|upkeep
|
|t:|1603724062
|switch|p1a: Zacian|Zacian-Crowned|100/100 par
|-ability|p1a: Zacian|Intrepid Sword|boost
|-boost|p1a: Zacian|atk|1
|turn|18
|
|t:|1603724065
|move|p2a: Kyogre|Max Geyser|p1a: Zacian
|-damage|p1a: Zacian|0 fnt
|faint|p1a: Zacian
|
|-weather|RainDance|[upkeep]
|upkeep
|
|t:|1603724070
|switch|p1a: Calyrex|Calyrex-Shadow|1/100
|-ability|p1a: Calyrex|As One
|-ability|p1a: Calyrex|Unnerve|p2: Wiso6
|turn|19
|
|t:|1603724078
|-end|p2a: Kyogre|Dynamax
|-heal|p2a: Kyogre|84/100|[silent]
|switch|p2a: Calyrex|Calyrex-Shadow|100/100
|-ability|p2a: Calyrex|As One
|-ability|p2a: Calyrex|Unnerve|p1: Lone Thief
|-start|p1a: Calyrex|Dynamax
|-heal|p1a: Calyrex|1/100|[silent]
|move|p1a: Calyrex|Max Phantasm|p2a: Calyrex
|-supereffective|p2a: Calyrex
|-damage|p2a: Calyrex|0 fnt
|faint|p2a: Calyrex
|-ability|p1a: Calyrex|Grim Neigh
|-boost|p1a: Calyrex|spa|1
|
|-weather|RainDance|[upkeep]
|upkeep
|
|t:|1603724081
|switch|p2a: Kyogre|Kyogre|84/100
|turn|20
|
|t:|1603724095
|move|p2a: Kyogre|Water Spout|p1a: Calyrex
|-damage|p1a: Calyrex|0 fnt
|faint|p1a: Calyrex
|
|win|Wiso6
|l|☆Lone Thief
