|j|☆Hogwashimperial
|j|☆fckeveryoneman
|player|p1|Hogwashimperial|swimmer-gen4dp|1497
|player|p2|fckeveryoneman|blue-gen1rbtwo|1680
|teamsize|p1|6
|teamsize|p2|6
|gametype|singles
|gen|8
|tier|[Gen 8] National Dex AG
|rated|
|clearpoke
|poke|p1|Rayquaza|
|poke|p1|Zacian-Crowned|
|poke|p1|Groudon|
|poke|p1|Smeargle, F|
|poke|p1|Necrozma-Dusk-Mane|
|poke|p1|Yveltal|
|poke|p2|Yveltal|
|poke|p2|Rayquaza|
|poke|p2|Zacian-Crowned|
|poke|p2|Zygarde|
|poke|p2|Ho-Oh|
|poke|p2|Groudon|
|rule|HP Percentage Mod: HP is shown in percentages
|rule|Endless Battle Clause: Forcing endless battles is banned
|teampreview
|
|start
|switch|p1a: Smeargle|Smeargle, F|100/100
|switch|p2a: Zacian|Zacian-Crowned|100/100
|-ability|p2a: Zacian|Intrepid Sword|boost
|-boost|p2a: Zacian|atk|1
|turn|1
|
|switch|p1a: Groudon|Groudon|100/100
|detailschange|p1a: Groudon|Groudon-Primal
|-primal|p1a: Groudon
|-weather|DesolateLand|[from] ability: Desolate Land|[of] p1a: Groudon
|move|p2a: Zacian|Substitute|p2a: Zacian
|-start|p2a: Zacian|Substitute
|-damage|p2a: Zacian|76/100
|
|-weather|DesolateLand|[upkeep]
|upkeep
|turn|2
|
|move|p2a: Zacian|Close Combat|p1a: Groudon
|-damage|p1a: Groudon|50/100
|-unboost|p2a: Zacian|def|1
|-unboost|p2a: Zacian|spd|1
|move|p1a: Groudon|Earth Power|p2a: Zacian
|-supereffective|p2a: Zacian
|-end|p2a: Zacian|Substitute
|
|-weather|DesolateLand|[upkeep]
|upkeep
|turn|3
|inactive|Battle timer is ON: inactive players will automatically lose when time's up. (requested by Hogwashimperial)
|
|switch|p2a: Ho-Oh|Ho-Oh|100/100
|move|p1a: Groudon|Earth Power|p2a: Ho-Oh
|-immune|p2a: Ho-Oh
|
|-weather|DesolateLand|[upkeep]
|upkeep
|turn|4
|
|move|p1a: Groudon|Stealth Rock|p2a: Ho-Oh
|-sidestart|p2: fckeveryoneman|move: Stealth Rock
|move|p2a: Ho-Oh|Toxic|p1a: Groudon
|-status|p1a: Groudon|tox
|
|-weather|DesolateLand|[upkeep]
|-damage|p1a: Groudon|44/100 tox|[from] psn
|upkeep
|turn|5
|j| 444444444443itnmia
|
|move|p1a: Groudon|Eruption|p2a: Ho-Oh
|-resisted|p2a: Ho-Oh
|-damage|p2a: Ho-Oh|82/100
|move|p2a: Ho-Oh|Brave Bird|p1a: Groudon
|-damage|p1a: Groudon|15/100 tox
|-damage|p2a: Ho-Oh|73/100|[from] Recoil
|
|-weather|DesolateLand|[upkeep]
|-damage|p1a: Groudon|2/100 tox|[from] psn
|upkeep
|turn|6
|
|move|p1a: Groudon|Eruption|p2a: Ho-Oh
|-resisted|p2a: Ho-Oh
|-damage|p2a: Ho-Oh|72/100
|move|p2a: Ho-Oh|Defog|p1a: Groudon
|-unboost|p1a: Groudon|evasion|1
|-sideend|p2: fckeveryoneman|Stealth Rock|[from] move: Defog|[of] p2a: Ho-Oh
|
|-weather|DesolateLand|[upkeep]
|-damage|p1a: Groudon|0 fnt|[from] psn
|faint|p1a: Groudon
|-weather|none
|upkeep
|
|switch|p1a: Smeargle|Smeargle, F|100/100
|turn|7
|
|move|p1a: Smeargle|Spore|p2a: Ho-Oh
|-status|p2a: Ho-Oh|slp|[from] move: Spore
|cant|p2a: Ho-Oh|slp
|
|-ability|p1a: Smeargle|Moody|boost
|-boost|p1a: Smeargle|atk|2
|-unboost|p1a: Smeargle|def|1
|upkeep
|turn|8
|
|switch|p2a: Groudon|Groudon|100/100
|detailschange|p2a: Groudon|Groudon-Primal
|-primal|p2a: Groudon
|-weather|DesolateLand|[from] ability: Desolate Land|[of] p2a: Groudon
|move|p1a: Smeargle|Shell Smash|p1a: Smeargle
|-unboost|p1a: Smeargle|def|1
|-unboost|p1a: Smeargle|spd|1
|-boost|p1a: Smeargle|atk|2
|-boost|p1a: Smeargle|spa|2
|-boost|p1a: Smeargle|spe|2
|
|-weather|DesolateLand|[upkeep]
|-ability|p1a: Smeargle|Moody|boost
|-boost|p1a: Smeargle|def|2
|-unboost|p1a: Smeargle|spe|1
|upkeep
|turn|9
|c|☆fckeveryoneman|ofc
|
|-weather|none
|switch|p2a: Ho-Oh|Ho-Oh|100/100 slp
|move|p1a: Smeargle|Spore|p2a: Ho-Oh
|-fail|p2a: Ho-Oh|slp
|
|-ability|p1a: Smeargle|Moody|boost
|-boost|p1a: Smeargle|def|2
|-unboost|p1a: Smeargle|spe|1
|upkeep
|turn|10
|c|☆Hogwashimperial|Lol
|
|switch|p2a: Rayquaza|Rayquaza|100/100
|-ability|p2a: Rayquaza|Air Lock
|move|p1a: Smeargle|Baton Pass|p1a: Smeargle
|
|switch|p1a: Zacian|Zacian-Crowned|100/100|[from]move: Baton Pass
|-ability|p1a: Zacian|Intrepid Sword|boost
|-boost|p1a: Zacian|atk|1
|
|upkeep
|turn|11
|c|☆fckeveryoneman|smearg should be fucking locked
|inactive|Hogwashimperial has 120 seconds left.
|
|detailschange|p2a: Rayquaza|Rayquaza-Mega
|-mega|p2a: Rayquaza|Rayquaza|
|-weather|DeltaStream|[from] ability: Delta Stream|[of] p2a: Rayquaza
|move|p2a: Rayquaza|Earthquake|p1a: Zacian
|-supereffective|p1a: Zacian
|-damage|p1a: Zacian|52/100
|move|p1a: Zacian|Play Rough|p2a: Rayquaza
|-supereffective|p2a: Rayquaza
|-damage|p2a: Rayquaza|0 fnt
|faint|p2a: Rayquaza
|-weather|none
|
|upkeep
|
|switch|p2a: Groudon|Groudon-Primal|100/100
|-weather|DesolateLand|[from] ability: Desolate Land|[of] p2a: Groudon
|turn|12
|c|☆fckeveryoneman|fucking bs
|inactive|Hogwashimperial has 120 seconds left.
|
|move|p1a: Zacian|Behemoth Blade|p2a: Groudon
|-resisted|p2a: Groudon
|-damage|p2a: Groudon|37/100
|move|p2a: Groudon|Precipice Blades|p1a: Zacian
|-supereffective|p1a: Zacian
|-damage|p1a: Zacian|0 fnt
|faint|p1a: Zacian
|
|-weather|DesolateLand|[upkeep]
|upkeep
|
|switch|p1a: Smeargle|Smeargle, F|100/100
|turn|13
|
|move|p1a: Smeargle|Spore|p2a: Groudon
|-status|p2a: Groudon|slp|[from] move: Spore
|cant|p2a: Groudon|slp
|
|-weather|DesolateLand|[upkeep]
|-ability|p1a: Smeargle|Moody|boost
|-boost|p1a: Smeargle|def|2
|-unboost|p1a: Smeargle|spd|1
|upkeep
|turn|14
|inactive|Hogwashimperial has 120 seconds left.
|c|☆fckeveryoneman|this is fucking ridiculous
|
|move|p1a: Smeargle|Shell Smash|p1a: Smeargle
|-unboost|p1a: Smeargle|def|1
|-unboost|p1a: Smeargle|spd|1
|-boost|p1a: Smeargle|atk|2
|-boost|p1a: Smeargle|spa|2
|-boost|p1a: Smeargle|spe|2
|-curestatus|p2a: Groudon|slp|[msg]
|move|p2a: Groudon|Stealth Rock|p1a: Smeargle
|-sidestart|p1: Hogwashimperial|move: Stealth Rock
|
|-weather|DesolateLand|[upkeep]
|-ability|p1a: Smeargle|Moody|boost
|-boost|p1a: Smeargle|def|2
|-unboost|p1a: Smeargle|spa|1
|upkeep
|turn|15
|inactive|Hogwashimperial has 120 seconds left.
|
|move|p1a: Smeargle|Spore|p2a: Groudon
|-status|p2a: Groudon|slp|[from] move: Spore
|cant|p2a: Groudon|slp
|
|-weather|DesolateLand|[upkeep]
|-ability|p1a: Smeargle|Moody|boost
|-boost|p1a: Smeargle|spa|2
|-unboost|p1a: Smeargle|spd|1
|upkeep
|turn|16
|
|move|p1a: Smeargle|Baton Pass|p1a: Smeargle
|inactive|Hogwashimperial has 120 seconds left.
|
|switch|p1a: Yveltal|Yveltal|100/100|[from]move: Baton Pass
|-damage|p1a: Yveltal|76/100|[from] Stealth Rock
|-ability|p1a: Yveltal|Dark Aura
|cant|p2a: Groudon|slp
|
|-weather|DesolateLand|[upkeep]
|upkeep
|turn|17
|inactive|Hogwashimperial has 120 seconds left.
|
|move|p1a: Yveltal|Oblivion Wing|p2a: Groudon
|-damage|p2a: Groudon|0 fnt
|-heal|p1a: Yveltal|100/100|[from] drain|[of] p2a: Groudon
|-damage|p1a: Yveltal|91/100|[from] item: Life Orb
|faint|p2a: Groudon
|-weather|none
|
|upkeep
|
|switch|p2a: Yveltal|Yveltal|100/100
|-ability|p2a: Yveltal|Dark Aura
|turn|18
|inactive|Hogwashimperial has 120 seconds left.
|
|-start|p1a: Yveltal|Dynamax
|-heal|p1a: Yveltal|91/100|[silent]
|-start|p2a: Yveltal|Dynamax
|-heal|p2a: Yveltal|100/100|[silent]
|move|p1a: Yveltal|Max Airstream|p2a: Yveltal
|-crit|p2a: Yveltal
|-damage|p2a: Yveltal|0 fnt
|-boost|p1a: Yveltal|spe|1
|-damage|p1a: Yveltal|86/100|[from] item: Life Orb
|faint|p2a: Yveltal
|
|upkeep
|c|☆fckeveryoneman|gtfo dude
|-message|fckeveryoneman forfeited.
|
|win|Hogwashimperial
|l|☆fckeveryoneman
|raw|Hogwashimperial's rating: 1497 &rarr; <strong>1527</strong><br />(+30 for winning)
|raw|fckeveryoneman's rating: 1680 &rarr; <strong>1650</strong><br />(-30 for losing)
|l|☆Hogwashimperial
