|j|☆Pkmn3443
|j|☆Log4j
|t:|1617999238
|gametype|singles
|player|p1|Pkmn3443|266|1860
|player|p2|Log4j|2|1731
|teamsize|p1|6
|teamsize|p2|6
|gen|8
|tier|[Gen 8] National Dex AG
|rated|
|clearpoke
|poke|p1|Zacian-Crowned|
|poke|p1|Necrozma-Dusk-Mane|
|poke|p1|Ditto|
|poke|p1|Ho-Oh|
|poke|p1|Rayquaza|
|poke|p1|Yveltal|
|poke|p2|Kyogre|
|poke|p2|Zacian-Crowned|
|poke|p2|Yveltal|
|poke|p2|Calyrex-Shadow|
|poke|p2|Ho-Oh|
|poke|p2|Ditto|
|rule|HP Percentage Mod: HP is shown in percentages
|rule|Endless Battle Clause: Forcing endless battles is banned
|teampreview
|inactive|Battle timer is ON: inactive players will automatically lose when time's up. (requested by Pkmn3443)
|inactive|Log4j has 120 seconds left.
|
|t:|1617999311
|start
|switch|p1a: Rayquaza|Rayquaza|100/100
|switch|p2a: Kyogre|Kyogre|100/100
|-weather|RainDance|[from] ability: Drizzle|[of] p2a: Kyogre
|-ability|p1a: Rayquaza|Air Lock
|turn|1
|
|t:|1617999328
|detailschange|p1a: Rayquaza|Rayquaza-Mega
|-mega|p1a: Rayquaza|Rayquaza|
|-weather|DeltaStream|[from] ability: Delta Stream|[of] p1a: Rayquaza
|move|p2a: Kyogre|Ice Beam|p1a: Rayquaza
|-activate||deltastream
|-supereffective|p1a: Rayquaza
|-damage|p1a: Rayquaza|36/100
|move|p1a: Rayquaza|Dragon Ascent|p2a: Kyogre
|-damage|p2a: Kyogre|0 fnt
|-unboost|p1a: Rayquaza|def|1
|-unboost|p1a: Rayquaza|spd|1
|-damage|p1a: Rayquaza|26/100|[from] item: Life Orb
|faint|p2a: Kyogre
|
|-weather|DeltaStream|[upkeep]
|upkeep
|
|t:|1617999336
|switch|p2a: Calyrex|Calyrex-Shadow|100/100
|-ability|p2a: Calyrex|As One
|-ability|p2a: Calyrex|Unnerve
|turn|2
|
|t:|1617999348
|-weather|none
|switch|p1a: Ho-Oh|Ho-Oh|100/100
|move|p2a: Calyrex|Nasty Plot|p2a: Calyrex
|-boost|p2a: Calyrex|spa|2
|
|upkeep
|turn|3
|
|t:|1617999356
|move|p2a: Calyrex|Psyshock|p1a: Ho-Oh
|-damage|p1a: Ho-Oh|33/100
|move|p1a: Ho-Oh|Sacred Fire|p2a: Calyrex
|-damage|p2a: Calyrex|52/100
|
|upkeep
|turn|4
|
|t:|1617999368
|switch|p1a: Rayquaza|Rayquaza-Mega|26/100
|-weather|DeltaStream|[from] ability: Delta Stream|[of] p1a: Rayquaza
|move|p2a: Calyrex|Astral Barrage|p1a: Rayquaza
|-damage|p1a: Rayquaza|0 fnt
|faint|p1a: Rayquaza
|-weather|none
|-ability|p2a: Calyrex|Grim Neigh|boost
|-boost|p2a: Calyrex|spa|1
|
|upkeep
|
|t:|1617999371
|switch|p1a: Ditto|Ditto|100/100
|-transform|p1a: Ditto|p2a: Calyrex|[from] ability: Imposter
|turn|5
|
|t:|1617999381
|switch|p2a: Yveltal|Yveltal|100/100
|-ability|p2a: Yveltal|Dark Aura
|move|p1a: Ditto|Draining Kiss|p2a: Yveltal
|-supereffective|p2a: Yveltal
|-damage|p2a: Yveltal|7/100
|
|upkeep
|turn|6
|
|t:|1617999391
|switch|p1a: Zacian|Zacian-Crowned|100/100
|-ability|p1a: Zacian|Intrepid Sword|boost
|-boost|p1a: Zacian|atk|1
|move|p2a: Yveltal|Sucker Punch||[still]
|-fail|p2a: Yveltal
|
|upkeep
|turn|7
|
|t:|1617999398
|switch|p2a: Ho-Oh|Ho-Oh|100/100
|move|p1a: Zacian|Behemoth Blade|p2a: Ho-Oh
|-resisted|p2a: Ho-Oh
|-damage|p2a: Ho-Oh|64/100
|
|upkeep
|turn|8
|
|t:|1617999405
|switch|p1a: Ho-Oh|Ho-Oh|66/100
|move|p2a: Ho-Oh|Sacred Fire|p1a: Ho-Oh
|-resisted|p1a: Ho-Oh
|-damage|p1a: Ho-Oh|51/100
|
|upkeep
|turn|9
|
|t:|1617999408
|move|p2a: Ho-Oh|Toxic|p1a: Ho-Oh
|-status|p1a: Ho-Oh|tox
|move|p1a: Ho-Oh|Toxic|p2a: Ho-Oh
|-status|p2a: Ho-Oh|tox
|
|-damage|p2a: Ho-Oh|58/100 tox|[from] psn
|-damage|p1a: Ho-Oh|45/100 tox|[from] psn
|upkeep
|turn|10
|
|t:|1617999411
|switch|p1a: Ditto|Ditto|100/100
|-transform|p1a: Ditto|p2a: Ho-Oh|[from] ability: Imposter
|move|p2a: Ho-Oh|Sacred Fire|p1a: Ditto
|-resisted|p1a: Ditto
|-damage|p1a: Ditto|81/100
|
|-damage|p2a: Ho-Oh|46/100 tox|[from] psn
|upkeep
|turn|11
|
|t:|1617999415
|switch|p1a: Ho-Oh|Ho-Oh|78/100 tox
|move|p2a: Ho-Oh|Toxic|p1a: Ho-Oh
|-fail|p1a: Ho-Oh|tox
|
|-damage|p2a: Ho-Oh|27/100 tox|[from] psn
|-damage|p1a: Ho-Oh|72/100 tox|[from] psn
|upkeep
|turn|12
|
|t:|1617999419
|switch|p1a: Ditto|Ditto|100/100
|-transform|p1a: Ditto|p2a: Ho-Oh|[from] ability: Imposter
|move|p2a: Ho-Oh|Sacred Fire|p1a: Ditto
|-resisted|p1a: Ditto
|-damage|p1a: Ditto|81/100
|
|-damage|p2a: Ho-Oh|3/100 tox|[from] psn
|upkeep
|turn|13
|
|t:|1617999421
|move|p1a: Ditto|Sacred Fire|p2a: Ho-Oh|[miss]
|-miss|p1a: Ditto|p2a: Ho-Oh
|move|p2a: Ho-Oh|Sacred Fire|p1a: Ditto
|-resisted|p1a: Ditto
|-damage|p1a: Ditto|62/100
|
|-damage|p2a: Ho-Oh|0 fnt|[from] psn
|faint|p2a: Ho-Oh
|upkeep
|
|t:|1617999427
|switch|p2a: Yveltal|Yveltal|7/100
|-ability|p2a: Yveltal|Dark Aura
|turn|14
|
|t:|1617999433
|move|p1a: Ditto|Sacred Fire|p2a: Yveltal
|-damage|p2a: Yveltal|0 fnt
|faint|p2a: Yveltal
|
|upkeep
|
|t:|1617999436
|switch|p2a: Zacian|Zacian-Crowned|100/100
|-ability|p2a: Zacian|Intrepid Sword|boost
|-boost|p2a: Zacian|atk|1
|turn|15
|
|t:|1617999442
|switch|p2a: Calyrex|Calyrex-Shadow|52/100
|-ability|p2a: Calyrex|As One
|-ability|p2a: Calyrex|Unnerve
|switch|p1a: Necrozma|Necrozma-Dusk-Mane|100/100
|
|upkeep
|turn|16
|
|t:|1617999446
|move|p2a: Calyrex|Astral Barrage|p1a: Necrozma
|-supereffective|p1a: Necrozma
|-damage|p1a: Necrozma|18/100
|move|p1a: Necrozma|Knock Off|p2a: Calyrex
|-supereffective|p2a: Calyrex
|-damage|p2a: Calyrex|0 fnt
|-enditem|p2a: Calyrex|Focus Sash|[from] move: Knock Off|[of] p1a: Necrozma
|faint|p2a: Calyrex
|
|upkeep
|
|t:|1617999451
|switch|p2a: Ditto|Ditto|100/100
|-transform|p2a: Ditto|p1a: Necrozma|[from] ability: Imposter
|turn|17
|
|t:|1617999458
|switch|p1a: Zacian|Zacian-Crowned|100/100
|-ability|p1a: Zacian|Intrepid Sword|boost
|-boost|p1a: Zacian|atk|1
|move|p2a: Ditto|Knock Off|p1a: Zacian
|-resisted|p1a: Zacian
|-damage|p1a: Zacian|89/100
|
|upkeep
|turn|18
|
|t:|1617999463
|switch|p2a: Zacian|Zacian-Crowned|100/100
|-ability|p2a: Zacian|Intrepid Sword|boost
|-boost|p2a: Zacian|atk|1
|move|p1a: Zacian|Close Combat|p2a: Zacian
|-damage|p2a: Zacian|25/100
|-unboost|p1a: Zacian|def|1
|-unboost|p1a: Zacian|spd|1
|
|upkeep
|turn|19
|
|t:|1617999470
|move|p2a: Zacian|Wild Charge|p1a: Zacian
|-damage|p1a: Zacian|2/100
|-damage|p2a: Zacian|3/100|[from] Recoil
|move|p1a: Zacian|Behemoth Blade|p2a: Zacian
|-damage|p2a: Zacian|0 fnt
|faint|p2a: Zacian
|
|upkeep
|
|t:|1617999474
|switch|p2a: Ditto|Ditto|100/100
|-transform|p2a: Ditto|p1a: Zacian|[from] ability: Imposter
|-ability|p2a: Ditto|Intrepid Sword|boost
|-boost|p2a: Ditto|atk|1
|turn|20
|
|t:|1617999483
|switch|p1a: Ho-Oh|Ho-Oh|100/100 tox
|move|p2a: Ditto|Behemoth Blade|p1a: Ho-Oh
|-resisted|p1a: Ho-Oh
|-damage|p1a: Ho-Oh|52/100 tox
|
|-damage|p1a: Ho-Oh|46/100 tox|[from] psn
|upkeep
|turn|21
|
|t:|1617999489
|switch|p1a: Zacian|Zacian-Crowned|2/100
|-ability|p1a: Zacian|Intrepid Sword|boost
|-boost|p1a: Zacian|atk|1
|move|p2a: Ditto|Behemoth Blade|p1a: Zacian
|-damage|p1a: Zacian|0 fnt
|faint|p1a: Zacian
|
|upkeep
|
|t:|1617999493
|switch|p1a: Ho-Oh|Ho-Oh|79/100 tox
|turn|22
|
|t:|1617999495
|move|p2a: Ditto|Behemoth Blade|p1a: Ho-Oh
|-resisted|p1a: Ho-Oh
|-damage|p1a: Ho-Oh|32/100 tox
|move|p1a: Ho-Oh|Sacred Fire|p2a: Ditto
|-supereffective|p2a: Ditto
|-damage|p2a: Ditto|0 fnt
|faint|p2a: Ditto
|
|win|Pkmn3443
|raw|Pkmn3443's rating: 1860 &rarr; <strong>1873</strong><br />(+13 for winning)
|raw|Log4j's rating: 1730 &rarr; <strong>1717</strong><br />(-13 for losing)
|l|☆Log4j
