|j|☆WillyWestfall
|j|☆VsP 2969
|t:|1658814873
|gametype|singles
|player|p1|WillyWestfall|swimmer-gen4dp|1340
|player|p2|VsP 2969|266|1502
|teamsize|p1|6
|teamsize|p2|6
|gen|8
|tier|[Gen 8] National Dex AG
|rated|
|rule|HP Percentage Mod: HP is shown in percentages
|rule|Endless Battle Clause: Forcing endless battles is banned
|clearpoke
|poke|p1|Landorus, M|
|poke|p1|Mawile, M|
|poke|p1|Slowking, M|
|poke|p1|Whimsicott, M|
|poke|p1|Weavile, F|
|poke|p1|Vikavolt, F|
|poke|p2|Deoxys-Speed|
|poke|p2|Xerneas-*|
|poke|p2|Necrozma-Dusk-Mane|
|poke|p2|Rayquaza|
|poke|p2|Arceus-*|
|poke|p2|Grimmsnarl, M|
|teampreview
|
|t:|1658814881
|start
|switch|p1a: Whimsicott|Whimsicott, M|100/100
|switch|p2a: Deoxys|Deoxys-Speed|100/100
|-ability|p2a: Deoxys|Pressure
|turn|1
|inactive|Battle timer is ON: inactive players will automatically lose when time's up. (requested by WillyWestfall)
|
|t:|1658814892
|move|p2a: Deoxys|Magic Coat|p2a: Deoxys
|-singleturn|p2a: Deoxys|move: Magic Coat
|move|p1a: Whimsicott|Stun Spore|p2a: Deoxys
|move|p2a: Deoxys|Stun Spore|p1a: Whimsicott|[from]Magic Coat
|-immune|p1a: Whimsicott
|
|upkeep
|turn|2
|
|t:|1658814904
|move|p2a: Deoxys|Magic Coat|p2a: Deoxys
|-singleturn|p2a: Deoxys|move: Magic Coat
|move|p1a: Whimsicott|Stun Spore|p2a: Deoxys
|move|p2a: Deoxys|Stun Spore|p1a: Whimsicott|[from]Magic Coat
|-immune|p1a: Whimsicott
|
|upkeep
|turn|3
|c|☆WillyWestfall|all day
|
|t:|1658814915
|move|p2a: Deoxys|Stealth Rock|p1a: Whimsicott
|-sidestart|p1: WillyWestfall|move: Stealth Rock
|move|p1a: Whimsicott|Moonblast|p2a: Deoxys
|-damage|p2a: Deoxys|60/100
|
|upkeep
|turn|4
|
|t:|1658814923
|move|p1a: Whimsicott|Defog|p2a: Deoxys
|-unboost|p2a: Deoxys|evasion|1
|-sideend|p1: WillyWestfall|Stealth Rock|[from] move: Defog|[of] p1a: Whimsicott
|move|p2a: Deoxys|Taunt|p1a: Whimsicott
|-start|p1a: Whimsicott|move: Taunt
|
|upkeep
|turn|5
|
|t:|1658814931
|move|p2a: Deoxys|Stealth Rock|p1a: Whimsicott
|-sidestart|p1: WillyWestfall|move: Stealth Rock
|move|p1a: Whimsicott|Energy Ball|p2a: Deoxys
|-damage|p2a: Deoxys|21/100
|
|upkeep
|turn|6
|
|t:|1658814938
|move|p2a: Deoxys|Knock Off|p1a: Whimsicott
|-resisted|p1a: Whimsicott
|-crit|p1a: Whimsicott
|-damage|p1a: Whimsicott|89/100
|-enditem|p1a: Whimsicott|Leftovers|[from] move: Knock Off|[of] p2a: Deoxys
|move|p1a: Whimsicott|Energy Ball|p2a: Deoxys
|-damage|p2a: Deoxys|0 fnt
|faint|p2a: Deoxys
|
|upkeep
|
|t:|1658814953
|switch|p2a: Necrozma|Necrozma-Dusk-Mane|100/100
|turn|7
|
|t:|1658814967
|switch|p1a: Slowking|Slowking, M|100/100
|-damage|p1a: Slowking|88/100|[from] Stealth Rock
|move|p2a: Necrozma|Dragon Dance|p2a: Necrozma
|-boost|p2a: Necrozma|atk|1
|-boost|p2a: Necrozma|spe|1
|
|-heal|p1a: Slowking|94/100|[from] item: Leftovers
|upkeep
|turn|8
|
|t:|1658814984
|move|p2a: Necrozma|Dragon Dance|p2a: Necrozma
|-boost|p2a: Necrozma|atk|1
|-boost|p2a: Necrozma|spe|1
|move|p1a: Slowking|Scald|p2a: Necrozma
|-damage|p2a: Necrozma|72/100
|-status|p2a: Necrozma|brn
|
|-heal|p1a: Slowking|99/100|[from] item: Leftovers
|-damage|p2a: Necrozma|66/100 brn|[from] brn
|upkeep
|turn|9
|
|t:|1658815004
|move|p2a: Necrozma|Earthquake|p1a: Slowking
|-damage|p1a: Slowking|68/100
|move|p1a: Slowking|Teleport|p1a: Slowking
|
|t:|1658815008
|switch|p1a: Landorus|Landorus, M|100/100|[from]move: Teleport
|-damage|p1a: Landorus|88/100|[from] Stealth Rock
|
|-damage|p2a: Necrozma|60/100 brn|[from] brn
|upkeep
|turn|10
|
|t:|1658815016
|move|p2a: Necrozma|Photon Geyser|p1a: Landorus
|-damage|p1a: Landorus|7/100
|move|p1a: Landorus|Earth Power|p2a: Necrozma
|-supereffective|p2a: Necrozma
|-damage|p2a: Necrozma|0 fnt
|faint|p2a: Necrozma
|
|upkeep
|inactive|VsP 2969 has 120 seconds left.
|inactive|VsP 2969 has 90 seconds left.
|
|t:|1658815071
|switch|p2a: Grimmsnarl|Grimmsnarl, M|100/100
|turn|11
|inactive|VsP 2969 has 90 seconds left.
|
|t:|1658815078
|move|p2a: Grimmsnarl|Light Screen|p2a: Grimmsnarl
|-sidestart|p2: VsP 2969|move: Light Screen
|move|p1a: Landorus|Sludge Wave|p2a: Grimmsnarl
|-supereffective|p2a: Grimmsnarl
|-damage|p2a: Grimmsnarl|43/100
|
|upkeep
|turn|12
|
|t:|1658815085
|move|p2a: Grimmsnarl|Reflect|p2a: Grimmsnarl
|-sidestart|p2: VsP 2969|Reflect
|move|p1a: Landorus|Sludge Wave|p2a: Grimmsnarl
|-supereffective|p2a: Grimmsnarl
|-damage|p2a: Grimmsnarl|0 fnt
|faint|p2a: Grimmsnarl
|
|upkeep
|
|t:|1658815095
|switch|p2a: Xerneas|Xerneas|100/100
|-ability|p2a: Xerneas|Fairy Aura
|turn|13
|inactive|VsP 2969 has 90 seconds left.
|
|t:|1658815120
|move|p1a: Landorus|Sludge Wave|p2a: Xerneas
|-supereffective|p2a: Xerneas
|-damage|p2a: Xerneas|58/100
|move|p2a: Xerneas|Geomancy||[still]
|-prepare|p2a: Xerneas|Geomancy
|-enditem|p2a: Xerneas|Power Herb
|-anim|p2a: Xerneas|Geomancy|p2a: Xerneas
|-boost|p2a: Xerneas|spa|2
|-boost|p2a: Xerneas|spd|2
|-boost|p2a: Xerneas|spe|2
|
|upkeep
|turn|14
|inactive|VsP 2969 has 90 seconds left.
|
|t:|1658815130
|move|p2a: Xerneas|Moonblast|p1a: Landorus
|-damage|p1a: Landorus|0 fnt
|faint|p1a: Landorus
|
|upkeep
|
|t:|1658815133
|switch|p1a: Whimsicott|Whimsicott, M|89/100
|-damage|p1a: Whimsicott|76/100|[from] Stealth Rock
|turn|15
|inactive|VsP 2969 has 90 seconds left.
|
|t:|1658815170
|-start|p2a: Xerneas|Dynamax|
|-heal|p2a: Xerneas|58/100|[silent]
|move|p1a: Whimsicott|Stun Spore|p2a: Xerneas
|-status|p2a: Xerneas|par
|move|p2a: Xerneas|Max Starfall|p1a: Whimsicott
|-damage|p1a: Whimsicott|0 fnt
|-fieldstart|move: Misty Terrain
|faint|p1a: Whimsicott
|
|upkeep
|
|t:|1658815185
|switch|p1a: Mawile|Mawile, M|100/100
|-damage|p1a: Mawile|95/100|[from] Stealth Rock
|-ability|p1a: Mawile|Intimidate|boost
|-unboost|p2a: Xerneas|atk|1
|turn|16
|
|t:|1658815194
|switch|p1a: Slowking|Slowking, M|100/100
|-damage|p1a: Slowking|88/100|[from] Stealth Rock
|cant|p2a: Xerneas|par
|
|-heal|p1a: Slowking|94/100|[from] item: Leftovers
|upkeep
|turn|17
|
|t:|1658815203
|cant|p2a: Xerneas|par
|move|p1a: Slowking|Future Sight|p2a: Xerneas
|-start|p1a: Slowking|move: Future Sight
|
|-heal|p1a: Slowking|99/100|[from] item: Leftovers
|upkeep
|-end|p2a: Xerneas|Dynamax
|-heal|p2a: Xerneas|58/100 par|[silent]
|turn|18
|inactive|VsP 2969 has 90 seconds left.
|
|t:|1658815213
|move|p2a: Xerneas|Moonblast|p1a: Slowking
|-damage|p1a: Slowking|0 fnt
|faint|p1a: Slowking
|
|-sideend|p2: VsP 2969|move: Light Screen
|upkeep
|
|t:|1658815218
|switch|p1a: Mawile|Mawile, M|95/100
|-damage|p1a: Mawile|89/100|[from] Stealth Rock
|-ability|p1a: Mawile|Intimidate|boost
|-unboost|p2a: Xerneas|atk|1
|turn|19
|
|t:|1658815226
|detailschange|p1a: Mawile|Mawile-Mega, M
|-mega|p1a: Mawile|Mawile|Mawilite
|move|p2a: Xerneas|Moonblast|p1a: Mawile
|-resisted|p1a: Mawile
|-damage|p1a: Mawile|6/100
|move|p1a: Mawile|Iron Head|p2a: Xerneas
|-supereffective|p2a: Xerneas
|-damage|p2a: Xerneas|0 fnt
|faint|p2a: Xerneas
|
|-hint|Future Sight did not hit because the target is fainted.
|-sideend|p2: VsP 2969|Reflect
|-fieldend|Misty Terrain
|upkeep
|inactive|VsP 2969 has 90 seconds left.
|
|t:|1658815249
|switch|p2a: Arceus|Arceus-Ghost|100/100
|turn|20
|
|t:|1658815255
|move|p2a: Arceus|Extreme Speed|p1a: Mawile
|-resisted|p1a: Mawile
|-damage|p1a: Mawile|0 fnt
|faint|p1a: Mawile
|
|upkeep
|
|t:|1658815262
|switch|p1a: Vikavolt|Vikavolt, F|100/100
|turn|21
|
|t:|1658815271
|move|p2a: Arceus|Shadow Force||[still]
|-prepare|p2a: Arceus|Shadow Force
|move|p1a: Vikavolt|Thunderbolt|p2a: Arceus|[miss]
|-miss|p1a: Vikavolt|p2a: Arceus
|
|upkeep
|turn|22
|
|t:|1658815281
|move|p2a: Arceus|Shadow Force|p1a: Vikavolt|[from]lockedmove
|-damage|p1a: Vikavolt|3/100
|move|p1a: Vikavolt|Thunderbolt|p2a: Arceus
|-damage|p2a: Arceus|60/100
|
|upkeep
|turn|23
|
|t:|1658815289
|move|p2a: Arceus|Extreme Speed|p1a: Vikavolt
|-damage|p1a: Vikavolt|0 fnt
|faint|p1a: Vikavolt
|
|upkeep
|
|t:|1658815292
|switch|p1a: Weavile|Weavile, F|100/100
|-damage|p1a: Weavile|76/100|[from] Stealth Rock
|turn|24
|inactive|VsP 2969 has 120 seconds left.
|
|t:|1658815299
|-start|p1a: Weavile|Dynamax|
|-heal|p1a: Weavile|76/100|[silent]
|move|p2a: Arceus|Extreme Speed|p1a: Weavile
|-damage|p1a: Weavile|50/100
|move|p1a: Weavile|Max Darkness|p2a: Arceus
|-supereffective|p2a: Arceus
|-damage|p2a: Arceus|0 fnt
|faint|p2a: Arceus
|-damage|p1a: Weavile|45/100|[from] item: Life Orb
|
|upkeep
|inactive|VsP 2969 has 120 seconds left.
|
|t:|1658815314
|switch|p2a: Rayquaza|Rayquaza|100/100
|-ability|p2a: Rayquaza|Air Lock
|turn|25
|inactive|VsP 2969 has 120 seconds left.
|
|t:|1658815321
|detailschange|p2a: Rayquaza|Rayquaza-Mega
|-mega|p2a: Rayquaza|Rayquaza|
|-weather|DeltaStream|[from] ability: Delta Stream|[of] p2a: Rayquaza
|move|p1a: Weavile|Max Hailstorm|p2a: Rayquaza
|-activate||deltastream
|-supereffective|p2a: Rayquaza
|-damage|p2a: Rayquaza|0 fnt
|-weather|Hail
|faint|p2a: Rayquaza
|-damage|p1a: Weavile|40/100|[from] item: Life Orb
|
|win|WillyWestfall
|raw|WillyWestfall's rating: 1340 &rarr; <strong>1369</strong><br />(+29 for winning)
|raw|VsP 2969's rating: 1502 &rarr; <strong>1473</strong><br />(-29 for losing)
|c|☆WillyWestfall|gg
|l|☆VsP 2969
