|j|☆kasak
|j|☆fhhgjh
|t:|1609598063
|player|p1|kasak|youngster-gen4|1229
|player|p2|fhhgjh|idol|1138
|teamsize|p1|6
|teamsize|p2|6
|gametype|singles
|gen|8
|tier|[Gen 8] National Dex AG
|rated|
|clearpoke
|poke|p1|Celesteela|
|poke|p1|Lanturn, F|
|poke|p1|Arceus-*|
|poke|p1|Corsola-Galar, M|
|poke|p1|Cresselia, F|
|poke|p1|Blissey, F|
|poke|p2|Slurpuff, M|
|poke|p2|Deoxys-Attack|
|poke|p2|Xerneas|
|poke|p2|Volbeat, M|
|poke|p2|Mewtwo|
|poke|p2|Arceus-*|
|rule|HP Percentage Mod: HP is shown in percentages
|rule|Endless Battle Clause: Forcing endless battles is banned
|teampreview
|
|t:|1609598075
|start
|switch|p1a: 코산호|Corsola-Galar, M|100/100
|switch|p2a: Slurpuff|Slurpuff, M|100/100
|turn|1
|
|t:|1609598081
|move|p2a: Slurpuff|Sticky Web|p1a: 코산호
|-sidestart|p1: kasak|move: Sticky Web
|move|p1a: 코산호|Will-O-Wisp|p2a: Slurpuff
|-status|p2a: Slurpuff|brn
|
|-damage|p2a: Slurpuff|94/100 brn|[from] brn
|upkeep
|turn|2
|
|t:|1609598085
|move|p2a: Slurpuff|Yawn|p1a: 코산호
|-start|p1a: 코산호|move: Yawn|[of] p2a: Slurpuff
|move|p1a: 코산호|Stealth Rock|p2a: Slurpuff
|-sidestart|p2: fhhgjh|move: Stealth Rock
|
|-damage|p2a: Slurpuff|88/100 brn|[from] brn
|upkeep
|turn|3
|
|t:|1609598093
|switch|p1a: 크레세리아|Cresselia, F|100/100
|move|p2a: Slurpuff|Yawn|p1a: 크레세리아
|-start|p1a: 크레세리아|move: Yawn|[of] p2a: Slurpuff
|
|-damage|p2a: Slurpuff|82/100 brn|[from] brn
|upkeep
|turn|4
|
|t:|1609598103
|switch|p1a: 철화구야|Celesteela|100/100
|move|p2a: Slurpuff|Yawn|p1a: 철화구야
|-start|p1a: 철화구야|move: Yawn|[of] p2a: Slurpuff
|
|-damage|p2a: Slurpuff|76/100 brn|[from] brn
|upkeep
|turn|5
|
|t:|1609598144
|switch|p1a: 크레세리아|Cresselia, F|100/100
|move|p2a: Slurpuff|Yawn|p1a: 크레세리아
|-start|p1a: 크레세리아|move: Yawn|[of] p2a: Slurpuff
|
|-damage|p2a: Slurpuff|69/100 brn|[from] brn
|upkeep
|turn|6
|
|t:|1609598149
|switch|p1a: 코산호|Corsola-Galar, M|100/100
|-activate|p1a: 코산호|move: Sticky Web
|-unboost|p1a: 코산호|spe|1
|move|p2a: Slurpuff|Yawn|p1a: 코산호
|-start|p1a: 코산호|move: Yawn|[of] p2a: Slurpuff
|
|-damage|p2a: Slurpuff|63/100 brn|[from] brn
|upkeep
|turn|7
|
|t:|1609598156
|switch|p1a: 철화구야|Celesteela|100/100
|move|p2a: Slurpuff|Yawn|p1a: 철화구야
|-start|p1a: 철화구야|move: Yawn|[of] p2a: Slurpuff
|
|-damage|p2a: Slurpuff|57/100 brn|[from] brn
|upkeep
|turn|8
|
|t:|1609598160
|switch|p1a: 코산호|Corsola-Galar, M|100/100
|-activate|p1a: 코산호|move: Sticky Web
|-unboost|p1a: 코산호|spe|1
|move|p2a: Slurpuff|Yawn|p1a: 코산호
|-start|p1a: 코산호|move: Yawn|[of] p2a: Slurpuff
|
|-damage|p2a: Slurpuff|51/100 brn|[from] brn
|upkeep
|turn|9
|
|t:|1609598168
|switch|p1a: 크레세리아|Cresselia, F|100/100
|move|p2a: Slurpuff|Endeavor|p1a: 크레세리아
|-damage|p1a: 크레세리아|35/100
|-damage|p2a: Slurpuff|34/100 brn|[from] item: Rocky Helmet|[of] p1a: 크레세리아
|
|-damage|p2a: Slurpuff|28/100 brn|[from] brn
|upkeep
|turn|10
|
|t:|1609598173
|switch|p1a: 코산호|Corsola-Galar, M|100/100
|-activate|p1a: 코산호|move: Sticky Web
|-unboost|p1a: 코산호|spe|1
|move|p2a: Slurpuff|Yawn|p1a: 코산호
|-start|p1a: 코산호|move: Yawn|[of] p2a: Slurpuff
|
|-damage|p2a: Slurpuff|22/100 brn|[from] brn
|upkeep
|turn|11
|
|t:|1609598181
|switch|p1a: 크레세리아|Cresselia, F|35/100
|move|p2a: Slurpuff|Yawn|p1a: 크레세리아
|-start|p1a: 크레세리아|move: Yawn|[of] p2a: Slurpuff
|
|-damage|p2a: Slurpuff|16/100 brn|[from] brn
|upkeep
|turn|12
|
|t:|1609598186
|switch|p1a: 코산호|Corsola-Galar, M|100/100
|-activate|p1a: 코산호|move: Sticky Web
|-unboost|p1a: 코산호|spe|1
|move|p2a: Slurpuff|Yawn|p1a: 코산호
|-start|p1a: 코산호|move: Yawn|[of] p2a: Slurpuff
|
|-damage|p2a: Slurpuff|9/100 brn|[from] brn
|upkeep
|turn|13
|
|t:|1609598196
|switch|p1a: 크레세리아|Cresselia, F|35/100
|move|p2a: Slurpuff|Endeavor|p1a: 크레세리아
|-damage|p1a: 크레세리아|7/100
|-damage|p2a: Slurpuff|0 fnt|[from] item: Rocky Helmet|[of] p1a: 크레세리아
|faint|p2a: Slurpuff
|
|upkeep
|
|t:|1609598206
|switch|p2a: Mewtwo|Mewtwo|100/100
|-damage|p2a: Mewtwo|88/100|[from] Stealth Rock
|-ability|p2a: Mewtwo|Pressure
|turn|14
|
|t:|1609598210
|detailschange|p2a: Mewtwo|Mewtwo-Mega-Y
|-mega|p2a: Mewtwo|Mewtwo|Mewtwonite Y
|move|p2a: Mewtwo|Nasty Plot|p2a: Mewtwo
|-boost|p2a: Mewtwo|spa|2
|move|p1a: 크레세리아|Toxic|p2a: Mewtwo
|-status|p2a: Mewtwo|tox
|
|-damage|p2a: Mewtwo|82/100 tox|[from] psn
|upkeep
|turn|15
|
|t:|1609598219
|move|p2a: Mewtwo|Ice Beam|p1a: 크레세리아
|-damage|p1a: 크레세리아|0 fnt
|faint|p1a: 크레세리아
|
|-damage|p2a: Mewtwo|69/100 tox|[from] psn
|upkeep
|
|t:|1609598231
|switch|p1a: 코산호|Corsola-Galar, M|100/100
|-activate|p1a: 코산호|move: Sticky Web
|-unboost|p1a: 코산호|spe|1
|turn|16
|c|☆fhhgjh|!dt corsola
|raw|<div class="message"><ul class="utilichart"><li class="result"><span class="col numcol">222</span> <span class="col iconcol"><psicon pokemon="corsola"/></span> <span class="col pokemonnamecol" style="white-space:nowrap"><a href="https://dex.pokemonshowdown.com/pokemon/corsola" target="_blank">Corsola</a></span> <span class="col typecol"><img src="https://play.pokemonshowdown.com/sprites/types/Water.png" alt="Water" height="14" width="32"><img src="https://play.pokemonshowdown.com/sprites/types/Rock.png" alt="Rock" height="14" width="32"></span> <span style="float:left;min-height:26px"><span class="col twoabilitycol">Hustle<br />Natural Cure</span><span class="col abilitycol"><em>Regenerator</em></span></span><span style="float:left;min-height:26px"><span class="col statcol"><em>HP</em><br />65</span> <span class="col statcol"><em>Atk</em><br />55</span> <span class="col statcol"><em>Def</em><br />95</span> <span class="col statcol"><em>SpA</em><br />65</span> <span class="col statcol"><em>SpD</em><br />95</span> <span class="col statcol"><em>Spe</em><br />35</span> <span class="col bstcol"><em>BST<br />410</em></span> </span></li><li style="clear:both"></li></ul></div>
|raw|<font size="1"><font color="#686868">Dex#:</font> 222&nbsp;|&ThickSpace;<font color="#686868">Gen:</font> 2&nbsp;|&ThickSpace;<font color="#686868">Height:</font> 0.6 m&nbsp;|&ThickSpace;<font color="#686868">Weight:</font> 5 kg <em>(20 BP)</em>&nbsp;|&ThickSpace;<font color="#686868">Dex Colour:</font> Pink&nbsp;|&ThickSpace;<font color="#686868">Egg Group(s):</font> Water 1, Water 3&nbsp;|&ThickSpace;<font color="#686868">Does Not Evolve</font></font>

|c|☆fhhgjh|!dt corsola-galar
|raw|<div class="message"><ul class="utilichart"><li class="result"><span class="col numcol">222</span> <span class="col iconcol"><psicon pokemon="corsolagalar"/></span> <span class="col pokemonnamecol" style="white-space:nowrap"><a href="https://dex.pokemonshowdown.com/pokemon/corsolagalar" target="_blank">Corsola-Galar</a></span> <span class="col typecol"><img src="https://play.pokemonshowdown.com/sprites/types/Ghost.png" alt="Ghost" height="14" width="32"></span> <span style="float:left;min-height:26px"><span class="col abilitycol">Weak Armor</span><span class="col abilitycol"><em>Cursed Body</em></span></span><span style="float:left;min-height:26px"><span class="col statcol"><em>HP</em><br />60</span> <span class="col statcol"><em>Atk</em><br />55</span> <span class="col statcol"><em>Def</em><br />100</span> <span class="col statcol"><em>SpA</em><br />65</span> <span class="col statcol"><em>SpD</em><br />100</span> <span class="col statcol"><em>Spe</em><br />30</span> <span class="col bstcol"><em>BST<br />410</em></span> </span></li><li style="clear:both"></li></ul></div>
|raw|<font size="1"><font color="#686868">Dex#:</font> 222&nbsp;|&ThickSpace;<font color="#686868">Gen:</font> 8&nbsp;|&ThickSpace;<font color="#686868">Height:</font> 0.6 m&nbsp;|&ThickSpace;<font color="#686868">Weight:</font> 0.5 kg <em>(20 BP)</em>&nbsp;|&ThickSpace;<font color="#686868">Dex Colour:</font> White&nbsp;|&ThickSpace;<font color="#686868">Egg Group(s):</font> Water 1, Water 3&nbsp;|&ThickSpace;<font color="#686868">Evolution:</font> Cursola (38)</font>

|
|t:|1609598258
|move|p2a: Mewtwo|Ice Beam|p1a: 코산호
|-damage|p1a: 코산호|59/100
|move|p1a: 코산호|Strength Sap|p2a: Mewtwo
|-unboost|p2a: Mewtwo|atk|1
|-heal|p1a: 코산호|100/100
|
|-damage|p2a: Mewtwo|51/100 tox|[from] psn
|upkeep
|turn|17
|
|t:|1609598263
|move|p2a: Mewtwo|Psystrike|p1a: 코산호
|-damage|p1a: 코산호|3/100
|move|p1a: 코산호|Night Shade|p2a: Mewtwo
|-damage|p2a: Mewtwo|22/100 tox
|
|-damage|p2a: Mewtwo|0 fnt|[from] psn
|faint|p2a: Mewtwo
|upkeep
|
|t:|1609598270
|switch|p2a: Deoxys|Deoxys-Attack|100/100
|-damage|p2a: Deoxys|88/100|[from] Stealth Rock
|-ability|p2a: Deoxys|Pressure
|turn|18
|
|t:|1609598275
|move|p2a: Deoxys|Psycho Boost|p1a: 코산호
|-crit|p1a: 코산호
|-damage|p1a: 코산호|0 fnt
|-unboost|p2a: Deoxys|spa|2
|faint|p1a: 코산호
|
|upkeep
|
|t:|1609598281
|switch|p1a: 철화구야|Celesteela|100/100
|turn|19
|
|t:|1609598286
|move|p2a: Deoxys|Taunt|p1a: 철화구야
|-start|p1a: 철화구야|move: Taunt
|cant|p1a: 철화구야|move: Taunt|Leech Seed
|
|upkeep
|turn|20
|
|t:|1609598289
|move|p2a: Deoxys|Stealth Rock|p1a: 철화구야
|-sidestart|p1: kasak|move: Stealth Rock
|move|p1a: 철화구야|Flash Cannon|p2a: Deoxys
|-damage|p2a: Deoxys|0 fnt
|faint|p2a: Deoxys
|-ability|p1a: 철화구야|Beast Boost|boost
|-boost|p1a: 철화구야|def|1
|
|upkeep
|
|t:|1609598292
|switch|p2a: Xerneas|Xerneas|100/100
|-damage|p2a: Xerneas|88/100|[from] Stealth Rock
|-ability|p2a: Xerneas|Fairy Aura
|turn|21
|
|t:|1609598300
|move|p2a: Xerneas|Geomancy||[still]
|-prepare|p2a: Xerneas|Geomancy
|-enditem|p2a: Xerneas|Power Herb
|-anim|p2a: Xerneas|Geomancy|p2a: Xerneas
|-boost|p2a: Xerneas|spa|2
|-boost|p2a: Xerneas|spd|2
|-boost|p2a: Xerneas|spe|2
|move|p1a: 철화구야|Flash Cannon|p2a: Xerneas
|-supereffective|p2a: Xerneas
|-crit|p2a: Xerneas
|-damage|p2a: Xerneas|19/100
|
|-end|p1a: 철화구야|move: Taunt
|upkeep
|turn|22
|
|t:|1609598307
|-start|p2a: Xerneas|Dynamax
|-heal|p2a: Xerneas|19/100|[silent]
|move|p2a: Xerneas|Max Lightning|p1a: 철화구야
|-supereffective|p1a: 철화구야
|-damage|p1a: 철화구야|0 fnt
|-fieldstart|move: Electric Terrain
|faint|p1a: 철화구야
|
|upkeep
|
|t:|1609598313
|switch|p1a: 해피너스|Blissey, F|100/100
|-activate|p1a: 해피너스|move: Sticky Web
|-unboost|p1a: 해피너스|spe|1
|-damage|p1a: 해피너스|88/100|[from] Stealth Rock
|turn|23
|
|t:|1609598315
|move|p2a: Xerneas|Max Starfall|p1a: 해피너스
|-damage|p1a: 해피너스|11/100
|-fieldstart|move: Misty Terrain
|move|p1a: 해피너스|Soft-Boiled|p1a: 해피너스
|-heal|p1a: 해피너스|61/100
|
|-heal|p1a: 해피너스|67/100|[from] item: Leftovers
|upkeep
|turn|24
|
|t:|1609598324
|-start|p1a: 해피너스|Dynamax
|-heal|p1a: 해피너스|67/100|[silent]
|move|p1a: 해피너스|Max Guard|p1a: 해피너스
|-singleturn|p1a: 해피너스|Max Guard
|move|p2a: Xerneas|Max Starfall|p1a: 해피너스
|-activate|p1a: 해피너스|move: Max Guard
|
|-heal|p1a: 해피너스|70/100|[from] item: Leftovers
|-end|p2a: Xerneas|Dynamax
|-heal|p2a: Xerneas|19/100|[silent]
|upkeep
|turn|25
|
|t:|1609598329
|move|p2a: Xerneas|Moonblast|p1a: 해피너스
|-damage|p1a: 해피너스|44/100
|-unboost|p1a: 해피너스|spa|1
|move|p1a: 해피너스|Max Strike|p2a: Xerneas
|-damage|p2a: Xerneas|6/100
|-unboost|p2a: Xerneas|spe|1
|
|-heal|p1a: 해피너스|47/100|[from] item: Leftovers
|upkeep
|turn|26
|
|t:|1609598332
|move|p2a: Xerneas|Moonblast|p1a: 해피너스
|-damage|p1a: 해피너스|19/100
|move|p1a: 해피너스|Max Strike|p2a: Xerneas
|-damage|p2a: Xerneas|0 fnt
|faint|p2a: Xerneas
|
|-heal|p1a: 해피너스|22/100|[from] item: Leftovers
|-end|p1a: 해피너스|Dynamax
|-heal|p1a: 해피너스|22/100|[silent]
|upkeep
|
|t:|1609598339
|switch|p2a: Arceus|Arceus|100/100
|-damage|p2a: Arceus|88/100|[from] Stealth Rock
|turn|27
|
|t:|1609598346
|move|p2a: Arceus|Calm Mind|p2a: Arceus
|-boost|p2a: Arceus|spa|1
|-boost|p2a: Arceus|spd|1
|move|p1a: 해피너스|Tri Attack|p2a: Arceus
|-damage|p2a: Arceus|79/100
|
|-heal|p2a: Arceus|85/100|[from] item: Leftovers
|-heal|p1a: 해피너스|28/100|[from] item: Leftovers
|-fieldend|Misty Terrain
|upkeep
|turn|28
|
|t:|1609598351
|move|p2a: Arceus|Judgment|p1a: 해피너스
|-damage|p1a: 해피너스|3/100
|move|p1a: 해피너스|Soft-Boiled|p1a: 해피너스
|-heal|p1a: 해피너스|53/100
|
|-heal|p2a: Arceus|91/100|[from] item: Leftovers
|-heal|p1a: 해피너스|59/100|[from] item: Leftovers
|upkeep
|turn|29
|
|t:|1609598354
|move|p2a: Arceus|Calm Mind|p2a: Arceus
|-boost|p2a: Arceus|spa|1
|-boost|p2a: Arceus|spd|1
|move|p1a: 해피너스|Calm Mind|p1a: 해피너스
|-boost|p1a: 해피너스|spa|1
|-boost|p1a: 해피너스|spd|1
|
|-heal|p2a: Arceus|98/100|[from] item: Leftovers
|-heal|p1a: 해피너스|65/100|[from] item: Leftovers
|upkeep
|turn|30
|
|t:|1609598356
|move|p2a: Arceus|Calm Mind|p2a: Arceus
|-boost|p2a: Arceus|spa|1
|-boost|p2a: Arceus|spd|1
|move|p1a: 해피너스|Soft-Boiled|p1a: 해피너스
|-heal|p1a: 해피너스|100/100
|
|-heal|p2a: Arceus|100/100|[from] item: Leftovers
|upkeep
|turn|31
|
|t:|1609598358
|move|p2a: Arceus|Calm Mind|p2a: Arceus
|-boost|p2a: Arceus|spa|1
|-boost|p2a: Arceus|spd|1
|move|p1a: 해피너스|Calm Mind|p1a: 해피너스
|-boost|p1a: 해피너스|spa|1
|-boost|p1a: 해피너스|spd|1
|
|upkeep
|turn|32
|
|t:|1609598361
|move|p2a: Arceus|Calm Mind|p2a: Arceus
|-boost|p2a: Arceus|spa|1
|-boost|p2a: Arceus|spd|1
|move|p1a: 해피너스|Calm Mind|p1a: 해피너스
|-boost|p1a: 해피너스|spa|1
|-boost|p1a: 해피너스|spd|1
|
|upkeep
|turn|33
|
|t:|1609598363
|move|p2a: Arceus|Calm Mind|p2a: Arceus
|-boost|p2a: Arceus|spa|1
|-boost|p2a: Arceus|spd|1
|move|p1a: 해피너스|Calm Mind|p1a: 해피너스
|-boost|p1a: 해피너스|spa|1
|-boost|p1a: 해피너스|spd|1
|
|upkeep
|turn|34
|
|t:|1609598366
|move|p2a: Arceus|Calm Mind|p2a: Arceus
|-boost|p2a: Arceus|spa|0
|-boost|p2a: Arceus|spd|0
|move|p1a: 해피너스|Calm Mind|p1a: 해피너스
|-boost|p1a: 해피너스|spa|1
|-boost|p1a: 해피너스|spd|1
|
|upkeep
|turn|35
|
|t:|1609598371
|move|p2a: Arceus|Judgment|p1a: 해피너스
|-damage|p1a: 해피너스|82/100
|move|p1a: 해피너스|Tri Attack|p2a: Arceus
|-damage|p2a: Arceus|86/100
|
|-heal|p2a: Arceus|92/100|[from] item: Leftovers
|-heal|p1a: 해피너스|88/100|[from] item: Leftovers
|upkeep
|turn|36
|
|t:|1609598378
|move|p2a: Arceus|Iron Defense|p2a: Arceus
|-boost|p2a: Arceus|def|2
|move|p1a: 해피너스|Tri Attack|p2a: Arceus
|-damage|p2a: Arceus|78/100
|-status|p2a: Arceus|par
|
|-heal|p2a: Arceus|84/100 par|[from] item: Leftovers
|-heal|p1a: 해피너스|94/100|[from] item: Leftovers
|upkeep
|turn|37
|
|t:|1609598385
|move|p2a: Arceus|Iron Defense|p2a: Arceus
|-boost|p2a: Arceus|def|2
|move|p1a: 해피너스|Calm Mind|p1a: 해피너스
|-boost|p1a: 해피너스|spa|1
|-boost|p1a: 해피너스|spd|1
|
|-heal|p2a: Arceus|90/100 par|[from] item: Leftovers
|-heal|p1a: 해피너스|100/100|[from] item: Leftovers
|upkeep
|turn|38
|
|t:|1609598395
|move|p2a: Arceus|Iron Defense|p2a: Arceus
|-boost|p2a: Arceus|def|2
|move|p1a: 해피너스|Calm Mind|p1a: 해피너스
|-boost|p1a: 해피너스|spa|1
|-boost|p1a: 해피너스|spd|0
|
|-heal|p2a: Arceus|96/100 par|[from] item: Leftovers
|upkeep
|turn|39
|
|t:|1609598400
|move|p2a: Arceus|Iron Defense|p2a: Arceus
|-boost|p2a: Arceus|def|0
|move|p1a: 해피너스|Tri Attack|p2a: Arceus
|-damage|p2a: Arceus|77/100 par
|
|-heal|p2a: Arceus|83/100 par|[from] item: Leftovers
|upkeep
|turn|40
|
|t:|1609598406
|move|p2a: Arceus|Calm Mind|p2a: Arceus
|-boost|p2a: Arceus|spa|0
|-boost|p2a: Arceus|spd|0
|move|p1a: 해피너스|Tri Attack|p2a: Arceus
|-damage|p2a: Arceus|62/100 par
|
|-heal|p2a: Arceus|68/100 par|[from] item: Leftovers
|upkeep
|turn|41
|
|t:|1609598412
|move|p2a: Arceus|Recover|p2a: Arceus
|-heal|p2a: Arceus|100/100 par
|move|p1a: 해피너스|Ice Beam|p2a: Arceus
|-damage|p2a: Arceus|86/100 par
|
|-heal|p2a: Arceus|92/100 par|[from] item: Leftovers
|upkeep
|turn|42
|
|t:|1609598417
|move|p2a: Arceus|Calm Mind|p2a: Arceus
|-boost|p2a: Arceus|spa|0
|-boost|p2a: Arceus|spd|0
|move|p1a: 해피너스|Ice Beam|p2a: Arceus
|-damage|p2a: Arceus|78/100 par
|
|-heal|p2a: Arceus|84/100 par|[from] item: Leftovers
|upkeep
|turn|43
|
|t:|1609598423
|cant|p2a: Arceus|par
|move|p1a: 해피너스|Tri Attack|p2a: Arceus
|-damage|p2a: Arceus|66/100 par
|
|-heal|p2a: Arceus|72/100 par|[from] item: Leftovers
|upkeep
|turn|44
|
|t:|1609598428
|cant|p2a: Arceus|par
|move|p1a: 해피너스|Tri Attack|p2a: Arceus
|-damage|p2a: Arceus|52/100 par
|
|-heal|p2a: Arceus|58/100 par|[from] item: Leftovers
|upkeep
|turn|45
|
|t:|1609598433
|move|p2a: Arceus|Calm Mind|p2a: Arceus
|-boost|p2a: Arceus|spa|0
|-boost|p2a: Arceus|spd|0
|move|p1a: 해피너스|Tri Attack|p2a: Arceus
|-damage|p2a: Arceus|40/100 par
|
|-heal|p2a: Arceus|46/100 par|[from] item: Leftovers
|upkeep
|turn|46
|
|t:|1609598439
|cant|p2a: Arceus|par
|move|p1a: 해피너스|Tri Attack|p2a: Arceus
|-damage|p2a: Arceus|25/100 par
|
|-heal|p2a: Arceus|32/100 par|[from] item: Leftovers
|upkeep
|turn|47
|
|t:|1609598441
|move|p2a: Arceus|Recover|p2a: Arceus
|-heal|p2a: Arceus|82/100 par
|move|p1a: 해피너스|Tri Attack|p2a: Arceus
|-damage|p2a: Arceus|61/100 par
|
|-heal|p2a: Arceus|67/100 par|[from] item: Leftovers
|upkeep
|turn|48
|
|t:|1609598449
|move|p2a: Arceus|Calm Mind|p2a: Arceus
|-boost|p2a: Arceus|spa|0
|-boost|p2a: Arceus|spd|0
|move|p1a: 해피너스|Ice Beam|p2a: Arceus
|-damage|p2a: Arceus|54/100 par
|
|-heal|p2a: Arceus|60/100 par|[from] item: Leftovers
|upkeep
|turn|49
|
|t:|1609598454
|move|p2a: Arceus|Recover|p2a: Arceus
|-heal|p2a: Arceus|100/100 par
|move|p1a: 해피너스|Ice Beam|p2a: Arceus
|-damage|p2a: Arceus|87/100 par
|
|-heal|p2a: Arceus|93/100 par|[from] item: Leftovers
|upkeep
|turn|50
|
|t:|1609598457
|cant|p2a: Arceus|par
|move|p1a: 해피너스|Ice Beam|p2a: Arceus
|-damage|p2a: Arceus|78/100 par
|
|-heal|p2a: Arceus|84/100 par|[from] item: Leftovers
|upkeep
|turn|51
|
|t:|1609598461
|cant|p2a: Arceus|par
|move|p1a: 해피너스|Ice Beam|p2a: Arceus
|-damage|p2a: Arceus|70/100 par
|
|-heal|p2a: Arceus|76/100 par|[from] item: Leftovers
|upkeep
|turn|52
|
|t:|1609598465
|move|p2a: Arceus|Calm Mind|p2a: Arceus
|-boost|p2a: Arceus|spa|0
|-boost|p2a: Arceus|spd|0
|move|p1a: 해피너스|Ice Beam|p2a: Arceus
|-damage|p2a: Arceus|60/100 par
|
|-heal|p2a: Arceus|66/100 par|[from] item: Leftovers
|upkeep
|turn|53
|
|t:|1609598469
|move|p2a: Arceus|Calm Mind|p2a: Arceus
|-boost|p2a: Arceus|spa|0
|-boost|p2a: Arceus|spd|0
|move|p1a: 해피너스|Calm Mind|p1a: 해피너스
|-boost|p1a: 해피너스|spa|0
|-boost|p1a: 해피너스|spd|0
|
|-heal|p2a: Arceus|72/100 par|[from] item: Leftovers
|upkeep
|turn|54
|
|t:|1609598472
|cant|p2a: Arceus|par
|move|p1a: 해피너스|Calm Mind|p1a: 해피너스
|-boost|p1a: 해피너스|spa|0
|-boost|p1a: 해피너스|spd|0
|
|-heal|p2a: Arceus|78/100 par|[from] item: Leftovers
|upkeep
|turn|55
|
|t:|1609598476
|move|p2a: Arceus|Iron Defense|p2a: Arceus
|-boost|p2a: Arceus|def|0
|move|p1a: 해피너스|Calm Mind|p1a: 해피너스
|-boost|p1a: 해피너스|spa|0
|-boost|p1a: 해피너스|spd|0
|
|-heal|p2a: Arceus|85/100 par|[from] item: Leftovers
|upkeep
|turn|56
|
|t:|1609598481
|move|p2a: Arceus|Iron Defense|p2a: Arceus
|-boost|p2a: Arceus|def|0
|move|p1a: 해피너스|Calm Mind|p1a: 해피너스
|-boost|p1a: 해피너스|spa|0
|-boost|p1a: 해피너스|spd|0
|
|-heal|p2a: Arceus|91/100 par|[from] item: Leftovers
|upkeep
|turn|57
|
|t:|1609598488
|cant|p2a: Arceus|par
|move|p1a: 해피너스|Calm Mind|p1a: 해피너스
|-boost|p1a: 해피너스|spa|0
|-boost|p1a: 해피너스|spd|0
|
|-heal|p2a: Arceus|97/100 par|[from] item: Leftovers
|upkeep
|turn|58
|
|t:|1609598490
|cant|p2a: Arceus|par
|move|p1a: 해피너스|Calm Mind|p1a: 해피너스
|-boost|p1a: 해피너스|spa|0
|-boost|p1a: 해피너스|spd|0
|
|-heal|p2a: Arceus|100/100 par|[from] item: Leftovers
|upkeep
|turn|59
|
|t:|1609598493
|move|p2a: Arceus|Iron Defense|p2a: Arceus
|-boost|p2a: Arceus|def|0
|move|p1a: 해피너스|Calm Mind|p1a: 해피너스
|-boost|p1a: 해피너스|spa|0
|-boost|p1a: 해피너스|spd|0
|
|upkeep
|turn|60
|
|t:|1609598513
|move|p2a: Arceus|Iron Defense|p2a: Arceus
|-boost|p2a: Arceus|def|0
|move|p1a: 해피너스|Calm Mind|p1a: 해피너스
|-boost|p1a: 해피너스|spa|0
|-boost|p1a: 해피너스|spd|0
|
|upkeep
|turn|61
|
|t:|1609598520
|move|p2a: Arceus|Calm Mind|p2a: Arceus
|-boost|p2a: Arceus|spa|0
|-boost|p2a: Arceus|spd|0
|move|p1a: 해피너스|Calm Mind|p1a: 해피너스
|-boost|p1a: 해피너스|spa|0
|-boost|p1a: 해피너스|spd|0
|
|upkeep
|turn|62
|
|t:|1609598526
|move|p2a: Arceus|Calm Mind|p2a: Arceus
|-boost|p2a: Arceus|spa|0
|-boost|p2a: Arceus|spd|0
|move|p1a: 해피너스|Ice Beam|p2a: Arceus
|-damage|p2a: Arceus|86/100 par
|
|-heal|p2a: Arceus|92/100 par|[from] item: Leftovers
|upkeep
|turn|63
|
|t:|1609598544
|move|p2a: Arceus|Calm Mind|p2a: Arceus
|-boost|p2a: Arceus|spa|0
|-boost|p2a: Arceus|spd|0
|move|p1a: 해피너스|Calm Mind|p1a: 해피너스
|-boost|p1a: 해피너스|spa|0
|-boost|p1a: 해피너스|spd|0
|
|-heal|p2a: Arceus|98/100 par|[from] item: Leftovers
|upkeep
|turn|64
|
|t:|1609598547
|move|p2a: Arceus|Calm Mind|p2a: Arceus
|-boost|p2a: Arceus|spa|0
|-boost|p2a: Arceus|spd|0
|move|p1a: 해피너스|Calm Mind|p1a: 해피너스
|-boost|p1a: 해피너스|spa|0
|-boost|p1a: 해피너스|spd|0
|
|-heal|p2a: Arceus|100/100 par|[from] item: Leftovers
|upkeep
|turn|65
|
|t:|1609598552
|cant|p2a: Arceus|par
|move|p1a: 해피너스|Calm Mind|p1a: 해피너스
|-boost|p1a: 해피너스|spa|0
|-boost|p1a: 해피너스|spd|0
|
|upkeep
|turn|66
|
|t:|1609598578
|cant|p2a: Arceus|par
|move|p1a: 해피너스|Calm Mind|p1a: 해피너스
|-boost|p1a: 해피너스|spa|0
|-boost|p1a: 해피너스|spd|0
|
|upkeep
|turn|67
|
|t:|1609598585
|move|p2a: Arceus|Calm Mind|p2a: Arceus
|-boost|p2a: Arceus|spa|0
|-boost|p2a: Arceus|spd|0
|move|p1a: 해피너스|Ice Beam|p2a: Arceus
|-damage|p2a: Arceus|86/100 par
|
|-heal|p2a: Arceus|92/100 par|[from] item: Leftovers
|upkeep
|turn|68
|
|t:|1609598591
|move|p2a: Arceus|Calm Mind|p2a: Arceus
|-boost|p2a: Arceus|spa|0
|-boost|p2a: Arceus|spd|0
|move|p1a: 해피너스|Tri Attack|p2a: Arceus
|-damage|p2a: Arceus|71/100 par
|
|-heal|p2a: Arceus|78/100 par|[from] item: Leftovers
|upkeep
|turn|69
|
|t:|1609598598
|move|p2a: Arceus|Iron Defense|p2a: Arceus
|-boost|p2a: Arceus|def|0
|move|p1a: 해피너스|Tri Attack|p2a: Arceus
|-damage|p2a: Arceus|59/100 par
|
|-heal|p2a: Arceus|65/100 par|[from] item: Leftovers
|upkeep
|turn|70
|
|t:|1609598601
|cant|p2a: Arceus|par
|move|p1a: 해피너스|Tri Attack|p2a: Arceus
|-damage|p2a: Arceus|46/100 par
|
|-heal|p2a: Arceus|52/100 par|[from] item: Leftovers
|upkeep
|turn|71
|
|t:|1609598605
|cant|p2a: Arceus|par
|move|p1a: 해피너스|Tri Attack|p2a: Arceus
|-damage|p2a: Arceus|32/100 par
|
|-heal|p2a: Arceus|38/100 par|[from] item: Leftovers
|upkeep
|turn|72
|
|t:|1609598610
|cant|p2a: Arceus|par
|move|p1a: 해피너스|Ice Beam|p2a: Arceus
|-damage|p2a: Arceus|23/100 par
|
|-heal|p2a: Arceus|29/100 par|[from] item: Leftovers
|upkeep
|turn|73
|
|t:|1609598612
|cant|p2a: Arceus|par
|move|p1a: 해피너스|Ice Beam|p2a: Arceus
|-damage|p2a: Arceus|13/100 par
|
|-heal|p2a: Arceus|19/100 par|[from] item: Leftovers
|upkeep
|turn|74
|
|t:|1609598614
|move|p2a: Arceus|Recover|p2a: Arceus
|-heal|p2a: Arceus|69/100 par
|move|p1a: 해피너스|Ice Beam|p2a: Arceus
|-damage|p2a: Arceus|53/100 par
|
|-heal|p2a: Arceus|60/100 par|[from] item: Leftovers
|upkeep
|turn|75
|
|t:|1609598617
|move|p2a: Arceus|Recover|p2a: Arceus
|-heal|p2a: Arceus|100/100 par
|move|p1a: 해피너스|Ice Beam|p2a: Arceus
|-damage|p2a: Arceus|86/100 par
|
|-heal|p2a: Arceus|92/100 par|[from] item: Leftovers
|upkeep
|turn|76
|
|t:|1609598619
|move|p2a: Arceus|Iron Defense|p2a: Arceus
|-boost|p2a: Arceus|def|0
|move|p1a: 해피너스|Ice Beam|p2a: Arceus
|-damage|p2a: Arceus|77/100 par
|
|-heal|p2a: Arceus|83/100 par|[from] item: Leftovers
|upkeep
|turn|77
|
|t:|1609598623
|cant|p2a: Arceus|par
|move|p1a: 해피너스|Ice Beam|p2a: Arceus
|-damage|p2a: Arceus|69/100 par
|
|-heal|p2a: Arceus|75/100 par|[from] item: Leftovers
|upkeep
|turn|78
|
|t:|1609598626
|move|p2a: Arceus|Iron Defense|p2a: Arceus
|-boost|p2a: Arceus|def|0
|move|p1a: 해피너스|Ice Beam|p2a: Arceus
|-damage|p2a: Arceus|62/100 par
|
|-heal|p2a: Arceus|68/100 par|[from] item: Leftovers
|upkeep
|turn|79
|
|t:|1609598632
|move|p2a: Arceus|Recover|p2a: Arceus
|-heal|p2a: Arceus|100/100 par
|move|p1a: 해피너스|Calm Mind|p1a: 해피너스
|-boost|p1a: 해피너스|spa|0
|-boost|p1a: 해피너스|spd|0
|
|upkeep
|turn|80
|
|t:|1609598636
|cant|p2a: Arceus|par
|move|p1a: 해피너스|Calm Mind|p1a: 해피너스
|-boost|p1a: 해피너스|spa|0
|-boost|p1a: 해피너스|spd|0
|
|upkeep
|turn|81
|
|t:|1609598640
|move|p2a: Arceus|Calm Mind|p2a: Arceus
|-boost|p2a: Arceus|spa|0
|-boost|p2a: Arceus|spd|0
|move|p1a: 해피너스|Calm Mind|p1a: 해피너스
|-boost|p1a: 해피너스|spa|0
|-boost|p1a: 해피너스|spd|0
|
|upkeep
|turn|82
|
|t:|1609598643
|move|p2a: Arceus|Iron Defense|p2a: Arceus
|-boost|p2a: Arceus|def|0
|move|p1a: 해피너스|Calm Mind|p1a: 해피너스
|-boost|p1a: 해피너스|spa|0
|-boost|p1a: 해피너스|spd|0
|
|upkeep
|turn|83
|
|t:|1609598647
|move|p2a: Arceus|Judgment|p1a: 해피너스
|-damage|p1a: 해피너스|85/100
|move|p1a: 해피너스|Calm Mind|p1a: 해피너스
|-boost|p1a: 해피너스|spa|0
|-boost|p1a: 해피너스|spd|0
|
|-heal|p1a: 해피너스|91/100|[from] item: Leftovers
|upkeep
|turn|84
|
|t:|1609598653
|move|p2a: Arceus|Judgment|p1a: 해피너스
|-damage|p1a: 해피너스|75/100
|move|p1a: 해피너스|Calm Mind|p1a: 해피너스
|-boost|p1a: 해피너스|spa|0
|-boost|p1a: 해피너스|spd|0
|
|-heal|p1a: 해피너스|81/100|[from] item: Leftovers
|upkeep
|turn|85
|
|t:|1609598659
|move|p2a: Arceus|Calm Mind|p2a: Arceus
|-boost|p2a: Arceus|spa|0
|-boost|p2a: Arceus|spd|0
|move|p1a: 해피너스|Calm Mind|p1a: 해피너스
|-boost|p1a: 해피너스|spa|0
|-boost|p1a: 해피너스|spd|0
|
|-heal|p1a: 해피너스|87/100|[from] item: Leftovers
|upkeep
|turn|86
|
|t:|1609598674
|move|p2a: Arceus|Iron Defense|p2a: Arceus
|-boost|p2a: Arceus|def|0
|move|p1a: 해피너스|Calm Mind|p1a: 해피너스
|-boost|p1a: 해피너스|spa|0
|-boost|p1a: 해피너스|spd|0
|
|-heal|p1a: 해피너스|93/100|[from] item: Leftovers
|upkeep
|turn|87
|
|t:|1609598677
|move|p2a: Arceus|Iron Defense|p2a: Arceus
|-boost|p2a: Arceus|def|0
|move|p1a: 해피너스|Calm Mind|p1a: 해피너스
|-boost|p1a: 해피너스|spa|0
|-boost|p1a: 해피너스|spd|0
|
|-heal|p1a: 해피너스|99/100|[from] item: Leftovers
|upkeep
|turn|88
|
|t:|1609598682
|move|p2a: Arceus|Iron Defense|p2a: Arceus
|-boost|p2a: Arceus|def|0
|move|p1a: 해피너스|Calm Mind|p1a: 해피너스
|-boost|p1a: 해피너스|spa|0
|-boost|p1a: 해피너스|spd|0
|
|-heal|p1a: 해피너스|100/100|[from] item: Leftovers
|upkeep
|turn|89
|
|t:|1609598685
|cant|p2a: Arceus|par
|move|p1a: 해피너스|Calm Mind|p1a: 해피너스
|-boost|p1a: 해피너스|spa|0
|-boost|p1a: 해피너스|spd|0
|
|upkeep
|turn|90
|
|t:|1609598688
|move|p2a: Arceus|Iron Defense|p2a: Arceus
|-boost|p2a: Arceus|def|0
|move|p1a: 해피너스|Soft-Boiled||[still]
|-fail|p1a: 해피너스|heal
|
|upkeep
|turn|91
|
|t:|1609598693
|move|p2a: Arceus|Iron Defense|p2a: Arceus
|-boost|p2a: Arceus|def|0
|move|p1a: 해피너스|Soft-Boiled||[still]
|-fail|p1a: 해피너스|heal
|
|upkeep
|turn|92
|
|t:|1609598696
|cant|p2a: Arceus|par
|move|p1a: 해피너스|Soft-Boiled||[still]
|-fail|p1a: 해피너스|heal
|
|upkeep
|turn|93
|
|t:|1609598700
|move|p2a: Arceus|Iron Defense|p2a: Arceus
|-boost|p2a: Arceus|def|0
|move|p1a: 해피너스|Soft-Boiled||[still]
|-fail|p1a: 해피너스|heal
|
|upkeep
|turn|94
|
|t:|1609598704
|move|p2a: Arceus|Iron Defense|p2a: Arceus
|-boost|p2a: Arceus|def|0
|move|p1a: 해피너스|Soft-Boiled||[still]
|-fail|p1a: 해피너스|heal
|
|upkeep
|turn|95
|-message|kasak forfeited.
|
|win|fhhgjh
|l|☆kasak
|raw|kasak's rating: 1229 &rarr; <strong>1199</strong><br />(-30 for losing)
|raw|fhhgjh's rating: 1162 &rarr; <strong>1191</strong><br />(+29 for winning)
