|j|☆NiTian1
|j|☆dtc07
|t:|1660124582
|gametype|singles
|player|p1|NiTian1|n|1636
|player|p2|dtc07|grimsley|1591
|teamsize|p1|6
|teamsize|p2|6
|gen|8
|tier|[Gen 8] National Dex AG
|rated|
|rule|HP Percentage Mod: HP is shown in percentages
|rule|Endless Battle Clause: Forcing endless battles is banned
|clearpoke
|poke|p1|Kyogre|
|poke|p1|Rayquaza|
|poke|p1|Zacian-*|
|poke|p1|Marshadow|
|poke|p1|Ditto|
|poke|p1|Arceus-*|
|poke|p2|Arceus-*|
|poke|p2|Eternatus|
|poke|p2|Rayquaza|
|poke|p2|Necrozma-Dusk-Mane|
|poke|p2|Yveltal|
|poke|p2|Lunala|
|teampreview
|inactive|Battle timer is ON: inactive players will automatically lose when time's up. (requested by dtc07)
|
|t:|1660124603
|start
|switch|p1a: Arceus|Arceus-Ground|100/100
|switch|p2a: Lunala|Lunala|100/100
|turn|1
|j| Alice_mana_offcial
|
|t:|1660124609
|switch|p2a: Yveltal|Yveltal|100/100
|-ability|p2a: Yveltal|Dark Aura
|move|p1a: Arceus|Stealth Rock|p2a: Yveltal
|-sidestart|p2: dtc07|move: Stealth Rock
|
|upkeep
|turn|2
|
|t:|1660124616
|move|p1a: Arceus|Ice Beam|p2a: Yveltal
|-supereffective|p2a: Yveltal
|-damage|p2a: Yveltal|74/100
|move|p2a: Yveltal|Defog|p1a: Arceus
|-unboost|p1a: Arceus|evasion|1
|-sideend|p2: dtc07|Stealth Rock|[from] move: Defog|[of] p2a: Yveltal
|
|upkeep
|turn|3
|
|t:|1660124624
|move|p1a: Arceus|Stealth Rock|p2a: Yveltal
|-sidestart|p2: dtc07|move: Stealth Rock
|move|p2a: Yveltal|Foul Play|p1a: Arceus
|-damage|p1a: Arceus|80/100
|
|upkeep
|turn|4
|
|t:|1660124629
|move|p1a: Arceus|Ice Beam|p2a: Yveltal
|-supereffective|p2a: Yveltal
|-damage|p2a: Yveltal|48/100
|move|p2a: Yveltal|Defog|p1a: Arceus
|-unboost|p1a: Arceus|evasion|1
|-sideend|p2: dtc07|Stealth Rock|[from] move: Defog|[of] p2a: Yveltal
|
|upkeep
|turn|5
|
|t:|1660124635
|move|p1a: Arceus|Stealth Rock|p2a: Yveltal
|-sidestart|p2: dtc07|move: Stealth Rock
|move|p2a: Yveltal|Roost|p2a: Yveltal
|-heal|p2a: Yveltal|98/100
|-singleturn|p2a: Yveltal|move: Roost
|
|upkeep
|turn|6
|
|t:|1660124641
|move|p1a: Arceus|Ice Beam|p2a: Yveltal
|-supereffective|p2a: Yveltal
|-damage|p2a: Yveltal|67/100
|move|p2a: Yveltal|Defog|p1a: Arceus
|-unboost|p1a: Arceus|evasion|1
|-sideend|p2: dtc07|Stealth Rock|[from] move: Defog|[of] p2a: Yveltal
|
|upkeep
|turn|7
|
|t:|1660124647
|switch|p2a: Arceus|Arceus-Water|100/100
|move|p1a: Arceus|Stealth Rock|p2a: Arceus
|-sidestart|p2: dtc07|move: Stealth Rock
|
|upkeep
|turn|8
|
|t:|1660124655
|switch|p1a: Kyogre|Kyogre|100/100
|detailschange|p1a: Kyogre|Kyogre-Primal
|-primal|p1a: Kyogre
|-weather|PrimordialSea|[from] ability: Primordial Sea|[of] p1a: Kyogre
|move|p2a: Arceus|Judgment|p1a: Kyogre
|-resisted|p1a: Kyogre
|-damage|p1a: Kyogre|76/100
|
|-weather|PrimordialSea|[upkeep]
|upkeep
|turn|9
|
|t:|1660124665
|switch|p2a: Eternatus|Eternatus|100/100
|-damage|p2a: Eternatus|88/100|[from] Stealth Rock
|-ability|p2a: Eternatus|Pressure
|move|p1a: Kyogre|Thunder|p2a: Eternatus
|-resisted|p2a: Eternatus
|-damage|p2a: Eternatus|75/100
|
|-weather|PrimordialSea|[upkeep]
|-heal|p2a: Eternatus|81/100|[from] item: Black Sludge
|upkeep
|turn|10
|
|t:|1660124682
|move|p2a: Eternatus|Flamethrower||[still]
|-fail|p2a: Eternatus|Flamethrower|[from] Primordial Sea
|move|p1a: Kyogre|Ice Beam|p2a: Eternatus
|-supereffective|p2a: Eternatus
|-damage|p2a: Eternatus|38/100
|
|-weather|PrimordialSea|[upkeep]
|-heal|p2a: Eternatus|45/100|[from] item: Black Sludge
|upkeep
|turn|11
|
|t:|1660124689
|move|p2a: Eternatus|Recover|p2a: Eternatus
|-heal|p2a: Eternatus|95/100
|move|p1a: Kyogre|Ice Beam|p2a: Eternatus
|-supereffective|p2a: Eternatus
|-damage|p2a: Eternatus|49/100
|-status|p2a: Eternatus|frz
|
|-weather|PrimordialSea|[upkeep]
|-heal|p2a: Eternatus|55/100 frz|[from] item: Black Sludge
|upkeep
|turn|12
|
|t:|1660124698
|cant|p2a: Eternatus|frz
|move|p1a: Kyogre|Calm Mind|p1a: Kyogre
|-boost|p1a: Kyogre|spa|1
|-boost|p1a: Kyogre|spd|1
|
|-weather|PrimordialSea|[upkeep]
|-heal|p2a: Eternatus|61/100 frz|[from] item: Black Sludge
|upkeep
|turn|13
|
|t:|1660124704
|cant|p2a: Eternatus|frz
|move|p1a: Kyogre|Calm Mind|p1a: Kyogre
|-boost|p1a: Kyogre|spa|1
|-boost|p1a: Kyogre|spd|1
|
|-weather|PrimordialSea|[upkeep]
|-heal|p2a: Eternatus|68/100 frz|[from] item: Black Sludge
|upkeep
|turn|14
|
|t:|1660124710
|cant|p2a: Eternatus|frz
|move|p1a: Kyogre|Ice Beam|p2a: Eternatus
|-supereffective|p2a: Eternatus
|-damage|p2a: Eternatus|0 fnt
|faint|p2a: Eternatus
|
|-weather|PrimordialSea|[upkeep]
|upkeep
|c|☆dtc07|this is just too stupid
|
|t:|1660124720
|switch|p2a: Rayquaza|Rayquaza|100/100
|-damage|p2a: Rayquaza|76/100|[from] Stealth Rock
|-ability|p2a: Rayquaza|Air Lock
|turn|15
|
|t:|1660124725
|detailschange|p2a: Rayquaza|Rayquaza-Mega
|-mega|p2a: Rayquaza|Rayquaza|
|-weather|DeltaStream|[from] ability: Delta Stream|[of] p2a: Rayquaza
|move|p2a: Rayquaza|Dragon Ascent|p1a: Kyogre
|-damage|p1a: Kyogre|0 fnt
|-unboost|p2a: Rayquaza|def|1
|-unboost|p2a: Rayquaza|spd|1
|faint|p1a: Kyogre
|
|-weather|DeltaStream|[upkeep]
|upkeep
|
|t:|1660124742
|switch|p1a: Arceus|Arceus-Ground|80/100
|turn|16
|
|t:|1660124746
|-weather|none
|switch|p2a: Yveltal|Yveltal|67/100
|-ability|p2a: Yveltal|Dark Aura
|move|p1a: Arceus|Ice Beam|p2a: Yveltal
|-supereffective|p2a: Yveltal
|-damage|p2a: Yveltal|38/100
|
|upkeep
|turn|17
|
|t:|1660124755
|move|p1a: Arceus|Ice Beam|p2a: Yveltal
|-supereffective|p2a: Yveltal
|-damage|p2a: Yveltal|10/100
|move|p2a: Yveltal|Roost|p2a: Yveltal
|-heal|p2a: Yveltal|60/100
|-singleturn|p2a: Yveltal|move: Roost
|
|upkeep
|turn|18
|
|t:|1660124762
|move|p1a: Arceus|Ice Beam|p2a: Yveltal
|-supereffective|p2a: Yveltal
|-damage|p2a: Yveltal|30/100
|move|p2a: Yveltal|Roost|p2a: Yveltal
|-heal|p2a: Yveltal|80/100
|-singleturn|p2a: Yveltal|move: Roost
|
|upkeep
|turn|19
|
|t:|1660124768
|move|p1a: Arceus|Ice Beam|p2a: Yveltal
|-supereffective|p2a: Yveltal
|-damage|p2a: Yveltal|50/100
|move|p2a: Yveltal|Defog|p1a: Arceus
|-unboost|p1a: Arceus|evasion|1
|-sideend|p2: dtc07|Stealth Rock|[from] move: Defog|[of] p2a: Yveltal
|
|upkeep
|turn|20
|
|t:|1660124779
|move|p1a: Arceus|Stealth Rock|p2a: Yveltal
|-sidestart|p2: dtc07|move: Stealth Rock
|move|p2a: Yveltal|Roost|p2a: Yveltal
|-heal|p2a: Yveltal|100/100
|-singleturn|p2a: Yveltal|move: Roost
|
|upkeep
|turn|21
|
|t:|1660124785
|switch|p2a: Arceus|Arceus-Water|100/100
|-damage|p2a: Arceus|88/100|[from] Stealth Rock
|move|p1a: Arceus|Ice Beam|p2a: Arceus
|-resisted|p2a: Arceus
|-damage|p2a: Arceus|81/100
|
|upkeep
|turn|22
|
|t:|1660124799
|move|p2a: Arceus|Judgment|p1a: Arceus
|-supereffective|p1a: Arceus
|-damage|p1a: Arceus|18/100
|move|p1a: Arceus|Judgment|p2a: Arceus
|-damage|p2a: Arceus|53/100
|
|upkeep
|turn|23
|
|t:|1660124806
|move|p2a: Arceus|Recover|p2a: Arceus
|-heal|p2a: Arceus|100/100
|move|p1a: Arceus|Judgment|p2a: Arceus
|-damage|p2a: Arceus|73/100
|
|upkeep
|turn|24
|
|t:|1660124812
|move|p2a: Arceus|Calm Mind|p2a: Arceus
|-boost|p2a: Arceus|spa|1
|-boost|p2a: Arceus|spd|1
|move|p1a: Arceus|Judgment|p2a: Arceus
|-damage|p2a: Arceus|52/100
|
|upkeep
|turn|25
|
|t:|1660124821
|move|p2a: Arceus|Recover|p2a: Arceus
|-heal|p2a: Arceus|100/100
|move|p1a: Arceus|Judgment|p2a: Arceus
|-damage|p2a: Arceus|81/100
|
|upkeep
|turn|26
|
|t:|1660124828
|move|p2a: Arceus|Calm Mind|p2a: Arceus
|-boost|p2a: Arceus|spa|1
|-boost|p2a: Arceus|spd|1
|move|p1a: Arceus|Judgment|p2a: Arceus
|-damage|p2a: Arceus|65/100
|
|upkeep
|turn|27
|
|t:|1660124834
|move|p2a: Arceus|Calm Mind|p2a: Arceus
|-boost|p2a: Arceus|spa|1
|-boost|p2a: Arceus|spd|1
|move|p1a: Arceus|Ice Beam|p2a: Arceus
|-resisted|p2a: Arceus
|-damage|p2a: Arceus|62/100
|-status|p2a: Arceus|frz
|
|upkeep
|turn|28
|
|t:|1660124842
|switch|p1a: Zacian|Zacian-Crowned|100/100
|-ability|p1a: Zacian|Intrepid Sword|boost
|-boost|p1a: Zacian|atk|1
|cant|p2a: Arceus|frz
|
|upkeep
|turn|29
|
|t:|1660124851
|switch|p2a: Necrozma|Necrozma-Dusk-Mane|100/100
|-damage|p2a: Necrozma|94/100|[from] Stealth Rock
|move|p1a: Zacian|Substitute|p1a: Zacian
|-start|p1a: Zacian|Substitute
|-damage|p1a: Zacian|76/100
|
|upkeep
|turn|30
|
|t:|1660124860
|move|p1a: Zacian|Close Combat|p2a: Necrozma
|-damage|p2a: Necrozma|52/100
|-unboost|p1a: Zacian|def|1
|-unboost|p1a: Zacian|spd|1
|-damage|p1a: Zacian|59/100|[from] item: Rocky Helmet|[of] p2a: Necrozma
|move|p2a: Necrozma|Sunsteel Strike|p1a: Zacian
|-end|p1a: Zacian|Substitute
|
|upkeep
|turn|31
|
|t:|1660124879
|move|p1a: Zacian|Behemoth Blade|p2a: Necrozma
|-resisted|p2a: Necrozma
|-damage|p2a: Necrozma|23/100
|-damage|p1a: Zacian|42/100|[from] item: Rocky Helmet|[of] p2a: Necrozma
|move|p2a: Necrozma|Morning Sun|p2a: Necrozma
|-heal|p2a: Necrozma|73/100
|
|upkeep
|turn|32
|
|t:|1660124893
|switch|p1a: Arceus|Arceus-Ground|18/100
|move|p2a: Necrozma|Morning Sun|p2a: Necrozma
|-heal|p2a: Necrozma|100/100
|
|upkeep
|turn|33
|
|t:|1660124900
|switch|p2a: Arceus|Arceus-Water|62/100 frz
|-damage|p2a: Arceus|49/100 frz|[from] Stealth Rock
|move|p1a: Arceus|Judgment|p2a: Arceus
|-crit|p2a: Arceus
|-damage|p2a: Arceus|4/100 frz
|
|upkeep
|turn|34
|
|t:|1660124907
|cant|p2a: Arceus|frz
|move|p1a: Arceus|Ice Beam|p2a: Arceus
|-resisted|p2a: Arceus
|-damage|p2a: Arceus|0 fnt
|faint|p2a: Arceus
|
|upkeep
|
|t:|1660124917
|switch|p2a: Lunala|Lunala|100/100
|turn|35
|
|t:|1660124921
|move|p1a: Arceus|Recover|p1a: Arceus
|-heal|p1a: Arceus|68/100
|move|p2a: Lunala|Hex|p1a: Arceus
|-damage|p1a: Arceus|50/100
|
|upkeep
|turn|36
|
|t:|1660124929
|move|p1a: Arceus|Recover|p1a: Arceus
|-heal|p1a: Arceus|99/100
|move|p2a: Lunala|Roar|p1a: Arceus
|drag|p1a: Zacian|Zacian-Crowned|42/100
|-ability|p1a: Zacian|Intrepid Sword|boost
|-boost|p1a: Zacian|atk|1
|
|upkeep
|turn|37
|
|t:|1660124958
|move|p1a: Zacian|Behemoth Blade|p2a: Lunala
|-damage|p2a: Lunala|72/100
|move|p2a: Lunala|Hex|p1a: Zacian
|-damage|p1a: Zacian|15/100
|
|upkeep
|turn|38
|inactive|NiTian1 has 120 seconds left.
|inactive|NiTian1 has 90 seconds left.
|
|t:|1660125018
|switch|p1a: Arceus|Arceus-Ground|99/100
|switch|p2a: Necrozma|Necrozma-Dusk-Mane|100/100
|-damage|p2a: Necrozma|94/100|[from] Stealth Rock
|
|upkeep
|turn|39
|
|t:|1660125025
|switch|p2a: Yveltal|Yveltal|100/100
|-ability|p2a: Yveltal|Dark Aura
|move|p1a: Arceus|Judgment|p2a: Yveltal
|-immune|p2a: Yveltal
|
|upkeep
|turn|40
|inactive|NiTian1 has 90 seconds left.
|
|t:|1660125035
|move|p1a: Arceus|Ice Beam|p2a: Yveltal
|-supereffective|p2a: Yveltal
|-damage|p2a: Yveltal|71/100
|-status|p2a: Yveltal|frz
|-curestatus|p2a: Yveltal|frz|[msg]
|move|p2a: Yveltal|Defog|p1a: Arceus
|-unboost|p1a: Arceus|evasion|1
|-sideend|p2: dtc07|Stealth Rock|[from] move: Defog|[of] p2a: Yveltal
|
|upkeep
|turn|41
|inactive|NiTian1 has 90 seconds left.
|
|t:|1660125047
|move|p1a: Arceus|Stealth Rock|p2a: Yveltal
|-sidestart|p2: dtc07|move: Stealth Rock
|move|p2a: Yveltal|Roost|p2a: Yveltal
|-heal|p2a: Yveltal|100/100
|-singleturn|p2a: Yveltal|move: Roost
|
|upkeep
|turn|42
|inactive|NiTian1 has 90 seconds left.
|
|t:|1660125053
|move|p1a: Arceus|Ice Beam|p2a: Yveltal
|-supereffective|p2a: Yveltal
|-damage|p2a: Yveltal|71/100
|move|p2a: Yveltal|Defog|p1a: Arceus
|-unboost|p1a: Arceus|evasion|1
|-sideend|p2: dtc07|Stealth Rock|[from] move: Defog|[of] p2a: Yveltal
|
|upkeep
|turn|43
|
|t:|1660125059
|move|p1a: Arceus|Stealth Rock|p2a: Yveltal
|-sidestart|p2: dtc07|move: Stealth Rock
|move|p2a: Yveltal|Foul Play|p1a: Arceus
|-damage|p1a: Arceus|79/100
|
|upkeep
|turn|44
|
|t:|1660125065
|move|p1a: Arceus|Ice Beam|p2a: Yveltal
|-supereffective|p2a: Yveltal
|-damage|p2a: Yveltal|45/100
|move|p2a: Yveltal|Defog|p1a: Arceus
|-unboost|p1a: Arceus|evasion|1
|-sideend|p2: dtc07|Stealth Rock|[from] move: Defog|[of] p2a: Yveltal
|
|upkeep
|turn|45
|
|t:|1660125072
|move|p1a: Arceus|Ice Beam|p2a: Yveltal
|-supereffective|p2a: Yveltal
|-damage|p2a: Yveltal|18/100
|move|p2a: Yveltal|Roost|p2a: Yveltal
|-heal|p2a: Yveltal|68/100
|-singleturn|p2a: Yveltal|move: Roost
|
|upkeep
|turn|46
|
|t:|1660125079
|move|p1a: Arceus|Stealth Rock|p2a: Yveltal
|-sidestart|p2: dtc07|move: Stealth Rock
|move|p2a: Yveltal|Roost|p2a: Yveltal
|-heal|p2a: Yveltal|100/100
|-singleturn|p2a: Yveltal|move: Roost
|
|upkeep
|turn|47
|inactive|NiTian1 has 90 seconds left.
|l| Alice_mana_offcial
|
|t:|1660125129
|move|p1a: Arceus|Ice Beam|p2a: Yveltal
|-supereffective|p2a: Yveltal
|-damage|p2a: Yveltal|71/100
|move|p2a: Yveltal|Defog|p1a: Arceus
|-unboost|p1a: Arceus|evasion|1
|-sideend|p2: dtc07|Stealth Rock|[from] move: Defog|[of] p2a: Yveltal
|
|upkeep
|turn|48
|
|t:|1660125138
|move|p1a: Arceus|Stealth Rock|p2a: Yveltal
|-sidestart|p2: dtc07|move: Stealth Rock
|move|p2a: Yveltal|Defog|p1a: Arceus
|-unboost|p1a: Arceus|evasion|1
|-sideend|p2: dtc07|Stealth Rock|[from] move: Defog|[of] p2a: Yveltal
|
|upkeep
|turn|49
|
|t:|1660125144
|move|p1a: Arceus|Stealth Rock|p2a: Yveltal
|-sidestart|p2: dtc07|move: Stealth Rock
|move|p2a: Yveltal|Foul Play|p1a: Arceus
|-damage|p1a: Arceus|58/100
|
|upkeep
|turn|50
|inactive|NiTian1 has 90 seconds left.
|
|t:|1660125150
|switch|p1a: Ditto|Ditto|100/100
|-transform|p1a: Ditto|p2a: Yveltal|[from] ability: Imposter
|-ability|p1a: Ditto|Dark Aura
|move|p2a: Yveltal|Defog|p1a: Ditto
|-unboost|p1a: Ditto|evasion|1
|-sideend|p2: dtc07|Stealth Rock|[from] move: Defog|[of] p2a: Yveltal
|
|upkeep
|turn|51
|inactive|NiTian1 has 90 seconds left.
|
|t:|1660125178
|move|p1a: Ditto|Foul Play|p2a: Yveltal
|-resisted|p2a: Yveltal
|-damage|p2a: Yveltal|53/100
|move|p2a: Yveltal|Roost|p2a: Yveltal
|-heal|p2a: Yveltal|100/100
|-singleturn|p2a: Yveltal|move: Roost
|
|upkeep
|turn|52
|j| Alice_mana_offcial
|
|t:|1660125184
|move|p1a: Ditto|Foul Play|p2a: Yveltal
|-resisted|p2a: Yveltal
|-damage|p2a: Yveltal|82/100
|move|p2a: Yveltal|Foul Play|p1a: Ditto
|-resisted|p1a: Ditto
|-damage|p1a: Ditto|71/100
|
|upkeep
|turn|53
|
|t:|1660125193
|switch|p1a: Arceus|Arceus-Ground|58/100
|move|p2a: Yveltal|Foul Play|p1a: Arceus
|-damage|p1a: Arceus|37/100
|
|upkeep
|turn|54
|inactive|NiTian1 has 90 seconds left.
|
|t:|1660125199
|move|p1a: Arceus|Recover|p1a: Arceus
|-heal|p1a: Arceus|87/100
|move|p2a: Yveltal|Defog|p1a: Arceus
|-unboost|p1a: Arceus|evasion|1
|
|upkeep
|turn|55
|
|t:|1660125213
|switch|p2a: Lunala|Lunala|72/100
|move|p1a: Arceus|Recover|p1a: Arceus
|-heal|p1a: Arceus|100/100
|
|upkeep
|turn|56
|
|t:|1660125221
|move|p1a: Arceus|Ice Beam|p2a: Lunala
|-crit|p2a: Lunala
|-damage|p2a: Lunala|47/100
|move|p2a: Lunala|Roost|p2a: Lunala
|-heal|p2a: Lunala|97/100
|-singleturn|p2a: Lunala|move: Roost
|
|upkeep
|turn|57
|
|t:|1660125228
|switch|p2a: Rayquaza|Rayquaza-Mega|76/100
|-weather|DeltaStream|[from] ability: Delta Stream|[of] p2a: Rayquaza
|move|p1a: Arceus|Stealth Rock|p2a: Rayquaza
|-sidestart|p2: dtc07|move: Stealth Rock
|
|-weather|DeltaStream|[upkeep]
|upkeep
|turn|58
|
|t:|1660125241
|move|p2a: Rayquaza|Dragon Ascent|p1a: Arceus
|-damage|p1a: Arceus|35/100
|-unboost|p2a: Rayquaza|def|1
|-unboost|p2a: Rayquaza|spd|1
|move|p1a: Arceus|Recover|p1a: Arceus
|-heal|p1a: Arceus|85/100
|
|-weather|DeltaStream|[upkeep]
|upkeep
|turn|59
|inactive|NiTian1 has 90 seconds left.
|j| Testing teams 596
|
|t:|1660125295
|move|p2a: Rayquaza|Dragon Ascent|p1a: Arceus
|-damage|p1a: Arceus|25/100
|-unboost|p2a: Rayquaza|def|1
|-unboost|p2a: Rayquaza|spd|1
|move|p1a: Arceus|Recover|p1a: Arceus
|-heal|p1a: Arceus|75/100
|
|-weather|DeltaStream|[upkeep]
|upkeep
|turn|60
|inactive|NiTian1 has 60 seconds left.
|
|t:|1660125317
|-weather|none
|switch|p2a: Yveltal|Yveltal|82/100
|-ability|p2a: Yveltal|Dark Aura
|move|p1a: Arceus|Recover|p1a: Arceus
|-heal|p1a: Arceus|100/100
|
|upkeep
|turn|61
|inactive|NiTian1 has 60 seconds left.
|
|t:|1660125326
|move|p1a: Arceus|Stealth Rock||[still]
|-fail|p1a: Arceus
|move|p2a: Yveltal|Defog|p1a: Arceus
|-unboost|p1a: Arceus|evasion|1
|-sideend|p2: dtc07|Stealth Rock|[from] move: Defog|[of] p2a: Yveltal
|
|upkeep
|turn|62
|
|t:|1660125337
|switch|p2a: Lunala|Lunala|97/100
|move|p1a: Arceus|Stealth Rock|p2a: Lunala
|-sidestart|p2: dtc07|move: Stealth Rock
|
|upkeep
|turn|63
|
|t:|1660125346
|move|p1a: Arceus|Judgment|p2a: Lunala
|-damage|p2a: Lunala|65/100
|move|p2a: Lunala|Roost|p2a: Lunala
|-heal|p2a: Lunala|100/100
|-singleturn|p2a: Lunala|move: Roost
|
|upkeep
|turn|64
|
|t:|1660125361
|switch|p1a: Marshadow|Marshadow|100/100
|move|p2a: Lunala|Will-O-Wisp|p1a: Marshadow
|-status|p1a: Marshadow|brn
|
|-damage|p1a: Marshadow|94/100 brn|[from] brn
|upkeep
|turn|65
|
|t:|1660125372
|-start|p1a: Marshadow|Dynamax|
|-heal|p1a: Marshadow|94/100 brn|[silent]
|move|p1a: Marshadow|Max Phantasm|p2a: Lunala
|-supereffective|p2a: Lunala
|-damage|p2a: Lunala|49/100
|-unboost|p2a: Lunala|def|1
|-damage|p1a: Marshadow|89/100 brn|[from] item: Life Orb
|move|p2a: Lunala|Hex|p1a: Marshadow
|-supereffective|p1a: Marshadow
|-damage|p1a: Marshadow|27/100 brn
|
|-damage|p1a: Marshadow|24/100 brn|[from] brn
|upkeep
|turn|66
|j| LT91BB ban
|
|t:|1660125389
|switch|p2a: Yveltal|Yveltal|82/100
|-ability|p2a: Yveltal|Dark Aura
|move|p1a: Marshadow|Max Phantasm|p2a: Yveltal
|-resisted|p2a: Yveltal
|-damage|p2a: Yveltal|66/100
|-unboost|p2a: Yveltal|def|1
|-damage|p1a: Marshadow|19/100 brn|[from] item: Life Orb
|
|-damage|p1a: Marshadow|15/100 brn|[from] brn
|upkeep
|turn|67
|inactive|NiTian1 has 60 seconds left.
|
|t:|1660125412
|move|p1a: Marshadow|Max Strike|p2a: Yveltal
|-damage|p2a: Yveltal|37/100
|-unboost|p2a: Yveltal|spe|1
|-damage|p1a: Marshadow|10/100 brn|[from] item: Life Orb
|move|p2a: Yveltal|Roost|p2a: Yveltal
|-heal|p2a: Yveltal|87/100
|-singleturn|p2a: Yveltal|move: Roost
|
|-damage|p1a: Marshadow|7/100 brn|[from] brn
|upkeep
|-end|p1a: Marshadow|Dynamax
|-heal|p1a: Marshadow|7/100 brn|[silent]
|turn|68
|inactive|NiTian1 has 60 seconds left.
|
|t:|1660125424
|move|p1a: Marshadow|Facade|p2a: Yveltal
|-damage|p2a: Yveltal|14/100
|-damage|p1a: Marshadow|0 fnt|[from] item: Life Orb
|faint|p1a: Marshadow
|move|p2a: Yveltal|Defog|p1: Marshadow|[notarget]
|-fail|p2a: Yveltal
|
|upkeep
|inactive|NiTian1 has 60 seconds left.
|
|t:|1660125445
|switch|p1a: Rayquaza|Rayquaza|100/100
|-ability|p1a: Rayquaza|Air Lock
|turn|69
|
|t:|1660125464
|detailschange|p1a: Rayquaza|Rayquaza-Mega
|-mega|p1a: Rayquaza|Rayquaza|
|-weather|DeltaStream|[from] ability: Delta Stream|[of] p1a: Rayquaza
|move|p1a: Rayquaza|Dragon Ascent|p2a: Yveltal
|-damage|p2a: Yveltal|0 fnt
|-unboost|p1a: Rayquaza|def|1
|-unboost|p1a: Rayquaza|spd|1
|faint|p2a: Yveltal
|
|-weather|DeltaStream|[upkeep]
|upkeep
|
|t:|1660125472
|switch|p2a: Necrozma|Necrozma-Dusk-Mane|94/100
|-damage|p2a: Necrozma|88/100|[from] Stealth Rock
|turn|70
|
|t:|1660125492
|-weather|none
|switch|p1a: Arceus|Arceus-Ground|100/100
|move|p2a: Necrozma|Stealth Rock|p1a: Arceus
|-sidestart|p1: NiTian1|move: Stealth Rock
|
|upkeep
|turn|71
|
|t:|1660125515
|switch|p2a: Rayquaza|Rayquaza-Mega|76/100
|-damage|p2a: Rayquaza|51/100|[from] Stealth Rock
|-weather|DeltaStream|[from] ability: Delta Stream|[of] p2a: Rayquaza
|move|p1a: Arceus|Judgment|p2a: Rayquaza
|-immune|p2a: Rayquaza
|
|-weather|DeltaStream|[upkeep]
|upkeep
|turn|72
|inactive|NiTian1 has 30 seconds left.
|
|t:|1660125545
|switch|p1a: Ditto|Ditto|71/100
|-damage|p1a: Ditto|59/100|[from] Stealth Rock
|-transform|p1a: Ditto|p2a: Rayquaza|[from] ability: Imposter
|move|p2a: Rayquaza|Dragon Ascent|p1a: Ditto
|-damage|p1a: Ditto|0 fnt
|-unboost|p2a: Rayquaza|def|1
|-unboost|p2a: Rayquaza|spd|1
|faint|p1a: Ditto
|
|-weather|DeltaStream|[upkeep]
|upkeep
|inactive|NiTian1 has 30 seconds left this turn.
|inactive|NiTian1 has 20 seconds left.
|
|t:|1660125557
|switch|p1a: Zacian|Zacian-Crowned|15/100
|-damage|p1a: Zacian|9/100|[from] Stealth Rock
|-ability|p1a: Zacian|Intrepid Sword|boost
|-boost|p1a: Zacian|atk|1
|turn|73
|inactive|NiTian1 has 30 seconds left this turn.
|inactive|NiTian1 has 20 seconds left.
|
|t:|1660125567
|-weather|none
|switch|p2a: Necrozma|Necrozma-Dusk-Mane|88/100
|-damage|p2a: Necrozma|82/100|[from] Stealth Rock
|move|p1a: Zacian|Close Combat|p2a: Necrozma
|-damage|p2a: Necrozma|35/100
|-unboost|p1a: Zacian|def|1
|-unboost|p1a: Zacian|spd|1
|-damage|p1a: Zacian|0 fnt|[from] item: Rocky Helmet|[of] p2a: Necrozma
|faint|p1a: Zacian
|
|upkeep
|inactive|NiTian1 has 25 seconds left this turn.
|inactive|NiTian1 has 20 seconds left.
|inactive|NiTian1 has 15 seconds left.
|
|t:|1660125581
|switch|p1a: Rayquaza|Rayquaza-Mega|100/100
|-damage|p1a: Rayquaza|76/100|[from] Stealth Rock
|-weather|DeltaStream|[from] ability: Delta Stream|[of] p1a: Rayquaza
|turn|74
|inactive|NiTian1 has 25 seconds left this turn.
|inactive|NiTian1 has 20 seconds left.
|inactive|NiTian1 has 15 seconds left.
|inactive|NiTian1 has 10 seconds left.
|
|t:|1660125598
|-start|p2a: Necrozma|Dynamax|
|-heal|p2a: Necrozma|35/100|[silent]
|move|p1a: Rayquaza|Dragon Ascent|p2a: Necrozma
|-resisted|p2a: Necrozma
|-damage|p2a: Necrozma|17/100
|-unboost|p1a: Rayquaza|def|1
|-unboost|p1a: Rayquaza|spd|1
|-damage|p1a: Rayquaza|59/100|[from] item: Rocky Helmet|[of] p2a: Necrozma
|move|p2a: Necrozma|Max Steelspike|p1a: Rayquaza
|-damage|p1a: Rayquaza|0 fnt
|-boost|p2a: Necrozma|def|1
|faint|p1a: Rayquaza
|-weather|none
|
|upkeep
|inactive|NiTian1 has 15 seconds left this turn.
|inactive|NiTian1 has 10 seconds left.
|c|☆dtc07|gg
|inactive|NiTian1 has 5 seconds left.
|-message|NiTian1 lost due to inactivity.
|
|win|dtc07
|raw|NiTian1's rating: 1636 &rarr; <strong>1613</strong><br />(-23 for losing)
|raw|dtc07's rating: 1591 &rarr; <strong>1614</strong><br />(+23 for winning)
