|j|☆AnimeZZZZ5
|j|☆Blitzkrieg1632
|t:|1613386580
|player|p1|AnimeZZZZ5|az|1732
|player|p2|Blitzkrieg1632|lusamine-nihilego|1492
|teamsize|p1|6
|teamsize|p2|6
|gametype|singles
|gen|8
|tier|[Gen 8] National Dex AG
|rated|
|clearpoke
|poke|p1|Marshadow|
|poke|p1|Smeargle, M|
|poke|p1|Smeargle, F|
|poke|p1|Arceus-*|
|poke|p1|Necrozma-Dusk-Mane|
|poke|p1|Smeargle, F|
|poke|p2|Ho-Oh|
|poke|p2|Ninjask, F|
|poke|p2|Groudon|
|poke|p2|Arceus-*|
|poke|p2|Ditto|
|poke|p2|Rayquaza|
|rule|HP Percentage Mod: HP is shown in percentages
|rule|Endless Battle Clause: Forcing endless battles is banned
|teampreview
|inactive|Battle timer is ON: inactive players will automatically lose when time's up. (requested by Blitzkrieg1632)
|
|t:|1613386592
|start
|switch|p1a: Smeargle|Smeargle, M|100/100
|switch|p2a: Ninjask|Ninjask, F|100/100
|turn|1
|
|t:|1613386598
|move|p2a: Ninjask|Protect|p2a: Ninjask
|-singleturn|p2a: Ninjask|Protect
|move|p1a: Smeargle|Shell Smash|p1a: Smeargle
|-unboost|p1a: Smeargle|def|1
|-unboost|p1a: Smeargle|spd|1
|-boost|p1a: Smeargle|atk|2
|-boost|p1a: Smeargle|spa|2
|-boost|p1a: Smeargle|spe|2
|
|-ability|p1a: Smeargle|Moody|boost
|-boost|p1a: Smeargle|spd|2
|-unboost|p1a: Smeargle|def|1
|-ability|p2a: Ninjask|Speed Boost|boost
|-boost|p2a: Ninjask|spe|1
|upkeep
|turn|2
|
|t:|1613386614
|move|p2a: Ninjask|Dual Wingbeat|p1a: Smeargle
|-damage|p1a: Smeargle|20/100
|-damage|p1a: Smeargle|0 fnt
|-hitcount|p1a: Smeargle|2
|faint|p1a: Smeargle
|
|-ability|p2a: Ninjask|Speed Boost|boost
|-boost|p2a: Ninjask|spe|1
|upkeep
|
|t:|1613386623
|switch|p1a: Smeargle|Smeargle, F|100/100
|turn|3
|
|t:|1613386627
|move|p2a: Ninjask|Swords Dance|p2a: Ninjask
|-boost|p2a: Ninjask|atk|2
|move|p1a: Smeargle|Spore|p2a: Ninjask
|-status|p2a: Ninjask|slp|[from] move: Spore
|
|-ability|p2a: Ninjask|Speed Boost|boost
|-boost|p2a: Ninjask|spe|1
|upkeep
|turn|4
|inactive|AnimeZZZZ5 has 120 seconds left.
|
|t:|1613386670
|cant|p2a: Ninjask|slp
|move|p1a: Smeargle|Ingrain|p1a: Smeargle
|-start|p1a: Smeargle|move: Ingrain
|
|-ability|p2a: Ninjask|Speed Boost|boost
|-boost|p2a: Ninjask|spe|1
|upkeep
|turn|5
|inactive|Blitzkrieg1632 has 120 seconds left.
|
|t:|1613386701
|-curestatus|p2a: Ninjask|slp|[msg]
|move|p2a: Ninjask|Baton Pass|p2a: Ninjask
|
|t:|1613386707
|switch|p2a: Rayquaza|Rayquaza|100/100|[from]move: Baton Pass
|-ability|p2a: Rayquaza|Air Lock
|move|p1a: Smeargle|Baton Pass|p1a: Smeargle
|inactive|AnimeZZZZ5 has 120 seconds left.
|
|t:|1613386717
|switch|p1a: Marshadow|Marshadow|100/100|[from]move: Baton Pass
|
|upkeep
|turn|6
|
|t:|1613386722
|detailschange|p2a: Rayquaza|Rayquaza-Mega
|-mega|p2a: Rayquaza|Rayquaza|
|-weather|DeltaStream|[from] ability: Delta Stream|[of] p2a: Rayquaza
|move|p2a: Rayquaza|Scale Shot|p1a: Marshadow
|-damage|p1a: Marshadow|48/100
|-damage|p1a: Marshadow|0 fnt
|-hitcount|p1a: Marshadow|2
|-unboost|p2a: Rayquaza|def|1
|-boost|p2a: Rayquaza|spe|1
|faint|p1a: Marshadow
|
|-weather|DeltaStream|[upkeep]
|upkeep
|-message|AnimeZZZZ5 forfeited.
|
|win|Blitzkrieg1632
|j| SoulblazeCharizard
|l|☆AnimeZZZZ5
