|j|☆Raakil
|j|☆digging your grave
|t:|1657684729
|gametype|singles
|player|p1|Raakil|unknown|1549
|player|p2|digging your grave|byron|1579
|teamsize|p1|6
|teamsize|p2|6
|gen|8
|tier|[Gen 8] National Dex AG
|rated|
|rule|HP Percentage Mod: HP is shown in percentages
|rule|Endless Battle Clause: Forcing endless battles is banned
|clearpoke
|poke|p1|Serperior, M|
|poke|p1|Melmetal|
|poke|p1|Zacian-*|
|poke|p1|Rayquaza|
|poke|p1|Groudon|
|poke|p1|Marshadow|
|poke|p2|Yveltal|
|poke|p2|Rayquaza|
|poke|p2|Arceus-*|
|poke|p2|Zygarde|
|poke|p2|Necrozma-Dusk-Mane|
|poke|p2|Deoxys-Attack|
|teampreview
|inactive|Battle timer is ON: inactive players will automatically lose when time's up. (requested by Raakil)
|
|t:|1657684741
|start
|switch|p1a: Fullmetal|Melmetal|100/100
|switch|p2a: Deoxys|Deoxys-Attack|100/100
|-ability|p2a: Deoxys|Pressure
|turn|1
|
|t:|1657684744
|move|p2a: Deoxys|Stealth Rock|p1a: Fullmetal
|-sidestart|p1: Raakil|move: Stealth Rock
|move|p1a: Fullmetal|Double Iron Bash|p2a: Deoxys
|-enditem|p2a: Deoxys|Focus Sash
|-damage|p2a: Deoxys|1/100
|-damage|p2a: Deoxys|0 fnt
|faint|p2a: Deoxys
|-hitcount|p2: Deoxys|2
|
|upkeep
|j| Zeraoraoraora807
|
|t:|1657684761
|switch|p2a: Necrozma|Necrozma-Dusk-Mane|100/100
|turn|2
|
|t:|1657684784
|-start|p1a: Fullmetal|Dynamax|Gmax
|-heal|p1a: Fullmetal|100/100|[silent]
|move|p2a: Necrozma|Dragon Dance|p2a: Necrozma
|-boost|p2a: Necrozma|atk|1
|-boost|p2a: Necrozma|spe|1
|move|p1a: Fullmetal|Max Quake|p2a: Necrozma
|-supereffective|p2a: Necrozma
|-damage|p2a: Necrozma|37/100
|-boost|p1a: Fullmetal|spd|1
|
|upkeep
|turn|3
|
|t:|1657684794
|switch|p2a: Yveltal|Yveltal|100/100
|-ability|p2a: Yveltal|Dark Aura
|move|p1a: Fullmetal|Max Quake|p2a: Yveltal
|-immune|p2a: Yveltal
|
|upkeep
|turn|4
|
|t:|1657684803
|-start|p2a: Yveltal|Dynamax|
|-heal|p2a: Yveltal|100/100|[silent]
|move|p2a: Yveltal|Max Airstream|p1a: Fullmetal
|-resisted|p1a: Fullmetal
|-crit|p1a: Fullmetal
|-damage|p1a: Fullmetal|66/100
|-boost|p2a: Yveltal|spe|1
|-damage|p2a: Yveltal|96/100|[from] item: Life Orb
|move|p1a: Fullmetal|Max Lightning|p2a: Yveltal
|-supereffective|p2a: Yveltal
|-damage|p2a: Yveltal|46/100
|-fieldstart|move: Electric Terrain
|
|upkeep
|-end|p1a: Fullmetal|Dynamax
|-heal|p1a: Fullmetal|66/100|[silent]
|turn|5
|
|t:|1657684815
|move|p2a: Yveltal|Max Flare|p1a: Fullmetal
|-supereffective|p1a: Fullmetal
|-damage|p1a: Fullmetal|0 fnt
|-weather|SunnyDay
|faint|p1a: Fullmetal
|-damage|p2a: Yveltal|41/100|[from] item: Life Orb
|
|-weather|SunnyDay|[upkeep]
|upkeep
|j| LocalMetagross
|j| IAmJklol
|inactive|Raakil has 120 seconds left.
|
|t:|1657684851
|switch|p1a: Zacian|Zacian-Crowned|100/100
|-damage|p1a: Zacian|94/100|[from] Stealth Rock
|-ability|p1a: Zacian|Intrepid Sword|boost
|-boost|p1a: Zacian|atk|1
|turn|6
|l| IAmJklol
|
|t:|1657684855
|move|p2a: Yveltal|Max Flare|p1a: Zacian
|-supereffective|p1a: Zacian
|-damage|p1a: Zacian|0 fnt
|faint|p1a: Zacian
|-damage|p2a: Yveltal|36/100|[from] item: Life Orb
|
|-weather|SunnyDay|[upkeep]
|upkeep
|inactive|Raakil has 120 seconds left.
|-message|Raakil forfeited.
|
|win|digging your grave
|raw|Raakil's rating: 1549 &rarr; <strong>1531</strong><br />(-18 for losing)
|raw|digging your grave's rating: 1579 &rarr; <strong>1597</strong><br />(+18 for winning)
|l|☆Raakil
|l| LocalMetagross
||Ladder isn't responding, score probably updated but might not have (Request timeout).
