|j|☆Sussy Site
|j|☆Truthankamon
|inactive|Battle timer is ON: inactive players will automatically lose when time's up.
|t:|1652017501
|gametype|singles
|player|p1|Sussy Site|caitlin|
|player|p2|Truthankamon|265|
|teamsize|p1|6
|teamsize|p2|6
|gen|8
|tier|[Gen 8] National Dex AG
|rated|Tournament battle
|rule|HP Percentage Mod: HP is shown in percentages
|rule|Endless Battle Clause: Forcing endless battles is banned
|clearpoke
|poke|p1|Skarmory, M|
|poke|p1|Zacian-*|
|poke|p1|Yveltal|
|poke|p1|Rayquaza|
|poke|p1|Ditto|
|poke|p1|Calyrex-Shadow|
|poke|p2|Zacian-*|
|poke|p2|Zygarde|
|poke|p2|Necrozma-Dusk-Mane|
|poke|p2|Ditto|
|poke|p2|Rayquaza|
|poke|p2|Arceus-*|
|teampreview
|inactive|Sussy Site also wants the timer to be on.
|c|☆Truthankamon|Hf
|c|☆Sussy Site|no u
|c|☆Truthankamon|No fun?
|inactive|Sussy Site has 120 seconds left.
|c|☆Truthankamon|Ok, let's stall
|j| Allison517
|inactive|Sussy Site has 90 seconds left.
|c|☆Sussy Site|salty human?
|
|t:|1652017579
|start
|switch|p1a: Rayquaza|Rayquaza|100/100
|switch|p2a: Rayquaza|Rayquaza|100/100
|-ability|p2a: Rayquaza|Air Lock
|-ability|p1a: Rayquaza|Air Lock
|turn|1
|c|☆Truthankamon|?
|inactive|Sussy Site has 120 seconds left.
|
|t:|1652017604
|switch|p2a: Necrozma|Necrozma-Dusk-Mane|100/100
|switch|p1a: Zacian|Zacian-Crowned|100/100
|-ability|p1a: Zacian|Intrepid Sword|boost
|-boost|p1a: Zacian|atk|1
|
|upkeep
|turn|2
|inactive|Sussy Site has 120 seconds left.
|
|t:|1652017620
|switch|p1a: Rayquaza|Rayquaza|100/100
|-ability|p1a: Rayquaza|Air Lock
|move|p2a: Necrozma|Stealth Rock|p1a: Rayquaza
|-sidestart|p1: Sussy Site|move: Stealth Rock
|
|upkeep
|turn|3
|inactive|Sussy Site has 120 seconds left.
|
|t:|1652017632
|switch|p2a: Arceus|Arceus-Water|100/100
|detailschange|p1a: Rayquaza|Rayquaza-Mega
|-mega|p1a: Rayquaza|Rayquaza|
|-weather|DeltaStream|[from] ability: Delta Stream|[of] p1a: Rayquaza
|move|p1a: Rayquaza|V-create|p2a: Arceus
|-resisted|p2a: Arceus
|-damage|p2a: Arceus|70/100
|-unboost|p1a: Rayquaza|spe|1
|-unboost|p1a: Rayquaza|def|1
|-unboost|p1a: Rayquaza|spd|1
|
|-weather|DeltaStream|[upkeep]
|upkeep
|turn|4
|j| Shigeta9
|inactive|Sussy Site has 120 seconds left.
|
|t:|1652017648
|-weather|none
|switch|p1a: Ditto|Ditto|100/100
|-damage|p1a: Ditto|88/100|[from] Stealth Rock
|-transform|p1a: Ditto|p2a: Arceus|[from] ability: Imposter
|move|p2a: Arceus|Recover|p2a: Arceus
|-heal|p2a: Arceus|100/100
|
|upkeep
|turn|5
|inactive|Sussy Site has 120 seconds left.
|
|t:|1652017658
|switch|p2a: Zygarde|Zygarde|100/100
|move|p1a: Ditto|Defog|p2a: Zygarde
|-unboost|p2a: Zygarde|evasion|1
|-sideend|p1: Sussy Site|Stealth Rock|[from] move: Defog|[of] p1a: Ditto
|
|upkeep
|turn|6
|inactive|Sussy Site has 120 seconds left.
|l| Shigeta9
|
|t:|1652017679
|-start|p1a: Ditto|Dynamax|
|-heal|p1a: Ditto|88/100|[silent]
|move|p2a: Zygarde|Substitute|p2a: Zygarde
|-start|p2a: Zygarde|Substitute
|-damage|p2a: Zygarde|76/100
|move|p1a: Ditto|Max Hailstorm|p2a: Zygarde
|-supereffective|p2a: Zygarde
|-end|p2a: Zygarde|Substitute
|-weather|Hail
|
|-weather|Hail|[upkeep]
|-damage|p2a: Zygarde|69/100|[from] Hail
|-damage|p1a: Ditto|85/100|[from] Hail
|-heal|p2a: Zygarde|76/100|[from] item: Leftovers
|upkeep
|turn|7
|
|t:|1652017692
|switch|p2a: Necrozma|Necrozma-Dusk-Mane|100/100
|-end|p1a: Ditto|Dynamax
|-heal|p1a: Ditto|85/100|[silent]
|switch|p1a: Skarmory|Skarmory, M|100/100
|
|-weather|Hail|[upkeep]
|-damage|p2a: Necrozma|94/100|[from] Hail
|-damage|p1a: Skarmory|95/100|[from] Hail
|upkeep
|turn|8
|
|t:|1652017707
|switch|p1a: Calyrex|Calyrex-Shadow|100/100
|-ability|p1a: Calyrex|As One
|-ability|p1a: Calyrex|Unnerve
|move|p2a: Necrozma|Knock Off|p1a: Calyrex
|-supereffective|p1a: Calyrex
|-damage|p1a: Calyrex|1/100
|
|-weather|Hail|[upkeep]
|-damage|p1a: Calyrex|0 fnt|[from] Hail
|-damage|p2a: Necrozma|88/100|[from] Hail
|faint|p1a: Calyrex
|upkeep
|
|t:|1652017725
|switch|p1a: Blitzkrieg|Yveltal, shiny|100/100
|-ability|p1a: Blitzkrieg|Dark Aura
|turn|9
|inactive|Truthankamon has 120 seconds left.
|l| Allison517
|l|☆Truthankamon
|inactive|Truthankamon disconnected and has a minute to reconnect!
|player|p2|
|j|☆Truthankamon
|inactive|Truthankamon reconnected and has 95 seconds left.
|player|p2|Truthankamon|265
|inactive|Truthankamon has 90 seconds left.
|
|t:|1652017787
|move|p1a: Blitzkrieg|Dark Pulse|p2a: Necrozma
|-supereffective|p2a: Necrozma
|-damage|p2a: Necrozma|0 fnt
|faint|p2a: Necrozma
|-damage|p1a: Blitzkrieg|91/100|[from] item: Life Orb
|
|-weather|Hail|[upkeep]
|-damage|p1a: Blitzkrieg|85/100|[from] Hail
|upkeep
|inactive|Truthankamon has 90 seconds left.
|
|t:|1652017798
|switch|p2a: Rayquaza|Rayquaza|100/100
|-ability|p2a: Rayquaza|Air Lock
|turn|10
|
|t:|1652017808
|switch|p1a: Zacian|Zacian-Crowned|100/100
|-ability|p1a: Zacian|Intrepid Sword|boost
|-boost|p1a: Zacian|atk|1
|detailschange|p2a: Rayquaza|Rayquaza-Mega
|-mega|p2a: Rayquaza|Rayquaza|
|-weather|DeltaStream|[from] ability: Delta Stream|[of] p2a: Rayquaza
|move|p2a: Rayquaza|Dragon Ascent|p1a: Zacian
|-resisted|p1a: Zacian
|-damage|p1a: Zacian|53/100
|-unboost|p2a: Rayquaza|def|1
|-unboost|p2a: Rayquaza|spd|1
|-damage|p2a: Rayquaza|91/100|[from] item: Life Orb
|
|-weather|DeltaStream|[upkeep]
|upkeep
|turn|11
|inactive|Sussy Site has 120 seconds left.
|
|t:|1652017821
|-weather|none
|switch|p2a: Arceus|Arceus-Water|100/100
|move|p1a: Zacian|Behemoth Blade|p2a: Arceus
|-resisted|p2a: Arceus
|-damage|p2a: Arceus|75/100
|
|upkeep
|turn|12
|inactive|Sussy Site has 120 seconds left.
|
|t:|1652017829
|move|p1a: Zacian|Swords Dance|p1a: Zacian
|-boost|p1a: Zacian|atk|2
|move|p2a: Arceus|Judgment|p1a: Zacian
|-damage|p1a: Zacian|9/100
|
|upkeep
|turn|13
|
|t:|1652017836
|move|p1a: Zacian|Sacred Sword|p2a: Arceus
|-damage|p2a: Arceus|28/100
|move|p2a: Arceus|Recover|p2a: Arceus
|-heal|p2a: Arceus|78/100
|
|upkeep
|turn|14
|
|t:|1652017847
|move|p1a: Zacian|Behemoth Blade|p2a: Arceus
|-resisted|p2a: Arceus
|-damage|p2a: Arceus|36/100
|move|p2a: Arceus|Judgment|p1a: Zacian
|-damage|p1a: Zacian|0 fnt
|faint|p1a: Zacian
|
|upkeep
|
|t:|1652017857
|switch|p1a: Blitzkrieg|Yveltal, shiny|85/100
|-ability|p1a: Blitzkrieg|Dark Aura
|turn|15
|
|t:|1652017865
|move|p1a: Blitzkrieg|Dark Pulse|p2a: Arceus
|-damage|p2a: Arceus|0 fnt
|faint|p2a: Arceus
|-damage|p1a: Blitzkrieg|75/100|[from] item: Life Orb
|
|upkeep
|
|t:|1652017871
|switch|p2a: Zacian|Zacian-Crowned|100/100
|-ability|p2a: Zacian|Intrepid Sword|boost
|-boost|p2a: Zacian|atk|1
|turn|16
|
|t:|1652017880
|move|p2a: Zacian|Wild Charge|p1a: Blitzkrieg
|-supereffective|p1a: Blitzkrieg
|-damage|p1a: Blitzkrieg|0 fnt
|faint|p1a: Blitzkrieg
|-damage|p2a: Zacian|78/100|[from] Recoil
|
|upkeep
|
|t:|1652017886
|switch|p1a: Ditto|Ditto|85/100
|-transform|p1a: Ditto|p2a: Zacian|[from] ability: Imposter
|-ability|p1a: Ditto|Intrepid Sword|boost
|-boost|p1a: Ditto|atk|1
|turn|17
|
|t:|1652017901
|switch|p2a: Ditto|Ditto|100/100
|move|p1a: Ditto|Behemoth Blade|p2a: Ditto
|-damage|p2a: Ditto|0 fnt
|faint|p2a: Ditto
|
|upkeep
|
|t:|1652017904
|switch|p2a: Zygarde|Zygarde|76/100
|turn|18
|inactive|Truthankamon has 120 seconds left.
|
|t:|1652017966
|-start|p2a: Zygarde|Dynamax|
|-heal|p2a: Zygarde|76/100|[silent]
|move|p2a: Zygarde|Max Guard|p2a: Zygarde
|-singleturn|p2a: Zygarde|Max Guard
|move|p1a: Ditto|Behemoth Blade|p2a: Zygarde
|-activate|p2a: Zygarde|move: Max Guard
|
|-heal|p2a: Zygarde|79/100|[from] item: Leftovers
|upkeep
|turn|19
|
|t:|1652017975
|move|p1a: Ditto|Behemoth Blade|p2a: Zygarde
|-damage|p2a: Zygarde|0 fnt
|faint|p2a: Zygarde
|
|upkeep
|
|t:|1652017978
|switch|p2a: Rayquaza|Rayquaza-Mega|91/100
|-weather|DeltaStream|[from] ability: Delta Stream|[of] p2a: Rayquaza
|turn|20
|
|t:|1652017983
|move|p1a: Ditto|Behemoth Blade|p2a: Rayquaza
|-damage|p2a: Rayquaza|0 fnt
|faint|p2a: Rayquaza
|-weather|none
|
|upkeep
|inactive|Truthankamon has 120 seconds left.
|c|☆Truthankamon|I was distracted and i forgot about ditto lol
|
|t:|1652018000
|switch|p2a: Zacian|Zacian-Crowned|78/100
|-ability|p2a: Zacian|Intrepid Sword|boost
|-boost|p2a: Zacian|atk|1
|turn|21
|c|☆Truthankamon|Gg
|
|t:|1652018009
|move|p1a: Ditto|Behemoth Blade|p2a: Zacian
|-damage|p2a: Zacian|0 fnt
|faint|p2a: Zacian
|
|win|Sussy Site
|n|☆Sussy Site|sussysite
|n|☆Truthankamon|truthankamon
