|j|☆EndlessEmptiness
|j|☆CLEAR GEM清瑜
|t:|1665833771
|gametype|singles
|player|p1|EndlessEmptiness|maid|1723
|player|p2|CLEAR GEM清瑜|skierf|1858
|teamsize|p1|6
|teamsize|p2|6
|gen|8
|tier|[Gen 8] National Dex AG
|rated|
|rule|HP Percentage Mod: HP is shown in percentages
|rule|Endless Battle Clause: Forcing endless battles is banned
|clearpoke
|poke|p1|Deoxys-Attack|
|poke|p1|Groudon|
|poke|p1|Yveltal|
|poke|p1|Xerneas-*|
|poke|p1|Marshadow|
|poke|p1|Zekrom|
|poke|p2|Rayquaza|
|poke|p2|Groudon|
|poke|p2|Necrozma-Dusk-Mane|
|poke|p2|Arceus-*|
|poke|p2|Zacian-*|
|poke|p2|Yveltal|
|teampreview
|inactive|Battle timer is ON: inactive players will automatically lose when time's up. (requested by EndlessEmptiness)
|
|t:|1665833785
|start
|switch|p1a: Deoxys|Deoxys-Attack|100/100
|switch|p2a: 老烈|Rayquaza, shiny|100/100
|-ability|p1a: Deoxys|Pressure
|-ability|p2a: 老烈|Air Lock
|turn|1
|
|t:|1665833788
|detailschange|p2a: 老烈|Rayquaza-Mega, shiny
|-mega|p2a: 老烈|Rayquaza|
|-weather|DeltaStream|[from] ability: Delta Stream|[of] p2a: 老烈
|move|p1a: Deoxys|Psycho Boost|p2a: 老烈
|-crit|p2a: 老烈
|-damage|p2a: 老烈|0 fnt
|-unboost|p1a: Deoxys|spa|2
|faint|p2a: 老烈
|-weather|none
|
|upkeep
|
|t:|1665833794
|switch|p2a: 不会(?)|Groudon|100/100
|detailschange|p2a: 不会(?)|Groudon-Primal
|-primal|p2a: 不会(?)
|-weather|DesolateLand|[from] ability: Desolate Land|[of] p2a: 不会(?)
|turn|2
|
|t:|1665833798
|move|p1a: Deoxys|Stealth Rock|p2a: 不会(?)
|-sidestart|p2: CLEAR GEM清瑜|move: Stealth Rock
|move|p2a: 不会(?)|Stealth Rock|p1a: Deoxys
|-sidestart|p1: EndlessEmptiness|move: Stealth Rock
|
|-weather|DesolateLand|[upkeep]
|upkeep
|turn|3
|
|t:|1665833800
|move|p1a: Deoxys|Dark Pulse|p2a: 不会(?)
|-damage|p2a: 不会(?)|83/100
|cant|p2a: 不会(?)|flinch
|
|-weather|DesolateLand|[upkeep]
|upkeep
|turn|4
|
|t:|1665833804
|move|p1a: Deoxys|Dark Pulse|p2a: 不会(?)
|-damage|p2a: 不会(?)|64/100
|move|p2a: 不会(?)|Thunder Wave|p1a: Deoxys
|-status|p1a: Deoxys|par
|
|-weather|DesolateLand|[upkeep]
|upkeep
|turn|5
|
|t:|1665833809
|move|p2a: 不会(?)|Fire Punch|p1a: Deoxys
|-enditem|p1a: Deoxys|Focus Sash
|-damage|p1a: Deoxys|1/100 par
|move|p1a: Deoxys|Dark Pulse|p2a: 不会(?)
|-damage|p2a: 不会(?)|44/100
|
|-weather|DesolateLand|[upkeep]
|upkeep
|turn|6
|
|t:|1665833816
|-weather|none
|switch|p2a: 钢铁之躯|Necrozma-Dusk-Mane|100/100
|-damage|p2a: 钢铁之躯|94/100|[from] Stealth Rock
|cant|p1a: Deoxys|par
|
|upkeep
|turn|7
|
|t:|1665833820
|move|p2a: 钢铁之躯|Dragon Dance|p2a: 钢铁之躯
|-boost|p2a: 钢铁之躯|atk|1
|-boost|p2a: 钢铁之躯|spe|1
|move|p1a: Deoxys|Dark Pulse|p2a: 钢铁之躯
|-supereffective|p2a: 钢铁之躯
|-damage|p2a: 钢铁之躯|68/100
|
|upkeep
|turn|8
|
|t:|1665833827
|move|p2a: 钢铁之躯|Earthquake|p1a: Deoxys
|-damage|p1a: Deoxys|0 fnt
|faint|p1a: Deoxys
|
|upkeep
|
|t:|1665833830
|switch|p1a: Yveltal|Yveltal|100/100
|-damage|p1a: Yveltal|76/100|[from] Stealth Rock
|-ability|p1a: Yveltal|Dark Aura
|turn|9
|
|t:|1665833835
|detailschange|p2a: 钢铁之躯|Necrozma-Ultra
|-burst|p2a: 钢铁之躯|Necrozma|Ultranecrozium Z
|-start|p1a: Yveltal|Dynamax|
|-heal|p1a: Yveltal|76/100|[silent]
|move|p2a: 钢铁之躯|Stone Edge|p1a: Yveltal
|-supereffective|p1a: Yveltal
|-damage|p1a: Yveltal|0 fnt
|faint|p1a: Yveltal
|
|upkeep
|
|t:|1665833840
|switch|p1a: Groudon|Groudon|100/100
|-damage|p1a: Groudon|94/100|[from] Stealth Rock
|detailschange|p1a: Groudon|Groudon-Primal
|-primal|p1a: Groudon
|-weather|DesolateLand|[from] ability: Desolate Land|[of] p1a: Groudon
|turn|10
|
|t:|1665833844
|move|p2a: 钢铁之躯|Earthquake|p1a: Groudon
|-supereffective|p1a: Groudon
|-damage|p1a: Groudon|0 fnt
|faint|p1a: Groudon
|-weather|none
|
|upkeep
|
|t:|1665833846
|switch|p1a: Xerneas|Xerneas|100/100
|-damage|p1a: Xerneas|88/100|[from] Stealth Rock
|-ability|p1a: Xerneas|Fairy Aura
|turn|11
|
|t:|1665833849
|-zpower|p2a: 钢铁之躯
|move|p2a: 钢铁之躯|Light That Burns the Sky|p1a: Xerneas|[zeffect]
|-damage|p1a: Xerneas|0 fnt
|faint|p1a: Xerneas
|
|upkeep
|
|t:|1665833852
|switch|p1a: Zekrom|Zekrom|100/100
|-damage|p1a: Zekrom|88/100|[from] Stealth Rock
|-ability|p1a: Zekrom|Teravolt
|turn|12
|
|t:|1665833854
|move|p2a: 钢铁之躯|Earthquake|p1a: Zekrom
|-supereffective|p1a: Zekrom
|-damage|p1a: Zekrom|0 fnt
|faint|p1a: Zekrom
|
|upkeep
|
|t:|1665833856
|switch|p1a: Marshadow|Marshadow|100/100
|-damage|p1a: Marshadow|94/100|[from] Stealth Rock
|turn|13
|
|t:|1665833857
|move|p2a: 钢铁之躯|Photon Geyser|p1a: Marshadow
|-supereffective|p1a: Marshadow
|-damage|p1a: Marshadow|0 fnt
|faint|p1a: Marshadow
|
|win|CLEAR GEM清瑜
|raw|EndlessEmptiness's rating: 1723 &rarr; <strong>1710</strong><br />(-13 for losing)
|raw|CLEAR GEM清瑜's rating: 1858 &rarr; <strong>1871</strong><br />(+13 for winning)
|l|☆EndlessEmptiness
