|j|☆soda49
|j|☆starkorea74
|t:|1640620651
|gametype|singles
|player|p1|soda49|266|1698
|player|p2|starkorea74|2|1957
|teamsize|p1|6
|teamsize|p2|6
|gen|8
|tier|[Gen 8] National Dex AG
|rated|
|rule|HP Percentage Mod: HP is shown in percentages
|rule|Endless Battle Clause: Forcing endless battles is banned
|clearpoke
|poke|p1|Smeargle, M|
|poke|p1|Charizard, F|
|poke|p1|Mimikyu, F|
|poke|p1|Whimsicott, M|
|poke|p1|Calyrex-Shadow|
|poke|p1|Rayquaza|
|poke|p2|Groudon|
|poke|p2|Rayquaza|
|poke|p2|Arceus-*|
|poke|p2|Ho-Oh|
|poke|p2|Necrozma-Dusk-Mane|
|poke|p2|Yveltal|
|teampreview
|inactive|Battle timer is ON: inactive players will automatically lose when time's up. (requested by soda49)
|
|t:|1640620656
|start
|switch|p1a: Charizard|Charizard, F|100/100
|switch|p2a: Rayquaza|Rayquaza|100/100
|-ability|p2a: Rayquaza|Air Lock
|turn|1
|inactive|starkorea74 has 120 seconds left.
|
|t:|1640620690
|detailschange|p2a: Rayquaza|Rayquaza-Mega
|-mega|p2a: Rayquaza|Rayquaza|
|-weather|DeltaStream|[from] ability: Delta Stream|[of] p2a: Rayquaza
|-start|p1a: Charizard|Dynamax
|-formechange|p1a: Charizard|Charizard-Gmax
|-heal|p1a: Charizard|100/100|[silent]
|move|p2a: Rayquaza|Dragon Ascent|p1a: Charizard
|-damage|p1a: Charizard|4/100
|-unboost|p2a: Rayquaza|def|1
|-unboost|p2a: Rayquaza|spd|1
|move|p1a: Charizard|Max Airstream|p2a: Rayquaza
|-damage|p2a: Rayquaza|0 fnt
|-boost|p1a: Charizard|spe|1
|faint|p2a: Rayquaza
|-weather|none
|
|upkeep
|inactive|starkorea74 has 120 seconds left.
|
|t:|1640620706
|switch|p2a: Ho-Oh|Ho-Oh|100/100
|turn|2
|
|t:|1640620716
|move|p1a: Charizard|Max Strike|p2a: Ho-Oh
|-damage|p2a: Ho-Oh|74/100
|-unboost|p2a: Ho-Oh|spe|1
|move|p2a: Ho-Oh|Sacred Fire|p1a: Charizard
|-resisted|p1a: Charizard
|-damage|p1a: Charizard|0 fnt
|faint|p1a: Charizard
|
|upkeep
|
|t:|1640620718
|switch|p1a: The wobbler|Smeargle, M|100/100
|turn|3
|
|t:|1640620728
|move|p1a: The wobbler|Spore|p2a: Ho-Oh
|-status|p2a: Ho-Oh|slp|[from] move: Spore
|cant|p2a: Ho-Oh|slp
|
|-ability|p1a: The wobbler|Moody|boost
|-boost|p1a: The wobbler|spe|2
|-unboost|p1a: The wobbler|spd|1
|upkeep
|turn|4
|
|t:|1640620734
|move|p1a: The wobbler|Substitute|p1a: The wobbler
|-start|p1a: The wobbler|Substitute
|-damage|p1a: The wobbler|76/100
|cant|p2a: Ho-Oh|slp
|
|-heal|p1a: The wobbler|82/100|[from] item: Leftovers
|-ability|p1a: The wobbler|Moody|boost
|-boost|p1a: The wobbler|def|2
|-unboost|p1a: The wobbler|spa|1
|upkeep
|turn|5
|
|t:|1640620743
|switch|p2a: Groudon|Groudon|100/100
|detailschange|p2a: Groudon|Groudon-Primal
|-primal|p2a: Groudon
|-weather|DesolateLand|[from] ability: Desolate Land|[of] p2a: Groudon
|move|p1a: The wobbler|Shell Smash|p1a: The wobbler
|-unboost|p1a: The wobbler|def|1
|-unboost|p1a: The wobbler|spd|1
|-boost|p1a: The wobbler|atk|2
|-boost|p1a: The wobbler|spa|2
|-boost|p1a: The wobbler|spe|2
|
|-weather|DesolateLand|[upkeep]
|-heal|p1a: The wobbler|88/100|[from] item: Leftovers
|-ability|p1a: The wobbler|Moody|boost
|-boost|p1a: The wobbler|def|2
|-unboost|p1a: The wobbler|spd|1
|upkeep
|turn|6
|
|t:|1640620757
|move|p1a: The wobbler|Spore|p2a: Groudon
|-status|p2a: Groudon|slp|[from] move: Spore
|cant|p2a: Groudon|slp
|
|-weather|DesolateLand|[upkeep]
|-heal|p1a: The wobbler|94/100|[from] item: Leftovers
|-ability|p1a: The wobbler|Moody|boost
|-boost|p1a: The wobbler|def|2
|-unboost|p1a: The wobbler|spe|1
|upkeep
|turn|7
|
|t:|1640620766
|move|p1a: The wobbler|Power Trip|p2a: Groudon
|-damage|p2a: Groudon|64/100 slp
|cant|p2a: Groudon|slp
|
|-weather|DesolateLand|[upkeep]
|-heal|p1a: The wobbler|99/100|[from] item: Leftovers
|-ability|p1a: The wobbler|Moody|boost
|-boost|p1a: The wobbler|spe|2
|-unboost|p1a: The wobbler|def|1
|upkeep
|turn|8
|
|t:|1640620776
|move|p1a: The wobbler|Power Trip|p2a: Groudon
|-damage|p2a: Groudon|26/100 slp
|-curestatus|p2a: Groudon|slp|[msg]
|move|p2a: Groudon|Roar|p1a: The wobbler
|drag|p1a: Whimsicott|Whimsicott, M|100/100
|
|-weather|DesolateLand|[upkeep]
|upkeep
|turn|9
|
|t:|1640620799
|-weather|none
|switch|p2a: Arceus|Arceus-Dark|100/100
|move|p1a: Whimsicott|Moonblast|p2a: Arceus
|-supereffective|p2a: Arceus
|-damage|p2a: Arceus|75/100
|-unboost|p2a: Arceus|spa|1
|
|upkeep
|turn|10
|
|t:|1640620807
|move|p1a: Whimsicott|Moonblast|p2a: Arceus
|-supereffective|p2a: Arceus
|-damage|p2a: Arceus|50/100
|move|p2a: Arceus|Recover|p2a: Arceus
|-heal|p2a: Arceus|99/100
|
|upkeep
|turn|11
|
|t:|1640620817
|move|p1a: Whimsicott|Moonblast|p2a: Arceus
|-supereffective|p2a: Arceus
|-damage|p2a: Arceus|74/100
|move|p2a: Arceus|Calm Mind|p2a: Arceus
|-boost|p2a: Arceus|spa|1
|-boost|p2a: Arceus|spd|1
|
|upkeep
|turn|12
|
|t:|1640620824
|move|p1a: Whimsicott|Moonblast|p2a: Arceus
|-supereffective|p2a: Arceus
|-damage|p2a: Arceus|55/100
|move|p2a: Arceus|Calm Mind|p2a: Arceus
|-boost|p2a: Arceus|spa|1
|-boost|p2a: Arceus|spd|1
|
|upkeep
|turn|13
|
|t:|1640620834
|move|p1a: Whimsicott|Moonblast|p2a: Arceus
|-supereffective|p2a: Arceus
|-damage|p2a: Arceus|42/100
|move|p2a: Arceus|Recover|p2a: Arceus
|-heal|p2a: Arceus|92/100
|
|upkeep
|turn|14
|j| pokemasterbrendan
|
|t:|1640620840
|move|p1a: Whimsicott|Moonblast|p2a: Arceus
|-supereffective|p2a: Arceus
|-damage|p2a: Arceus|78/100
|-unboost|p2a: Arceus|spa|1
|move|p2a: Arceus|Calm Mind|p2a: Arceus
|-boost|p2a: Arceus|spa|1
|-boost|p2a: Arceus|spd|1
|
|upkeep
|turn|15
|
|t:|1640620847
|move|p1a: Whimsicott|Defog|p2a: Arceus
|-hint|Since gen 7, Dark is immune to Prankster moves.
|-immune|p2a: Arceus
|move|p2a: Arceus|Calm Mind|p2a: Arceus
|-boost|p2a: Arceus|spa|1
|-boost|p2a: Arceus|spd|1
|
|upkeep
|turn|16
|
|t:|1640620852
|move|p1a: Whimsicott|Moonblast|p2a: Arceus
|-supereffective|p2a: Arceus
|-damage|p2a: Arceus|70/100
|move|p2a: Arceus|Calm Mind|p2a: Arceus
|-boost|p2a: Arceus|spa|1
|-boost|p2a: Arceus|spd|1
|
|upkeep
|turn|17
|
|t:|1640620861
|move|p1a: Whimsicott|Moonblast|p2a: Arceus
|-supereffective|p2a: Arceus
|-damage|p2a: Arceus|62/100
|move|p2a: Arceus|Recover|p2a: Arceus
|-heal|p2a: Arceus|100/100
|
|upkeep
|turn|18
|
|t:|1640620867
|move|p1a: Whimsicott|Moonblast|p2a: Arceus
|-supereffective|p2a: Arceus
|-damage|p2a: Arceus|92/100
|move|p2a: Arceus|Calm Mind|p2a: Arceus
|-boost|p2a: Arceus|spa|1
|-boost|p2a: Arceus|spd|1
|
|upkeep
|turn|19
|
|t:|1640620873
|move|p1a: Whimsicott|Moonblast|p2a: Arceus
|-supereffective|p2a: Arceus
|-damage|p2a: Arceus|85/100
|-unboost|p2a: Arceus|spa|1
|move|p2a: Arceus|Judgment|p1a: Whimsicott
|-resisted|p1a: Whimsicott
|-crit|p1a: Whimsicott
|-enditem|p1a: Whimsicott|Focus Sash
|-damage|p1a: Whimsicott|1/100
|
|upkeep
|turn|20
|
|t:|1640620881
|move|p1a: Whimsicott|Moonblast|p2a: Arceus
|-supereffective|p2a: Arceus
|-damage|p2a: Arceus|78/100
|move|p2a: Arceus|Calm Mind|p2a: Arceus
|-boost|p2a: Arceus|spa|1
|-boost|p2a: Arceus|spd|0
|
|upkeep
|turn|21
|
|t:|1640620888
|move|p1a: Whimsicott|Moonblast|p2a: Arceus
|-supereffective|p2a: Arceus
|-damage|p2a: Arceus|71/100
|move|p2a: Arceus|Calm Mind|p2a: Arceus
|-boost|p2a: Arceus|spa|1
|-boost|p2a: Arceus|spd|0
|
|upkeep
|turn|22
|
|t:|1640620894
|move|p1a: Whimsicott|Moonblast|p2a: Arceus
|-supereffective|p2a: Arceus
|-damage|p2a: Arceus|64/100
|-unboost|p2a: Arceus|spa|1
|move|p2a: Arceus|Calm Mind|p2a: Arceus
|-boost|p2a: Arceus|spa|1
|-boost|p2a: Arceus|spd|0
|
|upkeep
|turn|23
|j| Makaai-sama X
|
|t:|1640620901
|move|p1a: Whimsicott|Moonblast|p2a: Arceus
|-supereffective|p2a: Arceus
|-damage|p2a: Arceus|57/100
|move|p2a: Arceus|Calm Mind|p2a: Arceus
|-boost|p2a: Arceus|spa|1
|-boost|p2a: Arceus|spd|0
|
|upkeep
|turn|24
|
|t:|1640620907
|move|p1a: Whimsicott|Moonblast|p2a: Arceus
|-supereffective|p2a: Arceus
|-damage|p2a: Arceus|50/100
|-unboost|p2a: Arceus|spa|1
|move|p2a: Arceus|Recover|p2a: Arceus
|-heal|p2a: Arceus|100/100
|
|upkeep
|turn|25
|c| pokemasterbrendan|it sweeps now i guess
|
|t:|1640620922
|move|p1a: Whimsicott|Moonblast|p2a: Arceus
|-supereffective|p2a: Arceus
|-damage|p2a: Arceus|94/100
|move|p2a: Arceus|Judgment|p1a: Whimsicott
|-resisted|p1a: Whimsicott
|-damage|p1a: Whimsicott|0 fnt
|faint|p1a: Whimsicott
|
|upkeep
|
|t:|1640620925
|switch|p1a: Mimikyu|Mimikyu, F|100/100
|turn|26
|
|t:|1640620930
|move|p2a: Arceus|Judgment|p1a: Mimikyu
|-activate|p1a: Mimikyu|ability: Disguise
|-damage|p1a: Mimikyu|100/100
|detailschange|p1a: Mimikyu|Mimikyu-Busted, F
|-damage|p1a: Mimikyu|88/100|[from] pokemon: Mimikyu-Busted
|move|p1a: Mimikyu|Trick Room|p1a: Mimikyu
|-fieldstart|move: Trick Room|[of] p1a: Mimikyu
|
|upkeep
|turn|27
|
|t:|1640620941
|move|p1a: Mimikyu|Curse|p2a: Arceus
|-start|p2a: Arceus|Curse|[of] p1a: Mimikyu
|-damage|p1a: Mimikyu|38/100
|move|p2a: Arceus|Recover|p2a: Arceus
|-heal|p2a: Arceus|100/100
|
|-damage|p2a: Arceus|75/100|[from] Curse
|upkeep
|turn|28
|
|t:|1640620949
|move|p1a: Mimikyu|Play Rough|p2a: Arceus
|-supereffective|p2a: Arceus
|-damage|p2a: Arceus|24/100
|move|p2a: Arceus|Judgment|p1a: Mimikyu
|-crit|p1a: Mimikyu
|-damage|p1a: Mimikyu|0 fnt
|faint|p1a: Mimikyu
|
|-damage|p2a: Arceus|0 fnt|[from] Curse
|faint|p2a: Arceus
|upkeep
|j| PCG_Rinka
|
|t:|1640620958
|switch|p1a: The wobbler|Smeargle, M|99/100
|switch|p2a: Yveltal|Yveltal|100/100
|-ability|p2a: Yveltal|Dark Aura
|turn|29
|
|t:|1640620966
|switch|p2a: Ho-Oh|Ho-Oh|100/100 slp
|move|p1a: The wobbler|Spore|p2a: Ho-Oh
|-fail|p2a: Ho-Oh|slp
|
|-heal|p1a: The wobbler|100/100|[from] item: Leftovers
|-ability|p1a: The wobbler|Moody|boost
|-boost|p1a: The wobbler|atk|2
|-unboost|p1a: The wobbler|spd|1
|upkeep
|turn|30
|
|t:|1640620977
|switch|p2a: Groudon|Groudon-Primal|26/100
|-weather|DesolateLand|[from] ability: Desolate Land|[of] p2a: Groudon
|move|p1a: The wobbler|Substitute|p1a: The wobbler
|-start|p1a: The wobbler|Substitute
|-damage|p1a: The wobbler|76/100
|
|-weather|DesolateLand|[upkeep]
|-heal|p1a: The wobbler|82/100|[from] item: Leftovers
|-fieldend|move: Trick Room
|-ability|p1a: The wobbler|Moody|boost
|-boost|p1a: The wobbler|atk|2
|-unboost|p1a: The wobbler|spe|1
|upkeep
|turn|31
|
|t:|1640620993
|move|p1a: The wobbler|Spore|p2a: Groudon
|-status|p2a: Groudon|slp|[from] move: Spore
|cant|p2a: Groudon|slp
|
|-weather|DesolateLand|[upkeep]
|-heal|p1a: The wobbler|88/100|[from] item: Leftovers
|-ability|p1a: The wobbler|Moody|boost
|-boost|p1a: The wobbler|spe|2
|-unboost|p1a: The wobbler|spa|1
|upkeep
|turn|32
|l|☆soda49
|inactive|soda49 disconnected and has a minute to reconnect!
|player|p1|
|j|☆soda49
|inactive|soda49 reconnected and has 140 seconds left.
|player|p1|soda49|266
|
|t:|1640621009
|move|p1a: The wobbler|Shell Smash|p1a: The wobbler
|-unboost|p1a: The wobbler|def|1
|-unboost|p1a: The wobbler|spd|1
|-boost|p1a: The wobbler|atk|2
|-boost|p1a: The wobbler|spa|2
|-boost|p1a: The wobbler|spe|2
|cant|p2a: Groudon|slp
|
|-weather|DesolateLand|[upkeep]
|-heal|p1a: The wobbler|94/100|[from] item: Leftovers
|-ability|p1a: The wobbler|Moody|boost
|-boost|p1a: The wobbler|spe|2
|-unboost|p1a: The wobbler|atk|1
|upkeep
|turn|33
|
|t:|1640621020
|move|p1a: The wobbler|Power Trip|p2a: Groudon
|-damage|p2a: Groudon|0 fnt
|faint|p2a: Groudon
|-weather|none
|
|-heal|p1a: The wobbler|99/100|[from] item: Leftovers
|-ability|p1a: The wobbler|Moody|boost
|-boost|p1a: The wobbler|spa|2
|-unboost|p1a: The wobbler|def|1
|upkeep
|
|t:|1640621030
|switch|p2a: Yveltal|Yveltal|100/100
|-ability|p2a: Yveltal|Dark Aura
|turn|34
|
|t:|1640621036
|move|p1a: The wobbler|Spore|p2a: Yveltal
|-status|p2a: Yveltal|slp|[from] move: Spore
|cant|p2a: Yveltal|slp
|
|-heal|p1a: The wobbler|100/100|[from] item: Leftovers
|-ability|p1a: The wobbler|Moody|boost
|-boost|p1a: The wobbler|spd|2
|-unboost|p1a: The wobbler|def|1
|upkeep
|turn|35
|
|t:|1640621046
|-start|p2a: Yveltal|Dynamax
|-heal|p2a: Yveltal|100/100 slp|[silent]
|move|p1a: The wobbler|Shell Smash|p1a: The wobbler
|-unboost|p1a: The wobbler|def|1
|-unboost|p1a: The wobbler|spd|1
|-boost|p1a: The wobbler|atk|1
|-boost|p1a: The wobbler|spa|2
|-boost|p1a: The wobbler|spe|1
|cant|p2a: Yveltal|slp
|
|-ability|p1a: The wobbler|Moody|boost
|-boost|p1a: The wobbler|spa|1
|-unboost|p1a: The wobbler|spd|1
|upkeep
|turn|36
|
|t:|1640621058
|move|p1a: The wobbler|Power Trip|p2a: Yveltal
|-resisted|p2a: Yveltal
|-damage|p2a: Yveltal|43/100 slp
|cant|p2a: Yveltal|slp
|
|-ability|p1a: The wobbler|Moody|boost
|-boost|p1a: The wobbler|def|2
|-unboost|p1a: The wobbler|spe|1
|upkeep
|turn|37
|c|☆starkorea74|gg
|
|t:|1640621068
|move|p1a: The wobbler|Power Trip|p2a: Yveltal
|-resisted|p2a: Yveltal
|-damage|p2a: Yveltal|0 fnt
|faint|p2a: Yveltal
|
|-ability|p1a: The wobbler|Moody|boost
|-boost|p1a: The wobbler|spe|1
|-unboost|p1a: The wobbler|atk|1
|upkeep
|-message|starkorea74 forfeited.
|
|win|soda49
|raw|soda49's rating: 1698 &rarr; <strong>1731</strong><br />(+33 for winning)
|raw|starkorea74's rating: 1957 &rarr; <strong>1924</strong><br />(-33 for losing)
|l|☆starkorea74
|c| pokemasterbrendan|gg
|c|☆soda49|Gg
|l| Makaai-sama X
|l| pokemasterbrendan
|l| PCG_Rinka
