|j|☆85792195wwww
|j|☆Jayki11
|player|p1|85792195wwww|lady|1816
|player|p2|Jayki11|red|1664
|teamsize|p1|6
|teamsize|p2|6
|gametype|singles
|gen|8
|tier|[Gen 8] National Dex AG
|rated|
|clearpoke
|poke|p1|Zacian-Crowned|
|poke|p1|Rayquaza|
|poke|p1|Arceus-*|
|poke|p1|Arceus-*|
|poke|p1|Kyogre|
|poke|p1|Ditto|
|poke|p2|Zygarde|
|poke|p2|Yveltal|
|poke|p2|Marshadow|
|poke|p2|Groudon|
|poke|p2|Zacian-Crowned|
|poke|p2|Ho-Oh|
|rule|HP Percentage Mod: HP is shown in percentages
|rule|Endless Battle Clause: Forcing endless battles is banned
|teampreview
|
|start
|switch|p1a: Arceus|Arceus-Electric|100/100
|switch|p2a: Groudon|Groudon|100/100
|detailschange|p2a: Groudon|Groudon-Primal
|-primal|p2a: Groudon
|-weather|DesolateLand|[from] ability: Desolate Land|[of] p2a: Groudon
|turn|1
|inactive|Battle timer is ON: inactive players will automatically lose when time's up. (requested by Jayki11)
|
|move|p1a: Arceus|Earth Power|p2a: Groudon
|-supereffective|p2a: Groudon
|-damage|p2a: Groudon|55/100
|move|p2a: Groudon|Precipice Blades|p1a: Arceus
|-supereffective|p1a: Arceus
|-damage|p1a: Arceus|5/100
|
|-weather|DesolateLand|[upkeep]
|upkeep
|turn|2
|
|-weather|none
|switch|p2a: Yveltal|Yveltal|100/100
|-ability|p2a: Yveltal|Dark Aura
|move|p1a: Arceus|Earth Power|p2a: Yveltal
|-immune|p2a: Yveltal
|
|upkeep
|turn|3
|
|switch|p1a: Zacian|Zacian-Crowned|100/100
|-ability|p1a: Zacian|Intrepid Sword|boost
|-boost|p1a: Zacian|atk|1
|-start|p2a: Yveltal|Dynamax
|-heal|p2a: Yveltal|100/100|[silent]
|move|p2a: Yveltal|Max Airstream|p1a: Zacian
|-resisted|p1a: Zacian
|-damage|p1a: Zacian|59/100
|-boost|p2a: Yveltal|spe|1
|-damage|p2a: Yveltal|96/100|[from] item: Life Orb
|
|upkeep
|turn|4
|
|switch|p1a: Kyogre|Kyogre|100/100
|detailschange|p1a: Kyogre|Kyogre-Primal
|-primal|p1a: Kyogre
|-weather|PrimordialSea|[from] ability: Primordial Sea|[of] p1a: Kyogre
|move|p2a: Yveltal|Max Flare||[still]
|-fail|p2a: Yveltal|Max Flare|[from] Primordial Sea
|
|-weather|PrimordialSea|[upkeep]
|upkeep
|turn|5
|
|-weather|none
|switch|p1a: Arceus|Arceus-Electric|5/100
|move|p2a: Yveltal|Max Darkness|p1a: Arceus
|-damage|p1a: Arceus|0 fnt
|-damage|p2a: Yveltal|91/100|[from] item: Life Orb
|faint|p1a: Arceus
|
|-end|p2a: Yveltal|Dynamax
|-heal|p2a: Yveltal|91/100|[silent]
|upkeep
|
|switch|p1a: Arceus|Arceus|100/100
|turn|6
|
|move|p2a: Yveltal|Dark Pulse|p1a: Arceus
|-crit|p1a: Arceus
|-damage|p1a: Arceus|5/100
|-damage|p2a: Yveltal|81/100|[from] item: Life Orb
|move|p1a: Arceus|Swords Dance|p1a: Arceus
|-boost|p1a: Arceus|atk|2
|
|upkeep
|turn|7
|
|move|p1a: Arceus|Extreme Speed|p2a: Yveltal
|-damage|p2a: Yveltal|0 fnt
|-damage|p1a: Arceus|0 fnt|[from] item: Life Orb
|faint|p2a: Yveltal
|faint|p1a: Arceus
|
|upkeep
|
|switch|p1a: Rayquaza|Rayquaza|100/100
|switch|p2a: Groudon|Groudon-Primal|55/100
|-ability|p1a: Rayquaza|Air Lock
|-weather|DesolateLand|[from] ability: Desolate Land|[of] p2a: Groudon
|turn|8
|
|detailschange|p1a: Rayquaza|Rayquaza-Mega
|-mega|p1a: Rayquaza|Rayquaza|
|-weather|DeltaStream|[from] ability: Delta Stream|[of] p1a: Rayquaza
|move|p1a: Rayquaza|Earthquake|p2a: Groudon
|-supereffective|p2a: Groudon
|-crit|p2a: Groudon
|-damage|p2a: Groudon|0 fnt
|-damage|p1a: Rayquaza|91/100|[from] item: Life Orb
|faint|p2a: Groudon
|
|-weather|DeltaStream|[upkeep]
|upkeep
|
|switch|p2a: Zacian|Zacian-Crowned|100/100
|-ability|p2a: Zacian|Intrepid Sword|boost
|-boost|p2a: Zacian|atk|1
|turn|9
|
|move|p2a: Zacian|Behemoth Blade|p1a: Rayquaza
|-damage|p1a: Rayquaza|0 fnt
|faint|p1a: Rayquaza
|-weather|none
|
|upkeep
|
|switch|p1a: Ditto|Ditto|100/100
|-transform|p1a: Ditto|p2a: Zacian|[from] ability: Imposter
|-ability|p1a: Ditto|Intrepid Sword|boost
|-boost|p1a: Ditto|atk|1
|turn|10
|
|switch|p2a: Ho-Oh|Ho-Oh|100/100
|move|p1a: Ditto|Behemoth Blade|p2a: Ho-Oh
|-resisted|p2a: Ho-Oh
|-damage|p2a: Ho-Oh|56/100
|
|upkeep
|turn|11
|
|switch|p1a: Kyogre|Kyogre-Primal|100/100
|-weather|PrimordialSea|[from] ability: Primordial Sea|[of] p1a: Kyogre
|move|p2a: Ho-Oh|Toxic|p1a: Kyogre
|-status|p1a: Kyogre|tox
|
|-weather|PrimordialSea|[upkeep]
|-damage|p1a: Kyogre|94/100 tox|[from] psn
|upkeep
|turn|12
|
|move|p1a: Kyogre|Water Spout|p2a: Ho-Oh
|-supereffective|p2a: Ho-Oh
|-damage|p2a: Ho-Oh|0 fnt
|faint|p2a: Ho-Oh
|
|-weather|PrimordialSea|[upkeep]
|-damage|p1a: Kyogre|82/100 tox|[from] psn
|upkeep
|
|switch|p2a: Marshadow|Marshadow|100/100
|turn|13
|
|move|p2a: Marshadow|Close Combat|p1a: Kyogre
|-crit|p1a: Kyogre
|-damage|p1a: Kyogre|7/100 tox
|-unboost|p2a: Marshadow|def|1
|-unboost|p2a: Marshadow|spd|1
|move|p1a: Kyogre|Scald|p2a: Marshadow
|-damage|p2a: Marshadow|0 fnt
|faint|p2a: Marshadow
|
|-weather|PrimordialSea|[upkeep]
|-damage|p1a: Kyogre|0 fnt|[from] psn
|faint|p1a: Kyogre
|-weather|none
|upkeep
|
|switch|p2a: Zacian|Zacian-Crowned|100/100
|switch|p1a: Zacian|Zacian-Crowned|59/100
|-ability|p2a: Zacian|Intrepid Sword|boost
|-boost|p2a: Zacian|atk|1
|-ability|p1a: Zacian|Intrepid Sword|boost
|-boost|p1a: Zacian|atk|1
|turn|14
|
|move|p2a: Zacian|Behemoth Blade|p1a: Zacian
|-damage|p1a: Zacian|0 fnt
|faint|p1a: Zacian
|
|upkeep
|
|switch|p1a: Ditto|Ditto|100/100
|-transform|p1a: Ditto|p2a: Zacian|[from] ability: Imposter
|-ability|p1a: Ditto|Intrepid Sword|boost
|-boost|p1a: Ditto|atk|1
|turn|15
|
|move|p1a: Ditto|Behemoth Blade|p2a: Zacian
|-damage|p2a: Zacian|0 fnt
|faint|p2a: Zacian
|
|upkeep
|
|switch|p2a: Zygarde|Zygarde|100/100
|turn|16
|
|move|p1a: Ditto|Behemoth Blade|p2a: Zygarde
|-crit|p2a: Zygarde
|-damage|p2a: Zygarde|0 fnt
|faint|p2a: Zygarde
|
|win|85792195wwww
