|j|☆chopforce8
|j|☆Hoenn Militian
|t:|1652438255
|gametype|singles
|player|p1|chopforce8|red|1896
|player|p2|Hoenn Militian|ingo|1860
|teamsize|p1|6
|teamsize|p2|6
|gen|8
|tier|[Gen 8] National Dex AG
|rated|
|rule|HP Percentage Mod: HP is shown in percentages
|rule|Endless Battle Clause: Forcing endless battles is banned
|clearpoke
|poke|p1|Yveltal|
|poke|p1|Diancie|
|poke|p1|Calyrex-Shadow|
|poke|p1|Zacian-*|
|poke|p1|Ditto|
|poke|p1|Arceus-*|
|poke|p2|Yveltal|
|poke|p2|Quagsire, F|
|poke|p2|Mamoswine, F|
|poke|p2|Shedinja|
|poke|p2|Kyogre|
|poke|p2|Zacian-*|
|teampreview
|
|t:|1652438270
|start
|switch|p1a: Harry Potter|Diancie|100/100
|switch|p2a: Mamoswine|Mamoswine, F|100/100
|turn|1
|
|t:|1652438278
|detailschange|p1a: Harry Potter|Diancie-Mega
|-mega|p1a: Harry Potter|Diancie|Diancite
|move|p1a: Harry Potter|Moonblast|p2a: Mamoswine
|-damage|p2a: Mamoswine|1/100
|move|p2a: Mamoswine|Earthquake|p1a: Harry Potter
|-supereffective|p1a: Harry Potter
|-damage|p1a: Harry Potter|0 fnt
|faint|p1a: Harry Potter
|
|upkeep
|
|t:|1652438285
|switch|p1a: Voldemort|Yveltal|100/100
|-ability|p1a: Voldemort|Dark Aura
|turn|2
|
|t:|1652438290
|switch|p2a: Zacian|Zacian-Crowned|100/100
|-ability|p2a: Zacian|Intrepid Sword|boost
|-boost|p2a: Zacian|atk|1
|move|p1a: Voldemort|Sucker Punch||[still]
|-fail|p1a: Voldemort
|
|upkeep
|turn|3
|
|t:|1652438298
|switch|p1a: Fluffy|Zacian-Crowned|100/100
|-ability|p1a: Fluffy|Intrepid Sword|boost
|-boost|p1a: Fluffy|atk|1
|move|p2a: Zacian|Behemoth Blade|p1a: Fluffy
|-damage|p1a: Fluffy|9/100
|
|upkeep
|turn|4
|
|t:|1652438306
|switch|p2a: Quagsire|Quagsire, F|100/100
|move|p1a: Fluffy|Behemoth Blade|p2a: Quagsire
|-resisted|p2a: Quagsire
|-crit|p2a: Quagsire
|-damage|p2a: Quagsire|70/100
|-damage|p1a: Fluffy|0 fnt|[from] item: Rocky Helmet|[of] p2a: Quagsire
|faint|p1a: Fluffy
|
|upkeep
|
|t:|1652438313
|switch|p1a: Professorquirrel|Calyrex-Shadow|100/100
|-ability|p1a: Professorquirrel|As One
|-ability|p1a: Professorquirrel|Unnerve
|turn|5
|
|t:|1652438319
|move|p1a: Professorquirrel|Nasty Plot|p1a: Professorquirrel
|-boost|p1a: Professorquirrel|spa|2
|move|p2a: Quagsire|Toxic|p1a: Professorquirrel
|-status|p1a: Professorquirrel|tox
|
|-damage|p1a: Professorquirrel|94/100 tox|[from] psn
|upkeep
|turn|6
|j| sbycyy
|
|t:|1652438327
|move|p1a: Professorquirrel|Substitute|p1a: Professorquirrel
|-start|p1a: Professorquirrel|Substitute
|-damage|p1a: Professorquirrel|69/100 tox
|move|p2a: Quagsire|Recover|p2a: Quagsire
|-heal|p2a: Quagsire|100/100
|
|-damage|p1a: Professorquirrel|57/100 tox|[from] psn
|upkeep
|turn|7
|
|t:|1652438334
|move|p1a: Professorquirrel|Astral Barrage|p2a: Quagsire
|-damage|p2a: Quagsire|24/100
|move|p2a: Quagsire|Recover|p2a: Quagsire
|-heal|p2a: Quagsire|74/100
|
|-damage|p1a: Professorquirrel|38/100 tox|[from] psn
|upkeep
|turn|8
|
|t:|1652438348
|move|p1a: Professorquirrel|Baton Pass|p1a: Professorquirrel
|
|t:|1652438350
|switch|p1a: Voldemort|Yveltal|100/100|[from]move: Baton Pass
|-ability|p1a: Voldemort|Dark Aura
|move|p2a: Quagsire|Recover|p2a: Quagsire
|-heal|p2a: Quagsire|100/100
|
|upkeep
|turn|9
|
|t:|1652438362
|move|p1a: Voldemort|Dark Pulse|p2a: Quagsire
|-damage|p2a: Quagsire|12/100
|-damage|p1a: Voldemort|91/100|[from] item: Life Orb
|cant|p2a: Quagsire|flinch
|
|upkeep
|turn|10
|
|t:|1652438368
|move|p1a: Voldemort|Oblivion Wing|p2a: Quagsire
|-damage|p2a: Quagsire|0 fnt
|-heal|p1a: Voldemort|99/100|[from] drain|[of] p2a: Quagsire
|faint|p2a: Quagsire
|-damage|p1a: Voldemort|90/100|[from] item: Life Orb
|
|upkeep
|
|t:|1652438379
|switch|p2a: Mamoswine|Mamoswine, F|1/100
|turn|11
|
|t:|1652438382
|move|p1a: Voldemort|Sucker Punch|p2a: Mamoswine
|-damage|p2a: Mamoswine|0 fnt
|faint|p2a: Mamoswine
|-damage|p1a: Voldemort|80/100|[from] item: Life Orb
|
|upkeep
|
|t:|1652438390
|switch|p2a: Kyogre|Kyogre|100/100
|-weather|RainDance|[from] ability: Drizzle|[of] p2a: Kyogre
|turn|12
|
|t:|1652438396
|-end|p1a: Voldemort|Substitute
|-start|p1a: Voldemort|Dynamax|
|-heal|p1a: Voldemort|80/100|[silent]
|-start|p2a: Kyogre|Dynamax|
|-heal|p2a: Kyogre|100/100|[silent]
|move|p1a: Voldemort|Max Airstream|p2a: Kyogre
|-damage|p2a: Kyogre|40/100
|-boost|p1a: Voldemort|spe|1
|-damage|p1a: Voldemort|75/100|[from] item: Life Orb
|move|p2a: Kyogre|Max Geyser|p1a: Voldemort
|-damage|p1a: Voldemort|26/100
|
|-weather|RainDance|[upkeep]
|upkeep
|turn|13
|
|t:|1652438411
|-end|p2a: Kyogre|Dynamax
|-heal|p2a: Kyogre|40/100|[silent]
|switch|p2a: Zacian|Zacian-Crowned|100/100
|-ability|p2a: Zacian|Intrepid Sword|boost
|-boost|p2a: Zacian|atk|1
|move|p1a: Voldemort|Max Airstream|p2a: Zacian
|-resisted|p2a: Zacian
|-damage|p2a: Zacian|25/100
|-boost|p1a: Voldemort|spe|1
|-damage|p1a: Voldemort|21/100|[from] item: Life Orb
|
|-weather|RainDance|[upkeep]
|upkeep
|turn|14
|
|t:|1652438426
|switch|p2a: Kyogre|Kyogre|40/100
|move|p1a: Voldemort|Max Airstream|p2a: Kyogre
|-damage|p2a: Kyogre|0 fnt
|-boost|p1a: Voldemort|spe|1
|faint|p2a: Kyogre
|-damage|p1a: Voldemort|16/100|[from] item: Life Orb
|
|-weather|RainDance|[upkeep]
|upkeep
|
|t:|1652438439
|switch|p2a: Shedinja|Shedinja|100/100
|-end|p1a: Voldemort|Dynamax
|-heal|p1a: Voldemort|16/100|[silent]
|turn|15
|
|t:|1652438445
|move|p2a: Shedinja|Endure|p2a: Shedinja
|-singleturn|p2a: Shedinja|move: Endure
|move|p1a: Voldemort|Oblivion Wing|p2a: Shedinja
|-supereffective|p2a: Shedinja
|-activate|p2a: Shedinja|move: Endure
|-damage|p2a: Shedinja|100/100
|-damage|p1a: Voldemort|6/100|[from] item: Life Orb
|
|-weather|RainDance|[upkeep]
|upkeep
|turn|16
|
|t:|1652438457
|move|p1a: Voldemort|Dark Pulse|p2a: Shedinja
|-supereffective|p2a: Shedinja
|-damage|p2a: Shedinja|0 fnt
|faint|p2a: Shedinja
|-damage|p1a: Voldemort|0 fnt|[from] item: Life Orb
|faint|p1a: Voldemort
|
|-weather|none
|upkeep
|-message|Hoenn Militian forfeited.
|
|win|chopforce8
|raw|chopforce8's rating: 1896 &rarr; <strong>1914</strong><br />(+18 for winning)
|raw|Hoenn Militian's rating: 1860 &rarr; <strong>1842</strong><br />(-18 for losing)
|l|☆Hoenn Militian
|l|☆chopforce8
