|j|☆Kenesitto
|j|☆CLEAR GEM清瑜
|t:|1664637028
|gametype|singles
|player|p1|Kenesitto|red|1692
|player|p2|CLEAR GEM清瑜|skierf|1789
|teamsize|p1|6
|teamsize|p2|6
|gen|8
|tier|[Gen 8] National Dex AG
|rated|
|rule|HP Percentage Mod: HP is shown in percentages
|rule|Endless Battle Clause: Forcing endless battles is banned
|clearpoke
|poke|p1|Marshadow|
|poke|p1|Arceus-*|
|poke|p1|Calyrex-Shadow|
|poke|p1|Eternatus|
|poke|p1|Zacian-*|
|poke|p1|Yveltal|
|poke|p2|Rayquaza|
|poke|p2|Groudon|
|poke|p2|Necrozma-Dusk-Mane|
|poke|p2|Arceus-*|
|poke|p2|Zacian-*|
|poke|p2|Yveltal|
|teampreview
|inactive|Battle timer is ON: inactive players will automatically lose when time's up. (requested by CLEAR GEM清瑜)
|
|t:|1664637037
|start
|switch|p1a: Bidóof|Arceus-Ground|100/100
|switch|p2a: 不会(?)|Groudon|100/100
|detailschange|p2a: 不会(?)|Groudon-Primal
|-primal|p2a: 不会(?)
|-weather|DesolateLand|[from] ability: Desolate Land|[of] p2a: 不会(?)
|turn|1
|c|☆Kenesitto|again?
|
|t:|1664637050
|-weather|none
|switch|p2a: 老烈|Rayquaza, shiny|100/100
|-ability|p2a: 老烈|Air Lock
|move|p1a: Bidóof|Judgment|p2a: 老烈
|-immune|p2a: 老烈
|
|upkeep
|turn|2
|
|t:|1664637054
|detailschange|p2a: 老烈|Rayquaza-Mega, shiny
|-mega|p2a: 老烈|Rayquaza|
|-weather|DeltaStream|[from] ability: Delta Stream|[of] p2a: 老烈
|move|p1a: Bidóof|Ice Beam|p2a: 老烈
|-activate||deltastream
|-supereffective|p2a: 老烈
|-damage|p2a: 老烈|43/100
|move|p2a: 老烈|Dragon Dance|p2a: 老烈
|-boost|p2a: 老烈|atk|1
|-boost|p2a: 老烈|spe|1
|
|-weather|DeltaStream|[upkeep]
|upkeep
|turn|3
|
|t:|1664637057
|move|p2a: 老烈|Dragon Ascent|p1a: Bidóof
|-damage|p1a: Bidóof|0 fnt
|-unboost|p2a: 老烈|def|1
|-unboost|p2a: 老烈|spd|1
|faint|p1a: Bidóof
|
|-weather|DeltaStream|[upkeep]
|upkeep
|
|t:|1664637059
|switch|p1a: Shady Guy|Marshadow|100/100
|turn|4
|
|t:|1664637061
|move|p2a: 老烈|Dragon Ascent|p1a: Shady Guy
|-supereffective|p1a: Shady Guy
|-enditem|p1a: Shady Guy|Focus Sash
|-damage|p1a: Shady Guy|1/100
|-unboost|p2a: 老烈|def|1
|-unboost|p2a: 老烈|spd|1
|move|p1a: Shady Guy|Spectral Thief||[still]
|-clearpositiveboost|p2a: 老烈|p1a: Shady Guy|move: Spectral Thief
|-boost|p1a: Shady Guy|atk|1
|-boost|p1a: Shady Guy|spe|1
|-anim|p1a: Shady Guy|Spectral Thief|p2a: 老烈
|-damage|p2a: 老烈|0 fnt
|faint|p2a: 老烈
|-weather|none
|
|upkeep
|
|t:|1664637063
|switch|p2a: 不会(?)|Groudon-Primal|100/100
|-weather|DesolateLand|[from] ability: Desolate Land|[of] p2a: 不会(?)
|turn|5
|
|t:|1664637066
|move|p1a: Shady Guy|Spectral Thief|p2a: 不会(?)
|-damage|p2a: 不会(?)|63/100
|move|p2a: 不会(?)|Stealth Rock|p1a: Shady Guy
|-sidestart|p1: Kenesitto|move: Stealth Rock
|
|-weather|DesolateLand|[upkeep]
|upkeep
|turn|6
|
|t:|1664637069
|move|p1a: Shady Guy|Spectral Thief|p2a: 不会(?)
|-damage|p2a: 不会(?)|26/100
|move|p2a: 不会(?)|Heat Crash|p1a: Shady Guy
|-damage|p1a: Shady Guy|0 fnt
|faint|p1a: Shady Guy
|
|-weather|DesolateLand|[upkeep]
|upkeep
|
|t:|1664637076
|switch|p1a: dragon thing|Eternatus|100/100
|-damage|p1a: dragon thing|88/100|[from] Stealth Rock
|-ability|p1a: dragon thing|Pressure
|turn|7
|
|t:|1664637079
|move|p1a: dragon thing|Dynamax Cannon|p2a: 不会(?)
|-damage|p2a: 不会(?)|0 fnt
|faint|p2a: 不会(?)
|-weather|none
|
|upkeep
|
|t:|1664637082
|switch|p2a: 钢铁之躯|Necrozma-Dusk-Mane|100/100
|turn|8
|
|t:|1664637084
|move|p1a: dragon thing|Flamethrower|p2a: 钢铁之躯
|-supereffective|p2a: 钢铁之躯
|-damage|p2a: 钢铁之躯|52/100
|move|p2a: 钢铁之躯|Dragon Dance|p2a: 钢铁之躯
|-boost|p2a: 钢铁之躯|atk|1
|-boost|p2a: 钢铁之躯|spe|1
|
|upkeep
|turn|9
|
|t:|1664637087
|detailschange|p2a: 钢铁之躯|Necrozma-Ultra
|-burst|p2a: 钢铁之躯|Necrozma|Ultranecrozium Z
|move|p2a: 钢铁之躯|Photon Geyser|p1a: dragon thing
|-supereffective|p1a: dragon thing
|-damage|p1a: dragon thing|0 fnt
|faint|p1a: dragon thing
|
|upkeep
|
|t:|1664637089
|switch|p1a: Birb|Yveltal|100/100
|-damage|p1a: Birb|76/100|[from] Stealth Rock
|-ability|p1a: Birb|Dark Aura
|turn|10
|
|t:|1664637090
|move|p1a: Birb|Sucker Punch|p2a: 钢铁之躯
|-supereffective|p2a: 钢铁之躯
|-damage|p2a: 钢铁之躯|0 fnt
|faint|p2a: 钢铁之躯
|-damage|p1a: Birb|66/100|[from] item: Life Orb
|
|upkeep
|
|t:|1664637096
|switch|p2a: 嘉然小姐的狗|Zacian-Crowned|100/100
|-ability|p2a: 嘉然小姐的狗|Intrepid Sword|boost
|-boost|p2a: 嘉然小姐的狗|atk|1
|turn|11
|
|t:|1664637098
|move|p1a: Birb|Sucker Punch|p2a: 嘉然小姐的狗
|-resisted|p2a: 嘉然小姐的狗
|-damage|p2a: 嘉然小姐的狗|82/100
|-damage|p1a: Birb|56/100|[from] item: Life Orb
|move|p2a: 嘉然小姐的狗|Behemoth Blade|p1a: Birb
|-damage|p1a: Birb|0 fnt
|faint|p1a: Birb
|
|upkeep
|
|t:|1664637101
|switch|p1a: Horse|Calyrex-Shadow|100/100
|-ability|p1a: Horse|As One
|-ability|p1a: Horse|Unnerve
|-damage|p1a: Horse|88/100|[from] Stealth Rock
|turn|12
|
|t:|1664637104
|-start|p1a: Horse|Dynamax|
|-heal|p1a: Horse|88/100|[silent]
|move|p1a: Horse|Max Phantasm|p2a: 嘉然小姐的狗
|-damage|p2a: 嘉然小姐的狗|24/100
|-unboost|p2a: 嘉然小姐的狗|def|1
|move|p2a: 嘉然小姐的狗|Behemoth Blade|p1a: Horse
|-damage|p1a: Horse|0 fnt
|faint|p1a: Horse
|
|upkeep
|
|t:|1664637106
|switch|p1a: Doge|Zacian-Crowned|100/100
|-damage|p1a: Doge|94/100|[from] Stealth Rock
|-ability|p1a: Doge|Intrepid Sword|boost
|-boost|p1a: Doge|atk|1
|turn|13
|
|t:|1664637107
|move|p1a: Doge|Behemoth Blade|p2a: 嘉然小姐的狗
|-damage|p2a: 嘉然小姐的狗|0 fnt
|faint|p2a: 嘉然小姐的狗
|
|upkeep
|
|t:|1664637109
|switch|p2a: Y鸟|Yveltal|100/100
|-ability|p2a: Y鸟|Dark Aura
|turn|14
|
|t:|1664637111
|-start|p2a: Y鸟|Dynamax|
|-heal|p2a: Y鸟|100/100|[silent]
|move|p1a: Doge|Play Rough|p2a: Y鸟
|-supereffective|p2a: Y鸟
|-damage|p2a: Y鸟|23/100
|move|p2a: Y鸟|Max Flare|p1a: Doge
|-supereffective|p1a: Doge
|-damage|p1a: Doge|0 fnt
|-weather|SunnyDay
|faint|p1a: Doge
|-damage|p2a: Y鸟|19/100|[from] item: Life Orb
|
|win|CLEAR GEM清瑜
|raw|Kenesitto's rating: 1692 &rarr; <strong>1677</strong><br />(-15 for losing)
|raw|CLEAR GEM清瑜's rating: 1789 &rarr; <strong>1804</strong><br />(+15 for winning)
|l|☆Kenesitto
||Ladder isn't responding, score probably updated but might not have (Request timeout).
