|j|☆lalalaaaaaaaaa
|j|☆Hogwashimperial
|player|p1|lalalaaaaaaaaa|169|1483
|player|p2|Hogwashimperial|swimmer-gen4dp|1415
|teamsize|p1|6
|teamsize|p2|6
|gametype|singles
|gen|8
|tier|[Gen 8] National Dex AG
|rated|
|clearpoke
|poke|p1|Ditto|
|poke|p1|Kyogre|
|poke|p1|Kyogre|
|poke|p1|Kyogre|
|poke|p1|Blaziken, F|
|poke|p1|Klefki, M|
|poke|p2|Rayquaza|
|poke|p2|Zacian-Crowned|
|poke|p2|Groudon|
|poke|p2|Smeargle, M|
|poke|p2|Necrozma-Dusk-Mane|
|poke|p2|Lugia|
|rule|HP Percentage Mod: HP is shown in percentages
|rule|Endless Battle Clause: Forcing endless battles is banned
|teampreview
|j| Yung Potato Chip
|inactive|Battle timer is ON: inactive players will automatically lose when time's up. (requested by lalalaaaaaaaaa)
|
|start
|switch|p1a: Kyogre|Kyogre|100/100
|switch|p2a: Groudon|Groudon|100/100
|detailschange|p1a: Kyogre|Kyogre-Primal
|-primal|p1a: Kyogre
|-weather|PrimordialSea|[from] ability: Primordial Sea|[of] p1a: Kyogre
|detailschange|p2a: Groudon|Groudon-Primal
|-primal|p2a: Groudon
|-weather|DesolateLand|[from] ability: Desolate Land|[of] p2a: Groudon
|turn|1
|
|move|p1a: Kyogre|Ice Beam|p2a: Groudon
|-damage|p2a: Groudon|61/100
|move|p2a: Groudon|Solar Beam||[still]
|-prepare|p2a: Groudon|Solar Beam|p1a: Kyogre
|-anim|p2a: Groudon|Solar Beam|p1a: Kyogre
|-supereffective|p1a: Kyogre
|-damage|p1a: Kyogre|38/100
|
|-weather|DesolateLand|[upkeep]
|upkeep
|turn|2
|
|move|p1a: Kyogre|Ice Beam|p2a: Groudon
|-damage|p2a: Groudon|24/100
|move|p2a: Groudon|Solar Beam||[still]
|-prepare|p2a: Groudon|Solar Beam|p1a: Kyogre
|-anim|p2a: Groudon|Solar Beam|p1a: Kyogre
|-supereffective|p1a: Kyogre
|-damage|p1a: Kyogre|0 fnt
|faint|p1a: Kyogre
|
|-weather|DesolateLand|[upkeep]
|upkeep
|
|switch|p1a: Blaziken|Blaziken, F|100/100
|turn|3
|l| Yung Potato Chip
|
|detailschange|p1a: Blaziken|Blaziken-Mega, F
|-mega|p1a: Blaziken|Blaziken|Blazikenite
|move|p1a: Blaziken|High Jump Kick|p2a: Groudon
|-damage|p2a: Groudon|0 fnt
|faint|p2a: Groudon
|-weather|none
|
|-ability|p1a: Blaziken|Speed Boost|boost
|-boost|p1a: Blaziken|spe|1
|upkeep
|
|switch|p2a: Necrozma|Necrozma-Dusk-Mane|100/100
|turn|4
|
|switch|p1a: Klefki|Klefki, M|100/100
|move|p2a: Necrozma|Dragon Dance|p2a: Necrozma
|-boost|p2a: Necrozma|atk|1
|-boost|p2a: Necrozma|spe|1
|
|upkeep
|turn|5
|
|move|p1a: Klefki|Reflect|p1a: Klefki
|-sidestart|p1: lalalaaaaaaaaa|Reflect
|move|p2a: Necrozma|Sunsteel Strike|p1a: Klefki
|-damage|p1a: Klefki|61/100
|
|upkeep
|turn|6
|
|move|p1a: Klefki|Light Screen|p1a: Klefki
|-sidestart|p1: lalalaaaaaaaaa|move: Light Screen
|move|p2a: Necrozma|Dragon Dance|p2a: Necrozma
|-boost|p2a: Necrozma|atk|1
|-boost|p2a: Necrozma|spe|1
|
|upkeep
|turn|7
|
|move|p1a: Klefki|Spikes|p2a: Necrozma
|-sidestart|p2: Hogwashimperial|Spikes
|move|p2a: Necrozma|Sunsteel Strike|p1a: Klefki
|-damage|p1a: Klefki|15/100
|
|upkeep
|turn|8
|
|move|p1a: Klefki|Spikes|p2a: Necrozma
|-sidestart|p2: Hogwashimperial|Spikes
|move|p2a: Necrozma|Sunsteel Strike|p1a: Klefki
|-damage|p1a: Klefki|0 fnt
|faint|p1a: Klefki
|
|upkeep
|inactive|lalalaaaaaaaaa has 120 seconds left.
|
|switch|p1a: Blaziken|Blaziken-Mega, F|100/100
|turn|9
|
|move|p2a: Necrozma|Photon Geyser|p1a: Blaziken
|-supereffective|p1a: Blaziken
|-damage|p1a: Blaziken|0 fnt
|faint|p1a: Blaziken
|
|upkeep
|
|switch|p1a: Ditto|Ditto|100/100
|-transform|p1a: Ditto|p2a: Necrozma|[from] ability: Imposter
|turn|10
|inactive|Hogwashimperial has 120 seconds left.
|
|move|p1a: Ditto|Photon Geyser|p2a: Necrozma
|-resisted|p2a: Necrozma
|-damage|p2a: Necrozma|74/100
|move|p2a: Necrozma|Sunsteel Strike|p1a: Ditto
|-resisted|p1a: Ditto
|-damage|p1a: Ditto|75/100
|
|upkeep
|turn|11
|inactive|Hogwashimperial has 120 seconds left.
|
|switch|p1a: Kyogre|Kyogre|100/100
|detailschange|p1a: Kyogre|Kyogre-Primal
|-primal|p1a: Kyogre
|-weather|PrimordialSea|[from] ability: Primordial Sea|[of] p1a: Kyogre
|move|p2a: Necrozma|Sunsteel Strike|p1a: Kyogre
|-resisted|p1a: Kyogre
|-damage|p1a: Kyogre|75/100
|
|-weather|PrimordialSea|[upkeep]
|upkeep
|turn|12
|
|move|p2a: Necrozma|Photon Geyser|p1a: Kyogre
|-damage|p1a: Kyogre|23/100
|move|p1a: Kyogre|Surf|p2a: Necrozma
|-damage|p2a: Necrozma|0 fnt
|faint|p2a: Necrozma
|
|-weather|PrimordialSea|[upkeep]
|-sideend|p1: lalalaaaaaaaaa|Reflect
|upkeep
|
|switch|p2a: Lugia|Lugia|100/100
|-ability|p2a: Lugia|Pressure
|turn|13
|
|move|p2a: Lugia|Defog|p1a: Kyogre
|-unboost|p1a: Kyogre|evasion|1
|-sideend|p1: lalalaaaaaaaaa|move: Light Screen
|-sideend|p2: Hogwashimperial|Spikes|[from] move: Defog|[of] p2a: Lugia
|move|p1a: Kyogre|Thunder|p2a: Lugia
|-supereffective|p2a: Lugia
|-damage|p2a: Lugia|46/100
|-status|p2a: Lugia|par
|
|-weather|PrimordialSea|[upkeep]
|upkeep
|turn|14
|
|move|p1a: Kyogre|Surf|p2a: Lugia
|-damage|p2a: Lugia|0 fnt
|faint|p2a: Lugia
|
|-weather|PrimordialSea|[upkeep]
|upkeep
|
|switch|p2a: Rayquaza|Rayquaza|100/100
|-ability|p2a: Rayquaza|Air Lock
|turn|15
|
|move|p2a: Rayquaza|Dragon Ascent|p1a: Kyogre
|-damage|p1a: Kyogre|0 fnt
|-unboost|p2a: Rayquaza|def|1
|-unboost|p2a: Rayquaza|spd|1
|-damage|p2a: Rayquaza|91/100|[from] item: Life Orb
|faint|p1a: Kyogre
|-weather|none
|
|upkeep
|
|switch|p1a: Ditto|Ditto|75/100
|-transform|p1a: Ditto|p2a: Rayquaza|[from] ability: Imposter
|-ability|p1a: Ditto|Air Lock
|turn|16
|inactive|lalalaaaaaaaaa has 120 seconds left.
|
|detailschange|p2a: Rayquaza|Rayquaza-Mega
|-mega|p2a: Rayquaza|Rayquaza|
|-weather|DeltaStream|[from] ability: Delta Stream|[of] p2a: Rayquaza
|-start|p1a: Ditto|Dynamax
|-heal|p1a: Ditto|75/100|[silent]
|move|p1a: Ditto|Max Guard|p1a: Ditto
|-singleturn|p1a: Ditto|Max Guard
|move|p2a: Rayquaza|Extreme Speed|p1a: Ditto
|-activate|p1a: Ditto|move: Max Guard
|
|-weather|DeltaStream|[upkeep]
|upkeep
|turn|17
|inactive|lalalaaaaaaaaa has 120 seconds left.
|inactive|Hogwashimperial has 120 seconds left.
|
|move|p2a: Rayquaza|Dragon Ascent|p1a: Ditto
|-damage|p1a: Ditto|0 fnt
|-unboost|p2a: Rayquaza|def|1
|-unboost|p2a: Rayquaza|spd|1
|-damage|p2a: Rayquaza|81/100|[from] item: Life Orb
|faint|p1a: Ditto
|
|-weather|DeltaStream|[upkeep]
|upkeep
|
|switch|p1a: Kyogre|Kyogre|100/100
|detailschange|p1a: Kyogre|Kyogre-Primal
|-primal|p1a: Kyogre
|-weather|PrimordialSea|[from] ability: Primordial Sea|[of] p1a: Kyogre
|turn|18
|inactive|Hogwashimperial has 120 seconds left.
|
|move|p2a: Rayquaza|Dragon Ascent|p1a: Kyogre
|-damage|p1a: Kyogre|0 fnt
|-unboost|p2a: Rayquaza|def|1
|-unboost|p2a: Rayquaza|spd|1
|-damage|p2a: Rayquaza|71/100|[from] item: Life Orb
|faint|p1a: Kyogre
|-weather|none
|
|win|Hogwashimperial
|raw|lalalaaaaaaaaa's rating: 1483 &rarr; <strong>1459</strong><br />(-24 for losing)
|raw|Hogwashimperial's rating: 1415 &rarr; <strong>1439</strong><br />(+24 for winning)
|l|☆Hogwashimperial
|l|☆lalalaaaaaaaaa
