|j|☆Hikhanh123
|j|☆OneTrueMaster
|t:|1598020165
|player|p1|Hikhanh123|red|1449
|player|p2|OneTrueMaster|backpacker|1391
|teamsize|p1|6
|teamsize|p2|6
|gametype|singles
|gen|8
|tier|[Gen 8] National Dex AG
|rated|
|clearpoke
|poke|p1|Zacian-Crowned|
|poke|p1|Shaymin-Sky|
|poke|p1|Ditto|
|poke|p1|Kartana|
|poke|p1|Greninja, M|
|poke|p1|Lopunny, F|
|poke|p2|Necrozma-Dusk-Mane|
|poke|p2|Dialga|
|poke|p2|Xerneas|
|poke|p2|Darkrai|
|poke|p2|Marshadow|
|poke|p2|Arceus-*|
|rule|HP Percentage Mod: HP is shown in percentages
|rule|Endless Battle Clause: Forcing endless battles is banned
|teampreview
|inactive|Battle timer is ON: inactive players will automatically lose when time's up. (requested by OneTrueMaster)
|
|t:|1598020171
|start
|switch|p1a: Lopunny|Lopunny, F|100/100
|switch|p2a: Darkrai|Darkrai, shiny|100/100
|turn|1
|
|t:|1598020177
|detailschange|p1a: Lopunny|Lopunny-Mega, F
|-mega|p1a: Lopunny|Lopunny|Lopunnite
|move|p1a: Lopunny|High Jump Kick|p2a: Darkrai
|-supereffective|p2a: Darkrai
|-damage|p2a: Darkrai|0 fnt
|faint|p2a: Darkrai
|
|upkeep
|
|t:|1598020185
|switch|p2a: FYZ|Arceus-Fire, shiny|100/100
|turn|2
|
|t:|1598020189
|move|p1a: Lopunny|High Jump Kick|p2a: FYZ
|-damage|p2a: FYZ|63/100
|move|p2a: FYZ|Will-O-Wisp|p1a: Lopunny
|-status|p1a: Lopunny|brn
|
|-damage|p1a: Lopunny|95/100 brn|[from] brn
|upkeep
|turn|3
|
|t:|1598020199
|switch|p1a: Greninja|Greninja, M, shiny|100/100
|move|p2a: FYZ|Recover|p2a: FYZ
|-heal|p2a: FYZ|100/100
|
|upkeep
|turn|4
|
|t:|1598020209
|switch|p2a: Xerneas|Xerneas, shiny|100/100
|-ability|p2a: Xerneas|Fairy Aura
|move|p1a: Greninja|Water Shuriken|p2a: Xerneas
|-start|p1a: Greninja|typechange|Water|[from] ability: Protean
|-damage|p2a: Xerneas|96/100
|-damage|p2a: Xerneas|90/100
|-hitcount|p2a: Xerneas|2
|
|upkeep
|turn|5
|
|t:|1598020221
|move|p1a: Greninja|Extrasensory|p2a: Xerneas
|-start|p1a: Greninja|typechange|Psychic|[from] ability: Protean
|-damage|p2a: Xerneas|63/100
|move|p2a: Xerneas|Moonblast|p1a: Greninja
|-damage|p1a: Greninja|0 fnt
|faint|p1a: Greninja
|
|upkeep
|
|t:|1598020230
|switch|p1a: Zacian|Zacian-Crowned|100/100
|-ability|p1a: Zacian|Intrepid Sword|boost
|-boost|p1a: Zacian|atk|1
|turn|6
|
|t:|1598020236
|move|p1a: Zacian|Behemoth Blade|p2a: Xerneas
|-supereffective|p2a: Xerneas
|-damage|p2a: Xerneas|0 fnt
|faint|p2a: Xerneas
|
|upkeep
|
|t:|1598020238
|switch|p2a: FYZ|Arceus-Fire, shiny|100/100
|turn|7
|
|t:|1598020243
|switch|p1a: Ditto|Ditto, shiny|100/100
|-transform|p1a: Ditto|p2a: FYZ|[from] ability: Imposter
|move|p2a: FYZ|Will-O-Wisp|p1a: Ditto
|-immune|p1a: Ditto
|
|upkeep
|turn|8
|
|t:|1598020255
|switch|p2a: Dialga|Dialga, shiny|100/100
|-ability|p2a: Dialga|Pressure
|move|p1a: Ditto|Judgment|p2a: Dialga
|-resisted|p2a: Dialga
|-damage|p2a: Dialga|89/100
|
|-heal|p2a: Dialga|95/100|[from] item: Leftovers
|upkeep
|turn|9
|
|t:|1598020270
|switch|p1a: Kartana|Kartana, shiny|100/100
|move|p2a: Dialga|Dragon Pulse|p1a: Kartana
|-resisted|p1a: Kartana
|-crit|p1a: Kartana
|-damage|p1a: Kartana|0 fnt
|faint|p1a: Kartana
|
|-heal|p2a: Dialga|100/100|[from] item: Leftovers
|upkeep
|
|t:|1598020278
|switch|p1a: Ditto|Ditto, shiny|100/100
|-transform|p1a: Ditto|p2a: Dialga|[from] ability: Imposter
|-ability|p1a: Ditto|Pressure
|turn|10
|
|t:|1598020292
|-start|p1a: Ditto|Dynamax
|-heal|p1a: Ditto|100/100|[silent]
|-start|p2a: Dialga|Dynamax
|-heal|p2a: Dialga|100/100|[silent]
|move|p2a: Dialga|Max Quake|p1a: Ditto
|-supereffective|p1a: Ditto
|-damage|p1a: Ditto|63/100
|-boost|p2a: Dialga|spd|1
|move|p1a: Ditto|Max Wyrmwind|p2a: Dialga
|-damage|p2a: Dialga|79/100
|-unboost|p2a: Dialga|atk|1
|
|-heal|p2a: Dialga|82/100|[from] item: Leftovers
|upkeep
|turn|11
|
|t:|1598020305
|move|p1a: Ditto|Max Quake|p2a: Dialga
|-supereffective|p2a: Dialga
|-damage|p2a: Dialga|55/100
|-boost|p1a: Ditto|spd|1
|move|p2a: Dialga|Max Quake|p1a: Ditto
|-supereffective|p1a: Ditto
|-damage|p1a: Ditto|39/100
|-boost|p2a: Dialga|spd|1
|
|-heal|p2a: Dialga|58/100|[from] item: Leftovers
|upkeep
|turn|12
|
|t:|1598020309
|move|p2a: Dialga|Max Quake|p1a: Ditto
|-supereffective|p1a: Ditto
|-damage|p1a: Ditto|16/100
|-boost|p2a: Dialga|spd|1
|move|p1a: Ditto|Max Quake|p2a: Dialga
|-supereffective|p2a: Dialga
|-damage|p2a: Dialga|31/100
|-boost|p1a: Ditto|spd|1
|
|-heal|p2a: Dialga|34/100|[from] item: Leftovers
|-end|p2a: Dialga|Dynamax
|-heal|p2a: Dialga|35/100|[silent]
|-end|p1a: Ditto|Dynamax
|-heal|p1a: Ditto|16/100|[silent]
|upkeep
|turn|13
|
|t:|1598020317
|move|p1a: Ditto|Earthquake|p2a: Dialga
|-supereffective|p2a: Dialga
|-damage|p2a: Dialga|0 fnt
|faint|p2a: Dialga
|
|upkeep
|
|t:|1598020328
|switch|p2a: Marshadow|Marshadow|100/100
|turn|14
|
|t:|1598020331
|move|p2a: Marshadow|Spectral Thief||[still]
|-clearpositiveboost|p1a: Ditto|p2a: Marshadow|move: Spectral Thief
|-boost|p2a: Marshadow|spd|2
|-anim|p2a: Marshadow|Spectral Thief|p1a: Ditto
|-damage|p1a: Ditto|0 fnt
|faint|p1a: Ditto
|
|upkeep
|
|t:|1598020341
|switch|p1a: Shaymin|Shaymin-Sky, shiny|100/100
|turn|15
|
|t:|1598020344
|move|p2a: Marshadow|Shadow Sneak|p1a: Shaymin
|-damage|p1a: Shaymin|58/100
|move|p1a: Shaymin|Air Slash|p2a: Marshadow
|-supereffective|p2a: Marshadow
|-damage|p2a: Marshadow|55/100
|
|-heal|p1a: Shaymin|64/100|[from] item: Leftovers
|upkeep
|turn|16
|
|t:|1598020350
|move|p1a: Shaymin|Protect|p1a: Shaymin
|-singleturn|p1a: Shaymin|Protect
|move|p2a: Marshadow|Shadow Sneak|p1a: Shaymin
|-activate|p1a: Shaymin|move: Protect
|
|-heal|p1a: Shaymin|71/100|[from] item: Leftovers
|upkeep
|turn|17
|
|t:|1598020360
|switch|p1a: Lopunny|Lopunny-Mega, F|95/100 brn
|move|p2a: Marshadow|Shadow Sneak|p1a: Lopunny
|-immune|p1a: Lopunny
|
|-damage|p1a: Lopunny|89/100 brn|[from] brn
|upkeep
|turn|18
|
|t:|1598020367
|switch|p2a: FYZ|Arceus-Fire, shiny|100/100
|move|p1a: Lopunny|High Jump Kick|p2a: FYZ|[miss]
|-miss|p1a: Lopunny|p2a: FYZ
|-damage|p1a: Lopunny|39/100 brn|[from] highjumpkick
|
|-damage|p1a: Lopunny|33/100 brn|[from] brn
|upkeep
|turn|19
|
|t:|1598020379
|move|p1a: Lopunny|Quick Attack|p2a: FYZ
|-damage|p2a: FYZ|94/100
|move|p2a: FYZ|Judgment|p1a: Lopunny
|-damage|p1a: Lopunny|0 fnt
|faint|p1a: Lopunny
|
|upkeep
|
|t:|1598020386
|switch|p1a: Shaymin|Shaymin-Sky, shiny|71/100
|turn|20
|
|t:|1598020392
|move|p1a: Shaymin|Air Slash|p2a: FYZ
|-damage|p2a: FYZ|70/100
|cant|p2a: FYZ|flinch
|
|-heal|p1a: Shaymin|77/100|[from] item: Leftovers
|upkeep
|turn|21
|
|t:|1598020398
|switch|p2a: Necrozma|Necrozma-Dusk-Mane|100/100
|move|p1a: Shaymin|Air Slash|p2a: Necrozma
|-resisted|p2a: Necrozma
|-damage|p2a: Necrozma|82/100
|
|-heal|p1a: Shaymin|83/100|[from] item: Leftovers
|upkeep
|turn|22
|
|t:|1598020410
|detailschange|p2a: Necrozma|Necrozma-Ultra
|-burst|p2a: Necrozma|Necrozma|Ultranecrozium Z
|move|p1a: Shaymin|Protect|p1a: Shaymin
|-singleturn|p1a: Shaymin|Protect
|move|p2a: Necrozma|Sunsteel Strike|p1a: Shaymin
|-activate|p1a: Shaymin|move: Protect
|
|-heal|p1a: Shaymin|89/100|[from] item: Leftovers
|upkeep
|turn|23
|
|t:|1598020420
|move|p2a: Necrozma|Sunsteel Strike|p1a: Shaymin
|-damage|p1a: Shaymin|34/100
|move|p1a: Shaymin|Air Slash|p2a: Necrozma
|-damage|p2a: Necrozma|42/100
|
|-heal|p1a: Shaymin|40/100|[from] item: Leftovers
|upkeep
|turn|24
|
|t:|1598020430
|move|p1a: Shaymin|Protect|p1a: Shaymin
|-singleturn|p1a: Shaymin|Protect
|move|p2a: Necrozma|Sunsteel Strike|p1a: Shaymin
|-activate|p1a: Shaymin|move: Protect
|
|-heal|p1a: Shaymin|46/100|[from] item: Leftovers
|upkeep
|turn|25
|
|t:|1598020439
|move|p1a: Shaymin|Protect||[still]
|-fail|p1a: Shaymin
|-zpower|p2a: Necrozma
|move|p2a: Necrozma|Light That Burns the Sky|p1a: Shaymin|[zeffect]
|-damage|p1a: Shaymin|0 fnt
|faint|p1a: Shaymin
|
|upkeep
|
|t:|1598020444
|switch|p1a: Zacian|Zacian-Crowned|100/100
|-ability|p1a: Zacian|Intrepid Sword|boost
|-boost|p1a: Zacian|atk|1
|turn|26
|
|t:|1598020449
|move|p1a: Zacian|Behemoth Blade|p2a: Necrozma
|-damage|p2a: Necrozma|0 fnt
|faint|p2a: Necrozma
|
|upkeep
|
|t:|1598020452
|switch|p2a: FYZ|Arceus-Fire, shiny|70/100
|turn|27
|
|t:|1598020456
|move|p1a: Zacian|Behemoth Blade|p2a: FYZ
|-resisted|p2a: FYZ
|-damage|p2a: FYZ|43/100
|move|p2a: FYZ|Will-O-Wisp|p1a: Zacian|[miss]
|-miss|p2a: FYZ|p1a: Zacian
|
|upkeep
|turn|28
|
|t:|1598020464
|move|p1a: Zacian|Close Combat|p2a: FYZ
|-damage|p2a: FYZ|1/100
|-unboost|p1a: Zacian|def|1
|-unboost|p1a: Zacian|spd|1
|move|p2a: FYZ|Recover|p2a: FYZ
|-heal|p2a: FYZ|51/100
|
|upkeep
|turn|29
|
|t:|1598020469
|move|p1a: Zacian|Play Rough|p2a: FYZ
|-resisted|p2a: FYZ
|-damage|p2a: FYZ|28/100
|move|p2a: FYZ|Recover|p2a: FYZ
|-heal|p2a: FYZ|78/100
|
|upkeep
|turn|30
|
|t:|1598020472
|move|p1a: Zacian|Play Rough|p2a: FYZ
|-resisted|p2a: FYZ
|-damage|p2a: FYZ|53/100
|move|p2a: FYZ|Will-O-Wisp|p1a: Zacian
|-status|p1a: Zacian|brn
|
|-damage|p1a: Zacian|94/100 brn|[from] brn
|upkeep
|turn|31
|
|t:|1598020477
|move|p1a: Zacian|Behemoth Blade|p2a: FYZ
|-resisted|p2a: FYZ
|-crit|p2a: FYZ
|-damage|p2a: FYZ|35/100
|move|p2a: FYZ|Perish Song|p2a: FYZ
|-start|p1a: Zacian|perish3|[silent]
|-start|p2a: FYZ|perish3|[silent]
|-fieldactivate|move: Perish Song
|
|-damage|p1a: Zacian|88/100 brn|[from] brn
|-start|p1a: Zacian|perish3
|-start|p2a: FYZ|perish3
|upkeep
|turn|32
|
|t:|1598020480
|move|p1a: Zacian|Behemoth Blade|p2a: FYZ
|-resisted|p2a: FYZ
|-damage|p2a: FYZ|21/100
|move|p2a: FYZ|Recover|p2a: FYZ
|-heal|p2a: FYZ|71/100
|
|-damage|p1a: Zacian|82/100 brn|[from] brn
|-start|p1a: Zacian|perish2
|-start|p2a: FYZ|perish2
|upkeep
|turn|33
|
|t:|1598020483
|move|p1a: Zacian|Psychic Fangs|p2a: FYZ
|-damage|p2a: FYZ|56/100
|move|p2a: FYZ|Recover|p2a: FYZ
|-heal|p2a: FYZ|100/100
|
|-damage|p1a: Zacian|76/100 brn|[from] brn
|-start|p1a: Zacian|perish1
|-start|p2a: FYZ|perish1
|upkeep
|turn|34
|
|t:|1598020485
|move|p1a: Zacian|Psychic Fangs|p2a: FYZ
|-damage|p2a: FYZ|86/100
|move|p2a: FYZ|Judgment|p1a: Zacian
|-supereffective|p1a: Zacian
|-damage|p1a: Zacian|0 fnt
|faint|p1a: Zacian
|
|win|OneTrueMaster
|l|☆Hikhanh123
|raw|Hikhanh123's rating: 1449 &rarr; <strong>1426</strong><br />(-23 for losing)
|raw|OneTrueMaster's rating: 1392 &rarr; <strong>1415</strong><br />(+23 for winning)
