|j|☆ursa'sring
|j|☆v87
|t:|1659844272
|gametype|singles
|player|p1|ursa'sring|swimmerf-gen6|1526
|player|p2|v87|2|1803
|teamsize|p1|6
|teamsize|p2|6
|gen|8
|tier|[Gen 8] National Dex AG
|rated|
|rule|HP Percentage Mod: HP is shown in percentages
|rule|Endless Battle Clause: Forcing endless battles is banned
|clearpoke
|poke|p1|Necrozma-Dusk-Mane|
|poke|p1|Yveltal|
|poke|p1|Groudon|
|poke|p1|Arceus-*|
|poke|p1|Zacian-*|
|poke|p1|Calyrex-Shadow|
|poke|p2|Excadrill, M|
|poke|p2|Victini|
|poke|p2|Xerneas-*|
|poke|p2|Marshadow|
|poke|p2|Calyrex-Shadow|
|poke|p2|Arceus-*|
|teampreview
|inactive|Battle timer is ON: inactive players will automatically lose when time's up. (requested by ursa'sring)
|
|t:|1659844283
|start
|switch|p1a: Groudon|Groudon|100/100
|switch|p2a: Excadrill|Excadrill, M|100/100
|-ability|p2a: Excadrill|Mold Breaker
|detailschange|p1a: Groudon|Groudon-Primal
|-primal|p1a: Groudon
|-weather|DesolateLand|[from] ability: Desolate Land|[of] p1a: Groudon
|turn|1
|
|t:|1659844295
|move|p2a: Excadrill|Stealth Rock|p1a: Groudon
|-sidestart|p1: ursa'sring|move: Stealth Rock
|move|p1a: Groudon|Precipice Blades|p2a: Excadrill
|-supereffective|p2a: Excadrill
|-enditem|p2a: Excadrill|Focus Sash
|-damage|p2a: Excadrill|1/100
|
|-weather|DesolateLand|[upkeep]
|upkeep
|turn|2
|
|t:|1659844303
|move|p2a: Excadrill|Earthquake|p1a: Groudon
|-supereffective|p1a: Groudon
|-damage|p1a: Groudon|41/100
|move|p1a: Groudon|Precipice Blades|p2a: Excadrill
|-supereffective|p2a: Excadrill
|-damage|p2a: Excadrill|0 fnt
|faint|p2a: Excadrill
|
|-weather|DesolateLand|[upkeep]
|upkeep
|
|t:|1659844314
|switch|p2a: Calyrex|Calyrex-Shadow|100/100
|-ability|p2a: Calyrex|As One
|-ability|p2a: Calyrex|Unnerve
|turn|3
|
|t:|1659844324
|-weather|none
|switch|p1a: Yveltal|Yveltal|100/100
|-ability|p1a: Yveltal|Dark Aura
|move|p2a: Calyrex|Reflect|p2a: Calyrex
|-sidestart|p2: v87|Reflect
|
|upkeep
|turn|4
|
|t:|1659844332
|move|p2a: Calyrex|Taunt|p1a: Yveltal
|-start|p1a: Yveltal|move: Taunt
|cant|p1a: Yveltal|move: Taunt|Taunt
|
|upkeep
|turn|5
|
|t:|1659844339
|move|p2a: Calyrex|Light Screen|p2a: Calyrex
|-sidestart|p2: v87|move: Light Screen
|move|p1a: Yveltal|Knock Off|p2a: Calyrex
|-supereffective|p2a: Calyrex
|-damage|p2a: Calyrex|0 fnt
|-enditem|p2a: Calyrex|Light Clay|[from] move: Knock Off|[of] p1a: Yveltal
|faint|p2a: Calyrex
|
|upkeep
|
|t:|1659844350
|switch|p2a: Xerneas|Xerneas|100/100
|-ability|p2a: Xerneas|Fairy Aura
|turn|6
|
|t:|1659844355
|switch|p1a: Groudon|Groudon-Primal|41/100
|-damage|p1a: Groudon|28/100|[from] Stealth Rock
|-weather|DesolateLand|[from] ability: Desolate Land|[of] p1a: Groudon
|-zpower|p2a: Xerneas
|move|p2a: Xerneas|Z-Geomancy||[anim]Geomancy|[still]
|-boost|p2a: Xerneas|atk|1|[zeffect]
|-boost|p2a: Xerneas|def|1|[zeffect]
|-boost|p2a: Xerneas|spa|1|[zeffect]
|-boost|p2a: Xerneas|spd|1|[zeffect]
|-boost|p2a: Xerneas|spe|1|[zeffect]
|-prepare|p2a: Xerneas|Geomancy
|
|-weather|DesolateLand|[upkeep]
|upkeep
|turn|7
|
|t:|1659844367
|move|p2a: Xerneas|Geomancy|p2a: Xerneas|[from]lockedmove
|-boost|p2a: Xerneas|spa|2
|-boost|p2a: Xerneas|spd|2
|-boost|p2a: Xerneas|spe|2
|move|p1a: Groudon|Roar|p2a: Xerneas
|drag|p2a: Victini|Victini|100/100
|
|-weather|DesolateLand|[upkeep]
|upkeep
|turn|8
|
|t:|1659844387
|move|p2a: Victini|V-create|p1a: Groudon
|-resisted|p1a: Groudon
|-damage|p1a: Groudon|0 fnt
|-unboost|p2a: Victini|spe|1
|-unboost|p2a: Victini|def|1
|-unboost|p2a: Victini|spd|1
|faint|p1a: Groudon
|-weather|none
|
|upkeep
|
|t:|1659844396
|switch|p1a: Yveltal|Yveltal|100/100
|-ability|p1a: Yveltal|Dark Aura
|turn|9
|
|t:|1659844401
|switch|p1a: Arceus|Arceus-Water|100/100
|-damage|p1a: Arceus|88/100|[from] Stealth Rock
|move|p2a: Victini|V-create|p1a: Arceus
|-resisted|p1a: Arceus
|-damage|p1a: Arceus|73/100
|-unboost|p2a: Victini|spe|1
|-unboost|p2a: Victini|def|1
|-unboost|p2a: Victini|spd|1
|
|upkeep
|turn|10
|
|t:|1659844417
|switch|p2a: Arceus|Arceus-Flying|100/100
|move|p1a: Arceus|Judgment|p2a: Arceus
|-damage|p2a: Arceus|84/100
|
|-sideend|p2: v87|Reflect
|upkeep
|turn|11
|
|t:|1659844425
|move|p1a: Arceus|Toxic|p2a: Arceus
|-status|p2a: Arceus|tox
|move|p2a: Arceus|Calm Mind|p2a: Arceus
|-boost|p2a: Arceus|spa|1
|-boost|p2a: Arceus|spd|1
|
|-damage|p2a: Arceus|77/100 tox|[from] psn
|upkeep
|turn|12
|
|t:|1659844438
|switch|p1a: Yveltal|Yveltal|100/100
|-ability|p1a: Yveltal|Dark Aura
|-start|p2a: Arceus|Dynamax|
|-heal|p2a: Arceus|77/100 tox|[silent]
|move|p2a: Arceus|Max Airstream|p1a: Yveltal
|-damage|p1a: Yveltal|24/100
|-boost|p2a: Arceus|spe|1
|
|-damage|p2a: Arceus|71/100 tox|[from] psn
|-sideend|p2: v87|move: Light Screen
|upkeep
|turn|13
|
|t:|1659844457
|switch|p1a: Necrozma|Necrozma-Dusk-Mane|100/100
|-damage|p1a: Necrozma|94/100|[from] Stealth Rock
|move|p2a: Arceus|Max Airstream|p1a: Necrozma
|-resisted|p1a: Necrozma
|-damage|p1a: Necrozma|47/100
|-boost|p2a: Arceus|spe|1
|
|-damage|p2a: Arceus|62/100 tox|[from] psn
|upkeep
|turn|14
|
|t:|1659844480
|switch|p1a: Zacian|Zacian-Crowned|100/100
|-damage|p1a: Zacian|94/100|[from] Stealth Rock
|-ability|p1a: Zacian|Intrepid Sword|boost
|-boost|p1a: Zacian|atk|1
|move|p2a: Arceus|Max Quake|p1a: Zacian
|-supereffective|p1a: Zacian
|-damage|p1a: Zacian|0 fnt
|-boost|p2a: Arceus|spd|1
|faint|p1a: Zacian
|
|-damage|p2a: Arceus|50/100 tox|[from] psn
|upkeep
|inactive|ursa'sring has 120 seconds left.
|
|t:|1659844501
|switch|p1a: Arceus|Arceus-Water|73/100
|-damage|p1a: Arceus|60/100|[from] Stealth Rock
|-end|p2a: Arceus|Dynamax
|-heal|p2a: Arceus|50/100 tox|[silent]
|turn|15
|
|t:|1659844514
|-start|p1a: Arceus|Dynamax|
|-heal|p1a: Arceus|60/100|[silent]
|move|p1a: Arceus|Max Guard|p1a: Arceus
|-singleturn|p1a: Arceus|Max Guard
|move|p2a: Arceus|Judgment|p1a: Arceus
|-activate|p1a: Arceus|move: Max Guard
|
|-damage|p2a: Arceus|20/100 tox|[from] psn
|upkeep
|turn|16
|
|t:|1659844527
|move|p2a: Arceus|Judgment|p1a: Arceus
|-damage|p1a: Arceus|26/100
|move|p1a: Arceus|Max Geyser|p2a: Arceus
|-damage|p2a: Arceus|0 fnt
|-weather|RainDance
|faint|p2a: Arceus
|
|-weather|RainDance|[upkeep]
|upkeep
|
|t:|1659844537
|switch|p2a: Victini|Victini|100/100
|turn|17
|
|t:|1659844541
|move|p2a: Victini|Bolt Strike|p1a: Arceus
|-supereffective|p1a: Arceus
|-damage|p1a: Arceus|10/100
|move|p1a: Arceus|Max Geyser|p2a: Victini
|-supereffective|p2a: Victini
|-damage|p2a: Victini|0 fnt
|faint|p2a: Victini
|
|-weather|RainDance|[upkeep]
|upkeep
|
|t:|1659844557
|switch|p2a: Marshadow|Marshadow|100/100
|-end|p1a: Arceus|Dynamax
|-heal|p1a: Arceus|10/100|[silent]
|turn|18
|
|t:|1659844563
|switch|p1a: Necrozma|Necrozma-Dusk-Mane|47/100
|-damage|p1a: Necrozma|41/100|[from] Stealth Rock
|move|p2a: Marshadow|Spectral Thief|p1a: Necrozma
|-supereffective|p1a: Necrozma
|-damage|p1a: Necrozma|2/100
|-damage|p2a: Marshadow|84/100|[from] item: Rocky Helmet|[of] p1a: Necrozma
|
|-weather|RainDance|[upkeep]
|upkeep
|turn|19
|
|t:|1659844576
|move|p2a: Marshadow|Shadow Sneak|p1a: Necrozma
|-supereffective|p1a: Necrozma
|-damage|p1a: Necrozma|0 fnt
|-damage|p2a: Marshadow|67/100|[from] item: Rocky Helmet|[of] p1a: Necrozma
|faint|p1a: Necrozma
|
|-weather|RainDance|[upkeep]
|upkeep
|
|t:|1659844582
|switch|p1a: Arceus|Arceus-Water|10/100
|-damage|p1a: Arceus|0 fnt|[from] Stealth Rock
|faint|p1a: Arceus
|
|t:|1659844584
|switch|p1a: Yveltal|Yveltal|24/100
|-ability|p1a: Yveltal|Dark Aura
|turn|20
|
|t:|1659844592
|move|p2a: Marshadow|Close Combat|p1a: Yveltal
|-damage|p1a: Yveltal|0 fnt
|-unboost|p2a: Marshadow|def|1
|-unboost|p2a: Marshadow|spd|1
|faint|p1a: Yveltal
|
|-weather|none
|upkeep
|
|t:|1659844595
|switch|p1a: Calyrex|Calyrex-Shadow|100/100
|-ability|p1a: Calyrex|As One
|-ability|p1a: Calyrex|Unnerve
|-damage|p1a: Calyrex|88/100|[from] Stealth Rock
|turn|21
|
|t:|1659844606
|move|p2a: Marshadow|Shadow Sneak|p1a: Calyrex
|-supereffective|p1a: Calyrex
|-damage|p1a: Calyrex|0 fnt
|faint|p1a: Calyrex
|
|win|v87
|raw|ursa&apos;sring's rating: 1526 &rarr; <strong>1519</strong><br />(-7 for losing)
|raw|v87's rating: 1803 &rarr; <strong>1810</strong><br />(+7 for winning)
|l|☆ursa'sring
