|j|☆IWSK
|j|☆Cocky but goated
|t:|1660727949
|gametype|singles
|player|p1|IWSK|fisherman-gen4|1779
|player|p2|Cocky but goated|ethan-masters|1729
|teamsize|p1|6
|teamsize|p2|6
|gen|8
|tier|[Gen 8] National Dex AG
|rated|
|rule|HP Percentage Mod: HP is shown in percentages
|rule|Endless Battle Clause: Forcing endless battles is banned
|clearpoke
|poke|p1|Arceus-*|
|poke|p1|Necrozma-Dusk-Mane|
|poke|p1|Gengar, F|
|poke|p1|Ho-Oh|
|poke|p1|Gliscor, M|
|poke|p1|Yveltal|
|poke|p2|Deoxys-Speed|
|poke|p2|Zygarde|
|poke|p2|Calyrex-Shadow|
|poke|p2|Arceus-*|
|poke|p2|Ditto|
|poke|p2|Necrozma-Dusk-Mane|
|teampreview
|inactive|Battle timer is ON: inactive players will automatically lose when time's up. (requested by Cocky but goated)
|inactive|IWSK also wants the timer to be on.
|
|t:|1660727969
|start
|switch|p1a: Gliscor|Gliscor, M|100/100
|switch|p2a: Deoxys|Deoxys-Speed|100/100
|-ability|p2a: Deoxys|Pressure
|turn|1
|
|t:|1660727974
|move|p2a: Deoxys|Knock Off|p1a: Gliscor
|-damage|p1a: Gliscor|84/100
|-enditem|p1a: Gliscor|Toxic Orb|[from] move: Knock Off|[of] p2a: Deoxys
|move|p1a: Gliscor|Bulldoze|p2a: Deoxys
|-damage|p2a: Deoxys|75/100
|-unboost|p2a: Deoxys|spe|1
|
|upkeep
|turn|2
|
|t:|1660727980
|move|p2a: Deoxys|Stealth Rock|p1a: Gliscor
|-sidestart|p1: IWSK|move: Stealth Rock
|move|p1a: Gliscor|Bulldoze|p2a: Deoxys
|-damage|p2a: Deoxys|51/100
|-unboost|p2a: Deoxys|spe|1
|
|upkeep
|turn|3
|
|t:|1660727990
|move|p1a: Gliscor|Toxic|p2a: Deoxys
|-status|p2a: Deoxys|tox
|move|p2a: Deoxys|Taunt|p1a: Gliscor
|-start|p1a: Gliscor|move: Taunt
|
|-damage|p2a: Deoxys|45/100 tox|[from] psn
|upkeep
|turn|4
|
|t:|1660728006
|switch|p1a: Ho-Oh|Ho-Oh|100/100
|move|p2a: Deoxys|Knock Off|p1a: Ho-Oh
|-damage|p1a: Ho-Oh|82/100
|-enditem|p1a: Ho-Oh|Heavy-Duty Boots|[from] move: Knock Off|[of] p2a: Deoxys
|
|-damage|p2a: Deoxys|33/100 tox|[from] psn
|upkeep
|turn|5
|
|t:|1660728013
|move|p2a: Deoxys|Taunt|p1a: Ho-Oh
|-start|p1a: Ho-Oh|move: Taunt
|cant|p1a: Ho-Oh|move: Taunt|Defog
|
|-damage|p2a: Deoxys|15/100 tox|[from] psn
|upkeep
|turn|6
|-message|IWSK forfeited.
|
|win|Cocky but goated
|raw|IWSK's rating: 1779 &rarr; <strong>1756</strong><br />(-23 for losing)
|raw|Cocky but goated's rating: 1729 &rarr; <strong>1752</strong><br />(+23 for winning)
|l|☆IWSK
