|j|☆orange overhaul
|j|☆L0min0
|t:|1622821662
|gametype|singles
|player|p1|orange overhaul|colress|1084
|player|p2|L0min0|depotagent|1000
|teamsize|p1|6
|teamsize|p2|3
|gen|8
|tier|[Gen 8] National Dex AG
|rated|
|rule|HP Percentage Mod: HP is shown in percentages
|rule|Endless Battle Clause: Forcing endless battles is banned
|clearpoke
|poke|p1|Crustle, M|
|poke|p1|Crustle, M|
|poke|p1|Crustle, M|
|poke|p1|Crustle, F|
|poke|p1|Crustle, M|
|poke|p1|Crustle, M|
|poke|p2|Corviknight, F|
|poke|p2|Weavile, M|
|poke|p2|Bronzong|
|teampreview
|inactive|Battle timer is ON: inactive players will automatically lose when time's up. (requested by orange overhaul)
|
|t:|1622821667
|start
|switch|p1a: Crustle|Crustle, M|100/100
|switch|p2a: Weavile|Weavile, M|100/100
|turn|1
|
|t:|1622821676
|move|p2a: Weavile|Fake Out|p1a: Crustle
|-resisted|p1a: Crustle
|-damage|p1a: Crustle|93/100
|cant|p1a: Crustle|flinch
|
|upkeep
|turn|2
|
|t:|1622821683
|move|p2a: Weavile|Knock Off|p1a: Crustle
|-damage|p1a: Crustle|39/100
|-enditem|p1a: Crustle|Heavy-Duty Boots|[from] move: Knock Off|[of] p2a: Weavile
|move|p1a: Crustle|Rock Blast|p2a: Weavile
|-supereffective|p2a: Weavile
|-damage|p2a: Weavile|57/100
|-supereffective|p2a: Weavile
|-damage|p2a: Weavile|15/100
|-supereffective|p2a: Weavile
|-damage|p2a: Weavile|0 fnt
|faint|p2a: Weavile
|-hitcount|p2: Weavile|3
|
|upkeep
|
|t:|1622821691
|switch|p2a: Bronzong|Bronzong|100/100
|turn|3
|
|t:|1622821698
|move|p1a: Crustle|Earthquake|p2a: Bronzong
|-immune|p2a: Bronzong|[from] ability: Levitate
|move|p2a: Bronzong|Trick|p1a: Crustle
|-activate|p2a: Bronzong|move: Trick|[of] p1a: Crustle
|-item|p1a: Crustle|Toxic Orb|[from] move: Trick
|-enditem|p2a: Bronzong|Toxic Orb|[silent]|[from] move: Trick
|
|-status|p1a: Crustle|tox|[from] item: Toxic Orb
|upkeep
|turn|4
|
|t:|1622821711
|move|p2a: Bronzong|Protect|p2a: Bronzong
|-singleturn|p2a: Bronzong|Protect
|move|p1a: Crustle|Rock Blast|p2a: Bronzong
|-activate|p2a: Bronzong|move: Protect
|
|-damage|p1a: Crustle|33/100 tox|[from] psn
|upkeep
|turn|5
|
|t:|1622821727
|-start|p2a: Bronzong|Dynamax
|-heal|p2a: Bronzong|100/100|[silent]
|move|p1a: Crustle|X-Scissor|p2a: Bronzong
|-damage|p2a: Bronzong|85/100
|move|p2a: Bronzong|Max Steelspike|p1a: Crustle
|-supereffective|p1a: Crustle
|-damage|p1a: Crustle|0 fnt
|-boost|p2a: Bronzong|def|1
|faint|p1a: Crustle
|
|upkeep
|
|t:|1622821740
|switch|p1a: Crustle|Crustle, M|100/100
|turn|6
|
|t:|1622821743
|move|p1a: Crustle|Shell Smash|p1a: Crustle
|-unboost|p1a: Crustle|def|1
|-unboost|p1a: Crustle|spd|1
|-boost|p1a: Crustle|atk|2
|-boost|p1a: Crustle|spa|2
|-boost|p1a: Crustle|spe|2
|move|p2a: Bronzong|Max Steelspike|p1a: Crustle
|-supereffective|p1a: Crustle
|-ability|p1a: Crustle|Sturdy
|-damage|p1a: Crustle|1/100
|-boost|p2a: Bronzong|def|1
|
|upkeep
|turn|7
|
|t:|1622821755
|move|p1a: Crustle|X-Scissor|p2a: Bronzong
|-damage|p2a: Bronzong|69/100
|move|p2a: Bronzong|Max Steelspike|p1a: Crustle
|-supereffective|p1a: Crustle
|-crit|p1a: Crustle
|-damage|p1a: Crustle|0 fnt
|-boost|p2a: Bronzong|def|1
|faint|p1a: Crustle
|
|-end|p2a: Bronzong|Dynamax
|-heal|p2a: Bronzong|69/100|[silent]
|upkeep
|
|t:|1622821767
|switch|p1a: Crustle|Crustle, M|100/100
|turn|8
|c|☆L0min0|Bronzog is very big boi
|
|t:|1622821793
|move|p2a: Bronzong|Protect|p2a: Bronzong
|-singleturn|p2a: Bronzong|Protect
|move|p1a: Crustle|Shell Smash|p1a: Crustle
|-unboost|p1a: Crustle|def|1
|-unboost|p1a: Crustle|spd|1
|-boost|p1a: Crustle|atk|2
|-boost|p1a: Crustle|spa|2
|-boost|p1a: Crustle|spe|2
|
|upkeep
|turn|9
|
|t:|1622821800
|move|p1a: Crustle|Shell Smash|p1a: Crustle
|-unboost|p1a: Crustle|def|1
|-unboost|p1a: Crustle|spd|1
|-boost|p1a: Crustle|atk|2
|-boost|p1a: Crustle|spa|2
|-boost|p1a: Crustle|spe|2
|move|p2a: Bronzong|Trick|p1a: Crustle
|-activate|p2a: Bronzong|move: Trick|[of] p1a: Crustle
|-enditem|p1a: Crustle|Heavy-Duty Boots|[silent]|[from] move: Trick
|-item|p2a: Bronzong|Heavy-Duty Boots|[from] move: Trick
|
|upkeep
|turn|10
|
|t:|1622821812
|move|p1a: Crustle|Shell Smash|p1a: Crustle
|-unboost|p1a: Crustle|def|1
|-unboost|p1a: Crustle|spd|1
|-boost|p1a: Crustle|atk|2
|-boost|p1a: Crustle|spa|2
|-boost|p1a: Crustle|spe|2
|move|p2a: Bronzong|Iron Head|p1a: Crustle
|-supereffective|p1a: Crustle
|-ability|p1a: Crustle|Sturdy
|-damage|p1a: Crustle|1/100
|
|upkeep
|turn|11
|
|t:|1622821822
|move|p1a: Crustle|X-Scissor|p2a: Bronzong
|-damage|p2a: Bronzong|22/100
|move|p2a: Bronzong|Iron Head|p1a: Crustle
|-supereffective|p1a: Crustle
|-damage|p1a: Crustle|0 fnt
|faint|p1a: Crustle
|
|upkeep
|
|t:|1622821829
|switch|p1a: Crustle|Crustle, F|100/100
|turn|12
|
|t:|1622821837
|move|p1a: Crustle|Shell Smash|p1a: Crustle
|-unboost|p1a: Crustle|def|1
|-unboost|p1a: Crustle|spd|1
|-boost|p1a: Crustle|atk|2
|-boost|p1a: Crustle|spa|2
|-boost|p1a: Crustle|spe|2
|move|p2a: Bronzong|Iron Head|p1a: Crustle
|-supereffective|p1a: Crustle
|-damage|p1a: Crustle|29/100
|
|upkeep
|turn|13
|
|t:|1622821845
|move|p1a: Crustle|X-Scissor|p2a: Bronzong
|-damage|p2a: Bronzong|0 fnt
|faint|p2a: Bronzong
|
|upkeep
|
|t:|1622821848
|switch|p2a: Corviknight|Corviknight, F|100/100
|-ability|p2a: Corviknight|Unnerve
|turn|14
|
|t:|1622821855
|move|p1a: Crustle|Rock Blast|p2a: Corviknight
|-damage|p2a: Corviknight|82/100
|-damage|p2a: Corviknight|63/100
|-damage|p2a: Corviknight|44/100
|-hitcount|p2a: Corviknight|3
|move|p2a: Corviknight|Iron Head|p1a: Crustle
|-supereffective|p1a: Crustle
|-damage|p1a: Crustle|0 fnt
|faint|p1a: Crustle
|
|-heal|p2a: Corviknight|50/100|[from] item: Leftovers
|upkeep
|
|t:|1622821864
|switch|p1a: Crustle|Crustle, M|100/100
|turn|15
|inactive|L0min0 has 120 seconds left.
|c|☆L0min0|omg this figthbis good, I will try to use your style
|
|t:|1622821903
|move|p1a: Crustle|Shell Smash|p1a: Crustle
|-unboost|p1a: Crustle|def|1
|-unboost|p1a: Crustle|spd|1
|-boost|p1a: Crustle|atk|2
|-boost|p1a: Crustle|spa|2
|-boost|p1a: Crustle|spe|2
|move|p2a: Corviknight|Iron Head|p1a: Crustle
|-supereffective|p1a: Crustle
|-damage|p1a: Crustle|4/100
|
|-heal|p2a: Corviknight|57/100|[from] item: Leftovers
|upkeep
|turn|16
|inactive|L0min0 has 120 seconds left.
|
|t:|1622821912
|move|p1a: Crustle|Rock Blast|p2a: Corviknight
|-damage|p2a: Corviknight|39/100
|-damage|p2a: Corviknight|21/100
|-damage|p2a: Corviknight|4/100
|-hitcount|p2a: Corviknight|3
|move|p2a: Corviknight|U-turn|p1a: Crustle
|-damage|p1a: Crustle|0 fnt
|faint|p1a: Crustle
|
|-heal|p2a: Corviknight|10/100|[from] item: Leftovers
|upkeep
|
|t:|1622821922
|switch|p1a: Crustle|Crustle, M|100/100
|turn|17
|
|t:|1622821931
|move|p1a: Crustle|Shell Smash|p1a: Crustle
|-unboost|p1a: Crustle|def|1
|-unboost|p1a: Crustle|spd|1
|-boost|p1a: Crustle|atk|2
|-boost|p1a: Crustle|spa|2
|-boost|p1a: Crustle|spe|2
|move|p2a: Corviknight|Iron Head|p1a: Crustle
|-supereffective|p1a: Crustle
|-ability|p1a: Crustle|Sturdy
|-damage|p1a: Crustle|1/100
|
|-heal|p2a: Corviknight|16/100|[from] item: Leftovers
|upkeep
|turn|18
|
|t:|1622821942
|move|p2a: Corviknight|Protect|p2a: Corviknight
|-singleturn|p2a: Corviknight|Protect
|move|p1a: Crustle|Rock Blast|p2a: Corviknight
|-activate|p2a: Corviknight|move: Protect
|
|-heal|p2a: Corviknight|22/100|[from] item: Leftovers
|upkeep
|turn|19
|
|t:|1622821951
|move|p1a: Crustle|Rock Blast|p2a: Corviknight
|-damage|p2a: Corviknight|4/100
|-damage|p2a: Corviknight|0 fnt
|faint|p2a: Corviknight
|-hitcount|p2: Corviknight|2
|
|win|orange overhaul
|raw|orange overhaul's rating: 1084 &rarr; <strong>1105</strong><br />(+21 for winning)
|raw|L0min0's rating: 1000 &rarr; <strong>1000</strong><br />(+0 for losing)
|c|☆orange overhaul|gg
|c|☆L0min0|gg
|l|☆orange overhaul
