|j|☆Mr_kraft_
|j|☆CLEAR GEM清瑜
|t:|1664811513
|gametype|singles
|player|p1|Mr_kraft_|265|1700
|player|p2|CLEAR GEM清瑜|skierf|1744
|teamsize|p1|6
|teamsize|p2|6
|gen|8
|tier|[Gen 8] National Dex AG
|rated|
|rule|HP Percentage Mod: HP is shown in percentages
|rule|Endless Battle Clause: Forcing endless battles is banned
|clearpoke
|poke|p1|Groudon|
|poke|p1|Marshadow|
|poke|p1|Zacian-*|
|poke|p1|Ditto|
|poke|p1|Kyurem-Black|
|poke|p1|Yveltal|
|poke|p2|Rayquaza|
|poke|p2|Groudon|
|poke|p2|Necrozma-Dusk-Mane|
|poke|p2|Arceus-*|
|poke|p2|Arceus-*|
|poke|p2|Arceus-*|
|teampreview
|inactive|Battle timer is ON: inactive players will automatically lose when time's up. (requested by Mr_kraft_)
|
|t:|1664811525
|start
|switch|p1a: Groudon|Groudon|100/100
|switch|p2a: 乱杀P固|Arceus-Ground|100/100
|detailschange|p1a: Groudon|Groudon-Primal
|-primal|p1a: Groudon
|-weather|DesolateLand|[from] ability: Desolate Land|[of] p1a: Groudon
|turn|1
|c|☆Mr_kraft_|hi
|
|t:|1664811531
|-weather|none
|switch|p1a: Kyurem|Kyurem-Black, shiny|100/100
|-ability|p1a: Kyurem|Teravolt
|move|p2a: 乱杀P固|Judgment|p1a: Kyurem
|-damage|p1a: Kyurem|43/100
|
|upkeep
|turn|2
|
|t:|1664811534
|move|p1a: Kyurem|Icicle Spear|p2a: 乱杀P固
|-supereffective|p2a: 乱杀P固
|-damage|p2a: 乱杀P固|78/100
|-supereffective|p2a: 乱杀P固
|-damage|p2a: 乱杀P固|55/100
|-supereffective|p2a: 乱杀P固
|-damage|p2a: 乱杀P固|33/100
|-supereffective|p2a: 乱杀P固
|-damage|p2a: 乱杀P固|8/100
|-supereffective|p2a: 乱杀P固
|-damage|p2a: 乱杀P固|0 fnt
|faint|p2a: 乱杀P固
|-hitcount|p2: 乱杀P固|5
|
|upkeep
|
|t:|1664811538
|switch|p2a: 不会(?)|Groudon|100/100
|detailschange|p2a: 不会(?)|Groudon-Primal
|-primal|p2a: 不会(?)
|-weather|DesolateLand|[from] ability: Desolate Land|[of] p2a: 不会(?)
|turn|3
|
|t:|1664811546
|move|p1a: Kyurem|Icicle Spear|p2a: 不会(?)
|-damage|p2a: 不会(?)|92/100
|-damage|p2a: 不会(?)|82/100
|-damage|p2a: 不会(?)|73/100
|-damage|p2a: 不会(?)|65/100
|-hitcount|p2a: 不会(?)|4
|move|p2a: 不会(?)|Stealth Rock|p1a: Kyurem
|-sidestart|p1: Mr_kraft_|move: Stealth Rock
|
|-weather|DesolateLand|[upkeep]
|upkeep
|turn|4
|
|t:|1664811550
|move|p1a: Kyurem|Icicle Spear|p2a: 不会(?)
|-damage|p2a: 不会(?)|57/100
|-damage|p2a: 不会(?)|48/100
|-damage|p2a: 不会(?)|39/100
|-hitcount|p2a: 不会(?)|3
|move|p2a: 不会(?)|Heat Crash|p1a: Kyurem
|-damage|p1a: Kyurem|0 fnt
|faint|p1a: Kyurem
|
|-weather|DesolateLand|[upkeep]
|upkeep
|
|t:|1664811558
|switch|p1a: Yveltal|Yveltal|100/100
|-damage|p1a: Yveltal|76/100|[from] Stealth Rock
|-ability|p1a: Yveltal|Dark Aura
|turn|5
|
|t:|1664811561
|move|p1a: Yveltal|Defog|p2a: 不会(?)
|-unboost|p2a: 不会(?)|evasion|1
|-sideend|p1: Mr_kraft_|Stealth Rock|[from] move: Defog|[of] p1a: Yveltal
|move|p2a: 不会(?)|Heat Crash|p1a: Yveltal
|-damage|p1a: Yveltal|0 fnt
|faint|p1a: Yveltal
|
|-weather|DesolateLand|[upkeep]
|upkeep
|
|t:|1664811565
|switch|p1a: Ditto|Ditto|100/100
|-transform|p1a: Ditto|p2a: 不会(?)|[from] ability: Imposter
|turn|6
|
|t:|1664811567
|move|p1a: Ditto|Precipice Blades|p2a: 不会(?)
|-supereffective|p2a: 不会(?)
|-damage|p2a: 不会(?)|0 fnt
|faint|p2a: 不会(?)
|
|-weather|DesolateLand|[upkeep]
|upkeep
|
|t:|1664811571
|switch|p2a: 烈龙无敌|Rayquaza|100/100
|-ability|p2a: 烈龙无敌|Air Lock
|turn|7
|
|t:|1664811575
|-weather|none
|switch|p1a: Zacian|Zacian-Crowned|100/100
|-ability|p1a: Zacian|Intrepid Sword|boost
|-boost|p1a: Zacian|atk|1
|detailschange|p2a: 烈龙无敌|Rayquaza-Mega
|-mega|p2a: 烈龙无敌|Rayquaza|
|-weather|DeltaStream|[from] ability: Delta Stream|[of] p2a: 烈龙无敌
|move|p2a: 烈龙无敌|Earthquake|p1a: Zacian
|-supereffective|p1a: Zacian
|-damage|p1a: Zacian|14/100
|
|-weather|DeltaStream|[upkeep]
|upkeep
|turn|8
|
|t:|1664811579
|move|p2a: 烈龙无敌|Extreme Speed|p1a: Zacian
|-resisted|p1a: Zacian
|-damage|p1a: Zacian|0 fnt
|faint|p1a: Zacian
|
|-weather|DeltaStream|[upkeep]
|upkeep
|
|t:|1664811584
|switch|p1a: Marshadow|Marshadow|100/100
|turn|9
|
|t:|1664811586
|move|p1a: Marshadow|Ice Punch|p2a: 烈龙无敌
|-activate||deltastream
|-supereffective|p2a: 烈龙无敌
|-damage|p2a: 烈龙无敌|58/100
|move|p2a: 烈龙无敌|Dragon Ascent|p1a: Marshadow
|-supereffective|p1a: Marshadow
|-enditem|p1a: Marshadow|Focus Sash
|-damage|p1a: Marshadow|1/100
|-unboost|p2a: 烈龙无敌|def|1
|-unboost|p2a: 烈龙无敌|spd|1
|
|-weather|DeltaStream|[upkeep]
|upkeep
|turn|10
|
|t:|1664811590
|move|p1a: Marshadow|Ice Punch|p2a: 烈龙无敌
|-activate||deltastream
|-supereffective|p2a: 烈龙无敌
|-damage|p2a: 烈龙无敌|0 fnt
|faint|p2a: 烈龙无敌
|-weather|none
|
|upkeep
|
|t:|1664811595
|switch|p2a: 悬空羊驼|Arceus-Flying|100/100
|turn|11
|
|t:|1664811602
|-start|p2a: 悬空羊驼|Dynamax|
|-heal|p2a: 悬空羊驼|100/100|[silent]
|move|p1a: Marshadow|Ice Punch|p2a: 悬空羊驼
|-supereffective|p2a: 悬空羊驼
|-damage|p2a: 悬空羊驼|83/100
|move|p2a: 悬空羊驼|Max Airstream|p1a: Marshadow
|-supereffective|p1a: Marshadow
|-damage|p1a: Marshadow|0 fnt
|-boost|p2a: 悬空羊驼|spe|1
|faint|p1a: Marshadow
|
|upkeep
|
|t:|1664811609
|switch|p1a: Ditto|Ditto|100/100
|-transform|p1a: Ditto|p2a: 悬空羊驼|[from] ability: Imposter
|turn|12
|
|t:|1664811615
|-start|p1a: Ditto|Dynamax|
|-heal|p1a: Ditto|100/100|[silent]
|move|p1a: Ditto|Max Strike|p2a: 悬空羊驼
|-damage|p2a: 悬空羊驼|66/100
|-unboost|p2a: 悬空羊驼|spe|1
|move|p2a: 悬空羊驼|Max Airstream|p1a: Ditto
|-damage|p1a: Ditto|56/100
|-boost|p2a: 悬空羊驼|spe|1
|
|upkeep
|turn|13
|
|t:|1664811620
|move|p1a: Ditto|Max Strike|p2a: 悬空羊驼
|-damage|p2a: 悬空羊驼|49/100
|-unboost|p2a: 悬空羊驼|spe|1
|move|p2a: 悬空羊驼|Max Airstream|p1a: Ditto
|-crit|p1a: Ditto
|-damage|p1a: Ditto|0 fnt
|-boost|p2a: 悬空羊驼|spe|1
|faint|p1a: Ditto
|
|upkeep
|
|t:|1664811623
|switch|p1a: Groudon|Groudon-Primal|100/100
|-weather|DesolateLand|[from] ability: Desolate Land|[of] p1a: Groudon
|-end|p2a: 悬空羊驼|Dynamax
|-heal|p2a: 悬空羊驼|49/100|[silent]
|turn|14
|
|t:|1664811625
|move|p2a: 悬空羊驼|Earth Power|p1a: Groudon
|-supereffective|p1a: Groudon
|-crit|p1a: Groudon
|-damage|p1a: Groudon|13/100
|move|p1a: Groudon|Heat Crash|p2a: 悬空羊驼
|-damage|p2a: 悬空羊驼|0 fnt
|faint|p2a: 悬空羊驼
|
|-weather|DesolateLand|[upkeep]
|upkeep
|
|t:|1664811627
|switch|p2a: 钢铁之躯|Necrozma-Dusk-Mane|100/100
|turn|15
|
|t:|1664811631
|detailschange|p2a: 钢铁之躯|Necrozma-Ultra
|-burst|p2a: 钢铁之躯|Necrozma|Ultranecrozium Z
|move|p2a: 钢铁之躯|Photon Geyser|p1a: Groudon
|-crit|p1a: Groudon
|-damage|p1a: Groudon|0 fnt
|faint|p1a: Groudon
|-weather|none
|
|win|CLEAR GEM清瑜
|raw|Mr_kraft_'s rating: 1700 &rarr; <strong>1683</strong><br />(-17 for losing)
|raw|CLEAR GEM清瑜's rating: 1744 &rarr; <strong>1761</strong><br />(+17 for winning)
|l|☆Mr_kraft_
