|j|☆TheKingOfElevators
|j|☆MiguelRRM
|t:|1640143527
|gametype|singles
|player|p1|TheKingOfElevators|cynthia-gen4|1521
|player|p2|MiguelRRM|266|1834
|teamsize|p1|6
|teamsize|p2|6
|gen|8
|tier|[Gen 8] National Dex AG
|rated|
|rule|HP Percentage Mod: HP is shown in percentages
|rule|Endless Battle Clause: Forcing endless battles is banned
|clearpoke
|poke|p1|Shuckle, F|
|poke|p1|Yveltal|
|poke|p1|Necrozma-Dusk-Mane|
|poke|p1|Kyogre|
|poke|p1|Zacian-*|
|poke|p1|Rayquaza|
|poke|p2|Marshadow|
|poke|p2|Zacian-*|
|poke|p2|Arceus-*|
|poke|p2|Groudon|
|poke|p2|Rayquaza|
|poke|p2|Yveltal|
|teampreview
|inactive|Battle timer is ON: inactive players will automatically lose when time's up. (requested by TheKingOfElevators)
|
|t:|1640143557
|start
|switch|p1a: Shuckle|Shuckle, F|100/100
|switch|p2a: Rayquaza|Rayquaza|100/100
|-ability|p2a: Rayquaza|Air Lock
|turn|1
|
|t:|1640143567
|detailschange|p2a: Rayquaza|Rayquaza-Mega
|-mega|p2a: Rayquaza|Rayquaza|
|-weather|DeltaStream|[from] ability: Delta Stream|[of] p2a: Rayquaza
|move|p2a: Rayquaza|Dragon Ascent|p1a: Shuckle
|-damage|p1a: Shuckle|56/100
|-unboost|p2a: Rayquaza|def|1
|-unboost|p2a: Rayquaza|spd|1
|move|p1a: Shuckle|Sticky Web|p2a: Rayquaza
|-sidestart|p2: MiguelRRM|move: Sticky Web
|
|-weather|DeltaStream|[upkeep]
|upkeep
|turn|2
|
|t:|1640143580
|move|p2a: Rayquaza|Dragon Dance|p2a: Rayquaza
|-boost|p2a: Rayquaza|atk|1
|-boost|p2a: Rayquaza|spe|1
|move|p1a: Shuckle|Stealth Rock|p2a: Rayquaza
|-sidestart|p2: MiguelRRM|move: Stealth Rock
|
|-weather|DeltaStream|[upkeep]
|upkeep
|turn|3
|
|t:|1640143583
|move|p2a: Rayquaza|Dragon Ascent|p1a: Shuckle
|-damage|p1a: Shuckle|0 fnt
|-unboost|p2a: Rayquaza|def|1
|-unboost|p2a: Rayquaza|spd|1
|faint|p1a: Shuckle
|
|-weather|DeltaStream|[upkeep]
|upkeep
|
|t:|1640143594
|switch|p1a: Rayquaza|Rayquaza|100/100
|-ability|p1a: Rayquaza|Air Lock
|turn|4
|
|t:|1640143598
|detailschange|p1a: Rayquaza|Rayquaza-Mega
|-mega|p1a: Rayquaza|Rayquaza|
|move|p1a: Rayquaza|Extreme Speed|p2a: Rayquaza
|-damage|p2a: Rayquaza|1/100
|-damage|p1a: Rayquaza|91/100|[from] item: Life Orb
|move|p2a: Rayquaza|Scale Shot|p1a: Rayquaza
|-supereffective|p1a: Rayquaza
|-damage|p1a: Rayquaza|38/100
|-supereffective|p1a: Rayquaza
|-damage|p1a: Rayquaza|0 fnt
|faint|p1a: Rayquaza
|-hitcount|p1: Rayquaza|2
|-unboost|p2a: Rayquaza|def|1
|-boost|p2a: Rayquaza|spe|1
|
|-weather|DeltaStream|[upkeep]
|upkeep
|
|t:|1640143616
|switch|p1a: Necrozma|Necrozma-Dusk-Mane|100/100
|turn|5
|
|t:|1640143620
|move|p2a: Rayquaza|Earthquake|p1a: Necrozma
|-supereffective|p1a: Necrozma
|-damage|p1a: Necrozma|11/100
|move|p1a: Necrozma|Psychic Fangs|p2a: Rayquaza
|-damage|p2a: Rayquaza|0 fnt
|faint|p2a: Rayquaza
|-weather|none
|-damage|p1a: Necrozma|1/100|[from] item: Life Orb
|
|upkeep
|
|t:|1640143638
|switch|p2a: Marshadow|Marshadow|100/100
|-activate|p2a: Marshadow|move: Sticky Web
|-unboost|p2a: Marshadow|spe|1
|-damage|p2a: Marshadow|94/100|[from] Stealth Rock
|turn|6
|
|t:|1640143641
|move|p2a: Marshadow|Shadow Sneak|p1a: Necrozma
|-supereffective|p1a: Necrozma
|-damage|p1a: Necrozma|0 fnt
|faint|p1a: Necrozma
|
|upkeep
|
|t:|1640143643
|switch|p1a: Yveltal|Yveltal|100/100
|-ability|p1a: Yveltal|Dark Aura
|turn|7
|
|t:|1640143649
|switch|p2a: Zacian|Zacian-Crowned|100/100
|-activate|p2a: Zacian|move: Sticky Web
|-unboost|p2a: Zacian|spe|1
|-damage|p2a: Zacian|95/100|[from] Stealth Rock
|-ability|p2a: Zacian|Intrepid Sword|boost
|-boost|p2a: Zacian|atk|1
|move|p1a: Yveltal|Oblivion Wing|p2a: Zacian
|-resisted|p2a: Zacian
|-damage|p2a: Zacian|71/100
|-damage|p1a: Yveltal|91/100|[from] item: Life Orb
|
|upkeep
|turn|8
|
|t:|1640143655
|move|p1a: Yveltal|Heat Wave|p2a: Zacian
|-supereffective|p2a: Zacian
|-damage|p2a: Zacian|0 fnt
|faint|p2a: Zacian
|-damage|p1a: Yveltal|81/100|[from] item: Life Orb
|
|upkeep
|
|t:|1640143657
|switch|p2a: Arceus|Arceus-Ground|100/100
|-damage|p2a: Arceus|94/100|[from] Stealth Rock
|-activate|p2a: Arceus|move: Sticky Web
|-unboost|p2a: Arceus|spe|1
|turn|9
|
|t:|1640143666
|-start|p1a: Yveltal|Dynamax
|-heal|p1a: Yveltal|81/100|[silent]
|move|p1a: Yveltal|Max Darkness|p2a: Arceus
|-damage|p2a: Arceus|0 fnt
|faint|p2a: Arceus
|-damage|p1a: Yveltal|76/100|[from] item: Life Orb
|
|upkeep
|
|t:|1640143672
|switch|p2a: Yveltal|Yveltal|100/100
|-damage|p2a: Yveltal|76/100|[from] Stealth Rock
|-ability|p2a: Yveltal|Dark Aura
|turn|10
|
|t:|1640143675
|-start|p2a: Yveltal|Dynamax
|-heal|p2a: Yveltal|76/100|[silent]
|move|p2a: Yveltal|Max Guard|p2a: Yveltal
|-singleturn|p2a: Yveltal|Max Guard
|move|p1a: Yveltal|Max Airstream|p2a: Yveltal
|-activate|p2a: Yveltal|move: Max Guard
|
|upkeep
|turn|11
|
|t:|1640143678
|move|p1a: Yveltal|Max Airstream|p2a: Yveltal
|-damage|p2a: Yveltal|40/100
|-boost|p1a: Yveltal|spe|1
|-damage|p1a: Yveltal|71/100|[from] item: Life Orb
|move|p2a: Yveltal|Max Flutterby|p1a: Yveltal
|-damage|p1a: Yveltal|56/100
|-unboost|p1a: Yveltal|spa|1
|
|-end|p1a: Yveltal|Dynamax
|-heal|p1a: Yveltal|56/100|[silent]
|upkeep
|turn|12
|
|t:|1640143690
|switch|p1a: Zacian|Zacian-Crowned|100/100
|-ability|p1a: Zacian|Intrepid Sword|boost
|-boost|p1a: Zacian|atk|1
|move|p2a: Yveltal|Max Flutterby|p1a: Zacian
|-resisted|p1a: Zacian
|-damage|p1a: Zacian|92/100
|-unboost|p1a: Zacian|spa|1
|
|-end|p2a: Yveltal|Dynamax
|-heal|p2a: Yveltal|40/100|[silent]
|upkeep
|turn|13
|
|t:|1640143696
|move|p1a: Zacian|Wild Charge|p2a: Yveltal
|-supereffective|p2a: Yveltal
|-damage|p2a: Yveltal|0 fnt
|-damage|p1a: Zacian|76/100|[from] item: Rocky Helmet|[of] p2a: Yveltal
|faint|p2a: Yveltal
|-damage|p1a: Zacian|62/100|[from] Recoil
|
|upkeep
|
|t:|1640143697
|switch|p2a: Groudon|Groudon|100/100
|-damage|p2a: Groudon|94/100|[from] Stealth Rock
|-activate|p2a: Groudon|move: Sticky Web
|-unboost|p2a: Groudon|spe|1
|detailschange|p2a: Groudon|Groudon-Primal
|-primal|p2a: Groudon
|-weather|DesolateLand|[from] ability: Desolate Land|[of] p2a: Groudon
|turn|14
|
|t:|1640143701
|switch|p1a: Kyogre|Kyogre|100/100
|detailschange|p1a: Kyogre|Kyogre-Primal
|-primal|p1a: Kyogre
|-weather|PrimordialSea|[from] ability: Primordial Sea|[of] p1a: Kyogre
|move|p2a: Groudon|Rock Tomb|p1a: Kyogre|[miss]
|-miss|p2a: Groudon|p1a: Kyogre
|
|-weather|PrimordialSea|[upkeep]
|upkeep
|turn|15
|-message|MiguelRRM forfeited.
|
|win|TheKingOfElevators
|raw|TheKingOfElevators's rating: 1521 &rarr; <strong>1555</strong><br />(+34 for winning)
|raw|MiguelRRM's rating: 1834 &rarr; <strong>1800</strong><br />(-34 for losing)
|l|☆MiguelRRM
