|j|☆700club
|j|☆dratini1yt
|t:|1664629195
|gametype|singles
|player|p1|700club|shadowtriad|1556
|player|p2|dratini1yt|clair|1783
|teamsize|p1|6
|teamsize|p2|6
|gen|8
|tier|[Gen 8] National Dex AG
|rated|
|rule|HP Percentage Mod: HP is shown in percentages
|rule|Endless Battle Clause: Forcing endless battles is banned
|clearpoke
|poke|p1|Landorus-Therian, M|
|poke|p1|Deoxys-Speed|
|poke|p1|Rayquaza|
|poke|p1|Yveltal|
|poke|p1|Necrozma-Dusk-Mane|
|poke|p1|Zacian-*|
|poke|p2|Yveltal|
|poke|p2|Xerneas-*|
|poke|p2|Necrozma-Dusk-Mane|
|poke|p2|Rayquaza|
|poke|p2|Arceus-*|
|poke|p2|Marshadow|
|teampreview
|c|☆dratini1yt|glhf
|c|☆700club|u too
|inactive|Battle timer is ON: inactive players will automatically lose when time's up. (requested by dratini1yt)
|
|t:|1664629213
|start
|switch|p1a: Deoxys|Deoxys-Speed|100/100
|switch|p2a: Arceus|Arceus-Ground|100/100
|-ability|p1a: Deoxys|Pressure
|turn|1
|
|t:|1664629224
|move|p1a: Deoxys|Stealth Rock|p2a: Arceus
|-sidestart|p2: dratini1yt|move: Stealth Rock
|move|p2a: Arceus|Judgment|p1a: Deoxys
|-damage|p1a: Deoxys|40/100
|
|upkeep
|turn|2
|
|t:|1664629232
|move|p1a: Deoxys|Light Screen|p1a: Deoxys
|-sidestart|p1: 700club|move: Light Screen
|move|p2a: Arceus|Defog|p1a: Deoxys
|-unboost|p1a: Deoxys|evasion|1
|-sideend|p1: 700club|move: Light Screen
|-sideend|p2: dratini1yt|Stealth Rock|[from] move: Defog|[of] p2a: Arceus
|
|upkeep
|turn|3
|
|t:|1664629256
|move|p1a: Deoxys|Taunt|p2a: Arceus
|-start|p2a: Arceus|move: Taunt
|move|p2a: Arceus|Judgment|p1a: Deoxys
|-damage|p1a: Deoxys|0 fnt
|faint|p1a: Deoxys
|
|upkeep
|inactive|700club has 120 seconds left.
|inactive|700club has 90 seconds left.
|
|t:|1664629317
|switch|p1a: Yveltal|Yveltal|100/100
|-ability|p1a: Yveltal|Dark Aura
|turn|4
|
|t:|1664629334
|switch|p2a: Yveltal|Yveltal|100/100
|-ability|p2a: Yveltal|Dark Aura
|-start|p1a: Yveltal|Dynamax|
|-heal|p1a: Yveltal|100/100|[silent]
|move|p1a: Yveltal|Max Airstream|p2a: Yveltal
|-damage|p2a: Yveltal|50/100
|-boost|p1a: Yveltal|spe|1
|-damage|p1a: Yveltal|96/100|[from] item: Life Orb
|
|upkeep
|turn|5
|
|t:|1664629346
|move|p1a: Yveltal|Max Airstream|p2a: Yveltal
|-damage|p2a: Yveltal|0 fnt
|-boost|p1a: Yveltal|spe|1
|faint|p2a: Yveltal
|-damage|p1a: Yveltal|91/100|[from] item: Life Orb
|
|upkeep
|
|t:|1664629364
|switch|p2a: Arceus|Arceus-Ground|100/100
|turn|6
|
|t:|1664629385
|move|p1a: Yveltal|Max Darkness|p2a: Arceus
|-damage|p2a: Arceus|22/100
|-unboost|p2a: Arceus|spd|1
|-damage|p1a: Yveltal|86/100|[from] item: Life Orb
|move|p2a: Arceus|Recover|p2a: Arceus
|-heal|p2a: Arceus|72/100
|
|upkeep
|-end|p1a: Yveltal|Dynamax
|-heal|p1a: Yveltal|86/100|[silent]
|turn|7
|
|t:|1664629400
|move|p1a: Yveltal|Dark Pulse|p2a: Arceus
|-damage|p2a: Arceus|6/100
|-damage|p1a: Yveltal|76/100|[from] item: Life Orb
|move|p2a: Arceus|Toxic|p1a: Yveltal
|-status|p1a: Yveltal|tox
|
|-damage|p1a: Yveltal|70/100 tox|[from] psn
|upkeep
|turn|8
|c|☆dratini1yt|forgot about the spD fell
|
|t:|1664629412
|move|p1a: Yveltal|Dark Pulse|p2a: Arceus
|-damage|p2a: Arceus|0 fnt
|faint|p2a: Arceus
|-damage|p1a: Yveltal|60/100 tox|[from] item: Life Orb
|
|-damage|p1a: Yveltal|48/100 tox|[from] psn
|upkeep
|
|t:|1664629427
|switch|p2a: Xerneas|Xerneas|100/100
|-ability|p2a: Xerneas|Fairy Aura
|turn|9
|
|t:|1664629434
|move|p1a: Yveltal|Oblivion Wing|p2a: Xerneas
|-damage|p2a: Xerneas|49/100
|-heal|p1a: Yveltal|86/100 tox|[from] drain|[of] p2a: Xerneas
|-damage|p1a: Yveltal|76/100 tox|[from] item: Life Orb
|move|p2a: Xerneas|Geomancy||[still]
|-prepare|p2a: Xerneas|Geomancy
|-enditem|p2a: Xerneas|Power Herb
|-anim|p2a: Xerneas|Geomancy|p2a: Xerneas
|-boost|p2a: Xerneas|spa|2
|-boost|p2a: Xerneas|spd|2
|-boost|p2a: Xerneas|spe|2
|
|-damage|p1a: Yveltal|58/100 tox|[from] psn
|upkeep
|turn|10
|
|t:|1664629448
|move|p1a: Yveltal|Oblivion Wing|p2a: Xerneas
|-damage|p2a: Xerneas|24/100
|-heal|p1a: Yveltal|77/100 tox|[from] drain|[of] p2a: Xerneas
|-damage|p1a: Yveltal|67/100 tox|[from] item: Life Orb
|move|p2a: Xerneas|Moonblast|p1a: Yveltal
|-supereffective|p1a: Yveltal
|-damage|p1a: Yveltal|0 fnt
|faint|p1a: Yveltal
|
|upkeep
|c|☆dratini1yt|oh
|c|☆dratini1yt|forgot about that
|c|☆dratini1yt|oof
|
|t:|1664629460
|switch|p1a: Rayquaza|Rayquaza|100/100
|-ability|p1a: Rayquaza|Air Lock
|turn|11
|c|☆700club|yeah ^^
|
|t:|1664629472
|detailschange|p1a: Rayquaza|Rayquaza-Mega
|-mega|p1a: Rayquaza|Rayquaza|
|-weather|DeltaStream|[from] ability: Delta Stream|[of] p1a: Rayquaza
|-start|p2a: Xerneas|Dynamax|
|-heal|p2a: Xerneas|24/100|[silent]
|move|p1a: Rayquaza|Extreme Speed|p2a: Xerneas
|-damage|p2a: Xerneas|0 fnt
|faint|p2a: Xerneas
|-damage|p1a: Rayquaza|91/100|[from] item: Life Orb
|
|-weather|DeltaStream|[upkeep]
|upkeep
|c|☆dratini1yt|no
|c|☆dratini1yt|gg
|c|☆dratini1yt|g
|c|☆dratini1yt|g
|c|☆dratini1yt|g
|c|☆dratini1yt|g
|c|☆dratini1yt|g
|c|☆dratini1yt|g
|c|☆dratini1yt|g
|
|t:|1664629485
|switch|p2a: Necrozma|Necrozma-Dusk-Mane|100/100
|turn|12
|c|☆700club|gg
|
|t:|1664629490
|move|p1a: Rayquaza|V-create|p2a: Necrozma
|-supereffective|p2a: Necrozma
|-damage|p2a: Necrozma|0 fnt
|-unboost|p1a: Rayquaza|spe|1
|-unboost|p1a: Rayquaza|def|1
|-unboost|p1a: Rayquaza|spd|1
|-damage|p1a: Rayquaza|74/100|[from] item: Rocky Helmet|[of] p2a: Necrozma
|faint|p2a: Necrozma
|-damage|p1a: Rayquaza|64/100|[from] item: Life Orb
|
|-weather|DeltaStream|[upkeep]
|upkeep
|c|☆dratini1yt|oof
|c|☆dratini1yt|wp
|
|t:|1664629498
|switch|p2a: Rayquaza|Rayquaza|100/100
|-ability|p2a: Rayquaza|Air Lock
|turn|13
|inactive|700club has 90 seconds left.
|
|t:|1664629507
|detailschange|p2a: Rayquaza|Rayquaza-Mega
|-mega|p2a: Rayquaza|Rayquaza|
|move|p1a: Rayquaza|Extreme Speed|p2a: Rayquaza
|-damage|p2a: Rayquaza|49/100
|-damage|p1a: Rayquaza|54/100|[from] item: Life Orb
|move|p2a: Rayquaza|Dragon Dance|p2a: Rayquaza
|-boost|p2a: Rayquaza|atk|1
|-boost|p2a: Rayquaza|spe|1
|
|-weather|DeltaStream|[upkeep]
|upkeep
|turn|14
|c|☆700club|thx
|-message|dratini1yt forfeited.
|
|win|700club
|raw|700club's rating: 1556 &rarr; <strong>1587</strong><br />(+31 for winning)
|raw|dratini1yt's rating: 1783 &rarr; <strong>1752</strong><br />(-31 for losing)
|l|☆dratini1yt
|c|☆700club|you don't have extreme speed?
||Ladder isn't responding, score probably updated but might not have (Request timeout).
