|j|☆Determewnation
|j|☆Direhands
|t:|1653585811
|gametype|singles
|player|p1|Determewnation|102|1556
|player|p2|Direhands|gambler|1698
|teamsize|p1|6
|teamsize|p2|6
|gen|8
|tier|[Gen 8] National Dex AG
|rated|
|rule|HP Percentage Mod: HP is shown in percentages
|rule|Endless Battle Clause: Forcing endless battles is banned
|clearpoke
|poke|p1|Gourgeist-*, F|
|poke|p1|Diancie|
|poke|p1|Manaphy|
|poke|p1|Groudon|
|poke|p1|Yveltal|
|poke|p1|Mew|
|poke|p2|Tyranitar, M|
|poke|p2|Zacian-*|
|poke|p2|Calyrex-Shadow|
|poke|p2|Yveltal|
|poke|p2|Zygarde|
|poke|p2|Shedinja|
|teampreview
|inactive|Battle timer is ON: inactive players will automatically lose when time's up. (requested by Direhands)
|
|t:|1653585819
|start
|switch|p1a: Yveltal|Yveltal|100/100
|switch|p2a: Knight|Zacian-Crowned|100/100
|-ability|p1a: Yveltal|Dark Aura
|-ability|p2a: Knight|Intrepid Sword|boost
|-boost|p2a: Knight|atk|1
|turn|1
|
|t:|1653585823
|move|p1a: Yveltal|U-turn|p2a: Knight
|-resisted|p2a: Knight
|-damage|p2a: Knight|95/100
|
|t:|1653585825
|switch|p1a: Groudon|Groudon|100/100|[from]move: U-turn
|detailschange|p1a: Groudon|Groudon-Primal
|-primal|p1a: Groudon
|-weather|DesolateLand|[from] ability: Desolate Land|[of] p1a: Groudon
|move|p2a: Knight|Behemoth Blade|p1a: Groudon
|-resisted|p1a: Groudon
|-damage|p1a: Groudon|69/100
|
|-weather|DesolateLand|[upkeep]
|upkeep
|turn|2
|
|t:|1653585832
|move|p2a: Knight|Close Combat|p1a: Groudon
|-damage|p1a: Groudon|15/100
|-unboost|p2a: Knight|def|1
|-unboost|p2a: Knight|spd|1
|move|p1a: Groudon|Heat Crash|p2a: Knight
|-supereffective|p2a: Knight
|-damage|p2a: Knight|0 fnt
|faint|p2a: Knight
|
|-weather|DesolateLand|[upkeep]
|upkeep
|
|t:|1653585843
|switch|p2a: Rook|Zygarde|100/100
|turn|3
|
|t:|1653585848
|move|p1a: Groudon|Precipice Blades|p2a: Rook
|-damage|p2a: Rook|42/100
|move|p2a: Rook|Glare|p1a: Groudon
|-status|p1a: Groudon|par
|
|-weather|DesolateLand|[upkeep]
|-heal|p2a: Rook|48/100|[from] item: Leftovers
|-activate|p2a: Rook|ability: Power Construct
|detailschange|p2a: Rook|Zygarde-Complete
|-heal|p2a: Rook|66/100|[silent]
|upkeep
|turn|4
|
|t:|1653585855
|-weather|none
|switch|p1a: Gourgeist|Gourgeist-Super, F, shiny|100/100
|-item|p2a: Rook|Leftovers|[from] ability: Frisk|[of] p1a: Gourgeist|[identify]
|move|p2a: Rook|Coil|p2a: Rook
|-boost|p2a: Rook|atk|1
|-boost|p2a: Rook|def|1
|-boost|p2a: Rook|accuracy|1
|
|-heal|p2a: Rook|72/100|[from] item: Leftovers
|upkeep
|turn|5
|
|t:|1653585861
|move|p2a: Rook|Glare|p1a: Gourgeist
|-status|p1a: Gourgeist|par
|cant|p1a: Gourgeist|par
|
|-heal|p2a: Rook|78/100|[from] item: Leftovers
|upkeep
|turn|6
|
|t:|1653585865
|move|p2a: Rook|Coil|p2a: Rook
|-boost|p2a: Rook|atk|1
|-boost|p2a: Rook|def|1
|-boost|p2a: Rook|accuracy|1
|move|p1a: Gourgeist|Will-O-Wisp|p2a: Rook
|-status|p2a: Rook|brn
|
|-heal|p2a: Rook|84/100 brn|[from] item: Leftovers
|-damage|p2a: Rook|78/100 brn|[from] brn
|upkeep
|turn|7
|
|t:|1653585870
|switch|p1a: Mew|Mew, shiny|100/100
|move|p2a: Rook|Coil|p2a: Rook
|-boost|p2a: Rook|atk|1
|-boost|p2a: Rook|def|1
|-boost|p2a: Rook|accuracy|1
|
|-heal|p2a: Rook|84/100 brn|[from] item: Leftovers
|-damage|p2a: Rook|78/100 brn|[from] brn
|upkeep
|turn|8
|
|t:|1653585873
|move|p1a: Mew|Taunt|p2a: Rook
|-start|p2a: Rook|move: Taunt
|cant|p2a: Rook|move: Taunt|Glare
|
|-heal|p2a: Rook|84/100 brn|[from] item: Leftovers
|-damage|p2a: Rook|78/100 brn|[from] brn
|upkeep
|turn|9
|
|t:|1653585880
|move|p1a: Mew|Heal Bell|p1a: Mew
|-activate|p1a: Mew|move: Heal Bell
|-curestatus|p1: Groudon|par|[msg]
|-curestatus|p1: Gourgeist|par|[msg]
|move|p2a: Rook|Thousand Arrows|p1a: Mew
|-damage|p1a: Mew|57/100
|
|-heal|p2a: Rook|84/100 brn|[from] item: Leftovers
|-damage|p2a: Rook|78/100 brn|[from] brn
|upkeep
|turn|10
|
|t:|1653585903
|-zpower|p1a: Mew
|move|p1a: Mew|Z-Transform|p2a: Rook|[anim]Transform
|-heal|p1a: Mew|100/100|[zeffect]
|-transform|p1a: Mew|p2a: Rook
|move|p2a: Rook|Thousand Arrows|p1a: Mew
|-damage|p1a: Mew|86/100
|
|-heal|p2a: Rook|84/100 brn|[from] item: Leftovers
|-damage|p2a: Rook|78/100 brn|[from] brn
|-end|p2a: Rook|move: Taunt
|upkeep
|turn|11
|
|t:|1653585917
|move|p2a: Rook|Glare|p1a: Mew
|-status|p1a: Mew|par
|cant|p1a: Mew|par
|
|-heal|p2a: Rook|84/100 brn|[from] item: Leftovers
|-damage|p2a: Rook|78/100 brn|[from] brn
|upkeep
|turn|12
|
|t:|1653585922
|move|p2a: Rook|Coil|p2a: Rook
|-boost|p2a: Rook|atk|1
|-boost|p2a: Rook|def|1
|-boost|p2a: Rook|accuracy|1
|move|p1a: Mew|Thousand Arrows|p2a: Rook
|-damage|p2a: Rook|63/100 brn
|
|-heal|p2a: Rook|69/100 brn|[from] item: Leftovers
|-damage|p2a: Rook|63/100 brn|[from] brn
|upkeep
|turn|13
|
|t:|1653585924
|move|p2a: Rook|Coil|p2a: Rook
|-boost|p2a: Rook|atk|1
|-boost|p2a: Rook|def|1
|-boost|p2a: Rook|accuracy|1
|move|p1a: Mew|Thousand Arrows|p2a: Rook
|-damage|p2a: Rook|48/100 brn
|
|-heal|p2a: Rook|54/100 brn|[from] item: Leftovers
|-damage|p2a: Rook|48/100 brn|[from] brn
|upkeep
|turn|14
|
|t:|1653585928
|move|p2a: Rook|Coil|p2a: Rook
|-boost|p2a: Rook|atk|1
|-boost|p2a: Rook|def|1
|-boost|p2a: Rook|accuracy|1
|move|p1a: Mew|Thousand Arrows|p2a: Rook
|-damage|p2a: Rook|35/100 brn
|
|-heal|p2a: Rook|41/100 brn|[from] item: Leftovers
|-damage|p2a: Rook|35/100 brn|[from] brn
|upkeep
|turn|15
|
|t:|1653585930
|move|p2a: Rook|Thousand Arrows|p1a: Mew
|-damage|p1a: Mew|60/100 par
|move|p1a: Mew|Thousand Arrows|p2a: Rook
|-damage|p2a: Rook|22/100 brn
|
|-heal|p2a: Rook|28/100 brn|[from] item: Leftovers
|-damage|p2a: Rook|22/100 brn|[from] brn
|upkeep
|turn|16
|
|t:|1653585955
|switch|p1a: Gourgeist|Gourgeist-Super, F, shiny|100/100
|-item|p2a: Rook|Leftovers|[from] ability: Frisk|[of] p1a: Gourgeist|[identify]
|move|p2a: Rook|Thousand Arrows|p1a: Gourgeist
|-resisted|p1a: Gourgeist
|-damage|p1a: Gourgeist|76/100
|
|-heal|p2a: Rook|28/100 brn|[from] item: Leftovers
|-heal|p1a: Gourgeist|82/100|[from] item: Leftovers
|-damage|p2a: Rook|22/100 brn|[from] brn
|upkeep
|turn|17
|inactive|Determewnation has 120 seconds left.
|
|t:|1653585985
|switch|p1a: Mew|Mew, shiny|60/100 par
|move|p2a: Rook|Glare|p1a: Mew
|-fail|p1a: Mew|par
|
|-heal|p2a: Rook|28/100 brn|[from] item: Leftovers
|-damage|p2a: Rook|22/100 brn|[from] brn
|upkeep
|turn|18
|
|t:|1653585996
|move|p2a: Rook|Thousand Arrows|p1a: Mew
|-damage|p1a: Mew|0 fnt
|faint|p1a: Mew
|
|-heal|p2a: Rook|28/100 brn|[from] item: Leftovers
|-damage|p2a: Rook|22/100 brn|[from] brn
|upkeep
|
|t:|1653586000
|switch|p1a: Diancie|Diancie|100/100
|turn|19
|
|t:|1653586005
|detailschange|p1a: Diancie|Diancie-Mega
|-mega|p1a: Diancie|Diancie|Diancite
|move|p1a: Diancie|Moonblast|p2a: Rook
|-supereffective|p2a: Rook
|-damage|p2a: Rook|0 fnt
|faint|p2a: Rook
|
|upkeep
|
|t:|1653586014
|switch|p2a: King|Calyrex-Shadow|100/100
|-ability|p2a: King|As One
|-ability|p2a: King|Unnerve
|turn|20
|
|t:|1653586018
|switch|p1a: Yveltal|Yveltal|100/100
|-ability|p1a: Yveltal|Dark Aura
|move|p2a: King|Astral Barrage|p1a: Yveltal
|-resisted|p1a: Yveltal
|-damage|p1a: Yveltal|67/100
|
|upkeep
|turn|21
|
|t:|1653586021
|move|p1a: Yveltal|Knock Off|p2a: King
|-supereffective|p2a: King
|-enditem|p2a: King|Focus Sash
|-damage|p2a: King|1/100
|move|p2a: King|Draining Kiss|p1a: Yveltal
|-supereffective|p1a: Yveltal
|-damage|p1a: Yveltal|31/100
|-heal|p2a: King|32/100|[from] drain|[of] p1a: Yveltal
|
|upkeep
|turn|22
|
|t:|1653586027
|move|p1a: Yveltal|Knock Off|p2a: King
|-supereffective|p2a: King
|-damage|p2a: King|0 fnt
|faint|p2a: King
|
|upkeep
|
|t:|1653586031
|switch|p2a: Pawn|Tyranitar, M|100/100
|-weather|Sandstorm|[from] ability: Sand Stream|[of] p2a: Pawn
|turn|23
|
|t:|1653586034
|switch|p1a: Groudon|Groudon-Primal|15/100
|-weather|DesolateLand|[from] ability: Desolate Land|[of] p1a: Groudon
|detailschange|p2a: Pawn|Tyranitar-Mega, M
|-mega|p2a: Pawn|Tyranitar|Tyranitarite
|-ability|p2a: Pawn|Sand Stream|[from] desolateland|[fail]
|move|p2a: Pawn|Dragon Dance|p2a: Pawn
|-boost|p2a: Pawn|atk|1
|-boost|p2a: Pawn|spe|1
|
|-weather|DesolateLand|[upkeep]
|upkeep
|turn|24
|
|t:|1653586043
|move|p2a: Pawn|Earthquake|p1a: Groudon
|-supereffective|p1a: Groudon
|-damage|p1a: Groudon|0 fnt
|faint|p1a: Groudon
|-weather|none
|
|upkeep
|
|t:|1653586047
|switch|p1a: Gourgeist|Gourgeist-Super, F, shiny|82/100
|-item|p2a: Pawn|Tyranitarite|[from] ability: Frisk|[of] p1a: Gourgeist|[identify]
|turn|25
|
|t:|1653586052
|move|p2a: Pawn|Crunch|p1a: Gourgeist
|-supereffective|p1a: Gourgeist
|-crit|p1a: Gourgeist
|-damage|p1a: Gourgeist|0 fnt
|faint|p1a: Gourgeist
|
|upkeep
|
|t:|1653586060
|switch|p1a: Manaphy|Manaphy|100/100
|turn|26
|
|t:|1653586066
|-start|p1a: Manaphy|Dynamax|
|-heal|p1a: Manaphy|100/100|[silent]
|move|p2a: Pawn|Crunch|p1a: Manaphy
|-damage|p1a: Manaphy|62/100
|move|p1a: Manaphy|Max Geyser|p2a: Pawn
|-supereffective|p2a: Pawn
|-damage|p2a: Pawn|9/100
|-weather|RainDance
|
|-weather|RainDance|[upkeep]
|upkeep
|turn|27
|
|t:|1653586073
|move|p2a: Pawn|Stone Edge|p1a: Manaphy
|-damage|p1a: Manaphy|15/100
|move|p1a: Manaphy|Max Hailstorm|p2a: Pawn
|-damage|p2a: Pawn|0 fnt
|-weather|Hail
|faint|p2a: Pawn
|
|-weather|Hail|[upkeep]
|-damage|p1a: Manaphy|12/100|[from] Hail
|upkeep
|
|t:|1653586078
|switch|p2a: Queen|Yveltal|100/100
|-ability|p2a: Queen|Dark Aura
|turn|28
|
|t:|1653586087
|-start|p2a: Queen|Dynamax|
|-heal|p2a: Queen|100/100|[silent]
|move|p1a: Manaphy|Max Hailstorm|p2a: Queen
|-supereffective|p2a: Queen
|-damage|p2a: Queen|67/100
|move|p2a: Queen|Max Airstream|p1a: Manaphy
|-damage|p1a: Manaphy|0 fnt
|-boost|p2a: Queen|spe|1
|faint|p1a: Manaphy
|-damage|p2a: Queen|62/100|[from] item: Life Orb
|
|-weather|Hail|[upkeep]
|-damage|p2a: Queen|59/100|[from] Hail
|upkeep
|
|t:|1653586096
|switch|p1a: Yveltal|Yveltal|31/100
|-ability|p1a: Yveltal|Dark Aura
|turn|29
|
|t:|1653586102
|move|p1a: Yveltal|Dual Wingbeat|p2a: Queen
|-damage|p2a: Queen|49/100
|-damage|p2a: Queen|39/100
|-hitcount|p2a: Queen|2
|move|p2a: Queen|Max Airstream|p1a: Yveltal
|-crit|p1a: Yveltal
|-damage|p1a: Yveltal|0 fnt
|-boost|p2a: Queen|spe|1
|faint|p1a: Yveltal
|-damage|p2a: Queen|34/100|[from] item: Life Orb
|
|-weather|Hail|[upkeep]
|-damage|p2a: Queen|31/100|[from] Hail
|upkeep
|
|t:|1653586107
|switch|p1a: Diancie|Diancie-Mega|100/100
|turn|30
|
|t:|1653586109
|move|p2a: Queen|Max Ooze|p1a: Diancie
|-damage|p1a: Diancie|25/100
|-boost|p2a: Queen|spa|1
|-damage|p2a: Queen|26/100|[from] item: Life Orb
|move|p1a: Diancie|Power Gem|p2a: Queen
|-supereffective|p2a: Queen
|-damage|p2a: Queen|0 fnt
|faint|p2a: Queen
|
|-weather|Hail|[upkeep]
|-damage|p1a: Diancie|19/100|[from] Hail
|upkeep
|
|t:|1653586116
|switch|p2a: Shedinja|Shedinja|100/100
|turn|31
|
|t:|1653586118
|move|p2a: Shedinja|Shadow Sneak|p1a: Diancie
|-damage|p1a: Diancie|0 fnt
|faint|p1a: Diancie
|
|win|Direhands
|raw|Determewnation's rating: 1556 &rarr; <strong>1544</strong><br />(-12 for losing)
|raw|Direhands's rating: 1698 &rarr; <strong>1710</strong><br />(+12 for winning)
|l|☆Determewnation
