|j|☆Goku Uchiha 2001
|j|☆PepsiPHD
|t:|1664340824
|gametype|singles
|player|p1|Goku Uchiha 2001|blue-gen3two|1861
|player|p2|PepsiPHD|li|1651
|teamsize|p1|6
|teamsize|p2|6
|gen|8
|tier|[Gen 8] National Dex AG
|rated|
|rule|HP Percentage Mod: HP is shown in percentages
|rule|Endless Battle Clause: Forcing endless battles is banned
|clearpoke
|poke|p1|Landorus-Therian, M|
|poke|p1|Ditto|
|poke|p1|Arceus-*|
|poke|p1|Necrozma-Dusk-Mane|
|poke|p1|Deoxys-Speed|
|poke|p1|Giratina-Origin|
|poke|p2|Flygon, F|
|poke|p2|Banette, M|
|poke|p2|Scizor, M|
|poke|p2|Moltres-Galar|
|poke|p2|Lugia|
|poke|p2|Regieleki|
|teampreview
|inactive|Battle timer is ON: inactive players will automatically lose when time's up. (requested by Goku Uchiha 2001)
|
|t:|1664340847
|start
|switch|p1a: Deoxys|Deoxys-Speed|100/100
|switch|p2a: Regieleki|Regieleki|100/100
|-ability|p1a: Deoxys|Pressure
|turn|1
|
|t:|1664340854
|move|p2a: Regieleki|Volt Switch|p1a: Deoxys
|-damage|p1a: Deoxys|36/100
|
|t:|1664340857
|switch|p2a: Scizor|Scizor, M|100/100|[from]move: Volt Switch
|move|p1a: Deoxys|Stealth Rock|p2a: Scizor
|-sidestart|p2: PepsiPHD|move: Stealth Rock
|
|upkeep
|turn|2
|
|t:|1664340862
|move|p2a: Scizor|Bullet Punch|p1a: Deoxys
|-damage|p1a: Deoxys|0 fnt
|faint|p1a: Deoxys
|
|upkeep
|
|t:|1664340873
|switch|p1a: Giratina|Giratina-Origin|100/100
|turn|3
|
|t:|1664340889
|move|p1a: Giratina|Hone Claws|p1a: Giratina
|-boost|p1a: Giratina|atk|1
|-boost|p1a: Giratina|accuracy|1
|move|p2a: Scizor|Swords Dance|p2a: Scizor
|-boost|p2a: Scizor|atk|2
|
|upkeep
|turn|4
|
|t:|1664340895
|move|p1a: Giratina|Poltergeist|p2a: Scizor
|-activate|p2a: Scizor|move: Poltergeist|Lum Berry
|-damage|p2a: Scizor|0 fnt
|faint|p2a: Scizor
|
|upkeep
|
|t:|1664340901
|switch|p2a: Moltres|Moltres-Galar|100/100
|-damage|p2a: Moltres|76/100|[from] Stealth Rock
|turn|5
|
|t:|1664340906
|move|p2a: Moltres|Fiery Wrath|p1a: Giratina
|-supereffective|p1a: Giratina
|-damage|p1a: Giratina|51/100
|move|p1a: Giratina|Dragon Claw|p2a: Moltres
|-damage|p2a: Moltres|0 fnt
|faint|p2a: Moltres
|
|upkeep
|
|t:|1664340913
|switch|p2a: Flygon|Flygon, F|100/100
|-damage|p2a: Flygon|95/100|[from] Stealth Rock
|turn|6
|
|t:|1664340917
|move|p2a: Flygon|Outrage|p1a: Giratina
|-supereffective|p1a: Giratina
|-damage|p1a: Giratina|0 fnt
|faint|p1a: Giratina
|
|upkeep
|
|t:|1664340925
|switch|p1a: Necrozma|Necrozma-Dusk-Mane, shiny|100/100
|turn|7
|
|t:|1664340929
|move|p2a: Flygon|Outrage|p1a: Necrozma|[from]lockedmove
|-resisted|p1a: Necrozma
|-damage|p1a: Necrozma|80/100
|-start|p2a: Flygon|confusion|[fatigue]
|move|p1a: Necrozma|Dragon Dance|p1a: Necrozma
|-boost|p1a: Necrozma|atk|1
|-boost|p1a: Necrozma|spe|1
|
|upkeep
|turn|8
|
|t:|1664340937
|switch|p2a: Lugia|Lugia|100/100
|-damage|p2a: Lugia|76/100|[from] Stealth Rock
|-ability|p2a: Lugia|Pressure
|detailschange|p1a: Necrozma|Necrozma-Ultra, shiny
|-burst|p1a: Necrozma|Necrozma|Ultranecrozium Z
|move|p1a: Necrozma|Dragon Dance|p1a: Necrozma
|-boost|p1a: Necrozma|atk|1
|-boost|p1a: Necrozma|spe|1
|
|upkeep
|turn|9
|
|t:|1664340943
|move|p1a: Necrozma|Stone Edge|p2a: Lugia
|-supereffective|p2a: Lugia
|-damage|p2a: Lugia|0 fnt
|faint|p2a: Lugia
|
|upkeep
|
|t:|1664340947
|switch|p2a: Banette|Banette, M|100/100
|-damage|p2a: Banette|88/100|[from] Stealth Rock
|turn|10
|
|t:|1664340950
|detailschange|p2a: Banette|Banette-Mega, M
|-mega|p2a: Banette|Banette|Banettite
|move|p2a: Banette|Destiny Bond|p2a: Banette
|-singlemove|p2a: Banette|Destiny Bond
|move|p1a: Necrozma|Substitute|p1a: Necrozma
|-start|p1a: Necrozma|Substitute
|-damage|p1a: Necrozma|56/100
|
|upkeep
|turn|11
|
|t:|1664340962
|move|p1a: Necrozma|Dragon Dance|p1a: Necrozma
|-boost|p1a: Necrozma|atk|1
|-boost|p1a: Necrozma|spe|1
|move|p2a: Banette|Gunk Shot|p1a: Necrozma
|-end|p1a: Necrozma|Substitute
|
|upkeep
|turn|12
|
|t:|1664340967
|move|p2a: Banette|Shadow Sneak|p1a: Necrozma
|-supereffective|p1a: Necrozma
|-damage|p1a: Necrozma|0 fnt
|faint|p1a: Necrozma
|
|upkeep
|
|t:|1664340978
|switch|p1a: Arceus|Arceus|100/100
|turn|13
|
|t:|1664340981
|move|p2a: Banette|Substitute|p2a: Banette
|-start|p2a: Banette|Substitute
|-damage|p2a: Banette|63/100
|move|p1a: Arceus|Shadow Claw|p2a: Banette
|-supereffective|p2a: Banette
|-crit|p2a: Banette
|-end|p2a: Banette|Substitute
|
|upkeep
|turn|14
|
|t:|1664340984
|move|p2a: Banette|Destiny Bond|p2a: Banette
|-singlemove|p2a: Banette|Destiny Bond
|move|p1a: Arceus|Shadow Claw|p2a: Banette
|-supereffective|p2a: Banette
|-damage|p2a: Banette|0 fnt
|faint|p2a: Banette
|-activate|p2a: Banette|move: Destiny Bond
|faint|p1a: Arceus
|
|upkeep
|
|t:|1664340989
|switch|p1a: Landorus|Landorus-Therian, M|100/100
|switch|p2a: Flygon|Flygon, F|95/100
|-damage|p2a: Flygon|89/100|[from] Stealth Rock
|-ability|p1a: Landorus|Intimidate|boost
|-unboost|p2a: Flygon|atk|1
|turn|15
|j| rahull
|
|t:|1664340994
|-start|p1a: Landorus|Dynamax|
|-heal|p1a: Landorus|100/100|[silent]
|move|p2a: Flygon|Outrage|p1a: Landorus
|-damage|p1a: Landorus|82/100
|move|p1a: Landorus|Max Airstream|p2a: Flygon
|-damage|p2a: Flygon|0 fnt
|-boost|p1a: Landorus|spe|1
|faint|p2a: Flygon
|-damage|p1a: Landorus|77/100|[from] item: Life Orb
|
|upkeep
|-message|PepsiPHD forfeited.
|
|win|Goku Uchiha 2001
|raw|Goku Uchiha 2001's rating: 1861 &rarr; <strong>1870</strong><br />(+9 for winning)
|raw|PepsiPHD's rating: 1651 &rarr; <strong>1642</strong><br />(-9 for losing)
|l|☆PepsiPHD
