|j|☆Clausura
|j|☆aseeasase
|t:|1663485788
|gametype|singles
|player|p1|Clausura|cynthia|1763
|player|p2|aseeasase|2|1898
|teamsize|p1|6
|teamsize|p2|6
|gen|8
|tier|[Gen 8] National Dex AG
|rated|
|rule|HP Percentage Mod: HP is shown in percentages
|rule|Endless Battle Clause: Forcing endless battles is banned
|clearpoke
|poke|p1|Xerneas-*|
|poke|p1|Calyrex-Shadow|
|poke|p1|Kyurem-White|
|poke|p1|Rayquaza|
|poke|p1|Yveltal|
|poke|p1|Marshadow|
|poke|p2|Marshadow|
|poke|p2|Kyogre|
|poke|p2|Tyranitar, F|
|poke|p2|Groudon|
|poke|p2|Chansey, F|
|poke|p2|Zygarde|
|teampreview
|inactive|Battle timer is ON: inactive players will automatically lose when time's up. (requested by aseeasase)
|j| ban123456
|
|t:|1663485832
|start
|switch|p1a: Yveltal|Yveltal|100/100
|switch|p2a: Kyogre|Kyogre|100/100
|-ability|p1a: Yveltal|Dark Aura
|detailschange|p2a: Kyogre|Kyogre-Primal
|-primal|p2a: Kyogre
|-weather|PrimordialSea|[from] ability: Primordial Sea|[of] p2a: Kyogre
|turn|1
|
|t:|1663485839
|move|p1a: Yveltal|Taunt|p2a: Kyogre
|-start|p2a: Kyogre|move: Taunt
|move|p2a: Kyogre|Scald|p1a: Yveltal
|-damage|p1a: Yveltal|54/100
|
|-weather|PrimordialSea|[upkeep]
|upkeep
|turn|2
|
|t:|1663485844
|switch|p1a: Kyurem|Kyurem-White|100/100
|-ability|p1a: Kyurem|Turboblaze
|move|p2a: Kyogre|Scald|p1a: Kyurem
|-resisted|p1a: Kyurem
|-damage|p1a: Kyurem|71/100
|-status|p1a: Kyurem|brn
|
|-weather|PrimordialSea|[upkeep]
|-damage|p1a: Kyurem|65/100 brn|[from] brn
|upkeep
|turn|3
|
|t:|1663485851
|-weather|none
|switch|p2a: Chansey|Chansey, F|100/100
|move|p1a: Kyurem|Draco Meteor|p2a: Chansey|[miss]
|-miss|p1a: Kyurem|p2a: Chansey
|
|-damage|p1a: Kyurem|59/100 brn|[from] brn
|upkeep
|turn|4
|
|t:|1663485880
|move|p1a: Kyurem|Draco Meteor|p2a: Chansey
|-damage|p2a: Chansey|68/100
|-unboost|p1a: Kyurem|spa|2
|-damage|p1a: Kyurem|49/100 brn|[from] item: Life Orb
|move|p2a: Chansey|Toxic||[still]
|-fail|p2a: Chansey
|
|-damage|p1a: Kyurem|43/100 brn|[from] brn
|upkeep
|turn|5
|
|t:|1663485886
|switch|p1a: Yveltal|Yveltal|54/100
|-ability|p1a: Yveltal|Dark Aura
|move|p2a: Chansey|Soft-Boiled|p2a: Chansey
|-heal|p2a: Chansey|100/100
|
|upkeep
|turn|6
|
|t:|1663485899
|switch|p2a: Kyogre|Kyogre-Primal|100/100
|-weather|PrimordialSea|[from] ability: Primordial Sea|[of] p2a: Kyogre
|move|p1a: Yveltal|Roost|p1a: Yveltal
|-heal|p1a: Yveltal|100/100
|-singleturn|p1a: Yveltal|move: Roost
|
|-weather|PrimordialSea|[upkeep]
|upkeep
|turn|7
|
|t:|1663485906
|switch|p1a: Kyurem|Kyurem-White|43/100 brn
|-ability|p1a: Kyurem|Turboblaze
|move|p2a: Kyogre|Scald|p1a: Kyurem
|-resisted|p1a: Kyurem
|-damage|p1a: Kyurem|14/100 brn
|
|-weather|PrimordialSea|[upkeep]
|-damage|p1a: Kyurem|8/100 brn|[from] brn
|upkeep
|turn|8
|j| v87
|
|t:|1663485916
|-weather|none
|switch|p2a: Chansey|Chansey, F|100/100
|move|p1a: Kyurem|Draco Meteor|p2a: Chansey
|-damage|p2a: Chansey|66/100
|-unboost|p1a: Kyurem|spa|2
|-damage|p1a: Kyurem|0 fnt|[from] item: Life Orb
|faint|p1a: Kyurem
|
|upkeep
|
|t:|1663485927
|switch|p1a: Yveltal|Yveltal|100/100
|-ability|p1a: Yveltal|Dark Aura
|turn|9
|
|t:|1663485935
|switch|p1a: Rayquaza|Rayquaza|100/100
|-ability|p1a: Rayquaza|Air Lock
|switch|p2a: Kyogre|Kyogre-Primal|100/100
|-weather|PrimordialSea|[from] ability: Primordial Sea|[of] p2a: Kyogre
|
|-weather|PrimordialSea|[upkeep]
|upkeep
|turn|10
|
|t:|1663485944
|-weather|none
|switch|p2a: Zygarde|Zygarde|100/100
|detailschange|p1a: Rayquaza|Rayquaza-Mega
|-mega|p1a: Rayquaza|Rayquaza|
|-weather|DeltaStream|[from] ability: Delta Stream|[of] p1a: Rayquaza
|move|p1a: Rayquaza|Dragon Dance|p1a: Rayquaza
|-boost|p1a: Rayquaza|atk|1
|-boost|p1a: Rayquaza|spe|1
|
|-weather|DeltaStream|[upkeep]
|upkeep
|turn|11
|
|t:|1663485954
|move|p1a: Rayquaza|Dragon Ascent|p2a: Zygarde
|-damage|p2a: Zygarde|36/100
|-unboost|p1a: Rayquaza|def|1
|-unboost|p1a: Rayquaza|spd|1
|move|p2a: Zygarde|Haze|p2a: Zygarde
|-clearallboost
|
|-weather|DeltaStream|[upkeep]
|-heal|p2a: Zygarde|42/100|[from] item: Leftovers
|-activate|p2a: Zygarde|ability: Power Construct
|detailschange|p2a: Zygarde|Zygarde-Complete
|-heal|p2a: Zygarde|62/100|[silent]
|upkeep
|turn|12
|
|t:|1663485958
|-weather|none
|switch|p1a: Yveltal|Yveltal|100/100
|-ability|p1a: Yveltal|Dark Aura
|move|p2a: Zygarde|Glare|p1a: Yveltal
|-status|p1a: Yveltal|par
|
|-heal|p2a: Zygarde|68/100|[from] item: Leftovers
|upkeep
|turn|13
|j| OtherW0rld
|l| OtherW0rld
|
|t:|1663485975
|switch|p2a: Kyogre|Kyogre-Primal|100/100
|-weather|PrimordialSea|[from] ability: Primordial Sea|[of] p2a: Kyogre
|switch|p1a: Xerneas|Xerneas|100/100
|-ability|p1a: Xerneas|Fairy Aura
|
|-weather|PrimordialSea|[upkeep]
|upkeep
|turn|14
|
|t:|1663485998
|switch|p1a: Rayquaza|Rayquaza-Mega|100/100
|-weather|DeltaStream|[from] ability: Delta Stream|[of] p1a: Rayquaza
|move|p2a: Kyogre|Scald|p1a: Rayquaza
|-resisted|p1a: Rayquaza
|-damage|p1a: Rayquaza|77/100
|
|-weather|DeltaStream|[upkeep]
|upkeep
|turn|15
|inactive|Clausura has 120 seconds left.
|
|t:|1663486042
|switch|p2a: Zygarde|Zygarde-Complete|68/100
|move|p1a: Rayquaza|Dragon Dance|p1a: Rayquaza
|-boost|p1a: Rayquaza|atk|1
|-boost|p1a: Rayquaza|spe|1
|
|-weather|DeltaStream|[upkeep]
|-heal|p2a: Zygarde|74/100|[from] item: Leftovers
|upkeep
|turn|16
|
|t:|1663486052
|move|p1a: Rayquaza|Dragon Ascent|p2a: Zygarde
|-crit|p2a: Zygarde
|-damage|p2a: Zygarde|6/100
|-unboost|p1a: Rayquaza|def|1
|-unboost|p1a: Rayquaza|spd|1
|move|p2a: Zygarde|Glare|p1a: Rayquaza
|-status|p1a: Rayquaza|par
|
|-weather|DeltaStream|[upkeep]
|-heal|p2a: Zygarde|12/100|[from] item: Leftovers
|upkeep
|turn|17
|
|t:|1663486060
|move|p1a: Rayquaza|Earthquake|p2a: Zygarde
|-damage|p2a: Zygarde|0 fnt
|faint|p2a: Zygarde
|
|-weather|DeltaStream|[upkeep]
|upkeep
|
|t:|1663486066
|switch|p2a: Marshadow|Marshadow|100/100
|turn|18
|inactive|Clausura has 120 seconds left.
|
|t:|1663486096
|-weather|none
|switch|p1a: Yveltal|Yveltal|100/100 par
|-ability|p1a: Yveltal|Dark Aura
|move|p2a: Marshadow|Close Combat|p1a: Yveltal
|-damage|p1a: Yveltal|28/100 par
|-unboost|p2a: Marshadow|def|1
|-unboost|p2a: Marshadow|spd|1
|
|upkeep
|turn|19
|
|t:|1663486102
|move|p2a: Marshadow|Close Combat|p1a: Yveltal
|-damage|p1a: Yveltal|0 fnt
|-unboost|p2a: Marshadow|def|1
|-unboost|p2a: Marshadow|spd|1
|faint|p1a: Yveltal
|
|upkeep
|
|t:|1663486105
|switch|p1a: Xerneas|Xerneas|100/100
|-ability|p1a: Xerneas|Fairy Aura
|turn|20
|
|t:|1663486123
|-start|p2a: Marshadow|Dynamax|
|-heal|p2a: Marshadow|100/100|[silent]
|move|p2a: Marshadow|Max Phantasm|p1a: Xerneas
|-damage|p1a: Xerneas|44/100
|-unboost|p1a: Xerneas|def|1
|move|p1a: Xerneas|Draining Kiss|p2a: Marshadow
|-supereffective|p2a: Marshadow
|-damage|p2a: Marshadow|9/100
|-heal|p1a: Xerneas|100/100|[from] drain|[of] p2a: Marshadow
|
|upkeep
|turn|21
|inactive|Clausura has 120 seconds left.
|
|t:|1663486155
|switch|p1a: Rayquaza|Rayquaza-Mega|77/100 par
|-weather|DeltaStream|[from] ability: Delta Stream|[of] p1a: Rayquaza
|move|p2a: Marshadow|Max Phantasm|p1a: Rayquaza
|-damage|p1a: Rayquaza|5/100 par
|-unboost|p1a: Rayquaza|def|1
|
|-weather|DeltaStream|[upkeep]
|upkeep
|turn|22
|
|t:|1663486161
|move|p2a: Marshadow|Max Knuckle|p1a: Rayquaza
|-resisted|p1a: Rayquaza
|-damage|p1a: Rayquaza|0 fnt
|-boost|p2a: Marshadow|atk|1
|faint|p1a: Rayquaza
|-weather|none
|
|upkeep
|
|t:|1663486163
|switch|p1a: Marshadow|Marshadow|100/100
|-end|p2a: Marshadow|Dynamax
|-heal|p2a: Marshadow|9/100|[silent]
|turn|23
|
|t:|1663486183
|switch|p2a: Kyogre|Kyogre-Primal|100/100
|-weather|PrimordialSea|[from] ability: Primordial Sea|[of] p2a: Kyogre
|move|p1a: Marshadow|Shadow Sneak|p2a: Kyogre
|-damage|p2a: Kyogre|79/100
|
|-weather|PrimordialSea|[upkeep]
|upkeep
|turn|24
|
|t:|1663486206
|move|p1a: Marshadow|Rock Tomb|p2a: Kyogre
|-damage|p2a: Kyogre|57/100
|-unboost|p2a: Kyogre|spe|1
|move|p2a: Kyogre|Scald|p1a: Marshadow
|-damage|p1a: Marshadow|19/100
|-status|p1a: Marshadow|brn
|
|-weather|PrimordialSea|[upkeep]
|-damage|p1a: Marshadow|13/100 brn|[from] brn
|upkeep
|turn|25
|
|t:|1663486215
|move|p1a: Marshadow|Spectral Thief|p2a: Kyogre
|-damage|p2a: Kyogre|43/100
|move|p2a: Kyogre|Scald|p1a: Marshadow
|-damage|p1a: Marshadow|0 fnt
|faint|p1a: Marshadow
|
|-weather|PrimordialSea|[upkeep]
|upkeep
|
|t:|1663486228
|switch|p1a: Xerneas|Xerneas|100/100
|-ability|p1a: Xerneas|Fairy Aura
|turn|26
|
|t:|1663486237
|move|p1a: Xerneas|Geomancy||[still]
|-prepare|p1a: Xerneas|Geomancy
|-enditem|p1a: Xerneas|Power Herb
|-anim|p1a: Xerneas|Geomancy|p1a: Xerneas
|-boost|p1a: Xerneas|spa|2
|-boost|p1a: Xerneas|spd|2
|-boost|p1a: Xerneas|spe|2
|move|p2a: Kyogre|Scald|p1a: Xerneas
|-damage|p1a: Xerneas|72/100
|
|-weather|PrimordialSea|[upkeep]
|upkeep
|turn|27
|l| v87
|inactive|Clausura has 120 seconds left.
|j| v87
|
|t:|1663486292
|move|p1a: Xerneas|Draining Kiss|p2a: Kyogre
|-damage|p2a: Kyogre|0 fnt
|-heal|p1a: Xerneas|100/100|[from] drain|[of] p2a: Kyogre
|faint|p2a: Kyogre
|-weather|none
|
|upkeep
|
|t:|1663486298
|switch|p2a: Chansey|Chansey, F|66/100
|turn|28
|
|t:|1663486301
|-start|p1a: Xerneas|Dynamax|
|-heal|p1a: Xerneas|100/100|[silent]
|move|p1a: Xerneas|Max Starfall|p2a: Chansey
|-damage|p2a: Chansey|24/100
|-fieldstart|move: Misty Terrain
|move|p2a: Chansey|Soft-Boiled|p2a: Chansey
|-heal|p2a: Chansey|74/100
|
|upkeep
|turn|29
|
|t:|1663486305
|move|p1a: Xerneas|Max Starfall|p2a: Chansey
|-damage|p2a: Chansey|29/100
|move|p2a: Chansey|Soft-Boiled|p2a: Chansey
|-heal|p2a: Chansey|79/100
|
|upkeep
|turn|30
|
|t:|1663486308
|move|p1a: Xerneas|Max Starfall|p2a: Chansey
|-damage|p2a: Chansey|38/100
|move|p2a: Chansey|Soft-Boiled|p2a: Chansey
|-heal|p2a: Chansey|88/100
|
|upkeep
|-end|p1a: Xerneas|Dynamax
|-heal|p1a: Xerneas|100/100|[silent]
|turn|31
|
|t:|1663486313
|move|p1a: Xerneas|Geomancy||[still]
|-prepare|p1a: Xerneas|Geomancy
|move|p2a: Chansey|Minimize|p2a: Chansey
|-boost|p2a: Chansey|evasion|2
|
|upkeep
|turn|32
|
|t:|1663486316
|move|p1a: Xerneas|Geomancy|p1a: Xerneas|[from]lockedmove
|-boost|p1a: Xerneas|spa|2
|-boost|p1a: Xerneas|spd|2
|-boost|p1a: Xerneas|spe|2
|move|p2a: Chansey|Minimize|p2a: Chansey
|-boost|p2a: Chansey|evasion|2
|
|-fieldend|Misty Terrain
|upkeep
|turn|33
|
|t:|1663486319
|move|p1a: Xerneas|Draining Kiss|p2a: Chansey|[miss]
|-miss|p1a: Xerneas|p2a: Chansey
|move|p2a: Chansey|Soft-Boiled|p2a: Chansey
|-heal|p2a: Chansey|100/100
|
|upkeep
|turn|34
|
|t:|1663486322
|move|p1a: Xerneas|Geomancy||[still]
|-prepare|p1a: Xerneas|Geomancy
|move|p2a: Chansey|Toxic|p1a: Xerneas
|-status|p1a: Xerneas|tox
|
|-damage|p1a: Xerneas|94/100 tox|[from] psn
|upkeep
|turn|35
|
|t:|1663486346
|move|p1a: Xerneas|Geomancy|p1a: Xerneas|[from]lockedmove
|-boost|p1a: Xerneas|spa|2
|-boost|p1a: Xerneas|spd|2
|-boost|p1a: Xerneas|spe|2
|move|p2a: Chansey|Minimize|p2a: Chansey
|-boost|p2a: Chansey|evasion|2
|
|-damage|p1a: Xerneas|82/100 tox|[from] psn
|upkeep
|turn|36
|
|t:|1663486353
|move|p1a: Xerneas|Aromatherapy|p1a: Xerneas
|-activate|p1a: Xerneas|move: Aromatherapy
|-curestatus|p1a: Xerneas|tox|[msg]
|move|p2a: Chansey|Soft-Boiled||[still]
|-fail|p2a: Chansey|heal
|
|upkeep
|turn|37
|
|t:|1663486357
|move|p1a: Xerneas|Geomancy||[still]
|-prepare|p1a: Xerneas|Geomancy
|move|p2a: Chansey|Toxic|p1a: Xerneas
|-status|p1a: Xerneas|tox
|
|-damage|p1a: Xerneas|76/100 tox|[from] psn
|upkeep
|turn|38
|
|t:|1663486361
|move|p1a: Xerneas|Geomancy|p1a: Xerneas|[from]lockedmove
|-boost|p1a: Xerneas|spa|0
|-boost|p1a: Xerneas|spd|0
|-boost|p1a: Xerneas|spe|0
|move|p2a: Chansey|Minimize|p2a: Chansey
|-boost|p2a: Chansey|evasion|0
|
|-damage|p1a: Xerneas|64/100 tox|[from] psn
|upkeep
|turn|39
|
|t:|1663486376
|move|p1a: Xerneas|Aromatherapy|p1a: Xerneas
|-activate|p1a: Xerneas|move: Aromatherapy
|-curestatus|p1a: Xerneas|tox|[msg]
|move|p2a: Chansey|Toxic|p1a: Xerneas
|-status|p1a: Xerneas|tox
|
|-damage|p1a: Xerneas|58/100 tox|[from] psn
|upkeep
|turn|40
|
|t:|1663486380
|move|p1a: Xerneas|Draining Kiss|p2a: Chansey|[miss]
|-miss|p1a: Xerneas|p2a: Chansey
|move|p2a: Chansey|Soft-Boiled||[still]
|-fail|p2a: Chansey|heal
|
|-damage|p1a: Xerneas|46/100 tox|[from] psn
|upkeep
|turn|41
|
|t:|1663486386
|move|p1a: Xerneas|Aromatherapy|p1a: Xerneas
|-activate|p1a: Xerneas|move: Aromatherapy
|-curestatus|p1a: Xerneas|tox|[msg]
|move|p2a: Chansey|Aromatherapy||[still]
|-activate|p2a: Chansey|move: Aromatherapy
|-fail|p2a: Chansey
|
|upkeep
|turn|42
|
|t:|1663486390
|move|p1a: Xerneas|Draining Kiss|p2a: Chansey|[miss]
|-miss|p1a: Xerneas|p2a: Chansey
|move|p2a: Chansey|Toxic|p1a: Xerneas
|-status|p1a: Xerneas|tox
|
|-damage|p1a: Xerneas|40/100 tox|[from] psn
|upkeep
|turn|43
|
|t:|1663486394
|move|p1a: Xerneas|Draining Kiss|p2a: Chansey
|-damage|p2a: Chansey|52/100
|-heal|p1a: Xerneas|100/100 tox|[from] drain|[of] p2a: Chansey
|move|p2a: Chansey|Minimize|p2a: Chansey
|-boost|p2a: Chansey|evasion|0
|
|-damage|p1a: Xerneas|88/100 tox|[from] psn
|upkeep
|turn|44
|j| OtherW0rld
|
|t:|1663486399
|move|p1a: Xerneas|Draining Kiss|p2a: Chansey|[miss]
|-miss|p1a: Xerneas|p2a: Chansey
|move|p2a: Chansey|Soft-Boiled|p2a: Chansey
|-heal|p2a: Chansey|100/100
|
|-damage|p1a: Xerneas|70/100 tox|[from] psn
|upkeep
|turn|45
|l| ban123456
|inactive|Clausura has 120 seconds left.
|l| v87
|
|t:|1663486441
|move|p1a: Xerneas|Aromatherapy|p1a: Xerneas
|-activate|p1a: Xerneas|move: Aromatherapy
|-curestatus|p1a: Xerneas|tox|[msg]
|move|p2a: Chansey|Minimize|p2a: Chansey
|-boost|p2a: Chansey|evasion|0
|
|upkeep
|turn|46
|
|t:|1663486445
|move|p1a: Xerneas|Draining Kiss|p2a: Chansey|[miss]
|-miss|p1a: Xerneas|p2a: Chansey
|move|p2a: Chansey|Toxic|p1a: Xerneas|[miss]
|-miss|p2a: Chansey|p1a: Xerneas
|
|upkeep
|turn|47
|
|t:|1663486447
|move|p1a: Xerneas|Draining Kiss|p2a: Chansey|[miss]
|-miss|p1a: Xerneas|p2a: Chansey
|move|p2a: Chansey|Toxic|p1a: Xerneas
|-status|p1a: Xerneas|tox
|
|-damage|p1a: Xerneas|64/100 tox|[from] psn
|upkeep
|turn|48
|inactive|Clausura has 120 seconds left.
|
|t:|1663486471
|move|p1a: Xerneas|Hidden Power|p2a: Chansey|[miss]
|-miss|p1a: Xerneas|p2a: Chansey
|move|p2a: Chansey|Minimize|p2a: Chansey
|-boost|p2a: Chansey|evasion|0
|
|-damage|p1a: Xerneas|52/100 tox|[from] psn
|upkeep
|turn|49
|
|t:|1663486477
|move|p1a: Xerneas|Aromatherapy|p1a: Xerneas
|-activate|p1a: Xerneas|move: Aromatherapy
|-curestatus|p1a: Xerneas|tox|[msg]
|move|p2a: Chansey|Minimize|p2a: Chansey
|-boost|p2a: Chansey|evasion|0
|
|upkeep
|turn|50
|
|t:|1663486483
|move|p1a: Xerneas|Draining Kiss|p2a: Chansey
|-damage|p2a: Chansey|59/100
|-heal|p1a: Xerneas|100/100|[from] drain|[of] p2a: Chansey
|move|p2a: Chansey|Toxic|p1a: Xerneas
|-status|p1a: Xerneas|tox
|
|-damage|p1a: Xerneas|94/100 tox|[from] psn
|upkeep
|turn|51
|
|t:|1663486490
|move|p1a: Xerneas|Hidden Power|p2a: Chansey|[miss]
|-miss|p1a: Xerneas|p2a: Chansey
|move|p2a: Chansey|Soft-Boiled|p2a: Chansey
|-heal|p2a: Chansey|100/100
|
|-damage|p1a: Xerneas|82/100 tox|[from] psn
|upkeep
|turn|52
|
|t:|1663486497
|move|p1a: Xerneas|Hidden Power|p2a: Chansey|[miss]
|-miss|p1a: Xerneas|p2a: Chansey
|move|p2a: Chansey|Aromatherapy||[still]
|-activate|p2a: Chansey|move: Aromatherapy
|-fail|p2a: Chansey
|
|-damage|p1a: Xerneas|64/100 tox|[from] psn
|upkeep
|turn|53
|
|t:|1663486513
|move|p1a: Xerneas|Geomancy||[still]
|-prepare|p1a: Xerneas|Geomancy
|move|p2a: Chansey|Minimize|p2a: Chansey
|-boost|p2a: Chansey|evasion|0
|
|-damage|p1a: Xerneas|40/100 tox|[from] psn
|upkeep
|turn|54
|
|t:|1663486517
|move|p1a: Xerneas|Geomancy|p1a: Xerneas|[from]lockedmove
|-boost|p1a: Xerneas|spa|0
|-boost|p1a: Xerneas|spd|0
|-boost|p1a: Xerneas|spe|0
|move|p2a: Chansey|Minimize|p2a: Chansey
|-boost|p2a: Chansey|evasion|0
|
|-damage|p1a: Xerneas|10/100 tox|[from] psn
|upkeep
|turn|55
|
|t:|1663486520
|move|p1a: Xerneas|Aromatherapy|p1a: Xerneas
|-activate|p1a: Xerneas|move: Aromatherapy
|-curestatus|p1a: Xerneas|tox|[msg]
|move|p2a: Chansey|Toxic|p1a: Xerneas
|-status|p1a: Xerneas|tox
|
|-damage|p1a: Xerneas|4/100 tox|[from] psn
|upkeep
|turn|56
|
|t:|1663486525
|move|p1a: Xerneas|Draining Kiss|p2a: Chansey|[miss]
|-miss|p1a: Xerneas|p2a: Chansey
|move|p2a: Chansey|Toxic|p1a: Xerneas
|-fail|p1a: Xerneas|tox
|
|-damage|p1a: Xerneas|0 fnt|[from] psn
|faint|p1a: Xerneas
|upkeep
|
|t:|1663486526
|switch|p1a: Calyrex|Calyrex-Shadow|100/100
|-ability|p1a: Calyrex|As One
|-ability|p1a: Calyrex|Unnerve
|turn|57
|
|t:|1663486536
|move|p1a: Calyrex|Psyshock|p2a: Chansey
|-damage|p2a: Chansey|70/100
|move|p2a: Chansey|Toxic|p1a: Calyrex
|-status|p1a: Calyrex|tox
|
|-damage|p1a: Calyrex|94/100 tox|[from] psn
|upkeep
|turn|58
|
|t:|1663486540
|move|p1a: Calyrex|Nasty Plot|p1a: Calyrex
|-boost|p1a: Calyrex|spa|2
|move|p2a: Chansey|Soft-Boiled|p2a: Chansey
|-heal|p2a: Chansey|100/100
|
|-damage|p1a: Calyrex|82/100 tox|[from] psn
|upkeep
|turn|59
|
|t:|1663486545
|move|p1a: Calyrex|Psyshock|p2a: Chansey
|-damage|p2a: Chansey|40/100
|move|p2a: Chansey|Soft-Boiled|p2a: Chansey
|-heal|p2a: Chansey|90/100
|
|-damage|p1a: Calyrex|64/100 tox|[from] psn
|upkeep
|turn|60
|
|t:|1663486552
|move|p1a: Calyrex|Draining Kiss|p2a: Chansey
|-damage|p2a: Chansey|79/100
|-heal|p1a: Calyrex|82/100 tox|[from] drain|[of] p2a: Chansey
|move|p2a: Chansey|Soft-Boiled|p2a: Chansey
|-heal|p2a: Chansey|100/100
|
|-damage|p1a: Calyrex|57/100 tox|[from] psn
|upkeep
|turn|61
|-message|Clausura forfeited.
|
|win|aseeasase
|raw|Clausura's rating: 1763 &rarr; <strong>1750</strong><br />(-13 for losing)
|raw|aseeasase's rating: 1898 &rarr; <strong>1911</strong><br />(+13 for winning)
|l|☆Clausura
|j| Giratina-Oo
|l| OtherW0rld
|l| Giratina-Oo
