|j|☆mewhenckarcakracxd
|j|☆AnimeZZZZ5
|t:|1646037511
|gametype|singles
|player|p1|mewhenckarcakracxd|lucas|1638
|player|p2|AnimeZZZZ5|2|1789
|teamsize|p1|6
|teamsize|p2|6
|gen|8
|tier|[Gen 8] National Dex AG
|rated|
|rule|HP Percentage Mod: HP is shown in percentages
|rule|Endless Battle Clause: Forcing endless battles is banned
|clearpoke
|poke|p1|Dragapult, M|
|poke|p1|Zacian-*|
|poke|p1|Calyrex-Shadow|
|poke|p1|Yveltal|
|poke|p1|Arceus-*|
|poke|p1|Arceus-*|
|poke|p2|Zacian-*|
|poke|p2|Kyurem-Black|
|poke|p2|Arceus-*|
|poke|p2|Groudon|
|poke|p2|Yveltal|
|poke|p2|Arceus-*|
|teampreview
|inactive|Battle timer is ON: inactive players will automatically lose when time's up. (requested by mewhenckarcakracxd)
|c|☆mewhenckarcakracxd|glhf
|inactive|AnimeZZZZ5 has 120 seconds left.
|
|t:|1646037560
|start
|switch|p1a: Yveltal|Yveltal|100/100
|switch|p2a: Groudon|Groudon|100/100
|-ability|p1a: Yveltal|Dark Aura
|detailschange|p2a: Groudon|Groudon-Primal
|-primal|p2a: Groudon
|-weather|DesolateLand|[from] ability: Desolate Land|[of] p2a: Groudon
|turn|1
|
|t:|1646037569
|-weather|none
|switch|p2a: Arceus|Arceus-Steel|100/100
|move|p1a: Yveltal|Foul Play|p2a: Arceus
|-damage|p2a: Arceus|77/100
|
|upkeep
|turn|2
|
|t:|1646037573
|move|p2a: Arceus|Judgment|p1a: Yveltal
|-damage|p1a: Yveltal|77/100
|move|p1a: Yveltal|U-turn|p2a: Arceus
|-resisted|p2a: Arceus
|-damage|p2a: Arceus|71/100
|
|t:|1646037581
|switch|p1a: Zacian|Zacian-Crowned|100/100|[from]move: U-turn
|-ability|p1a: Zacian|Intrepid Sword|boost
|-boost|p1a: Zacian|atk|1
|
|upkeep
|turn|3
|inactive|AnimeZZZZ5 has 120 seconds left.
|inactive|AnimeZZZZ5 has 90 seconds left.
|
|t:|1646037656
|switch|p2a: Groudon|Groudon-Primal|100/100
|-weather|DesolateLand|[from] ability: Desolate Land|[of] p2a: Groudon
|move|p1a: Zacian|Substitute|p1a: Zacian
|-start|p1a: Zacian|Substitute
|-damage|p1a: Zacian|76/100
|
|-weather|DesolateLand|[upkeep]
|upkeep
|turn|4
|
|t:|1646037659
|move|p1a: Zacian|Close Combat|p2a: Groudon
|-damage|p2a: Groudon|61/100
|-unboost|p1a: Zacian|def|1
|-unboost|p1a: Zacian|spd|1
|move|p2a: Groudon|Precipice Blades|p1a: Zacian
|-supereffective|p1a: Zacian
|-crit|p1a: Zacian
|-end|p1a: Zacian|Substitute
|
|-weather|DesolateLand|[upkeep]
|upkeep
|turn|5
|inactive|AnimeZZZZ5 has 90 seconds left.
|
|t:|1646037664
|switch|p1a: Yveltal|Yveltal|77/100
|-ability|p1a: Yveltal|Dark Aura
|move|p2a: Groudon|Stealth Rock|p1a: Yveltal
|-sidestart|p1: mewhenckarcakracxd|move: Stealth Rock
|
|-weather|DesolateLand|[upkeep]
|upkeep
|turn|6
|
|t:|1646037671
|move|p1a: Yveltal|Defog|p2a: Groudon
|-unboost|p2a: Groudon|evasion|1
|-sideend|p1: mewhenckarcakracxd|Stealth Rock|[from] move: Defog|[of] p1a: Yveltal
|move|p2a: Groudon|Overheat|p1a: Yveltal
|-damage|p1a: Yveltal|24/100
|-unboost|p2a: Groudon|spa|2
|
|-weather|DesolateLand|[upkeep]
|upkeep
|turn|7
|
|t:|1646037676
|move|p1a: Yveltal|Roost|p1a: Yveltal
|-heal|p1a: Yveltal|74/100
|-singleturn|p1a: Yveltal|move: Roost
|move|p2a: Groudon|Toxic|p1a: Yveltal
|-status|p1a: Yveltal|tox
|
|-weather|DesolateLand|[upkeep]
|-damage|p1a: Yveltal|68/100 tox|[from] psn
|upkeep
|turn|8
|
|t:|1646037680
|move|p1a: Yveltal|Foul Play|p2a: Groudon
|-damage|p2a: Groudon|29/100
|move|p2a: Groudon|Stealth Rock|p1a: Yveltal
|-sidestart|p1: mewhenckarcakracxd|move: Stealth Rock
|
|-weather|DesolateLand|[upkeep]
|-damage|p1a: Yveltal|55/100 tox|[from] psn
|upkeep
|turn|9
|inactive|AnimeZZZZ5 has 90 seconds left.
|
|t:|1646037730
|move|p1a: Yveltal|Defog|p2a: Groudon
|-unboost|p2a: Groudon|evasion|1
|-sideend|p1: mewhenckarcakracxd|Stealth Rock|[from] move: Defog|[of] p1a: Yveltal
|move|p2a: Groudon|Stealth Rock|p1a: Yveltal
|-sidestart|p1: mewhenckarcakracxd|move: Stealth Rock
|
|-weather|DesolateLand|[upkeep]
|-damage|p1a: Yveltal|37/100 tox|[from] psn
|upkeep
|turn|10
|
|t:|1646037734
|move|p1a: Yveltal|Foul Play|p2a: Groudon
|-damage|p2a: Groudon|0 fnt
|faint|p2a: Groudon
|-weather|none
|
|-damage|p1a: Yveltal|12/100 tox|[from] psn
|upkeep
|
|t:|1646037737
|switch|p2a: Kyurem|Kyurem-Black|100/100
|-ability|p2a: Kyurem|Teravolt
|turn|11
|
|t:|1646037739
|move|p2a: Kyurem|Dragon Dance|p2a: Kyurem
|-boost|p2a: Kyurem|atk|1
|-boost|p2a: Kyurem|spe|1
|move|p1a: Yveltal|Defog|p2a: Kyurem
|-unboost|p2a: Kyurem|evasion|1
|-sideend|p1: mewhenckarcakracxd|Stealth Rock|[from] move: Defog|[of] p1a: Yveltal
|
|-damage|p1a: Yveltal|0 fnt|[from] psn
|faint|p1a: Yveltal
|upkeep
|
|t:|1646037743
|switch|p1a: Arceus|Arceus-Water|100/100
|turn|12
|
|t:|1646037746
|-start|p2a: Kyurem|Dynamax
|-heal|p2a: Kyurem|100/100|[silent]
|move|p2a: Kyurem|Max Lightning|p1a: Arceus
|-supereffective|p1a: Arceus
|-damage|p1a: Arceus|5/100
|-fieldstart|move: Electric Terrain
|-damage|p2a: Kyurem|96/100|[from] item: Life Orb
|move|p1a: Arceus|Will-O-Wisp|p2a: Kyurem
|-status|p2a: Kyurem|brn
|
|-damage|p2a: Kyurem|93/100 brn|[from] brn
|upkeep
|turn|13
|
|t:|1646037758
|move|p2a: Kyurem|Max Hailstorm|p1a: Arceus
|-resisted|p1a: Arceus
|-damage|p1a: Arceus|0 fnt
|-weather|Hail
|faint|p1a: Arceus
|-damage|p2a: Kyurem|88/100 brn|[from] item: Life Orb
|
|-weather|Hail|[upkeep]
|-damage|p2a: Kyurem|85/100 brn|[from] brn
|upkeep
|
|t:|1646037763
|switch|p1a: Dragapult|Dragapult, M|100/100
|turn|14
|inactive|AnimeZZZZ5 has 120 seconds left.
|
|t:|1646037785
|move|p2a: Kyurem|Max Hailstorm|p1a: Dragapult
|-supereffective|p1a: Dragapult
|-damage|p1a: Dragapult|0 fnt
|faint|p1a: Dragapult
|-damage|p2a: Kyurem|80/100 brn|[from] item: Life Orb
|
|-weather|Hail|[upkeep]
|-damage|p2a: Kyurem|77/100 brn|[from] brn
|-end|p2a: Kyurem|Dynamax
|-heal|p2a: Kyurem|77/100 brn|[silent]
|upkeep
|
|t:|1646037788
|switch|p1a: Calyrex|Calyrex-Shadow|100/100
|-ability|p1a: Calyrex|As One
|-ability|p1a: Calyrex|Unnerve
|turn|15
|
|t:|1646037798
|move|p1a: Calyrex|Astral Barrage|p2a: Kyurem
|-damage|p2a: Kyurem|8/100 brn
|move|p2a: Kyurem|Icicle Spear|p1a: Calyrex
|-damage|p1a: Calyrex|83/100
|-damage|p1a: Calyrex|67/100
|-hitcount|p1a: Calyrex|2
|-damage|p2a: Kyurem|0 fnt|[from] item: Life Orb
|faint|p2a: Kyurem
|
|-weather|Hail|[upkeep]
|-damage|p1a: Calyrex|61/100|[from] Hail
|upkeep
|
|t:|1646037805
|switch|p2a: Yveltal|Yveltal|100/100
|-ability|p2a: Yveltal|Dark Aura
|turn|16
|
|t:|1646037809
|switch|p1a: Zacian|Zacian-Crowned|76/100
|-ability|p1a: Zacian|Intrepid Sword|boost
|-boost|p1a: Zacian|atk|1
|move|p2a: Yveltal|Sucker Punch||[still]
|-fail|p2a: Yveltal
|
|-weather|Hail|[upkeep]
|-damage|p1a: Zacian|70/100|[from] Hail
|-damage|p2a: Yveltal|94/100|[from] Hail
|-fieldend|move: Electric Terrain
|upkeep
|turn|17
|
|t:|1646037812
|switch|p2a: Arceus|Arceus-Steel|71/100
|move|p1a: Zacian|Substitute|p1a: Zacian
|-start|p1a: Zacian|Substitute
|-damage|p1a: Zacian|45/100
|
|-weather|none
|upkeep
|turn|18
|
|t:|1646037815
|move|p1a: Zacian|Close Combat|p2a: Arceus
|-supereffective|p2a: Arceus
|-damage|p2a: Arceus|0 fnt
|-unboost|p1a: Zacian|def|1
|-unboost|p1a: Zacian|spd|1
|faint|p2a: Arceus
|
|upkeep
|
|t:|1646037819
|switch|p2a: Zacian|Zacian-Crowned|100/100
|-ability|p2a: Zacian|Intrepid Sword|boost
|-boost|p2a: Zacian|atk|1
|turn|19
|
|t:|1646037821
|move|p2a: Zacian|Behemoth Blade|p1a: Zacian
|-end|p1a: Zacian|Substitute
|move|p1a: Zacian|Behemoth Blade|p2a: Zacian
|-damage|p2a: Zacian|8/100
|
|upkeep
|turn|20
|
|t:|1646037825
|switch|p1a: Arceus|Arceus|100/100
|move|p2a: Zacian|Behemoth Blade|p1a: Arceus
|-damage|p1a: Arceus|15/100
|
|upkeep
|turn|21
|
|t:|1646037831
|switch|p2a: Arceus|Arceus-Fairy|100/100
|move|p1a: Arceus|Extreme Speed|p2a: Arceus
|-damage|p2a: Arceus|74/100
|-damage|p1a: Arceus|5/100|[from] item: Life Orb
|
|upkeep
|turn|22
|
|t:|1646037837
|move|p1a: Arceus|Extreme Speed|p2a: Arceus
|-damage|p2a: Arceus|47/100
|-damage|p1a: Arceus|0 fnt|[from] item: Life Orb
|faint|p1a: Arceus
|move|p2a: Arceus|Judgment|p1: Arceus|[notarget]
|-fail|p2a: Arceus
|
|upkeep
|
|t:|1646037842
|switch|p1a: Zacian|Zacian-Crowned|45/100
|-ability|p1a: Zacian|Intrepid Sword|boost
|-boost|p1a: Zacian|atk|1
|turn|23
|
|t:|1646037844
|move|p1a: Zacian|Substitute|p1a: Zacian
|-start|p1a: Zacian|Substitute
|-damage|p1a: Zacian|20/100
|move|p2a: Arceus|Judgment|p1a: Zacian
|-resisted|p1a: Zacian
|-activate|p1a: Zacian|move: Substitute|[damage]
|
|upkeep
|turn|24
|
|t:|1646037847
|move|p1a: Zacian|Behemoth Blade|p2a: Arceus
|-supereffective|p2a: Arceus
|-damage|p2a: Arceus|0 fnt
|faint|p2a: Arceus
|
|upkeep
|
|t:|1646037849
|switch|p2a: Zacian|Zacian-Crowned|8/100
|-ability|p2a: Zacian|Intrepid Sword|boost
|-boost|p2a: Zacian|atk|1
|turn|25
|
|t:|1646037854
|move|p1a: Zacian|Behemoth Blade|p2a: Zacian
|-damage|p2a: Zacian|0 fnt
|faint|p2a: Zacian
|
|upkeep
|-message|AnimeZZZZ5 forfeited.
|
|win|mewhenckarcakracxd
|raw|mewhenckarcakracxd's rating: 1638 &rarr; <strong>1666</strong><br />(+28 for winning)
|raw|AnimeZZZZ5's rating: 1789 &rarr; <strong>1761</strong><br />(-28 for losing)
|l|☆AnimeZZZZ5
|c|☆mewhenckarcakracxd|gg
