|j|‽DarkboiJ
|j|☆ThenoJSZ
|t:|1665891877
|gametype|singles
|player|p1|DarkboiJ|blue-gen3two|1972
|player|p2|ThenoJSZ|twins-gen4dp|1855
|teamsize|p1|6
|teamsize|p2|6
|gen|8
|tier|[Gen 8] National Dex AG
|rated|
|rule|HP Percentage Mod: HP is shown in percentages
|rule|Endless Battle Clause: Forcing endless battles is banned
|clearpoke
|poke|p1|Necrozma-Dusk-Mane|
|poke|p1|Groudon|
|poke|p1|Arceus-*|
|poke|p1|Ditto|
|poke|p1|Yveltal|
|poke|p1|Ho-Oh|
|poke|p2|Rayquaza|
|poke|p2|Zacian-*|
|poke|p2|Arceus-*|
|poke|p2|Kyogre|
|poke|p2|Calyrex-Shadow|
|poke|p2|Ditto|
|teampreview
|inactive|Battle timer is ON: inactive players will automatically lose when time's up. (requested by DarkboiJ)
|inactive|ThenoJSZ also wants the timer to be on.
|inactive|DarkboiJ has 120 seconds left.
|
|t:|1665891911
|start
|switch|p1a: Groudon|Groudon|100/100
|switch|p2a: Rayquaza|Rayquaza|100/100
|-ability|p2a: Rayquaza|Air Lock
|detailschange|p1a: Groudon|Groudon-Primal
|-primal|p1a: Groudon
|-weather|DesolateLand|[from] ability: Desolate Land|[of] p1a: Groudon
|turn|1
|
|t:|1665891931
|-weather|none
|switch|p1a: Ho-Oh|Ho-Oh|100/100
|detailschange|p2a: Rayquaza|Rayquaza-Mega
|-mega|p2a: Rayquaza|Rayquaza|
|-weather|DeltaStream|[from] ability: Delta Stream|[of] p2a: Rayquaza
|move|p2a: Rayquaza|Dragon Ascent|p1a: Ho-Oh
|-damage|p1a: Ho-Oh|0 fnt
|-unboost|p2a: Rayquaza|def|1
|-unboost|p2a: Rayquaza|spd|1
|faint|p1a: Ho-Oh
|
|-weather|DeltaStream|[upkeep]
|upkeep
|
|t:|1665891944
|switch|p1a: Groudon|Groudon-Primal|100/100
|-weather|DesolateLand|[from] ability: Desolate Land|[of] p1a: Groudon
|turn|2
|
|t:|1665891953
|move|p2a: Rayquaza|Dragon Ascent|p1a: Groudon
|-damage|p1a: Groudon|27/100
|-unboost|p2a: Rayquaza|def|1
|-unboost|p2a: Rayquaza|spd|1
|move|p1a: Groudon|Hidden Power|p2a: Rayquaza
|-supereffective|p2a: Rayquaza
|-damage|p2a: Rayquaza|0 fnt
|faint|p2a: Rayquaza
|
|-weather|DesolateLand|[upkeep]
|upkeep
|
|t:|1665891967
|switch|p2a: Zacian|Zacian-Crowned|100/100
|-ability|p2a: Zacian|Intrepid Sword|boost
|-boost|p2a: Zacian|atk|1
|turn|3
|
|t:|1665891981
|move|p2a: Zacian|Close Combat|p1a: Groudon
|-damage|p1a: Groudon|0 fnt
|-unboost|p2a: Zacian|def|1
|-unboost|p2a: Zacian|spd|1
|faint|p1a: Groudon
|-weather|none
|
|upkeep
|
|t:|1665891984
|switch|p1a: Ditto|Ditto, shiny|100/100
|-transform|p1a: Ditto|p2a: Zacian|[from] ability: Imposter
|-ability|p1a: Ditto|Intrepid Sword|boost
|-boost|p1a: Ditto|atk|1
|turn|4
|
|t:|1665891987
|switch|p2a: Arceus|Arceus-Electric|100/100
|move|p1a: Ditto|Behemoth Blade|p2a: Arceus
|-resisted|p2a: Arceus
|-damage|p2a: Arceus|65/100
|
|upkeep
|turn|5
|
|t:|1665891996
|switch|p1a: Necrozma|Necrozma-Dusk-Mane|100/100
|move|p2a: Arceus|Recover|p2a: Arceus
|-heal|p2a: Arceus|100/100
|
|upkeep
|turn|6
|
|t:|1665892002
|move|p2a: Arceus|Will-O-Wisp|p1a: Necrozma
|-status|p1a: Necrozma|brn
|move|p1a: Necrozma|Earthquake|p2a: Arceus
|-supereffective|p2a: Arceus
|-damage|p2a: Arceus|70/100
|-damage|p1a: Necrozma|91/100 brn|[from] item: Life Orb
|
|-damage|p1a: Necrozma|84/100 brn|[from] brn
|upkeep
|turn|7
|
|t:|1665892013
|move|p2a: Arceus|Stealth Rock|p1a: Necrozma
|-sidestart|p1: DarkboiJ|move: Stealth Rock
|move|p1a: Necrozma|Photon Geyser|p2a: Arceus
|-damage|p2a: Arceus|48/100
|-damage|p1a: Necrozma|75/100 brn|[from] item: Life Orb
|
|-damage|p1a: Necrozma|68/100 brn|[from] brn
|upkeep
|turn|8
|
|t:|1665892017
|move|p2a: Arceus|Recover|p2a: Arceus
|-heal|p2a: Arceus|98/100
|move|p1a: Necrozma|Photon Geyser|p2a: Arceus
|-damage|p2a: Arceus|77/100
|-damage|p1a: Necrozma|59/100 brn|[from] item: Life Orb
|
|-damage|p1a: Necrozma|52/100 brn|[from] brn
|upkeep
|turn|9
|
|t:|1665892023
|move|p2a: Arceus|Judgment|p1a: Necrozma
|-damage|p1a: Necrozma|0 fnt
|faint|p1a: Necrozma
|
|upkeep
|
|t:|1665892039
|switch|p1a: Arceus|Arceus|100/100
|-damage|p1a: Arceus|88/100|[from] Stealth Rock
|turn|10
|
|t:|1665892042
|move|p2a: Arceus|Will-O-Wisp|p1a: Arceus
|-status|p1a: Arceus|brn
|-enditem|p1a: Arceus|Lum Berry|[eat]
|-curestatus|p1a: Arceus|brn|[msg]
|move|p1a: Arceus|Swords Dance|p1a: Arceus
|-boost|p1a: Arceus|atk|2
|
|upkeep
|turn|11
|
|t:|1665892048
|move|p1a: Arceus|Extreme Speed|p2a: Arceus
|-damage|p2a: Arceus|29/100
|move|p2a: Arceus|Will-O-Wisp|p1a: Arceus
|-status|p1a: Arceus|brn
|
|-damage|p1a: Arceus|82/100 brn|[from] brn
|upkeep
|turn|12
|
|t:|1665892054
|move|p1a: Arceus|Extreme Speed|p2a: Arceus
|-damage|p2a: Arceus|7/100
|move|p2a: Arceus|Recover|p2a: Arceus
|-heal|p2a: Arceus|57/100
|
|-damage|p1a: Arceus|76/100 brn|[from] brn
|upkeep
|turn|13
|
|t:|1665892058
|move|p2a: Arceus|Recover|p2a: Arceus
|-heal|p2a: Arceus|100/100
|move|p1a: Arceus|Swords Dance|p1a: Arceus
|-boost|p1a: Arceus|atk|2
|
|-damage|p1a: Arceus|70/100 brn|[from] brn
|upkeep
|turn|14
|
|t:|1665892062
|move|p1a: Arceus|Extreme Speed|p2a: Arceus
|-damage|p2a: Arceus|64/100
|move|p2a: Arceus|Judgment|p1a: Arceus
|-damage|p1a: Arceus|38/100 brn
|
|-damage|p1a: Arceus|32/100 brn|[from] brn
|upkeep
|turn|15
|-message|DarkboiJ forfeited.
|
|win|ThenoJSZ
|raw|DarkboiJ's rating: 1972 &rarr; <strong>1946</strong><br />(-26 for losing)
|raw|ThenoJSZ's rating: 1855 &rarr; <strong>1881</strong><br />(+26 for winning)
|l|‽DarkboiJ
||Ladder isn't responding, score probably updated but might not have (Request timeout).
