|j|☆small char
|j|☆SpaceTemmie
|t:|1663875090
|gametype|singles
|player|p1|small char|harlequin|1486
|player|p2|SpaceTemmie|proton|1584
|teamsize|p1|6
|teamsize|p2|6
|gen|8
|tier|[Gen 8] National Dex AG
|rated|
|rule|HP Percentage Mod: HP is shown in percentages
|rule|Endless Battle Clause: Forcing endless battles is banned
|clearpoke
|poke|p1|Charizard, F|
|poke|p1|Swampert, M|
|poke|p1|Calyrex-Shadow|
|poke|p1|Cinderace, M|
|poke|p1|Regieleki|
|poke|p1|Garchomp, F|
|poke|p2|Zoroark, M|
|poke|p2|Smeargle, M|
|poke|p2|Smeargle, M|
|poke|p2|Smeargle, M|
|poke|p2|Smeargle, M|
|poke|p2|Arceus-*|
|teampreview
|inactive|Battle timer is ON: inactive players will automatically lose when time's up. (requested by SpaceTemmie)
|
|t:|1663875103
|start
|switch|p1a: Regieleki|Regieleki|100/100
|switch|p2a: Smeargle|Smeargle, M|100/100
|turn|1
|
|t:|1663875108
|move|p1a: Regieleki|Thunderbolt|p2a: Smeargle
|-damage|p2a: Smeargle|8/100
|move|p2a: Smeargle|Spore|p1a: Regieleki
|-status|p1a: Regieleki|slp|[from] move: Spore
|
|-ability|p2a: Smeargle|Moody|boost
|-boost|p2a: Smeargle|spa|2
|-unboost|p2a: Smeargle|def|1
|upkeep
|turn|2
|
|t:|1663875118
|cant|p1a: Regieleki|slp
|move|p2a: Smeargle|Baton Pass|p2a: Smeargle
|
|t:|1663875123
|switch|p2a: Smeargle|Smeargle, M|100/100|[from]move: Baton Pass
|
|-ability|p2a: Smeargle|Moody|boost
|-boost|p2a: Smeargle|spe|2
|-unboost|p2a: Smeargle|def|1
|upkeep
|turn|3
|
|t:|1663875130
|-curestatus|p1a: Regieleki|slp|[msg]
|move|p1a: Regieleki|Thunderbolt|p2a: Smeargle
|-damage|p2a: Smeargle|12/100
|-status|p2a: Smeargle|par
|move|p2a: Smeargle|Substitute|p2a: Smeargle
|-fail|p2a: Smeargle|move: Substitute|[weak]
|
|-ability|p2a: Smeargle|Moody|boost
|-boost|p2a: Smeargle|spa|2
|-unboost|p2a: Smeargle|def|1
|upkeep
|turn|4
|inactive|SpaceTemmie has 120 seconds left.
|
|t:|1663875163
|move|p1a: Regieleki|Rapid Spin|p2a: Smeargle
|-damage|p2a: Smeargle|0 fnt
|-boost|p1a: Regieleki|spe|1
|faint|p2a: Smeargle
|
|upkeep
|
|t:|1663875168
|switch|p2a: Arceus|Arceus|100/100
|turn|5
|
|t:|1663875174
|move|p1a: Regieleki|Reflect|p1a: Regieleki
|-sidestart|p1: small char|Reflect
|move|p2a: Arceus|Earthquake|p1a: Regieleki
|-supereffective|p1a: Regieleki
|-damage|p1a: Regieleki|44/100
|
|upkeep
|turn|6
|
|t:|1663875179
|move|p1a: Regieleki|Thunderbolt|p2a: Arceus
|-damage|p2a: Arceus|70/100
|move|p2a: Arceus|Substitute|p2a: Arceus
|-start|p2a: Arceus|Substitute
|-damage|p2a: Arceus|45/100
|
|-heal|p2a: Arceus|51/100|[from] item: Leftovers
|upkeep
|turn|7
|
|t:|1663875186
|move|p1a: Regieleki|Thunderbolt|p2a: Arceus
|-end|p2a: Arceus|Substitute
|move|p2a: Arceus|Earthquake|p1a: Regieleki
|-supereffective|p1a: Regieleki
|-damage|p1a: Regieleki|0 fnt
|faint|p1a: Regieleki
|
|-heal|p2a: Arceus|57/100|[from] item: Leftovers
|upkeep
|
|t:|1663875200
|switch|p1a: Cinderace|Cinderace, M|100/100
|turn|8
|
|t:|1663875210
|move|p2a: Arceus|Extreme Speed|p1a: Cinderace
|-damage|p1a: Cinderace|69/100
|move|p1a: Cinderace|High Jump Kick|p2a: Arceus
|-supereffective|p2a: Arceus
|-damage|p2a: Arceus|0 fnt
|faint|p2a: Arceus
|-damage|p1a: Cinderace|59/100|[from] item: Life Orb
|
|upkeep
|
|t:|1663875218
|switch|p2a: Smeargle|Smeargle, M|8/100
|turn|9
|
|t:|1663875223
|move|p2a: Smeargle|Protect|p2a: Smeargle
|-singleturn|p2a: Smeargle|Protect
|move|p1a: Cinderace|Pyro Ball|p2a: Smeargle
|-activate|p2a: Smeargle|move: Protect
|
|-ability|p2a: Smeargle|Moody|boost
|-boost|p2a: Smeargle|spd|2
|-unboost|p2a: Smeargle|def|1
|upkeep
|turn|10
|
|t:|1663875234
|move|p1a: Cinderace|Pyro Ball|p2a: Smeargle
|-damage|p2a: Smeargle|0 fnt
|faint|p2a: Smeargle
|-damage|p1a: Cinderace|49/100|[from] item: Life Orb
|
|upkeep
|
|t:|1663875239
|switch|p2a: Smeargle|Smeargle, M|100/100
|turn|11
|
|t:|1663875245
|move|p1a: Cinderace|Pyro Ball|p2a: Smeargle
|-damage|p2a: Smeargle|0 fnt
|faint|p2a: Smeargle
|-damage|p1a: Cinderace|39/100|[from] item: Life Orb
|
|upkeep
|
|t:|1663875256
|switch|p2a: Smeargle|Smeargle, M|100/100
|turn|12
|
|t:|1663875261
|move|p1a: Cinderace|Pyro Ball|p2a: Smeargle
|-damage|p2a: Smeargle|0 fnt
|faint|p2a: Smeargle
|-damage|p1a: Cinderace|29/100|[from] item: Life Orb
|
|-sideend|p1: small char|Reflect
|upkeep
|
|t:|1663875265
|switch|p2a: Zoroark|Zoroark, M|100/100
|turn|13
|
|t:|1663875271
|-start|p2a: Zoroark|Dynamax|
|-heal|p2a: Zoroark|100/100|[silent]
|move|p1a: Cinderace|High Jump Kick|p2a: Zoroark
|-supereffective|p2a: Zoroark
|-damage|p2a: Zoroark|1/100
|-damage|p1a: Cinderace|19/100|[from] item: Life Orb
|move|p2a: Zoroark|Max Ooze|p1a: Cinderace
|-damage|p1a: Cinderace|0 fnt
|-boost|p2a: Zoroark|spa|1
|faint|p1a: Cinderace
|
|upkeep
|-message|SpaceTemmie forfeited.
|
|win|small char
|raw|small char's rating: 1486 &rarr; <strong>1511</strong><br />(+25 for winning)
|raw|SpaceTemmie's rating: 1584 &rarr; <strong>1559</strong><br />(-25 for losing)
|l|☆SpaceTemmie
||Ladder isn't responding, score probably updated but might not have (Request timeout).
