|j|☆Hoenn Militian
|j|☆chippytreatz
|t:|1651854729
|gametype|singles
|player|p1|Hoenn Militian|ingo|1815
|player|p2|chippytreatz|veteran|1907
|teamsize|p1|6
|teamsize|p2|6
|gen|8
|tier|[Gen 8] National Dex AG
|rated|
|rule|HP Percentage Mod: HP is shown in percentages
|rule|Endless Battle Clause: Forcing endless battles is banned
|clearpoke
|poke|p1|Yveltal|
|poke|p1|Unown|
|poke|p1|Mamoswine, F|
|poke|p1|Shedinja|
|poke|p1|Kyogre|
|poke|p1|Zacian-*|
|poke|p2|Zacian-*|
|poke|p2|Arceus-*|
|poke|p2|Arceus-*|
|poke|p2|Yveltal|
|poke|p2|Ditto|
|poke|p2|Necrozma-Dusk-Mane|
|teampreview
|
|t:|1651854738
|start
|switch|p1a: Kyogre|Kyogre|100/100
|switch|p2a: Arceus|Arceus-Ground|100/100
|-weather|RainDance|[from] ability: Drizzle|[of] p1a: Kyogre
|turn|1
|inactive|Battle timer is ON: inactive players will automatically lose when time's up. (requested by chippytreatz)
|
|t:|1651854744
|move|p2a: Arceus|Stealth Rock|p1a: Kyogre
|-sidestart|p1: Hoenn Militian|move: Stealth Rock
|move|p1a: Kyogre|Water Spout|p2a: Arceus
|-supereffective|p2a: Arceus
|-damage|p2a: Arceus|0 fnt
|faint|p2a: Arceus
|
|-weather|RainDance|[upkeep]
|upkeep
|
|t:|1651854749
|switch|p2a: Necrozma|Necrozma-Dusk-Mane|100/100
|turn|2
|
|t:|1651854754
|detailschange|p2a: Necrozma|Necrozma-Ultra
|-burst|p2a: Necrozma|Necrozma|Ultranecrozium Z
|move|p2a: Necrozma|Dragon Dance|p2a: Necrozma
|-boost|p2a: Necrozma|atk|1
|-boost|p2a: Necrozma|spe|1
|move|p1a: Kyogre|Ice Beam|p2a: Necrozma
|-supereffective|p2a: Necrozma
|-damage|p2a: Necrozma|24/100
|
|-weather|RainDance|[upkeep]
|upkeep
|turn|3
|j| Apprenti Buck
|
|t:|1651854763
|switch|p1a: Unown|Unown|100/100
|-damage|p1a: Unown|88/100|[from] Stealth Rock
|move|p2a: Necrozma|Photon Geyser|p1a: Unown
|-resisted|p1a: Unown
|-damage|p1a: Unown|0 fnt
|faint|p1a: Unown
|
|-weather|RainDance|[upkeep]
|upkeep
|
|t:|1651854774
|switch|p1a: Mamoswine|Mamoswine, F|100/100
|-damage|p1a: Mamoswine|88/100|[from] Stealth Rock
|turn|4
|
|t:|1651854785
|switch|p2a: Zacian|Zacian-Crowned|100/100
|-ability|p2a: Zacian|Intrepid Sword|boost
|-boost|p2a: Zacian|atk|1
|move|p1a: Mamoswine|Ice Shard|p2a: Zacian
|-resisted|p2a: Zacian
|-damage|p2a: Zacian|90/100
|
|-weather|RainDance|[upkeep]
|upkeep
|turn|5
|
|t:|1651854793
|switch|p1a: Shedinja|Shedinja|100/100
|move|p2a: Zacian|Behemoth Blade|p1a: Shedinja
|-immune|p1a: Shedinja|[from] ability: Wonder Guard
|
|-weather|none
|upkeep
|turn|6
|
|t:|1651854815
|switch|p2a: Necrozma|Necrozma-Ultra|24/100
|move|p1a: Shedinja|Baton Pass|p1a: Shedinja
|
|t:|1651854828
|switch|p1a: Mamoswine|Mamoswine, F|88/100|[from]move: Baton Pass
|-damage|p1a: Mamoswine|76/100|[from] Stealth Rock
|
|upkeep
|turn|7
|
|t:|1651854838
|switch|p2a: Arceus|Arceus|100/100
|move|p1a: Mamoswine|Ice Shard|p2a: Arceus
|-crit|p2a: Arceus
|-damage|p2a: Arceus|76/100
|
|upkeep
|turn|8
|
|t:|1651854848
|move|p2a: Arceus|Swords Dance|p2a: Arceus
|-boost|p2a: Arceus|atk|2
|move|p1a: Mamoswine|Stealth Rock|p2a: Arceus
|-sidestart|p2: chippytreatz|move: Stealth Rock
|
|upkeep
|turn|9
|
|t:|1651854861
|move|p2a: Arceus|Extreme Speed|p1a: Mamoswine
|-crit|p1a: Mamoswine
|-damage|p1a: Mamoswine|0 fnt
|faint|p1a: Mamoswine
|
|upkeep
|
|t:|1651854872
|switch|p1a: Kyogre|Kyogre|100/100
|-damage|p1a: Kyogre|88/100|[from] Stealth Rock
|-weather|RainDance|[from] ability: Drizzle|[of] p1a: Kyogre
|turn|10
|
|t:|1651854896
|-start|p1a: Kyogre|Dynamax|
|-heal|p1a: Kyogre|88/100|[silent]
|move|p2a: Arceus|Extreme Speed|p1a: Kyogre
|-damage|p1a: Kyogre|42/100
|move|p1a: Kyogre|Max Geyser|p2a: Arceus
|-damage|p2a: Arceus|0 fnt
|faint|p2a: Arceus
|
|-weather|RainDance|[upkeep]
|upkeep
|
|t:|1651854902
|switch|p2a: Necrozma|Necrozma-Ultra|24/100
|-damage|p2a: Necrozma|12/100|[from] Stealth Rock
|turn|11
|
|t:|1651854927
|-end|p1a: Kyogre|Dynamax
|-heal|p1a: Kyogre|42/100|[silent]
|switch|p1a: Yveltal|Yveltal|100/100
|-ability|p1a: Yveltal|Dark Aura
|-zpower|p2a: Necrozma
|move|p2a: Necrozma|Light That Burns the Sky|p1a: Yveltal|[zeffect]
|-immune|p1a: Yveltal
|
|-weather|RainDance|[upkeep]
|upkeep
|turn|12
|inactive|Hoenn Militian has 120 seconds left.
|
|t:|1651854947
|move|p2a: Necrozma|Stone Edge|p1a: Yveltal
|-supereffective|p1a: Yveltal
|-damage|p1a: Yveltal|0 fnt
|faint|p1a: Yveltal
|
|-weather|RainDance|[upkeep]
|upkeep
|inactive|Hoenn Militian has 120 seconds left.
|
|t:|1651854952
|switch|p1a: Zacian|Zacian-Crowned|100/100
|-damage|p1a: Zacian|94/100|[from] Stealth Rock
|-ability|p1a: Zacian|Intrepid Sword|boost
|-boost|p1a: Zacian|atk|1
|turn|13
|
|t:|1651854958
|move|p1a: Zacian|Behemoth Blade|p2a: Necrozma
|-damage|p2a: Necrozma|0 fnt
|faint|p2a: Necrozma
|
|-weather|RainDance|[upkeep]
|upkeep
|
|t:|1651854962
|switch|p2a: Ditto|Ditto|100/100
|-damage|p2a: Ditto|88/100|[from] Stealth Rock
|-transform|p2a: Ditto|p1a: Zacian|[from] ability: Imposter
|-ability|p2a: Ditto|Intrepid Sword|boost
|-boost|p2a: Ditto|atk|1
|turn|14
|
|t:|1651854969
|switch|p1a: Shedinja|Shedinja|100/100
|move|p2a: Ditto|Behemoth Blade|p1a: Shedinja
|-immune|p1a: Shedinja|[from] ability: Wonder Guard
|
|-weather|none
|upkeep
|turn|15
|
|t:|1651854976
|switch|p2a: Yveltal|Yveltal|100/100
|-damage|p2a: Yveltal|76/100|[from] Stealth Rock
|-ability|p2a: Yveltal|Dark Aura
|move|p1a: Shedinja|Baton Pass|p1a: Shedinja
|
|t:|1651854982
|switch|p1a: Zacian|Zacian-Crowned|94/100|[from]move: Baton Pass
|-damage|p1a: Zacian|88/100|[from] Stealth Rock
|-ability|p1a: Zacian|Intrepid Sword|boost
|-boost|p1a: Zacian|atk|1
|
|upkeep
|turn|16
|
|t:|1651854992
|switch|p2a: Zacian|Zacian-Crowned|90/100
|-damage|p2a: Zacian|84/100|[from] Stealth Rock
|-ability|p2a: Zacian|Intrepid Sword|boost
|-boost|p2a: Zacian|atk|1
|move|p1a: Zacian|Behemoth Blade|p2a: Zacian
|-damage|p2a: Zacian|0 fnt
|faint|p2a: Zacian
|
|upkeep
|
|t:|1651854995
|switch|p2a: Ditto|Ditto|88/100
|-damage|p2a: Ditto|76/100|[from] Stealth Rock
|-transform|p2a: Ditto|p1a: Zacian|[from] ability: Imposter
|-ability|p2a: Ditto|Intrepid Sword|boost
|-boost|p2a: Ditto|atk|1
|turn|17
|
|t:|1651855006
|switch|p2a: Yveltal|Yveltal|76/100
|-damage|p2a: Yveltal|51/100|[from] Stealth Rock
|-ability|p2a: Yveltal|Dark Aura
|move|p1a: Zacian|Behemoth Blade|p2a: Yveltal
|-damage|p2a: Yveltal|0 fnt
|faint|p2a: Yveltal
|
|upkeep
|
|t:|1651855008
|switch|p2a: Ditto|Ditto|76/100
|-damage|p2a: Ditto|63/100|[from] Stealth Rock
|-transform|p2a: Ditto|p1a: Zacian|[from] ability: Imposter
|-ability|p2a: Ditto|Intrepid Sword|boost
|-boost|p2a: Ditto|atk|1
|turn|18
|c|☆Hoenn Militian|gg
|l| Apprenti Buck
|inactive|Hoenn Militian has 120 seconds left.
|
|t:|1651855046
|switch|p1a: Shedinja|Shedinja|100/100
|move|p2a: Ditto|Behemoth Blade|p1a: Shedinja
|-immune|p1a: Shedinja|[from] ability: Wonder Guard
|
|upkeep
|turn|19
|inactive|Hoenn Militian has 120 seconds left.
|
|t:|1651855067
|move|p1a: Shedinja|Shadow Sneak|p2a: Ditto
|-damage|p2a: Ditto|46/100
|move|p2a: Ditto|Behemoth Blade|p1a: Shedinja
|-immune|p1a: Shedinja|[from] ability: Wonder Guard
|
|upkeep
|turn|20
|inactive|Hoenn Militian has 120 seconds left.
|
|t:|1651855087
|move|p1a: Shedinja|Shadow Sneak|p2a: Ditto
|-damage|p2a: Ditto|29/100
|move|p2a: Ditto|Behemoth Blade|p1a: Shedinja
|-immune|p1a: Shedinja|[from] ability: Wonder Guard
|
|upkeep
|turn|21
|inactive|Hoenn Militian has 120 seconds left.
|
|t:|1651855097
|move|p2a: Ditto|Behemoth Blade|p1a: Shedinja
|-immune|p1a: Shedinja|[from] ability: Wonder Guard
|move|p1a: Shedinja|Will-O-Wisp|p2a: Ditto
|-status|p2a: Ditto|brn
|
|-damage|p2a: Ditto|23/100 brn|[from] brn
|upkeep
|turn|22
|
|t:|1651855105
|move|p2a: Ditto|Behemoth Blade|p1a: Shedinja
|-immune|p1a: Shedinja|[from] ability: Wonder Guard
|move|p1a: Shedinja|Will-O-Wisp|p2a: Ditto
|-fail|p2a: Ditto|brn
|
|-damage|p2a: Ditto|17/100 brn|[from] brn
|upkeep
|turn|23
|
|t:|1651855115
|move|p1a: Shedinja|Endure|p1a: Shedinja
|-singleturn|p1a: Shedinja|move: Endure
|-activate|p2a: Ditto|move: Struggle
|move|p2a: Ditto|Struggle|p1a: Shedinja
|-activate|p1a: Shedinja|move: Endure
|-damage|p1a: Shedinja|100/100
|-damage|p2a: Ditto|0 fnt|[from] recoil
|faint|p2a: Ditto
|
|win|Hoenn Militian
|raw|Hoenn Militian's rating: 1815 &rarr; <strong>1841</strong><br />(+26 for winning)
|raw|chippytreatz's rating: 1917 &rarr; <strong>1891</strong><br />(-26 for losing)
|l|☆chippytreatz
||Ladder isn't responding, score probably updated but might not have (Request timeout).
