|j|☆Uiii Memo
|j|☆soviet glonk
|t:|1630073528
|gametype|singles
|player|p1|Uiii Memo|266|1593
|player|p2|soviet glonk|ghetsis|1525
|teamsize|p1|6
|teamsize|p2|6
|gen|8
|tier|[Gen 8] National Dex AG
|rated|
|rule|HP Percentage Mod: HP is shown in percentages
|rule|Endless Battle Clause: Forcing endless battles is banned
|clearpoke
|poke|p1|Smeargle, M|
|poke|p1|Ditto|
|poke|p1|Rayquaza|
|poke|p1|Groudon|
|poke|p1|Arceus-*|
|poke|p1|Zacian-*|
|poke|p2|Arceus-*|
|poke|p2|Zygarde|
|poke|p2|Groudon|
|poke|p2|Zacian-*|
|poke|p2|Yveltal|
|poke|p2|Necrozma-Dusk-Mane|
|teampreview
|inactive|Battle timer is ON: inactive players will automatically lose when time's up. (requested by soviet glonk)
|
|t:|1630073548
|start
|switch|p1a: Smeargle|Smeargle, M, shiny|100/100
|switch|p2a: Arceus|Arceus|100/100
|turn|1
|inactive|Uiii Memo has 120 seconds left.
|
|t:|1630073581
|move|p2a: Arceus|Extreme Speed|p1a: Smeargle
|-enditem|p1a: Smeargle|Focus Sash
|-damage|p1a: Smeargle|1/100
|move|p1a: Smeargle|Spore|p2a: Arceus
|-status|p2a: Arceus|slp|[from] move: Spore
|-enditem|p2a: Arceus|Lum Berry|[eat]
|-curestatus|p2a: Arceus|slp|[msg]
|
|-ability|p1a: Smeargle|Moody|boost
|-boost|p1a: Smeargle|spe|2
|-unboost|p1a: Smeargle|def|1
|upkeep
|turn|2
|
|t:|1630073591
|move|p2a: Arceus|Extreme Speed|p1a: Smeargle
|-damage|p1a: Smeargle|0 fnt
|faint|p1a: Smeargle
|
|upkeep
|
|t:|1630073595
|switch|p1a: Zacian|Zacian-Crowned|100/100
|-ability|p1a: Zacian|Intrepid Sword|boost
|-boost|p1a: Zacian|atk|1
|turn|3
|
|t:|1630073601
|switch|p2a: Necrozma|Necrozma-Dusk-Mane|100/100
|move|p1a: Zacian|Close Combat|p2a: Necrozma
|-damage|p2a: Necrozma|60/100
|-unboost|p1a: Zacian|def|1
|-unboost|p1a: Zacian|spd|1
|
|-heal|p2a: Necrozma|66/100|[from] item: Leftovers
|upkeep
|turn|4
|
|t:|1630073606
|move|p1a: Zacian|Close Combat|p2a: Necrozma
|-damage|p2a: Necrozma|26/100
|-unboost|p1a: Zacian|def|1
|-unboost|p1a: Zacian|spd|1
|move|p2a: Necrozma|Morning Sun|p2a: Necrozma
|-heal|p2a: Necrozma|76/100
|
|-heal|p2a: Necrozma|82/100|[from] item: Leftovers
|upkeep
|turn|5
|
|t:|1630073625
|switch|p1a: Groudon|Groudon, shiny|100/100
|detailschange|p1a: Groudon|Groudon-Primal, shiny
|-primal|p1a: Groudon
|-weather|DesolateLand|[from] ability: Desolate Land|[of] p1a: Groudon
|move|p2a: Necrozma|Morning Sun|p2a: Necrozma
|-heal|p2a: Necrozma|100/100
|
|-weather|DesolateLand|[upkeep]
|upkeep
|turn|6
|
|t:|1630073639
|switch|p2a: Zygarde|Zygarde|100/100
|move|p1a: Groudon|Fire Punch|p2a: Zygarde
|-resisted|p2a: Zygarde
|-damage|p2a: Zygarde|80/100
|
|-weather|DesolateLand|[upkeep]
|-heal|p2a: Zygarde|86/100|[from] item: Leftovers
|upkeep
|turn|7
|
|t:|1630073646
|-weather|none
|switch|p1a: Rayquaza|Rayquaza, shiny|100/100
|-ability|p1a: Rayquaza|Air Lock
|move|p2a: Zygarde|Glare|p1a: Rayquaza
|-status|p1a: Rayquaza|par
|
|-heal|p2a: Zygarde|92/100|[from] item: Leftovers
|upkeep
|turn|8
|
|t:|1630073661
|switch|p2a: Necrozma|Necrozma-Dusk-Mane|100/100
|move|p1a: Rayquaza|Dragon Claw|p2a: Necrozma
|-resisted|p2a: Necrozma
|-damage|p2a: Necrozma|86/100
|
|-heal|p2a: Necrozma|92/100|[from] item: Leftovers
|upkeep
|turn|9
|
|t:|1630073681
|switch|p1a: Groudon|Groudon-Primal, shiny|100/100
|-weather|DesolateLand|[from] ability: Desolate Land|[of] p1a: Groudon
|move|p2a: Necrozma|Dragon Dance|p2a: Necrozma
|-boost|p2a: Necrozma|atk|1
|-boost|p2a: Necrozma|spe|1
|
|-weather|DesolateLand|[upkeep]
|-heal|p2a: Necrozma|98/100|[from] item: Leftovers
|upkeep
|turn|10
|
|t:|1630073690
|-start|p2a: Necrozma|Dynamax
|-heal|p2a: Necrozma|98/100|[silent]
|move|p2a: Necrozma|Max Quake|p1a: Groudon
|-supereffective|p1a: Groudon
|-damage|p1a: Groudon|17/100
|-boost|p2a: Necrozma|spd|1
|move|p1a: Groudon|Fire Punch|p2a: Necrozma
|-supereffective|p2a: Necrozma
|-damage|p2a: Necrozma|61/100
|-status|p2a: Necrozma|brn
|
|-weather|DesolateLand|[upkeep]
|-heal|p2a: Necrozma|64/100 brn|[from] item: Leftovers
|-damage|p2a: Necrozma|61/100 brn|[from] brn
|upkeep
|turn|11
|
|t:|1630073700
|move|p2a: Necrozma|Max Quake|p1a: Groudon
|-supereffective|p1a: Groudon
|-damage|p1a: Groudon|0 fnt
|-boost|p2a: Necrozma|spd|1
|faint|p1a: Groudon
|-weather|none
|
|-heal|p2a: Necrozma|64/100 brn|[from] item: Leftovers
|-damage|p2a: Necrozma|61/100 brn|[from] brn
|upkeep
|
|t:|1630073705
|switch|p1a: Rayquaza|Rayquaza, shiny|100/100 par
|-ability|p1a: Rayquaza|Air Lock
|turn|12
|inactive|soviet glonk has 120 seconds left.
|
|t:|1630073745
|detailschange|p1a: Rayquaza|Rayquaza-Mega, shiny
|-mega|p1a: Rayquaza|Rayquaza|
|-weather|DeltaStream|[from] ability: Delta Stream|[of] p1a: Rayquaza
|move|p2a: Necrozma|Max Steelspike|p1a: Rayquaza
|-damage|p1a: Rayquaza|49/100 par
|-boost|p2a: Necrozma|def|1
|move|p1a: Rayquaza|Earthquake|p2a: Necrozma
|-supereffective|p2a: Necrozma
|-damage|p2a: Necrozma|48/100 brn
|
|-weather|DeltaStream|[upkeep]
|-heal|p2a: Necrozma|51/100 brn|[from] item: Leftovers
|-damage|p2a: Necrozma|48/100 brn|[from] brn
|-end|p2a: Necrozma|Dynamax
|-heal|p2a: Necrozma|48/100 brn|[silent]
|upkeep
|turn|13
|
|t:|1630073754
|move|p2a: Necrozma|Sunsteel Strike|p1a: Rayquaza
|-damage|p1a: Rayquaza|13/100 par
|move|p1a: Rayquaza|Earthquake|p2a: Necrozma
|-supereffective|p2a: Necrozma
|-damage|p2a: Necrozma|21/100 brn
|
|-weather|DeltaStream|[upkeep]
|-heal|p2a: Necrozma|27/100 brn|[from] item: Leftovers
|-damage|p2a: Necrozma|21/100 brn|[from] brn
|upkeep
|turn|14
|
|t:|1630073763
|move|p2a: Necrozma|Sunsteel Strike|p1a: Rayquaza
|-damage|p1a: Rayquaza|0 fnt
|faint|p1a: Rayquaza
|-weather|none
|
|-heal|p2a: Necrozma|27/100 brn|[from] item: Leftovers
|-damage|p2a: Necrozma|21/100 brn|[from] brn
|upkeep
|
|t:|1630073772
|switch|p1a: Arceus|Arceus, shiny|100/100
|turn|15
|
|t:|1630073780
|-start|p1a: Arceus|Dynamax
|-heal|p1a: Arceus|100/100|[silent]
|move|p1a: Arceus|Max Quake|p2a: Necrozma
|-supereffective|p2a: Necrozma
|-damage|p2a: Necrozma|0 fnt
|-boost|p1a: Arceus|spd|1
|faint|p2a: Necrozma
|-damage|p1a: Arceus|96/100|[from] item: Life Orb
|
|upkeep
|j| robot317
|
|t:|1630073795
|switch|p2a: Zacian|Zacian-Crowned|100/100
|-ability|p2a: Zacian|Intrepid Sword|boost
|-boost|p2a: Zacian|atk|1
|turn|16
|
|t:|1630073803
|move|p2a: Zacian|Behemoth Blade|p1a: Arceus
|-damage|p1a: Arceus|19/100
|move|p1a: Arceus|Max Quake|p2a: Zacian
|-supereffective|p2a: Zacian
|-damage|p2a: Zacian|0 fnt
|-boost|p1a: Arceus|spd|1
|faint|p2a: Zacian
|-damage|p1a: Arceus|14/100|[from] item: Life Orb
|
|upkeep
|j| BOTICE MEH SENPI
|
|t:|1630073827
|switch|p2a: Zygarde|Zygarde|92/100
|turn|17
|
|t:|1630073832
|move|p1a: Arceus|Max Strike|p2a: Zygarde
|-damage|p2a: Zygarde|42/100
|-unboost|p2a: Zygarde|spe|1
|-damage|p1a: Arceus|9/100|[from] item: Life Orb
|move|p2a: Zygarde|Thousand Arrows|p1a: Arceus
|-damage|p1a: Arceus|0 fnt
|faint|p1a: Arceus
|
|-heal|p2a: Zygarde|49/100|[from] item: Leftovers
|-activate|p2a: Zygarde|ability: Power Construct
|detailschange|p2a: Zygarde|Zygarde-Complete
|-heal|p2a: Zygarde|66/100|[silent]
|upkeep
|
|t:|1630073842
|switch|p1a: Zacian|Zacian-Crowned|100/100
|-ability|p1a: Zacian|Intrepid Sword|boost
|-boost|p1a: Zacian|atk|1
|turn|18
|
|t:|1630073867
|move|p1a: Zacian|Play Rough|p2a: Zygarde
|-supereffective|p2a: Zygarde
|-damage|p2a: Zygarde|5/100
|move|p2a: Zygarde|Glare|p1a: Zacian
|-status|p1a: Zacian|par
|
|-heal|p2a: Zygarde|11/100|[from] item: Leftovers
|upkeep
|turn|19
|
|t:|1630073873
|cant|p1a: Zacian|par
|move|p2a: Zygarde|Rest|p2a: Zygarde
|-status|p2a: Zygarde|slp|[from] move: Rest
|-heal|p2a: Zygarde|100/100 slp|[silent]
|
|upkeep
|turn|20
|inactive|soviet glonk has 120 seconds left.
|
|t:|1630073917
|move|p1a: Zacian|Play Rough|p2a: Zygarde
|-supereffective|p2a: Zygarde
|-damage|p2a: Zygarde|38/100 slp
|cant|p2a: Zygarde|slp
|
|-heal|p2a: Zygarde|44/100 slp|[from] item: Leftovers
|upkeep
|turn|21
|
|t:|1630073926
|move|p1a: Zacian|Play Rough|p2a: Zygarde
|-supereffective|p2a: Zygarde
|-damage|p2a: Zygarde|0 fnt
|faint|p2a: Zygarde
|
|upkeep
|
|t:|1630073929
|switch|p2a: Groudon|Groudon|100/100
|detailschange|p2a: Groudon|Groudon-Primal
|-primal|p2a: Groudon
|-weather|DesolateLand|[from] ability: Desolate Land|[of] p2a: Groudon
|turn|22
|inactive|soviet glonk has 120 seconds left.
|
|t:|1630073936
|move|p2a: Groudon|Precipice Blades|p1a: Zacian
|-supereffective|p1a: Zacian
|-crit|p1a: Zacian
|-damage|p1a: Zacian|0 fnt
|faint|p1a: Zacian
|
|-weather|DesolateLand|[upkeep]
|upkeep
|
|t:|1630073939
|switch|p1a: Ditto|Ditto, shiny|100/100
|-transform|p1a: Ditto|p2a: Groudon|[from] ability: Imposter
|turn|23
|-message|Uiii Memo forfeited.
|
|win|soviet glonk
|l|☆Uiii Memo
|raw|Uiii Memo's rating: 1592 &rarr; <strong>1568</strong><br />(-24 for losing)
|raw|soviet glonk's rating: 1525 &rarr; <strong>1549</strong><br />(+24 for winning)
|l| BOTICE MEH SENPI
||Ladder isn't responding, score probably updated but might not have (Request timeout).
