|j|☆Matsui_Miyako
|j|☆DarkboiJ
|t:|1665694506
|gametype|singles
|player|p1|Matsui_Miyako|allister|1727
|player|p2|DarkboiJ|blue-gen3two|1924
|teamsize|p1|6
|teamsize|p2|6
|gen|8
|tier|[Gen 8] National Dex AG
|rated|
|rule|HP Percentage Mod: HP is shown in percentages
|rule|Endless Battle Clause: Forcing endless battles is banned
|clearpoke
|poke|p1|Yveltal|
|poke|p1|Deoxys-Attack|
|poke|p1|Marshadow|
|poke|p1|Arceus-*|
|poke|p1|Calyrex-Shadow|
|poke|p1|Arceus-*|
|poke|p2|Landorus-Therian, M|
|poke|p2|Giratina-Origin|
|poke|p2|Ditto|
|poke|p2|Dialga|
|poke|p2|Palkia|
|poke|p2|Arceus-*|
|teampreview
|inactive|Battle timer is ON: inactive players will automatically lose when time's up. (requested by DarkboiJ)
|
|t:|1665694530
|start
|switch|p1a: Deoxys|Deoxys-Attack|100/100
|switch|p2a: Ditto|Ditto, shiny|100/100
|-ability|p1a: Deoxys|Pressure
|-transform|p2a: Ditto|p1a: Deoxys|[from] ability: Imposter
|-ability|p2a: Ditto|Pressure
|turn|1
|c|☆Matsui_Miyako|gen 4 fan
|
|t:|1665694537
|switch|p2a: Landorus|Landorus-Therian, M|100/100
|-ability|p2a: Landorus|Intimidate|boost
|-unboost|p1a: Deoxys|atk|1
|move|p1a: Deoxys|Knock Off|p2a: Landorus
|-damage|p2a: Landorus|77/100
|-damage|p1a: Deoxys|84/100|[from] item: Rocky Helmet|[of] p2a: Landorus
|-enditem|p2a: Landorus|Rocky Helmet|[from] move: Knock Off|[of] p1a: Deoxys
|
|upkeep
|turn|2
|
|t:|1665694544
|move|p1a: Deoxys|Stealth Rock|p2a: Landorus
|-sidestart|p2: DarkboiJ|move: Stealth Rock
|move|p2a: Landorus|U-turn|p1a: Deoxys
|-supereffective|p1a: Deoxys
|-damage|p1a: Deoxys|0 fnt
|faint|p1a: Deoxys
|
|t:|1665694549
|switch|p2a: Dialga|Dialga|100/100|[from]move: U-turn
|-damage|p2a: Dialga|94/100|[from] Stealth Rock
|-ability|p2a: Dialga|Pressure
|
|upkeep
|l|☆Matsui_Miyako
|inactive|Matsui_Miyako disconnected and has a minute to reconnect!
|player|p1|
|inactive|Matsui_Miyako has 30 seconds to reconnect!
|j|☆Matsui_Miyako
|inactive|Matsui_Miyako reconnected and has 110 seconds left.
|player|p1|Matsui_Miyako|allister
|
|t:|1665694593
|switch|p1a: Titã|Arceus-Ground|100/100
|turn|3
|
|t:|1665694602
|switch|p2a: Giratina|Giratina-Origin|100/100
|-damage|p2a: Giratina|88/100|[from] Stealth Rock
|move|p1a: Titã|Earth Power|p2a: Giratina
|-immune|p2a: Giratina|[from] ability: Levitate
|
|upkeep
|turn|4
|
|t:|1665694605
|move|p1a: Titã|Ice Beam|p2a: Giratina
|-supereffective|p2a: Giratina
|-damage|p2a: Giratina|43/100
|move|p2a: Giratina|Hone Claws|p2a: Giratina
|-boost|p2a: Giratina|atk|1
|-boost|p2a: Giratina|accuracy|1
|
|upkeep
|turn|5
|l|☆Matsui_Miyako
|inactive|Matsui_Miyako disconnected and has a minute to reconnect!
|player|p1|
|inactive|Matsui_Miyako has 30 seconds to reconnect!
|inactive|Matsui_Miyako has 20 seconds to reconnect!
|inactive|Matsui_Miyako has 15 seconds to reconnect!
|j|☆Matsui_Miyako
|inactive|Matsui_Miyako reconnected and has 80 seconds left.
|player|p1|Matsui_Miyako|allister
|
|t:|1665694670
|move|p2a: Giratina|Shadow Sneak|p1a: Titã
|-damage|p1a: Titã|71/100
|move|p1a: Titã|Ice Beam|p2a: Giratina
|-supereffective|p2a: Giratina
|-damage|p2a: Giratina|0 fnt
|faint|p2a: Giratina
|
|upkeep
|
|t:|1665694693
|switch|p2a: Palkia|Palkia, shiny|100/100
|-damage|p2a: Palkia|88/100|[from] Stealth Rock
|-ability|p2a: Palkia|Pressure
|turn|6
|
|t:|1665694698
|-zpower|p1a: Titã
|move|p1a: Titã|Tectonic Rage|p2a: Palkia|[zeffect]
|-damage|p2a: Palkia|0 fnt
|faint|p2a: Palkia
|
|upkeep
|
|t:|1665694704
|switch|p2a: Dialga|Dialga|94/100
|-damage|p2a: Dialga|88/100|[from] Stealth Rock
|-ability|p2a: Dialga|Pressure
|turn|7
|
|t:|1665694708
|move|p1a: Titã|Earth Power|p2a: Dialga
|-supereffective|p2a: Dialga
|-damage|p2a: Dialga|0 fnt
|faint|p2a: Dialga
|
|upkeep
|c|☆Matsui_Miyako|??
|
|t:|1665694719
|switch|p2a: Ditto|Ditto, shiny|100/100
|-damage|p2a: Ditto|88/100|[from] Stealth Rock
|-transform|p2a: Ditto|p1a: Titã|[from] ability: Imposter
|turn|8
|
|t:|1665694722
|move|p2a: Ditto|Stealth Rock|p1a: Titã
|-sidestart|p1: Matsui_Miyako|move: Stealth Rock
|move|p1a: Titã|Ice Beam|p2a: Ditto
|-supereffective|p2a: Ditto
|-damage|p2a: Ditto|24/100
|
|upkeep
|turn|9
|
|t:|1665694729
|switch|p2a: Landorus|Landorus-Therian, M|77/100
|-damage|p2a: Landorus|64/100|[from] Stealth Rock
|-ability|p2a: Landorus|Intimidate|boost
|-unboost|p1a: Titã|atk|1
|move|p1a: Titã|Ice Beam|p2a: Landorus
|-supereffective|p2a: Landorus
|-damage|p2a: Landorus|0 fnt
|faint|p2a: Landorus
|
|upkeep
|
|t:|1665694732
|switch|p2a: Arceus|Arceus|100/100
|-damage|p2a: Arceus|88/100|[from] Stealth Rock
|turn|10
|
|t:|1665694734
|move|p1a: Titã|Earth Power|p2a: Arceus
|-damage|p2a: Arceus|58/100
|move|p2a: Arceus|Swords Dance|p2a: Arceus
|-boost|p2a: Arceus|atk|2
|
|upkeep
|turn|11
|
|t:|1665694739
|move|p1a: Titã|Earth Power|p2a: Arceus
|-damage|p2a: Arceus|25/100
|move|p2a: Arceus|Recover|p2a: Arceus
|-heal|p2a: Arceus|75/100
|
|upkeep
|turn|12
|
|t:|1665694743
|move|p1a: Titã|Earth Power|p2a: Arceus
|-damage|p2a: Arceus|46/100
|move|p2a: Arceus|Recover|p2a: Arceus
|-heal|p2a: Arceus|96/100
|
|upkeep
|turn|13
|
|t:|1665694748
|move|p1a: Titã|Earth Power|p2a: Arceus
|-damage|p2a: Arceus|65/100
|move|p2a: Arceus|Swords Dance|p2a: Arceus
|-boost|p2a: Arceus|atk|2
|
|upkeep
|turn|14
|
|t:|1665694752
|move|p1a: Titã|Earth Power|p2a: Arceus
|-crit|p2a: Arceus
|-damage|p2a: Arceus|13/100
|move|p2a: Arceus|Recover|p2a: Arceus
|-heal|p2a: Arceus|63/100
|
|upkeep
|turn|15
|
|t:|1665694757
|move|p1a: Titã|Ice Beam|p2a: Arceus
|-damage|p2a: Arceus|40/100
|move|p2a: Arceus|Recover|p2a: Arceus
|-heal|p2a: Arceus|90/100
|
|upkeep
|turn|16
|
|t:|1665694761
|move|p2a: Arceus|Extreme Speed|p1a: Titã
|-damage|p1a: Titã|0 fnt
|faint|p1a: Titã
|
|upkeep
|
|t:|1665694764
|switch|p1a: Sombra|Marshadow|100/100
|-damage|p1a: Sombra|94/100|[from] Stealth Rock
|turn|17
|
|t:|1665694767
|-start|p1a: Sombra|Dynamax|
|-heal|p1a: Sombra|94/100|[silent]
|-start|p2a: Arceus|Dynamax|
|-heal|p2a: Arceus|90/100|[silent]
|move|p1a: Sombra|Max Knuckle|p2a: Arceus
|-supereffective|p2a: Arceus
|-damage|p2a: Arceus|59/100
|-boost|p1a: Sombra|atk|1
|move|p2a: Arceus|Max Phantasm|p1a: Sombra
|-supereffective|p1a: Sombra
|-damage|p1a: Sombra|0 fnt
|faint|p1a: Sombra
|
|upkeep
|
|t:|1665694789
|switch|p1a: Deus|Arceus|100/100
|-damage|p1a: Deus|88/100|[from] Stealth Rock
|turn|18
|
|t:|1665694794
|move|p1a: Deus|Extreme Speed|p2a: Arceus
|-damage|p2a: Arceus|45/100
|move|p2a: Arceus|Max Strike|p1a: Deus
|-damage|p1a: Deus|0 fnt
|faint|p1a: Deus
|
|upkeep
|
|t:|1665694802
|switch|p1a: Cavaleiro Fantasma|Calyrex-Shadow|100/100
|-ability|p1a: Cavaleiro Fantasma|As One
|-ability|p1a: Cavaleiro Fantasma|Unnerve
|-damage|p1a: Cavaleiro Fantasma|88/100|[from] Stealth Rock
|turn|19
|
|t:|1665694805
|move|p1a: Cavaleiro Fantasma|Psyshock|p2a: Arceus
|-damage|p2a: Arceus|29/100
|move|p2a: Arceus|Max Phantasm|p1a: Cavaleiro Fantasma
|-supereffective|p1a: Cavaleiro Fantasma
|-damage|p1a: Cavaleiro Fantasma|0 fnt
|faint|p1a: Cavaleiro Fantasma
|
|upkeep
|
|t:|1665694810
|switch|p1a: Pássaro das Trevas|Yveltal|100/100
|-damage|p1a: Pássaro das Trevas|76/100|[from] Stealth Rock
|-ability|p1a: Pássaro das Trevas|Dark Aura
|-end|p2a: Arceus|Dynamax
|-heal|p2a: Arceus|29/100|[silent]
|turn|20
|
|t:|1665694814
|move|p2a: Arceus|Extreme Speed|p1a: Pássaro das Trevas
|-damage|p1a: Pássaro das Trevas|0 fnt
|faint|p1a: Pássaro das Trevas
|
|win|DarkboiJ
|raw|Matsui_Miyako's rating: 1727 &rarr; <strong>1717</strong><br />(-10 for losing)
|raw|DarkboiJ's rating: 1913 &rarr; <strong>1923</strong><br />(+10 for winning)
|l|☆Matsui_Miyako
