|j|☆Zapdeoxys
|j|☆fail55
|t:|1659600087
|gametype|singles
|player|p1|Zapdeoxys|n|1302
|player|p2|fail55|170|1525
|teamsize|p1|6
|teamsize|p2|6
|gen|8
|tier|[Gen 8] National Dex AG
|rated|
|rule|HP Percentage Mod: HP is shown in percentages
|rule|Endless Battle Clause: Forcing endless battles is banned
|clearpoke
|poke|p1|Calyrex-Ice|
|poke|p1|Magearna-Original|
|poke|p1|Hatterene, F|
|poke|p1|Necrozma-Dusk-Mane|
|poke|p1|Marshadow|
|poke|p1|Arceus-*|
|poke|p2|Vivillon, F|
|poke|p2|Butterfree, M|
|poke|p2|Galvantula, F|
|poke|p2|Corviknight, M|
|poke|p2|Scolipede, M|
|poke|p2|Deoxys-Speed|
|teampreview
|
|t:|1659600095
|start
|switch|p1a: Hatterene|Hatterene, F|100/100
|switch|p2a: Galvantula|Galvantula, F|100/100
|turn|1
|
|t:|1659600099
|switch|p2a: Deoxys|Deoxys-Speed|100/100
|-ability|p2a: Deoxys|Pressure
|move|p1a: Hatterene|Trick Room|p1a: Hatterene
|-fieldstart|move: Trick Room|[of] p1a: Hatterene
|
|upkeep
|turn|2
|
|t:|1659600109
|switch|p2a: Corviknight|Corviknight, M|100/100
|-ability|p2a: Corviknight|Pressure
|move|p1a: Hatterene|Mystical Fire|p2a: Corviknight
|-supereffective|p2a: Corviknight
|-damage|p2a: Corviknight|36/100
|-unboost|p2a: Corviknight|spa|1
|
|-heal|p2a: Corviknight|42/100|[from] item: Leftovers
|upkeep
|turn|3
|
|t:|1659600117
|switch|p2a: Deoxys|Deoxys-Speed|100/100
|-ability|p2a: Deoxys|Pressure
|move|p1a: Hatterene|Mystical Fire|p2a: Deoxys
|-crit|p2a: Deoxys
|-damage|p2a: Deoxys|47/100
|-unboost|p2a: Deoxys|spa|1
|
|upkeep
|turn|4
|inactive|Battle timer is ON: inactive players will automatically lose when time's up. (requested by Zapdeoxys)
|
|t:|1659600127
|move|p1a: Hatterene|Mystical Fire|p2a: Deoxys
|-damage|p2a: Deoxys|13/100
|-unboost|p2a: Deoxys|spa|1
|move|p2a: Deoxys|Rock Tomb|p1a: Hatterene
|-damage|p1a: Hatterene|88/100
|-unboost|p1a: Hatterene|spe|1
|
|upkeep
|turn|5
|
|t:|1659600134
|move|p1a: Hatterene|Mystical Fire|p2a: Deoxys
|-damage|p2a: Deoxys|0 fnt
|faint|p2a: Deoxys
|
|-fieldend|move: Trick Room
|upkeep
|
|t:|1659600140
|switch|p2a: Corviknight|Corviknight, M|42/100
|-ability|p2a: Corviknight|Pressure
|turn|6
|
|t:|1659600142
|move|p2a: Corviknight|Iron Head|p1a: Hatterene
|-supereffective|p1a: Hatterene
|-damage|p1a: Hatterene|12/100
|move|p1a: Hatterene|Trick Room|p1a: Hatterene
|-fieldstart|move: Trick Room|[of] p1a: Hatterene
|
|-heal|p2a: Corviknight|48/100|[from] item: Leftovers
|upkeep
|turn|7
|-message|fail55 forfeited.
|
|win|Zapdeoxys
|raw|Zapdeoxys's rating: 1302 &rarr; <strong>1333</strong><br />(+31 for winning)
|raw|fail55's rating: 1525 &rarr; <strong>1494</strong><br />(-31 for losing)
|l|☆fail55
|c|☆Zapdeoxys|？
