|j|☆AGCL3 Swastik
|j|☆ImAbroom
|t:|1609404732
|player|p1|AGCL3 Swastik|riley|
|player|p2|ImAbroom|red|
|teamsize|p1|6
|teamsize|p2|6
|gametype|singles
|gen|8
|tier|[Gen 8] National Dex AG
|rated|Tournament battle
|clearpoke
|poke|p1|Yveltal|
|poke|p1|Calyrex-Shadow|
|poke|p1|Arceus-*|
|poke|p1|Groudon|
|poke|p1|Eternatus|
|poke|p1|Ditto|
|poke|p2|Rayquaza|
|poke|p2|Xerneas|
|poke|p2|Zacian-Crowned|
|poke|p2|Zygarde|
|poke|p2|Groudon|
|poke|p2|Ho-Oh|
|rule|HP Percentage Mod: HP is shown in percentages
|rule|Endless Battle Clause: Forcing endless battles is banned
|teampreview
|j| Mrdarkweep
|c|☆AGCL3 Swastik|hf
|j| Skylink42 sucks
|inactive|Battle timer is ON: inactive players will automatically lose when time's up. (requested by ImAbroom)
|
|t:|1609404743
|start
|switch|p1a: Calyrex|Calyrex-Shadow|100/100
|switch|p2a: Upper Moon 1|Rayquaza|100/100
|-ability|p1a: Calyrex|As One
|-ability|p1a: Calyrex|Unnerve|p2: ImAbroom
|-ability|p2a: Upper Moon 1|Air Lock
|turn|1
|
|t:|1609404748
|switch|p2a: Upper Moon 6|Ho-Oh|100/100
|move|p1a: Calyrex|Astral Barrage|p2a: Upper Moon 6
|-damage|p2a: Upper Moon 6|56/100
|
|upkeep
|turn|2
|j| Alhendasi96
|
|t:|1609404758
|switch|p1a: Groudon|Groudon|100/100
|detailschange|p1a: Groudon|Groudon-Primal
|-primal|p1a: Groudon
|-weather|DesolateLand|[from] ability: Desolate Land|[of] p1a: Groudon
|move|p2a: Upper Moon 6|Sacred Fire|p1a: Groudon
|-resisted|p1a: Groudon
|-damage|p1a: Groudon|85/100
|
|-weather|DesolateLand|[upkeep]
|upkeep
|turn|3
|
|t:|1609404764
|switch|p2a: Upper Moon 4|Zygarde|100/100
|move|p1a: Groudon|Dragon Tail|p2a: Upper Moon 4
|-supereffective|p2a: Upper Moon 4
|-damage|p2a: Upper Moon 4|78/100
|drag|p2a: Upper Moon 2|Xerneas|100/100
|-ability|p2a: Upper Moon 2|Fairy Aura
|
|-weather|DesolateLand|[upkeep]
|upkeep
|turn|4
|
|t:|1609404772
|switch|p2a: Upper Moon 4|Zygarde|78/100
|move|p1a: Groudon|Toxic|p2a: Upper Moon 4
|-status|p2a: Upper Moon 4|tox
|
|-weather|DesolateLand|[upkeep]
|-heal|p2a: Upper Moon 4|84/100 tox|[from] item: Leftovers
|-damage|p2a: Upper Moon 4|78/100 tox|[from] psn
|upkeep
|turn|5
|
|t:|1609404777
|move|p2a: Upper Moon 4|Glare|p1a: Groudon
|-status|p1a: Groudon|par
|cant|p1a: Groudon|par
|
|-weather|DesolateLand|[upkeep]
|-heal|p2a: Upper Moon 4|84/100 tox|[from] item: Leftovers
|-damage|p2a: Upper Moon 4|72/100 tox|[from] psn
|upkeep
|turn|6
|c|☆AGCL3 Swastik|paralysis hax...
|
|t:|1609404790
|move|p2a: Upper Moon 4|Thousand Arrows|p1a: Groudon
|-supereffective|p1a: Groudon
|-damage|p1a: Groudon|53/100 par
|cant|p1a: Groudon|par
|
|-weather|DesolateLand|[upkeep]
|-heal|p2a: Upper Moon 4|78/100 tox|[from] item: Leftovers
|-damage|p2a: Upper Moon 4|59/100 tox|[from] psn
|upkeep
|turn|7
|c|☆AGCL3 Swastik|phew
|c|☆AGCL3 Swastik|argh
|
|t:|1609404798
|move|p2a: Upper Moon 4|Thousand Arrows|p1a: Groudon
|-supereffective|p1a: Groudon
|-damage|p1a: Groudon|22/100 par
|move|p1a: Groudon|Stealth Rock|p2a: Upper Moon 4
|-sidestart|p2: ImAbroom|move: Stealth Rock
|
|-weather|DesolateLand|[upkeep]
|-heal|p2a: Upper Moon 4|66/100 tox|[from] item: Leftovers
|-damage|p2a: Upper Moon 4|41/100 tox|[from] psn
|-activate|p2a: Upper Moon 4|ability: Power Construct
|detailschange|p2a: Upper Moon 4|Zygarde-Complete
|-heal|p2a: Upper Moon 4|61/100 tox|[silent]
|upkeep
|turn|8
|j| Dockiva ✇
|
|t:|1609404807
|switch|p2a: Upper Moon 6|Ho-Oh|89/100
|cant|p1a: Groudon|par
|
|-weather|DesolateLand|[upkeep]
|upkeep
|turn|9
|
|t:|1609404811
|move|p2a: Upper Moon 6|Defog|p1a: Groudon
|-unboost|p1a: Groudon|evasion|1
|-sideend|p2: ImAbroom|Stealth Rock|[from] move: Defog|[of] p2a: Upper Moon 6
|move|p1a: Groudon|Dragon Tail|p2a: Upper Moon 6
|-damage|p2a: Upper Moon 6|74/100
|drag|p2a: Upper Moon 3|Zacian-Crowned|100/100
|-ability|p2a: Upper Moon 3|Intrepid Sword|boost
|-boost|p2a: Upper Moon 3|atk|1
|
|-weather|DesolateLand|[upkeep]
|upkeep
|turn|10
|l| Dockiva ✇
|j| why is rng bad
|j| Dockiva ✇
|
|t:|1609404820
|move|p2a: Upper Moon 3|Close Combat|p1a: Groudon
|-damage|p1a: Groudon|0 fnt
|-unboost|p2a: Upper Moon 3|def|1
|-unboost|p2a: Upper Moon 3|spd|1
|faint|p1a: Groudon
|-weather|none
|
|upkeep
|
|t:|1609404826
|switch|p1a: Calyrex|Calyrex-Shadow|100/100
|-ability|p1a: Calyrex|As One
|-ability|p1a: Calyrex|Unnerve|p2: ImAbroom
|turn|11
|
|t:|1609404829
|switch|p2a: Upper Moon 6|Ho-Oh|100/100
|move|p1a: Calyrex|Nasty Plot|p1a: Calyrex
|-boost|p1a: Calyrex|spa|2
|
|upkeep
|turn|12
|
|t:|1609404839
|-start|p1a: Calyrex|Dynamax
|-heal|p1a: Calyrex|100/100|[silent]
|-start|p2a: Upper Moon 6|Dynamax
|-heal|p2a: Upper Moon 6|100/100|[silent]
|move|p1a: Calyrex|Max Phantasm|p2a: Upper Moon 6
|-damage|p2a: Upper Moon 6|50/100
|-unboost|p2a: Upper Moon 6|def|1
|move|p2a: Upper Moon 6|Max Flare|p1a: Calyrex
|-damage|p1a: Calyrex|64/100
|-weather|SunnyDay
|
|-weather|SunnyDay|[upkeep]
|upkeep
|turn|13
|
|t:|1609404844
|move|p2a: Upper Moon 6|Max Guard|p2a: Upper Moon 6
|-singleturn|p2a: Upper Moon 6|Max Guard
|move|p1a: Calyrex|Max Phantasm|p2a: Upper Moon 6
|-activate|p2a: Upper Moon 6|move: Max Guard
|
|-weather|SunnyDay|[upkeep]
|upkeep
|turn|14
|
|t:|1609404848
|move|p1a: Calyrex|Max Phantasm|p2a: Upper Moon 6
|-crit|p2a: Upper Moon 6
|-damage|p2a: Upper Moon 6|0 fnt
|faint|p2a: Upper Moon 6
|-ability|p1a: Calyrex|Grim Neigh|boost
|-boost|p1a: Calyrex|spa|1
|
|-weather|SunnyDay|[upkeep]
|-end|p1a: Calyrex|Dynamax
|-heal|p1a: Calyrex|64/100|[silent]
|upkeep
|c|☆AGCL3 Swastik|Rip
|c|☆ImAbroom|Hmmm
|c| Mrdarkweep|Sweep
|c|☆AGCL3 Swastik|now its a sweep unless sash something
|c|☆AGCL3 Swastik|argh i goota eat
|inactive|ImAbroom has 120 seconds left.
|c|☆AGCL3 Swastik|*gotta
|c|☆AGCL3 Swastik|do fast :P
|c|☆ImAbroom|Timer stall?
|c| Mrdarkweep|Its a sweep now
|
|t:|1609404898
|switch|p2a: Upper Moon 1|Rayquaza|100/100
|-ability|p2a: Upper Moon 1|Air Lock
|turn|15
|
|t:|1609404902
|detailschange|p2a: Upper Moon 1|Rayquaza-Mega
|-mega|p2a: Upper Moon 1|Rayquaza|
|-weather|DeltaStream|[from] ability: Delta Stream|[of] p2a: Upper Moon 1
|move|p1a: Calyrex|Astral Barrage|p2a: Upper Moon 1
|-enditem|p2a: Upper Moon 1|Focus Sash
|-damage|p2a: Upper Moon 1|1/100
|move|p2a: Upper Moon 1|Dragon Ascent|p1a: Calyrex
|-damage|p1a: Calyrex|0 fnt
|-unboost|p2a: Upper Moon 1|def|1
|-unboost|p2a: Upper Moon 1|spd|1
|faint|p1a: Calyrex
|
|-weather|DeltaStream|[upkeep]
|upkeep
|c| Mrdarkweep|So no point in timer stall
|c|☆AGCL3 Swastik|bye
|c|☆AGCL3 Swastik|gtg
|c| Mrdarkweep|Dude
|c| Mrdarkweep|what
|c|☆AGCL3 Swastik|lol
|-message|AGCL3 Swastik forfeited.
|
|win|ImAbroom
|n|☆AGCL3 Swastik|agcl3swastik
|n|☆ImAbroom|imabroom
|n| Mrdarkweep|mrdarkweep
|n| Skylink42 sucks|skylink42sucks
|n| Alhendasi96|alhendasi96
|n| why is rng bad|whyisrngbad
|n| Dockiva ✇|dockiva
