|j|☆soviet glonk
|j|☆pA Pa pAnDa/k
|t:|1627642807
|gametype|singles
|player|p1|soviet glonk|ghetsis|1652
|player|p2|pA Pa pAnDa/k|unknown|1791
|teamsize|p1|6
|teamsize|p2|6
|gen|8
|tier|[Gen 8] National Dex AG
|rated|
|rule|HP Percentage Mod: HP is shown in percentages
|rule|Endless Battle Clause: Forcing endless battles is banned
|clearpoke
|poke|p1|Smeargle, F|
|poke|p1|Rayquaza|
|poke|p1|Arceus-*|
|poke|p1|Yveltal|
|poke|p1|Necrozma-Dusk-Mane|
|poke|p1|Zekrom|
|poke|p2|Calyrex-Shadow|
|poke|p2|Groudon|
|poke|p2|Rayquaza|
|poke|p2|Zacian-*|
|poke|p2|Ditto|
|poke|p2|Yveltal|
|teampreview
|inactive|Battle timer is ON: inactive players will automatically lose when time's up. (requested by soviet glonk)
|inactive|pA Pa pAnDa/k has 120 seconds left.
|
|t:|1627642867
|start
|switch|p1a: Smeargle|Smeargle, F|100/100
|switch|p2a: depression|Groudon|100/100
|detailschange|p2a: depression|Groudon-Primal
|-primal|p2a: depression
|-weather|DesolateLand|[from] ability: Desolate Land|[of] p2a: depression
|turn|1
|
|t:|1627642878
|move|p2a: depression|Fire Punch|p1a: Smeargle
|-enditem|p1a: Smeargle|Focus Sash
|-damage|p1a: Smeargle|1/100
|move|p1a: Smeargle|Spore|p2a: depression
|-status|p2a: depression|slp|[from] move: Spore
|
|-weather|DesolateLand|[upkeep]
|upkeep
|turn|2
|
|t:|1627642886
|cant|p2a: depression|slp
|move|p1a: Smeargle|Sticky Web|p2a: depression
|-sidestart|p2: pA Pa pAnDa/k|move: Sticky Web
|
|-weather|DesolateLand|[upkeep]
|upkeep
|turn|3
|
|t:|1627642890
|cant|p2a: depression|slp
|move|p1a: Smeargle|Stealth Rock|p2a: depression
|-sidestart|p2: pA Pa pAnDa/k|move: Stealth Rock
|
|-weather|DesolateLand|[upkeep]
|upkeep
|turn|4
|
|t:|1627642896
|-curestatus|p2a: depression|slp|[msg]
|move|p2a: depression|Fire Punch|p1a: Smeargle
|-damage|p1a: Smeargle|0 fnt
|faint|p1a: Smeargle
|
|-weather|DesolateLand|[upkeep]
|upkeep
|inactive|soviet glonk has 120 seconds left.
|
|t:|1627642941
|switch|p1a: Yveltal|Yveltal|100/100
|-ability|p1a: Yveltal|Dark Aura
|turn|5
|
|t:|1627642949
|-start|p1a: Yveltal|Dynamax
|-heal|p1a: Yveltal|100/100|[silent]
|move|p1a: Yveltal|Max Darkness|p2a: depression
|-damage|p2a: depression|0 fnt
|faint|p2a: depression
|-weather|none
|-damage|p1a: Yveltal|96/100|[from] item: Life Orb
|
|upkeep
|
|t:|1627642956
|switch|p2a: batman|Yveltal|100/100
|-damage|p2a: batman|76/100|[from] Stealth Rock
|-ability|p2a: batman|Dark Aura
|turn|6
|inactive|soviet glonk has 120 seconds left.
|
|t:|1627642969
|move|p2a: batman|Defog|p1a: Yveltal
|-unboost|p1a: Yveltal|evasion|1
|-sideend|p2: pA Pa pAnDa/k|Stealth Rock|[from] move: Defog|[of] p2a: batman
|-sideend|p2: pA Pa pAnDa/k|Sticky Web|[from] move: Defog|[of] p2a: batman
|move|p1a: Yveltal|Max Airstream|p2a: batman
|-damage|p2a: batman|0 fnt
|-boost|p1a: Yveltal|spe|1
|faint|p2a: batman
|-damage|p1a: Yveltal|91/100|[from] item: Life Orb
|
|upkeep
|
|t:|1627642976
|switch|p2a: I'm fast|Ditto|100/100
|-transform|p2a: I'm fast|p1a: Yveltal|[from] ability: Imposter
|-ability|p2a: I'm fast|Dark Aura
|turn|7
|
|t:|1627642984
|-start|p2a: I'm fast|Dynamax
|-heal|p2a: I'm fast|100/100|[silent]
|move|p2a: I'm fast|Max Guard|p2a: I'm fast
|-singleturn|p2a: I'm fast|Max Guard
|move|p1a: Yveltal|Max Darkness|p2a: I'm fast
|-activate|p2a: I'm fast|move: Max Guard
|
|-end|p1a: Yveltal|Dynamax
|-heal|p1a: Yveltal|91/100|[silent]
|upkeep
|turn|8
|
|t:|1627642991
|move|p2a: I'm fast|Max Airstream|p1a: Yveltal
|-damage|p1a: Yveltal|16/100
|-boost|p2a: I'm fast|spe|1
|move|p1a: Yveltal|Oblivion Wing|p2a: I'm fast
|-damage|p2a: I'm fast|59/100
|-heal|p1a: Yveltal|63/100|[from] drain|[of] p2a: I'm fast
|-damage|p1a: Yveltal|53/100|[from] item: Life Orb
|
|upkeep
|turn|9
|
|t:|1627643004
|move|p2a: I'm fast|Max Airstream|p1a: Yveltal
|-damage|p1a: Yveltal|0 fnt
|-boost|p2a: I'm fast|spe|1
|faint|p1a: Yveltal
|
|-end|p2a: I'm fast|Dynamax
|-heal|p2a: I'm fast|59/100|[silent]
|upkeep
|
|t:|1627643010
|switch|p1a: Rayquaza|Rayquaza|100/100
|-ability|p1a: Rayquaza|Air Lock
|turn|10
|
|t:|1627643017
|detailschange|p1a: Rayquaza|Rayquaza-Mega
|-mega|p1a: Rayquaza|Rayquaza|
|-weather|DeltaStream|[from] ability: Delta Stream|[of] p1a: Rayquaza
|move|p1a: Rayquaza|Extreme Speed|p2a: I'm fast
|-damage|p2a: I'm fast|0 fnt
|faint|p2a: I'm fast
|-damage|p1a: Rayquaza|91/100|[from] item: Life Orb
|
|-weather|DeltaStream|[upkeep]
|upkeep
|
|t:|1627643031
|switch|p2a: french pok|Calyrex-Shadow|100/100
|-ability|p2a: french pok|As One
|-ability|p2a: french pok|Unnerve
|turn|11
|
|t:|1627643037
|move|p2a: french pok|Astral Barrage|p1a: Rayquaza
|-damage|p1a: Rayquaza|18/100
|move|p1a: Rayquaza|Dragon Ascent|p2a: french pok
|-damage|p2a: french pok|0 fnt
|-unboost|p1a: Rayquaza|def|1
|-unboost|p1a: Rayquaza|spd|1
|faint|p2a: french pok
|-damage|p1a: Rayquaza|8/100|[from] item: Life Orb
|
|-weather|DeltaStream|[upkeep]
|upkeep
|
|t:|1627643046
|switch|p2a: steel-type type|Zacian-Crowned|100/100
|-ability|p2a: steel-type type|Intrepid Sword|boost
|-boost|p2a: steel-type type|atk|1
|turn|12
|
|t:|1627643049
|move|p2a: steel-type type|Behemoth Blade|p1a: Rayquaza
|-damage|p1a: Rayquaza|0 fnt
|faint|p1a: Rayquaza
|-weather|none
|
|upkeep
|
|t:|1627643079
|switch|p1a: Necrozma|Necrozma-Dusk-Mane|100/100
|turn|13
|
|t:|1627643083
|switch|p2a: panda girl|Rayquaza|100/100
|-ability|p2a: panda girl|Air Lock
|move|p1a: Necrozma|Dragon Dance|p1a: Necrozma
|-boost|p1a: Necrozma|atk|1
|-boost|p1a: Necrozma|spe|1
|
|upkeep
|turn|14
|
|t:|1627643089
|detailschange|p2a: panda girl|Rayquaza-Mega
|-mega|p2a: panda girl|Rayquaza|
|-weather|DeltaStream|[from] ability: Delta Stream|[of] p2a: panda girl
|move|p1a: Necrozma|Sunsteel Strike|p2a: panda girl
|-damage|p2a: panda girl|7/100
|move|p2a: panda girl|Dragon Dance|p2a: panda girl
|-boost|p2a: panda girl|atk|1
|-boost|p2a: panda girl|spe|1
|
|-weather|DeltaStream|[upkeep]
|upkeep
|turn|15
|
|t:|1627643093
|move|p2a: panda girl|Earthquake|p1a: Necrozma
|-supereffective|p1a: Necrozma
|-damage|p1a: Necrozma|23/100
|-enditem|p1a: Necrozma|Weakness Policy
|-boost|p1a: Necrozma|atk|2|[from] item: Weakness Policy
|-boost|p1a: Necrozma|spa|2|[from] item: Weakness Policy
|move|p1a: Necrozma|Sunsteel Strike|p2a: panda girl
|-damage|p2a: panda girl|0 fnt
|faint|p2a: panda girl
|-weather|none
|
|upkeep
|
|t:|1627643099
|switch|p2a: steel-type type|Zacian-Crowned|100/100
|-ability|p2a: steel-type type|Intrepid Sword|boost
|-boost|p2a: steel-type type|atk|1
|turn|16
|
|t:|1627643103
|move|p2a: steel-type type|Close Combat|p1a: Necrozma
|-crit|p1a: Necrozma
|-damage|p1a: Necrozma|0 fnt
|-unboost|p2a: steel-type type|def|1
|-unboost|p2a: steel-type type|spd|1
|faint|p1a: Necrozma
|
|upkeep
|
|t:|1627643106
|switch|p1a: Arceus|Arceus-Ground|100/100
|turn|17
|
|t:|1627643110
|move|p2a: steel-type type|Behemoth Blade|p1a: Arceus
|-damage|p1a: Arceus|29/100
|-zpower|p1a: Arceus
|move|p1a: Arceus|Tectonic Rage|p2a: steel-type type|[zeffect]
|-supereffective|p2a: steel-type type
|-damage|p2a: steel-type type|0 fnt
|faint|p2a: steel-type type
|
|win|soviet glonk
|raw|soviet glonk's rating: 1652 &rarr; <strong>1680</strong><br />(+28 for winning)
|raw|pA Pa pAnDa&#x2f;k's rating: 1791 &rarr; <strong>1763</strong><br />(-28 for losing)
|l|☆pA Pa pAnDa/k
