|j|☆R.I.P i'm a boy
|j|☆iHaveAsthma
|t:|1642341977
|gametype|singles
|player|p1|R.I.P i'm a boy|nurseryaide|1698
|player|p2|iHaveAsthma|doctor|1860
|teamsize|p1|6
|teamsize|p2|6
|gen|8
|tier|[Gen 8] National Dex AG
|rated|
|rule|HP Percentage Mod: HP is shown in percentages
|rule|Endless Battle Clause: Forcing endless battles is banned
|clearpoke
|poke|p1|Arceus-*|
|poke|p1|Necrozma-Dusk-Mane|
|poke|p1|Arceus-*|
|poke|p1|Zacian-*|
|poke|p1|Ditto|
|poke|p1|Rayquaza|
|poke|p2|Rayquaza|
|poke|p2|Lugia|
|poke|p2|Calyrex-Shadow|
|poke|p2|Groudon|
|poke|p2|Arceus-*|
|poke|p2|Groudon|
|teampreview
|inactive|Battle timer is ON: inactive players will automatically lose when time's up. (requested by R.I.P i'm a boy)
|
|t:|1642341991
|start
|switch|p1a: fateh pur ka banda|Arceus-Ground|100/100
|switch|p2a: Lugia|Lugia|100/100
|turn|1
|
|t:|1642341997
|move|p1a: fateh pur ka banda|Stealth Rock|p2a: Lugia
|-sidestart|p2: iHaveAsthma|move: Stealth Rock
|move|p2a: Lugia|Roar|p1a: fateh pur ka banda
|drag|p1a: MyNicksAreCringe|Necrozma-Dusk-Mane|100/100
|
|upkeep
|turn|2
|
|t:|1642342003
|move|p2a: Lugia|Thunder Wave|p1a: MyNicksAreCringe
|-status|p1a: MyNicksAreCringe|par
|move|p1a: MyNicksAreCringe|Knock Off|p2a: Lugia
|-supereffective|p2a: Lugia
|-damage|p2a: Lugia|82/100
|-enditem|p2a: Lugia|Heavy-Duty Boots|[from] move: Knock Off|[of] p1a: MyNicksAreCringe
|
|upkeep
|turn|3
|
|t:|1642342011
|move|p2a: Lugia|Defog|p1a: MyNicksAreCringe
|-unboost|p1a: MyNicksAreCringe|evasion|1
|-sideend|p2: iHaveAsthma|Stealth Rock|[from] move: Defog|[of] p2a: Lugia
|move|p1a: MyNicksAreCringe|Thunder Wave|p2a: Lugia
|-status|p2a: Lugia|par
|
|upkeep
|turn|4
|
|t:|1642342020
|switch|p2a: Groudon|Groudon|100/100
|detailschange|p2a: Groudon|Groudon-Primal
|-primal|p2a: Groudon
|-weather|DesolateLand|[from] ability: Desolate Land|[of] p2a: Groudon
|switch|p1a: fateh pur ka banda|Arceus-Ground|100/100
|
|-weather|DesolateLand|[upkeep]
|upkeep
|turn|5
|inactive|iHaveAsthma has 120 seconds left.
|
|t:|1642342060
|move|p1a: fateh pur ka banda|Stealth Rock|p2a: Groudon
|-sidestart|p2: iHaveAsthma|move: Stealth Rock
|move|p2a: Groudon|Toxic|p1a: fateh pur ka banda
|-status|p1a: fateh pur ka banda|tox
|
|-weather|DesolateLand|[upkeep]
|-damage|p1a: fateh pur ka banda|94/100 tox|[from] psn
|upkeep
|turn|6
|
|t:|1642342084
|-weather|none
|switch|p2a: Lugia|Lugia|82/100 par
|-damage|p2a: Lugia|57/100 par|[from] Stealth Rock
|move|p1a: fateh pur ka banda|Judgment|p2a: Lugia
|-immune|p2a: Lugia
|
|-damage|p1a: fateh pur ka banda|82/100 tox|[from] psn
|upkeep
|turn|7
|
|t:|1642342093
|move|p1a: fateh pur ka banda|Ice Beam|p2a: Lugia
|-supereffective|p2a: Lugia
|-damage|p2a: Lugia|28/100 par
|move|p2a: Lugia|Defog|p1a: fateh pur ka banda
|-unboost|p1a: fateh pur ka banda|evasion|1
|-sideend|p2: iHaveAsthma|Stealth Rock|[from] move: Defog|[of] p2a: Lugia
|
|-damage|p1a: fateh pur ka banda|63/100 tox|[from] psn
|upkeep
|turn|8
|
|t:|1642342101
|move|p1a: fateh pur ka banda|Ice Beam|p2a: Lugia
|-supereffective|p2a: Lugia
|-damage|p2a: Lugia|0 fnt
|faint|p2a: Lugia
|
|-damage|p1a: fateh pur ka banda|39/100 tox|[from] psn
|upkeep
|
|t:|1642342107
|switch|p2a: Rayquaza|Rayquaza|100/100
|-ability|p2a: Rayquaza|Air Lock
|turn|9
|
|t:|1642342114
|detailschange|p2a: Rayquaza|Rayquaza-Mega
|-mega|p2a: Rayquaza|Rayquaza|
|-weather|DeltaStream|[from] ability: Delta Stream|[of] p2a: Rayquaza
|move|p1a: fateh pur ka banda|Stealth Rock|p2a: Rayquaza
|-sidestart|p2: iHaveAsthma|move: Stealth Rock
|move|p2a: Rayquaza|Dragon Ascent|p1a: fateh pur ka banda
|-damage|p1a: fateh pur ka banda|0 fnt
|-unboost|p2a: Rayquaza|def|1
|-unboost|p2a: Rayquaza|spd|1
|faint|p1a: fateh pur ka banda
|
|-weather|DeltaStream|[upkeep]
|upkeep
|
|t:|1642342140
|switch|p1a: zac C|Zacian-Crowned|100/100
|-ability|p1a: zac C|Intrepid Sword|boost
|-boost|p1a: zac C|atk|1
|turn|10
|
|t:|1642342144
|move|p1a: zac C|Behemoth Blade|p2a: Rayquaza
|-enditem|p2a: Rayquaza|Focus Sash
|-damage|p2a: Rayquaza|1/100
|move|p2a: Rayquaza|Earthquake|p1a: zac C
|-supereffective|p1a: zac C
|-damage|p1a: zac C|2/100
|
|-weather|DeltaStream|[upkeep]
|upkeep
|turn|11
|
|t:|1642342154
|move|p2a: Rayquaza|Extreme Speed|p1a: zac C
|-resisted|p1a: zac C
|-damage|p1a: zac C|0 fnt
|faint|p1a: zac C
|
|-weather|DeltaStream|[upkeep]
|upkeep
|
|t:|1642342162
|switch|p1a: Arceus|Arceus-Dark|100/100
|turn|12
|
|t:|1642342175
|move|p1a: Arceus|Swords Dance|p1a: Arceus
|-boost|p1a: Arceus|atk|2
|move|p2a: Rayquaza|Dragon Ascent|p1a: Arceus
|-damage|p1a: Arceus|37/100
|-unboost|p2a: Rayquaza|def|1
|-unboost|p2a: Rayquaza|spd|1
|
|-weather|DeltaStream|[upkeep]
|upkeep
|turn|13
|
|t:|1642342182
|move|p1a: Arceus|Extreme Speed|p2a: Rayquaza
|-crit|p2a: Rayquaza
|-damage|p2a: Rayquaza|0 fnt
|faint|p2a: Rayquaza
|-weather|none
|
|upkeep
|
|t:|1642342185
|switch|p2a: Calyrex|Calyrex-Shadow|100/100
|-ability|p2a: Calyrex|As One
|-ability|p2a: Calyrex|Unnerve
|-damage|p2a: Calyrex|88/100|[from] Stealth Rock
|turn|14
|
|t:|1642342195
|-start|p1a: Arceus|Dynamax
|-heal|p1a: Arceus|37/100|[silent]
|move|p2a: Calyrex|Draining Kiss|p1a: Arceus
|-supereffective|p1a: Arceus
|-damage|p1a: Arceus|24/100
|-heal|p2a: Calyrex|100/100|[from] drain|[of] p1a: Arceus
|move|p1a: Arceus|Max Darkness|p2a: Calyrex
|-supereffective|p2a: Calyrex
|-enditem|p2a: Calyrex|Focus Sash
|-damage|p2a: Calyrex|1/100
|-unboost|p2a: Calyrex|spd|1
|
|upkeep
|turn|15
|
|t:|1642342212
|move|p2a: Calyrex|Draining Kiss|p1a: Arceus
|-supereffective|p1a: Arceus
|-damage|p1a: Arceus|11/100
|-heal|p2a: Calyrex|23/100|[from] drain|[of] p1a: Arceus
|move|p1a: Arceus|Max Darkness|p2a: Calyrex
|-supereffective|p2a: Calyrex
|-damage|p2a: Calyrex|0 fnt
|faint|p2a: Calyrex
|
|upkeep
|
|t:|1642342215
|switch|p2a: Groudon|Groudon-Primal|100/100
|-damage|p2a: Groudon|88/100|[from] Stealth Rock
|-weather|DesolateLand|[from] ability: Desolate Land|[of] p2a: Groudon
|turn|16
|
|t:|1642342235
|move|p1a: Arceus|Max Darkness|p2a: Groudon
|-damage|p2a: Groudon|11/100
|-unboost|p2a: Groudon|spd|1
|move|p2a: Groudon|Stealth Rock|p1a: Arceus
|-sidestart|p1: R.I.P i'm a boy|move: Stealth Rock
|
|-weather|DesolateLand|[upkeep]
|-end|p1a: Arceus|Dynamax
|-heal|p1a: Arceus|11/100|[silent]
|upkeep
|turn|17
|
|t:|1642342251
|move|p1a: Arceus|Extreme Speed|p2a: Groudon
|-damage|p2a: Groudon|0 fnt
|faint|p2a: Groudon
|-weather|none
|
|upkeep
|
|t:|1642342256
|switch|p2a: Groudon|Groudon, shiny|100/100
|-damage|p2a: Groudon|94/100|[from] Stealth Rock
|detailschange|p2a: Groudon|Groudon-Primal, shiny
|-primal|p2a: Groudon
|-weather|DesolateLand|[from] ability: Desolate Land|[of] p2a: Groudon
|turn|18
|
|t:|1642342265
|move|p1a: Arceus|Punishment|p2a: Groudon
|-damage|p2a: Groudon|62/100
|move|p2a: Groudon|Rock Polish|p2a: Groudon
|-boost|p2a: Groudon|spe|2
|
|-weather|DesolateLand|[upkeep]
|upkeep
|turn|19
|
|t:|1642342270
|move|p1a: Arceus|Extreme Speed|p2a: Groudon
|-damage|p2a: Groudon|38/100
|move|p2a: Groudon|Fire Punch|p1a: Arceus
|-damage|p1a: Arceus|0 fnt
|faint|p1a: Arceus
|
|-weather|DesolateLand|[upkeep]
|upkeep
|
|t:|1642342277
|switch|p1a: Rayquaza|Rayquaza|100/100
|-damage|p1a: Rayquaza|75/100|[from] Stealth Rock
|-ability|p1a: Rayquaza|Air Lock
|turn|20
|
|t:|1642342283
|detailschange|p1a: Rayquaza|Rayquaza-Mega
|-mega|p1a: Rayquaza|Rayquaza|
|-weather|DeltaStream|[from] ability: Delta Stream|[of] p1a: Rayquaza
|move|p1a: Rayquaza|Waterfall|p2a: Groudon
|-supereffective|p2a: Groudon
|-damage|p2a: Groudon|0 fnt
|faint|p2a: Groudon
|
|-weather|DeltaStream|[upkeep]
|upkeep
|
|t:|1642342287
|switch|p2a: Arceus|Arceus-Flying|100/100
|-damage|p2a: Arceus|76/100|[from] Stealth Rock
|turn|21
|
|t:|1642342294
|-weather|none
|switch|p1a: MyNicksAreCringe|Necrozma-Dusk-Mane|100/100 par
|-damage|p1a: MyNicksAreCringe|94/100 par|[from] Stealth Rock
|-start|p2a: Arceus|Dynamax
|-heal|p2a: Arceus|76/100|[silent]
|move|p2a: Arceus|Max Airstream|p1a: MyNicksAreCringe
|-resisted|p1a: MyNicksAreCringe
|-damage|p1a: MyNicksAreCringe|74/100 par
|-boost|p2a: Arceus|spe|1
|
|upkeep
|turn|22
|
|t:|1642342308
|move|p2a: Arceus|Max Airstream|p1a: MyNicksAreCringe
|-resisted|p1a: MyNicksAreCringe
|-damage|p1a: MyNicksAreCringe|54/100 par
|-boost|p2a: Arceus|spe|1
|move|p1a: MyNicksAreCringe|Thunder Wave|p2a: Arceus
|-status|p2a: Arceus|par
|
|upkeep
|turn|23
|
|t:|1642342316
|cant|p2a: Arceus|par
|move|p1a: MyNicksAreCringe|Moonlight|p1a: MyNicksAreCringe
|-heal|p1a: MyNicksAreCringe|100/100 par
|
|-end|p2a: Arceus|Dynamax
|-heal|p2a: Arceus|76/100 par|[silent]
|upkeep
|turn|24
|
|t:|1642342324
|move|p2a: Arceus|Swords Dance|p2a: Arceus
|-boost|p2a: Arceus|atk|2
|move|p1a: MyNicksAreCringe|Sunsteel Strike|p2a: Arceus
|-damage|p2a: Arceus|40/100 par
|
|upkeep
|turn|25
|
|t:|1642342331
|move|p2a: Arceus|Recover|p2a: Arceus
|-heal|p2a: Arceus|90/100 par
|cant|p1a: MyNicksAreCringe|par
|
|upkeep
|turn|26
|
|t:|1642342336
|move|p2a: Arceus|Earthquake|p1a: MyNicksAreCringe
|-supereffective|p1a: MyNicksAreCringe
|-damage|p1a: MyNicksAreCringe|46/100 par
|move|p1a: MyNicksAreCringe|Sunsteel Strike|p2a: Arceus
|-damage|p2a: Arceus|55/100 par
|
|upkeep
|turn|27
|
|t:|1642342343
|move|p2a: Arceus|Recover|p2a: Arceus
|-heal|p2a: Arceus|100/100 par
|move|p1a: MyNicksAreCringe|Sunsteel Strike|p2a: Arceus
|-damage|p2a: Arceus|67/100 par
|
|upkeep
|turn|28
|
|t:|1642342356
|move|p2a: Arceus|Recover|p2a: Arceus
|-heal|p2a: Arceus|100/100 par
|move|p1a: MyNicksAreCringe|Moonlight|p1a: MyNicksAreCringe
|-heal|p1a: MyNicksAreCringe|96/100 par
|
|upkeep
|turn|29
|
|t:|1642342365
|move|p2a: Arceus|Swords Dance|p2a: Arceus
|-boost|p2a: Arceus|atk|2
|cant|p1a: MyNicksAreCringe|par
|
|upkeep
|turn|30
|
|t:|1642342374
|move|p2a: Arceus|Swords Dance|p2a: Arceus
|-boost|p2a: Arceus|atk|2
|move|p1a: MyNicksAreCringe|Sunsteel Strike|p2a: Arceus
|-damage|p2a: Arceus|61/100 par
|
|upkeep
|turn|31
|
|t:|1642342384
|switch|p1a: Ditto|Ditto|100/100
|-damage|p1a: Ditto|88/100|[from] Stealth Rock
|-transform|p1a: Ditto|p2a: Arceus|[from] ability: Imposter
|move|p2a: Arceus|Recover|p2a: Arceus
|-heal|p2a: Arceus|100/100 par
|
|upkeep
|turn|32
|
|t:|1642342398
|move|p1a: Ditto|Fly||[still]
|-prepare|p1a: Ditto|Fly
|move|p2a: Arceus|Fly||[still]
|-prepare|p2a: Arceus|Fly
|
|upkeep
|turn|33
|
|t:|1642342406
|move|p1a: Ditto|Fly|p2a: Arceus|[from]lockedmove|[miss]
|-miss|p1a: Ditto|p2a: Arceus
|move|p2a: Arceus|Fly|p1a: Ditto|[from]lockedmove
|-damage|p1a: Ditto|0 fnt
|faint|p1a: Ditto
|
|upkeep
|
|t:|1642342417
|switch|p1a: Rayquaza|Rayquaza-Mega|75/100
|-damage|p1a: Rayquaza|50/100|[from] Stealth Rock
|-weather|DeltaStream|[from] ability: Delta Stream|[of] p1a: Rayquaza
|turn|34
|
|t:|1642342423
|move|p1a: Rayquaza|Dragon Ascent|p2a: Arceus
|-damage|p2a: Arceus|43/100 par
|-unboost|p1a: Rayquaza|def|1
|-unboost|p1a: Rayquaza|spd|1
|move|p2a: Arceus|Fly||[still]
|-prepare|p2a: Arceus|Fly
|
|-weather|DeltaStream|[upkeep]
|upkeep
|turn|35
|
|t:|1642342431
|-weather|none
|switch|p1a: MyNicksAreCringe|Necrozma-Dusk-Mane|96/100 par
|-damage|p1a: MyNicksAreCringe|90/100 par|[from] Stealth Rock
|cant|p2a: Arceus|par
|
|upkeep
|turn|36
|
|t:|1642342441
|switch|p1a: Rayquaza|Rayquaza-Mega|50/100
|-damage|p1a: Rayquaza|25/100|[from] Stealth Rock
|-weather|DeltaStream|[from] ability: Delta Stream|[of] p1a: Rayquaza
|move|p2a: Arceus|Recover|p2a: Arceus
|-heal|p2a: Arceus|93/100 par
|
|-weather|DeltaStream|[upkeep]
|upkeep
|turn|37
|
|t:|1642342450
|move|p1a: Rayquaza|Dragon Ascent|p2a: Arceus
|-damage|p2a: Arceus|35/100 par
|-unboost|p1a: Rayquaza|def|1
|-unboost|p1a: Rayquaza|spd|1
|cant|p2a: Arceus|par
|
|-weather|DeltaStream|[upkeep]
|upkeep
|turn|38
|
|t:|1642342457
|move|p1a: Rayquaza|Dragon Ascent|p2a: Arceus
|-damage|p2a: Arceus|0 fnt
|-unboost|p1a: Rayquaza|def|1
|-unboost|p1a: Rayquaza|spd|1
|faint|p2a: Arceus
|
|win|R.I.P i'm a boy
|raw|R.I.P i&apos;m a boy's rating: 1698 &rarr; <strong>1727</strong><br />(+29 for winning)
|raw|iHaveAsthma's rating: 1869 &rarr; <strong>1840</strong><br />(-29 for losing)
|l|☆iHaveAsthma
