|j|☆wafflecone67
|j|☆StarBUCK1234
|t:|1668310846
|gametype|singles
|player|p1|wafflecone67|1|1806
|player|p2|StarBUCK1234|265|1716
|teamsize|p1|6
|teamsize|p2|6
|gen|8
|tier|[Gen 8] National Dex AG
|rated|
|rule|HP Percentage Mod: HP is shown in percentages
|rule|Endless Battle Clause: Forcing endless battles is banned
|clearpoke
|poke|p1|Scolipede, M|
|poke|p1|Smeargle, F|
|poke|p1|Magearna|
|poke|p1|Smeargle, M|
|poke|p1|Espeon, F|
|poke|p1|Mr. Mime, F|
|poke|p2|Rayquaza|
|poke|p2|Kyogre|
|poke|p2|Groudon|
|poke|p2|Palkia|
|poke|p2|Dialga|
|poke|p2|Giratina-Origin|
|teampreview
|
|t:|1668310857
|start
|switch|p1a: Scolipede|Scolipede, M|100/100
|switch|p2a: Groudon|Groudon|100/100
|detailschange|p2a: Groudon|Groudon-Primal
|-primal|p2a: Groudon
|-weather|DesolateLand|[from] ability: Desolate Land|[of] p2a: Groudon
|turn|1
|
|t:|1668310861
|switch|p1a: Espeon|Espeon, F|100/100
|move|p2a: Groudon|Precipice Blades|p1a: Espeon
|-damage|p1a: Espeon|0 fnt
|faint|p1a: Espeon
|
|-weather|DesolateLand|[upkeep]
|upkeep
|
|t:|1668310865
|switch|p1a: Smeargle|Smeargle, F|100/100
|turn|2
|
|t:|1668310867
|move|p1a: Smeargle|Spore|p2a: Groudon
|-status|p2a: Groudon|slp|[from] move: Spore
|cant|p2a: Groudon|slp
|move|p2a: Groudon|Sleep Talk|p2a: Groudon
|move|p2a: Groudon|Rest||[from]move: Sleep Talk|[still]
|-fail|p2a: Groudon
|
|-weather|DesolateLand|[upkeep]
|-ability|p1a: Smeargle|Moody|boost
|-boost|p1a: Smeargle|spe|2
|-unboost|p1a: Smeargle|spd|1
|upkeep
|turn|3
|
|t:|1668310869
|move|p1a: Smeargle|Ingrain|p1a: Smeargle
|-start|p1a: Smeargle|move: Ingrain
|-curestatus|p2a: Groudon|slp|[msg]
|move|p2a: Groudon|Sleep Talk||[still]
|-fail|p2a: Groudon
|
|-weather|DesolateLand|[upkeep]
|-ability|p1a: Smeargle|Moody|boost
|-boost|p1a: Smeargle|atk|2
|-unboost|p1a: Smeargle|spd|1
|upkeep
|turn|4
|
|t:|1668310874
|move|p1a: Smeargle|Spore|p2a: Groudon
|-status|p2a: Groudon|slp|[from] move: Spore
|cant|p2a: Groudon|slp
|
|-weather|DesolateLand|[upkeep]
|-ability|p1a: Smeargle|Moody|boost
|-boost|p1a: Smeargle|def|2
|-unboost|p1a: Smeargle|spd|1
|upkeep
|turn|5
|inactive|Battle timer is ON: inactive players will automatically lose when time's up. (requested by StarBUCK1234)
|
|t:|1668310879
|move|p1a: Smeargle|Baton Pass|p1a: Smeargle
|
|t:|1668310881
|switch|p1a: Scolipede|Scolipede, M|100/100|[from]move: Baton Pass
|-curestatus|p2a: Groudon|slp|[msg]
|move|p2a: Groudon|Sleep Talk||[still]
|-fail|p2a: Groudon
|
|-weather|DesolateLand|[upkeep]
|upkeep
|turn|6
|
|t:|1668310887
|move|p1a: Scolipede|Substitute|p1a: Scolipede
|-start|p1a: Scolipede|Substitute
|-damage|p1a: Scolipede|76/100
|move|p2a: Groudon|Heat Crash|p1a: Scolipede
|-supereffective|p1a: Scolipede
|-end|p1a: Scolipede|Substitute
|
|-weather|DesolateLand|[upkeep]
|-heal|p1a: Scolipede|82/100|[from] Ingrain
|-ability|p1a: Scolipede|Speed Boost|boost
|-boost|p1a: Scolipede|spe|1
|upkeep
|turn|7
|
|t:|1668310891
|move|p1a: Scolipede|Protect|p1a: Scolipede
|-singleturn|p1a: Scolipede|Protect
|move|p2a: Groudon|Heat Crash|p1a: Scolipede
|-activate|p1a: Scolipede|move: Protect
|
|-weather|DesolateLand|[upkeep]
|-heal|p1a: Scolipede|88/100|[from] Ingrain
|-ability|p1a: Scolipede|Speed Boost|boost
|-boost|p1a: Scolipede|spe|1
|upkeep
|turn|8
|
|t:|1668310896
|move|p1a: Scolipede|Substitute|p1a: Scolipede
|-start|p1a: Scolipede|Substitute
|-damage|p1a: Scolipede|63/100
|move|p2a: Groudon|Heat Crash|p1a: Scolipede
|-supereffective|p1a: Scolipede
|-end|p1a: Scolipede|Substitute
|
|-weather|DesolateLand|[upkeep]
|-heal|p1a: Scolipede|69/100|[from] Ingrain
|-ability|p1a: Scolipede|Speed Boost|boost
|-boost|p1a: Scolipede|spe|1
|upkeep
|turn|9
|
|t:|1668310898
|move|p1a: Scolipede|Protect|p1a: Scolipede
|-singleturn|p1a: Scolipede|Protect
|move|p2a: Groudon|Heat Crash|p1a: Scolipede
|-activate|p1a: Scolipede|move: Protect
|
|-weather|DesolateLand|[upkeep]
|-heal|p1a: Scolipede|75/100|[from] Ingrain
|-ability|p1a: Scolipede|Speed Boost|boost
|-boost|p1a: Scolipede|spe|1
|upkeep
|turn|10
|
|t:|1668310901
|move|p1a: Scolipede|Substitute|p1a: Scolipede
|-start|p1a: Scolipede|Substitute
|-damage|p1a: Scolipede|50/100
|move|p2a: Groudon|Heat Crash|p1a: Scolipede
|-supereffective|p1a: Scolipede
|-end|p1a: Scolipede|Substitute
|
|-weather|DesolateLand|[upkeep]
|-heal|p1a: Scolipede|56/100|[from] Ingrain
|upkeep
|turn|11
|
|t:|1668310903
|move|p1a: Scolipede|Protect|p1a: Scolipede
|-singleturn|p1a: Scolipede|Protect
|move|p2a: Groudon|Heat Crash|p1a: Scolipede
|-activate|p1a: Scolipede|move: Protect
|
|-weather|DesolateLand|[upkeep]
|-heal|p1a: Scolipede|62/100|[from] Ingrain
|upkeep
|turn|12
|
|t:|1668310905
|move|p1a: Scolipede|Substitute|p1a: Scolipede
|-start|p1a: Scolipede|Substitute
|-damage|p1a: Scolipede|37/100
|move|p2a: Groudon|Heat Crash|p1a: Scolipede
|-supereffective|p1a: Scolipede
|-end|p1a: Scolipede|Substitute
|
|-weather|DesolateLand|[upkeep]
|-heal|p1a: Scolipede|43/100|[from] Ingrain
|upkeep
|turn|13
|
|t:|1668310908
|move|p1a: Scolipede|Protect|p1a: Scolipede
|-singleturn|p1a: Scolipede|Protect
|move|p2a: Groudon|Precipice Blades|p1a: Scolipede
|-activate|p1a: Scolipede|move: Protect
|
|-weather|DesolateLand|[upkeep]
|-heal|p1a: Scolipede|49/100|[from] Ingrain
|upkeep
|turn|14
|
|t:|1668310910
|move|p1a: Scolipede|Substitute|p1a: Scolipede
|-start|p1a: Scolipede|Substitute
|-damage|p1a: Scolipede|24/100
|move|p2a: Groudon|Heat Crash|p1a: Scolipede
|-supereffective|p1a: Scolipede
|-end|p1a: Scolipede|Substitute
|
|-weather|DesolateLand|[upkeep]
|-heal|p1a: Scolipede|30/100|[from] Ingrain
|upkeep
|turn|15
|
|t:|1668310912
|move|p1a: Scolipede|Substitute|p1a: Scolipede
|-start|p1a: Scolipede|Substitute
|-damage|p1a: Scolipede|5/100
|move|p2a: Groudon|Precipice Blades|p1a: Scolipede
|-end|p1a: Scolipede|Substitute
|
|-weather|DesolateLand|[upkeep]
|-heal|p1a: Scolipede|12/100|[from] Ingrain
|upkeep
|turn|16
|
|t:|1668310916
|move|p1a: Scolipede|Baton Pass|p1a: Scolipede
|
|t:|1668310919
|switch|p1a: Smeargle|Smeargle, F|100/100|[from]move: Baton Pass
|move|p2a: Groudon|Heat Crash|p1a: Smeargle
|-damage|p1a: Smeargle|3/100
|
|-weather|DesolateLand|[upkeep]
|-heal|p1a: Smeargle|9/100|[from] Ingrain
|-ability|p1a: Smeargle|Moody|boost
|-boost|p1a: Smeargle|spa|2
|-unboost|p1a: Smeargle|def|1
|upkeep
|turn|17
|
|t:|1668310924
|move|p1a: Smeargle|Spore|p2a: Groudon
|-status|p2a: Groudon|slp|[from] move: Spore
|cant|p2a: Groudon|slp
|move|p2a: Groudon|Sleep Talk|p2a: Groudon
|move|p2a: Groudon|Rest||[from]move: Sleep Talk|[still]
|-fail|p2a: Groudon
|
|-weather|DesolateLand|[upkeep]
|-heal|p1a: Smeargle|15/100|[from] Ingrain
|-ability|p1a: Smeargle|Moody|boost
|-boost|p1a: Smeargle|spd|2
|-unboost|p1a: Smeargle|def|1
|upkeep
|turn|18
|
|t:|1668310926
|move|p1a: Smeargle|Baton Pass|p1a: Smeargle
|
|t:|1668310927
|switch|p1a: Smeargle|Smeargle, M|100/100|[from]move: Baton Pass
|cant|p2a: Groudon|slp
|move|p2a: Groudon|Sleep Talk|p2a: Groudon
|move|p2a: Groudon|Rest||[from]move: Sleep Talk|[still]
|-fail|p2a: Groudon
|
|-weather|DesolateLand|[upkeep]
|-ability|p1a: Smeargle|Moody|boost
|-boost|p1a: Smeargle|def|2
|-unboost|p1a: Smeargle|spd|1
|upkeep
|turn|19
|
|t:|1668310931
|move|p1a: Smeargle|Substitute|p1a: Smeargle
|-start|p1a: Smeargle|Substitute
|-damage|p1a: Smeargle|76/100
|cant|p2a: Groudon|slp
|
|-weather|DesolateLand|[upkeep]
|-heal|p1a: Smeargle|82/100|[from] Ingrain
|-ability|p1a: Smeargle|Moody|boost
|-boost|p1a: Smeargle|atk|2
|-unboost|p1a: Smeargle|def|1
|upkeep
|turn|20
|
|t:|1668310934
|move|p1a: Smeargle|Spiky Shield|p1a: Smeargle
|-singleturn|p1a: Smeargle|move: Protect
|-curestatus|p2a: Groudon|slp|[msg]
|move|p2a: Groudon|Heat Crash|p1a: Smeargle
|-activate|p1a: Smeargle|move: Protect
|-damage|p2a: Groudon|88/100|[from] Spiky Shield|[of] p1a: Smeargle
|
|-weather|DesolateLand|[upkeep]
|-heal|p1a: Smeargle|88/100|[from] Ingrain
|-ability|p1a: Smeargle|Moody|boost
|-boost|p1a: Smeargle|atk|2
|-unboost|p1a: Smeargle|spd|1
|upkeep
|turn|21
|
|t:|1668310936
|move|p1a: Smeargle|Spore|p2a: Groudon
|-status|p2a: Groudon|slp|[from] move: Spore
|cant|p2a: Groudon|slp
|
|-weather|DesolateLand|[upkeep]
|-heal|p1a: Smeargle|94/100|[from] Ingrain
|-ability|p1a: Smeargle|Moody|boost
|-boost|p1a: Smeargle|spa|2
|-unboost|p1a: Smeargle|atk|1
|upkeep
|turn|22
|
|t:|1668310938
|move|p1a: Smeargle|Substitute|p1a: Smeargle
|-fail|p1a: Smeargle|move: Substitute
|cant|p2a: Groudon|slp
|move|p2a: Groudon|Sleep Talk|p2a: Groudon
|move|p2a: Groudon|Precipice Blades|p1a: Smeargle|[from]move: Sleep Talk
|-end|p1a: Smeargle|Substitute
|
|-weather|DesolateLand|[upkeep]
|-heal|p1a: Smeargle|99/100|[from] Ingrain
|-ability|p1a: Smeargle|Moody|boost
|-boost|p1a: Smeargle|spa|2
|-unboost|p1a: Smeargle|def|1
|upkeep
|turn|23
|
|t:|1668310940
|-weather|none
|switch|p2a: Palkia|Palkia|100/100
|-ability|p2a: Palkia|Pressure
|move|p1a: Smeargle|Substitute|p1a: Smeargle
|-start|p1a: Smeargle|Substitute
|-damage|p1a: Smeargle|75/100
|
|-heal|p1a: Smeargle|81/100|[from] Ingrain
|-ability|p1a: Smeargle|Moody|boost
|-boost|p1a: Smeargle|spd|2
|-unboost|p1a: Smeargle|spa|1
|upkeep
|turn|24
|
|t:|1668310943
|move|p1a: Smeargle|Spore|p2a: Palkia
|-status|p2a: Palkia|slp|[from] move: Spore
|cant|p2a: Palkia|slp
|move|p2a: Palkia|Sleep Talk|p2a: Palkia
|move|p2a: Palkia|Fire Blast|p1a: Smeargle|[from]move: Sleep Talk
|-end|p1a: Smeargle|Substitute
|
|-heal|p1a: Smeargle|87/100|[from] Ingrain
|-ability|p1a: Smeargle|Moody|boost
|-boost|p1a: Smeargle|spa|1
|-unboost|p1a: Smeargle|atk|1
|upkeep
|turn|25
|
|t:|1668310946
|move|p1a: Smeargle|Spiky Shield|p1a: Smeargle
|-singleturn|p1a: Smeargle|move: Protect
|cant|p2a: Palkia|slp
|move|p2a: Palkia|Sleep Talk|p2a: Palkia
|move|p2a: Palkia|Spacial Rend|p1a: Smeargle|[from]move: Sleep Talk
|-activate|p1a: Smeargle|move: Protect
|
|-heal|p1a: Smeargle|93/100|[from] Ingrain
|-ability|p1a: Smeargle|Moody|boost
|-boost|p1a: Smeargle|atk|2
|-unboost|p1a: Smeargle|spd|1
|upkeep
|turn|26
|
|t:|1668310949
|move|p1a: Smeargle|Substitute|p1a: Smeargle
|-start|p1a: Smeargle|Substitute
|-damage|p1a: Smeargle|68/100
|cant|p2a: Palkia|slp
|
|-heal|p1a: Smeargle|74/100|[from] Ingrain
|-ability|p1a: Smeargle|Moody|boost
|-boost|p1a: Smeargle|def|2
|-unboost|p1a: Smeargle|spd|1
|upkeep
|turn|27
|
|t:|1668310953
|move|p1a: Smeargle|Spiky Shield|p1a: Smeargle
|-singleturn|p1a: Smeargle|move: Protect
|-curestatus|p2a: Palkia|slp|[msg]
|move|p2a: Palkia|Sleep Talk||[still]
|-fail|p2a: Palkia
|
|-heal|p1a: Smeargle|80/100|[from] Ingrain
|-ability|p1a: Smeargle|Moody|boost
|-boost|p1a: Smeargle|def|2
|-unboost|p1a: Smeargle|spe|1
|upkeep
|turn|28
|
|t:|1668310956
|move|p1a: Smeargle|Spore|p2a: Palkia
|-status|p2a: Palkia|slp|[from] move: Spore
|cant|p2a: Palkia|slp
|
|-heal|p1a: Smeargle|86/100|[from] Ingrain
|-ability|p1a: Smeargle|Moody|boost
|-boost|p1a: Smeargle|spe|1
|-unboost|p1a: Smeargle|def|1
|upkeep
|turn|29
|
|t:|1668310959
|move|p1a: Smeargle|Spiky Shield|p1a: Smeargle
|-singleturn|p1a: Smeargle|move: Protect
|cant|p2a: Palkia|slp
|move|p2a: Palkia|Sleep Talk|p2a: Palkia
|move|p2a: Palkia|Fire Blast|p1a: Smeargle|[from]move: Sleep Talk
|-activate|p1a: Smeargle|move: Protect
|
|-heal|p1a: Smeargle|92/100|[from] Ingrain
|-ability|p1a: Smeargle|Moody|boost
|-boost|p1a: Smeargle|def|2
|-unboost|p1a: Smeargle|spd|1
|upkeep
|turn|30
|
|t:|1668310963
|move|p1a: Smeargle|Substitute|p1a: Smeargle
|-fail|p1a: Smeargle|move: Substitute
|-curestatus|p2a: Palkia|slp|[msg]
|move|p2a: Palkia|Sleep Talk||[still]
|-fail|p2a: Palkia
|
|-heal|p1a: Smeargle|98/100|[from] Ingrain
|-ability|p1a: Smeargle|Moody|boost
|-boost|p1a: Smeargle|def|1
|-unboost|p1a: Smeargle|spe|1
|upkeep
|turn|31
|
|t:|1668310966
|move|p1a: Smeargle|Spore|p2a: Palkia
|-status|p2a: Palkia|slp|[from] move: Spore
|cant|p2a: Palkia|slp
|move|p2a: Palkia|Sleep Talk|p2a: Palkia
|move|p2a: Palkia|Hydro Pump|p1a: Smeargle|[from]move: Sleep Talk
|-end|p1a: Smeargle|Substitute
|
|-heal|p1a: Smeargle|100/100|[from] Ingrain
|-ability|p1a: Smeargle|Moody|boost
|-boost|p1a: Smeargle|spe|1
|-unboost|p1a: Smeargle|def|1
|upkeep
|turn|32
|
|t:|1668310970
|move|p1a: Smeargle|Substitute|p1a: Smeargle
|-start|p1a: Smeargle|Substitute
|-damage|p1a: Smeargle|76/100
|-curestatus|p2a: Palkia|slp|[msg]
|move|p2a: Palkia|Sleep Talk||[still]
|-fail|p2a: Palkia
|
|-heal|p1a: Smeargle|82/100|[from] Ingrain
|-ability|p1a: Smeargle|Moody|boost
|-boost|p1a: Smeargle|def|1
|-unboost|p1a: Smeargle|spa|1
|upkeep
|turn|33
|
|t:|1668310973
|move|p1a: Smeargle|Spiky Shield|p1a: Smeargle
|-singleturn|p1a: Smeargle|move: Protect
|move|p2a: Palkia|Spacial Rend|p1a: Smeargle
|-activate|p1a: Smeargle|move: Protect
|
|-heal|p1a: Smeargle|88/100|[from] Ingrain
|-ability|p1a: Smeargle|Moody|boost
|-boost|p1a: Smeargle|spd|2
|-unboost|p1a: Smeargle|def|1
|upkeep
|turn|34
|
|t:|1668310975
|move|p1a: Smeargle|Spore|p2a: Palkia
|-status|p2a: Palkia|slp|[from] move: Spore
|cant|p2a: Palkia|slp
|
|-heal|p1a: Smeargle|94/100|[from] Ingrain
|-ability|p1a: Smeargle|Moody|boost
|-boost|p1a: Smeargle|def|1
|-unboost|p1a: Smeargle|spd|1
|upkeep
|turn|35
|
|t:|1668310980
|move|p1a: Smeargle|Spiky Shield|p1a: Smeargle
|-singleturn|p1a: Smeargle|move: Protect
|cant|p2a: Palkia|slp
|move|p2a: Palkia|Sleep Talk|p2a: Palkia
|move|p2a: Palkia|Fire Blast|p1a: Smeargle|[from]move: Sleep Talk
|-activate|p1a: Smeargle|move: Protect
|
|-heal|p1a: Smeargle|99/100|[from] Ingrain
|-ability|p1a: Smeargle|Moody|boost
|-boost|p1a: Smeargle|spa|1
|-unboost|p1a: Smeargle|spd|1
|upkeep
|turn|36
|j| UnoHablar89
|
|t:|1668310985
|move|p1a: Smeargle|Spiky Shield||[still]
|-fail|p1a: Smeargle
|-curestatus|p2a: Palkia|slp|[msg]
|move|p2a: Palkia|Sleep Talk||[still]
|-fail|p2a: Palkia
|
|-heal|p1a: Smeargle|100/100|[from] Ingrain
|-ability|p1a: Smeargle|Moody|boost
|-boost|p1a: Smeargle|spd|2
|-unboost|p1a: Smeargle|def|1
|upkeep
|turn|37
|
|t:|1668310988
|switch|p2a: Kyogre|Kyogre|100/100
|detailschange|p2a: Kyogre|Kyogre-Primal
|-primal|p2a: Kyogre
|-weather|PrimordialSea|[from] ability: Primordial Sea|[of] p2a: Kyogre
|move|p1a: Smeargle|Spore|p2a: Kyogre
|-status|p2a: Kyogre|slp|[from] move: Spore
|
|-weather|PrimordialSea|[upkeep]
|-ability|p1a: Smeargle|Moody|boost
|-boost|p1a: Smeargle|spd|2
|-unboost|p1a: Smeargle|spa|1
|upkeep
|turn|38
|
|t:|1668310992
|move|p1a: Smeargle|Spiky Shield|p1a: Smeargle
|-singleturn|p1a: Smeargle|move: Protect
|cant|p2a: Kyogre|slp
|move|p2a: Kyogre|Sleep Talk|p2a: Kyogre
|move|p2a: Kyogre|Rest||[from]move: Sleep Talk|[still]
|-fail|p2a: Kyogre
|
|-weather|PrimordialSea|[upkeep]
|-ability|p1a: Smeargle|Moody|boost
|-boost|p1a: Smeargle|spd|2
|-unboost|p1a: Smeargle|def|1
|upkeep
|turn|39
|
|t:|1668310998
|move|p1a: Smeargle|Baton Pass|p1a: Smeargle
|
|t:|1668310999
|switch|p1a: labrys|Magearna|100/100|[from]move: Baton Pass
|cant|p2a: Kyogre|slp
|move|p2a: Kyogre|Sleep Talk|p2a: Kyogre
|move|p2a: Kyogre|Scald|p1a: labrys|[from]move: Sleep Talk
|-end|p1a: labrys|Substitute
|
|-weather|PrimordialSea|[upkeep]
|upkeep
|turn|40
|
|t:|1668311005
|move|p1a: labrys|Substitute|p1a: labrys
|-start|p1a: labrys|Substitute
|-damage|p1a: labrys|76/100
|-curestatus|p2a: Kyogre|slp|[msg]
|move|p2a: Kyogre|Scald|p1a: labrys
|-end|p1a: labrys|Substitute
|
|-weather|PrimordialSea|[upkeep]
|-heal|p1a: labrys|82/100|[from] Ingrain
|upkeep
|turn|41
|
|t:|1668311014
|move|p1a: labrys|Stored Power|p2a: Kyogre
|-damage|p2a: Kyogre|0 fnt
|faint|p2a: Kyogre
|-ability|p1a: labrys|Soul-Heart|boost
|-boost|p1a: labrys|spa|1
|-weather|none
|
|-heal|p1a: labrys|88/100|[from] Ingrain
|upkeep
|
|t:|1668311023
|switch|p2a: Groudon|Groudon-Primal|88/100 slp
|-weather|DesolateLand|[from] ability: Desolate Land|[of] p2a: Groudon
|turn|42
|
|t:|1668311026
|move|p1a: labrys|Substitute|p1a: labrys
|-start|p1a: labrys|Substitute
|-damage|p1a: labrys|63/100
|-curestatus|p2a: Groudon|slp|[msg]
|move|p2a: Groudon|Heat Crash|p1a: labrys
|-supereffective|p1a: labrys
|-end|p1a: labrys|Substitute
|
|-weather|DesolateLand|[upkeep]
|-heal|p1a: labrys|69/100|[from] Ingrain
|upkeep
|turn|43
|
|t:|1668311032
|move|p1a: labrys|Stored Power|p2a: Groudon
|-damage|p2a: Groudon|0 fnt
|faint|p2a: Groudon
|-weather|none
|
|-heal|p1a: labrys|75/100|[from] Ingrain
|upkeep
|
|t:|1668311034
|switch|p2a: Dialga|Dialga|100/100
|-ability|p2a: Dialga|Pressure
|turn|44
|
|t:|1668311041
|-start|p2a: Dialga|Dynamax|
|-heal|p2a: Dialga|100/100|[silent]
|move|p1a: labrys|Substitute|p1a: labrys
|-start|p1a: labrys|Substitute
|-damage|p1a: labrys|50/100
|move|p2a: Dialga|Max Steelspike|p1a: labrys
|-end|p1a: labrys|Substitute
|-boost|p2a: Dialga|def|1
|
|-heal|p1a: labrys|56/100|[from] Ingrain
|upkeep
|turn|45
|
|t:|1668311048
|move|p1a: labrys|Stored Power|p2a: Dialga
|-resisted|p2a: Dialga
|-damage|p2a: Dialga|0 fnt
|faint|p2a: Dialga
|
|-heal|p1a: labrys|62/100|[from] Ingrain
|upkeep
|-message|StarBUCK1234 forfeited.
|
|win|wafflecone67
|raw|wafflecone67's rating: 1806 &rarr; <strong>1821</strong><br />(+15 for winning)
|raw|StarBUCK1234's rating: 1716 &rarr; <strong>1701</strong><br />(-15 for losing)
|l|☆StarBUCK1234
||Ladder isn't responding, score probably updated but might not have (Request timeout).
