|j|☆GolemWentBoom
|j|☆MiguelRRM
|t:|1660258796
|gametype|singles
|player|p1|GolemWentBoom|170|1763
|player|p2|MiguelRRM|169|1802
|teamsize|p1|6
|teamsize|p2|6
|gen|8
|tier|[Gen 8] National Dex AG
|rated|
|rule|HP Percentage Mod: HP is shown in percentages
|rule|Endless Battle Clause: Forcing endless battles is banned
|clearpoke
|poke|p1|Golem, F|
|poke|p1|Xerneas-*|
|poke|p1|Kyogre|
|poke|p1|Kyurem-White|
|poke|p1|Arceus-*|
|poke|p1|Necrozma-Dusk-Mane|
|poke|p2|Yveltal|
|poke|p2|Groudon|
|poke|p2|Rayquaza|
|poke|p2|Necrozma-Dusk-Mane|
|poke|p2|Calyrex-Shadow|
|poke|p2|Smeargle, M|
|teampreview
|inactive|Battle timer is ON: inactive players will automatically lose when time's up. (requested by GolemWentBoom)
|
|t:|1660258804
|start
|switch|p1a: Necrozma|Necrozma-Dusk-Mane|100/100
|switch|p2a: Smeargle|Smeargle, M|100/100
|turn|1
|
|t:|1660258808
|detailschange|p1a: Necrozma|Necrozma-Ultra
|-burst|p1a: Necrozma|Necrozma|Ultranecrozium Z
|move|p1a: Necrozma|Rock Blast|p2a: Smeargle
|-damage|p2a: Smeargle|77/100
|-damage|p2a: Smeargle|53/100
|-hitcount|p2a: Smeargle|2
|move|p2a: Smeargle|Shell Smash|p2a: Smeargle
|-unboost|p2a: Smeargle|def|1
|-unboost|p2a: Smeargle|spd|1
|-boost|p2a: Smeargle|atk|2
|-boost|p2a: Smeargle|spa|2
|-boost|p2a: Smeargle|spe|2
|
|-ability|p2a: Smeargle|Moody|boost
|-boost|p2a: Smeargle|def|2
|-unboost|p2a: Smeargle|spa|1
|upkeep
|turn|2
|
|t:|1660258817
|move|p2a: Smeargle|Encore|p1a: Necrozma
|-start|p1a: Necrozma|Encore
|move|p1a: Necrozma|Rock Blast|p2a: Smeargle
|-damage|p2a: Smeargle|38/100
|-damage|p2a: Smeargle|23/100
|-hitcount|p2a: Smeargle|2
|
|-ability|p2a: Smeargle|Moody|boost
|-boost|p2a: Smeargle|spe|2
|-unboost|p2a: Smeargle|spd|1
|upkeep
|turn|3
|
|t:|1660258821
|move|p2a: Smeargle|Baton Pass|p2a: Smeargle
|
|t:|1660258835
|switch|p2a: Yveltal|Yveltal|100/100|[from]move: Baton Pass
|-ability|p2a: Yveltal|Dark Aura
|move|p1a: Necrozma|Rock Blast|p2a: Yveltal|[miss]
|-miss|p1a: Necrozma|p2a: Yveltal
|
|upkeep
|turn|4
|
|t:|1660258845
|move|p2a: Yveltal|Dark Pulse|p1a: Necrozma
|-supereffective|p1a: Necrozma
|-damage|p1a: Necrozma|0 fnt
|faint|p1a: Necrozma
|
|upkeep
|
|t:|1660258848
|switch|p1a: Xerneas|Xerneas|100/100
|-ability|p1a: Xerneas|Fairy Aura
|turn|5
|
|t:|1660258853
|switch|p2a: Necrozma|Necrozma-Dusk-Mane|100/100
|move|p1a: Xerneas|Moonblast|p2a: Necrozma
|-resisted|p2a: Necrozma
|-damage|p2a: Necrozma|75/100
|
|upkeep
|turn|6
|
|t:|1660258857
|switch|p1a: Kyogre|Kyogre|100/100
|detailschange|p1a: Kyogre|Kyogre-Primal
|-primal|p1a: Kyogre
|-weather|PrimordialSea|[from] ability: Primordial Sea|[of] p1a: Kyogre
|move|p2a: Necrozma|Thunder Wave|p1a: Kyogre
|-status|p1a: Kyogre|par
|
|-weather|PrimordialSea|[upkeep]
|upkeep
|turn|7
|
|t:|1660258862
|switch|p2a: Groudon|Groudon|100/100
|detailschange|p2a: Groudon|Groudon-Primal
|-primal|p2a: Groudon
|-weather|DesolateLand|[from] ability: Desolate Land|[of] p2a: Groudon
|move|p1a: Kyogre|Water Spout||[still]
|-fail|p1a: Kyogre|Water Spout|[from] Desolate Land
|
|-weather|DesolateLand|[upkeep]
|upkeep
|turn|8
|
|t:|1660258865
|move|p2a: Groudon|Stealth Rock|p1a: Kyogre
|-sidestart|p1: GolemWentBoom|move: Stealth Rock
|move|p1a: Kyogre|Ice Beam|p2a: Groudon
|-damage|p2a: Groudon|60/100
|
|-weather|DesolateLand|[upkeep]
|upkeep
|turn|9
|
|t:|1660258867
|move|p2a: Groudon|Rock Tomb|p1a: Kyogre
|-damage|p1a: Kyogre|75/100 par
|-unboost|p1a: Kyogre|spe|1
|move|p1a: Kyogre|Ice Beam|p2a: Groudon
|-damage|p2a: Groudon|21/100
|
|-weather|DesolateLand|[upkeep]
|upkeep
|turn|10
|
|t:|1660258886
|move|p2a: Groudon|Rock Tomb|p1a: Kyogre|[miss]
|-miss|p2a: Groudon|p1a: Kyogre
|move|p1a: Kyogre|Ice Beam|p2a: Groudon
|-damage|p2a: Groudon|0 fnt
|faint|p2a: Groudon
|-weather|none
|
|upkeep
|
|t:|1660258889
|switch|p2a: Calyrex|Calyrex-Shadow|100/100
|-ability|p2a: Calyrex|As One
|-ability|p2a: Calyrex|Unnerve
|turn|11
|
|t:|1660258891
|switch|p1a: Arceus|Arceus|100/100
|-damage|p1a: Arceus|88/100|[from] Stealth Rock
|move|p2a: Calyrex|Leech Seed|p1a: Arceus
|-start|p1a: Arceus|move: Leech Seed
|
|-damage|p1a: Arceus|76/100|[from] Leech Seed|[of] p2a: Calyrex
|upkeep
|turn|12
|
|t:|1660258895
|switch|p1a: Golem|Golem, F|100/100
|move|p2a: Calyrex|Baton Pass|p2a: Calyrex
|
|t:|1660258898
|switch|p2a: Smeargle|Smeargle, M|23/100|[from]move: Baton Pass
|
|-ability|p2a: Smeargle|Moody|boost
|-boost|p2a: Smeargle|def|2
|-unboost|p2a: Smeargle|spa|1
|upkeep
|turn|13
|
|t:|1660258901
|move|p2a: Smeargle|Shell Smash|p2a: Smeargle
|-unboost|p2a: Smeargle|def|1
|-unboost|p2a: Smeargle|spd|1
|-boost|p2a: Smeargle|atk|2
|-boost|p2a: Smeargle|spa|2
|-boost|p2a: Smeargle|spe|2
|move|p1a: Golem|Earthquake|p2a: Smeargle
|-damage|p2a: Smeargle|0 fnt
|faint|p2a: Smeargle
|
|upkeep
|
|t:|1660258905
|switch|p2a: Yveltal|Yveltal|100/100
|-ability|p2a: Yveltal|Dark Aura
|turn|14
|
|t:|1660258924
|move|p2a: Yveltal|Dark Pulse|p1a: Golem
|-damage|p1a: Golem|5/100
|move|p1a: Golem|Stealth Rock|p2a: Yveltal
|-sidestart|p2: MiguelRRM|move: Stealth Rock
|
|upkeep
|turn|15
|
|t:|1660258927
|move|p2a: Yveltal|Sucker Punch|p1a: Golem
|-damage|p1a: Golem|0 fnt
|faint|p1a: Golem
|
|upkeep
|
|t:|1660258943
|switch|p1a: Kyurem|Kyurem-White|100/100
|-damage|p1a: Kyurem|76/100|[from] Stealth Rock
|-ability|p1a: Kyurem|Turboblaze
|turn|16
|
|t:|1660258947
|-start|p1a: Kyurem|Dynamax|
|-heal|p1a: Kyurem|76/100|[silent]
|-start|p2a: Yveltal|Dynamax|
|-heal|p2a: Yveltal|100/100|[silent]
|move|p2a: Yveltal|Max Airstream|p1a: Kyurem
|-damage|p1a: Kyurem|46/100
|-boost|p2a: Yveltal|spe|1
|move|p1a: Kyurem|Max Hailstorm|p2a: Yveltal
|-supereffective|p2a: Yveltal
|-damage|p2a: Yveltal|52/100
|-weather|Hail
|
|-weather|Hail|[upkeep]
|-damage|p2a: Yveltal|49/100|[from] Hail
|upkeep
|turn|17
|
|t:|1660258958
|move|p2a: Yveltal|Max Darkness|p1a: Kyurem
|-damage|p1a: Kyurem|8/100
|-unboost|p1a: Kyurem|spd|1
|move|p1a: Kyurem|Max Hailstorm|p2a: Yveltal
|-supereffective|p2a: Yveltal
|-damage|p2a: Yveltal|5/100
|
|-weather|Hail|[upkeep]
|-damage|p2a: Yveltal|2/100|[from] Hail
|upkeep
|turn|18
|
|t:|1660258965
|move|p2a: Yveltal|Max Ooze|p1a: Kyurem
|-damage|p1a: Kyurem|0 fnt
|-boost|p2a: Yveltal|spa|1
|faint|p1a: Kyurem
|
|-weather|Hail|[upkeep]
|-damage|p2a: Yveltal|0 fnt|[from] Hail
|faint|p2a: Yveltal
|upkeep
|
|t:|1660258973
|switch|p2a: Necrozma|Necrozma-Dusk-Mane|75/100
|switch|p1a: Kyogre|Kyogre-Primal|75/100 par
|-damage|p2a: Necrozma|69/100|[from] Stealth Rock
|-damage|p1a: Kyogre|63/100 par|[from] Stealth Rock
|-weather|PrimordialSea|[from] ability: Primordial Sea|[of] p1a: Kyogre
|turn|19
|
|t:|1660258979
|switch|p2a: Rayquaza|Rayquaza|100/100
|-damage|p2a: Rayquaza|76/100|[from] Stealth Rock
|-ability|p2a: Rayquaza|Air Lock
|move|p1a: Kyogre|Ice Beam|p2a: Rayquaza
|-supereffective|p2a: Rayquaza
|-damage|p2a: Rayquaza|0 fnt
|faint|p2a: Rayquaza
|
|-weather|PrimordialSea|[upkeep]
|upkeep
|
|t:|1660258983
|switch|p2a: Calyrex|Calyrex-Shadow|100/100
|-ability|p2a: Calyrex|As One
|-ability|p2a: Calyrex|Unnerve
|-damage|p2a: Calyrex|88/100|[from] Stealth Rock
|turn|20
|
|t:|1660258987
|-weather|none
|switch|p1a: Arceus|Arceus|76/100
|-damage|p1a: Arceus|63/100|[from] Stealth Rock
|move|p2a: Calyrex|Leech Seed|p1a: Arceus|[miss]
|-miss|p2a: Calyrex|p1a: Arceus
|
|-heal|p2a: Calyrex|94/100|[from] item: Leftovers
|upkeep
|turn|21
|
|t:|1660258989
|move|p2a: Calyrex|Leech Seed|p1a: Arceus
|-start|p1a: Arceus|move: Leech Seed
|move|p1a: Arceus|Snarl|p2a: Calyrex
|-supereffective|p2a: Calyrex
|-damage|p2a: Calyrex|40/100
|-unboost|p2a: Calyrex|spa|1
|
|-heal|p2a: Calyrex|46/100|[from] item: Leftovers
|-damage|p1a: Arceus|51/100|[from] Leech Seed|[of] p2a: Calyrex
|-heal|p2a: Calyrex|60/100|[silent]
|upkeep
|turn|22
|
|t:|1660258994
|switch|p1a: Kyogre|Kyogre-Primal|63/100 par
|-damage|p1a: Kyogre|50/100 par|[from] Stealth Rock
|-weather|PrimordialSea|[from] ability: Primordial Sea|[of] p1a: Kyogre
|move|p2a: Calyrex|Baton Pass|p2a: Calyrex
|
|t:|1660258996
|switch|p2a: Necrozma|Necrozma-Dusk-Mane|69/100|[from]move: Baton Pass
|-damage|p2a: Necrozma|63/100|[from] Stealth Rock
|
|-weather|PrimordialSea|[upkeep]
|upkeep
|turn|23
|
|t:|1660258999
|move|p2a: Necrozma|Morning Sun|p2a: Necrozma
|-heal|p2a: Necrozma|88/100
|move|p1a: Kyogre|Origin Pulse|p2a: Necrozma
|-damage|p2a: Necrozma|6/100
|
|-weather|PrimordialSea|[upkeep]
|upkeep
|turn|24
|
|t:|1660259015
|move|p2a: Necrozma|Morning Sun|p2a: Necrozma
|-heal|p2a: Necrozma|30/100
|move|p1a: Kyogre|Origin Pulse|p2a: Necrozma
|-damage|p2a: Necrozma|0 fnt
|faint|p2a: Necrozma
|
|-weather|PrimordialSea|[upkeep]
|upkeep
|
|t:|1660259019
|switch|p2a: Calyrex|Calyrex-Shadow|60/100
|-ability|p2a: Calyrex|As One
|-ability|p2a: Calyrex|Unnerve
|-damage|p2a: Calyrex|47/100|[from] Stealth Rock
|turn|25
|-message|MiguelRRM forfeited.
|
|win|GolemWentBoom
|raw|GolemWentBoom's rating: 1763 &rarr; <strong>1785</strong><br />(+22 for winning)
|raw|MiguelRRM's rating: 1802 &rarr; <strong>1780</strong><br />(-22 for losing)
|l|☆MiguelRRM
