|j|☆funky8787
|j|☆iopkj09
|t:|1665152124
|gametype|singles
|player|p1|funky8787|blackbelt-gen4dp|1613
|player|p2|iopkj09|nate|1799
|teamsize|p1|6
|teamsize|p2|6
|gen|8
|tier|[Gen 8] National Dex AG
|rated|
|rule|HP Percentage Mod: HP is shown in percentages
|rule|Endless Battle Clause: Forcing endless battles is banned
|clearpoke
|poke|p1|Groudon|
|poke|p1|Arceus-*|
|poke|p1|Calyrex-Shadow|
|poke|p1|Yveltal|
|poke|p1|Arceus-*|
|poke|p1|Arceus-*|
|poke|p2|Yveltal|
|poke|p2|Xerneas-*|
|poke|p2|Rayquaza|
|poke|p2|Arceus-*|
|poke|p2|Melmetal|
|poke|p2|Ditto|
|teampreview
|inactive|Battle timer is ON: inactive players will automatically lose when time's up. (requested by iopkj09)
|
|t:|1665152139
|start
|switch|p1a: Calyrex|Calyrex-Shadow|100/100
|switch|p2a: Yveltal|Yveltal, shiny|100/100
|-ability|p1a: Calyrex|As One
|-ability|p1a: Calyrex|Unnerve
|-ability|p2a: Yveltal|Dark Aura
|turn|1
|
|t:|1665152143
|switch|p1a: Arceus|Arceus-Fairy|100/100
|-start|p2a: Yveltal|Dynamax|
|-heal|p2a: Yveltal|100/100|[silent]
|move|p2a: Yveltal|Max Airstream|p1a: Arceus
|-crit|p1a: Arceus
|-damage|p1a: Arceus|29/100
|-boost|p2a: Yveltal|spe|1
|
|upkeep
|turn|2
|c|☆funky8787|that crit <.<
|
|t:|1665152154
|-start|p1a: Arceus|Dynamax|
|-heal|p1a: Arceus|29/100|[silent]
|move|p2a: Yveltal|Max Airstream|p1a: Arceus
|-damage|p1a: Arceus|6/100
|-boost|p2a: Yveltal|spe|1
|move|p1a: Arceus|Max Starfall|p2a: Yveltal
|-supereffective|p2a: Yveltal
|-damage|p2a: Yveltal|52/100
|-fieldstart|move: Misty Terrain
|
|upkeep
|turn|3
|
|t:|1665152157
|move|p2a: Yveltal|Max Airstream|p1a: Arceus
|-damage|p1a: Arceus|0 fnt
|-boost|p2a: Yveltal|spe|1
|faint|p1a: Arceus
|
|upkeep
|
|t:|1665152163
|switch|p1a: Groudon|Groudon|100/100
|detailschange|p1a: Groudon|Groudon-Primal
|-primal|p1a: Groudon
|-weather|DesolateLand|[from] ability: Desolate Land|[of] p1a: Groudon
|-end|p2a: Yveltal|Dynamax
|-heal|p2a: Yveltal|52/100|[silent]
|turn|4
|
|t:|1665152165
|move|p2a: Yveltal|Dark Pulse|p1a: Groudon
|-damage|p1a: Groudon|50/100
|cant|p1a: Groudon|flinch
|
|-weather|DesolateLand|[upkeep]
|upkeep
|turn|5
|c|☆funky8787|ok
|
|t:|1665152175
|move|p2a: Yveltal|Dark Pulse|p1a: Groudon
|-damage|p1a: Groudon|0 fnt
|faint|p1a: Groudon
|-weather|none
|
|upkeep
|
|t:|1665152181
|switch|p1a: Arceus|Arceus-Ground|100/100
|turn|6
|
|t:|1665152183
|move|p2a: Yveltal|Oblivion Wing|p1a: Arceus
|-damage|p1a: Arceus|68/100
|-heal|p2a: Yveltal|80/100|[from] drain|[of] p1a: Arceus
|move|p1a: Arceus|Ice Beam|p2a: Yveltal
|-supereffective|p2a: Yveltal
|-damage|p2a: Yveltal|51/100
|
|-fieldend|Misty Terrain
|upkeep
|turn|7
|
|t:|1665152196
|switch|p1a: Yveltal|Yveltal|100/100
|-ability|p1a: Yveltal|Dark Aura
|move|p2a: Yveltal|Oblivion Wing|p1a: Yveltal
|-damage|p1a: Yveltal|73/100
|-heal|p2a: Yveltal|75/100|[from] drain|[of] p1a: Yveltal
|
|upkeep
|turn|8
|
|t:|1665152198
|move|p2a: Yveltal|Oblivion Wing|p1a: Yveltal
|-damage|p1a: Yveltal|44/100
|-heal|p2a: Yveltal|100/100|[from] drain|[of] p1a: Yveltal
|move|p1a: Yveltal|Knock Off|p2a: Yveltal
|-resisted|p2a: Yveltal
|-damage|p2a: Yveltal|77/100
|-enditem|p2a: Yveltal|Assault Vest|[from] move: Knock Off|[of] p1a: Yveltal
|
|upkeep
|turn|9
|
|t:|1665152201
|move|p2a: Yveltal|Oblivion Wing|p1a: Yveltal
|-damage|p1a: Yveltal|17/100
|-heal|p2a: Yveltal|99/100|[from] drain|[of] p1a: Yveltal
|move|p1a: Yveltal|Roost|p1a: Yveltal
|-heal|p1a: Yveltal|67/100
|-singleturn|p1a: Yveltal|move: Roost
|
|upkeep
|turn|10
|
|t:|1665152210
|switch|p2a: Arceus|Arceus|100/100
|move|p1a: Yveltal|Roost|p1a: Yveltal
|-heal|p1a: Yveltal|100/100
|-singleturn|p1a: Yveltal|move: Roost
|
|upkeep
|turn|11
|
|t:|1665152214
|move|p2a: Arceus|Swords Dance|p2a: Arceus
|-boost|p2a: Arceus|atk|2
|move|p1a: Yveltal|Knock Off|p2a: Arceus
|-damage|p2a: Arceus|64/100
|-enditem|p2a: Arceus|Chople Berry|[from] move: Knock Off|[of] p1a: Yveltal
|
|upkeep
|turn|12
|
|t:|1665152223
|switch|p1a: Calyrex|Calyrex-Shadow|100/100
|-ability|p1a: Calyrex|As One
|-ability|p1a: Calyrex|Unnerve
|move|p2a: Arceus|Extreme Speed|p1a: Calyrex
|-immune|p1a: Calyrex
|
|upkeep
|turn|13
|
|t:|1665152230
|switch|p1a: Arceus|Arceus|100/100
|move|p2a: Arceus|Shadow Claw|p1a: Arceus
|-immune|p1a: Arceus
|
|upkeep
|turn|14
|
|t:|1665152236
|move|p2a: Arceus|Extreme Speed|p1a: Arceus
|-damage|p1a: Arceus|48/100
|move|p1a: Arceus|Swords Dance|p1a: Arceus
|-boost|p1a: Arceus|atk|2
|
|upkeep
|turn|15
|
|t:|1665152239
|move|p1a: Arceus|Extreme Speed|p2a: Arceus
|-damage|p2a: Arceus|0 fnt
|faint|p2a: Arceus
|-damage|p1a: Arceus|38/100|[from] item: Life Orb
|
|upkeep
|
|t:|1665152242
|switch|p2a: Ditto|Ditto, shiny|100/100
|-transform|p2a: Ditto|p1a: Arceus|[from] ability: Imposter
|turn|16
|
|t:|1665152247
|switch|p2a: Yveltal|Yveltal, shiny|99/100
|-ability|p2a: Yveltal|Dark Aura
|move|p1a: Arceus|Extreme Speed|p2a: Yveltal
|-damage|p2a: Yveltal|0 fnt
|faint|p2a: Yveltal
|-damage|p1a: Arceus|28/100|[from] item: Life Orb
|
|upkeep
|
|t:|1665152251
|switch|p2a: Rayquaza|Rayquaza|100/100
|-ability|p2a: Rayquaza|Air Lock
|turn|17
|
|t:|1665152254
|detailschange|p2a: Rayquaza|Rayquaza-Mega
|-mega|p2a: Rayquaza|Rayquaza|
|-weather|DeltaStream|[from] ability: Delta Stream|[of] p2a: Rayquaza
|move|p1a: Arceus|Extreme Speed|p2a: Rayquaza
|-enditem|p2a: Rayquaza|Focus Sash
|-damage|p2a: Rayquaza|1/100
|-damage|p1a: Arceus|18/100|[from] item: Life Orb
|move|p2a: Rayquaza|Dragon Dance|p2a: Rayquaza
|-boost|p2a: Rayquaza|atk|1
|-boost|p2a: Rayquaza|spe|1
|
|-weather|DeltaStream|[upkeep]
|upkeep
|turn|18
|
|t:|1665152256
|move|p2a: Rayquaza|Extreme Speed|p1a: Arceus
|-damage|p1a: Arceus|0 fnt
|faint|p1a: Arceus
|
|-weather|DeltaStream|[upkeep]
|upkeep
|
|t:|1665152259
|switch|p1a: Yveltal|Yveltal|100/100
|-ability|p1a: Yveltal|Dark Aura
|turn|19
|
|t:|1665152262
|move|p2a: Rayquaza|Dragon Ascent|p1a: Yveltal
|-damage|p1a: Yveltal|14/100
|-unboost|p2a: Rayquaza|def|1
|-unboost|p2a: Rayquaza|spd|1
|move|p1a: Yveltal|Knock Off|p2a: Rayquaza
|-damage|p2a: Rayquaza|0 fnt
|faint|p2a: Rayquaza
|-weather|none
|
|upkeep
|
|t:|1665152266
|switch|p2a: Ditto|Ditto, shiny|100/100
|-transform|p2a: Ditto|p1a: Yveltal|[from] ability: Imposter
|-ability|p2a: Ditto|Dark Aura
|turn|20
|
|t:|1665152271
|switch|p1a: Arceus|Arceus-Ground|68/100
|move|p2a: Ditto|Knock Off|p1a: Arceus
|-crit|p1a: Arceus
|-damage|p1a: Arceus|39/100
|
|upkeep
|turn|21
|
|t:|1665152275
|switch|p2a: Melmetal|Melmetal, shiny|100/100
|move|p1a: Arceus|Recover|p1a: Arceus
|-heal|p1a: Arceus|89/100
|
|upkeep
|turn|22
|
|t:|1665152277
|move|p1a: Arceus|Judgment|p2a: Melmetal
|-supereffective|p2a: Melmetal
|-damage|p2a: Melmetal|38/100
|move|p2a: Melmetal|Double Iron Bash|p1a: Arceus
|-damage|p1a: Arceus|66/100
|-damage|p1a: Arceus|46/100
|-hitcount|p1a: Arceus|2
|
|upkeep
|turn|23
|
|t:|1665152280
|move|p1a: Arceus|Judgment|p2a: Melmetal
|-supereffective|p2a: Melmetal
|-damage|p2a: Melmetal|0 fnt
|faint|p2a: Melmetal
|
|upkeep
|
|t:|1665152282
|switch|p2a: Xerneas|Xerneas, shiny|100/100
|-ability|p2a: Xerneas|Fairy Aura
|turn|24
|
|t:|1665152293
|switch|p1a: Calyrex|Calyrex-Shadow|100/100
|-ability|p1a: Calyrex|As One
|-ability|p1a: Calyrex|Unnerve
|move|p2a: Xerneas|Geomancy||[still]
|-prepare|p2a: Xerneas|Geomancy
|-enditem|p2a: Xerneas|Power Herb
|-anim|p2a: Xerneas|Geomancy|p2a: Xerneas
|-boost|p2a: Xerneas|spa|2
|-boost|p2a: Xerneas|spd|2
|-boost|p2a: Xerneas|spe|2
|
|upkeep
|turn|25
|
|t:|1665152296
|move|p2a: Xerneas|Draining Kiss|p1a: Calyrex
|-damage|p1a: Calyrex|25/100
|move|p1a: Calyrex|Astral Barrage|p2a: Xerneas
|-damage|p2a: Xerneas|49/100
|
|upkeep
|turn|26
|
|t:|1665152300
|move|p2a: Xerneas|Draining Kiss|p1a: Calyrex
|-damage|p1a: Calyrex|0 fnt
|-heal|p2a: Xerneas|65/100|[from] drain|[of] p1a: Calyrex
|faint|p1a: Calyrex
|
|upkeep
|
|t:|1665152303
|switch|p1a: Yveltal|Yveltal|14/100
|-ability|p1a: Yveltal|Dark Aura
|turn|27
|
|t:|1665152305
|move|p1a: Yveltal|Sucker Punch|p2a: Xerneas
|-resisted|p2a: Xerneas
|-damage|p2a: Xerneas|47/100
|move|p2a: Xerneas|Draining Kiss|p1a: Yveltal
|-supereffective|p1a: Yveltal
|-damage|p1a: Yveltal|0 fnt
|-heal|p2a: Xerneas|58/100|[from] drain|[of] p1a: Yveltal
|faint|p1a: Yveltal
|
|upkeep
|
|t:|1665152308
|switch|p1a: Arceus|Arceus-Ground|46/100
|turn|28
|
|t:|1665152309
|move|p2a: Xerneas|Draining Kiss|p1a: Arceus
|-damage|p1a: Arceus|0 fnt
|-heal|p2a: Xerneas|97/100|[from] drain|[of] p1a: Arceus
|faint|p1a: Arceus
|
|win|iopkj09
|raw|funky8787's rating: 1613 &rarr; <strong>1603</strong><br />(-10 for losing)
|raw|iopkj09's rating: 1799 &rarr; <strong>1809</strong><br />(+10 for winning)
