|j|☆Emorawr79
|j|☆Lord Tonii Chan
|t:|1654658377
|gametype|singles
|player|p1|Emorawr79|ghetsis|1804
|player|p2|Lord Tonii Chan|juan|1823
|teamsize|p1|6
|teamsize|p2|6
|gen|8
|tier|[Gen 8] National Dex AG
|rated|
|rule|HP Percentage Mod: HP is shown in percentages
|rule|Endless Battle Clause: Forcing endless battles is banned
|clearpoke
|poke|p1|Calyrex-Shadow|
|poke|p1|Smeargle, F|
|poke|p1|Ditto|
|poke|p1|Zygarde|
|poke|p1|Yveltal|
|poke|p1|Ho-Oh|
|poke|p2|Yveltal|
|poke|p2|Tyranitar, M|
|poke|p2|Quagsire, M|
|poke|p2|Rayquaza|
|poke|p2|Ho-Oh|
|poke|p2|Ferrothorn, M|
|teampreview
|
|t:|1654658412
|start
|switch|p1a: Yveltal|Yveltal|100/100
|switch|p2a: Desu Desu|Rayquaza|100/100
|-ability|p2a: Desu Desu|Air Lock
|-ability|p1a: Yveltal|Dark Aura
|turn|1
|
|t:|1654658418
|switch|p2a: Terry|Tyranitar, M|100/100
|-weather|Sandstorm|[from] ability: Sand Stream|[of] p2a: Terry
|move|p1a: Yveltal|Oblivion Wing|p2a: Terry
|-resisted|p2a: Terry
|-damage|p2a: Terry|90/100
|-damage|p1a: Yveltal|91/100|[from] item: Life Orb
|
|-weather|Sandstorm|[upkeep]
|-damage|p1a: Yveltal|85/100|[from] Sandstorm
|-heal|p2a: Terry|96/100|[from] item: Leftovers
|upkeep
|turn|2
|
|t:|1654658423
|move|p1a: Yveltal|Taunt|p2a: Terry
|-start|p2a: Terry|move: Taunt
|cant|p2a: Terry|move: Taunt|Stealth Rock
|
|-weather|Sandstorm|[upkeep]
|-damage|p1a: Yveltal|78/100|[from] Sandstorm
|-heal|p2a: Terry|100/100|[from] item: Leftovers
|upkeep
|turn|3
|
|t:|1654658427
|switch|p1a: Zygarde|Zygarde|100/100
|move|p2a: Terry|Rock Tomb|p1a: Zygarde
|-resisted|p1a: Zygarde
|-damage|p1a: Zygarde|94/100
|-unboost|p1a: Zygarde|spe|1
|
|-weather|Sandstorm|[upkeep]
|-heal|p1a: Zygarde|99/100|[from] item: Leftovers
|upkeep
|turn|4
|
|t:|1654658429
|switch|p2a: Bloop|Ferrothorn, M|100/100
|move|p1a: Zygarde|Glare|p2a: Bloop
|-status|p2a: Bloop|par
|
|-weather|Sandstorm|[upkeep]
|-heal|p1a: Zygarde|100/100|[from] item: Leftovers
|upkeep
|turn|5
|
|t:|1654658433
|switch|p1a: Smeargle|Smeargle, F|100/100
|move|p2a: Bloop|Leech Seed|p1a: Smeargle
|-start|p1a: Smeargle|move: Leech Seed
|
|-weather|none
|-damage|p1a: Smeargle|88/100|[from] Leech Seed|[of] p2a: Bloop
|-ability|p1a: Smeargle|Moody|boost
|-boost|p1a: Smeargle|def|2
|-unboost|p1a: Smeargle|spa|1
|upkeep
|turn|6
|
|t:|1654658437
|move|p1a: Smeargle|Stealth Rock|p2a: Bloop
|-sidestart|p2: Lord Tonii Chan|move: Stealth Rock
|cant|p2a: Bloop|par
|
|-damage|p1a: Smeargle|76/100|[from] Leech Seed|[of] p2a: Bloop
|-ability|p1a: Smeargle|Moody|boost
|-boost|p1a: Smeargle|spd|2
|-unboost|p1a: Smeargle|def|1
|upkeep
|turn|7
|
|t:|1654658442
|switch|p1a: Ho-Oh|Ho-Oh|100/100
|cant|p2a: Bloop|par
|
|upkeep
|turn|8
|
|t:|1654658447
|switch|p2a: Terry|Tyranitar, M|100/100
|-damage|p2a: Terry|88/100|[from] Stealth Rock
|-weather|Sandstorm|[from] ability: Sand Stream|[of] p2a: Terry
|move|p1a: Ho-Oh|Whirlwind|p2a: Terry
|drag|p2a: Oh-No|Ho-Oh|100/100
|
|-weather|Sandstorm|[upkeep]
|-damage|p1a: Ho-Oh|94/100|[from] Sandstorm
|-damage|p2a: Oh-No|94/100|[from] Sandstorm
|upkeep
|turn|9
|
|t:|1654658453
|move|p2a: Oh-No|Defog|p1a: Ho-Oh
|-unboost|p1a: Ho-Oh|evasion|1
|-sideend|p2: Lord Tonii Chan|Stealth Rock|[from] move: Defog|[of] p2a: Oh-No
|move|p1a: Ho-Oh|Toxic|p2a: Oh-No|[miss]
|-miss|p1a: Ho-Oh|p2a: Oh-No
|
|-weather|Sandstorm|[upkeep]
|-damage|p2a: Oh-No|88/100|[from] Sandstorm
|-damage|p1a: Ho-Oh|88/100|[from] Sandstorm
|upkeep
|turn|10
|
|t:|1654658456
|switch|p2a: Terry|Tyranitar, M|88/100
|move|p1a: Ho-Oh|Whirlwind|p2a: Terry
|drag|p2a: Mandy|Yveltal|100/100
|-ability|p2a: Mandy|Dark Aura
|
|-weather|Sandstorm|[upkeep]
|-damage|p2a: Mandy|94/100|[from] Sandstorm
|-damage|p1a: Ho-Oh|82/100|[from] Sandstorm
|upkeep
|turn|11
|
|t:|1654658465
|move|p2a: Mandy|Taunt|p1a: Ho-Oh
|-start|p1a: Ho-Oh|move: Taunt
|cant|p1a: Ho-Oh|move: Taunt|Toxic
|
|-weather|Sandstorm|[upkeep]
|-damage|p2a: Mandy|88/100|[from] Sandstorm
|-damage|p1a: Ho-Oh|75/100|[from] Sandstorm
|upkeep
|turn|12
|
|t:|1654658467
|move|p2a: Mandy|Dark Pulse|p1a: Ho-Oh
|-damage|p1a: Ho-Oh|40/100
|-damage|p2a: Mandy|78/100|[from] item: Life Orb
|move|p1a: Ho-Oh|Sacred Fire|p2a: Mandy
|-damage|p2a: Mandy|42/100
|-status|p2a: Mandy|brn
|
|-weather|none
|-damage|p2a: Mandy|36/100 brn|[from] brn
|upkeep
|turn|13
|
|t:|1654658476
|switch|p1a: Smeargle|Smeargle, F|76/100
|-start|p2a: Mandy|Dynamax|
|-heal|p2a: Mandy|36/100 brn|[silent]
|move|p2a: Mandy|Max Airstream|p1a: Smeargle
|-damage|p1a: Smeargle|0 fnt
|-boost|p2a: Mandy|spe|1
|faint|p1a: Smeargle
|-damage|p2a: Mandy|31/100 brn|[from] item: Life Orb
|
|-damage|p2a: Mandy|28/100 brn|[from] brn
|upkeep
|
|t:|1654658481
|switch|p1a: Ho-Oh|Ho-Oh|73/100
|turn|14
|
|t:|1654658484
|move|p2a: Mandy|Max Darkness|p1a: Ho-Oh
|-damage|p1a: Ho-Oh|12/100
|-unboost|p1a: Ho-Oh|spd|1
|-damage|p2a: Mandy|23/100 brn|[from] item: Life Orb
|move|p1a: Ho-Oh|Sacred Fire|p2a: Mandy
|-damage|p2a: Mandy|5/100 brn
|
|-damage|p2a: Mandy|2/100 brn|[from] brn
|upkeep
|turn|15
|
|t:|1654658489
|move|p2a: Mandy|Max Airstream|p1a: Ho-Oh
|-damage|p1a: Ho-Oh|0 fnt
|-boost|p2a: Mandy|spe|1
|faint|p1a: Ho-Oh
|-damage|p2a: Mandy|0 fnt|[from] item: Life Orb
|faint|p2a: Mandy
|
|upkeep
|
|t:|1654658499
|switch|p2a: Bloop|Ferrothorn, M|100/100 par
|switch|p1a: Zygarde|Zygarde|100/100
|turn|16
|
|t:|1654658505
|move|p1a: Zygarde|Substitute|p1a: Zygarde
|-start|p1a: Zygarde|Substitute
|-damage|p1a: Zygarde|75/100
|cant|p2a: Bloop|par
|
|-heal|p1a: Zygarde|82/100|[from] item: Leftovers
|upkeep
|turn|17
|
|t:|1654658511
|switch|p2a: Quagy|Quagsire, M|100/100
|move|p1a: Zygarde|Coil|p1a: Zygarde
|-boost|p1a: Zygarde|atk|1
|-boost|p1a: Zygarde|def|1
|-boost|p1a: Zygarde|accuracy|1
|
|-heal|p1a: Zygarde|88/100|[from] item: Leftovers
|upkeep
|turn|18
|
|t:|1654658513
|move|p1a: Zygarde|Glare|p2a: Quagy
|-status|p2a: Quagy|par
|cant|p2a: Quagy|par
|
|-heal|p1a: Zygarde|94/100|[from] item: Leftovers
|upkeep
|turn|19
|
|t:|1654658515
|move|p1a: Zygarde|Thousand Arrows|p2a: Quagy
|-damage|p2a: Quagy|79/100 par
|move|p2a: Quagy|Earthquake|p1a: Zygarde
|-activate|p1a: Zygarde|move: Substitute|[damage]
|
|-heal|p1a: Zygarde|99/100|[from] item: Leftovers
|-heal|p2a: Quagy|85/100 par|[from] item: Leftovers
|upkeep
|turn|20
|
|t:|1654658519
|switch|p1a: Yveltal|Yveltal|78/100
|-ability|p1a: Yveltal|Dark Aura
|move|p2a: Quagy|Earthquake|p1a: Yveltal
|-immune|p1a: Yveltal
|
|-heal|p2a: Quagy|91/100 par|[from] item: Leftovers
|upkeep
|turn|21
|
|t:|1654658521
|switch|p2a: Terry|Tyranitar, M|88/100
|-weather|Sandstorm|[from] ability: Sand Stream|[of] p2a: Terry
|move|p1a: Yveltal|Taunt|p2a: Terry
|-start|p2a: Terry|move: Taunt
|
|-weather|Sandstorm|[upkeep]
|-damage|p1a: Yveltal|72/100|[from] Sandstorm
|-heal|p2a: Terry|94/100|[from] item: Leftovers
|upkeep
|turn|22
|
|t:|1654658526
|move|p1a: Yveltal|Oblivion Wing|p2a: Terry
|-resisted|p2a: Terry
|-damage|p2a: Terry|84/100
|-heal|p1a: Yveltal|80/100|[from] drain|[of] p2a: Terry
|-damage|p1a: Yveltal|71/100|[from] item: Life Orb
|move|p2a: Terry|Rock Tomb|p1a: Yveltal
|-supereffective|p1a: Yveltal
|-damage|p1a: Yveltal|25/100
|-unboost|p1a: Yveltal|spe|1
|
|-weather|Sandstorm|[upkeep]
|-damage|p1a: Yveltal|19/100|[from] Sandstorm
|-heal|p2a: Terry|90/100|[from] item: Leftovers
|upkeep
|turn|23
|
|t:|1654658529
|move|p1a: Yveltal|Oblivion Wing|p2a: Terry
|-resisted|p2a: Terry
|-damage|p2a: Terry|79/100
|-heal|p1a: Yveltal|27/100|[from] drain|[of] p2a: Terry
|-damage|p1a: Yveltal|17/100|[from] item: Life Orb
|move|p2a: Terry|Rock Tomb|p1a: Yveltal
|-supereffective|p1a: Yveltal
|-damage|p1a: Yveltal|0 fnt
|faint|p1a: Yveltal
|
|-weather|Sandstorm|[upkeep]
|-heal|p2a: Terry|85/100|[from] item: Leftovers
|-end|p2a: Terry|move: Taunt
|upkeep
|
|t:|1654658534
|switch|p1a: Ditto|Ditto|100/100
|-transform|p1a: Ditto|p2a: Terry|[from] ability: Imposter
|turn|24
|
|t:|1654658536
|switch|p2a: Bloop|Ferrothorn, M|100/100 par
|move|p1a: Ditto|Stealth Rock|p2a: Bloop
|-sidestart|p2: Lord Tonii Chan|move: Stealth Rock
|
|-weather|Sandstorm|[upkeep]
|upkeep
|turn|25
|
|t:|1654658543
|switch|p1a: Zygarde|Zygarde|99/100
|cant|p2a: Bloop|par
|
|-weather|none
|-heal|p1a: Zygarde|100/100|[from] item: Leftovers
|upkeep
|turn|26
|
|t:|1654658548
|move|p1a: Zygarde|Coil|p1a: Zygarde
|-boost|p1a: Zygarde|atk|1
|-boost|p1a: Zygarde|def|1
|-boost|p1a: Zygarde|accuracy|1
|cant|p2a: Bloop|par
|
|upkeep
|turn|27
|
|t:|1654658551
|move|p1a: Zygarde|Substitute|p1a: Zygarde
|-start|p1a: Zygarde|Substitute
|-damage|p1a: Zygarde|75/100
|cant|p2a: Bloop|par
|
|-heal|p1a: Zygarde|82/100|[from] item: Leftovers
|upkeep
|turn|28
|
|t:|1654658553
|move|p1a: Zygarde|Thousand Arrows|p2a: Bloop
|-damage|p2a: Bloop|66/100 par
|move|p2a: Bloop|Block||[still]
|-fail|p2a: Bloop
|
|-heal|p1a: Zygarde|88/100|[from] item: Leftovers
|-heal|p2a: Bloop|72/100 par|[from] item: Leftovers
|upkeep
|turn|29
|
|t:|1654658558
|move|p2a: Bloop|Protect|p2a: Bloop
|-singleturn|p2a: Bloop|Protect
|move|p1a: Zygarde|Thousand Arrows|p2a: Bloop
|-activate|p2a: Bloop|move: Protect
|
|-heal|p1a: Zygarde|94/100|[from] item: Leftovers
|-heal|p2a: Bloop|78/100 par|[from] item: Leftovers
|upkeep
|turn|30
|
|t:|1654658561
|switch|p1a: Calyrex|Calyrex-Shadow|100/100
|-ability|p1a: Calyrex|As One
|-ability|p1a: Calyrex|Unnerve
|switch|p2a: Quagy|Quagsire, M|91/100 par
|-damage|p2a: Quagy|85/100 par|[from] Stealth Rock
|
|-heal|p2a: Quagy|91/100 par|[from] item: Leftovers
|upkeep
|turn|31
|
|t:|1654658564
|switch|p2a: Terry|Tyranitar, M|85/100
|-damage|p2a: Terry|73/100|[from] Stealth Rock
|-weather|Sandstorm|[from] ability: Sand Stream|[of] p2a: Terry
|move|p1a: Calyrex|Nasty Plot|p1a: Calyrex
|-boost|p1a: Calyrex|spa|2
|
|-weather|Sandstorm|[upkeep]
|-damage|p1a: Calyrex|94/100|[from] Sandstorm
|-heal|p2a: Terry|79/100|[from] item: Leftovers
|upkeep
|turn|32
|
|t:|1654658568
|-start|p1a: Calyrex|Dynamax|
|-heal|p1a: Calyrex|94/100|[silent]
|move|p1a: Calyrex|Max Starfall|p2a: Terry
|-supereffective|p2a: Terry
|-damage|p2a: Terry|14/100
|-fieldstart|move: Misty Terrain
|move|p2a: Terry|Pursuit|p1a: Calyrex
|-supereffective|p1a: Calyrex
|-damage|p1a: Calyrex|55/100
|
|-weather|Sandstorm|[upkeep]
|-damage|p1a: Calyrex|52/100|[from] Sandstorm
|-heal|p2a: Terry|20/100|[from] item: Leftovers
|upkeep
|turn|33
|
|t:|1654658571
|move|p1a: Calyrex|Max Starfall|p2a: Terry
|-supereffective|p2a: Terry
|-damage|p2a: Terry|0 fnt
|faint|p2a: Terry
|-ability|p1a: Calyrex|Grim Neigh|boost
|-boost|p1a: Calyrex|spa|1
|
|-weather|Sandstorm|[upkeep]
|-damage|p1a: Calyrex|49/100|[from] Sandstorm
|upkeep
|
|t:|1654658575
|switch|p2a: Desu Desu|Rayquaza|100/100
|-damage|p2a: Desu Desu|76/100|[from] Stealth Rock
|-ability|p2a: Desu Desu|Air Lock
|turn|34
|
|t:|1654658577
|detailschange|p2a: Desu Desu|Rayquaza-Mega
|-mega|p2a: Desu Desu|Rayquaza|
|-weather|DeltaStream|[from] ability: Delta Stream|[of] p2a: Desu Desu
|move|p2a: Desu Desu|Dragon Ascent|p1a: Calyrex
|-damage|p1a: Calyrex|0 fnt
|-unboost|p2a: Desu Desu|def|1
|-unboost|p2a: Desu Desu|spd|1
|faint|p1a: Calyrex
|
|-weather|DeltaStream|[upkeep]
|upkeep
|
|t:|1654658580
|switch|p1a: Ditto|Ditto|100/100
|-transform|p1a: Ditto|p2a: Desu Desu|[from] ability: Imposter
|turn|35
|
|t:|1654658584
|switch|p2a: Bloop|Ferrothorn, M|78/100 par
|-damage|p2a: Bloop|72/100 par|[from] Stealth Rock
|move|p1a: Ditto|Dragon Ascent|p2a: Bloop
|-damage|p2a: Bloop|4/100 par
|-unboost|p1a: Ditto|def|1
|-unboost|p1a: Ditto|spd|1
|-damage|p1a: Ditto|88/100|[from] ability: Iron Barbs|[of] p2a: Bloop
|
|-weather|DeltaStream|[upkeep]
|-heal|p2a: Bloop|10/100 par|[from] item: Leftovers
|upkeep
|turn|36
|
|t:|1654658591
|move|p2a: Bloop|Protect|p2a: Bloop
|-singleturn|p2a: Bloop|Protect
|move|p1a: Ditto|Dragon Ascent|p2a: Bloop
|-activate|p2a: Bloop|move: Protect
|
|-weather|DeltaStream|[upkeep]
|-heal|p2a: Bloop|16/100 par|[from] item: Leftovers
|-fieldend|Misty Terrain
|upkeep
|turn|37
|
|t:|1654658595
|move|p2a: Bloop|Protect||[still]
|-fail|p2a: Bloop
|move|p1a: Ditto|Dragon Ascent|p2a: Bloop
|-damage|p2a: Bloop|0 fnt
|-unboost|p1a: Ditto|def|1
|-unboost|p1a: Ditto|spd|1
|-damage|p1a: Ditto|76/100|[from] ability: Iron Barbs|[of] p2a: Bloop
|faint|p2a: Bloop
|
|-weather|DeltaStream|[upkeep]
|upkeep
|
|t:|1654658599
|switch|p2a: Oh-No|Ho-Oh|100/100
|turn|38
|
|t:|1654658601
|move|p1a: Ditto|Surf|p2a: Oh-No
|-supereffective|p2a: Oh-No
|-damage|p2a: Oh-No|71/100
|move|p2a: Oh-No|Defog|p1a: Ditto
|-unboost|p1a: Ditto|evasion|1
|-sideend|p2: Lord Tonii Chan|Stealth Rock|[from] move: Defog|[of] p2a: Oh-No
|
|-weather|DeltaStream|[upkeep]
|upkeep
|turn|39
|
|t:|1654658606
|move|p1a: Ditto|Dragon Ascent|p2a: Oh-No
|-damage|p2a: Oh-No|0 fnt
|-unboost|p1a: Ditto|def|1
|-unboost|p1a: Ditto|spd|1
|faint|p2a: Oh-No
|
|-weather|DeltaStream|[upkeep]
|upkeep
|
|t:|1654658609
|switch|p2a: Desu Desu|Rayquaza-Mega|76/100
|turn|40
|
|t:|1654658611
|switch|p1a: Zygarde|Zygarde|94/100
|move|p2a: Desu Desu|Dragon Ascent|p1a: Zygarde
|-damage|p1a: Zygarde|48/100
|-unboost|p2a: Desu Desu|def|1
|-unboost|p2a: Desu Desu|spd|1
|
|-weather|DeltaStream|[upkeep]
|-heal|p1a: Zygarde|54/100|[from] item: Leftovers
|upkeep
|turn|41
|
|t:|1654658614
|-weather|none
|switch|p2a: Quagy|Quagsire, M|91/100 par
|move|p1a: Zygarde|Glare|p2a: Quagy
|-fail|p2a: Quagy|par
|
|-heal|p1a: Zygarde|60/100|[from] item: Leftovers
|-heal|p2a: Quagy|97/100 par|[from] item: Leftovers
|upkeep
|turn|42
|
|t:|1654658617
|move|p1a: Zygarde|Substitute|p1a: Zygarde
|-start|p1a: Zygarde|Substitute
|-damage|p1a: Zygarde|35/100
|move|p2a: Quagy|Toxic||[still]
|-fail|p2a: Quagy
|
|-heal|p1a: Zygarde|41/100|[from] item: Leftovers
|-heal|p2a: Quagy|100/100 par|[from] item: Leftovers
|-activate|p1a: Zygarde|ability: Power Construct
|detailschange|p1a: Zygarde|Zygarde-Complete
|-heal|p1a: Zygarde|61/100|[silent]
|upkeep
|turn|43
|
|t:|1654658620
|move|p1a: Zygarde|Coil|p1a: Zygarde
|-boost|p1a: Zygarde|atk|1
|-boost|p1a: Zygarde|def|1
|-boost|p1a: Zygarde|accuracy|1
|move|p2a: Quagy|Earthquake|p1a: Zygarde
|-activate|p1a: Zygarde|move: Substitute|[damage]
|
|-heal|p1a: Zygarde|67/100|[from] item: Leftovers
|upkeep
|turn|44
|
|t:|1654658622
|move|p1a: Zygarde|Coil|p1a: Zygarde
|-boost|p1a: Zygarde|atk|1
|-boost|p1a: Zygarde|def|1
|-boost|p1a: Zygarde|accuracy|1
|move|p2a: Quagy|Earthquake|p1a: Zygarde
|-end|p1a: Zygarde|Substitute
|
|-heal|p1a: Zygarde|74/100|[from] item: Leftovers
|upkeep
|turn|45
|
|t:|1654658625
|move|p1a: Zygarde|Substitute|p1a: Zygarde
|-start|p1a: Zygarde|Substitute
|-damage|p1a: Zygarde|49/100
|cant|p2a: Quagy|par
|
|-heal|p1a: Zygarde|55/100|[from] item: Leftovers
|upkeep
|turn|46
|
|t:|1654658629
|move|p1a: Zygarde|Coil|p1a: Zygarde
|-boost|p1a: Zygarde|atk|1
|-boost|p1a: Zygarde|def|1
|-boost|p1a: Zygarde|accuracy|1
|move|p2a: Quagy|Earthquake|p1a: Zygarde
|-activate|p1a: Zygarde|move: Substitute|[damage]
|
|-heal|p1a: Zygarde|61/100|[from] item: Leftovers
|upkeep
|turn|47
|
|t:|1654658631
|move|p1a: Zygarde|Coil|p1a: Zygarde
|-boost|p1a: Zygarde|atk|1
|-boost|p1a: Zygarde|def|1
|-boost|p1a: Zygarde|accuracy|1
|move|p2a: Quagy|Earthquake|p1a: Zygarde
|-activate|p1a: Zygarde|move: Substitute|[damage]
|
|-heal|p1a: Zygarde|67/100|[from] item: Leftovers
|upkeep
|turn|48
|
|t:|1654658633
|move|p1a: Zygarde|Coil|p1a: Zygarde
|-boost|p1a: Zygarde|atk|1
|-boost|p1a: Zygarde|def|1
|-boost|p1a: Zygarde|accuracy|1
|move|p2a: Quagy|Earthquake|p1a: Zygarde
|-end|p1a: Zygarde|Substitute
|
|-heal|p1a: Zygarde|73/100|[from] item: Leftovers
|upkeep
|turn|49
|
|t:|1654658635
|move|p1a: Zygarde|Substitute|p1a: Zygarde
|-start|p1a: Zygarde|Substitute
|-damage|p1a: Zygarde|48/100
|cant|p2a: Quagy|par
|
|-heal|p1a: Zygarde|54/100|[from] item: Leftovers
|upkeep
|turn|50
|
|t:|1654658638
|move|p1a: Zygarde|Coil|p1a: Zygarde
|-boost|p1a: Zygarde|atk|1
|-boost|p1a: Zygarde|def|1
|-boost|p1a: Zygarde|accuracy|1
|move|p2a: Quagy|Earthquake|p1a: Zygarde
|-activate|p1a: Zygarde|move: Substitute|[damage]
|
|-heal|p1a: Zygarde|60/100|[from] item: Leftovers
|upkeep
|turn|51
|
|t:|1654658641
|move|p1a: Zygarde|Thousand Arrows|p2a: Quagy
|-damage|p2a: Quagy|79/100 par
|cant|p2a: Quagy|par
|
|-heal|p1a: Zygarde|67/100|[from] item: Leftovers
|-heal|p2a: Quagy|85/100 par|[from] item: Leftovers
|upkeep
|turn|52
|
|t:|1654658645
|move|p1a: Zygarde|Thousand Arrows|p2a: Quagy
|-damage|p2a: Quagy|63/100 par
|cant|p2a: Quagy|par
|
|-heal|p1a: Zygarde|73/100|[from] item: Leftovers
|-heal|p2a: Quagy|70/100 par|[from] item: Leftovers
|upkeep
|turn|53
|
|t:|1654658648
|move|p1a: Zygarde|Thousand Arrows|p2a: Quagy
|-damage|p2a: Quagy|49/100 par
|move|p2a: Quagy|Recover|p2a: Quagy
|-heal|p2a: Quagy|99/100 par
|
|-heal|p1a: Zygarde|79/100|[from] item: Leftovers
|-heal|p2a: Quagy|100/100 par|[from] item: Leftovers
|upkeep
|turn|54
|
|t:|1654658653
|move|p1a: Zygarde|Glare|p2a: Quagy
|-fail|p2a: Quagy|par
|move|p2a: Quagy|Earthquake|p1a: Zygarde
|-activate|p1a: Zygarde|move: Substitute|[damage]
|
|-heal|p1a: Zygarde|85/100|[from] item: Leftovers
|upkeep
|turn|55
|
|t:|1654658655
|move|p1a: Zygarde|Coil|p1a: Zygarde
|-boost|p1a: Zygarde|atk|0
|-boost|p1a: Zygarde|def|0
|-boost|p1a: Zygarde|accuracy|0
|move|p2a: Quagy|Earthquake|p1a: Zygarde
|-end|p1a: Zygarde|Substitute
|
|-heal|p1a: Zygarde|91/100|[from] item: Leftovers
|upkeep
|turn|56
|
|t:|1654658660
|move|p1a: Zygarde|Substitute|p1a: Zygarde
|-start|p1a: Zygarde|Substitute
|-damage|p1a: Zygarde|66/100
|move|p2a: Quagy|Earthquake|p1a: Zygarde
|-activate|p1a: Zygarde|move: Substitute|[damage]
|
|-heal|p1a: Zygarde|72/100|[from] item: Leftovers
|upkeep
|turn|57
|
|t:|1654658662
|move|p1a: Zygarde|Glare|p2a: Quagy
|-fail|p2a: Quagy|par
|move|p2a: Quagy|Earthquake|p1a: Zygarde
|-activate|p1a: Zygarde|move: Substitute|[damage]
|
|-heal|p1a: Zygarde|78/100|[from] item: Leftovers
|upkeep
|turn|58
|
|t:|1654658665
|move|p1a: Zygarde|Glare|p2a: Quagy
|-fail|p2a: Quagy|par
|move|p2a: Quagy|Earthquake|p1a: Zygarde
|-end|p1a: Zygarde|Substitute
|
|-heal|p1a: Zygarde|84/100|[from] item: Leftovers
|upkeep
|turn|59
|
|t:|1654658668
|move|p1a: Zygarde|Substitute|p1a: Zygarde
|-start|p1a: Zygarde|Substitute
|-damage|p1a: Zygarde|59/100
|move|p2a: Quagy|Earthquake|p1a: Zygarde
|-activate|p1a: Zygarde|move: Substitute|[damage]
|
|-heal|p1a: Zygarde|66/100|[from] item: Leftovers
|upkeep
|turn|60
|
|t:|1654658672
|move|p1a: Zygarde|Coil|p1a: Zygarde
|-boost|p1a: Zygarde|atk|0
|-boost|p1a: Zygarde|def|0
|-boost|p1a: Zygarde|accuracy|0
|move|p2a: Quagy|Earthquake|p1a: Zygarde
|-activate|p1a: Zygarde|move: Substitute|[damage]
|
|-heal|p1a: Zygarde|72/100|[from] item: Leftovers
|upkeep
|turn|61
|
|t:|1654658674
|move|p1a: Zygarde|Glare|p2a: Quagy
|-fail|p2a: Quagy|par
|move|p2a: Quagy|Earthquake|p1a: Zygarde
|-end|p1a: Zygarde|Substitute
|
|-heal|p1a: Zygarde|78/100|[from] item: Leftovers
|upkeep
|turn|62
|
|t:|1654658678
|move|p1a: Zygarde|Substitute|p1a: Zygarde
|-start|p1a: Zygarde|Substitute
|-damage|p1a: Zygarde|53/100
|move|p2a: Quagy|Toxic||[still]
|-fail|p2a: Quagy
|
|-heal|p1a: Zygarde|59/100|[from] item: Leftovers
|upkeep
|turn|63
|
|t:|1654658683
|move|p1a: Zygarde|Coil|p1a: Zygarde
|-boost|p1a: Zygarde|atk|0
|-boost|p1a: Zygarde|def|0
|-boost|p1a: Zygarde|accuracy|0
|move|p2a: Quagy|Counter||[still]
|-fail|p2a: Quagy
|
|-heal|p1a: Zygarde|65/100|[from] item: Leftovers
|upkeep
|turn|64
|
|t:|1654658693
|move|p1a: Zygarde|Coil|p1a: Zygarde
|-boost|p1a: Zygarde|atk|0
|-boost|p1a: Zygarde|def|0
|-boost|p1a: Zygarde|accuracy|0
|move|p2a: Quagy|Toxic||[still]
|-fail|p2a: Quagy
|
|-heal|p1a: Zygarde|71/100|[from] item: Leftovers
|upkeep
|turn|65
|
|t:|1654658723
|move|p1a: Zygarde|Glare|p2a: Quagy
|-fail|p2a: Quagy|par
|move|p2a: Quagy|Toxic||[still]
|-fail|p2a: Quagy
|
|-heal|p1a: Zygarde|77/100|[from] item: Leftovers
|upkeep
|turn|66
|
|t:|1654658726
|move|p1a: Zygarde|Glare|p2a: Quagy
|-fail|p2a: Quagy|par
|move|p2a: Quagy|Toxic||[still]
|-fail|p2a: Quagy
|
|-heal|p1a: Zygarde|84/100|[from] item: Leftovers
|upkeep
|turn|67
|
|t:|1654658730
|move|p1a: Zygarde|Glare|p2a: Quagy
|-fail|p2a: Quagy|par
|cant|p2a: Quagy|par
|
|-heal|p1a: Zygarde|90/100|[from] item: Leftovers
|upkeep
|turn|68
|
|t:|1654658733
|move|p1a: Zygarde|Glare|p2a: Quagy
|-fail|p2a: Quagy|par
|move|p2a: Quagy|Toxic||[still]
|-fail|p2a: Quagy
|
|-heal|p1a: Zygarde|96/100|[from] item: Leftovers
|upkeep
|turn|69
|
|t:|1654658741
|move|p1a: Zygarde|Coil|p1a: Zygarde
|-boost|p1a: Zygarde|atk|0
|-boost|p1a: Zygarde|def|0
|-boost|p1a: Zygarde|accuracy|0
|cant|p2a: Quagy|par
|
|-heal|p1a: Zygarde|100/100|[from] item: Leftovers
|upkeep
|turn|70
|
|t:|1654658747
|move|p1a: Zygarde|Coil|p1a: Zygarde
|-boost|p1a: Zygarde|atk|0
|-boost|p1a: Zygarde|def|0
|-boost|p1a: Zygarde|accuracy|0
|move|p2a: Quagy|Toxic||[still]
|-fail|p2a: Quagy
|
|upkeep
|turn|71
|
|t:|1654658750
|move|p1a: Zygarde|Coil|p1a: Zygarde
|-boost|p1a: Zygarde|atk|0
|-boost|p1a: Zygarde|def|0
|-boost|p1a: Zygarde|accuracy|0
|cant|p2a: Quagy|par
|
|upkeep
|turn|72
|
|t:|1654658751
|move|p1a: Zygarde|Coil|p1a: Zygarde
|-boost|p1a: Zygarde|atk|0
|-boost|p1a: Zygarde|def|0
|-boost|p1a: Zygarde|accuracy|0
|move|p2a: Quagy|Toxic||[still]
|-fail|p2a: Quagy
|
|upkeep
|turn|73
|
|t:|1654658758
|move|p1a: Zygarde|Coil|p1a: Zygarde
|-boost|p1a: Zygarde|atk|0
|-boost|p1a: Zygarde|def|0
|-boost|p1a: Zygarde|accuracy|0
|cant|p2a: Quagy|par
|
|upkeep
|turn|74
|
|t:|1654658760
|move|p1a: Zygarde|Coil|p1a: Zygarde
|-boost|p1a: Zygarde|atk|0
|-boost|p1a: Zygarde|def|0
|-boost|p1a: Zygarde|accuracy|0
|move|p2a: Quagy|Toxic||[still]
|-fail|p2a: Quagy
|
|upkeep
|turn|75
|
|t:|1654658766
|move|p1a: Zygarde|Coil|p1a: Zygarde
|-boost|p1a: Zygarde|atk|0
|-boost|p1a: Zygarde|def|0
|-boost|p1a: Zygarde|accuracy|0
|move|p2a: Quagy|Toxic||[still]
|-fail|p2a: Quagy
|
|upkeep
|turn|76
|
|t:|1654658768
|move|p1a: Zygarde|Coil|p1a: Zygarde
|-boost|p1a: Zygarde|atk|0
|-boost|p1a: Zygarde|def|0
|-boost|p1a: Zygarde|accuracy|0
|cant|p2a: Quagy|par
|
|upkeep
|turn|77
|
|t:|1654658778
|move|p1a: Zygarde|Coil|p1a: Zygarde
|-boost|p1a: Zygarde|atk|0
|-boost|p1a: Zygarde|def|0
|-boost|p1a: Zygarde|accuracy|0
|move|p2a: Quagy|Toxic||[still]
|-fail|p2a: Quagy
|
|upkeep
|turn|78
|
|t:|1654658785
|move|p1a: Zygarde|Glare|p2a: Quagy
|-fail|p2a: Quagy|par
|move|p2a: Quagy|Toxic||[still]
|-fail|p2a: Quagy
|
|upkeep
|turn|79
|
|t:|1654658792
|move|p1a: Zygarde|Glare|p2a: Quagy
|-fail|p2a: Quagy|par
|cant|p2a: Quagy|par
|
|upkeep
|turn|80
|
|t:|1654658797
|move|p1a: Zygarde|Glare|p2a: Quagy
|-fail|p2a: Quagy|par
|move|p2a: Quagy|Toxic||[still]
|-fail|p2a: Quagy
|
|upkeep
|turn|81
|
|t:|1654658800
|move|p1a: Zygarde|Coil|p1a: Zygarde
|-boost|p1a: Zygarde|atk|0
|-boost|p1a: Zygarde|def|0
|-boost|p1a: Zygarde|accuracy|0
|move|p2a: Quagy|Toxic||[still]
|-fail|p2a: Quagy
|
|upkeep
|turn|82
|
|t:|1654658803
|move|p1a: Zygarde|Glare|p2a: Quagy
|-fail|p2a: Quagy|par
|move|p2a: Quagy|Toxic||[still]
|-fail|p2a: Quagy
|
|upkeep
|turn|83
|
|t:|1654658805
|move|p1a: Zygarde|Coil|p1a: Zygarde
|-boost|p1a: Zygarde|atk|0
|-boost|p1a: Zygarde|def|0
|-boost|p1a: Zygarde|accuracy|0
|move|p2a: Quagy|Counter||[still]
|-fail|p2a: Quagy
|
|upkeep
|turn|84
|
|t:|1654658809
|move|p1a: Zygarde|Coil|p1a: Zygarde
|-boost|p1a: Zygarde|atk|0
|-boost|p1a: Zygarde|def|0
|-boost|p1a: Zygarde|accuracy|0
|move|p2a: Quagy|Counter||[still]
|-fail|p2a: Quagy
|
|upkeep
|turn|85
|
|t:|1654658813
|move|p1a: Zygarde|Glare|p2a: Quagy
|-fail|p2a: Quagy|par
|move|p2a: Quagy|Counter||[still]
|-fail|p2a: Quagy
|
|upkeep
|turn|86
|
|t:|1654658815
|move|p1a: Zygarde|Glare|p2a: Quagy
|-fail|p2a: Quagy|par
|move|p2a: Quagy|Counter||[still]
|-fail|p2a: Quagy
|
|upkeep
|turn|87
|
|t:|1654658820
|move|p1a: Zygarde|Coil|p1a: Zygarde
|-boost|p1a: Zygarde|atk|0
|-boost|p1a: Zygarde|def|0
|-boost|p1a: Zygarde|accuracy|0
|move|p2a: Quagy|Counter||[still]
|-fail|p2a: Quagy
|
|upkeep
|turn|88
|
|t:|1654658827
|move|p1a: Zygarde|Coil|p1a: Zygarde
|-boost|p1a: Zygarde|atk|0
|-boost|p1a: Zygarde|def|0
|-boost|p1a: Zygarde|accuracy|0
|move|p2a: Quagy|Counter||[still]
|-fail|p2a: Quagy
|
|upkeep
|turn|89
|
|t:|1654658835
|move|p1a: Zygarde|Glare|p2a: Quagy
|-fail|p2a: Quagy|par
|cant|p2a: Quagy|par
|
|upkeep
|turn|90
|
|t:|1654658852
|move|p1a: Zygarde|Glare|p2a: Quagy
|-fail|p2a: Quagy|par
|move|p2a: Quagy|Counter||[still]
|-fail|p2a: Quagy
|
|upkeep
|turn|91
|
|t:|1654658856
|move|p1a: Zygarde|Coil|p1a: Zygarde
|-boost|p1a: Zygarde|atk|0
|-boost|p1a: Zygarde|def|0
|-boost|p1a: Zygarde|accuracy|0
|cant|p2a: Quagy|par
|
|upkeep
|turn|92
|
|t:|1654658859
|move|p1a: Zygarde|Glare|p2a: Quagy
|-fail|p2a: Quagy|par
|move|p2a: Quagy|Counter||[still]
|-fail|p2a: Quagy
|
|upkeep
|turn|93
|
|t:|1654658863
|move|p1a: Zygarde|Coil|p1a: Zygarde
|-boost|p1a: Zygarde|atk|0
|-boost|p1a: Zygarde|def|0
|-boost|p1a: Zygarde|accuracy|0
|cant|p2a: Quagy|par
|
|upkeep
|turn|94
|
|t:|1654658866
|move|p1a: Zygarde|Coil|p1a: Zygarde
|-boost|p1a: Zygarde|atk|0
|-boost|p1a: Zygarde|def|0
|-boost|p1a: Zygarde|accuracy|0
|move|p2a: Quagy|Counter||[still]
|-fail|p2a: Quagy
|
|upkeep
|turn|95
|
|t:|1654658868
|move|p1a: Zygarde|Coil|p1a: Zygarde
|-boost|p1a: Zygarde|atk|0
|-boost|p1a: Zygarde|def|0
|-boost|p1a: Zygarde|accuracy|0
|move|p2a: Quagy|Counter||[still]
|-fail|p2a: Quagy
|
|upkeep
|turn|96
|
|t:|1654658872
|move|p1a: Zygarde|Coil|p1a: Zygarde
|-boost|p1a: Zygarde|atk|0
|-boost|p1a: Zygarde|def|0
|-boost|p1a: Zygarde|accuracy|0
|move|p2a: Quagy|Counter||[still]
|-fail|p2a: Quagy
|
|upkeep
|turn|97
|
|t:|1654658874
|move|p1a: Zygarde|Coil|p1a: Zygarde
|-boost|p1a: Zygarde|atk|0
|-boost|p1a: Zygarde|def|0
|-boost|p1a: Zygarde|accuracy|0
|move|p2a: Quagy|Counter||[still]
|-fail|p2a: Quagy
|
|upkeep
|turn|98
|
|t:|1654658878
|move|p1a: Zygarde|Glare|p2a: Quagy
|-fail|p2a: Quagy|par
|move|p2a: Quagy|Counter||[still]
|-fail|p2a: Quagy
|
|upkeep
|turn|99
|
|t:|1654658880
|move|p1a: Zygarde|Glare|p2a: Quagy
|-fail|p2a: Quagy|par
|move|p2a: Quagy|Counter||[still]
|-fail|p2a: Quagy
|
|upkeep
|turn|100
|
|t:|1654658886
|move|p1a: Zygarde|Glare|p2a: Quagy
|-fail|p2a: Quagy|par
|move|p2a: Quagy|Counter||[still]
|-fail|p2a: Quagy
|
|upkeep
|turn|101
|
|t:|1654658891
|move|p1a: Zygarde|Glare|p2a: Quagy
|-fail|p2a: Quagy|par
|move|p2a: Quagy|Counter||[still]
|-fail|p2a: Quagy
|
|upkeep
|turn|102
|
|t:|1654658895
|move|p1a: Zygarde|Thousand Arrows|p2a: Quagy
|-crit|p2a: Quagy
|-damage|p2a: Quagy|67/100 par
|move|p2a: Quagy|Counter|p1a: Zygarde
|-end|p1a: Zygarde|Substitute
|
|-heal|p2a: Quagy|73/100 par|[from] item: Leftovers
|upkeep
|turn|103
|
|t:|1654658901
|move|p1a: Zygarde|Substitute|p1a: Zygarde
|-start|p1a: Zygarde|Substitute
|-damage|p1a: Zygarde|75/100
|move|p2a: Quagy|Counter||[still]
|-fail|p2a: Quagy
|
|-heal|p1a: Zygarde|82/100|[from] item: Leftovers
|-heal|p2a: Quagy|79/100 par|[from] item: Leftovers
|upkeep
|turn|104
|
|t:|1654658903
|move|p1a: Zygarde|Thousand Arrows|p2a: Quagy
|-damage|p2a: Quagy|59/100 par
|cant|p2a: Quagy|par
|
|-heal|p1a: Zygarde|88/100|[from] item: Leftovers
|-heal|p2a: Quagy|65/100 par|[from] item: Leftovers
|upkeep
|turn|105
|
|t:|1654658908
|move|p1a: Zygarde|Thousand Arrows|p2a: Quagy
|-damage|p2a: Quagy|42/100 par
|cant|p2a: Quagy|par
|
|-heal|p1a: Zygarde|94/100|[from] item: Leftovers
|-heal|p2a: Quagy|48/100 par|[from] item: Leftovers
|upkeep
|turn|106
|
|t:|1654658911
|move|p1a: Zygarde|Thousand Arrows|p2a: Quagy
|-crit|p2a: Quagy
|-damage|p2a: Quagy|13/100 par
|move|p2a: Quagy|Recover|p2a: Quagy
|-heal|p2a: Quagy|63/100 par
|
|-heal|p1a: Zygarde|99/100|[from] item: Leftovers
|-heal|p2a: Quagy|69/100 par|[from] item: Leftovers
|upkeep
|turn|107
|
|t:|1654658916
|move|p1a: Zygarde|Thousand Arrows|p2a: Quagy
|-damage|p2a: Quagy|47/100 par
|move|p2a: Quagy|Recover|p2a: Quagy
|-heal|p2a: Quagy|97/100 par
|
|-heal|p1a: Zygarde|100/100|[from] item: Leftovers
|-heal|p2a: Quagy|100/100 par|[from] item: Leftovers
|upkeep
|turn|108
|
|t:|1654658919
|move|p1a: Zygarde|Substitute|p1a: Zygarde
|-fail|p1a: Zygarde|move: Substitute
|move|p2a: Quagy|Counter||[still]
|-fail|p2a: Quagy
|
|upkeep
|turn|109
|
|t:|1654658924
|move|p1a: Zygarde|Glare|p2a: Quagy
|-fail|p2a: Quagy|par
|cant|p2a: Quagy|par
|
|upkeep
|turn|110
|
|t:|1654658927
|move|p1a: Zygarde|Glare|p2a: Quagy
|-fail|p2a: Quagy|par
|move|p2a: Quagy|Counter||[still]
|-fail|p2a: Quagy
|
|upkeep
|turn|111
|
|t:|1654658934
|move|p1a: Zygarde|Substitute|p1a: Zygarde
|-fail|p1a: Zygarde|move: Substitute
|move|p2a: Quagy|Counter||[still]
|-fail|p2a: Quagy
|
|upkeep
|turn|112
|
|t:|1654658937
|move|p1a: Zygarde|Substitute|p1a: Zygarde
|-fail|p1a: Zygarde|move: Substitute
|move|p2a: Quagy|Counter||[still]
|-fail|p2a: Quagy
|
|upkeep
|turn|113
|
|t:|1654658939
|move|p1a: Zygarde|Glare|p2a: Quagy
|-fail|p2a: Quagy|par
|move|p2a: Quagy|Counter||[still]
|-fail|p2a: Quagy
|
|upkeep
|turn|114
|
|t:|1654658942
|move|p1a: Zygarde|Glare|p2a: Quagy
|-fail|p2a: Quagy|par
|move|p2a: Quagy|Counter||[still]
|-fail|p2a: Quagy
|
|upkeep
|turn|115
|
|t:|1654658945
|move|p1a: Zygarde|Glare|p2a: Quagy
|-fail|p2a: Quagy|par
|cant|p2a: Quagy|par
|
|upkeep
|turn|116
|
|t:|1654658948
|move|p1a: Zygarde|Glare|p2a: Quagy
|-fail|p2a: Quagy|par
|cant|p2a: Quagy|par
|
|upkeep
|turn|117
|
|t:|1654658953
|move|p1a: Zygarde|Glare|p2a: Quagy
|-fail|p2a: Quagy|par
|move|p2a: Quagy|Counter||[still]
|-fail|p2a: Quagy
|
|upkeep
|turn|118
|
|t:|1654658955
|move|p1a: Zygarde|Glare|p2a: Quagy
|-fail|p2a: Quagy|par
|cant|p2a: Quagy|par
|
|upkeep
|turn|119
|
|t:|1654658962
|move|p1a: Zygarde|Glare|p2a: Quagy
|-fail|p2a: Quagy|par
|move|p2a: Quagy|Counter||[still]
|-fail|p2a: Quagy
|
|upkeep
|turn|120
|
|t:|1654658965
|move|p1a: Zygarde|Glare|p2a: Quagy
|-fail|p2a: Quagy|par
|move|p2a: Quagy|Counter||[still]
|-fail|p2a: Quagy
|
|upkeep
|turn|121
|
|t:|1654658969
|move|p1a: Zygarde|Substitute|p1a: Zygarde
|-fail|p1a: Zygarde|move: Substitute
|move|p2a: Quagy|Counter||[still]
|-fail|p2a: Quagy
|
|upkeep
|turn|122
|
|t:|1654658972
|move|p1a: Zygarde|Glare|p2a: Quagy
|-fail|p2a: Quagy|par
|cant|p2a: Quagy|par
|
|upkeep
|turn|123
|
|t:|1654658974
|move|p1a: Zygarde|Glare|p2a: Quagy
|-fail|p2a: Quagy|par
|cant|p2a: Quagy|par
|
|upkeep
|turn|124
|
|t:|1654658976
|move|p1a: Zygarde|Substitute|p1a: Zygarde
|-fail|p1a: Zygarde|move: Substitute
|move|p2a: Quagy|Counter||[still]
|-fail|p2a: Quagy
|
|upkeep
|turn|125
|
|t:|1654658980
|move|p1a: Zygarde|Glare|p2a: Quagy
|-fail|p2a: Quagy|par
|move|p2a: Quagy|Counter||[still]
|-fail|p2a: Quagy
|
|upkeep
|turn|126
|
|t:|1654658982
|move|p1a: Zygarde|Glare|p2a: Quagy
|-fail|p2a: Quagy|par
|move|p2a: Quagy|Counter||[still]
|-fail|p2a: Quagy
|
|upkeep
|turn|127
|
|t:|1654658985
|move|p1a: Zygarde|Glare|p2a: Quagy
|-fail|p2a: Quagy|par
|move|p2a: Quagy|Toxic||[still]
|-fail|p2a: Quagy
|
|upkeep
|turn|128
|
|t:|1654658989
|move|p1a: Zygarde|Glare|p2a: Quagy
|-fail|p2a: Quagy|par
|cant|p2a: Quagy|par
|
|upkeep
|turn|129
|
|t:|1654658991
|move|p1a: Zygarde|Glare|p2a: Quagy
|-fail|p2a: Quagy|par
|move|p2a: Quagy|Recover||[still]
|-fail|p2a: Quagy|heal
|
|upkeep
|turn|130
|
|t:|1654658995
|move|p1a: Zygarde|Substitute|p1a: Zygarde
|-fail|p1a: Zygarde|move: Substitute
|cant|p2a: Quagy|par
|
|upkeep
|turn|131
|
|t:|1654658998
|move|p1a: Zygarde|Substitute|p1a: Zygarde
|-fail|p1a: Zygarde|move: Substitute
|move|p2a: Quagy|Recover||[still]
|-fail|p2a: Quagy|heal
|
|upkeep
|turn|132
|
|t:|1654659005
|move|p1a: Zygarde|Glare|p2a: Quagy
|-fail|p2a: Quagy|par
|move|p2a: Quagy|Recover||[still]
|-fail|p2a: Quagy|heal
|
|upkeep
|turn|133
|
|t:|1654659008
|move|p1a: Zygarde|Glare|p2a: Quagy
|-fail|p2a: Quagy|par
|move|p2a: Quagy|Recover||[still]
|-fail|p2a: Quagy|heal
|
|upkeep
|turn|134
|
|t:|1654659010
|move|p1a: Zygarde|Glare|p2a: Quagy
|-fail|p2a: Quagy|par
|cant|p2a: Quagy|par
|
|upkeep
|turn|135
|
|t:|1654659012
|move|p1a: Zygarde|Glare|p2a: Quagy
|-fail|p2a: Quagy|par
|move|p2a: Quagy|Recover||[still]
|-fail|p2a: Quagy|heal
|
|upkeep
|turn|136
|
|t:|1654659017
|move|p1a: Zygarde|Glare|p2a: Quagy
|-fail|p2a: Quagy|par
|move|p2a: Quagy|Recover||[still]
|-fail|p2a: Quagy|heal
|
|upkeep
|turn|137
|
|t:|1654659019
|move|p1a: Zygarde|Glare|p2a: Quagy
|-fail|p2a: Quagy|par
|move|p2a: Quagy|Recover||[still]
|-fail|p2a: Quagy|heal
|
|upkeep
|turn|138
|
|t:|1654659023
|move|p1a: Zygarde|Glare|p2a: Quagy
|-fail|p2a: Quagy|par
|move|p2a: Quagy|Recover||[still]
|-fail|p2a: Quagy|heal
|
|upkeep
|turn|139
|
|t:|1654659027
|move|p1a: Zygarde|Thousand Arrows|p2a: Quagy
|-damage|p2a: Quagy|80/100 par
|move|p2a: Quagy|Recover|p2a: Quagy
|-heal|p2a: Quagy|100/100 par
|
|upkeep
|turn|140
|
|t:|1654659029
|move|p1a: Zygarde|Thousand Arrows|p2a: Quagy
|-damage|p2a: Quagy|79/100 par
|move|p2a: Quagy|Recover|p2a: Quagy
|-heal|p2a: Quagy|100/100 par
|
|upkeep
|turn|141
|
|t:|1654659033
|move|p1a: Zygarde|Thousand Arrows|p2a: Quagy
|-damage|p2a: Quagy|78/100 par
|move|p2a: Quagy|Recover|p2a: Quagy
|-heal|p2a: Quagy|100/100 par
|
|upkeep
|turn|142
|
|t:|1654659038
|move|p1a: Zygarde|Thousand Arrows|p2a: Quagy
|-damage|p2a: Quagy|80/100 par
|move|p2a: Quagy|Recover|p2a: Quagy
|-heal|p2a: Quagy|100/100 par
|
|upkeep
|turn|143
|
|t:|1654659042
|move|p1a: Zygarde|Thousand Arrows|p2a: Quagy
|-damage|p2a: Quagy|78/100 par
|cant|p2a: Quagy|par
|
|-heal|p2a: Quagy|84/100 par|[from] item: Leftovers
|upkeep
|turn|144
|
|t:|1654659047
|-activate|p1a: Zygarde|move: Struggle
|move|p1a: Zygarde|Struggle|p2a: Quagy
|-damage|p2a: Quagy|75/100 par
|-damage|p1a: Zygarde|75/100|[from] recoil
|move|p2a: Quagy|Recover|p2a: Quagy
|-heal|p2a: Quagy|100/100 par
|
|-heal|p1a: Zygarde|82/100|[from] item: Leftovers
|upkeep
|turn|145
|
|t:|1654659051
|-activate|p1a: Zygarde|move: Struggle
|move|p1a: Zygarde|Struggle|p2a: Quagy
|-damage|p2a: Quagy|92/100 par
|-damage|p1a: Zygarde|57/100|[from] recoil
|-activate|p2a: Quagy|move: Struggle
|move|p2a: Quagy|Struggle|p1a: Zygarde
|-activate|p1a: Zygarde|move: Substitute|[damage]
|-damage|p2a: Quagy|66/100 par|[from] recoil
|
|-heal|p1a: Zygarde|63/100|[from] item: Leftovers
|-heal|p2a: Quagy|73/100 par|[from] item: Leftovers
|upkeep
|turn|146
|
|t:|1654659054
|-activate|p1a: Zygarde|move: Struggle
|move|p1a: Zygarde|Struggle|p2a: Quagy
|-damage|p2a: Quagy|64/100 par
|-damage|p1a: Zygarde|38/100|[from] recoil
|-activate|p2a: Quagy|move: Struggle
|move|p2a: Quagy|Struggle|p1a: Zygarde
|-activate|p1a: Zygarde|move: Substitute|[damage]
|-damage|p2a: Quagy|39/100 par|[from] recoil
|
|-heal|p1a: Zygarde|44/100|[from] item: Leftovers
|-heal|p2a: Quagy|45/100 par|[from] item: Leftovers
|upkeep
|turn|147
|
|t:|1654659061
|-activate|p1a: Zygarde|move: Struggle
|move|p1a: Zygarde|Struggle|p2a: Quagy
|-damage|p2a: Quagy|36/100 par
|-damage|p1a: Zygarde|19/100|[from] recoil
|-activate|p2a: Quagy|move: Struggle
|move|p2a: Quagy|Struggle|p1a: Zygarde
|-activate|p1a: Zygarde|move: Substitute|[damage]
|-damage|p2a: Quagy|11/100 par|[from] recoil
|
|-heal|p1a: Zygarde|25/100|[from] item: Leftovers
|-heal|p2a: Quagy|17/100 par|[from] item: Leftovers
|upkeep
|turn|148
|
|t:|1654659067
|-activate|p1a: Zygarde|move: Struggle
|move|p1a: Zygarde|Struggle|p2a: Quagy
|-damage|p2a: Quagy|9/100 par
|-damage|p1a: Zygarde|0 fnt|[from] recoil
|faint|p1a: Zygarde
|cant|p2a: Quagy|par
|
|-heal|p2a: Quagy|15/100 par|[from] item: Leftovers
|upkeep
|
|t:|1654659071
|switch|p1a: Ditto|Ditto|76/100
|-transform|p1a: Ditto|p2a: Quagy|[from] ability: Imposter
|turn|149
|
|t:|1654659075
|move|p1a: Ditto|Recover|p1a: Ditto
|-heal|p1a: Ditto|100/100
|cant|p2a: Quagy|par
|
|-heal|p2a: Quagy|21/100 par|[from] item: Leftovers
|upkeep
|turn|150
|
|t:|1654659080
|move|p1a: Ditto|Earthquake|p2a: Quagy
|-damage|p2a: Quagy|0 fnt
|faint|p2a: Quagy
|
|upkeep
|
|t:|1654659082
|switch|p2a: Desu Desu|Rayquaza-Mega|76/100
|-weather|DeltaStream|[from] ability: Delta Stream|[of] p2a: Desu Desu
|turn|151
|
|t:|1654659086
|move|p2a: Desu Desu|Draco Meteor|p1a: Ditto
|-enditem|p1a: Ditto|Focus Sash
|-damage|p1a: Ditto|1/100
|-unboost|p2a: Desu Desu|spa|2
|move|p1a: Ditto|Toxic|p2a: Desu Desu
|-status|p2a: Desu Desu|tox
|
|-weather|DeltaStream|[upkeep]
|-damage|p2a: Desu Desu|70/100 tox|[from] psn
|upkeep
|turn|152
|
|t:|1654659089
|move|p2a: Desu Desu|Draco Meteor|p1a: Ditto
|-damage|p1a: Ditto|0 fnt
|-unboost|p2a: Desu Desu|spa|2
|faint|p1a: Ditto
|
|win|Lord Tonii Chan
|raw|Emorawr79's rating: 1804 &rarr; <strong>1785</strong><br />(-19 for losing)
|raw|Lord Tonii Chan's rating: 1823 &rarr; <strong>1842</strong><br />(+19 for winning)
|c|☆Lord Tonii Chan|gg
|c|☆Emorawr79|Ggs!
|l|☆Emorawr79
||Ladder isn't responding, score probably updated but might not have (Request timeout).
|j| ArticunoinAG?
|l| ArticunoinAG?
