|j|☆the thin mints lad
|j|☆kek1445645
|t:|1663836486
|gametype|singles
|player|p1|the thin mints lad|cress|1679
|player|p2|kek1445645|hiker-gen4|1798
|teamsize|p1|6
|teamsize|p2|6
|gen|8
|tier|[Gen 8] National Dex AG
|rated|
|rule|HP Percentage Mod: HP is shown in percentages
|rule|Endless Battle Clause: Forcing endless battles is banned
|clearpoke
|poke|p1|Marshadow|
|poke|p1|Ditto|
|poke|p1|Zygarde|
|poke|p1|Murkrow, M|
|poke|p1|Eternatus|
|poke|p1|Magearna|
|poke|p2|Groudon|
|poke|p2|Rayquaza|
|poke|p2|Zygarde|
|poke|p2|Calyrex-Shadow|
|poke|p2|Arceus-*|
|poke|p2|Arceus-*|
|teampreview
|
|t:|1663836501
|start
|switch|p1a: Eternatus|Eternatus|100/100
|switch|p2a: the goat|Zygarde, shiny|100/100
|-ability|p1a: Eternatus|Pressure
|turn|1
|
|t:|1663836506
|move|p1a: Eternatus|Dynamax Cannon|p2a: the goat
|-supereffective|p2a: the goat
|-damage|p2a: the goat|0 fnt
|faint|p2a: the goat
|-damage|p1a: Eternatus|91/100|[from] item: Life Orb
|
|upkeep
|
|t:|1663836510
|switch|p2a: Pyra|Groudon|100/100
|detailschange|p2a: Pyra|Groudon-Primal
|-primal|p2a: Pyra
|-weather|DesolateLand|[from] ability: Desolate Land|[of] p2a: Pyra
|turn|2
|
|t:|1663836516
|switch|p1a: 10 literal dogs|Zygarde|100/100
|-weather|none
|switch|p2a: Arceus|Arceus-Fairy|100/100
|
|upkeep
|turn|3
|j| shanehuang99
|
|t:|1663836521
|switch|p1a: Eternatus|Eternatus|91/100
|-ability|p1a: Eternatus|Pressure
|move|p2a: Arceus|Thunder Wave|p1a: Eternatus
|-status|p1a: Eternatus|par
|
|upkeep
|turn|4
|
|t:|1663836529
|switch|p2a: Pyra|Groudon-Primal|100/100
|-weather|DesolateLand|[from] ability: Desolate Land|[of] p2a: Pyra
|move|p1a: Eternatus|Sludge Bomb|p2a: Pyra
|-resisted|p2a: Pyra
|-damage|p2a: Pyra|72/100
|-damage|p1a: Eternatus|81/100 par|[from] item: Life Orb
|
|-weather|DesolateLand|[upkeep]
|upkeep
|turn|5
|inactive|Battle timer is ON: inactive players will automatically lose when time's up. (requested by kek1445645)
|
|t:|1663836546
|-weather|none
|switch|p2a: the gwoat|Rayquaza|100/100
|-ability|p2a: the gwoat|Air Lock
|switch|p1a: 10 literal dogs|Zygarde|100/100
|
|upkeep
|turn|6
|
|t:|1663836557
|detailschange|p2a: the gwoat|Rayquaza-Mega
|-mega|p2a: the gwoat|Rayquaza|
|-weather|DeltaStream|[from] ability: Delta Stream|[of] p2a: the gwoat
|move|p2a: the gwoat|Scale Shot|p1a: 10 literal dogs
|-supereffective|p1a: 10 literal dogs
|-damage|p1a: 10 literal dogs|75/100
|-supereffective|p1a: 10 literal dogs
|-damage|p1a: 10 literal dogs|47/100
|-supereffective|p1a: 10 literal dogs
|-damage|p1a: 10 literal dogs|20/100
|-hitcount|p1a: 10 literal dogs|3
|-unboost|p2a: the gwoat|def|1
|-boost|p2a: the gwoat|spe|1
|-damage|p2a: the gwoat|91/100|[from] item: Life Orb
|move|p1a: 10 literal dogs|Glare|p2a: the gwoat
|-status|p2a: the gwoat|par
|
|-weather|DeltaStream|[upkeep]
|-activate|p1a: 10 literal dogs|ability: Power Construct
|detailschange|p1a: 10 literal dogs|Zygarde-Complete
|-heal|p1a: 10 literal dogs|47/100|[silent]
|upkeep
|turn|7
|
|t:|1663836567
|switch|p1a: Magearna|Magearna|100/100
|move|p2a: the gwoat|Scale Shot|p1a: Magearna
|-immune|p1a: Magearna
|
|-weather|DeltaStream|[upkeep]
|upkeep
|turn|8
|
|t:|1663836578
|cant|p2a: the gwoat|par
|move|p1a: Magearna|Volt Switch|p2a: the gwoat
|-activate||deltastream
|-resisted|p2a: the gwoat
|-damage|p2a: the gwoat|77/100 par
|
|t:|1663836583
|switch|p1a: Yoinker|Marshadow|100/100|[from]move: Volt Switch
|
|-weather|DeltaStream|[upkeep]
|upkeep
|turn|9
|c|☆kek1445645|u risked that?
|
|t:|1663836592
|-weather|none
|switch|p2a: Arceus|Arceus-Fairy|100/100
|move|p1a: Yoinker|Shadow Sneak|p2a: Arceus
|-damage|p2a: Arceus|70/100
|
|upkeep
|turn|10
|c|☆the thin mints lad|was that an okho ?
|c|☆kek1445645|yea a eq?
|c|☆kek1445645|with life orb
|inactive|the thin mints lad has 120 seconds left.
|c|☆the thin mints lad|and yep i don't think i count much on magearna
|
|t:|1663836633
|switch|p1a: 10 literal dogs|Zygarde-Complete|47/100
|move|p2a: Arceus|Judgment|p1a: 10 literal dogs
|-supereffective|p1a: 10 literal dogs
|-damage|p1a: 10 literal dogs|0 fnt
|faint|p1a: 10 literal dogs
|
|upkeep
|
|t:|1663836640
|switch|p1a: Eternatus|Eternatus|81/100 par
|-ability|p1a: Eternatus|Pressure
|turn|11
|
|t:|1663836646
|switch|p2a: Pyra|Groudon-Primal|72/100
|-weather|DesolateLand|[from] ability: Desolate Land|[of] p2a: Pyra
|move|p1a: Eternatus|Dynamax Cannon|p2a: Pyra
|-damage|p2a: Pyra|6/100
|-damage|p1a: Eternatus|71/100 par|[from] item: Life Orb
|
|-weather|DesolateLand|[upkeep]
|upkeep
|turn|12
|inactive|the thin mints lad has 120 seconds left.
|
|t:|1663836659
|switch|p1a: smeargle hater|Murkrow, M|100/100
|move|p2a: Pyra|Precipice Blades|p1a: smeargle hater
|-immune|p1a: smeargle hater
|
|-weather|DesolateLand|[upkeep]
|upkeep
|turn|13
|inactive|the thin mints lad has 120 seconds left.
|
|t:|1663836665
|move|p1a: smeargle hater|Tailwind|p1a: smeargle hater
|-sidestart|p1: the thin mints lad|move: Tailwind
|move|p2a: Pyra|Stone Edge|p1a: smeargle hater|[miss]
|-miss|p2a: Pyra|p1a: smeargle hater
|
|-weather|DesolateLand|[upkeep]
|upkeep
|turn|14
|
|t:|1663836670
|move|p1a: smeargle hater|Taunt|p2a: Pyra
|-start|p2a: Pyra|move: Taunt
|cant|p2a: Pyra|move: Taunt|Thunder Wave
|
|-weather|DesolateLand|[upkeep]
|upkeep
|turn|15
|
|t:|1663836679
|move|p1a: smeargle hater|Haze|p1a: smeargle hater
|-clearallboost
|move|p2a: Pyra|Precipice Blades|p1a: smeargle hater
|-immune|p1a: smeargle hater
|
|-weather|DesolateLand|[upkeep]
|upkeep
|turn|16
|
|t:|1663836690
|move|p1a: smeargle hater|Roost||[still]
|-fail|p1a: smeargle hater|heal
|move|p2a: Pyra|Precipice Blades|p1a: smeargle hater
|-immune|p1a: smeargle hater
|
|-weather|DesolateLand|[upkeep]
|-end|p2a: Pyra|move: Taunt
|-sideend|p1: the thin mints lad|move: Tailwind
|upkeep
|turn|17
|
|t:|1663836698
|-weather|none
|switch|p2a: the gwoat|Rayquaza-Mega|77/100 par
|-weather|DeltaStream|[from] ability: Delta Stream|[of] p2a: the gwoat
|move|p1a: smeargle hater|Tailwind|p1a: smeargle hater
|-sidestart|p1: the thin mints lad|move: Tailwind
|
|-weather|DeltaStream|[upkeep]
|upkeep
|turn|18
|
|t:|1663836707
|switch|p1a: Magearna|Magearna|100/100
|move|p2a: the gwoat|Scale Shot|p1a: Magearna
|-immune|p1a: Magearna
|
|-weather|DeltaStream|[upkeep]
|upkeep
|turn|19
|
|t:|1663836726
|move|p1a: Magearna|Fleur Cannon|p2a: the gwoat
|-supereffective|p2a: the gwoat
|-crit|p2a: the gwoat
|-damage|p2a: the gwoat|0 fnt
|-unboost|p1a: Magearna|spa|2
|faint|p2a: the gwoat
|-ability|p1a: Magearna|Soul-Heart|boost
|-boost|p1a: Magearna|spa|1
|-weather|none
|
|upkeep
|
|t:|1663836730
|switch|p2a: Calyrex|Calyrex-Shadow|100/100
|-ability|p2a: Calyrex|As One
|-ability|p2a: Calyrex|Unnerve
|turn|20
|
|t:|1663836740
|move|p1a: Magearna|Volt Switch|p2a: Calyrex
|-damage|p2a: Calyrex|82/100
|
|t:|1663836743
|switch|p1a: smeargle hater|Murkrow, M|100/100|[from]move: Volt Switch
|move|p2a: Calyrex|Substitute|p2a: Calyrex
|-start|p2a: Calyrex|Substitute
|-damage|p2a: Calyrex|57/100
|
|-heal|p2a: Calyrex|63/100|[from] item: Leftovers
|-sideend|p1: the thin mints lad|move: Tailwind
|upkeep
|turn|21
|
|t:|1663836752
|move|p1a: smeargle hater|Tailwind|p1a: smeargle hater
|-sidestart|p1: the thin mints lad|move: Tailwind
|move|p2a: Calyrex|Leech Seed|p1a: smeargle hater
|-start|p1a: smeargle hater|move: Leech Seed
|
|-heal|p2a: Calyrex|70/100|[from] item: Leftovers
|-damage|p1a: smeargle hater|88/100|[from] Leech Seed|[of] p2a: Calyrex
|-heal|p2a: Calyrex|81/100|[silent]
|upkeep
|turn|22
|
|t:|1663836762
|switch|p1a: Magearna|Magearna|100/100
|move|p2a: Calyrex|Draining Kiss|p1a: Magearna
|-resisted|p1a: Magearna
|-damage|p1a: Magearna|90/100
|-heal|p2a: Calyrex|89/100|[from] drain|[of] p1a: Magearna
|
|-heal|p1a: Magearna|96/100|[from] item: Leftovers
|-heal|p2a: Calyrex|95/100|[from] item: Leftovers
|upkeep
|turn|23
|
|t:|1663836767
|move|p1a: Magearna|Flash Cannon|p2a: Calyrex
|-end|p2a: Calyrex|Substitute
|move|p2a: Calyrex|Astral Barrage|p1a: Magearna
|-damage|p1a: Magearna|19/100
|
|-heal|p1a: Magearna|25/100|[from] item: Leftovers
|-heal|p2a: Calyrex|100/100|[from] item: Leftovers
|upkeep
|turn|24
|
|t:|1663836776
|switch|p2a: Arceus|Arceus|100/100
|move|p1a: Magearna|Flash Cannon|p2a: Arceus
|-damage|p2a: Arceus|72/100
|
|-heal|p1a: Magearna|31/100|[from] item: Leftovers
|-sideend|p1: the thin mints lad|move: Tailwind
|upkeep
|turn|25
|
|t:|1663836793
|switch|p1a: smeargle hater|Murkrow, M|88/100
|move|p2a: Arceus|Earthquake|p1a: smeargle hater
|-immune|p1a: smeargle hater
|
|upkeep
|turn|26
|
|t:|1663836799
|move|p1a: smeargle hater|Roost|p1a: smeargle hater
|-heal|p1a: smeargle hater|100/100
|-singleturn|p1a: smeargle hater|move: Roost
|move|p2a: Arceus|Swords Dance|p2a: Arceus
|-boost|p2a: Arceus|atk|2
|
|upkeep
|turn|27
|
|t:|1663836802
|move|p2a: Arceus|Extreme Speed|p1a: smeargle hater
|-damage|p1a: smeargle hater|0 fnt
|faint|p1a: smeargle hater
|
|upkeep
|
|t:|1663836811
|switch|p1a: The better Yoinker|Ditto|100/100
|-transform|p1a: The better Yoinker|p2a: Arceus|[from] ability: Imposter
|turn|28
|
|t:|1663836822
|move|p1a: The better Yoinker|Extreme Speed|p2a: Arceus
|-damage|p2a: Arceus|13/100
|move|p2a: Arceus|Extreme Speed|p1a: The better Yoinker
|-damage|p1a: The better Yoinker|15/100
|
|upkeep
|turn|29
|
|t:|1663836827
|switch|p2a: Calyrex|Calyrex-Shadow|100/100
|-ability|p2a: Calyrex|As One
|-ability|p2a: Calyrex|Unnerve
|move|p1a: The better Yoinker|Extreme Speed|p2a: Calyrex
|-immune|p2a: Calyrex
|
|upkeep
|turn|30
|
|t:|1663836835
|move|p2a: Calyrex|Substitute|p2a: Calyrex
|-start|p2a: Calyrex|Substitute
|-damage|p2a: Calyrex|76/100
|move|p1a: The better Yoinker|Earthquake|p2a: Calyrex
|-end|p2a: Calyrex|Substitute
|
|-heal|p2a: Calyrex|82/100|[from] item: Leftovers
|upkeep
|turn|31
|
|t:|1663836843
|switch|p1a: Magearna|Magearna|31/100
|move|p2a: Calyrex|Draining Kiss|p1a: Magearna
|-resisted|p1a: Magearna
|-damage|p1a: Magearna|21/100
|-heal|p2a: Calyrex|88/100|[from] drain|[of] p1a: Magearna
|
|-heal|p2a: Calyrex|94/100|[from] item: Leftovers
|-heal|p1a: Magearna|27/100|[from] item: Leftovers
|upkeep
|turn|32
|
|t:|1663836848
|move|p2a: Calyrex|Astral Barrage|p1a: Magearna
|-damage|p1a: Magearna|0 fnt
|faint|p1a: Magearna
|-ability|p2a: Calyrex|Grim Neigh|boost
|-boost|p2a: Calyrex|spa|1
|
|-heal|p2a: Calyrex|100/100|[from] item: Leftovers
|upkeep
|
|t:|1663836856
|switch|p1a: Yoinker|Marshadow|100/100
|turn|33
|
|t:|1663836863
|switch|p2a: Arceus|Arceus|13/100
|move|p1a: Yoinker|Shadow Sneak|p2a: Arceus
|-immune|p2a: Arceus
|
|upkeep
|turn|34
|
|t:|1663836872
|move|p1a: Yoinker|Shadow Sneak|p2a: Arceus
|-immune|p2a: Arceus
|move|p2a: Arceus|Earthquake|p1a: Yoinker
|-damage|p1a: Yoinker|54/100
|
|upkeep
|turn|35
|
|t:|1663836877
|-start|p1a: Yoinker|Dynamax|
|-heal|p1a: Yoinker|54/100|[silent]
|move|p1a: Yoinker|Max Knuckle|p2a: Arceus
|-supereffective|p2a: Arceus
|-damage|p2a: Arceus|0 fnt
|-boost|p1a: Yoinker|atk|1
|faint|p2a: Arceus
|
|upkeep
|
|t:|1663836881
|switch|p2a: Arceus|Arceus-Fairy|70/100
|turn|36
|
|t:|1663836889
|-start|p2a: Arceus|Dynamax|
|-heal|p2a: Arceus|70/100|[silent]
|move|p1a: Yoinker|Max Phantasm|p2a: Arceus
|-damage|p2a: Arceus|37/100
|-unboost|p2a: Arceus|def|1
|move|p2a: Arceus|Max Starfall|p1a: Yoinker
|-supereffective|p1a: Yoinker
|-damage|p1a: Yoinker|0 fnt
|-fieldstart|move: Misty Terrain
|faint|p1a: Yoinker
|
|upkeep
|
|t:|1663836894
|switch|p1a: The better Yoinker|Ditto|15/100
|-transform|p1a: The better Yoinker|p2a: Arceus|[from] ability: Imposter
|turn|37
|
|t:|1663836902
|move|p1a: The better Yoinker|Recover|p1a: The better Yoinker
|-heal|p1a: The better Yoinker|65/100
|move|p2a: Arceus|Max Starfall|p1a: The better Yoinker
|-damage|p1a: The better Yoinker|6/100
|
|upkeep
|turn|38
|
|t:|1663836908
|switch|p1a: Eternatus|Eternatus|71/100 par
|-ability|p1a: Eternatus|Pressure
|move|p2a: Arceus|Max Starfall|p1a: Eternatus
|-damage|p1a: Eternatus|11/100 par
|
|upkeep
|-end|p2a: Arceus|Dynamax
|-heal|p2a: Arceus|37/100|[silent]
|turn|39
|
|t:|1663836912
|move|p2a: Arceus|Earth Power|p1a: Eternatus
|-supereffective|p1a: Eternatus
|-damage|p1a: Eternatus|0 fnt
|faint|p1a: Eternatus
|
|upkeep
|
|t:|1663836915
|switch|p1a: The better Yoinker|Ditto|6/100
|-transform|p1a: The better Yoinker|p2a: Arceus|[from] ability: Imposter
|turn|40
|
|t:|1663836918
|move|p2a: Arceus|Judgment|p1a: The better Yoinker
|-damage|p1a: The better Yoinker|0 fnt
|faint|p1a: The better Yoinker
|
|win|kek1445645
|raw|the thin mints lad's rating: 1679 &rarr; <strong>1666</strong><br />(-13 for losing)
|raw|kek1445645's rating: 1798 &rarr; <strong>1811</strong><br />(+13 for winning)
|l|☆the thin mints lad
|l| shanehuang99
|c|☆kek1445645|gg
