|j|☆Defensive0
|j|☆Abro hilo
|inactive|Battle timer is ON: inactive players will automatically lose when time's up.
|t:|1668712796
|gametype|singles
|player|p1|Defensive0|riley|
|player|p2|Abro hilo|pilot|
|teamsize|p1|6
|teamsize|p2|6
|gen|8
|tier|[Gen 8] National Dex AG
|rated|Tournament battle
|rule|HP Percentage Mod: HP is shown in percentages
|rule|Endless Battle Clause: Forcing endless battles is banned
|clearpoke
|poke|p1|Blaziken, M|
|poke|p1|Ditto|
|poke|p1|Necrozma-Dusk-Mane|
|poke|p1|Arceus-*|
|poke|p1|Yveltal|
|poke|p1|Arceus-*|
|poke|p2|Magearna|
|poke|p2|Rayquaza|
|poke|p2|Kyogre|
|poke|p2|Zygarde|
|poke|p2|Urshifu-*, F|
|poke|p2|Arceus-*|
|teampreview
|j|*Lady Monita ☽
|inactive|Defensive0 also wants the timer to be on.
|j| I battle Femboys
|j| Waghwan amigo
|inactive|Abro hilo has 120 seconds left.
|inactive|Abro hilo has 90 seconds left.
|
|t:|1668712883
|start
|switch|p1a: Arceus|Arceus-Fairy|100/100
|switch|p2a: Magearna|Magearna|100/100
|turn|1
|
|t:|1668712897
|move|p1a: Arceus|Stealth Rock|p2a: Magearna
|-sidestart|p2: Abro hilo|move: Stealth Rock
|move|p2a: Magearna|Flash Cannon|p1a: Arceus
|-supereffective|p1a: Arceus
|-damage|p1a: Arceus|63/100
|
|upkeep
|turn|2
|
|t:|1668712903
|switch|p1a: Blaziken|Blaziken, M|100/100
|move|p2a: Magearna|Flash Cannon|p1a: Blaziken
|-resisted|p1a: Blaziken
|-damage|p1a: Blaziken|72/100
|
|upkeep
|turn|3
|
|t:|1668712909
|-start|p2a: Magearna|Dynamax|
|-heal|p2a: Magearna|100/100|[silent]
|move|p1a: Blaziken|Flare Blitz|p2a: Magearna
|-supereffective|p2a: Magearna
|-damage|p2a: Magearna|52/100
|-damage|p1a: Blaziken|34/100|[from] Recoil
|move|p2a: Magearna|Max Starfall|p1a: Blaziken
|-damage|p1a: Blaziken|0 fnt
|-fieldstart|move: Misty Terrain
|faint|p1a: Blaziken
|-ability|p2a: Magearna|Soul-Heart|boost
|-boost|p2a: Magearna|spa|1
|
|upkeep
|l| I battle Femboys
|
|t:|1668712930
|switch|p1a: Necrozma|Necrozma-Dusk-Mane|100/100
|turn|4
|
|t:|1668712938
|move|p1a: Necrozma|Iron Head|p2a: Magearna
|-damage|p2a: Magearna|37/100
|move|p2a: Magearna|Max Steelspike|p1a: Necrozma
|-resisted|p1a: Necrozma
|-damage|p1a: Necrozma|68/100
|-boost|p2a: Magearna|def|1
|
|upkeep
|turn|5
|inactive|Defensive0 has 120 seconds left.
|
|t:|1668712969
|move|p1a: Necrozma|Morning Sun|p1a: Necrozma
|-heal|p1a: Necrozma|100/100
|move|p2a: Magearna|Max Steelspike|p1a: Necrozma
|-resisted|p1a: Necrozma
|-damage|p1a: Necrozma|65/100
|-boost|p2a: Magearna|def|1
|
|upkeep
|-end|p2a: Magearna|Dynamax
|-heal|p2a: Magearna|37/100|[silent]
|turn|6
|
|t:|1668712976
|move|p1a: Necrozma|Iron Head|p2a: Magearna
|-damage|p2a: Magearna|23/100
|move|p2a: Magearna|Ice Beam|p1a: Necrozma
|-resisted|p1a: Necrozma
|-damage|p1a: Necrozma|48/100
|
|upkeep
|turn|7
|
|t:|1668712982
|move|p1a: Necrozma|Iron Head|p2a: Magearna
|-damage|p2a: Magearna|7/100
|cant|p2a: Magearna|flinch
|
|-fieldend|Misty Terrain
|upkeep
|turn|8
|
|t:|1668712987
|move|p1a: Necrozma|Morning Sun|p1a: Necrozma
|-heal|p1a: Necrozma|98/100
|move|p2a: Magearna|Volt Switch|p1a: Necrozma
|-damage|p1a: Necrozma|73/100
|
|t:|1668712995
|switch|p2a: Urshifu|Urshifu, F|100/100|[from]move: Volt Switch
|-damage|p2a: Urshifu|94/100|[from] Stealth Rock
|
|upkeep
|turn|9
|
|t:|1668713005
|switch|p1a: Arceus|Arceus-Fairy|63/100
|move|p2a: Urshifu|Wicked Blow|p1a: Arceus
|-resisted|p1a: Arceus
|-crit|p1a: Arceus
|-damage|p1a: Arceus|30/100
|
|upkeep
|turn|10
|
|t:|1668713011
|switch|p2a: Magearna|Magearna|7/100
|-damage|p2a: Magearna|0 fnt|[from] Stealth Rock
|faint|p2a: Magearna
|move|p1a: Arceus|Recover|p1a: Arceus
|-heal|p1a: Arceus|80/100
|
|upkeep
|
|t:|1668713016
|switch|p2a: Kyogre|Kyogre|100/100
|-damage|p2a: Kyogre|88/100|[from] Stealth Rock
|detailschange|p2a: Kyogre|Kyogre-Primal
|-primal|p2a: Kyogre
|-weather|PrimordialSea|[from] ability: Primordial Sea|[of] p2a: Kyogre
|turn|11
|
|t:|1668713023
|move|p2a: Kyogre|Origin Pulse|p1a: Arceus
|-damage|p1a: Arceus|21/100
|move|p1a: Arceus|Judgment|p2a: Kyogre
|-damage|p2a: Kyogre|57/100
|
|-weather|PrimordialSea|[upkeep]
|upkeep
|turn|12
|
|t:|1668713028
|move|p2a: Kyogre|Ice Beam|p1a: Arceus
|-damage|p1a: Arceus|1/100
|move|p1a: Arceus|Judgment|p2a: Kyogre
|-damage|p2a: Kyogre|27/100
|
|-weather|PrimordialSea|[upkeep]
|upkeep
|turn|13
|
|t:|1668713034
|move|p2a: Kyogre|Ice Beam|p1a: Arceus
|-damage|p1a: Arceus|0 fnt
|faint|p1a: Arceus
|
|-weather|PrimordialSea|[upkeep]
|upkeep
|
|t:|1668713038
|switch|p1a: Ditto|Ditto, shiny|100/100
|-transform|p1a: Ditto|p2a: Kyogre|[from] ability: Imposter
|turn|14
|
|t:|1668713042
|move|p1a: Ditto|Water Spout|p2a: Kyogre
|-resisted|p2a: Kyogre
|-damage|p2a: Kyogre|0 fnt
|faint|p2a: Kyogre
|
|-weather|PrimordialSea|[upkeep]
|upkeep
|
|t:|1668713046
|switch|p2a: Rayquaza|Rayquaza|100/100
|-damage|p2a: Rayquaza|76/100|[from] Stealth Rock
|-ability|p2a: Rayquaza|Air Lock
|turn|15
|
|t:|1668713050
|-weather|none
|switch|p1a: Necrozma|Necrozma-Dusk-Mane|73/100
|detailschange|p2a: Rayquaza|Rayquaza-Mega
|-mega|p2a: Rayquaza|Rayquaza|
|-weather|DeltaStream|[from] ability: Delta Stream|[of] p2a: Rayquaza
|move|p2a: Rayquaza|Dragon Ascent|p1a: Necrozma
|-resisted|p1a: Necrozma
|-damage|p1a: Necrozma|45/100
|-unboost|p2a: Rayquaza|def|1
|-unboost|p2a: Rayquaza|spd|1
|-damage|p2a: Rayquaza|59/100|[from] item: Rocky Helmet|[of] p1a: Necrozma
|-damage|p2a: Rayquaza|49/100|[from] item: Life Orb
|
|-weather|DeltaStream|[upkeep]
|upkeep
|turn|16
|
|t:|1668713058
|switch|p1a: Yveltal|Yveltal, shiny|100/100
|-ability|p1a: Yveltal|Dark Aura
|move|p2a: Rayquaza|V-create|p1a: Yveltal
|-damage|p1a: Yveltal|36/100
|-unboost|p2a: Rayquaza|spe|1
|-unboost|p2a: Rayquaza|def|1
|-unboost|p2a: Rayquaza|spd|1
|-damage|p2a: Rayquaza|39/100|[from] item: Life Orb
|
|-weather|DeltaStream|[upkeep]
|upkeep
|turn|17
|
|t:|1668713064
|move|p2a: Rayquaza|Extreme Speed|p1a: Yveltal
|-damage|p1a: Yveltal|6/100
|-damage|p2a: Rayquaza|29/100|[from] item: Life Orb
|move|p1a: Yveltal|Roost|p1a: Yveltal
|-heal|p1a: Yveltal|57/100
|-singleturn|p1a: Yveltal|move: Roost
|
|-weather|DeltaStream|[upkeep]
|upkeep
|turn|18
|
|t:|1668713068
|move|p1a: Yveltal|Sucker Punch|p2a: Rayquaza
|-damage|p2a: Rayquaza|0 fnt
|faint|p2a: Rayquaza
|-weather|none
|
|upkeep
|
|t:|1668713071
|switch|p2a: Arceus|Arceus|100/100
|-damage|p2a: Arceus|88/100|[from] Stealth Rock
|turn|19
|
|t:|1668713073
|move|p2a: Arceus|Ice Beam|p1a: Yveltal
|-supereffective|p1a: Yveltal
|-damage|p1a: Yveltal|4/100
|-damage|p2a: Arceus|78/100|[from] item: Life Orb
|move|p1a: Yveltal|Foul Play|p2a: Arceus
|-crit|p2a: Arceus
|-damage|p2a: Arceus|2/100
|
|upkeep
|turn|20
|
|t:|1668713078
|move|p1a: Yveltal|Sucker Punch|p2a: Arceus
|-damage|p2a: Arceus|0 fnt
|faint|p2a: Arceus
|
|upkeep
|
|t:|1668713081
|switch|p2a: Zygarde|Zygarde|100/100
|-damage|p2a: Zygarde|94/100|[from] Stealth Rock
|turn|21
|
|t:|1668713085
|move|p2a: Zygarde|Dragon Dance|p2a: Zygarde
|-boost|p2a: Zygarde|atk|1
|-boost|p2a: Zygarde|spe|1
|move|p1a: Yveltal|Taunt|p2a: Zygarde
|-start|p2a: Zygarde|move: Taunt
|
|-heal|p2a: Zygarde|100/100|[from] item: Leftovers
|upkeep
|turn|22
|
|t:|1668713092
|move|p1a: Yveltal|Sucker Punch|p2a: Zygarde
|-damage|p2a: Zygarde|70/100
|move|p2a: Zygarde|Thousand Arrows|p1a: Yveltal
|-damage|p1a: Yveltal|0 fnt
|faint|p1a: Yveltal
|
|-heal|p2a: Zygarde|76/100|[from] item: Leftovers
|upkeep
|
|t:|1668713100
|switch|p1a: Ditto|Ditto, shiny|100/100
|-transform|p1a: Ditto|p2a: Zygarde|[from] ability: Imposter
|turn|23
|
|t:|1668713104
|-start|p1a: Ditto|Dynamax|
|-heal|p1a: Ditto|100/100|[silent]
|move|p1a: Ditto|Max Wyrmwind|p2a: Zygarde
|-supereffective|p2a: Zygarde
|-damage|p2a: Zygarde|0 fnt
|faint|p2a: Zygarde
|
|upkeep
|-message|Abro hilo forfeited.
|
|win|Defensive0
|n|☆Defensive0|defensive0
|n|☆Abro hilo|abrohilo
|n|*Lady Monita ☽|ladymonita
|n| Waghwan amigo|waghwanamigo
|l|*Lady Monita ☽
|l|☆Abro hilo
