|j|☆Andrecidueye
|j|☆Diancie_hhh
|t:|1668267950
|gametype|singles
|player|p1|Andrecidueye|cynthia|1677
|player|p2|Diancie_hhh|marnie|1759
|teamsize|p1|6
|teamsize|p2|6
|gen|8
|tier|[Gen 8] National Dex AG
|rated|
|rule|HP Percentage Mod: HP is shown in percentages
|rule|Endless Battle Clause: Forcing endless battles is banned
|clearpoke
|poke|p1|Xerneas-*|
|poke|p1|Groudon|
|poke|p1|Necrozma-Dusk-Mane|
|poke|p1|Zacian-*|
|poke|p1|Yveltal|
|poke|p1|Ditto|
|poke|p2|Arceus-*|
|poke|p2|Groudon|
|poke|p2|Ho-Oh|
|poke|p2|Zygarde|
|poke|p2|Weavile, F|
|poke|p2|Calyrex-Shadow|
|teampreview
|inactive|Battle timer is ON: inactive players will automatically lose when time's up. (requested by Andrecidueye)
|
|t:|1668267966
|start
|switch|p1a: Yveltal|Yveltal|100/100
|switch|p2a: Calyrex|Calyrex-Shadow|100/100
|-ability|p2a: Calyrex|As One
|-ability|p2a: Calyrex|Unnerve
|-ability|p1a: Yveltal|Dark Aura
|turn|1
|
|t:|1668267975
|switch|p2a: Ho-Oh|Ho-Oh|100/100
|-start|p1a: Yveltal|Dynamax|
|-heal|p1a: Yveltal|100/100|[silent]
|move|p1a: Yveltal|Max Airstream|p2a: Ho-Oh
|-damage|p2a: Ho-Oh|51/100
|-boost|p1a: Yveltal|spe|1
|-damage|p1a: Yveltal|96/100|[from] item: Life Orb
|
|upkeep
|turn|2
|
|t:|1668267987
|switch|p2a: Zygarde|Zygarde, shiny|100/100
|move|p1a: Yveltal|Max Darkness|p2a: Zygarde
|-damage|p2a: Zygarde|0 fnt
|faint|p2a: Zygarde
|-damage|p1a: Yveltal|91/100|[from] item: Life Orb
|
|upkeep
|
|t:|1668267998
|switch|p2a: Ho-Oh|Ho-Oh|84/100
|turn|3
|
|t:|1668268007
|move|p1a: Yveltal|Max Darkness|p2a: Ho-Oh
|-damage|p2a: Ho-Oh|19/100
|-unboost|p2a: Ho-Oh|spd|1
|-damage|p1a: Yveltal|86/100|[from] item: Life Orb
|move|p2a: Ho-Oh|Toxic|p1a: Yveltal
|-status|p1a: Yveltal|tox
|
|-damage|p1a: Yveltal|83/100 tox|[from] psn
|upkeep
|-end|p1a: Yveltal|Dynamax
|-heal|p1a: Yveltal|83/100 tox|[silent]
|turn|4
|
|t:|1668268018
|switch|p2a: Arceus|Arceus, shiny|100/100
|move|p1a: Yveltal|Oblivion Wing|p2a: Arceus
|-damage|p2a: Arceus|59/100
|-heal|p1a: Yveltal|100/100 tox|[from] drain|[of] p2a: Arceus
|-damage|p1a: Yveltal|91/100 tox|[from] item: Life Orb
|
|-damage|p1a: Yveltal|78/100 tox|[from] psn
|upkeep
|turn|5
|
|t:|1668268026
|move|p1a: Yveltal|Dark Pulse|p2a: Arceus
|-damage|p2a: Arceus|0 fnt
|faint|p2a: Arceus
|-damage|p1a: Yveltal|69/100 tox|[from] item: Life Orb
|
|-damage|p1a: Yveltal|50/100 tox|[from] psn
|upkeep
|
|t:|1668268040
|switch|p2a: Ho-Oh|Ho-Oh|52/100
|turn|6
|
|t:|1668268043
|move|p1a: Yveltal|Dark Pulse|p2a: Ho-Oh
|-damage|p2a: Ho-Oh|16/100
|-damage|p1a: Yveltal|40/100 tox|[from] item: Life Orb
|move|p2a: Ho-Oh|Roost|p2a: Ho-Oh
|-heal|p2a: Ho-Oh|66/100
|-singleturn|p2a: Ho-Oh|move: Roost
|
|-damage|p1a: Yveltal|16/100 tox|[from] psn
|upkeep
|turn|7
|
|t:|1668268047
|move|p1a: Yveltal|Oblivion Wing|p2a: Ho-Oh
|-damage|p2a: Ho-Oh|36/100
|-heal|p1a: Yveltal|39/100 tox|[from] drain|[of] p2a: Ho-Oh
|-damage|p1a: Yveltal|29/100 tox|[from] item: Life Orb
|move|p2a: Ho-Oh|Roost|p2a: Ho-Oh
|-heal|p2a: Ho-Oh|86/100
|-singleturn|p2a: Ho-Oh|move: Roost
|
|-damage|p1a: Yveltal|0 fnt|[from] psn
|faint|p1a: Yveltal
|upkeep
|
|t:|1668268055
|switch|p1a: Groudon|Groudon|100/100
|detailschange|p1a: Groudon|Groudon-Primal
|-primal|p1a: Groudon
|-weather|DesolateLand|[from] ability: Desolate Land|[of] p1a: Groudon
|turn|8
|
|t:|1668268068
|move|p2a: Ho-Oh|Toxic|p1a: Groudon
|-status|p1a: Groudon|tox
|move|p1a: Groudon|Stealth Rock|p2a: Ho-Oh
|-sidestart|p2: Diancie_hhh|move: Stealth Rock
|
|-weather|DesolateLand|[upkeep]
|-damage|p1a: Groudon|94/100 tox|[from] psn
|upkeep
|turn|9
|
|t:|1668268077
|-weather|none
|switch|p1a: Ditto|Ditto|100/100
|-transform|p1a: Ditto|p2a: Ho-Oh|[from] ability: Imposter
|move|p2a: Ho-Oh|Defog|p1a: Ditto
|-unboost|p1a: Ditto|evasion|1
|-sideend|p2: Diancie_hhh|Stealth Rock|[from] move: Defog|[of] p2a: Ho-Oh
|
|upkeep
|turn|10
|
|t:|1668268085
|move|p1a: Ditto|Toxic|p2a: Ho-Oh
|-status|p2a: Ho-Oh|tox
|move|p2a: Ho-Oh|Toxic|p1a: Ditto
|-status|p1a: Ditto|tox
|
|-damage|p1a: Ditto|94/100 tox|[from] psn
|-damage|p2a: Ho-Oh|80/100 tox|[from] psn
|upkeep
|turn|11
|
|t:|1668268092
|switch|p1a: Groudon|Groudon-Primal|94/100 tox
|-weather|DesolateLand|[from] ability: Desolate Land|[of] p1a: Groudon
|switch|p2a: Calyrex|Calyrex-Shadow|100/100
|-ability|p2a: Calyrex|As One
|-ability|p2a: Calyrex|Unnerve
|
|-weather|DesolateLand|[upkeep]
|-damage|p1a: Groudon|88/100 tox|[from] psn
|upkeep
|turn|12
|
|t:|1668268097
|move|p2a: Calyrex|Substitute|p2a: Calyrex
|-start|p2a: Calyrex|Substitute
|-damage|p2a: Calyrex|76/100
|move|p1a: Groudon|Stealth Rock|p2a: Calyrex
|-sidestart|p2: Diancie_hhh|move: Stealth Rock
|
|-weather|DesolateLand|[upkeep]
|-heal|p2a: Calyrex|82/100|[from] item: Leftovers
|-damage|p1a: Groudon|76/100 tox|[from] psn
|upkeep
|turn|13
|
|t:|1668268106
|move|p2a: Calyrex|Leech Seed|p1a: Groudon
|-start|p1a: Groudon|move: Leech Seed
|move|p1a: Groudon|Rock Polish|p1a: Groudon
|-boost|p1a: Groudon|spe|2
|
|-weather|DesolateLand|[upkeep]
|-heal|p2a: Calyrex|88/100|[from] item: Leftovers
|-damage|p1a: Groudon|64/100 tox|[from] Leech Seed|[of] p2a: Calyrex
|-heal|p2a: Calyrex|100/100|[silent]
|-damage|p1a: Groudon|45/100 tox|[from] psn
|upkeep
|turn|14
|
|t:|1668268117
|move|p1a: Groudon|Heat Crash|p2a: Calyrex
|-end|p2a: Calyrex|Substitute
|move|p2a: Calyrex|Substitute|p2a: Calyrex
|-start|p2a: Calyrex|Substitute
|-damage|p2a: Calyrex|76/100
|
|-weather|DesolateLand|[upkeep]
|-heal|p2a: Calyrex|82/100|[from] item: Leftovers
|-damage|p1a: Groudon|33/100 tox|[from] Leech Seed|[of] p2a: Calyrex
|-heal|p2a: Calyrex|96/100|[silent]
|-damage|p1a: Groudon|9/100 tox|[from] psn
|upkeep
|turn|15
|
|t:|1668268131
|move|p1a: Groudon|Heat Crash|p2a: Calyrex
|-end|p2a: Calyrex|Substitute
|move|p2a: Calyrex|Substitute|p2a: Calyrex
|-start|p2a: Calyrex|Substitute
|-damage|p2a: Calyrex|71/100
|
|-weather|DesolateLand|[upkeep]
|-heal|p2a: Calyrex|77/100|[from] item: Leftovers
|-damage|p1a: Groudon|0 fnt|[from] Leech Seed|[of] p2a: Calyrex
|-heal|p2a: Calyrex|86/100|[silent]
|faint|p1a: Groudon
|-weather|none
|upkeep
|
|t:|1668268136
|switch|p1a: Zacian|Zacian-Crowned|100/100
|-ability|p1a: Zacian|Intrepid Sword|boost
|-boost|p1a: Zacian|atk|1
|turn|16
|
|t:|1668268140
|move|p2a: Calyrex|Leech Seed|p1a: Zacian
|-start|p1a: Zacian|move: Leech Seed
|move|p1a: Zacian|Behemoth Blade|p2a: Calyrex
|-end|p2a: Calyrex|Substitute
|
|-heal|p2a: Calyrex|92/100|[from] item: Leftovers
|-damage|p1a: Zacian|88/100|[from] Leech Seed|[of] p2a: Calyrex
|-heal|p2a: Calyrex|100/100|[silent]
|upkeep
|turn|17
|
|t:|1668268148
|switch|p1a: Ditto|Ditto|100/100 tox
|-transform|p1a: Ditto|p2a: Calyrex|[from] ability: Imposter
|move|p2a: Calyrex|Substitute|p2a: Calyrex
|-start|p2a: Calyrex|Substitute
|-damage|p2a: Calyrex|76/100
|
|-heal|p2a: Calyrex|82/100|[from] item: Leftovers
|-damage|p1a: Ditto|94/100 tox|[from] psn
|upkeep
|turn|18
|
|t:|1668268152
|move|p1a: Ditto|Astral Barrage|p2a: Calyrex
|-supereffective|p2a: Calyrex
|-end|p2a: Calyrex|Substitute
|move|p2a: Calyrex|Astral Barrage|p1a: Ditto
|-supereffective|p1a: Ditto
|-damage|p1a: Ditto|0 fnt
|faint|p1a: Ditto
|-ability|p2a: Calyrex|Grim Neigh|boost
|-boost|p2a: Calyrex|spa|1
|
|-heal|p2a: Calyrex|88/100|[from] item: Leftovers
|upkeep
|-message|Andrecidueye forfeited.
|
|win|Diancie_hhh
|raw|Andrecidueye's rating: 1677 &rarr; <strong>1662</strong><br />(-15 for losing)
|raw|Diancie_hhh's rating: 1759 &rarr; <strong>1774</strong><br />(+15 for winning)
|l|☆Andrecidueye
||Ladder isn't responding, score probably updated but might not have (Request timeout).
